3988 6194
398 295 504 351 διδ

1704 300 1761 357 S.
1803 301 2046 359 BASiLll
2087 301 2301 360 MAGNI

3547 310 3658 364 544

399 425 462 466 se
512 409 567 463 in
601 423 720 463 eam
775 418 984 480 partem
1034 413 1394 480 excitarunt,
1432 421 1490 469 ut
1531 431 1684 471 suam
1740 416 1984 488 ipsorum

2102 421 2280 475 γωνίαν
2313 461 2329 486 ,
2376 421 2536 493 ἡμῶν
2593 423 2686 476 καὶ
2738 422 2836 493 τῆς
2890 420 3216 492 Ἑκκλησίας
3265 420 3467 495 ταύτης
3505 463 3521 487 ,
3581 426 3658 491 ὡς

398 502 843 556 communionem
891 504 959 558 ad
1009 505 1332 561 Antbimum
1391 508 1766 575 transferant,
1818 509 1980 565 nobis

2102 511 2268 567 ἑώλων
2297 515 2376 576 είς
2406 513 2588 569 φιλίαν
2616 553 2632 578 ,
2665 515 3192 577 καταφρονήσαντες.

398 600 701 662 nostraque
731 593 999 661 Ecclesia,
1035 605 1094 651 ut
1125 599 1391 654 obsoletis
1415 600 1482 654 ad
1511 601 1809 657 amicitiam
1845 617 1980 658 con-

398 691 506 738 tem
514 684 642 754 ptis.

885 800 1224 856 EPISTULA
1260 803 1514 860 CXXIII'.

407 914 627 968 Dz‘orem
649 913 888 981 signiﬁcat
913 916 1109 968 Urbicio
1130 919 1259 983 quod
1279 920 1344 969 ad
1367 934 1418 971 se
1437 919 1741 972 tentationum
1761 920 1996 1034 ωδιαάῖαόιζ

935 1081 1148 1138 Urbicio
1183 1089 1460 1142 monacho.

473 1195 609 1252 Eras
633 1197 968 1255 adventurus
996 1201 1063 1255 ad
1091 1216 1193 1256 nos
1230 1204 1305 1272 (et
1353 1203 1408 1257 in
1441 1205 1690 1273 proximo
1729 1211 1850 1259 erat
1883 1203 1979 1256 bo.-

405 1290 568 1360 r-um)
602 1299 660 1344 ut
701 1308 803 1349 nos
851 1309 1070 1348 summo
1121 1295 1315 1349 saltem
1368 1295 1542 1366 digito
1589 1295 1980 1350 tentationibus

410 1390 704 1440 rstuantes
736 1384 1110 1456 refrigerares.
1163 1386 1307 1452 Quid
1353 1387 1595 1443 deinde?
1639 1386 1982 1444 Obstiterunt

405 1487 528 1527 'Jea
583 1483 840 1544 peccata,
885 1484 939 1530 et
992 1477 1250 1546 impetum
1305 1485 1721 1548 represserunt,
1773 1485 1833 1531 ut
1864 1478 1981 1533 sine

410 1563 520 1615 ulla
576 1563 786 1619 medela
838 1566 1171 1623 laboremus.
1221 1567 1690 1634 Quemadmodum
1745 1571 1891 1626 enim
1926 1573 1981 1624 in

409 1653 668 1710 fluctibus
696 1657 836 1711 alius
870 1658 1091 1726 quidem
1123 1658 1363 1724 desinit,
1397 1661 1539 1716 alius
1567 1677 1696 1717 vero
1723 1661 1979 1732 insurgit,

2600 771 2945 854 amare/in
2981 800 3154 855 er'.

1997 926 2180 971 mntem
2199 933 2294 971 non
2332 918 2530 971 venerit.
2555 921 2791 969 Hortatur
2815 925 2866 968 ut
2903 917 3059 969 veniat
3087 923 3171 968 aut
3207 916 3540 970 consolaturus
3576 923 3662 969 aut

1977 989 2189 1034 acturus.

2544 1084 2832 1155 Οὐρϐικίῳ
2861 1082 3193 1154 μονάζοντι.

2155 1196 2418 1267 Ἔμελλες
2441 1198 2572 1268 ἡμῖν
2602 1197 2934 1270 παρέσεσθαι
2960 1199 2980 1268 (
3003 1198 3096 1252 καὶ
3123 1198 3184 1252 τὸ
3215 1197 3418 1267 ἀγαθὸν
3455 1199 3626 1267 ἐγγὺς
3641 1241 3659 1270 ,

2084 1289 2238 1359 ἄκρῳ
2283 1286 2414 1356 γοῦν
2446 1289 2694 1360 δακτύλῳ
2735 1289 3040 1359 καταψύξαι
3067 1290 3178 1361 (39)
3220 1290 3367 1361 ἡμᾶς
3391 1331 3406 1354 ,
3453 1291 3512 1342 ὲν
3548 1291 3664 1352 τοῖς

2086 1388 2412 1460 πειρασμοῖς
2473 1382 2859 1452 φλεγομένους.
2921 1377 3055 1436 Εῐτα
3111 1381 3165 1436 τί
3196 1400 3211 1449 ;
3268 1381 3334 1433 Δί
3390 1380 3665 1452 ἁμαρτίαι

2087 1480 2244 1551 ἡμῶν
2299 1475 2606 1547 ἀντέϐησαν
2631 1512 2646 1536 ,
2685 1473 2781 1526 καὶ
2832 1471 3164 1527 διεκώλυσαν
3211 1472 3309 1544 τὴν
3345 1471 3553 1543 ὁρμὴν,
3594 1471 3664 1524 ἵν’

2087 1571 2434 1644 ἀθεράπευτα
2475 1568 2793 1638 κάμνωμεν.
2833 1567 3043 1639 Ὠσπερ
3072 1565 3181 1637 γὰρ
3223 1567 3280 1620 ὲν
3312 1569 3422 1630 τοῖς
3453 1565 3666 1636 κύμασι

2086 1663 2147 1716 τὸ
2191 1661 2288 1733 μὲν
2332 1659 2518 1730 λήγει,
2565 1657 2627 1710 τὸ
2664 1655 2721 1710 δὲ
2771 1656 3085 1719 ἀνίσταται,
3130 1655 3192 1708 τὸ
3244 1654 3302 1708 δὲ
3347 1655 3448 1726 ἤδη
3490 1654 3668 1728 φρίκῃ

409 1750 466 1796 et
509 1745 650 1800 alius
693 1746 922 1802 horrore
973 1749 1234 1819 nigrescit
1272 1769 1284 1805 :
1328 1752 1402 1804 ita
1449 1767 1670 1822 quoque
1714 1753 1983 1808 malorum

2102 1754 2399 1808 ιελαίνεται
2425 1768 2437 1782 ο
2473 1749 2615 1803 οὕτω
2643 1749 2739 1803 καὶ
2780 1747 2888 1802 τῶν
2919 1749 3204 1820 ἡμετέρων
3249 1748 3432 1802 κακῶν
3457 1748 3529 1801 τὰ
3565 1749 3666 1819 μὲν

411 1843 725 1889 nostrorum
777 1835 884 1889 alia
934 1852 1262 1902 cessavere,
1305 1838 1413 1892 alia
1468 1839 1759 1910 prmsentia
1814 1846 1982 1904 sunt,

411 1933 806 1994 exspectantur
835 1927 974 1993 alia,
1007 1943 1072 1982 ac
1106 1929 1332 1983 unicum
1378 1929 1644 1984 malorum
1703 1930 1894 1994 nobis,
1927 1938 1985 1984 ut

415 2014 748 2084 plurimum,
805 2019 1145 2082 remedium,
1205 2021 1437 2090 tempori
1489 2023 1728 2085 cedere,
1777 2037 1987 2092 nosque

413 2108 856 2174 persecutoribus
897 2109 1228 2166 subducere.
1282 2111 1353 2164 At
1414 2111 1529 2181 jam
1588 2112 1738 2168 adsis
1791 2113 1984 2175 nobis.

419 2204 516 2248 aut
546 2197 957 2267 consolaturus,
977 2208 1074 2254 aut
1104 2201 1335 2257 daturus
1357 2203 1672 2263 consilium,
1700 2213 1792 2256 aut
1821 2204 1987 2258 etiam

413 2286 788 2352 deducturus,
831 2304 895 2343 ac
931 2299 1084 2345 certe
1115 2290 1237 2360 ipso
1289 2299 1594 2360 conspectu
1643 2290 1885 2346 facturus
1929 2299 1989 2346 ut

417 2377 616 2433 melius
648 2393 735 2434 me
766 2379 1017 2435 habeam.
1052 2381 1116 2435 Et
1137 2382 1282 2451 quod
1311 2383 1608 2440 maximum
1639 2389 1743 2446 est,
1768 2397 1990 2452 precare

412 2469 577 2523 etiam
622 2477 788 2541 atque
827 2471 988 2526 etiam
1011 2511 1027 2537 ,
1065 2481 1126 2527 ut
1158 2474 1300 2528 ratio
1339 2482 1532 2530 nostra
1565 2489 1595 2528 a
1645 2473 1808 2546 214
1847 2475 1991 2530 malo

414 2569 470 2615 et
500 2576 532 2615 a
560 2560 728 2616 ﬂuctu
759 2578 870 2618 non
909 2565 1178 2619 obruatur
1207 2585 1219 2620 :
1269 2565 1365 2621 sed
1399 2567 1452 2620 in
1475 2565 1734 2621 omnibus
1775 2576 1989 2636 gratum

416 2649 529 2706 Deo
552 2651 798 2706 animum
842 2670 1149 2719 servemus,
1178 2671 1246 2710 ne
1275 2659 1418 2717 inter
1453 2657 1628 2712 malos
1660 2672 1850 2713 servos
1889 2674 1991 2711 nuo

417 2758 718 2806 meremur,
765 2745 1130 2802 benefacienti
1180 2747 1398 2818 quidem
1450 2751 1654 2820 gratias
1687 2749 1991 2820 rependen-

417 2842 521 2899 tes,
557 2837 853 2907 castiganti
889 2854 1016 2892 vero
1046 2855 1140 2909 per
1189 2841 1416 2896 adversa
1439 2884 1453 2906 ,
1490 2857 1697 2896 morem
1745 2857 1852 2896 non
1900 2859 1994 2914 ge-
2026 2842 2035 2852 '

419 2935 640 2995 rentes;
671 2929 766 2984 sed
794 2931 978 2999 potius
1012 2947 1079 2986 ex
1118 2931 1258 3002 ipsis
1285 2933 1546 2988 aerumnis
1576 2933 1865 2988 utilitatem
1901 2951 1992 2989 ca-

2085 1847 2392 1910 πέπαυται,
2426 1843 2496 1897 τὰ
2534 1842 2592 1896 δὲ
2636 1843 2904 1915 πάρεστι,
2941 1841 3010 1894 τὰ
3041 1841 3098 1894 δὲ
3138 1841 3537 1912 προσδοκᾶται·
3569 1840 3666 1894 καὶ

2089 1937 2186 2010 μία
2235 1936 2346 1991 τῶν
2393 1934 2579 1990 κακῶν
2610 1936 2744 2006 ἡμῖν
2771 1973 2786 1998 ,
2815 1933 2892 1997 ώς
2923 1933 3018 1985 ἐπὶ
3068 1933 3126 1986 τὸ
3158 1933 3405 1987 πλεῖστον
3428 1971 3445 1996 ,
3490 1930 3669 1985 άπαλο

2085 2025 2226 2098 λαγὴ
2246 2065 2261 2090 ,
2296 2021 2436 2092 εἶξαι
2489 2023 2567 2096 τῷ
2619 2022 2798 2095 καιρῷ
2825 2025 2918 2078 καὶ
2944 2021 3258 2088 ὑπεξελθεῖν
3287 2025 3399 2087 τοῖς
3440 2021 3670 2076 διώκου-

2089 2136 2192 2173 σιν.
2253 2119 2411 2174 Ἀλλὰ
2437 2120 2532 2171 καὶ
2578 2118 2784 2189 πάρεσο
2825 2119 2955 2187 ἡμῖν
2981 2116 3094 2186 (40)
3119 2156 3134 2182 ,
3165 2117 3198 2188 ἢ
3234 2114 3669 2188 παραμυθούμε-

2087 2229 2176 2274 νος
2199 2252 2214 2277 ,
2247 2211 2280 2282 ἦ
2315 2211 2410 2264 καὶ
2438 2208 2663 2280 γνώμην
2694 2208 2912 2272 δώσων,
2947 2209 2981 2279 ἢ
3013 2209 3109 2262 καὶ
3151 2208 3490 2279 προπέμψων
3522 2207 3663 2278 (ωε

2089 2303 2306 2365 πάντως
2332 2301 2389 2354 δὲ
2420 2299 2568 2376 αὑτῷ
2598 2299 2676 2371 τῷ
2715 2299 2943 2370 ὀφθῆναι
2978 2300 3141 2371 ῥᾴους
3166 2299 3427 2368 ποιήσων.
3465 2297 3579 2350 Καὶ
3607 2296 3670 2350 τὸ

2093 2393 2344 2465 μέγιστον
2367 2431 2381 2456 ,
2409 2389 2568 2462 εὔχου
2593 2429 2609 2454 ,
2657 2390 2752 2444 καὶ
2796 2388 3098 2462 ὑπερεύχω
3118 2428 3134 2453 ,
3187 2389 3260 2460 μὴ
3291 2389 3386 2442 καὶ
3427 2391 3555 2452 τοὺς
3581 2388 3671 2441 λο-

2088 2484 2319 2555 γισμοὺς
2375 2481 2533 2554 ὴμῶν
2605 2480 2966 2552 βαπτισθῆναι
3025 2480 3131 2534 ὑπὸ
3186 2479 3280 2533 τοῦ
3345 2481 3517 2534 κακοῦ
3573 2479 3672 2532 καὶ

2088 2575 2184 2629 τοῦ
2227 2575 2338 2647 (42)
2393 2573 2694 2636 κλύδωνος·
2735 2573 2849 2628 ἀλλ’
2883 2574 2942 2626 ὲν
2997 2575 3131 2628 πᾶσι
3162 2571 3543 2641 διαφυλάσσειν
3591 2569 3671 2640 τῷ

2091 2669 2210 2740 Θεῷ
2253 2669 2316 2722 τὸ
2347 2668 2665 2740 εὐχάριστον
2689 2708 2702 2732 ,
2743 2669 2829 2725 ἵνα
2863 2667 2938 2739 μὴ
2978 2667 3037 2724 ὲν
3083 2669 3196 2730 τοῖς
3237 2669 3426 2730 κακοῖς
3465 2665 3671 2727 δούλοις

2092 2758 2485 2829 ἀριθμηθῶμεν
2505 2798 2520 2822 ,
2549 2757 2872 2826 ἁγαθύνοντι
2900 2757 2998 2827 μὲν
3023 2755 3525 2827 ἐξομολογούμενοι,
3550 2771 3672 2808 παι·
3757 2742 3760 2745 ’

2092 2849 2299 2903 δεύοντι
2331 2849 2387 2902 δὲ
2419 2847 2505 2901 διὰ
2531 2848 2636 2901 τῶν
2658 2848 2915 2900 ἐναντίων
2952 2847 3025 2918 μὴ
3059 2846 3474 2918 προστιθέμενοι
3495 2861 3507 2874 ⁸
3534 2845 3671 2899 ἀλλὰ

2094 2943 2189 2995 καὶ
2236 2942 2305 2994 δι’
2353 2940 2533 2995 αὐτῶν
2565 2939 2672 2992 τῶν
2720 2938 2994 3009 δυσχερῶν
3043 2937 3417 3008 ώφελώμεθα,
3470 2937 3674 3007 μᾶλλον

419 3015 654 3083 piamus,
690 3027 800 3071 tum
826 3021 1059 3076 maxime
1081 3019 1132 3076 ei
1167 3021 1455 3077 credentes
1477 3063 1492 3080 .
1523 3038 1646 3077 cum
1676 3039 1741 3078 eo
1769 3025 1992 3097 indige—

2102 3033 2241 3104 αὐτῷ
2273 3033 2650 3097 πιστεύοντες,
2688 3032 2777 3085 ὅτε
2821 3031 2914 3084 καὶ
2959 3029 3158 3100 μᾶλλον
3193 3029 3490 3103 χρῄζομεν.

419 3120 544 3162 nius
567 3108 826 3164 maxime.

879 3225 1218 3282 EPISTOLA
1253 3229 1533 3286 CXXIV".

2638 3231 2982 3285 ΕΠΙΣΤΟΛΗ
3018 3229 3191 3286 ΡΚΔ’.

423 3333 675 3400 Signiﬁcat
699 3349 837 3386 suum
860 3335 1126 3387 amicorum
1165 3337 1491 3402 desiderium,
1531 3341 1701 3405 quibus
1740 3357 1850 3394 cum
1894 3343 2242 3455 cagrgt‘inter
2262 3355 2531 3404 aerumnas,
2572 3339 2715 3392 vitam
2753 3339 2846 3391 sibi
2887 3352 3088 3404 prorsus
3131 3335 3443 3404 injucunda":
3483 3339 3675 3392 trahere

1914 3419 1960 3455 vi
1997 3422 2024 3455 e
2055 3421 2084 3455 a
2107 3419 2183 3455 ur.

1914 3419 2166 3457 vtaeoatur
2172 3443 2183 3454 .

1067 3481 1360 3538 Theodoro.

496 3591 695 3646 Dicunt
743 3593 997 3647 nonnulli
1056 3610 1153 3649 eos
1201 3597 1296 3666 qui
1353 3600 1558 3655 amoris
1610 3601 1801 3656 morbo
1857 3609 1998 3672 capti

427 3693 589 3747 sunt,
619 3700 745 3739 cum
776 3688 1016 3740 violenta
1063 3690 1300 3758 quadam
1344 3694 1672 3749 necessitate
1707 3695 1774 3748 ab
1801 3697 1998 3751 amatis

425 3776 784 3840 o’irelluntur,
813 3777 859 3832 si
885 3779 942 3832 in
965 3777 1178 3834 dilectae
1210 3781 1398 3836 forma:
1430 3784 1722 3854 imaginem
1748 3785 2001 3840 intuean-

429 3874 542 3930 tur,
574 3869 751 3922 morbi
801 3869 1202 3925 vehementiam
1259 3875 1440 3929 oculis
1487 3875 1818 3944 perfruendo
1843 3892 1994 3931 com-

429 3973 666 4028 pescere.
706 3958 901 4015 Utrum
945 3971 1125 4016 autem
1162 3963 1276 4018 haec
1314 3982 1442 4020 vera
1483 3968 1626 4033 sint,
1659 3984 1865 4031 necne,
1911 3970 1998 4023 di-

427 4065 551 4106 cere
601 4068 711 4107 non
748 4070 930 4122 queo:
968 4056 1066 4110 sed
1098 4057 1246 4126 quod
1290 4058 1423 4112 mihi
1470 4075 1596 4130 erga
1631 4067 1778 4114 tuam
1816 4062 2000 4130 probi-

428 4149 599 4197 tatem
651 4145 892 4210 accidit,
930 4147 1000 4202 ab
1053 4147 1137 4203 his
1165 4163 1274 4203 non
1323 4149 1488 4220 longe
1517 4151 1692 4206 abest.
1728 4150 1998 4216 Quoniam

429 4236 576 4292 enim
604 4237 786 4292 evenit
819 4238 952 4292 mihi
985 4238 1203 4294 aﬂ'ectio
1227 4242 1474 4310 quaedam
1508 4240 1563 4296 in
1603 4257 1815 4297 sacram
1849 4250 1999 4296 tuam

431 4339 498 4380 ac
544 4325 656 4380 doli
687 4336 960 4396 expertem
994 4331 1257 4394 animam,
1287 4337 1348 4384 ut
1383 4330 1456 4384 ita
1485 4331 1688 4397 dicam,
1712 4332 1998 4394 amatoria,

432 4416 760 4474 desideratis
787 4428 969 4474 autem
1003 4420 1217 4476 fruendi
1253 4422 1412 4491 copia
1441 4438 1550 4476 non
1597 4431 1714 4486 est,
1742 4425 2004 4494 quemad-
2036 4402 2078 4457 θ

431 4509 656 4566 modum
718 4525 900 4580 neque
964 4513 1078 4566 ullo
1129 4513 1237 4568 alio
1293 4514 1476 4578 bono,
1528 4515 1600 4569 ob
1659 4523 2005 4584 peccatorum

435 4609 684 4658 meorum
737 4603 1231 4674 impedimentum,
1264 4607 1396 4660 mihi
1454 4607 1607 4662 visus
1645 4623 1766 4662 sum
1809 4607 2005 4677 imagi-

433 4708 560 4748 nem
593 4693 859 4749 bonitatis
886 4701 994 4748 tuze
1025 4694 1507 4766 expressissimam
1551 4697 1606 4750 in
1654 4697 2006 4767 religiosissi—

435 4798 649 4837 morum
702 4783 933 4838 fratrum
988 4793 1307 4840 nostrorum
1356 4787 1644 4856 praesentia
1693 4788 1894 4842 videre.
1931 4786 2009 4840 Ac

438 4872 569 4926 mihi
603 4872 651 4929 si
677 4874 1004 4944 contigisset
1032 4890 1158 4929 eum
1189 4883 1280 4930 tua
1312 4878 1650 4947 ingenuitate
1671 4878 1877 4949 absque
1901 4878 2008 4934 illis

511 5029 525 5100 ξ
564 5025 714 5100 Alias
743 5027 1318 5100 CCCXLlii._Scripta
1360 5046 1503 5084 anno
1528 5031 1649 5085 575.

513 5097 740 5169 ‘_‘_‘_Alias
767 5098 1134 5169 (lCL‘XXVilI.
1166 5097 1556 5169 Sdriptaanno
1589 5101 1711 5156 375.

512 5163 622 5242 (11,9)
651 5170 1020 5242 Kazayué’at.
1055 5168 1130 5242 Ita
1162 5163 1343 5242 Δ[ξω-[η
1387 5171 1550 5236 Med.,
1583 5171 1753 5228 Coisl.
1801 5171 2011 5242 primus

445 5243 496 5288 et
523 5235 762 5309 βίοι-ωτι.
789 5235 929 5309 Eiliti
964 5239 1308 5309 καταψύξων.

514 5305 627 5381 (ρο)
685 5307 868 5381 21.9w
890 5311 987 5381 καὶ
1020 5305 1247 5381 adlaer
1280 5311 1440 5381 ἡμῖν.
1475 5309 1551 5364 Ita
1573 5320 1820 5381 quatuor
1849 5312 2011 5367 iidem

447 5376 863 5453 εοςίξίξςξεςζιῑιιὶιίΔ
899 5379 1059 5453 Ἀλλὰ
1088 5376 1182 5453 καὶ
1209 5376 1342 5451 ἡμῖν
1365 5378 1467 5453 ἦκε
1501 5376 1671 5452 μόλις.

449 5445 1063 5570 Γέέἓὶὲνηροπέμψων.
1095 5451 1175 5506 Ita
1205 5445 1340 5509 uisa.
1366 5445 1631 5524 plerique.
1671 5450 1814 5507 Editi
1853 5470 2014 5524 προσ-

543 5585 858 5660 ιΞλΚᾳκοῦ
892 5590 994 5660 καί
1023 5590 1149 5645 τοῦ.
1195 5590 1446 5660 Quinque
1482 5608 1618 5650 mss.
1666 5607 1772 5646 non
1832 5601 2011 5652 tamen

447 5656 800 5712 vetustissimi
828 5659 994 5712 κακοῦ
1027 5660 1310 5728 κλύδωνος,
1345 5656 1377 5715 ἁ
1404 5662 1544 5722 malo
1581 5663 1760 5716 fluctu.

2664 3485 2938 3553 Θεοδώρῳ
2973 3484 3108 3556 (45).

2173 3597 2405 3666 Λέγουσι
2431 3615 2574 3660 τινες
2610 3597 2736 3659 τοὺς
2767 3595 3074 3659 ἑαλωκότας
3106 3593 3185 3664 τῷ
3216 3594 3378 3648 πάθει
3413 3595 3509 3649 τοῦ
3542 3597 3676 3674 ἔρω-

2103 3706 2220 3754 τος,
2250 3691 2375 3742 ὅταν
2403 3689 2543 3742 κατά
2571 3705 2693 3740 τινα
2724 3687 3031 3758 βιαιοτέραν
3061 3687 3303 3758 ἀνάγκην
3336 3687 3443 3740 τῶν
3482 3687 3677 3741 ποθου-

2109 3781 2283 3851 μένων
2316 3781 2634 3848 ἀπάγωνται
2660 3821 2675 3842 ,
2711 3783 2760 3833 εί
2806 3780 2941 3851 πρὸς
2965 3779 3064 3848 τὴν
3091 3778 3275 3831 εἰκόνα
3309 3778 3409 3850 τῆς
3453 3780 3674 3850 ἀγαπηο

2106 3869 2289 3940 θείσης
2321 3870 2532 3942 μορφῆς
2570 3869 2934 3938 ἀποϐλέψειαν
2958 3909 2974 3934 ,
3011 3869 3072 3921 τὸ
3118 3866 3347 3940 σφοδρὸν
3374 3870 3682 3923 ἀναπαύειν

2102 3961 2195 4013 τοῦ
2247 3961 2451 4023 πάθους
2497 3959 2584 4013 διὰ
2633 3963 2730 4031 τῆς
2763 3961 2822 4014 ὲν
2868 3959 3163 4030 ὀφθαλμοῖς
3199 3959 3572 4024 ἀπολαύσεως.
3613 3962 3676 4014 Et

2108 4055 2204 4124 μὲν
2231 4049 2322 4107 οὖν
2366 4053 2542 4124 ἀληθῆ
2583 4053 2754 4106 ταῦτα
2781 4093 2795 4117 ,
2823 4052 2855 4124 ἢ
2893 4053 2966 4125 μὴ
2993 4053 3101 4124 (id)
3129 4093 3144 4117 ,
3183 4053 3361 4121 λέγειν
3407 4055 3508 4107 οὐκ
3533 4054 3674 4125 έχωει

2102 4143 2132 4196 ὃ
2181 4145 2238 4198 δέ
2276 4162 2364 4217 μοι
2414 4145 2548 4215 πρὸς
2577 4145 2676 4215 τὴν
2720 4145 2817 4216 σὴν
2855 4144 3199 4216 συμϐέϐηκεν
3235 4146 3579 4215 ἀγαθότητα,
3611 4146 3674 4199 οὐ

2105 4236 2294 4308 πόρρω
2333 4236 2439 4289 τῶν
2477 4237 2781 4307 εἰρημένων
2829 4236 2996 4289 ἐστίν.
3058 4236 3274 4308 Ἐπειδὴ
3323 4238 3432 4308 γάρ
3483 4237 3677 4306 γέγονέ

2105 4343 2188 4390 τις
2224 4327 2462 4390 διάθεσις
2517 4327 2642 4396 ἐμοὶ
2689 4327 2822 4396 πρὸς
2873 4326 2971 4396 τὴν
3025 4325 3174 4396 ἱερὰν
3220 4328 3313 4380 καὶ
3349 4327 3534 4380 ἄδολόν
3582 4345 3678 4381 σου

2105 4416 2281 4488 ψυχὴν
2305 4458 2320 4481 ,
2351 4418 2417 4471 ἵν’
2445 4417 2617 4480 οὕτως
2659 4417 2799 4470 εἴπω
2823 4457 2837 4480 ,
2885 4417 3119 4489 ἐρωτικὴ
3139 4460 3153 4484 ,
3183 4417 3245 4470 τὸ
3291 4419 3349 4472 δὲ
3386 4418 3680 4473 ἀπολαύειν

2107 4509 2217 4561 τῶν
2245 4509 2618 4580 ποθουμένων,
2660 4510 2734 4572 ὡς
2774 4510 2894 4562 οὐδὲ
2929 4509 3056 4562 ἄλλο
3087 4527 3140 4561 τι
3180 4509 3288 4563 τῶν
3325 4509 3546 4578 ἀγαθῶν
3570 4551 3584 4574 ,
3621 4512 3680 4563 ὲν

2109 4601 2325 4672 εὐκολίᾳ
2377 4603 2507 4671 ἡμῖν
2545 4603 2657 4654 ἐστι
2691 4601 2780 4654 διὰ
2824 4601 2922 4672 τὴν
2965 4603 3028 4654 ὲκ
3058 4600 3165 4653 τῶν
3214 4601 3497 4670 ἁμαρτιῶν
3529 4603 3680 4654 ἐναν-

2107 4693 2330 4746 τίωσιν·
2368 4694 2589 4763 ἐνόμισα
2637 4694 2820 4746 εἰκόνα
2866 4694 2964 4764 τῆς
3013 4693 3347 4763 ἀγαθὸτητός
3395 4711 3487 4746 σου
3521 4695 3678 4765 ἐναρ-

2109 4783 2376 4854 γεστάτην
2415 4787 2474 4837 ὲν
2511 4787 2575 4854 τῇ
2621 4784 2729 4837 τῶν
2777 4783 3182 4837 εὑλαϐεστάτων
3228 4783 3382 4854 ἡμῶν
3432 4785 3678 4852 ἀδελφῶν

2111 4875 2382 4946 παρουσίᾳ
2407 4875 2728 4947 ἑωρακέναι.
2757 4875 2869 4929 Καὶ
2897 4877 2944 4927 εἰ
2971 4875 3092 4944 δίχα
3121 4875 3322 4927 τούτων
3347 4874 3543 4946 συνέϐη
3567 4875 3680 4945 (45)

2184 5033 2295 5101 (45)
2329 5030 2622 5100 Θεοδόῳῳ.
2676 5031 2850 5092 Editi.
2901 5029 3031 5099 Reg.
3084 5032 3359 5101 secundus
3403 5036 3458 5084 et
3507 5029 3677 5086 Coisl.

2113 5099 2386 5158 secundus
2413 5099 2617 5155 addunt
2651 5102 2982 5171 ἀσπαστική,
3013 5099 3357 5171 ουοάίάεεδι
3389 5101 3442 5154 in
3470 5102 3679 5171 codici-

2113 5174 2215 5254 bus
2268 5173 2432 5234 Med,
2478 5171 2646 5226 Coisl.
2703 5173 2901 5242 primo,
2949 5169 3106 5236 'V'at.,
3161 5170 3399 5225 Clarom.
3439 5180 3486 5226 et
3544 5169 3678 5242 Reg.

2344 5313 2435 5400 Ἢ,
2442 5311 2548 5381 μή.
2584 5311 2659 5364 Ita
2689 5311 2857 5367 Coisl.
2878 5310 3089 5382 primus
3119 5325 3243 5366 cum
3271 5310 3394 5366 aliis
3423 5319 3678 5380 quatuor.

2115 5382 2574 5522 Ed(lill5)n'2i::e6n.
2594 5449 2747 5505 Hanc
2770 5466 2963 5522 vocem
2990 5449 3300 5522 addidimus
3329 5466 3395 5506 ex
3429 5467 3518 5506 sex
3545 5467 3683 5505 mss.

2115 5519 2320 5593 Ibidem
2351 5521 2484 5593 editi
2515 5522 2693 5593 Kaiet
2714 5521 2842 5593 γάρ.
2875 5519 3380 5593 Nonnullicodices
3409 5537 3540 5576 mss.
3575 5522 3686 5593 Ka‘.

2114 5591 2226 5663 γὰρ
2257 5595 2325 5645 εἰ.
2373 5591 2560 5648 Melius
2593 5588 2760 5648 Coisl.
2791 5588 3024 5663 'priruus
3051 5599 3103 5646 et
3135 5588 3297 5656 Med,
3331 5605 3470 5660 quos
3509 5590 3685 5646 secuti

2118 5677 2330 5720 sumus.
