3988 6194
344 378 455 435 545

1249 376 1742 438 EPISTOLARUM
1780 377 2070 434 CLASSIS
2107 377 2172 433 Il.
2215 375 2432 434 EPIST.
2474 373 2695 433 CXXV.

3496 385 3606 438 546

342 492 418 560 τῇ
449 489 515 559 σῇ
552 504 618 558 με
658 488 970 558 περιτυχεῖν
1003 488 1322 560 γνησιότητι
1345 530 1360 553 ,
1401 489 1736 560 ἐλογισάμην
1770 489 1835 542 ἂν
1867 489 1923 540 ἐν

2033 489 2321 556 congredi,
2361 489 2512 544 visus
2543 502 2722 544 essem
2767 487 2902 542 mihi
2951 497 3006 543 et
3041 489 3169 546 illos
3200 507 3255 545 tu
3288 500 3339 546 te
3380 495 3615 562 conspi-_

345 577 436 630 σοὶ
464 575 749 640 κάκείνους
784 577 1084 648 ἑωρακέναι
1105 595 1118 607 ·
1166 579 1299 633 διότι
1339 581 1438 650 τῆς
1480 582 1731 651 ἀγάπης,
1759 579 1924 647 λέγω,

340 667 600 722 τοσοῦτον
654 669 713 721 ἐν
769 668 984 740 ἑκάστῳ
1043 669 1197 740 ὑμῶν
1253 672 1316 724 τὸ
1373 671 1573 743 μέτρον
1626 672 1772 725 ἐστὶν
1796 712 1810 735 ,
1852 672 1926 734 ώς

342 761 545 830 ἐπίσης
591 759 690 830 τὴν
732 760 861 831 περὶ
905 759 998 814 τοῦ
1055 761 1300 826 πλείονος
1345 763 1560 833 ἑκάστῳ
1598 763 1926 833 φιλονεικίαν

342 853 727 924 ἐμφαίνεσθαι.
792 853 915 906 Ἐπὶ
966 853 1180 916 τούτοις
1229 855 1610 927 ηὐχαρίστησα
1664 855 1742 925 τῷ
1787 856 1928 925 ἀγίῳ

342 943 466 1013 Θεῷ
484 983 498 1005 ,
529 944 623 996 καὶ
655 941 886 1014 εὑχομαι
911 982 927 1006 ,
956 942 1115 1012 εἴπερ
1145 942 1227 996 ἐτι
1257 943 1605 997 ὑπολείπεταί
1630 960 1712 1006 τις
1738 942 1927 1014 χρόνος

343 1032 494 1105 ζωῆς
519 1073 534 1098 ,
573 1033 829 1102 γενέσθαι
861 1051 950 1105 μοι
998 1034 1085 1088 διὰ
1127 1035 1222 1088 σοῦ
1276 1036 1376 1106 τὴν
1417 1035 1562 1106 ζωὴν
1595 1036 1776 1107 ἡδεῖαν
1802 1073 1816 1097 ,
1851 1030 1927 1098 ώς

341 1126 408 1180 τό
441 1143 504 1194 γε
536 1126 634 1180 νῦν
674 1126 858 1180 ἄθλιον
891 1129 1124 1199 πρᾶγμα
1176 1127 1238 1180 τὸ
1264 1126 1362 1198 ζῇν
1410 1129 1504 1181 καὶ
1557 1125 1786 1196 φευκτὸν
1814 1126 1926 1196 ('46)

343 1215 486 1274 εἷναι
536 1219 808 1290 ἠγοῦμαι,
849 1220 948 1290 τῆς
984 1219 1092 1274 τῶν
1137 1219 1406 1288 φιλτάτων
1446 1221 1727 1283 συνουσίας
1756 1237 1929 1289 κεχω-

346 1313 604 1383 ρισμένον
627 1312 761 1384 (47).
797 1313 871 1366 Οὐ
913 1312 1025 1384 γάρ
1058 1314 1176 1366 ἐστι
1200 1351 1216 1376 ,
1251 1313 1390 1366 κατά
1424 1312 1524 1384 τὴν
1559 1313 1696 1382 ἐμὴν
1727 1313 1924 1382 κρίσιν,

341 1404 430 1472 ἐφ’
549 1421 634 1468 τις
678 1402 744 1457 ἂν
781 1402 1108 1475 εὑθυμήσειε
1135 1441 1151 1468 ,
1191 1403 1300 1456 τῶν
1347 1402 1563 1473 ἀληθῶς
1594 1403 1926 1472 ἀγαπώντων

341 1477 746 1566 διεζευγμένος.

870 1607 1216 1661 ΕΠΙΣΤΟΛΗ
1254 1609 1346 1662 PK
1355 1609 1431 1661 E'.

2029 595 2188 646 cere;
2232 580 2666 650 proptereaquod
2729 579 3045 636 dilectionis
3103 582 3300 638 modus
3351 584 3405 638 in
3464 600 3605 638 uno-

2027 687 2247 742 quoque
2279 681 2523 726 vestrum
2555 680 2743 728 tantus
2775 680 2891 736 est,
2924 682 2983 726 ut
3026 688 3181 742 aeque
3223 674 3460 744 quisque
3511 692 3608 730 su-

2027 763 2259 833 perandi
2300 763 2544 818 studium
2576 778 2687 833 pra:
2735 779 2795 818 se
2825 763 2986 817 ferat.
3016 761 3236 818 Gratias
3265 765 3334 820 de
3380 765 3451 820 iis
3494 765 3606 822 Deo

2029 861 2221 910 sancto
2258 854 2378 924 egi;
2436 869 2741 924 precorque
2793 861 2892 919 ut,
2944 854 2992 908 si
3030 854 3177 924 quod
3228 854 3407 910 adhuc
3464 865 3606 911 tem-

2035 960 2138 1014 pus
2186 944 2252 998 ad
2302 944 2599 998 vivendum
2653 946 2928 1014 supersit,
2978 943 3074 997 ﬁat
3105 943 3238 998 mihi
3291 955 3473 1016 perte
3498 949 3612 1002 vita

2029 1039 2317 1108 jucunda:
2352 1039 2812 1109 quemadmodum
2865 1056 3014 1096 nunc
3066 1041 3288 1112 quidem
3347 1043 3608 1101 miseram

2033 1145 2148 1184 rem
2182 1145 2303 1184 esse
2333 1131 2498 1183 vitam
2524 1144 2587 1183 ac
2609 1129 2918 1200 fugiendam
2951 1133 3231 1199 existimo,
3275 1149 3303 1188 a
3346 1135 3610 1190 charissi-

2034 1237 2248 1277 morum
2292 1223 2688 1278 consuetudine
2739 1232 3071 1292 separatam.
3129 1226 3249 1282 Non
3289 1234 3374 1283 est
3425 1229 3608 1294 enim,

2035 1330 2153 1369 mea
2179 1314 2453 1370 sententia
2471 1354 2485 1378 ,
2516 1315 2571 1369 in
2594 1329 2702 1386 quo
2737 1315 2863 1384 quis
2888 1316 3032 1370 bono
3055 1317 3240 1372 animo
3265 1333 3390 1374 esse
3412 1321 3607 1390 possit,

2033 1407 2082 1462 si
2110 1406 2179 1461 ab
2217 1407 2308 1470 iis,
2346 1405 2441 1476 qui
2471 1422 2595 1462 vere
2624 1406 2897 1477 diligunt,
2930 1408 3302 1480 disjungatur.

2531 1607 2864 1665 EPISTOLA
2901 1609 3138 1664 CXXV'.

343 1720 664 1794 Redeuntibus
684 1722 748 1794 ad
771 1719 1119 1794 ueritatemlaut
1140 1719 1374 1794 suspectis
1398 1721 1599 1794 Nirtpna
1625 1718 2154 1794 ﬁdesprmscrilienda.
2194 1722 2453 1794 iterandum
2491 1735 2662 1794 sanam
2691 1721 3140 1794 interpretationem.
3192 1724 3235 1790 ly
3239 1734 3320 1770 am
3353 1721 3612 1794 Marcellus

405 1784 828 1848 eonsubstantiali,
847 1789 892 1832 et
910 1782 1110 1848 quidam
1133 1796 1163 1830 a
1185 1781 1399 1848 satiettio
1423 1782 1519 1848 orti
1543 1781 1919 1848 ltigeocib'usex
1944 1785 2038 1831 alia
2067 1786 2285 1848 essentia
2312 1786 2398 1848 vel
2415 1786 2664 1848 hypqstasi
2689 1781 2826 1848 abusi
2862 1792 2970 1848 sunt
2985 1781 3240 1848 ,_qumnv_is
3263 1782 3476 1848 synodus
3494 1844 3502 1848 Α
3517 1795 3610 1848 non

405 1845 539 1915 idem
559 1858 678 1915 esse.
702 1844 870 1915 doceat
905 1842 1158 1915 esset-{tiam
1181 1851 1225 1893 et
1251 1843 1561 1914 Ity/postasim.
1589 1845 1737 1894 Fides
1784 1842 1989 1915 [yiccena
2029 1845 2225 1915 totidem
2259 1842 2708 1915 Δςιννίήεριῖιείἐι·ιιιν;
2731 1846 2816 1915 sed
2840 1845 2955 1915 quia
2981 1842 3043 1896 de
3061 1844 3252 1915 Spiritu
3273 1842 3436 1915 saneto
3457 1844 3610 1915 obiter

403 1913 588 1955 uratum
611 1904 678 1954 ibi
700 1912 856 1954 actum
880 1911 965 1960 est,
991 1903 1112 1954 illud
1152 1903 1568 1955 nuac'necessario
1592 1905 2030 1966 pi'wscribendum.
2071 1913 2122 1953 ut
2154 1903 2741 2014 (iniit/tentatizeiilur,l'gui
2765 1903 3005 1968 Spiritum
3027 1903 3300 1956 creaturam
3341 1904 3506 1954 dicunt
3527 1909 3614 1954 aut

403 1966 631 2014 sentiunt.
653 1973 733 2014 aut
759 1973 930 2014 natura
949 1973 1164 2014 sanctum
1196 1980 1299 2014 esse
1325 1981 1418 2014 non
1441 1966 1735 2014 conﬁtentur.
1764 1966 2123 2014 Gloriﬂcandus
2147 1973 2216 2014 est
2240 1980 2350 2014 cum
2391 1969 2540 2014 Patre
2561 1975 2604 2014 et
2631 2011 2634 2013 λ
2677 1967 2760 2014 ilio
2785 1979 2801 2014 :
2823 1974 2868 2014 et
2898 1969 2958 2014 ab
2989 1980 3156 2014 eorum
3178 1967 3504 2014 communione
3530 1980 3614 2014 re-

2631 1981 2690 2016 Al"!

403 1966 631 2024 sentitmt,
653 1973 733 2015 aut
759 1973 930 2030 natura
949 1973 1164 2030 sanctum
1196 1980 1299 2015 esse
1325 1981 1418 2016 non
1441 1966 1735 2030 conﬁteatur.
1764 1966 2123 2030 Gloriﬂcandus
2147 1973 2216 2030 est
2240 1980 2350 2015 cum
2391 1969 2540 2017 Patre
2561 1975 2604 2030 et

2695 1967 2760 2016 lio
2785 1967 2868 2017 :et
2898 1969 2958 2016 ab
2989 1980 3156 2018 eorum
3178 1967 3504 2017 communione
3530 1980 3614 2017 re-

402 2030 689 2096 cedendum,
713 2025 796 2090 qui
817 2026 956 2096 illum
979 2025 1451 2096 dicuntocreatm'ant.
1487 2025 1699 2096 Additur
1728 2025 1962 2096 adversus
1999 2027 2362 2096 calumniantes.
2382 2041 2477 2096 get;
2501 2027 2901 2096 genitumﬁiltum,
2927 2042 3012 2078 nec
3038 2027 3299 2095 ingenitum
3339 2027 3456 2077 dici.
3481 2032 3612 2079 Ana-

403 2088 774 2141 thematizantur
795 2088 878 2152 qui
901 2102 1009 2138 eum
1032 2088 1508 2138 administratorium
1531 2088 1695 2139 dicunt
1716 2096 1798 2138 aut
1827 2088 1959 2139 Filio
1980 2095 2282 2154 pra'ponunt,
2309 2098 2352 2139 et
2375 2088 2558 2138 Filium
2581 2089 2740 2138 Patri.

351 2191 737 2264 Ἄντίπραερον
768 2194 1032 2264 Πίστεως
1077 2197 1590 2264 ῠπαγρρευθείσης
1631 2197 1789 2264 παρὰ
1827 2196 1923 2250 τοί

2038 2195 2326 2263 Exemplar
2355 2197 2478 2264 ﬁdei
2533 2213 2564 2249 a
2617 2197 2958 2251 sanctissimo
3004 2196 3209 2251 Basilio
3247 2199 3390 2251 dicta
3407 2215 3492 2258 ω,
3525 2200 3612 2255 cui

413 2263 750 2338 drtium’tzou
770 2263 1224 2338 (48)Βασι.λείου,
1310 2267 1660 2335 ὑπέγραψεν
1683 2263 1920 2321 Εὐστά-

413 2335 542 2402 θιος
573 2339 604 2389 ὀ
637 2335 997 2400 Σεϐαστείας
1029 2335 1386 2403 ἐπίσκοπος.

414 2449 468 2503 1.
510 2447 651 2511 Τοὺς
687 2447 721 2518 ἢ
753 2446 1166 2518 προληφθέντας
1202 2448 1366 2520 ἐτέρᾳ
1396 2449 1628 2513 πίστεως
1665 2448 1924 2520 ὁμολογίᾳ

342 2542 440 2596 καὶ
487 2537 870 2611 μετατίθεσθαι
921 2537 1058 2607 πρὸς
1095 2539 1194 2610 τὴν
1239 2539 1349 2593 τῶν
1401 2539 1575 2610 ὀρθῶν
1629 2541 1924 2610 συνάφειαν

345 2628 725 2701 βουλομένους,
758 2627 790 2698 ἢ
820 2626 915 2681 καὶ
937 2626 1032 2680 νῦν
1071 2627 1287 2698 πρῶτον
1320 2630 1378 2681 ἐν
1405 2630 1471 2698 τῇ
1500 2629 1805 2698 κατηχήσει
1829 2629 1923 2682 τοῦ

341 2724 504 2791 λόγου
533 2721 634 2790 τῆς
658 2719 910 2790 ἀληθείας
935 2718 1334 2790 ἐπιθυμοῦντας
1370 2721 1646 2786 γενέσθαι,
1675 2719 1923 2773 δτδάσκε-

345 2812 468 2865 σθαι
496 2811 604 2881 χρὴ
625 2808 720 2880 τὴν
743 2808 849 2862 ὑπὸ
869 2808 978 2860 τῶν
1010 2809 1294 2880 μακαρίων
1320 2811 1578 2881 Πατέρων
1601 2811 1658 2862 ἐν
1682 2812 1748 2881 τῇ
1784 2810 1926 2864 κατά

344 2903 581 2955 Νίκαιάν
649 2917 780 2953 ποτε
846 2898 1279 2973 συγκροτηθείσῃ
1355 2900 1556 2970 συνόδῳ
1621 2904 1925 2971 γραφεῖσαν

345 2995 563 3049 Πίστιν.
599 2992 674 3044 Τὸ
713 2991 768 3045 δὲ
797 2992 928 3046 αὐτὸ
958 2989 1116 3044 τοῦτο
1145 2992 1414 3062 χρήσιμον
1442 2992 1506 3044 ἂν
1546 2991 1630 3062 εἴη
1668 2992 1761 3044 καὶ
1789 2992 1924 3063 πρὸς

338 3088 472 3150 τοὺς
517 3084 951 3156 ὑπονοουμένους
1003 3083 1257 3148 ἐναντίως
1311 3084 1456 3154 ἒχειν
1488 3087 1554 3156 τῇ
1608 3084 1926 3158 ὑγιαινούσῃ

339 3179 705 3250 διδασκαλίᾳ,
751 3178 845 3230 καὶ
909 3172 1300 3239 συσκιάζοντας
1355 3175 1566 3229 ἑαυτῶν
1616 3176 1925 3245 ἀποφυγαίς

337 3267 724 3341 εὐπροσώποις
753 3267 814 3320 τὸ
848 3267 947 3338 τῆς
993 3266 1312 3332 κακοδοξίας
1345 3266 1617 3337 φρόνημα.
1665 3266 1777 3319 Καὶ
1817 3267 1924 3339 γάρ

341 3366 442 3418 καὶ
472 3361 684 3424 τούτοις
718 3359 1000 3429 αὐτάρκης
1032 3360 1066 3428 ἡ
1099 3359 1391 3428 ἐγκειμένη
1441 3358 1650 3422 Πίστις.
1693 3360 1763 3411 Ἢ
1816 3358 1926 3430 γὰρ

339 3451 729 3526 διορθώσαιντο
777 3449 984 3504 ἑαυτῶν
1017 3449 1116 3520 τὴν
1161 3451 1220 3502 ἐν
1261 3448 1339 3520 τῷ
1386 3449 1612 3520 κρυπτῷ
1669 3449 1922 3520 νόσονοῆ

2178 2269 2490 2334 subscripsit
2524 2266 2839 2321 Eustathius
2884 2267 3144 2322 Sebastiw
3171 2269 3469 2336 episcopus.

2101 2441 2154 2495 1.
2202 2440 2308 2507 Qui
2361 2450 2454 2495 aut
2497 2443 2603 2496 alia
2664 2441 2787 2496 ﬁdei
2841 2441 3192 2498 confessione
3245 2444 3614 2514 praeoccupati

2031 2538 2196 2596 sunt,
2233 2539 2288 2585 et
2329 2531 2397 2586 ad
2426 2532 2858 2586 orthodoxorum
2919 2533 3186 2586 unitatem
3217 2533 3460 2586 transire
3510 2549 3616 2587 vo-

2032 2623 2318 2688 lunt,aut
2376 2625 2544 2679 etiam
2607 2639 2754 2678 nunc
2785 2625 3020 2694 primum
3084 2623 3152 2678 ad
3213 2623 3612 2679 institutionem

2031 2715 2301 2771 doctrinae
2334 2717 2586 2771 veritatis
2623 2717 2852 2785 cupiunt
2895 2713 3062 2786 215
3113 2714 3373 2771 accedere
3399 2756 3414 2780 ,
3448 2715 3486 2770 ii
3516 2715 3612 2770 do-

1989 2869 2001 2884 _
2031 2809 2189 2864 cendi
2219 2817 2348 2865 sunt
2371 2811 2632 2880 scriptam
2664 2825 2693 2862 a
2720 2811 2896 2864 beatis
2933 2807 3187 2864 Patribus
3214 2807 3373 2863 ﬁdem
3407 2808 3462 2862 in
3485 2823 3612 2863 con-

2032 2900 2164 2955 cilio
2195 2902 2326 2956 olim
2358 2901 2552 2957 Nicaeae
2599 2909 2813 2956 coacto.
2859 2900 2974 2956 Hoc
3007 2902 3184 2973 ipsum
3219 2909 3400 2956 autem
3446 2900 3611 2955 fuerit

2031 2995 2165 3049 utile
2193 2995 2358 3049 etiam
2387 2995 2653 3050 adversus
2675 3010 2771 3050 eos
2793 3035 2809 3059 ,
2845 3010 2986 3065 quos
3019 2995 3264 3064 suspicio
3298 3002 3383 3049 est
3407 2993 3588 3048 doctri

2031 3101 2116 3140 me
2155 3101 2304 3142 sanae
2334 3086 2658 3152 adversari,
2692 3088 2898 3157 quique
2947 3085 3217 3156 speciosis
3257 3087 3374 3141 suis
3401 3083 3611 3156 cﬁugiis

2032 3194 2254 3234 sensum
2288 3178 2569 3248 opinionis
2609 3193 2792 3249 prava:
2833 3184 3153 3248 contegunt.
3184 3175 3322 3231 Nam
3352 3177 3440 3232 his
3475 3191 3610 3246 quo-

2032 3283 2138 3337 que
2169 3267 2367 3324 sufﬁcit
2415 3267 2532 3322 haec
2562 3268 2682 3338 ipsa
2714 3267 2870 3322 ﬁdes.
2912 3265 3009 3322 Vel
3052 3268 3198 3323 enim
3245 3267 3610 3322 emendabunt

2033 3373 2191 3414 suum
2229 3359 2472 3427 ipsorum
2505 3357 2786 3411 occultum
2823 3355 3116 3410 morbum:
3149 3363 3244 3408 aut
3272 3369 3395 3409 eum
3419 3355 3474 3407 in
3504 3353 3609 3408 imo

2030 3451 2376 3506 occultantes
2399 3489 2412 3510 .
2453 3449 2557 3519 ipsi
2585 3449 2805 3519 quidem
2837 3447 3047 3503 fraudis
3073 3447 3343 3518 judicium
3395 3446 3608 3513 ferent,

343 3543 828 3614 συγκαλύπτοντες
875 3543 1043 3613 αὐτὴν
1085 3541 1143 3594 ἐν
1191 3540 1269 3612 τῷ
1319 3540 1491 3611 βάθει,
1535 3541 1688 3595 αὑτοὶ
1726 3542 1822 3612 μὲν
1865 3542 1923 3594 τὸ

2033 3543 2192 3597 nobis
2221 3557 2353 3596 vero
2405 3542 2620 3596 facilem
2656 3541 2710 3594 in
2746 3541 2836 3595 die
2865 3541 3063 3610 judicii
3096 3539 3475 3596 defensionem
3512 3555 3607 3610 pa-

344 3641 523 3710 κρῐμα
563 3640 664 3708 τῆς
698 3635 914 3704 ἀπάτης
966 3632 1323 3704 βαστάσουσιν
1371 3631 1508 3701 (49),
1555 3633 1685 3703 ἡμῖν
1727 3633 1784 3686 δέ
1826 3632 1926 3704 τὴν

341 3730 641 3798 ἀπολογίαν
672 3727 879 3797 κούφην
909 3729 966 3778 ἐν
997 3727 1060 3796 τῇ
1099 3725 1284 3796 ἡμέρᾳ
1325 3722 1424 3795 τῆς
1467 3724 1702 3796 κρίσεως
1747 3743 1926 3796 παρα-

343 3821 729 3883 σκευάσουσιν,
783 3819 872 3870 ὅτε
932 3814 1272 3884 ἀποκαλύψει
1299 3816 1326 3866 ὁ
1359 3813 1562 3884 Κύριος
1595 3813 1664 3866 τὰ
1701 3814 1924 3887 κρυπτά

341 3907 437 3962 τοῦ
486 3908 730 3971 σκότους,
784 3906 880 3960 καὶ
917 3903 1220 3976 φανερώσει
1271 3902 1367 3966 τὰς
1424 3903 1618 3974 βουλὰς
1645 3903 1755 3957 τῶν
1787 3921 1924 3976 καρ-

341 3999 494 4053 διῶν.
528 3997 841 4068 Λαμϐάνειν
885 3995 1064 4049 τοίνυν
1107 3996 1303 4058 αὐτοὺς
1331 3995 1723 4066 ὁμολογοῦντας
1755 4013 1924 4067 προσ-

343 4093 491 4162 ήκει,
531 4090 615 4142 ὅτι
657 4087 972 4142 πιστεύουσι
1014 4087 1156 4142 κατά
1195 4087 1265 4140 τὰ
1311 4089 1529 4158 ῥήματα
1582 4087 1652 4140 τά
1681 4087 1784 4140 ὑπὸ
1815 4087 1926 4141 τῶν

343 4183 608 4254 Πατέρων
630 4180 784 4252 ἡμῶν
815 4178 1102 4233 ἐκτεθέντα
1133 4180 1192 4231 ἐν
1219 4182 1285 4251 τῇ
1312 4179 1518 4251 Νικαίᾳ
1549 4179 1642 4233 καὶ
1661 4178 1803 4233 κατά
1825 4179 1923 4252 τὴν

345 4273 516 4344 ὑγιῶς
549 4274 654 4327 ὑπὸ
684 4272 792 4326 τῶν
836 4272 1094 4343 ῥημάτων
1126 4271 1329 4324 τούτων
1361 4270 1764 4342 ἐμφαινομένην
1809 4271 1923 4324 διά-

343 4383 517 4423 νοιαν.
555 4366 678 4419 Εἰσὶ
728 4365 836 4436 γάρ
878 4381 1023 4426 τινες
1073 4363 1124 4416 οἱ
1179 4364 1274 4416 καὶ
1301 4365 1357 4416 ἐν
1415 4361 1590 4432 ταύτῃ
1623 4365 1687 4434 τῇ
1737 4363 1922 4416 Πίστει

342 4458 621 4521 δολοῦντες
656 4457 749 4512 τὸν
777 4457 936 4526 λόγον
968 4457 1067 4528 τῆς
1107 4454 1383 4526 ἀληθείας,
1420 4454 1516 4508 καὶ
1550 4454 1687 4526 πρὸς
1710 4454 1772 4507 τὸ
1800 4455 1927 4507 ἐαυ-

341 4551 453 4605 τῶν
485 4549 727 4620 βούλημα
752 4548 844 4602 τὸν
877 4547 1000 4602 νοῦν
1032 4546 1142 4601 τῶν
1175 4547 1234 4600 ἐν
1266 4547 1404 4616 αὐτῇ
1438 4546 1699 4616 ῥημάτων
1735 4545 1921 4598 ἕλκον-

341 4660 457 4707 τες.
489 4641 664 4695 Ὅπου
695 4658 760 4711 γε
794 4641 889 4694 καὶ
921 4639 1239 4712 Μάρκελλος
1270 4639 1568 4708 ἐτόλμησεν
1601 4637 1814 4691 ἀσεϐῶν
1843 4639 1923 4702 εἰς

343 4734 444 4806 τὴν
478 4732 777 4786 ὑπόστασιν
800 4729 894 4786 τοῦ
918 4731 1124 4802 Κυρίου
1159 4730 1322 4802 ἡμῶν·
1353 4728 1526 4800 Ἰησοῦ
1552 4729 1807 4801 Χριστοῦ,
1831 4731 1924 4785 καὶ

341 4825 499 4896 ψιλὸν
547 4824 710 4880 αὑτὸν
756 4822 1123 4894 ἐξηγούμενος
1165 4823 1341 4891 λόγον,
1391 4822 1600 4876 ἐκεῖθεν
1649 4823 1921 4894 προφασί-

2027 3634 2268 3698 rabunt,
2299 3648 2432 3686 eum.
2481 3632 2750 3688 revelabit
2804 3630 3072 3687 Dominus
3105 3630 3432 3686 abscondita
3459 3642 3606 3686 teneo

2025 3726 2250 3780 brarum
2283 3731 2338 3778 et
2369 3723 2660 3793 patefaciet
2705 3722 2940 3778 consilia
2990 3721 3243 3777 cordium
3279 3723 3342 3775 “.
3381 3722 3473 3777 Sic
3507 3723 3606 3776 ita-

2024 3833 2133 3888 que
2169 3815 2508 3885 suscipiendi
2562 3821 2733 3880 sunt,
2765 3821 2827 3891 ut
2854 3813 3083 3868 credere
3138 3829 3198 3868 se
3245 3812 3606 3868 conﬁteantur

2026 3908 2330 3965 secundum
2361 3908 2528 3963 verba
2562 3923 2592 3961 a
2619 3907 2879 3962 Patribus
2906 3906 3116 3961 nostris
3144 3906 3293 3962 edita
3320 3905 3530 3967 Nicaeae.
3553 3913 3604 3960 et

2025 4001 2328 4058 secundum
2377 4014 2567 4056 sanam
2598 3999 2687 4054 his
2720 3998 2910 4054 verbis
2958 3998 3327 4067 signiﬁcatam
3382 4006 3604 4053 senten-

2022 4093 2176 4144 tiam.
2230 4088 2370 4144 Sunt
2403 4090 2548 4145 enim
2598 4088 2887 4152 nonnulli,
2940 4088 3034 4158 qui
3070 4089 3126 4143 in
3156 4089 3260 4142 hac
3285 4087 3450 4142 etiam
3503 4088 3604 4144 ﬁde

2023 4182 2328 4236 doctrinam
2351 4181 2598 4236 veritatis
2635 4179 2966 4251 depravent,
3006 4186 3059 4234 et
3107 4179 3258 4235 illius
3295 4179 3597 4233 verborum

2024 4289 2247 4328 sensum
2287 4272 2356 4327 ad
2390 4288 2556 4328 suum
2594 4273 2840 4342 ipsorum
2889 4270 3177 4326 arbitrium
3222 4271 3600 4340 detorqueant.

2026 4363 2310 4435 Siquidem
2353 4379 2525 4418 ausus
2571 4370 2657 4418 est
2687 4370 2742 4418 et
2772 4361 3101 4428 Marcellus,
3137 4376 3264 4416 cum
3297 4362 3352 4416 in
3387 4360 3606 4415 Domini

2023 4456 2198 4510 nostri
2268 4454 2401 4511 Jesu
2455 4455 2666 4510 Christi
2729 4454 3073 4525 hypostasim
3138 4461 3289 4509 esset
3357 4453 3599 4523 impius,

2024 4547 2313 4617 ipsumque
2348 4545 2556 4600 nudum
2599 4545 2826 4600 verbum
2854 4559 2977 4601 esse
3005 4551 3303 4608 statueret,
3349 4541 3472 4597 inde
3504 4557 3602 4596 an-

2023 4653 2141 4694 sam
2196 4637 2594 4708 principiorum
2645 4636 2921 4706 arripere,
2980 4633 3445 4690 cortsubstantiali:
3501 4647 3601 4686 no-

2023 4731 2228 4784 tionem
2265 4730 2406 4783 male
2433 4744 2733 4800 exponens.
2787 4728 2851 4782 Et
2904 4727 3154 4782 nonnulli
3195 4726 3265 4780 ab
3295 4725 3459 4794 impia
3501 4723 3601 4778 Sa-

2022 4821 2172 4877 bellii
2207 4820 2497 4893 Libyensis
2544 4822 2774 4884 haeresi,
2805 4821 3143 4891 hypostasim
3186 4825 3242 4872 et
3298 4815 3596 4871 essentiam

345 4915 544 4970 σασθαι
563 4914 676 4982 (50)
699 4913 800 4978 τὰς
828 4913 1002 4984 ἀρχὰς
1017 4911 1319 4984 εἰληφέναι,
1341 4910 1435 4965 τοῦ
1464 4912 1789 4980 ὀμοουσίου
1817 4913 1918 4986 τὴν

2033 4913 2168 4969 idem
2199 4929 2324 4971 esse
2358 4915 2488 4981 rati,
2519 4929 2710 4970 ansam
2748 4911 2875 4969 inde
2903 4912 3129 4966 trahunt
3155 4909 3223 4965 ad
3246 4907 3600 4978 blasphemiae

415 5051 460 5083 ¹³
492 5049 513 5104 ι
550 5048 677 5105 Cor.
701 5065 774 5115 tv,
801 5048 854 5104 5.

415 5161 529 5233 (46)
565 5159 642 5233 Τὸ
668 5158 776 5233 (ﬁg-
793 5159 891 5213 καὶ
918 5158 1200 5233 φευκτόν.
1232 5155 1567 5233 Satisacute
1585 5166 1644 5233 tn
1673 5154 1921 5233 eamdem

345 5225 675 5290 sententiam
703 5225 1025 5300 "Gregorius
1055 5226 1184 5300 Naz.
1234 5228 1287 5281 in
1317 5227 1476 5297 epist.
1501 5227 1572 5282 73
1605 5229 1660 5282 in
1694 5225 1922 5300 manda-

348 5307 418 5358 tis
464 5303 558 5355 dat
604 5298 923 5360 Amazonio,
971 5309 1030 5352 ut
1080 5298 1125 5352 si
1177 5300 1300 5368 quis
1355 5307 1582 5367 quaerat,
1615 5298 1708 5351 ubi
1767 5309 1919 5350 nunc

342 5371 676 5441 Gregorius,
726 5378 782 5424 et
831 5368 964 5439 quid
1019 5368 1919 5441 rerumiagat,_respondereAnon

342 5433 555 5498 dubitet
591 5455 716 5494 eum
740 5433 920 5509 quiete
948 5447 1002 5494 et
1023 5433 1314 5508 tranquille
1339 5433 1733 5508 philosophari.
1758 5433 1918 5501 Quod

345 5517 390 5568 si
419 5527 616 5566 rursus
646 5511 788 5564 idem
822 5518 996 5579 roget,
1031 5509 1307 5579 quomodo
1329 5509 1918 5579 disjunctionemferat

342 5585 664 5640 amicorum,
700 5597 809 5635 non
830 5577 941 5648 jam
976 5577 1206 5633 fidenter
1230 5577 1557 5648 respondeat
1583 5593 1706 5633 eum
1730 5577 1914 5647 philo-

343 5653 584 5722 sophari.
614 5651 706 5706 sed
737 5652 919 5722 animo
947 5664 1081 5722 esse_
1098 5649 1404 5722 admodum
1416 5649 1640 5722 imbelli.

412 5715 522 5792 Z47)
557 5719 1028 5792 Kexoiptopéror.
1062 5717 1140 5773 Ita
1160 5734 1292 5775 mss.
1333 5718 1511 5774 Editio
1542 5717 1783 5774 secunda
1814 5715 1916 5771 Pa-

345 5790 440 5848 ris.
476 5790 897 5862 κεχωρισμένος.

2097 5153 2210 5226 (48)
2261 5152 2636 5226 ᾋγιωτὰτου⁸
2685 5155 2763 5226 ita
2819 5151 2960 5226 Med.
3018 5158 3074 5226 et
3125 5149 3293 5226 _Co_isl.
3327 5160 3594 5226 pterqtle,

2025 5221 2152 5278 Vat.
2190 5221 2477 5296 et_Regius
2506 5224 2801 5296 secundus.
2832 5221 3070 5296 I_)_uo_alii
3118 5223 3294 5296 άγίου.
3326 5222 3466 5296 Editi
3486 5221 3598 5296 με·

2025 5296 2213 5363 γάλου.
2243 5291 2406 5350 Βθεέι
2435 5295 2733 5356 ἐπίσκοπος
2757 5294 2811 5346 in
2843 5291 2993 5346 Harl.
3022 5299 3074 5347 et
3102 5293 3316 5348 duobus
3342 5294 3484 5348 aliis.

2097 5365 2207 5436 (49)
2247 5363 2698 5436 Βαστάσουσιν.
2739 5363 2829 5436 _lta
2876 5370 3284 5436 mss.__septem,
3330 5365 3596 5436 acpauio

2024 5431 2150 5506 post
2184 5431 2405 5488 totidem
2432 5433 2966 5503 παρασκευάσουσιν.
3002 5431 3244 5505 Utraque
3280 5450 3381 5489 vox
3406 5431 3458 5489 in
3482 5436 3597 5490 edi-

2023 5508 2093 5560 tis
2119 5514 2361 5572 tempore
2386 5506 2640 5572 praesenti
2675 5518 2954 5573 expressa.

2095 5572 2758 5647 (50)]Ιροφασίσασθαι,
2809 5572 2978 5627 Coisl.
3031 5572 3308 5630 secundus
3348 5582 3402 5631 et
3457 5573 3591 5647 Reg.

2023 5645 2296 5703 secundus
2337 5645 2786 5709 προφασίζεσθαι.

2094 5661 2296 5770 iiii?
2313 5661 2845 5787 ιῗῖἵῆῗῖῗεὲἕὲῐιε
2877 5728 3022 5768 anno
3049 5714 3174 5770 375.
