3988 6194
415 351 521 409 547

1722 350 1782 411 ε.
1824 352 2074 410 BASILII
2111 353 2331 411 MAGNI

3576 350 3681 415 5'48

416 485 533 527 sua;
560 467 934 526 defensionem
963 512 980 537 ,
1033 469 1179 541 quod
1212 469 1289 524 ita
1324 470 1380 525 in
1429 470 1533 526 fide
1568 471 1833 543 scriptum
1878 471 1982 528 sit:

2096 471 2335 526 διάνοιαν
2361 471 2550 536 κακῶς
2578 472 2770 545 ὲξηγού
2780 491 2956 544 μενος.
2998 474 3107 527 Καί
3133 491 3278 540 τινες
3305 474 3413 529 τῶν
3444 475 3553 530 ἀπὺ
3579 479 3677 549 τῆς

415 562 479 619 Si
500 579 616 618 vero
644 564 904 634 quispiam
933 564 1130 618 dixerit
1172 577 1238 617 ea:
1281 564 1395 617 alia
1420 565 1654 618 essentia
1687 574 1780 618 aut
1820 564 1989 633 hypo-

414 655 551 709 stasi
586 652 789 708 Filium
822 671 934 709 esse
960 694 977 722 ,
1020 671 1140 709 eum
1169 654 1510 710 anathemate
1566 654 1687 725 [erit
1714 654 1993 710 Catholica

413 754 464 798 et
530 744 844 813 Apostolica
877 742 1138 799 Ecclesia.
1192 742 1313 798 Non
1368 744 1512 798 enim
1565 743 1706 799 idem
1736 744 1992 799 dixerunt

415 835 528 889 illic
567 837 863 891 essentiam
900 845 955 890 et
1005 836 1367 908 liypostasim.
1413 834 1628 890 Etenim
1671 838 1716 890 si
1774 851 1882 890 una
1936 844 1992 891 et

413 930 602 983 eadem
657 928 808 982 notio
862 927 1114 997 subjecta
1169 926 1435 995 vocibus,
1487 927 1621 997 quid
1676 941 1815 996 opus
1872 935 1991 981 erat

373 1067 376 1070 .
414 1022 680 1092 utraque?
713 1021 816 1076 Sed
874 1021 1225 1092 perspicuum
1272 1029 1389 1086 est,
1423 1020 1549 1075 aliis
1596 1020 1819 1091 quidem
1860 1018 1988 1089 (Fi-

411 1116 573 1187 lium)
629 1130 696 1169 ex
739 1113 922 1170 Patris
985 1113 1227 1169 essentia
1281 1128 1404 1168 esse
1452 1113 1824 1183 negantibus,
1863 1113 1989 1169 aliis

407 1221 538 1260 vero
591 1222 769 1277 neque
802 1221 871 1263 ex
923 1207 1164 1260 essentia
1213 1219 1372 1270 esse,
1401 1203 1496 1259 sed
1528 1220 1594 1259 ex
1639 1205 1827 1274 aliqua
1880 1204 1988 1258 alia

408 1298 696 1369 bypostasi
757 1298 1091 1362 dicentibus,
1143 1297 1267 1351 illos
1321 1296 1394 1350 ita
1447 1295 1666 1350 demum
1701 1307 1989 1365 utramque

407 1391 727 1461 Opinionem
779 1399 1041 1460 tanquam
1074 1405 1104 1444 a
1139 1386 1413 1442 sententia
1447 1387 1826 1442 ecclesiastica
1854 1387 1988 1442 alie-

409 1500 536 1539 nam
595 1484 881 1554 rejecisse.
933 1481 1068 1536 Nam
1118 1483 1212 1537 ubi
1254 1497 1409 1539 suam
1459 1482 1704 1551 ipsorum
1741 1481 1990 1535 declara-

407 1574 544 1629 bant
578 1575 941 1640 sententiam,
990 1572 1248 1628 dixerunt
1294 1587 1363 1628 ex
1406 1571 1649 1626 essentia
1682 1569 1863 1626 Patris
1893 1569 1985 1625 Fi-

410 1667 542 1720 lium
564 1707 579 1733 ,
611 1681 720 1721 non
750 1665 986 1736 amplius
1014 1664 1339 1734 adjicientes
1383 1663 1516 1718 illud
1543 1702 1558 1728 ,
1585 1677 1650 1717 ea:
1690 1664 1986 1732 hypostasi.

407 1756 590 1825 Quare
640 1758 773 1812 illud
823 1755 1045 1827 quidem
1094 1756 1162 1810 ad
1213 1756 1555 1812 eversionem
1614 1756 1853 1824 positum
1902 1762 1988 1809 est

405 1848 688 1919 nequioris
734 1826 1043 1913 sententias;
1098 1846 1204 1901 hoc
1249 1861 1377 1900 vero
1410 1843 1836 1899 declarationem
1886 1842 1984 1896 ba-
2015 1826 2059 1882 Β

405 1935 500 1993 bet
563 1934 822 1990 salutaris
880 1935 1176 2006 dogmatis.
1240 1933 1625 1990 Conﬁtendum
1674 1934 1841 2003 igitur
1896 1940 1984 1989 est

404 2026 931 2082 consubstantialem
978 2042 1103 2082 esse
1146 2024 1298 2081 Patri
1348 2024 1584 2090 Filium,
1628 2023 1984 2095 quemadmo-

404 2121 534 2174 dum
567 2119 833 2189 scriptum
866 2126 972 2175 est.
1005 2119 1393 2175 Conﬁtendum
1423 2120 1618 2181 etiam,
1651 2119 1709 2172 in
1759 2118 1983 2188 propria

404 2211 683 2285 hypostasi
711 2210 925 2267 Patrem
948 2228 1102 2279 esse,
1135 2214 1190 2267 in
1222 2212 1443 2283 propria
1478 2211 1701 2278 Filium,
1753 2212 1810 2267 in
1842 2227 1974 2282 pro-

401 2306 520 2375 pria
581 2304 845 2374 Spiritum
903 2314 1193 2370 sanctum,
1242 2305 1704 2376 quemadmodum
1763 2313 1817 2361 et
1876 2306 1980 2376 ipsi

401 2396 694 2452 manifeste
721 2407 1116 2467 exposuerunt.
1158 2396 1324 2453 Plene
1357 2399 1502 2453 enim
1528 2406 1581 2453 et
1615 2399 1762 2453 clare
1790 2406 1982 2453 osten-

401 2486 639 2551 derunt,
699 2487 957 2551 dicendo,
1010 2487 1185 2543 lumen
1225 2489 1289 2542 de
1335 2488 1556 2553 lumine,
1589 2489 1736 2543 aliud
1760 2489 1981 2557 quidem

400 2596 525 2636 esse
564 2582 749 2636 lumen
778 2581 926 2650 quod
951 2582 1174 2653 genuit,
1199 2581 1344 2636 aliud
1380 2597 1510 2636 vero
1557 2581 1703 2652 quod
1736 2584 1979 2652 genitum

401 2682 520 2738 est,
548 2674 730 2728 lumen
771 2681 952 2729 tamen
999 2682 1052 2729 et
1085 2674 1298 2738 lumen,
1339 2675 1414 2729 ita
1445 2682 1505 2728 ut
1550 2690 1660 2729 una
1691 2685 1746 2729 et
1785 2675 1975 2730 eadem

403 2768 475 2820 sit
499 2767 751 2822 essentia!
782 2767 945 2821 ratio.
973 2768 1325 2837 Apponamus
1356 2774 1540 2821 autem
1561 2766 1675 2836 jam
1699 2775 1752 2820 et
1778 2767 1976 2835 ipsam,

403 2876 524 2930 qlne
552 2859 745 2915 Nicaaze
773 2860 1088 2930 conscripta
1122 2867 1208 2914 est
1230 2899 1244 2922 ,
1284 2858 1464 2913 ﬁdem.

402 2956 564 3012 αὑτὸν
613 2953 751 3011 εἶναι
797 2956 888 3011 τὸν
936 2956 1035 3025 τῆς
1092 2955 1279 3019 οὐσίας

404 3052 585 3119 φεῖσα.

2091 568 2407 632 δυσσεϐείας
2456 568 2550 622 τοῦ
2600 569 2799 634 Λίϐυος
2850 569 3160 636 Σαϐελλίου,
3225 572 3524 626 ὑπόστασιν
3581 574 3678 626 καὶ

2091 660 2281 713 οὐσίαν
2304 660 2499 713 ταυτὸν
2529 656 2668 714 εἶναι
2696 660 3188 732 ὑπολαμϐάνοντες.
3216 663 3425 717 ἐκεῖθεν
3456 663 3678 718 ἕλκουσι

2090 749 2190 812 τὰς
2217 749 2470 820 ἀφορμὰς
2496 751 2632 821 πρὸς
2652 750 2749 821 τὴν
2775 751 3117 823 κατασκευὴν
3145 754 3243 823 τῆς
3281 755 3489 807 ἑαυτῶν
3523 755 3681 824 βλασθι

2092 838 2320 910 φήμίας,
2352 842 2416 894 ὲκ
2454 841 2544 895 τοῦ
2588 842 2961 914 ἐγγεγράφθαι
2986 847 3052 915 τῇ
3084 843 3294 913 Πίστει,
3315 847 3395 900 ὅτι
3430 847 3578 902 Ἐὰν
3606 848 3679 903 δέ

2090 946 2182 996 τις
2208 931 2358 1001 λέγῃ
2386 932 2497 1002 (51)
2529 932 2599 998 ἐξ
2621 932 2827 1002 ἐτέρας
2846 936 3062 1002 οὐσίας
3084 936 3122 1004 ἢ
3145 939 3543 1006 ὑποστάσεως
3568 939 3680 994 τὸν

2099 1020 2255 1085 Υἰὸν,
2282 1021 2689 1091 ἀναθεματίζει
2714 1024 2753 1092 ἠ
2789 1021 3092 1094 Καθολικὴ
3118 1026 3221 1079 και
3262 1027 3672 1098 Ἀποστολικὴ

2102 1112 2450 1178 Ἐκκλησία.
2497 1112 2572 1165 Οὐ
2604 1111 2715 1184 γὰρ
2751 1113 2948 1167 ταυτὸν
2982 1109 3137 1168 εἷπον
3179 1117 3297 1169 ἐκεῖ
3325 1117 3437 1189 (52)
3479 1120 3675 1175 οὐσίαν

2093 1207 2186 1260 καὶ
2217 1206 2535 1260 ὑπόστασιν.
2584 1206 2647 1259 Et
2676 1206 2786 1280 γὰρ
2823 1207 2949 1279 μίαν
2992 1210 3087 1263 καὶ
3116 1209 3217 1281 τὴν
3247 1211 3417 1283 αὐτὴν
3448 1214 3677 1286 ἐδήλουν

2088 1297 2296 1351 ἔννοιαν
2344 1297 2402 1349 αἱ
2436 1297 2631 1367 φωναὶ,
2674 1298 2760 1363 τίς
2809 1299 2967 1370 χρεία
3017 1296 3085 1371 ἦν
3136 1303 3450 1375 ὲκατέρων;
3512 1307 3679 1362 Ἀλλὰ

2086 1385 2264 1457 δῆλον,
2291 1387 2393 1450 ὃτι,
2424 1386 2500 1450 ὡς
2526 1386 2634 1439 τῶν
2663 1388 2761 1458 μὲν
2791 1388 3140 1460 ἀρνουμένων
3171 1390 3234 1444 τὸ
3266 1392 3331 1444 ὲκ
3357 1392 3458 1462 τῆς
3480 1396 3677 1460 οὐσίας

2086 1474 2226 1531 εἶναι
2271 1478 2364 1531 τοῦ
2413 1478 2644 1550 Πατρὸς,
2688 1479 2798 1533 τῶν
2845 1480 2903 1533 δὲ
2957 1480 3243 1551 λεγόντων,
3288 1481 3411 1536 οὔτε
3461 1486 3526 1538 ὲκ
3574 1486 3676 1557 τῆς

2087 1568 2276 1633 οὐσίας
2305 1569 2440 1636 (55),
2471 1567 2589 1621 ἀλλ’
2621 1568 2680 1635 ἐξ
2715 1567 2884 1641 ἄλλης
2910 1570 3055 1634 τινὸς
3090 1572 3461 1637 ὑποστάσεως,
3496 1574 3674 1637 οὕτως

2087 1661 2394 1732 ἀμφότερα,
2426 1661 2502 1724 ὡς
2535 1658 2791 1732 ἀλλότρια
2829 1659 2924 1714 τοῦ
2967 1661 3422 1733 ὲκκλησιαστικοῦ
3469 1666 3674 1735 φρονή-

2090 1773 2279 1827 ματος,
2314 1756 2719 1827 ἀπηγόρευσαν.
2768 1754 2921 1808 Ἐπεὶ⁹
2947 1755 3081 1808 ὅπου
3114 1772 3179 1825 γε
3206 1755 3266 1808 τὸ
3299 1756 3506 1809 ἑαυτῶν
3540 1756 3670 1827 ἐδήδ

2087 1848 2213 1903 λουν
2238 1850 2510 1920 φρόνημα,
2546 1845 2700 1902 εἶπον
2729 1851 2793 1902 ἐκ
2834 1848 2935 1919 τῆς
2975 1848 3162 1911 οὐσίας
3189 1848 3283 1902 τοῦ
3331 1849 3548 1920 Πατρὺς
3575 1848 3670 1901 τὸν

2089 1939 2216 1993 Υἱόν
2238 1957 2252 1971 ·
2288 1939 2470 1992 οὐκέτι
2520 1938 2849 2009 προσθέντες
2897 1939 2992 1992 καὶ
3030 1939 3110 2003 τὸ,
3144 1938 3214 1992 ἐκ
3256 1936 3368 2007 τῆς
3397 1937 3673 1992 ὑποστά-

2088 2049 2261 2099 σεως.
2309 2033 2470 2085 Ὥστε
2524 2032 2701 2085 ἐκεῖνο
2762 2032 2860 2103 μὲν
2910 2033 2997 2084 ἐπ’
3047 2030 3302 2102 ἀθετήσει
3348 2034 3526 2085 κεῖται
3573 2030 3669 2084 τοῦ

2089 2122 2325 2195 πονηροῦ
2354 2125 2729 2195 φρονήματος”
2773 2121 2932 2176 τοῦτο
2982 2121 3040 2175 δὲ
3076 2120 3383 2193 φανέρωσιν
3428 2121 3544 2191 ἔχει
3571 2120 3669 2175 τοῦ

2091 2215 2359 2287 σωτηρίου
2404 2215 2690 2286 δόγματος.
2742 2216 2834 2268 Δεῖ
2859 2214 3038 2269 τοίνυν
3071 2214 3352 2285 ὁμολογεῖν
3383 2213 3672 2285 ὁμοούσιον

2088 2307 2180 2361 τὸν
2228 2306 2356 2360 Υἱὺν
2409 2306 2488 2378 τῷ
2534 2307 2729 2378 Πατρὶ,
2770 2305 2952 2371 καθὼς
2992 2306 3335 2378 γέγραπταιθ
3380 2305 3668 2377 ὁμολογεῖν

2087 2398 2145 2451 δὲ
2193 2401 2250 2451 ὲν
2288 2397 2392 2470 ἰδίᾳ
2444 2399 2542 2470 μὲν
2592 2400 2887 2453 ὑποστάσει
2921 2399 3011 2453 τὸν
3050 2399 3289 2469 Πατέρα,
3341 2401 3399 2452 ὲν
3454 2398 3561 2470 ἰδίᾳ
3607 2398 3668 2452 δὲ

2085 2489 2175 2543 τὸν
2209 2490 2357 2554 Υἰὸν,
2407 2492 2502 2545 καὶ
2552 2492 2610 2545 ὲν
2655 2491 2762 2563 ἰδίᾳ
2804 2491 2866 2545 τὺ
2913 2490 3137 2562 Πνεῦμα
3181 2491 3244 2544 τὸ
3294 2489 3470 2560 ἅγιον,
3522 2489 3670 2544 καθὰ

2088 2583 2183 2636 καὶ
2227 2583 2380 2636 αὑτοὶ
2417 2583 2601 2651 σαφῶς
2634 2583 2746 2654 (54)
2781 2582 3161 2639 ὲκδεδώκασιν.
3207 2584 3507 2655 Αὐτάρκως
3554 2582 3668 2654 γὰρ

2086 2674 2178 2727 καὶ
2212 2672 2399 2742 σαφῶς
2429 2674 2538 2745 (55)
2563 2674 2897 2740 ἐνεδείξαντο
2924 2674 3186 2744 εἰπόντες,
3211 2673 3337 2744 φῶς
3352 2674 3422 2727 ἐκ
3449 2672 3665 2745 φωτὸς,

2081 2764 2163 2817 ὅτι
2216 2765 2400 2835 ἓτερον
2459 2765 2556 2836 μὲν
2607 2765 2668 2818 τὸ
2716 2765 2984 2836 γεννῆσαν
3049 2765 3194 2835 φῶς,
3253 2764 3441 2837 ἕτερον
3497 2765 3555 2818 δὲ
3603 2765 3668 2817 τὸ

2014 2843 2026 2857 ’
2085 2858 2362 2928 γεννηθὲν,
2399 2857 2516 2926 φῶς
2571 2857 2753 2928 μέντοι
2803 2859 2896 2912 καὶ
2930 2857 3078 2929 φῶς·
3128 2858 3268 2912 ὥστε
3309 2859 3405 2912 ἕνα
3436 2858 3532 2912 καὶ
3574 2859 3670 2913 τὸν

1359 2955 1536 3025 λόγον.
1597 2954 1894 3025 Ἐγκείσθω
1943 2954 2006 3026 δὴ
2045 2957 2176 3025 ἡμῖν
2220 2956 2313 3007 καὶ
2355 2954 2493 3027 αὑτὴ
2540 2956 2573 3025 ἡ
2621 2954 2875 3026 Πίστιςή
2937 2954 3080 3010 κατὰ
3135 2955 3367 3010 Νίκαιαν
3421 2973 3670 3028 συγγρα-

475 3141 529 3195 2.
581 3138 857 3195 Credimus
904 3140 959 3192 in
990 3156 1152 3193 unum
1187 3139 1352 3192 Deum
1395 3138 1615 3196 Patrem
1647 3140 1975 3208 omnipoten-

2147 3137 2203 3191 2.
2245 3140 2616 3215 Πιστεύρμεν
2645 3142 2732 3206 εὶς
2760 3140 2869 3194 ἕνα
2893 3142 3042 3196 Θεὸν
3072 3143 3306 3213 Πατέρα
3327 3143 3666 3213 παντοκρά-

403 3241 536 3295 tem,
579 3230 814 3284 omnium
890 3238 998 3281 tam
1053 3227 1340 3285 visibilium
1401 3244 1560 3298 quam
1626 3229 1975 3283 invisibilium

2090 3246 2241 3298 τορα,
2280 3229 2524 3285 πάντων
2572 3230 2801 3299 ὁρατῶν
2835 3250 2901 3286 τε
2945 3233 3047 3287 καὶ
3080 3234 3348 3302 ἀοράτων
3382 3237 3665 3306 ποιητήν.

402 3322 679 3393 faetorem.
719 3320 789 3374 Et
844 3321 898 3374 in
931 3337 1095 3373 unum
1145 3319 1430 3373 Dominum
1474 3318 1659 3374 Jesum
1703 3321 1976 3376 Christum

2090 3321 2187 3373 Kal
2237 3324 2325 3387 εὶς
2365 3320 2472 3375 ἕνα
2518 3323 2742 3391 Κύριον
2787 3323 2901 3394 (56)
2963 3324 3208 3391 Ἰησοῦν
3249 3325 3509 3392 Χριστὸν
3560 3327 3670 3379 τὸν

401 3411 605 3467 Filium
630 3412 759 3474 Dei,
781 3411 1014 3480 genitum
1040 3424 1105 3463 ea:
1137 3408 1297 3462 Patre
1333 3406 1666 3479 Unigeuitam
1691 3450 1706 3475 ,
1741 3411 1838 3465 hoc
1866 3422 1974 3477 est,

2090 3412 2224 3465 Υἱὸν
2255 3412 2362 3466 τοῦ
2397 3413 2568 3477 Θεοῦ,
2605 3415 2973 3484 γεννηθέντα
3017 3416 3086 3469 ἐκ
3127 3416 3233 3470 τοῦ
3272 3416 3506 3484 Πατρὸς
3541 3420 3667 3471 ΜΟ·-

400 3518 467 3558 ex
492 3504 717 3557 essentia
758 3500 965 3555 Patris.
1008 3499 1177 3554 Deum
1222 3498 1286 3552 de
1333 3499 1442 3554 Deo
1470 3539 1485 3565 ,
1521 3500 1695 3555 lumen
1724 3501 1788 3557 de
1816 3504 1980 3574 216

2090 3503 2318 3574 νογενῆ,
2364 3505 2697 3574 τουτέστιν,
2731 3508 2803 3562 ἐκ
2842 3506 2953 3583 τῆς
2986 3508 3204 3575 οὐσίας
3244 3508 3350 3562 τοῦ
3390 3510 3664 3578 Πατρός⁶

400 3594 626 3658 lumine,
678 3593 842 3646 Deum
884 3609 1062 3646 verum
1102 3592 1166 3646 de
1203 3592 1309 3646 Deo
1364 3608 1523 3647 vero:
1554 3595 1826 3663 genitum,
1874 3612 1979 3649 non

2090 3592 2229 3647 Θεὸν
2261 3594 2329 3647 ἐκ
2364 3594 2533 3660 Θεοῦ,
2565 3594 2691 3664 φῶς
2721 3596 2790 3650 ἐκ
2842 3595 3056 3666 φωτὸς,
3088 3597 3225 3651 Θεὸν
3262 3597 3554 3666 ἀληθινὸν
3593 3599 3665 3654 ἐκ

405 3687 636 3750 ‘actum;
682 3685 1188 3740 consubstantialem
1226 3684 1420 3748 Patri,
1466 3703 1560 3755 per
1601 3703 1755 3755 quem
1793 3689 1973 3743 omnia

2090 3683 2227 3737 Θεοῦ
2297 3683 2627 3752 ἀληθινοῦο
2688 3684 3088 3754 γεννηθέντα,
3151 3688 3223 3738 οὐ
3300 3687 3660 3755 ποιηθέντα·

401 3779 544 3849 facta
567 3789 711 3843 sunt,
749 3789 858 3832 tum
886 3795 1004 3849 qua?
1035 3779 1090 3832 in
1123 3777 1276 3843 creto,
1313 3791 1425 3831 tum
1448 3795 1566 3849 qua:
1595 3779 1651 3833 in
1687 3788 1845 3834 terra.
1874 3779 1980 3846 Qui

2090 3775 2403 3843 δμοούσιον
2445 3773 2527 3841 τῷ
2574 3775 2780 3844 Πατρὶ,
2825 3774 2898 3828 δι’
2933 3771 3005 3831 οὗ
3054 3776 3127 3831 τὰ
3165 3775 3363 3830 πάντα
3400 3775 3662 3847 ἐγένετο,

398 3881 607 3939 propter
658 3887 750 3925 nos
791 3870 1022 3924 homines
1084 3879 1134 3923 et
1185 3880 1398 3939 propter
1457 3880 1696 3925 nostram
1745 3872 1974 3929 salutem

2090 3865 2149 3921 rd
2188 3884 2253 3921 τε
2280 3867 2351 3921 ἐν
2386 3865 2467 3932 τῷ
2502 3866 2738 3937 οὐρανῷ
2770 3867 2865 3922 καὶ
2912 3869 2985 3922 τὰ
3013 3867 3083 3921 ἐν
3123 3868 3235 3939 (57)
3279 3866 3355 3937 τῇ
3395 3868 3494 3939 τῇ.
3552 3871 3666 3924 Τὸν

2077 3958 2152 4013 δι’
2185 3957 2344 4028 ’ἡμᾶς
2378 3958 2523 4025 τοὺς
2564 3959 2917 4029 ἀνθρώπους
2955 3960 3055 4013 καὶ
3093 3959 3190 4012 διὰ
3220 3959 3333 4029 τὴν
3366 3959 3665 4029 ἡμετέραν

2078 4051 2380 4119 σωτηρίαν
2399 4051 2767 4105 κατελθόντα
2792 4050 2927 4122 (58),
2947 4050 3045 4104 καὶ
3065 4050 3466 4119 σαρκωθέντα,
3483 4052 3661 4106 erar-

2079 4140 2498 4211 θρωπήσαντα,
2524 4142 2811 4208 παθόντα,
2851 4141 2950 4195 καὶ
2984 4141 3334 4195 ἀναστάντα
3370 4141 3446 4211 τῇ
3492 4144 3659 4213 τρίτῃ

2075 4233 2286 4303 ἡμέρᾳ,
2326 4233 2659 4287 ἀνελθόντα
2685 4236 2773 4300 εις
2806 4231 2948 4300 τοὺς
2975 4235 3291 4302 οὐρανοὺς,
3326 4234 3659 4304 ἐρχόμενον

2077 4324 2275 4392 κρῖναι
2320 4321 2540 4391 ζῶντας
2582 4324 2681 4379 καὶ
2737 4326 3012 4393 νεκρούς.
3067 4324 3176 4379 Kal
3225 4327 3312 4391 εἷς
3364 4326 3431 4379 τὸ
3486 4327 3661 4396 ἅγιον

2077 4418 2341 4488 Πνεῦμα.
2382 4412 2535 4483 Τοὺς
2575 4415 2644 4469 δὲ
2685 4416 3006 4487 λέγοντας·
3038 4413 3152 4473 Ἦν
3195 4430 3360 4481 ποτε,
3403 4417 3502 4472 ὅτε
3543 4420 3657 4472 οὐκ

399 3963 692 4033 descendit,
723 3973 772 4017 et
827 3964 1142 4018 incarnatus
1181 3972 1259 4017 est
1282 4003 1297 4027 ,
1338 3962 1514 4032 factus
1560 3963 1713 4018 homo
1739 3981 1757 4018 :
1784 3980 1976 4033 passus

398 4064 497 4117 est,
530 4063 578 4108 et
601 4054 890 4108 resurrexit
923 4056 1081 4108 tertia
1105 4054 1210 4116 die,
1244 4053 1481 4107 ascendit
1524 4052 1594 4106 ad
1638 4054 1821 4119 caelos,
1855 4071 1979 4108 ren-

400 4154 552 4197 turus
582 4144 650 4196 ad
691 4143 1047 4212 judicaudum
1079 4145 1220 4198 vivas
1268 4152 1319 4197 et
1352 4152 1606 4197 mortuos.
1658 4142 1727 4197 Et
1760 4144 1815 4197 in
1856 4144 1980 4213 Spi-

397 4238 563 4290 ritum
594 4246 861 4292 sanctum.
904 4237 1009 4302 Qui
1044 4246 1222 4291 autem
1260 4237 1468 4302 dicunt,
1502 4236 1638 4290 Erat
1667 4236 1976 4307 aliquando,

398 4326 613 4399 quando
681 4344 785 4382 non
842 4337 996 4392 erat,
1051 4339 1102 4382 et
1164 4337 1448 4399 antequam
1514 4340 1826 4384 nasceretur
1876 4346 1981 4384 non

397 4433 512 4475 erat
538 4460 552 4484 ,
584 4428 633 4474 et
662 4419 799 4490 quod
822 4434 886 4473 ea:
932 4435 1037 4472 non
1061 4419 1454 4485 exsistentibus,
1491 4421 1666 4490 [actus
1721 4432 1836 4485 est,
1887 4430 1979 4476 aut

398 4512 580 4565 dicunt
622 4525 742 4565 eum
793 4524 858 4564 ea:
894 4510 1009 4563 alia
1066 4509 1342 4580 hypostasi
1391 4520 1484 4564 aut
1539 4512 1770 4565 essentia
1816 4527 1970 4574 esse,

2090 4509 2174 4584 ἦν,
2228 4510 2329 4565 καὶ
2386 4509 2529 4578 πρὶν
2576 4508 2940 4579 γεννηθῆναι
3001 4512 3112 4564 οὐκ
3150 4510 3249 4580 ἦν,
3298 4511 3397 4565 καὶ
3450 4510 3541 4564 ὅτι
3588 4509 3659 4575 ἐξ

399 4614 491 4658 aut
543 4602 890 4668 mutabilem,
938 4610 1031 4655 aut
1081 4601 1417 4656 alterabilem
1446 4602 1543 4656 Dei
1600 4601 1835 4668 Filium,
1884 4619 1971 4657 eos

400 4695 734 4751 anathemate
782 4696 1011 4764 percutit
1057 4692 1339 4749 Catholica
1386 4705 1436 4749 et
1490 4696 1798 4764 Apostoliea
1869 4697 1974 4750 Ec-

399 4789 580 4843 clesia.

468 4999 586 5074 (51)
613 4997 913 5074 ᾼέγῃζξὶο
942 4996 1231 5074 illegiqu
1269 4995 1440 5051 codex
1466 5010 1590 5049 cum
1624 4994 1800 5049 tribus
1826 4995 1969 5050 aliis.

396 5067 548 5127 Harl.
573 5067 740 5137 λέγει.
759 5067 762 5068 ⁷
778 5069 916 5140 Editi
948 5067 1094 5140 λέξῃ.
1334 5128 1340 5135 ,

468 5140 582 5212 (52)
633 5134 812 5212 Ἐκεῖ.
842 5139 919 5193 lla
952 5134 1161 5212 septem
1185 5134 1509 5212 _mss._Editi
1546 5136 1765 5212 εκεῖνοι.

467 5204 579 5282 (55)
618 5211 765 5264 Οὔτε
787 5211 860 5282 ,ἐκ
910 5204 1031 5277 τῆς
1053 5208 1284 5274 οὐσίας.
1321 5204 1493 5282 Totus
1545 5205 1634 5259 liic
1664 5206 1815 5282 locus
1850 5220 1972 5282 per-

396 5275 658 5347 dlmlcilis;
702 5281 799 5335 sed
845 5275 1026 5333 tamen
1068 5294 1191 5334 eum
1232 5279 1525 5345 explanare
1560 5275 1884 5329 conabimur
1916 5278 1969 5329 in

394 5346 741 5417 Praefatione,
774 5350 863 5404 ubi
890 5350 1214 5405 sententiam
1243 5348 1428 5402 Basilii
1460 5347 1527 5401 de
1559 5346 1839 5416 hypostasi
1870 5361 1969 5417 ex-

386 5416 733 5476 bemlemus.
760 5418 980 5475 Interim
1024 5419 1324 5475 observabo
1364 5418 1418 5471 in
1450 5431 1561 5471 uno
1597 5432 1663 5469 ex
1688 5416 1970 5470 codicibus

420 5493 615 5560 legiis,
675 5506 835 5561 quem
888 5491 1022 5544 citat
1058 5489 1442 5549 Coiiibelisius,
1468 5559 1476 5561 _
1503 5486 1605 5561 legi
1622 5486 1728 5561 fit:
1753 5485 1850 5561 is;
1874 5485 1969 5561 οὐ·

398 5556 709 5632 cla';.qn:e'
730 5561 1003 5632 scriptura
1032 5557 1578 5632 plnr.m_um_arridet
1613 5556 1966 5632 Combelisio.

491 5625 599 5694 54)·
618 5625 862 5700 Σαφῶςξ
893 5625 1185 5700 Non_'inale
1220 5629 1375 5682 Harl.
1424 5637 1480 5682 et
1515 5643 1658 5700 unus
1689 5643 1755 5681 ex
1784 5625 1972 5700 Regiis

393 5696 676 5758 codicibus
707 5696 965 5764 εὐσεϐῶς.
994 5698 1125 5753 Nam
1150 5700 1387 5767 primum
1429 5698 1749 5754 adverbium
1779 5696 1971 5753 statim

393 5772 594 5828 lterum
626 5772 870 5827 occurrit
903 5770 1081 5825 minus
1109 5770 1405 5839 eleganter.

2078 4606 2190 4658 οὐκ
2225 4602 2417 4656 ὄντων
2450 4601 2709 4670 ἐγένετο,
2766 4601 2804 4670 ἣ
2843 4600 2913 4667 ἐξ
2952 4600 3157 4671 ἐτέρας
3192 4601 3589 4668 ὑποστάσεως
3617 4601 3657 4672 ἣ

2077 4696 2295 4760 οὐσίας
2322 4692 2672 4763 φάσκοντας
2707 4694 2881 4759 εἶναι,
2908 4694 2947 4763 ἢ
2976 4694 3231 4762 τρεπτὸν
3254 4693 3292 4762 ἢ
3326 4694 3662 4749 ἀλλοιωτὸν

2078 4789 2186 4842 τὸν
2231 4788 2368 4841 Υἱὸν
2398 4789 2505 4842 τοῦ
2541 4788 2712 4852 Θεοῦ,
2743 4787 2885 4853 τοὺς
2915 4789 3225 4854 τοιούτους
3253 4788 3660 4858 ἀναθεματίζει

2074 4880 2114 4947 τι)
2146 4879 2446 4949 Καθολικὴ
2475 4880 2574 4934 καὶ
2625 4880 3023 4949 Ἀποστολικὴ
3065 4881 3414 4949 Ἐκκλησία.

2153 4996 2264 5066 (55)
2310 4997 2417 5050 Καὶ
2447 4994 2676 5065 σαφῶς.
2712 4993 2789 5049 Ita
2810 5010 2954 5066 imss.
2985 5004 3214 5066 septem.
3256 4995 3394 5049 Editi
3424 5004 3480 5050 et
3505 4995 3686 5061 Harla

2081 5065 2321 5122 secunda
2356 5082 2522 5120 manu
2550 5068 2644 5118 καὶ
2682 5065 2879 5136 σοφῶς.
2905 5065 3086 5121 Editio
3105 5066 3430 5136 Parisiensis
3460 5082 3660 5122 secun-

2079 5140 2149 5191 da
2185 5137 2237 5190 in
2275 5137 2457 5206 priore
2486 5137 2649 5206 habet
2685 5135 2969 5206 σοφῶς,’ἱη
2994 5138 3166 5190 altero
3202 5135 3408 5205 σαφῶς.

2146 5207 2259 5277 (56)
2277 5205 2527 5273 Κύριον.
2559 5205 2704 5260 Editi
2743 5205 2952 5262 addunt
3009 5206 3188 5277 ήμῶν,
3219 5207 3365 5277 quod
3403 5205 3560 5261 deest
3600 5207 3658 5261 in

2073 5286 2279 5333 SCDlelﬂ
2317 5292 2452 5333 llISS.

2137 5295 2514 5417 ii‘i‘;‘rl2is;s
2543 5347 2632 5399 ἐν.
2663 5345 2988 5404 Addidimus
3023 5345 3158 5417 illud
3185 5345 3257 5399 τά
3287 5361 3354 5401 ex
3383 5360 3478 5401 sex
3520 5360 3655 5402 mss.

2148 5416 2259 5488 (58)
2292 5417 2700 5488 ﬂammeum.
2746 5417 3025 5473 Ediliones
3077 5416 3419 5488 Parisienses
3458 5424 3514 5471 et
3572 5432 3662 5469 se—

2058 5486 2257 5542 cunda
2291 5486 2461 5540 Basil.
2513 5488 2723 5541 addunt
2749 5488 2827 5559 tu,
2853 5486 3277 5559 τῶνμοὺρανῶν,
3309 5489 3659 5559 quandi-sunt

2071 5559 2128 5613 in
2178 5564 2304 5612 octo
2353 5573 2486 5611 mss.
2526 5567 2581 5610 et
2631 5558 2865 5612 vetustis
2911 5557 3291 5626 editio’nibus.
3328 5557 3498 5612 Paulo
3534 5566 3660 5626 post

2071 5628 2225 5683 deest
2245 5629 2300 5681 in
2322 5642 2422 5699 sex
2450 5642 2581 5681 mss.
2606 5629 2880 5699 articulus
2910 5635 3040 5685 ante
3067 5625 3351 5699 οὐρανούς,
3376 5625 3546 5698 quem
3576 5636 3662 5683 ta-

2075 5714 2204 5755 men
2244 5698 2519 5753 habebant
2553 5697 2708 5754 editi.
