3988 6194
328 335 438 393 δὶθ

1215 332 1701 390 EPISTULABUM
1738 332 2027 389 CLASSIS
2062 323 2126 386 il.
2168 328 2386 386 EPIST.
2425 328 2636 387 CXXV.

3467 329 3574 389 558

405 455 461 510 ὅ.
516 451 670 506 Ἐπεὶ
692 447 784 508 οῦν
817 451 1050 507 ἐνταῦθα
1081 451 1149 507 τὰ
1181 453 1280 524 μὲν
1310 452 1446 508 ἄλλα
1475 454 1787 525 ἀρκούντως
1812 454 1905 506 καὶ

2074 451 2133 506 5.
2165 448 2428 517 Quoniam
2479 449 2646 520 igitur
2691 446 2781 502 hic
2834 454 3031 503 caetera
3063 446 3282 518 quidem
3321 447 3479 517 plene
3520 454 3576 504 et

325 541 579 614 ἀκριϐῶς
621 541 923 614 διώρισται,
973 541 1044 595 τὰ
1088 543 1185 614 μὲν
1218 543 1312 597 ἐπὶ
1342 543 1624 615 διορθώσει
1653 543 1760 598 τῶν
1786 542 1907 614 βλα-

327 635 562 698 σέντων,
594 635 664 688 τὰ
701 634 758 688 δὲ
797 636 879 698 είς
918 634 1274 706 προφυλακὴν
1300 635 1409 688 τῶν
1443 634 1905 707 προσδοκωμένων

328 724 744 796 ὑποφυήσεθαι·
796 727 825 778 ὁ
868 724 925 778 δὲ
978 725 1107 796 περὶ
1157 726 1251 779 τοῦ
1297 724 1612 796 Πνεύματος
1657 725 1812 793 λόγος
1848 726 1906 778 έν

327 817 662 889 παραδρομῇ
711 820 910 880 κεῖται,
960 817 1218 887 οὐδεμιᾶς
1265 816 1587 887 ἐξεργασίας
1638 815 1904 881 ἀξιωθεὶς,

325 908 423 962 διὰ
468 910 528 962 τὸ
577 908 800 978 μηδέπω
841 908 963 961 τότε
1011 906 1169 961 τοῦτο
1208 908 1526 977 κεκινῆσθαι
1563 907 1622 960 τὸ
1664 906 1904 978 ζήτημα,

327 1000 452 1054 ἀλλ’
485 999 931 1054 ἀνεπιϐούλευτον
973 998 1298 1070 ἐνυπάρχειν
1339 1002 1458 1062 ταῖς
1485 998 1593 1051 τῶν
1629 997 1908 1051 πιστευόν-

325 1107 440 1144 των
479 1090 679 1161 ψυχαῖς
709 1093 808 1163 τὴν
839 1090 963 1164 περὶ
1009 1090 1173 1146 αὑτοῦ
1221 1091 1490 1145 διάνοιανο
1537 1091 1679 1144 κατά
1714 1090 1907 1161 μικρὸν

324 1181 387 1235 δὲ
432 1183 691 1253 προϊόντα
721 1183 787 1235 τά
832 1182 1045 1254 πονηρὰ
1084 1184 1183 1252 τῆς
1218 1182 1470 1245 ἀσεϐείας
1513 1183 1820 1252 σπέρματα,
1871 1180 1909 1235 ἀ

325 1273 594 1344 πρότερον
633 1275 729 1343 μὲν
771 1273 875 1326 ὑπὸ
925 1273 1136 1345 Ἀρείου
1174 1273 1268 1326 τοῦ
1300 1273 1602 1343 προατάτου
1630 1272 1728 1342 τῆς
1757 1271 1907 1344 αἱρέ-

327 1380 473 1427 σεως
524 1363 854 1435 κατεϐλήθη,
905 1362 1131 1435 ὕστερον
1185 1364 1240 1417 δὲ
1285 1362 1388 1416 ὑπὸ
1436 1363 1544 1416 τῶν
1588 1362 1656 1415 τὰ
1699 1362 1906 1415 ἐκείνου

327 1453 518 1518 κακῶς
549 1453 962 1524 διαδεξαμένων,
990 1454 1083 1505 ἐπὶ
1116 1453 1259 1523 λύμῃ
1298 1452 1405 1507 τῶν
1451 1451 1782 1521 Ἐκκλησιῶν
1824 1452 1910 1518 ὲξ-

327 1543 565 1615 ετράφη,
608 1546 702 1597 καὶ
738 1547 771 1615 ή
808 1544 1094 1598 ἀκολουθία
1135 1544 1233 1613 τῆς
1260 1544 1512 1606 ἀσεϐείας
1534 1546 1613 1606 εἰς
1640 1544 1738 1615 τὴν
1770 1542 1909 1597 κατά

325 1634 427 1687 τοῦ
462 1635 778 1704 Πνεύματος
819 1635 1165 1706 βλασφημίαν
1216 1634 1531 1706 ἀπέσκηψεν
1559 1635 1670 1705 (339)
1693 1652 1706 1665 '
1737 1635 1907 1702 ἀναγ-

2005 547 2256 594 accurate
2287 536 2513 593 deﬁnita
2557 541 2707 603 sunt,
2736 535 2936 605 partim
2971 534 3040 590 ad
3073 532 3412 589 emendanda
3452 549 3577 603 qua:

2005 629 2133 685 laesa
2164 628 2416 692 fuerant,
2460 627 2660 699 partim
2701 626 2767 680 ad
2799 625 3160 697 praecavenda
3200 640 3323 695 qua:
3351 624 3575 679 suboriv

2006 728 2128 774 tura
2178 718 2646 789 praevidebantur;
2692 716 2945 773 doctrina
3000 722 3184 771 autem
3242 715 3311 770 de
3368 713 3578 786 Spiritu

2008 817 2200 867 sancto
2231 810 2465 865 strictim
2518 809 2732 879 posita,
2765 822 2867 862 nec
2920 807 3085 861 ullam
3134 805 3577 876 disquisitionem

2005 903 2125 956 visa
2164 901 2478 971 requirere,
2519 915 2585 955 eo
2624 899 2765 970 quod
2811 898 3056 953 nondum
3108 905 3241 951 tunc
3280 903 3425 951 esset
3465 896 3579 951 haec

2007 1005 2152 1047 mota
2184 994 2443 1063 quaestio,
2479 991 2575 1046 sed
2618 992 2737 1046 sine
2769 988 2985 1045 insidiis
3035 989 3201 1043 insita
3257 994 3404 1042 esset
3454 1001 3578 1053 cre-

2007 1080 2249 1136 dentium
2281 1080 2481 1136 animis
2523 1080 2591 1135 de
2629 1080 2720 1133 illo
2754 1078 3025 1135 sententia
3056 1096 3069 1131 :
3103 1076 3363 1149 paulatim
3396 1086 3579 1130 autem

2007 1174 2312 1230 crescentia
2370 1174 2670 1244 impietatis
2706 1172 2951 1237 semina,
2987 1186 3109 1240 qua:
3166 1171 3319 1241 prius
3356 1170 3578 1240 quidem

2008 1269 2076 1324 ab
2106 1268 2237 1321 Ario
2268 1268 2490 1323 hmresis
2537 1275 2761 1320 anetorc
2786 1264 2976 1334 jacta',
3014 1278 3206 1333 postea
3240 1277 3370 1319 vero
3406 1264 3474 1317 ab
3513 1264 3581 1318 iis

2007 1361 2102 1431 qui
2132 1361 2280 1414 illius
2312 1373 2530 1414 errores
2576 1358 2822 1426 improbe
2870 1364 3236 1426 exceperunt,
3278 1354 3345 1409 ad
3387 1354 3582 1410 Eccle-

2009 1452 2215 1504 siarum
2257 1448 2559 1519 perniciem
2623 1447 2864 1501 enutrita
2912 1453 3081 1510 sunt,
3114 1445 3347 1515 ipsaque
3386 1444 3584 1515 impie—

2008 1542 2140 1597 tatis
2172 1541 2343 1596 series
2374 1541 2430 1594 in
2476 1538 2873 1607 blasphemiam
2903 1543 3094 1591 contra
3146 1536 3415 1606 Spiritum
3450 1553 3582 1591 eru-

2012 1633 2126 1703 pit;
2185 1638 2477 1701 propterea
2526 1627 2792 1683 adversus
2826 1642 2958 1690 eos,
3017 1627 3112 1697 qui
3165 1626 3410 1697 sibiipsis
3471 1642 3582 1682 non

326 1728 487 1780 καῖον
544 1726 678 1796 πρὸς
744 1728 870 1789 τοὺς
930 1727 1005 1797 μὴ
1080 1726 1427 1797 φειδομένους
1478 1725 1717 1788 ἑαυτῶν,
1778 1724 1909 1796 μηδὲ

2014 1730 2277 1792 parcunt,
2312 1734 2491 1790 neque
2538 1718 2884 1774 inevitabiles
2916 1718 3097 1773 minas
3148 1732 3178 1772 a
3220 1716 3454 1772 Domino
3482 1734 3584 1772 no-

326 1812 749 1883 προορωμένους
772 1813 868 1884 τὴν
888 1812 1127 1881 ἄφυκτον
1155 1812 1405 1885 ἀπειλὴν,
1436 1815 1501 1885 ἣν
1529 1816 1641 1876 τοῖς
1667 1812 1908 1884 βλασφη-

329 1904 527 1976 μοῦσιν
556 1906 637 1967 είς
662 1905 723 1957 τὸ
753 1905 974 1975 Πνεῦμα
1004 1904 1064 1958 τὸ
1093 1905 1284 1975 ἅγιονό
1310 1904 1514 1975 Κύριος
1543 1906 1699 1977 ἡμῶν
1735 1908 1907 1960 ὲπαν⁶

333 1992 587 2045 ετείνατο
639 1992 780 2063 (60),
829 1994 1003 2046 ἐκεῖνο
1062 1996 1396 2066 προτείνειν,
1436 1996 1518 2048 ὅτι
1566 1995 1669 2065 χρὴ
1716 1996 1912 2061 αὐτοὺς

327 2082 750 2154 ἀναθεματίζειν
791 2085 913 2148 τοὺς
959 2084 1213 2154 λέγοντας
1256 2086 1462 2156 κτίσμα
1491 2086 1551 2139 τὸ
1595 2086 1816 2157 Πνεῦμα
1850 2086 1913 2140 τὸ

327 2174 510 2241 ᾶγιον,
546 2174 795 2238 καὶτοὺς
838 2176 1089 2240 νοοῦντας
1134 2175 1296 2242 οὕτω,
1331 2178 1425 2230 καὶ
1453 2179 1581 2240 τοὺς
1623 2177 1695 2248 μὴ
1724 2178 1913 2247 ὁμολο-

324 2264 565 2333 γοῦντας
594 2265 725 2319 αὐτὸ
755 2265 913 2334 φύσει
947 2265 1102 2335 ἀγιον
1131 2263 1289 2331 εἶναι,
1318 2268 1394 2330 ὡς
1422 2266 1536 2320 ἐστι
1570 2267 1727 2335 φύσει
1759 2269 1911 2337 ἆγιος

324 2356 356 2408 ὁ
382 2355 597 2427 Πατὴρ,
627 2357 720 2410 καὶ
749 2356 906 2425 φύσει
938 2358 1091 2425 ἆγιος
1128 2360 1156 2411 ὁ
1182 2359 1331 2422 Υἱὸς,
1368 2357 1482 2411 ἀλλ’
1517 2358 1911 2425 ἀποξενοῦντας

326 2446 467 2500 αὐτὸ
490 2447 591 2516 τῆς
617 2446 765 2510 Θείας
800 2448 893 2500 καὶ
936 2447 1210 2518 μακαρίας
1237 2449 1468 2518 φύσεως.
1525 2450 1822 2516 Ἀπόδειξις
1854 2451 1911 2505 δὲ

325 2538 427 2590 τοῦ
463 2537 628 2610 ὀρθοῦ
664 2541 1009 2610 φρονήματος
1032 2542 1092 2594 τὸ
1132 2541 1205 2613 μὴ
1249 2542 1500 2612 χωρίζειν
1539 2543 1670 2595 αὐτὸ
1703 2543 1912 2613 Πατρὸς

325 2630 428 2682 καὶ
456 2629 585 2682 Υἰοῦ
618 2630 718 2701 (δεῖ
751 2631 860 2700 γὰρ
897 2634 1045 2701 ἡμᾶς
1095 2632 1452 2703 βαπτίζεσθαι
1493 2635 1609 2705 μὲν,
1644 2634 1720 2697 ὡς
1778 2651 1914 2706 παρ-

327 2720 604 2791 ελάϐομεν
626 2739 639 2752 ·
678 2722 954 2776 πιστεύειν
984 2723 1064 2785 δὲ,
1098 2725 1173 2787 ὡς
1220 2723 1591 2794 βαπιζόμεθα
1615 2743 1628 2755 ⁸
1669 2726 1911 2792 δοξάζειν

324 2810 409 2872 δὲ,
443 2812 518 2874 ὡς
552 2812 1015 2884 πεπιστεύκαμεν,
1065 2815 1282 2885 Πατέρα
1311 2816 1404 2868 καὶ
1451 2815 1579 2867 Υἱὸν
1613 2816 1708 2867 καὶ
1758 2813 1911 2882 ἀγιον

331 2903 607 2975 Πνεῦμα),
650 2906 979 2975 ἀφίστασθαι
1019 2905 1075 2960 δὲ
1107 2907 1206 2977 τῆς
1247 2907 1524 2971 κοινωνίας
1570 2907 1675 2962 τῶν
1709 2908 1912 2976 κτίσμα

327 2994 632 3063 λεγόντων,
692 2997 768 3060 ὡς
833 2997 1079 3069 φανερῶς
1142 2997 1600 3069 βλασφημούντων
1624 3015 1638 3029 °
1699 2998 1908 3053 ἐκείνου

2009 1822 2126 1869 stro
2175 1812 2418 1884 Spiritus
2471 1812 2649 1867 sancti
2700 1809 3234 1881 blasphematoribus
3283 1810 3583 1865 intentatas

2008 1907 2392 1977 prospiciunt,
2423 1905 2559 1960 illud
2612 1904 2933 1960 necessario
2981 1903 3398 1975 pr0ponendum
3454 1914 3581 1959 est:

2008 2002 2266 2063 oportere
2319 2001 2378 2047 ut
2407 1993 2759 2049 anathemate
2817 1991 3015 2047 feriant
3046 2009 3143 2049 eos
3188 1994 3280 2065 qui
3318 1991 3582 2065 Spiritum

2010 2091 2261 2137 sanctum
2294 2083 2484 2138 dicunt
2534 2098 2658 2139 esse
2709 2093 3053 2147 creaturam,
3108 2096 3164 2139 et
3219 2100 3316 2140 eos
3367 2085 3462 2156 qui
3502 2085 3585 2140 sic

2011 2173 2287 2237 sentiunt,
2337 2180 2393 2228 et
2425 2187 2521 2228 eos
2573 2172 2667 2242 qui
2698 2188 2807 2227 non
2837 2171 3172 2227 conﬁtentur
3201 2187 3327 2226 eum
3386 2179 3586 2226 natura

2010 2275 2258 2321 sanctum
2307 2279 2462 2328 esse,
2489 2265 2634 2321 sicut
2669 2271 2867 2318 natura
2915 2274 3142 2320 sanctus
3189 2274 3273 2319 est
3305 2262 3490 2328 Pater,
3525 2271 3585 2319 ct

2010 2370 2204 2412 natura
2245 2367 2472 2412 sanctus
2524 2364 2609 2412 est
2646 2353 2819 2412 Filius
2843 2397 2857 2421 ,
2885 2355 2982 2411 sed
3023 2356 3201 2428 ipsum
3244 2371 3272 2409 a
3303 2356 3487 2410 divina
3519 2371 3586 2409 ac

2010 2450 2167 2505 beata
2217 2458 2416 2504 natura
2469 2449 2804 2503 abalienant.
2857 2446 3042 2504 Recta:
3073 2456 3256 2503 autem
3294 2449 3583 2504 sententiae

2011 2547 2389 2609 argumentum
2439 2546 2522 2594 est
2546 2577 2562 2602 ,
2600 2538 2752 2592 illum
2787 2553 2899 2593 non
2956 2552 3214 2608 separare
3250 2552 3279 2591 a
3329 2536 3489 2593 Patre
3529 2545 3587 2592 ct

2013 2631 2154 2686 Filio
2184 2632 2431 2704 (oportet
2475 2633 2619 2688 enim
2654 2647 2756 2688 nos
2809 2632 3077 2701 baptizari
3122 2630 3585 2702 quemadmodum

2012 2722 2323 2793 accepimus
2355 2762 2370 2787 ,
2424 2730 2479 2778 et
2534 2721 2761 2778 credere
2828 2722 3288 2793 quemadmodum
3336 2722 3586 2793 baptiza-

1976 2842 1986 2851 -
2016 2828 2161 2880 mur,
2192 2813 2501 2880 gloriﬁcare
2543 2829 2674 2875 vero
2709 2816 2817 2879 ita,
2853 2824 2912 2868 ut
2941 2814 3252 2878 credimus,
3282 2812 3497 2869 Patrem
3529 2822 3585 2871 et

2012 2903 2209 2960 Filium
2241 2915 2295 2961 et
2350 2905 2614 2976 Spiritum
2647 2907 2936 2979 sanctum)
2970 2917 3133 2978 atque
3170 2910 3335 2963 etiam
3388 2910 3458 2964 ab
3488 2925 3587 2964 eu-

2012 3009 2133 3047 rum
2191 2994 2282 3063 qui
2330 2993 2593 3064 Spiritum
2644 3003 2953 3052 creaturam
2994 2997 3225 3063 dicunt,
3284 3006 3344 3052 ut
3398 3010 3587 3069 aperta

326 3087 805 3158 διωμολογημένου
844 3067 1134 3160 (ἀναγκαία
1165 3090 1274 3160 γάρ
1314 3067 1783 3162 -ὲπισημείωσις
1825 3090 1910 3145 διὰ

2012 3082 2508 3153 blasphemantium
2534 3123 2549 3149 ,
2586 3086 2972 3138 conununiuue
3002 3088 3257 3142 recedere
3287 3106 3300 3142 :
3348 3067 3453 3141 hoc
3491 3105 3587 3143 ex-

328 3178 463 3241 τοὺς
501 3170 1029 3248 συκοφάντας),“δτι
1072 3179 1196 3233 οὗτε
1244 3182 1533 3253 ἀγέννητον
1576 3182 1804 3253 λέγομεν
1850 3182 1912 3235 τὸ

327 3268 560 3340 Πνεῦμα
598 3264 659 3323 τὸ
703 3271 886 3339 ἀγιον·
922 3271 1017 3325 ἕνα
1066 3272 1175 3345 γὰρ
1218 3273 1437 3343 οῐδαμεν
1479 3275 1770 3346 ἀγέννητον
1818 3275 1912 3328 καὶ

333 3363 470 3435 μίαν
515 3364 624 3417 τῶν
675 3364 844 3419 ὄντων
892 3365 1098 3438 ἀρχὴν,
1145 3366 1235 3419 τὸν
1288 3367 1505 3438 Πατέρα
1552 3368 1643 3421 τοῦ
1702 3369 1908 3440 Κυρίου

328 3457 493 3527 ἡμῶν
538 3457 712 3527 Ἰησοῦ
751 3458 985 3525 Χριστοῦ
1006 3475 1019 3489 ’
1054 3457 1178 3512 οὔτε
1210 3461 1502 3529 γεννητόν·
1548 3458 1642 3511 ἕνα
1676 3460 1784 3530 γὰρ
1818 3478 1913 3529 μο-

327 3547 525 3615 νογενῆ
568 3548 626 3600 ὲν
671 3550 731 3619 τῇ
779 3548 1073 3618 παραδόσει
1106 3552 1204 3621 τῆς
1240 3550 1482 3612 Πίστεως
1521 3549 1907 3620 δεδιδάγμεοα·

328 3636 396 3689 τὺ
442 3637 500 3689 δε
549 3636 775 3707 Πνεῦμα
813 3638 909 3707 τῆς
961 3638 1218 3709 ἀληθείας
1250 3640 1311 3691 ἐκ
1357 3637 1448 3692 τοῦ
1495 3639 1707 3709 Πατρὸς
1750 3640 1913 3693 ἐκπο-

333 3727 590 3800 ρεύεσθαι
628 3728 983 3799 διδαχθέντες,
1034 3733 1097 3783 ὲκ
1130 3729 1223 3782 τοῦ
1267 3730 1401 3782 Θεοῦ
1445 3725 1582 3783 εἶναι
1625 3731 1912 3801 ὁμολογοῦ-

335 3835 440 3891 μεν
476 3818 764 3882 ἀκτίστως.
822 3819 1260 3891 Ἀναθεματίζειν
1291 3820 1344 3872 δὲ
1385 3821 1478 3873 καὶ
1517 3821 1641 3884 τοῦς
1668 3821 1909 3893 λειτουρ-

331 3907 491 3976 τικὸν
542 3907 799 3976 λέγοντας
843 3909 903 3963 τὸ
951 3909 1177 3979 Πνεῦμα
1222 3911 1282 3963 τὸ
1334 3910 1520 3977 ἆγιον,
1570 3904 1645 3973 ὡς
1689 3909 1776 3963 διά
1812 3915 1912 3981 τῆς

333 4000 520 4069 φωνῆς
567 3999 768 4071 ταύτης
797 4001 878 4064 εἰς
924 4002 1024 4073 τὴν
1078 4000 1174 4054 τοῦ
1225 4001 1523 4071 κτίσματος
1571 4002 1913 4071 κατάγοντας

331 4091 510 4158 τάξιν.
547 4092 631 4145 Τά
657 4091 763 4162 γάρ
797 4091 1143 4164 λειτουργικά
1172 4091 1456 4163 πνεύματα
1484 4091 1759 4163 κτίσματα
1780 4097 1910 4165 ἡμῖν

331 4184 368 4253 ἡ
409 4183 599 4255 Γραφὴ
631 4183 967 4255 παρέδωκεν,
1001 4183 1249 4246 εἰποῦσα,
1283 4184 1362 4236 ὄτι
1388 4182 1617 4250 Πάντες
1644 4185 1759 4237 εἰσί
1793 4188 1912 4238 λει-

331 4274 616 4343 τουργικὰ
663 4275 973 4343 πνεύματα
1027 4278 1115 4341 είς
1170 4274 1483 4329 διακονίαν
1537 4276 1908 4330 ἀποστελλό-

329 4379 503 4432 μενα.
540 4363 642 4417 Διά
682 4364 739 4418 δὲ
768 4366 895 4429 τοὺς
924 4366 1099 4420 πάντα
1129 4366 1417 4438 φύροντας,
1464 4368 1559 4421 καὶ
1601 4369 1675 4440 μὴ
1702 4367 1909 4437 φυλάσ-
1940 4399 1986 4454 D

337 4469 529 4518 σοντας
558 4454 657 4525 τὴν
696 4457 755 4508 ὲν
784 4457 897 4520 τοῖς
929 4456 1278 4525 Εὑαγγελίοις
1321 4457 1688 4521 διδασκαλίαν,
1739 4458 1908 4527 ἀναγ-
1948 4503 1956 4511 .

334 4544 489 4597 κατόν
517 4547 631 4598 ἐστι
658 4546 751 4598 καὶ
784 4545 942 4599 τοῦτο
970 4545 1508 4616 προσδιαστείλασθαι
1538 4570 1554 4589 ι
1578 4546 1659 4599 ὅτι
1691 4546 1909 4615 φεύγειν

333 4632 545 4686 δεῖκαὶ
587 4636 713 4698 τοὺς
739 4636 837 4706 τὴν
883 4636 1201 4690 ἀκολουθίαν
1250 4638 1315 4707 ἣν
1356 4637 1671 4707 παρέδωκεν
1717 4639 1846 4708 ἡμῖν
1879 4639 1908 4690 ὁ

334 4726 541 4794 Κύριος
590 4728 995 4797 ἐναμείὸοντας,
1044 4730 1116 4794 ὡς
1164 4729 1413 4800 φανερῶς
1462 4731 1799 4800 μαχομένους
1840 4732 1907 4801 τῇ

334 4816 587 4887 εὐσεϐείᾳ
616 4817 762 4887 (61)⁶
800 4820 893 4872 καὶ
935 4819 1063 4872 Υἱὸν
1103 4820 1201 4890 μὲν
1236 4819 1638 4890 προτάσσοντας
1678 4820 1770 4873 τοῦ
1802 4821 1912 4874 Πα-

332 4909 483 4981 τρὸς,
539 4909 668 4963 Υίοῦ
719 4910 775 4963 δὲ
824 4911 884 4964 τὸ
936 4910 1155 4982 Πνεῦμα
1205 4911 1266 4964 τὸ
1322 4912 1474 4979 ἆγιον
1536 4911 1910 4982 προτιθέντας.

347 5001 628 5072 Ἀκίνητον
651 5011 760 5074 γαρ
797 5003 892 5057 καὶ
933 5003 1401 5074 ἀπαρεγχείρητον
1428 5002 1718 5071 φυλάσσειν
1746 5019 1911 5074 προσ-

333 5094 459 5162 ήκει
496 5095 595 5165 τὴν
629 5094 968 5162 ἀκολουθίαν,
999 5096 1065 5168 ἢν
1110 5096 1169 5161 ἐξ
1215 5097 1385 5166 αὐτῆς
1417 5095 1511 5150 τοῦ
1552 5096 1758 5168 Κυρίου
1810 5096 1911 5167 τῆς

335 5186 521 5257 φωνῆς
560 5187 959 5259 παρελάϐομεν,
1005 5189 1250 5255 είπόντος
1270 5206 1284 5220 °
1336 5188 1757 5257 Πορευθέντες,
1792 5205 1908 5257 μα-

410 5386 524 5418 ίοσυ
556 5384 721 5443 Hebr.
762 5401 802 5453 ι,
828 5386 915 5444 ﬂ.

408 5568 517 5642 (53)
547 5569 951 5642 Ἃπέσκηψεν.
981 5569 1148 5625 Coisl.
1180 5579 1412 5641 uterque
1439 5579 1494 5624 et
1523 5582 1668 5624 unus
1700 5579 1768 5623 ex
1796 5564 1904 5622 Be-

338 5638 440 5708 gtis
461 5638 789 5708 ἐπέσκηψεν.

407 5709 520 5782 (69)
561 5712 1030 5767 Ἐπανετεινατο.
1065 5708 1236 5766 Coisl.
1258 5710 1469 5778 primus
1504 5708 1896 5765 ἐπανετείνετο.

2013 3176 2225 3246 plorato
2275 3185 2330 3230 et
2389 3177 2528 3231 citra
2585 3178 3021 3232 controversiam
3084 3188 3338 3234 manente
3409 3182 3585 3250 (nam

2012 3268 2323 3323 necessaria
2370 3276 2456 3323 est
2488 3268 2559 3323 ob
2608 3268 2976 3338 sycophantas
3016 3268 3361 3340 observatio)
3409 3286 3587 3340 neque

2012 3358 2312 3430 ingenitum
2354 3360 2461 3413 dici
2502 3374 2532 3413 a
2582 3360 2740 3415 nobis
2798 3358 3061 3430 Spiritum
3095 3375 3211 3414 εδει(
3232 3368 3383 3428 tum;
3416 3378 3585 3416 unum

2011 3453 2157 3507 enim
2212 3451 2466 3507 novimus
2500 3452 2840 3522 ingenitum,
2869 3459 2923 3506 et
2961 3468 3129 3506 unum
3189 3468 3370 3508 rerum
3433 3457 3588 3524 prin-

2012 3544 2213 3612 cipium
2239 3582 2254 3606 ,
2304 3541 2519 3599 Patrem
2556 3542 2771 3596 Domini
2820 3542 2996 3598 nostri
3037 3541 3168 3599 Jesu
3212 3543 3417 3600 Christi
3448 3565 3461 3601 :
3495 3562 3588 3601 ne-

2013 3650 2120 3705 que
2174 3635 2454 3706 genitum;
2502 3652 2672 3690 unum
2724 3637 2871 3690 enim
2923 3651 3069 3691 esse.
3101 3638 3478 3707 unigenitum,
3529 3639 3585 3695 in

2017 3724 2141 3779 ﬁdei
2178 3725 2472 3780 traditione
2517 3726 2860 3780 didicimus:
2910 3724 3175 3796 Spiritum
3213 3737 3393 3781 autem
3445 3728 3589 3783 veri-

2015 3815 2144 3868 tatis
2170 3829 2236 3868 ex
2266 3812 2428 3870 Patre
2458 3817 2759 3885 procedere
2788 3817 2966 3871 edocti
2988 3859 3001 3883 ,
3033 3833 3098 3871 ex
3144 3816 3257 3873 Deo
3291 3835 3414 3874 esse
3448 3836 3585 3874 con-

2013 3909 2231 3960 ﬁtemur
2297 3907 2436 3960 citra
2494 3910 2852 3962 creationem.
2909 3908 3183 3964 Praeterea
3240 3912 3589 3967 anathemate

2014 3999 2275 4067 feriendi,
2319 4003 2412 4072 qui
2469 4000 2997 4057 administratorium
3061 4003 3253 4059 dicunt
3316 4002 3583 4075 Spiritum

2012 4102 2297 4156 sanctum,
2346 4103 2406 4149 ut
2454 4095 2547 4165 qui
2603 4095 2757 4149 illum
2813 4096 2870 4150 in
2919 4106 3298 4151 creaturarum
3334 4097 3584 4155 ordinem

2012 4185 2115 4238 hac
2156 4200 2293 4241 voce
2340 4186 2656 4241 detrudant.
2690 4182 2824 4247 Nam
2876 4185 3378 4244 administratorios
3417 4189 3585 4260 spiri-

2013 4282 2102 4332 tus
2162 4285 2444 4331 creaturas
2479 4292 2602 4333 esse
2651 4278 2811 4333 nobis
2864 4278 3090 4337 tradidit
3132 4276 3456 4349 Scriptura,
3489 4280 3585 4335 ubi

2013 4365 2201 4420 dicit:
2262 4365 2453 4420 Omnes
2505 4376 2631 4421 sunt
2688 4367 3137 4423 administratorii
3205 4371 3470 4437 spiritus,
3530 4376 3587 4426 in

2015 4454 2366 4508 ministerium
2392 4455 2541 4509 missi
2560 4454 2698 4512 ’δ’ίὲ
2717 4453 2958 4525 Denique
2975 4464 3197 4526 propter
3225 4473 3319 4513 eos
3341 4458 3434 4527 qui
3463 4474 3585 4513 om-

2014 4546 2104 4599 nia
2133 4546 2497 4616 permiscent,
2537 4563 2640 4603 nec
2675 4546 2981 4602 doctrinam
3015 4549 3068 4603 in
3112 4547 3423 4621 Evangeliis
3454 4552 3588 4605 reli-

2014 4648 2155 4691 ctam
2210 4638 2370 4708 217
2412 4640 2761 4707 custodiunt,
2802 4654 3030 4696 necesse
3068 4649 3152 4697 est
3206 4642 3309 4696 hoc
3365 4658 3588 4713 quoque

2015 4727 2317 4795 declarare,
2354 4746 2449 4786 eos
2471 4732 2633 4785 etiam
2678 4732 2771 4803 qui
2804 4733 3050 4787 ordinem
3091 4733 3252 4789 nobis
3294 4749 3323 4787 a
3356 4734 3589 4789 Domino

2016 4820 2279 4875 traditum
2342 4822 2654 4889 invertunt,
2713 4836 2765 4879 et
2807 4824 3003 4879 Filium
3055 4834 3184 4880 ante
3237 4824 3495 4889 Patrem,
3536 4835 3588 4881 et

2019 4911 2282 4981 Spiritum
2313 4924 2559 4970 sanctum
2589 4925 2714 4970 ante
2755 4914 2954 4970 Filium
3006 4917 3317 4984 collocant,
3367 4916 3588 4987 fugien-

2016 5004 2118 5060 dos
2166 5020 2325 5071 esse,
2370 5015 2432 5061 ut
2477 5009 2572 5078 qui
2625 5018 2814 5080 aperte
2870 5024 2994 5063 cum
3051 5008 3256 5079 pietate
3316 5019 3583 5081 pugnent.

2015 5092 2279 5153 Immotus
2316 5098 2462 5153 enim
2504 5106 2558 5153 et
2604 5098 2936 5154 inviolabilis
2982 5098 3376 5155 custodiendus
3407 5100 3541 5154 ordo
3566 5141 3583 5167 ,

2015 5203 2179 5259 quem
2205 5204 2274 5245 ex
2318 5190 2440 5261 ipsa
2490 5188 2704 5247 Domini
2746 5204 2882 5247 voce
2923 5190 3187 5246 traditum
3222 5190 3582 5262 accepimus,

2011 5637 2040 5692 Θ
2079 5567 2194 5691 ἔοι)
2230 5566 2305 5637 Τῇ
2331 5568 2625 5635 έινσεϐείᾳ.
2659 5569 2738 5623 lta
2775 5582 2971 5624 novem
3004 5574 3143 5625 mss.
3184 5564 3327 5623 Editi
3365 5564 3583 5639 τῇἀλη-

2046 5655 2071 5692 ε
2097 5656 2152 5692 α.

2046 5655 2152 5693 εια.
