3988 6194
399 324 501 384 55!

1738 314 1798 368 S.
1832 311 2076 368 BASILII
2116 310 2332 367 MAGNI

3564 303 3669 360 552

399 438 676 496 dicentis:
715 437 910 493 Euntes
964 437 1146 491 docete
1205 449 1381 488 omnes
1433 441 1610 505 gentes
1638 472 1652 493 ,
1695 431 1982 498 baptizan-

2099 431 2412 498 intedrraze
2467 429 2664 482 πάντα
2702 427 2773 480 τὰ
2801 427 2969 495 ἔθνη,
3019 427 3412 493 βαπτίζοντες
3445 427 3670 492 αὐτοὺς

403 542 478 588 tes
507 550 592 587 eos
628 533 681 585 in
718 531 930 586 nomine
954 527 1163 592 Patris,
1193 535 1243 581 et
1275 524 1428 589 Filii,
1470 534 1518 578 et
1559 522 1796 592 Spiritus
1849 541 1975 578 san-

402 622 553 674 cu‘ﬁ

739 726 1070 796 Subscriptio
1105 726 1377 780 Eustathii
1402 728 1660 797 episcopi.

475 820 794 876 Eustathius
819 819 1116 889 episcopus
1148 819 1266 874 haec
1295 833 1328 872 a
1362 819 1570 874 metibi
1603 818 1808 873 Basilio
1840 818 1980 872 lecta

405 915 632 986 agnovi;
665 921 720 968 et
753 927 816 968 ea
840 925 959 982 quae
990 927 1156 982 supra
1190 912 1395 982 scripta
1428 918 1579 975 sunt,
1605 912 1976 981 comprobavi.

407 1007 717 1075 Subscripsi
757 1015 940 1059 autem
971 1019 1081 1057 una
1127 1019 1344 1059 mecum
1392 1005 1759 1073 praesentibus
1799 1004 1983 1058 fratri-

404 1098 530 1161 bus,
564 1096 840 1152 Frontone
871 1104 1064 1151 nostro
1084 1136 1100 1162 ,
1133 1104 1188 1151 et
1221 1096 1618 1167 chorepiscopo
1654 1094 1890 1161 Severo,
1928 1104 1983 1151 et

402 1190 527 1245 aliis
558 1189 890 1259 quibusdam
921 1189 1160 1251 clericis.

897 1336 1235 1398 EPISTOLA
1272 1341 1533 1399 CXXVI‘.

2079 524 2164 586 εὶς
2207 521 2272 573 τὸ
2314 521 2498 589 ὄνομα
2542 518 2649 573 τοῦ
2677 520 2922 587 Πατρός,
2949 520 3181 573 καὶτοῦ
3224 519 3384 584 Υίοῦ,
3422 518 3526 572 καὶ
3561 519 3670 572 τοῦ

2083 614 2258 684 ἁγίου
2287 614 2652 682 Πνεύμαῖος.

2256 726 2591 796 Ὑπογραφὴ
2627 726 2741 797 (62)
2775 727 3117 778 Εὑσταθίου
3144 723 3503 778 ἐπισκόπου.

2153 818 2449 882 Εὐστάθιος
2484 817 2594 887 (65)
2631 817 2928 880 ἐπίσκοπος
2975 817 3057 869 σοὶ
3101 815 3364 886 Βασιλείῳ
3400 815 3670 884 ἀναγνοὺς

2085 910 2376 981 ἐγνώρισα,
2401 911 2496 964 καὶ
2531 911 2794 981 συνῄνεσα
2816 913 2928 973 τοῖς
2969 910 3498 980 προγεγραμμένοις·
3536 909 3672 960 Ύπ-

2089 1001 2302 1072 έγραψα
2341 1001 2397 1054 δὲ
2429 1000 2828 1072 συμπαρόντων
2867 1017 2957 1070 μοι
2987 1001 3092 1053 τῶν
3124 999 3386 1070 ἀδελφῶν,
3415 1000 3507 1053 τοῦ
3535 1003 3670 1069 ἡμε-

2087 1097 2248 1166 τέρου
2285 1096 2612 1166 Φρόντωνος,
2643 1094 2736 1148 καὶ
2766 1094 2861 1147 τοῦ
2892 1094 3308 1165 χωρεπισκόπου
3345 1093 3459 1166 (64)
3499 1093 3671 1164 Σεὸή-

2091 1204 2208 1260 ρου,
2237 1188 2332 1241 καὶ
2354 1185 2526 1242 ἄλλων
2553 1186 2714 1240 τινῶν
2745 1185 3038 1258 κληρικῶν.

2619 1342 2972 1399 ΕΠΙΣΤΟΛΗ
3008 1345 3201 1411 PKQ”.

407 1455 673 1519 Atarbium,
698 1455 784 1522 qui
804 1455 1383 1529 advenienteNicgpolim
1407 1457 1592 1529 Basilio
1613 1459 1896 1529 aufugerat,
1915 1465 2180 1529 commonet
2221 1457 2434 1529 Basilius
2456 1464 2509 1508 ut
2529 1459 2594 1529 ad
2616 1475 2668 1529 se
2701 1460 2876 1521 veniat,
2900 1459 3134 1529 rationem
3165 1473 3331 1529 eorum
3368 1458 3672 1518 redditurus,

866 1531 978 1585 quis
1001 1526 1168 1569 contra
1189 1521 1432 1570 Basiliam
1454 1527 1505 1571 in
1525 1521 1762 1582 Ecclesia)
1778 1529 1824 1574 et
1843 1529 2014 1572 contra
2031 1521 2180 1587 ﬁdem
2202 1521 2388 1572 dixisse
2415 1535 2523 1572 eum
2545 1521 2641 1571 viri
2670 1535 2842 1586 graves
2862 1523 3218 1580 asseverabant,

1065 1623 1310 1678 Atarbio.

475 1715 611 1769 Cum
645 1713 954 1786 Nic0polim
983 1731 1162 1786 usque
1191 1718 1467 1772 venissem
1490 1756 1505 1781 ,
1552 1732 1786 1788 sperans
1817 1733 1904 1773 me
1931 1727 1987 1774 et

2667 1626 2945 1695 Ἀταρϐίῳ
2972 1627 3103 1698 (65).

2159 1718 2600 1790 Παραγενόμενοι
2639 1717 2800 1788 μέχρι
2838 1716 2936 1787 τῆς
2983 1716 3326 1780 Νικοπόλεως
3372 1718 3459 1770 ἐπ’
3491 1717 3675 1770 ἐλπίδι

406 1807 676 1862 tumultus
731 1785 1002 1862 excitatos
1066 1785 1388 1862 sedaturum
1443 1815 1499 1862 et
1546 1785 1816 1878 quantum
1872 1807 1990 1864 ﬁeri

2099 1807 2188 1861 τοῦ
2233 1785 2339 1862 καὶ.
2374 1785 2472 1870 τὰς
2513 1785 2826 1879 κινηθείσας
2871 1785 3113 1876 ταραχὰς
3162 1807 3674 1879 ἐπανορθώσασθαι,

407 1905 626 1969 posset,
692 1898 996 1952 remedium
1057 1897 1145 1952 his
1209 1914 1332 1968 qua:
1379 1909 1577 1968 praeter
1630 1898 1878 1953 ordinem
1926 1915 1990 1954 ac

408 1990 582 2061 legem
611 1988 1044 2044 ecclesiasticam
1079 1998 1201 2044 acta
1250 1990 1468 2044 fuerant
1490 2032 1506 2057 ,
1533 1991 1806 2055 laturum;
1839 1991 1988 2046 dolui

408 2083 776 2148 vehementer,
822 2082 915 2137 ubi
974 2083 1303 2152 probitatem
1367 2095 1515 2138 tuam
1583 2101 1693 2139 non
1751 2084 1986 2148 oﬂ'endi,

410 2173 504 2228 sed
535 2182 587 2228 te
627 2174 776 2227 omni
805 2175 1089 2230 celeritate
1136 2175 1302 2230 didici
1353 2175 1670 2232 excessisse
1695 2217 1709 2241 ,
1762 2177 1928 2247 idque
1959 2193 1990 2233 e

409 2263 591 2319 medio
623 2262 736 2318 fere
760 2272 1068 2329 conventu,
1102 2265 1250 2334 quia
1284 2265 1443 2321 vobis
1476 2267 1808 2324 habebatur.
1841 2269 1990 2336 Qua-

411 2362 634 2424 propter
665 2355 981 2410 necessario
1005 2355 1075 2411 ad
1116 2356 1468 2411 scribendam
1502 2360 1792 2428 epistolam
1824 2361 1948 2415 veni
1971 2402 1988 2428 ,

412 2459 522 2514 qua
549 2452 604 2500 te
633 2452 694 2499 ut
747 2446 816 2501 ad
854 2461 959 2502 nos
994 2446 1226 2504 accedas
1254 2462 1581 2504 commoneo
1601 2491 1616 2516 ,
1648 2461 1709 2507 ut
1749 2453 1866 2523 ipse
1895 2469 1992 2523 per

411 2543 468 2590 te
516 2551 813 2592 mmrorem
869 2545 1119 2592 nostrum
1183 2540 1403 2604 lenias,
1454 2555 1568 2610 quo
1622 2542 1691 2597 ad
1756 2550 1988 2599 mortem

415 2641 589 2697 usque
612 2629 848 2697 perculsi
877 2644 1091 2693 sumus,
1121 2638 1414 2701 postquam
1442 2634 1758 2691 audivimus
1793 2645 1844 2691 te
1877 2652 1991 2691 me-

412 2717 500 2772 dia
542 2719 598 2773 in
637 2721 873 2775 ecclesia
900 2737 1098 2778 ausum
1146 2737 1211 2778 ea
1244 2738 1370 2779 esse
1390 2763 1405 2789 ,
1431 2741 1554 2794 qua;
1584 2727 1850 2783 hactenus
1893 2743 1990 2782 au-

414 2811 568 2867 ribus
609 2812 819 2868 nostris
864 2813 1111 2868 inaudita
1162 2825 1342 2871 erant.
1391 2817 1574 2888 Atque
1607 2819 1724 2873 haec
1767 2819 1987 2889 quidem

411 2902 519 2958 etsi
563 2904 795 2960 molesta
842 2919 908 2960 ac
956 2907 1144 2977 gravia
1177 2947 1192 2972 ,
1230 2908 1411 2963 adhuc
1458 2921 1638 2965 tamen
1685 2912 1989 2966 tolerabilia

414 3005 576 3060 sunt,
609 3005 800 3068 utpote
833 2998 889 3053 in
912 2999 1188 3056 hominem
1216 3011 1405 3073 gesta,
1439 3004 1533 3074 qui
1565 3004 1858 3060 vindictam
1892 3021 1988 3060 eo-

415 3101 538 3142 rum
574 3103 697 3158 quae
744 3105 943 3160 passus
975 3100 1066 3146 est
1097 3089 1209 3148 Deo
1237 3094 1586 3149 committens
1606 3135 1622 3160 ,
1658 3102 1806 3150 totus
1836 3095 1892 3149 in
1926 3111 1992 3149 eo

414 3187 500 3235 est
537 3188 596 3233 ut
639 3181 898 3237 conciliet
939 3198 1164 3253 pacem,
1189 3199 1291 3240 nec
1331 3201 1431 3241 sua
1457 3185 1617 3256 culpa
1658 3187 1808 3240 noxii
1836 3187 1996 3258 quid-

413 3286 579 3342 quam
614 3273 819 3342 populo
861 3272 973 3329 'Dei
1027 3277 1266 3331 eveniat.
1319 3277 1425 3332 Sed
1469 3279 1598 3348 quia
1645 3281 1896 3334 nonnulli
1930 3296 1997 3335 ex

415 3360 758 3418 honorandis
811 3372 865 3418 et
905 3363 1008 3420 ﬁde
1060 3368 1207 3420 omni
1243 3367 1423 3437 dignis
1466 3367 1733 3426 fratribus
1775 3372 1998 3426 nuutia-

415 3462 615 3506 verunt
643 3453 804 3509 nobis
838 3454 1087 3524 quaedam
1112 3458 1167 3512 in
1189 3457 1295 3513 ilde
1324 3473 1352 3511 a
1383 3467 1437 3514 te
1467 3461 1656 3515 novari
1684 3501 1698 3525 ,
1726 3472 1782 3517 et
1808 3469 1998 3518 contra

416 3557 610 3598 sanam
642 3544 954 3600 doctrinam
985 3549 1361 3617 pronuntiari;
1388 3552 1477 3608 his
1514 3553 1688 3624 magis
1714 3556 1997 3619 commoti,

416 3640 581 3702 atque
612 3649 811 3705 magno
861 3645 997 3692 testu
1046 3641 1276 3710 agitati,
1329 3658 1397 3698 ne
1452 3652 1651 3714 pragter
1711 3646 2000 3700 innumera

413 3724 640 3780 vulnera
670 3726 856 3784 abhis
901 3731 997 3801 qui
1044 3731 1100 3785 in
1140 3732 1415 3805 Evangelii
1466 3739 1756 3794 veritatem
1805 3753 2002 3808 pecca-

484 3863 528 3894 ¹⁶
559 3862 756 3920 Matth.
799 3881 1001 3932 xxmt,
1041 3867 1128 3922 i9.

488 3999 700 4074 'mAlias
727 3999 1088 4074 CCCCLXIY.
1127 4001 1340 4074 Scripta
1373 4021 1519 4060 anno
1552 4007 1678 4062 575.

489 4068 598 4146 (62)
643 4070 994 4146 Ὺέογραρή.
1022 4072 1175 4146 ung.
1213 4068 1267 4129 ei
1307 4092 1448 4146 unus
1483 4092 1549 4130 ex
1579 4075 1761 4146 Regiis
1786 4078 1881 4131 καὶ
1903 4079 2002 4133 ὑπ-

417 4136 982 4211 έγραψενξέύστόιθίος
1009 4145 1037 4195 ό
1065 4143 1394 4208 Σεϐαστείας
1423 4136 1744 4211 ἐπίσκοπος,
1788 4157 1839 4202 et
1873 4148 2000 4202 sub-

417 4207 628 4283 scripsit
660 4207 971 4283 Eustathius
997 4211 1256 4283 saltuatim
1288 4207 1584 4283 episcopus.

492 4279 602 4349 (65)
632 4279 990 4349 βύστάθιος.
1037 4279 1327 4338 Ειιίιὶοηοε
1361 4279 1706 4343 Parisienses
1752 4304 1874 4342 cum
1908 4304 1999 4343 se-

420 4347 931 4429 cundaoBasileensi
964 4352 1173 4429 addunt
1193 4354 1303 4423 ἐγώ
1336 4364 1463 4429 ante
1496 4357 1637 4429 hanc
1665 4373 1878 4420 vocem,
1902 4360 1997 4414 sed

418 4416 674 4542 deestli‘n
716 4422 923 4476 nostris
972 4416 1257 4480 codicibus
1285 4433 1340 4480 et
1381 4425 1435 4480 in
1472 4427 1810 4485 editionibus
1849 4416 1997 4484 anti-

420 4503 599 4542 OUIOI'I
645 4503 730 4542 us.

462 4503 730 4543 lllOl'lDllS.

420 4503 1124 4638 ᾳυίἓξῗὲῗῷεπῳκόπυυ.
1161 4560 1331 4620 Coisl.
1387 4565 1602 4634 primus
1641 4574 1697 4622 et
1739 4566 1872 4638 Reg.
1906 4583 1993 4625 se-

420 4627 634 4682 cundus
667 4628 986 4683 ἐπισκόπου.

446 4765 457 4778 .
489 4697 602 4778 (65)
645 4697 933 4778 Ἀταρϐζῳ.
967 4699 1653 4778 codex_(_3laror_nontanus,
1677 4706 1771 4778 qui
1804 4721 1996 4778 recen-

419 4767 670 4841 tissimus
704 4770 1125 4841 e_st,_'_A1:a96i(p
1158 4771 1528 4834 Νικοπόλεως,
1566 4767 1790 4829 Αιαιῖίνίο
1827 4775 1994 4830 Nico-

417 4837 676 4915 potitario.
718 4837 789 4891 At
825 4838 878 4892 id
923 4837 1492 4915 prorsusrepugnat,
1538 4859 1663 4898 cum
1710 4845 1993 4915 Nicopolis

420 4922 534 4983 non
567 4909 906 4983 aliu_m_tpn_g
941 4910 1194 4983 habuerit
1229 4909 1566 4982 epis—comm,
1601 4930 1765 4983 quam
1808 4909 1992 4970 ’Πιθο-

420 4977 628 5050 dotum.
651 4977 834 5050 Codex
865 4980 1033 5036 Coisl.
1054 4977 1475 5050 antiquissimus
1495 4993 1549 5036 et
1567 4977 1708 5039 Med.
1737 4985 1812 5038 ita
1845 4986 1993 5040 hunc

421 5047 640 5124 titulum
678 5048 937 5124 exhibent
959 5069 974 5104 :
993 5047 1260 5122 Ἀταρὸἶῳ
1288 5053 1736 5124 Νεοκαισαρείας,
1767 5055 1993 5110 Atarbio

422 5114 804 5190 Neocmsarew.
840 5118 992 5174 lianc
1026 5114 1354 5190 scripturam
1389 5114 1859 5179 conﬁrmant'non
1891 5128 1995 5179 im-

422 5188 788 5311 grogzlsa'ill'iium
823 5191 1096 5245 rationum
1127 5188 1422 5255 momenta,
1456 5192 1523 5246 de
1553 5195 1756 5263 quibus
1786 5196 1842 5250 in
1874 5196 1993 5251 Vita

469 5296 483 5310 ο
515 5274 729 5311 basim.

495 5325 606 5395 (66)
636 5331 1042 5404 Παραμυθίαν.
1072 5328 1187 5386 Hac
1219 5347 1354 5386 voce
1376 5332 1698 5404 designatur
1727 5343 1995 5404 tempera-

425 5405 668 5475 mentum
698 5399 1052 5475 quoddamgt
1084 5399 1524 5475 accommodatio
1554 5407 1608 5457 in
1651 5405 1816 5458 rebus
1839 5399 1990 5458 'dilli-

425 5467 728 5542 cilioribus.
782 5467 923 5524 Hinc
978 5468 1215 5524 Basilius
1258 5486 1386 5534 eos,
1437 5474 1530 5542 qui
1566 5475 1888 5542 jnraverant
1935 5491 1993 5529 se

426 5535 826 5613 ordinationem
852 5555 959 5613 non
983 5550 1329 5613 accepturos.
1351 5555 1404 5597 et
1430 5535 1615 5611 postea
1640 5553 1989 5613 acceperant,

428 5607 915 5681 negatniinislerio
943 5607 1194 5681 perfringi
1239 5607 1456 5673 debere,
1487 5615 1552 5681 ‘si
1593 5613 1744 5666 nulla
1772 5607 1991 5681 prorsus

428 5677 498 5729 sit
526 5679 607 5755 rei
624 5677 1066 5755 ieniendw_ra_t_io,_
1091 5677 1183 5732 ἐὰν
1215 5682 1452 5752 μηδεμία
1553 5677 1861 5755 μηδαμόθεν
1888 5700 1992 5738 πα-

431 5745 692 5814 ραμυθία,
719 5761 821 5800 can
874 5749 925 5801 1.
955 5747 1157 5804 Ibidem
1191 5741 1722 5822 v'ocat'mp'iuoéidv
1753 5755 1988 5825 prudeu‘

2097 1898 2189 1952 καὶ
2240 1897 2338 1969 τὴν
2389 1897 2748 1968 ἐνδεχομένην
2802 1897 3102 1966 ἐπαγαγεῖν
3152 1897 3503 1967 παραμυθίαν
3559 1898 3675 1968 (66)

2095 1992 2205 2052 τοῖς
2235 1989 2487 2051 ἀτάκτως
2531 1989 2626 2041 καὶ
2655 1987 2806 2059 παρὰ
2833 1987 2924 2040 τὸν
2974 1987 3424 2056 ἐκκλησιαστικὸν
3470 1988 3675 2059 θεσμὸν

2096 2077 2408 2147 γενομένοις
2425 2076 2559 2146 (67),
2587 2076 2794 2147 σφόδρα
2813 2075 2912 2144 ὴθυ
2920 2077 2995 2146 μή
3004 2093 3174 2144 σαμεν
3190 2077 3263 2147 μὴ
3282 2077 3675 2140 καταλαϐόντες

2099 2186 2190 2222 σου
2238 2168 2336 2240 τὴν
2382 2168 2745 2239 χρηστότητα,
2797 2167 2933 2221 ἀλλὰ
2983 2167 3243 2238 μαθόντες
3292 2167 3675 2240 ἐξεληλακέναι

2098 2278 2157 2313 σε
2189 2261 2325 2332 πρὸς
2356 2261 2534 2313 πᾶσαν
2565 2258 2793 2324 ἔπειξίν,
2826 2259 2918 2312 καὶ
2954 2259 3128 2313 ταῦτα
3173 2260 3444 2331 μεσούσης
3490 2263 3677 2331 σχεδὸν

2095 2352 2195 2422 τῆς
2230 2351 2472 2414 συνόδου,
2506 2350 2606 2420 τῆς
2636 2351 2766 2419 παρ’
2813 2348 2966 2420 ὑμῶν
2993 2350 3340 2421 τελουμένης.
3373 2350 3464 2404 Διὸ
3504 2354 3662 2421 ἁναγι

2096 2444 2266 2506 καίως
2294 2444 2386 2496 ἐπὶ
2412 2443 2473 2496 τὸ
2501 2443 2737 2514 γράμμα
2769 2441 3024 2513 ἤλθομεν,
3071 2442 3136 2495 δι’
3168 2434 3229 2494 οὗ
3264 2441 3654 2514 ὑπομιμνήσκο

2098 2551 2199 2606 μεν
2245 2535 2552 2604 ἀπαντῆσαι
2604 2531 2739 2603 πρὸς
2777 2535 2944 2604 ἡμᾶς,
2993 2531 3079 2584 ἵνα
3129 2531 3294 2595 αὐτὸς
3339 2529 3430 2584 διὰ
3476 2532 3676 2586 σαυτοῦ

2096 2625 2468 2698 παραμυθήσῃ
2518 2624 2674 2696 ἡμῶν
2719 2624 2816 2696 τὴν
2861 2623 3058 2696 λύπην,
3109 2623 3176 2695 ἣν
3229 2622 3388 2694 μέχρι
3444 2622 3677 2677 θανάτου

2095 2718 2467 2791 λελυπήμεθα,
2502 2717 2835 2781 ἀκούσαντες
2881 2718 2976 2770 ἐπὶ
3027 2716 3199 2789 μέσης
3240 2719 3339 2790 τῆς
3380 2718 3677 2789 ἐκκλησίας

2095 2809 2459 2882 τετολμῆσθαι
2515 2811 2816 2882 πράγματα
2871 2809 3025 2863 οὔπω
3086 2810 3249 2882 μέχρι
3303 2811 3404 2880 τῆς
3464 2811 3676 2883 ἡμέρας

2095 2903 2299 2973 ταύτης
2355 2905 2433 2967 είς
2491 2902 2661 2974 ἀκοὴν
2711 2903 2984 2973 ἡμετέραν
3029 2900 3275 2955 ἐλθόντα.
3335 2903 3448 2955 Καὶ
3505 2901 3678 2954 ταῦτα

2100 2996 2221 3067 μὲν,
2250 2997 2299 3048 εί
2324 2996 2417 3047 καὶ
2453 2993 2675 3065 λυπηρὰ
2705 2995 2799 3047 καὶ
2829 2992 3018 3064 βαρέα,
3053 2991 3174 3046 ἀλλ’
3199 2991 3278 3047 ἐτι
3326 2992 3561 3065 φορητὰ,
3591 2993 3679 3046 διὸ

2096 3087 2158 3140 τὸ
2187 3088 2266 3151 είς
2311 3085 2599 3158 ἄνθρωπον
2637 3083 2990 3154 γεγενῆσθαι,
3019 3084 3098 3148 ὃς,
3127 3084 3226 3155 τὴν
3272 3083 3413 3155 ὑπὲρ
3457 3080 3535 3138 ὧν
3580 3084 3674 3136 πέι

2099 3177 2294 3231 πονθεν
2336 3176 2617 3247 ἐκδίκησιν
2650 3175 2729 3246 τῷ
2761 3175 2880 3246 Θεῷ
2910 3175 3230 3248 ἐπιτρέψας,
3256 3175 3375 3239 ὅλος
3417 3176 3536 3229 ἐστὶ
3578 3175 3680 3245 τῆς

2097 3271 2322 3342 εἰρήνης
2345 3269 2441 3322 καὶ
2478 3267 2573 3322 τοῦ
2607 3267 2774 3338 μηδὲν
2818 3267 2968 3339 παρὰ
3000 3268 3099 3340 τὴν
3145 3267 3310 3321 αὑτοῦ
3345 3267 3459 3340 (68)
3501 3269 3680 3321 αἰτίαν

2101 3360 2365 3433 βλαϐερὸν
2396 3359 2642 3428 γίνεσθαι
2667 3358 2744 3430 τῷ
2769 3358 2882 3430 λαῷ
2904 3357 2998 3412 τοῦ
3010 3357 3164 3414 Θεοῦ.
3200 3359 3416 3430 Ἐπειδὴ
3441 3359 3500 3412 δέ
3536 3376 3680 3422 τινες

2097 3453 2204 3506 τῶν
2231 3451 2427 3524 τιμίων
2454 3451 2548 3504 καὶ
2573 3450 2755 3522 πάσης
2775 3450 3013 3514 πίστεως
3041 3448 3207 3516 ἀξίων
3231 3450 3476 3520 ἀδελφῶν
3500 3451 3680 3520 ἀπήγο

2097 3542 2282 3611 γειλαν
2320 3544 2475 3613 ἡμῖν,
2518 3541 2594 3604 ὡς
2627 3542 2756 3612 περὶ
2801 3541 2900 3612 τὴν
2947 3541 3128 3595 πίστιν
3168 3541 3680 3611 καινοτομουμένων

2096 3633 2296 3699 τινῶν,
2331 3633 2426 3687 καὶ
2479 3631 2827 3703 λαλουμένων
2876 3632 3030 3702 παρὰ
3081 3631 3174 3684 σοῦ
3223 3632 3560 3696 ὑπεναντίως
3611 3633 3680 3702 τῇ

2101 3725 2420 3798 ὑγιαινούσῃ
2431 3723 2750 3796 διδασκαλίᾳ
2765 3740 2779 3754 ·
2795 3724 2887 3778 ἐπὶ
2901 3723 3109 3788 τούτοις
3124 3723 3235 3793 (69)
3252 3724 3410 3778 πλέον
3423 3740 3672 3793 συγκινηο

2101 4019 2212 4100 tem
2255 4012 2420 4100 illam_
2459 4013 3045 4100 accommodationem,
3071 4026 3193 4100 [qua
3219 4027 3354 4068 usus
3386 4019 3473 4066 est
3505 4011 3561 4100 in
3594 4010 3681 4100 in-

2101 4081 2462 4154 terpretando
2489 4083 2888 4154 jurejurando,
2917 4098 3029 4153 quo
3070 4081 3361 4154 (Syriacum
3397 4082 3681 4154 presbyte-

2101 4149 2224 4223 rum
2260 4149 2500 4223 Severus
2518 4149 2810 4223 episcopus
2841 4149 3230 4209 obstrinxerat.
3265 4149 3529 4220 Sperabat
3550 4149 3681 4221 ergo

2101 4222 2340 4294 Basilius
2393 4221 3131 4294 Nicopolim—proficiscens,
3176 4237 3236 4277 se
3284 4230 3486 4294 motus,
3537 4237 3680 4294 quos

2103 4292 2295 4348 Fausti
2325 4291 2800 4363 praeter—canones
2832 4294 3125 4363 ordinatio,
3148 4291 3540 4363 concitaverat,
3570 4293 3678 4363 fali-

2103 4378 2216 4434 quo
2251 4360 2680 4434 temperamento
2715 4365 3055 4434 sedaturum.
3101 4362 3281 4434 Atque
3323 4360 3680 4434 inde_colligi

2103 4430 2285 4504 potest
2308 4430 2690 4504 (honoriﬁcum
2739 4430 3364 4504 Fausto,testimdnium
3400 4445 3429 4504 a
3466 4430 3683 4504 Preme-

2029 4477 2075 4534 D
2103 4477 2198 4559 nio
2227 4503 2496 4559 tributum
2535 4504 2726 4575 fuisse,
2756 4521 2917 4575 quem
2947 4503 3184 4575 Basilius
3210 4514 3376 4571 supra
3416 4501 3471 4554 in
3513 4503 3678 4575 epist.

2099 4574 2205 4628 122
2235 4581 2413 4644 rogat,
2440 4581 2509 4644 ut
2544 4572 2837 4630 certiorem
2874 4589 2935 4644 se
2965 4574 3132 4627 faciat
3163 4580 3348 4644 utrum
3370 4585 3461 4644 res
3493 4572 3682 4644 sanari

2096 4660 2272 4699 necne
2301 4639 2498 4714 possit,
2532 4659 2774 4713 numque
2815 4643 3106 4697 laudabilis
3138 4643 3209 4697 sit
3231 4639 3433 4714 Fausti
3462 4641 3575 4714 vita
3605 4641 3683 4694 si-

2098 4711 2658 4784 gniticei._Quomodo
2684 4711 2796 4768 rem
2817 4711 3491 4784 temperaveritliasilius,
3516 4712 3681 4784 plane

2098 4781 2307 4840 nescio.
2343 4782 2453 4838 Sed
2483 4794 2663 4837 tamen
2699 4784 2908 4853 aliquid
2931 4781 3231 4838 communi
3272 4795 3546 4853 consensu
3583 4781 3682 4835 de-

2097 4863 2306 4908 cretum
2354 4861 2408 4907 et
2457 4851 2821 4908 constitutum
2866 4852 3059 4915 fuisse,
3112 4851 3351 4921 perspici
3381 4860 3566 4918 potest
3613 4867 3680 4905 ex

2096 4925 2330 4993 epistola
2364 4924 2641 4993 sequenti,
2673 4923 2728 4977 in
2756 4938 2866 4993 qua
2895 4923 3132 4978 Basilius
3160 4922 3460 4993 plurimum
3487 4937 3548 4975 se
3573 4922 3682 4993 uti-

2097 4990 2270 5048 litatis
2297 4990 2575 5064 engovini
2605 4990 2849 5064 episcopi
2883 4990 3244 5064 adventu,’ac
3272 4992 3452 5064 ipsum
3486 4991 3681 5064 Antbi-

2095 5080 2245 5118 mum
2291 5063 2386 5132 qui
2420 5061 2683 5117 Faustum
2727 5061 3098 5128 ordinaverat,
3125 5063 3240 5132 jam
3285 5061 3392 5114 sibi
3436 5061 3678 5115 amicum

2096 5133 2302 5188 factum
2338 5148 2463 5188 esse
2496 5140 2752 5188 testatur.

2140 5204 2278 5326 é(67)
2313 5201 2692 5272 Γενομένοις.
2726 5200 2868 5259 Med.
2904 5211 2961 5258 et
2990 5200 3162 5258 Coisl.
3202 5199 3417 5271 primus
3445 5217 3677 5270 γεγενη-

2169 5291 2300 5326 νοις.

2169 5291 2300 5336 νοις.

2098 5290 2470 5413 μεῖἕὲῗήαρὰ
2505 5342 2624 5410 τὴν
2646 5341 2856 5397 αὑτοῦ.
2893 5340 3117 5413 Legitur
3165 5339 3360 5396 ἐαυτοῦ
3403 5340 3461 5393 in
3503 5339 3675 5395 Coisl.

2094 5412 2293 5482 primo.
2326 5414 2530 5470 lbidem
2561 5413 2692 5468 editi
2723 5412 2999 5482 γενέσθαι.
3037 5413 3190 5466 Harl.
3221 5413 3400 5482 prima
3431 5425 3595 5463 manu
3627 5420 3678 5464 et

2094 5480 2280 5554 plures
2314 5485 2403 5537 alii
2435 5482 2699 5552 γίνεσθαι.
2736 5480 2868 5538 Mox
2900 5484 3071 5538 codex
3099 5480 3250 5537 Harl.
3273 5480 3385 5534 τῶν
3409 5483 3678 5549 τιμιωτάο

2092 5570 2220 5606 των.
2284 5568 2297 5599 ἔ

2164 5623 2277 5692 (69)
2317 5618 2441 5676 Ἐπὶ
2466 5624 2720 5690 τούτοις.
2752 5622 2923 5679 Coisl.
2948 5624 3162 5693 primus
3193 5623 3289 5676 ἐπὶ
3322 5621 3517 5693 τούτῳ.
3549 5620 3674 5676 Mox

2093 5694 2226 5750 editi
2257 5695 2332 5763 μή
2361 5693 2462 5747 πού
2489 5711 2570 5748 τε.
2615 5693 2723 5752 Sex
2749 5710 2883 5751 mss.
2917 5694 2992 5765 μή
3034 5693 3136 5746 πού
3171 5709 3246 5748 τι.
