3988 6194
394 290 525 364 555'

1548 284 1553 289 ’
1663 292 1729 348 S.
1771 283 2008 346 BASILII
2050 284 2265 342 MAGNI

3545 267 3652 323 556

399 423 512 489 tui;
552 419 646 477 sed
677 408 830 474 cordi
863 428 984 471 meo
1026 420 1235 469 tantam
1274 412 1458 467 inesse
1498 410 1661 480 huius
1707 409 1785 464 rei
1817 405 2002 475 copia

2109 402 2230 456 ὗπω
2259 399 2554 471 δεδύνημαι
2573 410 2586 425 ·
2616 396 2675 450 ἐν
2696 393 2755 448 δὲ
2782 394 2848 464 τῇ
2871 390 3069 465 καρδίᾳ
3092 406 3192 461 μου
3217 396 3486 457 τοσαύτην
3508 384 3656 456 ἔχειν

398 514 623 569 ditatem
653 509 801 574 dico,
837 516 899 561 ut
933 519 1112 561 meam
1162 502 1327 559 etiam
1359 501 1596 555 libenter
1636 499 1803 553 vitain
1847 509 1972 566 pro-

404 604 649 665 t‘undam,
685 609 745 656 ut
768 599 880 654 odii
913 597 1128 652 ﬂamma
1165 610 1197 648 a
1222 591 1464 662 maligno
1500 604 1732 646 accensa
1762 586 1975 643 exstin-

402 706 619 768 guatur.
664 696 738 747 Ac
770 691 878 746 nisi
915 688 1068 760 pacis
1105 683 1287 742 studio
1324 698 1434 737 non
1464 679 1847 751 ahnegaverim
1876 691 1974 731 ve-

405 791 522 843 nire
564 782 869 846 Colo’n’iam,
933 794 1041 834 non
1095 776 1410 848 paciﬁcetur
1439 772 1604 843 219
1651 770 1783 825 mihi
1842 768 1971 821 vita.

405 880 602 934 Veram
646 875 899 947 equidem
936 872 1084 926 illam
1122 883 1335 940 pacem,
1380 882 1502 937 qua:
1544 863 1704 919 nobis
1748 862 1817 916 ab
1856 860 1978 930 ipso

404 968 637 1023 Domino
683 948 889 1020 relicta.
922 970 1030 1019 est.
1072 960 1301 1030 exquiro
1331 977 1344 1013 :
1373 966 1429 1013 et
1462 954 1607 1027 quod
1650 953 1798 1008 volui
1844 950 1980 1007 mihi

405 1059 475 1115 ad
535 1055 946 1129 persuasionem
996 1052 1137 1117 dari,
1197 1049 1441 1107 hominis
1498 1055 1584 1103 est
1638 1045 1774 1100 nihil
1813 1042 1981 1097 aliud

406 1169 568 1227 quam
613 1164 797 1206 veram
842 1163 1030 1220 pacem
1074 1144 1480 1208 desiderantis,
1524 1138 1775 1212 quamvis
1824 1137 1984 1191 aliter

409 1245 659 1302 nonnulli
726 1242 1012 1298 veritatem
1085 1243 1460 1310 pervertentes
1532 1235 1980 1302 interpretentur.

410 1338 645 1394 Utantur
701 1334 868 1406 igitur
918 1332 992 1387 illi
1046 1330 1163 1386 suis
1212 1327 1432 1399 linguis,
1480 1335 1541 1379 ut
1585 1323 1809 1386 volunt;
1849 1332 1984 1372 nam

392 1430 655 1502 profecto
705 1427 829 1482 illos
876 1420 1171 1496 aliquando
1219 1420 1415 1476 horum
1471 1414 1758 1472 verborum
1804 1410 1986 1481 pecni-

381 1527 393 1550 ~‘
410 1520 565 1577 tcbit.

447 1698 534 1754 "2.
573 1695 844 1752 Caeterum
875 1689 1222 1747 sanctitatem
1243 1694 1391 1741 tuam
1416 1697 1535 1748 oro,
1562 1688 1624 1736 ut
1651 1692 1841 1735 eorum
1855 1689 1990 1743 quae

2072 490 2372 563 ἐπιθυμίαν
2399 488 2562 560 φημὶ,
2594 486 2744 541 ὥστε
2791 483 2965 555 ἡδέως
3004 481 3072 536 ἂν
3104 481 3202 533 καὶ
3247 479 3344 550 τὴν
3374 477 3519 550 ζωὴν
3554 477 3657 549 τὴν

2072 581 2317 654 ἐμαυτοῦ
2371 577 2632 652 προέσθαι
2684 576 2825 647 ὑπὲρ
2871 572 2968 627 τοῦ
3010 573 3110 643 τὴν
3146 570 3251 624 ὑπὸ
3280 569 3374 623 τοῦ
3412 567 3657 640 πονηροῦ

2060 672 2406 742 -ἐξαφθεῖσαν
2440 668 2612 741 φλόγα
2633 666 2730 721 τοῦ
2767 666 2958 738 μίσους
2975 660 3435 730 κατασϐεσθῆναι.
3470 660 3583 713 Καὶ
3606 660 3660 713 εί

2083 766 2158 837 μὴ
2186 766 2285 835 τῆς
2301 762 2603 833 ἐπιθυμίας
2634 759 2821 812 ἐνεκεν
2854 758 2954 827 τῆς
2978 755 3121 810 κατὰ
3155 753 3255 824 τὴν
3296 754 3520 823 εἰρήνην
3563 753 3665 821 ὴν-

2079 854 2317 926 εσχόμην
2340 851 2556 920 ἐγγίσαι
2570 852 2680 913 τοῖς
2706 848 2846 902 κατά
2861 845 3167 900 Κολώνειαν
3180 843 3385 907 τόποις,
3406 843 3481 913 μὴ
3503 844 3664 913 είρη-

2081 944 2295 1015 νευθείη
2329 961 2419 1015 μοι
2441 942 2553 1015 (ῗϐ)
2577 943 2610 1012 ἡ
2636 941 2769 1010 ζωή.
2802 939 3038 1009 Εἰρήνην
3065 935 3247 1007 μέντοι
3270 936 3369 1005 τὴν
3396 932 3665 1005 ἀληθινὴν

2081 1041 2181 1112 τὴν
2202 1040 2301 1092 ὑπ’
2333 1036 2499 1091 αὑτοῦ
2525 1035 2619 1088 τοῦ
2660 1033 2869 1104 Κυρίου
2905 1027 3358 1099 καταλειφθεῖσαν
3382 1029 3513 1099 ἡμῖν
3540 1028 3667 1078 ἐπι-

2084 1133 2232 1204 ζητῶ
2255 1149 2270 1163 ο
2306 1131 2401 1184 καὶ
2430 1130 2459 1182 ὃ
2500 1125 2852 1199 παρεκάλεσά
2882 1125 2994 1195 (77)
3028 1139 3116 1193 μοι
3162 1122 3244 1185 εἰς
3285 1117 3665 1191 πληροφορίαν

2084 1223 2345 1295 ὑπάρξαι,
2372 1221 2473 1274 οὐκ
2493 1218 2620 1273 ἄλλο
2652 1236 2705 1271 τι
2730 1217 2888 1271 ἐπιθυ
2899 1215 3125 1288 μοῦντός
3155 1216 3300 1267 ἐστιν
3329 1214 3364 1283 ἢ
3395 1214 3498 1282 τῆς
3525 1209 3667 1280 ἀληκ

2085 1316 2238 1386 θινῆς
2271 1313 2498 1385 εἰρήνης
2519 1351 2534 1375 ,
2586 1309 2690 1364 κᾶν
2720 1307 2897 1371 άλλως
2933 1305 3077 1368 τινὲς
3110 1303 3524 1374 διαστρέφοντες
3563 1301 3667 1370 τὴν

2083 1408 2344 1480 ἀλήθειαν
2362 1403 2691 1476 ἐξηγῶνται.
2737 1401 2967 1455 Ἐκεῖνοι
3011 1399 3109 1469 μὲν
3150 1392 3244 1450 οὖν
3271 1393 3669 1467 κεχρήσθωσαν

2085 1504 2206 1565 ταῖς
2233 1497 2508 1569 γλώσσαις
2541 1494 2720 1549 αὐτῶν
2753 1492 2839 1564 ἐφ’
2880 1491 2918 1546 ἃ
2961 1490 3238 1562 βούλονται
3260 1505 3274 1518 ο
3305 1487 3523 1547 πάντως
3550 1484 3668 1553 γὰρ

2087 1592 2268 1654 αὐτοῖς
2305 1605 2434 1642 ποτε
2464 1584 2572 1639 τῶν
2603 1584 2862 1658 ῥημάτων
2894 1582 3098 1636 τούτων
3135 1577 3525 1651 μεταμελήσει.

2157 1684 2213 1738 2.
2255 1682 2366 1754 Τὴν
2394 1681 2453 1735 δέ
2486 1678 2585 1751 σὴν
2609 1677 2865 1749 ὁσιότητα
2895 1672 3201 1747 παρακαλῶ
3226 1667 3536 1740 μεμνῆσθαι
3558 1664 3673 1719 τῶν

414 1792 576 1848 initio
620 1784 902 1860 proposita
950 1780 1104 1837 fuere
1147 1776 1480 1841 meminerit,
1530 1788 1635 1829 nec
1677 1767 1989 1840 decipiatur

2109 1777 2151 1842 ιξ
2179 1752 2353 1849 ἀρχῆς
2383 1772 2719 1845 προτάσεων,
2743 1771 2838 1825 καὶ
2867 1768 2941 1840 μὴ
2971 1765 3314 1840 παράγεσθαι
3336 1762 3503 1823 ἄλλας
3532 1762 3674 1813 ἀπο-

415 1887 553 1941 alias
576 1898 675 1957 pro
700 1881 822 1937 aliis
854 1875 1253 1951 qumstionibus
1277 1869 1664 1942 responsiones
1684 1865 1987 1934 excipiens,

416 1955 594 2050 neque
622 1975 732 2031 vim
757 1980 813 2029 et
850 1969 1064 2042 pondus
1111 1966 1274 2021 addat
1301 1978 1494 2019 eorum
1524 1955 1988 2018 cavillationibus,

408 2046 521 2141 qui
538 2068 657 2124 sine
679 2062 897 2121 dicendi
938 2061 1212 2120 facultate,
1240 2072 1307 2112 ex
1328 2054 1449 2111 solo
1472 2051 1639 2106 animi
1678 2049 1762 2105 sui
1789 2046 2009 2118 propo-'

417 2135 525 2211 site
558 2152 803 2209 omnium
834 2148 1172 2220 nequissime
1199 2145 1485 2200 veritatem
1514 2135 1993 2210 depravantuPro-

418 2245 576 2317 posui
615 2243 760 2300 enim
794 2238 1066 2310 simplicia
1090 2244 1146 2291 et
1184 2235 1335 2289 clara
1372 2239 1428 2287 et
1472 2228 1656 2284 facilia
1697 2227 1766 2281 ad
1812 2239 1995 2280 recor-

419 2316 658 2392 dandum
705 2334 894 2397 verba,
939 2337 1127 2384 utrum
1172 2341 1269 2383 eos
1327 2324 1422 2396 qui
1455 2338 1566 2377 non
1600 2320 1874 2392 recipiunt
1907 2316 1998 2372 Ni-

420 2442 625 2484 czenam
658 2425 840 2488 ﬁdem,
880 2435 1168 2477 arceamus
1203 2433 1233 2472 a
1264 2415 1684 2481 communione,
1715 2420 1770 2467 et
1810 2418 1994 2466 utrum

420 2536 544 2577 cum
593 2520 663 2575 iis
712 2517 805 2588 qui
845 2523 1153 2571 creaturam
1199 2509 1381 2565 dicere
1433 2505 1699 2577 Spiritum
1742 2510 1994 2558 sanctum

421 2612 646 2676 audent,
683 2617 896 2680 partem
936 2605 1144 2659 habere
1189 2601 1449 2656 nolimus.
1486 2596 1580 2652 llle
1623 2601 1829 2659 autem,
1870 2607 1997 2647 cum

421 2703 490 2758 ad
523 2700 749 2757 verbum
793 2694 1193 2768 quaestionibus
1226 2688 1557 2760 respondere
1590 2685 1891 2742 debuisset,
1934 2696 1997 2737 ea

423 2794 582 2850 nobis
615 2806 738 2862 qua:
768 2789 968 2845 misisti
1018 2783 1460 2847 consarcinavit,
1496 2780 1661 2850 idque
1702 2793 1809 2832 non
1845 2791 2000 2830 men-

422 2889 497 2944 tis
538 2884 910 2957 simplicitate,
955 2888 1015 2936 ut
1062 2879 1264 2949 aliquis
1314 2875 1660 2945 suspicetur,
1709 2884 1886 2942 neque
1930 2869 2001 2923 ob

423 2981 566 3033 hanc
613 2990 873 3037 causam,
924 2970 1070 3043 quod
1120 2966 1514 3037 consequentia
1566 2960 2003 3018 animadvertere

426 3084 536 3125 non
576 3073 784 3138 posset.
819 3061 929 3118 Sed
956 3061 1090 3117 illud
1129 3060 1180 3115 ei
1217 3059 1273 3112 in
1311 3064 1546 3113 mentem
1575 3054 1745 3119 venit,
1774 3053 1821 3108 si
1847 3059 2004 3123 neget

424 3176 548 3233 quae
579 3156 961 3230 preponimus,
999 3153 1116 3207 fore
1150 3158 1211 3204 ut
1243 3148 1443 3219 seipse
1464 3145 1682 3218 populis
1712 3144 1921 3216 aperiat
1949 3151 2004 3198 et

424 3250 588 3304 nudet
623 3264 639 3312 ;
683 3246 768 3302 sin
798 3250 979 3298 autem
1007 3241 1166 3296 nobis
1196 3239 1520 3301 assentitur,
1542 3237 1917 3292 discessurum
1947 3250 2008 3290 sc

429 3340 499 3395 ab
525 3339 619 3394 illo
659 3336 823 3392 medii
854 3334 1094 3390 hominis
1126 3331 1381 3396 consilio,
1420 3344 1532 3401 quo
1562 3329 1702 3383 nihil
1741 3329 2007 3384 hactenus

430 3432 707 3501 antiquius
752 3427 965 3483 habuit.
1022 3425 1229 3480 Fucum
1267 3437 1399 3495 ergo
1453 3423 1612 3477 nobis
1655 3436 1768 3476 non
1820 3420 2007 3484 faciat,

430 3538 608 3594 neque
635 3535 761 3577 cum
793 3519 918 3574 aliis
963 3524 1114 3571 tuam
1148 3516 1314 3571 etiam
1339 3514 1736 3570 circumveniat
1760 3513 2009 3583 pruden—

431 3618 587 3683 tiam,
638 3613 732 3670 sed
759 3612 925 3667 breve
966 3609 1128 3664 nobis
1168 3621 1497 3678 responsum
1538 3608 1718 3659 mittat
1753 3603 1820 3658 ad
1865 3620 2012 3674 quae-

431 3710 691 3771 stionem,
740 3713 836 3760 aut
895 3701 1165 3758 conﬁtens
1218 3698 1658 3756 communionem
1710 3712 1835 3752 cum
1889 3696 2011 3753 ﬁdei

434 3800 706 3863 hostibus,
748 3804 851 3851 aut
898 3809 1131 3865 negans.
1188 3791 1313 3847 Hiec
1353 3792 1404 3847 ei
1442 3792 1489 3847 si
1542 3792 1911 3862 persuaseris,
1958 3801 2014 3848 et

432 3891 650 3949 miseris
680 3889 814 3944 mihi
858 3895 1059 3950 rectas,
1105 3892 1160 3940 et
1199 3885 1390 3956 quales
1437 3898 1654 3954 precor,
1701 3885 2016 3953 responsio-

433 4000 564 4049 nes;
599 3997 701 4053 ego
734 3997 855 4038 sum
884 3978 979 4050 qui
1010 3980 1277 4034 hactenus
1301 3978 1485 4031 omnia
1521 3962 1744 4047 peccavi
1775 3995 1787 4029 :
1813 3991 1915 4046 ego
1949 3977 2016 4030 il-

434 4078 542 4132 lam
576 4088 794 4130 omnem
824 4072 1043 4141 culpam
1077 4071 1132 4125 in
1168 4084 1255 4124 me
1281 4067 1487 4139 recipio
1517 4111 1532 4135 ,
1569 4074 1701 4121 tunc
1731 4082 1760 4120 a
1793 4084 1876 4121 me
1911 4068 2014 4120 hri-

436 4166 682 4222 militatis
725 4163 1184 4236 signiﬁcationem
1229 4175 1479 4233 reposce.
1530 4157 1786 4225 Quandiu
1832 4168 2014 4211 autem

436 4259 632 4314 horum
675 4256 812 4311 nihil
843 4256 955 4322 ﬁet,
1002 4256 1245 4326 ignosce,
1295 4251 1712 4324 religiosissime
1742 4249 1925 4313 Pater,
1966 4249 2017 4304 si

439 4366 546 4405 non
569 4348 783 4422 possim
805 4363 932 4404 cum
957 4347 1307 4403 simulatione
1328 4345 1396 4400 ad
1424 4344 1519 4401 Del
1547 4358 1697 4399 aram
1722 4342 2014 4398 accedere.

2092 1847 2302 1940 κρίσεις
2324 1865 2435 1919 ἀντ’
2462 1863 2636 1918 ἄλλων
2663 1859 3034 1933 ἐρωτημάτων
3062 1855 3349 1926 δεχόμενον
3368 1851 3501 1919 (7S).
3535 1847 3675 1919 μηδὲ

2093 1938 2267 2015 ποιεῖν
2303 1955 2503 2029 ἐνεργὰ
2545 1952 2614 2010 τά
2652 1953 2963 2023 σοφίσματα
3007 1948 3114 2003 τῶν
3131 1946 3278 2002 σάνευ
3307 1944 3407 2014 τῆς
3451 1938 3677 2011 περἰτὸ

2092 2053 2270 2122 λέγειν
2294 2049 2576 2122 δυνάμεως
2604 2049 2697 2102 ἀπ’
2720 2045 2893 2115 αὐτῆς
2929 2042 3097 2114 μόνης
3123 2040 3222 2106 τῆς
3253 2037 3479 2108 γνώμης
3502 2031 3680 2088 δεινό-

2094 2163 2230 2201 τατα
2285 2144 2505 2199 πάντων
2549 2140 2648 2211 τὴν
2703 2137 2963 2208 ἀλήθειαν
3007 2129 3483 2204 κακουργούντων.
3529 2128 3680 2196 Προ-

2097 2240 2275 2292 έτεινα
2296 2235 2404 2307 γάρ
2426 2233 2575 2288 ἁπλᾶ.
2592 2232 2687 2286 καὶ
2705 2228 2853 2299 σαφῆ
2878 2228 2972 2280 καὶ
2992 2222 3404 2295 εὐμνημόνευτα
3429 2221 3674 2291 ῥήματα·

2096 2332 2145 2383 εἰ
2184 2330 2312 2392 τοὺς
2363 2326 2437 2397 μὴ
2470 2324 2581 2396 (79)
2633 2320 2958 2392 δεχομένους
3007 2317 3107 2387 τὴν
3141 2317 3200 2367 ἐν
3242 2310 3451 2381 Νικαίᾳ
3486 2309 3673 2359 πίστιν

2098 2417 2513 2493 παραιτούμεθα
2555 2417 2635 2479 είς
2669 2412 2979 2476 κοινωνίαν,
3008 2410 3104 2462 καὶ⁸
3136 2409 3186 2460 εί
3233 2404 3372 2476 μετὰ
3414 2401 3525 2455 τῶν
3553 2400 3683 2469 κτί-

2100 2490 2212 2586 σμα
2262 2513 2440 2581 λέγειν
2487 2509 2548 2563 τὺ
2598 2506 2821 2577 Πνεῦμα
2847 2503 2910 2557 τὸ
2953 2503 3108 2569 ἆγιον
3133 2494 3569 2566 ἁποτολμώντων
3614 2490 3682 2543 τὸ

2102 2584 2266 2678 μέρος
2305 2603 2447 2673 ἔχειν
2493 2601 2593 2654 οὐκ
2629 2596 2952 2669 ἀνεχόμεθα.
2997 2594 3053 2646 '0
3088 2592 3145 2644 δέ
3168 2631 3183 2655 ,
3231 2588 3351 2644 ἀντὶ
3393 2585 3489 2640 τοῦ
3541 2584 3682 2656 πρὸς

2100 2701 2230 2764 ἔπος
2281 2700 2400 2761 ταῖς
2446 2694 2779 2767 ἐρωτήσεσιν
2829 2683 3260 2760 ἀποκρίνασθαι,
3309 2683 3496 2734 ἐκεῖνα
3539 2680 3684 2750 ἡμῖν

2105 2789 2492 2866 ἐρραψῴδησεν
2538 2786 2682 2855 ἆπερ
2712 2780 3038 2841 ἀπέστειλας
3067 2777 3177 2846 (80)
3198 2793 3213 2806 ·
3258 2774 3354 2828 καὶ
3386 2771 3549 2825 τοῦτο
3579 2770 3685 2824 οὐκ

2101 2861 2338 2953 sese;
2370 2877 2618 2949 γνώμης,
2650 2874 2725 2938 ὼς
2754 2874 2820 2928 ἄν
2854 2889 2934 2942 τῳ
2969 2868 3119 2934 δόξαι
3154 2866 3290 2939 (8t),
3320 2864 3445 2918 οὺδέ
3491 2861 3570 2932 τῷ
3605 2861 3683 2931 μὴ

2101 2974 2361 3031 δύνασθαι
2409 2969 2639 3041 συνορᾷν
2668 2966 2729 3019 τὸ
2763 2960 3076 3019 ἀκόλουθον.
3120 2959 3261 3012 Ἀλλ’
3310 2957 3490 3009 ἐκεῖνο
3532 2953 3686 3020 λογί-

2107 3066 2412 3135 ζεται,,ὅτι,
2442 3060 2777 3135 ἀρνούμενος
2811 3058 2911 3128 μὲν
2940 3054 3098 3126 ἡμῶν
3125 3051 3229 3122 τὴν
3259 3050 3544 3122 πρότασιν,
3570 3046 3689 3107 τοῖς

2106 3162 2255 3222 λαοῖς
2301 3155 2491 3211 ἐαυτὸν
2532 3151 2852 3222 ’κατάδηλον
2897 3149 3147 3215 ποιήσει’
3196 3139 3581 3209 συντιθέμενος
3624 3136 3687 3189 δὲ

2107 3253 2261 3323 ἡμῖν,
2303 3249 2401 3318 τῆς
2454 3243 2748 3318 μεσότητος
2795 3237 3189 3306 ἀποστήσεται,
3231 3229 3298 3304 ἦς
3335 3229 3488 3283 οὐδὲν
3535 3225 3687 3294 αὐτῷ

2112 3318 2273 3416 μέχρι
2305 3338 2398 3392 τοῦ
2419 3337 2514 3391 νῦν
2544 3334 2735 3405 γέγονε
2765 3329 3182 3403 προτιμότερον.
3209 3323 3303 3394 Μὴ
3329 3321 3510 3375 τοίνυν
3538 3318 3690 3389 ἡμᾶς

2109 3412 2578 3503 κατασοφιζέσθω,
2615 3427 2749 3500 μηδέ
2788 3423 2929 3497 μετὰ
2962 3421 3075 3475 τῶν
3108 3419 3282 3474 ἄλλων
3326 3416 3422 3469 καὶ
3454 3414 3554 3485 τὴν
3584 3412 3688 3481 σὴν

2110 3521 2537 3600 παρακρουέσθω
2562 3519 2822 3592 φρόνησιν
2842 3534 2856 3547 ·
2888 3514 3024 3568 ἀλλὰ
3054 3513 3336 3591 ,σύντομον
3366 3510 3497 3579 ἡμῖν
3528 3505 3690 3574 λόγον

2110 3599 2482 3675 ἀποστειλάτω
2504 3612 2641 3685 πρὸς
2674 3610 2736 3663 τὺ
2766 3606 3051 3680 ἐρώτημα,
3078 3605 3112 3676 ἢ
3136 3599 3415 3675 ὁμολογῶν
3440 3600 3541 3669 τὴν
3571 3613 3690 3650 κοι-

2110 3713 2308 3766 νωνίαν
2331 3708 2466 3779 πρὸς
2493 3705 2622 3766 τοὺς
2650 3701 2881 3773 ἐχθροὺς
2917 3698 3016 3769 τῆς
3051 3696 3308 3757 πίστεως,
3344 3692 3378 3762 ἢ
3409 3691 3689 3762 ἀρνούμε-

2113 3820 2221 3867 νος.
2262 3800 2388 3854 Ἐὰν
2425 3794 2602 3851 ταῦτα
2638 3790 2950 3863 συμπείσῃς
2974 3787 3159 3853 αὑτὸν,
3194 3784 3288 3838 καί
3327 3782 3553 3853 πέμψῃς
3596 3795 3691 3850 μοι

2112 3896 2298 3971 ὀρθὰς,
2330 3893 2425 3947 καὶ
2457 3891 2575 3953 οἵας
2603 3885 2858 3957 εὔχομαι,
2891 3880 2992 3944 τὰς
3029 3875 3387 3949 ἀποκρίσεις·
3429 3873 3544 3942 ἐγώ
3572 3874 3694 3941 εἰμι

2112 3965 2241 4043 όίτὰ
2268 3984 2498 4039 κατόπιν
2525 3980 2703 4033 πάντα
2727 3970 3060 4046 ήμαρτηκώς
3079 3987 3091 3999 ·
3122 3968 3232 4037 ἐγὼ
3251 3967 3478 4036 δέχομαι
3508 3965 3693 4017 πᾶσαν

2112 4078 2212 4150 τὴν
2260 4075 2441 4130 αἰτίαν
2489 4070 2703 4139 ἐκείνην
2729 4067 2815 4119 ἐπ’
2864 4061 3137 4135 ἐμαυτόν
3172 4059 3293 4112 τότε
3346 4073 3413 4128 με
3466 4054 3693 4108 ἀπαίτει

2114 4145 2612 4236 ταπεινοφροσύνης
2652 4156 2930 4223 ἐπίδειξιν.
2967 4155 3111 4215 Ἕως
3148 4151 3193 4204 δ’
3225 4148 3290 4203 ἂν
3322 4147 3489 4219 μηδὲν
3526 4145 3694 4214 γένη-

2114 4279 2206 4317 ται
2234 4259 2460 4321 τούτων,
2485 4252 2780 4323 σύγγνωθι,
2802 4246 3183 4318 θεοφιλέστατε
3201 4242 3405 4313 Πάτερ,
3432 4238 3509 4311 μὴ
3532 4239 3695 4292 δυνα-

2123 4351 2268 4423 μένῳ
2301 4346 2438 4419 μετὰ
2465 4341 2807 4415 ὑποκρίσεως
2840 4332 3212 4403 θυσιαστηρίῳ
3246 4328 3382 4383 Θεοῦ
3415 4329 3696 4398 παρεστά-

436 4418 731 4496 Νἰεὶἐηίιη
763 4438 866 4494 hoc
914 4446 1237 4500 metuerem,
1283 4451 1385 4492 cur
1425 4452 1514 4492 me
1539 4437 1656 4507 ipse
1695 4435 1765 4489 ab
1795 4434 2002 4503 Euippii

2117 4418 2363 4513 ναι
2396 4438 2461 4491 El
2498 4436 2606 4508 γὰρ
2638 4433 2713 4505 μὴ
2749 4429 2906 4485 τοῦτο
2949 4424 3284 4496 ἐφοϐούμην.
3326 4421 3472 4482 τίνος
3506 4418 3695 4471 ἕνεκεν

438 4530 825 4588 communione
883 4531 1288 4600 seiunxissem,
1348 4528 1451 4582 viri
1499 4527 1638 4582 adeo
1698 4527 1753 4579 in
1815 4526 2016 4580 litteris

437 4620 775 4685 excellentis,
826 4619 963 4674 adeo
1008 4626 1170 4674 aetate
1216 4618 1483 4690 provecti,
1535 4632 1598 4670 ac
1639 4625 1719 4670 tot
1769 4624 1822 4670 et
1863 4622 2017 4668 tanta

439 4712 694 4769 amicitiae
716 4711 845 4782 jura
879 4724 1090 4765 mecum
1124 4709 1419 4766 habentis?
1450 4707 1604 4775 Quod
1638 4708 1684 4761 si
1721 4706 1838 4762 haec
1869 4715 2017 4762 recte

510 4933 626 5016 μϐ)
655 4930 752 5000 Μὴ
785 4928 1151 5000 sima-evasti]
1183 4944 1305 4998 μοι.
1350 4924 1572 4997 Legitur
1607 4943 1708 4996 μου
1752 4941 1807 4981 .n
1845 4924 2015 4982 Coisl.

442 5019 727 5143 ΡνῗῗῦοὊ
768 5070 1175 5141 παρεκάλεσα.
1223 5066 1302 5122 Ita
1327 5082 1488 5135 mss.
1537 5076 1655 5124 sex.
1696 5066 1842 5122 Editi
1881 5069 2019 5140 ὅπερ

514 5159 1319 5297 ἔὲῖῗίεχόμενος..[ιεξίρτιη
1347 5206 1486 5291 Med.
1511 5215 1568 5265 et
1586 5206 2016 5297 (Eoishpri‘mus.

442 5277 925 5406 Editi85;io}ié§mv.
956 5279 1161 5335 Ibidem
1180 5277 1561 5360 ἐρωτημάτων
1585 5278 1739 5360 deest
1762 5277 1818 5333 in
1848 5277 2020 5349 Regio

443 5368 644 5406 primo.
703 5368 735 5406 n
768 5368 876 5406 uno
901 5357 1082 5405 autem
1119 5352 1330 5406 codice.
1377 5364 1540 5406 auem
1581 5357 1715 5404 citat
1745 5348 2017 5406 Combef..

443 5355 644 5426 primo.
667 5348 1082 5426 '[n'_un6_autci_n
1119 5348 1540 5426 codice,_‘qﬂuem
1581 5350 1715 5426 citat
1745 5348 2041 5426 Combef,

441 5147 507 5199 ἐκ

445 5417 645 5507 legitur
684 5421 851 5507 ἄλλας
887 5420 1198 5507 ἐρωτήσεις
1234 5418 1350 5472 ἀντ’
1392 5417 1571 5473 ἄλλων
1620 5419 2018 5491 ἐρωτημάτων,

446 5491 583 5563 alias
611 5508 707 5563 pro
732 5491 857 5563 aliis
884 5491 1224 5563 question“.

515 5557 632 5635 (79)
661 5557 907 5635 Εζτούξ
924 5561 1031 5635 μή.
1074 5558 1167 5613 Sic
1198 5574 1302 5629 ope
1334 5558 1588 5635 codicum
1624 5559 1821 5635 (ἒοίεὶ.ἱ
1850 5557 2047 5621 Med,~

448 5630 685 5717 lini-laet
712 5630 1653 5717 llegiiutriusque‘emepdavimus,
1680 5630 1824 5701 quod
1857 5645 2022 5700 prave

445 5706 503 5762 in
524 5702 688 5761 editis
715 5701 995 5774 legebatur
1016 5702 1095 5765 εἰς
1125 5700 1250 5764 τοὺς
1283 5701 1377 5771 μή.

2118 4509 2351 4606 ἐμαυτὸν
2392 4526 2653 4602 ἐχώριζον
2696 4521 2985 4583 Εύῖππίου,
3020 4515 3261 4572 τοιούτου
3311 4513 3409 4584 μὲν
3453 4510 3523 4564 τά
3563 4509 3696 4580 περὶ

2117 4601 2330 4693 λόγους,
2358 4620 2611 4675 τοσοῦτον
2639 4617 2698 4671 δέ
2728 4614 2904 4687 χρόνῳ
2927 4611 3041 4683 (85)
3071 4609 3427 4681 προήκοντος,
3451 4601 3695 4657 τοσαῦτα

2118 4717 2174 4770 δέ
2195 4713 2458 4786 τῆςπρδς
2496 4711 2643 4782 ἡμᾶς
2681 4706 2860 4778 φιλίας
2886 4704 3070 4757 δίκαια
3120 4697 3489 4770 κεκτημένου;
3548 4696 3613 4748 Ei.
3640 4694 3699 4748 δὲ

2193 4927 2305 4997 (80)
2340 4926 2517 4997 Ἄπερ
2554 4924 2937 4997 ἀπέστειλας.
2975 4914 3386 4997 Quamvisth
3418 4914 3696 4994 scriptura

2123 4984 2242 5056 solo
2258 4984 2598 5053 Coisliniano
2621 4995 2796 5062 primo
2818 4984 3048 5052 nitatur,
3096 5002 3197 5041 nec
3221 4994 3465 5062 statuere
3489 4984 3699 5062 possim

2123 5055 2192 5125 an
2223 5069 2279 5123 in
2308 5068 2430 5122 aliis
2457 5055 2736 5125 occur-rat,
2768 5076 2889 5116 eam
2922 5068 3107 5113 tamen
3139 5072 3251 5110 non
3282 5055 3703 5125 dubitopraele-

2122 5139 2349 5195 rendam
2379 5152 2505 5191 esse
2531 5124 3131 5204 vulgatazsrcécrulgg,
3162 5124 3573 5204 quiesci-ipsi:in

2354 5207 2448 5289 ’.οξ
2480 5205 2558 5289 ἄν·
2583 5194 2898 5289 εῷβδόξαι...
2933 5194 3222 5289 [Lari-iani”
3262 5194 3699 5289 hiet-lugﬁlat'om.

2124 5288 2178 5336 et
2200 5263 2302 5332 ἰιιίί
2333 5292 2361 5330 a
2392 5263 2722 5332 c'ombeniio
2752 5272 2923 5326 citati.
2956 5268 3097 5323 Editi
3131 5267 3208 5332 ὡς
3240 5263 3596 5336 αὺτῷρόξαι.

2195 5348 2307 5421 (82)
2343 5344 2741 5421 Πᾳρεσςᾴγᾳι.
2774 5341 2851 5395 Ita
2883 5341 3051 5421 coisl.
3084 5340 3293 5421 primus
3322 5333 3377 5389 et
3403 5333 3554 5421 Harl;
3578 5348 3702 5421 cum

2124 5403 2339 5476 duobus
2367 5403 2510 5471 aliis.
2543 5414 2689 5468 Editi
2714 5412 3067 5482 παριστάναι.
3085 5403 3092 5406 ⁷
3111 5408 3314 5478 Regius
3339 5403 3632 5460 secundus‘
3649 5410 3705 5457 et

2122 5489 2293 5545 Coisl.
2326 5482 3019 5555 εθουηιίυείπαρίστασθαι.

2197 5543 2307 5628 (85)
2348 5558 2571 5628 Χρόνῳ..
2605 5554 2681 5609 Ita
2706 5543 2819 5628 tres
2841 5547 3202 5628 vetustissimi
3235 5545 3485 5628 codices:
3503 5543 3702 5628 melius

2123 5612 2442 5700 quam’edi'ti
2466 5612 2676 5696 χρόνον.
2704 5622 2904 5680 Ibidem
2929 5621 3060 5676 editi
3085 5619 3349 5688 τῆς-περὶ
3370 5615 3537 5685 ἡμᾶς.
3566 5612 3701 5667 Mss.

2132 5699 2228 5758 se:
2254 5708 2314 5754 ut
2345 5699 2401 5753 in
2425 5704 2596 5751 textu.
