3988 6194
337 263 440 316 5937
466 262 467 265 “

1225 252 1715 310 EPISTOLARUM
1755 249 2048 308 CLASSIS
2090 249 2150 304 Il.
2194 248 2413 304 EPIST.
2455 246 2541 303 CX
2558 247 2700 302 XIX.

3490 245 3596 301 558

335 381 522 432 ἐκεῖνα
550 375 733 439 καλῶς
778 374 875 428 καὶ
920 373 1305 445 προσηκόντως
1344 372 1485 445 ὑπὲρ
1525 371 1628 442 τῆς
1657 371 1915 444 ἀληθείας

2051 377 2093 432 ι,
2125 375 2184 421 ιιι
2222 380 2322 435 par
2360 372 2497 427 erat,
2546 376 2646 433 pro
2677 360 2908 417 veritate
2951 359 3224 431 gessimus
3249 400 3263 424 ,
3303 356 3594 419 ridiculum

337 470 656 540 ἐπράξαμεν
681 507 698 532 ,
739 467 953 535 ’γελοῖον
1010 466 1181 537 δήπου
1245 467 1354 528 τοῖς
1417 465 1485 516 τὰ
1538 464 1677 517 αὐτᾶ
1726 463 1919 533 ἐκείνῳ

337 559 558 628 λέγουσι
604 556 694 611 διὰ
749 557 850 626 τῆς
892 555 1003 609 τῶν
1054 554 1271 624 εὐφυῶν
1324 553 1530 607 τούτων
1577 554 1671 606 καὶ
1705 553 1923 623 χαριέν-

340 668 448 703 των
480 649 777 722 μεσότητος
811 648 921 718 (84)
951 650 1356 719 συναπτόμενον
1380 646 1687 713 φαίνεσθαι.

415 742 468 794 5.
505 741 581 794 Οὐ
615 740 717 812 μὴν
739 740 860 793 οὐδὲ
893 739 1172 804 παντελῶς
1206 757 1295 811 μοι
1332 738 1481 792 δοκεί
1508 736 1618 791 τῶν
1655 737 1729 808 μὴ
1768 736 1922 806 δεχο-

346 833 527 905 μένων
559 833 658 904 τὴν
689 832 871 886 πίστιν
896 831 1210 904 ἀλλοτριοῦν
1247 833 1490 895 ἑαυτοὺς,
1517 829 1652 884 ἀλλὰ
1695 830 1923 899 ποιήσα-

345 925 473 978 σθαί
515 942 638 978 τινα
683 924 793 977 τῶν
840 925 1050 996 ἀνδρῶν
1101 924 1417 995 ἐπιμέλειαν
1448 922 1566 994 (85)
1612 921 1754 975 κατὰ
1799 921 1926 983 τοὺς

344 1018 612 1080 παλαιοὺς
643 1016 878 1087 Θεσμοὺς
902 1016 1000 1086 τῆς
1015 1013 1268 1084 ἀγάπης,
1301 1015 1394 1067 καὶ
1422 1013 1721 1066 ἐπιστεῖλαι
1742 1012 1925 1075 αὐτοῖς

343 1108 457 1163 ἀπὸ
485 1109 614 1179 μιᾶς
642 1106 886 1178 γνώμης,
923 1108 1103 1160 πᾶσαν
1138 1105 1482 1177 παράκλησιν
1513 1105 1627 1176 μετ’
1656 1104 1928 1171 εὐσπλαγ-

342 1203 502 1272 χνίας
555 1200 964 1273 προσάγοντας,
1005 1200 1097 1252 καὶ
1144 1200 1244 1269 τὴν
1290 1197 1396 1251 τῶν
1434 1198 1695 1268 Πατέηρων
1745 1198 1929 1250 πίστιν

344 1293 815 1366 προτεινομένους,
846 1290 1237 1365 προκαλεῖσθαι
1267 1292 1465 1354 αὐτοὺς
1490 1293 1567 1354 εἰς
1601 1291 1926 1360 συνάφειανο

344 1385 451 1439 κᾶν
495 1385 594 1456 μὲν
625 1384 924 1456 πείσωμεν,
958 1382 1157 1446 κοινῶς
1185 1382 1367 1445 αὐτοῖς
1403 1380 1669 1453 ἐνωθῆναι
1689 1397 1704 1412 ο
1743 1381 1838 1434 ἐὰν
1871 1380 1928 1434 δὲ

348 1477 738 1547 ἁποτύχωμεν,
766 1475 1054 1547 ἀρκεῖσθαι
1073 1477 1225 1545 ἡμᾶς
1253 1473 1525 1544 ἀλλήλοις,
1553 1472 1643 1525 τὸν
1670 1472 1727 1526 δὲ
1752 1473 1929 1543 ἐπαμ-

346 1568 681 1642 φστερισμὸν
713 1566 901 1620 τοῦτον
938 1566 1179 1638 ἐξορίσαι
1207 1565 1301 1618 τοῦ
1339 1565 1529 1635 ῆθους,
1565 1563 1930 1626 ἀναλαϐόντας

342 1660 448 1731 τὴν
474 1658 838 1729 εὖαγγελικὴν
864 1659 957 1712 καὶ
987 1658 1173 1712 ἄδολον
1210 1656 1509 1719 πολιτείαν,
1605 1656 1845 1720 συνέζων
1879 1657 1930 1709 οἱ

346 1751 409 1818 ἐξ
440 1751 610 1823 αρχῆς
631 1749 1020 1822 προσελθόντες
1044 1748 1121 1819 τῷ
1147 1749 1310 1818 λόγῳ.
1328 1744 1449 1803 Ἦν
1480 1748 1610 1817 γὰρ,
1635 1749 1786 1818 φησι,
1809 1746 1930 1800 τῶν
1963 1768 2001 1821 Β

345 1841 811 1897 πιστευσάντων
852 1842 1068 1911 καρδία
1103 1842 1203 1895 καὶ
1246 1840 1418 1910 ψυχὴ
1466 1842 1594 1912 μία.
1654 1840 1780 1894 Ἐὰν
1829 1840 1928 1910 μὲν

347 1930 444 1987 οὖν
479 1933 743 1987 πεισθῶσι
783 1951 888 1998 σοι,
931 1931 1104 1988 ταῦτα
1134 1934 1368 2006 ἄριστασ
1419 1935 1467 1986 εἰ
1498 1933 1554 1987 δὲ
1592 1932 1689 2004 μὴ,
1729 1931 1928 2002 γνωρὶ-

348 2041 483 2077 σατε
538 2026 665 2089 τοὺς
720 2024 1132 2096 πολεμοποιοὺς,
1182 2025 1276 2077 καὶ
1308 2024 1584 2078 παύσασθε
1648 2026 1779 2095 ἡμῖν
1834 2020 1928 2075 τοῦ

344 2114 541 2169 λοιποῦ
557 2115 691 2188 περὶ
712 2114 1013 2185 διαλλαγῶν
1048 2114 1473 2179 ἐπιστέλλοντες.

878 2442 1225 2497 ΕΠΙΣΤΟΛΗ
1264 2440 1441 2496 ΡΚΘ¹.

2022 460 2212 529 utique
2237 458 2395 513 fuerit
2422 470 2550 510 cum
2586 455 2676 518 iis,
2701 454 2797 524 qui
2828 453 3017 508 eadem
3046 467 3110 507 ac
3144 451 3234 507 ille
3267 450 3479 511 dicunt,
3504 465 3601 520 per

2023 552 2189 605 hosce
2223 549 2520 620 perpolitos
2559 562 2624 601 ac
2647 545 2859 616 lepidos
2894 543 3167 607 homines,
3198 543 3294 613 qui
3322 540 3489 597 medii
3517 539 3602 594 vi-

2030 640 2250 702 dentur,
2287 636 2643 707 coniunctum
2672 633 2865 689 videri.

2095 733 2148 787 3.
2184 730 2302 786 Non
2347 737 2533 785 tamen
2578 727 2712 783 mihi
2759 726 2989 783 omnino
3017 723 3328 780 faciendum
3360 721 3602 784 videtur,

2025 833 2086 879 ut
2132 838 2232 879 nos
2281 823 2355 877 ab
2397 821 2504 886 his,
2550 820 2646 891 qui
2700 817 2864 877 ﬁdem
2910 832 3021 873 non
3063 816 3359 886 recipiunt,
3408 813 3606 868 aliene—

2027 932 2167 981 mus,
2218 915 2314 970 sed
2370 923 2431 968 ιιι
2482 914 2718 983 aliquam
2767 912 2988 966 illorum
3044 925 3236 966 curam
3296 907 3599 964 secundum

2028 1008 2289 1077 antiquas
2322 1005 2607 1060 charitatis
2638 1005 2786 1073 leges
2817 1001 3212 1072 suscipiamus,
3243 999 3408 1069 220
3437 999 3605 1068 ipsis-

2026 1112 2133 1167 que
2162 1096 2468 1152 scribamus
2506 1094 2747 1150 unanimi
2772 1108 3071 1159 consensu,
3100 1107 3318 1148 omnem
3349 1089 3606 1146 consola-

2029 1189 2236 1243 tionem
2261 1202 2389 1240 cum
2414 1184 2809 1241 misericordia
2828 1183 3134 1239 visceribus
3162 1183 3508 1243 adhibentes,
3535 1195 3603 1235 ac

2027 1279 2248 1334 Patrum
2280 1279 2558 1349 proposita
2592 1277 2698 1333 ﬁde
2730 1276 2799 1331 ad
2838 1277 3284 1331 communionem
3330 1276 3455 1329 illos
3478 1288 3608 1344 pro-

2028 1387 2332 1435 vocemus;
2366 1385 2435 1425 ac
2476 1371 2523 1425 si
2562 1385 2657 1426 eos
2691 1369 2913 1441 quidem
2959 1370 3028 1423 ad
3061 1368 3469 1425 assentiendum
3510 1365 3608 1421 ad-

2031 1465 2371 1543 duxerimus,
2409 1479 2516 1519 nos
2556 1462 2923 1517 communiter
2971 1476 3097 1515 cum
3153 1460 3264 1515 illis
3302 1459 3608 1529 conjungae

2032 1572 2155 1613 inus
2186 1557 2535 1623 ;.sin.autem
2577 1554 2629 1609 id
2679 1568 2789 1608 non
2840 1566 3222 1623 assequamur,
3258 1550 3418 1606 nobis
3467 1551 3612 1604 inter

2037 1663 2136 1702 nos
2164 1647 2406 1702 contenti
2431 1646 2629 1710 simus,
2662 1653 2717 1700 et
2744 1645 3109 1699 alternantem
3134 1643 3286 1697 illum
3309 1642 3553 1696 animum
3578 1657 3611 1696 e

2031 1738 2239 1793 nostris
2272 1738 2523 1793 moribus
2565 1751 2942 1798 amoveamus,
2977 1740 3304 1790 revocantes
3330 1733 3610 1802 evangeli-

2033 1845 2153 1884 cam
2176 1835 2232 1884 et
2259 1828 2371 1883 doli
2406 1836 2684 1898 expertem
2715 1827 3086 1897 disciplinam,
3121 1827 3175 1881 in
3212 1840 3321 1895 qua
3355 1824 3613 1880 vivebant

2034 1920 2126 1989 qui
2157 1920 2225 1973 ab
2254 1918 2412 1972 initio
2451 1917 2786 1972 accedebant
2834 1916 2901 1971 ad
2933 1916 3112 1972 ﬁdem.
3165 1915 3299 1970 Erat
3333 1915 3493 1981 enim,
3529 1916 3613 1969 in»

2034 2011 2175 2080 quit,
2211 2010 2536 2064 credentium
2563 2025 2656 2062 cor
2687 2024 2850 2062 unum
2875 2018 2925 2063 et
2960 2010 3142 2063 anima
3175 2024 3283 2062 una
3332 2008 3397 2061 ".
3427 2007 3614 2077 Itaque

2036 2102 2135 2157 tibi
2173 2102 2221 2157 si
2254 2101 2711 2165 auscultaverim,
2739 2099 2792 2154 id
2827 2100 3096 2171 optimum
3126 2109 3213 2156 est
3246 2117 3261 2167 ;
3291 2100 3378 2156 sin
3406 2100 3612 2164 minus,

2036 2193 2317 2265 agnoscite
2343 2192 2470 2249 belli
2497 2201 2774 2257 auctores,
2803 2207 2867 2247 ac
2899 2193 3165 2265 deinceps
3189 2193 3257 2249 de
3285 2193 3615 2249 reconcilia-

2036 2287 2186 2342 tione
2205 2285 2274 2341 ad
2305 2300 2406 2342 nos
2436 2286 2651 2342 litteras
2684 2285 2817 2340 dare
2841 2284 3104 2341 desinite.

2535 2438 2877 2496 EPISTOLA
2916 2438 3174 2496 CXXIX'.

346 2556 528 2629 Refert
540 2554 751 2629 Basilius
778 2553 1307 2629 absurdumquoddam
1329 2553 1602 2629 Apuliam-ii
1649 2554 1986 2629 testimonium,
2013 2555 2223 2629 cuiusut
2257 2563 2426 2629 auctor
2460 2555 2565 2629 ipse
2593 2555 2819 2629 Basilius
2840 2554 3217 2629 existimaretur.
3233 2557 3493 2629 Segestani
3512 2559 3618 2629 [ue-

416 2614 530 2687 i-ant
548 2615 1052 2687 niacliinati._1v:un[iat
1072 2614 1181 2687 qua
1202 2614 1335 2687 dese
1355 2614 1486 2687 apud
1510 2617 1674 2667 aulam
1688 2624 1863 2687 statuta
1886 2614 2095 2682 fuerant,
2117 2627 2163 2670 et
2184 2625 2346 2681 postea
2359 2614 2577 2687 _rescissa
2600 2617 2672 2669 vel
2697 2616 2864 2687 dilata.
2901 2617 3180 2687 Agjtetiam
3211 2617 3272 2668 de
3307 2614 3619 2687 sanctissime

414 2696 474 2731 ac
497 2681 559 2733 de
581 2678 755 2731 litteris
772 2680 837 2727 ad
864 2676 1193 2729 Occidentales
1217 2676 1477 2739 mittendis,
1500 2692 1619 2743 quos
1641 2676 2033 2745 rogandos'putat
2056 2676 2103 2730 ut
2130 2676 2512 2731 communionem
2533 2693 2670 2730 suam
2691 2692 2786 2729 non
2807 2678 2909 2731 sine
2944 2676 3131 2747 delectu
3154 2681 3430 2731 concedant.

627 2783 912 2849 Μελετίῳ,
933 2783 1248 2851 έπισκὸπῳ
1276 2785 1657 2855 Ἀντιοχείας.

431 2898 482 2953 1.
516 2898 734 2970 ’ᾘδειν,
776 2898 859 2951 ὅτι
893 2898 1087 2963 ξενισει
1121 2898 1220 2968 τὴν
1262 2899 1433 2970 ἀκοὴν
1463 2901 1563 2970 τῆς
1601 2897 1939 2969 τελειότητός

354 3009 453 3045 σου
484 2990 546 3043 τὸ
571 2988 665 3043 νῦν
688 2988 914 3060 ὲπιφνὲν
948 2987 1198 3058 ἔγκλημα
1223 2987 1300 3058 τῷ
1326 2988 1504 3043 πάντα
1535 2987 1707 3041 εἰπεῖν
1734 2987 1941 3058 εὐκόλῳ

2393 2785 2630 2851 Meletio,
2676 2787 2916 2854 episcopo
2951 2785 3265 2840 Antiochiae.

2112 2898 2163 2951 1.
2206 2896 2458 2953 Sciebam
2495 2911 2696 2953 novum
2740 2897 2971 2952 auribus
3019 2895 3351 2967 praestantiae
3397 2903 3504 2951 tua:
3542 2896 3611 2950 vi-

2044 3005 2165 3045 sum
2195 2990 2285 3053 iri,
2335 2989 2483 3060 quod
2535 3003 2682 3043 nunc.
2725 2987 2961 3043 infertur
3007 2987 3218 3043 crimen
3275 2987 3502 3057 proclivi
3552 2989 3621 3042 ad

366 3080 754 3152 ’Λπολιναρίῳ.
810 3080 920 3133 Καὶ
968 3078 1077 3150 γὰρ
1109 3078 1230 3132 οὐδὲ
1282 3079 1445 3141 αὐτὸς
1471 3078 1563 3132 τὸν
1612 3077 1719 3150 πρὸ
1749 3078 1937 3131 τούτου

2048 3083 2234 3137 omnia
2263 3080 2499 3137 dicenda
2527 3080 2869 3151 Apolinario.
2904 3078 3040 3134 Nam
3070 3095 3171 3135 nec
3213 3080 3329 3149 ipse
3362 3088 3489 3135 ante
3521 3080 3623 3135 hoc

350 3172 548 3245 χρόνον
571 3173 719 3244 ἢμην
767 3171 1128 3242 ἐπιστάμενος
1158 3169 1304 3241 ἔχειν
1323 3188 1337 3200 ·
1387 3170 1522 3224 ἀλλὰ
1549 3169 1644 3225 νῦν
1678 3170 1726 3223 οἱ
1764 3170 1936 3224 Σεϐα-

356 3264 549 3335 στηνοὶ
579 3263 1055 3336 διερευνησάμενοί
1083 3263 1245 3317 ποθεν
1275 3262 1416 3316 αὐτὰ
1441 3262 1551 3333 (86)
1577 3265 1656 3327 εὶς
1683 3263 1743 3316 τὸ
1776 3261 1939 3334 μέσον

353 3359 621 3429 ἤνεγκαν,
650 3358 744 3412 καὶ
770 3357 1125 3429 περιφέρουσι
1168 3354 1469 3427 σύνταγμα,
1507 3354 1565 3419 ἐξ
1599 3347 1661 3408 οὗ
1705 3354 1940 3426 μάλιστα

354 3447 456 3499 καὶ
485 3448 634 3517 ἡμᾶς
676 3445 1152 3511 καταδικάζουσιν,
1190 3445 1266 3510 ὡς
1299 3443 1369 3498 τὰ
1412 3443 1551 3497 αὐτὰ
1587 3442 1937 3516 φρονοῦντας,

357 3537 485 3606 ἔχον
544 3538 734 3609 ῥήσεις
760 3526 1051 3601 τοιαύταςο
1100 3538 1280 3590 Ὥστε
1333 3532 1613 3605 πανταχῆ
1658 3535 1940 3596 συνεζευ-

355 3628 611 3698 τμένως,
645 3627 886 3699 μᾶλλον
911 3628 979 3681 δέ
1008 3626 1327 3698 ἡνωμένως
1353 3625 1428 3695 τῇ
1455 3627 1752 3695 ἑτερότητι
1780 3625 1943 3680 νοεῖν

357 3721 694 3791 ἀναγκαῖον
715 3708 831 3791 τὴν
865 3722 1105 3790 πρώτην
1126 3723 1488 3786 ταυτότητα’
1526 3720 1623 3779 καὶ
1655 3718 1944 3789 δευτέραν

357 3813 462 3867 καὶ
500 3813 707 3880 τρίτην
731 3812 1024 3881 λέγοντας
1071 3811 1186 3880 τὴν
1215 3811 1428 3880 αὑτήν.
1452 3811 1629 3879 Ὅπερ
1674 3809 1784 3880 γάρ
1814 3810 1944 3864 ἐστι

359 3901 608 3972 πρώτως
651 3905 687 3975 ό
729 3902 957 3971 Πατὴρ,
1004 3902 1184 3956 τοῦτό
1232 3901 1365 3956 ἐστι
1404 3900 1693 3969 δευτέρως
1733 3904 1765 3954 ό
1793 3900 1955 3966 Υἱὸς,-

360 3995 464 4048 zeal
492 3995 699 4061 τρίτως
724 3993 793 4048 τὸ
823 3993 1087 4063 Πνεῦμα.
1115 3988 1300 4058 Αὖθις
1329 3992 1416 4058 δὲ,
1447 3992 1593 4061 ὅπερ
1619 3991 1753 4045 ἐστὶ
1791 3992 1945 4060 πρώ-

360 4102 480 4151 τως
512 4086 580 4140 τὸ
622 4087 886 4156 Πνεῦμα,
924 4087 1101 4141 τοῦτο
1134 4084 1423 4152 δευτέρως
1460 4084 1566 4138 τὸν
1608 4082 1762 4147 Υιὸν,
1798 4082 1945 4138 καθὸ

354 4176 443 4244 ,δὴ
478 4179 577 4230 καὶ
601 4180 634 4231 d
658 4177 873 4246 Κύριός
895 4176 1027 4231 ἐστι
1058 4175 1127 4229 τὸ
1161 4174 1403 4243 Πνεῦμα
1426 4172 1566 4244 (87)·
1612 4172 1710 4226 καὶ
1738 4173 1946 4241 τρίτως

362 4269 476 4322 τὸν
519 4268 771 4336 Πατέρα,
812 4267 961 4323 καθύ
998 4266 1076 4335 δὴ
1128 4265 1374 4335 Πνεῦμα
1423 4268 1456 4319 d
1505 4266 1671 4330 Θεός.
1711 4264 1819 4318 Καὶ
1865 4265 1948 4330 ὠς

359 4360 705 4428 βιαιότερον
735 4356 1000 4429 σημᾶναι
1022 4357 1134 4429 (88)
1165 4356 1232 4411 τὸ
1260 4356 1541 4431 ἄρρητον,
1572 4354 1679 4409 τὸν
1715 4355 1947 4423 Πατέρα

443 4476 486 4509 ⁸⁷
514 4478 636 4531 Act.
676 4492 751 4541 ιν,
791 4476 881 4531 '52.

2040 3182 2256 3244 tempus
2293 3190 2416 3229 eum
2471 3172 2724 3228 accusari
2767 3187 3022 3227 noveram
3062 3191 3077 3226 :
3112 3171 3208 3228 sed
3253 3188 3402 3227 nunc
3453 3171 3623 3227 Scha-

2042 3267 2181 3321 steni
2210 3265 2463 3321 alicunde
2493 3266 2587 3320 illa
2619 3265 2971 3335 perscrutati,
3018 3265 3074 3319 in
3107 3266 3345 3320 medium
3379 3265 3622 3335 protule-

2045 3367 2197 3422 runt,
2254 3373 2318 3412 ac
2352 3359 2642 3429 scriptum,
2690 3373 2757 3412 ex
2805 3371 2917 3428 quo
2951 3356 3186 3412 maxime
3219 3372 3320 3412 nos
3367 3356 3532 3413 etiam
3566 3365 3624 3412 ut

2041 3449 2235 3505 eadem
2278 3450 2578 3505 sentientes
2610 3449 2999 3512 condemnant,
3044 3448 3176 3502 talia
3208 3448 3418 3503 habens
3459 3448 3625 3502 verba

2042 3540 2438 3596 circumferunt
2465 3560 2479 3596 :
2511 3540 2692 3607 Quare
2719 3539 2910 3610 ubique
2951 3539 3250 3609 conjuncte,
3295 3540 3462 3609 magis
3505 3555 3624 3594 vero

2041 3634 2184 3687 unite
2228 3633 2431 3691 alietatt
2473 3632 2762 3700 intelligere
2800 3647 3005 3686 necesse
3047 3641 3126 3685 est
3174 3631 3403 3696 primam
3438 3631 3626 3685 identi-

2044 3732 2236 3786 tatem;
2274 3722 2559 3777 secundam
2589 3731 2638 3776 et
2675 3723 2888 3776 tertiam
2916 3722 3156 3777 eamdem
3186 3722 3437 3777 dicentes.
3469 3722 3625 3790 Quod

2042 3814 2189 3877 enim.
2209 3816 2381 3883 primo
2415 3824 2494 3870 est
2524 3814 2708 3882 Pater,
2743 3813 2840 3869 hoc
2863 3824 2942 3869 est
2970 3815 3200 3869 secundo
3227 3814 3425 3880 Filius,
3445 3824 3495 3870 et
3520 3826 3627 3871 ter—

2046 3905 2121 3957 tia
2158 3902 2391 3972 Spiritus
2429 3913 2673 3959 sanctus.
2702 3903 2907 3960 Rursus
2950 3913 3149 3969 autem,
3185 3905 3324 3975 quod
3351 3906 3526 3974 primo
3548 3915 3629 3960 est

2047 3990 2298 4060 Spiritus,
2334 3993 2430 4047 hoc
2480 3993 2708 4049 secundo
2764 3993 2964 4057 Filius,
3007 4006 3269 4064 quatenus
3319 3996 3482 4050 etiam
3523 3997 3631 4051 Do-

2047 4085 2221 4138 minus
2260 4095 2339 4139 est
2375 4083 2605 4155 Spiritus
2635 4102 2653 4139 :
2683 4095 2732 4141 et
2764 4088 2917 4141 tertio
2943 4086 3120 4151 Pater,
3159 4097 3422 4157 quatenus
3451 4087 3632 4142 videli-

2045 4187 2123 4229 cet
2150 4175 2380 4246 Spiritus
2403 4186 2483 4232 εει
2515 4177 2680 4233 Deus.
2715 4177 2781 4232 Et
2807 4190 2864 4233 ut
2885 4178 3162 4235 violentius
3188 4180 3518 4251 signiﬁcetur
3548 4197 3632 4233 res

2048 4282 2152 4319 non
2199 4267 2541 4334 enarrabilis,
2595 4268 2761 4323 Pater
2816 4281 3031 4340 paterae
3080 4268 3256 4325 Filius
3299 4280 3400 4333 est,
3454 4269 3631 4324 Filius

2048 4377 2163 4416 vero
2210 4363 2451 4432 [ilialiter
2510 4364 2690 4420 Pater.
2751 4365 2916 4436 Atque
2973 4366 3219 4420 similiter
3273 4365 3339 4421 de
3388 4364 3630 4434 Spiritu;

439 4571 555 4651 (δέ)
724 4571 893 4642 τῆς...
933 4569 1250 4651 μεσότητος.
1296 4565 1490 4651 Mirum
1523 4565 1705 4651 .videlri
1744 4567 1937 4651 possit,

2048 4568 2601 4651 catholicam__l_ideni
2654 4570 2895 4651 proﬁteri
2948 4572 3143 4651 nollet.
3185 4570 3549 4651 Quamobrem
3576 4571 3627 4627 si

366 4636 472 4697 cur
497 4643 734 4697 Basilius
755 4636 1165 4695 communicare
1195 4654 1319 4692 cum
1349 4638 1569 4692 Arianis
1598 4636 1699 4690 sibi
1731 4636 1941 4690 videre-

368 4724 480 4778 tur,
517 4712 562 4767 si
598 4728 722 4765 cum
754 4710 1042 4765 Eustathio
1076 4710 1541 4778 communicaret._
1570 4705 1704 4778 Nam
1747 4704 1945 4759 Eusta-

368 4776 520 4836 thius
552 4782 794 4836 nondum
832 4796 957 4835 cum
1002 4778 1223 4849 Arianis
1266 4776 1731 4849 communicabat,
1764 4790 1943 4844 neque

370 4852 478 4905 hoc
507 4850 722 4907 [acinus
762 4865 1056 4921 aggressus
1096 4844 1348 4913 est,'nisi
1378 4861 1522 4921 anno
1553 4844 1937 4921 315_exeun_te.

370 4921 494 4991 Ipse
525 4920 784 4983 Basilius,
799 4915 1112 4991 postquam
1160 4917 1603 4991 communionem
1633 4915 1942 4991 Δῇσίυειιιιιιίο

370 4983 728 5056 ι’ἒηιιηιίιινίι,
769 4983 877 5045 non
909 4983 984 5045 se'
1007 4990 1077 5044 ab
1109 4987 1365 5042 omnibus
1399 4983 1945 5056 Eustathii__connnu-

372 5053 746 5116 nicationibu's
786 5061 1178 5129 disjunxit,_ut
1216 5063 1366 5129 patet
1393 5071 1461 5111 ex
1484 5053 1732 5129 epistolis
1754 5053 1861 5129 245
1890 5062 1945 5107 et

372 5132 496 5193 250,
516 5131 583 5186 ad
606 5124 963 5201 Theophilum
1011 5124 1486 5201 et_Patrop_hilum._
1511 5124 1622 5201 _Cur
1641 5124 1945 5201 ergovisus

369 5192 490 5256 sibi
510 5201 703 5258 fuisset
737 5192 862 5257 eum
901 5199 1120 5253 Arianis
1149 5192 1622 5266 per-Eu‘stathium
1654 5192 1942 5266 coniungi,

369 5274 460 5338 qui
505 5281 687 5326 tamen
734 5287 858 5325 cum
900 5271 1119 5323 Arionis
1150 5263 1261 5338 non
1294 5263 1747 5338 communicabat
1777 5281 1790 5316 :
1819 5263 1944 5338 cum

368 5331 491 5409 ipso
517 5349 698 5396 autem
737 5340 1025 5409 Eustathio
1046 5337 1302 5407 conjungi
1337 5350 1433 5406 per
1453 5350 1550 5409 eos
1584 5331 1688 5409 sibi
1721 5334 1942 5409 nonuvif

369 5402 623 5474 d'ebatur,
647 5411 738 5481 qui
762 5427 886 5465 cum
922 5402 1754 5481 Eustathioc'ornmunicabant?
1775 5403 1937 5481 aliud

370 5497 551 5537 causze
579 5471 701 5535 esse
733 5498 846 5536 non
886 5489 1016 5549 puto
1064 5494 1165 5533 cur
1208 5476 1282 5529 ita
1320 5491 1387 5549 se
1418 5473 1651 5544 gesserit
1681 5471 1938 5532 Basilius,

372 5550 479 5622 nisi
530 5550 675 5622 quod
732 5548 1000 5622 Eustathii
1052 5548 1549 5622 communicatores
1594 5557 1940 5622 nequaquam

375 5620 521 5689 illius
549 5615 839 5677 sentcntiae
865 5620 1200 5689 ascriptores
1220 5625 1275 5671 et
1302 5615 1691 5689 astipulatqres
1717 5621 1901 5667 essent
1925 5631 1937 5664 :

376 5687 693 5747 Eustathius
742 5706 868 5747 vero
919 5683 1245 5743 Arianorum
1291 5683 1535 5741 errorem
1578 5683 1861 5747 damnare,
1896 5690 1950 5737 et

2050 4654 2176 4692 cum
2215 4638 2505 4695 Eustathio
2555 4638 3043 4704 communicasset,
3093 4641 3248 4697 visus
3294 4643 3398 4696 sibi
3431 4641 3629 4697 fuisset
3691 4705 3693 4707 ι

2047 4710 2309 4764 Arianam
2354 4710 2605 4766 haeresim
2654 4711 2860 4774 fovere,
2896 4713 2979 4766 vel
3022 4711 3213 4766 saltem
3252 4712 3487 4766 tolerare
3524 4730 3538 4764 :
3572 4720 3630 4763 at

2047 4778 2193 4833 idem
2245 4782 2300 4833 in
2351 4779 2759 4835 incommodum
2810 4797 2918 4834 non
2982 4781 3319 4847 incurrebat,
3375 4795 3501 4835 cum
3558 4780 3659 4834 iis'

2048 4850 2486 4914 communicaris,
2515 4850 2610 4920 qui
2639 4864 2702 4906 se
2726 4849 2795 4905 ab
2817 4850 3107 4927 Eustathio
3138 4850 3379 4905 nondum
3409 4850 3628 4920 disjuu~

2048 4927 2262 4972 xerant.

2121 4986 2234 5058 (85)
2280 4989 2673 5058 Ἐπιμέλειαν.
2703 4986 2906 5041 Eadem
2935 4989 3089 5058 pacis
3117 4988 3513 5045 constituenda:
3539 5004 3631 5043 ra-

2051 5057 2504 5183 tiogsgoponitur
2542 5074 2574 5113 a
2620 5058 2886 5127 Gregorio
2931 5057 3302 5123 Nazianzeno,
3344 5062 3492 5113 orat.
3532 5060 3624 5125 12,

2051 5141 2101 5183 o.
2250 5168 2265 5181 .

2124 5197 2237 5269 (86)
2269 5197 2449 5269 Αὺτῤ.
2486 5196 2579 5252 Sic
2624 5212 2760 5255 mss.
2805 5216 2897 5255 sex
2948 5207 3004 5269 et
3049 5197 3287 5269 antiqua:
3333 5198 3624 5254 editiones.

2052 5265 2276 5340 Legitur
2303 5270 2359 5323 in
2388 5266 2550 5340 Frob.
2590 5270 2829 5340 secunda
2864 5278 2916 5340 et
2946 5268 3120 5340 Paris.
3155 5265 3307 5340 αὖε-τό.

2123 5335 2234 5404 (87)
2268 5340 2424 5396 Καθὸ
2453 5337 2521 5392 δὲ
2544 5339 2642 5393 καὶ
2670 5343 2704 5394 ὀ
2735 5338 2950 5407 Κύριός
2969 5338 3103 5392 ἐστι
3126 5336 3193 5393 τὸ
3213 5335 3474 5409 Πνεῦμα.
3500 5337 3628 5396 Hac

2051 5407 2363 5464 addidimus
2385 5424 2450 5479 ex
2480 5415 2687 5479 septem
2716 5426 2848 5479 mss.

2125 5479 2237 5545 (88)
2270 5477 2560 5548 Σημᾶναι.
2616 5477 2691 5533 lta
2742 5478 2893 5533 Harl.
2942 5477 3105 5547 cujus
3153 5493 3255 5544 one
3300 5481 3631 5537 sustulimus

2052 5549 2856 5620 corruptissimgmAlectionem
2894 5550 3172 5620 “ligatam
3206 5551 3485 5620 σημαίνει.

2134 5622 2152 5641 ⁴
2190 5615 2338 5674 Alias
2363 5617 2497 5675 LIX.
2530 5615 2746 5689 Scripta
2786 5635 2928 5686 anno
2955 5619 3103 5691 373..
