3988 6194
378 335 483 391 565

1600 378 1605 385 -
1658 344 1717 399 S.
1758 343 2005 400 BASILII
2044 345 2258 404 MAGNI

3539 361 3646 415 εει

380 461 500 530 ipse
529 476 559 517 a
603 469 790 517 nostra
823 463 1213 520 communione
1245 465 1506 533 abscidit,
1531 481 1710 537 neque
1737 468 1794 521 in
1825 483 1957 522 con-

2069 472 2126 536 Ξις
2169 473 2291 528 καθ’
2326 474 2487 546 ἡμῶν
2529 478 2833 549 συνέγραψε
2873 479 3341 550 διαπεμψάμενος.
3385 481 3498 552 Τῆς
3542 482 3644 552 μὲν

381 554 636 608 stitutum
659 555 842 611 locum
863 558 1161 614 convenire
1189 559 1479 614 nobiscum
1512 559 1568 613 in
1604 559 1848 614 animum
1876 561 1960 613 in-

380 647 616 711 ducens,
663 663 843 719 neque
892 649 1195 721 discipulos
1224 666 1355 707 suos
1390 651 1694 716 adducens,
1741 659 1801 707 ut
1833 669 1959 723 pro-

383 739 651 794 miserat:
687 740 783 796 sed
832 758 920 797 me
966 743 1278 798 dilacerans
1323 757 1437 797 una
1479 759 1605 799 cum
1653 743 1958 816 TbeOphilo

382 830 554 885 Cillce
612 831 671 885 in
720 832 1182 902 frequentissimis
1239 836 1644 904 conventibus,
1701 838 1847 893 nuda
1904 847 1958 893 et

382 934 571 991 aperta
604 924 1007 989 criminatione,
1061 933 1119 980 ut
1150 926 1327 980 aliena
1375 926 1445 982 ab
1488 927 1666 998 ipsius
1705 928 1959 983 doctrina

380 1015 568 1084 populi
611 1014 813 1071 animis
860 1016 1119 1089 dogmata
1162 1018 1521 1075 inserentem.
1567 1017 1694 1074 Haec
1737 1018 1958 1090 quidem

383 1110 520 1164 satis
546 1124 739 1180 magna
762 1118 940 1176 erant,
971 1118 1032 1165 ut
1056 1119 1303 1166 nostram
1332 1127 1547 1168 onmem
1574 1128 1700 1167 cum
1726 1129 1792 1167 eo
1825 1129 1959 1167 con-

377 1200 720 1268 junCIiouem
764 1203 1106 1259 dirimerent.
1144 1204 1442 1274 Postquam
1476 1220 1606 1259 vero
1639 1213 1692 1260 et
1729 1206 1783 1259 in
1824 1206 1958 1260 Cili-

382 1294 523 1348 ciam
558 1296 733 1359 venit,
764 1306 929 1367 atque
959 1297 1236 1354 Gelasium
1266 1298 1559 1370 quemdam
1597 1298 1952 1360 conveniens,

385 1386 561 1441 eidem
593 1387 749 1443 fidem
783 1391 1060 1460 exposuit,
1103 1407 1269 1462 quam
1308 1391 1658 1446 conscribere
1689 1399 1808 1447 erat
1840 1390 1958 1445 Arii

386 1477 580 1545 solius,
612 1488 666 1535 et
692 1481 738 1537 si
777 1486 900 1551 quis
931 1497 1226 1553 germanus
1275 1484 1424 1538 illius
1464 1483 1804 1553 discipulus;
1844 1491 1956 1537 tum

384 1567 604 1624 demum
646 1575 818 1643 magis
849 1575 1015 1629 etiam
1067 1574 1124 1629 in
1153 1575 1524 1645 disjuuctione
1551 1574 1823 1630 obﬁrmati
1867 1590 1961 1629 su-

384 1678 538 1730 mus,
572 1664 707 1720 illud
739 1667 922 1724 animo
949 1670 1380 1735 considerantes,
1426 1686 1606 1743 neque
1644 1670 1957 1742 Ethiopem

385 1758 582 1828 pellem
605 1775 760 1814 suam
787 1778 1025 1833 unquam
1054 1773 1417 1828 mutaturum,
1438 1780 1615 1835 neque
1636 1766 1955 1835 pautheram

386 1851 635 1908 maculas
664 1868 794 1908 suas
819 1855 862 1885 ¹⁸
889 1898 904 1922 ,
937 1870 1117 1926 neque
1149 1857 1426 1912 hominem
1461 1857 1516 1911 in
1551 1857 1828 1928 perversis
1861 1872 1958 1911 nu-

384 1942 577 1996 tritum
608 1943 961 2014 dogmatibus
998 1946 1225 2002 haeresis
1260 1948 1452 2001 vitium
1481 1948 1729 2005 deterere
1773 1964 1955 2020 posse.

454 2122 511 2175 2.
570 2121 670 2177 His
720 2119 895 2175 audax
928 2120 1140 2176 facinus
1171 2121 1413 2188 addidit,
1472 2129 1532 2177 ut
1578 2122 1631 2176 in
1663 2138 1768 2181 nos
1817 2123 1959 2179 scri-

384 2218 538 2273 beret
602 2214 691 2270 re!
749 2213 931 2284 potius
1005 2219 1371 2282 componeret,
1429 2212 1618 2283 longos
1679 2228 1960 2268 sermones

384 2313 534 2368 omni
563 2309 821 2379 convicio,
868 2321 934 2362 ac
959 2306 1234 2362 calumnia
1266 2304 1495 2360 refertos
1527 2321 1543 2359 :
1590 2307 1793 2376 quibus
1824 2307 1960 2360 nihil

384 2401 769 2472 respondimus
809 2399 1074 2453 hactenus
1100 2437 1115 2461 ,
1153 2405 1444 2467 propterea
1471 2396 1617 2467 quod
1648 2398 1829 2452 edocti
1872 2414 1965 2452 su-

383 2511 513 2551 mus
555 2494 623 2549 ab
681 2492 945 2562 Apostolo
1005 2506 1115 2545 non
1170 2490 1537 2559 nosmetipsos
1583 2489 1810 2554 ulcisci,
1864 2491 1963 2545 sed

384 2590 567 2643 locum
606 2585 702 2640 irae
742 2584 873 2639 dare
901 2585 985 2650 ";
1016 2589 1133 2636 tum
1182 2582 1346 2635 etiam
1375 2584 1505 2650 quia
1543 2596 1669 2635 cum
1703 2580 1967 2637 conside-

386 2692 635 2736 raremus
671 2673 1128 2730 dissimulationis
1183 2671 1537 2744 profundum,
1572 2687 1682 2743 qua
1710 2687 1832 2728 sese
1860 2688 1962 2729 no-

384 2776 475 2832 bis
502 2771 654 2830 omni
704 2779 951 2842 tempore
982 2770 1285 2825 insinuavit
1307 2807 1323 2833 ,
1359 2770 1496 2822 muti
1534 2767 1771 2838 quodam
1799 2769 1964 2824 modo

389 2881 501 2938 prae
556 2872 778 2935 stupore
831 2862 1010 2918 effecti
1068 2876 1278 2919 sumus.
1330 2859 1529 2915 Verum
1575 2856 1790 2916 etiamsi
1826 2862 1962 2915 nihil

388 2962 584 3012 horum
633 2964 820 3020 esset,
860 2955 912 3010 id
949 2954 1095 3025 quod
1137 2969 1330 3009 recens
1379 2968 1551 3011 ausus
1598 2962 1703 3019 est,
1745 2955 1961 3008 cuinam

388 3050 674 3104 horrorem
710 3058 763 3101 et
812 3047 1053 3102 hominis
1090 3046 1508 3102 detestationem
1583 3046 1799 3117 penitus
1851 3062 1961 3101 non

2059 564 2155 622 οὖν
2184 569 2471 633 κοινωνίας
2503 570 2662 642 ἡμῶν
2701 572 2863 635 αὐτὸς
2909 571 3221 645 ἀπέρρηξεν
3256 574 3469 637 ἐαυτὸν,
3500 578 3643 645 μήτε

2062 661 2203 715 κατὰ
2232 662 2325 716 τὸν
2357 662 2663 735 ὡρισμένον
2689 663 2852 718 τόπον
2873 663 3209 735 συνδραμεῖν
3250 665 3382 733 ἡμῖν
3408 664 3645 733 ἀνασχό-

2064 768 2252 822 μενος,
2277 753 2414 823 μήτε
2442 754 2569 816 τοὺς
2597 752 2846 824 μαθητὰς
2881 754 3074 806 ἑαυτοῦ
3111 752 3468 823 παραγαγὼν,
3499 754 3645 824 ὅπερ

2063 844 2329 915 ὑπέσχετο
2351 859 2366 874 ⁸
2396 844 2535 899 ἀλλά
2575 846 2673 898 καὶ
2696 847 2845 917 ἡμᾶς
2872 845 3200 916 στηλιτεύων
3231 848 3290 899 ἐν
3336 845 3644 917 πανδήμοις

2064 938 2337 1002 συνόδοις,
2382 937 2523 1009 μετά
2554 937 2649 991 τοῦ
2698 939 2922 1003 Κίλικος
2968 937 3230 1008 Θεοφίλου
3259 977 3275 1001 ,
3315 938 3496 1008 γυμνῇ
3544 937 3645 989 καὶ

2060 1029 2511 1101 ἀπαρακαλύπτῳ
2536 1033 2601 1101 τῇ
2641 1030 2979 1103 βλασφημίᾳ,
3002 1032 3085 1095 ὡς
3109 1030 3363 1100 ἀλλότρια
3382 1029 3482 1099 τῆς
3506 1028 3642 1081 ἐαυ-

2057 1124 2154 1178 τοῦ
2185 1124 2260 1197 (4)
2308 1123 2654 1187 διδασκαλίας
2701 1127 2823 1188 ταῖς
2873 1125 3073 1195 ψυχατς
3114 1124 3206 1178 τοῦ
3244 1123 3376 1177 λαοῦ
3417 1122 3643 1192 ἐνσπεί-

2066 1232 2264 1286 ραντας
2290 1214 2561 1285 δόγματα.
2596 1214 2776 1269 Ἱκανὰ
2798 1214 2896 1286 μὲν
2923 1212 3018 1269 οὖν
3047 1209 3116 1286 ἦν
3140 1214 3235 1269 καὶ
3254 1212 3426 1268 ταῦτα
3457 1215 3643 1267 πᾶσαν

2061 1308 2218 1379 ⁴ἡμῶν
2244 1307 2343 1379 τὴν
2362 1307 2500 1378 πρὸς
2537 1306 2701 1361 αὑτὸν
2728 1305 3024 1376 συνάφεοαν
3048 1305 3300 1360 διαλῦσαι
3320 1304 3420 1375 (5).
3458 1305 3645 1357 Ἐπευ-

2059 1399 2125 1471 δὴ
2149 1400 2208 1453 δὲ
2233 1399 2330 1454 καὶ
2357 1401 2438 1464 είς
2470 1400 2728 1453 Κιλικίαν
2755 1398 2944 1465 ἐλθὼν,
2970 1399 3064 1453 καὶ
3096 1397 3372 1467 συντυχὼν
3397 1394 3644 1465 Γελασίῳ

2059 1493 2187 1556 τινὶ,
2220 1489 2413 1544 πίστιν
2439 1491 2589 1562 αὐτῷ
2633 1490 2867 1557 ἐξέθετο,
2908 1490 2976 1562 ἢν
3010 1490 3171 1561 μόνου
3201 1487 3277 1561 (6)
3325 1484 3394 1559 ἦν
3428 1486 3642 1557 ’Δρείου

2063 1584 2398 1656 συγγράψαι,
2431 1585 2527 1638 καῖ
2558 1583 2612 1637 εἴ
2638 1601 2723 1648 τις
2751 1582 2916 1637 αὑτοῦ
2942 1583 3166 1654 γνήσιος
3200 1578 3450 1651 μαθητής
3469 1598 3481 1609 ·
3515 1578 3640 1631 τότε

2059 1676 2123 1748 δὴ
2172 1678 2268 1730 καὶ
2321 1676 2483 1730 πλέον
2529 1677 2667 1748 πρὸς
2714 1676 2807 1728 τὸν
2851 1675 3130 1746 χωρισμὸν
3186 1670 3638 1741 ἐϐεϐαιώθημεν·

2060 1768 2427 1840 λογισάμενοι,
2464 1769 2546 1821 δτι
2583 1766 2705 1821 οὔτε
2734 1765 2927 1836 Αἰθίοψ
2964 1764 3180 1829 ἀλλάξει
3210 1764 3343 1816 ποτὲ
3374 1762 3437 1815 τὸ
3463 1762 3643 1832 δέρμα

2061 1858 2249 1923 αὐτοῦ,
2274 1856 2399 1911 οὔτε
2431 1856 2696 1929 πάρδαλις
2726 1855 2797 1909 τά
2832 1854 3167 1925 ποικίλματα
3203 1852 3402 1922 αὐτῆς,
3450 1850 3576 1903 οὔτε
3609 1852 3642 1904 ὁ

2060 1954 2117 2005 ἐν
2162 1951 2510 2022 διαστρόφοις
2556 1948 2792 2019 δόγμασι
2858 1947 3184 2018 συντραφεὶς
3230 1941 3642 2014 ἀποτρίψασθαι

2058 2042 2281 2097 δύναται
2310 2043 2374 2094 τὸ
2411 2040 2580 2096 κακὸν
2614 2040 2717 2110 τῆς
2750 2039 3038 2113 αἱρέσεως.

2129 2136 2185 2189 2.
2251 2132 2729 2188 Ἐπενεανιεύσατο
2767 2131 2827 2184 δέ
2865 2130 3075 2193 τούτοις
3117 2130 3212 2183 καὶ
3248 2128 3466 2200 γράψας
3513 2126 3642 2179 καθ’

2060 2228 2237 2300 ἡμῶν,
2263 2226 2462 2299 μᾶλλον
2489 2225 2547 2279 δὲ
2567 2224 2885 2297 συγγράψας
2911 2222 2985 2294 (7)
3015 2222 3206 2291 λόγους
3249 2221 3494 2292 μακροὺς
3537 2219 3646 2272 πά-

2063 2339 2163 2393 σης
2185 2320 2450 2392 λοιδορίας
2483 2320 2580 2374 καὶ
2610 2318 2982 2395 συκοφαντίας
3021 2317 3290 2387 γέμοντας
3311 2332 3325 2346 ·
3379 2314 3521 2384 ὑπὲρ
3564 2309 3643 2366 ὧν

2060 2413 2215 2468 οὐδὲν
2243 2409 2657 2483 ἀπεκρινάμεθα
2688 2410 2844 2475 τέως,
2893 2410 2983 2464 διὰ
3035 2408 3098 2462 τὸ
3148 2407 3461 2479 διδαχθῆναι
3490 2407 3646 2476 παρὰ

2061 2504 2155 2559 τοῦ
2208 2503 2551 2568 Ἀποστόλου,
2589 2503 2664 2574 μὴ
2711 2502 2935 2565 ἑαυτοὺς
2969 2501 3223 2566 ἐκδικεῖν,
3268 2500 3407 2553 ἀλλὰ
3440 2499 3645 2553 διδόναι

2059 2595 2223 2650 τόπον
2251 2598 2325 2668 τῇ
2348 2596 2483 2668 ὀργῇ
2502 2612 2518 2627 θ
2566 2594 2662 2648 καὶ
2702 2596 2819 2665 ἆμα
2861 2596 3208 2666 ἐννοήσαντες
3239 2594 3300 2647 τὸ
3331 2591 3494 2663 βάθος
3540 2591 3646 2653 τῆς

2063 2686 2428 2758 ΰποκρίσεως,
2466 2685 2586 2757 μεθ’
2612 2681 2680 2759 ἦς
2707 2685 2885 2738 πάντα
2934 2684 3027 2737 τὸν
3068 2683 3259 2754 χρόνον
3302 2684 3434 2753 ἡμῖν
3474 2697 3649 2753 προσ-

2063 2777 2299 2850 ηνέχθη,
2335 2778 2545 2848 ἀφασίᾳ
2572 2779 2682 2830 τινὶ
2720 2776 2812 2830 ὑπ’
2847 2774 3162 2846 ἐκπλήξεως
3207 2772 3651 2845 κατεσχέθημεν.

2063 2870 2127 2923 Εἰ
2160 2870 2218 2923 δὲ
2246 2870 2342 2924 καί⁷
2370 2869 2538 2940 μηδὲν
2570 2865 2641 2940 ἦν
2685 2868 2931 2933 ἐκείνων,
2973 2867 3036 2920 τὸ
3070 2868 3307 2935 ὑπόγυον
3356 2864 3537 2927 τοῦτο,
3582 2865 3659 2918 se

2062 2961 2328 3035 τολμηθὲν
2358 2962 2527 3034 αὐτῷ,
2560 2963 2666 3016 τίνι
2698 2963 2800 3016 οὐκ
2826 2963 2893 3016 ἂν
2923 2961 3125 3033 φρίκην
3167 2961 3262 3014 καὶ
3292 2959 3652 3030 ἀποστροφὴν

2066 3054 2305 3126 παντελῆ
2347 3054 2451 3123 τοῦ.
2492 3055 2682 3126 ἀνδρὸς
2729 3054 3077 3125 ἐνεποίησεν;
3117 3054 3178 3118 ὃς
3214 3070 3299 3123 γε,
3354 3051 3432 3117 ὡς
3460 3051 3647 3106 ἀκούω

390 3139 721 3212 iageneret?
775 3138 877 3206 Qui
922 3138 1173 3194 videlicet
1207 3146 1265 3191 ut
1294 3138 1458 3193 audio
1485 3138 1556 3208 (si
1592 3138 1755 3194 modo
1797 3153 1959 3193 verus

2069 3148 2203 3217 (είγε
2230 3148 2432 3220 ἀληθὴς
2467 3150 2497 3202 ὁ
2528 3148 2704 3216 λόγος,
2735 3147 2831 3201 καὶ
2874 3147 2963 3217 μὴ·
2982 3145 3207 3217 πλάσμα
3237 3144 3385 3198 ἐστὶν
3409 3144 3505 3197 ἐπὶ
3533 3143 3650 3195 δια-

389 3245 616 3295 mmor,
670 3245 773 3286 nec
829 3235 1197 3285 commentum
1243 3239 1330 3284 est
1379 3228 1448 3283 ad
1477 3228 1809 3284 calumniam
1868 3244 1965 3284 ex-

387 3321 772 3394 cogitatum),
834 3320 997 3375 etiam
1064 3320 1384 3376 reordinare
1432 3321 1730 3375 nonnullos
1794 3336 1965 3377 ausus

386 3423 499 3477 est,
554 3411 700 3484 quod
751 3412 1016 3467 hactenus
1067 3412 1134 3466 ab
1180 3410 1559 3466 haereticorum
1620 3411 1839 3465 nemine
1885 3409 1967 3464 fa-

388 3516 540 3562 ctum
600 3506 835 3561 videtur.
893 3503 1181 3570 Quomodo
1238 3519 1370 3575 ergo
1424 3504 1540 3559 haec
1586 3502 1780 3559 leniter
1824 3503 1967 3560 ferre

389 3598 705 3669 possimus,
760 3605 815 3651 et
878 3596 1148 3651 sanabilia
1202 3595 1442 3650 hominis
1502 3603 1731 3665 peccata
1775 3595 1968 3650 existi-

393 3690 588 3745 mare?
647 3687 835 3759 Itaque
865 3687 1217 3744 sermonibus
1269 3685 1425 3743 falsis
1462 3702 1532 3742 ne
1574 3686 1965 3752 abducamini,

392 3797 579 3852 neque
620 3780 904 3835 hominum
931 3779 1093 3834 facile
1126 3777 1297 3849 223
1318 3778 1508 3834 omnia
1531 3779 1589 3833 in
1615 3779 1815 3833 malam
1845 3794 1968 3848 par—

389 3881 502 3930 tem
549 3872 935 3942 accipientium
988 3871 1399 3941 suspicionibus
1447 3871 1606 3925 fidem
1638 3870 1965 3934 adbibeatis,

390 3966 551 4039 quasi
588 3980 693 4022 nos
729 3981 818 4019 res
858 3962 1170 4033 hujusmodi
1233 3964 1285 4016 in
1333 3963 1766 4019 indifferentibus
1797 3977 1969 4033 ponae

391 4071 538 4111 nuts.
575 4054 691 4111 Hoc
716 4056 861 4110 enim
899 4054 995 4109 tibi
1028 4051 1389 4123 persuadeas,
1429 4054 1515 4106 vir
1560 4052 1722 4108 nobis
1753 4051 1969 4107 deside-

394 4148 675 4203 ratissime
729 4162 794 4201 ac
845 4146 1254 4209 colendissime,
1302 4159 1582 4214 nunquam
1613 4160 1699 4199 me
1754 4152 1968 4199 tantum

393 4240 608 4295 doloris
626 4239 811 4294 animo
839 4253 961 4294 meo
997 4249 1283 4308 acceptum
1318 4237 1481 4299 scire,
1504 4245 1768 4307 quantum
1798 4251 1966 4300 nunc,

392 4348 520 4387 cum
554 4330 624 4387 de
661 4329 1155 4386 ecclesiasticarum
1199 4330 1376 4401 legum
1431 4328 1841 4398 perturbatione
1881 4343 1972 4382 au-

2066 3240 2195 3311 6ολῇ
2228 3238 2518 3312 συντεθὲν),
2549 3240 2633 3293 ὅτι
2662 3238 2757 3292 καὶ
2786 3236 3265 3310 ἀναχειροτονῆσαί
3306 3252 3460 3298 τινας
3497 3234 3650 3288 ἐτόλ-

2068 3349 2260 3404 μησεν,
2293 3332 2322 3385 ὃ
2352 3332 2514 3403 μέχρι
2540 3333 2778 3402 σήμερον
2807 3330 2984 3393 οὐδεὶς
3025 3327 3134 3383 τῶν
3159 3327 3453 3400 αίρετικῶν
3485 3329 3648 3396 ποιή-

2068 3439 2167 3484 σας
2203 3422 2473 3491 φαίνεται.
2513 3420 2639 3484 Πῶς
2668 3417 2762 3474 οὖν
2791 3419 3015 3473 δυνατὸν
3043 3419 3235 3490 πράως
3270 3418 3456 3487 φέρειν
3496 3418 3648 3488 ἡμᾶς

2064 3513 2134 3568 τὰ
2164 3512 2409 3579 τοιαῦτα,
2446 3513 2540 3567 καὶ
2581 3512 2773 3583 ἰάσιμα
2801 3508 2941 3565 εἶναι
2970 3509 3209 3582 νομίζειν
3244 3510 3337 3563 τοῦ
3361 3509 3556 3581 ἀνδρὸς
3580 3509 3648 3562 τὰ

2068 3605 2473 3675 ἁμαρτήματα;
2498 3604 2590 3674 Μὴ
2619 3604 2801 3658 τοίνυν
2829 3602 3048 3673 ψευδέσι
3080 3602 3262 3670 λόγοις
3303 3600 3647 3670 παράγεσθε,

2072 3694 2206 3765 μηδὲ
2236 3693 2510 3758 ὑπονοίαις
2540 3692 2750 3767 ἀνδρῶν
2805 3694 2979 3748 πάντα
3025 3691 3261 3755 εὐκόλως
3288 3691 3426 3763 πρὸς
3459 3690 3522 3744 τὸ
3545 3707 3651 3744 κα-

2069 3787 2162 3841 κὸν
2204 3787 2653 3858 ἐκλαμϐανόντων
2698 3785 2971 3850 πείθεσθε,
3006 3785 3084 3849 ὡς
3131 3785 3239 3856 ἄρα
3297 3785 3462 3854 ἡμεῖς
3489 3783 3650 3837 ἀδιάο

2069 3896 2210 3951 φορα
2243 3880 2317 3951 (8)
2350 3879 2612 3951 τιθέμεθα
2644 3880 2712 3933 τὰ
2731 3880 2978 3933 τοιαῦτα.
3021 3877 3261 3930 Γίνωσκε
3298 3875 3429 3947 γὰρ,
3464 3876 3652 3929 ποθει-

2069 3971 2259 4024 νότατε
2291 3973 2422 4042 ἡμῖν
2456 3971 2552 4025 καὶ
2579 3969 2894 4042 τιμιώτατε,
2937 3970 3018 4022 ὅτι
3053 3966 3207 4021 οὔπω
3235 3962 3352 4020 οῖδα
3394 3963 3653 4018 τοσοῦτον

2070 4068 2266 4132 πένθος
2307 4065 2493 4121 ἄλλοτε
2547 4068 2613 4136 τῇ
2677 4064 2821 4135 ψυχῇ
2878 4080 2980 4134 μου
3009 4060 3475 4134 παραδεξάμενος,
3523 4060 3653 4112 ὅσον

2070 4160 2186 4227 νῦν,
2230 4162 2319 4214 ὅτε
2351 4161 2562 4232 ἥκουσα
2607 4159 2715 4212 τῶν
2769 4156 3236 4228 ἐκκλησιαστικῶν
3286 4152 3505 4224 θεσμῶν
3551 4150 3653 4222 τὴν

2073 4250 2351 4322 σύγχυσιν.
2391 4250 2553 4303 Ἀλλά
2590 4250 2749 4320 μόνον
2782 4249 2962 4321 εὖχου,
3003 4249 3089 4302 ἵνα
3131 4247 3241 4316 δῴη
3296 4245 3426 4316 ἡμῖν
3463 4244 3493 4296 ὁ
3537 4242 3654 4294 Κύ-

2075 4359 2188 4415 ριος
2222 4342 2387 4413 μηδὲν
2417 4341 2558 4395 κατά
2591 4339 2760 4411 θυμὸν
2791 4340 3051 4411 ἐνεργεῖν,
3085 4336 3197 4389 ἀλλ’
3225 4335 3369 4405 ἔχειν
3395 4332 3495 4403 τὴν
3516 4331 3656 4399 ἀγάν

393 4424 529 4481 divi.
589 4420 698 4478 Sed
747 4423 921 4478 solum
973 4436 1234 4492 precare,
1281 4428 1340 4474 ut
1389 4420 1480 4476 det
1519 4421 1676 4476 nobis
1705 4419 1966 4474 Dominus

2074 4451 2204 4506 πην,
2239 4435 2362 4505 ἥτις
2403 4433 2505 4487 οὐκ
2541 4433 2860 4503 ἀσχημονεῖ.
2905 4431 2966 4482 οὐ
3010 4426 3315 4498 φυσιοῦται.
3360 4424 3507 4494 Ὅρα
3543 4422 3654 4492 γὰρ

393 4516 533 4572 nihil
562 4531 627 4571 ex
658 4514 943 4571 iracundia
974 4529 1169 4585 agere,
1207 4514 1302 4569 sed
1355 4513 1681 4567 charitatem
1726 4512 1925 4566 habere
1950 4550 1966 4577 ,

2073 4495 2221 4590 δτὲωξ
2254 4495 2409 4596 ('9)vol
2447 4524 2521 4594 μὴ
2555 4495 2769 4593 ἔχοντες
2798 4521 3001 4590 ταύτην
3024 4495 3348 4591 ’ἐπήρθησαν
3382 4516 3482 4587 μὲν
3512 4515 3654 4587 ὑπὲρ

392 4627 517 4682 quae
541 4625 604 4667 se
630 4608 890 4665 indecore
911 4621 1019 4661 non
1036 4608 1197 4677 gerit,
1223 4621 1324 4661 nec
1344 4604 1634 4661 inflatur”.
1667 4604 1799 4661 Vide
1824 4606 1973 4661 enim

393 4700 857 4774 quemadmodum
899 4700 992 4768 qui
1039 4714 1103 4753 ea
1162 4707 1372 4763 carent,
1436 4713 1603 4769 supra
1658 4713 1973 4754 mensuram

394 4798 696 4850 humanam
723 4792 850 4849 elati
886 4793 1021 4854 sint,
1076 4799 1133 4845 et
1157 4791 1413 4845 indecore
1460 4805 1519 4845 se
1551 4798 1761 4861 gerant,
1790 4806 1857 4845 ea
1896 4790 1972 4844 fa-

366 4893 587 4942 vcinora
625 4886 913 4952 audentes,
968 4897 1203 4955 quorum
1244 4885 1577 4952 praeteritum
1611 4890 1835 4954 tempus.
1865 4876 1975 4936 non

393 4982 559 5035 habet
597 4979 845 5049 exempla
857 5022 868 5032 .

2071 4618 2140 4671 τὰ
2176 4617 2352 4689 μέτρα
2382 4615 2454 4669 τὰ
2480 4613 2816 4687 ἀνθρώπινα,
2852 4610 3278 4687 ἐνασχημονοῦσι
3310 4608 3369 4662 δὲ
3405 4607 3485 4678 τῷ
3530 4607 3652 4678 βίῳ,

2072 4709 2523 4781 κατατολμῶντες
2546 4707 2797 4779 πράξεων
2823 4707 2959 4774 (10),
2992 4698 3065 4758 ὦν
3086 4705 3116 4761 ό
3146 4700 3434 4775 παρελθὼν
3464 4700 3659 4773 χρόνος

2072 4806 2177 4862 οὐκ
2206 4802 2316 4878 ἔχει
2348 4800 2418 4854 τὰ
2443 4799 2847 4875 ὑποδείγματα.

466 5142 510 5173 ¹⁶
542 5138 654 5197 Jer.
690 5154 815 5207 xm,
840 5137 931 5195 25.
1011 5136 1053 5170 ι’
1085 5136 1246 5192 Rom.
1289 5127 1388 5201 in,
1420 5134 1508 5190 19.
1582 5137 1630 5171 ι·
1662 5135 1834 5191 lCor.
1866 5153 1986 5204 snt,
2021 5138 2083 5194 4'.

467 5296 543 5369 (4)
579 5296 694 5366 Τῆς
709 5297 954 5369 ἑαυτοῦ.
977 5293 1059 5369 ita
1079 5303 1190 5369 tres
1214 5289 1828 5369 vet_ust_iss_imi_codices
1852 5307 1976 5369 cum

397 5360 568 5439 Regio
618 5360 887 5439 secundo.
915 5365 1062 5439 Editi
1088 5364 1206 5439 si};
1253 5360 1440 5439 αὐτοῦ.
1470 5360 1811 5439 Pauloﬁpost
1843 5362 1976 5416 editi

400 5430 804 5510 ἐνόπείραντος.
846 5438 984 5493 Tres
1011 5430 1193 5510 iidem
1241 5432 1463 5488 codices
1489 5446 1615 5487 cum
1644 5430 1883 5486 Clarom.
1925 5439 1979 5485 et

401 5507 531 5579 Reg.
569 5506 808 5579 secundo
837 5506 1241 5577 ἐνσπείραντας.

469 5577 546 5650 (ὗ)
571 5577 708 5632 Vide
736 5579 1016 5650 Addenda.

470 5642 546 5720 (6)
584 5652 697 5704 Ἦν
723 5651 939 5720 ,ιιόνουέ
966 5647 1040 5720 ita
1072 5644 1247 5720 llarl.,
1274 5644 1439 5709 Med.,
1463 5642 1633 5699 Coisl.
1669 5649 1896 5711 uterque
1924 5648 1978 5695 et

402 5705 542 5789 Be‘g.’
567 5705 862 5774 securi-dus.
902 5717 1140 5789 Editi__ﬁv
1176 5705 1355 5786 μόνον.

479 5780 555 5864 (7)
588 5789 973 5858 Συγγράψιις.
1012 5780 1145 5840 Vide
1177 5780 1351 5855 supra
1397 5790 1556 5837 notas
1588 5780 1652 5836 ad
1692 5781 1976 5850 epistolam

2081 5290 2174 5353 24,
2208 5304 2329 5359 qum
2357 5286 2438 5359 ad
2464 5284 2821 5359 Athanasium
2844 5274 3420 5359 Ancyranumnscripta
3449 5280 3555 5329 est.

2157 5343 2240 5429 ξεῖ
2281 5356 2617 5426 Ἀδιάφορα.
2639 5352 2773 5424 Reg.
2803 5343 3078 5407 secun'dus
3100 5355 3152 5403 et
3175 5343 3347 5400 Coisll
3383 5343 3662 5400 secundus

2084 5429 2395 5498 ἀδιάφορον.
3335 5485 3347 5497 .
3628 5478 3633 5481 ν

2138 5499 2233 5581 .59)
2266 5499 2416 5565 Ὅρα
2443 5496 2551 5568 γὰρ
2577 5494 2753 5559 ὅπως.
2788 5491 2865 5546 Ita
2899 5506 3032 5547 mss.
3064 5504 3181 5545 sex.
3208 5486 3352 5541 Editt
3384 5486 3527 5556 Ὅρα
3556 5483 3664 5554 γὰρ

2083 5587 2266 5709 miro)
2303 5633 2804 5709 κατατολμῶντες
2831 5630 3126 5709 πράξεων,
3156 5624 3426 5709 etc.u_Hoc
3451 5624 3665 5709 (cordi-

2087 5694 2329 5764 nationis
2371 5694 2605 5770 facinus,
2638 5694 3020 5775 quodvirt'nno‘r
3061 5701 3132 5775 ad
3160 5697 3421 5775 Basiliuin
3453 5694 3663 5775 detule-

2088 5788 2195 5847 rat,
2223 5795 2330 5835 non
2368 5765 2783 5834 sidetur'cértis
2809 5772 3036 5830 iudiciis
3058 5769 3229 5827 fuisse
3253 5765 3662 5825 confirmatum.
