3988 6194
379 300 484 360 557

1723 306 1781 364 S.
1819 306 2060 362 BASlLll
2098 305 2311 362 MAGNI

3532 305 3638 362 568

380 425 484 479 bus
552 423 1002 492 condemnarent,
1046 428 1219 482 multa
1279 441 1493 483 mecum
1549 427 1953 490 considerans.

2063 427 2156 480 καὶ
2242 429 2336 480 ἀπ’
2417 427 2710 499 ἀλλοτρίων
2783 427 2893 498 (17)
2965 427 3410 499 συγγραμμάτων
3489 427 3638 496 ἡμᾶς

379 532 606 572 causam
638 519 888 575 invenire
922 535 1032 576 non
1060 536 1284 590 possum
1316 564 1330 587 ,
1369 521 1474 575 nisi
1505 521 1674 590 quod,
1722 520 1775 576 id
1805 521 1951 590 quod

381 609 544 662 initio
597 610 744 677 dixi,
806 613 971 681 hujus
1015 615 1178 668 etiam
1241 614 1318 668 rei
1373 613 1722 680 molestiam,
1767 629 1958 684 paena-

381 715 526 763 rum,
551 717 672 772 qua:
697 703 919 758 mihiob
945 714 1171 775 peccata
1201 705 1397 760 debitae
1424 713 1573 769 sunt,
1601 714 1810 776 partem
1835 721 1957 762 esse

377 787 642 856 judicavi.
1898 798 1908 808 ’

449 967 504 1021 2.
565 966 700 1022 Nam
761 972 995 1039 primum
1055 973 1277 1043 quidem
1325 973 1510 1028 animo
1560 972 1753 1038 dolui,
1810 976 1954 1044 quod

377 1058 641 1114 veritates
671 1075 702 1112 a
746 1059 873 1115 filiis
922 1061 1203 1116 hominum
1237 1064 1518 1119 diminuta:
1572 1065 1681 1120 sint
1713 1085 1726 1120 :
1760 1064 1957 1121 deinde

378 1164 508 1204 vero
560 1160 775 1220 egomet
823 1153 955 1206 mihi
985 1154 1166 1217 timui,
1211 1171 1280 1210 ne
1327 1157 1491 1211 etiam
1547 1157 1669 1212 aliis
1716 1159 1956 1228 peccatis

378 1243 562 1297 odium
593 1244 876 1298 hominum
909 1247 1223 1316 adjicerem,
1258 1249 1394 1303 nihil
1438 1265 1560 1304 esse
1593 1249 1710 1305 fidei
1755 1252 1808 1305 in
1844 1253 1958 1306 ullo

378 1351 608 1405 prorsus
669 1336 891 1392 homine
936 1339 1306 1407 existimans;
1355 1341 1624 1411 siquidem
1670 1342 1745 1397 illi
1806 1343 1954 1414 ipsi,

377 1425 580 1495 quibus
633 1425 688 1481 in
725 1427 979 1484 maximis
1023 1429 1186 1484 rebus
1230 1429 1602 1495 confidebam,
1651 1431 1790 1485 tales
1828 1447 1957 1499 erga

377 1531 487 1578 me,
547 1516 681 1570 tales
725 1532 853 1587 erga
894 1520 1070 1586 ipsam
1101 1517 1381 1572 veritatem
1416 1532 1536 1573 sese
1586 1519 1957 1588 praebuerunt.

376 1607 609 1663 Noveris
651 1609 814 1676 igitur
841 1648 856 1671 ,
913 1609 1104 1673 frater,
1133 1623 1186 1664 et
1225 1610 1474 1681 quisquis
1503 1612 1746 1666 veritatis
1804 1627 1956 1665 ama-

377 1707 488 1761 tor,
523 1713 625 1752 nec
661 1715 778 1754 mea
806 1715 929 1755 esse
960 1701 1185 1770 scripta,
1222 1715 1324 1755 nec
1373 1700 1507 1754 mihi
1569 1702 1812 1771 probari,
1882 1701 1959 1755 si-

377 1789 600 1857 quidem
632 1807 740 1844 non
795 1807 863 1846 ex
910 1805 1030 1846 mea
1069 1793 1342 1849 sententia
1380 1803 1681 1864 composna
1716 1795 1954 1850 fuerunt.
1991 1788 2032 1843 Β

378 1879 536 1948 Quod
592 1883 638 1938 si
672 1883 867 1954 scripsi
899 1883 1195 1953 aliquando
1246 1894 1370 1940 ante
1422 1899 1597 1941 annos
1636 1887 1837 1941 multos
1887 1888 1955 1942 ad

377 1973 760 2042 Apolinarium
805 1981 900 2027 aut
957 1975 1022 2028 ad
1059 1974 1298 2044 aliquem
1324 1975 1522 2040 alium,
1561 1978 1814 2031 accusari
1847 1992 1955 2030 non

377 2064 573 2120 debeo.
624 2063 758 2119 Nam
792 2082 894 2121 nec
927 2066 1043 2137 ipse
1076 2082 1297 2132 accuso,
1339 2067 1385 2123 si
1414 2067 1536 2138 quis
1586 2083 1652 2122 ex
1705 2069 1956 2124 sodalitio

378 2153 564 2222 aliquo
615 2153 669 2208 in
717 2154 966 2212 haeresim
1027 2157 1309 2214 abscissus
1367 2167 1452 2214 est
1501 2158 1746 2231 (omnino
1775 2171 1955 2215 autem

377 2246 630 2300 homines
655 2247 921 2312 novistis,
958 2249 1174 2304 tametsi
1236 2251 1558 2304 nominatim
1609 2267 1717 2305 non
1769 2253 1957 2322 appel-

377 2335 476 2406 lo),
523 2336 651 2406 quia
703 2338 1083 2409 unusquisque
1136 2355 1238 2394 suo
1299 2340 1474 2410 ipsius
1501 2349 1724 2410 peccato
1756 2343 1957 2395 morie-

376 2434 489 2482 tur.
547 2427 672 2484 Hatc
723 2430 942 2499 quidem
991 2429 1062 2485 ad
1121 2432 1352 2486 missum
1402 2439 1611 2486 tomum
1653 2435 1953 2504 respondi,

375 2525 519 2574 utet
551 2517 666 2588 ipse
717 2521 1002 2576 veritatem
1036 2522 1328 2592 intelligas,
1385 2530 1440 2580 et
1484 2524 1551 2579 iis
1601 2525 1694 2594 qui
1765 2526 1958 2580 verita-

372 2613 486 2662 tem
524 2609 578 2662 in
606 2609 875 2678 injustitia
908 2610 1154 2666 detinere
1185 2613 1419 2677 nolunt,
1475 2613 1820 2668 manifestam
1875 2614 1955 2667 fa-

375 2701 511 2757 cias.
555 2701 714 2768 Quod
758 2703 804 2759 si
868 2703 1046 2761 fusius
1102 2705 1347 2777 singulas
1395 2707 1814 2763 criminationes
1870 2708 1953 2762 di-

376 2794 527 2847 luere
575 2795 878 2863 oportuerit
909 2835 925 2858 ,
971 2807 1026 2850 et
1074 2797 1178 2850 hoc
1208 2838 1223 2863 ,
1275 2796 1570 2867 adjuvante
1630 2796 1762 2862 Deo,
1815 2815 1954 2868 pra:-

378 2883 557 2940 subo.
626 2882 741 2939 Nos
772 2925 788 2950 ,
845 2886 1015 2941 frater
1083 2885 1339 2958 Olympi,
1419 2904 1596 2958 neque
1646 2888 1778 2946 deos
1842 2897 1953 2947 tres

377 2975 614 3032 dicimus
639 3018 660 3044 ,
688 2993 789 3033 nec
821 2993 946 3034 cum
975 2977 1294 3050 Apolinario
1321 2983 1814 3037 communicamus.

835 3316 1172 3375 EPISTOLA
1215 3319 1494 3377 CXXXIV.

2059 523 2384 590 κατακρῖναι
2415 519 2548 588 (18),
2594 520 2764 574 πολλά
2809 520 3160 590 λογισάμενος
3210 520 3328 572 κατ’
3377 520 3636 589 ἐμαυτὸν,

2057 611 2290 662 ἐπινοεῖν
2337 611 2436 680 τὴν
2482 610 2661 664 αἰτίαν
2691 610 2789 664 οὐκ
2838 610 2964 681 ἔχω,
3011 612 3060 663 εί
3114 609 3208 680 μὴ,
3253 610 3386 680 ὅπερ
3442 609 3502 674 ἐξ
3539 612 3641 682 ἀρ-

2057 703 2158 773 χῆς
2189 697 2361 764 εἶπον,
2397 702 2563 774 μέρος
2590 702 2780 775 ἔκρινα
2827 699 2965 755 εἶναι
2997 701 3106 754 τῶν
3157 701 3518 771 ὀφειλομένων
3547 718 3638 771 μοι

2056 793 2144 846 διὰ
2191 793 2288 858 τὰς
2340 794 2614 865 ἁμαρτίας
2667 794 2964 858 κολάσεων,
3007 794 3096 847 καὶ
3145 793 3232 865 τὴν
3281 794 3372 846 ἐπὶ
3424 792 3638 857 τούτοις

2057 883 2257 956 λύπην.

2126 974 2182 1029 2.
2227 975 2449 1048 Πρῶτον
2490 977 2592 1048 μὲν
2636 977 2744 1049 γάρ
2793 977 3167 1047 κατεπένθησα
3212 978 3278 1046 τῇ
3328 974 3498 1044 ψυχῇ.
3552 975 3640 1027 ὅτι

2057 1065 2411 1137 ῶλιγώθησαν
2449 1069 2505 1119 αἱ
2545 1063 2792 1138 άλήθειαι
2825 1067 2931 1120 ἀπὸ
2969 1067 3074 1120 τῶν
3107 1067 3238 1120 υἱῶν
3285 1065 3394 1118 τῶν
3426 1063 3640 1136 ἀνθρώ.

2059 1176 2176 1211 πων
2201 1175 2215 1188 ·
2255 1158 2449 1212 ἔπειτα
2475 1159 2530 1212 δὲ
2563 1162 2656 1214 κα)⁷
2697 1161 2968 1232 ἐφοϐήθην
3013 1159 3172 1223 αὐτὸς
3212 1159 3339 1229 περὶ
3371 1155 3638 1227 ἐμαυτοῦ,

2061 1250 2134 1320 μή
2178 1265 2307 1300 ποτε
2347 1248 2484 1320 πρὸς
2531 1253 2650 1314 ταῖς
2697 1250 2808 1321 (l9)
2849 1249 3035 1313 ἄλλαις
3089 1248 3382 1319 ἁμαρτίαις
3411 1247 3504 1298 καὶ
3536 1246 3643 1315 τὴν

2062 1342 2478 1415 μισανθρωπίαν
2505 1342 2684 1409 πάθω,
2715 1341 2866 1395 οὐδὲν
2909 1339 3098 1392 πιστὸν
3128 1341 3184 1392 ὲν
3214 1338 3389 1390 ούδενὶ
3424 1335 3642 1404 λογιζὸ-

2061 1453 2219 1506 μενος
2269 1429 2429 1498 εἶναι,
2495 1432 2652 1504 εἴπερ
2689 1433 2737 1487 οί
2796 1434 2873 1494 εἰς
2920 1431 2990 1484 τὰ
3041 1430 3271 1501 μέγιστα
3330 1430 3460 1499 παρ’
3501 1425 3642 1497 ἐμοῦ

2059 1525 2436 1588 πιστευθέντες
2463 1525 2694 1578 τοιοῦτοι
2731 1525 2828 1596 μὲν
2857 1522 2982 1594 περὶ
3011 1522 3132 1593 ἐμὲ,
3166 1520 3396 1574 τοιοῦτοι
3426 1520 3482 1572 δὲ
3507 1520 3641 1593 περὶ

2059 1619 2228 1689 αὐτὴν
2292 1617 2572 1689 ἐφάνησαν
2629 1616 2727 1688 τὴν
2790 1615 3067 1686 ἀλήθειαν.
3139 1615 3379 1667 Γίνωσκε
3425 1613 3640 1675 τοίνυν,

2058 1709 2272 1778 άδελιρὲ,
2309 1709 2404 1762 καὶ
2429 1710 2539 1771 πᾶς
2565 1709 2711 1771 ὅστις
2741 1707 2841 1778 τῆς
2875 1705 3132 1776 ἀληθείας
3165 1704 3335 1774 φίλος,
3370 1707 3505 1773 μήτε
3528 1702 3641 1773 ὲμὰ

2059 1796 2196 1853 εἶναι
2239 1799 2309 1852 τά
2339 1800 2712 1869 συντάγματα,
2755 1797 2878 1851 οὔτε
2920 1796 3250 1868 ἀρέσκεσθαι
3287 1795 3397 1864 (20)
3431 1796 3639 1857 αὐτοῖς,

2057 1892 2180 1944 ἐπεὶ
2242 1890 2315 1961 μὴ
2353 1893 2418 1972 τῇ
2483 1891 2588 1960 ἐμῇ
2621 1888 2812 1960 γνώμῃ
2856 1887 3286 1958 συγγεγράφθαι.
3330 1887 3394 1939 Εἰ
3441 1885 3498 1937 δὲ
3537 1887 3639 1937 ὲπ-

2057 1981 2277 2036 ἑστειλά
2303 1997 2429 2034 ποτε
2455 1982 2560 2052 πρὸ
2589 1980 2798 2033 πολλῶν
2820 1980 3081 2034 ἐνιαυτῶν
3119 1978 3231 2050 (21)
3279 1979 3640 2049 Ἀπολιναρίῳ

2057 2075 2088 2144 ἥ
2118 2074 2260 2144 ἄλλῳ
2285 2074 2411 2136 τινί,
2447 2073 2796 2140 ἐγκαλεῖσθαι
2823 2073 2923 2125 ούκ
2961 2071 3178 2141 ὀφείλω.
3227 2069 3362 2123 Οὔτε
3398 2071 3510 2140 γὰρ
3543 2071 3612 2123 αύ

2055 2163 2145 2226 τὸς
2173 2162 2284 2232 (22)
2333 2161 2572 2230 ἐγκαλῶ,
2621 2162 2673 2213 εἴ
2715 2179 2798 2224 τις
2828 2163 2892 2214 ὲκ
2921 2164 3020 2230 τῆς
3065 2159 3309 2231 ἑταιρίας
3359 2160 3503 2222 τινὸς
3557 2161 3639 2223 είς

2056 2254 2264 2324 αἵρεσιν
2305 2253 2607 2322 ἀπεσχίσθη
2643 2252 2838 2320 (οἴδατε
2877 2251 2936 2305 δὲ
2989 2252 3204 2313 πάντως
3243 2251 3367 2314 τοὺς
3415 2250 3639 2321 ἄνδρας,

2057 2345 2159 2396 κᾶν
2185 2345 2444 2416 ὀνομαστὶ
2478 2345 2548 2415 μὴ
2586 2345 2769 2412 λέγω),
2794 2344 2925 2396 διότι
2959 2344 3189 2406 ἕκαστος
3210 2346 3274 2414 τῇ
3319 2343 3426 2413 ίδίᾳ
3456 2344 3629 2412 ἀμαρ-

2055 2435 2146 2505 τία
2177 2434 2545 2490 ἀποθανεῖται.
2587 2435 2771 2489 Ταῦτα
2797 2434 2892 2488 νῦν
2941 2436 3040 2506 μὲν
3084 2435 3466 2506 ἀπεκρινάμην
3501 2434 3646 2505 πρὸς

2054 2525 2144 2579 τὸν
2177 2527 2549 2581 ἀποσταλέντα
2597 2529 2762 2598 τόμον
2800 2528 2944 2599 (25)·
2983 2529 3070 2582 ἵνα
3125 2527 3286 2590 αὐτός
3336 2543 3396 2579 τε
3437 2526 3642 2596 εἰδείης

2055 2615 2150 2686 τὴν
2185 2617 2462 2689 ἀλήθειαν,
2509 2617 2740 2680 καὶτοῖς
2783 2616 3122 2686 βουλομένοις
3161 2615 3234 2686 μὴ
3274 2613 3523 2684 κατέχειν
3560 2613 3642 2676 ὡς

2055 2709 2112 2762 ὲν
2141 2708 2323 2780 ἀδικία
2375 2709 2484 2778 (24)
2523 2709 2620 2780 τὴν
2662 2707 2918 2780 ἀλήθειαν
2973 2707 3210 2778 φανερὰν
3255 2707 3641 2777 καταστήσῃς·-

2056 2799 2150 2853 ὲάν
2178 2800 2234 2853 δὲ
2279 2799 2372 2871 δέῃ
2423 2801 2515 2854 καὶ
2555 2800 2889 2872 πλατύτερον
2921 2799 3062 2871 ὑπὲρ
3106 2797 3335 2851 ἑκάστου
3385 2796 3494 2851 τῶν
3541 2800 3642 2850 ὲπ-

2054 2892 2379 2963 ενεχθέντων
2409 2894 2539 2964 ἡμῖν
2577 2891 3042 2964 ἀπολογήσασθαι,
3091 2891 3183 2945 καὶ
3213 2891 3369 2944 τοῦτο
3417 2891 3627 2960 ποιήσο-

2058 2999 2176 3051 μεν,
2208 2979 2302 3034 τοῦ
2335 2981 2469 3035 Θεοῦ
2499 2981 2909 3054 συνεργοῦντος.
2964 2981 3174 3051 Ἡμεῖς.
3206 2980 3401 3049 ἀδελφέ
3440 2978 3638 3048 Ὀλύμ-

2057 3089 2170 3136 πιε,
2211 3071 2334 3126 οὔτε
2356 3076 2504 3145 τρεῖς
2529 3072 2684 3137 θεοὺς
2704 3071 2814 3145 (‘25)
2831 3073 3084 3144 λέγομεν,
3113 3071 3236 3126 οὔτε
3275 3070 3636 3143 Ἀπολιναρίῳ

2054 3164 2305 3219 κοινωνοῦ
2315 3183 2434 3237 μεν.

2559 3327 2907 3382 ΕΠΙΣΤΟΛΗ
2945 3325 3113 3381 PAB'.

381 3433 504 3482 Cum
523 3429 650 3482 varii
667 3430 729 3483 de
749 3429 980 3483 Abramio
1000 3445 1242 3485 sermones
1265 3442 1435 3495 essent,
1458 3433 1624 3486 scribit
1645 3440 1712 3486 ad
1730 3450 1838 3488 eum
1865 3437 2089 3509 Basilius
2103 3441 2263 3490 statim
2301 3453 2360 3490 ac
2393 3438 2570 3491 atatcit
2590 3439 2642 3491 in
2659 3437 2844 3491 (edibus
2875 3437 3130 3491 Saturnini
3159 3436 3346 3488 comitis
3368 3434 3634 3490 Antiochia

1901 3513 2104 3550 uersari.

695 3580 976 3644 Abramio,
1008 3583 1254 3653 episcopo
1284 3583 1602 3640 Batnorum.

447 3674 567 3742 Quo
619 3674 676 3729 in
736 3675 857 3730 loco
905 3675 1080 3745 pietas
1137 3687 1227 3731 tua
1285 3685 1533 3731 versetur
1581 3677 1649 3732 ab
1691 3684 1957 3733 autumno

377 3782 608 3837 prorsus
643 3767 910 3836 ignoravi.
949 3766 1160 3822 Etenim
1210 3768 1450 3824 incertos
1498 3783 1748 3825 rumores
1798 3785 1954 3839 repe-

453 3881 474 3900 '
512 3879 662 3932 Alias
701 3877 950 3933 CCCXV.
990 3877 1203 3948 Scripta
1233 3894 1377 3934 anno
1409 3877 1530 3934 57⁸5,

447 3948 559 4014 (Π)
612 3949 727 4002 Ἀπ’
783 3949 1138 4018 ἀλλοτρίων.
1197 3948 1366 4003 Coisl.
1415 3949 1625 4019 primus
1671 3949 1758 4003 ἐπ’
1805 3949 1956 4003 ἀλλο-

603 4087 980 4159 Κατακρῖναι.
1022 4087 1195 4154 Harl.,
1229 4086 1361 4156 Reg.
1391 4088 1600 4157 primus
1629 4097 1686 4159 et
1717 4088 1953 4143 Clarom.

377 4158 750 4228 κατακρίνειν,
799 4157 852 4214 et
882 4161 1060 4229 paulo
1101 4166 1223 4229 post
1270 4159 1573 4212 κατανοεῖν.
1624 4157 1724 4214 Hic
1775 4169 1956 4212 autem

379 4231 629 4296 apposita
661 4237 776 4282 erat
809 4230 862 4282 iu
909 4229 1071 4284 editis
1117 4229 1566 4298 interrogationis
1600 4237 1746 4292 nota,
1793 4244 1958 4298 quam

378 4298 570 4351 tollere
609 4299 783 4354 satius
823 4313 945 4353 esse
983 4299 1328 4354 existimavi:
1382 4314 1559 4354 neque
1611 4307 1792 4353 tamen
1826 4315 1961 4353 con-

378 4315 570 4351 touere
609 4315 783 4354 satius
823 4315 945 4353 esse
983 4315 1328 4362 ensumaw;
1382 4315 1532 4368 neqw

378 4367 622 4438 tendam,
656 4369 701 4421 si
733 4369 858 4438 quis
893 4369 1532 4438 apponendamijudicct.

2379 3589 2675 3656 Ἀϐραμίῳ,
2704 3590 3016 3652 ἐπισκόπῳ
3044 3586 3310 3642 Βατνῶν.

2125 3678 2306 3733 Πάντα
2342 3677 2434 3733 τὸν
2486 3680 2593 3732 ἀπὸ
2637 3678 2729 3733 τοῦ
2779 3678 3094 3752 μετοπώρου
3148 3677 3338 3750 χρόνον
3386 3678 3643 3748 ἠγνόησα

2054 3772 2182 3842 περὶ
2226 3772 2324 3842 τῆς
2372 3771 2656 3834 εὐλαϐείας
2717 3788 2832 3834 σου,
2883 3772 3018 3824 ὅπου
3077 3769 3304 3837 διάγεις.
3364 3768 3476 3821 Καὶ
3521 3767 3641 3840 γὰρ

2127 3879 2238 3948 (25)
2283 3877 2447 3947 Τρεῖς
2480 3881 2670 3945 θεούς.
2717 3880 2870 3948 Smpe
2904 3879 3040 3933 alias
3081 3879 3224 3931 hunc
3284 3877 3630 3948 trium_deo-

2054 3965 2174 4003 rum
2217 3945 2458 4004 errorem
2499 3945 3020 4005 Catholicis'Ariani
3065 3949 3415 4001 aﬂinxerunt.
3470 3945 3631 4000 Hunc

2053 4019 2352 4088 Gregorius
2400 4019 2800 4079 Nazianzenus,
2848 4028 2989 4074 orat.
3033 4019 3082 4082 1,
3130 4025 3185 4071 et
3213 4017 3304 4079 29,
3353 4033 3406 4086 p.
3453 4016 3542 4078 16,
3574 4027 3632 4088 et

2053 4087 2185 4152 489,
2212 4088 2430 4147 refellit.
2468 4098 2579 4143 uta
2611 4090 2888 4144 nonnullis
2926 4097 3346 4158 propugnatum,
3379 4103 3519 4155 quos
3545 4087 3631 4140 ni-

2058 4160 2163 4214 mis
2207 4160 2542 4214 orthodoxos
2577 4169 2756 4215 vocat.
2806 4158 2913 4214 Sed
2953 4171 3153 4218 tamen,
3187 4173 3310 4211 cum
3343 4158 3489 4210 nulla
3531 4173 3628 4211 ex-

2057 4236 2202 4284 stent
2235 4229 2436 4284 saaculo
2466 4241 2664 4298 quarto
2693 4230 2857 4298 hujus
2887 4229 3091 4283 erroris
3119 4228 3368 4296 vestigia,
3400 4227 3628 4298 credere

2058 4299 2241 4368 malim
2277 4300 2350 4352 ita
2392 4296 2632 4352 locutum
2661 4296 2782 4354 esse
2809 4299 3152 4368 Gregorium,
3179 4313 3285 4350 non
3333 4296 3477 4364 quod
3511 4298 3630 4368 ipse

2058 4367 2224 4436 hujus
2258 4371 2482 4423 haeresis
2512 4377 2811 4425 sectatores
2841 4367 3307 4438 deprehendisset.
3349 4368 3444 4420 sed
3479 4367 3629 4435 quod

451 4434 572 4510 (19)
604 4434 765 4510 Πρικςῖ
790 4434 942 4503 ταῖς.
968 4434 1215 4508 Uterque
1266 4434 1398 4507 Reg.
1433 4449 1498 4510 et
1516 4447 1744 4510 uterque
1776 4438 1951 4508 Bigot.
1987 4435 2032 4491 ὓ
2059 4434 2213 4510 (ξδ’ύο
2238 4455 2470 4510 ,τεηίιυίο
2491 4453 2602 4493 rem
2635 4434 2968 4510 causamque
3003 4454 3109 4510 non
3141 4438 3474 4510 continebat,
3499 4434 3626 4489 cum

377 4523 502 4581 cum
535 4507 710 4581 Coisl.
733 4510 982 4581 secundo
1019 4509 1092 4580 μή
1130 4507 1259 4562 ποτε
1287 4507 1510 4580 προσθῶ
1534 4507 1721 4573 ταῖςῖ..
1765 4507 1957 4581 μισαν-

378 4576 626 4649 Θρωπίαν
660 4578 833 4649 οὐδέν.

453 4648 564 4720 (20)
618 4648 1020 4716 Ἀρέσκεσθαι.
1049 4646 1286 4720 Ita_octo
1313 4663 1449 4703 mss.
1468 4646 1615 4720 iEditi
1647 4648 1957 4720 ἀρκεῖσθαι.

375 4717 580 4790 [bidem
633 4730 745 4790 {res
787 4717 1148 4772 vetustissimi
1189 4718 1408 4773 codices
1463 4719 1586 4770 ἐπεὶ
1621 4717 1698 4790 μή
1727 4722 1791 4789 τῇ
1825 4721 1954 4790 ἐμῇ.

375 4787 518 4871 εῖάίιὶ
552 4788 688 4859 μηδὲ
727 4792 794 4861 τῇ
834 4790 965 4859 ἐμῇ,
999 4805 1090 4843 nec
1129 4803 1194 4841 ea:
1224 4803 1339 4842 mea
1369 4787 1633 4843 sententia'
1670 4787 1959 4857 composita

403 4875 560 4912 υιδεε.

375 4861 573 5053 ΕΙ(ἕῆ
619 4927 966 5011 ξενιαυτῶν.
1029 4927 1105 4984 lta
1141 4939 1252 4985 tres
1281 4928 1650 5000 antiquissimi
1701 4928 1950 4985 codices.

461 5009 517 5053 ιιι
580 5017 708 5053 των.

461 5001 517 5053 ili
549 4998 708 5053 ἐτῶν.

448 5069 561 5152 (22)
593 5068 994 5152 Αὐτεξς.η1ζ(1ἰιί
1025 5068 1234 5152 addunt
1263 5067 1394 5152 εγὼ,
1416 5068 1756 5152 ψιψίὸεθεξ
1777 5070 1952 5152 iuscx

378 5138 585 5196 nostris
651 5140 960 5194 codicibus.
1036 5138 1134 5192 llic
1192 5147 1374 5193 autem
1437 5139 1652 5194 videtur
1717 5139 1958 5195 Basilius

372 5209 563 5263 Arium
603 5219 656 5266 et
708 5209 922 5266 Aetium
971 5209 1282 5278 designare,
1314 5225 1544 5278 quorum
1594 5210 1800 5278 primus
1845 5209 1954 5262 Eu-

375 5281 561 5334 stathii
599 5280 879 5347 magister,
915 5279 1054 5350 alter
1101 5281 1406 5350 discipulus
1453 5278 1650 5346 fuerat,
1684 5287 1746 5334 ut
1783 5279 1952 5336 disci-

375 5364 498 5404 mus
523 5367 586 5405 ex
628 5351 881 5420 epistolis
903 5349 1007 5420 225
1037 5357 1091 5404 et
1117 5349 1242 5405 240.

444 5421 556 5489 (‘25)
601 5418 808 5488 Τόμον.
844 5419 985 5474 Editi
1016 5430 1136 5487 post
1165 5421 1305 5474 hanc
1338 5435 1523 5475 vocem
1556 5421 1763 5475 addunt
1793 5418 1949 5482 ἀλλά,

377 5490 468 5544 sed
503 5491 700 5545 melius
732 5491 886 5546 deest
919 5492 973 5543 in
1010 5491 1190 5545 trihus
1227 5491 1618 5546 vetustissimis
1643 5491 1950 5545 codicibus.

445 5560 560 5632 (24)
612 5561 706 5626 Ὡς
738 5561 808 5632 ἐν
831 5559 1052 5632 ἀδικίᾳ.
1086 5559 1247 5615 Deest
1287 5561 1460 5632 prima
1491 5562 1684 5615 vocula
1723 5561 1776 5632 in
1809 5562 1951 5613 mul-

376 5630 752 5702 tis'vcteribus
795 5631 972 5692 libris,
1007 5645 1134 5702 Anon
1186 5638 1370 5702 tamen
1424 5631 1476 5702 in
1527 5631 1942 5702 antiquissimis,

380 5698 580 5757 Ibidem
613 5701 742 5757 editi
782 5700 1149 5770 καταστήσας.
1185 5700 1316 5757 Mss.
1357 5708 1415 5755 ut
1439 5701 1493 5756 in
1525 5698 1695 5756 textu.

2062 4507 2280 4578 Arianis
2323 4509 2536 4578 litigare
2579 4511 2762 4563 nollet.
2797 4509 2886 4562 Sic
2927 4509 3160 4561 Basilius
3208 4509 3346 4560 inter
3370 4521 3474 4578 ea,
3506 4520 3632 4575 qua:

2064 4577 2348 4633 Eustathio
2379 4575 2770 4633 subscribenda
2805 4580 3056 4648 pmpouit
3094 4578 3147 4648 in
3178 4575 3489 4648 (διῄει-125.
3519 4590 3626 4630 non

2062 4650 2263 4718 omittit
2320 4649 2591 4717 fugiendos
2643 4665 2756 4703 esse
2805 4644 3022 4718 ἐσς’ᾳυὶ
3080 4644 3302 4718 Filium
3332 4644 3529 4718 Patri,
3576 4656 3630 4699 et

2063 4716 2204 4772 Filio
2249 4715 2506 4788 Spiritum
2537 4729 2778 4771 sanctum
2819 4715 3148 4786 pra‘ponunt.
3178 4717 3249 4788 At
3293 4716 3344 4770 id
3386 4715 3627 4770 Basilius

2059 4787 2295 4842 videtur
2326 4791 2505 4858 potius
2545 4790 2889 4842 concessisse
2939 4787 3258 4858 Etitstathio,
3308 4801 3471 4858 quam
3523 4801 3629 4858 sua

2059 4867 2252 4926 sponte.
2283 4856 2651 4914 necessarium
2692 4860 2936 4913 duxisse.
2966 4857 3151 4925 Neque
3176 4857 3318 4910 enim
3347 4856 3630 4924 probabile

2059 4937 2143 4982 est
2187 4930 2290 4982 hoc
2321 4944 2508 4984 errore
2542 4944 2868 4997 quemquam
2917 4928 3209 4981 insaniisse
3239 4943 3253 4981 ί
3284 4926 3378 4980 sed
3406 4926 3627 4997 Eusta-

2060 4998 2206 5053 thius
2235 5008 2290 5053 et
2318 5000 2410 5053 alii
2455 4995 2940 5052 Pneumatmnaehi
2989 5001 3128 5050 hanc
3171 5003 3355 5050 notam
3402 4995 3630 5050 inurere

2058 5069 2340 5122 tentabant
2368 5068 2615 5123 veritatis
2641 5069 3040 5130 defensoribus,
3071 5082 3134 5120 ac
3161 5067 3212 5120 in
3241 5065 3430 5136 pi'imis
3473 5063 3629 5136 Basi-

2057 5137 2131 5192 lio
2170 5139 2260 5207 qui
2295 5139 2620 5192 calumniam
2671 5153 2700 5190 a
2745 5153 2802 5193 se
2852 5139 3132 5207 prepulsat
3179 5135 3444 5207 in’_epist.
3495 5135 3626 5190 251.

2057 5205 2248 5262 Simile
2274 5210 2579 5277 exemplum
2621 5205 2973 5277 suppeditant
2999 5205 3402 5277 Apolinaristte,
3433 5207 3526 5277 q_ui
3568 5214 3627 5260 ut

2055 5279 2324 5332 catholico
2371 5275 2609 5343 dogmati
2656 5275 2914 5331 invidiam
2963 5275 3235 5338 crearent,
3271 5275 3410 5329 duos
3453 5275 3625 5330 Filios

2055 5349 2124 5403 ab
2193 5349 2523 5403 adversariis
2567 5348 2681 5403 suis
2726 5348 2936 5401 admitti
2975 5360 3027 5402 et
3068 5346 3288 5399 Mariam
3325 5346 3632 5414 hominipa-

2054 5431 2170 5470 ram
2219 5419 2328 5472 dici
2373 5417 2668 5487 fingebant.
2701 5416 2997 5488 Gregorius
3048 5415 3426 5488 Nazianzenus
3480 5418 3630 5488 hunc

2053 5502 2294 5541 errorem
2348 5486 2542 5542 recens
2597 5486 2845 5542 exortum
2891 5504 3013 5543 esse
3058 5487 3190 5540 dicit
3241 5489 3294 5539 in
3338 5493 3479 5539 orat.
3536 5486 3627 5549 14,

2052 5573 2105 5638 p.
2139 5556 2580 5638 231..Nyssent_is
2608 5565 2822 5638 veronut
2847 5558 3274 5638 commentitium
3310 5565 3364 5610 et
3394 5556 3627 5638 ab_Apo_—

2051 5623 2317 5698 [inaristis
2350 5623 2699 5698 impudenter
2730 5627 2915 5682 fictum
2967 5627 3208 5698 explodit
3235 5628 3290 5681 in
3333 5626 3496 5696 epist.
3537 5623 3623 5678 'ad

2050 5696 2416 5766 Eustathium,
2433 5695 2567 5754 iom.
2595 5695 2681 5765 Ill,
2704 5713 2758 5768 p.
2787 5698 2909 5754 660.
