3988 6194
337 328 442 386 569

1184 328 1672 387 EPISTOLARUM
1708 329 1995 387 CLASSIS
2031 330 2094 386 ll.
2140 328 2355 385 EPIS'l.
2397 329 2685 386 CXXXIV.

3479 331 3590 388 570

337 445 758 516 πεπλανημένας
788 443 888 508 τὰς
929 444 1116 515 φήμας
1152 445 1425 518 εὕρισκον,
1454 444 1564 499 τῶν
1595 446 1692 517 μὲν
1729 447 1911 514 ἀπαγσ

2017 445 2246 510 riebam,
2279 446 2401 503 aliis
2450 456 2504 501 te
2560 445 2862 501 Samosstis
2910 447 3236 503 commorari
3279 447 3585 502 nuntianti-

334 537 637 607 γελλόντων
680 539 739 590 ὲν
779 536 1111 606 Σαμοσάτοις
1148 536 1443 607 διατρίϐειν
1477 554 1569 591 σου
1617 538 1718 608 τὴν
1755 535 1916 591 εὐλά-

335 630 518 693 ϐειαν,
541 627 650 682 τῶν
668 627 725 680 δὲ
750 629 811 682 ὲν
837 631 905 699 τῇ
934 626 1087 700 χώρᾳ
1107 644 1119 656 ·
1148 627 1321 682 ἄλλων
1349 628 1406 682 δὲ
1434 629 1560 701 περὶ
1581 629 1680 692 τὰς
1708 627 1916 692 Βάτνας

335 720 511 784 αὑτάς
534 718 1028 791 διαϐεϐαιουμένων
1057 719 1358 790 ἑωρακέναι
1379 736 1392 750 ·
1429 718 1511 773 διὸ
1530 719 1653 773 οὐδὲ
1677 718 1916 789 συνεχῶς

336 811 654 867 ἐπέστειλα.
703 810 820 865 Νῦν
865 810 945 877 δὲ,
993 809 1181 882 μαθὼν
1232 813 1292 868 ὲν
1348 811 1647 884 ’Δντιοχείᾳ
1687 810 1913 880 διάγειν,

334 903 398 957 ἐν
430 904 497 972 τῇ
539 901 686 974 οἰκίᾳ
731 900 826 955 τοῦ
860 901 1283 974 αἱδεσιμωτάτου
1322 903 1644 975 Σατορνίνου
1692 903 1787 958 τοῦ
1834 904 1920 956 κό-

339 1009 536 1064 μητος,
563 993 739 1048 ἔδωκα
786 994 887 1066 τὴν
931 993 1217 1065 επιστολὴν
1269 993 1564 1066 προθύμως
1610 993 1687 1066 τῷ
1733 994 1918 1049 ποθει-

334 1086 548 1157 νοτάτῳ
581 1086 676 1141 καὶ
726 1086 1104 1157 εύλαϐεστάτῳ
1150 1085 1367 1157 ἀδελφῷ
1406 1087 1794 1158 Σαγκτισσίμῳ
1841 1086 1919 1158 τῷ

336 1177 815 1250 συμπρεσϐυτέρῳ
842 1178 979 1248 (26),
1009 1178 1078 1231 δι’
1107 1170 1170 1230 οὗ
1203 1177 1656 1249 προσφθέγγομαί
1687 1195 1782 1232 σου
1817 1178 1919 1249 τὴν

334 1268 583 1340 ἀγάπην,
636 1268 991 1342 παρακαλῶν,
1041 1269 1286 1339 ὅπουπερ
1344 1267 1412 1321 ἂν
1464 1263 1560 1341 ᾖς,
1610 1267 1918 1339 μεμνῆσθαι

337 1358 578 1431 μάλιστα
613 1360 709 1432 μὲν
734 1359 828 1414 τοῦ
852 1359 1011 1426 Θεοῦ,
1054 1357 1172 1413 εἶτα
1209 1359 1303 1413 καὶ
1335 1358 1511 1430 ἡμῶν,
1559 1358 1654 1423 οὓς
1698 1359 1921 1432 ἀγαπᾷν

330 1455 397 1520 ἐξ
426 1456 598 1526 ἀρχῆς
641 1454 913 1527 προείλου.
962 1455 1059 1510 καὶ
1116 1454 1262 1525 ἔχειν
1304 1455 1363 1507 ὲν
1404 1456 1518 1519 τοῖς
1568 1455 1918 1518 οἰκειοτάτοις

328 1543 790 1617 ἀριθμουμένους.

856 1657 1202 1713 ΕΠΙΣΤΟΛΗ
1237 1656 1407 1715 ΡΔΓ.

2011 536 2137 601 bus,
2195 536 2321 592 aliis
2349 552 2480 593 rure
2508 576 2524 602 ,
2576 536 2701 593 aliis
2728 552 2860 594 vero
2908 548 2964 593 te
3004 537 3151 592 circa
3181 537 3381 593 Batnas
3432 538 3586 607 ipsas

2008 628 2187 683 visum
2215 643 2248 682 a
2301 644 2360 684 se
2388 644 2512 685 esse
2567 628 2965 685 allirmantibus
2998 648 3011 683 :
3043 638 3376 700 quapropter
3435 629 3582 684 haud

2010 720 2207 775 crebro
2248 721 2464 791 scripsi.
2496 718 2652 775 Nunc
2686 728 2867 776 autem
2894 721 3058 777 simul
3092 730 3153 775 ut
3187 719 3350 775 didici
3382 728 3435 776 te
3472 721 3576 774 An-

2010 808 2228 865 tiochia:
2269 812 2478 878 versari
2516 811 2572 865 in
2602 810 2812 867 aedibus
2867 812 3244 867 colcndissimi
3275 810 3436 882 225
3479 810 3582 865 Sa-

2015 902 2223 957 turnini
2277 905 2518 967 comitis,
2555 902 2679 958 dedi
2708 904 2995 974 epistolam
3042 905 3274 961 libenter
3303 904 3584 959 desidera-

2015 993 2229 1048 tissimo
2265 1007 2330 1047 ac
2369 994 2788 1063 religiosissimo
2830 993 2987 1049 fratri
3034 992 3393 1049 Sanctissirno
3429 1009 3584 1048 com-

2012 1084 2333 1156 presbytero
2370 1100 2383 1136 ε
2426 1071 2523 1156 per
2563 1102 2725 1155 quem
2785 1087 2965 1141 saluto
3014 1086 3359 1141 dilectionem
3406 1095 3579 1147 tuam,

2013 1176 2313 1233 obsecrans
2363 1187 2422 1231 ut
2456 1178 2769 1247 ubicunque
2820 1180 3010 1241 fueris,
3046 1180 3100 1234 in
3147 1179 3337 1248 primis
3362 1176 3579 1247 quidem

2014 1266 2334 1323 memineris
2372 1266 2500 1329 Dei,
2555 1268 2751 1323 deinde
2794 1276 2850 1323 et
2897 1269 3092 1332 nostri,
3132 1283 3271 1338 quos
3304 1268 3372 1321 ab
3422 1266 3582 1321 initio

2014 1358 2242 1428 diligere
2280 1357 2540 1424 statuisti,
2589 1368 2644 1413 et
2676 1359 2820 1415 inter
2848 1361 3083 1416 maxime
3113 1358 3454 1415 necessarios
3486 1373 3586 1411 nu-

2014 1464 2248 1507 merare.

2467 1655 2805 1712 LPISTOLA
2841 1654 3148 1712 CXXXIII'.

339 1777 543 1827 Petrum
563 1777 740 1828 salutat
759 1782 807 1829 et
831 1777 1069 1839 hortatur,
1092 1782 1161 1839 ut.
1182 1775 1588 1839 quemadan
1607 1783 2098 1836 ceterarum‘rmm,
2116 1778 2184 1829 ita
2205 1777 2351 1830 etiam
2388 1775 2641 1829 Athanasii
2671 1775 2722 1839 in
2739 1790 2790 1828 se
2818 1773 3001 1839 amoris
3023 1787 3269 1827 successor
3290 1773 3352 1825 sit
3364 1788 3381 1835 ,'
3411 1780 3455 1824 et
3477 1773 3585 1836 [ra-

917 1837 1148 1889 term‘tatis
1170 1836 1343 1902 ubique
1360 1836 1553 1904 (ti/fusa:
1570 1851 1737 1889 curam
1754 1840 1923 1892 eodem
1942 1842 2130 1902 studio,
2151 1854 2209 1892 ac
2231 1839 2532 1892 beatissimus
2555 1838 2637 1890 ille
2659 1837 2757 1900 uir,
2783 1836 3032 1901 suscipiat.

592 1944 811 2016 Πέτρῳ,
842 1946 1155 2013 ἐπισκόπῳ
1173 1947 1653 2015 Ἀλεξανδρείας.

405 2032 519 2110 Τῆς
575 2040 673 2110 μὲν
732 2038 1051 2110 σωματικῆς
1103 2038 1286 2108 φιλίας
1341 2037 1608 2109 ὀφθαλμοὶ
1665 2036 1917 2110 πρόξενοι

324 2130 606 2198 γίνονται,
634 2129 729 2184 καὶ
762 2132 796 2202 ἡ
824 2129 911 2184 διά
949 2129 1161 2200 μακροῦ
1197 2129 1390 2202 χρόνου
1424 2129 1748 2201 ἐγγινομένη
1795 2146 1916 2182 συν-

324 2221 492 2291 ήθεια
526 2222 749 2293 βεϐαιοίο
781 2223 878 2292 τὴν
913 2222 969 2275 δὲ
1006 2221 1265 2293 ἀληθινὴν
1309 2220 1531 2291 ἀγάπην
1562 2222 1596 2291 ἠ
1623 2220 1715 2274 τοῦ
1749 2219 1917 2273 Πνεύ-

329 2325 507 2379 ματος
531 2308 708 2381 δωρεὰ
749 2309 1052 2378 συνίστησι,
1099 2310 1443 2363 συνάπτουσα
1484 2310 1582 2380 μὲν
1621 2309 1689 2363 τὰ
1721 2302 1916 2381 μακρῷ

321 2396 593 2451 διεστῶτα
632 2399 803 2470 τόπῳ,
847 2397 1191 2473 γνωρίζρυσα
1224 2398 1282 2452 δὲ
1334 2399 1583 2470 ἀλλήλοις
1620 2400 1747 2463 τοὺς
1782 2400 1916 2467 ἁγα-

327 2489 570 2557 πητοὺς,
615 2489 675 2542 ού
718 2489 805 2542 διὰ
847 2489 1176 2560 σωματικῶν
1233 2490 1619 2562 χαρακτήρων,
1658 2486 1792 2542 ἀλλὰ
1826 2487 1914 2543 διά

246 2610 249 2611 ν
323 2579 441 2631 τῶν
464 2580 564 2649 τῆς
591 2579 772 2651 ψυχῆς
799 2581 913 2651 (ΞΊ)
951 2581 1279 2653 ἰδιωμάτων.
1317 2583 1382 2635 Ὃ
1414 2581 1478 2648 δὴ
1516 2581 1609 2635 καὶ
1638 2580 1727 2650 ἐφ’
1757 2580 1914 2652 ἡμῶν

323 2669 362 2739 ἠ
397 2667 489 2720 τοῦ
514 2670 720 2740 Κυρίου
740 2670 901 2741 χάρις
922 2669 1171 2741 ἐποίησε,
1197 2668 1588 2743 παρασχομένη
1618 2668 1764 2740 ἡμᾶς
1788 2669 1913 2721 ἰδεῖν

326 2773 393 2825 σε
420 2759 531 2821 τοῖς
562 2757 662 2828 τῆς
685 2757 862 2828 ψυχῆς
890 2757 1220 2829 ὀφθαλμοῖς,
1256 2758 1352 2812 καὶ
1382 2757 1814 2829 περιπτύξασθαί
1853 2775 1912 2812 σε

322 2852 398 2921 τῇ
424 2850 614 2921 ἀγάπῃ
636 2853 700 2922 τῇ
727 2850 981 2924 ἀληθινῇ,
1014 2852 1110 2907 καὶ
1147 2852 1309 2905 οἱονεὶ
1344 2851 1655 2922 συμφυῆναί
1685 2867 1787 2910 σοι,
1818 2849 1914 2904 καὶ

322 2942 469 3014 πρὸς
522 2942 651 3013 μίαν
692 2942 866 2996 ἐλθεῖν
912 2941 1106 2996 ἕνωσιν
1147 2945 1212 2996 ὲκ
1255 2942 1357 3012 τῆς
1397 2942 1540 2996 κατὰ
1584 2941 1683 3013 τὴν
1732 2942 1912 2997 πίστιν

321 3031 633 3095 κοινωνίας.
698 3029 1046 3103 Πεπείσμεθα
1106 3032 1216 3104 γάρ
1281 3046 1342 3084 σε
1403 3031 1596 3102 ἀνδρὸς
1658 3029 1910 3085 τοσούτου

322 3118 556 3189 θρέμμα
596 3120 936 3191 ὑπάρχοντα,
974 3122 1067 3175 καὶ
1107 3121 1207 3192 τὴν
1252 3121 1316 3174 ὲκ
1356 3119 1587 3174 παλαιοῦ
1627 3120 1910 3194 διατριϐὴν

323 3210 449 3271 μετ’
476 3211 640 3265 αὐτοῦ
672 3211 923 3283 λαχόντα,
947 3211 1025 3284 τῷ
1063 3211 1211 3284 αύτῷ
1251 3212 1578 3283 πορεύεσθαι
1612 3210 1901 3283 πνεύματι,

320 3304 422 3354 καὶ
452 3303 566 3364 τοῖς
590 3302 771 3366 αὐτοῖς
796 3304 1027 3374 στοιχεῖν
1064 3306 1163 3376 τῆς
1204 3303 1484 3368 εὐσεϐείας
1525 3304 1780 3375 δόνμασι.
1815 3304 1907 3359 Διδ
1936 3286 1977 3345 C

317 3396 422 3446 καὶ
457 3394 953 3466 προσφθεγγόμεθά
989 3412 1079 3449 σου
1115 3395 1212 3469 τὴν
1249 3397 1560 3468 τιμιότητα,
1593 3397 1688 3450 καὶ
1727 3408 1907 3468 παρα-

310 3481 599 3555 ,καλοῦμεν
639 3484 777 3555 μετά
814 3484 923 3538 τῶν
962 3484 1135 3539 ἄλλων
1174 3485 1268 3539 καὶ
1307 3484 1406 3556 τὴν
1450 3487 1579 3558 napi.
1615 3487 1760 3557 ἡμᾶς
1790 3487 1903 3544 διά-

318 3572 475 3627 θεσιν
512 3573 605 3628 τοῦ
657 3576 893 3646 μεγάλου
941 3576 1132 3648 ἀνδρὸς
1169 3575 1527 3641 διαδέξασθαι·
1570 3578 1903 3634 ἐπιστέλλειν

317 3680 383 3717 τε
414 3663 547 3736 ἡμῖν
578 3666 825 3738 συνήθως
857 3668 926 3722 τὰ
963 3668 1105 3722 κατὰ
1146 3667 1362 3734 σαυτὸν,
1407 3669 1501 3723 καὶ
1532 3669 1906 3739 ἐπιμελεῖσθαι

317 3754 428 3825 τῆς
474 3752 763 3827 πανταχοῦ
797 3757 1155 3830 ἀδελφάτητος
1195 3761 1307 3823 τοῖς
1353 3760 1536 3824 αὐτοῖς
1580 3760 1908 3832 σπλάγχνοις

2376 1951 2559 2014 Petro,
2591 1949 2836 2018 episcopo
2867 1946 3227 2002 Alexandriae.

2083 2040 2397 2112 Corporalis
2447 2041 2666 2111 quidem
2723 2038 2978 2093 amicitize
3023 2039 3404 2093 conciliatores
3455 2044 3583 2091 sunt

2016 2131 2182 2194 oculi,
2215 2146 2445 2201 eamque
2476 2130 2738 2185 diuturna
2766 2128 3106 2185 consuetudo
3138 2129 3442 2183 continuat.
3475 2127 3581 2182 Sed

2013 2238 2197 2277 veram
2225 2223 2547 2275 cliaritatem
2586 2220 2788 2275 donum
2836 2218 3073 2289 Spiritus
3098 2218 3413 2282 constituit,
3445 2233 3575 2272 con-

2009 2316 2250 2385 jungcns
2274 2314 2435 2383 longo
2459 2312 2719 2367 distantia
2747 2311 2990 2366 locorum
3020 2309 3326 2371 intervallo,
3357 2322 3421 2364 ac
3444 2309 3582 2363 ami-

2013 2405 2094 2459 cis
2146 2410 2416 2474 praestans
2469 2407 2528 2456 ut
2578 2416 2700 2456 sese
2751 2402 2982 2456 invicem
3043 2408 3414 2470 cognoscant,
3470 2414 3581 2454 non

2014 2495 2294 2565 corporeis
2339 2496 2517 2561 notis,
2569 2494 2663 2550 sed
2709 2495 2904 2548 animae
2950 2493 3391 2564 proprietatibus.
3427 2490 3581 2557 Quod

2013 2588 2191 2658 ipsum
2225 2597 2279 2641 et
2318 2587 2371 2640 in
2402 2587 2564 2642 nobis
2591 2584 2804 2641 Domini
2840 2585 3013 2655 gratia
3045 2583 3294 2654 perfecit,
3340 2583 3584 2655 largiens

2015 2684 2075 2730 ut
2122 2684 2177 2733 te
2228 2677 2540 2732 videremus
2573 2676 2739 2730 animi
2771 2675 2984 2738 oculis,
3032 2680 3193 2743 teque
3225 2672 3579 2742 amplectere-

2013 2781 2137 2821 tnur
2176 2782 2308 2822 vera
2352 2766 2666 2829 dilectione,
2712 2781 2777 2821 ac
2815 2766 2978 2820 veluti
3021 2766 3418 2821 coluereremus
3457 2763 3578 2826 tibi,

2011 2867 2064 2912 et
2113 2858 2168 2911 in
2207 2873 2371 2912 unam
2416 2859 2732 2914 veniremus
2781 2858 3036 2913 unionem
3065 2873 3153 2917 es,
3178 2855 3297 2910 lidci
3336 2871 3583 2910 commu-

2010 2947 2195 3003 nione.
2246 2946 2419 3005 Nobis
2463 2950 2613 3005 enim
2664 2960 2750 3006 est
2803 2964 3127 3019 persuasum
3176 2956 3267 3014 te,
3297 2946 3402 3002 viri
3456 2945 3581 3000 talis

2012 3037 2290 3093 alumnum
2314 3080 2331 3105 ,
2374 3050 2428 3095 et
2455 3041 2613 3112 longa
2655 3041 2805 3096 illius
2831 3041 3226 3097 consuetudine
3264 3055 3460 3104 usum,
3486 3052 3582 3093 ea-

2011 3130 2132 3185 dem
2180 3131 2433 3188 incedere
2478 3133 2698 3204 spiritu,
2733 3134 3034 3204 eademque
3066 3133 3285 3204 pietatis
3325 3132 3581 3203 dogmata

2013 3220 2191 3291 sequi.
2225 3219 2569 3293 Quapropter
2601 3231 2655 3278 ct
2680 3231 2828 3278 tuam
2859 3226 3036 3280 saluto
3066 3222 3455 3293 praestantiam,
3481 3222 3581 3277 ob-

2008 3320 2286 3384 testorque
2326 3321 2384 3368 ut
2420 3330 2545 3369 cum
2586 3317 2796 3373 caeteris
2838 3317 3003 3373 rebus
3028 3316 3190 3369 etiam
3222 3314 3400 3385 magni
3433 3312 3582 3366 illius

2007 3405 2111 3460 viri
2138 3406 2193 3458 in
2221 3420 2324 3460 nos
2354 3420 2595 3461 amorem
2628 3408 2898 3479 excipias,
2928 3406 3171 3476 mihique
3196 3419 3339 3475 saepe
3375 3402 3444 3458 de
3468 3402 3581 3457 tuis

2006 3495 2174 3551 rebus
2224 3498 2474 3563 scribas,
2538 3506 2595 3554 et
2644 3514 2833 3553 curam
2882 3498 3153 3569 suscipias
3217 3493 3579 3550 fraternitatis

2008 3586 2210 3656 ubique
2237 3588 2468 3648 diﬂ'usae.
2500 3592 2804 3646 visceribus
2834 3590 3030 3646 iisdem
3056 3605 3122 3645 ac
3161 3588 3343 3645 studio
3365 3585 3577 3654 eodem,

2009 3691 2121 3745 quo
2167 3684 2223 3733 et
2266 3679 2619 3748 beatissimus
2657 3680 2748 3736 ille
2795 3681 2883 3734 vir
2912 3681 2970 3734 in
3006 3694 3234 3747 omnes,
3273 3679 3368 3751 qui
3405 3676 3575 3733 Deum

2009 3768 2068 3822 in
2094 3770 2321 3827 veritate
2351 3773 2606 3843 diligunt,
2644 3789 2777 3829 usus
2799 3783 2905 3829 est.

319 3847 420 3900 καὶ
457 3849 524 3919 τῇ
561 3849 696 3920 αὐτῇ
738 3849 1017 3925 προθυμίᾳ
1048 3851 1182 3922 (28),
1285 3852 1382 3906 κα)⁵
1416 3854 1446 3907 ὁ
1485 3852 1901 3924 μακαριώτατος
1939 3857 2144 3925 ἐκεῖνος
2166 3865 2297 3935 περὶ
2320 3864 2523 3930 πάντας
2550 3864 2749 3936 ἐχρῆτο
2766 3866 2890 3930 τοὺς
2916 3864 3242 3936 ἀγαπῶντας
3300 3862 3392 3918 τὸν
3442 3858 3574 3912 θεὸν

320 3945 383 3997 ὲν
406 3940 652 4017 ἀληθείᾳ.
1382 4010 1403 4059 \

816 4064 1163 4119 ΕΠΙΣΤΟΛΗ
1198 4068 1368 4121 ΡΛΔ¹.

2438 4067 2778 4126 EPISTULA
2815 4067 3146 4125 CXXXIV".

508 4174 699 4228 Gratias
717 4174 816 4241 agit
830 4179 958 4260 quod
979 4192 1132 4244 nuper
1149 4179 1416 4245 scripserit.
1438 4182 1675 4233 Hortatur
1699 4189 1752 4233 ut
1776 4185 1956 4245 surptus
1976 4179 2173 4233 scribat.
2201 4182 2361 4246 Negat
2387 4195 2441 4234 se
2455 4182 2645 4249 copiam
2675 4183 2851 4236 habere
2874 4182 3069 4235 librarii
3096 4188 3179 4235 aut

770 4294 1030 4361 Παιονίῳ
1054 4294 1459 4365 πρεσϐυτέρῳ.

400 4375 562 4431 ὀσον
599 4377 887 4451 ηὔφρανας
931 4385 1078 4456 ἡμᾶς
1118 4390 1231 4451 τοῖς
1274 4389 1626 4461 γράμμασιν,
1666 4392 1905 4459 εἰκάζεις

321 4483 429 4520 που
466 4468 682 4534 πάντως
732 4473 913 4539 αὐτοῖς
957 4471 1039 4540 οἷς
1082 4477 1419 4544 ἐπέστειλας
1455 4480 1598 4535 οὕτω
1638 4482 1700 4536 τὸ
1734 4482 1906 4538 καθα-

323 4558 419 4629 ρὸν
452 4559 553 4629 τῆς
572 4561 821 4633 καρδίας,
845 4566 938 4633 ἀφ’
968 4561 1036 4637 ἦς
1064 4569 1328 4641 προῆλθεν
1350 4573 1535 4625 ἐκεῖνα
1562 4574 1631 4626 τὰ
1661 4575 1901 4645 ῥήματα,

2508 4293 2726 4348 Paronio
2763 4292 3085 4363 presbytero.

2077 4389 2427 4458 Quantopere
2454 4401 2542 4441 me
2573 4386 2771 4439 litteris
2803 4384 3194 4449 olilectaveris,
3237 4376 3481 4454 profeCto
3506 4396 3572 4437 ex

2004 4482 2073 4538 iis
2106 4492 2228 4552 Quae
2265 4479 2539 4549 scripsisti
2573 4477 2944 4546 conjecturam
2977 4476 3152 4532 facis:
3183 4475 3317 4530 adeo
3363 4475 3575 4546 puritas

2004 4573 2228 4634 cordis,
2283 4585 2351 4627 ex
2396 4585 2506 4640 quo
2550 4571 2715 4624 verba
2765 4569 2857 4623 illa
2920 4567 3261 4638 produxere,
3322 4573 3576 4621 accurate

320 4647 661 4764 ῗῚκςῖϐῶξΆέκ
696 4651 1175 4764 ⁴τῶνωγραμμᾰιτων
1210 4661 1607 4733 κατεμηνύετο.
1646 4664 1755 4717 Καὶ
1792 4665 1902 4736 γὰρ

2012 4679 2072 4719 ex
2128 4662 2325 4717 litteris
2365 4661 2825 4733 perspiciebatur.
2873 4658 3005 4713 Nam
3047 4673 3309 4730 aquarum
3363 4658 3574 4715 rivulus

319 4735 479 4800 ὁλκὸς
516 4730 626 4812 (29)
668 4741 766 4813 μὲν
802 4741 992 4809 ὕδατος
1030 4745 1271 4802 δείκνυσι
1312 4730 1420 4820 τὴν*
1451 4751 1654 4805 οἰκείαν
1697 4730 1898 4825 πηγὴν,

318 4826 479 4897 λόγου
507 4831 564 4885 δὲ
587 4833 748 4900 φύσις
772 4835 871 4906 τὴν
906 4837 1339 4907 προενεγκοῦσαν
1368 4841 1530 4895 αὑτὸν
1557 4842 1785 4915 καῴίαν
1810 4862 1900 4915 χα⁴

2005 4760 2216 4813 fontem
2240 4771 2401 4810 suum
2433 4753 2676 4817 indicat;
2724 4751 2996 4808 sermonis
3025 4763 3204 4806 autem
3253 4760 3444 4804 natura
3477 4764 3574 4818 pe-

1999 4858 2143 4911 ctus,
2175 4846 2320 4901 unde
2348 4844 2644 4903 emanavit.
2678 4842 2922 4913 depingit
2966 4856 3031 4896 ac
3076 4843 3343 4911 designat.
3392 4838 3574 4906 Quare

321 4921 666 4992 ρακτηρίζει.
699 4925 863 4979 Ὥστε
900 4926 1102 4983 ἄτοπόν
1143 4947 1205 4983 τε
1251 4932 1346 4985 καὶ
1381 4932 1518 4985 πολὺ
1553 4934 1648 4987 τοῦ
1690 4935 1900 5001 εἰκότος

2012 4937 2303 4992 absurdum
2353 4933 2614 5001 quiddam
2644 4940 2701 4986 et
2740 4945 2771 4984 a
2801 4930 3086 4984 verisimili
3130 4930 3288 4999 longe
3335 4930 3571 4982 alienum

322 5014 776 5087 παρηλλαγμένον
805 5020 1126 5075 πεπονθέναι
1154 5023 1421 5093 ὁμολογῶ.
1446 5023 1769 5090 Σπουδάζων
1794 5030 1902 5101 γὰρ

2012 5025 2130 5079 milii
2166 5025 2342 5077 fateor
2370 5022 2646 5077 evenisse.
2681 5020 2815 5073 Cum
2848 5020 2994 5073 enim
3023 5026 3145 5073 tuas
3178 5018 3393 5088 semper
3424 5018 3573 5073 litte-

318 5102 409 5158 ἀεὶ
460 5106 781 5179 γράμμασιν
836 5112 1183 5183 ἐντυγχάνειν
1230 5115 1332 5185 τῆς
1389 5115 1725 5188 τελειότητός
1783 5136 1899 5183 σου,

2012 5132 2090 5173 ras
2141 5116 2321 5188 legere
2372 5128 2748 5187 percuperem,
2803 5111 2895 5165 ubi
2939 5111 3226 5180 epistolam
3276 5112 3329 5165 in
3374 5124 3572 5168 manus

319 5195 513 5270 ἐπειδὴ
557 5198 748 5254 ἔλαϐον
782 5204 862 5265 εις
904 5206 1093 5275 χεῖρας
1135 5207 1234 5277 τὴν
1296 5208 1613 5279 ἐπιστολὴν,
1655 5210 1752 5264 καὶ
1801 5213 1896 5266 ἀν-

2002 5210 2245 5279 smnpsi,
2297 5222 2362 5264 ac
2404 5192 2545 5278 legi,
2593 5206 2659 5261 iis
2701 5217 2823 5274 qua:
2863 5204 3068 5273 scripta
3098 5210 3255 5258 erant
3301 5219 3410 5259 non
3446 5220 3569 5261 sum

396 5307 517 5390 (26)
550 5313 1081 5390 Συμπλριεονΰι’τέγξωἶ
1118 5313 1259 5371 Editi
1288 5317 1496 5372 addunt
1524 5318 1703 5390 ἡμῶν,
1745 5320 1889 5390 quod

2012 5322 2137 5376 ﬁcis
2161 5318 2509 5375 Coisliniani.

319 5376 479 5433 deest
508 5382 560 5434 in
601 5376 857 5438 onufinus
885 5376 1171 5440 codicibus
1199 5401 1332 5441 mss.

390 5447 677 5531 .(2'7)_Tﬁ_c
722 5451 949 5531 ψλυχῆς,
1009 5452 1103 5531 Sic
1159 5454 1328 5531 Coisl.
1377 5455 1591 5531 primus
1643 5464 1699 5513 et
1746 5457 1887 5516 Med.

318 5516 589 5593 Εόὶιίξτῆς
620 5516 851 5593 ἀρετῆς,
878 5516 1085 5593 pirtutis
1112 5516 1535 5592 proprietalibus.

391 5588 504 5670 (ξε)
548 5588 881 5670 Πρὸθριὶίᾳ.
927 5592 1026 5670 __lta
1102 5588 1266 5650 iidem
1316 5596 1449 5670 “duo
1526 5598 1887 5670 vetustissimi

320 5659 562 5740 codices,
620 5659 789 5740 multo
834 5659 1029 5740 melius
1076 5680 1249 5740 quam
1278 5665 1368 5720 alii
1411 5674 1464 5740 et
1504 5667 1631 5740 editi
1675 5680 1891 5740 προμη-

320 5726 463 5800 θείᾳ,
489 5745 610 5800 qua:
644 5738 826 5787 tamen
855 5726 1122 5805 scriptura
1149 5736 1347 5807 legitur
1371 5737 1437 5793 ad
1465 5726 1762 5810 marginem
1787 5726 1879 5796 ὶιοί

2060 5390 2173 5461 (29)
2208 5390 2493 5461 ᾼὉλκόςη
2522 5387 2664 5461 Ante
2715 5386 2860 5461 hanc
2915 5402 3106 5461 vocem
3150 5386 3303 5461 editi
3363 5387 3569 5445 habent

1986 5462 2100 5587 ἰαί,
2127 5457 2223 5567 εξξᾴ
2261 5462 2417 5514 abest
2446 5458 2517 5512 ab
2557 5458 2962 5527 antiquissimis
2987 5457 3274 5515 codicibus
3304 5467 3359 5516 et
3389 5461 3567 5530 pluri-

2027 5548 2093 5586 υς
2123 5544 2155 5578 3
2181 5545 2264 5583 ης.

2027 5548 2093 5586 uti
2123 5544 2264 5583 mus.

2056 5605 2074 5622 '
2114 5599 2261 5654 Alias
2292 5594 2799 5668 CCCXXaScripta
2832 5612 2977 5653 anno
3003 5597 3131 5653 373.

2060 5672 2101 5692 "
2142 5671 2291 5725 Alius
2323 5667 2597 5724 CCLXLI.
2635 5667 2851 5738 Scripta
2879 5681 3024 5725 anno
3050 5668 3169 5728 573.
