3988 6194
389 365 487 420 571

1689 369 1747 423 S.
1790 369 2031 424 BASILII
2073 367 2286 423 MAGNl

3538 356 3650 410 5H

388 484 694 537 delectatus
715 484 913 554 'magis
934 524 947 549 ,
978 500 1140 554 quam
1186 484 1363 549 dolui,
1396 483 1668 554 iacturam
1704 485 1953 539 conside-

2084 501 2233 553 ,7vwv
2258 483 2449 553 αὑτὴν,
2484 482 2582 551 οὑχ
2606 478 2777 550 ἥσθην
2824 475 3024 548 μᾶλλον
3050 475 3161 537 τοῖς
3197 474 3646 544 ἐπεσταλμένοις,

391 589 557 639 rans,
589 584 795 643 quanta
845 575 1006 630 nobis
1057 591 1155 644 per
1200 576 1402 629 silentii
1442 587 1654 645 tempus
1691 574 1951 629 evenerit.

394 660 498 717 Sed
537 664 667 733 quia
707 665 948 720 scribere
980 667 1219 735 coepisti,
1255 666 1357 720 hoc
1383 666 1564 721 facere
1596 681 1664 721 ne
1695 666 1967 721 intermit-

393 764 508 822 tas;
542 771 666 809 nam
710 758 882 827 magis
914 758 1228 821 delectabis,
1260 774 1421 826 quam
1455 759 1547 827 qui
1582 758 1781 812 multas
1810 772 1970 827 pecu-

395 847 515 901 nias
563 847 745 902 avaris
790 847 1034 902 mittunt.
1084 847 1333 918 Scriptor
1378 857 1559 903 autem
1590 849 1774 904 nullus
1807 850 1969 920 226

393 939 525 991 mihi
571 940 797 1003 aderat,
842 955 1018 1009 neque
1058 955 1124 993 es
1157 940 1226 995 iis
1261 941 1354 1009 qui
1387 941 1663 1008 eleganter
1693 939 1964 1006 scribunt,

393 1044 570 1096 neque
597 1043 662 1083 ex
711 1029 778 1083 iis
819 1029 912 1099 qui
947 1029 1224 1084 velociter.
1255 1029 1388 1083 Nam
1421 1045 1561 1099 quos
1587 1044 1965 1094 exercueram,

392 1118 586 1171 horum
624 1117 714 1172 alii
764 1119 830 1174 ad
856 1119 1144 1189 pristinum
1192 1121 1317 1174 vitae
1355 1135 1527 1189 genus
1575 1120 1813 1187 rediere;
1864 1119 1957 1174 alii

394 1223 526 1262 vero
572 1208 847 1266 diuturnis
876 1209 1083 1266 morbis
1123 1209 1358 1265 aﬂlictati
1413 1211 1626 1266 labores
1670 1209 1809 1266 ferre
1857 1226 1967 1264 non

394 1308 647 1368 possunt.

879 1477 1215 1533 EPISTOLA
1246 1477 1529 1533 CXXXV".

2063 577 2095 648 ἢ
2137 575 2396 647 ἠνιάθην,
2441 575 2540 646 τὴν
2580 572 2813 642 ζημίαν,
2859 569 3030 639 ὁπόση
3069 567 3292 637 γέγονεν
3330 568 3465 637 ἡμῖν
3502 566 3651 620 κατά

2063 671 2154 722 τὸν
2183 670 2282 740 τῆς
2315 667 2525 739 σιωπῆς
2557 667 2770 738 χρόνον,
2800 661 3251 733 διαλογιζόμενος.
3295 660 3433 713 Ἀλλ’
3456 659 3649 729 ἐπειδὴ

2065 759 2214 830 ἤρξω
2240 759 2492 829 γράφειν,
2525 757 2599 827 μὴ
2630 756 2877 827 διαλίπῃς
2899 752 3183 822 (50)·εοῦτο
3205 750 3392 803 ποιῶν.
3424 751 3650 821 Εὐφρα-

2064 847 2173 906 νεῖς
2213 844 2322 913 γὰρ
2366 842 2526 897 πλέον
2569 843 2601 911 ἢ
2640 844 2689 895 ot
2733 842 2803 895 τὰ
2837 840 3006 895 πολλά
3049 843 3303 911 χρήματα
3343 840 3454 901 τοῖς
3496 839 3651 906 φιλοο

2067 935 2315 998 πλούτοις
2373 934 2825 1005 διαπεμπόμενοι.
2883 932 3003 985 Τῶν
3056 933 3113 985 δέ
3160 931 3412 1003 γραφέων
3468 931 3651 993 οὐδείς

2069 1043 2161 1097 μοι
2209 1025 2424 1096 παρῆν,
2477 1024 2603 1078 οὔτε
2646 1024 2755 1078 τῶν
2806 1023 3315 1094 καλ).ιγραφοὺντων
3366 1019 3490 1075 οὔτε
3537 1021 3651 1073 τῶν

2066 1115 2451 1184 ταχυγράφων.
2497 1112 2605 1177 Οὓς
2651 1112 2759 1185 γὰρ
2806 1112 2994 1183 ἔτυχον
3047 1111 3385 1182 ἐξασκήσας,
3439 1110 3491 1163 οί
3546 1109 3653 1179 μὲν

2066 1206 2368 1275 ἀνέδραμον
2415 1205 2509 1258 ἐπὶ
2554 1207 2653 1276 τὴν
2691 1204 2914 1276 πρώτην
2956 1203 3052 1257 τοῦ
3097 1203 3212 1274 βίου
3253 1202 3564 1274 συνήθειαν,
3599 1203 3653 1254 οἱ

2067 1296 2123 1349 δέ
2167 1297 2500 1367 ἀπειρήκασι
2550 1296 2685 1368 πρὸς
2736 1296 2863 1359 τοὺς
2908 1296 3138 1362 πόνους,
3186 1295 3427 1366 χρονίαις
3464 1295 3658 1366 ἀρέω-

2068 1388 2243 1451 στίαις
2272 1388 2671 1458 κεκακωμένοι.

2570 1482 2914 1536 ΕΠΙΣΤΟΛΗ
2947 1482 3115 1535 ΡΔΕ’.

398 1589 612 1661 Basilius
638 1590 838 1661 ingenue
857 1591 1052 1661 exponit
1073 1592 1191 1657 quid
1212 1594 1273 1661 de
1294 1591 1488 1661 duobus.
1498 1589 1635 1642 libris
1658 1605 1688 1640 a
1715 1590 1928 1661 Diodoro
1955 1594 2230 1658 compositis
2262 1584 2461 1661 sentiat,
2508 1604 2553 1648 ει
2589 1596 2651 1647 de
2679 1593 2890 1659 dialogis
2933 1591 3203 1661 scribendis
3236 1592 3387 1661 multa
3425 1597 3660 1661 peracute

458 1653 705 1721 observat_.'
722 1655 757 1702 S
794 1661 897 1703 erat
921 1653 1188 1704 Diodorum
1212 1653 1356 1717 plura
1388 1653 1488 1703 scri
1523 1661 1685 1702 turum
1704 1666 1721 1703 :
1739 1653 1841 1715 ipse
1865 1667 1977 1703 vero
1995 1653 2174 1706 tantum
2195 1673 2246 1709 se
2265 1674 2294 1707 a
2316 1653 2585 1718 scribendo,
2610 1653 2840 1721 quantuni
2859 1670 2890 1705 a
2930 1653 3199 1705 valetudine
3218 1662 3264 1706 et
3283 1653 3380 1705 otio
3415 1653 3660 1704 remotum

458 1728 561 1764 esse
582 1712 715 1764 diczt.
742 1667 969 1764 ﬁrimum
989 1713 1167 1764 librum
1187 1713 1418 1764 remittit:
1442 1666 1650 1764 all’erum
1669 1714 1855 1764 retinet.
1880 1714 2039 1764 volens
2059 1718 2348 1764 describere-
2376 1734 2462 1764 nec
2487 1717 2676 1764 mnium
2697 1720 2871 1764 habens
2903 1713 3232 1764 taclmaranhi.

457 1728 561 1766 esse
582 1711 715 1765 dicit.
742 1711 969 1764 Primum
989 1713 1167 1765 librum
1187 1711 1418 1775 remittit;

708 1819 969 1887 Diodoro,
1001 1822 1296 1877 Antiochia:
1325 1823 1651 1893 presbytero.

480 1911 532 1963 l.
567 1909 694 1983 Legi
743 1915 942 1970 missos
990 1929 1019 1968 a
1068 1924 1157 1968 tua
1186 1915 1503 1984 praestantia
1549 1915 1737 1971 libros.
1787 1915 1853 1971 Et
1886 1934 1974 1974 se-

400 2000 581 2057 eiindo
610 2002 828 2071 quidem
877 2005 1033 2059 valde
1083 2005 1389 2060 oblectatus
1423 2021 1584 2068 sum,
1638 2022 1747 2060 non
1798 2010 1972 2063 solum

404 2100 625 2162 prOpter
669 2095 1022 2162 brevitatem,
1055 2107 1113 2150 ut
1152 2112 1252 2167 par
1277 2105 1395 2151 erat
1445 2098 1719 2152 hominem
1755 2098 1868 2169 jam
1907 2100 1972 2154 ad

401 2186 585 2238 (illiilla
626 2186 865 2256 segniter
903 2196 957 2240 et
998 2187 1248 2242 debilitor
1276 2203 1396 2243 sese
1421 2187 1751 2255 habentem,
1787 2205 1976 2243 verum

402 2274 566 2327 etiam
607 2275 755 2345 quod
808 2275 972 2330 simul
1023 2282 1077 2329 et
1126 2275 1388 2345 frequens
1422 2283 1507 2328 est
1561 2274 1877 2341 sententiis,
1914 2289 1978 2328 ac

406 2358 692 2429 perspicue
744 2371 857 2414 tum
910 2361 1351 2415 adversariorum
1385 2362 1621 2429 objecta,
1653 2368 1766 2414 tum
1812 2363 1975 2416 etiam

403 2450 635 2520 objectis
662 2466 927 2521 responsa
970 2452 1217 2506 continet
1248 2470 1261 2504 :
1296 2459 1350 2506 et
1389 2453 1621 2521 simplex
1664 2468 1763 2507 nec
1794 2453 1978 2508 elabo-

404 2551 586 2594 ratum
637 2542 855 2596 dicendi
905 2558 1079 2612 genus
1128 2559 1433 2614 congruere
1483 2544 1616 2598 mihi
1669 2544 1847 2599 vismn
1895 2552 1980 2600 est

403 2632 699 2688 Christiani
742 2634 1061 2703 preposito,
1092 2649 1203 2688 non
1249 2645 1358 2688 tam
1405 2635 1471 2689 ad
1525 2637 1976 2701 ostentationem,

403 2738 567 2790 quam
606 2722 673 2776 ad
718 2738 1067 2779 communem
1112 2726 1402 2780 utilitatem
1453 2726 1767 2781 scribentis.
1822 2725 1981 2781 Prior

404 2828 555 2880 vero,
588 2815 694 2867 vim
731 2815 952 2885 quidem
990 2817 1236 2871 eamdem
1283 2818 1338 2871 in
1388 2819 1554 2873 rebus
1603 2818 1850 2883 habens,
1886 2820 1980 2874 sed

406 2905 650 2961 dictione
701 2907 955 2962 uberiore
983 2916 1038 2963 et
1072 2909 1242 2965 variis
1291 2909 1481 2981 figuris
1529 2925 1591 2965 ac
1639 2910 1978 2981 dialogorum

407 2996 599 3065 gratiis
623 3006 943 3065 exornatus,
987 2999 1157 3053 multo
1192 3000 1323 3054 mihi
1352 3002 1503 3056 visus
1544 3008 1629 3056 est
1656 3010 1710 3056 et
1740 3010 1983 3072 tempore

409 3087 477 3141 ad
507 3086 792 3156 legendum
821 3096 875 3143 et
905 3090 1105 3145 mentis
1134 3091 1321 3146 labore
1361 3091 1428 3144 ad
1474 3091 1813 3161 colligendas
1852 3107 1981 3147 sen-

406 3162 612 3232 tentias
645 3192 709 3230 ae
738 3180 995 3233 memoria
1028 3182 1289 3237 tenendas
1325 3181 1588 3253 indigere.
1628 3183 1981 3238 Adversario-
2010 3166 2051 3222 (ἶ

411 3284 533 3323 rum
584 3268 728 3323 enim
792 3270 1101 3327 intertexta:
1154 3274 1623 3344 vituperationes,
1683 3274 1982 3345 laudesque

409 3366 762 3421 nostrorum,
813 3359 916 3413 etsi
969 3360 1232 3428 quasdam
1294 3378 1359 3417 ex
1416 3361 1633 3428 dialogo
1685 3364 1982 3419 suavitates

409 3451 563 3519 Operi
594 3448 849 3503 videntur
876 3448 1100 3515 all‘erre;
1136 3454 1265 3522 quia
1296 3465 1479 3509 tamen
1505 3454 1752 3510 detinent
1778 3464 1833 3510 et
1864 3471 1986 3510 mo-

412 3548 627 3606 rantur,
664 3542 1131 3599 continuationem
1170 3548 1456 3601 sententiae
1487 3547 1786 3610 divellunt,
1823 3556 1986 3619 atque

414 3633 777 3688 contentiosa
827 3636 1096 3692 orationis
1155 3638 1465 3694 firmitatem
1521 3640 1789 3695 relaxant.
1848 3641 1985 3696 lllud

411 3725 558 3779 enim
583 3728 807 3784 omnino
836 3729 1072 3784 solertia:
1097 3737 1204 3783 tua:
1245 3738 1434 3785 notum
1464 3738 1570 3793 est,
1599 3747 1695 3787 eos
1725 3733 1888 3787 etiam
1918 3748 1987 3788 ex

413 3819 755 3890 philosophis
777 3821 980 3877 exteris
1029 3821 1125 3892 qui
1167 3821 1412 3892 dialogos
1449 3822 1743 3892 scripsere,
1774 3822 1988 3878 Aristo-

412 3910 573 3964 telem
615 3911 830 3981 quidem
874 3922 929 3966 et
970 3911 1409 3982 Theophrastum
1458 3914 1641 3966 statim
1695 3928 1784 3967 res
1836 3913 1987 3982 ipsas

416 4002 684 4071 attigisse,
716 4004 860 4073 quod
891 4003 1097 4057 conscii
1129 4003 1236 4058 sibi
1268 4012 1455 4058 essent
1484 4002 1677 4059 deesse
1711 4004 1814 4059 sibi
1842 4003 1989 4073 lepo-

417 4109 505 4149 res
527 4093 853 4151 Platonicos.
879 4093 1034 4149 Plato
1062 4101 1241 4147 autem
1268 4109 1337 4148 ea
1351 4093 1671 4149 est-dicendi
1700 4093 1979 4158 facultate,

416 4195 476 4238 ut
504 4186 665 4240 simul
714 4194 769 4240 et
799 4186 1100 4241 sententias
1148 4185 1467 4256 impugnet,
1503 4193 1559 4241 et.
1602 4200 1865 4256 personas
1893 4201 1989 4241 co-

419 4277 561 4330 mico
587 4292 739 4331 more
772 4277 1073 4341 describat,
1097 4275 1491 4347 Thrasymaehi
1527 4278 1746 4348 quidem
1777 4277 1991 4332 temeri-

418 4376 582 4423 tatem
632 4383 698 4423 ac
754 4368 1144 4439 impudentiam
1201 4367 1554 4438 vituperans,
1607 4368 1815 4439 [lippire
1859 4385 1989 4424 vero

1510 1728 1650 1764 erum
1669 1713 1855 1775 retinet,
1880 1714 2039 1766 volens
2059 1718 2349 1782 describere,
2376 1734 2462 1771 nec
2487 1713 2676 1782 copia'm
2697 1720 2871 1769 habens
2903 1713 3232 1783 tacliygraplti.

2249 1829 2533 1900 Διοδώρῳ,
2566 1826 2948 1898 πρεσϐυτέρῳ
2976 1824 3334 1894 Ἀντιοχείας
3364 1821 3496 1893 (51).

2150 1921 2200 1973 1.
2255 1922 2535 1992 Ἐνέτυχον
2568 1922 2681 1983 τοῖς
2718 1918 3065 1972 ἀποσταλεῖσι
3111 1915 3331 1986 βιϐλίοις
3368 1913 3523 1984 παρά
3556 1915 3663 1983 τῆς

2076 2012 2386 2083 τιμιότητός
2417 2030 2531 2065 σου.
2562 2012 2673 2065 Καὶ
2708 2010 2786 2081 τῷ
2825 2010 2922 2081 μὲν
2951 2008 3185 2079 δευτέρῳ
3215 2004 3560 2076 ὑπερήσθην,
3594 2005 3659 2056 οὑ

2076 2104 2165 2157 διὰ
2212 2103 2309 2175 τὴν
2364 2103 2675 2176 βραχύτητα
2720 2102 2897 2173 μόνον,
2939 2101 3014 2163 ὡς
3048 2099 3193 2160 εἰκὸς
3231 2093 3299 2168 ἦν
3335 2098 3427 2151 τδν
3469 2095 3664 2166 ἀργῶς

2080 2196 2215 2266 πρὸς
2248 2196 2425 2249 πάντα
2470 2196 2567 2248 γα).
2614 2193 2854 2257 ἀσθενῶς
2896 2192 3079 2245 λοιπὸν
3124 2190 3485 2260 διακείμενον,
3537 2187 3661 2241 ἀλλ’

2078 2286 2160 2339 ὅτι
2194 2287 2395 2340 πυκνόν
2425 2303 2484 2339 τε
2514 2285 2628 2357 ἅμα
2662 2286 2777 2338 ἐστὶ
2819 2286 2940 2347 ταῖς
2975 2282 3224 2344 ἐννοίαις,
3254 2280 3349 2334 καῖ
3385 2277 3661 2349 εὑκρινῶς

2079 2377 2137 2429 ἐν
2175 2377 2323 2449 αὐτῷ
2363 2378 2574 2449 ἔχουσιν
2614 2377 2674 2431 αῖ
2708 2393 2769 2429 τε
2817 2373 3116 2437 ἀντιθέσεις
3150 2372 3258 2425 τῶν
3300 2368 3660 2432 ὑπεναντίων,

2081 2467 2175 2520 καὶ
2208 2469 2261 2519 αῖ
2297 2467 2432 2539 πρὸς
2473 2466 2643 2530 αὑτάς
2686 2467 3037 2535 ἀπαντήσεις·
3084 2463 3178 2516 καὶ
3216 2462 3278 2514 τὸ
3315 2461 3416 2531 τῆς
3458 2457 3662 2523 λέξεως

2083 2556 2284 2611 ἁπλοῦν
2323 2575 2383 2610 τε
2427 2558 2520 2611 καὶ
2567 2559 2940 2611 ἀκατάσκευον
2987 2553 3198 2626 πρέπον
3244 2551 3387 2617 ἔδοξέ
3444 2568 3537 2620 μοι
3582 2545 3663 2601 εἷ-

2081 2660 2165 2696 ναι
2228 2644 2336 2715 (52)
2386 2644 2640 2714 προθέσει
2695 2641 3042 2713 Χριστιανοῦ,
3099 2643 3160 2694 οὑ
3215 2641 3349 2712 πρὸς
3402 2639 3662 2702 ἐπίδειξιν

2087 2735 2283 2806 μᾶλλον
2316 2735 2553 2807 ἢκοινὴν
2586 2735 2862 2805 ὠφέλειαν·
2890 2735 3293 2804 συγγράφοντας
3326 2732 3459 2803 (⁸5³5).
3492 2731 3568 2785 Τὸ
3604 2731 3662 2785 δὲ

2085 2829 2367 2900 πρότερον,
2407 2828 2505 2900 τὴν
2559 2829 2655 2899 μὲν
2698 2827 2925 2898 δύναμιν
2970 2825 3090 2896 ἔχον
3115 2825 3214 2896 τὴν
3251 2824 3420 2895 αὐτὴν
3452 2824 3510 2875 ἐν
3547 2826 3663 2885 τοῖς

2084 2921 2409 2991 πράγμασι,
2469 2920 2612 2987 λέξει
2671 2920 2727 2973 δέ
2790 2917 3216 2989 πολυτελεστέρα
3273 2918 3369 2969 καὶ
3419 2916 3663 2986 σχήμασι

2085 3012 2348 3075 ποικίλοις
2396 3011 2490 3065 καὶ
2544 3009 2875 3080 διαλογικαῖς
2930 3010 3117 3081 χάρισι
3173 3005 3617 3077 κεκομψευμένον
3643 3045 3657 3067 ,

2085 3102 2282 3156 πολλοῦ
2317 3120 2405 3174 μοι
2444 3102 2615 3173 ἐφάνη
2644 3102 2739 3156 καὶ
2770 3101 2960 3174 χρόνου
2995 3101 3130 3171 πρὸς
3156 3098 3219 3152 τὸ
3250 3097 3495 3152 ἐπελθεῖν
3527 3095 3661 3166 (54),

2085 3194 2176 3246 καὶ
2206 3193 2367 3246 πόνου
2392 3191 2629 3257 διανοίας
2658 3191 2793 3263 πρὸς
2820 3191 2881 3243 τὸ
2905 3190 2999 3245 καὶ
3022 3187 3269 3254 συλλέξαι
3298 3188 3397 3251 τὰς
3430 3186 3662 3249 ἐννοίας,

2086 3286 2181 3340 καὶ
2222 3286 2668 3356 παρακατασχεῖν
2716 3280 2885 3345 αὑτὰς
2926 3283 2993 3352 τῇ
3048 3280 3235 3351 μνήμῃ
3282 3276 3558 3346 δεόμενον.
3597 3274 3662 3325 Αἰ

2083 3377 2193 3450 γὰρ
2233 3379 2291 3431 ἐν
2335 3377 2413 3447 τῷ
2451 3373 2651 3447 μεταξὺ
2707 3370 3219 3444 παρεμϐαλλόμεναι
3267 3366 3512 3421 διαϐολαὶ
3555 3365 3664 3418 τῶν

2087 3467 2444 3529 ὑπεναντίων,
2494 3465 2589 3519 καὶ
2637 3463 2926 3526 συστάσεις
2972 3461 3082 3515 τῶν
3127 3459 3430 3531 ἡμετέρων,
3475 3458 3524 3509 εἰ
3570 3457 3663 3510 καὶ

2086 3557 2428 3628 γλυκύτητάς
2449 3574 2600 3620 τινας
2622 3554 2932 3621 ἐπεισάγειν
2957 3548 3529 3612 δοκοῦσιδιαλεκτικάς
3550 3546 3661 3618 (55)

2085 3647 2165 3720 τῷ
2193 3648 2604 3720 συγγράμματιο
2636 3643 2752 3699 ἀλλ’
2784 3640 2878 3699 οὖν
2911 3642 2990 3712 τῷ
3029 3641 3219 3713 σχολὴν
3254 3643 3349 3694 καὶ
3382 3638 3664 3708 διατριϐὴν

2088 3742 2355 3811 ἐμποιεῖν,
2383 3737 2651 3792 διασπῶσι
2686 3737 2785 3808 μὲν
2813 3736 2874 3789 τὸ
2893 3735 3126 3804 ισυνεχές
3155 3732 3256 3802 τῆς
3288 3729 3528 3792 ἐννοίας,
3571 3728 3665 3781 καὶ

2088 3830 2181 3885 τοῦ
2206 3828 2500 3899 ἐναγωνίου
2530 3829 2689 3897 λόγου
2716 3829 2805 3882 τὸν
2831 3826 2992 3880 τόνον
3013 3820 3428 3894 ὑποχαυνοῦσιν.
3458 3820 3666 3873 Ἐκεῖνο

2089 3920 2198 3991 γὰρ
2240 3920 2457 3983 πάντως
2498 3917 2703 3972 συνεῖδέ
2752 3915 2879 3988 ('56)
2919 3931 3011 3993 σου
3052 3915 3087 3984 ἡ
3129 3910 3395 3982 ἀρχίνοια,
3440 3908 3523 3961 δτι
3571 3905 3665 3958 καὶ

2088 4011 2198 4064 τῶν
2244 4009 2439 4074 ἔξωθεν
2482 4007 2785 4077 φιλοσόφων
2835 4007 2885 4060 οἱ
2934 4005 3060 4068 τοὺς
3105 4002 3384 4070 διαλόγους
3426 3998 3666 4070 συγγρά-

2089 4100 2309 4169 ψαντες,
2358 4097 2738 4170 Ἀριστοτέλης
2797 4097 2894 4168 μὲν
2936 4094 3031 4148 καὶ
3082 4092 3456 4164 Θεόφραστος,
3506 4086 3667 4148 εὐθὺς

2091 4190 2269 4244 αὑτῶν
2312 4190 2522 4261 ἥψαντο
2566 4188 2676 4243 τῶν
2719 4187 3080 4259 πραγμάτων,
3127 4184 3216 4238 διὰ
3257 4182 3317 4236 τὸ
3368 4179 3667 4241 συνειδέναι

2091 4284 2304 4346 ἑαυτοῖς
2337 4282 2443 4336 τῶν
2481 4280 2841 4335 Πλατωνικῶν
2876 4279 3109 4351 χαρίτων
3141 4278 3238 4349 τὴν
3271 4274 3496 4329 ἔνδειανο
3525 4272 3665 4327 Πλάο

2091 4390 2199 4433 των
2230 4372 2285 4426 δὲ
2318 4375 2384 4444 τῇ
2423 4371 2638 4443 ἐξουσίᾳ
2666 4370 2762 4425 τοῦ
2800 4371 2958 4439 λόγου
2995 4369 3129 4441 ὁμοῦ
3162 4369 3260 4438 μὲν
3296 4369 3406 4447 τοῖς
3435 4365 3668 4436 δόγμασι

420 4461 693 4516 levitatem
756 4462 956 4516 mentis
1015 4471 1178 4532 atque
1241 4462 1562 4531 ignaviam,
1621 4464 1980 4532 arrogantiam

2097 4465 2346 4536 μάχεται,
2383 4462 2519 4534 όμοῦ
2569 4463 2627 4517 δὲ
2676 4463 2769 4516 καὶ
2813 4458 3213 4532 παρακωμῳδεῖ
3251 4456 3322 4511 τά
3370 4456 3667 4527 πρόσωπα,

420 4568 636 4623 quoque
661 4559 714 4607 et
752 4551 954 4607 fastum
994 4551 1324 4624 Protagorae.
1360 4552 1462 4607 Ubi
1513 4569 1642 4608 vero
1683 4554 1980 4611 indelinitas

2094 4556 2458 4626 Θρασυμάχου
2500 4553 2599 4625 μὲν
2637 4553 2699 4605 τὸ
2740 4552 2914 4624 ορασὺ
2956 4550 3050 4603 καὶ
3104 4548 3293 4619 ἰταμὸν
3336 4545 3667 4606 διαϐάλλων,

423 4659 686 4713 personas
708 4644 763 4697 in
790 4642 1043 4714 dialogos
1074 4645 1396 4707 introducit,
1427 4646 1605 4699 utitur
1633 4644 1853 4714 quidem
1877 4662 1980 4716 per-

2105 4646 2316 4699 Ὶππίου
2355 4646 2412 4698 δέ
2444 4645 2506 4698 τὸ
2546 4644 2745 4714 κοῦφον
2781 4644 2879 4714 τῆς
2914 4641 3148 4704 διανοίας
3185 4641 3279 4693 καὶ
3315 4638 3532 4709 χαῦνον,
3579 4637 3670 4689 καὶ

422 4736 573 4792 sonis
598 4735 997 4791 disserentibus
1044 4735 1111 4789 ad
1158 4751 1338 4790 rerum
1370 4736 1814 4806 perspicuitatem
1839 4775 1853 4801 ,
1897 4734 1980 4793 sed

2094 4736 2457 4808 Πρωταγόρου
2497 4736 2559 4788 τὸ
2610 4733 2924 4798 ἀλαζονικὸν
2969 4734 3065 4787 καὶ
3109 4731 3433 4801 ὑπέρογκον.
3497 4730 3668 4780 Ὅπου

424 4827 557 4881 nihil
601 4825 750 4886 aliud
783 4842 849 4882 ex
898 4827 1150 4897 personis
1193 4825 1459 4881 admiscet
1498 4822 1837 4896 argumentis
1882 4846 1894 4881 :
1938 4827 1980 4882 id

2094 4825 2150 4878 δὲ
2185 4826 2410 4896 ἀόριστα
2448 4825 2715 4896 πρόσωπα
2757 4823 3041 4890 ἐπεισάγει
3081 4823 3192 4884 τοῖς
3238 4819 3537 4886 διαλόγοις,
3575 4817 3670 4885 τῆς

424 4914 568 4987 quod
594 4915 650 4969 in
678 4914 900 4986 Legibus
928 4915 1198 4984 praestitit.

2099 4917 2197 4986 μὲν
2226 4916 2531 4986 εὑκρινείας
2556 4916 2740 4969 ἕνεκεν
2771 4913 2878 4967 τῶν
2906 4911 3245 4984 πραγμάτων
3273 4910 3536 4981 κέχρηται
3564 4908 3672 4967 τοῖς

428 5007 961 5081 προσδιαλεγομένοις
983 5006 1284 5078 (57),οὑδὲν
1303 5006 1361 5059 δέ
1384 5005 1567 5076 ἕτερον
1624 5007 1688 5058 ἐκ
1736 5004 1846 5059 τῶν
1898 5008 2206 5078 προσώπων
2234 5008 2591 5063 ἐπεισκυκλεῖ
2626 5009 2747 5069 ταῖς
2781 5004 3123 5059 ὑποθέσεσιν·
3156 5003 3291 5073 ὅπερ
3326 4999 3583 5069 εποίησεν
3616 4998 3671 5051 ἐν

430 5104 532 5166 τοῖς
558 5102 793 5171 Νόμοις.

493 5260 512 5282 ⁶
551 5258 701 5312 Alias
739 5254 993 5312 CLXVII.
1033 5255 1243 5325 Scripta
1276 5271 1421 5309 anno
1453 5256 1577 5310 575.

496 5328 604 5393 (50)
645 5328 741 5394 Μὴ
788 5327 1092 5394 «italiam.
1136 5326 1289 5380 Multi
1336 5327 1552 5382 codices
1596 5340 1704 5380 non
1737 5333 1996 5381 vetustis-

429 5391 548 5455 simi
688 5391 969 5467 διαλίποις.
1254 5466 1259 5467 7
1529 5464 1575 5467 __
1631 5465 1643 5467 _
1726 5465 1740 5467 _
1826 5466 1831 5467 7
1866 5465 1873 5467 _
2102 5391 2296 5467 ελθεῖν.

498 5451 609 5540 (ξι)
642 5451 947 5540 ’ᾼΑοδώρῳξ
971 5466 1139 5522 Coisl.
1182 5466 1402 5540 primus
1430 5464 1669 5540 7et77Med.
1711 5465 1973 5540 Θεοδῴρῳ

2108 5520 2113 5523 _
2175 5462 2286 5540 (55)
2325 5459 2783 5540 Γλυκύςηταςι...
2822 5453 3218 5540 διαέεκξιξάς.
3259 5452 3399 5509 Med.
3435 5462 3490 5509 et
3521 5451 3672 5508 Han.

500 5471 578 5527 (5|
651 5471 931 5535 Διοδώρῳ.
971 5471 1139 5522 Cois].
1182 5471 1394 5535 primus
1436 5474 1490 5521 et
1529 5471 1669 5520 Med.
1711 5471 1973 5537 Θεοδώρῳ

500 5471 615 5607 (52)
647 5533 840 5609 l3qut.
900 5537 1048 5609 llanc
1104 5551 1293 5590 vocem
1340 5536 1649 5609 addidimus
1711 5552 1778 5590 ex
1833 5536 1971 5592 Med.

2108 5520 2113 5523 _
2177 5471 2286 5531 (55)
2325 5471 2783 5525 ι’λυκῠτητας...
2822 5471 3217 5521 οιαλεκτικας.

2108 5533 2280 5609 prima
2307 5547 2471 5609 m_anu
2488 5527 2900 5609 jjmxusdsag...
2935 5524 3217 5609 διαλέξεις.

430 5596 608 5677 Ποῖ-1.,
635 5604 802 5659 Coisl.
836 5608 1011 5677 primo
1042 5615 1097 5660 et
1122 5615 1357 5677 utroque
1389 5605 1576 5677 Regio.
1638 5676 1643 5677 7
1718 5676 1725 5677 7
1797 5675 1803 5677 7
1936 5675 1967 5677 77

2108 5596 2127 5604 ’
2180 5602 2290 5677 (ξιξ)
2330 5598 2594 5677 Συνεῐρε.
2616 5596 3053 5677 Διιοτικσὺνοιδε,
3078 5596 3174 5649 sed
3206 5601 3444 5677 secunda
3486 5609 3670 5647 manu.

503 5663 613 5750 ('55)
640 5663 1126 5750 Συγγέάςςοντος.
1176 5663 1409 5731 Ιιιιίτοε
1452 5663 1807 5732 Vetustissimi
1852 5675 1980 5731 codi'

2181 5663 2965 5750 (ωλιιροσδιαιζεγυμέγοις.
3012 5663 3147 5721 Tres
3188 5666 3405 5721 codices
3448 5679 3558 5718 non
3586 5680 3676 5719 ce-

430 5738 545 5803 ccs.
578 5745 718 5801 Ε(ίὶιί
748 5738 1099 5813 γ’ῥάιροντοςξ

2112 5742 2398 5798 tustissimi
2432 5738 2958 5810 προδιαλεγομένοις.

2175 5247 2637 5324 (54)Ἕπελθ,εἷν.
2687 5246 2778 5324 Sic
2821 5261 2955 5324 mss.
2984 5261 3076 5324 se}
3101 5260 3213 5324 pro
3252 5244 3530 5324 ςο“(11ξοά.
3555 5250 3673 5324 erat

2105 5324 2158 5376 in
2182 5313 2348 5377 editis
2387 5319 2646 5387 ἐξελθεῖν,
2692 5318 2776 5372 vel
2803 5318 2942 5370 utin
2984 5313 3224 5372 editione
3251 5314 3287 5369 2
3312 5313 3491 5370 Paris.
3513 5314 3673 5378 ἐπεξ-
