3948 6214
383 401 490 457 575

1687 393 1744 450 S.
1787 392 2026 449 BASILII
2067 391 2278 448 MAGNI

3531 391 3643 446 576

383 518 655 588 ﬂagellum
688 522 794 579 est,
823 514 970 587 quod
997 512 1409 570 aecessionibus
1434 528 1531 581 pro
1556 513 1748 566 merito
1770 521 1960 567 nostro

2073 511 2204 565 Ἀλλ’
2253 509 2439 580 ἐπειδὴ
2492 508 2687 580 μάστιξ
2728 507 2821 562 τοῦ
2875 508 3080 579 Κυρίου
3130 508 3247 562 ἐστὶ
3294 505 3644 587 προσθήκαις

387 609 608 664 dolores
649 608 906 670 intendit,
937 607 991 660 in
1017 606 1265 660 morbum
1296 620 1360 659 ex
1394 605 1585 659 morbo
1611 604 1800 669 incidi,
1825 605 1962 658 adeo

390 709 450 754 ut
488 701 633 771 quod
676 700 803 755 inde
839 700 1220 768 consequitur,
1265 698 1347 751 vel
1405 711 1576 767 puero
1610 695 1959 752 manifestum

390 793 484 857 sit,
532 801 783 847 nostrum
833 789 966 845 illud
996 790 1431 861 integumentum
1479 789 1791 843 necessario
1815 788 1964 842 solu-

390 891 505 937 tum
537 884 643 950 iri;
699 882 806 937 nisi
857 882 1001 937 forte
1048 881 1144 936 Dei
1191 880 1502 951 benignitas
1543 888 1760 951 tempus
1805 880 1963 935 nobis

390 990 493 1047 pro
556 991 657 1030 sua
716 975 980 1045 patientia
1047 975 1114 1028 ad
1173 974 1552 1044 paenitentiam
1615 972 1961 1038 concedens,

389 1067 588 1120 eﬂiciat
640 1067 803 1122 etiam
858 1082 1027 1131 nunc,
1080 1074 1140 1120 ut
1196 1081 1339 1136 saepe
1393 1076 1583 1130 antea,
1633 1065 1962 1120 solutionem

390 1156 680 1226 quamdam
701 1164 756 1211 et
773 1157 979 1212 exitum
1004 1172 1069 1212 ex
1098 1158 1254 1211 malis
1277 1156 1764 1211 iuextricabilibus.
1786 1155 1963 1225 Atque

390 1248 507 1301 haec
550 1246 796 1317 quidem,
836 1253 895 1301 ut
938 1248 990 1301 ei
1033 1256 1244 1317 gratum
1276 1255 1332 1301 et
1374 1247 1534 1302 nobis
1573 1246 1728 1311 utile,
1782 1245 1857 1299 ita
1902 1259 1964 1300 se

388 1336 689 1392 habebunt.

457 1536 514 1590 9..
554 1535 665 1591 Res
708 1542 888 1589 autem
925 1532 1311 1589 ecclesiasticae
1343 1529 1624 1602 quomodo
1653 1520 1879 1599 dilapsae
1908 1536 1964 1584 et

390 1627 621 1699 proditae
667 1629 797 1691 sint,
838 1627 966 1681 dum
1019 1640 1125 1681 nos
1157 1625 1395 1696 propriae
1440 1623 1752 1680 securitatis
1799 1634 1963 1676 causa

392 1740 514 1795 qua:
555 1723 627 1778 ad
663 1724 972 1794 proximum
1005 1723 1241 1776 attinent
1269 1719 1618 1792 negligimus,
1656 1731 1720 1772 ac
1760 1731 1831 1773 ne
1862 1715 1965 1771 hoc

391 1815 615 1887 quidem
669 1815 974 1885 intelligere
1007 1828 1320 1884 possumus,
1363 1812 1531 1866 rebus
1572 1808 1961 1864 communibus

392 1860 535 1985 :nale
561 1860 906 1969 cadentibuZ,
940 1860 1182 1975 privatas
1204 1906 1369 1958 etiam
1405 1902 1571 1957 simul
1600 1901 1802 1971 perire,
1829 1898 1960 1970 quid
1995 1860 2035 1918 Β

398 1999 595 2054 attinet
650 1999 734 2053 vel
780 1996 1008 2053 dicere?
1055 1995 1367 2050 Praesertim
1400 1993 1566 2064 228
1601 1993 1668 2048 ad
1713 2004 1805 2058 te,
1869 1991 1961 2061 qui

399 2099 594 2145 cuncta
621 2089 781 2160 longe
814 2098 938 2144 ante
969 2088 1276 2160 praevidens
1304 2095 1360 2141 et
1398 2086 1454 2139 in
1502 2092 1848 2139 antecessum
1882 2092 1964 2137 te-

393 2192 572 2239 status
600 2198 661 2238 es
703 2189 758 2237 et
793 2180 1105 2247 declarasti,
1140 2187 1195 2235 et
1232 2179 1383 2250 prior
1430 2178 1547 2247 ipse
1577 2175 1960 2240 exsurrexisti,

392 2281 448 2328 et
490 2274 630 2328 alios
680 2273 955 2336 excitasti,
992 2273 1203 2327 litteras
1248 2269 1522 2332 scribens,
1572 2281 1760 2321 coram
1808 2281 1965 2320 acce-

391 2367 551 2427 dens.
580 2366 711 2435 quid
741 2380 850 2419 non
887 2379 1077 2434 agens,
1109 2377 1278 2432 quam
1306 2375 1494 2415 vocem
1530 2373 1639 2413 non
1672 2359 1958 2413 emittctts!

394 2458 642 2524 Quorum
676 2456 897 2527 quidem
936 2456 1312 2520 meminimus,
1346 2462 1405 2507 ut
1438 2465 1669 2523 quaeque
1711 2465 1801 2504 res
1839 2464 1963 2504 eve-

394 2551 498 2611 nit,
535 2548 629 2604 sed
680 2548 808 2603 inde
837 2547 972 2601 nihil
1004 2546 1119 2616 jam
1172 2544 1520 2613 adjuvantur.
1557 2540 1717 2596 Nunc
1759 2547 1962 2604 autem,

392 2640 504 2696 nisi
563 2640 697 2694 mihi
754 2654 872 2693 mea
918 2646 1143 2708 peccata
1190 2637 1536 2691 obstitissent
1590 2631 1676 2700 (ac
1728 2630 1963 2701 primum

395 2727 616 2798 culidem
651 2726 1112 2795 religiosissimus
1141 2739 1205 2777 ac
1240 2722 1637 2777 dilectissimus
1667 2719 1835 2773 frater
1868 2733 1967 2771 no-

2061 606 2182 667 ταῖς
2220 602 2361 657 κατὰ
2400 602 2498 674 τὴν
2538 602 2813 673 ἡμετέραν
2859 600 3014 665 ἀξίαν
3051 600 3111 654 τὸ
3149 599 3395 668 ἀλγεινὸν
3440 600 3649 654 ἐπιτεί-

2063 713 2255 761 νουσα,
2292 692 2575 749 ἀσθένειαν
2611 694 2702 747 ἐπὶ
2744 696 2810 765 τῇ
2853 693 3105 766 ἀσθενείᾳ
3139 690 3643 765 προσεκτησάμην,

2063 787 2203 841 ὥστε
2249 786 2311 840 τὸ
2350 786 2456 841 ἀπὸ
2498 785 2687 840 τούτου
2731 786 2826 839 καὶ
2863 786 3016 839 παιῶ
3063 785 3291 855 φανερὸν
3334 780 3505 847 εἶναι,
3554 784 3643 836 ὅτι

2064 880 2215 933 πᾶσα
2247 878 2457 950 ἀνάγκη
2485 875 2800 949 οἰχήσεσθαι
2825 878 2955 947 ἡμῖν
2985 876 3047 929 τὸ
3070 875 3290 947 ἔλυτρον
3310 875 3471 929 τοῦτο
3500 874 3643 943 (t7)-

2065 970 2203 1041 πλὴν
2233 972 2282 1023 εί
2310 971 2382 1041 μή
2412 986 2514 1022 που
2548 969 2657 1041 ἀρα
2686 971 2719 1041 ἠ
2759 968 2853 1022 τοῦ
2883 967 3019 1021 Θεοῦ
3058 966 3463 1039 φιλανθρωπία,
3504 968 3645 1037 ἡμῖν

2063 1061 2122 1114 ὲν
2181 1063 2246 1130 τῇ
2306 1059 2652 1132 μακροθυμίᾳ
2711 1058 2874 1114 αὐτοῦ
2929 1058 3152 1130 χρόνους
3212 1060 3292 1123 εἰς
3352 1058 3648 1130 μετάνοιαν

2066 1153 2418 1226 χαριζομένη,
2453 1155 2695 1225 ποιήσειε
2720 1152 2816 1205 καὶ
2843 1150 2957 1215 νῦν,
2985 1150 3060 1213 ὡς
3088 1154 3183 1204 καὶ
3210 1150 3474 1212 πολλάκις
3501 1149 3647 1220 πρό-

2064 1262 2241 1316 τερον,
2282 1244 2434 1298 λύσιν
2473 1244 2595 1298 τινὰ
2630 1244 2724 1297 καὶ
2763 1243 2927 1314 πόρον
2960 1243 3025 1294 ἐκ
3056 1240 3164 1294 τῶν
3196 1241 3493 1311 ἀμηχάνων
3533 1238 3647 1291 6st-

2065 1335 2173 1389 νῶν
2216 1334 2349 1404 (48).
2395 1333 2581 1389 Ταῦτα
2620 1334 2718 1406 μὲν
2748 1329 2840 1388 οὖν
2878 1332 3010 1398 ἕξει,
3055 1332 3130 1396 ὡς
3168 1331 3317 1403 αὐτῷ
3355 1332 3509 1402 φίλον
3545 1329 3645 1383 καὶ

2064 1429 2195 1500 ημῖν
2222 1445 2284 1480 συ
2293 1427 2399 1496 μ.φέ
2404 1442 2515 1498 ρον.

2134 1542 2190 1596 2.
2226 1541 2309 1595 Τά
2343 1541 2399 1594 δὲ
2438 1539 2546 1595 τῶν
2576 1538 2878 1610 ἐκκλησιῶν
2909 1541 3056 1604 ὅπως
3084 1540 3288 1611 οἴχεται
3312 1537 3408 1592 κα)⁵
3438 1535 3648 1608 προπέ-

2068 1652 2245 1697 ποται,
2285 1632 2442 1705 ἡμῶν
2485 1633 2585 1702 τῆς
2621 1632 2825 1695 οἰκείας
2863 1632 3157 1699 ἀσφαλείας
3195 1631 3383 1685 ’ἐνεκεν
3417 1628 3489 1682 τά
3529 1626 3648 1681 τῶν

2068 1727 2292 1797 πλησίον
2327 1724 2721 1798 περιορώντων,
2752 1725 2847 1780 κα)⁸
2883 1726 3003 1779 οὺδέ
3034 1724 3190 1778 τοῦτο
3227 1724 3455 1794 συνορᾷν
3480 1722 3647 1775 δυνα-

2073 1819 2270 1889 μένων,
2309 1819 2390 1871 ὃτι
2432 1819 2499 1888 τῇ
2541 1817 2635 1871 τοῦ
2673 1816 2851 1871 κοινοῦ
2897 1814 3246 1888 κακοπραγίᾳ
3286 1815 3397 1883 (49)
3442 1815 3540 1869 καὶ
3583 1815 3659 1877 τὸ,

2065 1905 2185 1959 καθ’
2214 1905 2442 1959 ἕκαστον
2476 1905 2893 1967 συναπόλλυται,
2920 1906 2971 1959 τί
2998 1905 3102 1978 χρὴ
3138 1907 3232 1959 καὶ
3256 1904 3466 1975 λέγειν;
3506 1903 3646 1958 Ἀλ-

2062 1996 2168 2060 λως
2195 2013 2253 2049 τε
2288 1997 2383 2049 καὶ
2424 1996 2561 2066 πρὸς
2602 1995 2790 2069 ἄνδρα,
2829 1996 2908 2060 ὃς,
2953 1996 3230 2069 πόρρωθεν
3269 1997 3476 2050 ἕκαστα
3505 2013 3647 2067 προ-

2063 2090 2235 2155 ειδὼς.
2281 2089 2376 2144 καὶ
2422 2090 2875 2164 προδιεμαρτύρω
2923 2092 3018 2145 καὶ
3069 2090 3447 2163 προεκήρυξας
3471 2133 3487 2155 ,
3545 2092 3648 2143 καὶ

2063 2180 2223 2244 αὑτός
2254 2199 2313 2234 τε
2346 2182 2763 2253 προεξανέστης,
2798 2182 3040 2246 καὶτοὺς
3070 2181 3287 2245 λοιποὺς
3318 2183 3645 2251 συνεπήγει-

2065 2292 2186 2347 ρας,
2216 2274 2564 2338 ἐπιστέλλων,
2598 2275 2759 2339 αὐτὸς
2792 2276 3241 2346 παραγινόμενος.
3272 2275 3327 2328 τί
3352 2276 3415 2329 οὐ
3447 2275 3642 2339 ποιιῖιν,

2062 2366 2183 2420 τίνα
2236 2367 2418 2436 φωνὴν
2466 2368 2566 2420 οὐκ
2615 2366 2825 2436 ἀφιείςί
2872 2362 2967 2420 Ὧν
3021 2367 3343 2438 μεμνήμεθα
3399 2367 3501 2438 μὲν
3554 2368 3645 2437 ἐφ’

2064 2456 2277 2528 ἑκάστῳ
2299 2457 2407 2511 τῶν
2439 2458 2793 2512 ἐκϐαινόντων
2813 2497 2828 2523 ,
2864 2457 3217 2530 ὠφελούμεθα
3248 2459 3306 2512 δὲ
3334 2458 3428 2512 ἀπ’
3461 2459 3645 2513 αὐτῶν

2064 2547 2264 2601 οὐκέτι.
2299 2549 2409 2603 Kal.
2436 2540 2529 2603 νῦν
2562 2552 2610 2604 εί
2647 2549 2720 2621 μὴ
2757 2552 2814 2604 ai
2843 2551 3106 2622 ἁμαρτίαι
3151 2550 3484 2621 ἀντέστησαν
3518 2567 3611 2622 μοι

2065 2637 2160 2691 καὶ
2199 2637 2258 2691 τὸ
2306 2640 2401 2709 μὲν
2441 2634 2657 2711 πρῶτον
2686 2639 2796 2710 (50)
2826 2642 2854 2693 ὁ
2887 2636 3272 2704 εὖλαϐέστατος
3304 2641 3398 2694 καὶ
3427 2641 3647 2712 ἀγαπη-

2064 2727 2157 2791 τὸς
2183 2728 2408 2792 ἁδελφὸς
2435 2729 2591 2801 ἡμῶν
2631 2731 2927 2794 Εὑστάθιος
2967 2734 2997 2785 ὁ
3036 2730 3398 2797 συνδιάκονος,
3438 2734 3521 2795 είς
3553 2733 3644 2786 v6—

396 2827 513 2875 :ter
544 2817 862 2874 Eustathius
909 2817 1291 2872 condiaconus
1337 2815 1394 2869 in
1446 2814 1694 2867 morbum
1744 2824 1965 2881 gravem

2073 2834 2159 2872 σον
2182 2818 2423 2891 χαλεπὴν
2458 2820 2804 2885 καταπεσὼν,
2826 2822 2905 2883 είς
2931 2821 3084 2884 ὅλους
3116 2838 3183 2892 με
3218 2820 3312 2875 δύο
3351 2821 3646 2892 παρέτεινε

395 2909 676 2980 delapsus,
723 2914 873 2962 totos
920 2920 1007 2961 me
1056 2905 1198 2959 duos
1244 2912 1462 2958 menses
1509 2899 1785 2962 distinuit,
1837 2898 1966 2953 dum

2073 2907 2267 2979 μῆνας,
2301 2910 2515 2980 ἡμέραν
2540 2909 2597 2977 ἐξ
2620 2909 2834 2982 ἡμέρας
2862 2909 2959 2982 τὴν
3001 2911 3273 2982 σωτηρίαν
3304 2910 3470 2964 αὑτοῦ
3490 2928 3647 2983 περι-

398 2998 542 3055 diem
591 3015 658 3055 ex
707 2999 798 3054 die
840 2997 1208 3054 valetudinem
1239 2995 1393 3050 illius
1439 3001 1740 3063 exspecto:
1773 2990 1969 3045 deinde

2073 3002 2300 3072 μένοντα
2323 3018 2337 3032 ·
2372 3000 2563 3055 ἔπειτα
2600 3001 2656 3054 δὲ
2690 3003 2740 3054 oi
2784 3002 2881 3055 σὺν
2919 3003 3044 3071 ἐμοὶ
3075 3002 3274 3067 πάντες
3313 3002 3642 3074 ἠσθένησαν,

399 3081 493 3163 qui
531 3106 746 3146 mecum
777 3098 905 3146 sunt
947 3104 1141 3143 omnes
1171 3092 1529 3158 aegrotarunt,
1571 3097 1805 3153 quorum
1840 3081 1968 3137 reli-

2069 3088 2145 3147 ὧν
2184 3093 2251 3146 τά
2290 3093 2387 3164 μὲν
2429 3093 2845 3164 καταλείμματα
2879 3093 3302 3167 ἐξαριθμήσεται
3344 3095 3375 3148 ὀ
3421 3095 3647 3164 ἀδελφὸς

399 3186 559 3256 quias
609 3182 854 3237 narrabit
906 3181 1075 3236 frater
1131 3178 1377 3242 lsaaces;
1426 3184 1704 3247 postremo
1750 3174 1966 3228 tandem

2082 3185 2365 3255 Ἰσαάκης’
2398 3184 2460 3237 τὺ
2485 3184 2541 3237 δὲ
2572 3184 2878 3239 τελευταῖον
2910 3187 3072 3250 αὐτὸς
3101 3185 3211 3255 ἐγὼ
3242 3188 3309 3258 τῇ
3339 3186 3482 3257 νόσῳ
3514 3204 3647 3240 κατ-

400 3290 505 3345 ego
554 3274 673 3342 ipse
720 3272 827 3327 hoc
874 3286 994 3328 sum
1030 3269 1222 3325 morbo
1271 3266 1601 3336 correptus),
1646 3264 1965 3335 jamdudum

402 3366 546 3436 apud
580 3374 730 3418 tuam
757 3363 1130 3434 praestantiam
1159 3361 1355 3422 forem,
1383 3375 1492 3415 non
1528 3359 1692 3414 rebus
1727 3372 1970 3412 comnm-

404 3456 574 3511 nibus
619 3456 898 3526 quidpiam
947 3453 1182 3509 all'erens
1229 3451 1611 3516 emolumenti,
1658 3449 1752 3507 sed
1808 3450 1972 3505 mihi-

405 3548 627 3618 metipsi
657 3549 868 3601 lucrum
896 3561 1004 3601 non
1035 3560 1264 3616 parvum
1293 3560 1360 3598 ex
1390 3552 1488 3597 tuo
1511 3556 1812 3613 congressu
1839 3556 1971 3595 cou-

402 3640 618 3694 cilians.
660 3637 871 3693 Etenim
908 3645 1209 3692 statueram
1240 3644 1399 3690 extra
1445 3636 1824 3691 ecclesiastica
1852 3649 1971 3690 esse

404 3730 542 3793 tela,
590 3745 657 3786 eo
695 3729 839 3800 quod
885 3729 1134 3800 imparati
1193 3727 1368 3783 simus
1418 3726 1683 3782 adversus
1734 3741 1796 3780 eo
1853 3740 1973 3795 qua:

404 3830 696 3878 struuntur
724 3822 791 3876 ab
842 3818 1196 3875 adversariis.
1249 3816 1446 3873 Servet
1489 3826 1544 3873 te
1583 3818 1840 3873 omnibus
1872 3818 1971 3872 bo-

404 3915 646 3969 minibus
680 3929 877 3983 magna
909 3912 1001 3967 Dei
1032 3927 1249 3975 manus,
1281 3925 1607 3981 generosum
1637 3910 1759 3965 ﬁdei
1789 3918 1974 3965 custo-

404 4008 553 4071 dem,
587 4021 653 4060 ac
682 4006 1001 4076 vigilantem
1052 4002 1422 4057 Ecclesiarum
1455 3998 1802 4057 defensorem
1825 4044 1840 4067 ,
1889 4000 1974 4055 dio

410 4112 664 4168 gnosque
702 4112 804 4152 nos
830 4097 1047 4159 emciat,
1094 4096 1187 4163 qui
1220 4103 1312 4149 tuo
1355 4107 1655 4163 congressu
1704 4107 1768 4147 ae
1814 4092 1978 4146 collo-

407 4191 547 4258 quio
580 4199 703 4243 ante
733 4190 940 4243 obitum
981 4188 1049 4243 ad
1080 4188 1387 4241 animarum
1418 4195 1729 4241 nostrarum
1776 4184 1978 4239 utilita-

406 4292 515 4337 tem
543 4282 835 4351 potiantur.

481 4476 595 4547 (47)
631 4476 829 4530 Τοῦτο.
874 4474 950 4529 Ita
995 4484 1128 4531 mss.
1164 4483 1417 4547 quatuor.
1452 4472 1599 4547 ζτΛίῌῇ
1622 4471 1840 4547 τούτουζ
1873 4471 1977 4547 [le-

2071 3274 2297 3347 εσχέθην
2325 3274 2523 3347 ταύτῃ·
2560 3276 2681 3330 ἐπεὶ
2714 3274 2878 3330 πάλαι
2923 3276 2990 3330 ἂν
3034 3277 3181 3348 ήμην
3229 3277 3379 3350 παρὰ
3410 3276 3511 3348 τὴν
3546 3279 3647 3348 σὴν

2068 3365 2373 3436 τιμιότητα,
2406 3366 2505 3419 οὐκ
2537 3367 2727 3437 ὄφελός
2769 3385 2823 3420 τι
2862 3370 2975 3431 τοῖς
3009 3370 3209 3431 κοινοῖς
3248 3368 3645 3440 παρεχόμενος,

2069 3453 2183 3508 ἀλλ’
2205 3453 2428 3526 ἐμαυτῷ
2454 3456 2596 3525 μέγα
2634 3456 2822 3527 κέρδος
2854 3458 2918 3525 ἐκ
2946 3458 3044 3529 τῆς
3073 3458 3359 3529 συντυχίας
3391 3474 3486 3512 σου
3514 3458 3627 3512 κτὼ

2074 3563 2251 3617 μενος.
2298 3547 2408 3600 Kal.
2451 3548 2560 3620 γὰρ
2604 3548 2862 3616 ἐγνώκειν
2892 3548 2997 3616 ἔξω
3031 3550 3139 3604 τῶν
3181 3550 3647 3627 ἐκκλησιαστικῶν

2071 3636 2322 3705 γενέσθαι
2371 3636 2540 3708 βελῶν
2583 3638 2671 3692 διὰ
2724 3638 2785 3691 τὸ
2843 3639 3149 3708 ἀφύλακτον
3199 3641 3355 3712 ἡμῶν
3397 3642 3536 3713 πρὸς
3578 3641 3646 3694 τὰ

2074 3728 2491 3800 σκευωρούμενα
2517 3729 2627 3800 (51)
2659 3731 2811 3803 παρὰ
2837 3731 2947 3785 τῶν
2974 3731 3249 3787 ἐναντίων.
3283 3730 3455 3797 Σὼζοι
3482 3749 3542 3785 σε
3570 3733 3648 3804 τῷ

2077 3821 2175 3892 βίῳ
2226 3823 2385 3875 παντὶ⁵
2425 3824 2458 3894 ἡ
2510 3823 2720 3893 μεγάλη
2769 3822 2862 3876 τοῦ
2903 3823 3038 3877 Θεοῦ
3100 3825 3240 3897 χεὶρ,
3276 3825 3367 3877 τὸν
3404 3826 3649 3893 γενναῖον

2075 3913 2290 3983 φύλακα
2322 3916 2421 3986 τῆς
2466 3914 2719 3978 πίστεως,
2757 3916 2849 3969 κα)⁸
2889 3916 3127 3986 νήφοντα
3179 3915 3285 3970 τῶν
3317 3915 3649 3985 Ἐκκλησιῶν

2076 4007 2413 4078 προστάτηνο
2454 4008 2548 4061 καὶ
2587 4005 2973 4072 καταξιώσειεν
3015 4009 3161 4079 ἡμᾶς
3199 4007 3305 4079 πρὸ
3330 4007 3430 4078 τῆς
3470 4005 3649 4073 ἐξόδου

2076 4096 2174 4167 τῆς
2208 4097 2498 4167 συντυχίας
2529 4115 2621 4151 σου
2647 4098 2733 4152 ἐπ’
2756 4097 2991 4171 ὠφελείᾳ
3018 4098 3125 4152 τῶν
3156 4098 3342 4169 ψυχῶν
3372 4101 3406 4170 ἡ
3417 4098 3555 4169 μῶν.

2082 4472 2177 4527 dlu
2211 4471 2533 4527 absentibus
2561 4472 2846 4526 imminere
2876 4473 2952 4525 ait
2981 4472 3230 4542 pluribus
3263 4471 3421 4525 locis.
3461 4469 3652 4542 Ratio-

407 4539 536 4603 sun'.
562 4539 666 4601 hoc
697 4548 814 4599 loco
853 4547 1036 4599 multa:
1066 4539 1227 4599 voces
1266 4545 1318 4598 in
1356 4542 1519 4603 Med.,
1560 4541 1704 4594 Harl.
1729 4551 1782 4594 et
1802 4540 1973 4599 Coisl.
2012 4540 2054 4595 D
2082 4558 2205 4596 nem
2236 4558 2364 4609 ergo
2388 4543 2586 4602 reddit,
2614 4558 2712 4595 cur
2734 4539 3063 4609 colloquium
3086 4551 3139 4596 et
3163 4550 3520 4609 conspectum
3550 4539 3653 4592 Eu-

411 4618 611 4689 primo,
657 4617 712 4689 in
755 4613 954 4689 quibus
996 4615 1194 4689 legitur
1221 4615 1518 4689 οἰχήσεται,
1546 4624 1610 4666 ac
1638 4612 1843 4676 statim,
1878 4628 1983 4667 ca:-

415 4684 821 4768 ierishomissis,
854 4687 1009 4768 évn‘tﬁ
1038 4684 1412 4768 μακροθυμίᾳ.

484 4758 601 4824 (48)
633 4755 869 4810 Aen-63v.
902 4751 1073 4810 Coi'sl'.
1102 4751 1310 4824 primus
1340 4751 1546 4807 κακῶν.

485 4820 597 4897 (49)
627 4825 1029 4895 Κακοπρατίᾳ.
1051 4820 1187 4895 Reg.
1215 4824 1491 4879 Secundus
1519 4828 1573 4877 et
1595 4820 1760 4876 Coisl.
1788 4835 1986 4876 secun-

412 4899 516 4954 dus
537 4897 865 4968 δυσπραγίᾳ.
965 4960 992 4968 _
1160 4961 1181 4968 _
1328 4904 1331 4905 ⁷

486 4968 598 5036 (50)
636 4956 703 5022 Τὸ
729 4956 847 5036 ﬁet"
871 4960 1124 5034 πρῶτον.
1160 4961 1237 5017 ita
1270 4978 1404 5019 mss.
1436 4959 1616 5016 Editio
1649 4961 1673 5016 1
1717 4956 1892 5016 Paris.
1923 4961 1985 5014 τὸ

416 5038 493 5111 μὴ
517 5037 753 5109 πρῶτον.

486 5097 596 5177 (δι’)
640 5106 1119 5177 Σκευωροᾴμενα,
1178 5101 1352 5177 ilarl._,
1404 5100 1579 5177 Paris.
1640 5107 1694 5153 et
1740 5097 1989 5154 Claram.

419 5172 857 5247 σκαιωρούμεναζ
895 5174 1069 5247 llujus
1101 5174 1225 5247 loci2
1254 5172 1757 5247 qui_subobscu_rus
1782 5180 1887 5247 est.
1918 5184 1982 5247 ea

419 5239 632 5302 videtur
675 5239 798 5301 esse
840 5239 1129 5300 sententia.
1180 5239 1296 5297 Non
1343 5242 1478 5295 dicit
1520 5239 1753 5294 Basilius
1787 5240 1888 5294 sibi
1929 5240 1982 5292 in

418 5320 561 5373 votis
593 5333 716 5371 esse
740 5318 839 5370 iter
869 5316 1273 5378 Samosatense,
1320 5322 1377 5366 ut
1415 5318 1566 5365 extra
1602 5311 1707 5364 tela
1733 5309 1984 5362 inimico-

422 5403 540 5441 rum
579 5388 668 5440 sit.
698 5384 980 5451 Quomodo
1005 5385 1146 5439 enim
1180 5383 1347 5437 tutior
1380 5383 1572 5436 fuisset
1602 5381 1654 5434 in
1686 5389 1869 5433 extera
1897 5392 1982 5433 re-

424 5457 627 5528 gione?
673 5456 1012 5528 Metueudum
1058 5456 1239 5524 putius
1282 5462 1398 5528 erat
1440 5467 1510 5528 ne
1560 5452 1613 5528 in
1653 5462 1867 5528 gregem
1915 5452 1982 5528 eo

425 5517 651 5582 absente
684 5527 792 5596 lupi
837 5517 1138 5592 irruerent;
1179 5523 1325 5594 quod
1376 5517 1679 5593 periculum
1709 5517 1982 5591 episc0pis

2086 4612 2218 4667 sebii
2244 4627 2350 4664 non
2374 4612 2439 4663 ad
2457 4627 2798 4667 communem
2831 4613 3144 4674 utilitatem,
3171 4612 3262 4665 sed
3287 4610 3353 4664 ad
3378 4611 3651 4678 propriam

2085 4680 2433 4752 profuturum
2465 4690 2728 4750 speraret.
2771 4683 2905 4736 Cum
2939 4683 3081 4735 enim
3121 4681 3170 4736 ei
3212 4689 3431 4735 mutuas
3460 4696 3654 4748 operas

2085 4751 2327 4820 episcopi
2369 4751 2437 4805 ad
2484 4767 2827 4805 communem
2877 4752 3167 4805 utilitatem
3203 4766 3309 4803 non
3352 4752 3651 4807 traderent.

2086 4822 2348 4888 imparem
2378 4836 2439 4875 se
2473 4821 2683 4875 videbat
2712 4823 3021 4876 evertendis
3052 4820 3489 4875 adversariorum
3526 4832 3656 4872 con-

2088 4892 2248 4953 siliis,
2285 4893 2530 4960 satisque
2561 4906 2813 4959 magnum
2850 4892 2950 4945 sibi
2984 4892 3227 4945 [acturus
3266 4890 3574 4949 videbatur,
3610 4890 3653 4942 si

2088 4961 2191 5015 sibi
2224 4962 2341 5029 ipse
2370 4962 2666 5015 cottsulens
2718 4974 2870 5015 extra
2912 4976 3099 5015 eorum
3144 4961 3250 5015 tela
3291 4968 3460 5019 esset.
3491 4973 3656 5027 seque

2085 5044 2273 5085 eorum
2310 5031 2636 5084 subduceret
2682 5031 2872 5089 furori.
2924 5030 2976 5083 id
3024 5030 3170 5099 quod
3208 5030 3370 5085 etiam
3422 5036 3655 5099 testatur

2086 5115 2251 5169 supra
2272 5101 2335 5169 in
2371 5101 2598 5169 epistola
2629 5102 2693 5154 ad
2726 5100 3003 5156 Urbicium
3038 5097 3383 5153 monachum.
3413 5097 3506 5151 Sic
3539 5097 3653 5150 ani-

2086 5168 2176 5224 mo
2206 5168 2432 5241 allectus
2463 5170 2801 5241 Samosatam
2847 5170 3122 5241 cogitabat
3171 5184 3278 5224 non
3320 5169 3649 5241 communis,

2086 5242 2181 5310 sed
2217 5239 2447 5310 propria:
2480 5240 2728 5296 utilitatis
2762 5236 2948 5295 causa.
2989 5240 3134 5294 Nihil
3180 5254 3406 5308 prorsus
3442 5236 3650 5310 vidit_iu

2085 5309 2191 5363 hoc
2218 5306 2354 5379 'loe'o
2400 5309 2783 5372 Combelisius,
2821 5311 2913 5379 qui
2948 5311 3030 5365 sic
3060 5306 3527 5379 interpretandum
3555 5306 3652 5360 do-

2086 5387 2173 5502 g;
2219 5397 2235 5435 :
2277 5378 2608 5502 ιΡιιιαυενιιυι
2664 5397 2777 5436 esse
2833 5378 2914 5436 me
2962 5389 3116 5436 extra
3181 5378 3658 5457 ecclesiasticarum

2161 5464 2212 5502 α.
2241 5465 2271 5502 e
2300 5464 2349 5502 c.

2090 5450 2212 5516 tela,
2241 5458 2349 5506 etc.
3190 5450 3193 5457 λ
