3948 6214
389 278 494 334 579

1694 270 1750 325 S'.
1792 269 2032 326 BASll-Jl
2072 269 2280 326 MAGNI

3548 274 3655 329 580

388 396 526 450 teria
577 393 876 456 destituta,
933 398 988 447 et
1042 390 1098 444 in
1153 386 1303 442 arida
1355 386 1459 440 hac
1493 398 1659 440 carne
1707 382 1859 438 velut
1908 382 1954 434 in

2067 379 2220 452 ὕλης,
2252 384 2319 452 τῇ
2356 380 2494 451 Ξηρᾷ
2537 381 2708 454 ταύτῃ
2749 379 2933 452 σαρκὶ,
2970 375 3082 433 οἷον
3120 381 3401 453 θρυαλλίδι
3448 402 3654 438 κεκαυ-

388 502 588 542 exueto
624 487 862 557 quodam
895 484 1173 555 ellyclmio
1200 478 1620 539 circumvoluta,
1653 490 1960 530 marcorem

389 593 455 632 ac
477 579 695 647 longam
729 573 1108 646 aegritudinem
1141 570 1372 642 peperit.
1412 566 1619 623 Deinde
1663 580 1794 620 vero
1823 566 1964 618 anti-

389 687 499 740 qna
531 685 650 725 mea
695 671 874 740 plaga,
909 669 1067 738 jecur
1098 665 1230 721 illud
1277 662 1566 723 accedens,
1602 660 1837 714 exclusit
1875 672 1963 710 me

389 777 418 814 a
450 761 611 823 cinis,
654 760 866 829 eXpulit
905 760 973 813 ab
1006 756 1185 811 oculis
1218 767 1494 814 somnum,
1528 758 1582 805 et
1615 750 1671 803 in
1703 747 1961 803 conﬁniis

387 852 622 907 detinuit
680 852 802 905 vita:
846 865 910 903 ac
955 850 1187 913 mortis,
1235 853 1447 899 tantum
1503 843 1687 897 vivere
1745 840 1959 901 sinens,

388 951 652 1014 quantum
686 957 826 1012 opus
854 951 973 996 erat
1012 940 1081 994 ad
1130 938 1447 994 sentiendos
1480 935 1725 999 dolores,
1758 933 1962 1003 quibus

387 1051 474 1089 me
506 1035 914 1090 exstimulabal.
946 1034 1129 1098 Quare
1157 1044 1209 1086 et
1243 1030 1403 1099 aquis
1434 1044 1569 1083 usus
1605 1042 1727 1080 sum
1763 1036 1960 1079 natura

387 1126 604 1191 calidis,
635 1135 689 1181 et
714 1127 976 1181 nonnulla
1008 1142 1037 1179 a
1070 1124 1299 1179 medicis
1324 1121 1565 1177 remedia
1588 1119 1796 1188 accepi.
1829 1117 1961 1172 Om-

386 1219 477 1272 nia
517 1226 699 1273 autem
759 1219 1044 1288 superavit
1097 1217 1292 1286 ingens
1347 1212 1480 1268 illud
1532 1212 1770 1274 malum,
1814 1207 1959 1279 quod

386 1309 631 1379 quidem,
665 1310 712 1365 si
738 1310 882 1364 adsit
919 1308 1283 1370 consuetudo,
1323 1305 1463 1360 forte
1504 1304 1649 1357 alius
1684 1300 1958 1372 perferat,

386 1401 571 1455 subito
594 1408 775 1454 autem
810 1397 1076 1452 inllictnm
1102 1397 1284 1450 nullus
1318 1396 1453 1450 adeo
1484 1393 1871 1448 adamantinus
1904 1399 1963 1441 ut

387 1491 682 1545 sustineat.
731 1490 778 1541 A
822 1503 932 1556 quo
972 1489 1068 1542 diu
1117 1493 1369 1548 vexatus,
1423 1498 1702 1553 nunquam
1746 1488 1959 1533 tantum

386 1581 560 1645 dolui,
602 1588 870 1651 quantum
900 1593 1049 1633 nunc
1086 1579 1154 1632 ab
1196 1592 1261 1633 eo
1307 1575 1622 1647 impeditus,
1665 1573 1960 1645 quominus

387 1675 444 1729 in
480 1673 710 1729 sincerae
742 1680 848 1727 tua:
870 1671 1185 1726 dilectionis
1207 1683 1569 1737 congressum
1601 1668 1960 1737 colloquium-

2070 474 2204 544 μένῃ
2247 471 2715 543 περιειλούμενος,
2768 472 3058 543 μαρασμδν
3107 474 3219 542 (54)
3275 475 3371 528 καὶ
3430 477 3654 546 χρονίαν

2064 564 2343 633 ἐπήγαγεν
2376 563 2689 633 ἀρρωστίαν
2709 579 2723 593 ο
2756 563 2826 616 τὰ
2864 562 2921 614 δὲ
2954 563 3173 633 ἑφεξῆς,
3205 567 3236 635 ἡ
3274 567 3479 636 ἀρχαία
3516 569 3646 637 πλη-

2065 654 2134 723 γή
2175 669 2298 722 μου,
2327 652 2388 705 τὸ
2417 648 2572 723 ἧπαρ
2603 653 2761 705 τοῦτο
2784 652 3185 722 διαδεξάμενον,
3220 654 3513 706 ἀπέκλεισε
3550 656 3650 724 μέν

2068 762 2134 816 με
2162 745 2269 798 τῶν
2296 746 2503 807 σιτίων,
2528 745 2791 812 ἀπεδίωξε
2814 746 2873 799 δὲ
2905 746 3014 799 τῶν
3041 748 3305 816 ὀμμάτων
3337 747 3428 800 τὸν
3458 746 3646 811 ὕπνον,

2064 838 2123 889 ὲν
2152 838 2424 908 μεθορίοις
2453 837 2509 891 δὲ
2539 837 2771 908 κατέσχε
2799 837 2942 908 ζωῆς
2988 840 3080 891 καὶ
3111 838 3363 904 θανάτου,
3390 839 3648 891 τοσοῦτον

2064 927 2164 998 ζῇν
2201 928 2493 1000 ἐπιτρέπον
2532 928 2667 998 (55),
2696 931 2820 983 ὅσον
2864 929 2972 982 τῶν
3021 931 3116 984 ἀπ’
3164 930 3328 983 αὑτοῦ
3367 928 3649 1001 δυσχερῶν

2064 1020 2510 1074 ὲπαισθάνεσθαι.
2541 1020 2707 1073 Ὥστε
2755 1020 2847 1074 καὶ
2899 1020 3081 1074 ὕδασιν
3123 1020 3443 1092 ἐχρησάμην
3488 1020 3649 1074 αὐτο·

2065 1109 2215 1178 φυῶς
2261 1110 2514 1181 θερμοῖς,
2566 1109 2659 1164 καί
2703 1127 2857 1173 τινας
2906 1112 3035 1181 παρ’
3082 1112 3280 1182 ἰατρῶν
3328 1111 3650 1181 ἐπιμελείας

2065 1202 2457 1273 κατεδεξάμην,
2487 1203 2739 1255 Ἀπαντα
2777 1203 2833 1255 δὲ
2867 1203 3060 1274 ἤλεγξε
3106 1202 3167 1256 τὸ
3205 1204 3456 1257 νεανικὸν
3490 1204 3647 1256 τοῦτο

2063 1294 2257 1346 κακόν⁸
2289 1293 2337 1357 ὃ,
2365 1290 2459 1346 τοῦ
2496 1294 2594 1363 μὲν
2628 1288 2780 1357 ἔθους
2826 1295 3110 1365 παρόντος,
3149 1294 3248 1349 κᾶν
3299 1295 3460 1358 ἄλλος
3494 1295 3648 1364 ὲνέγ-

2064 1402 2148 1439 κοι
2182 1385 2318 1455 (56),
2350 1384 2699 1456 ἀμελετήτως
2724 1384 2781 1437 δὲ
2823 1387 3241 1456 προσπεσόντος,
3271 1387 3449 1449 οὐδεὶς
3472 1384 3648 1450 οὕτως

2063 1477 2419 1547 ἀδαμάντινος
2446 1476 2586 1530 ὥστε
2620 1478 2914 1547 ἀντισχεῖν.
2952 1477 3072 1546 Ὑφ’
3103 1474 3164 1532 οὗ
3198 1477 3364 1531 πολὺν
3390 1479 3646 1550 ὀχληθεὶς

2063 1560 2272 1634 χρόνον,
2299 1561 2551 1616 οὐδέποτε
2595 1563 2769 1628 οὕτως
2807 1565 3053 1635 ἠνιάθην,
3094 1567 3216 1620 ὅσον
3254 1566 3370 1631 νῦν,
3416 1569 3647 1638 ἐμποδι-

2067 1652 2214 1717 σθεὶς
2245 1655 2373 1725 παρ’
2399 1652 2563 1707 αὐτοῦ
2608 1653 2744 1724 πρὸς
2784 1655 2882 1724 τὴν
2924 1656 3209 1725 συντυχίαν
3242 1656 3339 1727 τῆς
3381 1655 3646 1728 ἀληθινῆς

386 1782 494 1836 que
519 1765 758 1821 veniam.
794 1764 955 1829 Quali
985 1764 1130 1819 enim
1182 1763 1285 1818 sim
1322 1762 1487 1815 animi
1532 1761 1813 1830 voluptate
1843 1759 1954 1829 pri-

2061 1743 2281 1836 ἀγάπης
2314 1761 2428 1798 σου.
2471 1744 2599 1808 Dia;
2640 1746 2750 1817 γὰρ
2800 1747 3254 1818 ἀπεστερήθημεν
3300 1747 3412 1819 (57)
3462 1748 3644 1819 θυμη-

385 1866 568 1920 vatus,
606 1855 733 1909 novi
766 1863 820 1909 et
858 1856 996 1925 ipse,
1051 1854 1156 1909 etsi
1205 1861 1451 1908 extremo
1494 1852 1666 1921 digito
1698 1850 1957 1905 dulcissi-

386 1964 534 2003 mum
559 1948 821 2003 Ecclesiae
838 1956 1033 2002 vestra:
1062 1946 1167 2000 mel
1188 1960 1333 2000 anno
1355 1946 1631 2014 prmterito
1650 1942 1954 2014 degustavi.

453 2126 511 2182 2.
552 2124 680 2179 Mihi
704 2131 885 2179 autem
921 2130 975 2179 et
1004 2124 1075 2178 ob
1109 2137 1214 2177 ana
1247 2136 1558 2177 necessaria
1582 2121 1795 2192 negotia
1818 2137 1957 2191 opus

383 2225 524 2281 erat,
560 2225 709 2271 tuam
747 2224 807 2270 ut
846 2216 1099 2286 pietatem
1142 2214 1514 2279 convenirem,
1567 2230 1631 2268 ac
1660 2215 1727 2269 de
1770 2215 1957 2269 multis

383 2308 869 2371 communicarent,
919 2315 973 2362 et
1021 2306 1193 2361 multa
1243 2305 1534 2369 discerem.
1588 2303 1774 2374 Neque
1810 2304 1953 2359 enim

382 2401 511 2455 licet
542 2400 630 2454 hic
675 2415 857 2455 veram
895 2399 1217 2453 charitatcm
1256 2397 1679 2467 deprehendere.
1718 2395 1873 2462 Quod
1909 2395 1956 2449 si

380 2493 505 2562 quis
534 2493 698 2547 etiam
732 2492 958 2545 omnino
981 2499 1253 2545 amantem
1287 2489 1549 2549 inveniat,
1586 2497 1767 2542 tamen
1800 2502 1955 2541 nemo

381 2593 488 2649 est,
520 2585 615 2654 qui
645 2584 823 2653 possit
857 2598 1012 2652 mque
1049 2599 1113 2636 ac
1140 2579 1384 2651 perfecta
1417 2591 1505 2633 tua
1538 2579 1826 2649 prudentia
1869 2588 1954 2632 at-

382 2688 489 2744 que
520 2670 879 2739 evperientia,
923 2686 1085 2739 quam
1125 2686 1190 2724 ex
1236 2669 1420 2722 multis
1456 2684 1553 2738 pro
1589 2669 1849 2723 Ecclesiis
1881 2669 1956 2721 la-

381 2762 608 2815 boribus
657 2768 986 2816 consecutus
1018 2774 1101 2822 es,
1144 2757 1434 2812 consilium
1490 2758 1646 2811 nobis
1677 2758 1745 2811 de
1793 2757 1955 2811 rebus

382 2852 681 2923 propositis
728 2851 883 2906 dare.
920 2852 1000 2903 Ac
1046 2857 1243 2903 caetera
1294 2848 1512 2918 quidem
1558 2848 1802 2903 scribere
1846 2864 1953 2920 non

382 2945 510 2999 licet
542 2963 556 2999 :
589 2959 710 3014 quae
745 2957 875 2998 vero
906 2942 991 2996 vel
1028 2939 1273 3010 proferre
1308 2949 1482 2993 tutum
1513 2940 1606 3001 sit,
1649 2940 1762 2993 haec
1803 2949 1948 2993 sunt.

381 3035 673 3106 Presbyter
713 3033 1000 3103 Evagrius,
1030 3031 1344 3101 Pompeiani
1365 3031 1754 3086 Antiochensis
1787 3030 1950 3095 filius,

381 3128 477 3197 qui
507 3125 669 3196 230
693 3121 968 3193 quondam
1003 3122 1058 3175 in
1103 3119 1460 3175 Occidentem
1496 3133 1620 3173 cum
1656 3118 1816 3172 beato
1848 3116 1957 3171 Eu-

382 3218 534 3273 sebio
567 3216 845 3285 profectus
872 3213 1068 3279 fuerat,
1102 3212 1262 3267 rediit
1287 3227 1433 3266 nunc
1471 3210 1666 3274 Roma,
1709 3221 1897 3280 peleus
1925 3226 1954 3264 a

382 3309 544 3364 nobis
575 3307 884 3377 epistolam,
924 3305 992 3360 ad
1042 3305 1265 3359 verbum
1298 3304 1418 3373 ipsa
1466 3304 1558 3357 illa
1603 3318 1724 3373 qua:
1758 3302 1826 3356 ab
1871 3302 1950 3357 eis

382 3402 587 3471 scripta
614 3407 764 3464 sunt,
804 3400 1170 3453 continentem
1205 3397 1418 3463 (nostra
1458 3405 1639 3451 autem
1677 3396 1835 3451 nobis
1866 3411 1952 3450 re-

380 3502 469 3547 tro
492 3492 702 3555 retulit,
734 3497 792 3545 ut
821 3490 956 3546 viris
984 3490 1099 3544 illic
1123 3488 1562 3543 accuratioribus
1594 3504 1701 3541 non
1734 3489 1955 3557 placen-

383 3583 503 3656 tia),
550 3597 615 3638 ac
648 3581 972 3652 legationem
1017 3581 1258 3650 aliquam
1293 3595 1389 3649 per
1432 3579 1583 3635 viros
1611 3579 1714 3634 [ide
1758 3580 1953 3647 dignos

379 3675 634 3731 celeriter
670 3674 833 3740 mitti,
886 3681 945 3727 ut
990 3674 1294 3743 speciosam
1344 3671 1423 3725 illi
1464 3675 1809 3727 occasionem
1857 3673 1955 3724 lia-

378 3769 544 3823 beant
584 3784 688 3823 nos
738 3766 1031 3821 invisendi.
1081 3764 1185 3833 Qui
1236 3764 1501 3820 Sebastiae
1543 3764 1684 3820 idem
1739 3779 1805 3818 ac
1851 3778 1955 3819 nos

380 3861 648 3924 sentiunt,
684 3861 902 3914 occulto
935 3874 1117 3929 pravae
1156 3859 1435 3930 Opinionis
1460 3857 1732 3913 Eustathii
1765 3859 1947 3913 ulcere

378 3953 616 4016 detecto,
661 3951 901 4021 aliquam
944 3965 974 4004 a
1018 3950 1178 4006 nobis
1206 3951 1643 4006 ecclesiasticam
1683 3949 1952 4005 sollicitu-

379 4043 562 4098 dinem
584 4049 909 4113 exposcunt.
939 4041 1181 4097 Iconium
1212 4042 1406 4097 civitas
1437 4051 1524 4097 est
1547 4040 1786 4104 Pisidiae,
1819 4043 1949 4095 olim

377 4136 600 4206 quidem
646 4143 770 4205 post
803 4134 1034 4205 primam
1076 4134 1335 4197 maxima,
1388 4149 1536 4188 nunc
1572 4150 1703 4188 vero
1752 4142 1806 4187 et
1834 4136 1949 4203 ipsa

378 4228 636 4299 prmsidet
664 4228 714 4282 ei
745 4228 908 4298 parti,
936 4241 1057 4298 qua:
1084 4242 1149 4282 ex
1179 4226 1413 4281 diversis
1456 4227 1754 4296 scgmentis
1801 4243 1952 4281 com-

2059 1833 2196 1897 δίας,
2227 1830 2342 1887 οῖδα
2386 1835 2479 1888 καὶ
2504 1835 2683 1899 αὐτὸς,
2714 1837 2763 1888 εἰ
2797 1836 2891 1888 καὶ
2924 1836 3076 1907 ἄκρῳ
3103 1835 3348 1907 δακτύλῳ
3378 1836 3473 1890 τοῦ
3505 1839 3641 1905 γλυ-

2059 1925 2289 1979 κυτάτου
2338 1925 2550 1997 μέλιτος
2592 1927 2689 1998 τῆς
2721 1928 2849 2000 παρ’
2890 1929 3016 2000 ὑμῖν
3040 1926 3362 2000 Ἑκκλησίας
3406 1931 3643 1999 ἀπεγευ-

2060 2018 2239 2088 σάμην
2266 2017 2514 2088 πέρυσιν.

2125 2132 2182 2186 2.
2231 2133 2371 2200 Ἐγὼ
2400 2133 2455 2187 δὲ
2483 2135 2575 2187 καὶ
2617 2134 2790 2189 ἀλλων
2824 2135 3133 2204 ἀναγκαίων
3161 2134 3344 2188 ἕνεκεν
3380 2136 3642 2206 πραγμά-

2056 2240 2162 2276 των
2200 2224 2427 2295 ἐδεόμην
2466 2227 2546 2290 είς
2591 2228 2784 2281 ταυτὸν
2813 2226 2922 2298 (58)
2958 2227 3210 2296 γενέσθαι
3245 2229 3309 2298 τῇ
3359 2226 3642 2299 θεοσεϐείᾳ

2060 2333 2173 2379 σου,
2216 2318 2308 2370 καί
2355 2319 2481 2389 περὶ
2520 2320 2730 2374 πολλῶν
2775 2322 2872 2390 μὲν
2923 2319 3410 2385 ἀνακοινώσασθαι,
3469 2319 3642 2373 πολλά

2056 2406 2113 2460 δὲ
2148 2408 2357 2477 μαθεῖν.
2389 2410 2498 2463 Καὶ
2532 2410 2640 2482 γὰρ
2674 2412 2795 2465 οὐδὲ
2827 2414 2973 2464 ἐστιν
3003 2410 3236 2465 ἐνταῦθα
3265 2411 3384 2464 οὐδὲ
3417 2411 3640 2483 ἀγάπης

2056 2496 2312 2568 ἀληθινῆς
2363 2501 2652 2571 ἐπιτυχεῖν.
2692 2502 2857 2555 Ὅταν
2914 2501 2971 2555 δὲ
3023 2502 3116 2555 καὶ
3166 2502 3304 2555 πάνυ
3358 2519 3443 2565 τις
3497 2505 3638 2571 ἀγα-

2057 2590 2241 2644 πῶντα
2271 2590 2418 2664 εὖροι
2451 2593 2585 2664 (59),
2619 2597 2718 2648 οὐκ
2755 2595 2900 2648 ἔστιν
2940 2598 2968 2649 ό
3009 2595 3304 2664 δυνάμενος
3346 2594 3639 2665 παραπλη-

2058 2682 2183 2745 σίως
2212 2686 2276 2754 τῇ
2318 2684 2499 2756 τελείᾳ
2534 2704 2627 2738 σου
2676 2688 2932 2757 φρονήσει
2981 2690 3076 2742 καὶ
3121 2691 3186 2759 τῇ
3238 2686 3525 2757 ἐμπειρίᾳ.
3573 2688 3638 2755 ἦν

2056 2776 2119 2827 ἐκ
2147 2774 2355 2828 πολλῶν
2387 2777 2495 2830 τῶν
2530 2778 2656 2849 περὶ
2686 2779 2783 2842 τὰς
2825 2779 3119 2850 ἐκκλησίας
3153 2779 3417 2844 συνελέξω
3454 2780 3643 2848 καμά-

2053 2883 2180 2931 των,
2234 2867 2414 2921 δοῦναι
2460 2869 2681 2939 γνώμην
2721 2872 2852 2940 ἡμῖν
2900 2873 3030 2942 περὶ
3075 2872 3180 2925 τῶν
3232 2870 3633 2941 προκειμένων.

2058 2955 2137 3009 Τὰ
2184 2958 2283 3028 μὲν
2331 2955 2424 3012 οὖν
2450 2960 2596 3014 ἄλλα
2644 2962 2742 3015 οὐκ
2793 2963 2918 3033 ὲνῆν
2962 2965 3221 3034 γράφειν·
3255 2962 3291 3017 ἃ
3333 2961 3378 3015 δ’
3404 2958 3501 3016 οὖν
3541 2961 3638 3015 καὶ

1983 3076 2024 3131 C
2057 3047 2357 3116 ἐξενεγκεῖν
2403 3051 2669 3119 ἀσφαλὲς,
2722 3052 2895 3105 ταῦτά
2947 3053 3115 3105 ἐστιν.
3165 3053 3222 3105 '0
3264 3051 3637 3123 πρεσϐύτερος

2060 3140 2347 3211 Εὑὰγριος,
2379 3143 2408 3195 ό
2433 3143 2545 3206 υἱὸς
2573 3144 2927 3215 Πομπηῖανοῦ
2953 3144 3045 3198 τοῦ
3080 3146 3415 3215 Ἀντιοχέως,
3456 3145 3486 3196 ὁ
3512 3162 3636 3197 συν-

2057 3232 2273 3301 απὰρας
2296 3234 2427 3286 ποτὲ
2449 3234 2539 3285 ἐπὶ
2566 3233 2663 3304 τὴν
2693 3234 2843 3286 δύσιν
2867 3235 2943 3306 τῷ
2968 3235 3219 3306 μακαρίῳ
3239 3235 3369 3305 (59⁸)
3389 3235 3636 3304 Εὐσεὸίῳ

2057 3323 2297 3394 ἐπανῆκε
2339 3323 2434 3377 νῦν
2465 3325 2529 3377 ὲκ
2555 3326 2654 3394 τῆς
2685 3324 2924 3396 Ῥώμης,
2960 3327 3203 3380 ἁπαιτῶν
3237 3321 3386 3396 ἡμᾶς
3420 3328 3635 3379 ἐπιστο-

2055 3408 2172 3482 λὴν,
2208 3410 2347 3464 αὐτὰ
2376 3412 2444 3466 τὰ
2487 3413 2617 3483 παρ’
2639 3414 2860 3467 ἐκείνων
2894 3416 3256 3487 γεγραμμένα
3287 3417 3517 3487 ἔχουσαν
3546 3418 3634 3470 αὖ·

2053 3499 2259 3565 τολεξεὶ
2283 3501 2591 3573 (ἀνεκόμισε
2613 3502 2667 3555 δὲ
2689 3506 2820 3574 ἡμῖν
2843 3506 2921 3567 εἰς
2946 3505 3186 3559 τούπίσω
3204 3506 3272 3560 τὰ
3302 3507 3429 3578 παρ’
3452 3508 3631 3577 ἡμῶν,

2054 3592 2130 3655 ὠς
2168 3595 2267 3646 οὐκ
2311 3594 2581 3664 ἀρέσαντα
2620 3599 2734 3658 τοῖς
2770 3596 3178 3668 ἀκριϐεστέροις
3200 3597 3307 3649 τῶν
3340 3597 3497 3668 ἐκεῖ),
3537 3599 3633 3651 καὶ

2056 3685 2346 3753 πρεσϐείαν
2369 3686 2489 3740 τινὰ
2509 3686 2577 3740 δι’
2604 3687 2813 3759 ἀνδρῶν
2844 3688 3135 3758 ἀξιολόγων
3170 3689 3270 3760 ἤδη
3303 3690 3629 3757 κατεπείγε-

2056 3777 2198 3842 σθαι,
2228 3779 2368 3849 ὑπὲρ
2394 3768 2487 3832 τοῦ
2528 3780 2881 3851 εὐπρόσωπον
2914 3782 3057 3852 ἔχειν
3087 3782 3339 3853 ἀφορμὴν
3380 3783 3506 3846 τοὺς
3527 3785 3630 3837 λᾶν-

2051 3867 2184 3939 δρας
2222 3870 2317 3939 τῆς
2342 3869 2680 3939 ἐπισκέψεως
2713 3872 2889 3942 ἡμῶν.
2927 3874 2989 3926 Ol
3024 3871 3164 3926 κατά
3202 3872 3528 3927 Σεδάστειαν
3562 3874 3663 3928 τὲ’

2052 3960 2293 4032 ἡμέτερα
2330 3960 2671 4031 φρονοῦντες,
2698 3963 2992 4017 Εὑσταθίου
3030 3963 3091 4016 τὸ
3138 3963 3368 4017 ὓπουλον
3399 3967 3499 4035 τῆς
3531 3982 3629 4018 κο.-

2052 4038 2295 4115 κοδοξίας
2313 4051 2468 4115 ἕλκος
2496 4052 3007 4124 ἀπογυμνώσαντες,
3038 4053 3326 4109 ἀπαιτοῦσί
3351 4070 3473 4108 τινα
3497 4056 3629 4125 παρ’

2052 4141 2207 4212 ἡμῶν
2239 4144 2695 4216 ἐκκλησιαστικὴν
2721 4145 2830 4216 (60)
2856 4147 3192 4218 ἐπιμέλειαν.
3222 4148 3440 4202 Ἰκόνιον
3473 4148 3629 4210 πόλις

2052 4233 2167 4285 ἐστὶ
2197 4233 2292 4303 τῆς
2316 4234 2580 4303 Πισιδίας,
2605 4237 2668 4289 τὸ
2691 4237 2790 4308 μὲν
2822 4236 3049 4292 παλαιὴν
3077 4238 3215 4310 μετά
3232 4238 3330 4311 τὴν
3361 4239 3628 4312 μεγίστην

453 4425 564 4515 (βὲ)
597 4424 1071 4515 Mareade}?
1084 4424 1245 4515 ."2'1';
1273 4432 1342 4515 εῖι,
1361 4425 1513 4515 P1,“!-
1542 4426 1705 4515 Edi“
1770 4445 1944 4515 rere-

2058 4433 2346 4515 ei_ne_nd_a_re
2384 4437 2700 4515 voluerunt,
2741 4454 2865 4515 cum
2910 4440 3093 4515 minus
3125 4441 3627 4515 animadverterent

381 4494 786 4569 apiiidn._tloisl.
807 4494 1027 4569 primus
1051 4504 1104 4550 et
1134 4494 1266 4566 Reg.
1289 4498 1562 4569 secundus
1586 4494 1945 4569 μαρασμιὸδη.

419 4564 564 4666 ’(55)
595 4564 958 4633 Ἐπιτρέπον.
982 4568 1060 4619 ita
1090 4564 1245 4632 mssi,
1265 4568 1462 4623 melius
1489 4564 1650 4638 quam
1671 4564 1803 4623 editi
1829 4564 1950 4622 επί-

376 4654 635 4709 tremum,
747 4704 758 4709 _
964 4704 979 4709 _
1500 4706 1571 4709 Δ-
1628 4708 1637 4709 ,
1738 4707 1779 4709 _,

452 4708 565 4781 (56)
627 4704 911 4781 Ἑιζέγκοι.
963 4704 1038 4758 lta
1090 4720 1226 4760 mss.
1283 4712 1432 4760 octo.
1495 4706 1677 4762 Editio
1737 4707 1945 4781 llagan.
1989 4757 2013 4778 ,

378 4777 621 4846 ὲνέγκος.
646 4778 779 4830 Aliae
806 4777 1054 4846 ἤνεγκεν.

453 4843 1151 4918 (37)ί,Ἁπεο-τὲιξρήθημεινο.Δ
1183 4843 1274 4900 Sic
1307 4845 1821 4918 du_o_iantiqnissimi
1856 4866 1952 4905 co-

376 4915 723 4991 dic'esllarl.
765 4926 820 4971 et
859 4915 1030 4970 Coisl.
1073 4915 1303 4991 primus.
1358 4916 1501 4991 Editi
1544 4915 1946 4991 ἀπεστερήθην.

373 4987 546 5043 Paulo
575 4995 700 5058 post
736 4996 973 5056 quatuor
1010 4987 1230 5042 codices
1274 4989 1611 5043 recentiores
1640 4987 1950 5059 ἀπεγευσά-

377 5059 558 5198 μᾗῗὲέ)
588 5130 691 5195 Εις
711 5126 950 5198 ταυτόῖ.
981 5124 1129 5181 Harl.
1154 5127 1235 5190 είς
1257 5122 1440 5198 ταυτό.
1472 5125 1640 5198 Paulo
1670 5138 1794 5198 post
1813 5131 1947 5187 editi

373 5195 484 5252 και
522 5195 632 5271 γὰρ
666 5196 839 5251 οὐδέν.
884 5195 997 5253 Sex
1036 5211 1172 5252 mss.
1220 5206 1275 5252 et
1320 5196 1487 5252 editio
1535 5195 1747 5267 Hagen.
1790 5209 1850 5254 nt
1891 5206 1945 5257 in

373 5276 556 5424 ιῗῖἓίί)
586 5337 781 5407 Εὕροι.
818 5327 915 5391 δίο
951 5346 1063 5393 tres
1104 5337 1465 5394 vetustissimi
1509 5338 1748 5394 codices.
1801 5342 1944 5399 Editi

370 5423 527 5509 ευρέγ.
1310 5478 1320 5490 .

444 5478 574 5549 (,)9·)
605 5478 903 5549 Μιικᾳρζφ.
926 5476 1172 5543 Quatuor
1204 5476 1421 5549 οοᾶιοςε
1451 5493 1557 5532 non
1583 5483 1941 5539 vetustissimi

370 5546 577 5602 addunt
607 5546 785 5617 ἀνδρί,
813 5548 981 5600 Paulo
1011 5558 1134 5617 post
1163 5550 1328 5602 editio
1352 5548 1681 5605 Basileensis
1704 5556 1943 5608 secunda

370 5628 423 5671 vt
455 5618 799 5687 Parisienses
826 5617 946 5687 ᾔτει
993 5618 1437 5686 κατεπείγεσθαι.
1474 5620 1689 5687 Septem
1725 5638 1856 5679 mss.
1889 5634 1944 5678 cl

372 5688 695 5743 vetustiores
741 5686 1008 5743 editiones
1063 5697 1120 5741 ut
1170 5689 1223 5742 in
1271 5697 1439 5743 textu.
1485 5686 1585 5755 Qui
1622 5700 1941 5749 contextum

2053 4502 2185 4558 illud
2236 4504 2335 4574 ἤδη
2385 4506 2699 4575 ἐπείγεσθαι
2751 4508 2944 4563 referri
2986 4512 3052 4563 ad
3101 4512 3323 4565 verbum
3376 4513 3626 4569 ἁπαιτῶν

2050 4575 2194 4650 quod
2231 4575 2503 4643 praet-edit.
2540 4579 2987 4650 posueruntjzei
3016 4597 3112 4647 pro
3138 4582 3260 4650 ἤδη.
3306 4579 3511 4637 Lucem
3543 4595 3626 4638 εις

2049 4645 2275 4714 tulimus
2309 4661 2410 4714 ope
2444 4645 2805 4714 parenthesis.
2834 4645 2965 4701 Vide
2988 4645 3265 4705 Addenda.

2122 4713 2234 4784 (ϐυ)
2282 4713 2847 4785 Ἐκκλησιαστικήν.
2898 4718 3078 4774 Edilio
3116 4720 3444 4775 Parisiensis
3474 4722 3628 4779 addit

2049 4785 2417 4860 auertiv,__qtia3
2442 4802 2546 4840 vox
2580 4789 2778 4860 melius
2806 4797 2861 4843 et
2889 4790 3199 4860 elegantius
3231 4795 3385 4844 deest
3414 4792 3468 4846 in
3500 4796 3627 4847 aliis

2049 4854 2392 4931 editionibiis
2423 4865 2478 4909 et
2503 4872 2662 4931 _mss.
2706 4854 3076 4928 Pcrspicin'ius
3118 4876 3184 4931 ex
3225 4862 3457 4931 epistola
3497 4862 3623 4928 151,

2049 4925 2253 4977 multos
2307 4924 2567 4979 Sebastiae
2618 4942 2646 4980 a
2692 4924 3077 4985 communione
3122 4924 3391 4986 Eustathii
3440 4924 3623 4988 seces;

2050 4995 2210 5071 sisse.
2238 4994 2302 5048 Hi
2333 4997 2400 5048 ad
2428 4995 2710 5071 Basilinm,
2747 5006 2804 5051 ut
2825 5000 3119 5071 primatum
3153 5001 3209 5054 in
3244 5000 3344 5055 bas
3369 5004 3624 5071 regiones

2052 5065 2360 5138 habentem,
2412 5065 2796 5138 confugerunt.
2828 5065 2971 5124 Cura
3008 5081 3186 5125 autem
3218 5065 3620 5135 ecclesiastica,

2047 5150 2210 5210 quam
2248 5135 2784 5210 a‘Basiliohpetunt,
2838 5139 3110 5194 interdum
3163 5155 3230 5195 eo
3277 5151 3512 5210 spectat.
3567 5154 3623 5199 ut

2049 5206 2207 5273 pulso
2219 5205 2477 5328 episcopo
2505 5205 2646 5264 alius
2669 5208 2974 5276 ordinetur;
2992 5210 3144 5265 velut
3162 5225 3285 5265 cum
3305 5205 3515 5283 Xystus
3530 5211 3621 5278 Ill,

2049 5276 2208 5328 epist.
2278 5315 2292 5328 .
2319 5292 2372 5328 1).
2406 5277 2565 5328 1255.
2592 5279 2833 5328 minatur
2862 5281 3134 5328 eniscnnis
3160 5281 3351 5328 haeresi
3389 5283 3621 5328 faventi-

2046 5277 2208 5350 epist.
2240 5277 2292 5350 ᾖ..
2319 5292 2372 5350 p_.
2406 5277 2565 5350 (“235,
2592 5279 2833 5350 minatur
2862 5281 3134 5350 episcopis
3159 5277 3622 5337 liacresi'faventi-

2046 5344 2149 5426 bus
2182 5365 2196 5400 :
2232 5344 2592 5426 ιξεέίεείοζιιιη
2622 5348 2686 5402 ab
2714 5351 2843 5426 ipsis
2867 5344 3242 5426 occupa-Larum
3272 5366 3455 5405 curam
3482 5353 3617 5422 fore,

2044 5417 2092 5466 si
2123 5433 2225 5469 non
2250 5417 2359 5483 ipsi
2396 5417 2499 5470 sibi
2542 5420 2921 5474 consuluerint.
2966 5417 3037 5474 At
3073 5420 3356 5475 Sebasteni
3390 5417 3502 5477 non
3538 5424 3617 5476 vi—

2045 5485 2242 5559 dentur
2269 5487 2318 5538 id
2350 5489 2610 5559 petiisse;
2663 5504 2840 5559 neque
2888 5490 3034 5544 enim
3082 5491 3186 5545 sub
3226 5490 3452 5547 Valente
3502 5492 3618 5547 ﬁeri

2045 5557 2344 5637 potuisset;
2380 5559 2474 5612 sed
2508 5557 2708 5637 Basilio
2736 5557 3001 5637 regendos
3033 5575 3091 5616 se
3120 5574 3183 5614 ac
3205 5563 3619 5632 gubernandos.

2045 5635 2099 5679 ut
2132 5630 2388 5697 episcopo
2414 5636 2686 5695 carentes,
2719 5630 3085 5687 commisisse.
