3948 6214
321 307 432 364 585

1266 297 1757 354 ΕΡιδΤοιΑιιωι
1795 299 2080 355 CLASSIS
2104 299 2169 356 ll.
2211 298 2429 356 EPIST.
2469 297 2626 356 CXL.

3476 302 3582 360 586

395 427 450 482 5.
482 423 545 477 Ei
574 421 672 492 μὲν
700 416 794 476 οὖν
822 414 891 491 ἦν
925 417 1146 472 δυνατὸν
1178 417 1340 473 αὐτόν
1373 435 1440 489 με
1477 418 1900 488 παραγενέσθαι,

2083 419 2244 491 232
2291 420 2344 474 ’⁵-
2393 417 2548 487 Quod
2607 418 2656 476 si
2703 417 2822 475 ﬁeri
2875 425 3085 491 posset,
3131 426 3192 478 ut
3231 418 3298 478 ad
3337 435 3434 478 vos
3465 421 3583 492 ipse

319 517 477 572 οὐδὲν
505 515 570 570 ἂν
598 514 944 585 προετίμησα
975 513 1072 583 τῆς
1101 512 1390 582 συντυχίας
1425 511 1579 582 ὑμῶν
1599 529 1611 541 ο
1645 511 1784 565 ὥστε
1813 513 1904 567 καὶ

323 609 457 662 ἰδεῖν
482 607 610 672 τοὺς
638 606 878 676 ἀθλητὰς
907 605 1000 659 τοῦ
1025 604 1264 677 Χριστοῦ
1287 648 1302 671 ,
1327 607 1420 659 καὶ
1444 605 1902 678 περιπτύξασθαι,

320 701 420 754 καὶ
452 700 780 770 κοινωνῆσαι
821 698 932 752 τῶν
963 697 1282 769 προσευχῶν
1321 699 1416 752 καὶ
1458 698 1568 751 τῶν
1605 716 1906 770 πνευματι-

319 790 437 844 κῶν
479 793 537 844 ὲν
587 791 715 860 ὑμῖν
760 788 1152 860 χαρισμάτωνο
1195 789 1381 859 ἐπειδὴ
1428 788 1486 844 δὲ
1521 789 1583 842 τὸ
1618 789 1777 858 σῶμά
1813 807 1902 860 μοι

316 881 508 935 λοιπὸν
555 881 660 934 ὑπὸ
710 879 930 951 χρονίας
982 879 1136 932 νόσου
1193 879 1569 934 κατανάλωται
1595 920 1608 944 ,
1656 880 1732 944 ὡς
1769 881 1903 953 μηδὲ

318 974 430 1028 ἀπὸ
462 972 562 1042 τῆς
618 971 806 1041 κλίνης
842 971 1100 1024 δύνασθαί
1159 988 1226 1041 με
1273 971 1656 1037 καταϐαίνειν,
1710 973 1803 1026 καὶ
1853 973 1903 1026 οἱ

318 1064 706 1136 ἐφεδρεύοντες
752 1067 882 1135 ἡμῖν
916 1064 1136 1128 πολλοὶ,
1171 1065 1247 1127 ὼς
1291 1064 1444 1118 λύκοι
1474 1065 1749 1138 ἅρπαγες,
1781 1068 1902 1120 ἑπι-

316 1155 615 1226 τηροῠντες
639 1155 849 1225 καιρὸν,
877 1155 1007 1208 πότε
1044 1154 1316 1225 δυνηθῶσι
1354 1154 1652 1226 διαρπάσαι
1679 1158 1746 1208 τὰ
1772 1156 1904 1227 πρό-

317 1247 462 1300 ϐατα
518 1246 613 1301 τοῦ
667 1246 902 1320 Χριστοῦ
933 1286 947 1311 ,
1004 1247 1320 1316 ἀναγκαίως
1376 1247 1468 1300 ἐπὶ
1523 1248 1624 1318 τὴν
1669 1247 1759 1300 διὰ
1806 1247 1900 1301 τοῦ

314 1341 648 1411 γράμματος
676 1339 966 1409 ἐπίσκεψιν
1011 1335 1174 1410 ἦλθον
1200 1357 1213 1370 ³
1257 1339 1591 1410 παρακαλῶν
1627 1357 1902 1411 προηγου-

322 1431 502 1501 μένως
547 1431 647 1502 μὲν
694 1433 934 1494 ἐκτενεῖς
970 1431 1069 1494 τὰς
1109 1431 1250 1502 ὑπὲρ
1282 1429 1416 1500 ἐμοῦ
1453 1430 1727 1484 ποιεῖσθαι
1758 1432 1902 1502 ὑμᾶς

315 1515 695 1592 δεήσεις,“’ίνα
739 1521 1062 1587 καταξιωθῶ
1092 1523 1189 1586 τὰς
1238 1522 1366 1590 γοῦν
1399 1521 1727 1593 λειπομένας
1765 1523 1903 1594 ἠμέ-

319 1630 420 1685 ρας
468 1614 500 1684 ἢ
534 1613 684 1685 ὧρας
716 1612 998 1668 δουλεῦσαι
1037 1611 1114 1684 τῷ
1159 1613 1350 1685 Κυρίῳ
1383 1614 1524 1666 κατά
1571 1613 1633 1667 τὸ
1662 1615 1903 1683 Εὐαγγέ-

313 1702 430 1756 λιον
460 1703 563 1774 τῆς
594 1703 872 1773 βασιλείας
891 1723 903 1734 ·
924 1702 1115 1757 ἔπειτα
1139 1703 1232 1758 καὶ
1267 1703 1597 1776 συγγνώμην
1625 1705 1769 1776 ἔχειν
1796 1723 1899 1778 μου

2007 510 2407 581 proﬁciscerer,
2443 510 2581 566 nihil
2615 509 2980 581 praetulissem
3024 513 3346 584 congressui
3373 521 3580 577 vestro,

2005 611 2149 659 utet
2187 602 2394 658 Christi
2433 604 2670 659 athletas
2707 603 2952 660 viderem
2992 605 3480 676 amplectererque,
3527 612 3582 659 et

2003 709 2249 766 precum,
2298 709 2364 750 ac
2406 696 2675 752 donorum
2717 697 3111 769 spiritualium,
3157 712 3280 768 qum
3323 697 3379 751 in
3427 697 3582 753 vobis
3633 715 3640 724 ·

2004 795 2154 854 sunt,
2206 790 2482 860 particeps
2547 789 2754 846 ﬁerem.
2819 789 2927 846 Sed
2982 789 3110 861 quia
3157 805 3358 860 corpus
3399 805 3580 845 meum

1999 878 2114 949 jam
2161 878 2425 933 diuturno
2462 881 2654 936 morbo
2699 880 3011 936 confectum
3057 891 3160 946 est,
3213 881 3350 935 adeo
3405 888 3464 935 ut
3512 895 3583 936 ne

2003 983 2034 1022 e
2079 968 2222 1022 let-to
2264 969 2482 1038 quidem
2515 971 2721 1040 possim
2757 972 3092 1028 descendere
3120 989 3135 1034 ;
3180 978 3234 1026 et
3268 972 3395 1041 quia
3424 973 3584 1028 multi

2003 1057 2164 1116 nobis
2209 1062 2568 1126 insidiantur,
2600 1065 2776 1118 instar
2806 1065 3054 1136 luporum
3087 1067 3391 1135 rapacium,
3419 1080 3584 1120 occa-

2004 1151 2215 1207 sionem
2267 1153 2640 1216 observantes,
2691 1155 2737 1208 si
2794 1155 3012 1224 quando
3069 1156 3276 1211 Chriin
3326 1171 3456 1210 oves
3494 1170 3583 1210 ra-

2003 1259 2133 1314 pere
2181 1246 2412 1314 possint,
2459 1247 2770 1302 necessario
2808 1262 2906 1303 vos
2956 1263 3052 1317 per
3091 1249 3299 1303 litteras
3345 1249 3584 1305 inrisere

2003 1337 2262 1392 constitui
2322 1357 2334 1392 :
2393 1339 2695 1394 adhortans
2742 1355 2861 1403 vos,
2922 1341 3156 1409 primum
3213 1342 3472 1411 quidem,
3521 1348 3582 1396 ut

2003 1427 2212 1482 intente
2239 1430 2539 1498 preccmini
2591 1445 2690 1500 pro
2729 1447 2838 1492 me.
2868 1439 2926 1484 ut
2955 1431 3155 1500 dignus
3195 1431 3340 1494 (iam,
3367 1432 3462 1502 qui
3495 1447 3584 1487 re-

2002 1520 2184 1589 liquos
2228 1522 2419 1575 saltem
2464 1521 2582 1577 dies
2633 1530 2726 1576 aut
2777 1523 2941 1577 horas
2987 1521 3217 1578 Domino
3271 1522 3578 1578 secundum

2003 1610 2158 1679 regni
2195 1608 2552 1681 Evangelium
2584 1614 2818 1668 serviam
2857 1631 2873 1680 ;
2910 1613 3110 1669 deinde
3142 1629 3277 1670 vero
3317 1623 3376 1668 ut
3413 1616 3580 1670 etiam

2003 1701 2301 1771 ignoscatis
2346 1706 2612 1760 absentia:
2657 1721 2793 1762 mea:
2828 1714 2883 1762 et
2921 1706 3051 1762 huic
3098 1707 3409 1762 litterarum
3443 1707 3584 1762 dila-

311 1797 384 1873 τῇ
411 1794 692 1865 ἀπολείψει
723 1797 818 1850 καὶ
853 1799 918 1867 τῇ
953 1795 1243 1868 βραδυτῆτι
1279 1795 1451 1870 ταύτῃ
1496 1797 1605 1851 τῶν
1633 1775 1898 1870 γραμμάο

2003 1796 2136 1850 tioni
2181 1811 2246 1850 ac
2278 1812 2465 1852 more.
2500 1797 2600 1852 Vix
2647 1799 2793 1853 enim
2822 1799 3037 1869 copiam
3073 1798 3367 1856 habuimus
3401 1797 3584 1854 homi-

310 1903 444 1940 των.
474 1887 644 1951 Μόλις
685 1887 792 1958 γὰρ
829 1890 1222 1960 ηὑπορήσαμεν
1251 1888 1541 1961 ἀνθρώπου
1561 1932 1576 1953 ,
1609 1889 1704 1943 τοῦ
1737 1889 1898 1943 δυνα-

2003 1889 2124 1956 nis,
2155 1889 2248 1959 qui
2294 1901 2486 1946 nostro
2534 1891 2812 1947 desiderio
2846 1903 3031 1962 posset
3077 1893 3410 1948 subservire.
3449 1890 3583 1947 Dico

314 1978 481 2048 μένου
519 1978 1029 2054 ὲξυπηρετήσασθαι
1060 1981 1220 2052 ἡμῶν
1247 1984 1313 2054 τῇ
1340 1983 1627 2054 ἐπιθυμίᾳ.
1653 1983 1899 2053 Λέγομεν

2003 1990 2182 2035 autem
2231 1980 2403 2034 hlium
2446 1990 2698 2038 nostrum
2739 1983 3042 2054 Eugenium
3096 1982 3447 2045 monachum,
3484 1997 3583 2053 per

309 2070 370 2124 δὲ
403 2071 493 2124 τὸν
539 2072 653 2125 υἱὸν
701 2072 1172 2150 ὴμῶνΙΕύγένιον
1223 2074 1314 2127 τὸν
1369 2075 1703 2146 μονάζονταο
1740 2075 1807 2128 δι’
1838 2068 1898 2128 οὗ

2003 2087 2161 2141 quem
2192 2071 2426 2128 obsecro
2450 2087 2570 2136 vos,
2602 2081 2661 2128 ut
2686 2089 2786 2143 pro
2816 2073 2976 2128 nobis
3011 2087 3076 2128 ac
3110 2075 3365 2130 universa
3398 2071 3584 2128 Eccle-

311 2163 620 2236 παρακαλῶ
653 2164 914 2231 εὔξασθαι
940 2167 1079 2240 ὑπὲρ
1109 2166 1268 2238 ήμῶν
1300 2169 1394 2222 καὶ
1421 2171 1522 2239 τῆς
1573 2167 1900 2238 Ἐκκλησίας

2003 2167 2080 2223 sia
2115 2168 2309 2234 oretis,
2355 2183 2420 2223 ac
2469 2167 2632 2225 nobis
2681 2168 3002 2225 rescribatis
3039 2167 3108 2225 de
3156 2167 3322 2228 rebus
3354 2167 3580 2223 vestris.

309 2257 534 2328 πάσης,
573 2258 669 2312 καὶ
715 2259 1048 2330 ἀντιγράψαι
1101 2261 1236 2332 ἡμῖν
1281 2260 1352 2315 τὰ
1401 2261 1530 2332 περὶ
1563 2259 1758 2332 ὑμῶν.
1809 2261 1897 2313 ἵνα

2003 2273 2058 2317 ιιι
2091 2261 2177 2324 his
2214 2262 2456 2333 cognitis
2490 2263 2729 2319 latiores
2759 2261 3083 2322 eliiciamur.

308 2348 534 2417 γνόντες
568 2348 934 2423 εὐθυμότερον
966 2349 1324 2421 διατεθῶμεν.

837 2506 1184 2562 ΕΠΙΣΤΟΔΗ
1220 2507 1358 2562 PM'.

2510 2504 2616 2559 EPI
2625 2503 2847 2560 STOLA
2885 2503 3066 2559 CXL‘.

311 2619 630 2687 Antiochenos
677 2615 893 2687 Basilius
927 2618 997 2687 ob_
1023 2618 1246 2687 corporis
1271 2615 1587 2687 debilitatem
1621 2616 1850 2687 invisere.
1869 2630 1966 2668 non
2009 2623 2163 2687 potest
2182 2656 2196 2678 ,
2223 2618 2311 2670 sed
2335 2633 2438 2687 _eos
2483 2633 2572 2682 per
2597 2619 2781 2687 litteras
2821 2617 2870 2669 in
2892 2619 3428 2687 φῃιιηιηὶε-εοπεοιαιιιν
3449 2623 3579 2687 et_ad

372 2680 919 2750 patientiantjiortqtur.
966 2678 1176 2744 Apponit
1210 2679 1359 2745 ﬁdem
1397 2678 1681 2742 Nicwnam,
1707 2678 1876 2732 mentis
1917 2678 2021 2731 sua?
2057 2679 2182 2742 {eius
2233 2682 2430 2734 tradere
2467 2678 2562 2732 non
2586 2681 2807 2744 audens;
2844 2681 3079 2747 additque
3115 2683 3581 2734 Pneumatomachos

375 2742 882 2797 ezcwnnumicandos.

701 2847 781 2918 Τῇ
828 2847 1170 2917 Ἀντιοχέων
1199 2848 1544 2916 Ἐκκλησία.

388 2944 440 2997 1.
468 2943 565 3010 Τίς
580 2940 759 2996 δώσει
779 2958 873 3007 μοι
890 2943 1206 3012 πτέρυγας,
1225 2939 1367 2995 ὡσεὶ
1386 2939 1773 3010 περιστερᾶςς
1799 2940 1899 2994 καὶ

2463 2848 2716 2904 Ecclesia.-
2765 2850 3124 2905 Antiocltenw.

2075 2943 2128 2998 1.
2183 2941 2316 3009 Quis
2363 2941 2510 2996 dabit
2555 2943 2685 2997 mihi
2717 2943 2861 3006 alas,
2893 2943 3031 2998 sicut
3071 2941 3373 2998 columba?
3399 2951 3453 2999 et
3491 2959 3583 2999 vo-

313 3036 772 3106 πετασθήσομαι
806 3034 918 3107 (77)
951 3035 1087 3107 πρὸς
1120 3036 1265 3106 ὑμᾶς
1283 3074 1298 3098 ,
1327 3035 1421 3087 καὶ
1450 3034 1788 3089 καταπαύσω
1809 3033 1900 3086 τὸν

2003 3035 2126 3090 tabo
2149 3035 2194 3068 ³⁸
2215 3036 2282 3090 ad
2313 3051 2431 3099 vos,
2459 3050 2525 3092 ac
2553 3037 2782 3106 explebo
2809 3052 2988 3091 meum
3021 3034 3414 3108 congrediendi
3443 3050 3570 3091 cum

312 3128 484 3184 πόθον
527 3129 588 3183 ὃν
635 3128 744 3200 ἔχω
779 3129 873 3183 ἐπὶ
910 3131 978 3199 τῇ
1028 3127 1285 3197 συντυχίᾳ
1322 3127 1421 3197 τῆς
1460 3126 1733 3197 ὑμετέρας
1763 3125 1899 3193 ἀγά-

313 3239 452 3294 πης.
482 3222 618 3277 Νυνὶ
655 3222 713 3276 δὲ
734 3223 856 3292 οὐχὶ
881 3218 1170 3292 πτερύγων
1193 3218 1390 3282 ὲνδεῶς
1415 3218 1524 3290 ἔχω
1553 3219 1732 3290 μόνον,
1762 3216 1900 3272 ἀλλά

312 3314 414 3366 διαὶ
439 3311 605 3366 αὑτοῦ
639 3310 732 3365 τοῦ
763 3310 1037 3381 σώματος,
1075 3310 1244 3363 πάλαι
1286 3309 1384 3380 μέν
1425 3326 1515 3381 μοι
1547 3308 1651 3362 ὑπὸ
1683 3308 1901 3380 μακρᾶς

316 3407 416 3482 (ἧς
449 3403 761 3476 ἀρρωστίας
793 3402 1196 3474 πεπονηκότος,
1254 3400 1348 3454 νῦν
1386 3401 1444 3456 δὲ
1489 3400 1595 3456 ὑπὸ
1622 3399 1730 3454 τῶν
1770 3415 1897 3452 συν-

311 3496 458 3582 εχῶν
509 3495 744 3566 θλίψεων
796 3494 1077 3560 παντελῶς
1136 3494 1619 3566 συντετριμμένου.
1649 3491 1744 3556 Τίς
1789 3491 1901 3565 γὰρ

312 3587 491 3654 οὕτως
531 3589 896 3662 ἀδαμάντινος
930 3590 1032 3661 τὴν
1065 3587 1280 3660 ψυχὴν,
1316 3587 1400 3652 τίς
1438 3586 1582 3640 οὕτω
1612 3585 1899 3651 παντελῶς

312 3681 654 3755 ἀσυμπαθὴς
686 3683 784 3736 καὶ
835 3683 1146 3754 ἀνήμερος,
1183 3681 1258 3745 ὡς
1286 3681 1500 3744 ἀκούων
1541 3679 1637 3734 τοῦ
1689 3695 1898 3734 παντα-

311 3775 476 3846 χόθεν
507 3777 655 3848 ἡμᾶς
681 3775 792 3845 (78)
821 3774 1254 3848 προσϐάλλοντος
1288 3772 1618 3843 στεναγμοῦ,
1649 3768 1761 3826 οἷον
1791 3770 1900 3826 ἀπό

310 3886 463 3934 τινος
490 3867 654 3941 χοροῦ
687 3866 964 3940 κατηφοῦς
1013 3866 1190 3921 κοινόν
1237 3882 1358 3918 τινα
1391 3864 1590 3935 θρῆνον
1621 3864 1714 3917 καὶ
1764 3861 1901 3933 σύμι-

313 3975 496 4030 φωνον
549 3956 986 4030 προσηχοῶτος,
1032 3957 1107 4028 μὴ
1159 3956 1280 4026 οὐχὶ
1317 3955 1510 4008 παθεῖν
1553 3954 1654 4024 τὴν
1697 3953 1896 4025 ψυχὴν,

314 4052 413 4105 καί
466 4049 932 4120 κατακαμτρθῆναι
991 4049 1072 4112 είς
1122 4050 1226 4118 γῆν
1251 4088 1266 4109 ,
1306 4047 1400 4099 καὶ
1438 4049 1560 4109 ταῖς
1596 4046 1898 4116 ἀμηχάνοις

310 4139 542 4204 ταύταις
575 4141 868 4211 μερίμναις
906 4137 1181 4202 παντελῶς
1220 4138 1552 4208 ὲκτακῆναι;
1613 4135 1772 4188 Ἀλλά
1812 4134 1901 4187 δυο

313 4233 479 4296 νατὸς
524 4235 553 4286 ὁ
603 4232 758 4300 ἆγιος
792 4229 924 4292 Θεὸς
955 4229 1139 4282 δοῦναί
1185 4245 1310 4282 τινα
1342 4227 1495 4280 λύσιν
1532 4225 1640 4279 τῶν
1677 4224 1896 4296 ἀμηχά-

315 4344 460 4389 νων,
496 4325 590 4379 καὶ
637 4322 964 4396 χαρίσασθαι
999 4324 1131 4392 ἡμῖν
1162 4339 1283 4375 τινα
1313 4320 1420 4373 τῶν
1457 4318 1684 4391 μακρῶν
1722 4319 1900 4371 πόνων

2003 3137 2190 3184 vestra
2221 3128 2494 3183 charilate
2524 3127 2890 3184 desiderium.
2924 3127 3081 3184 Nunc
3132 3135 3316 3184 autem
3346 3143 3456 3185 non
3495 3143 3586 3185 so.

2000 3221 2112 3276 lum
2169 3219 2269 3274 alie
2303 3218 2436 3272 mihi
2484 3221 2709 3285 desunt,
2761 3217 2858 3274 sed
2907 3219 3086 3290 ipsum
3133 3218 3302 3273 etiam
3354 3234 3580 3291 corpus.

1999 3313 2211 3368 dudum
2275 3311 2496 3383 quidem
2559 3309 2693 3367 mihi
2749 3310 2910 3384 longa
2955 3310 3280 3382 aegritudine
3332 3309 3583 3368 debilita-

1999 3413 2139 3473 tum,
2177 3419 2327 3460 nunc
2369 3418 2500 3460 vero
2529 3403 2798 3459 molestiis
2838 3402 3123 3459 continuis
3161 3404 3381 3473 penitus
3424 3404 3584 3458 attri-

1999 3504 2141 3553 tum.
2185 3494 2323 3562 Quis
2368 3495 2516 3550 enim
2560 3494 2746 3549 animo
2796 3493 2872 3548 ita
2921 3493 3296 3559 adamantina,
3341 3493 3468 3566 quis
3508 3495 3583 3549 ita

1999 3588 2502 3646 commiserationis
2542 3587 2727 3641 omnis
2777 3601 2842 3640 ac
2886 3587 3331 3642 mansuetudinis
3359 3601 3580 3658 expers.

1999 3687 2062 3735 ut
2098 3679 2333 3736 audiens
2361 3680 2628 3753 gemitum
2656 3678 2900 3750 undique
2925 3693 3090 3734 aures
3113 3686 3336 3735 nostras
3371 3677 3576 3733 ferien-

1999 3782 2130 3840 tem,
2176 3773 2326 3827 velut
2381 3788 2450 3827 ex
2501 3770 2649 3826 tristi
2703 3769 2940 3842 quodam
2997 3770 3170 3826 choro
3233 3783 3581 3826 communem

1999 3863 2291 3936 quamdam
2317 3879 2378 3920 ac
2408 3877 2708 3920 consonam
2737 3863 3182 3918 lamentationem
3214 3863 3433 3928 edente,
3471 3877 3581 3918 non

1999 3959 2186 4012 animo
2224 3956 2426 4022 doleat,
2463 3972 2571 4012 non
2622 3956 2776 4011 humi
2820 3955 3166 4028 procumbat,
3195 3963 3249 4010 et
3279 3970 3388 4010 non
3428 3957 3584 4025 peni-

1999 4057 2091 4106 tus
2138 4049 2618 4106 inextricabilibus
2654 4049 2741 4104 his
2779 4049 2929 4104 curis
2957 4047 3244 4103 tabescat?
3291 4046 3398 4103 Sed
3438 4046 3583 4105 Deus

1999 4155 2228 4200 sanctus
2276 4149 2456 4212 potest
2493 4157 2594 4198 nos
2628 4157 2694 4196 ex
2740 4141 2810 4196 iis
2841 4156 2964 4211 qua:
3004 4140 3402 4195 inextricabilia
3451 4147 3584 4196 sunt

2000 4237 2234 4296 solvere.
2287 4244 2342 4290 et
2391 4235 2630 4304 aliquam
2681 4233 2843 4289 nobis
2895 4248 2961 4288 ex
3013 4232 3244 4290 diutinis
3300 4233 3584 4289 laboribus

2000 4327 2421 4398 respirationem
2469 4325 2679 4396 largiri.
2741 4325 2926 4392 Quare
2986 4333 3042 4380 et
3091 4341 3192 4381 vos
3258 4325 3400 4380 idem
3457 4326 3584 4382 volo

315 4423 611 4491 ἀναπνοήν.
659 4420 820 4472 Ὥστε
863 4419 959 4471 καὶ⁸
1004 4419 1148 4488 ὑμᾶς
1198 4415 1296 4488 τὴν
1341 4415 1512 4474 αὐτὴν
1567 4413 1712 4484 ἔχειν
1763 4412 1898 4477 ἀξιῶ

2004 4422 2257 4477 solatium
2309 4420 2532 4482 habere,
2587 4433 2652 4472 ac
2697 4433 2792 4488 spe
2840 4418 3238 4474 consolationis
3281 4418 3583 4490 gaudentes

316 4511 700 4584 παράκλησιν,
731 4511 826 4564 καὶ
871 4513 936 4582 τῇ
986 4511 1159 4564 ἐλπίδι
1206 4511 1306 4580 τῆς
1341 4505 1739 4579 παρακλήσεως
1779 4504 1898 4576 χαί-

321 4621 515 4676 ροντας
542 4605 687 4673 ὑμᾶς
720 4602 780 4655 τὸ
820 4601 994 4672 παρὸν
1042 4601 1291 4669 ἀλγεινὸν
1323 4598 1433 4653 τῶν
1482 4597 1716 4667 θλίψεων
1765 4597 1900 4649 ὑπο-

321 4695 530 4764 μένειν.
561 4695 686 4747 Εἴτε
723 4693 831 4765 γὰρ
861 4693 1274 4764 ἁμαρτημάτων
1323 4690 1687 4760 ἀποτίννυμεν
1719 4688 1898 4752 δίκας,

321 4788 506 4841 ῑκαναὶ
539 4787 596 4839 αἱ
639 4785 902 4856 μάστιγες
928 4786 1064 4856 πρὸς
1098 4783 1429 4858 παραίτησιν
1453 4782 1564 4852 (79)
1588 4781 1775 4835 λοιπὸν
1802 4781 1900 4852 τῆς

315 4878 404 4947 ἐφ’
447 4879 587 4948 ἡμῖν
619 4876 787 4948 ὀργῆς
830 4874 928 4928 τοῦ
977 4873 1111 4928 Θεοῦ
1137 4891 1149 4904 ·
1200 4877 1309 4928 εἴτε
1349 4875 1429 4938 είς
1471 4874 1598 4937 τοὺς
1633 4873 1773 4946 ὑπὲρ
1799 4873 1900 4943 τῆς

315 4967 601 5031 εὐσεϐείας
639 4967 858 5036 ἀγῶνας
907 4966 996 5020 διά
1031 4966 1145 5019 τῶν
1195 4965 1518 5038 πειρασμῶν
1557 4964 1764 5018 τούτων
1817 4980 1902 5017 κε-

317 5059 573 5132 κλήμεθα
611 5059 758 5127 (80),
795 5059 1005 5123 δίκαιος
1037 5061 1066 5113 ὁ
1093 5057 1389 5129 ἀθλοθέτης
1443 5059 1518 5130 μὴ
1562 5059 1719 5110 ἐᾶσαι
1753 5057 1902 5128 ἡμᾶς

317 5150 678 5224 πειρασθῆναι
713 5151 852 5222 ὑπὲρ
890 5151 918 5204 ὃ
961 5150 1238 5220 δυνάμεθα
1281 5151 1634 5219 ὑπενεγκεῖν’
1665 5149 1780 5202 ἀλλ’
1808 5147 1902 5201 ἐπὶ

315 5246 430 5308 τοῖς
468 5244 977 5315 προπεπονημένοις
1005 5243 1297 5298 ἀποδοῦναι
1337 5244 1472 5313 ἡμῖν
1501 5241 1592 5295 τὸν
1636 5241 1736 5312 τῆς
1769 5239 1902 5294 ὐπο-

387 5357 436 5390 "
474 5354 615 5410 Psal.
644 5371 752 5422 Liv,
789 5356 840 5412 7.

388 5446 505 5521 (_77)
535 5448 1018 5521 Πετασθήσομαι.
1056 5447 1211 5504 Unus
1233 5447 1436 5521 Regius
1465 5448 1639 5504 codex
1674 5465 1704 5502 a
1737 5447 1902 5503 Com-

315 5519 514 5590 beiisio
547 5519 749 5590 citatus
778 5518 1210 5590 πετανθήσομαι.

390 5588 504 5676 ςιε)
544 5587 750 5658 Ἠμᾶς.
808 5589 940 5662 Reg.
991 5587 1268 5646 secundus
1300 5598 1355 5645 et
1403 5589 1570 5646 Coisl.
1623 5587 1902 5645 secundus

316 5661 504 5802 ήμξέθ)
534 5731 692 5800 Πρὸς
723 5731 1107 5800 παραίτησιν.
1151 5729 1228 5784 Ita
1264 5747 1355 5786 sex
1405 5747 1539 5789 mss.
1575 5731 1720 5787 Editi
1764 5730 1900 5801 πρὸς

639 5827 911 5888 Ρηιιοι..
955 5827 1072 5887 GI.
1111 5826 1381 5888 XXXII.

2005 4519 2328 4584 praesentem
2393 4510 2751 4566 alllictionum
2821 4509 3068 4565 dolorem
3137 4510 3399 4581 perferre.
3457 4509 3584 4566 Sive

2001 4604 2147 4658 enim
2200 4609 2550 4673 peccatorum
2594 4601 2862 4656 solvimus
2910 4614 3127 4670 pinnas,
3177 4599 3453 4656 suﬂiciunt
3482 4599 3576 4654 lia-

2000 4695 2140 4766 gella
2184 4693 2252 4748 ad
2297 4692 2647 4750 avertendam
2697 4693 2956 4764 deinceps
3001 4691 3098 4747 Dei
3147 4693 3203 4746 in
3250 4708 3353 4748 nos
3399 4694 3580 4758 iram;

2003 4787 2118 4841 sive
2150 4787 2216 4840 ad
2247 4785 2566 4842 suStinenda
2597 4799 2694 4856 pro
2728 4785 2932 4854 pietate
2962 4785 3265 4839 certamina
3292 4784 3378 4839 his
3406 4791 3584 4838 tenta-

2003 4875 2245 4932 tionibus
2284 4891 2570 4940 vocamur,
2611 4875 2801 4943 justus
2829 4882 2917 4929 est
2946 4874 3308 4928 certaminum
3352 4873 3580 4939 arbiter,

2001 4978 2063 5021 ut
2094 4982 2204 5021 non
2241 4967 2386 5022 sinat
2412 4965 2610 5022 tentari
2657 4980 2760 5020 nos
2803 4964 2945 5018 ultra
2984 4977 3149 5034 quam
3192 4961 3338 5017 ferre
3385 4977 3583 5031 possu-

1983 5039 2168 5114 'mus':
2195 5056 2291 5114 sed
2314 5058 2474 5114 nobis
2507 5056 2700 5112 reddat
2730 5070 2830 5126 pro
2854 5053 3100 5109 toleratis
3129 5053 3242 5122 jam
3275 5053 3579 5138 laboribus,

2004 5151 2281 5222 patientiae
2305 5161 2361 5207 et
2391 5151 2506 5222 spei
2541 5153 2596 5206 in
2627 5151 2808 5221 ipsum
2843 5157 3053 5209 nostra:
3079 5158 3364 5201 coronam.
3392 5145 3584 5216 Itaque

2003 5259 2075 5298 ne
2104 5241 2488 5316 defatigemur,
2519 5240 2788 5298 obeundis
2814 5254 2915 5312 pro
2937 5239 3139 5310 pietate
3163 5237 3582 5305 certaminibus,

2005 5454 2082 5494 πα
2120 5441 2348 5494 έκτισιν.

2075 5457 2188 5578 (ἕο)
2217 5507 2582 5578 Κεκλήμεθα.
2617 5505 2711 5578 Sic
2753 5503 2896 5578 ﬂed.
2918 5513 2986 5578 _et
3015 5502 3186 5578 Coisi.
3219 5504 3430 5574 primus
3457 5516 3583 5559 cum

2005 5575 2129 5638 aliis
2157 5575 2426 5652 quatuor.
2446 5578 2586 5652 Editi
2615 5575 2999 5652 βεϐαιούμεθα,
3029 5575 3417 5646 conﬁrmata."

2077 5659 2094 5677 ‘
2126 5647 2278 5708 Alias
2299 5649 2409 5706 LX.
2444 5647 2660 5721 Scripta
2685 5663 2830 5705 anno
2845 5647 2977 5704 375.

3228 5808 3298 5868 19
