3948 6214
303 310 431 366 539..

1231 291 1741 370 ἘΡιετοιΑιιυΜ
1780 312 2063 372 CLASSIS
2097 315 2165 370 ιι.
2199 312 2418 370 EPIST.
2456 311 2639 371 CXLI.

3449 312 3555 369 590

301 423 343 493 ἢ
377 423 648 495 memor,
679 425 718 495 ἦ
742 426 1072 481 ἀλλοιωτὸν
1101 426 1229 480 tor
1255 428 1393 482 Υἱὸν
1416 428 1524 484 τοῦ
1550 431 1720 494 Θεοῦ,
1749 431 1879 485 τού-

1985 428 2372 501 apparentihus
2399 466 2416 492 ,
2447 423 2991 482 anathematizando:
3017 439 3141 482 esse
3177 439 3274 481 eos
3297 464 3315 490 ,
3352 427 3446 495 qui
3462 425 3555 485 .di-

299 534 450 583 τους
480 517 882 599 θναθεματίζέι
936 518 975 586 ἠ
1023 519 1316 589 καθολικὴ
1356 522 1456 576 καὶ
1500 522 1876 592 ἀποστολικὴ

316 610 672 677 Ἐκκλησία.
724 610 1059 680 Πιστεύομεν
1092 609 1320 675 τούτοις.
1380 611 1596 682 Ἐπειδὴ
1646 611 1702 665 δὲ
1733 612 1878 666 ἀδιό-

307 700 490 770 ριστός
522 702 670 754 ἐστιν
694 701 724 752 ὁ
742 700 869 770 περὶ
893 699 986 753 τοῦ
1001 700 1156 769 ἁγίου
1191 701 1504 772 Πνεύματιρς
1530 702 1706 770 λόγος,
1725 701 1879 757 οὔπω

1982 510 2116 576 cunt
2136 531 2336 576 creata:
2362 535 2484 576 csse
2516 534 2581 573 ac
2603 518 2820 574 servilis
2856 526 3066 572 naturae
3111 518 3378 587 Spiritum
3433 531 3557 571 san~
3596 508 3599 513 ’

1992 621 2169 677 clum,
2201 615 2418 669 silentio
2454 613 2940 682 praetermiserunt.
2976 610 3120 665 Nihil
3153 611 3298 666 enim
3329 609 3555 665 omnino

1985 708 2040 764 in
2072 709 2255 763 divina
2287 724 2352 765 ac
2378 709 2534 761 beata
2571 706 2843 763 Triuitate
2872 717 3122 764 creatum
3153 716 3261 764 est.

301 792 428 845 τότε
470 790 580 845 τῶν
636 792 1101 862 πνευματομάχων
1147 793 1546 862 ἀναφανέντων,
1610 795 1670 848 τὸ
1735 798 1933 868 χρῆναι
1982 801 2475 873 ἀναθεματίζεσθαι
2517 804 2645 867 τοὺς
2688 801 2945 870 λέγοντας
2992 802 3093 871 τῆς
3139 802 3362 871 κτιστῆς
3414 795 3555 853 εἶναι

304 883 675 955 καίδουλικῆς
718 885 931 969 φὺσεως
953 886 1015 940 τὸ
1041 885 1266 958 Πνεῦμα
1302 888 1365 942 τὸ
1404 889 1561 957 ἅγιον
1595 890 1879 962 ἐσίγησαν.
1919 896 2085 949 Οὐδὲν
2150 896 2259 969 γὰρ
2327 896 2461 962 ὅλως
2499 898 2595 966 τῆς
2667 896 2817 962 θείας
2874 898 2971 951 καὶ
3016 897 3293 969 μακαρίας
3327 896 3553 968 Τριάδος

306 979 546 1033 κτιστύν.

802 1072 1148 1126 ΕΠΙΣΤΟΛΗ
1181 1072 1362 1128 ΡΜΑ’.

2342 1075 2507 1150 234
2543 1074 2881 1131 EPISTOLA
2916 1073 3117 1131 στιν.

304 1186 426 1237 Cum
449 1189 639 1255 questus
660 1182 827 1252 fuisse:
852 1184 1077 1255 Eusebius
1099 1186 1228 1255 quod
1257 1185 1468 1238 Basilius
1506 1186 1575 1238 ad
1612 1201 1664 1241 se
1705 1202 1800 1255 non
1822 1187 2029 1255 venisset
2046 1227 2059 1241 .
2083 1200 2288 1253 cumque
2306 1201 2415 1255 eum
2442 1189 2658 1255 hortatus
2698 1186 2867 1251 [uisset
2907 1188 3160 1255 adrerum
3204 1187 3556 1255 ecclesiastica:

368 1246 478 1315 sttui
514 1246 839 1315 defemiouept
864 1285 875 1299 .
899 1246 1114 1315 pulvilius
1150 1250 1411 1315 absentium
1442 1256 1601 1315 tuetur
1626 1251 1783 1315 morbi
1802 1246 2246 1315 exrusutionenés
2288 1247 2640 1315 eet-lesiasticqs
2666 1246 2759 1298 uim
2793 1262 2881 1299 sua
2913 1248 3057 1311 culpa
3083 1250 3382 1315 adversm-iis
3416 1251 3549 1315 tradi

365 1310 683 1377 deittpitstrut.
711 1308 794 1377 sed
830 1308 1167 1377 episroporuut
1208 1309 1299 1377 sibi
1324 1312 1650 1377 goutmmtioue
1676 1312 2066 1377 roujttuclorum,
2094 1308 2158 1359 ad
2176 1323 2310 1377 quos
2334 1319 2377 1377 et
2409 1309 2667 1377 Bosporius
2695 1322 2846 1377 nuper
2872 1308 3069 1358 accessu
3113 1313 3156 1361 Ν
3161 1318 3295 1377 ιιι-ναι
3311 1313 3556 1377 guarupdo

364 1383 456 1436 eos
470 1371 686 1419 hortatus
708 1367 798 1429 sit,
824 1367 934 1419 cum
955 1367 1019 1419 ad
1044 1372 1213 1421 urbem
1237 1368 1393 1435 ipsius
1418 1379 1570 1423 morte
1589 1367 1775 1424 audita'
1800 1367 2075 1432 venissent}
2096 1376 2182 1424 sed
2205 1367 2445 1435 'quert'tur,
2465 1367 2593 1435 quod
2620 1367 2783 1421 statuit
2798 1383 2857 1419 ac
2882 1378 3199 1433 recesserunt,
3217 1373 3282 1422 ad
3303 1367 3550 1436 ingenium

366 1432 584 1483 redeam.

552 1515 822 1578 Εὑσεϐίῳ
841 1555 855 1578 ,
892 1514 1203 1579 ἐπισκόπῳ
1240 1516 1623 1588 Σαμοσάτων.

375 1630 430 1683 1.
465 1628 762 1698 Ἔδεξάμην
790 1628 887 1699 ἤδη
919 1627 1013 1681 δύο
1052 1629 1344 1693 ἐπιστολὰς
1370 1630 1521 1702 παρὰ
1554 1630 1659 1700 τῆς
1690 1630 1876 1685 ἐνθέου

2282 1515 2531 1581 Eusebio,
2558 1514 2796 1583 episcopo
2815 1506 3248 1570 'Samosatomm.

2057 1632 2111 1686 1.
2144 1630 2263 1686 Jam
2292 1629 2431 1685 duas
2452 1631 2664 1685 litteras
2696 1628 2882 1700 accepi
2906 1642 2937 1682 a
2966 1627 3151 1683 divina
3181 1636 3275 1684 tua
3304 1637 3358 1685 et
3395 1628 3557 1686 abso.

302 1722 402 1776 καὶ
428 1720 771 1791 τελειοτάτης
799 1720 1112 1792 φρονήσεώς
1135 1737 1228 1774 σου
1253 1737 1267 1750 ·
1290 1716 1364 1774 ὧν
1387 1723 1417 1791 ἠ
1442 1722 1540 1792 μὲν
1566 1721 1879 1793 ὑπέγραψεν

1986 1723 2256 1779 lutissima
2295 1722 2606 1793 prudentia,
2635 1738 2869 1793 quarunt
2900 1737 3007 1776 una
3040 1721 3211 1777 nitide
3261 1722 3421 1779 nobis
3462 1722 3559 1777 do-

299 1813 439 1884 ήμῐν
490 1812 753 1883 ἐναργῶς,
795 1811 946 1874 ὅπως
979 1813 1075 1881 μὲν
1119 1811 1603 1883 προσεδοκήθημεν
1641 1814 1747 1866 ὑπὸ
1783 1812 1879 1867 τοῦ

299 1903 437 1958 λαοῦ
462 1903 557 1957 τοῦ
586 1902 692 1956 ὑπὺ
716 1902 816 1974 τὴν
853 1905 1010 1974 χεῖρα
1036 1904 1133 1973 τῆς
1163 1904 1440 1973 ὀσιότητός
1480 1920 1597 1966 σου,
1642 1905 1771 1959 ὅσον
1825 1904 1887 1959 δὲ

305 1996 659 2065 ἑλυπήσαμεν
691 1994 1108 2064 ἀπολειφθέντες
1154 1995 1253 2064 τῆς
1298 1995 1609 2066 ἁγιωτάτης
1641 1996 1885 2050 συνόδου.

311 2085 381 2140 Ἥ
408 2086 467 2140 δὲ
504 2085 685 2158 ἑτέρα,
721 2088 754 2157 ἡ
776 2085 1106 2157 παλαιοτέρα
1141 2086 1259 2157 μὲν,
1293 2087 1368 2151 ὡς
1385 2087 1587 2151 εἰκάζω
1603 2087 1680 2159 τῷ
1705 2088 1886 2159 γράμ-

305 2195 474 2249 ματι,
525 2178 753 2249 ὕστερον
820 2178 878 2233 δὲ
937 2180 1072 2249 ἡμῖν
1117 2177 1478 2243 ἀποδοθεῖσα,
1530 2179 1880 2234 διδασκαλίαν

303 2270 550 2337 περιεῖχε
605 2268 918 2340 πρέπουσάν
963 2285 1046 2321 σοι
1099 2269 1195 2322 καὶ
1245 2272 1375 2340 ἡμῖν
1427 2270 1754 2337 ἀναγκαίαν.
1806 2270 1883 2342 μὴ

300 2360 745 2433 καταρρᾳθυμεῖν
768 2359 875 2413 τῶν
907 2359 1240 2431 Ἐκκλησιῶν
1269 2359 1362 2414 τοῦ
1392 2358 1547 2425 Θεοῦ,
1581 2360 1715 2431 μηδὲ
1745 2361 1886 2414 κατά

305 2450 503 2521 μικρὸν
550 2449 835 2521 προΐεσθαι
881 2452 993 2512 τοῖς
1042 2450 1380 2514 ὑπεναντίοις
1429 2449 1501 2504 τὰ
1550 2450 1882 2521 πράγματα·

300 2541 400 2610 ἀφ’
452 2534 525 2594 ὧν
587 2540 657 2593 τά
704 2541 802 2611 μὲν
850 2542 1075 2595 ἐκείνων
1136 2540 1384 2612 αὐξήσει,
1447 2542 1515 2596 τὰ
1556 2543 1613 2596 δὲ
1644 2543 1885 2613 ἡμέτερα

306 2631 690 2702 μειωθήσεται.
736 2632 845 2685 Καὶ
903 2629 1059 2703 οἶμαι
1102 2632 1238 2704 πρὸς
1273 2632 1543 2704 ἑκατέραν
1588 2634 1885 2704 ἀποκεκρί-

304 2724 434 2778 σθαι
457 2742 470 2754 ·
520 2723 657 2795 πλὴν
692 2723 828 2778 ἀλλά
883 2725 978 2778 καὶ
1027 2724 1121 2778 νῦν
1158 2723 1368 2794 (ἐπειδὴ
1417 2723 1611 2794 ἄδηλον
1641 2724 1689 2775 εί
1718 2725 1767 2776 oi
1793 2741 1884 2776 πι-

304 2814 625 2878 στευθέντες
680 2815 777 2886 τὴν
830 2814 1105 2868 διακονίαν
1148 2815 1413 2869 διέσωσαν
1437 2813 1596 2886 ἡμῶν
1628 2814 1727 2877 τὰς
1751 2814 1886 2868 ἀπο-

303 2905 535 2975 κρίσεις)
583 2906 710 2977 περὶ
757 2904 866 2958 τῶν
917 2905 1095 2959 αὑτῶν
1155 2904 1563 2976 ἀπολογοῦμαι·
1616 2906 1751 2977 πρὸς
1786 2906 1885 2977 μὲν

302 2997 406 3069 τὴν
442 2997 725 3066 ἀπόλειψιν
789 2996 1162 3068 ἀληθεστάτην
1211 2996 1487 3067 πρόφασιν
1530 2996 1776 3068 γράφων,
1816 2989 1883 3067 ἧς
1909 3040 1952 3099 c

302 3083 463 3158 οἶμαι
488 3087 583 3157 τὴν
614 3088 783 3159 ἀκοὴν
825 3089 919 3141 καὶ
971 3088 1133 3159 μέχρι
1177 3087 1278 3158 τῆς
1319 3089 1416 3157 σῆς
1449 3086 1724 3158 ὁσιότητος
1769 3088 1884 3140 δια-

304 3178 620 3249 ϐεϐηκέναι,
653 3180 734 3233 ὅτι
768 3179 872 3231 ὑπὸ
920 3180 1232 3250 ἀρρωστίας
1270 3177 1627 3248 κατεσχέθην,
1651 3177 1747 3246 τῆς
1784 3176 1881 3249 μὲ-

302 3288 432 3343 χρις
469 3271 648 3325 αὑτῶν
677 3288 744 3341 με
781 3270 889 3325 τῶν
937 3270 1117 3323 πυλῶν
1151 3268 1242 3324 τοῦ
1278 3270 1508 3323 θανάτου
1545 3268 1885 3338 καταγαγού-

305 3380 430 3434 σης.
454 3365 562 3417 Καὶ
582 3364 662 3416 ἔτι
683 3363 776 3416 καὶ
803 3362 919 3427 νῦν,
948 3363 1112 3434 ἡνίκα
1143 3361 1473 3415 ἀπέστελλον
1503 3360 1630 3433 περὶ
1656 3361 1880 3428 τούτων,

299 3454 536 3525 λείψανα
580 3455 760 3527 φέρων
810 3454 908 3524 τῆς
955 3453 1266 3527 ἀρρωστίας
1302 3453 1561 3523 ἕγραρον.
1595 3454 1781 3509 Ταῦτα
1825 3456 1883 3509 δέ

303 3546 426 3600 ἔστι
459 3546 703 3609 τοιαῦτα,
745 3544 885 3600 ὥστε
934 3545 1184 3617 ἐξαρκεῖν
1247 3545 1420 3617 ἑτέρῳ
1457 3545 1745 3616 νοσήματα
1767 3543 1881 3616 (87)

303 3631 451 3691 εἶναι
480 3636 745 3707 δύσφορα.

375 3727 431 3786 2,
460 3728 600 3800 Πρὸς
628 3727 686 3780 δὲ
709 3727 788 3793 τὸ,
814 3727 895 3781 ὅτι
926 3726 986 3781 οὑ
1018 3725 1257 3799 ῥᾳθυμίᾳ
1274 3726 1517 3798 ἡμετέρᾳ
1537 3724 1605 3780 τὰ
1624 3725 1732 3779 τῶν
1755 3726 1881 3780 Ἐκ-

302 3818 547 3891 κλησιῶν
573 3822 682 3883 τοῖς
708 3802 969 3882 ἐναντίοις
1001 3818 1339 3887 προδέδοται,
1370 3817 1570 3871 εἰδέναι
1611 3817 1877 3889 βούλομαι

301 3912 406 3983 τὴν
431 3910 737 3965 θεοσέϐειαν
760 3928 876 3975 σου,
903 3912 985 3965 ὅτι
1012 3912 1061 3964 oi
1086 3911 1389 3963 κοινωνικοὶ
1417 3909 1577 3980 δῆθεν
1604 3912 1735 3981 ἡμῖν
1770 3911 1877 3963 τῶν

302 4003 638 4075 ἐπισκόπων,
668 4002 884 4073 ῆόκνῳ,
924 4001 957 4072 ἢ
991 4001 1068 4072 τῷ
1100 4002 1237 4074 πρὸς
1268 4002 1413 4072 ἡμᾶς
1447 4001 1704 4065 ὑπόπτως
1735 4000 1878 4071 ἔχειν

304 4093 389 4149 ἔτι
421 4096 515 4149 καὶ
551 4094 624 4165 μὴ
670 4092 1001 4165 καθαρῶς,ῆ
1032 4095 1097 4164 τῇ
1133 4092 1281 4162 παρά
1312 4090 1406 4145 τοῦ
1435 4090 1680 4144 διαϐόλου
1720 4093 1878 4160 ἐγγι-

303 4186 508 4258 νομένη
542 4186 675 4256 πρδς
695 4185 793 4247 τὰς
814 4183 1020 4252 ἀγαθὰς
1043 4184 1268 4255 πράξεις
1290 4181 1627 4246 ἐναντιώσει,
1646 4182 1870 4254 συνάρα-

306 4276 433 4331 σθαι
466 4276 572 4344 (88)
602 4278 731 4346 ἡμῖν
785 4276 885 4329 οὑκ
935 4274 1236 4345 ἀνέχονται.
1279 4273 1436 4327 Ἀλλά
1492 4274 1729 4344 σχήματι
1780 4273 1877 4344 μὲν

1984 1816 2278 1875 scribebat,
2313 1813 2591 1884 quomodo
2619 1828 2648 1866 a
2677 1812 2879 1883 populo
2910 1812 3014 1867 sub
3046 1805 3558 1868 nianu'sanctitatis

1984 1910 2092 1957 tua:
2140 1904 2442 1958 constituto
2483 1902 2783 1971 exspectati
2838 1900 3145 1965 fuerimus,
3181 1913 3560 1975 quantumque

1983 1995 2331 2051 intulerimus
2365 1995 2570 2050 doloris
2608 2009 2638 2047 a
2671 1995 3021 2049 sanctissimo
3052 2004 3321 2049 conventu
3353 1997 3557 2052 absen-

1982 2094 2087 2143 tes.
2126 2088 2310 2142 Altera
2343 2102 2492 2149 vero,
2528 2087 2810 2156 antiquior
2843 2086 3087 2156 quidem,
3126 2094 3185 2140 ut
3216 2102 3247 2141 e
3280 2088 3558 2159 scriptura

1984 2175 2252 2244 conjicio,
2288 2174 2384 2231 sed
2427 2176 2700 2245 posterius
2745 2175 2906 2230 nobis
2954 2175 3195 2238 reddita,
3226 2175 3558 2233 documenta

1983 2268 2298 2324 continebat
2322 2276 2377 2324 te
2412 2269 2577 2340 digna
2604 2274 2660 2323 et
2690 2267 2851 2322 nobis
2881 2270 3188 2324 necessaria
3209 2309 3224 2334 ,
3259 2277 3319 2323 nt
3362 2285 3429 2325 ne
3465 2268 3558 2325 Dei

1984 2357 2259 2415 Ecclesias
2288 2360 2652 2430 negligamus,
2679 2376 2816 2416 neve
2841 2360 3101 2430 paulatim
3129 2361 3345 2431 negotia
3362 2362 3558 2417 adver-

1985 2451 2147 2505 sariis
2168 2451 2469 2515 tradamus,
2506 2452 2652 2506 unde
2705 2468 2794 2507 res
2832 2467 3020 2506 eorum
3081 2460 3405 2522 augeantur.
3458 2469 3557 2507 no-

1985 2551 2113 2598 strae
2141 2556 2267 2595 vero
2310 2543 2644 2596 minuantur.
2676 2540 2755 2595 Ac
2782 2542 2911 2596 mihi
2938 2542 3155 2612 quidem
3200 2542 3389 2597 videor
3420 2548 3559 2597 utri-

1983 2649 2091 2703 que
2111 2631 2481 2703 respondisse,
2528 2633 2620 2689 sed
2648 2640 2832 2689 tamen
2872 2634 3037 2688 etiam
3083 2648 3228 2687 nunc
3260 2633 3554 2703 (siquidem

1985 2722 2251 2778 incertum
2274 2730 2358 2779 est
2386 2739 2456 2778 an
2486 2724 2519 2778 ii
2551 2725 2754 2794 quibus
2786 2724 2887 2779 hoc
2911 2724 3276 2779 ministerium
3304 2727 3557 2782 commis-

1985 2830 2105 2871 sum
2132 2814 2329 2875 fuerat.
2366 2830 2633 2885 responsa
2660 2824 2849 2871 nostra
2876 2816 3243 2887 servaverint)
3276 2816 3343 2870 de
3363 2816 3558 2871 iisdem

1984 2922 2206 2962 causam
2240 2907 2394 2962 dico:
2433 2908 2578 2977 quod
2611 2908 2830 2978 quidem
2877 2906 2944 2963 ad
2992 2907 3294 2963 absentiam
3340 2909 3557 2970 attinet.

1984 2999 2396 3053 excusationem
2429 2999 2773 3054 verissimam
2809 2999 3059 3055 scribens
3084 3039 3101 3065 ,
3147 3001 3308 3071 cuius
3358 3000 3556 3056 fatuam

1984 3090 2150 3143 etiam
2177 3105 2354 3159 usque
2386 3090 2451 3144 ad
2482 3098 2629 3144 luant
2657 3091 3003 3147 sanctitatem
3035 3095 3352 3162 pervenisse
3380 3102 3515 3165 puto
3542 3115 3554 3148 :

1984 3181 2128 3252 quod
2161 3183 2351 3236 morbo
2378 3182 2631 3237 detentus
2663 3182 2860 3238 fuerim
2882 3223 2896 3246 .
2927 3184 3021 3255 qui
3058 3200 3143 3239 me
3169 3201 3343 3256 usque
3371 3187 3436 3241 ad
3479 3188 3556 3257 ἱνα

1984 3288 2077 3328 sas
2109 3274 2302 3328 mortis
2324 3272 2523 3340 jannas
2567 3273 2839 3344 perduxit.
2874 3273 2985 3329 Imo
3026 3276 3188 3330 ctiam
3231 3292 3378 3331 nunc
3424 3292 3551 3332 cum

1983 3363 2050 3420 de
2099 3364 2183 3421 his
2230 3366 2566 3428 scriberem,
2615 3364 2792 3419 adhuc
2836 3364 3019 3421 ferens
3066 3366 3241 3421 morbi
3297 3367 3556 3438 reliquias

1984 3456 2312 3513 scribebam.
2343 3455 2436 3511 Ha:
2468 3464 2648 3510 autem
2681 3464 2809 3512 sunt
2839 3457 3134 3524 ejusmodi,
3167 3466 3225 3512 ut
3250 3457 3405 3513 alteri
3431 3473 3541 3530 pos-

1984 3547 2097 3601 sint
2118 3563 2240 3604 esse
2269 3548 2497 3603 morbus
2531 3548 2595 3602 ad
2628 3546 2910 3603 ferendum
2931 3547 3183 3605 dillicilis.

2052 3723 2108 3778 2.
2134 3721 2292 3789 Quod
2322 3730 2505 3778 autem
2542 3737 2650 3778 non
2681 3735 2868 3778 nostra
2903 3723 3133 3795 segnitie
3163 3739 3254 3780 res
3277 3720 3553 3781 Ecclesia-

1982 3829 2106 3870 rum
2139 3815 2470 3872 adversariis
2497 3816 2711 3870 traditae
2746 3823 2903 3879 sunt,
2941 3815 3044 3868 ilOC
3080 3815 3264 3884 pietati
3303 3823 3407 3870 tua:
3436 3830 3553 3884 per-

1984 3918 2231 3975 spectum
2266 3922 2390 3962 esse
2420 3907 2545 3961 volo
2570 3946 2585 3970 ,
2634 3908 2925 3976 episcopos
2965 3905 3126 3961 nobis
3171 3910 3553 3962 communione

1981 3986 2337 4064 coiijunctos.
2366 3997 2480 4050 sive
2517 3996 2802 4057 socordia.
2833 3996 2946 4050 sive
2973 3994 3117 4065 quod
3158 3996 3335 4050 adhuc
3370 3997 3551 4065 suspi-

1980 4085 2136 4138 cioso
2168 4084 2222 4137 in
2253 4099 2354 4139 nos
2385 4099 2485 4138 nec
2517 4099 2655 4153 puro
2678 4083 2855 4138 aﬂ‘ecti
2886 4093 3014 4138 sunt
3040 4085 3258 4148 animo,
3290 4086 3405 4140 sive
3436 4086 3551 4141 dia-

1984 4175 2111 4231 bolo
2136 4175 2295 4232 honis
2326 4178 2583 4244 operibus
2613 4178 2887 4233 obstante.
2943 4192 3099 4232 suam
3143 4177 3301 4233 nobis
3331 4194 3552 4248 operam

1981 4277 2242 4338 pra-stare
2272 4272 2433 4325 nolle.
2470 4270 2574 4324 Sed
2600 4272 2780 4340 specie
2810 4271 3029 4340 quidem
3066 4271 3251 4341 plures
3280 4273 3422 4327 inter
3452 4287 3553 4326 nos

302 4368 467 4439 δῆθεν
496 4370 546 4422 οἱ
570 4369 785 4432 πλείους
830 4368 996 4438 ἐσμὲν
1035 4369 1151 4437 μετ’
1184 4366 1448 4437 ἀλλήλων,
1493 4367 1879 4438 προστεθέντος

1985 4361 2366 4431 conjungimur
2391 4402 2405 4425 ,
2438 4362 2700 4431 adjuncto
2731 4363 2890 4416 nobis
2919 4371 2973 4417 et
3001 4363 3207 4433 optimo
3248 4364 3548 4435 Bosporio:

305 4459 439 4527 ἡμῖν
480 4460 573 4512 κα)⁸
620 4458 713 4512 τοῦ
765 4459 1002 4531 χρηστοῦ
1049 4459 1374 4529 Βοσπορίου·
1409 4457 1637 4530 ἀληθείᾳ.
1662 4458 1719 4511 δὲ
1742 4460 1878 4530 πρὶς

303 4549 457 4602 οὐδὲν
483 4552 610 4620 ἡμῖν
658 4548 768 4602 τῶν
831 4550 1273 4618 ἀναγκαιοτάτων
1320 4547 1659 4618 συναίρονται
1680 4565 1695 4580 ·
1735 4547 1876 4602 ὥστε

309 4656 380 4711 με
405 4643 501 4693 καὶ
542 4641 647 4693 ὑπὸ
686 4640 784 4709 τῆς
825 4640 1062 4711 ἀθυμίας
1108 4641 1310 4710 ταύτης
1336 4639 1398 4692 τὸ
1421 4638 1671 4692 πλεῖστον
1710 4638 1877 4709 μέρος

305 4732 445 4801 πρὸς
484 4730 585 4801 τὴν
631 4730 896 4801 ἀνάληψιν
947 4730 1350 4801 ἐμποδίζεσθαι,
1388 4727 1625 4799 συνεχῶς
1657 4744 1746 4798 μοι
1768 4729 1876 4781 τῶν

303 4824 753 4901 ἀρρωστημάτων
791 4824 856 4875 ὲκ
892 4823 990 4892 τῆς
1021 4822 1254 4892 σφοδρᾶς
1301 4820 1477 4889 λύπης
1509 4821 1880 4892 ἀποστρεφόν-

302 4930 434 4968 των.
465 4914 532 4966 Τί
590 4913 634 4968 δ’
663 4912 729 4967 ἂν
763 4913 1051 4984 ποιήσαιμι
1109 4913 1267 4983 μόνος
1287 4911 1420 4981 (89),
1451 4909 1560 4963 τῶν
1608 4910 1873 4973 κανόνων,

376 5068 490 5141 (87)
529 5066 1232 5141 Ἐζέρῳηνοσήμαςαπῐιςι
1268 5064 1446 5141 iiari.,
1493 5061 1657 5141 Diod,
1701 5063 1872 5141 coisl.

304 5132 539 5211 primus,
571 5132 721 5211 Vat”:
745 5132 982 5192 Clarum.
1013 5137 1156 5191 Etliti
1192 5136 1393 5206 ἑτέρων
1422 5134 1706 5205 νοσήματι.
1738 5132 1877 5189 Non-

304 5209 1127 5284 ἰιιιιίὶ-ιιιεε.ὲτέρεεχνοσήματι.
1340 5274 1353 5284 _
1438 5274 1449 5284 .
1519 5271 1532 5284 .
1598 5272 1610 5284 .
1738 5270 1774 5284 υ

375 5281 488 5347 (88)
519 5270 918 5345 Συνάρὰσθαι.
959 5270 1048 5331 ’Ῐιιι
1094 5285 1207 5331 tres
1236 5271 1613 5347 antiquissimi
1653 5270 1874 5329 codices

303 5365 428 5406 cum
458 5344 706 5419 pluribus
736 5349 879 5419 aliis.
909 5347 1053 5403 Editi
1089 5344 1457 5419 συναίρεσθαι.

376 5416 489 5487 (89)
536 5419 752 5483 Μόνος.
797 5416 920 5472 Haec
970 5431 1073 5470 vox
1130 5416 1313 5470 addita
1360 5430 1436 5487 ert
1476 5419 1682 5481 septem
1733 5424 1871 5466 mss.

300 5483 555 5564 Capones
597 5489 740 5564 illos.
774 5490 867 5564 qui
902 5488 1162 5564 apostolis
1206 5487 1368 5564 aiiicti
1411 5483 1583 5564 fuere.
1618 5496 1874 5564 n‘onnunw

302 5576 466 5630 qnam
500 5559 633 5612 citat
664 5548 899 5613 Basilius
926 5548 993 5630 ἱίιΔ
1014 5555 1275 5630 Epistolis
1306 5553 1609 5630 canonicis.
1643 5548 1874 5630 Videtur

301 5619 406 5685 lioc
449 5631 579 5702 loco
617 5630 889 5702 respicere
931 5626 998 5681 ad
1051 5619 1371 5695 vigesimum
1425 5624 1740 5702 septimum,
1777 5619 1875 5702 ubi

300 5691 725 5772 pnescribitor,’
751 5704 811 5753 ut
842 5699 896 5753 in
944 5691 1268 5767 unaquaque
1300 5691 1579 5766 provincia
1628 5691 1874 5779 episcopi

1980 4457 2036 4503 at
2070 4465 2257 4505 revera
2293 4452 2496 4506 nullam
2528 4452 2594 4505 ad
2630 4467 2741 4508 rem
2772 4467 2841 4508 ex
2876 4454 2982 4520 Itis,
3010 4470 3130 4524 quae
3161 4458 3396 4511 maxime
3424 4466 3553 4512 sunt

1978 4543 2321 4603 necessariae.
2357 4557 2457 4598 nos
2501 4543 2793 4614 adjuvant:
2842 4544 2917 4599 ita
2949 4553 3008 4599 ut
3037 4547 3271 4601 maxima
3302 4562 3364 4601 ex
3398 4557 3552 4616 parte

1976 4632 2093 4687 haec
2120 4634 2288 4688 animi
2326 4635 2505 4690 obstet
2543 4636 2841 4706 aegritudo,
2875 4638 3170 4706 quominus
3212 4638 3357 4692 vires
3388 4653 3553 4692 resu—

1976 4738 2121 4778 mam
2147 4764 2160 4787 ,
2192 4727 2537 4781 continenter
2572 4728 2701 4779 mihi
2745 4729 2951 4782 morbis
2980 4744 3046 4781 ex
3077 4728 3381 4782 vehementi
3412 4742 3551 4781 inm-

1976 4828 2104 4869 rore
2137 4816 2512 4873 redeuntibus.
2545 4818 2688 4884 Quid
2715 4827 2895 4872 autem
2927 4821 3077 4873 solus
3114 4818 3290 4874 facere
3317 4819 3546 4888 possim,

1977 4904 2413 4977 quandoquidem
2440 4923 2701 4973 canones,
2733 4916 2791 4963 ut
2821 4919 2872 4964 et
2897 4909 3013 4979 ipse
3045 4924 3150 4963 non
3182 4910 3423 4980 ignoras,
3452 4911 3547 4964 uni

1976 5061 2112 5134 nihil
2144 5062 2369 5132 majoris
2399 5065 2477 5120 rei
2506 5065 2773 5134 incipiant
2809 5063 2926 5118 sine
2948 5063 3215 5119 sententia
3247 5061 3417 5122 illius.
3450 5065 3544 5134 qui

1974 5132 2119 5186 inter
2144 5147 2238 5188 eos
2264 5136 2494 5204 primus.
2521 5151 2585 5188 ac
2618 5132 2992 5204 unusquisque
3022 5134 3089 5188 iis
3127 5143 3420 5188 contentus
3453 5132 3546 5195 sit,

1973 5217 2096 5273 quae
2146 5204 2213 5256 ad
2266 5208 2558 5273 parmciam
2607 5220 2760 5258 suam
2815 5204 3247 5273 pertinentzsed
3296 5219 3398 5258 nec
3460 5207 3549 5258 ille

1975 5272 2183 5342 absque
2226 5272 2470 5328 omnium
2519 5278 2797 5328 voluntate
2838 5273 3136 5342 quidquam
3187 5272 3374 5342 faciat.
3414 5273 3549 5326 Erat

1972 5339 2214 5414 Basilius
2265 5345 2429 5414 hujus
2475 5346 2703 5399 canonis
2756 5339 3087 5414 observandi
3129 5341 3435 5405 studiosus.
3492 5352 3548 5398 et

1973 5410 2224 5481 quamvis
2258 5410 2498 5468 nominis
2524 5414 2664 5467 fama
2692 5419 2746 5467 et
2776 5412 2923 5468 sedis
2946 5412 3212 5480 dignitate
3245 5414 3542 5482 plurimum

1973 5489 2181 5553 posset,
2210 5498 2490 5555 nunquam
2513 5485 2583 5539 ab
2610 5498 2677 5539 eo
2701 5483 3104 5538 communionis
3136 5485 3539 5539 restitutionem

2043 5633 2063 5652 ‘
2090 5628 2234 5683 Alias
2264 5621 2507 5681 CCLXII.
2543 5621 2756 5695 Scripta
2786 5636 2930 5678 anno
2954 5620 3079 5676 575.
3250 5561 3543 5625 ¹¹¹¹ρυιταω
