3948 6214
350 338 445 393 591

1650 321 1707 376 s.
1751 305 1994 374 mm:
2036 313 2250 370 mem

3499 313 3606 368 593

350 455 656 512 ministeria
711 451 982 522 ejusmodi
1041 464 1149 503 non
1206 444 1572 502 concedunt?
1624 441 1744 498 Jam
1799 453 1928 495 vero

2066 450 2108 499 »ς
2131 435 2226 488 καὶ
2268 432 2431 497 αὐτὸς
2459 427 2628 496 οἶδας,
2660 431 2740 485 ἐνὶ
2779 431 2877 495 τὰς
2903 429 3154 493 τοιαύτας
3186 428 3500 499 οἰκονομίας
3533 430 3611 500 μὴ

349 547 626 618 quodnam
675 543 981 599 remedium
1019 555 1129 596 non
1175 539 1438 594 adhibui?
1465 535 1751 604 Quodnam
1774 531 1926 602 judi-

351 640 498 694 cium
529 638 666 708 ipsis
699 651 806 689 non
840 633 1091 689 revocavi
1127 633 1182 686 iu
1215 629 1573 695 memoriam,
1605 625 1798 698 partim
1831 637 1928 693 per

352 732 590 790 litteras,
645 728 840 798 partim
895 738 1019 778 cum
1073 738 1259 777 coram
1309 719 1592 790 congressi
1641 713 1932 772 essemus?

352 823 632 878 Venerunt
660 823 804 875 enim
846 827 901 872 et
933 831 1108 886 usque
1142 815 1208 870 ad
1241 813 1434 869 urbem
1457 854 1470 879 ,
1501 811 1688 866 audito
1737 806 1930 862 mortis

354 931 487 970 mea:
513 917 727 969 nuntio.
773 910 878 965 Sed
905 911 1033 979 quia
1060 905 1172 964 Deo
1209 909 1384 962 visum
1408 918 1512 968 est,
1545 915 1605 960 ut
1631 921 1717 960 me
1748 905 1931 958 vivum

354 1003 844 1075 deprehenderent,
882 1016 997 1061 eos,
1035 1007 1095 1054 ut
1128 1015 1227 1069 par
1259 1004 1402 1061 erat,
1455 1013 1576 1052 sum
1641 996 1930 1049 allocutus.

354 1099 433 1153 Ac
470 1105 790 1168 praesentem
825 1095 1044 1169 quidem
1078 1102 1400 1147 reverentur
1425 1131 1440 1155 .
1479 1099 1532 1146 et
1579 1089 1762 1144 omnia
1789 1101 1937 1157 quae-

294 1201 313 1227 \
356 1203 571 1258 cunque
602 1186 761 1240 ollicii
793 1194 922 1241 sunt
947 1184 1275 1255 pollicentur
1313 1202 1326 1238 :
1375 1192 1430 1236 at
1469 1181 1634 1236 simul
1665 1187 1726 1233 ut
1757 1191 1938 1234 recesv

357 1289 573 1343 serunt,
601 1279 799 1333 iterum
835 1284 1128 1332 recurrunt
1153 1275 1220 1329 ad
1253 1289 1408 1330 suam
1445 1275 1688 1343 ipsorum
1725 1278 1942 1324 senten-

357 1373 510 1428 tiam.
546 1371 605 1426 In
634 1373 722 1426 his
772 1385 874 1425 nos
915 1383 1136 1439 quoque
1176 1366 1488 1421 communis
1536 1378 1717 1418 rerum
1763 1373 1942 1421 status

360 1466 656 1535 participes
701 1478 914 1525 sumus,
965 1460 1196 1514 Domino
1235 1458 1396 1528 235
1437 1457 1612 1524 palam
1655 1472 1755 1511 nos
1789 1457 1943 1512 dese-

360 1565 534 1620 rente,
555 1571 788 1627 quorum
811 1554 1052 1608 cbaritas
1073 1552 1143 1606 ob
1164 1551 1576 1620 multiplicatam
1602 1549 1943 1619 iniquitatem

362 1649 596 1704 refrixit.
650 1645 752 1702 Sed
795 1646 955 1701 nobis
989 1645 1058 1699 ad
1101 1644 1286 1698 omnia
1333 1641 1566 1698 sufficiat
1610 1655 1806 1711 magna
1852 1647 1946 1695 tua

364 1754 428 1794 ac
455 1739 835 1810 potentissima
868 1737 1010 1807 apud
1043 1734 1213 1790 Deum
1238 1734 1569 1805 deprecatio.
1603 1730 1768 1786 Forte
1799 1733 1945 1788 enim

2031 525 2492 599 συγχωρούντων;
2527 527 2718 579 Καίτοι
2771 525 2892 578 τίνα
2931 522 3230 595 θεραπείαν
3276 521 3377 574 οὐκ
3417 521 3612 592 ἐθερά-

2029 637 2205 674 πευσα
2233 636 2246 685 ;
2277 619 2438 672 Ποίου
2467 618 2731 690 κρίματος
2759 617 2956 680 αὐτοὺς
2980 617 3079 668 οὐκ
3108 613 3391 684 ἀνέμνησα
3412 611 3482 666 τὰ
3515 615 3616 683 μὲν

2028 713 2115 766 διά
2135 711 2498 784 γραμμάτων,
2527 710 2592 762 τὰ.
2611 709 2666 762 δέ
2692 711 2786 764 καὶ
2813 707 2902 762 διὰ
2930 707 3029 777 τῆς
3059 706 3378 776 συντυχίαςς
3408 699 3617 757 Ἦλθον

2030 807 2138 877 γὰρ
2189 804 2473 875 καὶμέχρι
2533 802 2632 872 τῆς
2688 802 2916 864 πόλεως,
2959 799 3103 854 κατά
3142 799 3312 870 ἀκοὴν
3358 796 3452 851 τοῦ
3481 795 3618 868 ἐμοῦ

2032 897 2286 952 θανάτου.
2336 896 2491 949 Ἐπεὶ
2532 896 2590 948 δέ
2621 895 2764 959 ἔδοξε
2800 895 2880 964 τῷ
2917 894 3035 965 Θεῷ
3069 893 3276 959 ζῶντας
3311 894 3459 964 ἡμᾶς
3485 891 3618 962 παρ’

2033 990 2213 1044 αὐτῶν
2243 987 2675 1058 καταληφθῆναι,
2702 987 3056 1058 διελέχθημεν
3092 988 3276 1050 αὐτοῖς
3301 986 3370 1039 τά
3405 985 3620 1038 εἰκότα.

2035 1081 2146 1134 Καὶ
2201 1079 2447 1151 παρόντα
2490 1079 2587 1149 μὲν
2623 1076 2917 1142 αἱδυῦνται,
2967 1077 3060 1130 καὶ
3111 1074 3504 1146 ὑπισχνοῦνται
3551 1073 3624 1124 τὰ

2037 1173 2221 1226 εἰκότα
2281 1172 2494 1225 πάνταο
2556 1169 2974 1239 ἀπολειφθέντες
3025 1169 3083 1222 δέ
3141 1167 3307 1221 πάλιν
3352 1165 3493 1236 πρὸς
3524 1163 3628 1234 τὴν

2040 1265 2246 1319 ἐαυτῶν
2301 1263 2657 1335 ἀνατρέχουσι
2687 1261 2932 1332 γνώμην.
2971 1261 3158 1314 Ταῦτα
3193 1260 3286 1313 καὶ
3326 1259 3489 1329 ἡμεῖς
3524 1257 3628 1325 τῆς

2041 1357 2228 1427 κοινῆς
2281 1356 2672 1419 καταστάσεως
2715 1355 2824 1408 τῶν
2880 1354 3220 1425 πραγμάτων
3252 1349 3625 1418 ἀπολαύομεν,

2043 1446 2323 1518 προδήλως
2369 1444 2464 1498 τοῦ
2518 1443 2721 1516 Κυρίου
2787 1443 3244 1511 ἐγκαταλιπόντος
3297 1442 3466 1510 ἡμᾶς,
3497 1439 3630 1500 τοὺς

2042 1536 2132 1590 διὰ
2156 1535 2217 1588 τὸ
2246 1533 2619 1603 πληθυνθῆναι
2646 1533 2742 1604 τὴν
2781 1533 3011 1604 ἀνομίαν
3047 1529 3315 1601 ψύξαντας
3343 1529 3440 1600 τὴν
3481 1530 3626 1596 ἀγά-

2046 1645 2173 1699 πην.
2243 1625 2405 1678 Ἀλλά
2460 1625 2596 1697 πρὸς
2639 1624 2817 1678 πάντα
2868 1627 2994 1695 ημῖν
3025 1623 3315 1693 ἀρκεσάτω
3349 1623 3383 1692 ὴ
3417 1619 3633 1692 μεγάλη

2049 1734 2141 1775 σου
2175 1722 2270 1775 καὶ
2301 1720 2648 1790 δυνατωτάτη
2683 1719 2820 1790 πρὸς
2858 1719 2989 1772 Θεὸν
3020 1719 3215 1771 ἱκεσία.
3241 1716 3394 1786 Τάχα
3422 1716 3532 1786 γὰρ
3563 1713 3635 1767 ἂν

366 1805 469 1885 aut
487 1833 650 1887 rebus
699 1805 918 1900 aliquid
937 1828 1284 1899 proderimus
1305 1865 1318 1889 ,
1358 1831 1451 1879 aut
1493 1824 1540 1878 si
1569 1831 1758 1893 optato
1788 1823 1940 1878 exitu

2063 1815 2076 1887 ἦ
2114 1813 2408 1884 γενοίμεθά
2428 1831 2480 1866 τι
2501 1816 2612 1878 τοῖς
2645 1811 2934 1884 πράγμασι
2969 1811 3231 1881 χρήσιμοι
3264 1808 3398 1880 (90),
3426 1807 3486 1878 ἢ,
3549 1805 3633 1860 δι-

367 1925 706 1987 aberremus,
737 1920 1248 1976 condemnationem
1278 1917 1621 1988 effugiemus.

856 2158 1195 2217 EPISTOLA
1223 2157 1448 2214 CXLII‘.

2049 1906 2386 1976 αμαρτόντες
2438 1905 2548 1976 (91)
2591 1904 2700 1958 τῶν
2754 1902 3222 1973 σπουδαζομένων,
3245 1899 3512 1970 φύγοιμεν
3532 1896 3636 1969 τὴν

2051 1999 2396 2069 κατάκρισιν.

2555 2150 2903 2206 ΕΠΙΣΤΟΛΗ
2953 2150 3131 2204 PMB'.

1163 2273 1313 2335 Rogat
1338 2268 1551 2321 Basilius
1571 2275 1620 2319 ut
1645 2279 1914 2333 pauperum
1947 2265 2156 2330 hospitia
2179 2263 2488 2329 vectigalibus
2509 2263 2810 2316 eximantur.

829 2378 1151 2434 Numerario
1174 2377 1488 2446 praesidum.

441 2497 748 2555 Convocavi
773 2510 966 2550 omnes
1025 2495 1092 2548 ad
1125 2499 1454 2548 conventum
1504 2504 1647 2544 oeau
1696 2487 1951 2558 martyris

371 2589 666 2662 Eupsychii
698 2586 897 2641 fratres
935 2593 1159 2638 nostros
1190 2581 1614 2652 chorepiscopos
1636 2619 1650 2639 .
1685 2585 1744 2632 ut
1791 2585 1951 2632 notos

373 2683 609 2737 facerem
641 2677 890 2748 dignitati
931 2683 1058 2729 tuas.
1103 2671 1210 2727 Sed
1243 2673 1368 2742 quia
1401 2669 1645 2731 abfuisti,
1677 2683 1775 2737 per
1809 2668 1944 2722 litte-

373 2791 467 2830 ras
494 2788 591 2830 eos
614 2785 839 2826 necesse
863 2777 945 2824 est
977 2768 1171 2822 sistere
1201 2762 1499 2834 integritati
1523 2771 1645 2816 tuae.
1674 2761 1954 2830 Cognosce

377 2863 548 2935 igitur
582 2859 808 2915 fratrem
834 2859 1023 2921 istum,
1061 2855 1154 2926 qui
1191 2854 1389 2921 dignus
1421 2859 1504 2906 est
1533 2850 1605 2904 ob
1635 2849 1848 2904 Domini
1886 2850 1955 2902 ti-

374 2966 619 3007 morem.
658 2950 746 3004 cui
801 2957 892 3002 tua
925 2946 1212 3016 prudentia
1256 2943 1416 2996 fidem
1448 2941 1661 2995 habeat.
1699 2937 1766 2992 Et
1807 2955 1957 3010 quae-

377 3058 594 3112 cunque
621 3055 918 3112 pauperum
949 3052 1116 3092 causa
1163 3035 1230 3089 ad
1265 3042 1413 3088 tuam
1459 3033 1653 3088 bonam
1704 3032 1958 3086 volunta-

2400 2371 2784 2440 Νουμεραρίφ
2825 2370 3106 2440 ἐπάρχων
3141 2369 3274 2442 (92).

2125 2485 2438 2555 Συνήγαγον
2477 2484 2588 2551 (95)
2618 2483 2716 2554 μὲν
2748 2483 2958 2548 πάντας
2987 2485 3045 2537 ἐν
3075 2486 3139 2554 τῇ
3180 2485 3382 2556 συνόδῳ
3409 2483 3504 2538 τοῦ
3536 2503 3643 2556 μα-

2053 2578 2246 2649 καρίου
2274 2578 2548 2648 μάρτυρος
2573 2575 2844 2648 Εὺψυχίου
2873 2578 3000 2640 τοὺς
3029 2577 3291 2646 ἀδελφοὺς
3323 2577 3480 2649 ἡμῶν
3513 2579 3642 2642 τοὺς

2053 2669 2522 2740 χωρεπισκόπους,
2555 2665 2696 2720 ὥστε
2749 2668 3061 2738 γνωρίμους
3104 2668 3326 2739 ποιῆσαι
3369 2671 3435 2740 τῇ
3467 2673 3642 2741 τιμιό-

2059 2761 2182 2832 τητί
2209 2776 2301 2812 σου
2324 2774 2334 2788 '
2373 2759 2492 2811 ἐπεὶ
2515 2758 2569 2812 δὲ
2598 2757 2950 2831 ἀπελείφθης,
2968 2759 3055 2813 διὰ
3077 2761 3423 2832 γραμμάτων
3446 2763 3643 2827 αὐτοὺς

2059 2849 2355 2918 ἀναγκαῖόν
2413 2852 2528 2902 ἐστι
2593 2851 2969 2922 προσαχθῆναι
3026 2869 3120 2906 σου
3171 2856 3237 2924 τῇ
3319 2853 3641 2925 τελειότητι.

2059 2937 2300 3012 Γνώριζε
2339 2939 2518 2994 τοίνυν
2568 2941 2659 2996 τὸν
2686 2941 2913 3011 ἀδελφὸν
2957 2943 3128 3007 τόνδε,
3175 2943 3331 3008 ἄξιον
3382 2945 3511 2999 ὅντα
3549 2945 3646 3000 τοῦ

2063 3032 2414 3086 πιστεύεσθαι
2448 3034 2599 3106 παρὰ
2629 3034 2727 3106 τῆς
2753 3035 2852 3104 σῆς
2883 3037 3197 3106 φρονήσεως
3239 3035 3324 3090 διά
3361 3037 3454 3091 τὸν
3484 3038 3647 3107 φόϐον

376 3144 487 3191 tem
531 3135 801 3196 retulerit,
835 3133 883 3186 ei
934 3137 995 3184 ut
1039 3144 1229 3184 verum
1269 3125 1475 3181 dicenti
1514 3125 1755 3194 digneris
1795 3124 1951 3179 ﬁdem

2063 3123 2148 3177 τοῦ
2175 3125 2402 3196 Κυρίου.
2463 3124 2575 3177 Καὶ
2631 3125 2775 3198 άπερ
2809 3126 2875 3178 ἂν
2905 3125 3012 3178 τῶν
3046 3125 3276 3196 πτωχῶν
3299 3126 3486 3181 ’ἐνεκεν
3510 3129 3645 3183 ἀνα-

377 3227 601 3292 babere,
633 3231 798 3294 atque
821 3221 1106 3276 aﬂliclatos
1134 3234 1233 3290 pro
1266 3218 1410 3272 virili
1442 3217 1722 3286 adjuvare.
1755 3215 1952 3288 Digna-

377 3318 528 3373 bcris
553 3324 734 3372 autem
765 3313 957 3384 procul
996 3311 1163 3368 dubio
1191 3317 1246 3366 et
1279 3325 1579 3380 pauperum
1621 3309 1845 3364 domum
1883 3309 1951 3362 ad

378 3428 550 3486 pagos
584 3413 685 3484 ipsi
719 3412 1044 3466 commissos
1067 3409 1429 3479 pertinentem
1464 3405 1721 3469 invisere.
1749 3419 1814 3459 ac
1838 3420 1956 3459 orn-

380 3503 515 3559 nino
547 3501 902 3572 vectigalibus
948 3500 1212 3555 eximere.
1259 3495 1376 3551 Hoc
1419 3496 1564 3550 enim
1609 3495 1724 3565 jam
1757 3503 1814 3550 et
1860 3504 1957 3551 tuo

382 3594 606 3663 collegae
627 3591 802 3646 visum
837 3597 920 3644 est
937 3591 1190 3662 exiguam
1223 3601 1520 3659 egenorum
1551 3589 1955 3657 possessionem

381 3683 608 3740 tributis
630 3683 892 3737 eximere.

875 4012 1218 4070 EPISTOLA
1254 4013 1528 4070 CXLlll".

2058 3215 2200 3289 φέρῃ
2231 3232 2324 3268 σου
2353 3217 2420 3286 τῇ
2463 3216 2640 3287 ἀγαθῇ
2673 3217 3010 3291 προαιρέσει,
3050 3218 3386 3284 καταξέωσον
3417 3220 3496 3283 ὡς
3524 3219 3649 3291 ἀλη-

2058 3304 2267 3359 θεύοντι
2337 3305 2652 3374 πείθεσθαι,
2708 3309 2803 3363 καὶ
2852 3308 2952 3380 τὴν
3016 3309 3248 3381 δυνατὴν
3319 3313 3648 3382 ἐπικουρίαν

2059 3396 2392 3467 παρέχεσθαι
2414 3401 2525 3462 τοῖς
2549 3399 3059 3471 καταπονουμένοις.
3079 3399 3451 3465 Καταξιὼσεις
3469 3403 3527 3455 δέ
3551 3403 3650 3472 δη-

2059 3488 2232 3542 λονότι
2249 3490 2342 3542 καὶ
2363 3491 2780 3560 πτωχοτροφίαν
2801 3493 2900 3563 τῆς
2924 3494 3230 3565 συμμορίας
3256 3495 3357 3565 τῆς
3374 3495 3466 3548 ὑπ’
3488 3495 3650 3548 αὑτδν

2062 3579 2480 3650 ἐπισκέψασθαι,
2529 3583 2624 3635 καὶ
2672 3583 2848 3650 πάντη
2905 3585 3115 3638 ἀνεῖναι
3173 3585 3274 3656 τῆς
3314 3586 3647 3651 συντελείας.

2066 3669 2239 3726 Τοῦτο
2299 3671 2409 3744 γὰρ
2441 3672 2544 3745 ήδη
2594 3676 2692 3726 καὶ
2729 3658 2814 3745 ’τῷ
2861 3675 3063 3747 ἑταίρῳ
3103 3692 3196 3729 σου
3243 3679 3514 3749 συνήρεσε
3551 3680 3650 3751 τὴν

2070 3765 2274 3835 μικρὰν
2322 3765 2516 3836 κτῆσιν
2572 3766 2681 3820 τῶν
2731 3770 2979 3841 πενήτων
3033 3770 3453 3843 ἀλειτούργητον
3493 3791 3655 3829 arata-

2068 3873 2283 3927 στησαι.

2570 4019 2913 4076 ΕΠΙΣΤΟΛΗ
2951 4023 3128 4080 ΡΜΓ.

1552 4124 1695 4176 Idem
1719 4123 1835 4189 petit
1855 4125 1916 4176 ab
1943 4123 2097 4177 altera
2117 4128 2420 4180 numerario.

905 4237 1076 4292 Alteri
1111 4237 1433 4291 numerario.

459 4355 586 4409 Mihi
609 4353 825 4425 quidem
855 4354 901 4408 si
918 4354 1102 4408 liceret
1129 4352 1446 4421 dignitatem
1469 4360 1619 4405 tuam
1645 4352 1960 4415 convenire,

2543 4241 2752 4310 Ἑτέρῳ
2803 4243 3188 4312 νουμεραρίῳ.

2140 4355 2204 4408 Et
2234 4353 2332 4424 μὲν
2355 4355 2506 4426 αὑτῷ
2535 4373 2624 4426 μοι
2647 4359 2872 4410 δυνατὸν
2891 4373 2960 4428 ην
2983 4359 3351 4428 συμπαρεῖναι
3379 4359 3444 4428 τῇ
3471 4357 3651 4428 τιμιό-

389 4465 488 4520 per
533 4463 620 4502 me
651 4447 768 4516 ipse
809 4461 1038 4515 prorsus
1082 4445 1394 4500 retulissem
1436 4444 1638 4514 quibus
1686 4443 1754 4499 de
1796 4444 1951 4500 rebus

2065 4446 2188 4518 τητί
2228 4463 2342 4510 σου,
2386 4446 2455 4499 δι’
2489 4447 2728 4517 ἐμαυτοῦ
2773 4448 2839 4501 ἂν
2871 4449 3089 4512 πάντως
3121 4450 3395 4520 ἀνήνεγκα
3418 4451 3548 4522 περὶ
3577 4443 3652 4504 ὧν

391 4542 659 4597 sollicitus
681 4554 822 4600 sum,
852 4549 902 4592 el
934 4537 1257 4591 aﬂlietorum
1287 4536 1662 4592 defensionem
1693 4539 1966 4608 suscepis-

391 4651 527 4690 sem.
557 4632 663 4687 Sed
693 4646 816 4684 cum
847 4646 934 4685 me
963 4631 1210 4699 corporis
1245 4629 1459 4682 infirma
1491 4630 1743 4684 valetudo
1770 4645 1834 4683 ac
1867 4647 1960 4686 ne-

391 4727 664 4795 gotiorum
709 4722 1097 4792 impedimenta
1145 4719 1451 4782 retrahant,
1501 4721 1611 4775 mei
1649 4720 1769 4774 loco
1816 4720 1963 4776 hunc

393 4815 612 4871 fratrem
643 4811 1099 4882 chorepiscopum
1131 4809 1230 4864 tibi
1261 4809 1604 4873 commendo,
1631 4817 1692 4862 ut
1722 4809 1770 4863 ei
1800 4823 1962 4866 aures

395 4971 687 5041 impetrare
731 4973 1030 5041 potuerunt
1063 4963 1302 5041 Marcelli
1349 4961 1627 5041 discipuli,
1675 4972 1963 5041 antequam

393 5033 534 5096 Petri
556 5033 908 5093 Alexandrini
930 5035 1229 5089 auctoritas
1256 5033 1580 5086 acressisset
1614 5050 1626 5085 :
1655 5041 1709 5086 et
1743 5049 1866 5086 cum
1899 5035 1968 5088 ab

391 5113 661 5181 episc0pis
695 5111 749 5162 in
784 5107 1071 5161 Palaestina
1106 5103 1485 5158 exsulantibus
1512 5119 1618 5181 non
1649 5112 1967 5181 exspectato

394 5173 624 5235 aliorum
676 5181 1386 5248 episcoporum__conseusu
1425 5174 1672 5248 restituti
1713 5173 1964 5248 fuissent,

394 5252 592 5304 factum
609 5243 836 5302 moleste
859 5243 982 5300 tulit
998 5256 1048 5299 ιιι
1069 5245 1235 5314 libere
1266 5243 1636 5312 reprehendit,
1656 5247 1820 5314 epist.
1836 5244 1962 5299 265.

463 5327 483 5344 '
519 5319 670 5375 Alias
708 5315 1066 5372 CCCCXVIII.
1101 5313 1316 5384 Scripta
1346 5328 1492 5366 auiio
1523 5314 1648 5369 575.

466 5391 502 5413 “
524 5390 674 5442 Alias
703 5386 1019 5442 CGCCXIX.
1061 5385 1274 5454 Scripta
1307 5399 1452 5438 anno
1481 5384 1605 5438 575.

463 5459 576 5528 (90)
614 5460 924 5528 Χρήσιμοι.
958 5456 1269 5528 lsi-ﬁgendum
1293 5465 1424 5525 puto
1447 5455 1742 5525 χρήσιμον,
1775 5465 1834 5509 ut
1853 5455 1966 5525 jam

393 5527 678 5582 obServavi
707 5529 773 5582 ad
808 5533 948 5596 epist
979 5527 1066 5579 7‘2.

465 5599 575 5667 (9|)
616 5594 1061 5667 Διαμαρξόντες.
1109 5594 1184 5647 Ita
1219 5594 1463 5664 quinque
1493 5610 1637 5667 _mss.
1691 5594 1829 5667 Editi
1857 5596 1971 5648 δια-

397 5663 975 5749 μαρτάνοντές.’1ὶεε.
1043 5663 1320 5721 secundus
1373 5663 1430 5720 et
1493 5663 1671 5720 Paris.
1736 5666 1970 5736 διαμαρ-

392 5755 612 5802 τωντες.

2069 4536 2390 4609 ἐϐουλόμην,
2417 4540 2514 4592 καὶ
2537 4539 2810 4610 προέστην
2837 4540 2945 4593 τῶν
2975 4540 3469 4610 καταπονουμένων
3489 4557 3503 4571 ·
3529 4542 3652 4594 ἐπεὶ

2067 4627 2125 4681 δέ
2173 4645 2239 4698 με
2277 4629 2559 4700 ἀρρωστία
2608 4628 2859 4699 σώματος
2899 4630 2994 4683 καὶ
3031 4629 3277 4700 ἀσχολίαι
3310 4631 3653 4700 πραγμάτων

2068 4719 2396 4788 άφέλκουσιν
2432 4720 2565 4792 (94),
2603 4721 2719 4776 ἀντ’
2740 4721 2978 4792 ἐμαυτοῦ
3011 4738 3094 4775 σοι
3123 4723 3214 4774 τὸν
3245 4721 3474 4791 ἀδελφὸν
3502 4725 3653 4778 τόνδε

2067 4810 2158 4866 τὸν
2215 4811 2636 4882 χωρεπίσκοπον
2687 4812 3007 4883 συνίστημι·
3042 4811 3206 4877 ὥστε,
3249 4813 3311 4867 σέ
3354 4813 3505 4884 αὐτῷ
3530 4832 3660 4886 γνη-

2141 4964 2256 5035 (92)
2308 4966 2638 5034 Ἐπάρχων.
2685 4965 2818 5037 Reg.
2850 4968 3126 5022 secundus
3153 4977 3208 5022 et
3244 4969 3412 5024 Coisl.
3447 4985 3654 5025 secun-

2069 5035 2174 5090 dus
2217 5037 2517 5107 ἐπαρχιῶν.
2561 5035 2831 5091 Sanxerat
2859 5037 3058 5093 Valens
3095 5054 3241 5094 anno
3280 5041 3408 5104 365,
3447 5049 3507 5093 ut
3551 5057 3655 5094 nu-

2070 5107 2292 5160 merarii
2324 5107 2696 5176 consularium
2725 5116 2779 5176 et
2827 5109 3117 5176 praesidum
3142 5120 3474 5164 vocarentur
3498 5111 3655 5165 dein-
3735 5162 3741 5168 .

2068 5191 2198 5244 ceps
2250 5176 2525 5231 tabularii.
2577 5175 2684 5230 Sed
2731 5175 2873 5231 forte
2921 5178 3008 5232 lex
3057 5179 3148 5232 illa
3191 5181 3375 5234 minus
3412 5181 3516 5234 fuit
3548 5183 3652 5235 ob-

2067 5253 2284 5326 servata
2316 5265 2328 5300 :
2369 5247 2449 5326 vel
2479 5247 2608 5300 huic
2627 5247 2994 5326 epistolze_.__ut
3026 5249 3276 5326 pluribus
3299 5250 3444 5309 aliis.
3471 5266 3582 5326 non
3621 5267 3651 5304 a

2068 5313 2592 5398 Basilio._sed'post
2624 5313 2748 5398 eum
2787 5313 3108 5398 .a_librar'iis
3152 5321 3343 5398 titulus
3373 5321 3650 5391 praefixus.

2144 5386 2252 5454 (95)
2291 5387 2665 5462 Συιςήγαγον.
2703 5387 2872 5443 Coisl.
2921 5396 3156 5459 uterque
3205 5401 3260 5445 et
3291 5386 3423 5462 Reg.
3456 5407 3657 5447 secun-

2070 5454 2175 5509 dus
2209 5454 2609 5526 συνηγάγομεν.

2143 5526 2253 5608 (9-ρ)
2309 5527 2741 5608 ᾈρέλιιο-ινᾳινκ
2765 5528 2865 5608 Ita“
2889 5544 2982 5584 sex
3030 5531 3418 5608 codiﬁces‘mss.
3457 5547 3558 5602 pro
3587 5547 3655 5586 eo

2069 5598 2217 5671 quod
2260 5598 2455 5671 est_in_
2500 5598 2663 5671 editis
2718 5597 3092 5656 ἀνθέλκουσιν.
3141 5601 3313 5655 Paulo
3365 5597 3488 5671 pos't
3548 5617 3652 5670 ope

2070 5666 2240 5748 Coisl'.
2298 5667 2461 5748 primi
2509 5678 2562 5748 _et
2598 5667 2728 5738 Reg.
2758 5672 3011 5748 secundi
3053 5666 3466 5729 emenda-vimus
3505 5666 3654 5742 quod

2073 5746 2188 5792 erat
2223 5739 2274 5792 in
2314 5739 2474 5793 editis
2499 5738 2639 5791 ὥστε
2673 5740 2904 5810 σεαυτῷ.
