3948 6214
336 328 446 386 595

1295 321 1791 378 EPISTOLARUM
1829 315 2116 376 CLASSIS
2147 315 2210 372 11.
2246 313 2465 370 EPIST.
2505 309 2711 369 CXLV.

3487 311 3591 367 594

334 443 468 506 σίως
507 455 835 513 προσχοντα,
864 438 1176 512 χρήσασθαι
1227 438 1538 510 συμϐούλῳ,
1580 439 1656 504 ὡς
1697 437 1905 508 φιλαλη-

2021 435 2238 490 sincere
2269 429 2696 498 accommodans
2719 468 2734 498 ,
2766 442 2888 500 ipso
2934 440 3113 484 utaris
3158 424 3494 492 Conciliario,
3531 435 3590 482 ut

333 535 446 599 θῶς
475 534 570 588 καὶ
598 531 884 603 ἐμφρόνως
911 530 1193 602 δυναμένῳ
1235 530 1628 602 συμϐουλεῦσαι
1654 531 1783 601 περὶ
1808 529 1918 583 τῶν

335 621 702 695 πραγμάτων.
748 619 822 674 Τὸ
863 619 972 690 γὰρ
1006 621 1441 688 πτωχοτροφεῖον
1483 619 1545 672 τὸ
1584 621 1714 690 παρ’
1748 615 1915 672 αὐτοῦ

331 711 787 784 οίκονομούμενον
815 710 1034 764 ἐπειδὰν
1074 709 1423 783 καταξιώσῃς
1453 709 1750 764 θεάσασθαι
1775 708 1915 780 [ὄψει

332 804 468 874 γὰρ,
497 799 557 856 εὖ
600 799 736 865 οἶδα,
768 801 864 854 καὶ
897 801 959 854 οὐ
996 801 1356 873 παραδραμῇ,
1387 800 1574 872 ἐπειδὴ
1609 800 1730 852 οὑδέ
1759 799 1916 852 ἀπει-

332 911 430 967 ρος
456 893 566 964 (95)
582 889 634 946 εἷ
655 891 750 946 τοῦ
775 891 938 964 ἔργου
957 909 970 922 ·
995 891 1136 956 ἀλλ’,
1162 891 1239 954 ὡς
1256 893 1284 944 ὁ
1311 890 1460 944 δεῖνά
1477 908 1564 962 μοι
1597 890 1912 961 ἀνήνεγκεν,

332 985 397 1037 ἐν
447 983 557 1038 τῶν
617 985 675 1038 ἐν
710 986 778 1056 τῇ
819 983 1086 1054 Ἀμασείᾳ
1117 979 1176 1047 ἐξ
1203 976 1276 1036 ὧν
1305 981 1474 1036 ἔδωκέ
1505 997 1586 1034 σοι
1636 983 1666 1033 ό
1713 979 1916 1051 Κύριος

328 1074 816 1148 διατρέφεις(96)],
844 1074 1065 1129 ἐπειδὰν
1109 1071 1203 1128 οὖν
1257 1073 1372 1147 ἴδῃς
1409 1074 1504 1127 καὶ
1526 1071 1704 1136 τοῦτο,
1739 1071 1917 1128 πάντα

329 1167 484 1239 αὐτῷ
535 1167 751 1241 παρέξῃ
801 1166 872 1220 τὰ
918 1165 1342 1238 ἐπιζητούμενα.
1381 1165 1518 1237 Ἤδη
1554 1164 1662 1236 γάρ
1695 1179 1785 1234 μοι
1824 1163 1917 1216 καὶ

328 1263 360 1315 ὁ
390 1261 603 1332 ἑταῖρός
628 1278 721 1314 σου
755 1260 869 1330 (97)
888 1257 1780 1330 κατεπηγγείλατοφιλανθρωπίαν
1795 1254 1918 1309 τινὰ

330 1354 466 1426 περὶ
492 1352 561 1406 τὰ
588 1354 1019 1423 πτωχοτροφεία.
1053 1349 1226 1404 Τοῦτο
1253 1349 1308 1402 δὲ
1336 1348 1500 1417 λέγω,
1532 1350 1630 1418 οὑχ
1657 1347 1742 1401 ἵνα
1754 1347 1910 1401 ἄλλον

329 1443 496 1507 αὐτὸς
521 1445 736 1514 μιμήσῃ
765 1441 848 1511 (σέ
879 1441 989 1512 γὰρ
1005 1440 1151 1503 είκὺς
1184 1440 1393 1509 ἐτέροις
1429 1434 1570 1491 εἶναι
1593 1436 1702 1491 τῶν
1731 1435 1912 1490 καλῶν

330 1537 618 1608 ἡγεμόνα),
655 1535 768 1590 ἀλλ’
801 1535 887 1588 ἵνα
915 1533 1080 1604 γνῷς,
1136 1535 1220 1586 ὅτι
1251 1532 1316 1602 δὴ
1338 1549 1404 1584 πε
1414 1532 1466 1604 ρ).
1509 1530 1687 1586 αὐτῶν
1707 1530 1912 1584 τούτων

329 1629 428 1681 καὶ
452 1627 601 1682 ἄλλοι
637 1627 784 1698 ἡμᾶς
810 1624 1240 1696 ἐδυσωπήθησαν
1272 1623 1406 1695 (98).

821 1826 1165 1880 ΕΠΙΣΤΟΛΗ
1203 1827 1376 1880 ΡΜΔ’.

2022 527 2246 582 homine
2283 533 2339 582 et
2371 540 2556 581 amore
2585 523 2834 591 veritatis
2875 530 2930 588 et
2967 519 3256 592 prudentia
3292 518 3360 574 ad
3409 521 3591 580 consl-

2015 620 2149 678 lium
2179 618 2246 684 de
2265 618 2430 676 rebus
2452 617 2692 672 dandum
2719 615 2936 671 idoneo.
2965 612 3262 682 Postquam
3287 611 3431 667 enim
3455 625 3591 681 pauo

2018 725 2210 780 perum
2235 708 2532 780 hospitium
2567 708 2636 764 ab
2663 722 2728 762 eo
2753 707 3115 778 gubernatum
3137 704 3316 760 visere
3337 703 3591 774 dignatus

2019 801 2190 866 fueris
2216 801 2442 871 (invises
2467 801 2636 864 enim,
2661 808 2746 855 sat
2771 799 2906 861 scio,
2931 813 3032 854 nec
3056 797 3356 868 praeteribis
3381 815 3395 852 :
3417 796 3592 866 siqui-

2019 894 2142 958 dem
2173 908 2272 950 nec
2297 893 2377 947 rei
2407 893 2726 962 inexpertus
2756 906 2844 948 es:
2880 889 2994 954 sed,
3019 898 3079 946 ut
3103 905 3134 944 a
3155 889 3388 961 quodam
3416 887 3482 942 ad
3505 902 3591 942 me

2019 985 2252 1041 relatum
2284 994 2393 1049 est,
2431 1000 2601 1040 unum
2631 1000 2699 1038 ex
2733 985 2818 1042 his
2846 999 2968 1054 quae
2995 983 3240 1038 Amaseae
3271 984 3592 1037 constructa

2022 1081 2172 1138 sunt,
2202 1089 2268 1130 ex
2287 1075 2448 1130 bouis
2471 1090 2590 1145 qua:
2617 1075 2712 1130 tibi
2735 1074 2996 1138 Dominus
3019 1072 3245 1128 tradidit
3265 1070 3589 1142 sustentas),

2022 1167 2134 1231 ubi,
2173 1167 2430 1236 inquam,
2467 1173 2523 1219 et
2568 1165 2672 1220 hoc
2711 1166 2948 1233 videris;
2993 1165 3262 1222 concedes
3309 1165 3361 1220 ei
3407 1164 3590 1219 omnia

2021 1271 2142 1326 qua:
2170 1271 2310 1327 Opus
2339 1267 2520 1319 erunt.
2551 1254 2670 1310 Jam
2701 1258 2844 1312 enim
2870 1264 2927 1311 et
2965 1258 3169 1327 collega
3196 1263 3323 1312 tuus
3350 1257 3589 1326 aliquam

2017 1348 2152 1406 mihi
2175 1363 2305 1420 erga
2328 1362 2623 1419 egenorum
2648 1349 2882 1418 hospitia
2903 1349 3292 1414 humanitatem
3317 1349 3590 1419 pollicitus

2017 1449 2125 1507 est.
2172 1441 2287 1498 lloc
2320 1449 2511 1509 autem
2555 1441 2698 1505 dico,
2746 1457 2853 1496 non
2900 1448 2961 1497 ut
3004 1442 3170 1498 alium
3207 1442 3323 1511 ipse
3361 1441 3590 1496 imiteris

1972 1520 1975 1523 ’
2023 1535 2144 1607 (par
2175 1537 2320 1594 enim
2352 1545 2405 1592 te
2435 1537 2557 1593 aliis
2587 1544 2738 1593 recte
2772 1536 3040 1592 factorum
3066 1535 3261 1592 ducem
3297 1536 3463 1608 esse),
3492 1535 3590 1591 sed

2021 1634 2081 1682 ut
2113 1629 2256 1684 scias
2274 1628 2384 1698 jam
2409 1629 2570 1684 nobis
2598 1629 2667 1684 ab
2695 1628 2817 1684 aliis
2845 1627 3202 1684 reverentiam
3229 1628 3316 1684 his
3339 1630 3395 1682 iu
3428 1627 3590 1683 rebus

2023 1718 2263 1774 habitam
2303 1719 2494 1775 fuisse.

2402 1831 2565 1904 236
2591 1830 2926 1887 EPISTOLA
2962 1829 3207 1888 CXLIY‘.

1071 1943 1306 1992 Eamdem
1324 1941 1674 1992 immunitatem
1703 1943 1819 2005 petit
1840 1955 1898 1992 ac
1923 1941 1972 1992 in
1997 1941 2184 1994 duabus
2206 1943 2587 2009 praecedentibus
2609 1944 2841 2009 epistolis.

724 2052 1054 2123 Τρακτευτῇ
1079 2052 1199 2108 τῶν
1228 2053 1525 2123 ἐπάρχων.

397 2168 688 2241 Γνωρίζεις
742 2169 959 2233 πάντως
1002 2167 1151 2221 τόνδε
1195 2169 1259 2221 ἐκ
1288 2166 1390 2237 τῆς
1422 2167 1563 2220 κατὰ
1615 2165 1713 2238 τὴν
1751 2166 1906 2220 πόλιν

327 2261 621 2332 συντυχίας
642 2277 656 2291 ο
687 2262 836 2331 ὅμως
867 2260 925 2314 δέ
960 2277 1044 2313 σοι
1072 2259 1236 2312 αὑτὸν
1265 2259 1361 2312 καὶ
1381 2257 1468 2311 διὰ
1495 2257 1593 2320 τῆς
1615 2257 1906 2328 ἐπιπολῆς

329 2355 679 2426 προσάγομεν
748 2351 1122 2414 ωνιστῶντες,
1173 2351 1255 2403 ὅτι
1307 2351 1387 2412 είς
1437 2348 1608 2403 πολλά
1667 2365 1748 2408 σοι
1797 2349 1906 2402 τῶν

325 2439 780 2511 σπουδαζομένων
822 2443 1090 2512 χρήσιμος
1124 2438 1297 2503 ἔσται,
1334 2437 1422 2491 διὰ
1462 2437 1523 2490 τὸ
1557 2437 1650 2491 καὶ
1674 2438 1910 2502 συνετῶς

326 2537 423 2590 καὶ
451 2534 694 2595 eausa);
739 2533 998 2587 δύνασθαι
1037 2531 1384 2586 ὑποτίθεσθαι
1426 2530 1495 2584 τά
1527 2531 1794 2602 πρακτέα.
1844 2531 1910 2584 Ἀ

322 2627 385 2680 δέ
410 2627 532 2696 ἐμοὶ
557 2628 636 2689 είς
664 2625 724 2677 τὺ
751 2620 843 2688 οὖς
872 2622 1170 2693 διελέχθης,
1209 2621 1378 2675 ταῦτα
1425 2620 1522 2674 νῦν
1565 2622 1680 2674 ἐστι
1720 2623 1910 2695 καιρὸς

316 2715 714 2780 ἐπιδείξασθαι,
759 2713 976 2767 ἐπειδάν
1033 2730 1114 2766 σοι
1155 2713 1183 2764 ὁ
1235 2711 1631 2784 προειρημένος
1684 2713 1910 2783 ἀδελφὸς

323 2807 397 2862 τὰ
426 2807 534 2862 τῶν
565 2805 795 2877 πτωχῶν
825 2805 1102 2878 ὑποδείξῃ.

819 2961 1165 3017 ΕΠΙΣΤΟΛΗ
1204 2961 1383 3013 ΡΜΕ’.

2481 2055 2782 2110 Tractatori
2824 2053 3132 2124 praesidum.

2081 2165 2381 2237 Cognoscis
2419 2167 2668 2237 profecto
2703 2167 2860 2222 illum
2890 2183 2956 2222 ex
2988 2174 3178 2222 mutuo
3219 2167 3274 2221 in
3307 2166 3444 2223 urbe
3474 2167 3586 2222 col-

2013 2257 2218 2328 loquio.
2255 2256 2359 2313 Sed
2399 2267 2578 2312 tamen
2609 2274 2732 2314 eum
2770 2259 2869 2314 tibi
2896 2267 2948 2315 et
2991 2275 3088 2330 per
3117 2259 3325 2315 litteras
3368 2257 3505 2314 sisto
3533 2265 3589 2313 et

2010 2353 2356 2420 commendo,
2381 2361 2442 2408 ut
2467 2352 2535 2408 ad
2560 2355 2750 2421 multa,
2781 2369 2900 2426 quae
2926 2354 3024 2408 tibi
3049 2369 3195 2409 cura;
3222 2359 3372 2416 sunt,
3398 2353 3587 2418 utilem

2014 2442 2277 2510 futurum,
2311 2459 2376 2499 eo
2407 2444 2551 2514 quod
2601 2445 2689 2516 pie
2728 2459 2793 2500 ac
2835 2445 3134 2516 prudenter
3163 2439 3337 2516 possit
3381 2443 3589 2514 agenda

2013 2550 2324 2605 suggerere.
2372 2535 2504 2602 Quae
2542 2546 2723 2592 autem
2774 2537 2906 2591 mihi
2949 2537 3005 2592 iu
3040 2551 3226 2591 aurem
3269 2535 3493 2600 dixisti,
3525 2549 3588 2592 ea

2012 2639 2161 2679 nunc
2209 2632 2427 2696 tempus
2477 2633 2562 2682 est
2605 2627 2868 2698 exsequi;
2918 2636 3206 2698 postquam
3257 2634 3590 2684 memoratus

2012 2715 2184 2771 frater
2217 2731 2517 2788 pauperum
2550 2725 2754 2775 statum
2784 2721 2880 2776 tibi
2915 2721 3258 2788 indicaverit.

2509 2962 2848 3020 EPISTULA
2885 2965 3131 3026 CXLV".

326 3081 560 3157 οιεςπιυῑε
579 3081 762 3151 mm.
782 3075 2215 3157 maneretquerfa-Efﬁéiu'aWilaeeiéeawz
2234 3079 2497 3157 mmini.“
2521 3096 2725 3157 Peregre
2745 3091 2853 3153 eet:
2878 3099 2971 3154 ηοιι
3009 3092 3184 3157 tamen,
3198 3087 3422 3157 desperat
3451 3084 3590 3157 Basi-

388 3141 484 3212 lius
502 3156 613 3214 eum
631 3141 795 3214 omni}:
816 3141 1161 3214 iuipedinwnta
1191 3147 1550 3214 superaturum.
1585 3141 1743 3214 Quare
1775 3152 1886 3214 eum
1902 3147 2075 3214 roget,
2102 3155 2161 3198 ne
2189 3141 2322 3206 spem
2345 3141 2579 3202 Ecclesiae
2604 3141 2920 3200 Caesariensis
2941 3146 3137 3198 irritam
3159 3141 3307 3214 {acidt
3323 3185 3336 3210 ,
3361 3161 3507 3200 uuam
3529 3150 3591 3202 de

384 3202 491 3268 ejus
514 3210 724 3255 adventu
745 3199 962 3254 Basilius
985 3216 1111 3252 anno
1134 3199 1384 3266 prwterito
1406 3199 1558 3268 Syria
1580 3199 1774 3252 rediens
1794 3199 2037 3251 attulerat.

589 3315 883 3380 Εὑσεϐἱῳ,
908 3314 1224 3379 ἐπισκόπῳ
1254 3314 1640 3383 Σαμοσάτων.

394 3405 526 3461 Οἶδα
569 3408 694 3470 τοὺς
745 3407 970 3478 μυρίους
1008 3406 1205 3470 πόνους
1231 3407 1340 3478 (99)
1379 3423 1492 3469 σου,
1543 3404 1638 3470 οὓς
1677 3405 1908 3475 ἀνέτλης

323 3498 603 3571 ὑπὲριτῶν
639 3497 973 3569 Ἐκκλησιῶν
998 3497 1094 3551 τοῦ
1121 3497 1253 3550 Θεοῦ
1269 3513 1282 3526 ·
1315 3498 1408 3551 καὶ
1434 3497 1541 3551 τῶν
1567 3496 1831 3568 ἀσχολιῶν
1847 3497 1909 3550 τὸ

2293 3316 2555 3386 Eusebio,
2593 3322 2836 3389 episcopo
2881 3321 3310 3380 Samosatorum.

2083 3405 2220 3463 Novi
2263 3408 2585 3466 innumeros
2623 3411 2839 3467 labores
2873 3418 3028 3476 tuos,
3062 3427 3200 3483 quos
3229 3428 3328 3483 pro
3356 3411 3449 3470 Dei
3485 3412 3590 3468 Ec-

2013 3501 2196 3557 clesiis
2247 3503 2577 3568 exantlasti;
2629 3517 2732 3557 nec
2790 3506 3136 3575 negotiorum
3187 3504 3589 3560 multitudinem

327 3590 529 3660 πλῆθος
557 3589 657 3642 οὐκ
680 3587 880 3657 ἀγνοῶ,
912 3587 980 3651 ἃς
1010 3587 1174 3656 ἔχεις·
1212 3585 1308 3658 τὴν
1331 3586 1641 3658 οἰκονομίαν
1668 3588 1729 3639 οὑ
1763 3604 1905 3657 παρ-

2020 3592 2241 3662 ignoro,
2274 3593 2478 3662 quibus
2516 3593 2815 3659 detineris;
2849 3596 3204 3650 commissam
3237 3597 3589 3652 administra-

327 3681 523 3751 ἐρτως,
554 3679 690 3734 ἀλλά
756 3679 894 3733 κατά
933 3679 995 3732 τὸ
1039 3679 1251 3750 θέλημα
1294 3679 1388 3731 τοῦ
1433 3679 1636 3748 Κυρίου
1679 3678 1910 3731 διατι-θέ-

330 3789 510 3842 μενος.
571 3773 680 3825 Καὶ
735 3771 827 3825 τὸν
890 3771 954 3823 ἐκ
999 3771 1256 3838 γειτόνων
1319 3771 1448 3840 ὑμῖν
1499 3770 1908 3841 ἐπικαθήμενον

325 3863 490 3917 ἐννοῶ
548 3864 647 3934 (1),
690 3857 733 3930 ᾧ
780 3862 991 3933 ἀνάγκη
1046 3862 1213 3932 ὑμᾶς,
1271 3859 1460 3933 ὥσπερ
1516 3862 1736 3934 ὄρνιθας
1767 3861 1908 3933 ἀετῷ

329 3951 811 4022 ὑποπτήσσοντας,
864 3951 938 4022 μὴ
999 3951 1188 4022 πόρῥω
1257 3953 1359 4020 τῆς
1413 3952 1622 4021 σκέπης
1679 3952 1908 4006 ἕκαστον

325 4043 669 4114 ἀποτρέχειν.
694 4043 911 4095 Τούτων
944 4060 1011 4113 με
1038 4043 1191 4096 οὐδὲν
1221 4042 1461 4114 λέληθεν.
1506 4043 1644 4096 Ἀλλ’
1682 4046 1710 4098 ὁ
1746 4044 1909 4108 πόθος

327 4135 559 4204 πρᾶγμα
591 4133 785 4203 βίαιον,
821 4135 915 4188 καὶ
950 4135 1166 4188 ἐλπίσαι
1210 4138 1277 4190 τὰ
1317 4137 1390 4206 μὴ
1425 4135 1768 4206 ἐνδεχόμενα,
1814 4137 1908 4189 καὶ

327 4227 643 4297 ἐγχειρῆσαι
674 4231 786 4291 τοῖς
815 4229 1097 4292 ἀδυνάτοις
1121 4231 1219 4301 (2)’
1251 4229 1450 4300 μᾶλλον
1500 4228 1556 4281 δέ
1605 4231 1638 4299 ή
1673 4231 1766 4282 ἐπὶ
1794 4228 1908 4282 Κύ-

333 4333 444 4385 ριον
475 4316 628 4381 ἐλπὶς
671 4319 1016 4388 ίσχυρότατον
1058 4319 1292 4372 πάντων.
1326 4319 1399 4371 Οὐ
1428 4318 1535 4390 γὰρ
1583 4320 1761 4388 ἀλόγῳ
1786 4320 1906 4372 ἐπι-

329 4410 517 4483 θυμίᾳ,
549 4411 662 4465 ἀλλ’
695 4411 841 4483 ίσχύῖ
871 4412 1109 4476 πίστεως
1157 4411 1440 4483 προσδοκῶ
1490 4412 1584 4465 καὶ
1636 4411 1800 4482 πόρον
1846 4413 1905 4463 ἐν

328 4506 627 4578 ἀμηχάνοις
665 4503 1021 4574 φανήσεσθαι,
1064 4505 1159 4558 καὶ
1217 4505 1432 4557 πάντων
1485 4503 1681 4577 ῥᾳδίως
1732 4520 1792 4557 σε
1828 4504 1903 4576 (51

397 4635 509 4708 (οδ)
542 4637 848 4708 Δ’Ἀειξξςιροςκ
881 4635 1119 4708 Uterque
1142 4637 1314 4691 Coisl.
1346 4652 1469 4708 cum
1499 4637 1632 4708 Reg.
1663 4637 1904 4693 secundo

325 4715 380 4760 et
407 4705 606 4762 'Paris.
650 4706 876 4778 ἄπορος,
927 4705 1054 4772 Non
1101 4724 1250 4762 cares
1295 4707 1646 4776 facultatibus
1691 4709 1759 4762 ad
1808 4709 1903 4762 hoc

325 4793 505 4916 ορῖὄθ)
526 4846 900 4918 ΑΔιατρέςσεις.
928 4846 1014 4918 ita
1039 4846 1208 4918 Coisl.
1236 4855 1466 4918 uterque
1485 4856 1538 4904 et
1569 4847 1688 4902 Vat.
1723 4849 1901 4904 Editio

324 4915 498 4988 prima
525 4915 700 4970 Paris.
756 4917 1093 4988 διατρέφοιςέ
1116 4917 1282 4972 Paulo
1305 4915 1426 4986 post
1450 4919 1580 4972 editi
1618 4918 1892 4988 παρέξεις.

2014 3683 2216 3737 tionem
2248 3698 2357 3737 non
2395 3684 2787 3754 perfunctorie,
2820 3687 2914 3741 sed
2945 3687 3248 3742 secundum
3275 3686 3368 3742 Dei
3395 3688 3591 3743 volun-

2010 3781 2175 3826 tatem
2206 3789 2422 3844 gerens.
2457 3777 2614 3829 lllum
2648 3777 2814 3831 etiam
2857 3779 3056 3848 cogito,
3093 3779 3187 3848 qui
3217 3779 3372 3835 vobis
3397 3795 3427 3834 e
3462 3795 3585 3850 pro-

2009 3865 2213 3935 pinquo
2252 3867 2536 3930 imminet,
2581 3870 2684 3923 sub
2722 3885 2832 3939 quo
2875 3886 2972 3926 vos
3014 3884 3241 3926 necesse
3282 3877 3385 3936 est,
3419 3872 3588 3926 veluti

2010 3973 2139 4014 aves
2189 3960 2293 4015 sub
2352 3962 2536 4032 aquila
2593 3961 2972 4027 formidantes,
3027 3979 3135 4018 non
3197 3964 3357 4034 longe
3406 3979 3438 4018 a
3484 3979 3590 4019 suo

2010 4067 2280 4121 quemque
2324 4060 2472 4109 tecto
2501 4071 2812 4110 excurrere.
2849 4054 3054 4110 Horum
3103 4056 3239 4110 nihil
3295 4071 3379 4111 me
3431 4056 3583 4114 latet.

2011 4138 2118 4197 Sed
2161 4143 2494 4199 desiderium
2542 4161 2631 4200 res
2662 4147 2919 4212 violenta,
2950 4154 3063 4201 tum
3110 4148 3166 4202 in
3197 4148 3264 4203 iis
3298 4150 3586 4219 sperandis

2007 4249 2129 4303 quze
2162 4237 2424 4304 parabilia
2471 4252 2580 4292 non
2624 4248 2774 4304 sunt,
2805 4246 2919 4293 tum
2966 4239 3022 4293 in
3057 4239 3435 4310 aggrediendis
3464 4255 3586 4310 quae

2008 4320 2124 4374 ﬁeri
2157 4337 2266 4376 non
2300 4335 2572 4393 possunt:
2618 4327 2698 4380 vel
2730 4328 2910 4396 potius
2947 4342 3072 4396 spes
3112 4330 3165 4381 in
3213 4326 3442 4383 Domino
3469 4344 3586 4383 om-

2009 4412 2160 4464 nium
2189 4427 2368 4472 rerum
2397 4414 2719 4472 fortissima.
2761 4417 2878 4472 Non
2913 4419 3058 4472 enim
3109 4420 3400 4475 temeraria
3433 4421 3584 4490 cupi-

2007 4505 2205 4573 ditate,
2247 4507 2344 4562 sed
2389 4507 2514 4561 ﬁdei
2542 4509 2740 4564 robore
2772 4517 3030 4580 exspecto
3057 4510 3294 4581 aliquem
3337 4511 3582 4566 luturum

2010 4635 2162 4714 Reg.-
2176 4640 2474 4714 secundus.
2505 4639 2648 4714 Ε(ίίιί
2677 4641 3052 4714 ἐδυσώπησαν.

2076 4708 2188 4778 (99)
2231 4713 2483 4778 Πόνους.
2525 4712 2771 4778 Quatuor
2807 4708 2937 4768 mss'.
2969 4714 3190 4776 κόπους.
3219 4712 3380 4767 lnl'ra-
3403 4712 3577 4780 Harl.,

2005 4777 2144 4853 Med.
2171 4777 2235 4853 et
2264 4777 2517 4853 Clarguu
2536 4782 2748 4853 θέλημα
2774 4783 2866 4836 τοῦ
2898 4783 3054 4838 Θεοῦ.

2074 4850 2148 4919 (1)
2203 4849 2444 4905 Ἐννοῶ.
2486 4849 2744 4916 Quamvis
2792 4854 2894 4908 hoc
2936 4855 3160 4908 verbum
3206 4871 3316 4910 non
3356 4854 3581 4909 omnino

2004 4921 2534 4992 necessariumrsit:
2570 4923 2695 4992 quia
2743 4933 2922 4977 tamen
2966 4925 3162 4992 legitur
3205 4927 3256 4980 in
3289 4926 3575 4979 codicibus

321 4984 498 5063 Coifi.
535 4995 780 5063 uterque,
800 4984 964 5063 Med.
985 4987 1196 5063 et__Reg.
1221 4984 1496 5043 secundus
1538 4999 1595 5042 ut
1615 4984 1892 5063 _i_n_'l.eXI.u.
1927 4984 1972 5040 D
2001 4987 2356 5063 Harl.,l\-led.,
2375 4984 2634 5055 Claronfq
2653 4993 2820 5046 Coisl.
2839 4984 3578 5063 secundo,etReg.secuudo,

394 5055 506 5126 (97)
536 5057 590 5108 '0
614 5056 843 5124 ἑταῖρός
871 5073 1006 5111 σου.
1028 5055 1325 5112 υιιοῖποιιι
1353 5059 1646 5113 numerarii
1680 5060 1732 5112 iu
1762 5076 1898 5114 una-

323 5141 543 5199 quaque
572 5130 870 5199 provincia.
919 5127 1037 5181 Non
1079 5137 1260 5182 tamen
1289 5129 1495 5199 collega
1527 5130 1628 5183 hoc
1656 5132 1776 5183 loco
1808 5132 1895 5185 in-

2001 5060 2372 5128 recipieudum
2406 5063 2580 5116 visum
2613 5073 2696 5115 est
2740 5064 2794 5116 iu
2831 5072 3168 5117 contextum.
3214 5060 3416 5119 Ibidem
3446 5066 3579 5118 editi

1997 5123 2046 5198 ᾧ
2069 5123 2281 5202 ἀνάγκη
2311 5133 2480 5201 ἡμᾶς.
2522 5131 2714 5186 Melius
2739 5134 2793 5187 in
2814 5133 2986 5188 Coisl.
3016 5135 3191 5202 primo
3213 5143 3266 5190 et
3291 5137 3415 5190 aliis
3445 5151 3582 5189 non-

323 5197 757 5269 telligituralter
786 5200 1152 5269 numerarius.
1199 5199 1287 5252 cui
1333 5197 1586 5268 superior
1632 5200 1896 5269 inscripta
1998 5197 2165 5254 nullis
2187 5197 2534 5269 quosnsecuti
2559 5219 2768 5257 sumus.

318 5266 746 5347 epistola:.lluic
781 5270 924 5321 enim
973 5268 1219 5347 Basilius
1241 5266 1494 5347 simili—ter
1522 5270 1655 5324 dicit
1693 5266 1894 5347 beneﬁ-

320 5337 469 5410 cium
501 5337 604 5410 sibi
637 5339 691 5390 in
723 5352 990 5410 pauperes
1031 5339 1099 5392 ab
1125 5338 1294 5408 ipsius
1324 5341 1528 5409 collega
1564 5341 1893 5410 promissum

324 5407 516 5462 fuisse.
560 5407 744 5472 Quare
774 5408 1029 5478 collegam
1074 5407 1364 5479 utriusque
1389 5407 1689 5464 numerarii
1721 5411 1889 5467 inter-

323 5486 512 5551 pretor
552 5484 904 5551 tractatorem
947 5480 1262 5548 praesidum,
1305 5480 1472 5551 cujus
1514 5481 1782 5551 promissa
1835 5483 1892 5537 in

319 5547 553 5619 epistola
593 5549 840 5618 sequenti
871 5547 1251 5619 reposcuntur.
1300 5550 1350 5606 Is
1382 5547 1531 5605 cum'
1551 5567 1751 5606 munus
1789 5555 1894 5606 ad-

323 5616 682 5688 ministraret
707 5633 904 5688 magna
935 5616 1059 5672 cum
1110 5622 1440 5676 numerariis
1489 5622 1893 5678 necessitudine

321 5686 705 5761 conjunctirm.
738 5686 928 5761 eorum
959 5690 1163 5761 collega
1187 5691 1292 5761 dici
1324 5699 1554 5760 pOIerat.

394 5751 506 5829 (98)
579 5751 1127 5828 Ἐδυσωπήθησανῗ
1179 5759 1269 5817 Sic
1319 5751 1484 5818 Coisl.
1541 5761 1814 5819 secundus
1857 5779 1887 5818 e

2070 5269 2148 5343 (Ξ)
2200 5271 2555 5343 Ἁδυννάτοις.
2600 5272 2738 5325 Editi
2788 5281 2916 5343 post
2957 5273 3098 5327 hanc
3137 5289 3326 5329 vocem
3375 5275 3584 5342 addunt

2001 5342 2163 5417 ποιεῖ,
2192 5342 2288 5396 sed
2325 5342 2378 5396 in
2408 5343 2559 5396 nullo
2582 5342 2810 5412 prorsus
2847 5360 2910 5398 ex
2945 5345 3152 5400 nostris
3176 5357 3304 5401 octo
3333 5363 3466 5403 mss.
3498 5364 3584 5402 re-

1999 5419 2226 5479 peritur.

2073 5481 2165 5556 (5)_
2205 5483 2447 5549 Ῥᾳδίως
2475 5498 2580 5556 ονε.-
2609 5483 2980 5556 υθεειίνοουιο
3014 5486 3068 5553 in
3099 5487 3282 5550 editis,
3311 5488 3507 5556 legitur
3530 5488 3582 5540 in

2001 5553 2256 5620 omnibus
2305 5568 2438 5606 mss.
2474 5554 2675 5608 Ibidem
2721 5554 2854 5608 editi
2885 5557 3300 5625 περιγενέσθαι.
3334 5553 3488 5612 Harl.
3531 5569 3578 5618 et

2001 5621 2171 5676 Coisl.
2205 5625 2413 5676 nrimus
2444 5635 2499 5676 ut
2530 5623 2584 5676 in
2617 5632 2791 5676 textu.

2086 5636 2171 5675 lb'l.

2205 5625 2413 5691 primus
2444 5635 2499 5677 ut
2530 5623 2584 5677 in
2617 5632 2791 5678 textu.

2077 5692 2094 5710 '
2139 5693 2290 5765 Alias
2321 5692 2616 5765 CQQQXX.
2652 5693 2871 5765 Scripta
2912 5711 3054 5750 anno
3083 5698 3206 5753 5³15.

2093 5764 2131 5783 ⁴⁴
2171 5763 2320 5819 Alias
2348 5763 2544 5821 CCLV.
2578 5763 2791 5836 Scripta
2821 5781 2962 5821 anno
2983 5768 3110 5823 575.
