3948 6214
367 303 474 360 597

1276 303 1761 369 EPISTULARUM
1789 306 2072 366 CLASSIS
2105 310 2171 369 II.
2207 309 2424 369 EPIST.
2463 310 2737 369 CXLVIII.

368 419 757 490 Κεφαλλήνων.
803 420 915 474 Καὶ
967 420 1136 476 πολλά
1197 424 1452 494 χρήματα
1521 423 1668 493 ἄγων
1713 426 1937 490 ἐκεῖνος,

2053 440 2165 481 cum
2189 427 2429 496 pecunia
2449 427 2745 498 plurimum
2769 436 3130 498 exportasset,
3154 431 3333 487 nudus
3357 447 3607 490 reversus

369 510 575 581 γυμνὸς
601 510 869 580 ἐπανῆλθε
889 526 901 539 ·
932 512 1026 566 καὶ
1050 512 1236 566 τοῦτον
1264 513 1447 585 ,οὕτως
1481 518 1513 585 ἡ
1564 517 1817 589 συμφορὰ
1864 516 1940 571 δι-

370 601 589 673 έθηκεν,
612 601 687 667 ὡς
710 602 1048 658 κινδυνεῦσαι
1072 606 1130 657 ἐν
1157 605 1453 678 ἀλλοτρίοις
1476 608 1697 678 ῥάκεσιν
1712 608 1940 678 ὀφθῆναι

368 694 485 755 τοῖς
518 693 658 746 οῖκοι
704 694 837 763 (Η).
879 695 989 749 Καὶ
1030 696 1203 750 ταῦτα
1239 698 1494 761 πέπονθε,
1534 701 1943 773 Λαιστρυγόνας

369 783 512 854 τάχα
535 800 637 838 που
668 787 753 854 ἐφ’
771 788 960 841 ἐαυτὸν
989 789 1317 857 παροξύνας.
1353 793 1447 846 καὶ
1468 793 1689 866 Σκύλλῃ,
1710 811 1942 865 περιπε-

374 873 484 928 σὼν
511 877 568 928 ἐν
604 878 886 950 γυναικείᾳ
922 882 1100 952 μορφῇ
1150 882 1369 936 κυνείαν
1415 884 1613 957 ἐχούσῃ
1654 886 1939 957 ἀπανθρωο

374 967 507 1020 πίαν
544 968 637 1022 καὶ
664 971 980 1042 ἀγριότητα.
1030 974 1179 1027 Ἐπεὶ
1225 971 1317 1029 οὖν
1366 976 1518 1046 μόλις
1546 976 1692 1048 αὐτῷ
1736 977 1944 1049 ὑπῆρξε

372 1057 465 1111 τὸν
508 1058 747 1127 ἄφυκτον
803 1061 992 1116 τοῦτον
1040 1062 1392 1134 διανήξασθαι
1448 1066 1713 1127 κλύδωνα,
1764 1068 1822 1121 σέ
1872 1068 1943 1120 δι’

341 1150 532 1222 ,ἡμῶν
562 1150 813 1211 ἱκετεύει,
850 1153 1015 1219 ἀξιῶν
1038 1155 1350 1226 αἰδεσθῆναι
1396 1155 1493 1227 τὴν
1537 1158 1722 1228 κοινὴν
1760 1158 1942 1227 φύσιν,

348 1240 471 1295 οιαὶ
489 1243 580 1295 ἐπὶ
602 1246 721 1307 ταῖς
744 1246 871 1315 παρ’
898 1245 1053 1311 ἀξίαν
1080 1246 1246 1299 αὑτοῦ
1275 1251 1578 1317 συμφοραῖς
1607 1248 1942 1317 ἀλγήσαντα,

379 1333 454 1404 μὴ
479 1337 652 1406 σιωπῇ
678 1335 882 1407 κρύψαι
911 1336 977 1389 τά
1002 1337 1122 1390 κατ’
1146 1338 1328 1401 αὐτὸν,
1360 1337 1494 1390 ἀλλὰ
1513 1339 1813 1407 διαγγεῖλαι
1834 1343 1946 1403 τοῖς

376 1425 435 1476 ἐν
456 1424 703 1496 δυνάμει,
760 1426 900 1482 ὥστε
948 1429 1177 1500 μάλιστα
1236 1430 1331 1501 μὲν
1375 1430 1468 1483 καὶ
1518 1430 1770 1499 γενέσθαι
1826 1431 1947 1484 τινὰ

374 1518 526 1590 αὐτῷ
572 1518 818 1589 βοήθειαν
861 1521 1000 1591 πρὸς
1042 1522 1139 1594 τὴν
1200 1523 1636 1594 σκευωρηθεῖσαν
1671 1522 1782 1591 (Ιέ)
1846 1524 1945 1576 ἐπ-

376 1608 599 1679 ⁴ἡρειαν·
635 1610 758 1663 εἰδὲ
788 1611 883 1681 μὴ,
915 1611 1332 1682 δημοσιευθῆναι
1352 1611 1481 1680 γοῦν
1516 1612 1612 1681 τὴν
1634 1610 1948 1682 προαίρεσιν

372 1699 473 1752 τοῦ
516 1702 595 1764 είς
625 1702 785 1755 αὑτὸν
824 1703 1340 1774 ἐμπατοινήσαντος.
1394 1700 1664 1773 Ἀρκοῦσα
1713 1701 1821 1772 γάρ
1866 1701 1946 1771 τῷ

2034 525 2155 574 est:
2207 517 2352 573 hunc
2396 527 2578 574 autem
2617 534 2684 575 eo
2729 534 2818 575 res
2868 522 3109 577 adversm
3156 523 3514 594 redegerunt,
3546 535 3607 580 ut

2040 624 2179 680 pene
2223 611 2279 665 in
2318 610 2515 666 alienis
2558 619 2613 665 et
2646 612 2844 667 laceris
2876 616 3070 683 pannis
3100 615 3284 670 domui
3316 632 3429 674 sua:
3457 619 3609 673 visus

2041 695 2131 749 sit.
2162 695 2338 765 Atque
2366 694 2479 750 hare
2510 696 2803 766 perpessus
2832 705 2946 761 est,
2983 699 3122 754 forte
3147 700 3273 769 quia
3308 698 3609 772 Laestrygo—

2041 802 2140 842 nas
2174 785 2228 843 in
2265 800 2324 842 se
2354 787 2669 856 instigavit,
2702 802 2766 842 ac
2801 788 2856 841 in
2887 787 3121 859 Scyllam
3151 790 3374 855 incidit,
3404 791 3610 846 haben-

2043 887 2150 934 tem
2177 879 2233 933 in
2264 880 2512 934 muliebri
2545 879 2714 934 forma
2740 881 2988 935 caninam
3022 881 3413 951 immanitatem
3436 898 3501 939 ac
3526 883 3609 939 fe-

2042 970 2279 1024 ritatem.
2312 969 2448 1024 Cum
2498 970 2662 1039 igitur
2696 970 2783 1024 vix
2821 972 2870 1026 ei
2918 972 3135 1026 licuerit
3164 988 3228 1027 ex
3275 973 3620 1030 ineluctabil't

2044 1063 2135 1117 illa
2161 1063 2398 1133 procella
2417 1077 2716 1133 emergere,
2748 1071 2802 1118 te
2823 1079 2941 1118 mea
2973 1078 3138 1134 opera
3166 1068 3393 1136 supplex
3427 1074 3607 1137 rogat,

2043 1161 2103 1209 ut
2133 1162 2383 1209 naturam
2416 1168 2763 1209 communem
2811 1157 3117 1212 reverearis
3138 1198 3153 1220 ,
3187 1172 3252 1210 ac
3283 1158 3613 1214 calamitati-

2045 1246 2175 1308 bus,
2210 1260 2348 1314 quas
2387 1260 2496 1298 non
2544 1246 2739 1300 merito
2778 1260 2880 1300 suo
2918 1261 3119 1316 passus
3149 1255 3267 1312 est,
3300 1259 3611 1306 commotus

2043 1336 2111 1391 de
2159 1337 2323 1391 rebus
2365 1337 2514 1391 illius
2558 1350 2669 1390 non
2712 1344 2926 1402 taceas,
2978 1337 3073 1392 sed
3119 1340 3254 1393 viris
3299 1339 3611 1409 potentibus

2043 1428 2285 1490 nunties,
2314 1426 2367 1480 in
2396 1427 2587 1497 primis
2618 1436 2679 1480 ut
2705 1428 2943 1496 praesidii
2980 1429 3187 1499 aliquid
3219 1439 3410 1483 contra
3460 1438 3611 1485 stru-

2044 1529 2185 1574 ctam
2219 1518 2545 1591 ealumnia_m
2576 1518 2799 1572 habeat:
2837 1521 2919 1574 sin
2951 1520 3152 1585 minus,
3184 1529 3245 1575 ut
3270 1522 3610 1591 prepositum

2045 1611 2220 1670 illius,
2258 1609 2349 1678 qui
2393 1611 2448 1663 in
2483 1577 2668 1679 ipsum
2709 1609 3076 1666 debacchatus
3109 1621 3227 1675 est,
3271 1577 3611 1681 divulgetur.

2046 1699 2163 1754 Non
2207 1702 2325 1755 leve
2373 1700 2518 1754 enim
2568 1700 2775 1755 homini
2826 1701 3044 1771 injuriis
3086 1702 3279 1758 alTecto
3325 1704 3621 1768 solatium...

376 1789 687 1861 ἠδικημένῳ
719 1792 1038 1864 παραμυθία
1068 1795 1101 1865 ἡ
1132 1793 1240 1849 τῶν
1266 1792 1766 1848 ἐπιϐουλευσάντων
1794 1792 1940 1863 αὐτῷ

2053 1806 2230 1848 eorum
2252 1829 2267 1856 ,
2300 1790 2393 1862 qui
2425 1791 2527 1862 ipsi
2557 1791 2801 1848 insidiati
2849 1800 3007 1860 sunt,
3039 1793 3403 1865 improbitatis
3435 1793 3616 1851 decla-

375 1882 475 1953 τῆς
504 1885 767 1954 πονηρίας
795 1885 1112 1958 φανέρωσις.

868 2038 1213 2096 ΕΠΙΣΤΟΛΗ
1250 2042 1436 2097 PMH'.

2052 1883 2211 1937 ratio.

2498 2037 2839 2095 EPISTULA
2874 2037 3167 2097 CXLVIII’.

807 2154 1076 2203 Maximum
1102 2156 1323 2220 Trojano
1340 2152 1641 2206 cemmendat
1664 2152 1898 2216 Basilius,
1922 2168 1981 2205 ac
2003 2161 2143 2221 rogat
2165 2161 2218 2206 ut
2236 2154 2284 2206 ei
2306 2153 2357 2206 in
2370 2153 2564 2221 judicio
2585 2153 2907 2220 patrocinium
2925 2154 3184 2219 impendat.

1025 2260 1302 2330 Τραϊανῷ.

446 2365 654 2434 Πολλὴν
700 2367 855 2441 φέρει
900 2372 1013 2435 τοῖς
1053 2373 1542 2445 καταπονουμένοις
1575 2375 1942 2449 παραμυθίαν,

375 2457 474 2513 καὶ
520 2459 582 2512 τὸ
623 2458 765 2530 ἔχειν
816 2461 1183 2532 ἀποδύρασθαι
1229 2464 1326 2529 τὰς
1381 2466 1587 2520 ἑαυτῶν
1629 2469 1941 2541 συμφοράς⁸

375 2551 474 2605 καὶ
510 2551 760 2621 μάλιστα,
792 2554 918 2608 ὅταν
951 2556 1158 2628 ἀνδρῶν
1203 2558 1497 2630 ἐπιτύχωσι
1543 2559 1851 2632 δυναμένων
1881 2564 1944 2614 ἐκ

374 2642 477 2712 τῆς
500 2642 595 2696 τοῦ
629 2645 828 2715 τρόπου
873 2647 1278 2717 καλοκαγαθίας
1322 2651 1674 2722 συμπαθῆσαι
1702 2656 1812 2716 τοῖς
1846 2652 1943 2706 ἁλ-

374 2738 595 2804 γεινοῖς.
619 2736 781 2791 Ὅθεν
805 2740 897 2793 καὶ
924 2740 953 2793 ό
975 2739 1397 2812 αἱδεσιμώτατος
1421 2742 1645 2812 ἀδελφὸς
1673 2744 1942 2814 Μάξιμος,

2708 2262 2963 2333 Trojano.

2121 2376 2347 2431 Multum
2375 2376 2530 2431 aﬂ‘ert
2556 2376 2766 2432 aﬂIictis
2794 2375 2973 2431 solatii
3002 2375 3088 2430 vel
3119 2388 3281 2441 posse
3311 2372 3508 2430 deﬂere
3526 2389 3619 2430 ca-

2049 2464 2325 2521 Iamilntes
2366 2481 2528 2529 suas;
2571 2467 2840 2531 maxime,
2875 2481 2999 2520 cum
3034 2466 3184 2520 viros
3229 2466 3373 2520 nacti
3419 2465 3621 2521 fuerint

2050 2571 2262 2610 morum
2317 2557 2585 2625 probitate
2639 2555 2896 2624 idoneos,
2944 2556 3037 2625 qui
3093 2570 3282 2610 eorum
3335 2556 3617 2612 doloribus

2050 2656 2520 2702 enu'nnoveantur.
2550 2646 2703 2703 Unde
2725 2656 2779 2702 et
2806 2648 2955 2701 omni
2986 2649 3191 2703 honore
3219 2648 3417 2718 dignus
3449 2647 3621 2704 frater

2045 2737 2334 2801 Maximus.
2377 2740 2469 2809 qui
2502 2740 2688 2809 patria:
2727 2747 2931 2793 nostrae
2958 2737 3193 2810 praefuit,
3232 2739 3359 2792 talia
3396 2751 3616 2809 passus,

374 2826 405 2879 ὁ
441 2826 540 2896 τῆς
574 2829 828 2899 πατρίδος
853 2830 1008 2901 ἡμῶν
1046 2833 1410 2904 ἡγησάμενος,
1443 2832 1630 2887 παθὼν
1668 2829 1754 2888 οἷα
1793 2835 1943 2889 οὐδέ·-

2053 2831 2231 2900 qualia
2275 2831 2515 2883 nondum
2550 2830 2838 2898 quisquam
2873 2829 3175 2893 hominum,
3209 2836 3262 2881 et
3301 2827 3421 2883 suis
3453 2828 3619 2883 rebus

379 2932 466 2969 πω
487 2914 596 2986 (15)
628 2935 712 2981 τις
743 2919 1043 2991 ἀνθρώπων
1076 2924 1281 2994 ἔτερος,
1317 2926 1409 2977 καὶ
1447 2925 1663 2978 πάντων
1709 2927 1805 2998 μὲν
1851 2943 1945 2995 γυ-

2053 2920 2303 2975 omnibus
2332 2926 2447 2972 tum
2492 2919 2735 2990 paternis
2780 2928 2893 2973 tum
2937 2919 3171 2989 pristino
3216 2918 3401 2974 labore
3447 2919 3621 2989 partis

382 3008 614 3078 μνωθεὶς
657 3010 765 3064 τῶν
805 3013 1141 3083 προσόντων,
1177 3016 1275 3069 ὅσα
1307 3033 1365 3068 τε
1406 3013 1473 3087 ἦν
1504 3017 1648 3087 αὐτῷ
1697 3018 1943 3089 πατρῷα,

2053 3012 2309 3075 nudatus,
2344 3011 2510 3083 238
2539 3011 2843 3065 innumeris
2868 3010 3099 3066 amictus
3127 3010 3378 3078 corporis
3402 3024 3614 3063 meom-

380 3100 473 3154 καὶ
518 3102 617 3155 ὅσα
680 3103 744 3156 ὲκ
795 3106 1074 3176 προτέρων
1122 3107 1296 3159 πόνων
1356 3108 1569 3179 ὑπῆρχε
1612 3108 1722 3175 (14)
1766 3125 1942 3162 συνει-

377 3190 636 3263 λεγμένα,
683 3195 1069 3265 κακοπαθήσας
1120 3196 1179 3249 δὲ
1225 3196 1303 3268 τῷ
1347 3197 1557 3268 σώματι
1605 3200 1775 3268 μυρία
1822 3202 1945 3264 ταῖς

324 3316 333 3321 ν
376 3284 489 3339 ἄνω
534 3286 645 3353 (15)
694 3286 788 3340 καὶ
829 3288 978 3342 κάτω
1021 3287 1271 3353 πλάναις,
1322 3291 1414 3343 καὶ
1463 3290 1583 3344 οὐδὲ
1642 3290 1808 3354 αὐτὴν
1845 3292 1946 3361 τὴν

375 3377 659 3448 ἐπιτιμίαν
703 3379 1105 3451 ἀνεπηρέαστον
1149 3381 1438 3446 διασώσας,
1475 3377 1541 3452 ἧς
1574 3383 1735 3437 ἕνεκα
1772 3386 1946 3438 πάντα

377 3472 564 3522 πονεῖν
617 3472 730 3534 τοῖς
774 3471 1076 3542 ἐλευθέροις
1134 3472 1380 3546 σύνηθες,
1441 3473 1610 3527 πολλὰ
1666 3474 1763 3545 μὲν
1811 3475 1946 3545 πρὸς

374 3560 527 3631 ἡμᾶς
582 3562 710 3631 περὶ
761 3561 870 3614 τῶν
940 3563 1259 3634 συμϐάντων
1321 3562 1469 3635 αὐτῷ
1522 3563 1944 3636 ἀπωλοφύρατο,

385 3651 578 3718 ἦξίωσε
603 3651 659 3705 δὲ
688 3651 753 3704 δι’
784 3652 964 3723 ἡμῶν,
1015 3654 1089 3717 ὡς
1136 3656 1194 3707 ἐν
1239 3655 1514 3725 κεφαλαίῳ
1562 3654 1801 3726 φανερὰν
1857 3672 1949 3724 γε·

387 3743 562 3796 νὶσθαι
592 3760 674 3796 σοι
692 3744 789 3815 τὴν
822 3748 1152 3816 περιστᾶσαν
1182 3746 1329 3817 αὐτῷ
1360 3746 1467 3799 τῶν
1501 3747 1685 3801 κακῶν
1729 3747 1945 3801 Ἰλιάδα.

390 3829 571 3901 Κάγὼ,
602 3834 787 3903 ἐπειδὴ
825 3834 995 3898 ἄλλως
1024 3836 1174 3890 οὐδὲν
1217 3837 1437 3905 ἀφελεῖν
1484 3838 1649 3891 αὑτοῦ
1691 3837 1797 3891 τῶν
1843 3838 1950 3891 δει-

390 3919 487 3972 Vtin
510 3924 797 3995 ἠδυνήθην,
834 3926 1064 3996 ἑτοίμως
1091 3928 1292 4000 ταύτην
1320 3928 1492 3982 ἔδωκα
1527 3928 1622 4000 τὴν
1658 3930 1813 4000 χάριν
1837 3944 1851 3957 ·
1890 3929 1950 3982 τὸ

391 4009 539 4078 ὀλίγι
559 4015 624 4067 ἐκ
644 4014 875 4080 πολλῶν,
906 4010 982 4070 ὧν
1011 4018 1214 4087 ἥκουσα
1252 4020 1380 4092 παρ’
1412 4019 1598 4082 αὐτοῦ,
1644 4019 1947 4087 διαγγεῖλαι

388 4105 457 4172 τῇ
492 4107 796 4178 κισμιότητί
822 4125 913 4161 σου
936 4127 949 4141 ·
980 4110 1164 4181 ἐπειδὴ
1187 4111 1345 4176 αὐτὸς
1372 4111 1628 4183 ὲρυθριᾷν
1660 4128 1748 4181 μοι
1774 4110 1947 4163 ἐδόκει

388 4195 492 4258 τὰς
523 4197 703 4253 ἑαυτοῦ
733 4201 1014 4274 συμφορὰς
1045 4202 1288 4273 ἐναργῶς
1318 4203 1698 4276 διηγήσασθαι.
1743 4203 1805 4255 El
1839 4202 1947 4274 γάρ

391 4288 488 4339 καὶ
546 4293 767 4361 πονηρὸν
829 4292 920 4345 τὸν
987 4293 1282 4363 ἠδικηκότα
1349 4295 1627 4365 συνίστησι
1660 4292 1750 4370 .τά
1793 4294 1947 4362 γενό-

2049 3104 2249 3169 modis,
2285 3104 2413 3157 dum
2456 3101 2727 3171 susdeque
2759 3107 2927 3162 errat,
2975 3116 3038 3154 ac
3085 3117 3152 3155 ne
3191 3101 3367 3171 ipsum
3400 3100 3615 3169 quidem

2047 3196 2184 3251 civis
2227 3204 2426 3249 statum
2454 3237 2468 3262 ,
2500 3195 2659 3263 cujus
2706 3209 2871 3249 causa
2914 3193 3068 3247 liberi
3110 3193 3245 3247 nihil
3290 3195 3618 3246 intentatum

2044 3288 2356 3354 relinquere
2403 3286 2612 3350 solent,
2653 3286 2721 3339 ab
2760 3286 2980 3355 injuriis
3020 3285 3293 3355 integrum
3336 3284 3627 3346 retinens,

2045 3380 2298 3451 pluribus
2348 3377 2489 3450 apud
2550 3392 2635 3432 me
2698 3391 2863 3431 casus
2905 3391 3037 3431 suos
3104 3376 3432 3430 lamentatus
3496 3379 3618 3435 est,

2047 3487 2112 3525 ac
2169 3471 2407 3542 rogavit,
2458 3478 2517 3523 ut
2561 3470 2826 3524 malorum
2864 3483 3087 3523 suorum
3131 3466 3349 3521 Iliadem
3383 3465 3622 3521 breviter

2048 3564 2142 3617 tibi
2174 3572 2300 3618 ante
2332 3563 2522 3617 oculos
2569 3576 2845 3632 ponerem.
2883 3559 2993 3631 Ego
3039 3568 3220 3614 autem
3279 3574 3403 3612 eum
3459 3557 3620 3612 aliter

2048 3654 2196 3708 illius
2243 3668 2516 3707 aerumnas
2583 3654 2762 3706 levare
2819 3666 2927 3705 non
2968 3666 3220 3721 possem,
3268 3649 3500 3703 libenter
3563 3646 3619 3703 id

2049 3745 2276 3817 praestiti
2336 3744 2607 3803 beneﬁcii.
2642 3751 2702 3797 ut
2748 3758 2920 3812 pauca
2975 3757 3041 3796 ex
3084 3741 3272 3795 multis
3307 3755 3430 3809 quae
3464 3739 3532 3793 ab
3552 3752 3621 3793 eo

2050 3837 2258 3898 audivi,
2289 3836 2538 3905 dignitati
2570 3843 2674 3888 tuae
2707 3834 2987 3894 referrem,
3020 3832 3463 3902 quandoquidem
3491 3846 3616 3885 eum

2048 3929 2306 3999 pudebat.
2330 3934 2389 3981 ut
2421 3927 2550 3981 mihi
2580 3926 2880 3986 videbatur,
2916 3925 3254 3979 calamitates
3281 3939 3408 3979 suas
3434 3930 3623 3991 aperte

2048 4034 2338 4089 exponere.
2373 4017 2506 4072 Nam
2552 4033 2673 4088 qua:
2706 4031 2937 4071 evenere
2961 4055 2974 4079 ,
3002 4016 3046 4071 si
3087 4023 3364 4070 auctorem
3406 4012 3621 4084 injuria:

2048 4125 2283 4180 nequam
2326 4124 2447 4164 esse
2480 4107 2893 4167 demonstrant.
2925 4114 3071 4163 certe
3112 4122 3236 4162 eum
3281 4107 3375 4176 qui
3424 4120 3620 4176 passus

2048 4211 2152 4265 est,
2188 4200 2423 4253 Inaxima
2449 4201 2802 4253 miseratione
2832 4198 3055 4269 dignum
3081 4197 3377 4253 ostendunt
3401 4216 3414 4250 :
3442 4196 3618 4266 siqui-

2049 4294 2171 4348 dem
2206 4291 2337 4344 illnd
2372 4291 2547 4360 ipsum
2582 4291 2634 4343 iu
2662 4290 2803 4344 mala
2823 4289 3083 4344 divinitus
3109 4290 3353 4344 immissa
3378 4288 3622 4343 incidero

396 4395 534 4449 μενα
562 4380 686 4450 H6),
718 4382 832 4435 ἀλλ’
857 4379 948 4437 οὖν
974 4401 1035 4454 γε
1062 4384 1152 4438 τὸν
1189 4385 1493 4439 πεπονθότα
1527 4382 1623 4456 τῆς
1651 4384 1945 4457 ἐλεεινοτά-

2053 4390 2372 4450 argumento
2403 4391 2486 4435 est
2518 4379 2919 4451 quodammodo
2957 4395 3079 4435 eum
3112 4381 3205 4450 qui
3254 4380 3368 4436 base
3415 4379 3623 4450 patitur

390 4483 492 4537 της
521 4466 638 4523 ὅντα
668 4471 881 4542 μερίδος
919 4472 1184 4525 δείκνυσιν
1208 4490 1220 4504 ⁸
1252 4474 1438 4545 ἐπειδὴ
1467 4474 1597 4527 αὐτὸ
1624 4473 1683 4526 τὸ
1724 4488 1949 4544 περιπε-

394 4554 508 4604 σεῖν
532 4555 638 4617 τοῖς
662 4556 941 4628 θεηλάτοις
974 4562 1160 4624 κακοῖς
1187 4561 1458 4627 ἀπόδειξίν
1487 4579 1602 4626 πως
1630 4560 1773 4632 ἔχειν
1801 4562 1950 4615 δοκεῖ

391 4642 488 4697 τοῦ
540 4650 921 4714 παραδεδόσθαι
968 4655 1079 4715 τοῖς
1130 4653 1370 4708 πάθεσιν.
1436 4654 1575 4707 Ἀλλ’
1633 4655 1793 4725 ἀρκεῖ
1837 4653 1946 4723 (Π)

390 4734 543 4806 αὒτῷ
575 4738 704 4808 πρὸς
737 4742 1087 4812 παραμυθίαν
1122 4743 1230 4796 τῶν
1277 4745 1593 4816 συμϐάντων
1633 4745 1694 4798 τὸ
1734 4746 1952 4813 εὐμενεῖ

394 4825 558 4879 αὐτὸν
599 4830 917 4902 προσϐλέψαι
942 4831 1018 4903 τῷ
1051 4833 1258 4904 ὄμματι
1297 4852 1376 4900 σε,
1410 4837 1503 4889 καὶ
1539 4837 1638 4906 τὴν
1669 4836 1950 4907 πολυαρκῆ

392 4915 578 4988 χάριν.
612 4912 678 4988 ἦς
708 4920 898 4987 πάντες
927 4923 1287 4989 ἀπολαύοντες
1313 4926 1557 4997 δαπανᾷν
1593 4928 1653 4980 οὐ
1700 4927 1951 4980 δύνανται

395 5007 518 5079 (τὴν
548 5007 648 5078 τῆς
676 5010 777 5081 σῆς
798 5014 1130 5086 ἡμερότητος
1167 5015 1351 5086 λέγω),
1395 5017 1489 5070 καὶ
1515 5018 1603 5070 ἐπ’
1643 5017 1805 5072 αὑτὸν
1852 5018 1951 5086 ἀφ-

471 5186 583 5255 (11)
630 5187 754 5254 Τοῖς
790 5190 951 5245 oblat.
987 5191 1078 5247 Fic
1110 5201 1221 5248 tres
1248 5194 1606 5250 vetustissimi
1636 5193 1857 5250 codices
1896 5201 1953 5249 et

398 5255 639 5328 Clarum.
675 5257 809 5311 Editi
843 5264 942 5325 τοῖς
967 5263 1207 5328 οἰκείοις.

472 5326 584 5397 (κίεν
624 5330 1116 5397 Σκευωρηθεῒσαν.
1167 5326 1326 5389 ἰΙπΙ.
1367 5340 1423 5389 et
1467 5331 1706 5389 Clarom.
1750 5349 1952 5388 σκαιω-

404 5396 681 5466 ρηθεῖσαν.

398 5465 586 5589 ὒῦἓί)
627 5467 889 5522 οὐδέπω.
915 5470 993 5527 Ita
1025 5470 1174 5529 Harl.
1211 5488 1335 5529 cum
1365 5472 1604 5544 quinque
1639 5472 1780 5529 aliis.
1808 5471 1951 5529 Editi

409 5605 906 5735 “giganta-aﬂag-
939 5604 1042 5670 loc
1077 5613 1300 5671 verbum
1331 5610 1640 5670 addidimus
1664 5626 1730 5668 ex
1764 5610 1939 5680 Harl.,

2049 4475 2488 4529 amictationibus
2514 4488 2637 4528 esse
2673 4474 2958 4528 traditum.
3006 4471 3111 4527 Sed
3141 4479 3320 4528 tamen
3349 4474 3484 4528 satis
3536 4480 3624 4528 est

2050 4568 2126 4622 illi
2156 4566 2221 4620 ad
2248 4566 2501 4621 solatium
2531 4565 2820 4629 malorum,
2855 4576 2913 4620 ut
2937 4566 3173 4635 benigno
3205 4565 3354 4619 illum
3385 4563 3623 4634 aspicias

2049 4659 2231 4720 oculo,
2260 4672 2323 4711 ac
2350 4657 2570 4713 uberem
2604 4658 2747 4712 illam
2778 4657 3028 4729 gratiam.
3052 4672 3212 4727 quam
3238 4671 3428 4710 omnes
3456 4670 3624 4724 expe-

2051 4750 2288 4811 riuntur,
2317 4764 2418 4803 nec
2445 4755 2625 4803 tamen
2654 4756 2881 4819 possunt
2904 4748 3193 4804 absumere
3224 4747 3476 4817 (gratiam
3499 4747 3622 4800 dico

2050 4842 2292 4897 lenitatis
2331 4841 2459 4915 tum)
2496 4843 2660 4897 etiam
2702 4844 2755 4896 in
2794 4843 2945 4895 illum
2985 4838 3269 4896 extendas.
3313 4839 3368 4891 In
3412 4836 3622 4907 judicio

2052 4944 2231 4989 autem
2262 4950 2461 5005 magno
2488 4936 2538 4989 ei
2565 4933 2679 4988 l'ore
2700 4934 2766 4988 ad
2791 4933 3115 4988 vincendum
3148 4929 3403 5001 praesidio
3436 4938 3623 4998 patro-

2052 5027 2258 5082 cinium
2290 5037 2467 5081 tuum.
2504 5026 2663 5081 nobis
2695 5025 2952 5079 omnibus
2979 5032 3131 5077 certo
3159 5033 3484 5091 persuasum
3514 5024 3618 5073 est.

2124 5198 2236 5268 (15)
2279 5198 2414 5266 Ταῖς
2437 5198 2577 5253 ἅνω.
2612 5200 2690 5253 Ita
2742 5197 2917 5257 IIarl..
2958 5197 3124 5261 Med.,
3166 5196 3333 5250 Coisl.
3368 5203 3619 5268 uterque.

2052 5264 2187 5339 Reg.
2218 5264 2454 5339 uterque
2477 5277 2532 5324 et
2557 5276 2785 5339 uterque
2810 5268 2982 5336 Bigot.
3015 5268 3156 5322 Editi
3175 5271 3295 5339 ταῖς
3325 5283 3385 5339 τε
3415 5264 3546 5339 ἄνω.

2126 5336 2237 5405 (⁷16)
2284 5336 2710 5409 Τᾶτενόμεναζ
2738 5337 2828 5392 Sic
2865 5347 2977 5392 tres
3013 5337 3372 5395 vetustissimi
3404 5336 3622 5391 codices

2053 5417 2109 5465 et
2132 5410 2220 5461 alii
2248 5408 2513 5463 nonnulli.
2550 5408 2689 5461 Editi
2718 5409 2785 5462 τά
2814 5409 3093 5475 γεγονότα,
3603 5454 3610 5461 .

2124 5479 2234 5545 (17)
2289 5478 2494 5546 Ἀρκεῖ.
2526 5477 2667 5551 Male
2691 5478 2744 5551 in
2770 5479 3005 5551 editione
3030 5479 3054 5531 1
3084 5476 3256 5533 Paris.
3285 5478 3471 5551 ἀρκεῖν
3492 5490 3626 5532 con-

2056 5556 2140 5603 tra
2169 5559 2411 5603 veterum
2438 5548 2687 5601 codicum
2718 5548 2895 5601 iidem.

2131 5620 2146 5638 '
2186 5619 2335 5673 Alias
2361 5615 2678 5672 CCLXX“.
2731 5615 2944 5687 Scripta
2974 5631 3117 5672 anno
3142 5616 3265 5672 375.
