3948 6214
299 325 404 384 599
1595 329 1654 386 8.
1694 329 1942 388 BASILII
1979 325 2194 388 MAGNI
3447 324 3554 381 300

304 443 480 512 Atque
511 443 759 498 omnium
796 441 1156 513 dignissimus
1191 451 1278 500 est
1309 457 1426 515 ipse
1459 443 1568 509 ille,
1607 446 1700 515 qui
1730 461 1880 524 meas

1983 445 2190 519 εθῆναι.
2217 447 2338 499 Ὅτι
2382 427 2439 499 δέ
2484 447 2579 501 καὶ
2611 447 2670 501 ὲν
2707 446 3076 520 δικαστηρίοις
3138 441 3349 516 μεγάλη
3407 446 3555 516 αὐτῷ

301 535 537 598 litteras,
575 545 638 591 ut
680 535 787 592 sibi
815 535 1019 608 aliquid
1056 537 1374 608 profuturas
1415 537 1685 608 poposcit.
1712 552 1875 608 quem

1983 541 2204 612 ἀφορμὴ
2230 540 2365 611 πρὸς
2403 539 2504 610 τὴν
2543 540 2698 610 νίκην
2729 542 2763 610 ἡ
2808 529 2960 610 παρὰ
2992 537 3086 592 σοῦ
3143 536 3306 610 ῥοπὴν
3358 536 3556 600 πάντες

301 639 430 680 cum
466 627 590 683 aliis
634 630 920 685 videamus
953 631 1083 685 totis
1123 645 1236 684 sua:
1267 630 1418 686 vocis
1449 629 1658 686 viribus
1687 630 1879 688 laudes

1983 631 2229 703 ἀκριϐῶς
2272 629 2638 701 πεπείσμεθα.
2691 630 3040 692 Δικαιότατος
3091 627 3148 681 δὲ
3203 627 3421 681 πάντων
3465 627 3557 677 καὶ

303 719 588 788 gravitatis
623 729 727 775 tuae
758 722 1167 792 prmdicantem.

1987 724 2152 788 αὐτὸς
2183 719 2362 788 οὗτος,
2407 725 2437 777 ὁ
2465 721 2562 794 τὴν
2591 722 2878 793 ἐπιστολὴν
2922 721 3101 792 ἡμῶν,
3149 719 3225 783 ὣς
3270 735 3322 770 τι
3366 717 3558 785 ὄφελος

303 807 450 878 αὑτῷ
485 810 771 882 ἐσομένην,
827 812 1186 884 ἐπιζητήσας·
1220 812 1279 866 ὃν
1328 811 1467 884 μετὰ
1517 811 1625 866 τῶν
1663 811 1838 867 ἄλλων
1867 813 2070 885 ἴδοιμεν
2094 818 2161 886 τῇ
2189 815 2330 869 κατὰ
2360 814 2590 886 δύναμιν
2615 814 2780 870 αὑτοῦ
2821 812 2931 884 (18)
2957 814 3107 883 φωνῇ
3139 810 3238 882 τὴν
3263 807 3360 879 σὴν
3384 809 3556 878 εὐφη-

304 901 507 958 Mona
531 907 850 979 σεμνότητα.

766 1063 1106 1121 EPISTOLA
1144 1065 1400 1122 CXLIX'.

2476 1063 2821 1116 ΕΠΙΣΤΟΛΗ
2859 1061 3038 1115 ΡΜΘ’.

304 1197 359 1249 Is
376 1197 443 1250 ad
465 1195 810 1270 maniplo
832 1205 901 1270 est
921 1197 1025 1268 [nec
1052 1197 1258 1268 epistola
1273 1235 1286 1257 ,
1307 1196 1504 1270 _vide_rat
1525 1197 1799 1270 primordia
2168 1194 2377 1270 {faxim}
2389 1210 2407 1257 ;
2429 1195 2520 1247 sed
2541 1203 2704 1266 postea
2725 1207 2878 1266 pem?
2896 1196 3273 1270 acicontumelig
3307 1197 3559 1262 grauiora

518 1258 715 1321 inﬂicta:
736 1267 845 1310 sunt
860 1297 873 1319 ,
891 1274 949 1310 ac
970 1258 1184 1310 vicarius
1205 1264 1350 1310 modo
1371 1258 1633 1312 adverterat
1647 1297 1662 1321 ,
1687 1267 1738 1311 ut
1759 1259 1890 1311 mata
1907 1261 2139 1323 expleret.
2165 1258 2364 1310 Homini
2386 1258 2666 1309 miserrimo
2687 1258 2827 1323 opem
2850 1258 3076 1321 implorat
3107 1258 3336 1310 Basilius.

950 1388 1207 1458 Trojano.

2204 1394 2216 1406 '
2566 1387 2826 1458 Τραϊανῷ
2848 1389 2980 1461 (I9).

368 1519 491 1590 Ipse
545 1520 721 1575 oculis
780 1519 965 1576 vidisti
1040 1521 1397 1576 :alamitatem
1455 1521 1556 1574 viri
1602 1519 1876 1590 quondam

2053 1521 2163 1574 Kal.
2195 1521 2358 1584 αὐτὸς
2383 1519 2666 1583 ,ὑπέϐαλες
2699 1520 2810 1588 (20)
2861 1519 3125 1592 ὀφθαλμῷ
3162 1521 3272 1591 ’τὴν
3309 1520 3559 1576 κακοπά-

301 1611 456 1674 clari,
505 1611 599 1668 sed
653 1627 800 1666 nunc
858 1613 1151 1668 miserrimi
1215 1614 1458 1668 omnium
1500 1611 1719 1666 Maximi
1785 1611 1878 1681 qui

1984 1609 2134 1663 θειαν
2172 1610 2266 1664 τοῦ
2301 1610 2566 1682 πρότερον
2605 1609 2704 1680 μὲν
2761 1609 3068 1680 εὐδοκίμου,
3104 1609 3198 1664 νῦν
3233 1609 3289 1662 δὲ
3326 1611 3559 1663 ἐλεεινο-

303 1702 493 1772 patriae
537 1710 738 1757 nostra:
775 1703 1103 1773 praefuerat,
1145 1713 1309 1774 atque
1351 1705 1558 1760 utinam
1586 1721 1694 1759 non
1739 1719 1879 1774 pra:-

1983 1701 2142 1754 τάτου
2173 1701 2384 1755 πάντων
2420 1701 2697 1772 Μαξίμου,
2725 1701 2820 1755 τοῦ
2859 1701 3122 1772 ἄρξαντος
3153 1701 3254 1770 τῆς
3297 1701 3557 1774 πατρίδος

303 1790 536 1846 fuisset!
589 1791 858 1848 Existimo
913 1794 1060 1848 enim
1108 1792 1267 1858 fore,
1330 1801 1390 1848 ut
1423 1793 1578 1848 multi
1630 1794 1875 1864 gentium

1983 1789 2156 1861 ἡμῶν,
2201 1790 2278 1855 ὡς
2319 1791 2419 1844 οὐκ
2460 1790 2667 1860 ὤφελεν
2696 1790 2838 1860 (2|)!
2881 1788 3049 1862 Οἶμαι
3085 1790 3194 1862 γὰρ
3231 1790 3298 1844 ἂν
3338 1789 3557 1854 πολλοῖς

302 1883 672 1952 gubernacula
728 1884 960 1954 fugiant,
993 1884 1038 1941 si
1089 1885 1594 1940 administrationes
1631 1885 1698 1940 ad
1731 1885 1881 1953 ejus-

303 1977 451 2032 modi
504 1978 710 2032 exitum
763 1980 1014 2034 reditura:
1057 1991 1206 2036 sunt.
1258 1979 1441 2046 Quare
1467 1979 1596 2050 quid
1629 1995 1766 2050 opus
1795 1987 1881 2035 est

303 2066 516 2137 singula
575 2084 871 2132 enarrem,
915 2075 970 2124 et
1007 2086 1129 2140 quas
1177 2071 1331 2134 vidi,
1387 2080 1442 2125 et
1491 2087 1611 2141 qua:
1673 2071 1877 2134 audivi,

302 2156 421 2211 viro
462 2157 532 2212 ob
589 2159 844 2212 eximiam
899 2160 1098 2231 ingenii
1149 2161 1320 2216 aciem
1368 2161 1610 2226 idoneo,
1670 2162 1762 2232 qui
1812 2177 1881 2217 ex

302 2253 494 2321 paucis
537 2249 696 2306 factis
746 2266 810 2307 ea
859 2268 980 2322 quae
1036 2253 1368 2308 omittuntur
1407 2255 1724 2309 existimet?
1773 2252 1880 2309 Sed

302 2352 484 2399 tamen
514 2343 653 2399 forte
677 2345 952 2415 superﬂua
1009 2346 1157 2415 loqui
1194 2346 1291 2400 tibi
1328 2361 1438 2400 non
1472 2347 1699 2402 videbor
1728 2387 1744 2410 ,
1774 2348 1880 2402 hoc

302 2436 349 2493 si
403 2435 612 2500 dixero,
664 2450 787 2490 cum
821 2437 986 2491 multa
1017 2446 1069 2491 et
1108 2438 1293 2508 gravia
1328 2446 1454 2492 aute
1505 2447 1656 2492 tuum
1679 2438 1880 2493 adven-

300 2532 417 2580 tum
474 2526 531 2580 in
590 2524 768 2595 ipsum
808 2533 1118 2595 perpetrata
1163 2527 1295 2590 sint,
1328 2543 1448 2598 quae
1495 2538 1684 2599 postea
1729 2537 1880 2599 gesta

301 2626 431 2670 sunt
465 2617 594 2670 talia
624 2631 767 2680 esse,
829 2621 890 2670 ut
930 2617 1214 2686 superiora
1265 2619 1656 2676 humanitatem
1691 2621 1885 2677 existi-

301 2719 454 2762 mare
519 2715 734 2778 cogant.
800 2705 1032 2762 Tantam
1087 2711 1430 2766 contumeliae
1478 2720 1532 2765 et
1587 2712 1770 2766 damni
1826 2720 1884 2767 et

303 2799 478 2870 ipsius
501 2800 750 2871 corporis
777 2799 1242 2855 incommodorum
1279 2803 1704 2873 magnitudinem
1719 2799 1882 2875 239

305 2890 564 2955 habuere,
624 2907 746 2960 qua:
785 2891 839 2945 in
878 2892 1056 2961 ipsum
1110 2894 1453 2963 postmodum
1481 2908 1510 2946 a
1555 2895 1757 2950 vicario
1785 2911 1883 2950 ex-

1981 1881 2260 1952 ἀπευκτὴν
2309 1880 2526 1934 ἔσεσθαι
2571 1880 2672 1946 τὴν
2719 1881 2826 1935 τῶν
2867 1879 3036 1934 ἐθνῶν
3079 1880 3272 1953 ἀρχὴν,
3319 1883 3366 1934 εί
3417 1880 3557 1952 πρὸς

1979 1971 2218 2027 τοιοῦτον
2257 1971 2432 2045 πέρας
2469 1971 2722 2042 μέλλουσι
2775 1973 3173 2045 καταστρέφειν
3216 1973 3272 2026 αἱ
3317 1989 3559 2044 προστα-

1982 2061 2110 2115 σίαι.
2141 2063 2303 2114 Ὥστε
2348 2061 2400 2114 τί
2445 2061 2527 2114 δεῖ
2567 2063 2713 2132 ἡμᾶς
2741 2061 2809 2114 τὰ
2843 2061 2966 2116 καθ’
3004 2059 3234 2116 ἕκαστον
3279 2061 3557 2130 ἐπαγγέλ-

1979 2153 2114 2217 λειν,
2145 2145 2220 2206 ὧν
2274 2170 2334 2206 τε
2383 2153 2621 2224 εἴδομεν,
2667 2145 2744 2206 ὧν
2782 2167 2843 2206 τε
2887 2153 3230 2225 ἠκούσαμεν,
3272 2155 3427 2226 ἀνδρὶ
3466 2155 3558 2208 διὰ

1981 2247 2182 2318 πολλὴν
2219 2247 2318 2318 τῆς
2345 2247 2583 2310 διανοίας
2609 2245 2843 2318 ὀξύτητα
2876 2247 3046 2319 ἱκανῷ
3085 2249 3144 2314 ἐξ
3201 2248 3396 2316 ὀλίγων
3447 2249 3559 2301 τῶν

1982 2337 2333 2409 πραχθέντων
2358 2337 2724 2406 στοχάσασθαι
2749 2339 2815 2393 τὰ
2846 2337 3176 2409 λειπόμενα;
3205 2339 3351 2408 Πλὴν
3381 2340 3559 2392 ἐκεῖνό

1981 2447 2045 2498 γε
2074 2427 2263 2494 εἰπὼν,
2297 2428 2427 2492 ἴσως
2460 2430 2520 2484 οὐ
2545 2431 2800 2502 περιττός
2831 2447 2911 2483 σοι
2945 2432 3277 2501 φανήσομαι,
3307 2431 3388 2482 ὅτι
3429 2431 3560 2484 πολ-

1981 2522 2089 2575 λῶν
2120 2521 2289 2576 ὄντων
2337 2521 2430 2575 καὶ
2461 2520 2650 2576 δεινῶν
2692 2523 2802 2576 τῶν
2851 2525 2931 2586 εἰς
2975 2521 3135 2575 αὑτὸν
3180 2519 3561 2593 τολμηθέντων

1983 2613 2088 2686 πρὸ
2133 2614 2233 2684 τῆς
2285 2613 2385 2685 σῆς
2421 2617 2748 2686 παρουσίας,
2787 2615 3015 2669 τοιαῦτα
3057 2615 3250 2685 γέγονε
3299 2615 3369 2668 τὰ
3421 2614 3560 2686 μετὰ

1980 2704 2192 2769 ταῦτα,
2240 2705 2316 2769 ὡς
2357 2705 2770 2779 φιλανθρωπίαν
2837 2708 3060 2776 ποιῆσαι
3109 2708 3432 2778 νομισθῆναι
3489 2708 3560 2760 τὰ

1983 2796 2282 2863 φθάσαντα.
2327 2798 2608 2870 Τοσαύτην
2657 2794 2803 2870 εἶχεν
2845 2800 3151 2872 ὑπερϐολὴν
3201 2798 3414 2870 ὕϐρεως
3463 2803 3560 2854 καὶ

1983 2887 2208 2959 ζημίας,
2233 2890 2326 2943 καὶ
2351 2889 2452 2960 τῆς
2486 2892 2565 2954 είς
2589 2891 2718 2944 αὐτὸ
2746 2893 2807 2945 τὸ
2839 2893 2999 2962 σῶμα
3024 2893 3398 2955 κακοπαθείας
3421 2893 3557 2961 (2‘2),

304 2983 540 3054 cogitata
590 2991 737 3038 sunt.
790 2981 854 3035 Et
901 2998 1048 3037 nunc
1103 3000 1228 3038 cum
1266 2984 1634 3041 cohortalibus
1665 2975 1881 3056 appari?

1983 2979 2052 3029 τὰ
2078 2977 2141 3049 δὴ
2185 2977 2411 3051 ὕστερον
2455 2978 2602 3052 αὐτῷ
2644 2985 2795 3055 παρὰ
2837 2984 2930 3037 τοῦ
2971 2984 3297 3055 κρατοῦντος
3338 2986 3560 3056 ἔξευρε.⁶

305 3075 521 3130 toribus
580 3075 746 3138 venit,
783 3081 842 3128 ut
885 3074 1094 3144 reliqua
1138 3089 1236 3130 sua
1289 3076 1432 3128 mala
1465 3075 1554 3130 hic
1603 3075 1825 3147 impleat
1861 3118 1876 3142 ,

1983 3064 2161 3120 θέντα.
2195 3069 2305 3121 Καὶ
2330 3068 2426 3123 νῦν
2455 3069 2763 3142 ἔμφρουρος
2793 3073 2917 3143 ἥκει
2946 3073 3015 3126 τὰ
3051 3072 3278 3143 λείψανα
3317 3074 3426 3127 τῶν
3454 3067 3558 3126 ὧδε

303 3166 412 3222 nisi
470 3175 526 3220 tu
586 3181 838 3236 magnam
894 3173 1042 3220 tuam
1095 3181 1314 3220 manum
1373 3167 1708 3237 praetendere
1748 3169 1881 3225 velis

1987 3158 2173 3211 κακῶν
2205 3159 2370 3213 αὐτοῦ
2401 3160 2834 3234 ἀποπληρὼσων,
2865 3163 2958 3216 ἐὰν
2989 3163 3063 3234 μὴ
3099 3167 3160 3218 σὺ
3190 3165 3288 3234 τὴν
3314 3164 3560 3236 μεγάλην

305 3258 524 3314 aﬂlicto.
592 3256 1059 3328 Supervacaneam
1099 3274 1212 3312 rem
1258 3259 1373 3313 scio
1423 3275 1508 3314 me
1559 3260 1759 3321 facere,
1787 3262 1879 3330 qui

302 3351 456 3404 tuam
508 3349 850 3404 clementiam
885 3348 952 3403 ad
991 3348 1384 3404 humanitatem
1419 3350 1694 3404 adhorter.
1741 3350 1879 3417 Quia

306 3451 488 3496 tamen
521 3439 665 3494 hunc
695 3441 869 3494 virum
899 3442 1060 3510 cupio
1085 3440 1309 3510 juvare,
1361 3441 1682 3512 dignitatem
1730 3453 1876 3497 tuam

303 3547 460 3602 rogo,
514 3539 575 3586 ut
625 3533 825 3586 innata:
877 3533 976 3586 tibi
1035 3532 1104 3588 ad
1148 3533 1347 3588 bouum
1394 3534 1746 3604 propensioni
1780 3535 1880 3589 ali-

304 3623 439 3695 quid
479 3640 598 3678 mea
630 3639 797 3680 causa
850 3624 1127 3693 adjicias:
1181 3625 1318 3680 adeo
1369 3633 1429 3679 ut
1490 3624 1782 3682 manifesta
1810 3625 1884 3682 sit

305 3715 513 3774 homini
543 3733 676 3775 mea:
703 3733 803 3790 pro
839 3717 934 3774 illo
955 3718 1353 3789 deprecationis
1378 3719 1607 3776 utilitas.

377 4085 398 4112 δ
437 4087 587 4142 Alias
615 4086 1008 4142 CCCLXXVII.
1045 4086 1263 4155 Scripta
1296 4101 1440 4140 anna
1470 4087 1597 4144 573.

377 4156 491 4229 (l8)
519 4157 736 4229 Αὑτοῦ.
795 4159 946 4213 Hanc
1001 4173 1189 4213 vocem
1233 4157 1544 4214 addidimus
1584 4173 1649 4214 ex
1699 4157 1875 4223 Harl.,

306 4228 451 4282 Med.
475 4234 532 4279 ct
563 4228 802 4282 (llarom.

1989 3248 2186 3302 σαυτοῦ
2236 3255 2392 3324 χεῖρα
2449 3253 2741 3326 ὑπερσχεῖν
2789 3254 3049 3329 ἐθελήσῃς
3091 3254 3168 3327 τῷ
3214 3273 3558 3310 καταπονου-

1990 3338 2155 3410 μένῳ.
2188 3342 2450 3414 Περιττὺν
2481 3343 2580 3413 μὲν
2623 3341 2716 3400 οὖν
2765 3340 2883 3399 οἶδα
2910 3348 3106 3410 ποιῶν,
3151 3347 3250 3419 τὴν
3292 3348 3391 3419 σὴν
3423 3366 3560 3421 χρη-

1989 3430 2224 3503 στότητα
2270 3436 2350 3498 εἰς
2397 3435 2804 3507 φιλανθρωπίαν
2851 3438 3204 3508 παρακαλῶν.
3251 3440 3397 3512 Πλὴν
3442 3441 3560 3495 ἀλλ’

1987 3522 2176 3592 ἐπειδὴ
2210 3524 2471 3597 βούλομαι
2521 3529 2775 3596 γενέσθαι
2807 3532 3079 3601 χρήσιμος
3117 3531 3196 3602 τῷ
3235 3533 3418 3604 ἀνδρὶ,
3447 3534 3564 3586 ἱκε-

1986 3613 2128 3666 τεύω
2162 3632 2254 3668 σου
2305 3615 2403 3688 τὴν
2453 3620 2890 3692 σεμνοπρέπειαν
2935 3621 3250 3693 προσθεῖναί
3294 3639 3348 3676 τι
3386 3626 3451 3694 τῇ
3495 3625 3549 3676 ὲτ

1990 3703 2204 3773 φύσεως
2227 3708 2355 3779 περὶ
2380 3709 2439 3762 τὸ
2471 3709 2633 3765 καλὸν
2665 3714 2865 3783 σπουδῇ
2887 3713 2954 3766 δι’
2975 3715 3140 3785 ἡμᾶς,
3163 3714 3301 3768 ὥστε
3328 3716 3548 3786 ὲναργῖς

1985 3795 2063 3865 τῷ
2107 3797 2260 3868 ἀνδρὶ
2311 3799 2563 3868 γενέσθαι
2613 3804 2712 3875 τῆς
2756 3805 2896 3877 ὑπὲρ
2948 3803 3112 3858 αὐτοῦ
3162 3805 3549 3878 παρακλήσεως

1985 3889 2018 3959 ἡ
2027 3889 2142 3958 μῶν
2167 3890 2228 3944 τὸ
2259 3890 2470 3960 ὄφελος.

1985 4091 2165 4212 potius
2195 4092 2542 4174 incommoda
2578 4093 2804 4170 intelligi
2832 4097 3052 4159 debent,
3085 4114 3206 4168 quae
3235 4099 3305 4155 ab
3336 4098 3548 4154 homine

2006 4170 2205 4212 nullon
2235 4173 2358 4212 nia!
2381 4177 2625 4212 assueta-
2649 4169 2774 4212 dum
2814 4169 2970 4212 lmnie
3000 4169 3258 4212 nmnilmg
3286 4172 3546 4212 ennium:

2006 4169 2205 4239 autiori
2235 4169 2358 4239 vitae
2381 4177 2625 4229 assueto,
2649 4169 2774 4220 duui
2814 4169 2970 4239 bonis
3000 4169 3258 4224 omnibus
3286 4172 3546 4239 spatiatus

1983 4230 2396 4307 fugit,_abesse
2451 4251 2558 4288 non
2620 4248 2868 4306 possunt.
2927 4237 3065 4292 Hinc
3115 4241 3169 4293 in
3229 4230 3547 4307 prémdenti

379 4297 502 4378 (_l9_)_
536 4299 827 4378 Τραϊανῷ..
854 4297 1086 4378 L-egitnr
1107 4296 1161 4351 in
1189 4297 1444 4378 omnibus
1477 4298 1641 4378 editis
1668 4306 1724 4378 et
1744 4313 1878 4378 mss.
1913 4307 1959 4364 ι)
1985 4296 2236 4378 epistola,
2274 4314 2331 4357 ut
2360 4321 2426 4358 ex
2463 4314 2599 4378 octo
2621 4296 2908 4378 veteribus
2945 4309 3099 4363 libris
3147 4296 3384 4378 legimus,
3418 4323 3548 4361 cor-

307 4367 722 4444 codicibus_tt}§
771 4365 954 4444 abuit,
1003 4368 1190 4444 eidem.
1229 4365 1476 4444 .Trajﬁano
1523 4369 1734 4424 scilicet
1769 4387 1782 4422 :
1815 4368 1881 4421 ad
1985 4365 2136 4440 poris
2169 4365 2532 4440 iucouuuoda,
2557 4393 2678 4444 qua;
2707 4377 2970 4432 Maximus
2996 4365 3278 4440 suslimiit,
3314 4365 3548 4434 “illius

307 4453 478 4508 quem_
518 4437 722 4506 scripta
757 4439 1005 4508 superior
1044 4437 1297 4507 cpistola.
1342 4438 1523 4503 Quare
1567 4454 1673 4492 non
1717 4454 1886 4492 ausus

307 4505 430 4562 sum
465 4505 873 4561 hunc’tituluiu
926 4505 1171 4565 mutare:
1219 4509 1310 4560 sed
1343 4517 1524 4562 tamen
1569 4511 1752 4563 nullus
1784 4508 1886 4561 du-

306 4578 443 4639 bito,
476 4577 608 4644 quin
640 4577 756 4631 haec
787 4577 1020 4647 cpistola
1052 4580 1116 4631 ad
1147 4577 1442 4645 Trajauuiu
1476 4579 1702 4632 minime
1741 4578 1884 4633 scri-

307 4656 397 4718 pta
439 4648 530 4702 sit.
571 4649 620 4702 Is
657 4649 808 4718 enim
851 4650 917 4703 ad
969 4663 1128 4714 quem
1158 4651 1360 4718 scripta
1397 4658 1502 4718 est,
1549 4649 1726 4705 oculis
1767 4649 1883 4704 suis

303 4717 518 4772 viderat
583 4717 925 4788 calamitates
989 4719 1228 4772 Maximi.
1275 4717 1366 4788 ίΑι
1421 4717 1692 4788 Traianus
1730 4718 1883 4788 nihil

303 4801 536 4858 prorsus
565 4787 812 4842 audierat
841 4788 909 4843 de
950 4789 1034 4843 his
1067 4787 1454 4858 aerumniszwc't
1485 4787 1689 4843 idcirco
1727 4787 1885 4842 Basi-

305 4857 442 4913 lium
491 4857 761 4914 Maximus
809 4861 1044 4930 rogavit,
1097 4867 1157 4912 ut
1206 4873 1301 4913 eas
1359 4857 1600 4930 Trajano
1644 4859 1884 4914 breviter

305 4939 622 4984 CIDOHCTCL

377 4945 889 5069 ῗὲὣὲιίεὲττέϐαλρς.
931 4998 1100 5062 Med.,
1134 4996 1265 5069 Reg.
1306 4998 1581 5055 secundus
1612 5007 1665 5055 et
1711 4997 1881 5056 Coisl.

308 5067 586 5124 secundus
625 5068 917 5132 ὑπέλαϐες.

381 5139 493 5262 (ἓέ)
541 5142 664 5192 Οὐκ
725 5139 980 5208 ὤφελεν.
1052 5139 1127 5194 Ita
1193 5141 1328 5193 m'ss.
1401 5154 1519 5194 sex.
1587 5137 1731 5195 Editi
1786 5140 1888 5194 οὐκ

381 5227 444 5262 δει
480 5227 554 5262 εν.

395 5227 554 5264 ειΑεν.

307 5208 978 5350 ὢῆῗέῗνίςακοπαθείας.
1018 5277 1152 5351 ΔΒξιο
1200 5294 1336 5334 voce
1392 5293 1500 5333 non
1562 5281 1880 5351 quaestionis

311 5356 607 5421 tormenta,
655 5350 858 5421 quibus
885 5349 1126 5421 subjici
1161 5363 1270 5421 non
1323 5349 1596 5420 paterent
1621 5351 1882 5421 praesides

318 5419 748 5488 provinciarum,
788 5419 898 5476 nisi
940 5419 1017 5475 in
1051 5419 1282 5477 crimine
1320 5419 1648 5492 maiestatis,
1691 5421 1786 5478 sed
1821 5435 1884 5477 ea

1985 4444 2496 4518 potissiitiutti__ittga
2543 4455 2596 4500 et
2637 4450 2800 4501 variis
2833 4449 3110 4518 susdeque
3142 4451 3410 4504 erroribus
3458 4465 3548 4504 re-

1987 4522 2264 4588 petuntur.
2307 4512 2533 4588 Videtur
2564 4526 2744 4571 autem
2781 4512 3077 4574 accusatus
3121 4519 3543 4588 repetundarum

1985 4583 2177 4659 fuisse,
2217 4593 2270 4659 et
2318 4585 2541 4659 idcirco,
2571 4588 2823 4642 omnibus
2874 4589 3039 4643 rebus
3071 4583 3360 4659 spoliatus;
3411 4590 3545 4656 quia

1983 4655 2085 4707 etsi
2134 4656 2356 4727 minime
2389 4658 2674 4727 convictus
2723 4659 2841 4720 luit,
2876 4674 2972 4727 per
2999 4655 3116 4712 vini
3141 4669 3311 4712 tamen
3353 4667 3406 4712 et
3430 4655 3548 4711 im-

1983 4725 2317 4797 pressionem
2347 4726 2567 4797 vicarii,
2602 4725 2889 4796 quadrupli
2929 4743 3166 4796 pmnam,
3201 4743 3350 4797 quam
3396 4728 3547 4797 leges

1980 4794 2870 4868 convictis_iulligebant,_coactus
2912 4794 2996 4852 est
3038 4794 3352 4868 persolvere.
3399 4794 3545 4852 Hinc

1980 4866 2146 4918 etiam
2179 4866 2314 4921 civis
2354 4876 2499 4921 statu
2526 4883 2633 4920 non
2666 4868 2888 4920 omnino
2928 4866 3152 4930 excidit,
3181 4884 3271 4921 nec
3304 4881 3428 4921 eum
3458 4877 3544 4920 ta-

1981 4950 2104 4989 men
2137 4936 2406 5006 integrum
2437 4947 2490 4991 et
2536 4937 2761 4993 illtesum
2801 4939 3047 5001 retinuit,
3081 4945 3140 4993 ut
3171 4940 3226 4990 in
3269 4938 3545 5006 superiori

1980 5006 2218 5078 epistola,
2236 5007 2488 5078 legimus.
2522 5007 2655 5061 Nam
2699 5007 2913 5076 judices
2953 5008 3367 5078 repetundarum
3403 5022 3542 5062 con-

1981 5077 2126 5148 victi
2166 5076 2360 5130 ablatis
2425 5078 2792 5132 codicillorum
2864 5076 3186 5148 insignibus,
3237 5085 3286 5148 et
3317 5077 3548 5148 _honor¢

1981 5147 2148 5212 exuti,
2179 5148 2312 5201 inter
2335 5150 2589 5218 pessimos
2621 5164 2847 5218 quosque
2877 5159 2926 5202 et
2942 5146 3154 5218 plebeio}
3177 5146 3544 5218 habebantur,

1982 5224 2042 5271 ut
2077 5215 2341 5272 sancitur
2363 5216 2496 5274 Cod.
2539 5215 2728 5273 Théod.
2762 5215 2859 5272 lib.
2893 5215 3042 5279 t,‘tit.
3077 5215 3166 5280 27,
3187 5217 3303 5288 leg.
3339 5217 3408 5282 i;
3444 5233 3549 5288 pec

1983 5295 2165 5342 tamen
2194 5287 2424 5343 infames
2443 5299 2496 5342 et
2522 5289 2862 5344 intestabiles
2878 5295 3122 5348 erant.ut
3150 5283 3408 5345 obsérvat
3435 5283 3549 5344 Go-

1985 5357 2271 5415 thofredus
2299 5359 2365 5414 ad
2395 5359 2642 5415 eamdem
2675 5360 2872 5431 legem.
