3948 6214
302 311 406 369 σοι

801 419 1151 474 ΕΠΙΣΤΟΛΗ
1190 416 1316 472 PN'.

1287 304 1777 365 EPISTOLABUM
1815 311 2098 373 CLASSIS
2136 316 2202 372 ll.
2239 315 2439 371 EPIST
2471 314 2572 373 CL.

3445 301 3549 356 693

2521 421 2855 482 EPISTOLA
2898 418 3024 476 CL‘.

308 535 682 604 Heraclidaeab
716 534 1051 604 Amphilochia
1073 541 1345 604 accusatus,
1371 534 1500 598 quod
1518 549 1616 604 non
1639 550 1798 588 secum
1822 542 2067 596 secederet
2102 543 2150 596 in
2185 547 2376 597 deserta
2421 543 2553 600 loca,
2575 547 2625 590 ut
2648 537 2966 604 promiserat,
2993 531 3214 604 pluribus
3235 526 3414 604 fefellit
3431 524 3558 604 [1935

375 598 775 669 criminationem.
801 591 1008 669 Exponit
1030 595 1148 669 quid
1184 591 1348 669 rerum
1364 591 1486 669 agat
1511 595 1560 669 in
1581 591 1913 669 pauperuqrhi

2019 591 2087 656 ῖῖο
2104 591 2174 655 δά
2189 591 2374 658 ⁷ίιῖῖίῖειήἷ
2389 591 2668 669 Caesaream.
2678 615 2707 669 ;_
2723 614 2868 664 seque
2887 591 3560 669 αὺλθίηιριιί-ιορίιᾷο.,εςρῴαξιέςὶ

374 647 771 731 elegissemus
790 647 1020 731 locorum
1043 647 1307 731 :intervullo
1341 647 1608 731 disjungtus
1621 647 1906 731 ,εἰὶίίίὲῖένῖ

2019 647 2088 718 {£12
2109 647 2538 731 ﬁié'ifréie‘ﬁa'ﬂ
2552 647 2743 731 Αῦὶέτξίῖξᾱ
2752 647 2995 731 οέἓᾷρενὶι
3013 671 3030 708 :
3051 647 3267 707 hortatur
3285 657 3338 703 ut
3357 647 3561 712 Amphi-

376 719 652 773 loéhiusad
683 719 923 771 Basitium
945 719 1102 770 veniat
1117 757 1130 779 ,
1153 733 1186 769 α
1209 733 1303 784 quo
1324 719 1519 770 erudiri
1537 720 1711 771 melius
1729 719 1834 775 esse
1854 727 2047 789 statuit,
2074 719 2219 792 quam
2241 719 2293 781 'in
2320 719 2524 779 desertis
2545 724 2663 775 locis
2688 719 2874 786 vagari.

553 827 922 898 Ἀμφιλοχίῳ,
948 827 1030 894 ὡς
1059 828 1218 896 παρὰ
1252 827 1655 895 Ἡρακλείδου.

388 945 443 1000 1.
477 944 620 1013 Ἐγὼ
652 944 746 998 καὶ
775 942 885 996 τῶν
912 941 1282 1014 ὁμιληθὲντων
1307 943 1438 1013 ἡμῖν
1471 943 1608 1013 πρὸς
1630 943 1892 1013 ἀλλήλους

318 1037 453 1090 ποτὲ
487 1037 792 1107 μέμνημαι,
827 1035 922 1088 καὶ
954 1028 1028 1090 ὧν
1055 1051 1115 1087 τε
1150 1033 1311 1097 αὐτὸς
1334 1030 1508 1095 εἷπον,
1529 1027 1603 1086 ὧν
1636 1052 1696 1088 τε
1727 1036 1892 1106 ἥκου-

320 1145 390 1181 σα
423 1126 572 1198 παρά
607 1127 706 1196 τῆς
748 1125 1027 1194 εὐγενείας
1056 1141 1173 1189 σου,
1213 1125 1312 1178 οὐκ
1361 1109 1741 1196 ἐπιλέλησμαι.
1786 1126 1895 1179 Καὶ

318 1218 416 1271 νῦν
447 1217 560 1287 βίος
589 1218 692 1288 μέν
726 1234 793 1287 με
821 1217 1080 1288 δημόσιος
1109 1217 1170 1268 οὐ
1199 1215 1442 1285 κατέχει.
1463 1216 1526 1268 El
1554 1214 1662 1286 γὰρ
1703 1217 1797 1268 καὶ⁸
1827 1218 1892 1288 τῇ

320 1308 521 1382 καρδία
551 1311 578 1362 ὁ
615 1309 776 1372 αὐτός
804 1310 940 1379 εἰμι,
971 1309 1066 1360 καὶ
1105 1305 1258 1360 οὔπω
1298 1307 1389 1360 τὸν
1433 1306 1661 1359 παλαιὸν
1698 1306 1896 1360 ἀπεδυ-

322 1401 506 1472 σάμην
545 1399 851 1472 ἄνθρωπον,
881 1399 1020 1470 πλὴν
1057 1397 1134 1470 τῷ
1168 1415 1232 1466 γε
1279 1400 1542 1469 σχήματι,
1569 1399 1661 1451 καὶ
1687 1397 1764 1468 τῷ
1800 1415 1900 1469 μα-

321 1490 462 1559 κρὰν
485 1490 718 1560 ἐμαυτὸν
741 1489 854 1561 (25)
881 1488 1104 1558 ποιῆσαι
1133 1487 1239 1540 τῶν
1272 1488 1366 1540 τοῦ
1390 1487 1504 1558 βίου
1535 1487 1896 1558 πραγμάτων,

321 1581 478 1646 ἔδοξα
525 1580 744 1646 λοιπὸν,
791 1577 902 1632 οἷον
944 1578 1332 1649 ὲπιϐεὸηκέναι
1372 1581 1470 1649 τῆς
1495 1578 1615 1631 ὁδοῦ
1653 1578 1765 1649 (24)
1799 1579 1898 1650 τῆς

322 1672 468 1725 κατὰ
492 1672 726 1743 Χριστὸν
755 1671 1049 1734 πολιτείας.
1081 1667 1398 1740 Καθὲζομαι
1427 1669 1485 1722 δὲ
1516 1671 1604 1722 ἐπ’
1633 1670 1896 1740 ἐμαυτοῦ,

322 1762 513 1834 ὥσπερ
549 1764 598 1816 οἱ
639 1764 718 1826 εἰς
763 1761 998 1830 πέλαγος
1031 1762 1250 1830 ἀφιέναι
1294 1763 1614 1834 μέλλοντες,
1661 1765 1900 1819 ἀποσκο-

324 1851 511 1906 πεύων
553 1851 614 1906 τὸ
674 1852 884 1922 μέλλον.
940 1852 1001 1906 Οἱ
1057 1852 1157 1922 μὲν
1212 1853 1321 1924 γὰρ
1370 1856 1625 1920 πλέοντες
1685 1855 1900 1927 ἀνέμων

323 1943 589 2018 χρῄζουσι
633 1944 771 2016 πρὸς
807 1943 905 2014 τὴν
952 1943 1209 1997 εὔπλοιαν
1232 1984 1248 2008 ,
1294 1947 1454 2016 ἡμεῖς
1490 1947 1546 2001 δὲ
1582 1947 1676 2002 τοῦ
1719 1966 1904 2020 χειρα-

324 2037 673 2107 γωγήσοντος
717 2037 897 2106 ἡμᾶς,
932 2036 1023 2089 καὶ
1075 2037 1333 2104 ἀσφαλῶς
1373 2037 1464 2092 διὰ
1505 2039 1613 2092 τῶν
1643 2040 1902 2114 ἁλμυρῶν

325 2127 587 2197 κυμάτων
636 2124 730 2178 τοῦ
785 2125 901 2195 βίου
963 2127 1448 2197 παραπέμψοντος.
1498 2115 1737 2202 Χρῄζειν
1794 2131 1903 2204 γὰρ

327 2217 566 2289 ἐμαυτὸν
611 2216 901 2288 λογίζομαι
957 2218 1170 2289 πρῶτον
1203 2220 1301 2289 μὲν
1346 2221 1566 2292 χαλινοῦ
1625 2223 1764 2295 πρὸς
1806 2224 1904 2295 τὴν

327 2304 578 2380 νεότητα,
615 2307 804 2361 ἔπειτα
846 2307 1086 2380 κέντρων
1117 2310 1229 2380 (25)
1263 2311 1399 2381 πρὸς
1446 2311 1536 2365 τὸν
1579 2312 1777 2384 δρόμον
1806 2315 1908 2382 τῆς

327 2398 636 2462 εὐσεϐείας.
676 2399 895 2452 Τούτων
934 2400 992 2452 δὲ
1028 2399 1287 2475 πρόξενος
1340 2401 1495 2470 λόγος
1525 2403 1785 2476 δηλονότι,
1813 2404 1909 2459 νῦν

333 2492 434 2560 μὲν
465 2490 825 2559 παιδαγωγῶν
849 2494 882 2563 ἡ
891 2492 1006 2562 μῶν
1031 2493 1092 2546 τὸ
1115 2493 1368 2558 ἄτακτον,
1405 2495 1499 2549 νῦν
1529 2495 1585 2548 δὲ
1609 2496 1670 2548 τὸ
1703 2495 1908 2568 νωθρὸν

329 2583 430 2653 τῆς
460 2581 641 2652 ψυχῆς
684 2581 988 2655 διεγείρων.
1043 2585 1212 2638 Πάλιν
1265 2602 1353 2654 μοι
1400 2586 1557 2657 χρεία
1604 2587 1910 2658 φαρμάκων

332 2673 557 2745 ἑτέρων,
603 2672 743 2726 ὥστε
791 2675 884 2728 τὸν
925 2677 991 2728 ὲκ
1034 2675 1135 2746 τῆς
1173 2676 1462 2748 συνηθείας
1495 2678 1910 2732 ἀποπλύνασθαι

335 2765 527 2838 ῥύπον.
565 2762 725 2830 Οἶδας
753 2766 881 2838 γὰρ,
913 2767 995 2820 ὅτι
1045 2769 1226 2838 ἡμεῖς.
1268 2770 1317 2822 οἱ
1356 2771 1523 2824 πολὺν
1578 2770 1770 2844 χρόνον
1823 2772 1912 2823 ὲν-

333 2856 640 2921 εθισθέντες
669 2861 734 2930 τῇ
771 2861 964 2930 ἀγορᾷ,
997 2859 1231 2928 ἀφειδῶς
1250 2861 1349 2931 μὲν
1372 2860 1566 2932 ἔχομεν
1595 2862 1699 2916 τῶν
1735 2861 1914 2934 ῥημά-

333 2966 464 3010 των,
497 2949 826 3017 ἀφυλάκτως
855 2949 911 3002 δὲ
937 2950 1072 3022 πρὸς
1101 2953 1199 3015 τὰς
1230 2954 1288 3005 ὲν
1322 2955 1388 3023 τῇ
1425 2952 1634 3025 διανοίᾳ
1664 2969 1914 3006 συνιστα-

339 3042 510 3113 μένας
556 3044 619 3095 ἐκ
648 3041 743 3094 τοῦ
796 3041 1032 3113 πονηροῦ
1078 3042 1190 3114 (26)
1237 3045 1553 3113 φαντασίας.
1605 3044 1914 3117 Ἦττήμεθα

336 3133 396 3188 δὲ
435 3132 530 3186 καὶ
577 3133 782 3203 τιμῆς,
822 3134 916 3186 καὶ
968 3133 1030 3186 τὸ
1081 3134 1166 3202 ἐφ’
1220 3137 1434 3200 ἑαυτοῖς
1477 3154 1530 3189 τι
1586 3140 1802 3208 φρονεῖν
1850 3137 1912 3189 οὐ

341 3224 538 3296 ῥᾳδίως
580 3223 970 3295 ἀποτιθέμεθα.
1021 3224 1165 3298 Πρὸς
1211 3225 1381 3279 ταῦτα
1408 3227 1646 3298 μεγάλου
1688 3244 1778 3298 μοι
1805 3227 1916 3280 δεῖν

341 3317 437 3370 καὶ
467 3315 729 3386 ἐμπείρου
773 3315 1062 3386 λογίζομαι
1089 3316 1432 3371 διδασκάλου.
1467 3319 1697 3370 Ἔπειτα
1734 3320 1916 3388 μέντοι

341 3406 438 3460 καὶ
466 3406 557 3459 τὸν
601 3402 881 3476 ὀφθαλμὸν
911 3407 1008 3478 τῆς
1049 3407 1229 3478 ψυχῆς
1260 3408 1734 3480 ἀποκαθαρθῆναι,
1775 3407 1916 3462 ὥστε

336 3501 522 3554 πᾶσαν
549 3498 650 3569 τὴν
680 3499 788 3551 ἀπὸ
815 3499 912 3568 τῆς
943 3499 1164 3566 ἀγνοίας
1193 3499 1566 3570 ἐπισκότησιν,
1599 3500 1759 3554 οἱονεί
1798 3515 1913 3552 τινα

337 3590 542 3660 λήμην,
570 3586 955 3658 ἀφαιρεθέντα,
979 3586 1238 3641 δύνασθαι
1268 3588 1590 3654 ὲνατενίζειν
1624 3590 1702 3661 τῷ
1735 3590 1920 3642 κάλλει

338 3679 440 3754 τῆς
466 3681 622 3749 δόξης
647 3679 739 3732 τοῦ
773 3677 930 3741 Θεοῦ,
964 3680 1024 3732 οὺ
1055 3680 1252 3752 μικροῦ
1277 3679 1439 3751 ἔργου
1467 3681 1660 3752 κρίνω,
1694 3682 1803 3734 οὐδ’
1835 3682 1921 3734 ἐπ’

340 3776 520 3844 ὀλίγον
549 3774 646 3845 τὴν
671 3768 937 3841 ὠφέλειαν
962 3773 1168 3844 φέρειν.
1194 3774 1260 3825 Ἀ
1289 3774 1382 3826 καὶ
1400 3772 1498 3845 τὴν
1521 3773 1617 3845 σὴν
1639 3773 1924 3844 λογιότητα

343 3869 592 3939 οτνορᾷν,
625 3866 721 3920 καὶ
746 3865 1031 3936 ἐπιθυμεῖν
1061 3865 1301 3935 ὑπάρξαι
1328 3866 1449 3920 τινά
1480 3867 1560 3929 εἰς
1588 3865 1794 3935 ταύτην
1825 3864 1924 3934 τὴν

343 3957 598 4028 βοήθειαν
636 3954 880 4028 ἀκριϐῶς
904 3956 1206 4026 ἐπίσταμαι
1241 3956 1353 4028 (27)
1377 3973 1388 3984 ·
1424 3957 1517 4010 καὶ
1559 3959 1654 4011 ἐάν
1687 3973 1818 4010 ποτε
1848 3955 1924 4026 δῷ

341 4050 370 4101 ὀ
411 4047 546 4110 Θεὸς
587 4048 668 4110 είς
712 4047 906 4100 ταυτὸν
955 4046 1249 4114 ἀφικέσθαι
1292 4051 1360 4119 τῇ
1416 4048 1738 4118 κοσμιότητι
1791 4065 1922 4113 σου,

341 4139 584 4210 δηλονότι
618 4137 840 4191 πλείονα
875 4137 1192 4208 μαθήσομαι
1228 4138 1370 4210 ὑπὲρ
1402 4133 1477 4192 ὧν
1511 4140 1823 4211 φροντίζειν
1857 4157 1924 4211 με

343 4233 472 4302 Χρή·
514 4229 629 4283 Νῦν
663 4230 772 4301 γὰρ
817 4229 922 4282 ὑπὸ
960 4229 1165 4299 πολλῆς
1210 4229 1450 4300 ἀμαθίας
1494 4231 1617 4285 οὐδὲ
1660 4232 1798 4286 ὅσων
1841 4235 1927 4286 ὲν-

341 4325 466 4395 δεής
494 4322 604 4393 (28)
636 4325 752 4393 εἰμι
786 4320 1070 4393 γνωρίζειν
1097 4320 1331 4392 δύναμαι
1357 4339 1370 4352 ·
1402 4322 1543 4394 πλήν
1569 4341 1632 4392 γε
1665 4325 1747 4378 ὅτι
1774 4323 1926 4379 οὐδὲν

347 4413 688 4485 μετεμέλησέ
739 4431 828 4484 μοι
873 4412 975 4482 τῆς
1025 4411 1252 4484 πρώτης
1296 4414 1496 4484 ὁρμῆς,
1538 4414 1663 4468 οὔτε
1708 4414 1926 4480 ὀκλάζει

347 4524 452 4577 μου
494 4508 528 4576 ἡ
566 4504 712 4575 ψυχὴ
743 4504 878 4578 πρὸς
916 4506 1008 4557 τὸν
1043 4505 1246 4558 σκοπὸν
1296 4505 1392 4559 τοῦ
1440 4508 1582 4561 κατά
1619 4507 1751 4560 Θεὸν
1788 4509 1924 4578 βίου,

345 4601 481 4670 ὅπερ
512 4599 823 4668 ἡγωνίασας
867 4596 954 4648 ἐπ’
992 4597 1138 4667 ἐμοὶ,
1167 4595 1348 4660 καλῶς
1395 4597 1491 4651 καὶ
1535 4599 1927 4669 προσηκόντως

347 4689 528 4760 ἐαυτῷ
559 4690 747 4755 ποιῶν,
778 4693 1010 4760 μήποτε,
1046 4689 1410 4762 στραφεὶςσίς
1433 4688 1502 4742 τά
1533 4689 1731 4754 ὀπίσω,
1757 4689 1926 4762 στήλη

1916 845 1962 903 Α

2285 835 2671 906 Amphilochia,
2707 831 3010 887 Heraclidae
3039 831 3267 884 nomine.

2062 955 2115 1008 1.
2157 952 2270 1024 Ego
2321 958 2376 1007 et
2403 963 2616 1010 eorum,
2671 961 2792 1017 quae
2823 945 2966 1000 inter
2998 957 3099 997 nos
3125 936 3420 1010 aliquando
3447 935 3564 990 dis-

1995 1046 2302 1107 seruimus,
2364 1039 2630 1096 memini:
2664 1053 2766 1093 nec
2811 1035 2944 1105 quid
2991 1033 3221 1088 dixerim
3247 1069 3264 1094 ,
3325 1028 3456 1100 quid
3496 1042 3565 1081 ex

1993 1151 2258 1209 generosa
2313 1145 2405 1190 tua
2460 1131 2641 1188 indole
2698 1129 3004 1192 audierim,
3068 1125 3268 1178 oblitus
3317 1135 3476 1184 sum;
3511 1124 3569 1173 et

1996 1242 2144 1283 nunc
2167 1228 2278 1280 vita
2319 1225 2536 1295 publica
2592 1237 2698 1276 non
2730 1221 3015 1275 distinear.
3049 1216 3370 1285 Quanquam
3419 1211 3565 1265 enim

1995 1321 2162 1376 corde
2211 1319 2351 1374 idem
2405 1333 2564 1381 sum,
2620 1331 2684 1370 ac
2714 1322 2948 1368 veterem
3005 1310 3278 1366 hominem
3325 1307 3566 1362 nondum

1995 1413 2119 1467 exui
2151 1430 2165 1472 ;
2201 1421 2381 1466 tamen
2439 1412 2555 1478 ipsa
2594 1408 2794 1477 specie,
2843 1413 2896 1460 et
2945 1404 3090 1475 quod
3126 1403 3284 1472 longe
3311 1416 3341 1454 a
3385 1396 3569 1453 saeculi

1998 1502 2231 1571 negotiis
2289 1499 2606 1556 recesserim
2637 1538 2652 1563 ,
2717 1494 2907 1550 videor
2941 1494 3052 1564 jam
3090 1493 3216 1546 vitae
3269 1488 3571 1545 secundum

1997 1593 2278 1650 Christum
2327 1593 2467 1646 viam
2519 1593 2803 1663 ingressus
2841 1602 2984 1642 esse.
3025 1583 3202 1640 Sedeo
3243 1590 3422 1635 autem
3459 1592 3572 1630 me-

1999 1699 2124 1738 cum
2161 1686 2298 1753 ipse,
2337 1683 2488 1738 velut
2531 1683 2625 1752 qui
2678 1697 2802 1738 sese
2841 1679 2976 1733 mari
3016 1677 3363 1731 commissuri
3399 1679 3526 1728 sunt
3554 1711 3571 1734 .

2001 1777 2347 1848 prospiciens
2399 1774 2664 1829 futurum.
2728 1772 2862 1826 Nam
2915 1771 3008 1841 qui
3051 1769 3344 1839 navigant,
3399 1764 3575 1819 ventis

2003 1869 2247 1938 indigent
2284 1866 2350 1922 ad
2378 1865 2588 1922 felicem
2631 1880 2893 1930 cursum;
2946 1861 3108 1916 nobis
3139 1876 3267 1914 vero
3314 1873 3454 1928 opus
3492 1863 3578 1910 est.

2001 1961 2094 2030 qui
2149 1974 2252 2014 nos
2283 1975 2446 2012 manu
2505 1956 2710 2018 durat,
2745 1970 2809 2010 ac
2866 1961 2986 2007 tuto
3037 1968 3133 2022 per
3187 1964 3402 2002 amaros
3454 1946 3578 1998 vit.e

2003 2051 2203 2106 ﬂuctus
2259 2049 2597 2105 transvehat.
2649 2045 2784 2102 Nam
2846 2043 3088 2114 indigere
3132 2056 3218 2096 me
3262 2035 3576 2108 perspicio.

1939 2145 2240 2241 Bprimum
2331 2139 2550 2210 quidem
2622 2139 2774 2192 freno
2863 2137 3126 2190 adversus
3197 2131 3577 2198 iuventutem;

2008 2235 2204 2291 deinde
2255 2233 2492 2288 stimulis
2544 2231 2610 2286 ad
2667 2229 2884 2301 pietatis
2955 2240 3198 2283 cursum.
3248 2222 3450 2276 llorum
3484 2233 3582 2271 au-

2008 2335 2116 2383 tem
2153 2325 2492 2382 conciliatrix
2523 2324 2666 2378 ratio
2705 2322 2976 2387 videlicet,
3005 2333 3155 2375 nunc
3193 2314 3412 2386 quidem
3443 2321 3582 2367 tem-

2009 2434 2211 2492 perans
2239 2418 2380 2488 quod
2411 2417 2464 2471 in
2499 2415 2660 2470 nobis
2688 2412 3112 2484 incompositum
3142 2415 3244 2472 est,
3281 2421 3427 2460 nunc
3455 2419 3583 2458 vero

2011 2512 2206 2566 animae
2240 2509 2511 2580 pigritiam
2548 2508 2814 2562 excitans.
2867 2505 3080 2559 Rursus
3135 2501 3354 2570 indigeo
3404 2510 3582 2550 remeo

2011 2604 2118 2658 diis
2145 2602 2270 2656 aliis
2303 2641 2318 2667 ,
2352 2608 2412 2655 ut
2468 2599 2664 2654 sordes
2707 2613 2775 2653 ex
2823 2593 3220 2651 consuetudine
3275 2593 3588 2645 contractas

2010 2695 2212 2750 eluam.
2249 2691 2370 2747 Scis
2391 2691 2536 2746 enim
2569 2705 2691 2752 nos,
2728 2688 2822 2759 qui
2854 2688 2946 2742 diu
2980 2686 3098 2741 foro
3158 2682 3451 2740 assuefacti
3480 2677 3587 2732 fui-

2015 2798 2162 2849 mus,
2199 2797 2302 2837 nec
2344 2795 2541 2852 parcos
2579 2795 2703 2835 esse
2735 2778 3050 2841 verborum,
3113 2789 3214 2829 nec
3243 2780 3433 2827 cautos
3489 2767 3587 2821 ad-

2013 2891 2209 2931 versus
2231 2890 2347 2938 eas,
2397 2889 2519 2944 quae
2558 2872 2612 2928 in
2664 2879 2848 2926 mente
2881 2869 3194 2924 excitantur
3245 2879 3274 2918 a
3331 2863 3587 2931 maligne,

2014 2966 2395 3037 Cogitationes.
2434 2964 2719 3019 Vineimur
2741 2971 2920 3017 autem
2955 2970 3009 3016 et
3064 2960 3272 3013 honore
3299 2996 3330 3032 ,_
3377 2969 3479 3008 nec
3511 2951 3594 3006 fa-

2014 3056 2119 3110 cile
2167 3053 2236 3109 de
2286 3053 2446 3110 nobis
2476 3052 2614 3124 ipsis
2657 3052 2838 3122 magni
2878 3047 3083 3118 aliquid
3139 3047 3344 3102 sentire
3386 3039 3594 3096 desiui-

2014 3160 2157 3200 mus.
2214 3145 2494 3200 Adversus
2548 3143 2663 3200 haec
2721 3154 2919 3212 magno
2984 3137 3116 3193 mihi
3179 3149 3319 3205 opus
3362 3147 3484 3188 esse
3539 3137 3594 3185 et

2016 3237 2193 3307 perito
2247 3235 2486 3291 arbitror
2539 3235 2825 3304 magistro.
2882 3230 3086 3285 Deinde
3134 3243 3263 3282 vero
3303 3222 3594 3294 expurgari

2015 3328 2182 3382 etiam
2240 3328 2437 3382 animae
2493 3327 2751 3393 oculum,
2809 3331 2868 3378 ut
2921 3321 3180 3377 omnibus
3235 3315 3595 3389 ignorationis

2017 3419 2261 3474 tenebris
2305 3419 2464 3489 quasi
2522 3418 2853 3489 lippitudine
2912 3415 3095 3483 aliqua
3151 3412 3447 3489 liberatus,
3488 3405 3596 3460 fixo

1946 3516 1992 3574 (ς
2023 3510 2222 3564 intuitu
2279 3483 2744 3581 pulchritudinem
2797 3506 3100 3577 majestatis
3141 3483 3242 3556 Dei
3276 3499 3596 3568 conspicere

2026 3603 2220 3673 possit,
2262 3619 2370 3656 non
2396 3601 2550 3671 parvi
2591 3599 2796 3654 laboris
2839 3613 2963 3653 esse
3009 3611 3154 3657 reor,
3186 3608 3363 3661 neque
3405 3605 3594 3660 parum

2023 3693 2219 3747 aﬂ‘erre
2266 3693 2538 3747 utilitatis.
2596 3691 2773 3760 Atque
2839 3689 2955 3742 haec
3008 3695 3159 3740 tuam
3214 3697 3430 3753 utroque
3467 3695 3599 3750 pru-

2022 3783 2264 3838 dentiam
2314 3782 2670 3853 perspicere,
2719 3795 2783 3834 ac
2837 3788 3029 3848 optare
3088 3783 3147 3828 ut
3193 3771 3392 3842 aliquis
3439 3771 3600 3824 detur

2024 3874 2092 3927 ad
2154 3888 2274 3927 eam
2329 3886 2444 3926 rem
2493 3871 2745 3938 adjutor,
2800 3869 3140 3936 exploratum
3192 3859 3406 3914 habeo:
3438 3872 3502 3911 ac
3549 3857 3600 3913 si

1988 3992 1992 3996 π
2027 3965 2169 4020 Deus
2213 3965 2508 4034 aliquando
2536 3963 2782 4025 dederit,
2830 3973 2885 4015 ut
2927 3969 3074 4013 tuam
3109 3956 3430 4027 dignitatem
3461 3969 3600 4007 con-

2025 4057 2261 4120 veniam,
2317 4058 2470 4126 plura
2506 4064 2653 4109 certe
2692 4055 2759 4109 de
2789 4053 2989 4123 quibus
3038 4049 3332 4104 sollicitum
3362 4061 3449 4101 me
3479 4060 3603 4102 esse

2025 4162 2123 4216 par
2160 4154 2264 4208 est,
2322 4146 2584 4200 ediscam.
2617 4141 2772 4196 Nunc
2801 4143 2970 4200 enim.
3014 4139 3178 4210 240
3215 4151 3337 4207 qua:
3370 4151 3490 4192 mea
3519 4147 3604 4191 est

2026 4237 2323 4305 imperitia,
2358 4242 2493 4304 quot
2522 4243 2578 4290 et
2605 4233 2828 4303 quantis
2859 4231 3130 4302 indigeam
3165 4246 3234 4286 ne
3272 4243 3605 4299 cognoscere

2026 4327 2247 4396 quidem
2310 4340 2568 4396 possum;
2634 4325 2730 4380 sed
2777 4331 2957 4377 tamen
3018 4339 3105 4377 me
3163 4321 3324 4392 primi
3373 4327 3604 4374 conatus

2027 4431 2137 4469 non
2195 4418 2456 4485 paenitet,
2519 4430 2696 4484 neque
2759 4415 2906 4468 labat
2956 4419 3011 4468 et
3061 4413 3279 4466 vacillat
3325 4411 3508 4465 anima
3549 4410 3606 4463 in

2027 4507 2309 4577 proposito
2348 4506 2563 4560 vivendi
2617 4504 2917 4561 secundum
2974 4503 3188 4571 Deum;
3243 4501 3388 4573 quod
3425 4515 3605 4570 ipsum

2028 4599 2162 4653 mihi
2209 4598 2464 4665 timuisti,
2526 4600 2787 4668 praeclare
2835 4605 2999 4666 teque
3053 4596 3216 4667 digne
3264 4593 3491 4653 faciens,
3539 4606 3607 4643 ne

2029 4706 2327 4746 conversus
2381 4701 2681 4746 retrorsum
2713 4729 2730 4756 ,
2775 4690 2911 4746 salis
2953 4697 3133 4744 statua
3208 4685 3413 4752 ﬁerem,
3459 4681 3606 4752 quod

346 4783 594 4854 γένωμαι
617 4783 760 4849 ἁλὸς,
785 4783 924 4855 ὅπερ
953 4783 1088 4854 γυνή
1115 4799 1196 4845 τις
1229 4780 1453 4844 ἔπαθεν,
1489 4780 1682 4852 ὥσπερ
1717 4782 1913 4836 ἀκούω.

2032 4783 2249 4838 mulieri
2293 4783 2512 4838 cuidam
2547 4783 2849 4855 contigisse
2872 4780 3036 4836 audio
3059 4779 3126 4836 “.
3159 4777 3265 4833 Sed
3314 4776 3492 4830 adhuc
3522 4787 3609 4826 me

417 4937 465 4970 ³⁸
493 4933 631 4992 Gen.
661 4950 774 4999 xu,
812 4934 906 4991 26.

420 5090 537 5159 (‘23)
587 5089 898 5160 Ἐμαυτύν.
939 5088 1090 5144 lianc
1124 5101 1315 5144 vocem
1358 5085 1671 5145 addidimus
1712 5105 1779 5144 ex
1821 5105 1927 5145 no-

345 5176 698 5303 νρῗξιιῐῗδῗνῆς
739 5228 906 5284 ὁδοῦ.
940 5229 1166 5303 Regius
1192 5225 1415 5303 quidam
1462 5242 1570 5282 ms.
1599 5227 1718 5303 ιιτοζὶ⁸
1746 5228 1926 5303 οὐδοῦ,

348 5296 802 5369 limeningressus
828 5317 847 5354 :
880 5316 1000 5370 quae
1029 5296 1256 5371 quidem
1293 5296 1757 5371 scripturavalde
1786 5301 1928 5352 arri-

347 5376 525 5436 deret,
569 5375 616 5426 si
658 5369 908 5425 faverent
946 5371 1037 5425 alii
1056 5369 1318 5430 codices,
1354 5377 1448 5436 aut
1489 5369 1685 5424 vitium
1723 5370 1930 5424 inesset

348 5435 571 5528 vulgato
613 5441 912 5496 contextui.
957 5440 1129 5496 Paulo
1164 5447 1293 5512 poet
1335 5435 1504 5492 Coisl.
1555 5441 1768 5510 primus
1801 5455 1928 5492 σκο-

347 5527 554 5651 “ags?
586 5581 878 5649 Κέντρων.
941 5580 1187 5652 Quatuor
1245 5597 1382 5638 mss.
1454 5582 1702 5652 κέντρου.
1759 5578 1928 5634 Paulo

351 5662 477 5723 post
500 5651 822 5723 θὸξιγλόγος
855 5669 958 5716 τις.
996 5650 1200 5723 Vocula
1235 5654 1388 5706 deest
1414 5653 1468 5707 in
1505 5650 1748 5722 quinque
1781 5657 1927 5707 vete-

349 5721 510 5777 ribus
532 5721 710 5789 libris,
739 5736 851 5778 non
888 5732 1069 5780 tamen
1096 5722 1151 5777 in
1179 5721 1601 5795 antiquissimis.

2107 5089 2233 5160 (‘26),
2273 5087 2564 5160 ἘκβεοῦΔ
2584 5084 2872 5160 πονηροῦ.
2921 5083 3194 5160 Quinque
3219 5094 3351 5136 mss.
3399 5079 3466 5131 ὲκ
3512 5076 3612 5146 τῆς

2037 5151 2323 5232 πονηρίας.
2372 5159 2484 5232 Sed
2522 5156 2694 5232 Coisl.
2729 5151 2943 5232 primus
2977 5163 3030 5208 et
3060 5151 3610 5232 Medicaus_conseri-

2036 5219 2194 5284 tiunt'
2229 5219 2352 5284 cum
2405 5229 2587 5283 editis.
2636 5225 2694 5279 ln
2729 5219 3015 5279 Harlteano
3044 5231 3227 5277 autem
3274 5219 3466 5276 codice
3502 5232 3615 5272 non

2035 5301 2311 5370 reperitur
2343 5299 2458 5370 haec
2487 5296 2738 5370 epistola.

2106 5357 2220 5440 (27)
2268 5357 2635 5436 Ἐπίσταμαι.
2686 5363 2824 5420 Med.
2857 5371 2912 5418 et
2962 5361 3131 5418 Coisl.
3179 5361 3390 5432 primus
3429 5357 3616 5411 πέπειο

2035 5456 2191 5492 auat.

2073 5457 2219 5579 Pi038.)
2253 5510 2457 5563 Ὀσων
2469 5504 2702 5579 erdem.
2728 5503 2914 5579 Cgisl._
2930 5502 3141 5579 primus
3157 5507 3214 5579 et
3233 5495 3614 5579 quidamﬂeg.

2033 5568 2158 5634 ὅσον
2184 5568 2389 5650 ἐνδεής.
2411 5568 2730 5650 _|r_|_f_ra_i_der_n
2769 5568 2950 5650 Coislf
2972 5588 3023 5626 et
3055 5571 3199 5650 Med;
3229 5568 3304 5634 ὡς
3339 5568 3538 5624 ἀκούω.

2110 5654 2126 5671 ⁹
2165 5641 2641 5706 ΑιὶτιεἘϐϐΧΕΙΙ.
2679 5645 2894 5718 Scripta
2929 5659 3072 5698 anno
3099 5641 3223 5698 375.
