3948 6214
313 335 420 401 eos
1616 334 1681 391 s.
1721 334 1912 391 essu

2021 334 2212 391 MGNI
3465 328 3573 388 ωι

312 449 574 504 cohibent
612 458 850 506 externa:
910 457 1251 520 potestates,
1318 450 1480 520 quasi
1545 452 1901 521 magistratus

2021 452 2156 505 Ἀλλ’
2184 452 2263 505 ἐτι
2307 451 2406 522 μέν
2439 468 2507 520 με
2535 450 2628 504 καί
2654 451 2709 502 αἱ
2743 448 2941 516 ἔξωθεν
2977 448 3143 520 ἀρχαὶ
3172 450 3571 515 συστέλλουσιν,

315 541 651 596 desertorem
705 542 939 611 aliquem
999 548 1307 610 reposcant.
1356 539 1571 596 Detinet
1601 549 1779 596 autem
1810 557 1895 595 me

316 635 555 688 maxime
584 650 768 691 meum
820 635 997 705 ipsius
1041 650 1172 699 cor,
1224 649 1419 690 eorum
1459 649 1582 691 oua:
1622 634 1737 690 dixi
1788 633 1895 689 sibi

317 718 627 777 conscium.

388 814 443 868 2.
502 814 771 882 Quoniam
815 825 996 871 autem
1033 816 1329 872 meministi
1370 825 1686 886 pactorum,
1735 825 1897 887 teque

319 905 653 960 denuntiasti
704 914 1113 969 accusaturum,
1166 906 1299 959 mihi
1335 906 1536 960 in'liac
1574 920 1691 960 mea
1725 907 1899 961 tristi-

319 998 397 1051 tia
428 998 595 1049 risutn
648 997 887 1058 movisti,
915 997 1063 1066 quod
1118 999 1418 1051 etiamnum
1450 996 1636 1051 rhetor
1661 997 1758 1061 sis,
1799 1012 1898 1052 nec

321 1100 354 1138 a
407 1087 604 1140 timore
666 1086 984 1141 incutiendo
1035 1087 1307 1147 discedas.
1376 1086 1486 1157 Ego
1547 1103 1782 1157 namque
1825 1090 1898 1143 ita

320 1179 608 1243 exiSIiino,
655 1181 760 1234 nisi
814 1182 1040 1235 omnino
1107 1188 1167 1235 ut
1224 1181 1509 1251 imperitus
1572 1182 1816 1236 aberrem
1868 1196 1899 1235 a

320 1271 594 1332 veritate,
638 1286 804 1324 unam
859 1286 982 1326 esse
1033 1270 1175 1325 viam
1232 1272 1299 1325 ad
1356 1272 1643 1326 Dominum
1695 1272 1902 1327 ducen-

323 1369 477 1422 tem,
517 1369 573 1414 et
631 1362 942 1430 quicunque
994 1362 1061 1416 ad
1110 1363 1287 1431 ipsum
1333 1370 1600 1433 pergunt,
1687 1364 1900 1420 itineris

320 1448 568 1519 ejusdem
601 1465 723 1506 esse
751 1453 967 1513 socios,
1026 1459 1081 1505 et
1133 1454 1323 1505 eodem
1361 1453 1484 1505 vitae
1521 1452 1725 1506 findere
1773 1468 1901 1523 pro-

324 1540 501 1608 gredi.
558 1538 740 1605 Quare
790 1557 899 1609 quo
953 1542 1145 1596 abiens
1190 1544 1432 1612 separari
1473 1559 1501 1596 a
1541 1552 1595 1598 te
1630 1560 1901 1613 possum,

325 1647 429 1687 nec
480 1640 660 1686 tecum
700 1634 863 1687 simul
911 1634 1112 1696 vivere,
1180 1642 1236 1688 et
1279 1647 1460 1689 tecum
1496 1638 1704 1691 δεινὴ-ο
1755 1636 1903 1703 Deo,

327 1722 397 1777 ad
428 1738 588 1791 quem
624 1721 786 1777 simul
831 1724 1177 1794 confugimus
1206 1724 1229 1778 ?
1261 1723 1503 1793 Corpora
1532 1726 1677 1779 enim
1714 1738 1905 1780 nostra

328 1816 470 1871 locis
504 1817 890 1888 disjungcnlur
922 1834 939 1875 ;
972 1816 1066 1871 sed
1122 1820 1366 1886 prol'ecto
1426 1815 1519 1869 Dei
1563 1818 1756 1873 oculus
1798 1834 1906 1873 atn-
1940 1799 1979 1852 Β

325 1907 428 1963 bos
486 1909 648 1963 simul
703 1909 983 1973 intuetur;
1026 1908 1293 1977 siquidem
1333 1916 1387 1964 et
1440 1911 1551 1964 vita
1592 1926 1711 1964 mea
1742 1910 1907 1981 digna

327 1998 514 2065 fuerit,
559 2014 680 2068 quin
717 2014 747 2051 ιι
808 1997 898 2052 Dei
933 2000 1107 2052 oculis
1139 1999 1557 2069 conspiciatur;
1617 2000 1721 2054 hoc
1761 2001 1906 2055 enim

327 2088 433 2160 legi
480 2091 682 2145 alicubi
735 2090 789 2144 in
849 2089 1129 2145 Psalmis:
1173 2090 1330 2145 Oculi
1368 2090 1585 2145 Domini
1622 2106 1776 2160 super
1820 2092 1911 2162 ju-

328 2193 438 2238 stas
467 2184 537 2237 ’⁷.
580 2181 840 2253 Equidem
875 2184 1036 2251 cupio
1065 2192 1119 2236 et
1155 2182 1249 2235 tibi
1277 2190 1329 2236 et
1363 2183 1537 2237 cuivis
1582 2185 1673 2237 alii
1708 2200 1909 2254 propoo

329 2275 497 2330 situm
538 2284 631 2329 tuo
673 2276 853 2331 simile
885 2274 1105 2329 habenti
1149 2274 1313 2329 etiam
1357 2291 1587 2346 corpore
1627 2277 1909 2347 conjungi,

325 2378 380 2422 et
440 2374 568 2421 ante
630 2364 847 2421 Patrem
912 2374 1185 2427 nostrum,
1230 2366 1323 2435 qui
1358 2367 1409 2418 in
1469 2367 1624 2421 cwlis
1660 2378 1764 2430 est,
1800 2378 1912 2421 tcta

326 2463 489 2512 nocte
517 2471 583 2511 ac
614 2458 700 2511 die
732 2465 914 2510 tecum
955 2470 1131 2526 genua
1166 2456 1406 2517 Ilertere,
1444 2464 1499 2510 et
1533 2456 1577 2511 si
1618 2458 1742 2526 quis
1773 2457 1913 2511 alius

327 2558 432 2611 est.
471 2550 567 2621 qui
604 2551 704 2605 rite
747 2550 913 2604 Deum
953 2549 1185 2604 invocet.
1229 2547 1364 2601 Novi
1399 2549 1541 2602 enim
1577 2550 1915 2604 communio-

327 2657 452 2697 nem
501 2642 556 2694 in
610 2640 868 2709 precibus
917 2641 1148 2692 multum
1207 2638 1460 2692 utilitatis
1506 2638 1720 2693 aﬂerre.
1758 2638 1915 2704 Quod

337 2732 384 2786 si
416 2730 635 2800 quoties
672 2729 804 2782 mihi
862 2730 1153 2799 contigerit
1216 2730 1268 2782 in
1302 2729 1523 2783 diverso
1571 2730 1770 2797 angulo
1826 2728 1915 2796 ja-

327 2824 471 2876 centi
530 2822 905 2891 ingemiscere,
965 2819 1311 2872 mendacium
1346 2833 1429 2872 me
1457 2818 1684 2871 omnino
1732 2833 1919 2887 seque-

332 2921 465 2979 tur;
508 2927 749 2982 pugnare
790 2926 899 2964 non
933 2925 1154 2979 possunt
1196 2909 1462 2964 adversus
1499 2924 1562 2963 ea
1609 2925 1731 2978 quae
1780 2923 1810 2961 a
1867 2920 1918 2964 te

328 3004 474 3058 dicta
530 3008 678 3064 sunt,
739 3016 932 3071 meque
974 3002 1089 3069 ipse
1144 3008 1202 3053 ut
1234 2999 1552 3054 mendacem
1585 3001 1914 3061 condemno,

1995 542 2186 615 ὥσπερ
2223 543 2584 612 λειποτάκτην
2633 541 2755 599 τινὰ
2796 539 2906 593 τῶν
2932 540 3210 611 ἀρχόντων
3238 540 3572 612 ἀναζητούν-

1994 652 2102 688 των
2132 634 2243 703 (29)
2267 650 2281 662 θ
2314 633 2502 702 ἐπέχει
2541 631 2597 685 δέ
2636 648 2702 702 με
2732 631 2963 703 μάλιστα
2987 634 3020 699 ἡ
3069 631 3204 702 ἐμοῦ
3237 632 3404 686 αὐτοῦ
3436 651 3574 707 καρ-

1995 727 2105 789 δία,
2144 728 2327 779 ἐκεῖνα
2364 723 2715 796 μαρτυροῦσα
2748 725 2914 794 ἑαυτῇ
2944 725 3085 794 ἇπερ
3110 725 3327 795 εἴρηκα.

2067 818 2123 872 2.
2174 816 2389 887 Ἐπειδὴ
2426 816 2483 869 δὲ
2533 814 2815 883 συνθηκῶν
2860 813 3158 885 ἐμνήσθης,
3201 814 3296 868 καὶ
3336 831 3576 885 κατηγο-

2003 910 2117 980 ρεῖν
2142 906 2475 977 ἐπηγγείλω,
2516 904 2742 974 γελάσαι
2784 921 2851 974 με
2902 902 3161 973 ἐποίησας
3204 904 3261 955 ὲν
3288 904 3463 977 ταύτῃ
3504 906 3574 975 τῇ

1999 998 2277 1068 κατηφείᾳ
2313 1013 2439 1066 μου,
2471 996 2552 1049 ὅτι
2589 994 2668 1047 ἔτι
2717 996 2900 1066 ῥήτωρ
2931 989 3002 1057 εἷ,
3032 994 3125 1046 καὶ
3154 995 3250 1063 τῆς
3272 994 3578 1066 δεινότητος

2001 1091 2101 1144 οὐκ
2136 1089 2455 1157 ἀφίστασαι.
2501 1087 2641 1155 Ἐγὼ
2677 1087 2787 1157 γὰρ
2820 1086 2963 1140 οὕτω
2996 1085 3200 1157 νομίζω
3243 1086 3378 1152 (50),
3415 1088 3463 1139 εί
3501 1087 3579 1158 μὴ
3680 1119 3685 1123 -

2001 1182 2178 1251 πάντη
2205 1181 2280 1242 ὡς
2324 1178 2540 1249 ἀμαθὴς
2575 1178 2925 1249 διαμαρτάνω
2965 1177 3064 1246 τῆς
3110 1174 3399 1247 ἀληθείας,
3447 1177 3579 1246 μίαν

2002 1268 2142 1325 εἶναι
2174 1271 2291 1324 ὁδὸν
2318 1272 2416 1343 τὴν
2443 1269 2578 1341 πρὸς
2608 1269 2698 1321 τὸν
2730 1268 2931 1339 Κύριον
2963 1268 3220 1334 ἄγουσαν,
3254 1266 3346 1319 καὶ
3369 1267 3581 1329 πάντας

2001 1362 2129 1424 τοὺς
2160 1358 2296 1431 πρὸς
2332 1358 2495 1411 αὑτὸν
2529 1358 2933 1428 πορευομένους
2974 1354 3274 1408 συνοδεύειν
3303 1355 3578 1427 ἀλλήλοις,

2003 1452 2098 1505 καὶ
2126 1449 2268 1503 κατὰ
2303 1449 2430 1519 μίαν
2467 1447 2741 1517 συνθήκην
2766 1446 2859 1500 τοῦ
2896 1446 3012 1517 βίου
3041 1445 3384 1517 πορεύεσθαι.
3417 1447 3582 1499 Ὥστε

2002 1541 2109 1595 ποῦ
2141 1540 2391 1595 ἀπελθὼν
2416 1538 2755 1610 χωρισθῆναι
2783 1555 2874 1591 σου
2912 1537 3167 1608 δύναμαι,
3208 1539 3302 1590 καὶ
3334 1538 3407 1607 μὴ
3440 1537 3582 1607 μετὰ

2008 1633 2101 1686 σοῦ
2135 1632 2254 1703 ζῇν,
2275 1633 2369 1685 καὶ
2402 1630 2540 1701 μετὰ
2562 1629 2658 1683 σοῦ
2688 1628 2956 1682 δουλεύειν
2988 1628 3125 1698 Θεῷ,
3160 1622 3203 1696 ᾧ
3228 1632 3377 1699 κοινῇ
3411 1645 3583 1698 προσ-

2007 1722 2317 1793 εφύγομενς
2355 1723 2436 1775 Τὰ
2474 1722 2571 1791 μὲν
2612 1720 2723 1792 γὰρ
2778 1721 3005 1791 σώματα
3043 1721 3199 1792 ἡμῶν
3230 1721 3416 1785 τόποις
3459 1722 3582 1775 δια-

2009 1813 2367 1884 παθὴσεται·
2404 1816 2432 1867 ὁ
2462 1813 2519 1866 δὲ
2559 1811 2654 1865 τοῦ
2688 1811 2823 1865 Θεοῦ
2849 1811 3125 1882 ὀφθαλμὸς
3159 1816 3308 1883 κοινῇ
3340 1814 3571 1882 ἀμφοτέο

2011 1922 2137 1977 ρους
2168 1906 2341 1975 ἐφορᾷ
2392 1904 2670 1975 δηλονότι·
2721 1903 2878 1974 εἴπερ
2924 1898 3016 1955 οὖν
3047 1902 3194 1969 ἄξιος
3245 1904 3340 1956 καὶ
3388 1904 3417 1955 ό
3448 1903 3587 1972 ὲμδς

2012 1995 2125 2066 βίος
2178 1995 2283 2049 ὑπὸ
2329 1994 2438 2048 τῶν
2471 1992 2764 2064 ὀφθαλμῶν
2813 1992 2907 2046 τοῦ
2957 1992 3092 2045 Θεοῦ
3152 1992 3581 2047 ἐποπτεύεσθαι·

2010 2090 2249 2163 ἀνέγνων
2278 2089 2384 2160 γάρ
2410 2106 2509 2143 που
2534 2089 2591 2140 ἐν
2612 2087 2881 2157 Ψαλμοῖς,
2904 2088 2985 2140 ὅτι
3020 2086 3333 2156 Ὀφθαλμοὶ
3360 2088 3583 2155 Κυρίου

2010 2179 2112 2232 ἐπὶ
2148 2178 2435 2243 δικαίους.
2484 2175 2626 2246 Ἐγὼ
2683 2177 2781 2248 μὲν
2812 2178 2920 2248 γὰρ
2957 2174 3187 2247 εὔχομαι
3231 2177 3326 2229 καὶ
3360 2176 3443 2228 σοί
3488 2178 3580 2230 καὶ

2015 2273 2177 2324 παντὶ
2206 2270 2282 2341 τῷ
2330 2268 2725 2341 παραπλησίως
2749 2268 2859 2337 (51)
2915 2283 2995 2320 σοι
3040 2266 3456 2338 προαιρουμένῳ
3489 2267 3582 2320 καὶ

2010 2363 2091 2434 τῷ
2119 2362 2332 2432 σώματι
2361 2363 2621 2424 συνεῖναι,
2656 2361 2751 2413 καὶ
2798 2361 2978 2413 πᾶσαν
3024 2358 3193 2412 νύκτα
3236 2359 3331 2411 καὶ
3373 2359 3584 2430 ἡμέραν

2018 2456 2153 2525 μετὰ
2184 2455 2277 2508 σοῦ
2305 2454 2505 2507 κλίνειν
2537 2452 2606 2505 τὰ
2639 2452 2839 2520 γόνατα
2871 2451 3006 2522 πρὸς
3038 2450 3127 2503 τὸν
3161 2451 3378 2521 Πατέρα
3426 2450 3584 2521 ἡμῶν

2015 2550 2106 2600 τὸν
2138 2550 2195 2599 ἐν
2223 2550 2333 2611 τοῖς
2359 2547 2628 2613 οὐρανοῖς,
2661 2545 2755 2598 καὶ
2785 2543 2943 2608 εἴτις
2988 2543 3147 2607 ἄλλος
3194 2543 3358 2607 ἀξίως
3389 2545 3583 2596 ἐπικας

2017 2633 2275 2703 λούμενος
2302 2634 2394 2686 τὸν
2420 2633 2550 2685 Θεόν
2569 2649 2584 2663 ·
2614 2628 2728 2685 οἶδα
2765 2631 2871 2703 γὰρ
2900 2631 2997 2702 τὴν
3021 2634 3080 2683 ὲν
3111 2626 3241 2694 ταίς’
3258 2636 3585 2702 προσευχαῖς

2018 2726 2302 2779 κοινωνίαν
2360 2725 2493 2777 πολὺ
2531 2724 2592 2776 τὸ
2641 2723 2825 2793 κέρδος
2877 2723 3146 2792 φέρουσαν
3188 2723 3331 2793 (52)·
3379 2723 3475 2776 ἐὰν
3508 2724 3586 2787 δὲ,

2018 2820 2209 2879 ὁσάκις
2236 2816 2452 2887 ὑπάρξῃ
2482 2832 2571 2886 μοι
2600 2817 2657 2868 ὲν
2694 2815 2937 2885 διαφόρῳ
2962 2814 3200 2885 γωνιδίῳ
3235 2815 3348 2883 (55)
3380 2819 3567 2888 παρερ

2021 2910 2267 2982 ῥιμμὲνῳ
2299 2908 2593 2973 στενάζειν,
2620 2907 2980 2976 ἀκολουθήσει
3010 2925 3099 2978 μοι
3133 2908 3347 2971 πάντως
3378 2908 3439 2961 τὸ
3461 2910 3579 2978 ψεύ-

2017 3002 2222 3064 δεσθαι,
2262 3000 2526 3071 μάχεσθαι
2563 3001 2661 3070 μὲν
2684 2999 2793 3065 (54)
2826 3000 2960 3071 πρὸς
3000 3000 3093 3052 τὸν
3131 2998 3287 3067 λόγον
3324 3000 3425 3053 οὐκ
3459 3002 3587 3071 ἔχω,

332 3095 380 3149 si
434 3094 562 3164 quid
619 3093 891 3161 ejusmodi
952 3092 1173 3146 locutus
1224 3106 1345 3146 sum
1397 3090 1699 3144 secundum
1737 3091 1912 3160 pristi-

2021 3093 2119 3163 ἤδη
2149 3091 2205 3144 δὲ
2247 3092 2322 3155 ὡς
2354 3091 2587 3161 ψεύστου
2619 3090 2853 3156 ἐμαυτὸν
2882 3091 3214 3159 κατακρίνω,
3256 3090 3385 3144 εἴτι
3412 3090 3586 3144 τοιοῦο

332 3200 457 3241 nam
488 3183 935 3247 indill‘erentiam,
974 3182 1124 3252 quod
1156 3196 1242 3236 tne
1266 3180 1533 3235 mendacii
1561 3183 1790 3236 crimine
1810 3182 1911 3237 ob—

332 3276 586 3343 stringat.

402 3367 459 3422 5.
519 3364 818 3431 Postquam
875 3378 1044 3434 prope
1080 3361 1386 3417 Caesaream
1424 3363 1547 3417 veni
1574 3402 1587 3422 ,
1620 3369 1681 3415 ut
1729 3376 1913 3416 rerum

333 3466 537 3513 statum
598 3460 997 3527 perspicerem,
1050 3455 1108 3508 in
1168 3454 1286 3522 ipsa
1318 3454 1451 3509 urbe
1501 3454 1650 3508 nolui
1680 3467 1919 3508 commo-

334 3549 471 3614 rari,
504 3548 600 3603 sed
655 3533 721 3601 ad
756 3548 1062 3617 proximum
1095 3560 1391 3614 pauperum
1428 3545 1724 3615 hospitium
1781 3559 1915 3598 con-

335 3642 471 3712 fugi,
511 3653 569 3696 ut
618 3642 692 3696 ibi
739 3642 1009 3695 diSrerein
1045 3654 1167 3708 quae
1205 3637 1472 3692 volebam.
1510 3635 1735 3693 .Deinde
1786 3652 1912 3692 cum

334 3750 401 3789 eo
450 3736 694 3789 venisset
720 3748 784 3787 ex
816 3747 965 3786 more
1000 3731 1448 3800 religiosissimus
1487 3730 1800 3799 episvopus,
1836 3746 1918 3785 re-

334 3826 432 3882 tuli
476 3825 544 3879 ad
604 3841 729 3879 eum
785 3824 988 3894 quibus
1040 3823 1107 3876 de
1148 3823 1310 3877 rebus
1351 3821 1704 3875 mandaverat
1738 3820 1919 3875 erudi-

337 3919 415 3973 tio
484 3927 599 3973 tua.
659 3916 792 3983 Quae
839 3927 1020 3969 autem
1073 3914 1375 3982 respondit,
1413 3928 1475 3967 ea
1523 3930 1624 3967 nec
1657 3913 1917 3966 memoria

337 4010 562 4065 retineri
611 4015 887 4079 poterant,
918 4015 974 4061 et
1014 4006 1258 4075 epistolte
1290 4005 1510 4059 modum
1560 4005 1913 4073 superabant.

339 4102 397 4156 In
453 4117 668 4157 summa
726 4109 906 4154 autem
947 4098 1015 4152 de
1064 4105 1382 4167 paupertate
1437 4096 1580 4148 hunc
1609 4096 1747 4150 dixit
1794 4110 1917 4150 esse

339 4195 584 4258 modum,
641 4200 699 4246 ut
749 4204 989 4246 extrema
1020 4190 1203 4242 tunica
1261 4202 1414 4242 suam
1449 4188 1679 4256 quisque
1701 4201 1917 4255 posscs-

340 4288 550 4343 sionem
602 4283 846 4339 deliniat.
905 4285 1081 4352 Atque
1129 4298 1194 4334 ex
1258 4279 1549 4348 Evangelia
1604 4279 1915 4333 testimonia

336 4377 689 4435 exhibebat:
742 4390 910 4427 unum
964 4375 1184 4444 quidem
1242 4371 1472 4426 Joannis
1525 4370 1781 4441 Baptistae
1834 4372 1917 4425 di-

2016 3202 2107 3236 τον
2135 3184 2278 3237 κατὰ
2301 3184 2399 3254 τὴν
2443 3182 2679 3235 παλαιὰν
2713 3181 3035 3254 ἀδιαφορίαν
3069 3181 3440 3252 ἐφθεγξάμην,
3466 3182 3497 3235 ὅ
3525 3198 3588 3254 με

2013 3274 2094 3344 τῷ
2120 3276 2350 3345 κρίματι
2371 3274 2467 3327 τοῦ
2497 3275 2726 3344 ψεύδους
2756 3274 3007 3326 ὑπόδικον
3035 3273 3282 3344 καθιστᾷ.

2084 3367 2138 3421 5.
2167 3367 2461 3437 Γενόμενος
2485 3368 2541 3420 δὲ
2570 3366 2795 3436 πλησίον
2828 3368 3187 3436 Καισαρείας,
3221 3368 3364 3421 ὥστε
3393 3368 3570 3440 γνωρί

2017 3475 2106 3511 σαι
2133 3458 2201 3511 τὰ
2231 3460 2552 3530 πράγματα,
2587 3460 2681 3512 καὶ
2707 3461 2842 3529 αὑτῇ
2871 3459 3208 3529 παραϐαλεῖν
3237 3464 3302 3531 τῇ
3331 3461 3488 3514 πόλει
3516 3462 3591 3531 μὴ

2016 3549 2401 3621 ἀνασχόμενος,
2431 3549 2507 3620 τῷ
2529 3549 2755 3621 πλησίον
2780 3549 3123 3619 προσέφυγον
3148 3551 3589 3621 πτωχοτροφείῳ,

2017 3641 2155 3695 ὥστε
2210 3644 2327 3695 ἐκεῖ
2363 3641 2553 3712 μαθεῖν
2605 3642 2733 3712 περὶ
2783 3635 2857 3693 ὧν
2910 3641 3228 3711 ἐϐουλόμην.
3276 3638 3408 3695 Ε’τα
3454 3642 3599 3695 κατὰ

2021 3732 2307 3803 συνήθειαν
2354 3731 2751 3801 ἐπιδημήσαντι
2776 3729 2854 3800 τῷ
2888 3729 3283 3799 θεοφιλεστάτῳ
3309 3730 3598 3800 ἐπισκόπῳ

2018 3824 2292 3895 άνήνεγκα
2337 3825 2468 3893 περὶ
2513 3817 2588 3876 ὧν
2635 3821 2898 3887 ἐπέταξεν
2942 3822 3050 3892 (55)
3086 3823 3217 3892 ἡμῖν
3260 3824 3294 3892 ἡ
3344 3821 3598 3892 λογιότης

2020 3931 2133 3969 σου.
2170 3915 2278 3968 Καὶ¹
2310 3914 2346 3969 ἃ
2390 3915 2489 3985 μὲν
2532 3915 2888 3985 ἁπεκρίνατο,
2917 3913 3041 3967 οὔτε
3085 3915 3151 3983 τῇ
3204 3914 3394 3985 μνήμῃ
3431 3912 3601 3981 φυλα-

2017 4005 2210 4076 χθῆναι
2261 4006 2390 4077 παρ’
2433 4005 2588 4076 ἡμῶν
2627 4005 2850 4059 δυνατὸν
2887 4004 2996 4075 (56)
3027 3999 3126 4074 ἦν,
3174 4002 3268 4056 καὶ
3308 4002 3600 4072 ἐπιστολῆς

2019 4096 2345 4167 ὑπερέϐαινε
2389 4097 2605 4167 μέτρον.
2669 4097 2755 4160 Ὠς
2800 4098 2858 4148 ἐν
2904 4093 3181 4163 κεφαλαίῳ
3219 4092 3274 4146 δὲ
3324 4092 3450 4164 περὶ
3496 4093 3599 4163 τῆς

2017 4187 2403 4258 ἀκτημοσύνης
2430 4188 2606 4240 ἐκεῖνο
2651 4188 2753 4259 ἔφη
2788 4187 2847 4240 τὸ
2896 4187 3093 4257 μέτρον
3138 4180 3298 4248 εἶναι,
3329 4184 3469 4237 ὥστε
3516 4185 3599 4248 είς

2016 4278 2108 4331 τὸν
2140 4278 2365 4347 ἔσχατον
2390 4278 2594 4348 χιτῶνα
2627 4279 2857 4332 ἕκαστον
2887 4278 3066 4349 ἐαυτῷ
3099 4278 3447 4350 περιιστάναι
3483 4276 3597 4345 ('57)

2016 4370 2115 4439 τὴν
2154 4371 2367 4440 κτῆσιν.
2399 4370 2509 4423 Kal.
2544 4371 2836 4442 παρείχετο
2878 4373 3009 4441 ἡμῖν
3040 4372 3103 4423 ἐκ
3145 4369 3237 4423 τοῦ
3267 4369 3597 4437 Εὐαγγελίου

341 4468 517 4524 cenlis
549 4483 563 4519 :
600 4466 703 4532 Qui
732 4467 884 4520 habet
914 4466 1048 4519 duas
1083 4466 1287 4518 tunicas
1313 4464 1443 4525 ,.det
1472 4480 1572 4517 non
1603 4463 1874 4517 habenti"
1899 4482 1912 4517 :

2021 4464 2118 4527 τὰς
2144 4462 2499 4526 ’ἁποδείξεις’
2542 4463 2669 4534 μίαν
2726 4463 2844 4533 μὲν,
2880 4464 2956 4526 ὼς
2988 4462 3237 4515 Ἰωάννου
3271 4461 3363 4514 τοῦ
3400 4460 3599 4529 βαπτι-

336 4559 488 4614 aliud
539 4564 720 4611 autem
772 4555 989 4610 Domini
1042 4556 1315 4617 vetantis,
1361 4569 1429 4607 ne
1486 4553 1744 4623 discipuli
1782 4555 1921 4611 duas

415 4737 459 4768 "
487 4734 633 4791 Psal.
664 4747 863 4797 xxxiii,
898 4731 984 4785 16.
1063 4730 1109 4762 ’³
1135 4729 1266 4784 Lue.
1297 4747 1377 4797 ιιι,
1408 4731 1492 4785 ll.

417 4899 531 4963 (99)
567 4893 1031 4960 Ἀναζητούντων
1094 4886 1170 4963 lla
1198 4905 1330 4963 mss).
1356 4905 1471 4963 sex.
1494 4887 1637 4963 Editi
1672 4885 1926 4963 ἀνεπιζηο

343 4957 598 5025 τοῦντων.
644 4957 842 5020 lh’nlem
883 4974 992 5014 non
1051 4960 1193 5013 male
1226 4958 1395 5014 Coisl.
1434 4960 1641 5029 primus
1687 4966 1741 5013 et
1779 4957 1920 5011 Med.

347 5042 533 5110 ἐπέχει
564 5038 619 5090 δὲ
659 5035 909 5111 μάλιστα.
1027 5108 1055 5111 _
1176 5100 1269 5111 γ’.
1385 5099 1397 5111 ⁸

420 5100 529 5175 (30)
560 5100 984 5180 Οὕέωίνεμίζὶι).
1027 5108 1190 5163 Deest
1214 5100 1357 5153 οὕτω
1385 5100 1440 5180 in
1488 5112 1924 5180 sexAmssqinon

348 5167 528 5239 tamen
560 5183 614 5233 in
643 5167 1091 5243 Cuivaet—Medq
1122 5186 1355 5245 quorum
1392 5170 1444 5223 in
1478 5177 1755 5239 postremo
1786 5167 1920 5236 legi-

375 5272 437 5307 lll'
460 5268 652 5307 ουτως.

347 5266 1019 5392 ωἳὲἴῗυῆἷραπλησίως.
1070 5322 1147 5373 lla
1191 5311 1359 5392 (ξθῑδῖτ
1398 5309 1756 5392 “mnis-cun}
1801 5306 1925 5392 auis

349 5378 608 5457 αιιῖιιιίητ.
631 5378 846 5459 quibus
863 5378 1044 5447 favent
1066 5392 1174 5443 duo
1210 5378 1471 5453 Reginin
1505 5379 1703 5450 quibus
1728 5378 1927 5447 legitur

349 5461 694 5532 παραπλίως.
721 5460 796 5512 Ειι
809 5463 862 5515 ;ιί
895 5460 1291 5532 παραπλήσιον.
1570 5526 1581 5532 _
1593 5519 1604 5529 _

342 5515 533 5601 .777552)
561 5515 891 5599 Φέρουσαν.
943 5515 1080 5586 Tres
1125 5515 1343 5583 codices
1402 5519 1734 5573 recentiores
1776 5515 1928 5586 ἐχου-

353 5620 473 5655 σαν.

429 5670 539 5742 (35)
566 5671 850 5739 Γωνιδίῳ.
887 5670 977 5726 Sic
1005 5665 1406 5742 Coiileprimuns
1430 5666 1489 5742 .et
1520 5656 1700 5742 Paris.
1724 5655 1929 5742 enituit

354 5728 481 5799 dain
506 5728 728 5815 Regius.
772 5729 924 5798 A'lius
968 5740 1110 5809 apud
1154 5728 1536 5791 Combel‘isium
1568 5728 1755 5796 γωνίᾳ.
1787 5728 1928 5781 Editi

2034 4553 2161 4607 στοῦ
2201 4554 2445 4617 εἰπόντος
2469 4572 2483 4585 ·
2517 4556 2577 4608 '0
2602 4554 2758 4624 ἔχων
2788 4553 2899 4609 δύο
2925 4552 3177 4624 χιτῶνας
3196 4552 3499 4623 μεταδότω
3519 4547 3601 4618 τῷ

2596 4742 2635 4777 ο

2058 4887 2253 4943 ονιδίω.

2021 4904 2541 5027 γοῖἕῗῗᾈῖάχεσθαι
2568 4953 2700 5025 μέν.
2737 4952 2877 5007 ΕιΙῘΙῘ
2915 4950 3119 5027 addunt
3153 4950 3289 5027 γάρ.Δ
3319 4949 3414 5027 sed
3450 4965 3602 5027 pror-

2024 5021 2118 5083 sus
2175 5021 2388 5080 vitiose.
2430 5021 2793 5092 Quamobrem
2826 5040 2948 5077 ‹·ιιιιι
2983 5023 3095 5075 lure
3137 5024 3325 5092 vocula
3357 5021 3501 5075 desit
3542 5026 3601 5076 in

2023 5101 2198 5152 tribus
2249 5115 2407 5160 mss.,
2457 5091 2736 5151 delendam
2795 5095 3073 5148 duximus.
3121 5091 3319 5161 Ibidem
3360 5101 3602 5161 quatuor

2024 5184 2157 5222 mss.
2186 5184 2294 5221 non
2338 5168 2690 5222 vetustissimi
2718 5163 2793 5226 ὡς
2832 5163 3064 5232 ψεύστου
3090 5160 3347 5230 ἐμαυτοῦ.

2096 5238 2206 5305 (55)
2256 5236 2596 5301 Ἐπέταξεν.
2632 5236 2707 5290 Ita
2740 5231 2907 5289 CoiSl.
2940 5236 3151 5303 primus
3193 5239 3247 5287 et
3281 5231 3420 5287 Med.
3472 5246 3601 5286 cum

2023 5309 2237 5364 duohus
2266 5310 2406 5362 aliis.

2096 5379 2207 5447 (56)
2242 5378 2531 5447 Δυνατὼζ.
2564 5374 2724 5429 Deest
2767 5368 2835 5443 ἦν
2870 5372 2924 5426 in
2983 5370 3265 5447 nonnullis
3317 5384 3449 5447 mss.
3486 5385 3602 5425 non

2028 5440 2441 5516 antiquissimis.
2496 5445 2718 5516 Legitur
2769 5440 2934 5499 etiam
2996 5442 3156 5512 paulo
3200 5448 3324 5511 post
3362 5440 3418 5494 in
3462 5457 3605 5495 non-

2024 5521 2189 5573 nullis
2212 5520 2545 5589 ὑπερθαίνει.

2100 5589 2213 5649 (57)
2244 5578 2644 5658 Πέριιστάναι.
2708 5583 2876 5640 Coisl.
2920 5583 3130 5655 primus
3181 5588 3234 5637 et
3269 5578 3410 5636 Med.
3446 5597 3607 5653 περι-

2028 5676 2240 5729 στησαι,
