3948 6214
269 331 372 389 6θὶ

1597 328 1656 384 ε.
1697 326 1942 383 ΒΑειιιι
1979 325 2194 384 MAGNI

3430 313 3535 372 608

270 453 485 514 tempus
515 442 822 502 intermitte
851 446 1132 502 scribendi
1178 446 1342 500 nobis
1370 452 1423 501 et
1449 443 1729 499 excitandi
1779 441 1847 496 ad

1970 443 2208 514 ῑιαλίπῃς
2241 437 2570 493 ἐπιστέλλων
2601 434 2867 507 ἡμῖν,κώ
2897 433 3178 506 διεγείρων
3215 433 3362 505 ἡμᾶς
3396 432 3536 504 πρὸς

271 535 644 592 scribendum.
693 536 800 607 Ipsi
851 538 998 592 enim
1055 537 1350 592 manifeste
1390 537 1635 590 laetiores
1686 534 1852 590 eﬂiei-

271 643 414 690 mur,
440 628 570 682 dum
600 629 950 698 prudentium
991 631 1258 691 virorum,
1284 629 1379 698 qui
1413 627 1701 682 Dominum
1730 625 1852 680 dili-

272 731 406 790 gunt
425 761 440 782 ,
467 721 734 790 epistolas
763 722 1017 792 legimus.
1049 720 1242 776 Utrum
1280 730 1466 776 autem
1494 729 1548 777 et
1578 720 1679 791 ipsi
1707 718 1852 789 apud

274 829 374 870 nos
402 814 606 885 aliquid
628 857 644 881 ,
677 815 822 886 quod
857 830 1042 884 operte
1096 814 1332 884 pretium
1373 814 1477 879 sit,
1526 813 1849 878 inveniatis,

275 921 441 962 nosse
496 915 738 962 vestrum
776 915 891 970 est,
944 907 1039 975 qui
1087 914 1277 962 nostra
1331 905 1529 974 legitis.
1585 905 1850 974 Equidem

276 997 382 1052 nisi
417 998 766 1067 negotiorum
819 996 1170 1051 multitudine
1219 995 1544 1059 abducerer,
1576 996 1853 1051 scribendi

277 1088 496 1144 assidue
537 1089 740 1159 gaudio
790 1089 952 1160 242
1000 1105 1110 1143 non
1139 1089 1493 1143 abstinerem.
1537 1086 1646 1144 Vos
1684 1102 1851 1152 vero,

215 1203 226 1216 -
276 1179 476 1249 quibus
512 1181 697 1235 minus
747 1192 832 1235 est
881 1196 1174 1243 curarum,
1204 1178 1426 1248 quoties
1485 1179 1601 1233 ﬁeri
1641 1185 1852 1248 potest,

277 1271 478 1328 litteris
516 1287 620 1326 nos
653 1271 984 1327 deinulcete.
1023 1269 1154 1324 Nam
1192 1277 1387 1341 puteos
1425 1270 1581 1322 aiunt
1626 1269 1856 1328 haustos

278 1363 534 1418 meliores
570 1362 708 1416 ﬁeri.
741 1361 971 1417 Videtur
1023 1371 1204 1416 autem
1253 1370 1473 1414 tuarum
1530 1360 1858 1414 admonitio-

279 1469 448 1517 num,
503 1469 625 1523 qua:
675 1470 742 1509 ex
794 1464 914 1508 arte
951 1453 1164 1508 medica
1201 1459 1486 1522 petuntur,
1529 1466 1858 1521 supervaca-

279 1561 420 1601 neus
451 1547 648 1610 labor;
681 1561 803 1600 cum
837 1561 938 1601 nos
961 1545 1170 1600 ferrum
1199 1559 1309 1598 non
1340 1543 1722 1606 adhibeamus,
1763 1541 1859 1598 sed

280 1638 339 1691 ln
392 1639 716 1706 semetipsos
762 1645 956 1700 ruant,
992 1623 1087 1706 qui
1129 1635 1254 1690 facti
1295 1644 1423 1690 sunt
1451 1633 1698 1690 inutiles.
1732 1633 1858 1690 Haec

280 1735 367 1782 est
398 1729 567 1798 igitur
613 1726 784 1782 Stoici
817 1728 1089 1782 sententia
1117 1746 1131 1781 :
1176 1727 1446 1793 Quoniam
1471 1767 1484 1789 ,
1519 1727 1737 1797 inquit,
1769 1744 1858 1783 res

1951 536 2011 589 τὺ
2035 533 2290 603 γράφειν.
2313 531 2476 584 Αὐτοὶ
2501 527 2599 599 μὲν
2617 529 2726 599 γὰρ
2755 525 3030 597 προδήλως
3054 523 3235 595 ήδίους
3267 523 3535 594 γινόμεθα

1952 626 2369 696 ἐντυγχάνοντες
2412 621 2724 684 ἐπιστολαῖς
2755 618 2992 672 συνετῶν
3032 618 3238 689 ἀνδρῶν
3267 615 3532 686 ἁγαπιὲινο

1951 737 2058 773 των
2091 717 2184 771 τὸν
2215 715 2452 787 Κύριον·
2487 715 2535 767 εἰ
2583 714 2640 766 δὲ
2678 713 2772 768 καὶ
2817 709 2967 764 αὐτοί
3009 726 3062 762 τι
3103 708 3249 773 ἀξιον
3290 706 3534 777 σπουδῆς

1952 809 2237 880 εὑρίσκετε
2272 806 2385 878 (45)
2418 807 2548 876 παρ’
2575 806 2728 875 ἡμῖν,
2768 801 3036 873 ὑμέτερον
3064 799 3260 852 εἰδέναι
3297 799 3408 852 τῶν
3441 799 3534 850 ἐνι-

1951 898 2348 970 τυγχανόντων.
2411 897 2474 952 Εἰ
2518 895 2616 966 μὲν
2653 889 2746 948 οὖν
2783 893 2858 964 μὴ
2887 892 2993 945 ὑπὸ
3023 889 3116 946 τοῦ
3149 890 3387 962 πλήθους
3419 889 3538 942 τῶν

1953 988 2221 1061 ἀσχολιῶν
2253 986 2586 1058 ἀπηγόμεθα
2623 984 2758 1056 (46),
2793 984 2894 1038 οὐκ
2937 982 3003 1036 ἂν
3043 982 3144 1052 τῆς
3181 983 3244 1035 ἐκ
3270 979 3365 1033 τοῦ
3394 981 3540 1052 γρά-

1954 1099 2078 1152 φειν
2107 1079 2346 1151 συνεχῶς
2379 1076 2718 1149 εὐφροσύνης
2751 1071 3124 1144 ἀπειχόμεθα·
3158 1072 3315 1142 ὑμεῖς
3345 1070 3423 1133 δὲ,
3450 1065 3538 1135 οἷς

1954 1174 2205 1236 ἐλάττους
2251 1173 2308 1224 αί
2350 1168 2650 1240 φροντίδες,
2687 1167 2878 1229 ὁσάκις
2919 1164 2986 1218 ἂν
3030 1160 3140 1218 οἷόν
3172 1179 3232 1216 τε
3271 1157 3328 1236 ᾖ,
3365 1178 3539 1215 κατα-

1955 1263 2171 1333 κηλεῖτε
2216 1261 2363 1332 ἡμᾶς
2413 1262 2528 1322 τοῖς
2575 1257 2886 1329 γράμμασι.
2923 1255 3035 1309 Καὶ
3073 1254 3182 1326 γὰρ
3220 1253 3290 1306 τὰ
3322 1254 3541 1324 φρέατά

1956 1371 2120 1423 φασιν
2146 1350 2482 1416 ἅντλούμενα
2522 1348 2717 1419 βελτίω
2746 1344 2990 1415 γίνεσθαι
3021 1345 3153 1416 (4⁸7).
3201 1344 3439 1396 Ἐοίκασι
3478 1343 3538 1396 δέ

1959 1466 2055 1502 σου,
2085 1450 2140 1501 αἱ
2176 1447 2237 1512 ἐξ
2281 1446 2532 1518 ἰατρικῆς
2579 1443 2932 1512 παραινέσεις
2976 1442 3058 1504 είς
3105 1440 3378 1512 πάρεργον
3422 1457 3539 1508 χω-

1962 1545 2093 1613 ρείν,
2143 1541 2241 1610 οὐχ
2293 1538 2450 1610 ἡμῶν
2503 1537 2815 1606 ἐπαγόντων
2851 1535 2960 1607 (48)
2999 1535 3092 1588 τὸν
3137 1535 3375 1606 σίδηρον,
3416 1533 3537 1587 ἀλλ’

1959 1635 2172 1696 ἑαυτοῖς
2200 1630 2579 1685 ἐκπιπτόντων
2627 1629 2736 1682 τῶν
2769 1629 3280 1700 ἀπαχρειουμένων.
3342 1628 3402 1680 Ὀ
3435 1627 3536 1696 μὲν

1957 1721 2051 1778 οὖν
2097 1722 2192 1776 τοῦ
2225 1720 2464 1775 Στωϊκοῦ
2496 1720 2682 1788 λόγος’
2732 1719 2972 1790 Ἐπειδὴ,
3011 1718 3164 1788 φησὶ,
3203 1718 3278 1789 μὴ
3323 1717 3540 1786 γίνεται

282 1835 394 1875 non
427 1828 560 1874 nunt
595 1827 654 1874 ut
688 1821 964 1885 volumus,
1000 1827 1060 1872 ut
1107 1819 1246 1872 ﬁunt
1291 1819 1565 1874 volumus.
1613 1820 1728 1889 Ego
1761 1835 1858 1874 au-

1970 1817 2026 1870 τὰ
2071 1815 2374 1886 πράγματα
2426 1811 2502 1876 ὡς
2559 1810 2894 1882 βουλόμεθα,
2954 1810 3030 1874 ὠς
3081 1810 3292 1878 γίνεται
3350 1807 3542 1878 βουλό-

282 1919 391 1967 tem
424 1912 510 1966 his
541 1927 662 1982 quae
686 1911 842 1978 ﬁunt,
867 1927 932 1966 ex
961 1911 1146 1965 animo
1170 1911 1426 1965 assentiri
1457 1926 1567 1964 non
1595 1925 1852 1979 possum:

282 2005 376 2059 sed
412 2010 594 2058 tanien
621 2002 829 2073 aliquid
861 2003 1238 2056 necessarium
1269 2015 1298 2053 a
1348 2002 1629 2056 nonnullis
1663 2011 1859 2070 praeter

283 2096 451 2150 animi
507 2097 834 2152 sententiam
915 2095 1026 2150 ﬁeri
1063 2135 1078 2157 ,
1140 2096 1285 2150 haud
1341 2095 1613 2163 improbo.
1675 2093 1860 2163 Neque

281 2187 428 2242 enim
460 2202 556 2241 vos
606 2186 837 2249 medici,
871 2195 1137 2256 aegrotum
1175 2201 1365 2251 urere,
1404 2193 1498 2240 aut
1531 2186 1639 2238 alio
1695 2185 1860 2240 modo

281 2280 524 2334 dolorem
555 2295 740 2335 creare
777 2280 943 2334 vultis
973 2299 987 2334 ι
1029 2279 1122 2334 sed
1161 2288 1342 2332 tamen
1377 2293 1519 2347 saepe
1567 2277 1619 2331 id
1654 2275 1862 2331 facien-

283 2369 416 2423 dum
469 2369 832 2434 existimatis,
891 2369 1064 2424 morbi
1111 2367 1488 2422 difﬁcultatem
1542 2374 1860 2436 sequentes.

282 2462 468 2532 Neque
506 2464 827 2532 navigantes
876 2462 1111 2516 libenter
1161 2476 1374 2516 merces
1424 2459 1708 2529 ejiciunt:
1767 2457 1862 2516 sed

284 2563 345 2608 ut
413 2553 696 2624 naufragia
759 2553 1022 2624 eﬂugiant
1061 2595 1078 2616 ,
1143 2554 1471 2622 ejectionem
1535 2551 1859 2621 perferunt,

283 2662 576 2717 pauperem
619 2647 785 2701 vitam
819 2647 984 2699 morti
1030 2644 1404 2716 praeferentes.
1440 2644 1623 2710 Quare
1671 2643 1863 2700 existi-

285 2755 372 2794 ma
404 2755 506 2794 nus
538 2739 700 2794 etiam
747 2738 1152 2807 separationem
1195 2751 1426 2799 eorum,
1453 2736 1548 2806 qui
1596 2750 1656 2790 se
1705 2748 1865 2803 sepa-

283 2842 582 2894 raverunt,
622 2833 852 2886 moleste
905 2830 1125 2901 quidem
1181 2837 1237 2884 et
1287 2843 1413 2884 cum
1451 2827 1746 2882 uberrimis
1785 2827 1865 2880 la-

283 2926 487 2996 crymis
523 2925 693 2988 l‘erre,
749 2923 844 2980 sed
894 2923 1036 2978 ferre
1085 2928 1267 2975 tamen
1300 2938 1315 2974 :
1350 2918 1626 2990 siquidem
1662 2919 1866 2973 verita-

285 3022 358 3072 tis
379 3017 736 3082 amatoribus,
762 3015 897 3070 nihil
933 3021 1020 3070 est
1058 3013 1170 3070 Deo
1207 3023 1262 3070 et
1293 3027 1391 3083 Spe
1422 3011 1479 3066 in
1515 3009 1685 3065 Deum
1717 3010 1864 3064 anti-

285 3123 473 3179 quius.

805 3223 1144 3280 EPISTOLA
1180 3221 1356 3278 CLll‘.

1963 1907 2103 1978 μεθα
2133 1906 2242 1977 (49)
2263 1921 2278 1935 ⁶
2327 1903 2440 1973 ἐγὼ
2477 1903 2532 1956 δέ
2573 1905 2686 1967 τοῖς
2728 1903 2826 1972 μὲν
2857 1900 3147 1970 πράγμασι
3181 1899 3281 1970 τὴν
3312 1897 3541 1967 γνώμην

1961 1996 2454 2069 συγκατατίθεσθαι
2486 1993 2598 2063 (50)
2634 1995 2692 2046 οὐ
2723 1993 3091 2062 καταδέχομαι
3117 2008 3131 2021 ·
3178 1989 3239 2042 τὸ
3283 1989 3340 2042 δὲ
3370 1989 3541 2044 ἀδου-

1959 2092 2137 2162 λήτως
2165 2088 2316 2152 τινὰς
2349 2088 2524 2140 ποιεῖν
2569 2101 2622 2138 τι
2658 2083 2768 2136 τῶν
2802 2082 3116 2152 ἀναγκαίων
3151 2081 3252 2134 οὐκ
3283 2078 3541 2133 ἀποδοκι-

1965 2182 2139 2253 μάζω.
2183 2177 2320 2232 Οὔτε
2360 2177 2469 2248 γὰρ
2513 2177 2644 2247 ὑμῖν
2689 2176 2804 2236 τοῖς
2859 2174 3065 2245 ίατροῖς
3112 2171 3174 2224 τὸ
3223 2169 3398 2224 καίειν
3445 2168 3541 2223 τὸν

1961 2276 2262 2345 ἄρρωστον,
2306 2270 2340 2341 ἢ
2390 2268 2564 2331 ἄλλως
2611 2268 2784 2321 ποιεῖν
2830 2264 3034 2332 ἀλγεῖν,
3085 2260 3370 2332 βουλητόν·
3422 2259 3541 2314 ἀλλ’

1961 2363 2054 2421 οὖν
2092 2362 2455 2433 καταδέχεοθε
2495 2359 2756 2421 πολλάκις
2783 2361 2849 2428 τῇ
2891 2354 3178 2427 δυσχερείᾳ
3209 2352 3303 2406 τοῦ
3335 2351 3544 2415 πάθους

1961 2459 2238 2528 ἑπόμενοι.
2280 2453 2417 2507 Οὔτε
2448 2453 2498 2505 οἱ
2533 2451 2787 2512 πλέοντες
2831 2446 3092 2508 ἑκουσίως
3121 2443 3443 2498 ἐκϐάλλουσι
3475 2442 3545 2496 τά

1961 2547 2251 2618 ἀγώγιμα·
2306 2544 2421 2597 ἀλλ’
2468 2542 2611 2596 ὥστε
2661 2541 2944 2610 διαφυγεῖν
3009 2537 3078 2591 τὰ
3124 2536 3381 2602 ναυάγια,
3438 2535 3543 2603 iup-

1966 2642 2210 2695 ίστανται
2243 2636 2342 2708 τὴν
2373 2635 2622 2705 ἐκϐολὴν,
2654 2633 2746 2686 τὸν
2775 2634 2836 2686 ἐν
2869 2631 3029 2702 πενίᾳ
3063 2629 3175 2700 βίον
3206 2627 3301 2681 τοῦ
3331 2627 3545 2680 ἀποθαυο

1961 2736 2073 2787 νεῖν
2121 2728 2518 2803 προτιμῶντες·
2569 2727 2731 2780 Ὥστε
2776 2725 2868 2778 καὶ
2916 2725 3064 2794 ἡμᾶς
3113 2723 3228 2775 οἴου
3279 2718 3546 2788 ἀλγεινῶς

1967 2824 2065 2893 μὲν
2103 2821 2195 2874 καὶ
2224 2817 2363 2890 μετά
2407 2815 2615 2888 μυρίων
2647 2813 2898 2884 ὀδυρμῶν
2929 2812 3116 2882 φέρειν
3143 2810 3238 2865 τὸν
3267 2808 3546 2881 χωρισμὸν

1963 2913 2072 2966 τῶν
2115 2909 2502 2981 ἀφισταμένων
2536 2907 2646 2975 (51)
2669 2924 2682 2938 ·
2721 2906 2907 2976 φέρειν
2939 2905 2982 2958 δ’
3017 2900 3111 2957 οὖν
3138 2903 3322 2972 ὅμως*
3355 2899 3546 2968 ἐπειδὴ

1963 3003 2060 3059 τοῦ
2095 3001 2230 3056 Θεοῦ
2263 3001 2354 3056 καὶ
2385 3001 2487 3068 τῆς
2534 3001 2620 3053 ἐπ’
2663 2997 2826 3051 αὑτὸν
2876 2995 3091 3061 ἐλπίδος
3123 2995 3275 3049 οὐδὲν
3302 2995 3416 3056 τοῖς
3447 2993 3549 3063 τῆς

1969 3096 2230 3169 ἀληθείας
2260 3095 2518 3166 ἐρασταῖς
2546 3089 2960 3162 προτιμότερον.

2464 3208 2814 3265 ΕΠΙΣΤΟΛΗ
2853 3206 3027 3260 ΡΝΒ¹.

289 3336 483 3391 Silentii
505 3350 582 3390 sui
602 3349 801 3388 causam
821 3334 1018 3400 exponit
1050 3317 1282 3396 Basilius,
1304 3333 1597 3398 conﬁdenter
1625 3329 1868 3441 deinceps,
1885 3327 2183 3441 atii-iptith
2211 3341 2268 3438 se,
2295 3321 2548 3390 promittit.
2578 3319 2771 3373 Gratias
2798 3317 2898 3384 agit
2933 3317 3062 3382 quod
3083 3330 3196 3368 suas
3218 3329 3310 3379 pro
3335 3314 3550 3366 Ecclesia

1635 3405 1800 3441 nreces
1877 3405 1921 3441 ιε
1941 3405 1998 3441 or
2018 3405 2080 3441 an
2129 3403 2210 3439 ver
2234 3402 2286 3438 ι.

1633 3405 1800 3457 preces
1831 3402 1859 3441 Υ
1877 3402 1998 3442 ιειοι*
2018 3402 2286 3441 antevertit.

753 3501 949 3557 Victori
974 3501 1240 3556 exercitus
1269 3500 1418 3555 duci.

359 3622 440 3677 Ad
473 3620 708 3689 aliquem
764 3617 931 3671 alium
968 3617 1014 3670 si
1067 3631 1176 3669 non
1207 3614 1506 3669 scriberem
1531 3651 1547 3674 ,
1579 3609 1720 3666 forte
1757 3624 1867 3663 non

290 3712 564 3770 immerito
592 3709 920 3765 sustinerem
976 3706 1226 3777 segnitiei
1273 3713 1368 3758 aut
1404 3701 1704 3758 oblivionis
1753 3699 1866 3753 cri-

291 3822 439 3862 men.
476 3803 579 3858 Tui
616 3817 746 3858 vero
795 3801 1071 3872 quomodo
1105 3797 1310 3869 possim
1367 3793 1653 3855 oblivisci,
1703 3791 1866 3860 cujus

291 3913 492 3954 nomen
560 3895 705 3966 apud
763 3910 956 3950 omnes
1024 3893 1276 3948 homines
1337 3887 1714 3962 prredicatur?
1776 3893 1870 3940 aut

288 3990 569 4062 quomodo
601 3998 652 4044 te
687 3989 998 4058 negligere,
1051 3983 1147 4055 qui
1208 3998 1401 4038 omnes
1454 3983 1566 4035 fere
1603 3979 1660 4033 in
1697 3985 1871 4032 terra-

291 4097 413 4136 rum
443 4081 574 4135 orbe
598 4077 815 4147 l'astigio
839 4075 1168 4146 dignitatum
1199 4070 1528 4127 antecellis?
1557 4067 1662 4123 Sed
1695 4067 1868 4121 silen-

291 4173 354 4229 tii
389 4173 496 4228 mei
523 4171 810 4227 manifesta
847 4179 932 4224 est
963 4180 1154 4222 causa.
1200 4164 1331 4219 Viro
1371 4171 1525 4218 tanto
1552 4159 1864 4216 molestiam

298 4327 595 4381 Vaticanus
628 4324 928 4397 ὑμετέρων.
965 4321 1025 4377 Si
1047 4337 1151 4391 qua
1175 4319 1382 4374 utilitas
1408 4327 1705 4372 vestrarum
1739 4313 1876 4367 litte-

293 4414 498 4453 rarum.

365 4472 383 4490 "
417 4468 566 4520 Alias
597 4461 963 4519 CCCLXXIV.
991 4462 1203 4531 Scripta
1229 4461 1376 4516 circa
1401 4455 1678 4531 ann._57;’).

361 4539 474 4606 (45)
511 4536 860 4602 Εὑρίσκετε.
894 4523 1554 4606 ιιτιυεεριεηι,ιιιεηςηιράίιί
1588 4523 1872 4606 εὑρήσετε,

363 4594 473 4680 (ιϐδ
521 4594 910 4680 Ἀἓιηγόμεθω
1129 4601 1268 4656 male
1311 4599 1483 4654 Coisl.
1511 4594 1784 4653 secundus
1822 4597 1878 4646 et

294 4675 426 4742 Reg.
453 4675 726 4732 Secundus
759 4675 1153 4744 ἀπειργόμεθα,

361 4696 426 4742 2g.
453 4691 726 4732 secunuus
759 4691 1153 4796 ἀπειργομευα.

361 4748 473 4818 (47)
531 4748 832 4800 Γίνεσθαι,
922 4744 1063 4798 idem
1119 4741 1228 4796 duo
1285 4737 1502 4793 codices
1557 4734 1764 4803 γίνεται
1820 4739 1875 4786 et

293 4820 478 4892 φηῐίγ-

365 4885 476 4961 (ιε)
529 4885 750 4961 tmarii

293 4943 707 5026 mi‘évayévsmv'.
737 4955 936 5009 Ibidem
970 4953 1121 5006 Harl.
1151 4951 1212 5005 τὸ
1243 4949 1503 5020 σιδήριον,
1532 4954 1585 5000 et
1615 4943 1746 5012 Reg.
1785 4961 1872 4999 se-

291 5025 508 5084 cundus
542 5025 1001 5098 περιπιπτόντων.

361 5083 877 5168 (49γΒούλόμεθα.
916 5092 1169 5168 l_ta_llarl.
1199 5086 1428 5168 called.
1466 5084 1557 5165 Sic
1592 5085 1769 5168 etianl
1788 5083 1870 5168 vi:

290 5154 880 5239 deiur'primajnanu
938 5164 1194 5239 habuisse
1239 5158 1410 5239 Qpisl.
1451 5156 1683 5239 primus:
1729 5154 1872 5239 Editi

295 5223 795 5310 βουλώμεθα-Βιξῆ
837 5235 1112 5310 secundus
1149 5239 1203 5287 et
1254 5229 1422 5284 Coisl.
1453 5223 1752 5281 secundus
1798 5223 1874 5286 ὡς

295 5305 362 5363 ἂν
392 5305 608 5378 γίνηται
635 5305 968 5378 βουλώμεθα.

363 5360 476 5451 (ἐο)
492 5360 1059 5451 Συχὲαζατίθεσθαι.
1085 5371 1260 5434 Harl.,
1284 5370 1418 5440 Reg.
1436 5365 1645 5438 primus
1665 5371 1720 5418 et
1744 5360 1866 5418 Vat.

295 5446 816 5520 suppetasieeoﬂat.

363 5503 474 5591 (5'!)
520 5516 1096 5591 Τῶν-’ἀφισταμένων
1131 5511 1259 5567 llaec
1284 5507 1509 5589 intelligi
1541 5503 1876 5591 non-debent

291 5573 656 5645 de‘Eu'stathii
701 5573 1049 5652 separatione
1071 5600 1099 5638 a
1127 5573 1509 5637 communione
1541 5575 1751 5652 Basilii,
1780 5573 1876 5652 sed

291 5643 475 5730 potius
512 5659 580 5730 de
634 5643 1058 5730 Seba-steriol'um
1096 5651 1484 5730 nonnullorum
1530 5649 1598 5700 ah
1631 5646 1751 5714 ipso
1776 5643 1878 5725 Ιεξιι-

292 5715 496 5787 ὲιιιιίιὶο
528 5727 886 5783 discessione.
925 5724 1062 5780 Tota
1123 5738 1209 5777 res
1261 5719 1512 5774 enitescit
1539 5732 1602 5771 ex
1633 5715 1879 5784 superio-

2404 3489 2675 3554 Οὐΐκτορι
2705 3479 3112 3552 στρατηλάτῃ.

2050 3606 2228 3676 ’Ἄλλῳ
2263 3603 2361 3676 μέν
2392 3619 2497 3655 τινι
2528 3600 2603 3672 μή
2631 3595 2981 3658 ἐπιστέλλων,
3017 3595 3157 3665 τάχα
3196 3595 3261 3646 ἂν
3289 3590 3550 3663 δεξαίμην

1973 3699 2197 3762 δικαίως
2249 3695 2498 3765 ἔγκλημα
2544 3690 2819 3762 ῥᾳθυμίας
2861 3689 2893 3758 ἢ
2939 3686 3143 3765 λήθης·
3197 3683 3291 3738 σοῦ
3331 3684 3390 3738 δὲ
3434 3683 3550 3746 πῶς

1973 3792 2118 3845 ἔστιν
2145 3764 2518 3848 ἐπιλαθέσθαι,
2548 3778 2608 3838 οὗ
2651 3781 2802 3852 παρὰ
2833 3781 2998 3835 πᾶσιν
3027 3764 3329 3848 ἀνθρώποις
3375 3775 3554 3828 λαλεῖ-

1974 3883 2063 3936 ταὶ
2089 3882 2150 3935 τὸ
2182 3880 2388 3952 ῦνομα;
2426 3877 2544 3940 πῶς
2589 3876 2646 3929 δέ
2689 3871 3207 3944 καταρῤᾳθυμῆσαι,
3237 3868 3295 3930 ὃς
3330 3868 3551 3921 πάντων

1978 3973 2163 4045 σχεδὸν
2189 3972 2295 4024 τῶν
2327 3968 2470 4024 κατά
2509 3967 2606 4039 τὴν
2637 3963 2960 4033 οἰκουμένην
2997 3961 3074 4032 τῷ
3108 3959 3229 4028 ὕψει
3250 3959 3356 4011 τῶν
3389 3958 3552 4022 ἀξιω-

1979 4064 2162 4134 μάτων
2205 4059 2681 4133 ὑπερανέστηκαςς
2750 4052 2910 4106 Ἀλλὰ
2950 4051 3084 4121 δήλη
3134 4049 3290 4120 ήμῶν
3333 4050 3366 4118 ἡ
3399 4046 3551 4100 αἰτία

1973 4155 2072 4225 τῆς
2107 4151 2345 4221 σιωπῆς.
2385 4147 2678 4218 Ὀκνοῦμεν
2702 4146 2768 4199 δι’
2805 4142 2962 4214 ὄχλου
2986 4141 3230 4210 γίνεσθαι
3261 4138 3373 4209 (52)
3394 4137 3552 4210 ἀνδρὶ

1985 4308 2141 4361 ribus
2171 4305 2373 4367 verbis,
2409 4301 2500 4355 sed
2535 4310 2707 4353 tamen
2745 4295 2947 4366 aliquid
2974 4294 3322 4367 necessarium
3364 4309 3396 4345 α
3429 4309 3556 4347 non-

1985 4378 2147 4432 nullis
2180 4365 2370 4444 pra'ter
2425 4373 2589 4444 animi
2621 4365 2932 4444 sententiam
2981 4367 3118 4444 ﬁeri,
3147 4381 3247 4417 non
3291 4365 3550 4444 improbo.

1994 4435 2392 4515 “wcp'rol‘ecto
2417 4441 2700 4515 referenda
2736 4438 2800 4491 ad
2825 4437 3207 4515 senui-titionem
3228 4450 3431 4513 eorum.
3457 4435 3554 4515 qui

1985 4537 2039 4572 se
2068 4505 2457 4586 separaverunt.
2497 4511 2633 4586 lluic
2670 4525 2856 4563 eorum
2893 4508 3034 4586 lat-to
3059 4521 3181 4586 _non
3213 4505 3556 4586 assentiebat-

1983 4599 2073 4641 tur
2096 4573 2160 4642 εἰς
2196 4588 2378 4638 animo
2421 4582 2682 4641 Basilius,
2715 4576 3167 4648 quemadmodum
3207 4590 3306 4628 nec
3355 4573 3554 4648 medici

1984 4661 2213 4712 libenter
2236 4661 2422 4714 urunt,
2459 4668 2556 4706 nec
2600 4643 2918 4717 navigantes
2956 4647 3185 4700 libenter
3213 4658 3422 4717 merces
3448 4643 3555 4717 eji-

1982 4730 2151 4783 ciunt.
2182 4727 2288 4780 Sed
2317 4735 2494 4777 tamen
2524 4736 2617 4774 eos
2641 4714 3130 4786 noniinprohabat,
3157 4715 3282 4783 quia
3313 4714 3552 4786 veritatis

1982 4797 2308 4851 amatoribus
2341 4793 2472 4846 nihil
2504 4800 2578 4845 est
2616 4789 2720 4841 Deo
2749 4798 2798 4841 et
2841 4784 2930 4854 spe
2968 4787 3022 4838 in
3070 4787 3231 4838 Deum
3256 4784 3552 4850 antiquius.

751 4901 927 4938 ντων.
963 4882 1098 4938 Tres
1142 4879 1358 4936 codices
1405 4891 1512 4930 non
1551 4874 1874 4944 antiquissi-
1905 4878 1948 4932 ι)
1977 4869 2102 4923 Haze
2118 4868 2320 4944 optimc
2351 4857 3012 4944 congruitititASehastenis
3046 4855 3174 4912 illis.
3199 4856 3312 4923 qui,
3349 4863 3433 4934 ut.
3459 4869 3556 4933 stt-

1977 4955 2074 5010 pra
2097 4924 2430 5010 vidimns_in
2460 4924 2629 5010 Epist.
2666 4928 2804 5010 Q58...
2851 4927 3056 4979 occulto
3087 4941 3259 5010 preme
3280 4924 3556 5010 opinionis

1981 4994 2247 5064 'Eustatln'i
2277 4994 2711 5063 vulnere-detecto
2731 4995 3413 5066 aliquaiii‘ecclesiasticam
3445 4994 3556 5066 s_ol-

1980 5061 2306 5134 licitudinem
2334 5091 2364 5128 a
2396 5061 2591 5126 Basilio
2617 5061 2932 5138 poscebant.
2971 5063 3127 5118 Unde
3171 5063 3402 5138 Basilius
3452 5061 3558 5138 E-_u-

1981 5133 2190 5204 sebium
2217 5144 2470 5201 consalit.
2497 5133 2631 5211 quid
2655 5138 2971 5211 Sebaslenis
2993 5133 3551 5211 respondendumsit.

1978 5221 2072 5274 Eis
2101 5227 2279 5273 autem
2310 5204 2566 5267 Basiliuin
2609 5207 3046 5264 communionem
3093 5213 3147 5256 et
3192 5204 3554 5272 patrocinium

1981 5287 2323 5346 concessisse
2351 5282 2874 5351 perspicimuscum
2907 5292 2970 5328 ex
3008 5276 3108 5351 hac
3137 5275 3408 5351 epistola,
3441 5283 3556 5350 tum

1980 5342 2144 5416 etiam
2173 5374 2237 5412 ex
2287 5342 2449 5422 epist.
2479 5342 2620 5409 933.
2653 5347 2765 5422 ubi
2788 5354 2974 5399 narrat
3025 5343 3287 5422 Basilius
3311 5358 3426 5406 eos,
3453 5342 3559 5422 _qui

1979 5411 2454 5486 secumiSebJstiae
2491 5419 2921 5477 conununicant,
2946 5417 3113 5486 curia:
3146 5414 3361 5467 additos
3390 5428 3419 5465 a
3453 5411 3560 5486 Pe-

1981 5481 2266 5555 niostliene
2324 5495 2511 5556 fuisse,
2561 5502 2790 5559 magnos
2845 5497 3026 5539 autem
3079 5485 3317 5538 honores
3361 5481 3560 5536 amicis

1983 5569 2249 5628 Eustathii
2289 5566 2516 5620 delatos.

2055 5621 2167 5712 (ξέΞῇ
2207 5637 2512 5692 Γίνεσθαι.
2539 5629 2689 5686 Multi
2720 5627 2940 5683 codices
2977 5639 3107 5680 mss.
3141 5621 3411 5692 γενέσθαι.
