3948 6214
307 302 417 390 eeo

1267 326 1756 387 EPISTOLARUM
1793 330 2081 388 CLASSIS
2112 331 2176 388 ll.
2211 326 2427 388 EPIST.
2469 332 2648 390 CLIV.

3472 335 3583 394 610

307 455 567 526 τοσούτῳ.
603 455 668 510 El
706 453 763 508 δὶ
807 470 944 527 προς
977 457 1043 527 τῇ
1072 454 1231 527 λοιπῇ
1273 471 1369 508 σου
1410 455 1580 527 ἀρετῇ
1621 455 1715 506 καὶ
1741 453 1875 507 τοῦτι

2003 454 2268 510 exhibere
2297 469 2510 510 vereor.
2552 453 2713 521 Quod
2745 455 2792 510 si
2830 454 2898 509 ad
2926 454 3166 525 reliquas
3194 454 3425 511 virtutes
3448 462 3581 512 tuas

308 544 604 613 κατεδέξω,
638 548 700 601 οὐ
738 549 898 618 μόνον
929 546 1256 617 πεμπόμώ
1297 548 1427 619 παρ’
1457 545 1614 617 ἡμῶν
1646 544 1896 616 δέχεσθαι

307 645 638 707 γράμματα,
696 638 831 692 ἀλλά
883 638 978 693 καὶ
1023 620 1371 707 eumdem
1423 636 1725 708 ἐπιζητεῖν,
1785 637 1896 691 ἰδοὺ

307 731 408 785 καὶ
434 730 722 803 γράφομεν
747 732 840 786 νῦν
864 733 1282 804 τεθαρρηκότως
1314 731 1448 801 (53),
1484 731 1579 785 καὶ
1612 729 1896 801 γράψομεν

306 837 374 890 γε
390 825 472 888 είς
501 823 563 877 τὸ
594 824 793 896 ἐφεξῆς
813 841 828 856 ο
851 824 1134 896 εὐχόμενοι
1152 822 1231 895 τῷ
1263 823 1404 894 ἁγίῳ
1420 822 1536 894 Θεῷ
1566 822 1785 895 δοθῆναί
1813 840 1896 876 σοι

304 915 411 986 τὴν
448 914 685 988 ἀμοιϐὴν
728 916 829 988 τῆς
860 918 990 989 περὶ
1041 918 1191 988 ἡμᾶς
1236 917 1422 986 τιμῆς.
1468 916 1641 986 ’Υπὲρ
1692 915 1749 968 δὲ
1796 913 1899 984 τῆς

318 1005 653 1072 Ἐκκλησίας
675 1006 973 1078 προέλαϐες
994 1006 1153 1078 ὴμῶν
1176 1005 1276 1071 τὰς
1301 1003 1698 1078 παρακλήσεις,
1720 1004 1898 1058 πάντα

306 1098 546 1168 ποιήσας
578 1099 679 1152 ὅσα
711 1099 778 1154 ἂν
807 1100 969 1171 ἡμεῖς
1008 1099 1447 1171 ὲπεζητήσαμεν.
1485 1098 1667 1162 Ποιεῖς
1708 1096 1766 1150 δὲ
1796 1097 1897 1150 οὐκ

304 1186 621 1262 ἀνθρώποις
651 1188 1031 1261 χαριζόμενος,
1064 1189 1200 1244 ἀλλά
1227 1188 1347 1260 Θεῷ
1373 1188 1450 1259 τῷ
1473 1189 1767 1260 τιμήσαντί
1798 1205 1859 1243 σε
1879 1203 1894 1218 ⁸

300 1274 366 1342 ὃς
390 1277 463 1332 τά
492 1279 592 1349 μὲν
620 1279 818 1335 ἔδωκεν
857 1283 915 1333 ὲν
953 1283 1020 1353 τῇ
1051 1279 1146 1335 νῦν
1176 1280 1288 1352 ζωῇ
1319 1279 1518 1349 ἀγαθὰ.
1550 1279 1621 1333 τά
1647 1279 1703 1334 δὲ
1729 1279 1889 1334 δώσει

301 1373 363 1426 ἐν
400 1373 481 1443 τῷ
515 1373 762 1444 μέλλοντι
796 1375 975 1438 αἰῶνι,
1010 1374 1126 1429 ἀνθ’
1157 1369 1231 1428 ὧν
1280 1373 1417 1445 μετὰ
1457 1373 1713 1445 ἀληθείας
1756 1376 1887 1427 ὲπο-

303 1463 509 1537 ρεύθης
544 1465 641 1536 τὴν
690 1466 808 1520 ὁδὸν
852 1465 1040 1533 αὐτοῦ,
1090 1465 1283 1537 ἀκλινῆ
1321 1466 1420 1537 τὴν
1456 1465 1683 1535 καρδίαν
1717 1467 1776 1519 ὲν
1818 1467 1886 1537 τῇ

297 1554 560 1627 ὀρθότητι
586 1558 684 1629 τῆς
712 1558 948 1622 πίστεως
976 1558 1070 1612 ἀπ’
1104 1558 1283 1630 ἀρχῆς
1309 1559 1389 1621 εἷς
1417 1557 1571 1621 τέλος
1618 1557 1889 1611 διασωσά-

302 1664 471 1717 μενος

795 1798 1145 1855 ΕΠΙΣΤΟΔΗ
1182 1800 1353 1854 PNF'.

2004 547 2120 602 haec
2146 551 2418 613 accessit,
2456 559 2516 603 ut
2554 564 2664 604 non
2687 549 2853 604 modo
2877 549 3096 603 litteras
3123 562 3245 618 qua:
3277 560 3307 601 a
3330 561 3419 601 me
3447 544 3579 601 mit-

2002 646 2199 694 tuntur
2224 643 2518 712 suscipias,
2543 641 2639 696 sed
2669 656 2764 697 eas
2790 641 2956 697 etiam
2980 655 3102 710 quae
3126 654 3239 695 non
3260 639 3577 702 mittuntur.

2002 732 2284 801 requiras;
2311 748 2441 789 ecce
2474 743 2528 789 et
2560 750 2705 789 nunc
2741 732 3083 789 conﬁdenter
3114 732 3319 796 scribo,
3350 739 3407 787 et
3435 731 3578 787 scri-

2000 825 2124 880 bam
2155 825 2413 898 deinceps
2446 845 2462 881 :
2497 825 2668 882 Deum
2715 838 2966 883 sanctum
3009 840 3208 890 orans,
3243 833 3304 880 ut
3337 825 3436 881 tibi
3476 824 3581 878 ho-

1998 919 2184 980 noris,
2232 933 2395 987 quem
2455 919 2591 973 mihi
2646 918 2854 982 habes,
2885 918 3039 973 vices
3083 917 3367 987 rependat.
3422 917 3579 973 Meas

1998 1022 2166 1078 porro
2195 1023 2294 1078 pro
2323 1007 2570 1063 Ecclesia
2609 1023 2805 1079 preces
2835 1009 3198 1071 anlevertisti,
3231 1022 3356 1061 cum
3390 1006 3578 1061 omnia

1999 1098 2233 1163 feceris,
2276 1114 2618 1169 quaecunque
2667 1114 2770 1170 ego
2820 1100 3126 1172 petiissem.
3176 1099 3338 1154 Facis
3391 1107 3576 1154 autem

1997 1208 2108 1248 non
2138 1193 2459 1248 hominibus
2487 1192 2804 1263 gratificans
2827 1236 2845 1262 ,
2874 1198 2969 1251 sed
3001 1194 3290 1248 honoranti
3329 1201 3386 1247 te
3415 1191 3528 1247 Deo
3554 1209 3572 1246 :

1998 1284 2091 1355 qui
2123 1286 2222 1339 tibi
2260 1286 2364 1340 alia
2394 1285 2614 1355 quidem
2642 1286 2787 1341 bona
2829 1286 2885 1340 in
2925 1286 3179 1357 praesenti
3205 1285 3316 1339 vita
3346 1283 3576 1354 largitus

1995 1385 2100 1441 est,
2122 1377 2226 1430 alia
2253 1389 2434 1432 autem
2466 1379 2620 1433 dabit
2651 1379 2705 1433 in
2730 1377 2923 1433 futuro
2950 1393 3088 1440 aevo,
3113 1388 3398 1448 propterea
3426 1374 3575 1447 quod

1995 1480 2118 1522 cum
2152 1470 2381 1524 veritate
2426 1470 2480 1524 in
2509 1471 2657 1525 illius
2678 1470 2787 1525 viis
2820 1470 3115 1524 ambulasti
3138 1509 3154 1533 ,
3188 1484 3253 1524 ac
3284 1483 3380 1523 cor
3418 1476 3573 1521 tuum

1995 1558 2066 1613 ab
2125 1559 2289 1614 initio
2340 1563 2408 1615 ad
2460 1576 2635 1630 usque
2668 1562 2826 1616 finem
2856 1561 2912 1615 in
2949 1562 3072 1616 fidei
3126 1560 3440 1632 integritate
3469 1558 3575 1614 imo

1994 1659 2201 1705 motum
2243 1666 2308 1706 ac
2332 1654 2726 1708 inconcussum
2767 1652 3023 1707 servasti.

2411 1807 2572 1880 253
2603 1806 2940 1863 EPISTOLA
2977 1807 3169 1863 CLlll'.
3232 1798 3239 1804 ’

638 1909 835 1965 Gratias
858 1911 960 1980 agit
987 1910 1180 1964 Victori
1209 1911 1427 1965 Basilius
1446 1912 1577 1978 quod
1599 1912 1680 1964 sui
1701 1925 1887 1965 memor
1908 1912 1998 1978 sit,
2018 1929 2107 1968 nec
2123 1930 2342 1971 amorem
2359 1918 2419 1969 ob
2439 1917 2594 1969 ultum
2613 1917 2907 1969 ealunmiam
2929 1918 3192 1970 imminut.

746 2044 984 2113 Βίκτορι
1014 2045 1134 2099 ἀπὸ
1164 2042 1431 2100 ὑπάτων.

375 2154 606 2218 ὀσάκις
629 2154 696 2210 ἀν
738 2156 871 2227 ἡμῖν
898 2153 1119 2228 ὑπάρξῃ
1146 2156 1472 2227 γράμμασιν
1511 2156 1752 2227 ἐντυχεῖν
1785 2155 1886 2227 τῆς

294 2248 661 2320 κοσμιότητός
694 2264 811 2312 σου,
854 2249 1181 2314 τοσαυτάκις
1215 2249 1376 2320 χάριν
1403 2249 1775 2320 ὁμολογοῦμεν
1807 2249 1885 2321 τῷ

294 2336 439 2408 Θεῷ,
486 2338 570 2391 ὅτι
616 2337 892 2408 διαμένεις
925 2340 1020 2392 καὶ
1065 2339 1413 2410 μεμνημένος
1451 2339 1629 2411 ἡμῶν,
1663 2341 1757 2394 καὶ
1789 2340 1882 2394 ὑπ’

293 2430 558 2500 οὐδεμιᾶς
605 2428 856 2499 διαϐολῆς
892 2431 994 2501 τὴν
1040 2431 1264 2503 ἀγάπην
1311 2430 1572 2495 ὲλαττῶν,
1620 2432 1688 2502 ἢν
1734 2430 1883 2498 ἅπαξ

295 2522 478 2595 κρίσει
515 2526 583 2595 τῇ
629 2524 894 2597 ὀρθοτάτῃ
942 2524 976 2595 ἢ
1023 2523 1281 2596 συνηθείᾳ
1331 2527 1542 2596 χρηστῇ
1593 2522 1880 2577 ἀναλαϐεῖν

294 2612 591 2679 κατεδέξω.
620 2613 906 2685 Εὐχόμεθα
936 2610 1030 2669 οὖν
1062 2614 1140 2685 τῷ
1180 2616 1322 2686 ἁγίῳ
1370 2613 1492 2685 Θεῷ
1534 2615 1630 2668 καὶ
1675 2614 1736 2667 σὲ
1768 2614 1883 2667 δια-

295 2707 480 2775 μεῖναι
527 2708 587 2759 ὲν
626 2709 692 2778 τῇ
734 2704 899 2779 ὁμοίᾳ
942 2707 1081 2780 πρὸς
1124 2709 1270 2779 ἡμᾶς
1313 2707 1572 2772 διαθέσει,
1614 2707 1708 2761 καλ⁵
1734 2707 1883 2778 ἡμᾶς

292 2797 482 2864 ἀξίους
507 2794 649 2852 εἶναι
682 2799 781 2870 τῆς
811 2800 963 2871 παρά
994 2800 1088 2855 σοῦ
1118 2800 1304 2872 τιμῆς,
1337 2802 1404 2873 ῆν
1431 2801 1595 2872 τιμᾷς
1615 2801 1763 2871 ἡμᾶς
1794 2799 1881 2852 διὰ

290 2889 392 2945 τοῦ
424 2890 774 2962 γράμματος.

808 3050 1159 3108 ΕΠΙΣΤΟΛΗ
1194 3053 1366 3110 ΡΝΔ’.

2513 2049 2714 2105 Victori
2741 2049 3072 2106 cat-consuli.

2062 2159 2291 2229 Quoties
2320 2161 2454 2216 mihi
2488 2161 2757 2232 contingit
2804 2161 3019 2216 litteras
3062 2158 3244 2231 legere
3282 2157 3569 2229 dignitatis

1991 2254 2130 2311 tua,
2166 2247 2329 2304 toties
2357 2249 2568 2318 gratias
2598 2264 2699 2320 ago
2748 2247 2860 2313 Deo
2910 2256 3102 2302 sancto
3123 2288 3138 2313 ,
3170 2247 3319 2313 quod
3350 2256 3567 2318 perstes

1986 2345 2041 2395 et
2075 2355 2283 2396 memor
2316 2340 2453 2401 mei,
2480 2350 2534 2396 et
2556 2354 2831 2405 amorem,
2864 2355 3026 2409 quem
3058 2340 3228 2396 semel
3258 2340 3567 2396 rectissimo

1979 2432 2215 2501 judicio,
2250 2439 2347 2486 aut
2385 2431 2528 2485 bona
2564 2431 2963 2487 consuetudine
2998 2433 3279 2502 suscipere
3301 2429 3562 2492 voluisti,

1983 2525 2191 2579 nullam
2253 2523 2325 2578 ob
2386 2523 2719 2577 caluimiiam
2773 2522 3125 2578 imminueris.
3188 2518 3342 2592 Rogo
3392 2522 3564 2593 igitur

1987 2617 2157 2674 Deum
2194 2624 2446 2672 sanetum
2465 2656 2481 2681 ,
2513 2623 2571 2671 ut
2597 2624 2654 2670 et
2682 2624 2738 2669 tu
2760 2630 3088 2686 permaneas
3118 2615 3174 2669 in
3201 2617 3392 2670 eodem
3429 2629 3561 2686 erga

1986 2725 2076 2766 me
2100 2711 2319 2776 animo,
2344 2719 2400 2763 et
2431 2724 2533 2780 ego
2569 2708 2771 2778 dignus
2800 2708 2901 2763 sim
2938 2707 3181 2771 honore,
3212 2722 3327 2779 quo
3358 2721 3445 2763 me
3468 2720 3566 2778 per

1986 2803 2272 2874 epistulam
2302 2803 2677 2872 prosequeris.

2448 3048 2788 3106 EPISTOLA
2825 3046 2983 3103 CLIV
3006 3048 3065 3102 “.

290 3170 562 3234 luporum
589 3164 803 3235 Basilius
825 3163 1001 3216 litteris
1019 3165 1237 3235 Asc/lolii
1252 3205 1268 3227 ,
1294 3167 1433 3231 cujus
1457 3164 1627 3235 laudat
1648 3163 1930 3217 maritalem
1945 3170 2035 3235 ,ιιι
2066 3176 2172 3235 rem
2431 3175 2600 3235 rerum
2616 3202 2629 3223 ,
2652 3161 3022 3235 αοβιιιάὶᾳῃιὶιι
3411 3144 3564 3217 Διωξ-

647 3226 841 3279 nam
856 3267 869 3289 ,
893 3235 945 3278 ut
965 3224 1284 3280 certissimum
1306 3224 1441 3280 εᾱηω
1462 3228 1697 3280 άοσινὶηω
1719 3234 2074 3294 argueremur.
2094 3225 2252 3290 Rogat
2270 3232 2324 3275 ut
2340 3224 2550 3289 qualibet
2567 3226 2818 3277 occasione
2832 3224 2997 3277 oblata
3017 3224 3213 3277 scribat.

431 3334 720 3404 ’Λσχολίῳ
753 3330 887 3403 (34),
931 3332 1244 3400 ἐπεσκόπῳ
1275 3334 1748 3401 Θεσσαλονίκης.

356 3444 561 3509 Καλῶς
604 3445 900 3516 ἐποίησας,
934 3444 1029 3498 καὶ
1070 3443 1212 3497 κατά
1240 3443 1330 3497 τὸν
1355 3444 1454 3516 τῆς
1499 3443 1874 3514 πνευματικῆς

287 3538 513 3606 ἀγάπης
536 3535 726 3606 νόμον,
746 3532 1023 3603 κατάρξας
1050 3532 1159 3587 τῶν
1182 3533 1318 3605 πρὸς
1338 3534 1484 3604 ἡμᾶς
1505 3531 1870 3603 γραμμάτων,

286 3628 387 3681 καὶ
429 3626 511 3699 τῷ
549 3625 740 3697 ἀγαθῷ
772 3626 1130 3697 ὑποδείγματι
1180 3623 1318 3696 πρὸς
1346 3624 1438 3678 τὸν
1479 3625 1664 3695 ὅμοιον
1709 3622 1872 3694 ζῆλον

288 3719 439 3790 ἡμᾶς
494 3717 952 3789 ἐκκαλεσάμενος.
1008 3716 1117 3771 Καὶ
1170 3715 1281 3787 γὰρ
1318 3717 1352 3788 ἡ
1393 3715 1493 3786 μὲν
1539 3714 1632 3769 τοῦ
1665 3716 1870 3785 κόσμου

287 3808 442 3876 φιλία
474 3808 771 3881 ὀφθαλμῶν
806 3808 977 3863 δεῖται
1005 3810 1100 3862 καὶ
1142 3807 1451 3878 συντυχίας,
1490 3806 1630 3860 ὥστε
1660 3806 1869 3860 ἐκεῖθεν

284 3900 465 3971 ἀρχὴν
496 3900 603 3970 τῆς
635 3898 928 3972 συνηθείας
960 3898 1252 3969 γενέσθαιο
1286 3900 1335 3953 oi
1383 3898 1441 3953 δὲ
1482 3899 1869 3971 πνευματικῶς

284 3994 510 4066 ἀγαπᾷν
535 3993 738 4058 εἰδότες
764 3993 825 4047 οὐ
856 3994 922 4063 τῇ
966 3993 1131 4064 σαρκὶ
1157 3991 1403 4064 προξένῳ
1438 3991 1736 4064 κέχρηνται
1767 3992 1869 4063 τῆς

287 4085 493 4154 φιλίας,
543 4084 680 4140 ἀλλὰ
729 4087 797 4157 τῇ
848 4084 950 4155 τῆς
999 4083 1234 4147 πίστεως
1284 4084 1541 4156 κοινωνίᾳ
1582 4082 1719 4155 πρὸς
1769 4082 1866 4153 τὴν

284 4176 668 4247 πνευματικὴν
724 4175 1022 4244 συνάφειαν
1084 4174 1329 4238 ἄγονται.
1398 4173 1573 4248 Χάρις
1639 4170 1733 4228 οὖν
1785 4173 1866 4245 τῷ

285 4263 479 4334 Κυρίῳ
510 4262 588 4333 τῷ
622 4262 1067 4336 παρακαλέσαντι
1097 4261 1256 4334 ἡμῶν
1295 4262 1394 4328 τὰς
1423 4263 1673 4336 καρδίας,
1703 4264 1759 4317 ὲν
1788 4262 1865 4335 τῷ

281 4353 453 4420 δεῖξαι
483 4354 616 4426 (55),
646 4357 728 4409 ὅτι
755 4356 858 4409 οὐκ
895 4357 953 4410 ὲν
1000 4356 1135 4409 πᾶσι
1173 4355 1509 4426 κατέψυκται
1551 4358 1584 4427 ἡ
1638 4355 1859 4427 ἀγάπη·

239 4506 245 4513 ,
283 4446 397 4501 ἀλλ’
425 4447 534 4500 είσί
573 4464 677 4500 που
721 4448 821 4518 τῆς
870 4448 1215 4519 οἰκουμένης,
1252 4450 1300 4501 οἰ
1337 4448 1436 4518 τῆς
1477 4446 1717 4518 Χριστοῦ
1761 4464 1865 4517 μα-

284 4536 505 4608 θητείας
533 4538 626 4591 τὸν
652 4542 976 4610 χαρακτῆρα
1009 4538 1336 4602 δεικνύντες.
1378 4539 1490 4592 Καὶ
1516 4538 1694 4592 τοίνυν
1718 4534 1863 4602 ἔδοξέ

285 4647 374 4698 μοι
398 4630 463 4684 τὸ
481 4630 604 4684 καθ’
636 4632 782 4701 ὑμᾶς
808 4631 1046 4685 ἐοικέναι
1074 4632 1309 4702 πρᾶγμα
1338 4630 1558 4703 ἄστροις
1583 4631 1642 4683 ὲν
1674 4645 1864 4683 νυκτε-

2240 3330 2514 3397 Archolio,
2539 3333 2781 3404 episcopo
2817 3331 3294 3389 Tliessal’onicensi.

2046 3435 2216 3496 Recte
2246 3438 2460 3507 fecisti,
2493 3450 2549 3497 et
2588 3443 2896 3499 secundum
2947 3444 3262 3501 dilectionis
3296 3444 3559 3519 spiritua-

1973 3532 2044 3588 lis
2075 3533 2281 3602 legem,
2332 3533 2480 3604 quod
2529 3535 2683 3605 prior
2731 3534 2800 3589 ad
2853 3550 2955 3591 nos
2988 3536 3311 3607 scripseris,
3345 3552 3559 3610 nosque

1970 3622 2193 3693 egregio
2221 3624 2472 3694 exemplo
2506 3624 2575 3679 ad
2623 3626 2804 3681 simile
2838 3627 3082 3681 studium
3136 3633 3552 3699 provocaveris.

1969 3709 2106 3765 Nam
2139 3712 2328 3766 mundi
2384 3715 2630 3769 amicitia
2661 3716 2840 3771 oculis
2876 3715 3086 3787 indiget
3115 3730 3181 3772 ac
3213 3733 3550 3790 congressu,

1969 3813 2031 3859 ut
2071 3803 2199 3859 inde
2240 3815 2504 3862 nascatur
2547 3807 2968 3864 consuetudinis
3009 3810 3272 3867 initium:
3318 3812 3413 3870 sed
3455 3814 3552 3885 qui

1970 3896 2333 3967 spiritualiter
2365 3913 2550 3955 amare
2569 3900 2792 3965 sciunt,
2819 3917 3166 3973 nequaquam
3191 3920 3358 3961 carne
3386 3916 3552 3962 utun-

1966 3995 2060 4042 tur
2109 3989 2364 4044 amicitiae
2403 3990 2814 4058 conciliatrice;
2866 3992 2963 4048 sed
2996 3993 3117 4048 fidei
3161 3998 3549 4056 communione

1968 4077 2037 4133 ad
2099 4078 2444 4149 spiritualem
2499 4079 2948 4150 coniunctionem
3003 4081 3305 4138 ducuntur.
3363 4084 3549 4158 Itaque

1967 4176 2151 4239 grates
2183 4167 2329 4237 Deo,
2362 4169 2455 4240 qui
2496 4170 2666 4225 corda
2703 4180 2893 4226 nostra
2924 4175 3241 4232 consolatus
3267 4187 3389 4244 est,
3414 4181 3546 4236 dum

1964 4263 2289 4318 charitatem
2346 4276 2458 4318 non
2509 4265 2564 4318 in
2618 4265 2879 4320 omnibus
2929 4266 3214 4325 refrixisse
3262 4273 3541 4330 ostendit:

1967 4355 2063 4411 sed
2099 4356 2330 4426 reperiri
2391 4357 2593 4412 alicubi
2636 4364 2951 4424 terrarum,
2998 4361 3093 4430 qui
3149 4362 3544 4433 discipulorum

1964 4445 2173 4501 Christi
2207 4446 2490 4518 propriam
2518 4458 2705 4503 notam
2741 4463 2854 4519 prae
2884 4465 2944 4505 se
2970 4449 3173 4508 'ferant.
3203 4450 3284 4510 Ac
3314 4472 3402 4513 res
3429 4459 3546 4527 qui-

1963 4537 2087 4593 dem
2117 4547 2313 4594 vestra:
2344 4540 2657 4609 persimiles
2680 4541 2813 4596 mihi
2857 4546 2987 4598 visa:
3016 4553 3146 4601 sunt
3183 4547 3460 4603 sideribus
3485 4548 3541 4604 in

1964 4627 2229 4682 nebulosa
2264 4637 2429 4684 nocte
2474 4629 2614 4685 alias
2647 4631 2775 4687 aliis
2817 4635 2942 4688 caeli
2976 4642 3161 4704 partes
3215 4636 3542 4693 illustranti-

286 4725 404 4794 ρινῇ
451 4724 737 4796 συναφείᾳ,
768 4723 949 4787 ἀλλοις
993 4725 1113 4777 κατ’
1141 4722 1278 4778 ἄλλα
1310 4702 1457 4793 μέρη
1492 4720 1587 4774 τοῦ
1625 4717 1861 4793 οὐρανοῦ

1982 4732 2069 4772 ιυε
2098 4737 2111 4773 :
2141 4733 2376 4788 quorum
2412 4729 2601 4791 gratus
2640 4721 2863 4791 quidem
2894 4702 3174 4792 splendor,
3201 4725 3294 4780 sed
3320 4741 3541 4797 eti-gra-

281 4815 701 4889 διαλάμπουσιν,
738 4811 813 4872 ὧν
850 4817 1114 4889 χαρίεσσα
1156 4814 1254 4887 μὲν
1303 4816 1337 4886 ἡ
1382 4808 1724 4885 λαμπρότης,
1763 4828 1864 4882 χα-

285 4907 559 4976 ριέστερον
600 4907 659 4962 δὲ
708 4907 883 4978 δήπου
924 4905 987 4959 τὸ
1042 4905 1468 4977 ἀπροσδόκητον.
1516 4901 1760 4956 Τοιοῦτοι
1803 4903 1861 4956 δὲ

280 4997 374 5050 καὶ
402 4999 579 5068 ὑμεῖς,
609 5000 660 5051 οἱ
685 4997 795 5051 τῶν
811 4996 1146 5068 Ἑκκλησιῶν
1185 4996 1492 5066 φωστῆρες,
1524 4993 1695 5061 ὀλίγοι
1718 5009 1861 5044 ’παν-

276 5087 448 5152 τελῶς
474 5090 568 5143 καὶ
603 5089 959 5161 εὐαρίθμητοι
990 5091 1049 5142 ὲν
1075 5090 1143 5159 τῇ
1170 5084 1471 5157 σκυθρωπῇ
1498 5083 1667 5155 ταύτῃ
1693 5098 1862 5137 κατα-

281 5178 491 5245 στάσει,
519 5174 630 5234 οἷον
673 5183 731 5234 ὲν
781 5182 1094 5252 σκοτομήνῃ
1135 5178 1567 5249 διαφαινόμενοι,
1600 5175 1738 5249 πρὸς
1778 5174 1859 5247 τῷ

300 5357 319 5406 ;
348 5333 460 5406 (55)
496 5336 959 5406 Τεθαρῤηκότως.
987 5333 1079 5390 Sic
1105 5343 1337 5404 uterque
1350 5332 1526 5406 Coisl.
1550 5347 1676 5406 cum
1696 5331 1854 5406 aliis.

281 5401 901 5477 ᾓζίιῖ-τεθαρῥηκότες.
928 5401 1431 5477 Ροιιιοῄροειλοάἱιί
1474 5404 1612 5477 πρὸς
1662 5401 1727 5477 τὲ
1760 5404 1858 5477 ξφ·-

447 5474 583 5598 ;[‘rels
609 5469 986 5546 antiquissimi
1009 5469 1250 5541 codices,
1278 5473 1451 5539 llarl.,
1476 5469 1641 5538 Med.,
1687 5469 1853 5528 Coisl.

471 5562 536 5598 ex
562 5561 620 5599 u.

1965 4810 2094 4875 tior,
2136 4812 2284 4881 quod
2329 4827 2444 4867 non
2493 4823 2868 4885 exspectatur.
2913 4815 3075 4873 Tales
3129 4829 3185 4874 et
3233 4835 3332 4875 vos
3367 4823 3538 4889 estis,

1963 4900 2339 4959 Ecclesiarum
2374 4905 2581 4962 lumina
2607 4948 2623 4972 ,
2651 4910 2811 4979 pauci
2842 4908 3134 4964 admodum
3166 4919 3221 4963 et
3253 4912 3411 4969 facile
3433 4931 3538 4969 nu-

1960 4995 2261 5051 merabiles
2281 5036 2297 5060 ,
2328 4998 2383 5052 in
2438 4998 2544 5055 hac
2577 5000 2720 5057 tristi
2765 5017 2949 5056 rerum
3000 5003 3347 5069 conditione,
3378 5010 3536 5077 quasi

1958 5083 2015 5138 in
2052 5092 2215 5140 nocte
2261 5087 2420 5142 illuni
2468 5098 2862 5158 coruscantes,
2911 5103 3110 5162 praeter
3141 5095 3358 5153 virtutis
3404 5113 3538 5169 gra-

1960 5172 2123 5240 tiam,
2159 5174 2287 5231 inde
2316 5176 2481 5231 etiam
2513 5178 2661 5249 quod
2713 5179 2826 5233 rari
2865 5179 2990 5236 sitis
3032 5180 3292 5247 inuenta,
3326 5182 3538 5240 deside-

1958 5330 2639 5411 npsoﬁurépcplﬁscholie
2660 5333 2916 5387 monach
2947 5345 2998 5390 et
3037 5335 3363 5411 presbytero.
3395 5336 3532 5411 Reg.

1953 5387 2165 5535 piatis
2198 5387 2254 5457 et
2287 5387 2483 5473 'Bigot.
2552 5403 2755 5459 habent
2795 5387 3006 5461 tantum
3038 5387 3536 5483 Ἰάὸλῐῷᾴἇῦἃὶ

1988 5486 2140 5612 0infigi
2186 5541 2291 5612 Ἐν
2337 5539 2420 5612 τῷ
2466 5538 2676 5608 δεῖξαι.
2712 5545 2799 5600 1ιο
2838 5544 3005 5607 Med..
3038 5545 3194 5603 'llarl.
3244 5559 3300 5603 et
3346 5548 3529 5604 ‘Coisl.

347 5613 458 5684 (54)
500 5615 804 5684 Ἄσκολίῳ,
838 5623 946 5669 etc.
981 5613 1059 5669 lia
1081 5613 1232 5684 pediti
1279 5621 1335 5669 et
1370 5612 1727 5684 vetustissimi
1757 5627 1854 5667 co-

1982 5610 2179 5684 ιτῖιηιὲβ·
2209 5611 2777 5684 Ειϋξὲἐὶιεειὶὲεὲξαιο

282 5680 449 5754 dices.
488 5684 559 5738 At
584 5680 641 5740 in
680 5684 848 5739 Coisl.
890 5683 1153 5745 secundo,
1187 5683 1316 5754 Reg.
1350 5682 1613 5754 secundo.
1644 5681 1769 5737 Vat.
1800 5690 1855 5736 et

282 5749 447 5811 Paris.
478 5754 561 5811 sic
624 5754 823 5827 legitur
869 5754 1065 5811 titulus
1121 5749 1380 5826 ’Ᾱσχολίῳ
1438 5753 1723 5825 μονάζοντι
1760 5754 1854 5808 καὶ

1958 5679 1971 5728 ῗ
2024 5681 2215 5753 ‘Alias
2261 5679 2728 5753 CQCACXiXXYlll.
2775 5683 2988 5753 Scripta
3012 5701 3157 5742 anno
3183 5686 3309 5743 373.
3406 5708 3409 5713 ·

2036 5754 2078 5776 "
2116 5751 2267 5808 Alias
2292 5749 2691 5810 CCCXXXVII.
2729 5749 2945 5828 Scripta
2982 5772 3126 5814 anno
3155 5758 3279 5817 575i.
3406 5770 3409 5773 '
