3948 6214
316 256 427 312 οη

1621 262 1680 316 S.
1721 260 1966 318 BASILII
2002 262 2214 319 MAGNI

3470 265 3601 329 6i:

318 374 463 428 rium
501 378 803 430 moventes.
843 374 1113 431 Caeterum
1163 374 1358 429 littera:
1387 383 1492 430 ture
1529 384 1684 430 tuum
1736 376 1880 430 nobis

1996 377 2063 430 ἐκ
2107 377 2207 447 τῆς
2258 376 2460 448 ἀρετῆς
2513 378 2778 449 χαρίεντι,
2835 378 2916 433 ἐτι
2961 380 3054 434 καὶ
3096 379 3177 452 τῷ
3221 380 3431 451 σπανίῳ
3473 382 3589 451 τῆς

320 463 561 519 animum
608 464 824 519 abunde
857 465 1178 534 patefecere.
1210 463 1534 534 Quanquam
1578 466 1724 520 enim
1768 465 1895 520 bre-

318 571 416 612 ves
449 566 605 611 erant
646 560 977 628 syllabarum
1008 571 1260 619 numero,
1285 565 1341 610 at
1374 572 1438 610 ex
1478 564 1630 612 ret-ta
1674 564 1893 612 senten-

319 647 395 702 tia
455 649 708 702 idoneum
763 651 925 704 nobis
995 650 1071 701 tui
1140 649 1406 718 propositi
1468 651 1744 717 specimen
1793 649 1891 703 de-

316 737 467 794 dere.
507 737 641 792 Nam
694 740 993 794 beatissimi
1028 739 1312 793 Athanasii
1381 739 1687 793 studiosum
1736 754 1891 801 esse,

317 839 696 901 argumentum
745 830 1217 885 evidentissimum
1275 837 1359 882 est
1417 844 1565 884 same
1614 830 1667 883 in
1718 830 1892 883 maxi-

315 923 420 975 mis
454 923 620 978 rebus
669 923 973 978 sententiae.
1007 921 1113 974 Pro
1146 929 1367 991 accepta
1418 936 1549 991 ergo
1594 938 1659 976 ex
1694 922 1892 978 litteris

319 1013 505 1067 laetitia
542 1054 557 1078 ,
617 1015 906 1084 plurimam
965 1013 1228 1067 habemus
1288 1028 1319 1082 g
1353 1013 1520 1066 atiam
1583 1014 1894 1083 practantis-

334 1106 474 1160 simo
527 1108 639 1161 lilio
688 1116 885 1161 nostro
910 1106 1256 1175 Euphemio:
1311 1106 1399 1159 cui
1457 1113 1511 1160 et
1552 1107 1667 1173 ipse
1701 1121 1892 1175 precor

317 1198 585 1250 auxilium
628 1213 789 1253 omne
834 1214 864 1251 a
901 1210 1090 1253 sancto
1127 1196 1478 1267 contingere,
1510 1207 1564 1250 et
1617 1205 1669 1251 te
1705 1199 1892 1252 hortor

320 1294 381 1339 ut
414 1304 625 1342 mecum
665 1290 910 1358 preceris
955 1297 1014 1343 ut
1061 1290 1170 1341 cito
1203 1306 1327 1343 eum
1381 1290 1714 1359 recipiamus
1765 1307 1889 1345 cum

313 1380 665 1433 ornatissima
700 1382 934 1449 conjuge
959 1380 1154 1450 ipsius,
1190 1381 1295 1433 lilia
1318 1390 1506 1434 nostra
1546 1381 1598 1433 in
1635 1381 1889 1447 Domino.

314 1469 435 1541 Ipse
472 1481 654 1525 autem
699 1472 915 1526 exorari
964 1480 1017 1526 te
1046 1473 1200 1534 sine,
1246 1478 1307 1525 ut
1362 1487 1428 1525 ne
1481 1472 1720 1526 laetitiam
1778 1487 1877 1526 no-

313 1569 483 1617 stram
539 1562 766 1617 exordio
819 1563 1276 1622 circumscribas,
1329 1561 1424 1617 sed
1484 1562 1665 1627 oblata
1720 1561 1889 1635 244

312 1653 507 1723 quovis
536 1661 779 1722 tempore
828 1655 1118 1709 occasione
1148 1655 1358 1709 scribas
1383 1696 1399 1720 ,
1433 1662 1485 1709 et
1535 1668 1776 1708 amorem
1829 1656 1884 1709 in

1992 467 2299 538 εὑρέσεως,
2344 466 2406 520 τὸ
2454 467 2819 540 περιπόθητον
2866 468 3102 540 ἔχοντες.
3173 469 3467 542 Ἐγνώρισε
3519 470 3589 523 δέ

1992 574 2088 611 σου
2117 557 2213 628 τὴν
2242 557 2481 611 διάθεσιν
2513 560 2647 629 ἡμῖν
2675 560 2736 611 τὸ
2767 560 3002 632 γράμμα
3031 560 3336 629 αὐτάρκως.
3371 561 3432 614 Et
3462 563 3590 633 γὰρ

1992 649 2087 703 καὶ
2127 648 2323 718 μικρὸν
2366 642 2434 719 ἦν
2483 648 2561 718 τῷ
2610 648 2800 720 πλήθει
2831 650 2939 702 τῶν
2985 651 3286 715 συλλαϐῶν,
3323 651 3454 705 ἀλλὰ
3509 657 3591 724 τῇ

1993 754 2057 807 γε
2084 738 2334 809 ὀρθότητι
2365 739 2459 808 τῆς
2490 738 2750 803 διανοίας,
2782 740 3056 811 ἀρκοῦσαν
3093 743 3224 812 ἡμῖν
3252 742 3351 812 τῆς
3380 759 3589 813 προαι-

1993 829 2196 901 ρέσεως
2238 832 2335 900 τὴν
2382 828 2658 894 ἀπόδειξιν
2704 829 2890 885 ἔδωκε.
2929 832 3000 884 Τὸ
3032 832 3137 902 γάρ
3171 834 3298 903 περ)⁴
3339 835 3428 886 τὸν
3463 852 3587 904 μα-

1990 922 2327 993 καριώτατον
2381 921 2695 974 Ἀθανάσιον
2745 923 3135 976 ἐσπουδακέναι
3179 923 3374 993 δεῖγμα
3411 926 3593 996 ἐναρ-

1991 1014 2253 1082 γέστατον
2296 1014 2390 1067 τοῦ
2439 1014 2609 1083 ὑγιῶς
2657 1015 2802 1086 ἔχειν
2856 1016 2967 1078 (56)
3021 1016 3148 1084 περὶ
3194 1016 3265 1069 τά
3317 1016 3586 1085 μέγιστα.

2003 1106 2148 1158 Ἀντὶ
2176 1101 2268 1158 οὖν
2302 1105 2402 1175 τῆς
2430 1106 2522 1159 ἐπὶ
2552 1109 2662 1169 τοῖς
2702 1107 3024 1177 γράμμασιν
3071 1106 3407 1177 εὐφροσύνης
3440 1106 3589 1160 πολ-

1989 1195 2088 1266 λὴν
2130 1196 2350 1266 οἴδαμεν
2382 1197 2541 1267 χάριν
2572 1196 2650 1267 τῷ
2692 1197 3001 1267 τιμιωτάτῳ
3037 1196 3138 1267 υἱῷ
3184 1198 3340 1267 ἡμῶν
3386 1197 3589 1267 Εὐφη-

1993 1286 2100 1356 μίῳ
2128 1302 2141 1314 ο
2181 1280 2225 1354 ᾧ
2249 1288 2341 1340 καὶ
2369 1288 2529 1344 αὐτὸς
2551 1286 2780 1357 εὔχομαι
2809 1290 2986 1340 πᾶσαν
3021 1289 3287 1359 ὑπάρχειν
3316 1287 3589 1359 βοήθειαν

1999 1380 2058 1446 ἐξ
2087 1380 2241 1449 ἁγίου
2266 1397 2278 1409 ’
2311 1382 2405 1433 καὶ
2438 1381 2497 1434 σέ
2540 1380 2894 1452 συνεύχεσθαι
2919 1383 3051 1451 ἡμῖν
3083 1381 3399 1451 παρακαλῶ,
3422 1381 3591 1445 ὅπως

1990 1471 2057 1526 ἂν
2104 1472 2470 1544 ἀπολάϐοιμεν
2499 1474 2660 1527 αὐτὸν
2692 1476 2750 1527 ἐν
2780 1474 2935 1544 τάχει
2971 1473 3109 1544 μετά
3145 1477 3239 1544 τῆς
3268 1474 3592 1543 κοσμιωτά-

1986 1580 2086 1635 της
2115 1563 2378 1634 ὁμόζυγος
2408 1565 2521 1633 (57)
2550 1564 2738 1629 αὐτοῦ,
2774 1564 3042 1636 θυγατρὸς
3068 1563 3124 1616 δὲ
3164 1564 3319 1635 ἡμῶν
3347 1565 3405 1617 ἐν
3451 1566 3587 1616 Ku-

1992 1655 2110 1727 ρίῳ.
2164 1656 2556 1727 Παρακλήθητι
2607 1656 2664 1709 δέ
2714 1658 2808 1709 καὶ
2853 1655 3015 1718 αὐτὸς
3053 1654 3127 1726 μὴ
3161 1655 3219 1705 ἐν
3260 1653 3595 1726 προοιμίοις·

310 1759 416 1799 nos
449 1754 601 1798 tuum
632 1746 907 1815 colloquio
934 1745 1204 1815 frequenti
1229 1746 1499 1815 adaugeas
1532 1764 1546 1800 :
1581 1760 1646 1799 ar.
1678 1745 1746 1800 de
1787 1747 1880 1800 Ec-

1987 1749 2121 1818 ἠμῖν
2155 1748 2349 1819 στῆσαι
2386 1747 2493 1817 (58)
2526 1746 2624 1817 τὴν
2652 1745 3010 1818 εὐφροσύνην,
3043 1745 3178 1799 ἀλλὰ
3228 1744 3313 1799 διὰ
3348 1745 3446 1814 τῆς
3481 1743 3586 1797 ἀεὶ⁹

312 1835 517 1898 clesiis,
545 1850 667 1905 quae
711 1837 855 1905 apud
891 1852 991 1892 vos
1026 1845 1189 1901 sunt,
1224 1838 1501 1907 quomodo
1532 1838 1880 1892 concordiam

1991 1837 2451 1909 παραπιπτούσης
2512 1839 2838 1910 προφάσεως
2899 1837 3265 1899 ἐπιστέλλειν,
3319 1835 3415 1890 καὶ
3464 1835 3583 1905 τὴν

311 1934 560 1988 servent,
598 1928 903 1997 signiﬁces;
939 1944 1034 1998 pro
1062 1930 1265 1985 nostris
1294 1937 1475 1983 autem
1516 1929 1756 1998 preceris
1781 1970 1795 1995 ,
1826 1937 1885 1983 ut

309 2017 473 2073 etiam
509 2019 649 2088 apud
686 2034 786 2074 nos
837 2022 1207 2090 tranquillitas
1242 2037 1437 2091 magna
1489 2022 1579 2076 Iiat
1605 2061 1621 2087 ,
1656 2020 1885 2077 Domino

308 2116 500 2162 nostro
538 2117 730 2164 ventos
761 2123 824 2162 ac
851 2124 1000 2164 mare
1035 2110 1370 2180 increpante.

1992 1930 2128 2001 πρὸς
2156 1932 2301 2002 ἡμᾶς
2334 1929 2573 1983 διάθεσιν
2607 1930 2686 2000 τῷ
2734 1929 2922 1998 πυκνῷ
2954 1930 3051 1999 τῆς
3094 1926 3312 1998 ὁμιλίας
3358 1925 3581 1989 αὔξειν,

1990 2021 2082 2074 καὶ
2121 2019 2190 2073 τά
2221 2020 2349 2091 περ).
2376 2019 2483 2073 τῶν
2510 2018 2675 2073 αὐτοῦ
2712 2019 2821 2086 (59)
2869 2018 3227 2089 Ἐκκλησιῶν,
3275 2018 3421 2080 ὃπως
3450 2016 3583 2087 ἔχει

1991 2109 2134 2164 κατὰ
2161 2109 2260 2182 τὴν
2309 2110 2650 2181 συμφωνίαν,
2705 2110 3018 2181 σημαίνειν·
3058 2110 3186 2179 περὶ
3231 2107 3286 2160 δέ
3328 2105 3434 2159 τῶν
3475 2109 3578 2159 ἐν·

307 2203 479 2257 ταῦθα
513 2203 932 2276 προσεύχεσθαι,
975 2205 1116 2259 ὥστε
1159 2205 1415 2275 γενέσθαι
1458 2205 1554 2260 καὶ
1622 2205 1754 2277 παρ’
1787 2207 1919 2277 ἡμῖν
1954 2206 2196 2276 γαλήνην
2243 2206 2505 2277 μεγάλην,
2540 2207 2966 2277 ἐπιτιμήσαντος
2995 2204 3091 2258 τοῦ
3152 2203 3354 2275 Κυρίου
3399 2201 3589 2273 ἡμῶν.

306 2296 387 2367 τῷ
418 2299 603 2370 ἀνέμῳ
634 2300 728 2353 καὶ
755 2302 822 2371 τῇ
855 2298 1124 2371 Θαλάσσῃ.

823 2452 1154 2509 EPISTULA
1195 2453 1376 2508 CLV‘.

2490 2447 2842 2505 ΕΠΙΣΤΟΛΗ
2879 2448 3058 2503 PNE’.

309 2563 523 2640 Basilina
545 2564 726 2640 Sorani
745 2566 959 2640 Sept/gite
978 2567 1115 2620 ducis
1132 2607 1144 2622 .
1166 2568 1430 2640 propinqui
1452 2567 1532 2621 sui
1552 2608 1565 2631 ,
1588 2568 1799 2640 querelis
1827 2569 2092 2640 respondet
2109 2585 2128 2623 :
2151 2574 2389 2640 rationem
2411 2567 2578 2640 readit
2600 2582 2688 2619 cur
2707 2566 2774 2640 ad
2800 2580 2911 2640 eum
2936 2580 3042 2636 non.
3062 2543 3341 2629 scripserit,
3358 2567 3589 2640 demon-

367 2633 558 2697 stratse
579 2631 712 2680 illius
740 2631 1074 2698 abti‘uisciﬂnon
1098 2631 1267 2692 posse;
1292 2631 1377 2681 nec
1400 2634 1447 2681 in
1482 2631 1703 2698 precibus
1738 2631 2212 2698 ecclesiasticisqnee
2244 2631 2510 2697 privatim:
2535 2638 2580 2680 et
2603 2648 2631 2678 α
2651 2643 2702 2681 se
2725 2636 2771 2679 et
2792 2643 2822 2677 α
2843 2631 3197 2698 cliorepiscopo
3210 2636 3574 2698 accusationem

367 2690 525 2759 nescio
547 2703 691 2759 quam
707 2690 918 2758 repellit.
946 2690 1178 2743 Hortatur
1202 2698 1253 2741 ut
1277 2690 1659 2757 persecutionem
1687 2706 1780 2759 pro
1805 2693 1994 2746 Christo
2012 2690 2301 2759 patientibus
2338 2699 2509 2759 pergat
2551 2704 2857 2742 succurrere.
2899 2690 3053 2755 Rogat
3087 2690 3290 2754 denique
3311 2697 3360 2739 ut
3381 2692 3577 2753 patric

366 2750 522 2801 mittat
547 2749 776 2815 reliquias
805 2759 1094 2817 martyrum.

537 2879 549 2886 ο
629 2856 756 2913 Sine
795 2859 1138 2929 inscriptione
1161 2877 1327 2916 causa
1356 2862 1561 2932 alipta.

379 2971 661 3043 Epistula“,
693 2988 855 3043 quam
880 2975 1117 3045 primam
1148 2982 1204 3031 et
1233 2977 1403 3031 solam
1429 2975 1648 3046 dignata
1676 2982 1760 3032 est
1788 2990 1887 3032 no-

2261 2863 2693 2932 Ἀνεπίγραφος
2732 2857 2844 2930 (60)
2879 2857 2979 2912 ἐπὶ
3005 2857 3265 2927 Melum

2057 2979 2201 3051 Πρὸς
2231 2978 2428 3043 πολλὰς
2468 2976 2567 3040 τὰς
2594 2975 2682 3030 διὰ
2727 2974 2825 3046 τῆς
2869 2973 3176 3043 ἐπιστολῆς,
3221 2973 3287 3043 ἢν
3334 2970 3576 3043 πρώτην

306 3062 394 3123 bis
423 3065 681 3120 nobilitas
715 3071 808 3118 tua
850 3066 1126 3131 scribere,
1179 3068 1365 3122 multa:
1413 3069 1762 3121 continentur
1790 3082 1880 3122 ac-

1987 3070 2077 3123 xa‘i
2109 3070 2274 3141 μόνην
2308 3068 2648 3141 κατηξίωσεν
2679 3068 2810 3137 ἡμῖν
2841 3067 2873 3138 ἡ
2923 3065 3173 3134 εὐγένειά
3204 3081 3295 3117 σου
3329 3062 3575 3132 διαπέμ-

305 3156 654 3223 cusationes,
683 3156 885 3225 quibus
920 3157 1160 3213 incertus
1190 3175 1312 3213 sum
1345 3161 1623 3229 quomodo
1650 3176 1885 3230 respon—

305 3245 464 3302 deam
496 3264 512 3313 ;
549 3262 655 3300 non
682 3248 956 3315 justarum
992 3251 1264 3303 rationum
1299 3251 1514 3320 inopia,
1547 3250 1640 3306 sed
1673 3253 1800 3321 quia
1823 3252 1879 3306 in

304 3338 747 3393 criminationum
782 3340 1130 3394 multitudine
1175 3341 1416 3395 dillicilis
1463 3350 1546 3397 est
1577 3344 1880 3413 praecipua-

304 3445 426 3485 rum
458 3430 738 3494 delectus,
772 3440 826 3485 et
866 3429 1009 3485 unde
1065 3431 1282 3484 initium
1334 3433 1493 3487 nobis
1544 3432 1766 3488 medela:
1794 3449 1882 3487 su-

304 3519 560 3574 mend‘um
592 3522 685 3574 sit.
726 3520 830 3574 Sed
864 3522 1003 3575 forte
1031 3519 1221 3574 eodem
1252 3522 1445 3577 ordine
1472 3538 1583 3592 quo
1608 3538 1694 3578 res
1742 3523 1880 3577 scri-

301 3622 409 3681 ptae
442 3622 604 3674 sunt,
641 3611 955 3666 incedentes
979 3650 995 3674 ,
1029 3614 1111 3667 sic
1164 3612 1396 3682 singulis
1447 3629 1737 3669 occurrere
1786 3613 1881 3669 de-

302 3702 514 3758 bemus.
547 3702 780 3769 Quinam
815 3705 945 3759 hinc
985 3703 1042 3758 in
1077 3705 1354 3775 Scythiam
1402 3706 1880 3775 proiicisrerentut'

304 3794 569 3851 hactenus
613 3796 899 3866 ignoravi;
956 3811 1020 3849 ac
1078 3812 1146 3849 ne
1198 3794 1265 3850 de
1317 3795 1386 3849 iis
1440 3797 1878 3866 quidem,quie

306 3885 471 3941 domo
502 3898 590 3940 tua
641 3886 870 3957 profecti
925 3895 1087 3950 sunt,
1120 3888 1434 3943 admonitus
1468 3904 1587 3942 smn
1616 3929 1633 3955 ,
1674 3899 1730 3942 ut
1784 3904 1880 3957 per

307 3977 429 4032 illos
455 3987 506 4033 te
536 3979 830 4034 salutarem
857 3997 872 4046 ;
903 3981 1157 4049 quamvis
1191 3980 1419 4033 omnino
1446 3978 1496 4032 id
1525 3980 1656 4032 mihi
1690 3980 1873 4034 studio

305 4067 579 4134 habeam,
637 4077 695 4123 ut
752 4070 1070 4140 dignitatem
1125 4082 1271 4125 tuam
1324 4070 1519 4140 quavis
1582 4070 1876 4124 occasione

307 4163 488 4215 oblata
548 4162 800 4216 salutem.
851 4160 994 4216 Fieri
1052 4172 1231 4216 autem
1287 4178 1395 4216 non
1458 4171 1635 4232 potest
1688 4161 1764 4214 tui
1819 4172 1878 4215 ut

307 4254 602 4308 obliviscar
654 4255 707 4306 in
768 4255 1023 4323 precibus
1052 4294 1068 4318 ,
1106 4255 1210 4309 nisi
1255 4256 1406 4323 prius
1443 4262 1689 4308 nostrum
1743 4253 1874 4308 illud

1978 3163 2218 3233 ψασθαι,
2264 3160 2722 3235 ἐγγεγραμμένας
2790 3159 3127 3230 κατηγορίας
3200 3156 3388 3228 ἀπορῶ
3440 3154 3575 3227 (6i)

1979 3254 2456 3325 ἀπολογήσασθαι·
2508 3252 2570 3304 οὐ
2620 3249 2710 3303 διὰ
2771 3248 2868 3320 τὴν
2915 3248 3009 3301 τοῦ
3063 3247 3271 3301 δικαίου
3324 3244 3570 3311 ἔνδειαν,

1980 3343 2116 3398 ἀλλά
2156 3344 2243 3397 διὰ
2289 3343 2349 3397 τὸ
2378 3346 2435 3397 ἐν
2468 3341 2664 3411 πλήθει
2712 3338 2819 3392 τῶν
2862 3337 3273 3409 ἐπιφερομένων
3300 3335 3575 3389 δύσκολον

1979 3432 2116 3489 εἶναι
2149 3436 2256 3488 τῶν
2287 3433 2657 3507 καιριωτέρων
2685 3429 2780 3502 τὴν
2809 3431 3158 3501 προτίμησιν,
3194 3429 3288 3482 καὶ
3318 3428 3439 3481 ὅθεν
3478 3428 3577 3482 δεῖ

1980 3528 2194 3598 πρῶτον
2224 3527 2371 3598 ἡμᾶς
2398 3525 2665 3597 ἄρξασθαι
2705 3525 2806 3595 τῆς
2837 3510 3157 3597 θεραπείας.
3196 3521 3267 3573 Ἦ
3303 3520 3444 3589 τάχα
3477 3521 3579 3574 δεῖ

1979 3619 2118 3689 αὐτῇ
2166 3620 2232 3689 τῇ
2263 3618 2371 3689 (6‘2)
2397 3616 2545 3681 τάξει
2593 3616 2699 3670 τῶν
2744 3614 3140 3687 γεγραμμένων
3178 3611 3576 3683 χρησαμένους

1979 3709 2081 3779 ὁδῷ
2110 3708 2246 3779 πρὸς
2290 3708 2517 3760 ἕκαστον
2547 3708 2816 3776 ἀπαντᾷν.
2845 3706 2983 3767 Τοὺς
3010 3704 3102 3756 ἐπὶ
3130 3701 3360 3754 Σκυθίαν
3389 3702 3573 3754 ἀπαί-

1985 3816 2174 3872 ροντας
2217 3799 2465 3852 ἐντεῦθεν
2516 3799 2675 3869 μέχρι
2707 3799 2947 3868 σήμερον
2993 3797 3092 3847 οὐκ
3140 3793 3569 3865 ἐγνωρίσαμενο

1979 3893 2093 3946 ἀλλ’
2122 3891 2242 3944 οὐδὲ
2276 3890 2382 3943 τῶν
2422 3891 2487 3942 ἐκ
2529 3890 2625 3960 τῆς
2671 3889 2845 3950 οἰκίας
2875 3887 2985 3959 (65)
3033 3884 3349 3954 ὑπέμνησαν
3381 3884 3568 3953 ἡμᾶς,

1979 3983 2120 4037 ὥστε
2154 3984 2469 4055 προσειπεῖν
2501 3998 2559 4033 σε
2594 3974 2703 4051 (64)
2730 3980 2796 4033 δι’
2826 3978 3003 4033 αὐτῶν
3026 3995 3040 4007 ·
3073 3978 3249 4030 καίτοι
3284 3976 3422 4030 πάνυ
3467 3975 3573 4031 διὰ

1982 4073 2214 4143 σπουδῆς
2238 4069 2551 4140 τιθεμένους
2582 4069 2673 4122 ἐπὶ
2703 4068 2881 4138 πάσης
2901 4066 3225 4137 προφάσεως
3244 4062 3571 4135 προσφθέγε.

1978 4163 2169 4234 γεσθαί
2222 4178 2316 4214 σου
2365 4159 2463 4230 τὴν
2509 4159 2813 4231 τιμιότητα.
2858 4154 3238 4209 Ἐπιλαθέσθαι
3269 4155 3323 4207 δέ
3364 4171 3459 4206 σου
3500 4157 3567 4207 ἐν

1979 4254 2305 4325 προσευχαῖς
2352 4250 2647 4311 ἀδύνατον,
2701 4250 2750 4301 εί
2796 4247 2869 4318 μὴ
2912 4247 3180 4319 πρότερον
3234 4244 3329 4299 τοῦ
3385 4245 3562 4314 ἔργον

308 4358 467 4414 opus,
504 4342 570 4396 ad
599 4344 745 4411 quod
778 4361 879 4399 nos
936 4345 1197 4399 Dominus
1241 4346 1570 4407 destinavit,
1613 4344 1874 4417 oblivioni

1987 4344 2134 4414 ἡμῶν
2166 4341 2571 4412 ἐπιλαθώμεθα,
2629 4343 2708 4404 είς
2753 4340 2781 4393 ὃ
2830 4339 3017 4406 ἔταξεν
3068 4341 3216 4409 ἡμᾶς
3259 4340 3288 4392 ὁ
3323 4337 3560 4408 Κύριος.

309 4434 612 4488 tradamus.
655 4432 787 4486 Nam
840 4436 1089 4503 profecto
1120 4435 1418 4490 meministi
1472 4416 1872 4490 ecclesiastiCa-

1987 4410 2267 4505 [IIépv'qcat
2313 4410 2423 4505 γὰρ
2468 4433 2685 4496 πάντως
2726 4431 2832 4485 τῶν
2882 4431 3253 4502 κηρυγμάτων
3282 4428 3390 4499 (65)
3436 4430 3559 4482 τῶν

307 4540 428 4581 rum
459 4524 907 4595 praedicationum
929 4567 945 4591 ,
975 4540 1097 4579 cum
1136 4525 1306 4580 ﬁdelis
1332 4526 1410 4581 sis
1447 4525 1540 4581 Dei
1564 4527 1739 4597 gratia
1762 4565 1778 4591 ,
1810 4527 1868 4581 in

378 4682 401 4704 ⁴
417 4681 567 4735 Alias
595 4678 814 4735 CCXLI.
852 4679 1063 4749 Scripta
1085 4694 1228 4733 anno
1249 4679 1373 4734 575.

375 4751 487 4820 (56)
533 4750 737 4821 ’Υγιῶς
758 4753 940 4819 ἔχειν.
980 4747 1056 4821 Ita
1099 4766 1231 4821 mss.
1263 4764 1452 4821 omnes
1481 4763 1619 4821 quos
1651 4747 1868 4821 quidem

301 4818 618 4876 viderimus.
655 4822 794 4873 Editi
821 4821 990 4889 ἁγίως
1020 4820 1183 4891 ἔχειν.
1212 4820 1381 4872 Paulo
1398 4829 1521 4889 post
1545 4818 1707 4874 iidem
1737 4819 1872 4873 editi

302 4891 599 4963 ὑπάρξειν,
634 4908 761 4963 mss.
797 4899 854 4944 ut
886 4896 936 4963 in
962 4900 1131 4944 textu.

374 4956 486 5028 (5'7)
529 4960 860 5029 'Oncffuroc.
909 4961 986 5015 Ita
1043 4969 1154 5014 tres
1193 4956 1558 5029 antiquissimi
1598 4956 1818 5013 codices
1848 4976 1867 5010 ε

305 5031 397 5087 alii
423 5040 475 5083 et
505 5033 633 5086 θιίιιί
669 5031 920 5099 συζύγου.
1238 5069 1244 5076 .

375 5101 486 5171 (58)
537 5100 708 5170 Ἡμῖν
732 5096 981 5169 στῆσαι.
1005 5099 1165 5154 Deest
1186 5098 1369 5171 prima;
1388 5113 1495 5171 vox
1520 5096 1597 5171 ‘in
1625 5097 1868 5168 quinque

306 5168 465 5234 mss.,
504 5168 613 5226 non
646 5168 845 5225 tamen
869 5174 923 5225 in
960 5173 1136 5225 tribus
1165 5168 1587 5237 antiquissimis.

368 5241 488 5322 (59)
518 5240 639 5296 Τῶν
661 5240 867 5295 αὐτοῦ.
902 5242 976 5296 Ita
1009 5251 1213 5311 septem
1244 5236 1377 5294 mss.
1413 5238 1557 5293 Editi
1600 5236 1708 5291 τῶν
1737 5252 1870 5290 σαυ-

302 5324 397 5364 του
405 5349 421 5364 ο

375 5379 486 5451 (60)
521 5380 961 5451 Ἀνεπίῃοιεφος.
992 5372 1146 5434 Hanc
1177 5378 1471 5451 epistolam
1493 5376 1704 5451 Sorano
1735 5375 1864 5451 sev.

300 5445 431 5521 tiliae
453 5445 579 5521 duci
598 5445 853 5520 scriptam
881 5445 1004 5507 esse
1027 5445 1323 5521 probamus
1351 5453 1408 5506 in
1430 5448 1550 5504 Vita
1573 5447 1634 5505 S.
1653 5445 1864 5501 Basilii.

296 5515 433 5575 Vide
468 5515 747 5574 Addenda.

390 5587 483 5663 ﬁt)
528 5587 917 5663 ngropéLDup
943 5606 1079 5663 mss.
1119 5588 1452 5663 recentiores
1498 5589 1723 5663 ᾇπορον.

369 5658 483 5729 (62)
517 5658 618 5713 Δεῖ
635 5658 788 5729 άῠτῇ
823 5660 915 5729 τῆ.
943 5660 1069 5716 Hac
1108 5659 1379 5729 scriptura
1420 5660 1525 5716 etsi
1564 5658 1621 5714 in'
1650 5658 1865 5716 duobus

1977 4523 2464 4596 ἐκκλησιαστικῶν,
2493 4524 2681 4587 πιστὸς
2719 4522 2796 4576 ὣν
2816 4526 2882 4594 τῇ
2914 4522 3009 4576 τοῦ
3039 4523 3175 4577 θεοῦ
3204 4522 3415 4594 χάριτι·
3462 4523 3553 4575 ὅτι

1973 4686 2183 4732 tantum
2224 4678 2467 4732 occurrit
2503 4675 2810 4737 codicibus,
2847 4691 3045 4746 nempe
3087 4676 3253 4731 Coisl.
3303 4677 3559 4731 secundo

1972 4759 2025 4802 et
2056 4749 2188 4818 Reg.
2234 4750 2495 4811 secundo,
2537 4763 2644 4801 non
2695 4748 2920 4800 dubium
2954 4758 3135 4802 tamen
3178 4748 3307 4817 quin
3351 4750 3554 4817 praefe-

1971 4819 2137 4873 renda
2168 4820 2239 4871 sit
2262 4818 2491 4886 vulgatae
2518 4818 2585 4870 δι’
2614 4818 2786 4887 αὐτὴν
2817 4818 2906 4887 τῇ.

2040 4888 2152 4957 (65)
2181 4884 2399 4952 Οὶκίαξ.
2435 4890 2511 4957 Ita
2535 4903 2665 4940 mss.
2702 4884 2958 4957 quatuor.
2995 4884 3134 4939 [ἰάίιὶ
3176 4886 3399 4948 οἰκείας.

2040 4958 2151 5027 (64)
2184 4956 2540 5025 Προσειπεῖν
2584 4973 2679 5011 σε.
2708 4956 2915 5010 Vocula
2967 4957 3152 5009 addita
3191 4972 3256 5011 ex
3307 4963 3559 5026 quatuor

1966 5042 2099 5082 mss.

2042 5095 2154 5166 (65)
2193 5094 2317 5152 Τῶν
2336 5094 2745 5165 κηρυγμάτων.
2779 5094 2978 5149 Eadem
3025 5109 3156 5149 voce
3185 5092 3545 5166 Firmilianus

1970 5165 2324 5221 Caesariensis
2368 5168 2658 5236 episcopus
2712 5166 3116 5236 ecclesiasticas
3163 5179 3360 5236 preces
3393 5165 3544 5219 desi-

1973 5240 2157 5305 gnavit
2202 5238 2256 5291 in
2296 5233 2523 5306 epistola
2562 5233 2640 5288 ’ad
2671 5236 3018 5304 Cyprianum.
3054 5233 3187 5286 Nam
3238 5235 3293 5287 in
3346 5234 3541 5306 Latina

1972 5305 2422 5376 interpretatione
2451 5307 2695 5375 ejusdem
2723 5306 2987 5374 epistulae,
3012 5312 3239 5376 quaeest
3270 5306 3414 5376 inter
3438 5305 3542 5374 Cy-

1974 5373 2251 5446 prianicas
2279 5377 2364 5440 75,
2389 5373 2614 5447 legimus
2639 5373 2919 5447 mulierem
2947 5373 3235 5443 quamdam
3272 5375 3373 5427 hoc
3399 5373 3543 5447 facit

1972 5441 2078 5501 nus
2106 5462 2295 5500 ausam
2324 5441 2466 5512 (ξενος
2501 5455 2557 5498 ut
2586 5455 2636 5500 et
2661 5441 2990 5499 invocatione
3017 5460 3121 5498 non
3149 5441 3541 5511 contemptibiti

1970 5518 2310 5586 sancti/itare
2342 5533 2397 5571 se
2423 5533 2611 5585 panem
2640 5524 2691 5586 et
2728 5513 3123 5586 Eucharistiam
3156 5513 3328 5581 facere
3370 5515 3544 5567 simu-

1973 5585 2215 5651 ίαν-εδει
2268 5588 2592 5655 sacri/icium
2645 5585 2861 5639 Domini
2893 5601 2996 5640 non
3044 5586 3156 5638 sine
3200 5591 3540 5638 sacramento

1970 5658 2138 5712 solita:
2171 5658 2561 5727 pradimionis
2600 5656 2806 5724 offerret
