3948 6214
364 324 469 381 615

1671 307 1710 362 S
1770 303 2020 362 BASlLll
2060 301 2271 360 MAGNI

3507 295 3622 353 016

365 452 460 497 tua
495 437 814 513 prudentia.
839 445 1083 506 tempore
1112 429 1468 486 corroborata
1513 424 1655 478 mala
1699 425 1940 494 primum

2057 435 2142 470 τκε
2189 417 2288 488 τῆς
2307 415 2587 487 δυνάμεως
2635 413 2824 466 ἐνδεῖν.
2851 412 2930 466 Οὐ
2963 411 3072 484 γὰρ
3109 410 3295 480 ἀγνοεῖ
3333 426 3426 463 σου
3465 412 3497 482 η
3535 426 3624 464 τε·

367 535 586 606 quidem
645 540 890 600 tempore
953 527 1199 596 indigere
1259 530 1318 575 ut
1380 527 1689 574 sanentur:
1743 515 1940 570 deinde

370 626 500 681 forti
551 639 616 678 ac
671 624 826 676 firma
864 619 1058 690 agendi
1115 616 1364 676 ratione.
1415 612 1461 665 si
1497 612 1624 682 quis
1684 610 1814 664 velit
1869 607 1939 664 ad

370 717 540 770 imum
591 715 771 784 ipsum
828 711 1138 781 pertingere
1175 747 1191 770 ,
1245 708 1383 760 adeo
1444 714 1502 758 ut
1557 701 1941 774 argrotantium

369 805 547 861 morbi
575 803 845 859 radicitus
873 802 1196 856 evellantur.
1223 796 1342 852 Non
1379 807 1431 849 te
1465 796 1604 865 fugit
1621 794 1768 864 quod
1793 793 1940 856 dico,

371 914 435 954 ac
466 898 516 954 si
549 897 754 952 clarius
775 893 1108 964 loquendum
1177 892 1364 946 nullus
1403 891 1587 944 timor.

439 1139 495 1195 2.
552 1145 808 1192 Amorem
857 1134 943 1190 sui
995 1129 1396 1186 consuetudine
1463 1126 1675 1181 diutina
1731 1124 1946 1178 radices

371 1230 427 1286 in
485 1230 683 1282 animis
735 1225 1026 1280 habentem
1072 1237 1249 1290 neque
1304 1220 1387 1272 vir
1449 1233 1593 1272 unus
1640 1216 1947 1284 exstirpare

371 1329 574 1394 potest.
619 1333 721 1373 nec
754 1316 986 1386 epistola
1025 1330 1154 1378 una,
1197 1327 1300 1366 nec
1347 1321 1565 1380 tempus
1614 1309 1796 1363 breve.
1842 1306 1948 1360 Su-

372 1413 651 1484 spiciones
685 1408 832 1464 enim
865 1422 926 1460 ac
961 1404 1460 1459 contradictionum
1489 1401 1688 1470 jurgia,
1729 1398 1834 1454 nisi
1878 1399 1949 1452 sit

372 1504 572 1573 aliquis
605 1504 755 1572 pacis
780 1506 1063 1566 sequester
1091 1496 1416 1549 auctoritate
1452 1495 1682 1562 pollens,
1719 1490 1948 1546 omnino

371 1595 490 1651 tolli
519 1609 626 1648 non
656 1599 906 1662 possunt.
945 1588 1100 1653 Quod
1135 1587 1180 1640 si
1206 1587 1394 1656 gratiae
1425 1584 1524 1637 rivi
1558 1584 1612 1636 in
1650 1599 1734 1637 me
1764 1580 1950 1636 afﬂue-

373 1695 518 1748 rent,
549 1685 593 1740 si
624 1695 678 1740 et
711 1696 966 1738 sermone
1003 1690 1056 1733 et
1089 1694 1254 1749 opere
1291 1688 1346 1732 ct
1379 1677 1538 1731 donis
1569 1675 1948 1746 spiritualibus

2042 508 2158 562 λεία
2216 509 2507 578 φρόνησις,
2553 508 2632 561 ὅτι
2696 506 2765 560 τὰ
2813 505 2990 577 χρόνῳ
3054 503 3424 576 κρατυνθέντα
3472 503 3622 574 πάθη

2043 603 2260 674 πρῶτον
2327 603 2426 673 μὲν
2479 601 2673 672 χρόνου
2719 600 2888 652 δεῖται
2947 599 3082 670 πρὸς
3136 597 3240 666 τὴν
3297 595 3620 668 διόρθωσιν·

2044 693 2235 745 ἔπειτα
2291 693 2516 762 ἰσχυρᾶς
2563 691 2656 744 καὶ
2709 689 3079 760 εὐτονωτέρας
3124 686 3348 755 ἀγωγῆς
3391 684 3522 755 (69),
3573 686 3626 736 εἰ

2047 785 2230 856 μέλλοι
2281 801 2366 847 τις
2409 783 2502 838 τοῦ
2559 783 2754 854 βάθους
2805 781 2971 836 αὑτοῦ
3026 777 3420 842 καθικνεῖσθαι,
3477 776 3627 830 ὥστε

2044 875 2317 948 πρόρριζα
2352 875 2552 942 ἐξελεῖν
2580 875 2690 929 τῶν
2717 874 3029 944 καμνόντων
3076 871 3143 924 τὰ
3188 870 3625 942 ἀρρωστήματα.

2044 966 2204 1031 Οἶδας
2233 969 2289 1021 δέ
2311 967 2339 1020 ὃ
2365 967 2529 1036 λέγω,
2559 969 2650 1022 καὶ
2681 969 2730 1022 εἰ
2757 967 2838 1021 δεῖ
2866 965 3191 1037 τρανότερον
3221 964 3416 1026 εἰπεῖν,
3447 960 3631 1023 οὐδεὶς

2045 1062 2075 1114 ὁ
2100 1059 2284 1122 φόϐος.

2100 1061 2314 1218 ζόἓξν
2348 1140 2630 1215 φιλαυτίαν
2652 1139 2760 1192 ἔθει
2788 1137 2984 1210 μακρῷ
3020 1139 3141 1199 ταῖς
3161 1135 3358 1205 ψυχαῖς
3391 1133 3634 1205 ἐρριζῶσ-

2047 1238 2231 1292 θεῖσαν
2258 1231 2337 1299 εἷς
2369 1233 2510 1304 ἀνὴρ
2539 1230 2650 1302 (70)
2681 1229 2888 1284 ἀνελεῖν
2915 1229 3014 1298 οὐχ
3060 1223 3172 1289 οἷός
3213 1243 3294 1290 τε,
3343 1225 3450 1278 οὐδ’
3497 1227 3632 1277 ἐπι-

2050 1329 2210 1399 στολὴ
2243 1328 2361 1397 μία,
2385 1325 2505 1377 οὐδὲ
2533 1321 2719 1393 χρόνος
2741 1319 2963 1391 βραχύς.
2996 1319 3108 1382 Τὰς
3129 1318 3236 1388 γὰρ
3257 1316 3505 1379 ὑπονοίας
3531 1317 3636 1368 καὶ

2047 1419 2144 1483 τὰς
2178 1419 2236 1485 ἐξ
2263 1413 2582 1484 ἀντιλογιῶν
2623 1411 2969 1482 παρατριϐὰς
3015 1408 3291 1472 παντελῶς
3337 1406 3638 1478 ἀναιρεθῆ-

2048 1530 2156 1577 ναι,
2215 1510 2290 1582 μὴ
2334 1508 2646 1574 ἀξιοπίστου
2691 1505 2836 1566 τινὸς
2891 1502 3264 1573 μεσιτεύοντος
3302 1503 3367 1572 τῇ
3410 1501 3636 1572 εἰρήνῃ,

2048 1603 2346 1674 ἀμήχανον·
2393 1599 2503 1652 Καὶ
2537 1598 2586 1650 εί
2637 1596 2736 1667 μὲν
2778 1594 3002 1665 ἐπέρρει
3035 1594 3167 1664 ἡμῖν
3213 1593 3280 1646 τι
3328 1590 3476 1661 παρὰ
3527 1589 3640 1657 τῆς

2051 1695 2293 1766 χάριτος,
2323 1691 2418 1745 καὶ
2449 1685 2594 1761 ἦμεν
2625 1685 2844 1741 δυνατοὶ
2879 1685 3023 1754 λόγῳ
3065 1684 3160 1738 καὶ
3197 1683 3342 1754 ἔργῳ
3384 1683 3477 1736 καὶ
3513 1683 3640 1743 τοῖς

374 1778 604 1832 idoneus
650 1789 851 1835 essem,
892 1780 950 1826 ut
995 1786 1090 1825 eos
1125 1771 1218 1839 qui
1249 1769 1355 1823 sibi
1388 1768 1619 1822 invicem
1649 1766 1948 1820 adversan-

2057 1785 2442 1856 πνευματικοῖς
2465 1781 2769 1853 χαρίσμασι
2802 1777 3120 1847 δυσωπῆσαι
3163 1777 3288 1840 τοὺς
3337 1773 3638 1829 ἀντιδιατι-

374 1878 485 1934 tur,
517 1866 814 1930 ﬂecterem,
868 1863 1140 1933 negmium
1191 1869 1402 1915 tantum
1449 1866 1599 1913 esset
1637 1857 1946 1927 suscipien—

373 1962 525 2017 dum.
565 1959 939 2014 Fortetameu
966 1969 1031 2009 ne
1056 1963 1185 2008 tunc
1213 1953 1432 2022 quidem
1465 1951 1625 2006 nobis
1659 1951 1944 2012 suaderes,

375 2063 435 2107 ut
467 2051 568 2107 soli
598 2049 666 2104 ad
694 2047 1131 2103 emendationem
1177 2043 1620 2116 aggrederentur,
1664 2058 1790 2096 eum
1833 2041 1946 2110 epi-

376 2159 580 2214 scopus
617 2144 689 2207 sit
727 2140 819 2194 Dei
845 2139 1043 2210 gratia,
1072 2138 1140 2192 ad
1165 2151 1328 2207 quem
1360 2135 1618 2190 Ecclesiae
1647 2149 1777 2188 cura
1808 2149 1948 2203 prae-

373 2239 536 2308 cipue
584 2235 841 2306 pertinet,
889 2231 982 2301 qui
1027 2245 1203 2299 neque
1243 2228 1312 2282 ad
1355 2243 1456 2283 nos
1497 2226 1680 2281 venire
1726 2233 1946 2297 potest,

374 2341 552 2397 neque
581 2325 742 2380 nobis
777 2323 993 2379 interim
1022 2321 1091 2375 ob
1132 2321 1366 2373 hiemem
1400 2317 1738 2388 peregrinari
1767 2316 1947 2379 facile,

373 2419 461 2473 vel
512 2417 695 2488 potius
741 2415 892 2470 nullo
932 2411 1094 2466 modo
1147 2411 1419 2479 integrum
1462 2417 1566 2469 est,
1623 2423 1732 2461 non
1771 2407 1949 2460 solum

374 2513 503 2585 quia
537 2525 742 2581 corpus
779 2507 909 2562 mihi
951 2505 1115 2578 246
1163 2503 1479 2558 infirmitate
1517 2501 1728 2556 diutina
1758 2499 1950 2555 confe-

375 2613 525 2659 ctum
553 2609 657 2667 est,
691 2599 786 2657 sed
813 2601 977 2656 etiam
1016 2599 1144 2667 quia
1183 2596 1634 2650 Armeniacorum
1679 2592 1950 2647 montium

376 2697 644 2752 transitus
685 2693 848 2764 paulo
891 2699 1014 2761 post
1066 2688 1156 2742 fiet
1200 2687 1498 2757 impervius
1541 2685 1706 2740 etiam
1747 2684 1816 2738 iis
1855 2682 1950 2752 qui

376 2798 534 2845 atate
576 2787 804 2843 omnino
850 2785 1051 2854 vigent.
1102 2782 1276 2852 Atque
1325 2781 1441 2834 haec
1490 2777 1709 2847 quidem
1757 2775 1805 2829 ei
1856 2789 1953 2844 per

379 2883 589 2935 litteras
619 2879 928 2948 significare
962 2890 1072 2930 non
1107 2873 1396 2943 gravabor.
1446 2869 1590 2924 Nihil
1638 2879 1816 2924 tamen
1857 2883 1954 2922 ex-

379 2980 570 3042 specto
622 2986 686 3025 ex
741 2969 940 3024 litteris
991 2967 1227 3035 alicujus
1275 2964 1538 3018 momenti
1590 2970 1950 3027 eventurum,

378 3049 494 3119 tum
529 3062 630 3117 viri
673 3071 983 3116 accuratam
1025 3059 1218 3130 agendi
1267 3057 1534 3112 ratiooem
1567 3055 1948 3118 considerans,

2050 1876 2313 1946 θεμένους
2365 1873 2514 1945 (7i),
2572 1871 2678 1924 ἔδει
2738 1868 3151 1939 κατατολμῆσαι
3215 1867 3309 1920 τοῦ
3373 1865 3639 1919 τοσούτου

2047 1968 2405 2040 πράγματοςο
2459 1963 2602 2034 τάχα
2646 1962 2702 2016 δὲ
2747 1961 2856 2014 οὐδ’
2904 1959 2971 2014 ἂν
3033 1958 3154 2011 τότε
3206 1957 3640 2018 συνεϐούλευσας

2049 2060 2178 2130 ἡμῖν
2222 2057 2402 2128 μόνοις
2441 2056 2617 2110 ἐλθεῖν
2669 2054 2762 2107 ἐπὶ
2792 2053 2890 2124 τὴν
2926 2050 3316 2124 ἐπανόρθωσιν,
3353 2050 3498 2112 δντος
3536 2049 3640 2102 τοῦ

2049 2151 2348 2205 ἐπισκόπου
2367 2152 2432 2221 τῇ
2448 2147 2543 2202 τοῦ
2567 2146 2701 2201 Θεοῦ
2723 2146 2928 2217 χάριτι,
2949 2137 2993 2212 ᾧ
3014 2146 3048 2215 ή
3081 2143 3298 2214 φροντὶς
3326 2140 3490 2210 ἀνῆκε
3513 2140 3640 2210 (72)

2049 2239 2474 2313 προηγουμένως
2529 2239 2628 2308 τῆς
2685 2235 3046 2306 Ἐκκλησίαςο
3081 2233 3139 2286 ὃν
3177 2231 3302 2285 οὔτε
3345 2229 3500 2284 αὑτὸν
3549 2230 3644 2281 ἐλ-

2051 2335 2165 2388 θεῖν
2199 2334 2335 2406 πρὸς
2362 2333 2511 2404 ἡμᾶς
2543 2326 2654 2384 οἷόν
2683 2346 2764 2393 τε,
2802 2327 2898 2381 καὶ
2935 2327 3069 2397 ἡμῖν
3092 2323 3464 2394 ἀποδημήσειν
3489 2321 3644 2385 τέως

2050 2427 2156 2480 ὑπὸ
2192 2424 2286 2478 τοῦ
2323 2423 2591 2495 χειμῶνος
2635 2421 2695 2473 οὐ
2743 2418 2944 2490 ῥᾴδιον,
3003 2415 3204 2486 μᾶλλον
3246 2415 3304 2468 δὲ
3352 2411 3644 2476 παντελῶς

2050 2518 2330 2583 ἀδύνατον,
2370 2517 2431 2570 οὗ
2475 2517 2634 2587 μόνον
2681 2513 2870 2567 καθότι
2919 2510 2980 2564 τὸ
3029 2508 3192 2578 σῶμά
3240 2524 3330 2579 μοι
3360 2506 3469 2572 (73)
3530 2505 3647 2560 om

2057 2611 2275 2681 μακρᾶς
2307 2606 2617 2682 ἀρρωστίας
2647 2604 2968 2675 ἀπείρηκεν,
3025 2600 3141 2654 ἀλλ’
3171 2601 3254 2655 ὃτι
3293 2599 3387 2652 καὶ
3430 2597 3484 2650 αἱ
3525 2597 3646 2650 τῶν

2065 2701 2438 2773 Ἀρμενιακῶν
2496 2700 2552 2752 αί
2605 2695 2935 2768 ὑπερϐάσεις
2989 2693 3182 2764 μικρὸν
3229 2689 3454 2762 ὕστερον
3495 2688 3646 2744 ἄϐα-

2053 2809 2134 2847 τοι
2162 2792 2276 2863 (74)
2312 2793 2551 2860 γίνονται
2594 2788 2826 2850 καὶτοῖς
2856 2786 2995 2839 πάνυ
3036 2782 3154 2837 καθ’
3208 2781 3421 2852 ἡλικίαν
3473 2795 3648 2850 σφρι-

2053 2882 2212 2954 γῶτι.
2231 2883 2524 2955 Γράμματι
2551 2881 2608 2934 δέ
2623 2877 2768 2950 αὐτῷ
2795 2878 3036 2948 σημᾶναι
3063 2876 3175 2948 (75)
3204 2873 3378 2927 ταῦτα
3399 2871 3457 2924 οὐ
3488 2889 3576 2924 πα
3588 2887 3648 2942 ρο

2054 2977 2365 3049 αιτήσομαι.
2420 2975 2496 3028 Οὐ
2550 2973 2735 3045 μέντοι
2781 2969 3063 3042 προσδοκῶ
3113 2985 3167 3021 τι
3201 2968 3265 3019 ἐκ
3305 2964 3412 3018 τῶν
3454 2979 3646 3033 γραμ-
3707 2965 3710 2968 ’

2060 3071 2245 3143 μάτων
2300 3069 2577 3138 ἀξιόλογον
2617 3063 3025 3138 ἀποϐήσεσθαι,
3062 3059 3163 3132 τῆς
3209 3076 3270 3112 τε
3316 3057 3409 3110 τοῦ
3443 3055 3649 3128 ἀνδρὸς

378 3163 495 3211 tum
533 3157 709 3226 ipsam
738 3155 1040 3208 litterarum
1077 3161 1349 3212 naturam,
1373 3150 1501 3218 quia
1525 3163 1632 3202 non
1661 3148 1802 3202 solet
1831 3146 1951 3200 ido-

2057 3163 2345 3236 ἀκριϐείας
2385 3161 2776 3232 στοχαζόμενος
2821 3156 2917 3210 καὶ
2959 3153 3129 3224 αὐτῆς
3160 3151 3259 3221 τῆς
3288 3149 3494 3220 φύσεως
3528 3146 3648 3200 τῶν

381 3262 519 3305 nens
543 3261 667 3302 esse
700 3244 767 3300 ad
790 3245 938 3300 clare
967 3241 1409 3315 persuadendum
1439 3255 1622 3296 sermo
1657 3238 1952 3294 transmis-

381 3356 499 3397 sus.
527 3337 660 3392 Nam
693 3337 863 3391 multa
898 3350 1037 3405 opus
1067 3345 1152 3391 est
1184 3334 1388 3396 dicere,
1413 3347 1477 3386 ac
1506 3332 1674 3385 multa
1707 3329 1950 3384 vicissim

383 3431 598 3492 audire,
627 3436 681 3483 et
711 3443 835 3497 qua:
878 3427 1217 3496 objiciuntur
1260 3423 1544 3486 solvenda,
1579 3429 1635 3478 et
1669 3420 1952 3475 inferenda

381 3537 506 3594 qua
552 3520 904 3582 suﬂ'ulciunt,
957 3532 1191 3589 quorum
1238 3516 1373 3570 nihil
1421 3523 1601 3586 potest
1647 3515 1952 3568 litterarum

383 3628 588 3677 sermo,
638 3611 788 3666 iners
817 3618 872 3666 et
901 3609 1181 3663 inanimus
1213 3607 1268 3662 in
1303 3607 1490 3662 charta
1525 3605 1820 3676 proiectus.
1848 3601 1955 3656 Ve-

383 3712 715 3767 rumtamen,
743 3701 891 3772 quod
915 3699 1028 3771 jam
1079 3699 1218 3763 dixi,
1251 3699 1495 3754 scribere
1523 3713 1631 3751 non
1663 3697 1951 3766 gravabor.

385 3795 542 3850 Scias
584 3800 802 3859 autem,
846 3791 1014 3846 frater
1065 3806 1193 3846 vere
1232 3789 1646 3860 religiosissime
1689 3798 1744 3843 et
1795 3788 1956 3842 nobis

381 3886 873 3950 desideratissime,
908 3883 1116 3937 nullam
1166 3882 1299 3936 mihi
1347 3898 1472 3936 cum
1519 3896 1818 3951 quoquam,
1860 3879 1955 3940 Dei

381 3981 579 4049 gratia,
609 3979 876 4048 privatam
927 3993 1050 4033 esse
1099 3978 1528 4031 contentionem.
1576 3975 1763 4046 Neque
1807 3976 1953 4029 enim

382 4073 605 4126 memini
653 4088 738 4127 me
798 4071 1016 4126 curiose
1079 4070 1360 4139 inquirere
1427 4069 1697 4132 crimina,
1754 4069 1956 4139 quibus

383 4165 616 4234 quisque
663 4164 935 4218 obnoxius
983 4171 1068 4217 est
1112 4171 1207 4216 aut
1259 4161 1480 4216 dicitur.
1531 4161 1712 4228 Quare
1742 4163 1827 4216 sic
1859 4177 1956 4216 vos

385 4255 663 4310 attendere
711 4255 996 4309 sententiae
1046 4269 1181 4309 mea:
1227 4257 1483 4310 convenit
1571 4263 1632 4309 ut
1677 4255 1954 4321 hominis,

383 4347 480 4416 qui
512 4345 647 4399 nihil
673 4363 736 4400 ex
770 4348 1133 4416 propensione
1162 4346 1341 4402 facere
1366 4348 1559 4417 possit,
1580 4365 1757 4418 neque
1794 4365 1959 4403 accu-

385 4435 690 4492 sationibus
714 4437 769 4490 in
797 4453 1125 4507 quemquam
1159 4449 1570 4508 praeoccupatus
1587 4441 1678 4495 sit.
1699 4439 1959 4495 Tantum-

2057 3254 2430 3325 γραμμάτων⁸
2461 3253 2545 3306 ὅτι
2577 3251 2637 3304 οὐ
2661 3249 2904 3318 πέφυκεν
2936 3242 3182 3316 ἐναργῶς
3219 3240 3470 3296 δύνασθαι
3519 3237 3674 3296 δυσ·.,

2057 3348 2226 3400 ωπεῖν
2248 3347 2278 3398 ὁ
2301 3343 2747 3414 διαπεμπόμενος
2773 3340 2949 3408 λόγος.
2966 3335 3146 3390 Πολλὰ
3167 3334 3261 3388 καὶ
3285 3327 3645 3390 ἀωκοῦσαι,

2059 3437 2154 3492 καὶ
2189 3435 2349 3489 λῦσαι
2398 3435 2468 3488 τά
2507 3430 2902 3494 ὑποπίπτοντα,
2938 3427 3035 3482 καὶ
3076 3423 3492 3492 ἀνθυπενεγκεῖν
3526 3419 3648 3489 (7-0)

2058 3526 2130 3580 τὰ
2168 3523 2543 3597 ὑφορμοῦντα,
2589 3515 2666 3577 ὧν
2709 3520 2861 3575 οὐδὲν
2909 3517 3132 3572 δύναται
3163 3516 3190 3568 ὁ
3223 3515 3282 3568 ἐν
3325 3515 3436 3574 τοῖς
3464 3510 3649 3582 γράμ·

2064 3632 2198 3687 μασι
2215 3615 2395 3684 λόγος,
2431 3613 2598 3686 ἀργὸς
2619 3613 2714 3667 καὶ
2744 3611 2952 3681 ἄψυχος
2981 3610 3039 3662 ἐν
3075 3605 3154 3680 τῷ
3185 3605 3366 3677 χάρτῃ
3386 3603 3644 3674 διερριμ-

2064 3711 2244 3782 μένος.
2294 3708 2441 3780 Πλὴν
2484 3706 2621 3770 ἀλλ’,
2658 3706 2796 3775 ὅπερ
2839 3702 2994 3773 ἔφην,
3038 3699 3140 3753 οὐκ
3191 3697 3483 3766 ἁποκνήσω
3528 3693 3648 3764 (77)

2060 3801 2288 3873 γράψαι.
2341 3801 2582 3854 Γίνωσκε
2631 3797 2833 3866 μέντοι,
2890 3793 2964 3857 ὡς
3018 3789 3233 3862 ἀληθῶς
3281 3785 3646 3841 εὐλαϐέστατε

2062 3895 2156 3947 καὶ
2182 3891 2522 3960 πολυπόθητε
2550 3891 2681 3960 ἡμῖν
2722 3885 2939 3953 ἀδελφὲ,
2974 3883 3057 3936 ὅτι
3106 3879 3336 3950 οὐδεμία
3370 3893 3461 3946 μοι
3500 3877 3648 3947 πρὸς

2061 3983 2248 4037 οὐδένα
2274 3985 2340 4053 τῇ
2367 3981 2463 4036 τοῦ
2495 3979 2629 4033 Θεοῦ
2662 3970 3155 4050 χάριτιίδιάςουσά
3177 3972 3292 4024 ὲσί
3316 3967 3646 4039 φιλονεικία.

2063 4075 2200 4129 osa:
2247 4073 2355 4144 γὰρ
2411 4070 2942 4142 πολυπραγμονήσας
2995 4061 3110 4119 οἶδα
3163 4064 3231 4118 τά
3285 4061 3645 4132 ἐγκλήματα,

2062 4161 2144 4228 οἷς
2205 4163 2437 4228 ἕκαστος
2504 4161 2805 4223 ὑπεύθυνος
2857 4159 2890 4230 ἢ
2942 4157 3127 4218 ἐστιν,
3192 4155 3224 4226 ἢ
3291 4152 3645 4224 ὀνομάζεται.

2065 4258 2225 4310 Ὥστε
2267 4256 2440 4320 οὓτως
2485 4257 2629 4325 ὑμᾶς
2679 4254 2967 4326 προσέχειν
3017 4252 3084 4320 τῇ
3135 4247 3382 4319 ἡμετέρᾳ
3434 4245 3648 4315 διανοίᾳ

2063 4352 2351 4422 προσήκει,
2381 4349 2456 4412 ὼς
2493 4347 2656 4419 μηδὲν
2694 4346 2850 4418 ήμῶν
2899 4342 3212 4414 δυναμένων
3256 4339 3476 4410 ποιῆσαι
3501 4337 3650 4391 κατὰ

2063 4443 2385 4512 πρόσκλισιν
2420 4440 2555 4512 (78),
2603 4440 2738 4512 μηδέ
2777 4435 3231 4510 προειλημμένων
3259 4434 3340 4497 είς
3364 4433 3463 4503 τὴν
3503 4430 3650 4484 κατά

476 4588 564 4659 69)
615 4588 886 4665 ᾎγωτῆς.
927 4589 1019 4665 με
1075 4602 1406 4665 mss._octo.
1460 4590 1951 4665 Editijtaywyﬁq.

2134 4594 2246 4665 ('75)
2286 4592 2576 4664 Σημᾶναι.
2618 4593 2757 4649 Tres
2799 4608 2934 4648 mss.
2968 4607 3081 4646 non
3124 4585 3501 4660 antiquissimi
3546 4602 3646 4656 ση-

383 4660 493 4716 Nec
524 4661 696 4714 multo
724 4669 846 4728 post
875 4661 1006 4714 editi
1034 4662 1128 4713 mi.
1155 4661 1331 4725 οὐδεὶς
1359 4663 1387 4713 ὁ
1415 4662 1598 4729 φόϐος.
1633 4660 1795 4716 Deest
1817 4660 1954 4715 con-

380 4732 598 4854 junctitj)
631 4731 685 4784 in
729 4731 911 4785 tribus
940 4731 1334 4787 vetustissimis
1374 4731 1662 4786 codicibus
1697 4739 1752 4786 et
1782 4731 1954 4802 Regio

385 4817 569 4854 secum
597 4816 648 4854 ο.

385 4816 648 4856 secundo.

457 4872 568 4939 (70)
621 4869 998 4939 ‘Arﬁpﬂeest
1023 4870 1078 4924 in
1109 4869 1276 4925 Coisl.
1312 4871 1491 4940 primo
1517 4880 1572 4926 et
1609 4869 1747 4925 Med.

453 4943 564 5010 (Ἡ)
613 4941 757 5007 Τοὺς
785 4941 1377 5011 ἀντιδιατιθεμένους.
1409 4940 1487 4996 Ita
1514 4958 1608 4997 sex
1646 4957 1781 4998 mss.
1813 4941 1961 4998 Editi

384 5009 498 5074 τοῖς
526 5009 850 5080 ἀντιδιατιθε
861 5011 1061 5080 μένοις.

456 5083 569 5148 (72)
622 5079 966 5152 ἈνῆκξζΙῑ-ιι
1019 5080 1192 5143 Harl.,
1230 5079 1374 5136 Med.
1410 5089 1464 5136 et
1495 5079 1674 5152 Cois].
1722 5084 1957 5152 primus.

385 5150 527 5223 Editt
554 5153 767 5223 ἀνήκει.
801 5151 974 5206 Paulo
1018 5163 1141 5220 post
1175 5161 1298 5223 tres
1325 5152 1548 5206 eosdem
1576 5150 1801 5208 codices
1833 5169 1958 5207 cum

387 5220 558 5293 Regio
605 5220 850 5296 secundo
888 5223 1176 5296 sequimur
1199 5223 1254 5296 in
1287 5222 1390 5296 hac
1417 5238 1553 5277 voce
1583 5223 1962 5296 ἀποδημήσειν

386 5291 490 5362 pro
516 5308 581 5346 eo
605 5291 750 5360 quod
770 5300 897 5362 erat
921 5291 980 5347 in
1011 5293 1174 5348 editis
1205 5292 1526 5362 ἀποδημεῖν.

459 5363 569 5442 (Ῑςό)
607 5361 782 5442 gitana}
820 5380 942 5442 μοι.
979 5363 1116 5418 Med.
1156 5375 1212 5418 et
1253 5361 1427 5418 CoiSl.
1468 5364 1681 5433 primus
1714 5373 1770 5419 et
1818 5380 1961 5418 unus

387 5448 453 5487 ex
489 5431 674 5502 Regiis
711 5432 871 5502 σῶμὰ
907 5451 1028 5502 μου.

465 5501 860 5584 (ᾍῘξᾼόατὸα
893 5501 985 5558 Sic
1012 5503 1144 5584 editi
1187 5511 1252 5584 et
1280 5504 1722 5584 narlLsecund‘a
1758 5519 1958 5584 manu;

390 5572 691 5644 alioaliis
719 5581 924 5644 septem
960 5588 1095 5644 mss.
1132 5575 1334 5644 legitur
1363 5574 1631 5630 ἀδύνατοι.
1668 5575 1760 5628 Sic
1785 5575 1952 5628 etiam

389 5642 580 5698 habuit
617 5640 938 5712 llarlzeanus
978 5643 1146 5697 codex
1183 5640 1358 5712 prima
1396 5661 1584 5701 manu.
1615 5645 1955 5703 Crediderim

389 5713 650 5769 Basilium
685 5711 977 5781 scripsisse
1004 5711 1198 5766 ἄδυτοι.

2145 4681 2253 4718 ναι.

2065 4682 2810 4804 μηέἵῗῖἳἊνθυπενεγκεῖν.
2837 4731 3016 4804 Οςξει.
3051 4729 3262 4804 primus
3313 4729 3644 4804 ἀντεπενεγ-

2061 4799 2232 4856 κεῖν(
2268 4803 2412 4858 Idem
2475 4799 2649 4858 (ιοὰθὴ
2705 4819 2829 4857 cum
2889 4801 3064 4864 Harl.,
3109 4800 3275 4868 Med.,
3328 4799 3502 4856 Coisl.
3559 4811 3649 4850 se-

2061 4873 2246 4928 cundo
2277 4882 2331 4928 et
2365 4873 2498 4941 Reg.
2531 4874 2694 4928 habet
2721 4873 2792 4927 τὰ
2821 4871 3174 4942 ὑφορμῶντα.

2133 4945 2245 5012 (77)
2283 4945 2404 4997 Οὐκ
2445 4937 2794 5012 ἆποκνήσω.
2829 4937 2905 4995 Ita
2934 4937 3028 4995 sex
3059 4951 3194 4998 is.
3227 4939 3373 4995 Edtti
3402 4937 3536 5012 οὐδ’.

2133 5006 2243 5085 (78)
2282 5006 2682 5085 deaxlww}
2731 5012 2936 5068 Nititur
2987 5012 3102 5085 haec
3146 5013 3422 5085 scriptura
3476 5006 3648 5085 Regio

2062 5078 2306 5139 secundo
2330 5078 2529 5138 codice
2554 5092 2610 5137 et
2637 5083 2808 5138 Coisl.
2837 5081 3100 5140 secundo,
3133 5091 3188 5136 et
3218 5078 3368 5135 llarl.
3396 5078 3645 5133 secunda

2061 5171 2248 5209 manu.
2289 5153 2433 5208 Editi
2470 5155 2827 5226 npécglnqtv.
2871 5151 2982 5226 (llic
3014 5159 3196 5226 autem
3229 5154 3360 5226 licet
3393 5149 3647 5226 animad-

2059 5236 2274 5279 vertere
2320 5220 2590 5279 summam
2634 5220 2819 5279 Basilii
2868 5224 3014 5277 inter
3060 5222 3212 5291 ipsas
3257 5220 3644 5291 dissensiones

2061 5295 2416 5349 charitatem.
2460 5294 2735 5349 Meletium
2762 5302 2816 5349 et
2841 5307 3008 5348 causa
3041 5289 3098 5347 et
3127 5293 3426 5346 sanctitate
3465 5289 3646 5359 potio-

2060 5379 2176 5418 rem
2210 5365 2467 5420 deserere
2501 5381 2612 5419 non
2648 5373 2899 5434 poterat;
2934 5363 3028 5434 sed
3061 5378 3090 5415 a
3120 5361 3645 5434 Paulinojlliusqtte

2063 5437 2451 5498 sectatoribus,
2515 5447 2574 5489 ut
2629 5428 2953 5489 orthodorls
3008 5433 3292 5496 fratribus,
3345 5428 3646 5499 diligendis

2061 5519 2169 5576 non
2202 5497 2543 5576 discedebat,
2589 5507 2754 5576 idque
2784 5505 3180 5576 confirmatio
3215 5504 3379 5576 epist.
3423 5497 3526 5576 2}!
3576 5497 3644 5551 ad

2061 5571 2356 5627 Terentium
2411 5571 2679 5630 comitem.
2722 5576 2979 5630 Eamdem
3015 5574 3184 5627 animi
3213 5571 3646 5628 moderationem

2058 5658 2275 5724 praise,
2300 5645 2404 5700 fert
2435 5647 2699 5724 irrepist.
2724 5646 2836 5724 _2.'i8
2869 5645 2938 5699 ad
2960 5714 2976 5724 ο
3001 5643 3381 5724 Epiphaniam,
3429 5641 3524 5723 ubi

2058 5711 2282 5786 gnificat
2316 5730 2376 5774 se
2406 5711 2582 5772 multa
2606 5718 2830 5777 cuidem
2861 5731 2928 5774 ex
2957 5711 3225 5772 fratribus
3257 5713 3543 5771 audivisse
3577 5711 3645 5767 de
