3948 6214
402 302 512 360 619

910 482 1240 540 EPISTOLA
1285 480 1529 539 CLVIII“.

1702 302 1760 358 S.
1802 298 2046 357 BASILII
2086 298 2301 357 MAGNI

3540 308 3653 362 69.0

2588 483 2929 540 ΕΠΙΣΤΟΛΗ
2965 485 3058 541 PN
3062 489 3141 543 ﬂ'.

533 593 667 647 Dolet
689 594 903 647 Basilius
930 597 1057 662 quod
1084 594 1368 648 Antiochum
1391 608 1484 645 non
1510 589 1717 654 viderit;
1742 599 1880 660 rogat
1900 600 1951 644 ut
1970 607 2062 658 pro
2083 608 2134 645 se
2157 600 2381 657 precetur
2402 606 2420 654 ;
2441 596 2741 663 commendat
2757 597 2961 661 fratrem
2980 597 3177 650 camelis
3198 596 3532 663 preposition.

1052 697 1333 752 Antiocho.
2010 725 2055 782 Α

474 810 928 880 Quandoquidem
981 810 1316 865 obstiterunt
1362 810 1495 864 mihi
1545 820 1770 880 peccata
1820 827 1970 879 mea,

405 902 699 972 quominus
726 917 942 971 possem
985 904 1131 972 quod
1174 901 1381 957 dudum
1414 903 1681 957 habebam
1725 904 1802 957 tui
1836 920 1974 959 con-

403 1009 626 1064 gressus
651 994 1006 1059 desiderium,
1039 995 1107 1050 ad
1147 996 1356 1050 exitum
1388 994 1694 1064 perducere
1722 1012 1736 1061 ;
1777 996 1975 1051 litteris

402 1085 596 1141 saltem
646 1084 947 1139 absentiam
991 1085 1217 1153 delinio,
1262 1092 1429 1156 atque
1469 1086 1751 1151 adhortor,
1799 1095 1861 1141 ut
1907 1102 1977 1141 ne

400 1177 507 1232 mei
541 1178 597 1232 in
628 1177 738 1232 tuis
771 1176 1027 1246 precibus
1068 1178 1401 1232 intermittas
1444 1178 1787 1243 meminisse,
1825 1188 1884 1233 ut
1926 1179 1975 1235 si

399 1269 604 1332 vivam,
639 1267 772 1322 mihi
800 1275 852 1322 te
892 1267 1103 1338 perfrui
1129 1269 1368 1322 donetur
1412 1286 1423 1321 :
1464 1267 1551 1323 sin
1582 1268 1764 1323 minus
1798 1270 1975 1338 preci-

398 1355 505 1412 bus
525 1356 637 1411 tuis
664 1356 886 1426 adjutus
914 1371 1043 1410 cum
1078 1356 1220 1410 bona
1255 1372 1352 1425 spe
1379 1371 1445 1411 ex
1476 1357 1581 1411 hoc
1608 1356 1814 1412 mundo
1845 1358 1977 1413 emi-

399 1462 571 1517 grem.
617 1445 888 1502 Caeterum
932 1447 1160 1503 fratrem
1208 1447 1437 1503 camelis
1470 1448 1824 1519 praepositum
1876 1449 1975 1508 tibi

400 1538 850 1594 commendamus

890 1772 1231 1832 EPISTOLA
1268 1773 1494 1834 CLIX“.

2729 703 3025 771 Ἀντιόχῳ.

2163 809 2379 880 Ἐπειδὴ
2404 809 2737 881 ἀντέστησαν
2771 829 2861 882 μοι
2901 814 2957 866 αί
2992 813 3254 884 ἁμαρτίαι
3300 832 3401 885 μου
3431 816 3571 887 πρὸς
3603 817 3666 869 τὸ

2084 898 2157 969 μὴ
2188 899 2479 971 δυνηθῆναί
2506 917 2573 971 με
2600 900 2666 971 ἢν
2697 901 2867 955 πάλαι
2894 897 3041 973 εἶχον
3078 903 3191 974 (87)
3233 904 3533 975 ἐπιθυμίαν
3559 905 3665 975 τῆς

2083 989 2352 1063 ὑμετέρας
2382 991 2670 1060 συντυχίας
2713 993 2939 1062 ἀγαγεῖν
2992 995 3073 1057 εἰς
3123 996 3330 1065 πέρας-ο
3362 995 3666 1067 γράμμασι

2081 1079 2213 1146 γοῦν
2238 1080 2672 1152 παραμυθοῦμαι
2697 1082 2797 1153 τὴν
2824 1083 3131 1153 ἀπόλειψιν,
3176 1084 3271 1137 καὶ
3312 1086 3667 1159 παρακαλοῦ-

2083 1186 2183 1239 μεν
2229 1170 2342 1240 (88)
2393 1171 2467 1243 μὴ
2496 1172 2763 1227 διαλιπεῖν
2809 1176 3190 1246 μεμνημένους
3237 1176 3396 1247 ήμῶν
3441 1179 3502 1230 ὲν
3542 1181 3666 1243 ταῖς

2082 1265 2431 1331 προσευχαῖς,
2483 1264 2591 1328 ἴνα,
2632 1264 2728 1318 ἐὰν
2781 1265 2982 1336 ζῶμεν,
3032 1268 3456 1340 καταξιωθῶμεν
3503 1271 3666 1341 ὑμῶν

2082 1352 2421 1408 ἀπολαῦσαι⁶
2450 1356 2498 1408 εί
2530 1354 2587 1408 δὲ
2618 1356 2715 1427 μὴ,
2742 1357 2834 1411 διὰ
2851 1358 2950 1427 τῆς
2978 1358 3231 1430 βοηθείας
3276 1360 3383 1414 τῶν
3425 1379 3667 1432 προσευ-

2079 1443 2188 1512 χῶν
2212 1444 2366 1514 ὑμῶν
2390 1445 2531 1516 μετά
2547 1447 2758 1519 ἀγαθῆς
2773 1448 2985 1513 ἐλπίδος
3005 1452 3532 1524 μεταναστεύσωμεν
3547 1454 3664 1526 (89)

2080 1534 2187 1587 ἀπὸ
2212 1534 2307 1588 τοῦ
2340 1536 2545 1608 κόσμου
2570 1539 2780 1594 τούτου.
2806 1543 2910 1595 Τὸν
2939 1543 2996 1596 δὲ
3024 1542 3271 1613 ἀδελφὸν,
3300 1544 3390 1600 τὸν
3417 1547 3513 1600 ἐπὶ
3539 1549 3663 1609 ταῖς

2080 1625 2346 1698 καμήλοις
2377 1628 2513 1701 (90),
2548 1633 2964 1706 παρατιθέμεθα
2987 1638 3139 1707 ὑμῖν.

2577 1789 2921 1844 ΕΠΙΣΤΟΛΗ
2955 1790 3127 1846 ΡΝΘ’.

398 1886 832 1961 σηράᾳιηΒαςὶιὲιιε
855 1886 1146 1961 interrogari
1169 1902 1221 1940 se
1241 1886 1612 1961 alr-hominibus”
1638 1885 1918 1961 timentibus~
1944 1888 2123 1961 perm.
2144 1891 2385 1961 _Dectgrat
2406 1897 2729 1961 seiadltwrere
2750 1897 2868 1961 ﬁdei
2895 1903 2941 1949 Ν
2947 1902 3136 1961 triente,
3161 1901 3248 1952 sed
3265 1902 3326 1952 ob
3348 1910 3576 1956 exortam
3595 1907 3662 1961 de

460 1949 653 2020 Spiritu
678 1959 851 2020 sancto
861 1946 1409 2020 quoasttonem,jaddere
1441 1946 1866 2020 _gloriﬁcg'tionem‘
1880 1946 2100 2020 Spiritus
2129 1950 2291 2020 sancti
2310 1959 2417 2005 ‘cnm
2441 1946 2607 2020 Patre
2627 1946 2681 2008 et
2701 1946 3456 2019 rizid,’n}é'id'bbb{m"hy§mia§

460 2010 561 2063 te're
583 2025 684 2071 eos,
707 2010 791 2076 qui
815 2010 1059 2075 spiritum
1077 2018 1297 2063 sanctum
1318 2010 1595 2061 creaturam
1615 2010 1798 2062 dicunt.
1830 2010 2001 2076 Ili/fert
2023 2010 2072 2062 in
2091 2012 2229 2063 aliud
2254 2022 2436 2080 tempus
2462 2018 2688 2070 uberiora
2708 2010 3008 2073 documenta.

894 2122 1217 2194 Eupatoria,
1248 2131 1295 2176 et
1326 2121 1476 2191 filice.

470 2238 521 2291 I.
577 2235 862 2303 Quantum
919 2234 1215 2307 voluptatis
1272 2236 1559 2291 attulerint
1611 2236 1743 2290 mihi
1793 2236 1984 2289 litterae

397 2326 691 2398 dignitatis
731 2335 857 2391 tuae,
895 2327 1126 2399 conjicis
1165 2327 1412 2398 profecto
1456 2342 1520 2382 ex
1564 2326 1650 2382 his
1698 2326 1835 2397 ipsis
1863 2332 1985 2396 qua:

402 2418 703 2489 scripsisti.
752 2418 896 2485 Quid
953 2421 1098 2475 enim
1158 2419 1460 2490 jucundius
1513 2420 1586 2475 sit
1633 2419 1864 2482 homini,
1927 2419 1981 2472 in

398 2512 608 2582 optatis
640 2511 865 2566 habenti
897 2526 1022 2568 cum
1051 2513 1370 2568 timentibus
1407 2512 1576 2567 Deum
1612 2526 1830 2581 semper
1869 2510 1983 2564 col-

403 2604 590 2675 loqui,
620 2611 678 2659 et
720 2603 1004 2671 utilitatis,
1051 2619 1172 2674 qua:
1225 2604 1295 2658 ab
1346 2604 1457 2658 illis
1492 2603 1818 2673 percipitur,
1861 2615 1983 2656 esse

398 2695 767 2766 participem,
815 2710 979 2762 quam
1028 2695 1300 2766 ejusmodi
1351 2696 1581 2759 littera},
1635 2693 1838 2764 quibus
1885 2692 1982 2747 Dei

396 2785 692 2856 inquiritur
738 2786 1119 2855 cognitio?Si
1171 2787 1317 2841 enim
1354 2787 1466 2841 vita
1513 2785 1671 2841 nobis
1726 2782 1981 2839 Christus

397 2885 501 2941 est,
539 2892 884 2946 consequens
918 2885 1003 2932 est
1027 2885 1082 2932 et
1109 2893 1418 2933 sermonem
1449 2885 1702 2933 nostrum
1725 2877 1793 2932 de
1824 2875 1982 2931 Chri-

399 2974 488 3019 sto
516 2981 662 3031 esse,
709 2974 765 3019 et
816 2966 1200 3037 cogitationem
1253 2978 1414 3037 atque
1456 2968 1724 3021 actionem
1764 2981 1979 3022 omnem

397 3074 463 3113 ex
496 3058 646 3113 illius
677 3058 917 3128 pendere
948 3060 1244 3125 mandatis,
1274 3065 1330 3113 et
1375 3059 1613 3114 animam
1643 3066 1889 3114 nostram
1912 3056 1982 3114 ad

396 3149 548 3205 illius
585 3150 878 3219 imaginem
921 3149 1121 3205 debere
1159 3150 1361 3221 efﬁngi.
1395 3149 1579 3221 Itaque
1616 3151 1684 3206 de
1712 3151 1980 3220 ejusmodi

396 3240 564 3295 rebus
591 3240 983 3309 interrogatus,
1019 3238 1233 3311 gaudeo
1272 3255 1337 3295 ac
1367 3240 1613 3310 gratulor
1640 3241 1981 3312 interrogan-

396 3332 565 3387 tibus.
598 3331 645 3383 A
691 3330 853 3386 nobis
900 3331 1086 3401 igitur,
1127 3330 1293 3403 248
1339 3339 1401 3384 ut
1452 3331 1617 3386 verbo
1654 3331 1855 3396 dicam,
1878 3325 1982 3385 Pa-

396 3429 542 3476 trum
587 3419 781 3476 Nicaaa:
819 3431 1279 3493 congregatorum
1323 3421 1458 3477 ﬁdes
1507 3423 1765 3478 omnibus
1792 3430 1980 3492 postea

396 3513 721 3583 cxcogitatis
768 3512 1058 3582 praefertur
1109 3532 1122 3567 :
1168 3513 1224 3566 in
1266 3527 1374 3582 qua
1421 3511 1753 3567 conﬁtentur
1781 3514 1979 3569 Filium

396 3617 520 3658 csse
562 3602 1091 3657 consubstantialem
1126 3601 1299 3667 Patri,
1341 3602 1701 3673 ejusdemque
1745 3614 1976 3670 naturai,

396 3693 555 3760 cujus
605 3700 691 3746 est
742 3692 834 3762 qui
876 3693 1087 3763 genuit.
1139 3688 1274 3746 Nam
1322 3693 1509 3749 lumen
1555 3692 1624 3749 de
1667 3695 1893 3760 lumine,
1928 3704 1983 3751 et

395 3782 567 3838 Deum
606 3783 674 3837 de
714 3780 845 3848 Deo,
885 3791 940 3838 et
972 3783 1176 3838 bonum
1228 3784 1297 3839 de
1335 3784 1499 3849 bono,
1543 3793 1657 3839 tum
1695 3788 1871 3842 sancti
1903 3788 1981 3841 illi

397 3873 586 3930 Patres
606 3874 845 3930 confessi
875 3882 1026 3939 sunt,
1046 3882 1167 3929 tum
1187 3889 1287 3930 nos
1300 3875 1392 3945 qui
1415 3891 1606 3931 eorum
1643 3877 1885 3948 vestigiis
1902 3879 1982 3932 in-

396 3966 594 4022 sistere
624 3965 772 4021 laudi
812 3966 1103 4030 ducimus,
1157 3965 1263 4020 boc
1304 3967 1483 4036 ipsum
1524 3983 1673 4023 nunc
1722 3968 1982 4025 testiﬁca-

396 4074 542 4114 llllll'.

465 4152 522 4206 2.
558 4151 662 4205 Sed
709 4150 842 4221 quia
894 4166 1043 4205 nunc
1077 4151 1339 4221 prodiens
1382 4152 1450 4206 ab
1491 4152 1806 4207 hominibus
1834 4170 1980 4210 sem-

397 4257 493 4313 per
553 4242 678 4295 novi
752 4242 956 4311 aliquid
1008 4242 1270 4297 inducere
1334 4244 1660 4300 conantibus
1726 4247 1978 4315 quaestio,

396 4333 466 4388 ab
505 4331 904 4401 antiquioribus
952 4341 1132 4387 autem
1169 4335 1541 4402 praetermissa
1595 4351 1660 4390 eo
1700 4339 1847 4407 quod
1884 4355 1982 4394 ne-

395 4439 487 4479 mo
531 4424 938 4478 contradiceret
968 4463 983 4485 ,
1022 4424 1227 4489 ,relicta
1272 4434 1356 4480 est
1420 4425 1772 4495 inexplanata
1835 4429 1981 4499 (dico

394 4516 753 4585 quaestionem
787 4515 854 4568 de
897 4513 1105 4584 Spiritu
1138 4514 1373 4587 sancto),
1422 4516 1544 4571 ideo
1582 4519 1783 4588 aliquid
1810 4534 1872 4576 ea
1912 4521 1982 4577 de

394 4624 457 4665 re
489 4607 813 4678 adjicimus,
853 4606 1155 4678 Scriptum
1196 4607 1364 4662 menti
1399 4610 1822 4680 convenienter;
1854 4616 1979 4684 quia

393 4707 456 4754 ut
496 4696 857 4767 baptizamur,
900 4695 976 4750 ita
1004 4704 1056 4752 et
1091 4696 1371 4752 credimus
1407 4715 1422 4752 :
1464 4706 1525 4754 ut
1563 4701 1873 4769 credimus,
1903 4705 1977 4761 ita

2331 2129 2677 2198 Εὺπατερίῳ
2712 2130 2855 2203 (91),
2893 2133 2993 2186 καὶ
3028 2132 3103 2203 τῇ
3141 2137 3404 2204 θυγατρί.

2146 2233 2202 2290 ’1.
2245 2238 2413 2310 Ὄσην
2446 2238 2783 2315 εὐφροσύνην
2814 2246 3057 2317 παρέσχε
3097 2264 3186 2318 μοι
3218 2250 3279 2302 τὸ
3304 2250 3538 2324 γράμμα
3559 2252 3661 2325 τῆς

2081 2328 2437 2398 κοσμιότητός
2480 2348 2594 2397 σου,
2645 2332 2884 2400 εἰκάζεις
2924 2336 3140 2403 πάντως
3179 2342 3362 2406 αὐτοῖς
3403 2342 3519 2408 τοῖς
3545 2344 3658 2416 (92)

2081 2420 2520 2492 ἐπεσταλμένοις.
2554 2425 2619 2478 Τί
2643 2426 2752 2498 γὰρ
2781 2427 2847 2481 ἂν
2863 2429 3010 2500 ἥδιον
3037 2432 3247 2501 γένοιτο
3274 2434 3551 2508 ἀνθρώπῳ
3574 2440 3636 2492 εὐ

2079 2511 2179 2600 χὴν
2216 2511 2520 2600 ποιουμένῳ
2566 2516 2921 2588 φοϐουμένοις
2973 2520 3104 2577 Θεὸν
3142 2523 3228 2577 ἀεὶ
3281 2528 3657 2600 προσομιλεῖν,

2081 2599 2173 2693 καὶ
2208 2594 2302 2653 τοῦ
2343 2604 2471 2674 παρ’
2499 2605 2677 2660 αὐτῶν
2717 2608 2942 2680 κέρδους
2979 2594 3660 2693 μεταλαμϐάνειν,’γραμὲ

2083 2690 2266 2761 μάτων
2292 2695 2566 2759 τοιούτων,
2598 2699 2666 2752 δι’
2697 2694 2773 2754 ὧν
2807 2705 2839 2774 ὴ
2875 2702 3010 2758 Θεοῦ
3038 2705 3243 2774 γνῶσις
3272 2709 3655 2784 έπιζητεῖται;

2080 2783 2142 2875 lii
2173 2782 2281 2875 γὰρ
2305 2784 2366 2838 τὸ
2394 2786 2494 2858 ζῇν
2537 2791 2667 2861 ἡμῖν
2701 2793 2956 2863 Χριστὸς.
2991 2797 3301 2864 ἀκολούθως
3324 2782 3476 2857 καὶνό
3497 2804 3660 2875 λόγος

2080 2872 2235 2943 ἡμῶν
2265 2878 2393 2948 περὶ
2421 2878 2658 2949 Χριστοῦ
2689 2882 2893 2952 ὀφείλει
2931 2881 3089 2952 εἶναι,
3146 2891 3240 2943 καὶ
3271 2893 3303 2962 ἡ
3334 2891 3513 2949 ἔννοια
3562 2872 3661 2950 καὶ

2080 2965 2230 3059 πᾶσα
2268 2967 2466 3038 πρᾶξις
2515 2970 2623 3026 τῶν
2665 2974 2895 3030 ἐντολῶν
2932 2978 3098 3033 αὐτοῦ
3140 2981 3433 3053 ἠρτῆσθαι,
3486 2989 3589 3041 καὶ
3623 2988 3659 3059 ή

2079 3055 2225 3129 ψυχὴ
2251 3060 2410 3130 ἡμῶν
2442 3064 2563 3145 κατ’
2591 3064 2754 3119 αὐτὸν
2794 3070 3212 3140 μεμορφῶσθαι.
3256 3076 3448 3148 Χαίρω
3475 3055 3660 3133 τοίνυν

2081 3150 2211 3240 περὶ
2243 3150 2499 3207 τοιούτων
2523 3155 2899 3227 ἐρωτώμενος,
2932 3161 3028 3215 καὶ
3076 3165 3353 3238 συγχαίρω
3380 3170 3493 3231 τοῖς
3518 3172 3661 3240 ἐρω-

2080 3239 2265 3335 οτῶσινῘ
2306 3242 2467 3314 Ἡμῖν
2498 3245 2675 3335 τοίνυν
2708 3249 2789 3302 ἑνὶ
2827 3249 2927 3321 μὲν
2960 3251 3102 3322 λόγῳ
3136 3257 3169 3326 ἡ
3211 3256 3320 3311 τῶν
3349 3261 3407 3312 ὲν
3452 3260 3662 3335 Νικαίᾳ

2084 3333 2441 3391 συνελθόντων
2485 3334 2747 3410 Πατέρων
2804 3342 2986 3406 πίστις
3039 3347 3227 3402 πασῶν
3279 3350 3387 3403 τῶν
3430 3333 3658 3425 ὕστερον

2084 3422 2476 3496 ὲφευρεθεισῶν
2503 3431 2930 3503 προτετίμηται·
2959 3436 3018 3490 ὲν
3130 3441 3413 3510 ὁμοούσιος
3462 3422 3659 3515 ὁμολο-

2085 3525 2261 3589 γεῖται
2310 3526 2338 3577 ὁ
2382 3526 2510 3590 Υἱὸς
2556 3528 2633 3599 τῷ
2677 3533 2871 3604 Πατρὶ,
2905 3535 3001 3586 καὶ
3036 3536 3137 3605 τῆς
3186 3535 3362 3606 αὐτῆς
3393 3536 3658 3608 ὑπάρχων

2084 3613 2298 3682 φύσεως
2323 3610 2391 3688 ἧς
2420 3620 2448 3670 ὁ
2479 3622 2764 3691 γεννήσας.
2796 3623 2914 3688 Φῶς
2935 3624 3045 3696 γὰρ
3072 3628 3137 3679 ὲκ
3168 3627 3364 3695 φωτὸς,
3394 3628 3491 3681 καὶ
3523 3628 3659 3682 Θεὸν

2083 3705 2146 3759 ὲκ
2171 3706 2325 3772 Θεοῦ,
2356 3710 2448 3763 καὶ
2473 3712 2676 3781 ἀγαθὸν
2698 3714 2757 3779 ἐξ
2782 3715 3010 3785 ἀγαθοῦ,
3044 3718 3136 3772 καὶ
3156 3719 3226 3771 τὰ
3255 3719 3479 3774 τοιαῦτα
3514 3720 3657 3775 πάν-

2080 3815 2168 3865 τα,
2201 3799 2304 3853 ὑπό
2331 3819 2390 3854 τε
2416 3802 2523 3856 τῶν
2563 3806 2732 3873 ἀγίων
2775 3808 2996 3861 ἐκείνων
3041 3810 3385 3882 ὡμολογήθη.
3438 3814 3535 3867 καὶ
3566 3815 3657 3885 ὑφ’

2083 3891 2237 3960 ἡμῶν
2266 3892 2382 3955 νῦν,
2412 3895 2521 3947 τῶν
2548 3897 2857 3969 εὐχομένων
2881 3900 3000 3955 κατ’
3033 3900 3153 3973 ἴχνη
3174 3902 3378 3973 βαίνειν
3402 3905 3652 3972 ἐκείνοις,

2082 3988 2608 4057 προσμαρτυρεὴαι.

2149 4168 2204 4222 2.
2247 4168 2465 4241 Ἐπειδὴ
2488 4168 2547 4224 δὲ
2582 4172 2642 4224 τὸ
2665 4169 2758 4224 νῦν
2785 4172 3069 4242 ἀνακύψαν
3104 4173 3256 4245 παρά
3283 4173 3391 4229 τῶν
3417 4175 3503 4229 ἀεὶ
3535 4176 3653 4247 (95)

2082 4263 2420 4330 καινοτομεῖν
2472 4261 2888 4333 ἐπιχειρούντων
2936 4264 3177 4336 ζήτημα,
3222 4267 3653 4338 παρασιωπηθὲν

2079 4353 2188 4413 τοῖς
2216 4350 2382 4404 πάλαι
2408 4351 2496 4405 διὰ
2523 4353 2585 4406 τὸ
2629 4354 3019 4426 ἀναντίρρητον
3040 4395 3054 4418 ,
3101 4355 3470 4429 ἀδιάρθρωτον
3519 4376 3653 4413 κατ-

2080 4441 2302 4514 ελείφθη
2359 4443 2526 4512 (λέγω
2591 4444 2655 4515 δὴ
2705 4445 2766 4499 τὸ
2813 4449 2941 4517 περὶ
2978 4446 3071 4500 τοῦ
3102 4449 3258 4516 ἁγίου
3289 4448 3649 4519 Πνεύματος),

2080 4532 2440 4603 προστίθεμεν
2474 4533 2564 4586 τὸν
2607 4534 2736 4606 περὶ
2780 4537 2967 4591 τούτου
3016 4536 3196 4604 λόγον,
3225 4537 3537 4603 ἀκολούθως
3581 4544 3649 4610 τῇ

2077 4622 2178 4694 τῆς
2210 4624 2434 4694 Γραφῆς
2465 4625 2675 4696 ἐννοίᾳ·
2737 4627 2819 4680 ὅτι
2857 4628 2933 4693 ὡς
2962 4627 3353 4700 βαπτιζόμεθα,
3390 4628 3533 4684 οὕτω
3558 4633 3654 4685 καὶ

2078 4712 2440 4784 πιστεύομεν·
2468 4713 2544 4779 ὼς
2573 4717 2922 4789 πιστεύομεν,
2941 4715 3082 4772 οὕτω
3112 4720 3207 4773 καὶ
3239 4717 3651 4791 δοξολογοῦμεν.

392 4803 450 4849 et
486 4790 881 4862 gloriﬁcamus.
925 4788 1062 4844 Cum
1100 4790 1265 4860 igitur
1299 4791 1572 4861 baptisma
1609 4794 1769 4850 nobis
1793 4811 1823 4849 a
1855 4795 1976 4852 Sal-

2090 4805 2306 4877 Ἐπειδὴ
2326 4802 2418 4859 οῦν
2443 4806 2725 4881 βάπτισμα
2739 4813 2772 4881 ἡ
2783 4788 2873 4880 μῖν
2884 4810 3092 4864 δέδοται
3113 4811 3263 4882 παρά
3284 4812 3379 4865 τοῦ
3398 4788 3654 4885 Σωτῆρος

393 4895 583 4940 vatore
640 4884 823 4939 datum
866 4882 958 4947 sit,
993 4882 1049 4936 in
1085 4897 1282 4937 nomen
1312 4881 1493 4938 Patris
1530 4892 1582 4938 et
1613 4883 1734 4940 Filii
1764 4899 1818 4944 et
1841 4888 1965 4960 Spi-

462 5043 481 5062 ‘
520 5039 671 5095 Alias
701 5037 975 5094 CCLXXI.
1016 5036 1227 5108 Scripta
1257 5054 1402 5094 anno
1431 5041 1554 5097 575.

468 5110 670 5163 “Alias
702 5108 1144 5165 CCCLXXXVII.
1182 5108 1399 5169 Scripta
1428 5111 1577 5167 circa
1611 5127 1703 5167 an.
1733 5114 1858 5169 575.

466 5179 578 5257 (εἴ)
611 5175 814 5257 E_lxor.
847 5181 1092 5257 Quatuor
1123 5175 1390 5257 mss:_Sed
1424 5183 1757 5257 recentiores
1788 5186 1962 5257 ἔσχον.

466 5248 580 5318 (38)
603 5249 1108 5324 _Hapqualoﬁper.
1131 5319 1143 5324 _
1183 5248 1327 5324 Editi
1379 5250 1584 5324 addunt
1633 5253 1777 5324 ὑμᾶς
1799 5295 1813 5316 ,
1850 5248 1966 5312 "sed

396 5318 550 5374 deest
603 5319 656 5371 in
719 5320 896 5374 tribus
946 5319 1338 5376 vetustissimis
1391 5318 1696 5383 codicibus.
1763 5325 1966 5381 Ibidem

396 5389 546 5460 editi
567 5387 642 5460 μὴ
669 5387 982 5442 διαλείπειν.
1011 5389 1118 5443 Sex
1163 5404 1297 5446 mss.
1329 5400 1386 5445 ut
1422 5392 1476 5445 in
1506 5399 1679 5447 textu.

465 5458 579 5528 (89)
629 5458 1238 5528 Μεταναστεύσωμεν.
1302 5460 1383 5515 lta
1446 5471 1556 5518 tres
1608 5464 1965 5521 vetustissimi

398 5527 641 5599 codices.
679 5527 821 5599 Editi
854 5527 1295 5599 μεταναστῶμεν.
1330 5597 1339 5599 _
1996 5550 1999 5555 λ

462 5597 762 5675 -(9θ)ΑἶΕ’πὶ
803 5597 931 5665 ταῖς
969 5597 1280 5675 καμήλοις.
1320 5597 1411 5655 Sic
1447 5600 1610 5667 Med.,
1644 5602 1814 5661 Coisl.
1855 5606 1968 5675 pri-

398 5666 831 5735 ωιιε,’01οι·οιιι.
869 5678 925 5725 et
971 5668 1122 5724 Harl.
1171 5671 1264 5741 qui
1301 5679 1484 5728 tamen
1528 5666 1767 5731 seCunda
1800 5666 1968 5731 manu

2072 4895 2150 4958 είς
2199 4896 2369 4966 ὄνομα
2417 4896 2630 4969 Πατρὸς
2667 4899 2761 4952 καὶ
2804 4898 2934 4952 Υίοῦ
2963 4900 3057 4954 καὶ
3089 4900 3247 4969 ἁγίου
3288 4901 3614 4973 Πνεύματος
3635 4921 3650 4934 ο

2075 5050 2368 5126 habetittl
2388 5052 2497 5106 τῶν
2533 5051 2813 5126 καμήλων.
2836 5052 3000 5126 Editi
3023 5053 3117 5106 ὲπὶ
3142 5054 3240 5119 τὰς
3272 5056 3577 5126 καμήλους.

2147 5121 2258 5205 ςθί)
2296 5121 2870 5192 Εὐπατερίῲ.“(]οἰει.
2922 5125 3131 5193 primus
3174 5136 3231 5181 et
3275 5121 3422 5181 Med.
3464 5129 3656 5182 Εὐπαε

2076 5206 2231 5244 roso).

2296 5260 2511 5336 Αῄτοῒς
2562 5260 2715 5336 τοῖς..
2774 5262 3083 5336 lta_70oisl_.
3119 5272 3410 5336 _uterque,
3476 5266 3651 5336 Med,

2074 5325 2308 5399 Harlfet
2341 5325 2807 5399 Regfsecundus.
2844 5332 2984 5388 Editi
3015 5332 3175 5398 αὐτὸς
3201 5325 3333 5399 τοῖς.

2145 5398 2255 5470 (95)
2294 5398 2459 5470 Παρᾶ
2502 5401 2621 5456 τῶν
2650 5402 2761 5457 ἀεί.
2817 5402 2961 5458 Editi
2999 5404 3206 5459 addunt
3252 5422 3328 5470 τι,
3378 5406 3476 5462 sed
3518 5423 3650 5464 cum

2072 5466 2215 5523 deSit
2236 5466 2598 5527 'haac'vocula
2632 5471 2689 5526 in
2717 5474 3109 5530 vetustissimis
3144 5466 3323 5530 tribtis
3359 5477 3649 5534 codicibus

2073 5540 2301 5628 nostris,
2335 5540 3101 5628 delendamseristimavimus.
3139 5542 3311 5628 Paulo
3344 5557 3469 5628 post
3498 5547 3645 5605 Med.

2074 5614 2127 5686 et
2156 5608 2323 5686 Qoisl.
2354 5611 2563 5686 primus
2585 5611 2908 5685 ἀδιόρθωτον
2936 5614 3284 5686 κατελείφθη,
3308 5608 3443 5673 citra
3472 5634 3652 5674 emam

2075 5678 2555 5737 dationemrelicta
2583 5691 2682 5738 est.
