3948 6214
258 284 362 342 εει
1195 272 1684 337 EPISTOLARUI!
1719 250 2003 337 cuissrs
2039 275 2105 335 ιι.
2144 276 2367 336 EPIST.
2401 275 2559 335 CLX.
3404 280 3510 340 an

265 398 551 456 ἀκόλουθον
584 397 661 471 τῷ
683 397 1016 470 βαπτίσματι
1042 396 1141 470 τὴν
1158 397 1452 470 ὁμολογίαν
1466 400 1566 470 τῆς
1596 398 1833 471 πίστεως

1956 399 2072 454 itus
2130 397 2356 465 sancti;
2428 401 2852 453 consentaneam
2925 395 3240 468 baptismati
3290 399 3511 456 contes-

266 491 635 565 παρεχόμεθα,
693 490 985 546 ἀκόλουθον
1029 491 1085 543 δὲ
1130 492 1225 544 καὶ
1266 491 1367 562 τὴν
1409 491 1717 561 δοξολογίαν
1763 493 1832 561 τῇ

1956 489 2148 545 tionem
2180 488 2345 554 ﬁdei,
2386 496 2808 545 consentaneam
2868 490 3034 545 etiam
3072 488 3196 545 ﬁdei
3234 491 3510 561 gloriﬁcao

267 587 474 639 πίστει·
533 582 945 649 συνδοξάζοντες
990 584 1167 655 Πατρὶ
1224 584 1320 638 καὶ⁹
1378 583 1492 656 Υίῷ
1546 584 1609 638 τὸ
1681 584 1836 652 ἅγιον

267 674 507 747 Πνεῦμα,
543 675 619 746 τῷ
650 675 941 729 πεπεῖσθαι
973 674 1047 746 μὴ
1077 676 1359 747 ἀλλότριον
1390 673 1531 730 εἶναι
1551 677 1651 748 τῆς
1684 676 1835 742 θείας

269 766 499 836 φύσεως.
531 768 606 821 Οὐ
641 769 750 840 γὰρ
796 766 905 820 τῶν
944 766 1123 820 αὐτῶν
1164 767 1395 838 μετέσχε
1428 768 1603 840 τιμῶν
1640 768 1702 822 τὸ
1726 769 1837 823 άπι-

266 860 595 931 εξενωμένον
614 861 757 913 κατά
781 860 879 931 τὴν
905 861 1084 930 φύσιν.
1109 862 1245 925 Τοὺς
1274 861 1330 915 δὲ
1350 862 1555 933 κτίσμα
1583 863 1838 931 λέγοντας

266 957 326 1011 τὸ
360 957 584 1028 Πνεῦμα
610 956 671 1009 τὸ
712 956 865 1025 ἆγιον
894 955 1171 1028 ἐλεοῦμεν,
1200 957 1275 1020 ώς
1303 959 1385 1022 είς
1413 959 1474 1011 τὸ
1510 956 1840 1028 ἀσυγχώρηαι

267 1066 357 1102 τον
396 1048 599 1120 πτῶμα
648 1047 760 1120 (94)
805 1049 902 1118 τῆς
948 1048 1029 1111 εἰς
1057 1047 1190 1102 αὐτὸ
1228 1048 1578 1120 βλασφημίας
1609 1048 1697 1102 διὰ
1736 1049 1840 1118 τῆς

266 1139 519 1212 τοιαύτης
548 1142 732 1211 φωνῆς
776 1140 1233 1204 καταπίπτοντας.
1270 1140 1532 1212 Ὅτι-γάρ
1557 1140 1839 1213 διώρισται

269 1233 441 1297 κτίσις
501 1232 771 1304 θεότητος.
829 1232 1041 1297 οὐδενὸς
1090 1233 1250 1302 λόγου
1296 1232 1518 1304 προσδεῖ
1557 1236 1666 1297 τοῖς
1700 1233 1842 1288 κατὰ

273 1326 463 1397 μικρὸν
494 1326 604 1396 (95)
620 1328 741 1390 ταῖς
766 1327 1009 1398 Γραφαῖς
1046 1327 1602 1398 ὲγγεγυμνασμένοις.
1640 1328 1705 1380 Ἡ
1743 1327 1842 1398 μὲν

268 1418 373 1489 γὰρ
398 1417 577 1481 κτίσις
614 1417 874 1483 δουλεύει,
904 1418 964 1472 τὸ
989 1418 1048 1472 δὲ
1084 1418 1307 1489 Πνεῦμα
1333 1417 1637 1490 ἐλευθεροῖ·
1675 1417 1844 1489 ήκτί-

272 1526 353 1571 σις
376 1508 524 1579 ζωῆς
541 1509 966 1580 προσδεήςὲστι,
981 1508 1044 1561 τὸ
1061 1508 1201 1562 Πνεῦ
1209 1510 1287 1580 μά
1305 1511 1422 1563 ἐστι
1440 1509 1500 1561 τὸ
1523 1508 1839 1573 ζωοποιοῦν·

270 1603 301 1672 ἠ
326 1601 502 1665 κτίσις
513 1603 860 1667 διδασκαλίας
874 1603 1205 1674 προσδεῖται,
1222 1603 1287 1656 τὸ
1302 1601 1529 1672 Πνεῦμά
1551 1597 1666 1656 ἐστι
1685 1601 1747 1655 τὸ
1767 1601 1845 1655 δι-

268 1692 461 1747 δάσκον
482 1710 499 1724 ο
523 1695 557 1764 ἡ
579 1694 756 1757 κτίσις
771 1693 1081 1762 ἁγιάζεται,
1107 1694 1168 1746 τὸ
1202 1692 1426 1763 Πνεῦμά
1462 1693 1578 1745 ἐστι
1603 1692 1664 1745 τὸ
1687 1691 1848 1760 άγιά-

1938 579 2140 635 tionem
2174 580 2498 637 adhibemus
2539 596 2552 631 :
2585 579 2862 651 Spiritum
2902 588 3154 636 sanctum
3201 596 3312 636 una
3380 598 3509 638 cum

1936 671 2102 728 Patre
2149 680 2203 729 et
2235 672 2376 728 Filio
2433 672 2849 744 gloriﬁcantes;
2899 688 2965 730 eo
2994 675 3143 746 quod
3184 688 3512 747 persuasum
3584 727 3600 755 ,

1939 766 2013 822 sit
2041 766 2225 832 nobis,
2265 766 2418 820 illum
2452 780 2483 821 a
2512 773 2713 822 natura
2742 766 2925 821 divina
2950 782 3060 823 non
3089 782 3212 824 esse
3246 770 3509 825 alienum.

1938 856 2128 929 Neque
2162 858 2309 914 enim
2355 859 2670 914 eorumdem
2714 858 2984 915 honorum
3039 868 3187 916 esset
3236 862 3512 931 particeps

1941 947 2088 1018 quod
2146 949 2385 1003 alienum
2437 947 2579 1003 foret
2621 949 2922 1004 secundum
2972 958 3248 1005 naturam.
3307 948 3513 1003 Eorum

1942 1043 2126 1094 autem
2184 1039 2279 1109 qui
2339 1036 2608 1109 Spiritum
2688 1049 2939 1095 sanctum
3013 1047 3326 1095 creaturam
3388 1054 3514 1094 esse

1942 1129 2172 1192 dicunt,
2235 1130 2603 1197 miseremur,
2648 1136 2709 1184 ut
2764 1131 2857 1201 qui
2921 1131 2979 1185 in
3036 1140 3321 1200 peccatum
3401 1146 3514 1185 non

1942 1220 2309 1277 condonahile
2369 1220 2719 1291 blasphemia;
2766 1221 2821 1276 in
2892 1221 3045 1277 illum
3107 1225 3325 1280 emissae
3356 1262 3372 1288 ,
3418 1240 3517 1297 per

1944 1310 2088 1367 hanc
2137 1326 2324 1367 vocem
2364 1310 2629 1366 incidant.
2660 1309 2796 1364 Nam
2848 1326 2964 1366 rem
3020 1321 3258 1367 creatam
3304 1329 3339 1367 a
3375 1315 3519 1369 divi-

1944 1402 2117 1458 nitate
2147 1403 2381 1459 divisam
2401 1418 2529 1458 esse
2562 1403 2701 1456 nihil
2735 1418 2875 1473 opus
2904 1410 2991 1458 est
3022 1419 3118 1459 eos
3152 1420 3395 1469 monere,
3419 1408 3519 1477 qui

1944 1495 2029 1547 vel
2069 1493 2342 1549 tantillum
2391 1493 2446 1548 in
2480 1493 2781 1564 Scripturis
2829 1495 3114 1550 exercitati
3166 1491 3314 1552 sunt.
3349 1498 3520 1553 Crea-

1944 1592 2068 1637 tura
2132 1585 2320 1651 servit,
2368 1583 2609 1654 Spiritus
2654 1585 2850 1639 liberat
2886 1601 2902 1650 ;
2938 1593 3186 1641 creatura
3241 1589 3350 1642 vita
3379 1589 3525 1643 indic

1946 1683 2058 1745 get,
2111 1673 2351 1745 Spiritus
2388 1686 2474 1731 est
2524 1677 2618 1747 qui
2662 1676 2903 1732 viviﬁcat
2936 1695 2951 1745 ;
2983 1689 3237 1734 creatura
3268 1681 3525 1735 doctrina

270 1779 376 1844 ζον.
396 1780 520 1834 Κᾶν
535 1759 799 1850 άγγέλους
815 1759 997 1855 εἴπῃς,
1015 1782 1120 1836 κᾶν
1133 1759 1525 1854 ἀρχαγγέλους,
1543 1783 1645 1835 κᾶν
1669 1759 1848 1844 πάσας

1956 1774 2088 1836 eget,
2136 1766 2376 1836 Spiritus
2424 1775 2508 1823 est
2549 1767 2648 1836 qui
2682 1768 2874 1835 docet;
2927 1776 3182 1824 creatura
3213 1771 3525 1825 sanctiﬁca-

270 1871 364 1934 τὰς
399 1872 807 1944 ὐπερκοσμίους
838 1873 949 1944 (96)
982 1874 1257 1945 δυνάμεις,
1288 1873 1377 1927 διὰ
1402 1875 1496 1927 τοῦ
1533 1872 1847 1943 Πνεύματος

270 1963 365 2032 τὴν
384 1964 694 2034 ἁγιωσύνην
708 1964 1097 2036 λαμϐάνουσιν.
1114 1965 1259 2018 Αὐτὸ
1281 1965 1337 2018 δὲ
1364 1965 1424 2018 τὸ
1441 1963 1666 2035 Πνεῦμα
1694 1980 1850 2033 φυσι-

271 2051 370 2123 κὴν
387 2051 502 2122 ἔχει
526 2051 624 2122 τὴν
641 2053 924 2124 ἁγιότητα,
941 2053 1002 2105 οὐ
1029 2052 1169 2107 κατὰ
1186 2053 1345 2124 χάριν
1368 2053 1554 2115 λαϐὸν,
1575 2052 1714 2107 ἀλλὰ
1733 2069 1850 2107 συν·

271 2145 610 2216 ουσιωμένην
659 2144 837 2215 αὐτῷ·
875 2145 998 2201 ὅθεν
1051 2148 1146 2199 καὶ
1180 2149 1279 2218 τῆς
1331 2145 1703 2218 προσηγορίας
1748 2145 1849 2215 τῆς

272 2234 362 2291 τοῦ
413 2236 573 2306 ἁγίου
628 2236 925 2308 ἐξαιρέτως
979 2239 1298 2309 τετύχηκεν.
1359 2240 1425 2292 Ὃ
1467 2239 1647 2292 τοίνυν
1689 2237 1849 2307 φύσει

273 2329 447 2398 ἇυγιον,
506 2330 583 2394 ὡς
648 2329 808 2399 φύσει
842 2330 996 2399 ἅγιος
1028 2331 1057 2383 ὁ
1089 2330 1299 2403 Πατὴρ,
1342 2331 1435 2385 καὶ
1458 2330 1617 2400 φύσει
1645 2331 1799 2399 ἅγιος
1823 2331 1852 2384 ὁ

274 2421 421 2487 Υίὸς,
476 2421 602 2475 οὔτε
646 2423 803 2477 αὐτοὶ
844 2424 943 2495 τῆς
982 2423 1132 2487 θείας
1169 2425 1264 2479 καὶ
1311 2424 1587 2496 μακαρίας
1620 2424 1850 2496 Τριάδος

273 2513 504 2584 χωρίσαι
539 2516 634 2569 καὶ
661 2514 935 2586 διατεμεῖν
954 2516 1280 2587 ἀνεχόμεθα,
1304 2515 1427 2571 οὐτε
1460 2517 1588 2580 τοὺς
1614 2515 1851 2579 εὐκόλως

273 2607 338 2676 τῇ
403 2605 580 2659 κτίσει
652 2604 1121 2677 συναριθμοῦντας
1163 2606 1562 2678 ἀποδεχόμεθα.
1629 2605 1848 2670 Ταῦτα,

276 2695 463 2770 ὥσπερ
520 2700 578 2752 ἐν
632 2698 933 2769 κεφαλαίῳ,
968 2699 1282 2770 ἀρκούντως
1309 2702 1375 2770 τῇ
1414 2699 1668 2771 εὐλαϐείᾳ
1699 2697 1852 2769 ὐμῶν

275 2791 536 2862 εἰρήσθω.
580 2791 714 2846 ’Λπὸ
738 2792 847 2863 γὰρ
876 2791 1087 2863 μικρῶν
1138 2791 1471 2863 σπερμάτων
1503 2792 1851 2862 γεωργήσετε

276 2884 335 2936 τὸ
361 2883 545 2937 πλεῖον
572 2884 672 2954 τῆς
699 2882 998 2948 εὐσεϐείας,
1038 2883 1420 2954 συνεργοῦντος
1452 2884 1580 2954 ὐμῖν
1615 2883 1725 2955 (97)
1757 2881 1850 2935 τοῦ

277 2976 431 3043 ἁγίου
452 2975 791 3046 Πνεύματος.
806 2977 981 3031 Δίδου
1003 2975 1113 3046 γὰρ
1130 2975 1303 3045 σοφῷ
1317 2977 1612 3046 ἀφορμὴν,
1626 2977 1723 3031 καὶ
1741 2990 1852 3029 σο-

278 3066 535 3136 φώτερος
566 3066 757 3121 ἔσται.
789 3067 900 3138 Τὴν
927 3066 983 3120 δὲ
1007 3065 1348 3136 τελειοτέραν
1397 3064 1741 3119 διδασκαλίαν
1773 3066 1854 3128 είς

277 3157 374 3229 τὴν
406 3157 530 3211 κατ’
585 3156 896 3228 ὀφθαλμοὺς
952 3156 1240 3227 συντυχίαν
1279 3155 1736 3228 ὑπερθησόμεθα·
1785 3158 1853 3210 δι’

278 3242 345 3320 ἧς
374 3250 470 3302 καὶ
500 3248 568 3302 τά
591 3249 940 3319 ἀντικείμενα
970 3247 1349 3310 ἐπιλύσασθαι,
1381 3234 1492 3302 και
1515 3248 1857 3319 πλατυτέρας

279 3338 376 3404 τὰς
432 3343 501 3394 ὲκ
552 3339 660 3395 τῶν
714 3340 948 3412 Γραφῶν
990 3340 1367 3413 παρασχέσθαι
1412 3341 1734 3412 μαρτυρίας,
1763 3341 1857 3394 καὶ

283 3432 458 3486 πάντα
504 3431 671 3487 τύπον
726 3432 815 3486 τὸν
859 3433 984 3502 ὑγιῆ
1021 3432 1122 3502 τῆς
1184 3432 1417 3496 πίστεως
1455 3432 1857 3503 βεϐαιώσασθαι

280 3523 518 3581 δυνατόν.
554 3525 628 3577 Τὸ
657 3525 717 3578 δὲ
735 3525 831 3580 νῦν
857 3526 980 3596 ἕχον
1016 3525 1347 3597 συγγνώμην
1368 3526 1593 3596 νείματε
1619 3530 1687 3598 τῇ
1721 3525 1854 3599 βρα-

281 3616 499 3686 χύτητι.
535 3618 643 3671 Καὶ
671 3616 779 3688 γὰρ
800 3617 906 3671 οὐδ’
941 3617 1006 3672 ἂν
1038 3617 1324 3671 ἐπέστειλα
1350 3618 1448 3689 τὴν
1474 3618 1668 3690 ἀρχὴν,
1702 3620 1749 3671 εί
1780 3621 1855 3691 μὴ

287 3711 511 3781 μείζονα
542 3711 792 3784 ἡγούμην
821 3712 917 3783 τὴν
940 3712 1143 3784 βλάϐην
1160 3711 1503 3783 ἀρνήσασθαι
1523 3712 1622 3783 τὴν
1643 3711 1855 3782 αἴτησιν

284 3804 587 3871 παντελῶς,
614 3805 647 3877 ἦ
675 3805 907 3870 ἐλλιπῶς
928 3804 1321 3878 παρασχέσθαι.

878 4038 1225 4099 ΕΙῙΙΣΤΟΛΗ
1246 4011 1364 4099 Ρέο.

1949 1867 2061 1923 tur,
2098 1858 2342 1931 Spiritus
2376 1869 2463 1917 est
2495 1860 2589 1932 qui
2633 1861 2961 1916 sanctiﬁcat.
3007 1862 3136 1919 Sive
3190 1864 3396 1918 dixeris
3422 1879 3526 1917 an-

1949 1951 2121 2023 gelos,
2166 1953 2286 2008 sive
2339 1952 2723 2020 archangelos,
2767 1956 2884 2008 sive
2917 1955 3170 2010 caelestes
3203 1972 3395 2012 ornncs
3426 1971 3526 2027 po-

1951 2052 2199 2108 testates,
2270 2060 2367 2115 per
2418 2044 2681 2115 Spiritum
2747 2050 3169 2104 sanctimoniam
3218 2050 3520 2121 accipiunt.

1952 2134 2193 2205 Spiritus
2222 2147 2402 2191 autem
2436 2137 2742 2193 naturalem
2773 2138 2941 2194 habet
2984 2141 3356 2207 sanctitatem,
3414 2158 3526 2198 non

1950 2230 2127 2299 gratia
2157 2241 2457 2300 acceptam.
2501 2231 2599 2286 sed
2649 2232 2824 2302 ipsius
2850 2233 3102 2288 essentiae
3130 2233 3351 2289 insitam
3377 2250 3391 2286 :
3423 2249 3527 2288 un-

1950 2319 2019 2373 de
2045 2327 2100 2375 et
2145 2320 2321 2374 sancti
2375 2320 2799 2391 appellationem
2831 2323 3093 2394 singulari
3127 2325 3340 2379 ratione
3381 2325 3526 2380 obti~

1952 2418 2063 2465 net.
2104 2410 2259 2477 Quod
2293 2427 2423 2483 ergo
2464 2420 2659 2467 natura
2699 2423 2954 2470 sanctqu
3006 2423 3092 2471 est
3118 2453 3134 2479 ,
3172 2419 3528 2485 quemadinm

1952 2505 2080 2557 dum
2120 2500 2281 2557 Pater
2330 2514 2526 2559 natura
2577 2516 2805 2561 sanctus
2846 2515 2950 2570 est,
3017 2516 3073 2563 et
3099 2507 3269 2564 Filius
3329 2518 3530 2568 natura

1953 2604 2212 2661 sanctus;
2244 2594 2297 2649 id
2334 2610 2435 2650 nec
2461 2597 2700 2666 patimur
2738 2613 2768 2652 a
2815 2599 2976 2654 beata
3031 2614 3096 2654 ac
3126 2601 3314 2656 divina
3347 2601 3533 2657 Trini-

1953 2692 2065 2740 tate
2108 2687 2353 2755 separari
2402 2694 2457 2742 et
2503 2689 2754 2744 absciudi
2792 2708 2807 2757 ;
2842 2706 2945 2747 nec
2993 2694 3333 2752 admittimus
3384 2712 3481 2753 eos
3512 2738 3529 2763 ,

1953 2776 2046 2846 qui
2087 2775 2246 2832 facile
2276 2778 2454 2849 ipsum
2510 2779 2654 2834 inter
2686 2792 2973 2840 creaturas
3017 2796 3328 2843 recensent.
3402 2788 3532 2846 Haec

1954 2871 2112 2942 quasi
2146 2871 2198 2924 in
2248 2886 2461 2926 summa
2494 2871 2641 2927 dicta
2678 2875 2825 2939 sint,
2860 2886 3057 2933 vestra:
3113 2886 3295 2935 tamen
3342 2882 3534 2952 pietati

1955 2964 2092 3021 satis
2126 2965 2368 3034 copiose.
2404 2963 2542 3019 Nam
2591 2967 2660 3019 ab
2696 2969 2911 3038 exiguis
2959 2973 3266 3028 seminibus
3308 2976 3534 3032 uberem

1959 3057 2173 3128 pietatis
2208 3057 2467 3116 fructum,
2519 3056 2725 3129 Spiritu
2757 3068 2952 3117 sancto
2994 3064 3152 3119 vobis
3199 3066 3530 3136 opitulante,

1964 3150 2272 3206 demetetis.
2312 3149 2395 3203 Da
2440 3152 2580 3204 enim
2621 3154 2943 3207 occasionem
2992 3158 3261 3224 sapienti,
3330 3169 3379 3214 et
3432 3161 3537 3214 erit

1963 3241 2252 3310 sapientior
2273 3240 2339 3294 ³⁸.
2375 3241 2644 3296 Caeterum
2675 3243 2928 3298 uberiora
2961 3245 3286 3303 documenta
3321 3249 3375 3303 in
3401 3266 3535 3305 con.

1961 3347 2211 3404 gressum
2261 3331 2578 3387 diﬂ'eremus
2612 3372 2627 3398 ,
2672 3333 2726 3387 in
2772 3349 2885 3404 quo
2933 3344 2987 3391 et
3033 3339 3247 3408 objecta
3291 3343 3534 3405 solvere,

1963 3431 2017 3478 et
2062 3422 2323 3491 ampliora
2389 3438 2456 3478 ex
2516 3422 2817 3491 Scripturis
2879 3427 3126 3495 proferre
3174 3431 3485 3487 testimonia
3515 3471 3532 3499 ,

1962 3522 2017 3570 et
2047 3528 2235 3570 sanam
2284 3529 2501 3570 omnem
2564 3514 2687 3570 ﬁdei
2722 3517 2989 3574 rationem
3022 3522 3345 3578 conﬁrmare
3379 3532 3534 3594 pote-

1965 3607 2156 3662 rimus.
2194 3605 2682 3676 lmpraeseuliarum
2732 3618 2916 3665 autem
2939 3650 2954 3674 ,
3007 3612 3263 3669 brevitati
3295 3615 3536 3686 ignosci-

1964 3707 2035 3753 te.
2097 3697 2235 3752 Nam
2302 3714 2373 3753 ne
2432 3701 2775 3769 scripsissem
2833 3704 3054 3773 quidem
3109 3707 3371 3771 omnino,
3426 3710 3536 3765 nisi

1964 3791 2223 3846 damnum
2256 3792 2434 3862 majus
2463 3795 2867 3851 existimassem
2908 3798 3075 3868 petita
3102 3814 3329 3869 prorsus
3371 3804 3540 3859 dene-

1964 3900 2114 3957 gare,
2144 3901 2308 3955 quam
2349 3885 2603 3943 inchoate
2632 3887 2971 3945 satisfacere.

2225 4041 2391 4119 249
2416 4038 2753 4101 EPISTOLA
2789 4045 2967 4102 CLX'.

290 4165 406 4229 cum
450 4157 749 4229 Basilius_ab
776 4157 921 4229 initio
945 4159 1249 4229 episwpatus
1271 4155 1596 4229 prohibuisset
1641 4153 2008 4229 matrimonium
2030 4168 2142 4229 cum
2165 4154 2340 4229 uxoris
2380 4165 2819 4229 martyresorore;
2844 4157 3046 4229 quidam
3084 4161 3176 4229 hac
3211 4161 3315 4227 lege
3335 4161 3545 4229 animus

345 4222 542 4287 litteras
555 4221 641 4271 sub
667 4218 867 4271 Diodori
885 4216 1075 4287 nomine
1097 4216 1330 4287 adversus
1353 4234 1464 4271 eum
1481 4218 1954 4287 _c_ircumtutit._{nde_
1971 4225 2085 4287 nata
2109 4216 2299 4287 occasio
2319 4216 2464 4283 hujus
2490 4217 2666 4287 Basilii
2686 4216 2921 4287 epistolae,
2943 4218 2992 4271 in

345 4283 567 4348 defendit
584 4295 645 4332 ea:
666 4282 1005 4333 consuetudine
1028 4281 1251 4348 Ecclesia:
1280 4295 1384 4334 sua:
1403 4296 1420 4332 :
1442 4279 1676 4348 objectunt
1705 4294 1768 4332 ea:
1796 4279 1980 4348 ngsis
2013 4278 2211 4348 silentio
2231 4278 2568 4342 argumentum
2586 4278 2806 4331 dissolvit
2819 4295 2839 4344 ;
2860 4278 2959 4332 into

343 4339 586 4396 contendit
605 4357 624 4395 .'
642 4357 700 4393 ac
719 4350 958 4407 postremo
978 4344 1248 4395 naturalem
1269 4339 1597 4409 cognationem
1618 4342 1695 4394 liis
1713 4339 1900 4416 nuptiis"
1915 4339 2148 4404 confundi
2170 4339 2489 4392 demonstrat.

1892 4466 1939 4522 D

930 4453 1210 4524 Διοδώρῳ.

359 4540 411 4600 1.
451 4546 702 4615 ’Δφίκετο
727 4546 860 4616 ἡμῖν
881 4545 1185 4617 γράμματα
1203 4546 1301 4617 τὴν
1331 4547 1642 4619 ἐπιγραφὴν
1670 4545 1883 4618 ἔχοντα.

290 4635 553 4707 Διοδώρου
582 4676 598 4698 .
631 4636 700 4689 τά
725 4636 783 4690 δὲ
827 4636 1021 4707 ἐφεξῆς
1047 4636 1208 4691 ἄλλου
1232 4636 1376 4701 τινὸς
1401 4637 1681 4709 πρέποντα
1719 4634 1863 4691 εἶναι

293 4725 490 4796 μᾶλλον
538 4725 571 4797 ἢ
614 4724 898 4796 Διοδώρου.
952 4727 1108 4778 Δοκεῖ
1143 4725 1252 4795 γάρ
1293 4727 1382 4797 μοί
1413 4744 1497 4790 τις
1537 4725 1647 4780 τῶν
1685 4742 1865 4797 τεχνι-

289 4815 402 4870 κῶν
436 4816 568 4888 (98),
596 4817 658 4870 τὸ
711 4819 802 4871 σὺν
853 4818 1142 4890 πρόσωπον
1180 4816 1398 4884 ὑποδὺς,
1454 4815 1628 4882 οὕτως
1667 4817 1863 4872 ἑαυτὸν

359 4949 405 4981 ³’
436 4948 602 5005 Prov.
640 4966 716 5013 ix,
749 4949 802 5005 9.

381 5060 474 5133 9})
511 5063 747 5131 Πτῶμα.
785 5060 905 5117 Duo
935 5076 1072 5133 mss.
1104 5062 1374 5133 πταῖσμα.

380 5126 472 5195 95)
512 5126 672 5186 Κατᾶ
696 5134 933 5202 μικρόν,
976 5132 1117 5186 Editi
1151 5133 1253 5186 κᾶν
1276 5126 1505 5203 μικρόν,
1548 5147 1669 5203 qua
1699 5133 1863 5188 lectio

290 5202 407 5271 etsi
425 5216 523 5255 sua
555 5212 746 5271 sponte
773 5203 910 5257 nihil
939 5203 1103 5258 habet
1128 5203 1268 5265 vitii,
1294 5202 1406 5256 non
1433 5202 1615 5256 tamen
1646 5203 1866 5259 videtur

292 5284 323 5323 a
352 5270 556 5325 Basilio
585 5270 824 5327 adhibita
857 5273 959 5327 hoc
987 5274 1129 5327 loco.
1160 5271 1294 5327 Plus
1325 5273 1469 5327 enim
1509 5273 1859 5328 tribuendum

287 5340 676 5412 vetustissimis
693 5343 869 5397 tribus
885 5343 1188 5405 codicibus,
1206 5343 1261 5397 in
1278 5342 1482 5412 quibus
1499 5342 1701 5411 legitur
1722 5344 1862 5397 κατὰ

290 5410 508 5479 μικρόν,
559 5427 720 5481 quam
766 5413 931 5468 editis
962 5421 1018 5468 et
1064 5414 1189 5468 aliis
1242 5409 1377 5468 mss.
1422 5409 1734 5468 Verisimile
1775 5420 1862 5468 est

286 5477 429 5532 hanc
460 5480 713 5537 loquendi
744 5485 1010 5537 rationem
1059 5492 1118 5537 ut
1159 5483 1345 5537 minus
1374 5492 1688 5537 accuratam
1733 5499 1764 5536 a
1795 5485 1861 5537 li-

286 5491 429 5532 nanc
464 5491 713 5550 loquendi
744 5491 1010 5538 rationem
1059 5492 1118 5537 ut
1159 5491 1345 5537 minus
1374 5492 1688 5537 accuratam
1733 5499 1764 5536 a
1795 5491 1861 5537 li-

286 5546 486 5604 brariis
515 5551 855 5607 immutatam
886 5553 1074 5611 fuisse.
1113 5551 1216 5608 Sed
1240 5561 1423 5606 tamen
1452 5566 1515 5606 ea
1546 5550 1783 5608 Basilius
1804 5554 1859 5607 in

288 5617 455 5672 rebus
466 5621 756 5693 simillimis
768 5637 1004 5693 persaepe
1017 5625 1204 5679 utitur.
1222 5620 1454 5693 Eosdem
1469 5621 1684 5693 codices
1698 5625 1860 5693 paulo

288 5694 411 5756 post
444 5691 723 5760 sequimur
751 5684 809 5748 in
846 5684 956 5749 hac
976 5708 1111 5750 voce
1142 5687 1477 5764 προσδεῖται.
1503 5684 1646 5747 Editi
1662 5684 1854 5747 δεῖται.

3134 4223 3389 4296 decreturi
3403 4239 3546 4296 suum

3038 4296 3203 4351 oysem
3223 4299 3319 4337 non
3339 4293 3548 4341 tacuisse

2629 4453 2886 4508 Diodoro.

2034 4543 2087 4598 1.
2147 4541 2426 4599 Venerunt
2465 4545 2627 4602 nobis
2670 4547 2866 4602 litterae
2917 4547 3140 4603 nomine
3193 4546 3415 4604 Diodori
3459 4551 3546 4604 in-

1964 4635 2216 4705 scriptae,
2274 4644 2329 4689 at
2365 4638 2420 4690 in
2470 4638 2700 4708 reliquis
2727 4640 2979 4711 quemvis
3009 4642 3173 4696 alium
3211 4644 3394 4712 potius
3441 4643 3545 4699 de»

1963 4737 2153 4783 centes
2199 4743 2363 4797 quam
2433 4727 2754 4786 Diodorum.
2836 4730 3068 4787 Videtur
3130 4734 3277 4788 enim
3326 4742 3541 4791 astutus

1965 4818 2164 4889 aliquis
2196 4832 2492 4890 personam
2549 4827 2699 4878 tuam
2739 4821 3010 4891 induens,
3042 4827 3123 4881 sic
3164 4826 3271 4881 sibi
3301 4827 3542 4881 voluisse

2037 5056 2148 5133 (96)
2192 5063 2306 5131 Τὰς
2334 5063 2804 5136 ὑπερκοσμίους.
2840 5065 2932 5125 Sic
2962 5084 3095 5126 mss.
3125 5084 3241 5126 sex.
3271 5068 3413 5125 Editi
3441 5070 3541 5135 τὰς

1963 5133 2362 5187 ὐπεοκοσιιίας.

2000 5151 2068 5187 πε
2109 5151 2362 5205 κοσμιας.

2036 5152 2151 5292 (ᾧ)
2204 5207 2652 5277 Συνεργοῦντος
2708 5208 2871 5278 ὑμῖν.
2924 5209 3075 5265 HarL
3152 5210 3538 5282 συνεργοῦντος

1961 5275 2148 5417 Ἦιόέ)
2194 5344 2287 5411 Τις
2320 5345 2441 5417 τῶν
2471 5342 2782 5417 τεχνικῶν.
2834 5347 2953 5403 Pro?
2983 5349 3072 5405 liis
3102 5351 3330 5407 vocibus
3372 5350 3540 5405 habet

1960 5414 2136 5491 Harl._'
2148 5417 2317 5470 codex
2360 5415 2498 5491 τάχα
2522 5414 2605 5491 τις
2632 5417 2742 5471 τῶν
2778 5417 3061 5491 βαναύσων
3090 5421 3370 5491 τεχνιτῶν,
3401 5421 3539 5489 forte

1960 5485 2155 5558 aliquis
2207 5500 2291 5558 ex”
2320 5485 2633 5558 mechanicis
2684 5485 2999 5558 artiﬁcibus.
3066 5485 3365 5548 Medicreus'
3401 5485 3539 5547 cum

1958 5555 2174 5645 duobus
2207 5557 2329 5611 aliis
2357 5557 2465 5644 τῶν
2486 5555 3038 5682 βαναύσωντεχνῶνκ.
3183 5634 3212 5647 _

2089 5625 2241 5682 Alias
2274 5624 2479 5682 CXLVI
2511 5666 2525 5682 .
2561 5627 2777 5682 Scripta
2809 5646 2954 5682 circa
2985 5646 3075 5682 an.
3110 5632 3212 5682 37.)

2089 5625 2241 5682 Alias
2274 5624 2525 5683 CXCVII.
2561 5627 2777 5699 Scripta
2809 5624 2955 5687 circa
2985 5646 3075 5686 an.
3110 5632 3233 5688 375.
