3948 6214
272 343 381 401 025

1190 346 1680 405 EPISTULARCM
1716 344 2004 403 CLASSIS
2040 345 2111 404 ιι.
2148 344 2372 402 EPIST.
2414 343 2572 399 CLX.

3423 345 3527 401 696

272 466 371 520 καὶ
391 465 613 539 ἀληθὲς,
642 466 722 520 δτι
754 467 814 520 ού
838 467 1167 541 γέγραπται.
1194 469 1269 524 Τὸ
1293 470 1337 524 δ’
1360 473 1425 525 ὲκ
1454 474 1552 543 τῆς
1595 469 1690 525 τοῦ
1718 472 1848 525 ἀκο-

1953 468 2156 532 cimus,
2187 466 2337 538 quod
2370 470 2546 523 tutum
2579 467 2737 523 nobis
2768 475 2855 523 est
2884 474 2941 523 et
2982 480 3193 533 verum,
3241 466 3345 525 hoc
3391 470 3529 525 scri-

272 555 466 609 λούθου
511 557 798 631 ἐπιφορᾶς,
849 558 908 612 τδ
948 560 1222 632 σιωπηθὲν
1265 560 1671 631 συλλογίζεσθαι
1699 579 1848 633 νομο-

272 648 557 715 θετοῦντός
583 651 753 717 ἐστιν,
775 651 836 704 ού
855 652 926 705 τά
945 651 1039 705 τοῦ
1064 653 1227 726 νόμου
1249 653 1500 724 λέγοντος
1522 671 1536 686 ο
1566 656 1687 707 ἐπεὶ
1707 654 1849 709 οὕτω

272 756 335 809 γε
394 740 611 808 ἐξέσται
660 742 739 815 τῷ
784 742 1092 818 βουλομένῳ
1145 745 1556 825 κατατολμῆσαι
1607 746 1702 800 καὶ
1767 746 1848 800 ἔτι

273 829 457 903 ζώσης
475 833 576 905 τῆς
602 834 857 903 γυναικὸς
883 834 1180 906 λαμϐάνειν
1211 837 1311 908 τὴν
1345 837 1597 908 ἀδελφήν.
1634 838 1707 890 Τὸ
1740 836 1850 910 γάρ

274 923 407 977 αὐτὸ
442 924 603 979 τοῦτο
655 926 894 999 σόφισμα
953 928 1049 981 καὶ
1090 929 1178 982 ἐπ’
1215 930 1425 983 ἐκείνου
1475 929 1727 1001 ἁρμόζει.
1754 930 1793 982 Γ
1795 930 1849 983 έ-

274 1031 519 1088 γραπται
548 1017 679 1088 γάρ,
715 1020 899 1090 φησὶν,
939 1022 1021 1075 Οὐ
1068 1018 1242 1090 λήψῃ
1284 1021 1623 1089 ἀντίζηλον,
1650 1020 1725 1084 ὡς
1750 1021 1851 1093 τήν

272 1122 337 1176 γε
362 1106 470 1171 ἔξω
522 1108 618 1161 τοῦ
651 1109 814 1179 ζῆλου
850 1110 1034 1165 λαϐεῖν
1062 1113 1163 1166 οὐκ
1207 1113 1498 1169 ἐκώλυσεν.
1545 1114 1603 1167 ’0
1632 1113 1696 1185 δὴ
1726 1131 1852 1168 συν-

271 1200 493 1271 ηγορῶν
548 1201 627 1273 τῷ
684 1203 846 1257 πάθει
898 1203 1238 1274 ἀζηλότυπον
1286 1201 1427 1259 εἶναι
1476 1204 1756 1277 διοριεῖται
1790 1205 1852 1260 τὸ

271 1285 403 1364 ἦθος
454 1293 565 1347 τῶν
612 1294 877 1365 ἀδελφῶν.
935 1296 1308 1369 Ἀνῃρημένης
1363 1293 1455 1351 οὖν
1495 1298 1597 1368 τῆς
1647 1298 1851 1363 αἰτίας.

272 1381 338 1436 δι’
371 1384 438 1454 ἢν
464 1386 815 1459 ἀπηγόρευσε
848 1388 946 1460 τὴν
981 1387 1304 1461 ἀμφοτέρων
1347 1389 1679 1462 συνοίκησιν,
1710 1390 1764 1443 τί
1791 1389 1853 1443 τὸ

274 1474 482 1529 κωλύον
517 1476 668 1532 ἔσται
702 1478 778 1551 (8)
806 1478 1109 1551 λαμϐάνειν
1157 1480 1258 1543 τὰς
1301 1480 1565 1549 ἀδελφάς;
1606 1480 1746 1533 Ἀλλ’
1790 1479 1852 1533 ού

274 1568 582 1638 γέγραπται
628 1570 819 1636 ταῦτα,
851 1573 1117 1643 φήσομεν.
1177 1571 1316 1625 Ἀλλ’
1362 1572 1483 1647 οὐδὲ
1512 1573 1694 1637 ἐκεῖνα
1719 1570 1863 1642 ὧρι-,

276 1674 415 1713 σται.
471 1660 535 1713 Ἥ
569 1660 625 1714 δὲ
680 1660 858 1716 ἔννοια
915 1663 1011 1717 τοῦ
1056 1660 1348 1717 ἀκολούθου
1385 1663 1586 1733 ὁμοίως
1612 1661 1854 1734 ἀμφοτέ-

276 1766 399 1821 ραις
428 1748 509 1822 (9)
530 1750 630 1823 τὴν
655 1751 840 1806 ἄδειαν
860 1753 1094 1809 δίδωσιν.
1117 1752 1265 1807 Ἔδει
1296 1753 1375 1820 δὲ,
1408 1753 1503 1817 καὶ
1530 1754 1723 1827 μικρὸν
1741 1751 1851 1824 (10)

1949 568 2103 630 ptum
2138 575 2249 615 non
2276 575 2424 616 esse.
2473 558 2631 631 Quod
2678 568 2861 615 autem
2914 561 3134 615 silentio
3190 561 3525 629 pmtermis~

1949 662 2071 706 sam
2108 658 2215 717 est,
2264 650 2320 705 id
2350 667 2448 722 per
2474 651 2883 707 consecutionis
2908 651 3208 707 illationem
3247 650 3525 721 colligere.

1948 738 2280 812 legi‘slatorls
2307 751 2413 808 est,
2447 759 2556 799 non
2580 745 2748 816 legem
2781 744 3086 810 recitantis;
3121 743 3394 813 siquidem
3426 741 3531 798 hoc

1950 838 2111 905 pacto
2138 832 2329 888 licebit
2374 833 2578 888 volenti
2620 834 2835 892 facinus
2872 833 3116 904 aggredi,
3149 834 3316 888 etiam
3347 832 3535 889 adhuc

1948 927 2185 981 viventis
2236 925 2427 982 uxoris
2496 925 2746 997 accipere
2798 942 3068 983 sororem.
3149 925 3287 981 Nam
3348 926 3530 996 ipsum

1950 1015 2084 1070 illud
2123 1016 2404 1087 sophisma
2438 1017 2607 1072 etiam
2655 1017 2723 1071 ad
2754 1032 2875 1074 eam
2914 1033 3031 1074 rem
3067 1019 3378 1089 appositum
3413 1026 3522 1072 est.

1951 1106 2232 1178 Scriptum
2275 1117 2411 1175 est,
2474 1109 2657 1180 inquit
2688 1148 2704 1175 ,
2770 1108 2898 1167 Non
2943 1111 3167 1178 accipies
3229 1109 3476 1166 aemulam
3507 1125 3528 1164 :

1950 1198 2184 1274 proinde
2229 1198 2406 1268 accipi
2451 1214 2574 1254 eam
2618 1210 2772 1254 extra
2815 1200 3220 1255 aemulationem
3249 1214 3359 1256 non
3394 1214 3530 1270 pro-

1950 1287 2150 1343 hihuit.
2199 1287 2305 1355 Qui
2344 1296 2526 1344 autem
2579 1289 2791 1345 libidini
2832 1292 3289 1361 patrocinabitur,
3354 1306 3529 1347 εεηιιι-

1952 1379 2180 1435 lationis
2213 1388 2492 1450 expertem
2532 1395 2657 1437 esse
2704 1380 2994 1436 allirmabit
3048 1381 3292 1438 indolem
3358 1396 3521 1439 soro-

1952 1486 2097 1527 rum.
2146 1471 2328 1538 Quare
2368 1473 2586 1528 sublata
2635 1488 2842 1538 causa,
2888 1475 2960 1530 ob
3018 1489 3185 1545 quam
3241 1474 3530 1530 ambarum

1952 1564 2289 1620 connubium
2346 1566 2674 1637 prohibuit,
2732 1568 2866 1638 quid
2919 1568 3180 1637 impediet
3234 1567 3530 1636 quominus

1954 1670 2176 1713 sorores
2225 1658 2612 1728 accipiantur?
2658 1658 2782 1714 Sed
2811 1660 2925 1715 haec
2953 1659 3160 1729 scripta
3193 1674 3302 1713 non
3350 1671 3481 1715 sum
3512 1704 3528 1727 ,

1954 1747 2187 1804 aiemus.
2259 1748 2365 1804 Sed
2417 1765 2597 1819 neque
2651 1749 2744 1803 illa
2800 1758 3006 1805 statuta
3059 1759 3208 1806 sunt.
3244 1750 3531 1805 Consecu-

273 1841 365 1893 ἐπὶ
418 1840 492 1895 τά
541 1842 772 1897 κατόπιν
828 1844 931 1914 τῆς
984 1844 1306 1916 νομοθεσίας
1358 1843 1847 1916 έπαναδραμόντα,

1952 1838 2119 1894 tionis
2149 1846 2333 1894 autem
2392 1839 2752 1911 intelligentia
2781 1841 2987 1910 pariter
3045 1841 3313 1897 ambabus
3362 1841 3533 1905 licen-r

273 1931 622 2004 ἀπηλλάχθαι
671 1936 1032 2011 πραγμάτων.
1099 1936 1284 1989 Ἔοικε
1340 1935 1449 2007 γὰρ
1487 1936 1547 1988 ού
1577 1937 1685 1991 πᾶν
1712 1931 1849 1999 εἶδος

274 2023 687 2096 ἁμαρτημάτων
750 2026 1178 2098 περιλαμϐάνειν
1248 2028 1279 2080 ό
1351 2026 1679 2098 νομοθέτης·
1734 2025 1850 2080 ἀλλ’

276 2112 419 2178 ἰδίως
450 2114 818 2188 ἀπαγορεύειν
845 2117 917 2171 τά
965 2117 1074 2171 τῶν
1119 2117 1457 2187 Αἰγυπτίων,
1488 2117 1610 2174 ὅθεν
1639 2117 1851 2188 ἀπῆρεν

274 2207 305 2260 ὁ
346 2206 588 2279 Ἰσραὴλ,
620 2208 715 2263 καί⁵
745 2206 815 2261 τά
860 2207 969 2262 τῶν
1006 2206 1350 2274 Χαναναίων,
1384 2208 1521 2278 πρὸς
1573 2205 1667 2269 οὓς
1719 2206 1851 2277 μεθ-

274 2297 508 2358 ίσταται.
540 2302 695 2373 Ἔχει
748 2301 858 2373 γὰρ
888 2294 1061 2367 οὕτως
1090 2304 1123 2374 ἡ
1148 2301 1293 2366 λέξις
1316 2319 1331 2333 ο
1361 2301 1523 2356 Κατά
1553 2299 1625 2354 τὰ
1652 2300 1852 2367 ἐπιτη-

272 2389 535 2462 δεύματα
579 2392 687 2461 τῆς
710 2394 1038 2465 Αἰγύπτου,
1101 2395 1172 2448 ἐν
1217 2392 1257 2463 ᾖ
1320 2390 1716 2460 παρῳκήσατε
1754 2390 1848 2442 ἐπ’

271 2482 480 2552 αὐτῆς,
504 2485 579 2538 οὐ
623 2484 935 2552 ποιήσετε·
986 2486 1084 2539 καὶ
1129 2485 1279 2539 κατὰ
1318 2483 1391 2537 τὰ
1415 2480 1851 2550 ἐπιτηδεύματα

275 2572 384 2644 τῆς
431 2576 697 2641 Χαναὰν,
733 2579 822 2643 είς
863 2574 945 2644 ἢν
986 2575 1107 2646 ἐγὼ
1139 2573 1361 2640 εἰσάξω
1404 2572 1561 2643 ὑμᾶς
1599 2571 1743 2638 ἐκεῖ»
1775 2573 1849 2625 οὐ

274 2665 576 2731 ποιήσετε,
633 2668 731 2722 καὶ
763 2668 833 2721 ἐν
875 2666 1002 2732 τοῖς
1054 2668 1328 2737 νομίμοις
1359 2665 1471 2737 (ll)
1531 2662 1729 2717 αὐτῶν
1775 2663 1849 2716 οὐ

274 2757 666 2826 πορεύσεσθε.
701 2756 867 2810 Ὥστε
924 2755 1085 2809 τοῦτο
1141 2756 1287 2820 εἰκός
1328 2771 1434 2809 που
1475 2752 1588 2825 (l2)
1620 2753 1681 2806 τὸ
1711 2748 1850 2815 εἶδος

272 2849 367 2920 τῆς
420 2849 699 2923 ἁμαρτίας
754 2849 828 2921 μὴ
885 2846 1335 2921 ἐμπολιτεύεσθαι
1391 2846 1512 2910 τότε
1547 2845 1698 2918 παρὰ
1734 2847 1851 2909 τοῖς

272 2941 477 3009 ἔθνεσι·
508 2942 592 2996 διὸ
628 2942 763 3013 μηδὲ
814 2942 915 3013 τῆς
968 2943 1053 2995 ἐπ’
1088 2939 1236 3012 αὐτῷ
1285 2938 1528 3009 φυλακῆς
1572 2937 1851 3007 προσδεη-ι-

273 3029 423 3104 θῆναι
469 3031 564 3087 τδν
607 3033 923 3105 νομοθέτην,
954 3032 1069 3086 ἀλλ’
1106 3031 1442 3104 ἀρκεσθῆναι
1470 3029 1547 3101 τῷ
1581 3028 1849 3098 ἀδιδάκτῳ

272 3121 376 3190 ἔθει
425 3124 566 3197 πρὸς
621 3125 722 3195 τὴν
767 3124 858 3178 τοῦ
899 3124 1103 3196 μύσους
1147 3121 1421 3193 διαϐολήν.
1481 3121 1609 3184 Πῶς
1648 3116 1846 3185 οὖν,τὸ

274 3214 454 3285 μεῖζον
517 3216 926 3288 ἀπαγορεύσας,
958 3215 1018 3269 τὸ
1074 3215 1292 3274 ἔλαττον
1340 3211 1675 3280 ἐσιώπησεν;
1721 3213 1842 3265 Ὅτι

273 3300 440 3360 ἐδόκει
469 3307 702 3371 πολλοὺς
735 3308 844 3361 τῶν
878 3307 1245 3379 φιλοσάρκων,
1280 3306 1417 3377 πρὸς
1448 3305 1510 3358 τὸ
1535 3304 1616 3359 έτι
1642 3303 1843 3370 ζὼσαις

271 3394 522 3469 ἀδελφαῖς
583 3404 849 3453 συνοικεῖν
874 3440 889 3462 ,
959 3401 1020 3453 τὸ
1073 3399 1379 3470 ὑπόδειγμα
1442 3397 1700 3468 βλάπτειν
1748 3396 1841 3451 τοῦ

271 3492 627 3564 πατριάρχου.
671 3493 850 3564 Ἡμᾶς
901 3491 958 3545 δὲ
1006 3491 1060 3545 τί
1101 3492 1208 3564 χρὴ
1246 3494 1455 3555 ποιεῖν;
1492 3490 1572 3544 Τὰ
1598 3506 1845 3562 γεγραμ-

276 3583 406 3656 μένα
447 3583 820 3660 λέγειν,τά
871 3584 1213 3656 σιωπηθέντα
1272 3582 1842 3656 προσεξεργάζεσθαις

270 3676 473 3731 Αὐτίκα
495 3677 561 3730 τὸ
593 3678 668 3749 μὴ
712 3677 822 3731 δεῖν
873 3678 972 3749 μιᾶ
1019 3677 1212 3749 ἑταίρᾳ
1264 3676 1565 3749 κεχρῆσθαι
1630 3676 1844 3749 πατέρα

272 3767 363 3820 καὶ
422 3771 541 3823 υἱὸν
591 3770 782 3832 ὲν,μὲν
807 3772 921 3834 τοῖς
944 3768 1129 3841 νόμοις
1157 3768 1369 3833 τούτοις
1412 3768 1472 3821 ού
1512 3769 1840 3839 γέγραπται,

275 3858 420 3929 παρά
443 3859 502 3913 δὲ
527 3859 606 3931 τῷ
634 3860 900 3932 Προφήτῃ
936 3859 1202 3932 μεγίστης
1234 3859 1569 3930 κατηγορίας
1595 3859 1839 3929 ἠξίωται.

280 3950 409 4018 Υἱὸς
432 3951 566 4021 γὰρ,
615 3953 769 4023 φησι,
816 3951 914 4006 καί
950 3950 1147 4020 πατὴρ
1171 3949 1322 4020 πρὸς
1352 3950 1470 4019 τὴν
1494 3950 1690 4019 αὐτὴν
1717 3963 1845 4004 παι⁸

273 4028 489 4112 δίσκην
515 4044 991 4114 εἰσεπορεύοντο.
1012 4044 1161 4105 Πόσα
1178 4043 1235 4097 δὲ
1256 4044 1371 4115 εἴδη
1400 4043 1534 4099 ἄλλα
1570 4042 1680 4097 τῶν
1709 4043 1846 4096 ἀκα-

275 4133 480 4208 θάρτων
549 4137 754 4197 παθῶν,
785 4136 853 4206 τὸ
901 4138 1001 4210 μὲν
1031 4135 1138 4191 τῶν
1167 4136 1436 4209 δαιμόνων
1477 4125 1844 4190 διδασκαλεῖον

274 4226 573 4301 ὲξεῦρεν,ή
615 4228 672 4283 δὲ
726 4228 859 4297 θεία,
884 4228 1076 4302 Γραφὴ
1134 4229 1508 4299 ἀπεσιώπησε,
1547 4227 1608 4280 τὸ
1648 4226 1845 4299 σεμνὸν

276 4318 464 4392 ιαυτῆς
484 4324 608 4385 ταῖς
638 4310 748 4375 τῶν
775 4321 1018 4394 αἰσχρῶν
1044 4321 1360 4393 ὀνομασίαις
1387 4319 1844 4393 καταρρυπαίνειν

276 4411 369 4484 οὐχ
403 4412 722 4485 αἱρουμένη,
771 4413 907 4468 ἀλλὰ
937 4416 1174 4484 γενικοῖς
1210 4413 1435 4485 ὀνόμασι
1467 4412 1566 4477 τὰς
1594 4411 1841 4485 ἀκαθαρ-

1953 1931 2085 1984 tiam
2150 1931 2362 1991 tribuit.
2413 1929 2619 1986 Verum
2680 1933 2969 2004 oportebat
3016 1933 3296 2004 paulisper
3358 1933 3428 1988 ad
3465 1950 3535 1993 ea

1950 2037 2074 2094 qua:
2137 2022 2312 2095 legem
2373 2025 2689 2096 prazcedunt
2749 2026 3088 2087 recurrendo
3116 2063 3132 2090 ,
3214 2024 3549 2082 dillicultate.

1951 2113 2193 2169 liberari.
2249 2113 2478 2170 Videtur
2506 2117 2653 2171 enim
2686 2130 2796 2170 non
2845 2131 3009 2172 omne
3036 2130 3386 2187 peccatorum
3435 2131 3531 2188 ge.

1951 2220 2058 2259 nus
2129 2202 2595 2277 comprehendere
2653 2208 2937 2278 legislator
2976 2225 2991 2263 :
3027 2194 3125 2265 sed
3183 2210 3532 2281 peculiariter

1949 2294 2332 2369 Egyptiorum
2390 2300 2535 2357 unde
2594 2298 2765 2359 lsrael
2817 2302 3047 2367 exierat,
3102 2313 3159 2358 et
3186 2304 3529 2360 Chananaeo-

1949 2401 2072 2439 rum
2103 2387 2171 2442 ad
2214 2402 2354 2460 quos
2404 2388 2873 2458 transferebatur,
2945 2409 3127 2449 mores
3173 2394 3525 2451 interdicere.

1953 2477 2045 2534 Sic
2077 2482 2223 2536 enim
2270 2482 2437 2537 habet
2477 2481 2546 2537 ad
2603 2483 2833 2541 verbum
2872 2504 2886 2538 :
2947 2484 3248 2540 Secundum
3277 2486 3531 2542 instituta

1951 2581 2106 2627 terra:
2155 2571 2377 2644 ὤμω)ιῦ
2404 2613 2419 2639 ,
2462 2574 2519 2630 in
2572 2591 2677 2645 qua
2724 2574 3007 2631 habitastis
3058 2579 3112 2631 in
3141 2594 3205 2633 ea
3239 2617 3254 2642 ,
3287 2594 3392 2633 non
3442 2578 3533 2648 {a-

1950 2664 2100 2719 cietis
2146 2680 2165 2718 :
2219 2675 2272 2719 et
2324 2666 2610 2721 secundum
2654 2668 2902 2721 instituta
2938 2678 3091 2723 terra:
3123 2668 3414 2735 Chanaan,
3470 2670 3530 2724 in

1947 2770 2108 2828 quam
2138 2771 2233 2824 ego
2267 2755 2517 2811 inducam
2552 2773 2639 2811 vos
2687 2757 2818 2817 illuc
2845 2797 2860 2820 ,
2917 2775 3021 2812 non
3071 2758 3281 2827 facietis
3308 2797 3324 2822 ,
3366 2773 3529 2827 neque

1949 2848 2004 2904 in
2049 2848 2297 2918 legitimis
2358 2865 2541 2905 eorum
2603 2849 2949 2907 ambulabitis
2972 2850 3038 2904 “.
3082 2849 3391 2907 Verisimile
3440 2856 3530 2905 est

1950 2936 2053 2991 hoc
2086 2938 2296 3006 peccati
2331 2953 2507 3009 genus
2544 2946 2677 2994 tunc
2705 2940 2849 2995 inter
2873 2948 3066 3010 gentes
3099 2954 3209 2993 non
3258 2938 3549 3009 viguisse,

1949 3028 2293 3101 Quapmpter
2326 3045 2465 3101 opus
2499 3045 2612 3085 non
2668 3030 3124 3101 fuitlegislatori.
3169 3038 3229 3086 ut
3262 3030 3395 3085 illud
3435 3045 3529 3086 ca-

1947 3122 2186 3183 vendum
2210 3130 2431 3178 curaret
2465 3139 2479 3176 :
2508 3123 2604 3185 sed
2638 3124 2775 3193 satis
2803 3124 2864 3181 ei
2896 3124 3000 3180 fuit
3028 3140 3148 3181 mos
3184 3139 3298 3187 non
3324 3123 3539 3180 doctus.

1946 3210 2015 3265 ad
2067 3211 2293 3268 sceleris
2348 3212 2849 3283 reprehensionem.
2903 3214 3190 3279 Quomodo
3219 3216 3385 3285 igitur
3412 3228 3529 3268 ma-

1940 3302 2064 3371 jore
2114 3302 2324 3368 vetito,
2364 3304 2547 3357 minus
2601 3305 3003 3379 praetermisit?
3040 3305 3179 3373 Quia
3234 3307 3527 3362 videbatur

1944 3396 2133 3452 multis
2180 3397 2334 3453 carni
2394 3396 2827 3468 indulgentibus,
2861 3407 2920 3452 ut
2941 3413 3066 3453 cum
3091 3399 3384 3455 sororibus
3428 3398 3528 3454 ad-

1947 3486 2055 3544 huc
2112 3487 2430 3547 viventibus
2490 3490 2844 3555 habitarent,
2896 3491 3122 3545 noxium
3170 3506 3297 3547 esse
3341 3504 3529 3546 exem-

1945 3576 2094 3645 plum
2131 3579 2476 3648 patriarchae.
2510 3577 2623 3633 Nos
2651 3587 2834 3637 autem
2884 3581 3015 3653 quid
3050 3580 3231 3640 facere
3264 3591 3480 3653 Oportet
3502 3585 3548 3639 τ·

1946 3667 2078 3736 Quae
2117 3669 2322 3738 scripta
2353 3677 2485 3723 sum
2515 3670 2720 3733 dicere,
2773 3686 2844 3725 an
2875 3674 3248 3749 praetermissa
3296 3689 3527 3729 accura-

1945 3760 2056 3814 tius
2111 3760 2407 3825 scrutari‘l
2447 3759 2750 3825 Protinus,
2795 3776 2908 3818 non
2959 3772 3211 3834 oportere
3270 3764 3351 3819 uti
3414 3780 3526 3821 una

1948 3851 2139 3922 pellice
2170 3850 2379 3921 patrem
2409 3861 2465 3909 et
2509 3853 2679 3907 lilium
2699 3891 2716 3916 ,
2766 3854 2823 3909 in
2876 3854 2981 3913 his.
3013 3855 3227 3925 legibus
3256 3855 3545 3921 scriptum.

1944 3960 2056 3999 non
2089 3953 2173 4000 est
2203 3983 2220 4008 ,
2274 3944 2371 4000 sed
2432 3944 2577 4015 apud
2620 3944 2948 4017 Prophetam
3000 3948 3216 4004 crimini
3282 3950 3548 4005 maxime.

1944 4036 2125 4092 datur.
2172 4035 2348 4092 Filius
2389 4038 2563 4103 enim,
2604 4038 2819 4109 inquit,
2865 4048 2917 4095 et
2966 4050 3131 4109 pater,
3170 4040 3239 4095 ad
3282 4041 3545 4097 eamdem.

1944 4128 2177 4198 puellam
2209 4129 2645 4199 ingrediebantur.
2666 4131 2734 4186 ³⁸.
2788 4132 2933 4205 Quot
2974 4142 3155 4188 autem
3200 4134 3309 4188 alia
3362 4136 3522 4206 cupi-

1944 4216 2176 4273 ditatum
2249 4219 2592 4290 impurarnm
2668 4236 2870 4292 genera
2932 4221 3241 4281 daemonum
3299 4224 3541 4295 quiderm

1946 4310 2199 4367 doctrina
2231 4311 2583 4382 excogitavit,
2617 4314 2793 4369 tacuit
2825 4329 2957 4370 vero
2984 4314 3169 4370 divina
3207 4294 3520 4386 Scriptiira,

1947 4403 2288 4460 honestatem
2336 4419 2493 4461 suam
2542 4420 2727 4462 rerum
2779 4408 3018 4479 turpium
3060 4410 3542 4479 appellationibus.

277 4499 392 4566 σίας
439 4502 709 4557 διέϐαλενι
754 4504 842 4568 Ὠς
871 4504 966 4558 καὶ⁵
1006 4504 1036 4557 ό
1080 4503 1373 4567 ἀπόστολος
1418 4501 1630 4566 Παῦλός
1666 4520 1848 4574 φησιιο-

1949 4495 2157 4552 ίωὰετε
2191 4496 2423 4562 nolens,
2456 4496 2553 4553 sed
2580 4498 2883 4568 generatim
2908 4499 3254 4570 impuritates
3305 4502 3521 4572 vitupe-

276 4593 522 4661 Πορνεία
537 4595 608 4650 δὲ
632 4595 729 4650 καὶ
757 4596 1097 4665 ἀκαθαρσία
1110 4594 1287 4662 πᾶσα,
1299 4594 1454 4665 μηδὲ
1468 4592 1841 4665 ὀνομαζέσθω

277 4679 343 4734 ἐν
371 4682 530 4754 ὑμῖν,
552 4683 746 4752 καθὼς
777 4682 984 4753 πρέπει
1026 4683 1215 4755 ἁγίοις
1234 4699 1261 4727 ’Ἴ
1282 4683 1360 4756 τῷ
1381 4684 1478 4755 τῆς
1505 4683 1843 4757 ἀκαθαρσίας

278 4771 489 4844 ὀνόματι
543 4776 643 4840 τάς
690 4792 752 4829 τε
778 4776 886 4829 τῶν
914 4775 1159 4848 ἀρρένων
1192 4774 1584 4847 ἀρρητοποιίας
1612 4775 1706 4828 καὶ
1742 4774 1842 4839 τὰς

276 4865 377 4920 τῶν
396 4865 619 4939 θηλειῶν
639 4867 1249 4940 περιλαμϐάνων.Ὤστε
1274 4866 1342 4935 ού,
1366 4866 1580 4931 πάντως
1604 4868 1635 4938 ἡ
1665 4868 1840 4939 σιωπὴ

279 4958 451 5013 ἄδειαν
478 4960 631 5032 φέρει
664 4964 777 5026 τοῖς
814 4960 1136 5033 φιληδόνοις.
1850 4944 1859 4951 ’

346 5202 389 5234 ³⁵
424 5202 595 5259 licvit.
618 5218 774 5268 xvnr.
813 5204 866 5259 3.
942 5203 987 5236 ³⁸
1015 5204 1183 5258 Amos
1208 5219 1269 5267 ιι.
1301 5203 1352 5261 '1.
1429 5203 1474 5238 ³⁸
1511 5201 1711 5273 Ephes.
1752 5220 1807 5270 ν,
1856 5205 1917 5267 5.,

1944 4589 2089 4645 ravit
2114 4589 2127 4642 !
2182 4586 2276 4643 Sic
2305 4597 2368 4644 ut
2395 4596 2452 4645 et
2477 4589 2776 4661 Apostolus
2810 4590 3016 4651 Paulus
3051 4594 3129 4649 ait
3158 4614 3172 4649 :
3209 4591 3535 4649 Fornicatio.

1945 4689 2121 4736 autem
2172 4688 2223 4737 et
2263 4684 2434 4738 omnis
2475 4684 2813 4739 immunditia
2866 4702 2929 4743 ne
2977 4687 3275 4741 nominetur
3310 4684 3521 4756 quidem

1946 4776 2001 4828 in
2034 4774 2201 4838 vobis,
2244 4774 2381 4828 sicut
2433 4773 2575 4830 decet
2636 4786 2848 4831 sanctos
2871 4777 2917 4810 ⁸⁸
2952 4795 2966 4831 :
3008 4777 3367 4832 immunditite
3414 4791 3518 4832 no-

1948 4864 2094 4919 mine
2130 4872 2242 4918 tum
2274 4866 2514 4920 virorum
2542 4876 2658 4922 tum
2674 4868 2983 4927 mulierum
3004 4869 3243 4924 obscena
3272 4867 3519 4923 facinora

1947 4955 2441 5025 comprehenderis.
2470 4956 2651 5024 Quare
2673 4972 2784 5014 non
2809 4959 3036 5017 omnino
3063 4958 3521 5017 silentiumlicsn-

1947 5045 2079 5107 tiam
2100 5044 2196 5105 dat
2218 5047 2544 5121 voluptariis

367 5340 420 5412 8)
448 5344 694 5401 Κωλύον
727 5344 916 5399 ἔσται.
958 5342 1037 5398 Ita
1071 5357 1206 5400 mss.
1249 5351 1394 5398 octo.
1434 5320 1588 5397 Ἔρᾶίιί
1630 5340 1848 5397 κωλύον.

1949 5343 2044 5397 bus
2080 5339 2467 5412 vetustissimis
2500 5354 2632 5412 mss.

282 5410 408 5464 ιστί.

459 5483 854 5565 ςΑμφοτέραις.
906 5480 985 5537 Ita
1024 5492 1134 5541 tres
1181 5482 1552 5548 vetustissimi,
1596 5481 1836 5539 codices.

282 5549 419 5626 Edili
440 5549 792 5626 eameam.

350 5622 457 5695 (l0)
485 5621 590 5695 Kal
621 5621 857 5695 μικρόν.
893 5621 1053 5682 Deest
1081 5623 1393 5695 coniunctio
1426 5624 1480 5679 in
1505 5639 1616 5680 uno
1648 5622 1838 5680 codice

285 5687 450 5761 Regio
476 5702 529 5748 et
547 5693 602 5748 in
622 5687 956 5750 Coisliniana
977 5687 1247 5751 canonu‘m
1278 5695 1617 5751 collectione.

352 5762 459 5836 (ll)
498 5765 597 5822 Ἔν
626 5762 750 5832 τοῖς
777 5766 1064 5836 νομίμοις.
1094 5762 1412 5838 Praepositio
1442 5765 1623 5821 addita
1650 5780 1711 5822 ex
1741 5764 1837 5820 tri-

2015 5411 2126 5483 (12)
2167 5410 2345 5466 Τοῦτο
2357 5410 2546 5483 μεικρς
2578 5404 2897 5483 που.-ῐζι1.ἰιί
2921 5404 3079 5483 τοῢτξ
3100 5403 3148 5457 εί
3182 5403 3276 5459 καί
3312 5420 3436 5467 που,
3463 5410 3523 5483 et

1943 5473 2540 5559 paulo'posteolaxﬁg
2582 5476 2998 5559 προσδεχθῇναι.
3032 5473 3242 5559 Omnes
3282 5481 3519 5559 msshut

1944 5541 1999 5608 ii.
2025 5541 2199 5615 textu,
2230 5541 2335 5606 nisi
2377 5541 2521 5618 quod
2556 5541 2818 5618 nonnulli
2852 5541 3047 5618 habent
3082 5545 3356 5618 δεηθῆναι.
3397 5541 3517 5601 Non

1941 5623 2115 5698 multo
2140 5614 2263 5692 pOst
2281 5614 2412 5675 editi
2431 5617 2645 5698 πολλοῖς
2661 5616 2769 5698 τῷν
2792 5614 3316 5698 φιλοσάρκων,⁷ιιιιοι1
3334 5630 3519 5673 ειηειιη

1866 5742 1869 5745 .
1945 5686 2195 5751 davimus
2216 5706 2318 5763 ope
2346 5689 2554 5747 codicis
2583 5688 2750 5745 Coisl.
2782 5686 3027 5745 secundi.
