3948 6214
423 371 527 428 637

1763 379 1822 436 S.
1864 378 2112 434 BASlLll
2149 376 2367 434 MAGNI

3573 378 3679 434 628

488 495 544 540 4.
587 485 697 557 Ego
731 494 914 543 autem
949 503 1126 559 neque
1157 489 1378 544 tacitam
1409 489 1557 544 illam
1580 497 1791 560 partem
1824 490 1978 546 fuisst

2169 489 2224 543 4.
2250 486 2392 556 Ἐγὼ
2415 487 2471 541 δέ
2485 485 2606 544 οὑδέ
2635 484 3005 557 σεσιωπῆσθαι
3029 485 3090 538 τὸ
3129 486 3298 556 μέρος
3324 487 3480 540 τοῦτό
3508 505 3677 560 φημι,

418 577 544 631 dico
581 596 595 632 :
644 577 756 633 imo
803 578 967 634 etiam
1007 595 1037 632 a
1074 580 1385 650 legislatore
1425 581 1777 636 vehementer
1809 582 1999 636 admo-

416 669 546 722 dum
571 669 742 725 fuisse
768 669 1122 740 prohibitam.
1167 669 1304 724 Illud
1331 671 1500 737 enim,
1529 669 1654 725 Non
1687 673 1997 742 ingrediaris

414 760 486 814 ad
551 778 755 815 omnem
823 763 998 816 carnis
1067 773 1170 816 tua:
1245 762 1462 831 afﬁnem
1527 764 1595 816 ad
1660 765 1996 818 revelandam

413 872 596 909 eorum
631 855 1008 924 turpitudinem
1036 855 1080 887 "
1108 896 1123 919 ,
1161 856 1304 910 hanc
1338 856 1502 910 etiam
1558 856 1837 913 aﬂinitatis
1871 874 1996 928 spe~

413 947 552 1000 ciem
603 947 1008 1016 complectitur.
1062 947 1274 1001 Etenim
1315 947 1446 1018 quid
1475 947 1632 1018 251
1668 948 1788 1002 viro
1836 947 1995 1004 aliine

411 1035 587 1105 magis
626 1045 711 1091 est
740 1052 902 1107 quam
949 1052 1047 1092 sua
1096 1039 1273 1108 ipsius
1303 1054 1475 1104 uxor,
1526 1040 1635 1093 imo
1685 1053 1849 1108 quam
1893 1055 1994 1095 sua

409 1127 586 1196 ipsius
637 1130 810 1183 caro?
864 1128 984 1184 Non
1038 1134 1184 1185 enim
1235 1133 1472 1201 amplius
1502 1132 1622 1185 duae
1673 1140 1842 1199 sunt,
1895 1133 1992 1187 sed

408 1235 518 1272 una
550 1235 702 1276 caro.
759 1221 948 1293 Itaque
987 1240 1084 1294 per
1114 1240 1338 1278 uxorem
1397 1240 1557 1279 soror
1616 1224 1683 1278 ad
1735 1225 1839 1278 viri
1877 1225 1992 1278 alii-

406 1311 635 1366 nitatem
697 1317 925 1369 transit.
989 1315 1462 1382 Quemadmodum
1535 1317 1682 1372 enim
1759 1324 1990 1372 matrem

406 1405 597 1460 uxoris
642 1421 751 1460 non
817 1416 1084 1470 assumet,
1137 1424 1313 1478 neque
1359 1408 1525 1463 tiliam
1579 1409 1811 1472 uxoris,
1863 1423 1990 1478 pro.-

404 1505 590 1564 pterea
623 1497 774 1566 quod
809 1515 986 1568 neque
1043 1514 1199 1554 suam
1259 1500 1434 1570 ipsius
1499 1508 1761 1565 matrem,
1810 1515 1990 1570 neque

406 1601 562 1640 suam
597 1587 774 1656 ipsius
808 1588 1011 1655 ﬁliam;
1065 1591 1138 1644 ita
1190 1607 1291 1644 nec
1346 1594 1535 1646 uxoris
1569 1607 1840 1654 sororem,
1866 1607 1990 1660 pro-

404 1686 592 1748 pterea
623 1681 768 1750 quod
813 1697 988 1750 neque
1044 1699 1198 1738 suam
1230 1684 1402 1751 ipsius
1445 1699 1708 1738 sororem.
1763 1682 1830 1736 Et
1868 1683 1987 1738 vice

401 1785 584 1834 versa,
623 1787 799 1841 neque
847 1774 1004 1826 uxori
1040 1773 1224 1827 licebit
1264 1788 1386 1827 sese
1414 1773 1519 1827 viri
1573 1773 1822 1826 atlinibus
1854 1788 1986 1827 con-

397 1861 649 1934 iungere.
712 1862 850 1917 Sunt
888 1867 1031 1920 eui-in
1078 1866 1334 1936 utrinque
1373 1865 1682 1918 communia
1710 1865 1984 1921 allinitatis

396 1956 544 2025 jura.
614 1955 733 2026 Ego
777 1972 938 2026 porro
986 1957 1212 2012 cuilibet
1276 1956 1343 2012 de
1417 1957 1626 2025 nuptiis
1672 1958 1985 2012 consulenti

401 2047 690 2114 testificor,
725 2050 1009 2118 praeterire
1054 2052 1282 2120 liguram
1314 2049 1480 2120 hujus
1503 2050 1714 2114 mundi,
1765 2059 1818 2103 et
1847 2059 1985 2104 tem.-

399 2155 504 2209 pus
527 2140 689 2195 breve
716 2157 861 2210 esse,
917 2141 982 2194 Ut
1008 2143 1097 2212 qui
1131 2142 1322 2195 habent
1366 2157 1556 2195 uxores
1588 2152 1841 2209 tanquam
1880 2158 1984 2194 non

399 2233 644 2287 nubentes
668 2235 773 2288 sint
803 2235 869 2288 ³⁸.
899 2233 1057 2300 Quod
1085 2235 1131 2289 si
1162 2235 1296 2291 mihi
1323 2249 1606 2304 perperam
1634 2235 1775 2303 legat
1811 2235 1944 2288 illud
1963 2251 1981 2286 :-

399 2324 631 2380 Crescite
655 2335 704 2380 et
738 2327 1169 2395 multiplicamini
1200 2328 1245 2362 ³⁹
1283 2347 1295 2381 :
1334 2326 1486 2381 rideo
1525 2327 1700 2395 legum
1734 2333 1981 2396 tempora

396 2433 510 2472 non
542 2417 968 2475 discernentem.
1002 2418 1406 2474 Fornicationis
1441 2418 1742 2472 remedium
1777 2422 1981 2489 nuptias

397 2507 672 2570 secundae,
711 2523 819 2562 non
859 2509 1080 2563 occasio
1135 2509 1390 2564 lasciviae.
1445 2507 1502 2562 Si
1554 2522 1613 2561 se
1659 2524 1768 2561 non
1803 2511 1981 2563 conti-

395 2605 550 2662 nent,
581 2599 811 2666 nubant,
835 2601 1012 2673 inquit
1033 2600 1101 2668 ‘°,
1135 2616 1247 2656 non
1276 2617 1407 2656 vero
1429 2609 1481 2656 et
1511 2601 1780 2655 nubentes
1805 2601 1979 2673 legem

394 2693 621 2748 violent.

467 2785 521 2840 5.
556 2784 651 2842 Isti
683 2793 885 2852 autem,
923 2803 1157 2858 quorum
1192 2791 1411 2848 animus
1446 2795 1579 2851 vitio
1614 2795 1976 2867 turpitudinis

391 2879 580 2949 Pippus
606 2887 710 2944 est,
752 2897 822 2934 ne
853 2883 920 2934 ad
957 2889 1209 2937 naturam
1241 2885 1460 2955 quidem
1493 2891 1817 2960 respiciunt,
1857 2906 1978 2958 quae

390 2971 506 3041 iam
554 2972 685 3026 olim
726 2973 946 3042 generis
996 2976 1217 3028 nomina
1258 2977 1542 3033 discrevit.
1578 2982 1657 3035 Ex
1687 2998 1794 3052 qua
1828 2981 1975 3037 enim

395 3065 724 3131 cognatione
755 3072 915 3119 natos
953 3067 1348 3135 appellabunt?
1379 3069 1702 3140 Fratresne,
1733 3090 1800 3128 an
1844 3089 1978 3129 con—

392 3152 651 3207 sobrinos
716 3155 1039 3209 vocabunt?
1095 3156 1364 3225 siquidem
1427 3177 1624 3215 nomen
1685 3170 1976 3233 utrumque

391 3245 475 3300 eis
527 3245 600 3298 ob
650 3245 1030 3301 confusionem
1091 3251 1365 3317 congruit.
1420 3251 1498 3306 Ne
1538 3252 1746 3321 facias,
1787 3272 1820 3310 ο
1870 3256 1972 3309 ho-

389 3351 514 3401 mo,
571 3337 792 3390 amitam
848 3354 1136 3393 novercam
1205 3340 1532 3408 infantium;
1590 3363 1690 3399 nec
1741 3363 1861 3416 qua:
1918 3349 1975 3402 in

389 3423 587 3479 matris
632 3425 752 3479 loco
798 3425 982 3480 fovere
1019 3428 1201 3491 debet,
1232 3444 1352 3483 eam
1396 3433 1744 3488 aemulatione
1779 3436 1974 3504 impla-

391 3515 556 3568 cabili
613 3518 936 3574 armaveris.
975 3516 1108 3571 Nam
1162 3520 1338 3573 solum
1391 3536 1749 3577 novercarum
1799 3542 1972 3596 genus

389 3607 554 3660 etiam
588 3617 716 3677 post
747 3618 980 3664 mortem
1011 3611 1198 3665 odium
1231 3627 1295 3666 ac
1326 3613 1668 3669 inimicitiam
1700 3617 1968 3673 extendit.

387 3699 529 3764 lmo,
566 3701 660 3754 alii
716 3701 925 3756 inimici
969 3705 1200 3759 mortuis
1231 3706 1691 3775 reconciliantur;
1724 3725 1970 3766 novercae

388 3793 577 3849 odisse
620 3801 745 3864 post
788 3802 1018 3849 mortem
1069 3795 1358 3865 incipiunt.
1413 3795 1637 3852 Summa
1692 3799 1970 3857 dictorum

387 3883 506 3939 haec
535 3894 619 3941 est
657 3907 668 3940 :
710 3885 766 3940 Si
817 3887 944 3958 quis
995 3888 1234 3958 legitime
1280 3889 1502 3957 nuptias
1537 3877 1774 3960 appetit,
1822 3901 1968 3947 totus

388 3977 542 4031 orbis
583 3985 857 4032 terrarum
910 3985 1103 4048 patet:
1147 3979 1233 4034 sin
1281 3980 1506 4036 libidine
1544 3983 1863 4052 impellitur,
1897 3986 1968 4040 ob

387 4067 442 4121 id
475 4068 646 4137 magis
673 4070 836 4124 etiam
867 4069 1214 4134 excludatur,
1253 4069 1319 4124 Ut
1355 4071 1527 4125 discat
1559 4090 1648 4126 vas
1673 4091 1826 4128 suum
1852 4093 1969 4146 pos-

386 4159 558 4212 sidere
587 4161 643 4212 in
686 4162 1109 4230 sanctiﬁcatione
1141 4173 1193 4216 et
1225 4163 1460 4222 honore.
1485 4180 1587 4218 non
1628 4166 1681 4220 in
1721 4169 1966 4235 passione

386 4251 638 4305 desiderii
669 4253 734 4304 δι.
766 4254 848 4307 Me
871 4257 1030 4323 plura
1073 4257 1258 4311 dicere
1290 4266 1583 4326 parantem
1609 4260 1804 4314 modus
1848 4262 1964 4330 epi-

385 4345 546 4399 stola:
573 4344 815 4401 cohibet.
855 4345 1060 4402 Precor
1094 4357 1297 4413 autem,
1337 4357 1393 4403 ut
1423 4349 1506 4404 vel
1541 4359 1728 4405 nostra
1774 4352 1964 4407 admo-

2018 1833 2059 1888 Β

2098 580 2236 636 ἀλλὰ
2268 581 2360 635 καὶ
2409 580 2549 634 πάνυ
2582 578 2824 649 σφοδρῶς
2857 578 3291 649 ἀπγορευκὲναι
3325 581 3417 633 τὸν
3446 581 3673 652 νομοθέ-

2096 689 2215 742 την.
2242 671 2314 723 To
2342 670 2470 740 γὰρ,
2521 671 2643 722 Οὐκ
2692 669 3012 737 είσελεύσῃ
3056 668 3205 737 πρὸς
3227 671 3426 724 πάντα
3456 672 3675 728 οἰκεῖον

2097 763 2324 830 σαρκός
2353 777 2489 825 σου,
2537 761 2928 828 ἀποκαλύψαι
2974 761 3420 831 ἀσχημοσύνην
3455 765 3675 833 αὐτῶν,

2097 852 2516 924 ὲμπεριεκτικόν
2547 854 2662 906 ἐστι
2689 853 2784 905 καὶ
2804 851 2995 904 τούτου
3022 852 3114 905 τοῦ
3145 854 3314 918 εἴδους
3343 856 3445 926 τῆς
3477 858 3674 910 οίκειόη

2096 961 2276 1015 τητος.
2308 944 2372 996 Τί
2397 945 2504 1015 γὰρ
2529 945 2592 1000 ἂν
2639 943 2848 1012 γένοιτο
2879 945 3211 1016 οἰκειότερον.
3231 947 3385 1016 ἀνδρὶ
3412 948 3512 1016 τῆς
3544 949 3670 1000 ἐαυ-

2095 1033 2188 1087 τοῦ
2215 1035 2495 1104 γυναικὸς,
2527 1033 2726 1104 μᾶλλον
2763 1035 2818 1087 δέ
2839 1035 2940 1104 τῆς
2970 1035 3164 1088 ἐαυτοῦ
3196 1037 3427 1109 σαρκόςς
3462 1038 3538 1090 Οὐ
3565 1037 3674 1108 γάρ

2095 1126 2174 1178 ἔτι
2208 1126 2313 1178 είσὶ
2337 1127 2448 1190 δύο,
2492 1126 2626 1185 ἀλλὰ
2662 1125 2804 1198 σὰρξ
2850 1127 2967 1195 μία.
2999 1127 3268 1185 Ὢστεδιά
3287 1129 3388 1198 τῆς
3415 1130 3675 1196 γυναικὸς

2095 1220 2127 1290 ἡ
2149 1217 2352 1290 ἀδελφὴ
2381 1219 2517 1289 πρὸς
2539 1219 2635 1289 τὴν
2667 1218 2760 1273 τοῦ
2786 1218 2976 1290 ἀνδρὸς
2999 1221 3303 1290 οίκειότητα
3334 1221 3674 1290 μεταϐαίνει.

2105 1311 2191 1373 Ὠς
2219 1310 2328 1382 γὰρ
2364 1311 2581 1381 μητέρα,
2598 1312 2855 1378 γυναικὸς
2889 1311 2950 1363 οὐ
2978 1310 3224 1380 λήψεται,
3253 1311 3371 1364 οὐδὲ
3397 1311 3677 1383 θυγατέρα

2091 1403 2190 1473 τῆς
2220 1403 2498 1470 γυναικὸς,
2548 1403 2682 1457 διότι
2715 1403 2847 1473 μηδέ
2893 1401 2992 1472 τὴν
3030 1403 3226 1460 ἑαυτοῦ,
3256 1405 3488 1474 μητέρα,
3538 1406 3674 1476 μηδὲ

2090 1493 2187 1563 τὴν
2219 1493 2418 1546 ἐαυτοῦ
2443 1493 2716 1565 θυγατέρα
2745 1511 2758 1522 ·
2786 1492 2957 1555 οὕτως
2990 1493 3096 1546 οὐδ’
3131 1493 3362 1563 ἀδελφὴν
3392 1495 3673 1562 γυναικὸς,

2090 1583 2222 1640 διότι
2246 1586 2379 1656 μηδέ
2416 1585 2650 1656 ἀδελφὴν
2679 1584 2890 1640 ἐαυτοῦ.
2912 1586 3022 1642 Καὶ
3050 1586 3110 1638 τὸ
3139 1585 3428 1649 ἀνάπαλιν,
3455 1587 3579 1639 οὐδέ
3603 1590 3671 1658 τῇ

2090 1679 2314 1746 γυναικὶ
2360 1677 2574 1742 ἐξέσται
2621 1681 2732 1740 τοῖς
2776 1676 2997 1739 οἰκείοις
3027 1675 3120 1730 τοῦ
3155 1676 3348 1748 ἀνδρὸς
3377 1681 3668 1732 συνοικεῖν.

2089 1769 2263 1827 Κοινὰ.
2307 1769 2416 1841 γὰρ
2468 1771 2553 1822 ἐπ’
2590 1770 2918 1841 ἀμφοτέρων
2971 1769 3072 1840 τῆς
3126 1769 3446 1837 συγγενείας
3494 1770 3569 1824 τὰ
3597 1771 3671 1828 6i.-

2089 1877 2238 1914 καια.
2289 1859 2432 1929 Ἐγὼ
2455 1861 2512 1914 δὲ
2568 1861 2731 1914 παντὶ
2766 1861 2843 1931 τῷ
2897 1861 3029 1931 περὶ
3077 1861 3256 1932 γάμου
3297 1861 3670 1934 βουλευομένῳ

2085 1951 2546 2025 διαμαρτύρομαι,
2601 1954 2682 2006 ὅτι
2733 1954 2970 2024 παράγει
2994 1953 3056 2006 τὸ
3111 1953 3300 2023 σχῆμα
3328 1953 3420 2009 τοῦ
3461 1955 3668 2025 κόσμου

2085 2045 2297 2109 τούτου,
2335 2046 2429 2098 καὶ
2473 2047 2500 2098 ό
2548 2046 2738 2116 καιρὸς
2769 2043 3196 2115 συνεσταλμένος
3222 2046 3387 2108 ἐστὶν,
3407 2046 3545 2099 "Ira
3571 2044 3669 2100 καὶ

2083 2140 2138 2191 ol
2169 2137 2414 2204 ἔχοντες
2433 2135 2720 2206 γυναῖκας
2755 2137 2834 2201 ὼς
2857 2138 2943 2204 μὴ
2979 2136 3224 2204 ἔχοντες
3243 2131 3414 2190 ὦσιν.
3463 2136 3592 2188 Ἐάν
3611 2135 3667 2188 δέ

2087 2244 2176 2296 μοι
2235 2225 2699 2298 παραναγινώσκῃ
2747 2226 2828 2291 τὸ,
2876 2225 3225 2290 Αὺξιίνεσϐε
3281 2227 3379 2284 καὶ
3437 2229 3652 2296 πληθύν

2081 2322 2292 2373 νεσθε·
2321 2317 2604 2386 καταγελῶ
2630 2317 2723 2370 τοῦ
2757 2317 2866 2370 τῶν
2893 2317 3224 2388 νομοθεσιῶν
3266 2319 3393 2378 τοὺς
3435 2321 3665 2389 καιροὺς

2084 2408 2159 2479 μὴ
2225 2409 2608 2480 διακρίνοντος.
2666 2409 2926 2480 Πορνείας
2971 2409 3291 2482 παραμυθία
3335 2413 3363 2463 ό
3411 2409 3664 2481 δεύτερος

2080 2503 2278 2572 γάμος,
2333 2503 2435 2556 οὐκ
2486 2503 2694 2572 ἐφόδιον
2723 2506 2803 2567 είς
2833 2505 3140 2573 ἀσέλγειαν.
3171 2506 3234 2558 Εἰ
3261 2505 3364 2557 οὐκ
3394 2507 3663 2575 ἐγκαρτε-

2083 2591 2351 2662 ρεύονται,
2408 2594 2840 2662 γαμησάτωσαν,
2895 2594 3060 2665 φησίν
3087 2611 3100 2623 ·
3163 2595 3283 2664 οὐχὶ
3326 2593 3383 2648 δὲ
3427 2595 3523 2648 καὶ
3564 2611 3664 2662 γαν

2082 2685 2307 2754 μοῦντες
2334 2687 2843 2757 παρανομείτωσαν.
3052 2687 3056 2691 ’

2148 2778 2198 2832 5.
2233 2779 2296 2830 υἱ
2322 2777 2386 2835 δὲ,
2406 2779 2526 2832 οὺδέ
2554 2778 2690 2850 πρὸς
2713 2779 2810 2849 τὴν
2834 2779 2994 2848 φύσιν
3023 2779 3445 2844 ἀποϐλέπουσιν,
3487 2781 3539 2832 οἱ
3565 2779 3663 2850 τὴν

2075 2867 2252 2938 ψυχὴν
2283 2868 2565 2938 λημῶντες
2615 2867 2694 2938 τῷ
2730 2868 2890 2924 πάθει
2915 2869 3013 2940 τῆς
3041 2869 3285 2940 ἀτιμίας,
3337 2869 3506 2923 πάλαι
3552 2873 3661 2923 δια-

2077 2959 2340 3029 κρίνασαν
2389 2958 2487 3022 τὰς
2537 2958 2632 3010 τοῦ
2685 2959 2876 3026 γένους
2931 2960 3321 3030 προσηγορίας.
3365 2961 3462 3013 Ἐκ
3502 2961 3662 3023 ποίας

2075 3049 2185 3120 γὰρ
2211 3048 2526 3118 συγγενείας
2553 3049 2680 3112 τοὺς
2705 3051 3064 3120 γεννηθέντας
3086 3051 3622 3122 προσαγορεύσουσιν
3644 3069 3670 3118 ;ν

2089 3142 2374 3210 Ἀδελφοὺς
2404 3143 2598 3205 αὐτοὺς
2637 3141 2879 3213 ἀλλήλων
2911 3143 2944 3214 ἢ
2973 3143 3228 3213 ἀνεψιοὺς
3256 3144 3620 3216 προσεροῦσιν
3644 3161 3666 3207 ί

2001 3212 2047 3272 C
2080 3235 2366 3306 ἀμφότερα
2396 3235 2506 3304 γὰρ
2551 3235 2732 3297 αὐτοῖς
2761 3212 3147 3307 προσαρμόσει
3186 3238 3272 3290 διὰ
3303 3212 3412 3309 ’τὴν
3433 3212 3660 3309 ⁷σύγχυ-

2079 3342 2178 3380 σιν.
2217 3327 2306 3396 Μὴ
2356 3328 2606 3397 ποιήσῃς,
2645 3319 2689 3377 ὦ
2731 3310 3005 3398 ἄνθρωπε,
3051 3330 3146 3400 τὴν
3183 3330 3334 3382 θείαν
3387 3331 3660 3401 μητρυιὰν

2074 3417 2182 3474 τῶν
2226 3418 2462 3488 νηπίων·
2515 3419 2648 3490 μηδέ
2701 3419 2798 3490 τὴν
2848 3421 2905 3471 ἐν
2956 3421 3160 3490 μητρὸς
3221 3420 3371 3484 τάξει
3432 3420 3660 3477 θάλπειν,

2073 3507 2408 3576 ὀφείλουσαν,
2445 3509 2647 3580 ταύτην
2680 3509 2980 3580 ἐφοπλίσῃς
3017 3513 3133 3574 ταῖς
3179 3511 3517 3582 ἀμειλίκτοις
3561 3512 3658 3582 ζη-

2072 3597 2370 3662 λοτυπίαις.
2407 3601 2582 3654 Μόνον
2619 3600 2727 3672 γὰρ
2771 3601 2832 3653 τὸ
2873 3602 3028 3669 γένος
3068 3603 3176 3670 (13)
3219 3602 3328 3656 τῶν
3375 3603 3656 3674 μητρυιῶν

2073 3690 2166 3743 καὶ
2199 3689 2334 3758 μετὰ
2369 3689 2598 3746 θάνατον
2639 3691 2852 3745 ἐλαύνει
2897 3693 2994 3764 τὴν
3025 3693 3222 3764 ἔχθραν
3247 3711 3258 3722 ·
3293 3695 3494 3765 μᾶλλον
3520 3695 3577 3748 δέ
3607 3697 3656 3750 οἱ

2075 3781 2172 3852 μὲν
2207 3780 2384 3848 ἄλλως
2431 3782 2677 3854 πολέμιοι
2721 3787 2836 3848 τοῖς
2884 3786 3169 3856 τεθνηκόσι
3214 3787 3564 3842 σπένδονται·
3599 3789 3655 3844 αί

2068 3873 2123 3932 δὲ
2167 3874 2429 3946 μητρυιαὶ
2457 3872 2550 3928 τοῦ
2590 3873 2778 3944 μίσους
2814 3875 2950 3944 μετὰ
2994 3875 3083 3928 τὸν
3111 3875 3341 3930 θάνατον
3374 3878 3652 3950 ἄρχονται.

2069 3966 2376 4034 Κεφάλαιον
2400 3966 2456 4020 δὲ
2481 3965 2588 4021 τῶν
2620 3967 2739 4038 είρη
2750 3968 2948 4036 μένων,
2970 3969 3031 4020 Εἰ
3067 3967 3166 4039 μὲν
3195 3969 3344 4040 νόμῳ
3365 3987 3451 4034 τις
3481 3973 3654 4042 ὀρμᾶέ·

2067 4076 2156 4115 ται
2186 4058 2321 4129 πρὸς
2362 4058 2452 4113 τὸν
2490 4059 2690 4130 γάμον,
2715 4061 2958 4129 ἧνοικται
3004 4061 3152 4114 πᾶσα
3177 4063 3210 4130 ἡ
3241 4061 3537 4131 οίκουμένη
3557 4079 3570 4091 °
3605 4064 3654 4115 εἰ

2067 4149 2124 4207 δὲ
2163 4150 2415 4222 ἐμπαθὴς
2458 4149 2604 4220 αὐτῴ
2647 4152 2678 4222 ή
2741 4151 2970 4222 σπουδὴ,
3015 4151 3101 4206 διὰ
3145 4151 3303 4204 τοῦτο
3350 4153 3445 4206 καὶ
3492 4153 3654 4208 πλέον

2066 4239 2501 4310 ἀποκλεισθήτω,
2532 4241 2656 4294 Ἵνα
2687 4240 2848 4310 μάθῃ
2890 4242 2956 4295 τὸ
2998 4241 3214 4300 ἑαυτοῦ
3248 4242 3475 4309 σκεῦος
3512 4241 3652 4298 κτᾶ-

2065 4334 2206 4387 σθαι
2255 4332 2325 4385 ἐν·
2367 4329 2640 4400 ἁγιασμῷ
2688 4331 2786 4385 καὶ
2835 4330 2993 4401 τιμῇ,
3017 4333 3102 4402 μὴ
3140 4334 3210 4387 ἐν
3243 4335 3415 4389 πάθει
3447 4334 3652 4391 ἐπιθυ-

383 4436 524 4490 uitio
558 4436 751 4490 vitium
799 4449 1061 4509 superet,
1115 4441 1199 4494 vel
1231 4457 1337 4495 non
1388 4453 1574 4514 serpat
1629 4445 1682 4497 in
1717 4454 1959 4500 nostram

2081 4423 2224 4488 ιιίας.
2257 4423 2483 4476 Πλείονά
2515 4436 2581 4494 με
2615 4423 2796 4492 λέγειν
2825 4424 3152 4495 ὡρμημένον
3196 4426 3258 4478 τό
3307 4427 3506 4499 μέτρον
3553 4429 3653 4479 ἐπ-

381 4528 664 4596 τοεὶοηρῐη
706 4530 810 4583 hoc
852 4531 1162 4599 piaculum;
1200 4533 1295 4587 sed
1328 4533 1384 4587 in
1414 4535 1616 4606 quibus
1659 4534 1958 4591 admissum
1992 4550 2036 4605 ι)

381 4628 467 4677 est
493 4619 649 4688 locis,
684 4622 738 4676 in
768 4622 855 4678 his
889 4632 1232 4694 permaneat.

2065 4513 2178 4583 έχει
2209 4513 2318 4584 (14)
2346 4513 2446 4582 τῆς
2471 4513 2776 4583 ἐπιστολῆς.
2818 4513 3060 4585 Εὖχομαι
3092 4516 3148 4573 δὲ
3177 4516 3210 4586 ἢ
3247 4517 3345 4586 τὴν
3388 4517 3651 4588 παραίνε-

2068 4623 2153 4659 σιν
2186 4605 2341 4676 ἡμῶν
2383 4605 2733 4677 ἰσχυροτέραν
2773 4606 2867 4659 τοῦ
2909 4607 3116 4671 πάθους
3155 4607 3568 4679 ἀποδειχθῆναι,
3611 4610 3646 4679 ἢ

2071 4695 2146 4767 μὴ
2180 4697 2515 4767 ἐπιδημῆσαι
2543 4699 2607 4768 τῇ
2644 4698 2884 4770 ἡμετέρᾳ
2917 4699 3026 4769 (15)
3054 4699 3116 4751 τὸ
3153 4697 3282 4766 ἄγος
3311 4696 3498 4754 τοῦτο·
3529 4697 3645 4752 ἀλλ’

2067 4791 2124 4848 ἐν
2149 4783 2230 4852 οἷς
2256 4788 2323 4842 ἂν
2357 4788 2624 4860 ἐτολμήθη
2652 4790 2835 4854 τόποις
2868 4791 3240 4861 ἐναπομεῖναι.

485 4971 529 5004 ³⁷
557 4969 730 5026 Levit.
765 4987 918 5041 mn,
953 4971 1006 5028 6.
1086 4973 1129 5005 ³⁸
1168 4971 1342 5028 lCor.
1376 4987 1472 5039 vu,
1505 4971 1596 5027 29.
1671 4972 1716 5003 ”
1746 4969 1877 5027 Gen.
1912 4987 1957 5037 ι,

2081 5015 2083 5027 ,
2121 4969 2284 5036 Ix,'l.
2363 4969 2410 4999 ‘°
2447 4967 2469 5023 ι
2509 4968 2634 5023 Cor.
2669 4985 2766 5036 vu,
2811 4970 2871 5028 9..
2942 4972 2983 5001 “
3029 4969 3049 5028 ι
3091 4970 3288 5028 Thess.
3332 4986 3413 5033 tv,
3449 4969 3509 5029 ι.

446 5239 558 5310 ’(15)
595 5241 666 5295 Τὸ
690 5238 886 5309 γένος.
918 5240 1009 5294 Sic
1042 5250 1154 5296 tres
1189 5243 1547 5298 vetustissimi
1580 5244 1798 5300 codices
1830 5261 1954 5300 cum

375 5312 626 5387 pluribus
658 5313 800 5387 aliis.
832 5310 974 5365 Editi
1006 5311 1066 5364 τὸ
1105 5315 1277 5382 μῖσος.
1308 5313 1511 5369 [bidem
1536 5314 1706 5370 Cois].
1745 5317 1956 5387 primus

375 5381 471 5440 καὶ
506 5381 642 5452 ὑπὲρ
679 5382 928 5452 θάνατον..

450 5452 560 5526 (βξ)
605 5451 992 5526 ςξπέχειηδίο
1018 5453 1200 5526 iidem,
1223 5453 1461 5526 codices.
1493 5453 1632 5508 Editi
1663 5456 1882 5526 ἐπέσχε.

448 5523 558 5591 (i5)
601 5521 680 5589 Τῇ
710 5520 982 5591 ἡμετέρῃ.
1017 5521 1353 5592 Pcrspicitur
1377 5541 1440 5578 ex
1477 5520 1831 5580 conclusione
1855 5527 1955 5579 hu-

373 5591 462 5664 jus
496 5592 739 5664 epistolzr
788 5594 1028 5650 incestas
1067 5591 1190 5649 illas
1222 5597 1463 5666 nuptias,
1498 5613 1620 5668 quae
1665 5597 1792 5652 huic
1840 5598 1949 5668 cpi-

1957 5738 2019 5750 c.-

2062 5249 2214 5302 stolae
2251 5249 2597 5303 occasionem
2631 5247 2918 5309 dederunt,
2953 5261 3061 5299 non
3104 5251 3416 5299 contractas
3444 5244 3498 5297 in
3541 5243 3641 5299 Ec-

2063 5320 2230 5372 clesia
2287 5317 2610 5372 Cmsariensi
2667 5319 2856 5372 fuisse.
2912 5317 2989 5369 Ac
3041 5315 3304 5384 profecto,
3361 5330 3468 5384 qua
3524 5325 3640 5368 erat

2063 5390 2374 5442 constantia
2409 5389 2642 5443 Basilius
2667 5389 2723 5442 in
2750 5386 3092 5441 vindicandis
3115 5385 3372 5440 Ecclesiae
3407 5400 3522 5439 suae
3551 5385 3638 5437 in-

2059 5458 2290 5522 stitutis,
2329 5459 2550 5513 minime
2588 5460 2813 5512 dubium
2856 5458 2990 5527 quin
3020 5457 3092 5520 ei,
3132 5457 3228 5526 qui
3259 5454 3458 5527 uxoris
3491 5469 3622 5527 mor-

2060 5536 2166 5601 ture
2197 5545 2437 5584 sororem
2459 5531 2710 5601 duxerat,
2735 5525 2892 5601 longe
2919 5526 3114 5585 fuisset
3133 5525 3374 5599 epistolae
3398 5525 3645 5582 Diodoro

2060 5598 2252 5654 aﬂicta:
2281 5600 2615 5672 praesidium.
