3948 6214
317 310 424 371 69.9

724 572 731 579 ‘
814 496 1162 551 ΕΠΙΣΤΟΛΗ
1195 497 1361 553 ΡΞΑ’.

1246 315 1733 375 ΕΡΙδΤΟΙιᾹΒωΙ
1774 319 2061 378 CLASSIS
2100 321 2163 378 Il.
2206 319 2423 377 EPIST.
2465 318 2644 378 CLXI.

3474 316 3575 372 630

2521 497 2859 555 EPISTOLA
2891 497 3072 556 CLXI‘

310 628 703 705 Amphilpchium
724 639 998 705 conseratur
1015 632 1259 705 ‘Basilius,
1283 641 1387 705 tum
1401 649 1511 705 cu_m
1528 635 2090 705 fugerelprdinationem
2103 673 2132 705 ,_
2152 635 2524 705 grqtig;__retibus
2546 636 2807 705 irretitum.
2834 637 3077 705 gloriatur
3092 640 3143 684 ut
3159 644 3325 696 prava:
3345 630 3580 702 doctrina:

372 694 634 786 Eiram
653 694 869 744 moribus
891 701 1163 747 constanter
1190 694 1405 748 obsistat.
1441 694 1668 762 Ποροῐιιι
1687 698 1733 752 si
1754 715 1807 753 se
1828 700 1970 765 longo
2006 694 2175 751 morbo
2211 696 2514 786 debilitatum
2540 695 2750 749 invisere
2769 695 2916 759 velit,
2938 709 3024 747 nec
3061 694 3245 758 tempus
3266 707 3355 745 nec
3389 694 3580 758 signum

371 760 627 816 exspectet.

422 883 775 953 Ἀμφιλοχίῳ
800 871 934 953 (l6),
965 887 1439 956 χειροτονηθέντι
1474 889 1805 958 ἐπισκόπῳ.

386 998 437 1051 1.
470 998 774 1070 Εὐλογητὸς
801 1001 830 1052 ὁ
857 1000 1007 1068 Θεὸς,
1034 1002 1064 1053 ὁ
1103 1002 1228 1066 τοὺς
1276 1003 1397 1058 καθ’
1432 1005 1669 1076 ἑκάστην
1706 1005 1898 1074 γενεάν

311 1088 744 1160 εὐαρεστοῦντας
781 1091 931 1162 αὐτῷ
975 1094 1351 1166 ἐκλεγόμενος,
1385 1098 1479 1149 καὶ
1521 1098 1802 1168 γνωρίζων
1830 1097 1901 1156 τὰ

313 1183 487 1255 σκεύη
535 1184 635 1254 τῆς
684 1185 935 1255 ἐκλογῆς,
987 1186 1081 1239 καὶ
1128 1187 1466 1258 κεχρημένος
1520 1189 1704 1253 αὐτοῖς
1761 1189 1898 1261 πρὸς

310 1277 417 1347 τὴν
445 1275 784 1349 λειτουργίαν
816 1276 924 1331 τῶν
954 1278 1156 1348 ἁγίων·
1202 1281 1231 1331 ὁ
1263 1280 1356 1333 καὶ
1388 1279 1483 1333 νῦν
1512 1298 1572 1333 σε
1605 1281 1896 1351 φεύγοντα,

310 1366 393 1430 ὡς
418 1366 581 1431 αὐτὸς
621 1366 746 1438 φὴς,
786 1368 885 1439 οὐχ
926 1370 1094 1439 ἡμᾶς,
1129 1368 1264 1422 ἀλλά
1304 1370 1401 1442 τὴν
1449 1370 1515 1423 δι’
1547 1371 1704 1443 ἡμῶν
1734 1389 1899 1443 προσ-

309 1458 635 1529 δοκωμένην
668 1458 881 1529 κλῆσιν,
925 1463 1038 1523 τοῖς
1063 1459 1325 1529 ἀφύκτοις
1352 1461 1587 1525 δικτύοις
1616 1463 1714 1533 τῆς
1740 1463 1898 1534 χάρι-

308 1563 410 1609 τος
448 1547 808 1616 σαγηνεύσας,
844 1548 937 1600 καὶ
962 1549 1185 1617 ἀγαγὼν
1222 1550 1305 1612 είς
1334 1549 1405 1603 τὰ
1442 1551 1580 1622 μέσα
1614 1553 1713 1622 τῆς
1747 1554 1901 1605 Πισι-

308 1638 456 1705 δίας,
494 1638 635 1693 ὥστε
666 1640 983 1712 ἀνθρώπους
1029 1640 1258 1713 ζωγρεῖν
1299 1642 1378 1714 τῷ
1425 1644 1636 1716 Κυρίῳ,
1680 1646 1773 1699 καὶ
1815 1646 1900 1699 ἕλ-

312 1745 437 1781 κειν
459 1729 567 1783 ἀπὸ
591 1728 686 1782 τοῦ
716 1728 877 1799 βυθοῦ
916 1731 996 1795 είς
1035 1731 1097 1785 τὸ
1146 1731 1262 1801 φῶς
1310 1733 1437 1797 τοὺς
1482 1732 1899 1806 ὲζωγρημένους

315 1817 427 1870 ὑπὸ
459 1816 555 1871 τοῦ
593 1817 838 1872 διαϐόλου
890 1821 970 1882 είς
1009 1819 1070 1873 τὸ
1117 1822 1324 1874 ἐκείνου
1371 1821 1601 1895 θέλημα.
1634 1825 1774 1893 Λέγε
1806 1822 1899 1880 οὖν

312 1910 414 1967 ια).
452 1911 517 1964 σὺ
558 1910 626 1963 τά
670 1909 763 1964 τοῦ
801 1912 1070 1983 μακαρίου
1110 1912 1299 1965 Δαϐίδ’
1325 1914 1451 1968 Ποῦ
1484 1915 1752 1984 πορευθῶ
1784 1918 1900 1971 ἀπὸ

309 1997 425 2053 τοῦ
449 2000 788 2069 πνεύματός
816 2015 969 2064 σου;
1003 2002 1103 2055 καί
1135 2002 1256 2058 ἀπὸ
1283 2003 1391 2059 τοῦ
1427 2005 1752 2074 προσώπου
1784 2023 1901 2065 σου

306 2090 438 2145 αοῦ
465 2093 670 2162 φύγως
704 2090 940 2147 Τοιαῦτα
973 2092 1082 2164 γάρ
1114 2092 1519 2167 θαυματουργεῖ
1542 2100 1571 2151 ό
1603 2097 1904 2173 φιλάνθρω-

310 2200 420 2247 πος
460 2184 616 2255 ἡμῶν
647 2186 939 2258 Δεσπότης.
984 2187 1132 2239 Ὄνοι
1166 2187 1279 2258 (1³1)
1312 2188 1659 2253 ἀπόλλυνται,
1692 2191 1779 2246 ἵνα
1810 2192 1904 2263 βα-

313 2250 513 2339 σιλεὺς⁷
536 2275 752 2347 Ἰσραὴλ
781 2250 1025 2348 γένηται.
1066 2250 1204 2330 Ἀλλ’
1245 2250 1449 2343 ἐκεῖνος
1480 2281 1599 2352 μὲν,
1637 2250 1903 2355 ίίσραηλί-
1933 2250 1976 2304 Β

311 2382 420 2435 της
452 2362 547 2431 ὣν,
575 2365 652 2437 τῷ
692 2367 905 2439 Ἰσραὴλ
940 2367 1127 2439 ἐδόθη⁹
1173 2369 1232 2423 σὲ
1272 2370 1330 2424 δὲ
1372 2373 1405 2442 ἡ
1455 2371 1768 2447 θρεψαμένη
1804 2376 1901 2430 καὶ¹

309 2457 456 2530 πρὸς
501 2458 753 2512 τοσοῦτον
802 2459 1177 2516 ἀναϐιϐάσασα
1225 2462 1325 2531 τῆς
1369 2463 1571 2534 ἀρετῆς
1624 2464 1755 2536 ὕψος
1801 2468 1901 2521 οὐκ

310 2548 455 2619 ἔχει,
489 2548 626 2603 ἀλλὰ
664 2551 761 2621 τὴν
792 2550 1009 2618 γείτονα
1054 2552 1155 2623 ὁρᾷ
1193 2550 1272 2622 τῷ
1311 2552 1427 2623 ἰδίῳ
1470 2554 1660 2626 κόσμῳ
1701 2573 1899 2627 σεμνυ-

308 2641 570 2711 νομένην.
608 2641 824 2712 Ἐπειδὴ
857 2640 914 2695 δὲ
942 2636 1022 2705 εἷς
1052 2642 1180 2706 λαὸς
1208 2643 1408 2708 πάντες
1449 2647 1499 2699 οἱ
1540 2648 1620 2710 είς
1665 2648 1899 2719 Χριστὸν

310 2731 628 2801 ἠλπικότες,
655 2734 750 2787 καὶ
789 2733 887 2805 μία
929 2733 1226 2805 Ἐκκλησία
1274 2735 1370 2791 νῦν
1419 2739 1467 2790 oi.
1510 2738 1768 2809 Χριστοῦ,
1797 2739 1899 2794 κᾶν

312 2825 385 2877 ἐκ
422 2824 693 2896 διαφόρων
739 2825 921 2881 τόπων
962 2828 1458 2900 προσαγορεύηται,
1512 2832 1691 2902 χαίρει
1742 2834 1898 2905 καὶὴ

310 2915 518 2987 πατρὶς
545 2918 641 2969 καὶ
669 2917 1013 2988 εὐφραίνεται
1041 2920 1286 2983 ταῖς.τοῦ
1312 2922 1519 2994 Κυρίου
1544 2924 1896 2994 οἰκονομίαις,

310 3008 413 3060 καὶ
449 3008 548 3078 οὐχ
588 3010 803 3079 ἡγεῖται
855 3011 952 3064 ἕνα
989 3012 1155 3085 ἄνδρα
1223 3013 1592 3085 ἐζημιῶσθαι,
1649 3017 1784 3072 ἀλλά
1830 3018 1899 3078 διῗ

312 3097 437 3160 ἑνὸς
480 3097 804 3170 Ἑκκλησίας
842 3100 970 3165 ὅλας
1012 3105 1455 3175 προσειληφέναι.
1504 3107 1681 3162 Μόνον
1726 3110 1901 3179 παράο

312 3206 439 3260 σχοι
487 3192 516 3243 ὁ
556 3191 763 3262 Κύριος
815 3194 910 3248 καὶ
974 3196 1241 3267 παρόντας
1284 3199 1415 3270 όρᾷν
1462 3200 1610 3271 ἡμᾶς
1641 3200 1773 3271 (18),
1808 3201 1900 3254 καὶ

308 3278 557 3343 ἀπόντας
585 3281 802 3339 ἀκούειν
829 3282 926 3353 τὴν
962 3287 1243 3356 προκοπήν
1275 3304 1390 3348 σου,
1410 3288 1506 3360 τὴν
1532 3291 1590 3343 ὲν
1617 3288 1696 3361 τῷ
1723 3290 1900 3361 Εὐαγ-

309 3369 503 3440 γελίῳ,
527 3371 622 3424 καὶ
649 3373 746 3443 τὴν
771 3374 1023 3439 εὐταξίαν
1049 3375 1158 3429 τῶν
1202 3377 1562 3450 Ἐκκλησιῶν.

386 3461 438 3515 2.
479 3463 752 3541 Ἀνδρίζου
802 3466 976 3521 τοίνυν
1028 3470 1124 3522 καὶ
1184 3470 1357 3540 ῐσχυε,
1410 3476 1502 3526 καί¹
1553 3474 1897 3546 προπορεύου

1926 898 1973 955 A

2305 872 2693 958 Amphitochio,
2725 886 2971 941 ordinato
3001 886 3260 955 episcopo.

2075 1000 2137 1059 1.,
2169 976 2501 1059 Benedictus
2532 999 2711 1066 Deus,
2757 1001 2850 1072 qui
2899 1000 3004 1059 sibi
3056 999 3335 1072 placentes
3373 995 3432 1051 in
3462 997 3582 1052 sino

2001 1093 2145 1167 gulis
2177 1078 2648 1164 altatibuseligit,
2702 1093 3101 1163 electionisque
3146 1091 3384 1149 secernit
3412 1104 3580 1155 vasa,

2001 1193 2057 1239 et
2092 1183 2181 1241 his
2215 1184 2394 1238 utitur
2428 1183 2496 1240 ad
2527 1183 2896 1239 ministerium
2928 1192 3248 1239 sanctorum
3274 1202 3287 1238 :
3312 1183 3405 1254 qui
3434 1196 3584 1236 nunc

2000 1275 2167 1332 etiam
2204 1283 2278 1340 te,
2308 1290 2432 1330 cum
2467 1275 2685 1348 fugeres
2705 1316 2720 1344 ,
2760 1284 2819 1331 ut
2857 1284 3040 1331 tumet.
3061 1275 3287 1340 dixisti,
3316 1290 3425 1329 non
3454 1289 3582 1338 nos,

2002 1367 2101 1425 sed
2150 1366 2490 1423 vocationem
2539 1383 2703 1438 quam
2755 1384 2854 1437 per
2884 1382 2986 1422 nos
3039 1366 3285 1423 futuram
3336 1365 3587 1436 suspica-

2000 1459 2155 1514 baris
2177 1499 2192 1523 ,
2225 1458 2642 1514 inevitabilibus
2673 1459 2861 1529 gratiae
2903 1457 3115 1513 retibus
3148 1457 3399 1527 illigavit,
3429 1471 3493 1511 ac
3527 1456 3585 1511 in

2001 1549 2239 1607 mediam
2288 1548 2550 1605 Pisidiam
2606 1549 2877 1616 deduxit,
2926 1556 2986 1603 ut
3050 1549 3300 1604 homines
3352 1546 3587 1601 Domino

2002 1639 2228 1710 capias,
2264 1648 2320 1694 et
2351 1655 2419 1694 ex
2463 1638 2739 1710 profundo
2768 1638 3057 1710 pertrahas
3098 1638 3167 1693 ad
3210 1638 3412 1703 lucem,
3447 1652 3588 1708 quos

2002 1732 2148 1801 cepit
2176 1731 2429 1787 diabolus
2452 1772 2467 1798 ,
2500 1739 2562 1785 ut
2589 1747 2747 1787 suam
2777 1731 2956 1802 ipsius
2988 1729 3195 1785 faciant
3224 1730 3584 1785 voluntatem.

2002 1820 2102 1877 Dic
2132 1821 2293 1893 252
2339 1823 2505 1894 igitur
2539 1832 2595 1877 et
2634 1832 2690 1877 tu
2730 1838 2853 1894 qua:
2883 1823 3080 1879 beatus
3128 1820 3295 1877 David
3330 1820 3583 1877 dicebat:

2006 1910 2122 1977 Quo
2146 1912 2230 1965 ibo
2262 1929 2294 1965 a
2324 1912 2515 1980 spiritu
2547 1921 2637 1965 tuo
2658 1915 2684 1968 ?
2711 1922 2884 1982 etquo
2911 1928 2942 1964 a
2979 1911 3117 1980 facie
3147 1920 3239 1965 tua
3277 1911 3483 1981 fugiam
3504 1909 3590 1964 “?

2005 2002 2161 2058 Talia
2199 2004 2345 2059 enim
2390 2013 2652 2075 operatur
2705 2005 2970 2058 miracula
3006 2003 3436 2074 benignissimus
3482 2001 3591 2058 Do-

2003 2096 2186 2150 minus
2214 2103 2420 2151 noster.
2451 2096 2635 2151 Asina:
2681 2101 2916 2164 pereunt
2937 2093 3005 2157 ⁸³,
3038 2100 3098 2148 ιιι
3142 2109 3239 2147 rex
3272 2090 3439 2147 Israel
3473 2090 3584 2145 ﬁat.

2008 2187 2112 2244 Sed
2161 2188 2252 2244 ille
2287 2203 2412 2243 cum
2448 2185 2697 2243 Israelita
2747 2194 2925 2250 esset,
2956 2184 3145 2242 lsracli
3176 2185 3341 2239 datus
3368 2194 3451 2241 est
3484 2204 3498 2238 :
3534 2194 3588 2240 te

2005 2296 2136 2336 vero
2176 2297 2288 2336 non
2326 2280 2491 2336 habet
2537 2296 2661 2351 quae
2712 2278 2976 2334 enutrivit
3018 2284 3073 2332 et
3099 2277 3166 2331 ad
3219 2284 3431 2330 tantum
3466 2290 3590 2345 per-

2007 2369 2165 2425 duxit
2199 2369 2421 2426 virtutis
2462 2371 2676 2440 apicem
2724 2387 2736 2422 :
2781 2368 2877 2423 sed
2912 2367 3150 2422 vicinam
3180 2367 3328 2433 videt
3366 2367 3605 2439 proprio.

2007 2469 2205 2518 ornatu
2264 2464 2542 2518 decoram.
2600 2460 2709 2517 Sed
2768 2463 2897 2532 quia
2956 2476 3099 2515 unus
3170 2459 3595 2529 p0pulusosunt.

2006 2562 2276 2625 quotquot
2311 2554 2366 2608 in
2400 2554 2682 2611 Christum
2712 2562 2972 2624 sperant,
3004 2563 3058 2608 et
3086 2567 3233 2607 nunc
3264 2567 3374 2605 una
3408 2550 3609 2605 Eccle—.

2008 2646 2092 2703 sia
2143 2645 2235 2716 qui
2284 2643 2491 2701 Christi
2527 2653 2691 2712 sunt,
2738 2661 3056 2716 quanquam
3092 2659 3157 2699 ex
3208 2644 3397 2703 multis
3446 2643 3585 2698 locis

2007 2737 2360 2802 nominatur;
2389 2735 2592 2805 gaudet
2621 2737 2785 2791 etiam
2818 2735 3017 2802 patria,
3040 2741 3094 2789 et
3123 2734 3342 2788 laetatur
3365 2731 3590 2793 Domini

2007 2828 2538 2898 dispensationihus,
2574 2844 2751 2897 neque
2796 2828 3051 2883 amisisse
3080 2842 3139 2881 se
3180 2840 3352 2880 unum
3401 2824 3589 2888 virum

2006 2921 2318 2984 existimat,
2354 2921 2451 2975 sed
2499 2936 2598 2991 per
2629 2935 2798 2974 unum
2847 2927 2991 2975 totas
3038 2917 3315 2980 Ecclesias
3347 2915 3589 2985 acquisi-

2004 3012 2173 3067 visse.
2211 3011 2619 3066 Tantummodo
2643 3012 2908 3083 largiatur
2944 3010 3243 3074 Dominus,
3280 3020 3341 3066 ut
3371 3019 3426 3067 et
3446 3023 3588 3080 pra:-

2008 3112 2193 3160 scntes
2238 3104 2558 3168 videamus,
2607 3112 2662 3159 et
2707 3104 2961 3159 absentes
3011 3101 3302 3159 audiamus
3332 3111 3483 3158 tuum
3526 3100 3588 3157 in

2004 3194 2305 3267 Evangelia
2339 3194 2649 3265 profectum
2680 3210 2747 3255 ac
2779 3205 2993 3255 rectum
3026 3193 3402 3257 Ecclesiarum
3437 3192 3590 3259 ordie

2007 3303 2154 3342 nem.

2078 3489 2134 3543 2.
2190 3487 2428 3545 Proinde
2477 3503 2579 3559 age
2627 3488 3312 3556 viriliter,_corroborare,
3355 3496 3567 3558 etprae

309 3553 412 3606 τοῦ
440 3555 591 3621 λαοῦ,
615 3557 674 3609 ὂν
700 3559 985 3613 ἐπίστευσε
1012 3564 1079 3632 τῇ
1108 3561 1256 3632 δεξιᾷ
1294 3580 1387 3616 σου
1415 3565 1443 3617 ὁ
1473 3565 1752 3637 ’Υψιστος.
1788 3567 1900 3620 Kal.

2009 3581 2210 3653 populo
2234 3621 2250 3646 ,
2317 3597 2483 3651 quem
2515 3553 2786 3636 veredidit
2848 3553 3057 3637 dextrae
3088 3591 3196 3637 tua:
3244 3553 3585 3636 Altissimus.

313 3645 398 3707 ὡς
446 3648 662 3717 νοήμων
700 3649 1027 3723 κυὸἐρνησιν
1071 3653 1459 3725 ποιησάμενος,
1509 3656 1689 3727 πάσης
1737 3655 1906 3727 ζάλης

312 3737 431 3790 ἀπὸ
461 3737 570 3792 τῶν
611 3740 903 3811 αίρετικῶν
951 3747 1273 3816 πνευμάτων
1324 3747 1678 3818 ὲγειρομὲνης
1711 3747 1906 3819 ὑψηλό-

314 3844 478 3899 τερος
526 3830 818 3902 γενόμενος
847 3837 913 3904 τῇ
957 3834 1178 3910 γνώμῃ,
1211 3836 1543 3891 ἀϐάπτιστον
1575 3840 1688 3902 τοῖς
1729 3838 1905 3909 ἁλμυ-

322 3923 439 3999 ροῖς
492 3922 588 3976 καὶ
642 3928 859 3997 πικροῖς
916 3926 1013 3997 τῆς
1079 3928 1397 3993 κακοδοξίας
1450 3928 1657 4000 κύμασι
1717 3929 1906 3999 διαφύ-

315 4014 492 4067 λασσε
521 4012 632 4085 (19)
678 4017 778 4087 τὴν
823 4017 1044 4083 ὁλκάδα,
1078 4020 1363 4095 ἀναμένων
1410 4019 1507 4092 τὴν
1542 4019 1803 4093 γαλήνην,
1839 4021 1904 4092 ἦν

319 4108 543 4177 ποιήσει
589 4108 617 4159 ὁ
663 4107 886 4180 Κύριος,
930 4110 1149 4163 ἐπειδὰν
1194 4111 1405 4185 εὑρεθῇ⁸
1446 4112 1598 4184 φωνὴ
1631 4110 1759 4177 ἀξία
1808 4111 1902 4165 τοῦ

318 4198 677 4269 διαναστῆσαι
724 4200 888 4254 αὐτὸν
931 4202 1082 4279 προς⁴
1102 4202 1201 4273 τὴν
1237 4203 1552 4275 ἐπιτίμησιν
1591 4203 1701 4257 τῶν
1749 4221 1903 4257 πνευο

322 4291 514 4361 μάτων
563 4294 656 4346 καὶ
704 4293 805 4363 τῆς
854 4293 1146 4365 θαλάσσης.
1195 4296 1259 4349 El
1296 4296 1352 4350 δὲ
1400 4296 1576 4367 βούλει
1617 4299 1765 4368 ἡμᾶς
1791 4297 1902 4352 λοι-

319 4383 426 4437 πὺν
463 4383 568 4437 ὑπὸ
617 4386 714 4456 τῆς
760 4388 976 4456 μακρᾶς
1014 4387 1325 4459 ἀρρωστίας
1366 4390 1751 4460 ἐπειγομένους
1791 4390 1901 4463 (20)

318 4475 463 4546 πρὸς
522 4475 620 4545 τὴν
664 4477 977 4546 ἀναγκαίαν.
1026 4479 1203 4544 ἔξοδον
1268 4481 1664 4552 ἐπισκέψασθαι
1693 4523 1708 4546 ,
1766 4484 1903 4556 μήτε

319 4568 513 4640 καιρὸν
558 4571 857 4647 ἀναμείνῃς
917 4575 1051 4645 μήτε
1102 4576 1165 4628 τὸ
1221 4577 1349 4648 παρ’
1396 4577 1553 4648 ήμῶν
1611 4577 1896 4650 σύνθημα·

320 4661 518 4725 εἰδὼς,
569 4663 653 4716 ὅτι
707 4668 990 4737 πατρικοῖς
1048 4666 1374 4738 σπλάγχνοις
1434 4670 1599 4727 πᾶσα,
1647 4671 1900 4740 εὐκαιρία

320 4754 441 4806 ἐστὶ
490 4754 953 4858 περιπτύσσεσθαι
1008 4756 1198 4811 τέκνον
1257 4759 1578 4837 ἀγαπητὸν,
1635 4762 1730 4815 καὶ
1802 4760 1902 4815 λό-

320 4852 421 4910 γου
471 4845 670 4908 παν¹τὸς
714 4846 977 4917 κρείττων
1022 4851 1054 4918 ὴ
1092 4849 1233 4903 κατὰ
1275 4849 1452 4923 ψυχὴν
1497 4851 1754 4916 διάθεσις.
1796 4852 1900 4906 Βάέ-

2006 3673 2209 3742 Atque,
2240 3681 2297 3727 ut
2326 3673 2540 3742 peritus
2573 3672 2936 3743 gubernator,
2973 3680 3300 3743 tempestate
3332 3672 3481 3727 omni
3516 3673 3586 3725 ah

2006 3764 2390 3818 haereticorum
2433 3764 2614 3818 ventis
2638 3763 2878 3819 excitata
2929 3764 3182 3834 superior
3214 3764 3432 3827 animo,
3480 3763 3586 3817 im-

2006 3855 2298 3915 mersabile
2332 3855 2553 3913 custodi
2597 3855 2763 3911 salsis
2792 3864 2848 3910 et
2876 3857 3079 3911 amaris
3110 3870 3291 3926 prava:
3316 3855 3586 3917 doctrinm

2005 3945 2264 4001 ﬂuctibus
2317 3948 2638 4019 navigium;
2697 3957 3027 4018 exspectans
3090 3948 3581 4018 tranquillitatem,

2005 4054 2170 4109 quam
2202 4038 2364 4095 faciet
2386 4038 2687 4101 Dominus,
2730 4038 2897 4098 simul
2929 4047 2991 4093 ut
3024 4055 3130 4094 vox
3159 4038 3384 4099 inventa
3418 4038 3585 4095 fuerit
3686 4060 3693 4065 κ

2006 4131 2341 4202 όὶεηα,,ηιιιε
2370 4130 2554 4201 ipsum
2587 4131 2789 4187 excitet
2819 4140 2879 4189 ut
2908 4142 3102 4192 ventos
3130 4138 3186 4186 et
3216 4145 3370 4187 mare
3402 4130 3585 4186 incre-

2005 4230 2112 4294 pet.
2149 4222 2309 4290 Quod
2332 4224 2380 4280 si
2417 4240 2520 4280 nos
2535 4224 2657 4294 .jam
2686 4223 2848 4293 longa
2879 4223 3202 4294 aegritudine
3221 4231 3583 4294 properantes

2005 4314 2075 4369 ad
2116 4317 2489 4373 necessarium
2537 4315 2746 4374 exitum
2781 4316 3020 4371 invisere
3068 4315 3259 4386 cupis,
3299 4331 3402 4371 nec
3447 4325 3584 4371 tem-

2005 4421 2107 4477 pus
2155 4422 2259 4463 nec
2308 4423 2341 4461 a
2388 4408 2551 4465 nobis
2600 4409 2817 4479 signum
2858 4417 3176 4487 exspectes:
3215 4408 3418 4479 quippe
3456 4422 3582 4464 cum

2005 4499 2152 4557 scias
2185 4500 2395 4556 nullum
2439 4510 2655 4570 tempus
2707 4500 2955 4571 paternis
2989 4500 3293 4556 visceribus
3336 4514 3583 4556 commo-

2004 4587 2133 4643 dum
2164 4603 2273 4648 non
2307 4604 2431 4645 esse
2463 4587 2532 4644 ad
2575 4588 2761 4647 dilecti
2809 4589 2903 4644 ﬁlii
2930 4591 3311 4660 complexum,
3366 4604 3431 4643 ac
3464 4604 3582 4644 ser-

2003 4691 2165 4734 mone
2194 4678 2343 4733 omni
2375 4678 2808 4748 praestantiorem
2833 4694 2955 4734 esse
2980 4676 3577 4737 mentis-aﬂectionem.

2001 4767 2125 4823 Noli
2155 4784 2295 4823 onus
2328 4769 2539 4825 viribus
2583 4770 2778 4825 fortius
2812 4769 3119 4824 lamentari.
3169 4768 3224 4823 Si
3272 4769 3417 4823 enim
3464 4767 3582 4840 ipse

2001 4858 2107 4913 hoc
2145 4874 2297 4915 esses
2332 4859 2515 4914 oneris
2545 4867 2897 4929 portaturus,
2943 4874 3012 4913 ne
3060 4859 3140 4911 sic
3169 4858 3386 4927 quidem
3416 4874 3581 4927 grave

327 4950 419 5004 ρος
462 4935 520 4987 δὲ
567 4938 891 5009 ὑπερϐαῖνον
932 4939 1029 5010 τὴν
1069 4940 1297 5013 δύναμιν
1338 4944 1412 5015 μὴ
1459 4943 1666 5017 ὀδύρου.
1707 4946 1770 4998 Ei
1803 4946 1900 5016 μὲν

2009 4947 2175 5014 foret,
2226 4949 2324 5005 sed
2357 4964 2587 5019 prorsus
2627 4949 2992 5005 intolerabile.
3037 4946 3095 5003 Si
3140 4962 3269 5005 vero
3312 4946 3579 5006 Dominus

322 5023 434 5099 γὰρ
466 5025 627 5089 αὐτὸς
668 5023 736 5098 ἧς
769 5030 797 5082 ὁ
833 5029 1040 5100 μέλλων
1082 5032 1268 5109 φέρειν
1303 5034 1364 5087 τὸ
1397 5033 1687 5109 βάσταγμα
1720 5036 1899 5102 τοῦτο,

394 5197 442 5232 δ’
478 5197 624 5257 Psal.
664 5215 928 5273 cxxxvm,
972 5207 1024 5261 '7.
1099 5208 1193 5262 “1
1237 5209 1363 5281 Reg.
1397 5228 1471 5280 ix,
1503 5214 1568 5267 .5.

554 5355 935 5440 Ἀμφιβοχίμ
974 5371 1081 5419 etc.
1128 5364 1283 5421 Hunc
1311 5368 1529 5423 titulum
1560 5371 1805 5426 eruimus
1834 5390 1899 5426 ex

435 5426 608 5478 lClbllS
644 5429 815 5478 Consl.
862 5434 1057 5478 nrinm-
1102 5434 1263 5478 ΜρΛη
1298 5436 1401 5478 Vat
1465 5449 1512 5478 ρι
1550 5456 1659 5478 ιιηη
1687 5457 1749 5478 ον
1797 5441 1899 5478 nn-

324 5426 620 5506 codicibus
644 5426 839 5506 (loile
862 5434 1060 5500 primo,
1102 5434 1267 5497 Med..
1298 5436 1424 5493 Vat.
1465 5449 1517 5492 et
1550 5456 1659 5495 uno
1687 5457 1751 5495 ex
1797 5441 1902 5496 lle-

328 5494 625 5579 ειὶἰεί-ῌίίὶίί
655 5494 1091 5579 habent;tant_uin
1124 5508 1201 5579 τῷ
1220 5494 1386 5579 αύτῷ.

402 5565 509 5646 41])
543 5567 728 5646 Ὂνοι.
762 5567 835 5622 Ita
859 5570 1027 5646 Coisl.
1060 5565 1268 5646 primus
1300 5565 1355 5631 ei
1379 5577 1511 5634 Med.
1541 5596 1664 5637 cum
1689 5582 1904 5640 duobus

330 5633 599 5721 Regiisnet
635 5645 872 5721 utroque
896 5633 1525 5721 _Bigot'._Ed_itiAé19poi,
1557 5633 1761 5721 inimici
1776 5633 1904 5721 per;

328 5703 469 5760 sunt.
510 5703 628 5762 Non
675 5703 855 5764 exstat
895 5703 1007 5767 haec
1034 5717 1263 5784 epistola
1298 5703 1568 5777 inncodiee
1597 5703 1901 5779 llarlmano.

2008 5049 2185 5095 tecum
2216 5050 2416 5111 portat,
2457 5040 2617 5097 Jacta
2666 5057 2822 5115 super
2863 5040 3148 5099 Dominum
3184 5055 3365 5093 curam
3408 5050 3577 5108 tuam,

2075 5373 2185 5441 (l8)
2235 5371 2412 5440 Ὀρᾷν
2446 5369 2621 5439 ἡμᾶς.
2676 5371 2753 5424 Ita
2800 5370 3042 5440 plerique
3089 5386 3225 5426 is.
3273 5368 3412 5431 Editi
3443 5369 3575 5441 ὁρᾷν

2005 5444 2171 5514 ὑμᾶς,
2203 5452 2261 5495 ut
2296 5452 2346 5495 te
2371 5442 2591 5514 uideam.

2002 5584 2019 5597 ς
2043 5508 2187 5597 19)
2216 5512 2625 5580 Διαφύλασσε.
2657 5509 2735 5565 Ita
2765 5525 2897 5566 mss.
2941 5526 3157 5566 novem.
3200 5510 3345 5567 Editi
3381 5508 3575 5577 διαφύ·

2005 5582 2205 5724 Ααῗὲὃ)-
2233 5650 2706 5724 Ἐπᾳγομέτουρ
2745 5650 2913 5724 Coisl.
2946 5650 3157 5724 primus
3175 5652 3574 5724 ἐπαγομένους.

2078 5726 2095 5747 ‘
2126 5717 2275 5778 Alias
2301 5717 2616 5778 CCCXCIII.
2660 5721 2876 5792 Scripta
2916 5717 3060 5777 anno
3087 5722 3214 5779 374.
3307 5717 3337 5729 "
