3948 6214
1822 198 1883 214 su

353 300 447 357 651

1672 302 1732 366 S,
1774 302 2024 360 BASILII
2060 304 2277 367 MAGNI

3504 307 3613 364 631

349 424 413 505 et.
445 417 556 486 ipse
584 416 746 486 faciet
774 418 844 473 “.
885 419 1017 474 Sine
1047 428 1101 475 te
1147 419 1253 475 hoc
1295 436 1467 475 unum
1512 435 1890 477 commoneam
1914 465 1928 487 ,

2048 424 2156 478 ιύδὲ
2199 425 2374 489 οὕτως
2416 425 2482 480 ἄν
2531 423 2599 498 ἦν
2640 427 2819 501 βαρὺ,
2868 427 3004 483 ἀλλὰ
3038 426 3273 498 φορητὸν
3316 425 3430 495 (21)
3475 443 3615 487 παν-τ

349 515 411 561 ιιι
442 509 497 563 in
525 510 782 566 omnibus
826 525 1043 577 caveas,
1077 527 1147 567 ne
1188 513 1304 582 ipse
1333 515 1520 583 pravis
1551 515 1799 575 moribus
1822 530 1929 575 una

350 614 478 656 cum
500 600 625 657 aliis
645 602 939 675 abripiere,
959 603 1056 661 sed
1075 603 1213 657 mala
1228 619 1351 674 quae
1371 604 1527 674 prius
1546 605 1928 670 obtinuerunt,

350 707 450 763 per
476 692 660 748 datam
690 709 722 751 a
760 694 872 754 Deo
900 697 997 751 tibi
1019 696 1345 767 sapientiam
1375 698 1430 753 in
1477 699 1675 755 melius
1703 698 1933 761 transfe-

352 798 466 838 ras.
496 784 652 841 Misit
675 786 820 841 enim
850 794 904 842 te
937 786 1227 853 Christus,
1263 804 1373 842 non
1406 796 1464 843 ut
1494 789 1633 855 alios
1664 803 1927 859 sequare,

351 876 449 930 sed
490 885 549 930 ut
571 877 687 947 ipse
725 893 932 948 prmeas
978 878 1064 932 his
1102 879 1195 951 qui
1228 880 1530 939 salvantur.
1562 879 1706 947 Quin
1740 880 1927 945 etiam,

351 981 508 1037 rogo,
546 983 645 1038 pro
676 984 762 1023 me
789 971 1054 1039 preceris,
1086 980 1145 1026 ut
1179 972 1226 1027 si
1262 972 1444 1026 adhuc
1478 972 1535 1026 in
1568 972 1670 1027 hac
1702 974 1814 1030 vita
1845 988 1931 1029 re-

351 1073 571 1122 maneo,
604 1060 805 1131 dignus
830 1063 1035 1118 habear
1058 1064 1152 1133 qui
1183 1070 1236 1118 te
1263 1078 1372 1120 una
1406 1078 1529 1123 cum
1562 1070 1656 1117 tua
1682 1062 1931 1119 Ecclesia

350 1149 602 1218 videam;
635 1153 721 1208 sin
746 1154 875 1209 hinc
905 1154 1017 1224 jam
1050 1155 1203 1216 abire
1227 1156 1450 1224 juheor,
1484 1155 1597 1209 illic
1619 1170 1717 1210 vos
1745 1155 1934 1213 videas

349 1259 474 1298 inus
507 1244 650 1321 apud
671 1244 987 1311 Dominum,
1016 1248 1167 1302 illam
1192 1248 1435 1317 quidem,
1464 1256 1724 1317 tanquam
1742 1247 1930 1311 vitem,

348 1337 513 1393 bonis
535 1338 797 1408 operibus
821 1339 1166 1408 allluentem;
1192 1348 1246 1398 te
1266 1356 1417 1408 vero,
1442 1348 1701 1411 tanquam
1723 1339 1937 1411 sapien-

350 1440 460 1485 tem
513 1432 814 1502 agricolam
879 1439 934 1488 et
972 1433 1179 1487 bonum
1234 1448 1451 1491 servum
1487 1433 1750 1489 demenso
1800 1447 1936 1490 con-2

352 1523 527 1579 servis
572 1524 900 1594 tempestive
945 1524 1360 1591 distribuendo,
1404 1524 1710 1581 mercedem
1759 1523 1937 1580 ﬁdelis

353 1615 745 1687 prudentisque
779 1616 1190 1687 dispensatoris
1222 1625 1616 1690 reportantem.
1655 1616 1937 1688 Quotquot

353 1720 567 1761 mecum
602 1714 729 1762 sunt
753 1747 769 1773 ,
804 1709 1062 1778 pietatem
1108 1721 1261 1762 tuam
1297 1708 1558 1764 salutant.
1588 1706 1793 1763 Valens
1844 1708 1939 1764 lze-
1971 1705 1977 1711 ’

2030 517 2227 580 τελῶςι
2282 518 2332 570 εί
2380 517 2437 571 δὲ
2490 517 2696 590 Κύριος
2736 522 2766 574 ὁ
2818 519 3215 591 συνδιαφέρων,
3268 517 3611 585 Ἐπίῤῥιψογ

2029 608 2129 674 ἐπὶ
2177 609 2398 676 Κύριον
2434 607 2550 678 τὴν
2579 596 2877 681 μέριμνάν
2912 626 3047 677 σου,
3091 610 3192 664 καί
3224 609 3408 676 αὐτὸς
3437 607 3615 675 ποιήο,

2031 715 2146 754 σει.
2183 701 2360 765 Μόνον
2393 702 2570 756 έκεῖνο
2599 703 3046 774 παραφυλάσσειν
3075 703 3134 757 ὲν
3161 704 3295 756 πᾶσι
3323 700 3613 772 παρακλη-

2031 787 2176 862 θητι,
2211 791 2285 862 μὴ
2326 791 2488 855 αὐτὸς
2527 794 2642 856 τοῖς
2680 794 2971 865 μοχθηροῖς
3013 791 3158 848 ἔθεσι
3204 789 3613 863 συμπεριφέρε-

2031 884 2176 948 σθαι,
2206 868 2342 949 άλλά
2382 884 2453 951 τὰ
2488 884 2676 950 κακῶς
2702 874 3114 957 προειλημμένα
3144 883 3234 938 διὰ
3268 884 3369 955 τῆς
3395 882 3615 953 δεδομέα

2031 992 2130 1047 νης
2159 991 2241 1028 σοι
2273 975 2424 1048 παρὰ
2456 974 2589 1028 Θεοῦ
2619 976 2810 1044 σοφίας
2845 974 3189 1048 μετατιθέναι
3227 975 3362 1047 πρὸς
3392 973 3454 1027 τὸ
3481 975 3618 1046 χρὴ-

2032 1083 2210 1137 σιμον.
2247 1066 2360 1135 καὶ
2407 1065 2516 1138 γὰρ
2560 1067 2848 1127 ἀπέστειλέ
2889 1084 2949 1120 σε
3000 1066 3233 1140 Χριστὸς
3273 1066 3371 1136 οὐχ
3408 1066 3616 1136 ἑτέροις

2031 1157 2475 1229 κατακολουθεῖν,
2510 1159 2625 1212 ἀλλ’
2676 1159 2836 1213 αὑτὸν
2883 1159 3244 1230 καθηγεῖσθαι
3292 1158 3401 1211 τῶν
3445 1157 3616 1223 σωζο-

2038 1250 2234 1321 μένων.
2258 1251 2368 1323 καὶ
2396 1250 2822 1323 παρακαλοῦμεν
2851 1250 3246 1322 προσεύχεσθαι
3270 1249 3410 1319 ὑπὲρ
3434 1247 3613 1320 ἡμῶν,

2035 1343 2142 1408 ἵνα,
2176 1342 2270 1397 ἐὰν
2313 1321 2412 1414 μὲν
2445 1321 2526 1395 ἔτι
2569 1321 2843 1414 ὧμεννὲπὶ
2888 1321 2990 1414 τῆς
3036 1343 3180 1415 ζωῆς
3221 1341 3444 1412 ταύτης,
3488 1341 3617 1393 ἰδεῖν

2037 1448 2097 1486 σε
2152 1444 2291 1505 μετα
2351 1432 2452 1504 τῆς
2499 1432 2826 1504 Ἐκκλησίας
2884 1430 3341 1509 καταξιωθῶμεν·
3404 1429 3498 1482 ἐάν
3559 1428 3623 1505 δὲ,

2035 1522 2291 1577 ἀπελθεῖν
2338 1523 2524 1593 λοιπὸν
2568 1522 3019 1596 προσταχθῶμεν,
3067 1525 3183 1575 ἐκεῖ
3226 1521 3370 1592 ὑμᾶς
3416 1519 3618 1589 ἴδωμεν

2038 1615 2189 1687 παρὰ
2215 1614 2292 1686 τῷ
2329 1615 2539 1686 Κυρίῳ,
2587 1614 2684 1686 τὴν
2734 1613 2833 1687 μὲν
2881 1613 2958 1676 ὡς
3008 1610 3250 1683 ἄμπελον
3284 1607 3618 1680 εὐθηνοῦσαν

2039 1708 2125 1760 ἐπ’
2160 1706 2385 1776 ἀγαθοῖς
2428 1705 2643 1778 ἔργοις’
2687 1705 2747 1759 σὲ
2790 1705 2868 1771 δὲ,
2915 1705 2992 1768 ὡς
3034 1703 3196 1773 σοφὸν
3235 1699 3477 1772 γεωργὸν
3523 1698 3629 1776 και

353 1803 552 1867 tusque
582 1799 659 1854 sis
693 1798 748 1853 in
780 1797 1012 1854 Domino
1037 1818 1052 1855 :
1075 1800 1261 1863 clarus
1301 1800 1359 1854 in
1408 1800 1571 1857 donis
1606 1799 1845 1872 Spiritus
1880 1809 1935 1856 et

2048 1798 2238 1868 ὶγαθὸν
2269 1799 2451 1852 δοῦλον
2495 1800 2553 1851 ὲν
2599 1796 2779 1873 καιρῷ
2818 1796 3027 1857 διδόντα
3066 1797 3178 1859 τοῖς
3220 1791 3534 1865 ὁμοδούλοις
3559 1790 3621 1843 τὸ

354 1890 638 1959 sapientiae
664 1891 1021 1953 custodiaris.

2041 1891 2404 1963 σιτομέτριον,
2433 1890 2625 1957 πιστοῦ
2661 1891 2753 1944 καὶ
2789 1889 3051 1961 φρονίμου
3096 1886 3377 1957 οἰκονόμου
3407 1884 3501 1938 τὸν
3531 1900 3625 1954 μιτ

355 1983 480 2036 σθὸν
521 1984 898 2057 κομιζόμενον.
944 1989 1006 2044 Οί
1050 1987 1146 2040 σὺν
1178 1988 1308 2060 ἡμῖν
1349 1986 1550 2050 πάντες
1595 1986 1932 2053 ἀσπάζονταί
1976 2002 2070 2040 σου
2102 1986 2203 2058 τὴν
2236 1984 2541 2040 εὐλάϐειαν.
2583 1983 2920 2057 Ἐρῤωμένος
2949 1982 3043 2038 καὶ
3085 1980 3320 2055 εὔθυμος
3380 1979 3443 2032 ὲν
3503 1978 3633 2042 Κυι

356 2076 455 2148 ρίῳ
489 2075 639 2147 εἴης·
674 2077 978 2150 εὐδοκιμῶν
1022 2080 1115 2145 ἐπὶ
1147 2080 1451 2152 χαρίσμασι
1497 2079 1814 2152 Πνεύματος
1847 2080 1940 2148 καὶ
1978 2079 2168 2150 σοφίας
2203 2077 2551 2151 φυλαχθείης.

741 2233 902 2315 253
942 2233 1283 2302 EPISTOLA
1320 2233 1546 2291 CLXII'.

2535 2234 2882 2289 ΕΠΙΣΤΟΛΗ
2912 2233 3083 2309 Ρεῐιο.

356 2368 477 2437 Νοη.
491 2367 719 2437 desperat
744 2365 958 2437 Basilius
981 2382 1033 2432 se
1056 2366 1503 2437 precibusﬂusebii
1526 2368 1894 2437 ignpetrqturwn
1917 2407 1929 2428 ,
1951 2375 2031 2437 _ut_
2048 2369 2114 2419 ad
2137 2381 2247 2425 eum
2272 2368 2430 2437 veniat
2446 2406 2459 2427 ,
2484 2376 2530 2421 et
2553 2371 2721 2431 morbo
2739 2374 3070 2437 satietur,_quo
3090 2381 3122 2437 α
3141 2367 3221 2419 die
3243 2367 3452 2437 Pascha:

413 2430 477 2501 ait
502 2426 627 2501 [cuitu
665 2427 796 2501 diem
836 2426 1340 2501 laborq.t_,'t_am.vario
1373 2437 1417 2501 et
1456 2426 1718 2492 multipliCi
1742 2428 1793 2480 ut
1817 2426 2031 2495 exprimi
2067 2444 2160 2501 non
2190 2429 2361 2495 possit.
2390 2434 2567 2495 Sperat
2589 2426 2749 2481 lumen
2793 2430 3069 2499 Barachum
3092 2429 3293 2493 fratrem
3332 2429 3449 2480 satis
3469 2426 3635 2495 mtiltq',

413 2490 688 2551 dicturum,
711 2497 761 2542 ut
794 2505 943 2543 causa
958 2490 1209 2547 dilationis
1232 2494 1481 2555 probetur.

652 2596 887 2655 Eusebio
907 2639 923 2664 ,
957 2601 1200 2671 episcopo
1226 2600 1651 2663 Samosatorum.

424 2712 659 2769 Videtur
682 2728 770 2769 me
799 2729 889 2775 res
919 2714 1107 2770 eadem
1141 2723 1195 2770 et
1222 2714 1438 2770 tardum
1485 2715 1665 2771 facere
1695 2715 1761 2769 ad
1799 2715 1938 2771 scri-

352 2805 594 2861 bendum
619 2846 636 2875 ,
668 2814 723 2862 et
755 2822 952 2873 rursus
982 2808 1259 2873 scribendi
1290 2810 1678 2875 necessitatem
1720 2807 1941 2881 afferre.

354 2898 493 2952 Cum
534 2899 681 2953 enim
735 2900 802 2955 ad
853 2899 1073 2955 itineris
1128 2898 1235 2955 mei
1279 2899 1519 2977 respicio
1561 2898 1839 2964 debitum,
1886 2907 1942 2954 et

354 3004 689 3060 congressus
740 2991 1166 3046 emolumentum
1215 2990 1544 3056 considero,
1593 2992 1756 3070 plane
1806 2989 1942 3046 mihi

354 3083 622 3150 epistolas
674 3088 1032 3147 contemnere
1084 3081 1271 3151 subit,
1322 3089 1382 3135 ut
1433 3096 1556 3152 quae
1606 3097 1673 3136 ne
1730 3081 1940 3135 umbrae

354 3170 580 3243 quidem
615 3171 885 3225 rationem
932 3172 1151 3241 explere
1182 3171 1399 3240 possint
1421 3210 1435 3234 ,
1468 3171 1515 3227 si
1549 3186 1674 3224 cum
1709 3170 1940 3234 veritate

356 3271 773 3335 comparentur.
796 3269 800 3272 ‘
820 3262 1040 3327 Rursus
1071 3270 1255 3330 autem
1301 3277 1426 3317 cum
1477 3262 1657 3334 cogito
1688 3262 1791 3325 hoc
1820 3263 1945 3316 uni-

356 3370 483 3421 cum
540 3355 798 3411 solatium
850 3353 1106 3410 maximis
1149 3360 1204 3415 et
1256 3352 1545 3425 praecipuis
1594 3353 1807 3423 privato
1850 3369 1944 3410 su-

355 3462 616 3519 peresse,
654 3454 714 3502 ut
760 3447 938 3507 virum
973 3454 1186 3501 tantum
1242 3432 1505 3510 salutem,
1551 3454 1604 3504 et
1650 3462 1749 3517 pro
1792 3461 1946 3502 more

358 3540 529 3599 solito
552 3555 761 3611 rogem,
793 3547 852 3596 ut
890 3554 957 3593 ne
1003 3539 1108 3597 mei
1140 3538 1501 3594 obliviscatur
1548 3540 1603 3593 in
1652 3540 1949 3609 precibus;

358 3634 510 3696 subit
537 3633 673 3687 mihi
702 3633 915 3689 litteras
944 3646 1052 3687 non
1084 3630 1238 3703 parvi
1275 3632 1477 3698 facere.
1526 3633 1603 3688 Ac
1632 3647 1785 3709 spem
1824 3632 1949 3702 qui-

359 3728 484 3783 dem
530 3727 797 3783 adventus
838 3740 942 3781 nec
981 3726 1099 3796 ipse
1131 3724 1402 3795 projicere
1435 3726 1620 3781 animo
1651 3726 1811 3789 volo,
1845 3740 1948 3783 nec

358 3827 511 3885 tuam
559 3820 817 3890 pietatem
849 3819 1164 3889 desperare.
1206 3816 1383 3873 Pudet
1411 3819 1558 3873 enim
1609 3832 1716 3881 me,
1747 3817 1793 3872 si
1834 3832 1948 3871 non

359 3915 624 3987 precibus
653 3913 779 3987 tuis.
800 3920 1017 3969 tantum
1049 3911 1239 3977 videar
1258 3910 1558 3975 conlidere,
1587 3919 1649 3965 ut
1679 3910 1763 3966 vel
1791 3910 1952 3980 juve-z

360 4006 450 4073 riis
480 4020 545 4059 ex
580 4019 712 4060 sene
744 4003 867 4058 fiam
889 4044 903 4067 ,
942 4003 990 4060 si
1023 4002 1125 4057 hoc
1159 4002 1533 4058 necessarium
1567 4000 1674 4066 sit,
1711 4016 1820 4055 non
1857 4016 1950 4057 so-

359 4095 476 4151 lum
507 4098 669 4167 paulo
719 4097 1013 4159 valentior,
1046 4113 1115 4166 ex
1168 4095 1389 4151 infirmo
1438 4102 1493 4150 et
1534 4109 1767 4165 prorsus
1810 4102 1950 4150 atte-

362 4202 553 4254 nuato,
589 4191 770 4262 qualis
810 4205 946 4246 sane
980 4204 1131 4245 nunc
1163 4205 1305 4245 sum.
1342 4188 1454 4245 Cur
1478 4194 1660 4243 autem
1694 4187 1809 4257 jam
1838 4203 1950 4243 non

364 4282 568 4352 adsim,
591 4298 789 4338 causas
835 4281 1017 4337 verbis
1050 4282 1236 4337 dicere
1269 4279 1416 4335 haud
1450 4279 1583 4333 mihi
1625 4278 1809 4353 facile,
1838 4296 1949 4337 non

364 4375 547 4433 solum
598 4373 854 4445 praesenti
908 4373 1226 4434 infirmitate
1277 4370 1576 4442 impedito,
1625 4371 1721 4426 sed
1782 4372 1947 4427 etiam

2304 2602 2593 2667 Εὑσεϐίῳ,
2629 2601 2941 2671 ἐπισκόπῳ
2972 2599 3357 2670 Σαμοσάτων.

2117 2715 2302 2770 Ἔοικέ
2335 2732 2425 2787 μοι
2465 2714 2621 2770 τοῦτο
2648 2716 2742 2769 καῖ
2778 2716 2936 2769 ὄκνον
2968 2716 3216 2787 ἐμποιεῖν
3243 2716 3382 2786 πρὸς
3404 2714 3467 2767 τὸ
3488 2716 3637 2787 γρά-⁵

2043 2824 2186 2881 φειν,
2224 2808 2318 2876 καὶ
2352 2808 2648 2875 ἀναγκαῖον
2675 2807 2808 2875 αὐτὸ
2834 2805 2995 2863 πάλιν
3024 2804 3420 2867 ὑποδεικνύναι.
3455 2805 3636 2875 Ὅταν,

2046 2901 2144 2969 μὲν
2182 2899 2290 2970 γάρ
2338 2899 2475 2971 πρὸς
2518 2899 2581 2951 τὸ
2619 2899 2720 2970 τῆς
2765 2898 3063 2970 ἐπιδημίας
3106 2900 3207 2969 τῆς
3250 2896 3489 2968 ἐμαυτοῦ
3525 2898 3642 2961 ἀπο,

2045 2991 2138 3044 ίδω
2172 2991 2281 3062 (22)
2308 2990 2487 3061 χρέος,
2516 2990 2610 3047 καὶ
2652 2990 2714 3043 τὸ
2749 2989 2852 3060 τῆς
2894 2989 3182 3061 συντυχίας
3218 2988 3640 3060 ὑπολογίσωμαιί

2043 3083 2255 3152 ὄφελος,
2291 3083 2434 3136 πάνυ
2478 3099 2567 3153 μοι
2600 3082 2710 3135 τῶν
2748 3080 3046 3134 ἐπιστολῶν
3089 3080 3363 3152 ὑπερορᾷν
3395 3076 3638 3153 ἔπεισιν,Δ

2046 3176 2123 3239 ὡς
2151 3176 2273 3229 οὐδὲ
2313 3177 2471 3238 σκιᾶς
2498 3173 2658 3241 λόγον
2685 3173 2991 3245 ἐκπληροῦν
3016 3170 3328 3243 δυναμένων
3360 3170 3498 3243 πρὸς
3531 3168 3630 3239 τὴν

2044 3268 2302 3341 ᾲλήθειαν
2323 3285 2336 3299 ·
2367 3269 2494 3322 ὅταν
2522 3267 2579 3335 δὲ
2615 3265 2777 3325 πάλιν
2820 3264 3144 3336 λογίσωμαι,
3176 3265 3257 3318 ὅτι
3287 3264 3424 3333 μόνη
3453 3279 3647 3334 παρατ

2049 3359 2217 3431 μυθία
2260 3361 2377 3414 ἐστὶ
2412 3359 2522 3413 τῶν
2554 3358 2827 3431 μεγίστων
2860 3344 2954 3412 καὶ
2991 3356 3222 3428 πρώτων
3263 3357 3635 3429 διαμαρτόντα

2047 3456 2360 3527 προσειπεῖν
2415 3452 2584 3524 ἄνδρα
2651 3448 2941 3521 τοσοῦτον,
3004 3451 3100 3504 καὶ
3171 3449 3449 3503 ἱκετεῦσαι
3504 3466 3631 3502 συν-

2047 3546 2191 3619 ήθως
2218 3545 2353 3617 (25),
2389 3543 2528 3598 ὥστε
2573 3543 2648 3615 μὴ
2691 3541 3145 3599 ἐπιλανθάνεσθαι
3188 3540 3350 3612 ἡμῶν
3390 3541 3486 3594 ἐπὶ
3525 3540 3641 3610 τῶνΔ

2048 3633 2386 3708 προσευχῶν,
2415 3633 2476 3686 οὐ
2509 3632 2703 3704 μικρόν
2731 3631 2784 3684 τί
2816 3648 2910 3702 μοι.
2937 3632 3142 3702 κρίνειν
3180 3632 3243 3684 τὸ
3283 3630 3391 3684 τῶν
3419 3633 3637 3684 ἐπιστο-

2046 3728 2154 3782 λῶν
2184 3729 2380 3782 ἔπεισι.
2409 3725 2520 3798 Τὴν
2553 3726 2653 3798 μὲν
2695 3720 2787 3780 οῦν
2830 3724 3022 3779 ἐλπίδα
3052 3725 3152 3795 τῆς
3177 3724 3483 3796 παρουσίας
3509 3723 3635 3778 οὔτε

2049 3818 2211 3883 αὐτὸς
2240 3816 2393 3889 ῥίψαι
2420 3816 2522 3887 τῆς
2553 3815 2733 3889 ψυχῆς
2772 3814 3053 3887 βούλομαι,
3083 3812 3207 3887 οὔτε
3244 3816 3343 3893 τῂν
3384 3814 3485 3886 σὴν
3518 3814 3636 3869 θεο-

2052 3910 2267 3965 σέϐειαν
2295 3896 2627 3979 ἀπογνῶναι.
2650 3898 3006 3980 Ἀίσχύνομαι
3032 3907 3142 3979 γάρ
3174 3909 3221 3960 εί
3248 3908 3322 3979 μὴ
3361 3911 3485 3970 ταῖς
3514 3909 3637 3971 σαῖς

2050 4004 2236 4074 εὐχαῖς
2276 4002 2530 4057 τοσοῦτον
2575 4001 2800 4073 φανείην
2837 3999 3073 4071 θαρσῶν,
3109 4000 3185 4063 ὼς
3228 3998 3323 4052 καὶ
3371 3999 3492 4062 νέος
3518 3998 3633 4070 (24)

2050 4098 2116 4152 ὲκ
2145 4097 2396 4169 γέροντος
2428 4094 2673 4165 ἔσεσθαι,
2722 4096 2771 4147 εί
2817 4092 3007 4147 τούτου
3059 4092 3269 4161 γένοιτο
3316 4090 3497 4163 χρεία,
3535 4092 3636 4162 οὐχ

2050 4188 2200 4251 ὅπως
2246 4185 2715 4259 ὲρῤωμενέστερος
2757 4182 2957 4255 μικρὸν¹
2998 4182 3058 4249 ἐξ
3103 4180 3364 4245 ἀσθενοῦς
3405 4182 3500 4234 καὶ
3548 4178 3638 4246 ἐξ-

2055 4279 2234 4351 ιτήλου
2265 4278 2630 4343 παντάπασιν,
2653 4278 2833 4341 ὁποῖος
2854 4276 2918 4347 δὴ
2937 4275 3032 4343 νῦν
3056 4277 3194 4346 είμι.
3214 4274 3319 4328 Τοῦ
3340 4274 3397 4327 δὲ
3429 4275 3505 4347 μὴ
3532 4274 3633 4346 ἤδη

2052 4373 2310 4444 παρεῖναι
2337 4369 2407 4424 τὰ
2428 4368 2576 4445 αῖτια
2604 4369 2747 4440 λόγῳ
2768 4368 2868 4440 μὲν
2893 4369 3066 4421 εἰπεῖν
3087 4368 3146 4422 οὐ
3169 4368 3371 4440 ῥᾴδιον,
3389 4368 3450 4420 ού
3476 4367 3637 4439 μόνον

364 4482 652 4537 nunquam
700 4466 924 4530 habenti
975 4473 1186 4529 tantam
1237 4464 1456 4524 dicendi
1501 4463 1840 4530 facultatem,
1892 4475 1943 4519 ιιι

2053 4464 2158 4518 ὑπὸ
2189 4465 2290 4534 τῆς
2317 4461 2598 4534 παρούσης
2625 4461 2908 4524 ἀσθενείας
2941 4447 3324 4531 ὲξειργομένῳ,
3364 4457 3480 4512 ἀλλ’
3511 4457 3643 4512 οὐδὲ,

362 4558 726 4629 multiplicem
771 4571 837 4619 ac
881 4555 1094 4617 varium
1140 4555 1392 4610 morbum
1431 4556 1722 4626 perspicue
1766 4554 1950 4624 expri-

363 4666 534 4707 mam.
572 4648 842 4704 Caeterum
874 4662 905 4704 a
934 4646 1023 4701 die
1059 4645 1286 4713 Pascha;
1309 4662 1485 4716 usque
1515 4646 1583 4701 ad
1622 4647 1768 4701 hunc
1801 4646 1947 4701 diem

365 4743 582 4807 febres,
621 4728 834 4800 ventris
864 4738 1262 4802 resolutiones,
1295 4747 1351 4792 et
1393 4738 1670 4793 viscerum
1702 4752 1948 4793 commo-

365 4833 570 4897 tiones,
616 4831 762 4893 sicut
806 4829 1006 4893 ﬂuctus
1057 4844 1147 4889 me
1201 4828 1619 4900 irpmergentes,
1668 4843 1948 4899 emergere

441 4994 488 5028 ιδ
524 4992 673 5050 Psal.
703 5005 815 5057 Liv,
844 4989 938 5047 ‘23.

446 5152 470 5177 ’
489 5149 640 5205 Alias
667 5145 936 5203 CCLVIII.
970 5146 1190 5218 Scripta
1216 5145 1500 5218 annobﬂ.

444 5221 557 5293 (21)
600 5212 1123 5295 _'A.1.1_&_gaopntdy_'.
1169 5217 1482 5295 [tegendum
1529 5212 1838 5295 ἀφόρητον,
1894 5220 1957 5295 ut

375 5287 707 5348 sententiam
743 5287 1039 5345 habeamus
1067 5287 1271 5343 Basilio
1303 5287 1546 5358 dignam.
1583 5287 1701 5339 Non
1733 5287 1954 5358 enim_is

374 5370 495 5418 erat
526 5359 621 5431 qui
654 5358 968 5432 episcopale
988 5375 1131 5416 onus
1159 5359 1281 5413 sine
1304 5354 1526 5413 Christo
1557 5370 1788 5427 prorsus
1818 5354 1954 5409 tole-

377 5432 551 5486 rabile
579 5429 806 5485 diceret.

409 5445 551 5486 aDllc
579 5445 806 5485 GICCI‘CI.

377 5449 551 5488 1⁵301113
579 5449 806 5485 (ηοω-ει.

450 5501 564 5570 (22)
601 5499 965 5571 Ἁπίδω.ί8ἰο
994 5515 1129 5556 mss.
1166 5506 1396 5571 septem.
1430 5495 1575 5553 Editi
1607 5495 1795 5551 ὲπίδω.
1830 5493 1952 5550 Mox

379 5572 508 5633 editi
543 5570 684 5624 πάνυ
718 5587 805 5641 με.
832 5570 967 5626 Octo
989 5586 1121 5641 mss.
1160 5571 1301 5624 πάνυ
1332 5586 1444 5641 μοι.
1486 5638 1494 5641 _
1566 5638 1575 5641 _
1642 5637 1653 5641 _
1724 5584 1727 5585 ν

453 5636 922 5713 (25)-Συιοήβως.
985 5639 1077 5697 Sic
1131 5649 1245 5697 tres
1300 5636 1659 5701 vetustissimi
1713 5636 1947 5694 codices.

381 5709 526 5787 Editi
553 5711 620 5768 τὰ
642 5709 869 5785 συνήθη.

2057 4555 2236 4627 σχόντι
2261 4556 2392 4609 ποτὲ
2414 4554 2683 4623 τοσαύτην
2709 4551 2803 4606 τοῦ
2836 4551 2995 4622 λόγου
3044 4550 3291 4621 δύναμιν,
3318 4549 3459 4604 ὥστε
3497 4567 3635 4618 mv—

2053 4627 2294 4718 τοδαπὴν
2325 4646 2439 4717 (25)
2484 4646 2580 4700 καῖ
2624 4645 2882 4716 ποικίλην
2912 4643 3067 4697 νόσον
3110 4642 3451 4713 ἐξαγγεῖλαι.
3481 4645 3631 4714 Πλὴν

2054 4738 2135 4792 ὅτι
2161 4737 2270 4793 ἀπὸ
2300 4737 2402 4809 τῆς
2433 4737 2647 4810 ἡμέρας
2688 4736 2783 4790 τοῦ
2825 4736 3018 4807 Πάσχα
3065 4735 3227 4808 μέχρι
3266 4736 3361 4790 νῦν
3390 4736 3503 4807 (-26)
3530 4756 3636 4791 πυ-

2057 4829 2205 4904 ρετοῖ
2238 4830 2333 4886 καὶ
2375 4816 2671 4907 διάρροιαι,
2715 4829 2809 4903 καὶ
2850 4827 3174 4900 σπλάγχνων
3214 4829 3634 4896 ἐπαναστάσεις,

2088 5212 2100 5224 .
2126 5140 2240 5211 (24)
2276 5141 2802 5225 Passim-ﬁs
2824 5138 2998 5225 ιιεῑιεν
3020 5136 3189 5225 ορῖεις
3212 5134 3640 5225 ντίωεεξξιρὲεῖ

2054 5205 2368 5300 rique'aliif
2388 5212 2569 5300 Editio
2610 5205 2651 5267 I'
2678 5212 2857 5300 Paris.
3009 5208 3108 5275 καὶ
3132 5205 3306 5300 viai-3;.

2055 5284 2106 5336 εί
2125 5279 2226 5334 καὶ
2257 5281 2415 5336 τοῦτο
2439 5284 2649 5351 γένοιτο
2671 5286 2873 5355 χρεῖος.
2905 5279 3109 5334 Novem
3135 5293 3268 5333 mss.
3295 5284 3355 5330 ut
3382 5279 3436 5330 in
3460 5282 3637 5343 textu,

2055 5352 2165 5408 nisi
2187 5353 2338 5477 guod
2376 5354 2431 5407 in
2468 5354 2643 5409 tribus
2676 5351 3072 5408 recentioribus
3093 5348 3289 5418 legitur
3318 5346 3565 5428 γένηται..
3620 5412 3633 5424 .

2127 5423 2183 5477 (2
2226 5427 2240 5477 l
2273 5423 2694 5477 Παντοδαπήν.
2714 5422 2961 5477 Ouatuor
2975 5434 3111 5475 mss.
3142 5433 3251 5473 non
3276 5426 3637 5475 vetustussnmt

2127 5422 2240 5509 (βῦ)
2273 5423 2694 5509 Πρντοδαπήν.
2714 5422 2961 5490 Quatuor
2975 5434 3111 5475 mss.
3142 5433 3251 5473 non
3276 5422 3639 5475 vetustissimi

2056 5494 2262 5549 addunt
2289 5494 2450 5549 οὕτω.

2098 5563 2240 5637 [26)
2269 5563 2457 5637 Μέχρι
2491 5565 2628 5637 [ὗν.
2654 5562 2755 5637 ’δίο
2780 5571 2894 5618 tres
2927 5557 3290 5637 διεψεῑὶεεὶιηί
3329 5554 3555 5612 codices
3584 5560 3641 5616 et

2060 5636 2152 5694 alii
2182 5630 2454 5693 nonnulli.
2490 5634 2633 5700 Editi
2675 5633 2835 5707 μέχρι
2860 5630 2955 5686 τοῦ
2989 5630 3103 5688 νῦν.
