3948 6214
241 293 341 349 ειι

1145 290 1638 350 EPISTOLARUM
1675 272 1964 350 CLASSIS
1999 274 2065 349 it.
2108 291 2330 349 EPIST.
2387 291 2622 350 CLXIX.

3318 244 3323 249 ⁷
3412 286 3519 358 eis

237 410 342 482 τῆς
365 409 461 465 τοῦ
480 409 723 465 τοιούτου
752 409 1008 482 ποιμένος
1046 411 1401 476 ἐπιστασίας,
1432 413 1687 467 τοσοῦτον
1726 431 1828 485 μα-

1940 422 2042 467 tam
2073 412 2339 485 regimine
2366 453 2380 477 ,
2411 420 2624 467 tantum
2660 411 2847 470 felices
2874 428 2975 471 vos
3008 415 3247 486 prmdico
3271 455 3288 483 ,
3316 418 3518 489 quibus

237 502 453 574 καρίζω
476 504 619 574 ὑμᾶς
640 502 1077 569 καταξιωθέντας
1102 506 1164 558 ἐν
1183 504 1411 576 τοιούτῳ
1440 506 1619 578 καιρῷ
1648 511 1828 561 συνεῖ-

240 610 329 647 ναι
384 593 541 663 ἀνδρὶ
595 592 688 647 τὸν
751 593 926 664 μέγαν
987 588 1129 665 ὑπὲρ
1183 593 1286 663 τῆς
1344 595 1626 660 εὐσεϐείας
1684 597 1829 666 (54)

239 682 549 740 διαθλοῦντι
582 682 792 752 ἀγῶνα.
824 684 1138 755 Πέπεισμαι
1167 684 1298 756 γάρ,
1331 687 1414 739 ὅτι
1444 688 1473 740 ὁ
1506 686 1710 759 Κύριος
1735 685 1831 741 καὶ

242 778 390 847 ὑμᾶς
433 777 533 848 τῆς
583 776 755 847 αὐτῆς
811 776 1028 848 μερίδος
1070 776 1418 844 καταξιώσει,
1472 782 1598 843 τοὺς
1651 780 1833 844 καλῶς

241 866 565 935 ἀλείφοντας
597 866 694 921 καὶ
735 868 1120 938 ἐπεγείροντας
1157 868 1322 921 αὐτοῦ
1359 869 1457 940 τὴν
1500 870 1827 943 προθυμίαν.

253 958 475 1013 Ἦλίκον
512 958 570 1012 δὲ
608 957 801 1030 κέρδος
842 960 900 1012 ἐν
940 960 1143 1031 ἠσυχίᾳ
1184 958 1377 1032 βαθείᾳ
1413 961 1708 1016 ἀπολαύειν
1731 964 1832 1017 ἀν-

242 1050 368 1121 δρὸς
416 1049 657 1103 τοσαῦτα
700 1050 799 1120 μὲν
854 1051 920 1103 ἐκ
971 1050 1072 1121 τῆς
1122 1049 1451 1122 μαθήσεως,
1494 1053 1733 1106 τοσαῦτα
1773 1053 1833 1108 δὲ

243 1140 308 1193 ἐκ
329 1139 432 1210 τῆς
457 1138 653 1211 πείρας
683 1139 792 1192 τῶν
837 1140 1178 1210 πραγμάτων
1218 1139 1628 1210 συνειληχότοςέ
1669 1142 1833 1196 ’Ὥστε

244 1230 550 1301 πέπεισμαι
587 1230 734 1301 ὑμᾶς
780 1229 878 1284 νῦν
925 1229 1222 1299 ἐγνωκέναι
1266 1230 1357 1284 τὸν
1403 1231 1591 1304 ἄνδρα,
1645 1226 1834 1305 ἡλίκος

244 1323 361 1378 ἐστὶ
381 1323 484 1395 τὴν
510 1322 744 1377 σύνεσινο
777 1323 914 1379 διότι
940 1324 998 1376 ἐν
1032 1323 1112 1395 τῷ
1149 1324 1474 1395 παρελθόντι
1517 1314 1696 1398 χρόνῳ
1738 1328 1835 1381 καὶ

244 1414 409 1480 αὐτὸς
438 1414 541 1486 τὴν
567 1415 806 1469 διάνοιαν
838 1410 983 1487 εἶχεν
1021 1418 1100 1480 είς
1138 1416 1311 1470 πολλὰ
1348 1417 1692 1491 σχιζομένην,
1739 1405 1835 1473 καῖ

245 1504 404 1576 ὑμεῖς
440 1505 543 1558 οὐκ
573 1505 737 1576 ἤγετε
770 1504 966 1575 σχολὴν
1008 1503 1116 1558 ἀπὸ
1153 1503 1262 1558 τῶν
1290 1504 1386 1558 τοῦ
1420 1504 1535 1574 βίου
1570 1505 1834 1576 πραγμά-

243 1614 373 1661 των,
417 1595 560 1649 ὥστε
596 1595 710 1649 ὅλοι
748 1594 1107 1666 προσκεῖσθαι
1136 1593 1214 1665 τῷ
1250 1594 1606 1667 πνευματικῷ
1632 1597 1836 1668 νάματι

243 1689 323 1759 τῷ
359 1689 472 1742 ἀπὸ
517 1687 765 1760 καθαρᾶς
813 1687 1042 1758 καρδίας
1082 1687 1175 1740 τοῦ
1216 1688 1412 1760 ἀνδρὸς
1460 1689 1833 1760 προχεομένῳ,

1936 505 2170 575 contigit
2205 505 2479 572 ejusmodi
2511 513 2759 575 tempore
2786 521 2912 562 cum
2947 508 3068 563 viro
3094 522 3221 564 esse
3259 523 3517 581 magnum

1934 604 2037 666 pro
2081 598 2284 666 pietate
2310 604 2587 653 certamen
2620 596 2957 653 decertante.
2993 597 3328 655 Persuasum
3369 601 3519 656 enim

1936 687 2071 741 mihi
2120 694 2205 743 εει
2258 703 2356 745 vos
2400 703 2639 759 quoque,
2693 705 2724 743 a
2778 690 2983 761 quibus
3035 706 3312 762 propensa
3370 691 3522 748 illius

1936 779 2193 836 voluntas
2227 781 2491 852 praeclare
2518 781 2799 836 excitatur
2827 791 2882 837 et
2910 784 3298 838 exstimulatur
3317 824 3332 847 ,
3365 797 3522 838 eam-

1937 870 2060 926 de‘m
2092 877 2295 927 sortem
2332 887 2361 925 a
2392 871 2625 926 Domino
2668 882 3089 931 consecuturos.
3127 873 3404 942 Quantum
3430 891 3524 931 auo

1938 949 2054 1018 tem'
2071 962 2289 1016 lucrum
2317 963 2372 1016 in
2397 976 2614 1018 summo
2643 964 2757 1019 otio
2783 965 2990 1035 perfrui
3020 968 3139 1021 viro
3169 972 3250 1020 tot
3277 981 3341 1022 ac
3370 974 3523 1021 tanta

1937 1060 2052 1107 tum
2078 1069 2146 1109 ex
2173 1053 2448 1118 doctrina,
2487 1064 2604 1109 tum
2635 1071 2703 1110 ex
2737 1072 2920 1112 rerum
2946 1059 3289 1128 experientia
3325 1073 3524 1115 cense-

1938 1146 2105 1199 cuto!
2147 1144 2328 1211 Quare
2357 1156 2509 1201 certo
2548 1146 2666 1202 scio
2702 1148 2863 1204 vobis
2898 1164 3047 1205 nunc
3076 1150 3296 1205 demum
3327 1151 3521 1222 cogni-

1939 1244 2057 1292 tum
2103 1253 2229 1294 esse
2278 1239 2461 1293 virum
2505 1238 2661 1293 illum
2688 1280 2703 1303 ,
2743 1242 2892 1311 quali
2939 1242 3012 1296 sit
3047 1241 3371 1313 prudentia;
3405 1256 3524 1313 pro.

1939 1332 2131 1401 pterea
2171 1331 2317 1401 quod
2345 1331 2625 1401 praeterito
2651 1337 2896 1403 tempore
2909 1336 3095 1402 ctlpse
3110 1333 3524 1388 tnentemhabe-
3567 1318 3591 1343 ⁸

1940 1420 2034 1475 bat
2080 1421 2134 1475 in
2168 1423 2340 1476 multa
2370 1421 2691 1477 distractam
2714 1462 2729 1488 ,
2770 1438 2874 1479 nec
2916 1425 3073 1480 vobis
3101 1431 3317 1479 tantum
3345 1432 3460 1479 erat
3492 1436 3524 1480 a

1938 1511 2065 1567 vitae
2120 1514 2358 1585 negotiis
2423 1514 2545 1577 etii,
2615 1521 2677 1569 ut
2738 1515 2842 1569 tuti
2891 1514 3056 1587 258
3127 1516 3528 1575 accumbentis

1942 1606 2009 1660 ad
2048 1606 2339 1676 spirituale
2384 1606 2651 1662 lluentum
2683 1622 2715 1663 e
2739 1620 2880 1678 puro
2909 1609 3014 1663 viri
3054 1618 3278 1679 pectore
3306 1625 3525 1681 proma-

1944 1709 2104 1751 nans.
2144 1696 2249 1752 Sed
2278 1698 2547 1770 largiatur
2575 1698 2862 1767 Dominus,
2894 1702 2955 1755 u‘t
2983 1706 3039 1755 et
3082 1717 3181 1758 vos
3211 1705 3262 1758 ei
3295 1703 3419 1759 sitis
3443 1718 3522 1759 so-

257 1780 420 1835 Ἀλλὰ
443 1779 720 1852 παράσχοι
749 1780 778 1831 ὁ
806 1774 1008 1850 Κύριος
1030 1780 1175 1849 ὑμᾶς
1195 1780 1292 1833 καὶ
1322 1780 1473 1851 αὑτῷ
1498 1781 1834 1852 παράκλησιν

1944 1787 2096 1850 latio,
2124 1796 2178 1843 et
2210 1789 2316 1859 ipsi
2355 1791 2591 1846 aliorum
2634 1807 2745 1847 non
2790 1792 3085 1864 indigestis
3120 1795 3524 1850 consolatione.

245 1869 406 1939 εἶναι,
425 1875 525 1928 καὶ
556 1874 755 1937 αὐτοὺς
785 1873 859 1944 μὴ
890 1872 1095 1926 δεῖσθαι
1121 1873 1221 1944 τῆς
1243 1872 1445 1947 ἑτέρων
1467 1875 1831 1945 παρηγορίας.

247 1964 426 2031 Ὅπερ
462 1959 558 2018 οὖν
602 1963 699 2019 καὶ
732 1963 1037 2034 πέπεισμαι
1076 1963 1205 2033 περὶ
1248 1962 1356 2016 τῶν
1395 1964 1633 2035 καρδιῶν
1662 1964 1836 2035 ὑμῶν,

244 2056 682 2128 τεκμαιρόμενος
707 2057 775 2127 τῇ
804 2072 865 2109 τε
896 2052 1136 2126 ἐμαυτοῦ
1170 2054 1356 2126 πείρα,
1390 2054 1459 2126 ἢν
1491 2056 1628 2126 πρὸς
1660 2055 1839 2124 ὀλίγον

246 2147 401 2218 ὑμῶν
429 2147 752 2220 ἐπειράθην,
786 2146 881 2202 καὶ
907 2149 973 2218 τῇ
1016 2146 1226 2218 μεγάλῃ
1262 2146 1582 2219 διδασκαλίᾳ
1616 2146 1709 2199 τοῦ
1739 2164 1840 2201 κα-

245 2237 337 2291 λοῦ
372 2236 708 2310 καθηγητοῦ,
747 2228 808 2291 οὖ
844 2238 976 2309 μιᾶς
1010 2236 1225 2308 ἡμέρας
1267 2237 1524 2291 συνουσία
1564 2235 1838 2308 αὔταρκές

246 2331 391 2383 ἐστιν
430 2330 646 2400 ἐφόδιον
673 2328 811 2401 πρὸς
841 2328 1140 2401 σωτηρίαν.

754 2485 1101 2539 ΕΠΙΣΤΟΛΗ
1136 2474 1303 2538 ΡΞΘδ.

1939 1876 2096 1942 Quod
2130 1878 2323 1949 utique
2348 1896 2674 1952 persuasum
2705 1883 2881 1939 habeo
2911 1884 2980 1940 de
3009 1887 3272 1944 cordibus
3303 1888 3523 1954 vestris,

1941 1969 2321 2038 conjecturam
2356 1971 2565 2030 faciens
2605 1981 2659 2030 et
2704 1988 2771 2030 ex
2807 1992 2927 2032 mea
2960 1978 3136 2048 ipsius
3165 1980 3523 2049 experientia,

1941 2075 2050 2130 qua
2085 2063 2254 2117 vestri
2295 2065 2578 2136 paulisper
2617 2068 2925 2137 periculurn
2970 2070 3110 2136 feci,
3142 2077 3197 2125 et
3225 2087 3291 2126 ex
3333 2072 3531 2141 optimi

1940 2153 2190 2223 magistri
2220 2168 2435 2210 summa
2465 2158 2742 2222 doctrina,
2772 2176 3012 2231 quocum
3043 2162 3127 2217 vel
3163 2178 3333 2217 unum
3367 2163 3517 2218 diem

1939 2246 2147 2301 versari
2176 2244 2312 2304 satis
2342 2256 2428 2305 est
2457 2249 2525 2304 ad
2557 2252 2789 2307 salutem
2820 2252 3028 2308 viatici.

2391 2478 2739 2549 EPISTOLA
2780 2493 3039 2551 CLXIX'.

246 2602 994 2689 “’tii'f'iiﬂﬁififi'rtﬂifimz:
1023 2603 1336 2689 transite
1344 2602 2498 2689 3’.‘:9i"5i5933€'¢99*:r_tzinequitante!
2525 2611 2703 2689 ριεοῖρε
2738 2626 2850 2664 cum
2876 2613 2978 2689 illis
3002 2613 3537 2689 άαεςτειρηθνερονίιτ

320 2665 428 2720 ’mnc
453 2665 775 2735 captivitatem
797 2665 1005 2777 coltelgit.
1044 2667 1182 2717 Unde
1206 2665 1483 2777 enimut
1508 2665 1754 2739 Basilius.
1768 2665 1818 2718 t'u
1841 2665 2121 2740 Glycerium
2139 2665 2488 2742 redire'jt'ibeat
2502 2712 2514 2733 ,
2537 2673 2850 2777 virginemne
2867 2690 2898 2727 a
2920 2673 3181 2746 tyrannide
3199 2665 3527 2740 liberet",de

320 2737 399 2777 tam
425 2742 511 2777 ea:
531 2740 642 2777 oua:
660 2727 827 2777 redire
847 2741 905 2777 οο
926 2733 1032 2777 ωτι.-
1052 2729 1276 2777 Gtucerto
1412 2735 1510 2777 este
1528 2730 1754 2777 redeunt:
1774 2742 1963 2777 veniam
1987 2741 2225 2777 momtmt
2240 2747 2257 2777 ξ
2281 2748 2423 2777 genus
2442 2745 2572 2777 rtem-
2636 2744 2949 2777 pnnxrtmnpm
2977 2745 3212 2777 mmnmr-

307 2737 399 2783 tem
425 2726 642 2793 eas'quae
660 2726 833 2779 redire
847 2726 1032 2778 vofunt.
1052 2726 1276 2792 Glycerio

621 2839 929 2908 Γρηγορίφ
961 2837 1073 2910 (55)
1104 2840 1446 2907 Βασίλειος.

314 2930 556 3007 Πρᾶγμα
592 2934 690 3006 μὲν
721 2934 962 3006 ὑπέστης
988 2936 1229 3000 ἐπιεικὲς
1258 2937 1353 2991 καὶ
1380 2937 1588 3010 ἥμερον
1610 2918 1718 3012 (56)
1744 2939 1837 2995 καὶ

1412 2728 1510 2780 εειε
1528 2728 1754 2781 redeunti
1774 2728 1963 2782 venia'm
1987 2732 2257 2797 promittit;
2281 2728 2423 2786 secus
2442 2728 2573 2796 vero,
2598 2728 2963 2799 depositionem"
2977 2735 3214 2811 minatur.

2461 2844 2714 2915 Gregorio
2756 2844 3019 2901 Basilius.

2013 2932 2303 3005 Negotium
2348 2935 2570 3005 quidem
2605 2937 2899 3007 suscepisti
2948 2938 3070 2992 leue
3092 2974 3109 3001 ,
3142 2942 3304 3006 atque
3336 2934 3533 2989 humaa

251 3027 665 3100 φιλάνθρωπον,
736 3027 834 3100 τὴν
895 3026 996 3081 τοῦ
1058 3031 1471 3102 καταφρονητοῦ
1539 3031 1834 3104 Γλυκερίου

1941 3039 2095 3089 num,
2126 3041 2251 3079 cum
2294 3025 2693 3095 centemptoris
2713 3026 2950 3098 Glycerii
2981 3026 3084 3097 (sic
3114 3026 3258 3079 enim
3308 3024 3529 3080 interim

250 3120 405 3190 (τέως
437 3120 550 3192 γὰρ
582 3118 726 3174 οὕτω
752 3120 1057 3191 γράφομεν)
1080 3119 1459 3191 αἰχμαλωσίαν
1494 3122 1838 3192 συναγαγὼν.

249 3212 339 3265 καὶ
376 3212 481 3284 τὴν
519 3212 703 3284 κοινὴν
754 3208 1141 3283 ἀσχημοσύνην
1187 3211 1365 3283 ἡμῶν,
1394 3213 1471 3277 ὡς
1506 3208 1618 3268 οἷόν
1659 3231 1718 3267 τε
1748 3210 1838 3285 ἦν,

252 3294 620 3375 συγκαλύψας·
647 3302 705 3356 δε
746 3302 803 3357 δὲ
831 3304 980 3374 ὅμως
1001 3302 1098 3375 τὴν
1121 3303 1220 3375 σὴν
1245 3303 1535 3358 εὐλάϐειαν
1562 3304 1839 3377 μαθοῦσαν

248 3397 313 3450 τὰ
342 3395 682 3461 κατ’,αύτδν,
718 3394 861 3449 οὓτω
889 3394 1045 3449 λῦσαι
1072 3394 1169 3467 τὴν
1198 3396 1445 3467 άτιμίαν.
1483 3390 1653 3461 Οὗτος
1684 3398 1713 3451 ό
1743 3397 1840 3451 νῦν

253 3487 482 3560 σοϐαρὸς
532 3489 627 3542 καὶ
680 3487 878 3557 σεμνὸς
932 3487 1061 3558 ύμῖν
1113 3486 1407 3559 Γλυκέριος
1456 3489 1834 3561 ἐχειροτονήθη

253 3577 355 3647 μὲν
379 3576 512 3649 παρ’
547 3576 706 3649 ήμῶν
732 3576 832 3646 τῆς
873 3577 1014 3630 κατὰ
1049 3577 1331 3647 υύήνεσαν
1367 3576 1477 3648 (57)
1514 3578 1838 3649 Ἐκκλησίας

249 3669 517 3732 διάκονος,
569 3669 644 3732 ὡς
685 3669 782 3721 καὶ
825 3667 905 3738 τῷ
952 3668 1308 3740 πρεσϐυτέρῳ
1350 3667 1705 3740 διακονήσων,
1746 3672 1841 3724 καὶ

250 3758 342 3812 τοῦ
371 3758 535 3830 ἔργου
560 3758 657 3829 τῆς
700 3756 1026 3828 Ἐκκλησίας
1061 3756 1551 3828 ἐπιμελησόμενος.
1588 3759 1699 3812 Καὶ
1730 3760 1839 3830 γάρ

253 3852 417 3916 ἐστιν,
459 3853 510 3904 εί
545 3852 641 3905 καὶ
681 3851 750 3905 τὰ
794 3851 929 3906 ἄλλα
970 3849 1270 3922 δύστροπος
1310 3851 1339 3903 ὁ
1376 3850 1537 3920 ἀνὴρ,
1590 3848 1726 3902 ἀλλὰ
1770 3847 1840 3902 τὰ

252 3943 502 4015 ἐπίχειρα
530 3944 632 3997 οὐκ
659 3944 857 4014 ἀφυής.
891 3942 1047 3996 Ἐπεὶ
1072 3941 1128 3995 δέ
1151 3941 1410 4012 κατέστη,
1429 3941 1525 3994 τοῦ
1552 3941 1651 4012 μὲν
1673 3940 1843 4013 ἔργον

253 4036 490 4107 ⁴Ιιμ.έλησε
524 4035 807 4099 τοσοῦτον,
837 4035 961 4088 ὅσον
1003 4034 1128 4087 οὐδὲ
1172 4033 1275 4104 τὴν
1306 4033 1480 4104 ἀρχὴν
1529 4032 1835 4102 γεγονότος.

252 4126 560 4198 Παρθένους
584 4125 642 4178 δὲ
672 4123 862 4187 ἀθλίας
885 4121 1228 4191 συναγαγὼν,
1269 4123 1388 4175 κατ’
1421 4121 1558 4175 ἰδίαν
1586 4119 1837 4184 ἐξουσίαν

253 4222 344 4273 καὶ
369 4217 675 4281 αὐθεντίαν,
703 4216 804 4281 τάς
833 4217 929 4287 μὲν
955 4214 1186 4277 ἑκούσας
1208 4212 1661 4284 προσδραμοῦσας
1691 4209 1839 4283 αὐτῷ

255 4309 425 4381 (οἶσθα
465 4310 523 4364 δέ
554 4309 615 4363 τὸ
649 4308 757 4363 τῶν
789 4309 925 4362 νέων
959 4306 1089 4377 περὶ
1130 4305 1201 4359 τὰ
1236 4303 1462 4358 τοιαῦτα
1499 4303 1833 4376 πρόχειρον),

1940 3116 2255 3187 scribimus)
2280 3118 2651 3187 captivitatem
2677 3119 2973 3187 collegisti,
2999 3132 3402 3188 communeque
3426 3135 3531 3173 no-

1940 3216 2116 3263 strutu
2141 3209 2384 3264 dedecus
2406 3250 2420 3272 ,
2452 3212 2634 3278 quoad
2663 3212 2784 3280 ejus
2816 3211 2929 3266 ﬁeri
2963 3211 3175 3281 potuit,
3210 3212 3528 3266 contexisti.

1939 3297 2134 3370 Operae
2165 3309 2347 3356 autem
2380 3301 2617 3371 pretium
2648 3311 2753 3368 est,
2787 3310 2849 3356 ut
2887 3304 3065 3374 pietas
3103 3308 3197 3356 tua
3241 3310 3528 3373 gestarum

1939 3391 2010 3446 ab
2043 3407 2108 3447 eo
2147 3407 2328 3447 rerum
2365 3393 2571 3447 certior
2608 3392 2776 3458 facta,
2814 3393 2893 3448 sic
2926 3392 3284 3464 ignominiam
3325 3378 3524 3449 diluat.

1940 3480 2131 3537 Gravis
2161 3483 2251 3537 ille
2280 3499 2427 3537 nunc
2456 3492 2511 3539 et
2542 3485 2890 3541 venerandus
2922 3485 3066 3555 apud
3105 3500 3203 3539 ros
3235 3482 3528 3557 Glycerius

1939 3588 1970 3626 a
2003 3589 2093 3629 me
2124 3576 2347 3643 quidem
2379 3575 2670 3631 ordinatus
2707 3583 2791 3631 est
2825 3574 3095 3631 Veneusis
3127 3576 3385 3632 Ecclesiae
3409 3577 3530 3630 dia-

1938 3680 2136 3728 conus,
2171 3675 2231 3719 ut
2256 3674 2309 3720 ct
2343 3666 2665 3737 presbytero
2694 3667 3054 3731 ministraret,
3092 3674 3146 3722 et
3167 3683 3307 3737 opus
3341 3666 3537 3723 Eccle-'

1940 3758 2034 3812 siae
2067 3766 2307 3812 curaret.
2352 3757 2447 3814 Est
2481 3759 2655 3824 enim,
2685 3759 2937 3828 quamvis
2975 3760 3041 3814 ad
3071 3759 3178 3812 alia
3209 3759 3483 3815 absurdus
3505 3792 3531 3827 ,ο

1939 3849 2133 3905 saltem
2159 3849 2225 3902 ad
2263 3863 2523 3902 manuum
2553 3847 2730 3902 oliicia
2757 3848 2901 3903 baud
2937 3849 3078 3903 male
3105 3864 3135 3903 a
3157 3856 3353 3904 natura
3374 3865 3527 3905 com-

1939 3946 2186 4008 paratus.
2244 3937 2612 4009 Posteaquam
2660 3945 2845 3992 autem
2905 3936 3176 3992 diaconus
3235 3938 3532 3996 institutus

1938 4039 2044 4094 est,
2079 4045 2219 4100 opus
2257 4029 2479 4099 quidem
2505 4028 2730 4099 perinde
2765 4029 3025 4099 neglexit,
3054 4044 3121 4083 ac
3147 4028 3195 4085 si
3230 4030 3441 4084 nullum
3471 4031 3525 4087 ei

1940 4137 2171 4192 prorsus
2220 4122 2539 4193 impositum
2598 4129 2765 4176 esset.
2807 4121 3028 4176 Coactis
3070 4127 3253 4175 autem
3302 4121 3550 4179 miseris‘

1936 4214 2266 4285 virginibus,
2298 4214 2513 4285 privata
2552 4212 2886 4268 auctoritate
2910 4219 3075 4283 atque
3105 4213 3369 4283 potentia,
3398 4229 3527 4285 par—

1940 4304 2037 4357 tim
2074 4318 2173 4358 sua
2206 4312 2402 4373 sponte
2433 4302 2500 4356 ad
2529 4318 2653 4358 eum
2683 4302 3104 4358 accurrentibus
3137 4304 3262 4372 (nec
3292 4303 3437 4358 enim
3469 4314 3527 4360 te

255 4402 346 4466 τὰς
398 4401 455 4455 δὲ
501 4399 741 4464 ἀκούσας
790 4398 1113 4471 ἀγελαρχεῑν
1158 4394 1482 4467 ἐπεχείρησε
1502 4434 1516 4460 ,
1572 4396 1666 4447 καὶ
1723 4411 1830 4447 πα-

1940 4394 2096 4466 l'ugit,
2115 4411 2278 4467 quam
2303 4395 2378 4450 ad
2395 4395 2712 4465 bujusmodi
2739 4410 2828 4449 res
2851 4403 3102 4467 prompta
3125 4395 3196 4450 sit
3212 4394 3519 4468 juventus),

256 4492 534 4566 τριαρχίας
576 4492 747 4563 ὄνομα
791 4490 971 4561 ἑαυτῷ
1018 4490 1112 4544 καὶ
1159 4490 1343 4559 σχῆμα
1386 4486 1659 4557 περιθεὶς,
1697 4485 1835 4551 ἐξαίο

257 4601 388 4655 φνης
417 4582 835 4655 ἐσοϐαρεύσατο,
865 4582 966 4635 οὐκ
993 4579 1056 4635 ἐκ
1083 4598 1228 4644 τινος
1249 4576 1569 4641 ἀκολουθίας
1596 4577 1708 4647 (58)
1737 4579 1833 4631 καὶ

255 4675 529 4737 εὐσεσείας
553 4676 645 4729 ἐπὶ
664 4673 822 4728 τοῦτο
850 4672 1040 4738 ἐλθὼν,
1068 4670 1183 4725 ἀλλ’
1204 4669 1460 4742 ἀφορμὴν
1483 4667 1603 4738 βίου
1626 4668 1837 4741 ταύτην

255 4806 398 4876 quod
424 4806 830 4877 desumpsimus
864 4821 931 4861 ex
977 4804 1262 4877 Gregorio,
1315 4801 1738 4877 mensamque-ig
1764 4804 1832 4857 ἂν

377 4879 538 4949 μέχρι
566 4873 660 4949 σοῦ
688 4878 970 4949 γενόμέενοι
993 4873 1442 4949 περιπτύξασθαί-
1462 4890 1555 4949 σου
1588 4874 1686 4949 τὴν
1704 4873 1830 4949 Δθεο-

260 4942 499 5014 σέϐειαν,
525 4942 792 5002 editiones
821 4942 1026 5001 'Basilii
1069 4942 1342 5000 habebant
1392 4942 1661 5014 εὐχόμεθα
1702 4942 1831 4996 ἰδεῖν

256 5016 478 5090 την-σὴν
511 5018 845 5090 θεοσέϐειαν.

283 5082 446 5210 l€64)?"
471 5086 585 5209 127g,-
603 5087 934 5152 εὐσεϐείας.
965 5082 1101 5142 Tres
1121 5084 1339 5140 codices
1370 5084 1713 5140 recentiores
1729 5082 1833 5154 τῆς

327 5175 395 5210 κκ
426 5174 499 5210 ησ
521 5175 606 5210 ας.

246 5190 251 5201 ι
268 5156 459 5212 Ἔκκλη
467 5158 606 5212 σίας.

324 5175 791 5298 Ξξὲξήοορίῳ.
823 5225 1132 5298 Nyssenum
1175 5231 1270 5279 aut
1314 5222 1715 5298 Naaianzenum
1746 5222 1832 5277 in-

260 5294 446 5367 telligit
467 5294 996 5367 Tillemontius,'sed
1024 5294 1716 5367 Nazianzettoginscribunt
1744 5309 1832 5367 ve-

259 5366 389 5421 tusti
411 5366 650 5423 codices.
685 5366 819 5421 Nam
862 5368 915 5421 in
943 5366 1115 5422 Coisl.

258 5436 421 5507 αὐτῷ.
446 5437 712 5493 Pracedit
738 5446 919 5493 autem
943 5432 1186 5508 epistola
1201 5436 1285 5508 71.
1317 5449 1482 5508 quam
1507 5432 1582 5508 a_d_
1604 5432 1833 5508 Nazian-s

258 5501 446 5561 aenum
490 5509 751 5577 scriptam
797 5523 922 5562 esse
968 5501 1128 5562 nemo
1155 5501 1392 5577 dubitat.
1428 5503 1485 5558 In
1516 5501 1829 5577 _Harla;ano

258 5584 430 5648 autem
485 5573 686 5648 legitur
719 5592 884 5631 manu
938 5578 1244 5632 recentiore
1287 5573 1574 5646 Γρηγορίῳ
1600 5573 1825 5644 ἑταίρῳ,

260 5647 347 5713 qui
373 5647 561 5704 titulus
592 5648 831 5717 jejunior
859 5648 1078 5716 quidem
1114 5655 1200 5701 est
1239 5655 1295 5717 et
1324 5647 1538 5717 exilior,
1569 5659 1733 5717 quam
1768 5653 1828 5717 ut.

261 5720 538 5788 episcopos
586 5715 796 5785 deceat,
833 5715 929 5775 sed
963 5724 1145 5773 tamen
1179 5715 1383 5771 indicat
1415 5715 1715 5788 epistolam
1757 5715 1824 5768 ad

1164 5367 1340 5435 primo
1382 5363 1729 5435 inscribitur
1749 5362 1829 5433 τῷ
1865 5414 1869 5419 .

1935 4487 2136 4558 partim
2186 4486 2376 4540 invitis
2405 4495 2460 4540 et
2491 4484 2928 4557 repugnantibus
2954 4524 2969 4550 ,
3002 4484 3185 4555 gregis
3229 4485 3519 4556 imperium

1937 4580 2041 4634 sibi
2068 4593 2328 4650 arrogare
2354 4593 2650 4649 aggressus
2686 4585 2809 4643 est;
2844 4590 2907 4630 ac
2938 4576 3264 4647 patriarchae
3297 4579 3522 4634 nomine

1932 4680 1989 4727 et
2009 4671 2203 4726 habitu
2232 4671 2338 4726 sibi
2367 4669 2646 4740 imposito,
2678 4670 2869 4724 statim
2893 4668 3203 4724 insolenter
3232 4683 3294 4724 se
3325 4667 3521 4724 eli‘erre

1933 4771 2256 4876 Gregorium
2285 4803 2695 4860 Nazianzenum
2720 4805 2978 4875 scriptam
3003 4804 3195 4860 fuisse.
3225 4802 3519 4876 Beperitur

1932 4875 2120 4931 eadem
2155 4878 2385 4946 epistola
2408 4890 2542 4946 eum
2579 4876 2794 4931 duabus
2840 4876 3198 4946 sequentibus
3228 4875 3373 4946 inter
3398 4882 3519 4946 epi-

1932 4947 2104 5016 stolas
2131 4943 2387 5016 Gr’egorii
2406 4943 2772 5016 Nazianzeni,
2797 4943 3036 5016 suntque
3062 4944 3188 5008 305,
3227 4944 3354 5009 206,
3385 4943 3523 5000 207.

2003 5010 2115 5088 (δῦ)
2128 5010 2433 5088 ᾼἘσιῆεικὲς
2458 5015 2557 5088 καὶ
2581 5015 2823 5088 ἥμερον.
2846 5010 2995 5088 llarl.
3018 5016 3324 5088 recentiore
3349 5030 3515 5088 manu

1931 5083 2191 5173 ἐπιεικῶς
2216 5087 2441 5157 ἥμερον.
2481 5084 2574 5139 Sic
2606 5083 2770 5141 etiam
2796 5086 2992 5156 legitur
3014 5084 3160 5155 apud
3190 5083 3528 5156 Gregorium

2521 5223 2674 5279 Harl.
2706 5225 3003 5279 Σύννασαν.
3029 5222 3203 5281 Coisl.
3233 5224 3505 5297 Οὺήεσαν.

1928 5292 2062 5351 Ναὶ.
2096 5292 2378 5366 Damam.
3334 5292 3345 5297 ’

2000 5365 2113 5438 (58)
2162 5365 2565 5430 Ἀκολουθίας.
2620 5363 2762 5438 Εᾶίιὶ
2799 5365 3021 5438 addunt
3077 5365 3311 5438 δικαίας,
3350 5362 3524 5438 quati

1929 5434 2128 5506 merito
2161 5443 2483 5506 expungunt
2533 5434 2753 5490 codices
2798 5435 2937 5491 Med.
2987 5444 3041 5491 et
3079 5437 3247 5491 Coisl.
3281 5434 3519 5504 primus.

1928 5505 1988 5561 In
2037 5505 2324 5590 Harlaeauo
2352 5505 2466 5561 tota
2506 5519 2645 5575 pene
2687 5507 2919 5576 epistola
2975 5506 3182 5577 scripta
3224 5518 3308 5562 est
3347 5516 3521 5562 manu

1928 5586 2206 5705 meetiii'as
2235 5643 2529 5704 CCCCXll.
2560 5644 2773 5718 Scripta
2798 5648 2943 5702 circa
2968 5661 3169 5702 annum
3204 5646 3341 5703 374.:
