3948 6214
422 334 529 390 643

1726 332 1786 388 S.
1821 332 1910 387 BA
1919 330 2070 389 SILI!
2105 331 2321 389 MAGNI

3570 333 3678 396 ιιι

425 455 616 527 οωρίι,
646 468 755 509 non
780 466 955 510 causa
984 453 1165 523 aliqua
1192 449 1462 524 probabili
1494 464 1557 505 ac
1582 451 1781 520 pietate
1808 466 1875 506 eo
1898 452 1987 508 de-

2098 451 2286 523 ὥσπερ
2313 451 2471 515 ἄλλος
2499 451 2666 523 ἄλλην
2695 451 2816 506 τινὰ
2842 453 3288 526 προστησάμενος
3308 495 3323 520 ,
3355 456 3450 510 καὶ
3478 456 3679 527 μιαροῦ

424 545 672 608 veniens,
708 558 900 599 verum
935 542 1078 596 hanc
1118 539 1348 611 parandi
1387 539 1568 594 victus
1610 539 1909 602 rationem,
1938 547 1997 592 ut

423 637 564 692 alius
596 634 892 705 quamlibet
918 632 1115 694 aliam,
1147 630 1254 685 sibi
1297 645 1644 700 proponens:
1690 644 1753 683 ac
1802 643 1996 698 parum

423 727 598 784 abluit
642 726 777 796 quin
827 732 997 779 totam
1047 722 1214 778 etiam
1263 719 1564 775 Ecclesiam
1609 719 1831 775 sedibus
1881 719 1996 775 suis

422 826 818 882 commoveret;
842 822 1197 870 contemnens
1214 812 1592 884 presbyterum
1615 827 1795 877 suum,
1818 811 1996 865 virum

420 915 476 963 et
500 907 621 961 vitae
649 903 903 959 instituto
935 912 987 958 et
1016 908 1173 957 aetate
1210 900 1606 965 venerandum,
1636 907 1997 955 contemnens

421 996 897 1067 chorepiscopum,
921 1007 985 1047 ac
1004 1007 1107 1048 nos
1130 991 1295 1048 etiam
1319 998 1580 1061 tanquam
1606 992 1813 1047 nullius
1832 989 1997 1060 pl'etii

419 1090 709 1152 homines;
751 1098 1078 1155 semperque
1104 1083 1439 1139 tumultibus
1474 1097 1538 1137 ac
1563 1081 1996 1152 perturbationi-

417 1181 582 1236 nibus
610 1179 798 1234 urbem
841 1189 1002 1247 atque
1037 1177 1355 1231 universum
1390 1174 1595 1229 clerum
1630 1175 1884 1244 implens.
1918 1173 1997 1229 Ac

418 1273 661 1335 tandem,
695 1270 789 1325 ubi
819 1284 851 1323 a
886 1284 975 1324 me
1002 1276 1056 1322 et
1080 1284 1111 1320 a
1139 1266 1539 1336 chorepise0po
1570 1265 1781 1319 levibus
1816 1264 1996 1321 verbis

360 1368 369 1379 ⁴
418 1365 740 1434 obiurgatus
766 1369 874 1426 est,
899 1375 969 1416 ne
1000 1365 1346 1428 contemptor
1378 1358 1631 1413 evaderet
1663 1356 1809 1429 (nam
1840 1357 1998 1427 juve-

417 1472 517 1513 nes
544 1458 707 1511 etiam
731 1454 800 1509 ad
829 1452 1079 1509 eamdem
1107 1448 1513 1505 contumaciam
1542 1448 1873 1520 exercebat),
1915 1448 1997 1502 la-

418 1550 577 1604 cinus
619 1545 910 1601 admodum
961 1542 1139 1597 audax
1189 1549 1244 1597 et
1291 1540 1653 1596 inhumanum
1700 1539 1992 1610 excogitat.

418 1639 673 1710 Virgines
692 1678 710 1704 ,
749 1643 1019 1707 quotquot
1048 1634 1244 1705 potuit,
1278 1647 1376 1703 per
1403 1632 1751 1703 sacrilegium
1781 1632 1995 1702 praeda-

417 1739 529 1790 tus.
571 1736 732 1784 nocte
761 1730 1071 1790 observata,
1111 1725 1294 1796 fugam
1333 1724 1590 1795 capessit.
1629 1722 1863 1779 Omnino
1895 1723 1993 1777 tibi

2097 539 2195 607 τὴν
2218 538 2545 610 Ἐκκλησίαν
2575 541 2758 594 πᾶσαν
2785 541 3085 596 ἀνάστατον
3097 544 3383 616 πεποίηκε,
3411 562 3684 618 περιφροίε

2098 629 2203 682 νῶν
2230 632 2328 701 μὲν
2351 630 2441 684 τὸν
2469 632 2660 685 ἑαυτοῦ
2703 632 3093 705 πρεσϐύτερον,
3120 635 3284 706 ἄνδρα
3315 637 3413 691 καὶ
3432 637 3681 709 πολιτείᾳ

2098 721 2191 774 καὶ
2235 721 2422 793 ἡλικίᾳ
2473 722 2772 793 αἰδέσιμον,
2823 724 3164 797 περιφρονῶν
3207 726 3264 779 δὲ
3309 725 3401 781 τὸν
3440 728 3681 799 χωρεπί-

2100 828 2301 865 σκοπον
2331 811 2466 882 (59),
2502 813 2595 866 καὶ
2625 815 2776 884 ἡμᾶς
2816 814 2891 878 ὡς
2929 814 3141 880 οὐδενὸς
3180 815 3383 881 ἀξίους·
3433 817 3685 888 θορύϐων

2096 900 2158 953 δὲ
2180 899 2267 952 ἀεὶ
2295 899 2390 954 καὶ
2430 901 2687 972 ταραχῶν
2719 902 2941 975 πληρῶν
2979 903 3076 976 τὴν
3111 905 3284 968 πόλιν,
3320 907 3416 961 καὶ
3456 908 3683 978 σύμπαν

2096 990 2157 1044 τὸ
2191 993 2472 1060 ἱερατεῖον.
2500 994 2611 1046 Καὶ
2635 992 2807 1058 τέλος,
2848 995 2938 1048 ἵνα
2965 1012 3020 1048 τι
3060 994 3172 1066 (60)
3207 995 3348 1067 λόγῳ
3376 998 3682 1070 ὲπιτιμηθῇ

2100 1086 2292 1155 μικρὸν
2314 1085 2441 1155 παρ’
2468 1084 2623 1155 ἡμῶν
2645 1086 2738 1138 καὶ
2765 1084 2860 1138 τοῦ
2887 1088 3323 1158 χωρεπισκόπου,
3350 1089 3489 1160 πρὸς
3517 1089 3582 1142 τὸ
3605 1092 3684 1162 μὴ

2097 1182 2457 1252 καταφρονεῖν
2478 1180 2641 1234 αὑτὸν
2665 1180 2912 1253 (καὶγὰρ
2936 1182 3031 1235 καὶ
3048 1182 3174 1246 τοὺς
3196 1183 3351 1246 νέους
3370 1183 3685 1254 ἐγύμναζεν

2097 1271 2177 1333 εἰς
2223 1269 2323 1341 τὴν
2370 1271 2540 1343 αὐτὴν
2593 1272 2896 1345 ἀπόνοιαν),
2944 1275 3179 1344 πρᾶγμα
3226 1274 3518 1328 διανοεῖται
3563 1275 3685 1329 λίαν

2095 1362 2366 1435 τολμηρὸν
2399 1364 2495 1417 καὶ
2530 1363 2919 1436 ἀπάνθρωπον.
2963 1365 3206 1437 Συλήσας
3246 1366 3355 1421 τῶν
3393 1366 3684 1439 παρθένιον

2095 1443 2225 1517 δ’σας
2253 1453 2501 1523 ἠδύνατο,
2523 1455 2619 1510 καὶ
2650 1454 2819 1509 νύκτα
2847 1457 3116 1527 τηρήσας,
3142 1457 3417 1529 δραπέτης
3442 1458 3680 1527 γίνεται.

2097 1541 2244 1595 Πάνυ
2273 1559 2356 1595 σοι
2387 1543 2536 1596 δεινὰ
2573 1543 2746 1596 ταῦτα
2784 1546 3031 1613 φανεῖται
3062 1544 3194 1615 (61).
3229 1545 3429 1598 Σκόπει
3466 1546 3565 1599 καὶ
3589 1547 3683 1600 τὸν

2096 1633 2305 1705 καιρόν.
2370 1636 2572 1703 Ἢγετο
2630 1634 2727 1705 μὲν
2769 1638 2802 1705 ή
2854 1635 3032 1688 ἐκεῖσε
3094 1636 3343 1702 σύνοδος,
3394 1637 3489 1690 καὶ
3542 1637 3681 1691 πολὺ

2098 1726 2463 1796 πανταχόθεν,
2510 1727 2587 1791 ὡς
2631 1727 2813 1793 εἰκὸς,
2865 1729 3089 1800 ἐπέρρει
3130 1729 3192 1782 τὸ
3235 1728 3457 1799 πλῆθος.
3503 1731 3567 1784 '0
3618 1731 3680 1784 δὲ

416 1820 604 1892 gravia
633 1820 749 1874 hac
773 1819 1125 1876 videbuntur.
1150 1818 1388 1889 Tempus
1423 1819 1586 1891 259
1610 1834 1829 1890 quoque
1857 1833 1987 1874 con-

2097 1817 2355 1890 άντεξῆγε
2387 1818 2480 1872 τὸν
2504 1820 2696 1873 ἑαυτοῦ
2732 1821 2892 1893 χορὸν
2916 1821 3056 1886 νέοις
3089 1819 3202 1893 (62)
3242 1823 3544 1892 ἑπόμενον,
3582 1825 3679 1879 καὶ

417 1913 620 1967 sidera.
649 1910 966 1966 [labebatur
1015 1912 1090 1967 ibi
1122 1920 1449 1976 conventus,
1477 1920 1637 1983 atque
1668 1913 1861 1983 ingens
1890 1928 1993 1966 un-

416 2005 737 2074 decunque,
779 2011 838 2057 ut
883 2019 983 2074 par
1011 2012 1131 2069 est,
1177 2002 1488 2058 conﬂuebat
1540 2004 1851 2059 multitudo.
1899 2002 1994 2060 Ille

417 2103 599 2151 autem
630 2096 875 2151 vicissim
904 2096 1137 2150 chorum
1182 2112 1342 2151 suum
1387 2097 1733 2161 introduxit,
1759 2097 1993 2166 juvenes

416 2195 736 2261 sequentem
773 2199 839 2239 ac
873 2184 1265 2256 tripudiantcm
1288 2225 1304 2249 ,
1338 2200 1402 2239 ac
1444 2185 1742 2254 plurimum
1771 2185 1993 2255 quidem

414 2277 650 2334 tristitiae
674 2277 780 2346 piis
814 2275 1151 2340 aﬂ'erentem,
1180 2278 1473 2347 plurimum
1510 2285 1689 2332 autem
1732 2277 1880 2333 risus
1913 2278 1992 2331 la-

416 2370 584 2426 scivis
617 2377 672 2424 et
706 2369 888 2440 lingua
936 2370 1288 2439 procacibus.
1330 2369 1516 2440 Neque
1549 2370 1637 2424 bis
1667 2379 1990 2434 contentus,

414 2462 518 2518 etsi
540 2469 650 2516 tam
679 2462 957 2517 atrocibus
976 2470 1029 2517 et
1051 2462 1376 2530 horrendis;
1405 2462 1499 2517 sed
1521 2463 1685 2517 etiam
1716 2471 1989 2531 parentes,

414 2561 476 2607 ut
509 2552 705 2619 audio,
736 2552 1008 2623 virginum
1038 2553 1330 2608 orbitatem
1362 2567 1475 2608 non
1523 2551 1796 2617 ferentes,
1827 2560 1994 2622 atque

413 2646 718 2716 dispersam
746 2649 958 2699 turbam
994 2644 1260 2700 reducere
1297 2646 1581 2716 cupientes
1608 2684 1624 2711 ,
1656 2653 1711 2701 et
1750 2646 1816 2700 ad
1851 2646 1991 2700 ﬁlia-

412 2752 534 2792 rum
582 2752 808 2793 suarum
846 2737 1015 2807 pedes
1056 2752 1183 2791 cum
1224 2737 1519 2809 gemitibus
1543 2777 1557 2802 ,
1591 2745 1652 2792 ut
1694 2747 1989 2793 consenta—

414 2846 575 2886 neum
610 2839 724 2893 est,
773 2830 1123 2894 accidentes,
1178 2829 1536 2885 admirandus
1582 2831 1802 2900 juvenis
1865 2845 1990 2884 cum

413 2920 733 2993 praedatoria
766 2936 866 2976 sua
902 2936 1066 2975 manu
1099 2921 1447 2976 contumeliis
1479 2928 1644 2991 atque
1689 2920 1990 2991 ignominia

413 3012 593 3067 allicit.
626 3010 751 3067 Haec
779 3012 940 3067 velim
973 3027 1041 3066 ne
1078 3010 1305 3068 ferenda
1337 3011 1614 3067 existimet
1642 3012 1818 3082 pietas
1852 3018 1985 3065 tua:

412 3104 613 3159 etenim
648 3104 751 3156 hoc
796 3102 1095 3157 ludibrium
1137 3117 1428 3158 commune
1455 3104 1701 3158 omnium
1737 3114 1985 3161 nostrum

2093 1907 2532 1979 περιχορεύοντα,
2560 1910 2655 1964 καὶ
2694 1909 2892 1982 πολλὴν
2929 1911 3027 1981 μὲν
3068 1913 3372 1984 κατήφειαν
3420 1914 3680 1969 κινοῦντα

2090 2001 2202 2063 τοῖς
2230 1999 2501 2065 εύλαϐέσι,
2525 2001 2689 2056 πολὺν
2716 2002 2772 2055 δὲ
2795 2003 3004 2071 γέλωτα
3029 2007 3143 2068 τοῖς
3173 2006 3433 2077 ἁκρατέσι
3458 2007 3557 2060 καὶ
3579 2008 3677 2080 τὴν

2091 2090 2341 2158 γλῶσσαν
2368 2092 2752 2165 ἑτοιμοτέρως.
2780 2096 2889 2148 Καὶ
2920 2096 3019 2149 οὐκ
3040 2097 3200 2168 ἀρκεῖ
3228 2098 3401 2151 ταῦτα
3423 2139 3439 2164 ,
3469 2100 3676 2172 καίπερ

2089 2183 2390 2254 τηλικαῦτα
2415 2185 2546 2239 ὄντα
2564 2185 2626 2239 τὸ
2654 2185 2903 2257 μέγεθος·
2939 2187 3053 2241 ἀλλ’
3087 2188 3166 2242 ἔτι
3203 2190 3289 2244 cal.
3317 2191 3444 2254 τοὺς
3472 2196 3672 2259 γονεῖς,

2090 2274 2166 2337 ὼς
2226 2275 2590 2346 πυνθάνομαι,
2644 2276 2752 2330 τῶν
2806 2277 3091 2348 παρθένιον
3153 2277 3251 2350 τὴν
3305 2280 3564 2334 ἀτεκνίαν
3610 2281 3672 2333 οὐ

2092 2366 2377 2438 φέροντας,
2417 2370 2510 2422 καὶ
2549 2367 2647 2439 τὴν
2680 2368 2979 2442 διασπορὰν
3015 2372 3381 2440 ἐπαναγαγεῖν
3417 2371 3675 2443 βουλομέ-

2089 2475 2240 2521 νους,
2283 2459 2376 2510 καὶ
2424 2461 2538 2530 μετ’
2579 2459 2831 2531 ὀδυρμῶν
2881 2462 3320 2533 προσπίπτοντας
3344 2505 3358 2525 ,
3403 2463 3669 2527 ὡςεξκὺς,

2088 2552 2206 2613 ταῖς
2227 2551 2435 2604 ἑαυτῶν
2458 2551 2781 2623 θυγατράσι,
2814 2551 3157 2624 περιυϐρίζει
3187 2554 3280 2606 καὶ
3300 2554 3487 2624 ἀτιμοῖ
3510 2556 3621 2625 (65)
3644 2557 3674 2607 ὁ

2089 2639 2405 2712 θαυμαστὸς
2442 2643 2887 2714 νεανίσκοςμετὰ
2913 2643 3007 2697 τοῦ
3041 2643 3334 2717 λῃστρικοῦ
3365 2646 3674 2715 συντάγμαει

2088 2747 2199 2794 τος.
2238 2731 2424 2785 Ταῦτα
2468 2732 2542 2803 μὴ
2578 2733 2780 2787 ἀνεκτὰ
2816 2734 3040 2804 φανήτω
3068 2737 3135 2805 τῇ
3177 2737 3243 2805 σῇ
3278 2734 3552 2807 εὐλαϐείᾳ·
3581 2738 3673 2790 καὶ

2089 2820 2198 2892 γὰρ
2229 2822 2404 2885 κοινὸς
2429 2824 2538 2894 (64)
2566 2823 2780 2878 πάντων
2808 2824 2964 2895 ἡμῶν
2996 2825 3024 2876 ὁ
3059 2825 3252 2893 γέλως·
3275 2825 3411 2879 ἀλλὰ
3438 2827 3674 2897 μάλιστα

2092 2909 2190 2971 μὲν
2216 2911 2377 2963 αὐτὸν
2410 2911 2665 2965 κέλευσον
2697 2912 2836 2982 μετὰ
2868 2913 2974 2967 τῶν
3009 2914 3296 2986 παρθένων
3334 2917 3672 2971 ἐπανελθεῖν.

2088 3001 2253 3071 Τύχοι
2303 3002 2409 3074 γὰρ
2465 3003 2529 3057 ἄν
2582 3020 2725 3068 τινος
2776 3004 3226 3078 φιλανθρωπίας,
3277 3007 3326 3061 εἰ
3373 3007 3514 3079 μετὰ
3566 3005 3674 3063 σῶν

2089 3095 2351 3165 ἐπανήκοι
2392 3096 2756 3166 γραμμάτων·
2800 3098 2849 3150 cl
2892 3097 2948 3150 δὲ
2989 3098 3084 3170 μὴ,
3126 3099 3225 3162 τάς
3263 3116 3326 3168 γε
3373 3100 3675 3172 παρθένους

412 3204 536 3260 est;
567 3194 662 3248 sed
692 3194 746 3248 in
777 3194 1119 3264 primisjube
1143 3210 1267 3251 eum
1296 3209 1421 3249 cum
1451 3196 1756 3264 virginibus
1786 3196 1984 3253 redire.

2097 3158 2524 3259 inenépw'cﬁ
2556 3158 2740 3260 mn
2793 3158 3085 3263 αὐτῶνὶῇ
3138 3158 3469 3263 Έᾶικᾶησίᾳί
3500 3194 3565 3246 Et
3616 3158 3673 3248 δὲ

412 3285 844 3341 Misericordiam
886 3287 1030 3340 enim
1075 3287 1352 3358 aliquam,
1411 3287 1458 3342 si
1504 3286 1669 3342 modo
1710 3303 1834 3343 cum
1879 3290 1988 3346 tuis

411 3377 610 3432 litteris
652 3384 994 3441 revertatur,
1034 3379 1236 3449 poterit
1273 3380 1573 3450 consequi;
1628 3382 1714 3435 sin
1767 3382 1985 3450 minus,

409 3467 652 3537 virgines
673 3466 863 3522 saltem
886 3467 953 3521 ad
968 3466 1270 3522 Ecclesiam
1290 3483 1479 3523 earum
1501 3478 1729 3525 matrem
1750 3473 1983 3526 remitte.

411 3558 569 3626 Quod
604 3559 650 3615 si
677 3558 782 3614 hoc
807 3557 925 3613 ﬁeri
960 3559 1169 3629 nequit,
1202 3565 1259 3613 at
1296 3565 1443 3615 certe
1466 3559 1522 3614 in
1551 3575 1646 3617 eas
1669 3575 1789 3631 quae
1808 3561 1987 3618 redire

408 3654 636 3717 volunt,
668 3651 1012 3722 tyrannidem
1049 3653 1294 3707 exerceri
1323 3669 1392 3707 ne
1424 3652 1685 3722 patiaris;
1734 3653 1827 3709 sed
1859 3670 1985 3724 per-

411 3742 581 3800 suade
607 3748 667 3797 ut
700 3742 768 3796 ad
809 3758 910 3798 nos
938 3750 1310 3810 revertantur;
1355 3744 1554 3814 alioqui
1590 3743 1758 3799 Deum
1796 3753 1850 3800 et
1889 3745 1987 3800 ho-

409 3835 585 3889 mines
617 3841 881 3888 testamur
915 3833 1031 3888 haec
1058 3833 1277 3888 minime
1307 3841 1453 3889 recte
1487 3834 1622 3897 ﬁeri,
1656 3850 1757 3889 nec
1788 3850 1851 3890 ex
1884 3836 1987 3890 Ee-

408 3925 591 3979 clesiae
624 3923 856 3994 legibus.
905 3922 1192 3995 Glycerius
1226 3933 1408 3979 autem
1454 3926 1499 3979 si
1542 3942 1663 3981 cum
1694 3927 1984 3996 disciplina

408 4022 463 4071 et
494 4014 818 4085 congruenti
854 4014 1117 4069 modestia
1155 4015 1360 4093 redeat,
1404 4016 1456 4069 id
1490 4017 1788 4086 optimum:
1826 4033 1984 4072 secus

405 4122 558 4173 vero,
592 4108 665 4162 sit
691 4120 722 4159 a
752 4105 1058 4161 ministerio
1091 4114 1354 4161 remotus.

478 4299 737 4373 (59)_Tdr
772 4300 1250 4370 χωρεπὶσκοπον,
1289 4296 1428 4356 Med.
1480 4309 1533 4357 et
1570 4300 1736 4357 Coisl.
1773 4303 1984 4373 primus

405 4368 500 4423 τὸν
521 4368 837 4424 ἐπίσκοπον.

480 4439 592 4515 (60)
624 4438 759 4515 ilva
782 4457 855 4515 ει.
886 4440 1550 4515 qombelisiuslegendum
1578 4451 1733 4511 putat
1770 4442 1856 4497 ἵνα
1880 4445 1977 4515 μή.

407 4502 751 4582 ρυξεῖόὶορι
774 4509 1027 4582 Basilius
1052 4502 1361 4580 Glycerium
1393 4527 1462 4565 ne
1483 4502 1859 4582 increparetur
1880 4502 1980 4568 ἐύ-
2012 4502 2056 4558 Ῑ)
2088 4519 2157 4571 tri

408 4580 634 4651 fugisse.
683 4578 789 4634 Sed
843 4581 982 4634 nihil
1019 4578 1244 4650 prorsus
1294 4578 1793 4651 mutandumfcum
1842 4585 1979 4640 illud

407 4649 494 4723 ἵνα
523 4650 662 4703 idem
696 4660 850 4705 sonet
890 4651 991 4704 hoc
1020 4649 1142 4723 loco
1177 4665 1242 4704 ac
1272 4649 1361 4723 ubi
1401 4652 1514 4723 sive
1539 4662 1834 4723 postquam.
1864 4652 1979 4709 Hoc

404 4721 550 4776 enim
580 4734 745 4790 sensu
786 4731 1084 4790 usurpatur
1129 4720 1184 4774 in
1214 4721 1373 4790 epist.
1423 4721 1546 4775 199.
1579 4720 1679 4776 Sic
1722 4724 1886 4775 etiam
1924 4727 1977 4777 in

404 4790 667 4860 oratione;
689 4789 747 4844 S.
783 4789 1015 4860 Ephrem
1045 4791 1098 4843 in
1122 4790 1181 4847 S.
1218 4790 1483 4843 Basiliam
1514 4808 1566 4860 p.
1604 4793 1672 4847 58
1699 4834 1711 4846 .
1748 4794 1863 4845 Ἵνα
1884 4790 1978 4847 οὖν

403 4863 499 4916 ’καὶ
524 4862 553 4913 ὀ
590 4858 793 4931 Κύριος
821 4858 1189 4933 σπλαγχνισθῇ
1212 4861 1298 4913 ἐπ’
1327 4860 1427 4929 ὲμέ
1457 4879 1469 4914 :
1509 4858 1608 4933 Ubi
1635 4878 1757 4933 ergo
1787 4864 1977 4917 Domi-

402 4947 502 4985 nus
530 4947 654 5000 erga
688 4948 768 4984 me
800 4932 1165 4985 misericordia
1185 4940 1476 4985 commotus
1507 4932 1628 5000 fuit.

498 5000 587 5072 6i)
617 5002 907 5072 Φαιςεῖται.
949 5001 1093 5054 Harl.
1118 5002 1386 5072 φαίνεται.

474 5004 587 5140 (61)
617 5004 907 5085 Φανεξται.
949 5004 1093 5054 Harl.
1118 5004 1386 5125 ςραίνεται.

497 5070 585 5140 62)
616 5072 690 5144 βο
720 5070 857 5125 δε...
902 5074 1078 5138 νέοις.
1155 5081 1354 5143 .egitur
1394 5070 1451 5123 '0
1489 5070 1614 5127 δὲ...
1662 5072 1781 5137 νέος
1831 5076 1974 5144 apud

401 5140 745 5210 Gregorium.
1215 5140 1232 5143 ’
1376 5158 1382 5165 '

474 5209 585 5281 (63)
631 5212 880 5284 ἶΑτιμοῖ.
912 5210 1062 5267 Harl.
1113 5211 1387 5284 ἀτιμάζει.
1438 5209 1542 5284 sed
1590 5213 1759 5282 prima
1787 5230 1973 5284 mmanu

403 5281 594 5360 habuit
624 5283 829 5353 ἀτιμοῖ.
862 5283 1084 5354 Legitur
1115 5281 1280 5338 etiam
1308 5282 1562 5353 ἀτιμάζει
1592 5281 1735 5354 apud
1772 5282 1976 5357 Grego-

404 5368 565 5405 I'llllll.

474 5421 584 5493 (64)
617 5422 725 5476 Kal
756 5424 867 5493 γὰρ
898 5425 1117 5492 κοινός.
1155 5423 1231 5478 lta
1266 5434 1378 5480 tres
1414 5423 1586 5480 nostri
1611 5425 1972 5481 vetustissimi

401 5492 662 5547 codices:
712 5492 895 5562 plures
942 5496 1088 5550 enim
1126 5496 1180 5549 in
1227 5497 1368 5550 hanc
1411 5496 1695 5566 epistolam
1731 5499 1973 5566 reperire

2092 3276 2168 3348 μὴ
2208 3278 2343 3349 (65)ν
2376 3279 2475 3344 τάς
2499 3297 2563 3348 γε
2593 3280 2921 3357 βουλομένας
2952 3284 3330 3356 τυραννεῖσθαι
3354 3285 3430 3357 μὴ
3458 3303 3670 3357 συγχω-

2092 3370 2283 3441 ρήσῃς,
2337 3372 2452 3424 ἀλλ’
2501 3374 2817 3429 ἐπανελθεῖν
2858 3375 3107 3430 τύπωσον
3145 3376 3255 3449 (66)
3310 3378 3448 3449 πρὸς
3502 3381 3668 3451 ἡμᾶς’

2087 3459 2120 3530 ἢ
2161 3462 2552 3533 μαρτυρόμεθά
2597 3481 2678 3517 σοι
2725 3464 2836 3536 (67)
2871 3467 2899 3520 ὃ
2934 3469 3029 3521 καὶ
3058 3468 3179 3540 Θεῷ
3211 3470 3306 3523 καὶ
3340 3471 3669 3542 ἀνθρώποις,

2084 3553 2166 3606 ὅτι
2220 3555 2293 3625 μὴ
2339 3555 2517 3620 καλῶς
2561 3559 2733 3612 ταῦτα
2780 3559 3010 3628 γίνεται,
3073 3563 3209 3634 μηδὲ
3266 3563 3491 3635 θεσμοῖς
3547 3566 3667 3621 Ἕκα

2086 3643 2333 3714 κλησίας.
2373 3647 2663 3721 Γλυκέριος
2696 3651 2752 3705 δὲ
2799 3655 2848 3706 εἰ
2903 3653 3003 3724 μὲν
3046 3655 3333 3711 ἐπανέλθοι
3384 3660 3504 3729 μετ’
3549 3660 3667 3713 ἐπι⁴

2089 3739 2301 3808 στήμης
2345 3738 2457 3808 (68)
2512 3741 2606 3795 καὶ
2652 3743 2753 3813 τῆς
2803 3746 3119 3818 πρεπούσης
3168 3747 3276 3819 (69)
3327 3749 3666 3815 εὐσταθείας,

2085 3825 2247 3878 τοῦτο
2300 3827 2557 3898 ἄριστον·
2607 3833 2654 3883 εἰ
2710 3832 2766 3886 δὲ
2816 3833 2923 3904 μὴ,
2974 3834 3112 3888 ἔστω
3170 3837 3519 3907 πεπαυμένος
3572 3839 3669 3909 τῆς

2086 3915 2409 3986 ὑπηρεσίας.

2085 4323 2192 4392 non
2224 4309 2401 4392 licuit.
2438 4307 2530 4392 Sic
2570 4314 2731 4370 etiam
2763 4317 2905 4387 apud
2934 4314 3092 4392 Greg.
3145 4315 3423 4380 Editiones
3477 4326 3663 4384 Basilii

2089 4379 2591 4503 K765Yl&l§lx62v%i-
2629 4454 2769 4503 Editi
2812 4457 3019 4503 addunt
3037 4462 3195 4503 umnam
3245 4466 3391 4503 ηιιηιι
3420 4465 3571 4503 AM...
3606 4469 3620 4503 ι

2178 4450 2267 4521 65)
2298 4450 2364 4503 El
2481 4452 2591 4522 μή.
2627 4454 2771 4511 Editi
2812 4457 3019 4515 addunt
3037 4462 3214 4528 τοῦτο,
3245 4466 3393 4535 quod
3420 4465 3578 4524 deest
3604 4469 3659 4523 in

2203 4536 2264 4575 us
2285 4529 2492 4578 nostris
2522 4540 2655 4580 mss.

2157 4589 2268 4673 (66)
2305 4594 2614 4673 Τύπῳσον.
2653 4593 2768 4650 Vox
2812 4598 3016 4656 Basilio
3061 4601 3370 4662 familiaris.
3399 4604 3493 4662 Sic
3514 4607 3662 4665 enim

2082 4659 2421 4737 pliiribusiin
2448 4664 2583 4737 locis
2615 4677 2933 4737 usurpatur.

2153 4731 2723 4820 (67)”lllciptupd480‘a:
2753 4731 2883 4820 ξσοι.
2928 4738 3105 4820 (ξοίξει2
3156 4745 3547 4820 μαρτυρόμεθά
3582 4765 3660 4805 σε.

2080 4796 2655 4884 ΙΙηί-ίᾏμαρτυρᾷμέθα
2670 4808 2813 4884 θεὸν
2849 4811 2975 4884 Δκαὶ
3011 4796 3665 4884 ἀνθρὶδέτὸιᾷξτὶέξὶᾶιᾶἇὲ

2081 4869 2624 4957 ζξᾳιιφέειξξιοὴιϋιεε.
2669 4873 2763 4957 Sic
2789 4880 2955 4957 etiam
3006 4869 3151 4952 apud
3177 4869 3662 4957 Gregorium,viiisi

2082 4940 2454 5030 quqdolegitur
2474 4946 2914 5030 Αμαρτυριίέμεθαδ

2155 5009 2693 5093 (68λξ8πιπσςὲήίὶηςζ
2734 5009 3043 5093 [legendum
3090 5029 3245 5093 putat
3298 5024 3663 5084 Combeﬁsius

2082 5080 2389 5163 ἐπιστολῆς.
2414 5081 2513 5163 _Slc
2552 5080 2936 5163 legiturjpud
2986 5080 3146 5163 Greg.
3185 5080 3661 5159 Nazianzqﬁet‘

2081 5152 2379 5237 nini-ginem
2409 5152 2739 5237 ἐπιστήμης.
2763 5152 2895 5237 Quae
2916 5152 3263 5237 quideiii‘vox
3291 5179 3415 5219 cum
3451 5152 3663 5237 legatur

2082 5221 2137 5272 in
2175 5221 2351 5275 tribus
2381 5221 2998 5298 nostris'vetustissiniis
3038 5234 3338 5298 codicibus,
3372 5221 3661 5292 nonr‘video

2081 5292 2467 5427 {incutiant}:
2506 5297 2599 5351 sit.
2650 5295 2807 5369 Saepe
2851 5303 2997 5355 enim
3030 5302 3173 5357 idem
3221 5292 3366 5361 valet
3395 5321 3461 5360 ac
3491 5308 3662 5363 disci-

2370 5378 2394 5415 ι’
2472 5403 2485 5416 ο

2102 5375 2228 5412 mna
2252 5375 2305 5414 et
2330 5375 2485 5416 omo.

2153 5428 2262 5517 (se)
2292 5434 2668 5517 Πρεπρύσης.
2694 5436 2772 5495 Ita
2796 5456 2929 5499 mss.
2958 5449 3011 5499 et
3032 5440 3190 5516 Greg.
3215 5442 3346 5501 Nam.
3378 5444 3660 5504 Editiones

2079 5495 2265 5555 Basilii
2297 5495 2597 5576 παρούσης.
