3948 6214
233 272 331 331 655

711 428 717 435 ·
740 400 1088 456 ΕΠΙΣΤΟΛΗ
1126 399 1247 455 ΡΟ’.

1143 262 1636 322 EPISTOLARUM
1673 261 1966 319 CLASSIS
2003 261 2071 318 llr.
2124 259 2346 318 EPIST.
2391 261 2648 319 CLXXII.

3399 267 3508 324 οη

2380 397 2724 455 EPISTOLA
2759 398 2988 456 CLXX‘t

698 517 921 586 Glycerio
944 520 1134 569 veniam
1156 516 1417 582 pollicetur
1445 515 1683 578 Basilius,
1702 512 1748 566 si
1770 512 1866 566 cito
1884 515 2078 577 redeat,
2104 527 2242 567 secus
2265 527 2397 576 vero,
2422 512 2774 581 depositionem
2796 513 3029 563 minatur.

850 628 1181 697 Γλυκερίῳ.

294 744 472 817 Μέχρι
494 743 639 807 τίνος
666 743 892 812 ἁπονοῇ,
918 742 1014 794 καὶ
1054 738 1243 803 κακῶς
1280 740 1378 810 μὲν
1412 732 1808 812 βουλεύῃπερλ⁸

233 834 477 899 σεαυτοῦ,
505 836 679 896 κινεῖς
705 831 762 886 δὲ
787 828 902 903 (70)
926 832 1100 903 ἡμᾶς,
1138 830 1417 901 αίσχύνεις
1442 831 1498 883 δὲ
1538 831 1600 884 τὸ
1629 831 1808 884 κοινὸν

222 929 409 998 τάγμα
434 925 543 980 τῶν
571 923 854 997 μοναστῶν
875 941 890 989 ;
923 923 1215 977 Ἐπάνελθε
1235 918 1326 977 οὖν
1349 922 1427 993 τῷ
1449 923 1567 995 Θεῷ
1591 922 1809 995 6αρρὦ

229 1021 320 1073 καὶ
352 1021 504 1090 ἡμῖν,
534 1012 595 1071 οὗ
645 1017 743 1087 τὴν
778 1014 1191 1085 φιλανθρωπίαν
1226 1013 1561 1086 μιμούμεθα.
1597 1015 1660 1068 Εί
1698 1015 1807 1086 γὰρ

231 1110 320 1164 καὶ
367 1106 651 1179 πατρικῶς
707 1107 1142 1178 ὲπετιμήσαμεν,
1181 1104 1318 1159 ἀλλὰ
1361 1104 1454 1158 καὶ
1492 1106 1805 1174 συγγνωσό-

236 1200 369 1271 μεθα
393 1197 681 1271 πατρικῶς
713 1197 845 1268 (71).
889 1195 1078 1250 Ταῦτά
1108 1213 1189 1249 σοι
1232 1198 1364 1267 παρ’
1396 1195 1584 1267 ἡμῶνο
1620 1196 1809 1268 ἐπειδὴ

230 1290 408 1345 πολλοί
437 1308 495 1343 τε
532 1287 869 1342 ἱκετεύουσιν
897 1286 1068 1353 ἄλλοι,
1107 1287 1202 1341 καὶ
1246 1287 1354 1359 πρὸ
1400 1287 1512 1342 τῶν
1560 1286 1735 1341 ἄλλων
1780 1289 1809 1341 ὁ

233 1382 319 1447 σὸς
350 1380 745 1454 πρεσϐύτερος,
773 1373 835 1433 οὗ
867 1377 965 1451 τὴν
1002 1377 1193 1432 πολιὰν
1235 1376 1534 1448 αἰδούμεθα
1573 1379 1668 1431 καὶ
1709 1376 1820 1449 τὴν

232 1473 649 1545 εὐσπλαγχνίαν.
698 1473 760 1525 Εἰ
802 1470 859 1524 δὲ
895 1470 1195 1541 μακρύνεις
1229 1469 1342 1542 (72)
1377 1471 1470 1540 ἀφ’
1505 1470 1683 1542 ἡμῶν,
1714 1469 1809 1523 τοῦ

235 1563 437 1636 βαθμοῦ
475 1565 576 1636 μὲν
625 1564 842 1627 πάντως
879 1562 995 1633 (75)
1044 1562 1450 1625 ἐκπέπτωκας·
1493 1563 1699 1633 ὲκπεσῇ
1753 1560 1810 1614 δὲ

233 1658 323 1711 καὶ
355 1656 445 1710 τοῦ
488 1656 627 1710 Θεοῦ
675 1654 815 1728 μετὰ
849 1653 960 1708 τῶν
995 1653 1175 1726 μελῶν
1213 1671 1303 1708 σου
1339 1653 1561 1726 καὶτῆς
1591 1655 1805 1725 στολῆς,

232 1742 309 1813 οἷς
349 1750 502 1818 ἄγεις
550 1748 649 1812 τὰς
695 1747 820 1811 νέας
861 1746 922 1800 ού
968 1746 1106 1819 πρὸς
1148 1746 1316 1814 Θεὸν,
1358 1745 1473 1801 ἀλλ’
1510 1748 1589 1811 είς
1636 1745 1807 1819 βάρα-

236 1844 373 1917 θρον.

721 2084 1068 2140 ΕΠΙΣΤΟΛΗ
1110 2084 1254 2138 POA'
1265 2121 1278 2136 .

1842 635 1891 691 A

2584 624 2829 696 Glycerio

1989 737 2290 809 Quousque
2319 738 2543 794 tandem
2595 738 2837 793 amentia
2892 750 3137 809 praceps
3176 737 3398 809 egeris,
3450 745 3506 794 et

1930 829 2031 884 tibi
2070 828 2291 899 quidem
2326 829 2443 899 ipse
2469 829 2612 883 male
2635 829 2919 894 consules,
2949 828 3164 884 animos
3191 836 3374 884 autem
3404 844 3508 884 no-

1919 926 2073 975 stros
2130 921 2483 985 concitahis,
2530 929 2694 991 atque
2750 923 3068 979 universum
3106 922 3507 978 monachorum

1919 1022 2123 1065 coetum
2181 1012 2407 1066 infamia
2448 1019 2504 1067 et
2552 1013 2822 1070 dedecore
2866 1010 3109 1070 afficies?
3157 1013 3294 1070 Redi
3341 1015 3507 1086 igitur

1916 1102 2029 1158 Deo
2066 1102 2240 1160 fretus
2268 1111 2322 1160 et
2348 1100 2511 1159 nobis
2535 1144 2550 1168 ,
2598 1105 2693 1175 qui
2727 1104 2849 1175 ejus
2891 1106 3287 1177 benignitatem
3322 1107 3507 1162 imita-

1915 1211 2061 1251 mur.
2098 1194 2233 1250 Nam
2266 1196 2313 1251 si
2347 1203 2577 1266 paterno
2615 1196 2802 1251 animo
2829 1193 3309 1268 reprehendimus,
3338 1199 3505 1254 etiam

1913 1296 2147 1355 paterno
2183 1285 2369 1339 animo
2398 1285 2769 1356 ignoscemus.
2807 1285 2888 1342 lta
2924 1297 3105 1343 tecum
3137 1289 3391 1361 agimus:
3428 1289 3506 1344 si—

1915 1377 2136 1447 quidem
2166 1375 2324 1431 multi
2346 1377 2437 1431 alii
2474 1385 2567 1432 tua
2588 1394 2757 1433 causa
2783 1381 3117 1450 supplicant,
3139 1388 3193 1436 et
3213 1394 3340 1439 ante
3367 1381 3507 1438 alios

1917 1469 2206 1540 presbyter
2248 1476 2414 1535 tuus,
2469 1470 2632 1541 cujus
2677 1471 2933 1527 canitiem
2972 1479 3028 1527 et
3070 1472 3508 1530 misericordiam

1917 1576 2255 1617 reveremur.
2301 1561 2460 1629 Quod
2502 1564 2547 1619 si
2595 1563 2806 1620 diutius
2841 1580 2872 1619 a
2921 1564 3081 1622 nobis
3116 1574 3170 1621 te
3220 1582 3508 1637 removes,

1917 1652 2088 1721 gradu
2114 1651 2335 1722 quidem
2357 1651 2583 1707 omnino
2607 1654 2861 1710 excidisti
2889 1672 2904 1722 ;
2933 1653 3105 1710 Deum
3130 1661 3313 1710 autem
3342 1655 3507 1710 etiam

1918 1742 2160 1804 amittes,
2187 1756 2314 1795 cum
2349 1741 2460 1798 tuis
2492 1744 2783 1801 cantilenis
2806 1754 2860 1800 et
2888 1746 3029 1800 stola
3056 1763 3070 1800 :
3098 1746 3303 1816 quibus
3331 1744 3502 1801 rebus

1923 1833 2083 1889 ducis
2122 1833 2567 1892 adolescentulas
2607 1852 2720 1892 non
2765 1838 2832 1893 ad
2878 1834 3050 1894 Deum
3076 1878 3093 1905 ,
3125 1839 3221 1895 sed
3250 1838 3318 1894 ad
3349 1838 3510 1894 bara-

1920 1923 2126 1980 thrum.

2380 2079 2720 2139 EPISTOLA
2754 2082 3032 2139 CLXXI“.

908 2200 1136 2262 Queritur
1156 2200 1331 2277 iterum
1357 2196 1592 2259 Basilius,
1612 2196 1742 2263 quod
1766 2194 2017 2264 Glycerius
2035 2204 2082 2249 et
2106 2195 2319 2264 uirgines
2341 2199 2557 2251 nondum
2577 2199 2834 2253 redierint.

854 2315 903 2366 Γ
897 2312 1181 2382 ρηγορίφο

313 2426 656 2482 Ἐπὲσταλκά
697 2443 781 2480 σοι
832 2427 929 2497 καὶ
974 2424 1168 2496 πρώην
1213 2423 1343 2495 περὶ
1389 2421 1686 2494 Γλυκερίου
1729 2422 1823 2475 καὶ

236 2521 336 2573 τῶν
370 2519 679 2592 παρθένων.
729 2519 794 2572 Ol
839 2517 898 2571 δὲ
945 2516 1159 2571 οὐδέπω
1204 2515 1301 2569 καὶ
1356 2515 1597 2587 τήμερον
1654 2517 1821 2569 ἐπαν-

236 2614 427 2683 ήκασιν
447 2651 462 2673 ,
499 2610 618 2665 ἀλλ’
641 2609 721 2663 ἔτι
767 2610 1074 2681 μέλλουσιν,
1106 2609 1206 2662 οὐκ
1233 2604 1353 2661 οἶδα
1378 2608 1499 2661 ὅθεν
1528 2611 1623 2663 καὶ
1651 2610 1818 2673 ὅπως.

234 2703 308 2754 Οὐ
340 2702 444 2773 γὰρ
476 2701 547 2755 ἂν
580 2700 756 2753 ἐκεῖνό
798 2717 892 2753 σου
936 2698 1289 2767 καταγνοίην,
1327 2698 1404 2761 ὡς
1450 2699 1535 2767 ἐφ’
1572 2698 1820 2770 ἡμετέρα

238 2794 447 2867 διαϐολῇ
477 2793 643 2848 τοῦτο
668 2795 863 2858 ποιεῖς,
887 2792 921 2863 ἦ
951 2792 1114 2856 αὐτὸς
1147 2791 1375 2861 πάσχων
1400 2809 1452 2844 τι
1482 2789 1620 2863 πρὸς
1645 2792 1815 2862 ἡμᾶς,

239 2886 474 2957 ἧᾶλλοις
522 2885 909 2957 χαριζόμενος.
947 2882 1267 2937 Ἦκὲτωσαν
1307 2875 1399 2935 οὖν
1451 2882 1620 2953 μηδὲν
1646 2883 1817 2936 δεδοιο

242 2977 419 3042 κότες’
472 2980 537 3032 σὺ
580 2976 745 3047 γενοῦ
793 2975 987 3030 τούτου
1043 2974 1154 3045 (74)
1203 2974 1502 3045 ἐγγυητής.
1564 2975 1674 3028 Καὶ
1711 2975 1819 3047 γὰρ

240 3070 503 3142 ἀλγοῦμεν
547 3069 900 3141 τεμνομένων
932 3067 1043 3136 (75)
1083 3065 1192 3119 τῶν
1239 3065 1441 3136 μελῶν,
1494 3067 1543 3118 εί
1586 3068 1680 3119 καὶ
1724 3085 1822 3119 κα-

242 3164 342 3228 λῶς
371 3163 479 3234 (76)
515 3162 860 3234 ἐτμήθησαν.
893 3160 958 3213 Εἰ
1004 3159 1060 3212 δὲ
1097 3158 1471 3221 ἀντιτείνοιεν,
1506 3159 1593 3211 ἐπ’
1626 3157 1821 3222 ἄλλους

242 3256 298 3309 τὸ
326 3258 508 3329 βάρος,
536 3258 705 3328 ἡμεῖς
728 3254 786 3308 δὲ
818 3252 1263 3324 ἀποπλυνόμεθα.

729 3409 1077 3465 ΕΠΙΣΤΟΛΗ
1118 3408 1281 3461 POB'.

1841 2315 1891 2373 Β

2578 2310 2851 2383 Gregorio.

1994 2420 2206 2493 Scripsi
2237 2422 2302 2477 ad
2335 2430 2388 2478 te
2425 2432 2479 2479 et
2504 2433 2665 2480 antea
2692 2418 2760 2480 de
2796 2424 3051 2497 Glycerio
3080 2433 3136 2483 et
3176 2426 3507 2499 virginibus.

1920 2514 1992 2568 At
2019 2514 2098 2568 illi
2133 2513 2369 2569 necdum
2403 2514 2565 2572 hodie
2598 2517 2919 2573 redierunt:
2955 2534 3146 2576 verum
3178 2521 3359 2577 adhuc
3395 2538 3511 2578 mo-

1922 2614 2155 2673 rantur;
2191 2621 2303 2676 qua
2331 2608 2400 2662 de
2428 2623 2598 2663 causa
2619 2650 2635 2674 ,
2664 2617 2720 2665 et
2750 2611 3031 2680 quomodo
3060 2612 3272 2668 nescio.
3323 2612 3510 2684 Neque

1921 2702 2071 2756 enim
2103 2701 2201 2755 tibi
2233 2701 2336 2755 hoc
2366 2702 2578 2757 crimen
2618 2702 2899 2757 intulerim
2924 2745 2937 2766 ,
2971 2706 3115 2774 quod
3148 2705 3371 2760 invidia
3410 2721 3513 2759 no-

1916 2794 2004 2850 bis
2030 2793 2280 2849 creanda
2306 2794 2470 2865 260
2498 2809 2665 2850 causa
2690 2797 2742 2851 id
2774 2796 2967 2860 facias,
2995 2798 3082 2853 vel
3114 2798 3232 2868 ipse
3252 2800 3509 2855 nonnihil

1916 2884 2076 2939 nobis
2106 2884 2370 2949 offensus,
2399 2885 2481 2939 vel
2509 2886 2743 2955 gratiam
2778 2888 2847 2942 ab
2878 2889 3001 2946 aliis
3032 2889 3236 2946 iniens.
3272 2888 3513 2946 Veniant

1920 2974 2110 3046 igitur,
2145 2976 2295 3029 omni
2328 2984 2475 3030 metu
2520 2978 2701 3046 posito
2728 2998 2742 3033 :
2786 2989 2907 3035 esto
2938 2988 2996 3035 tu
3036 2982 3202 3052 hujus
3232 2984 3313 3038 rei
3344 2999 3513 3055 spon-

1922 3082 2036 3122 sor.
2094 3066 2363 3138 Angimur
2405 3067 2550 3123 enim
2594 3071 2725 3124 dum
2777 3074 3020 3128 membra
3074 3075 3511 3143 abscinduntur,

1923 3161 2141 3215 etiamsi
2173 3171 2319 3217 recte
2348 3163 2576 3232 pracisa
2609 3163 2739 3219 sint.
2766 3162 2925 3229 Quod
2950 3165 2994 3219 si
3018 3166 3347 3238 restiterint,
3379 3170 3514 3224 alio-

1926 3269 2051 3307 rum
2086 3256 2192 3308 erit
2222 3270 2383 3320 onus,
2418 3271 2520 3310 uos
2557 3264 2742 3311 autem
2773 3256 3070 3314 abluimur.

2383 3406 2725 3464 EPISTOLA
2763 3409 3086 3466 CLXXII”.

244 3531 485 3597 Signiﬁcat
514 3530 735 3583 Basilius
758 3545 810 3583 se
828 3543 890 3582 ea:
913 3526 1181 3598 Sophronii
1210 3526 1384 3598 litteris
1403 3525 1693 3598 etnlcctiti‘am
1713 3540 1770 3577 eo
1791 3527 2025 3598 majorem
2045 3563 2057 3583 ,
2081 3538 2176 3598 quo
2198 3526 2496 3598 tunc-rarior
2520 3535 2627 3579 erat
2646 3526 2882 3598 citaritas,
2902 3526 3186 3594 collegisse;
3209 3537 3254 3582 et
3272 3543 3513 3585 summm

965 3587 1073 3642 cum
1097 3591 1186 3641 hoc
1210 3593 1420 3639 Patrum
1440 3587 1559 3655 ﬁdei
1583 3588 1835 3652 delensore
1859 3587 2166 3652 colloquendi
2185 3588 2486 3639 desiderium
2507 3589 2799 3653 concepisse.

614 3703 928 3773 Σωφρονίῳ
973 3700 1287 3764 ἐπισκόπῳ
1311 3698 1446 3771 (77).

312 3819 497 3882 Ὅπως
542 3816 830 3889 ηὒφρανας
894 3795 1043 3887 ἡμᾶς
1091 3814 1206 3876 τοῖς
1252 3812 1608 3884 γράμμασιν,
1667 3812 1820 3865 οὐδὲν

246 3910 468 3982 δεόμεθα
499 3910 759 3983 γράφειν.
811 3905 1065 3970 Είκάζεις
1099 3906 1208 3977 γὰρ
1243 3904 1462 3967 πάντως
1509 3904 1690 3968 αὐτοῖς
1739 3899 1820 3967 οἷς

250 4005 556 4067 ἐπέστειλας
586 4001 853 4063 τοιούτοις
889 3994 1031 4053 οῦσι.
1061 3997 1167 4050 Τὸν
1204 3997 1313 4067 γὰρ
1347 3997 1564 4067 πρῶτον
1608 3996 1820 4068 καρπὸν

250 4095 337 4149 τοῦ
377 4096 720 4165 Πνεύματος,
765 4093 864 4164 τὴν
910 4090 1158 4161 ἀγάπην,
1190 4089 1400 4155 ἔδειξας
1442 4090 1573 4159 ἡμῖν
1612 4088 1699 4141 διὰ
1729 4087 1822 4141 τοῦ

251 4189 584 4260 γράμματος.
611 4187 816 4240 Τούτου
844 4187 902 4239 δὲ
934 4187 985 4239 τί
1019 4186 1087 4239 ἂν
1112 4184 1324 4254 γένοιτο
1351 4181 1672 4252 τιμιώτερον
1694 4182 1825 4251 ἡμῖν

252 4280 305 4332 ὲν
334 4282 399 4352 τῇ
445 4277 700 4351 παρούσῃ
744 4278 853 4331 τῶν
885 4275 1091 4348 καιρῶν
1122 4273 1475 4335 καταστάσει,
1512 4270 1696 4342 ἡνίκα,
1735 4269 1824 4323 διὰ

253 4372 308 4424 τὸ
351 4371 719 4444 πληθυνθῆναι
756 4369 854 4441 τὴν
886 4367 1141 4439 ἀνομίαν,
1180 4365 1354 4436 ὲψύγη
1406 4364 1515 4418 τῶν
1547 4362 1757 4417 πολλῶν
1789 4364 1821 4434 ὴ

256 4461 466 4534 ἁγάπη;
527 4463 695 4517 Οὐδὲν
728 4461 837 4533 γὰρ
886 4459 1028 4514 οὕτω
1066 4459 1291 4513 σπάνιον
1330 4456 1425 4511 νῦν
1471 4456 1546 4520 ὡς
1591 4455 1822 4524 ἀδελφοῦ

258 4555 505 4627 συντυχία
557 4552 970 4626 πνευματικοῦ,
1024 4552 1120 4605 καὶ
1170 4550 1323 4623 ῥῆμα
1373 4548 1678 4620 εἰρηνικὸν,
1729 4547 1824 4601 καὶ

257 4646 591 4719 πνευματικὴ
623 4646 902 4710 κοινωνία,
954 4645 1021 4715 ἦν
1047 4643 1300 4716 εὑρόντες
1334 4644 1392 4695 ὲν
1418 4643 1484 4711 τῇ
1531 4642 1596 4711 σῇ
1626 4639 1827 4693 τελειό-

256 4757 370 4810 τητι
401 4739 1019 4810 ὑπερευχαριστήσαμεν
1062 4735 1140 4806 τῷ
1173 4734 1365 4806 Κυρίῳ
1391 4772 1406 4796 ,
1453 4732 1692 4803 δεόμενοι
1735 4733 1827 4785 καὶ

257 4831 350 4901 τῆς
375 4829 588 4894 τελείας
628 4830 723 4882 ἐπὶ
762 4830 844 4882 col.
898 4829 1187 4901 μετασχεῖν
1227 4823 1587 4895 εὐφροσύνης.
1620 4822 1682 4876 El
1718 4822 1827 4892 γὰρ

2424 3694 2721 3765 Sophronia
2751 3698 3015 3764 episcopo.

1998 3810 2212 3877 Quanta
2236 3826 2323 3865 me
2350 3810 2533 3865 latitia
2561 3811 2756 3865 littera
2785 3818 2893 3865 tua
2925 3810 3230 3879 all‘ccerint,
3264 3812 3509 3870 scribere

1925 3901 2061 3954 nihil
2103 3901 2234 3955 mihi
2270 3917 2409 3972 opus
2455 3910 2559 3958 est.
2610 3902 2666 3955 ld
2711 3904 2856 3957 enim
2889 3904 3134 3973 profecto
3158 3904 3392 3973 conjicis
3442 3921 3509 3961 ex

1926 3995 2013 4049 his
2060 4010 2180 4064 qua
2216 3995 2486 4065 scripsisti
2514 4034 2529 4058 ,
2567 4010 2690 4049 cum
2735 3995 2861 4049 talia
2898 3995 3027 4052 sint.
3072 3994 3315 4051 Primum
3354 3998 3502 4053 enim

1926 4084 2167 4155 Spiritus
2210 4086 2450 4141 fructum
2478 4125 2493 4150 ,
2530 4086 2856 4141 chariiatcm
2880 4125 2894 4151 ,
2926 4086 3058 4140 mihi
3088 4103 3185 4157 per
3213 4087 3502 4157 epistolam

1923 4178 2232 4234 ostendisti.
2264 4176 2407 4244 Quid
2441 4187 2622 4233 autem
2654 4193 2717 4233 ea
2753 4193 2814 4232 re
2847 4178 2980 4233 mihi
3011 4181 3186 4249 possit
3213 4195 3335 4237 esse
3364 4181 3508 4236 anti-

1922 4268 2086 4340 quius
2131 4267 2186 4322 in
2231 4268 2333 4322 hoc
2365 4276 2672 4338 temporum
2706 4278 2850 4324 statu
2872 4310 2887 4334 ,
2925 4286 3033 4341 quo
3072 4279 3294 4342 propter
3320 4273 3511 4329 multi-

1920 4359 2178 4430 plicatam
2232 4359 2574 4429 iniquitatem
2624 4360 2840 4416 refrixit
2877 4363 3178 4417 multorum
3223 4363 3511 4421 Charitas?

1919 4451 2081 4506 Nunc
2109 4450 2255 4507 enim
2292 4452 2428 4506 nihil
2476 4459 2562 4508 est
2596 4460 2706 4507 tam
2747 4469 2935 4508 rarum
2962 4495 2977 4522 ,
3005 4469 3169 4524 quam
3202 4454 3509 4525 spiritualis

1925 4543 2116 4600 fratris
2142 4558 2475 4614 congressus
2498 4584 2513 4610 ,
2546 4552 2602 4600 et
2640 4546 2868 4601 verbum
2900 4547 3211 4618 paciﬁcum,
3248 4556 3303 4604 et
3345 4549 3510 4620 spiri-

1923 4636 2092 4693 tualis
2116 4636 2465 4691 communio:
2500 4652 2665 4708 quam
2699 4640 2756 4694 in
2786 4646 2879 4694 tua
2933 4632 3248 4710 integritate
3287 4648 3505 4705 nactus,

1924 4728 2162 4784 Domino
2188 4728 2394 4800 gratias
2419 4732 2527 4800 egi.
2557 4745 2727 4788 orans
2757 4740 2817 4788 ut
2843 4740 2898 4788 et
2928 4733 3209 4787 cumulata
3236 4731 3292 4785 in
3328 4739 3382 4787 te
3410 4731 3503 4786 la-

1926 4823 2048 4876 titia
2078 4821 2348 4891 perfruar.
2384 4821 2441 4876 Si
2485 4824 2631 4877 enim
2662 4824 2802 4879 tales
2831 4824 3107 4896 epistola,
3151 4822 3329 4894 qualis
3367 4836 3506 4878 con-

324 4992 430 5063 (70)
455 4986 1069 5063 {fireIg-dé._!ta_ﬂarl.
1100 4985 1246 5040 Εάίιί
1284 4987 1452 5063 κινεῖς
1487 4984 1604 5053 μέν.
1644 4980 1823 5037 Habet

1929 4982 2232 5063 mu_s__quod
2259 4981 2313 5036 in
2339 4979 2816 5063 editislegehatur
2850 4977 3053 5063 κακῶς.

258 5054 423 5116 etiam
447 5054 745 5133 Gregorius
775 5059 1146 5114 Nazianzenus
1179 5064 1237 5133 ut
1263 5054 1555 5133 e_d_id_imus.

344 5133 429 5202 7|)
455 5120 927 5202 Συτῖγνωσόμεθιι
950 5126 1263 5202 πατρικῶς.
1288 5125 1432 5179 Male
1459 5122 1602 5194 apud
1624 5120 1827 5194 Grego-

259 5200 392 5256 rium
411 5198 628 5270 legit'u'r
659 5198 1062 5271 πνευματικῶς.

325 5271 432 5343 (72)
457 5268 813 5343 Μακρύνειςζ
847 5268 998 5323 Harl.
1033 5268 1349 5343 μακρύνοις.

326 5335 435 5411 (75)
458 5335 737 5411 Πάντως.
756 5335 887 5410 Reg.
925 5335 1200 5411 secuudtis
1232 5335 1447 5398 παντός.

326 5403 433 5482 (74)
463 5414 547 5465 Σὺ
576 5403 755 5482 γενοῦ
792 5403 1026 5482 τόύτου.
1056 5408 1133 5462 lta
1168 5424 1303 5482 mss.
1335 5416 1470 5461 tres.
1502 5403 1656 5482 Editi
1688 5421 1823 5475 συγ-

180 5496 196 5511 ⁶
261 5476 663 5552 νὲνουίτούτων.
701 5476 930 5552 Legitur
951 5480 1113 5552 etiam
1140 5478 1353 5552 τούτων
1372 5478 1515 5548 apud
1555 5476 1716 5552 Greg.

330 5550 437 5623 (75)
459 5546 872 5623 fear-cperam
910 5549 1129 5623 Legitur
1148 5549 1290 5623 apud
1315 5546 1476 5616 Grég.
1504 5546 1819 5617 τεμνόμενοι

261 5617 625 5697 τῶν-χ
657 5617 871 5697 abscissi
904 5617 1253 5697 afuerit-bris.“
1296 5687 1308 5697 .
1684 5686 1698 5697 _
1775 5687 1785 5697 .

330 5684 435 5763 (76)
457 5690 687 5757 Καλῶς.
721 5689 1098 5768 ltallarlaani
1125 5684 1341 5763 codicis
1374 5702 1476 5758 ope
1509 5686 1820 5743 emendavi-

2006 5046 2470 5123 (77):)7wgpp0rlq)
2500 5046 2832 5123 succedam.
2872 5047 2962 5103 Sic
3001 5048 3154 5123 editi,
3188 5046 3507 5123 Cois_l._pri-

1932 5117 2076 5189 mus,
2101 5117 2330 5177 Medfct
2358 5117 2447 5175 alii
2480 5120 2749 5174 nonnulli.
2778 5118 2900 5171 Vat.
2932 5127 2986 5173 et
3017 5118 3257 5189 ϐίοι-σῃ).
3301 5117 3505 5189 habent

1929 5185 2142 5246 tantum
2172 5191 2482 5263 Σωφρονίῳ.
2514 5189 2598 5263 At
2625 5203 2853 5263 prorsus
2885 5188 3143 5244 mendose
3164 5185 3505 5263 __Harlaanus

1932 5264 2107 5317 codex
2137 5269 2192 5317 et
2221 5255 2316 5316 alii
2354 5255 2711 5324 nonnulli,'in
2739 5258 2941 5329 quibus
2973 5255 3229 5329 praecedit
3270 5257 3503 5329 epistola

1932 5332 2001 5387 ad
2027 5332 2392 5405 Sophrouium
2436 5327 2792 5405 magistrum,
2823 5328 3025 5405 habent
3062 5327 3140 5405 τῷ
3174 5328 3340 5405 αυτῷ.
3376 5328 3505 5381 Per-

1933 5347 2001 5387 aa
2027 5347 2392 5405 bopnmmum
2436 5347 2779 5453 magnarum,
2824 5347 3025 5382 nauem
3062 5347 3140 5397 τῳ
3174 5347 3340 5398 αυτῳ.
3377 5347 3501 5381 rer-

1933 5404 2184 5474 Spicuum
2214 5402 2360 5457 enim
2402 5407 2488 5455 est
2572 5413 2673 5453 anc
2708 5398 2997 5468 epistolam
3041 5398 3108 5451 ad
3159 5399 3501 5468 episcopum,

1934 5489 2044 5523 non
2077 5473 2145 5523 ad
2175 5472 2495 5523 mauistrum
2523 5468 2823 5523 officiorum
2859 5468 3117 5523 scriptam
3148 5483 3289 5523 esse.

1934 5473 2044 5528 non
2077 5473 2145 5527 ad
2175 5473 2495 5541 magistrum
2523 5473 2823 5523 officiorum
2859 5473 3117 5538 scriptam
3148 5483 3289 5523 esse.

2002 5550 2021 5566 '
2053 5544 2204 5595 Alias
2236 5538 2554 5595 CCCCXIV.
2586 5537 2800 5608 Scripta
2815 5539 2963 5593 circa
2983 5549 3185 5593 annum
3211 5533 3334 5590 374.

2001 5616 2042 5636 “
2073 5613 2223 5666 Alias
2249 5608 2812 5679 Cl2CCXIll.AScripta
2851 5611 2997 5664 circa
3032 5624 3236 5662 annum
3270 5607 3396 5663 574.

2011 5687 2072 5707 '“
2104 5683 2253 5739 Alias
2287 5677 2639 5738 CCCXXXV.
2679 5676 2894 5770 scripta
2922 5679 3070 5736 circa
3108 5694 3309 5734 annum
3339 5676 3469 5734 574.
