3948 6214
414 343 523 405 867

1754 341 1813 398 S.
1854 340 2100 398 BASlLll
2132 342 2347 401 MAGNI

3551 338 3659 409 eis

415 459 679 533 gressus?
704 457 771 514 Et
800 456 847 517 si
871 457 1087 515 eminus
1121 459 1203 514 sic
1235 456 1408 529 capis,
1441 455 1634 527 quanti
1683 457 1794 512 eris
1825 458 1987 527 pretii

2099 458 2376 513 ἐπιστολαὶ
2409 459 2677 524 τοιαῦται,
2714 460 2875 515 όποία
2918 462 2952 532 ἡ
2992 461 3283 533 συντυχία;
3313 460 3426 516 Καὶ
3452 467 3501 518 εί
3528 469 3661 540 πόρο

414 562 534 608 tum
573 566 698 606 cum
730 551 982 607 cominus
1027 549 1425 621 conspicieris?
1454 549 1604 604 Scito
1647 560 1850 614 autem,
1879 551 1988 606 nisi

416 645 761 718 negotiorum
785 645 1268 700 innumerabilium
1298 643 1599 700 multitudo
1629 643 1900 699 detineret
1925 658 1990 699 ac

415 736 785 795 ineluctabilis
810 737 904 791 illa
933 737 1235 793 necessitas
1266 751 1372 809 qua
1401 736 1774 808 constringor,
1806 737 1989 807 ipsum

416 843 507 885 me
553 828 624 883 ad
683 834 835 882 tuam
882 829 1250 899 integritatem
1311 836 1734 900 properaturum
1795 826 1985 882 fuisse.

415 918 738 990 Quanquam
799 935 1057 991 magnum
1104 919 1325 990 quidem
1370 920 1822 990 impedimentum
1872 926 1986 982 est,

414 1016 715 1084 quominus
748 1016 971 1067 movear
996 1052 1011 1076 ,
1048 1020 1207 1068 vetus
1246 1011 1341 1066 illa
1380 1012 1631 1082 corporis
1676 1011 1985 1084 aegritudo;

415 1105 514 1162 sed
537 1115 715 1160 tamen
744 1105 815 1160 ob
843 1112 1117 1175 speratam
1152 1104 1440 1159 utilitatem
1486 1104 1589 1157 hoc
1632 1103 1991 1175 impedimen-

413 1207 531 1252 tum
562 1214 685 1254 esse
713 1214 825 1253 non
857 1198 1162 1255 duxissem.
1196 1195 1463 1275 Congredi
1497 1197 1643 1251 enim
1680 1212 1805 1251 cum
1844 1198 1987 1261 viro,

412 1292 601 1347 eadem
627 1292 899 1347 sentiente
920 1331 935 1355 ,
976 1300 1030 1344 et
1057 1286 1283 1343 Patrum
1317 1289 1476 1343 [idem
1511 1287 1837 1344 defendente
1859 1325 1875 1350 ,
1908 1285 1991 1341 uti

414 1380 482 1437 de
506 1390 559 1438 te
587 1381 889 1437 venerandi
931 1380 1131 1437 fratres
1172 1388 1227 1437 et
1262 1379 1694 1452 compresbyteri
1724 1387 1988 1445 narrant,

412 1482 498 1531 est
537 1474 784 1546 profecto
826 1474 892 1529 ad
925 1474 1163 1546 priscam
1197 1473 1567 1529 Ecclesiarum
1598 1471 1991 1528 beatitudinem

414 1566 644 1628 reverti;
675 1580 799 1622 cum
828 1566 986 1636 pauci
1025 1566 1245 1637 quidem
1274 1564 1587 1636 disputandi
1618 1564 1811 1619 morbo
1841 1563 1993 1618 labos

412 1668 618 1720 rarent,
645 1672 837 1714 omnes
861 1666 1042 1713 autem
1066 1657 1361 1729 tranquillo
1388 1664 1572 1712 essent
1601 1654 1806 1721 animo,
1838 1670 1994 1709 man-

414 1749 542 1805 data
565 1750 701 1806 citra
728 1750 991 1820 pudorem
1016 1750 1364 1821 perﬁcientes
1394 1778 1409 1812 ,
1435 1764 1532 1819 per
1549 1747 1748 1802 nudam
1783 1754 1837 1802 et
1861 1746 1993 1801 sima-

2091 549 2264 622 ρωθεν
2291 548 2466 615 οὕτως
2501 553 2700 623 αἱρεῖς,
2731 552 2899 606 πόσου
2935 551 3084 618 ἄξιος
3122 552 3219 625 ἔσῃ
3267 553 3502 623 ἐγγύθεν
3532 557 3662 627 ἡμῖν

2089 642 2404 711 ὲπιφανείς;
2434 638 2508 696 Εὖ
2533 642 2592 696 δὲ
2621 643 2728 697 ἴσθι
2759 643 2894 716 (78),
2938 646 2988 698 εί
3030 642 3105 715 μὴ
3142 644 3354 716 μυρίων
3397 645 3664 716 ἀσχολιων

2091 739 2335 806 περιεῖχε
2380 734 2584 805 πλῆθος
2633 734 2781 809 (79),
2841 738 2937 795 καὶ
2983 739 3039 792 αἱ
3085 738 3455 808 ἀπαραίτητοι
3506 734 3665 794 αὗται

2089 826 2323 894 ἀνάγκαι
2355 820 2444 888 αἶς
2471 826 2819 898 ἔνδεδέμεθα,
2853 827 3018 883 αὐτόν
3054 845 3121 899 με
3157 828 3477 901 ἐπειχθῆναι
3532 828 3666 901 πρὸς

2087 916 2186 988 τὴν
2240 916 2338 989 σὴν
2383 918 2716 990 τελειότητα.
2772 920 3034 988 Καίτοιγε
3080 920 3224 992 μέγα
3263 937 3354 991 μοι
3406 920 3666 991 ἐμπόδιόν

2089 1012 2206 1063 ἐστι
2233 1010 2370 1081 πρὸς
2393 1010 2491 1075 τὰς
2523 1013 2764 1083 κινήσεις
2794 1013 2827 1083 ή
2860 1012 3066 1066 παλαιὰ
3105 1013 3245 1086 αὕτη
3284 1012 3381 1066 τοῦ
3410 1012 3665 1084 σώματος

2091 1102 2394 1174 ἀρρωστία,
2434 1102 2551 1156 ἀλλ’
2602 1104 2752 1173 ὅμως
2805 1103 2905 1157 οὐκ
2954 1104 3020 1157 ἂν
3061 1104 3470 1177 ὑπελογισάμην
3511 1105 3668 1159 τοῦτο

2091 1194 2348 1265 ἐμπόδιον
2390 1194 2493 1264 τῆς
2537 1195 2994 1267 προσδοκωμένης
3030 1195 3215 1255 ἕνεκεν
3260 1197 3553 1267 ὠφελείας.
3594 1196 3669 1250 τὸ

2089 1280 2200 1353 γὰρ
2228 1282 2382 1354 ἀνδρὶ
2412 1282 2480 1337 τὰ
2510 1283 2649 1337 αὐτὰ
2679 1283 2983 1355 φρονοῦντι,
3011 1286 3106 1339 καὶ
3131 1287 3233 1359 τὴν
3269 1287 3377 1341 τῶν
3407 1287 3669 1359 Πατέρων

2094 1374 2446 1453 πρεσϐεύοντι
2479 1374 2683 1440 πίστιν,
2738 1375 2813 1441 ὡς
2842 1379 2869 1430 ὁ
2910 1376 3017 1430 τῶν
3041 1378 3238 1449 τιμίων
3274 1377 3522 1448 ἀδελφῶν
3576 1377 3671 1432 καὶ

2093 1467 2596 1541 συμπρεσὸυτέρων
2659 1468 2817 1533 λόγος
2869 1468 3016 1540 (80),
3061 1470 3467 1541 καταξιωθῆναι
3509 1488 3669 1540 περι-

2090 1561 2301 1629 τυχεῖν,
2335 1560 2505 1624 ὅντως
2561 1561 2708 1616 ἐστὶν
2754 1564 2836 1626 εἱς
2884 1562 2983 1635 τὴν
3016 1563 3249 1635 ἀρχαίαν
3284 1565 3671 1636 μακαριότητα

2091 1649 2201 1704 τῶν
2234 1650 2572 1723 Έκκλησιῶν
2607 1654 2943 1718 ἐπανελθεῖν,
2979 1656 3068 1709 ὅτε
3101 1657 3272 1726 ὀλίγοι
3314 1658 3412 1729 μὲν
3447 1654 3593 1730 ἦσαν
3618 1658 3669 1710 οἱ

2093 1742 2374 1808 νοσοῦντες
2408 1744 2538 1818 περὶ
2568 1742 2845 1815 ζητήσεις,
2872 1747 2932 1800 ἐν
2960 1746 3161 1818 ἡσυχίᾳ
3186 1748 3243 1802 δὲ
3267 1744 3411 1820 ἦσαν
3444 1750 3667 1813 πάντες,

412 1844 610 1913 plicem
650 1842 1054 1898 confessionem
1092 1841 1322 1896 Domino
1361 1840 1663 1897 servientes
1715 1837 1784 1902 ",
1830 1853 1893 1891 ac
1929 1836 1990 1891 ii-

2099 1834 2320 1905 ἑργάται
2352 1834 2504 1899 ὅντες
2548 1835 2658 1890 τῶν
2690 1836 2920 1891 ἐντολῶν
2947 1837 3057 1909 (81)
3106 1826 3548 1910 ἀνεπαίσχυντοι,
3582 1840 3669 1893 διὰ

414 1935 536 1990 dem
568 1935 623 1990 in
653 1933 869 1991 Patrem
912 1940 969 1990 et
999 1932 1195 1990 Filium
1237 1942 1291 1990 et
1332 1934 1597 2005 Spiritum
1623 1937 1875 1987 sanctum
1905 1931 1988 1985 in-

413 2027 723 2083 violabilem
753 2035 810 2082 et
842 2026 1067 2082 minime
1105 2026 1386 2082 curiosam
1428 2033 1735 2082 servantes.

871 2339 1210 2403 EPISTOLA
1246 2345 1542 2403 CLXXIII'.

2093 1923 2191 1993 τῆς
2241 1923 2418 1994 ἁπλῆς
2464 1925 2559 1979 καὶ
2601 1926 2936 1998 ἁπεριέργου
2981 1927 3273 1999 ὁμολογίας
3314 1928 3671 2001 λατρεύοντες

2093 2012 2172 2083 τῷ
2196 2012 2387 2085 Κυρίῳ
2416 2015 2547 2087 (82),
2581 2018 2677 2071 καὶ
2705 2018 2904 2072 ἄσυλον
2929 2019 3030 2092 τὴν
3060 2010 3243 2074 πίστιν
3276 2022 3368 2076 καὶ
3403 2022 3667 2094 ἀπερίερο

2097 2110 2190 2172 γον
2221 2105 2319 2176 τὴν
2346 2107 2425 2169 είς
2452 2107 2670 2180 Πατέρα
2700 2110 2796 2164 καὶ
2826 2109 2952 2165 Υίὺν
2979 2113 3075 2165 καὶ
3106 2110 3260 2182 ἅγιον
3291 2112 3520 2184 Πνεῦμα
3556 2113 3670 2166 δια-

2098 2194 2485 2263 φυλάσσοντες.

2590 2353 2941 2411 ΕΠΙΣΤΟΛΗ
2977 2356 3142 2411 ΡΟΓ.

415 2462 640 2521 Παίονα
662 2464 877 2518 Basilius
893 2477 946 2516 se
965 2477 1084 2516 raro
1103 2462 1317 2516 scribere
1336 2501 1349 2525 ,
1369 2463 1489 2514 dum
1510 2460 1676 2536 metuit
1708 2474 1768 2511 ne
1789 2460 1964 2536 littere:
1985 2461 2354 2536 intercipiuntur
2377 2467 2630 2536 :_emponit
2652 2467 2702 2520 in
2722 2474 2818 2536 quo
2839 2470 3069 2523 consistat
3088 2471 3201 2525 vita:
3219 2471 3513 2536 emgelicc
3533 2472 3668 2524 insit-‘-

1507 2531 1687 2585 tutum,
1711 2527 1840 2587 quod
1874 2522 2132 2577 Theodoro
2153 2522 2381 2592 iunpleaza
2403 2522 2579 2594 fuerat.

906 2632 1191 2688 Theodoro:
1211 2632 1499 2687 canonica.

2373 2639 2531 2707 Πρὸς
2557 2640 2866 2711 Θεοδὼραν
2895 2642 3230 2710 κανονικήῦ
3252 2641 3384 2716 (85).

2177 2755 2471 2826 Ὀκνηροὺς
2502 2756 2650 2827 ἡμᾶς
2679 2760 2824 2810 ποιεῖ
2862 2757 2999 2829 πρὸς
3028 2757 3088 2811 τὸ
3109 2759 3342 2829 γράφειν
3374 2776 3436 2814 το
3464 2762 3539 2833 μὴ
3570 2780 3665 2816 πε-

415 2856 637 2898 suasum
668 2840 800 2895 mihi
826 2839 897 2894 sit
925 2839 1136 2895 litteras
1159 2853 1309 2893 meas
1328 2839 1555 2892 omnino
1574 2837 1724 2894 reddi
1739 2837 1992 2893 charitati

2099 2844 2313 2898 πεῖσθαι
2355 2844 2455 2909 τὰς
2489 2846 2778 2910 ἐπιστολὰς
2822 2846 2979 2919 ἡμῶν
3018 2848 3237 2913 πάντως
3271 2849 3384 2920 (84)
3431 2852 3667 2925 ἐγχειρίέ

413 2944 540 3001 ture,
566 2934 659 2991 sed
683 2931 1072 3003 perferentium
1110 2930 1459 3000 improbitate
1490 2945 1815 2986 innumeros
1853 2931 1991 2986 alios

2099 2933 2284 2999 ζεσθαι
2309 2937 2374 3007 τῇ
2404 2939 2469 3008 σῇ
2500 2937 2710 3009 ἀγάπῃ,
2735 2938 2874 2992 ἀλλὰ
2919 2940 3086 3012 κακίᾳ
3130 2941 3238 2994 τῶν
3274 2943 3667 2999 διακονούντων

413 3042 508 3084 eas
534 3027 688 3097 prius
716 3027 933 3096 legere;
963 3022 1121 3096 26],
1157 3039 1281 3079 cum
1312 3024 1617 3094 prasertim
1652 3038 1716 3078 ea
1750 3039 1896 3078 nunc
1921 3025 1992 3079 sit

2102 3026 2329 3098 μυρίους
2374 3030 2830 3101 προεντυγχάνειν
2878 3028 3118 3101 ἐτέρους,
3154 3034 3246 3086 καὶ
3288 3034 3526 3105 μάλιστα
3574 3037 3668 3091 νῦν

483 2746 700 2805 Tardus
740 2762 863 2804 sum
906 2745 974 2801 ad
1019 2745 1393 2812 scribendum,
1426 2744 1573 2814 quod
1606 2744 1831 2801 minime
1865 2761 1995 2817 per-

411 3135 596 3175 rerum
618 3118 957 3189 perturbatio
983 3120 1039 3171 in
1066 3117 1200 3171 orbe
1217 3124 1509 3170 terrarum.
1533 3115 1716 3182 Quare
1736 3125 1995 3188 exspecto

2023 3166 2070 3229 C

2098 3117 2242 3171 οὔτω
2270 3120 2691 3191 τεταραγμένων
2718 3120 2830 3191 (85)
2871 3120 2982 3174 τῶν
3014 3122 3158 3176 κατὰ
3202 3123 3321 3196 τὴνΔ
3344 3126 3669 3197 οἰκουμένην

413 3210 544 3266 dum
588 3209 825 3278 quodam
864 3208 1026 3262 modo
1070 3208 1327 3271 incuser,
1378 3221 1445 3262 ac
1504 3208 1699 3262 litterae
1730 3211 1992 3265 violenter

2101 3212 2455 3283 πραγμάτων,
2492 3212 2693 3285 Διόπερ
2718 3214 2973 3285 ἀναμένω
3005 3218 3205 3289 τρόπον
3247 3219 3369 3272 τινὰ
3407 3221 3667 3293 μεμφθῆ-

413 3310 777 3370 reposcantur
815 3316 828 3353 :
866 3306 927 3353 ut
963 3299 1065 3354 hoc
1104 3307 1430 3369 argumento
1464 3313 1559 3354 eas
1596 3299 1748 3354 reddi
1794 3315 1998 3372 cogno-

415 3404 587 3447 scam.
623 3387 749 3443 Sive
774 3399 955 3444 autem
986 3388 1245 3453 scribam,
1270 3388 1385 3442 sive
1423 3396 1656 3451 taceam,
1678 3406 1844 3444 unum
1864 3390 1996 3445 mihi

415 3496 557 3551 opus
590 3488 702 3544 est,
735 3481 791 3535 in
830 3480 1018 3534 animo
1048 3480 1332 3551 dignitatis
1364 3488 1471 3535 tute
1502 3480 1747 3537 retinere
1788 3497 1997 3537 memo-

414 3572 579 3639 riam,
608 3586 674 3629 ac
696 3570 985 3626 Dominum
1010 3572 1245 3642 precari,
1275 3581 1335 3626 ut
1358 3571 1451 3627 det
1477 3572 1574 3626 tibi
1607 3586 1835 3628 cursum
1860 3574 1995 3630 boni

414 3665 568 3721 illius
599 3665 859 3731 instituti,
890 3664 1038 3733 quod
1071 3664 1309 3734 elegisti,
1344 3664 1646 3720 absolvere.
1681 3664 1821 3723 Vere
1847 3667 1994 3722 enim

416 3773 530 3813 non
561 3758 677 3812 leve
710 3763 988 3811 certamen
1016 3763 1099 3811 est
1125 3756 1490 3826 promittenti.
1526 3772 1646 3827 quze
1669 3773 1736 3813 ex
1764 3761 1997 3828 promis-

417 3852 497 3907 sis
539 3857 956 3920 consequnntur
1002 3849 1261 3919 adjicere.
1316 3848 1453 3904 Nam
1492 3852 1867 3922 evangelicum
1914 3854 1996 3909 vi-

414 3944 579 4000 vendi
622 3956 797 4014 genus
836 3942 1093 4013 amplecti
1135 3942 1385 4011 cujusvis
1425 3951 1551 3998 est:
1591 3944 1685 3998 sed
1719 3945 1883 3998 etiam
1926 3946 1995 4000 ad

416 4036 642 4091 minima
664 4051 895 4106 quaeque
912 4035 1348 4090 observationem
1374 4035 1692 4105 perducere,
1720 4051 1821 4091 nec
1843 4036 2000 4107 quid-

418 4143 580 4199 quam
606 4138 830 4191 eorum,
865 4142 988 4198 quae
1022 4127 1137 4181 illic
1167 4126 1369 4195 scripta
1400 4137 1528 4182 sunt
1556 4127 1857 4198 negligere,
1893 4128 1997 4183 hoc

417 4222 582 4294 pauci
614 4222 903 4277 admodum
942 4237 1010 4276 ex
1042 4221 1130 4277 his
1171 4236 1310 4290 quos
1343 4221 1596 4277 novimus
1616 4261 1632 4283 ,
1673 4220 1991 4291 perfecere:

418 4320 615 4384 nempe
640 4314 822 4385 lingua
850 4313 1140 4369 rel'raanata
1166 4315 1267 4377 uti,
1298 4321 1353 4368 et
1378 4313 1595 4367 erudito
1621 4328 1687 4368 ex
1714 4311 1993 4385 Evangelii

420 4412 604 4461 mente
632 4406 794 4460 oculo
822 4423 835 4459 :
869 4404 1088 4474 operari
1124 4406 1378 4461 manibus
1408 4404 1711 4460 secundum
1742 4405 1995 4476 preposi-

2097 3321 2209 3365 ναι,
2246 3305 2340 3357 καὶ
2383 3305 2747 3377 ἀπαιτηθῆναι
2799 3307 2989 3378 βιαίως
3035 3309 3129 3373 τὰς
3162 3311 3486 3376 ἐπιστολὰς,
3528 3312 3667 3367 ὥστε

2096 3397 2247 3468 αὐτῷ
2290 3398 2473 3480 τούτῳ
2496 3398 2781 3471 τεκμηρίῳ
2834 3401 3142 3473 χρήσασθαι
3183 3403 3285 3474 τῆς
3337 3406 3664 3471 ἀποδόσεωςε

2096 3488 2208 3542 Καὶ
2254 3489 2557 3561 γράφοντες
2597 3490 2698 3561 μὲν
2745 3487 2840 3545 οὖν
2894 3494 2989 3547 καὶ
3040 3493 3357 3560 σιωπῶντες
3400 3496 3459 3550 ἓν
3507 3498 3668 3568 ἔργον

2095 3578 2311 3650 ἔχομεν,
2350 3580 2409 3634 ὲν
2441 3582 2560 3643 ταῖς
2594 3581 2846 3651 καρδίαις
2885 3583 3045 3655 ἡμῶν
3079 3585 3370 3655 φυλάσσειν
3403 3593 3504 3660 τὴν
3531 3593 3667 3663 μνήε

2100 3688 2208 3741 μην
2256 3671 2354 3742 τῆς
2398 3671 2756 3743 κοσμιότητός
2814 3691 2944 3740 σου,
2991 3677 3088 3731 καὶ
3144 3679 3541 3751 προσεύχεσθαι
3591 3684 3667 3755 τῷ

2095 3762 2285 3834 Κυρίῳ
2330 3763 2514 3817 δοῦναί
2560 3781 2642 3818 σοι
2684 3765 2899 3820 τελέσαι
2942 3768 3035 3823 τὸν
3073 3769 3269 3842 δρόμον
3310 3773 3413 3844 τῆς
3456 3775 3668 3846 ἀγαθῆς

2096 3857 2405 3921 πολιτείας,
2452 3857 2595 3912 καθὰ
2628 3861 2900 3931 προείλου.
2931 3861 3023 3933 Τῷ
3068 3864 3180 3917 ὄντι
3218 3865 3326 3937 γὰρ
3373 3869 3435 3920 οὐ
3474 3871 3667 3941 μικρὸς

2095 3948 2243 4017 ἀγὼν
2283 3950 2631 4020 ὁμολογοῦντι
2678 3950 2791 4022 (86)
2831 3953 2930 4023 τῆς
2986 3954 3316 4023 ἐπαγγελίας
3355 3958 3426 4013 τὰ
3469 3960 3667 4033 ἐφεξῆς

2096 4040 2339 4108 ἐπάγειν.
2376 4042 2450 4095 Τὸ
2489 4042 2589 4112 μὲν
2616 4041 2725 4113 γὰρ
2754 4043 3074 4115 προελέσθαι
3098 4046 3196 4117 τὴν
3222 4049 3364 4101 κατὰ
3401 4049 3464 4102 τὸ
3491 4051 3667 4119 Εὐαγ-

2094 4134 2272 4203 γὲλιον
2321 4134 2595 4191 πολιτείαν
2633 4138 2866 4201 παντός·
2901 4137 2962 4192 τὸ
3003 4138 3059 4192 δὲ
3105 4141 3386 4212 καὶμέχρι
3423 4142 3535 4198 τῶν
3582 4162 3668 4217 μιέ

2094 4227 2372 4297 κροτάτων
2405 4227 2560 4297 ἄγειν
2608 4230 2708 4300 τὴν
2754 4231 3156 4303 παρατήρησιν,
3203 4234 3300 4288 καὶ
3348 4236 3515 4306 μηδὲν
3559 4238 3667 4293 τῶν

2094 4318 2211 4371 ἐκεῖ
2239 4309 2638 4391 γεγραμμένων
2664 4324 2934 4394 παρορᾷν,
2962 4320 3120 4377 τοῦτο
3152 4325 3291 4379 πάνυ
3328 4327 3530 4397 όλίγοις
3558 4329 3667 4384 τῶν

2094 4409 2174 4472 είς
2223 4408 2497 4482 ἡμετέραν
2550 4412 2754 4480 γνῶσιν
2804 4413 3044 4484 ἡκόντων
3094 4416 3486 4489 κατώρθωταιδ
3526 4420 3665 4474 ὥστε

420 4503 537 4552 tum
557 4497 667 4553 Deo
696 4498 944 4569 placendi
975 4517 987 4552 :
1018 4497 1181 4558 pedes
1216 4498 1344 4552 item
1372 4506 1610 4562 morere,
1642 4506 1698 4554 et
1729 4513 1839 4552 uno
1865 4513 1992 4556 ouo-

2099 4503 2188 4556 καὶ
2209 4502 2428 4577 γλώσσῃ
2451 4505 2797 4578 πεπεδημένη
2822 4499 2932 4579 (87)
2961 4498 3261 4581 κεχρῆσθαι
3286 4506 3378 4565 καὶ
3402 4504 3666 4587 ὀφθαλμῷ

490 4658 537 4691 ⁵⁸
589 4655 634 4709 ll
663 4653 806 4709 Tim.
845 4670 904 4721 ιι,
939 4644 1027 4709 13.

501 4792 521 4815 ⁶
548 4791 700 4845 Alias
730 4786 929 4845 CCCll.
966 4786 1182 4859 Scripta
1208 4788 1354 4843 circa
1387 4803 1589 4843 annum
1619 4774 1744 4844 574.

496 4862 606 4934 (78)
635 4859 723 4934 ζίὗ
761 4860 831 4913 δὲ
863 4856 1144 4934 ἵσρικΡιίο-
1163 4858 1248 4913 his
1268 4859 1494 4934 vocibus
1522 4859 1714 4929 legitur
1744 4859 1798 4913 in
1822 4859 1989 4916 Coisl.

423 4921 602 5004 primo
632 4930 771 5004 ὥστε
808 4946 894 5000 με.
921 4921 979 5004 In
1000 4929 1264 5004 _lvledicaeo
1288 4926 1429 5004 ὥστε
1445 4945 1569 5004 μοι.

494 5001 606 5075 (79)
638 4997 898 5075 Hlﬁﬂoc.
939 4999 1080 5054 Editi
1105 4998 1323 5068 addunt
1354 4997 1521 5071 ἡμᾶς,
1560 4998 1707 5069 quod
1750 4997 1904 5056 deest
1938 5001 1994 5054 in

421 5070 616 5128 novem
656 5070 940 5125 codicibus
974 5083 1107 5125 mss.

496 5142 606 5213 (80)
635 5139 991 5213 Adroc.__llic
1037 5139 1205 5213 etiam
1244 5137 1388 5213 editi-
1439 5138 1650 5193 addunt
1694 5141 1818 5213 περῖ
1875 5140 1992 5206 σοῦ,

423 5208 543 5283 quae
564 5208 738 5283 verba
766 5210 917 5283 nullo
940 5224 1166 5283 prorsus
1194 5210 1247 5283 in
1271 5208 1458 5283 codice
1486 5224 1591 5283 ms:
1625 5208 1990 5283 reperiuntur.

495 5281 607 5352 (81)
653 5278 964 5352 Ἐντολῶνί.
996 5278 1137 5333 Editi
1181 5278 1392 5333 addunt
1418 5278 1523 5352 τοῦ
1555 5278 1690 5352 Θεοῖρ
1734 5280 1854 5335 sine
1895 5296 1993 5334 ne-

424 5349 665 5408 cessaria
707 5351 919 5405 ratione
955 5357 1009 5404 et
1044 5356 1240 5420 praeter
1282 5349 1526 5405 omnium
1570 5349 1821 5405 codicum
1858 5364 1990 5405 mss.-

425 5422 606 5477 ﬁdem.

495 5492 606 5562 (82)
631 5490 1045 5562 ΑΛατρεόονι-ες
1090 5488 1172 5557 τῷ
1214 5489 1429 5558 Κυρίῳ,
1468 5490 1602 5562 καί.
1644 5487 1853 5544 Desunt
1880 5488 1995 5544 haec

426 5558 597 5615 verba
628 5560 681 5615 in
714 5558 1049 5629 Coisliniano
1085 5562 1263 5629 primo
1290 5566 1346 5614 et
1377 5563 1428 5613 in
1467 5560 1743 5615 Medicam.

496 5630 606 5697 (85)
640 5628 793 5697 Πρὸς
824 5628 1129 5698 Θεοὸὠραιρ
1179 5629 1525 5698 κανονικήν.
1572 5630 1650 5684 lla
1698 5645 1833 5683 mss.
1877 5644 1991 5683 sex.

434 5688 567 5756 llditi
590 5688 840 5770 ῥεόδώρᾳ
871 5688 1148 5770 κανοῦικῇ.
1183 5701 1346 5756 Addit
1395 5688 1544 5755 Harl.
1572 5699 1708 5755 Ileo‘t
1743 5698 1857 5769 βίου
1896 5716 1994 5752 κα-

438 5769 657 5837 ιονικοῦ,
686 5769 750 5822 de
775 5756 885 5822 rita
914 5756 1185 5823 canonica.

2172 4788 2281 4853 (84)
2317 4778 2576 4855 Πάντως.
2607 4782 2683 4841 lla
2707 4803 2898 4846 omnes
2918 4791 3090 4845 no’stri
3123 4792 3494 4848 vetereslibri.
3523 4793 3663 4850 Editi

2095 4873 2322 4937 παντας.
2360 4857 2530 4912 Paulo
2563 4864 2688 4937 post
2731 4860 2894 4915 iidem
2928 4861 3061 4917 editi
3105 4861 3384 4932 μυρίοις...
3434 4864 3661 4937 ἑτέροιςι

2096 4926 2314 4986 Septem
2355 4943 2486 4983 mss.
2513 4926 2576 4982 ut
2594 4929 2649 4982 in
2683 4937 2856 4986 textui

2190 4996 2279 5077 85)
2836 5001 2913 5054 ita
2961 5000 3128 5077 Coisl.
3155 5009 3434 5077 _uterque.
3483 5002 3662 5077 llarl.,

2094 5066 2235 5142 Med.
2257 5076 2329 5142 _et
2371 5066 2552 5142 BigotJ
2578 5068 2721 5123 Editi
2751 5070 3120 5142 τεταγμένων.
3155 5066 3340 5127 Paulo'
3357 5082 3483 5142 post
3529 5066 3663 5133 editi

2094 5136 2457 5207 ἀναμένομενῖ
2495 5136 2697 5193 Omnes
2725 5154 2859 5195 mss.
2893 5136 2951 5194 ut
2991 5141 3045 5194 in
3070 5148 3243 5196 textu.-

2166 5156 2196 5190 α
2243 5156 2454 5207 ενομεν.
2495 5156 2697 5193 umnes
2725 5156 2859 5195 mss.
2893 5156 2951 5194 ιιι
2991 5157 3045 5194 ιιι
3070 5156 3243 5196 textu.-

2166 5156 2290 5283 (ἐξ)-
2317 5206 2868 5283 ’ρμολργοῦντιεμιιει
2891 5221 3002 5283 tres
3031 5211 3386 5283 vetustissimi
3420 5228 3661 5272 codices.

2095 5276 2238 5355 Εόὶιί
2258 5276 2633 5355 ’ὁμολογοῦντα
2654 5295 2740 5355 τι.
2756 5278 2957 5355 Ibidem
2981 5280 3223 5353 quinque
3240 5286 3462 5355 πιεεητῇ
3494 5286 3663 5355 ὲπαγέ

2094 5347 2268 5471 velut.
2300 5338 2406 5402 Sed
2437 5338 2592 5421 sequi
2636 5348 2934 5406 maluimus
2966 5338 3079 5405 tres
3117 5338 3541 5415 vetustissimos.
3572 5338 3663 5425 qui

2096 5418 2200 5471 hoc
2247 5433 2348 5471 oco
2379 5433 2504 5471 cum
2537 5419 2700 5471 editis
2728 5421 3103 5471 consentiunt.
3140 5422 3247 5471 nisi
3285 5422 3430 5471 auod
3462 5423 3663 5471 habent

2096 5418 2200 5495 lioe
2225 5418 2348 5474 loco
2379 5418 2704 5495 cum—editis
2728 5421 3106 5495 consentiunt,
3140 5422 3247 5477 nisi
3285 5422 3431 5495 quod
3462 5418 3667 5481 habent

2095 5487 2321 5560 ἐπάγειν
2347 5503 2444 5557 pro
2466 5503 2532 5560 eo
2563 5490 2707 5560 quod
2735 5498 2853 5560 erat
2891 5489 2947 5544 in
2978 5490 3141 5547 ediﬁs
3164 5487 3464 5560 ἐπαγαγεῖν

2192 5559 2281 5634 87)
2306 5555 2724 5634 ΙῙεξσιπείῗημὶιὲνῃ.Δ
2763 5555 2932 5634 _Magis
2980 5563 3192 5634 placuit
3227 5555 3369 5634 haic'
3392 5563 3667 5634 scriptura

2095 5627 2346 5702 codicum
2373 5627 2523 5702 llarl.
2549 5637 2605 5683 et
2631 5627 2801 5702 Coisl.
2834 5627 3015 5702 primi,
3038 5647 3199 5701 quam
3226 5632 3439 5702 vulgata
3466 5627 3666 5687 πεπαιο

2094 5697 2349 5769 δευμὲνῃ,
2382 5699 2562 5769 lingua
2582 5697 2862 5769 castigati
2901 5697 3072 5756 lideni
3090 5702 3306 5759 codices
3324 5697 3383 5758 Et
3412 5703 3506 5760 alii
3530 5721 3669 5761 ιιοιμ

2095 5768 2231 5824 nulli
2264 5768 2582 5838 κεχρῆσθαι.
2615 5768 2757 5825 Editi
2792 5771 3046 5841 χρῆσθαιι
