3948 6214
207 357 314 413 649

209 475 754 547 πεπαιδαγωγημένῳ
780 476 921 529 κατα
951 474 1012 527 rb
1038 473 1283 544 βούλημα
1302 473 1397 527 τοῦ
1420 474 1774 542 Εὑαγγελίου,

208 566 305 621 καὶ
336 567 522 637 χερσὶν
553 567 798 636 ἐνεργεῖν
827 563 970 617 κατά
1009 563 1102 617 τὸν
1132 562 1330 616 σκοπὸν
1359 563 1458 630 τῆς
1482 564 1778 635 εὐαρεστή-

209 673 349 719 σεως
380 654 474 709 τοῦ
516 654 674 719 Θεοῦ,
701 656 796 709 καὶ
841 655 1009 717 πόδας
1051 657 1249 717 κινεῖν,
1295 654 1390 707 καὶ
1419 654 1633 724 ἑκάστῳ
1669 653 1781 706 τῶν

211 747 389 820 μελῶν
417 747 561 802 οὕτω
592 746 919 818 κεχρῆσθαι,
958 746 1037 809 ὼς
1064 746 1122 812 ἐξ
1158 745 1334 816 ἀρχῆς
1375 746 1405 798 ὀ
1441 745 1781 816 Δημιουργδς

207 837 366 911 ήμῶν
404 837 757 908 ᾡκονόμησε·
791 837 855 890 rb
895 839 953 890 ἐν
983 839 1051 907 τῇ
1097 836 1399 906 καταστολῇ
1433 839 1679 906 κόσμιον,
1722 833 1782 888 rb

207 932 266 985 ὲν
289 933 411 995 ταῖς
439 931 750 1001 συντυχίαις
786 930 896 984 τῶν
923 929 1132 1002 ἀνδρῶν
1161 928 1600 1000 πεφυλαγμένον,
1634 929 1695 981 rb
1724 928 1782 982 ἐν

211 1021 495 1093 βρώμασιν
526 1021 817 1095 αὖταρκες,
847 1023 908 1077 rb
934 1024 993 1077 ἐν
1029 1026 1094 1095 τῇ
1124 1024 1316 1095 κυήσει
1335 1023 1444 1075 τῶν
1473 1021 1783 1091 ἀναγκαίων

208 1112 522 1182 ἀπέριττον.
561 1112 748 1167 Ταῦτα
805 1114 983 1167 πάντα
1039 1114 1211 1186 μικρά
1257 1114 1354 1185 μὲν
1406 1112 1590 1177 ἁπλῶς
1640 1111 1784 1166 οὕτω

208 1199 500 1271 λεγόμενα,
538 1201 776 1275 μεγάλου
814 1202 872 1256 δὲ
914 1201 1124 1270 ἀγῶνος
1162 1203 1243 1266 είς
1288 1202 1349 1255 rb
1377 1202 1784 1274 κατορθωθῆναι

211 1293 506 1366 χρῄζοντα,
541 1295 618 1358 ὡς
642 1295 730 1349 ἐπ’
762 1295 932 1364 αὑτῆς
965 1294 1081 1365 (88)
1114 1293 1217 1359 τῆς
1247 1293 1502 1366 ἀληθείας
1530 1293 1783 1366 εὕρομεν.

211 1387 322 1441 Καὶ
350 1386 452 1457 μὲν
497 1387 594 1440 καὶ
636 1386 699 1439 rb
741 1387 800 1438 ἐν
839 1387 907 1456 τῇ
941 1384 1409 1457 ταπεινοφροσύνῃ
1453 1384 1677 1448 τέλειον,
1711 1384 1787 1449 ὡς

215 1478 348 1549 μήτε
388 1478 669 1549 προγόνων
698 1477 1056 1550 περιφανείας
1085 1477 1415 1549 μεμνῆσθαι,
1449 1478 1609 1548 μήτε,
1649 1477 1704 1531 si
1733 1494 1787 1531 rt

211 1566 449 1639 ὑπάρχει
483 1566 594 1639 (89)
635 1568 769 1638 ήμῖν
806 1569 872 1622 ἐκ
907 1566 1125 1636 φύσεως
1158 1566 1597 1638 πλεονέκτημαῆ
1645 1566 1788 1620 κατὰ

216 1660 374 1730 σῶμα
404 1660 439 1731 ἢ
478 1660 619 1714 κατά
667 1660 867 1731 ψυχὴν,
900 1660 1074 1732 τούτῳ
1124 1659 1469 1732 ἐπαίρεσθαι,
1510 1660 1647 1731 μήτε
1691 1660 1791 1725 τὰς

204 1750 411 1816 ἔξωθεν
444 1752 571 1823 περ).
602 1750 760 1822 ήμῶν
790 1750 1085 1822 ὑπολήψεις
1122 1748 1375 1821 ἀφορμὴν
1407 1748 1692 1822 ὲπάρσεὼς
1728 1767 1789 1803 τε

1070 349 1558 408 εριδτοωιιυιι
1596 349 1887 407 CLASSIS
1918 349 1983 405 il.
2024 348 2246 407 EPIST.
2287 350 2575 407 CLXXIV.

3349 351 3451 406 630

1878 488 1985 541 que
2014 472 2260 527 membro
2288 473 2370 527 sic
2401 474 2501 537 uti.
2532 481 2591 528 ut
2620 472 2781 527 initio
2803 472 3067 529 Conditor
3091 481 3278 529 noster
3305 475 3453 529 ordi-

1878 564 2062 619 navit:
2099 563 2366 619 modestia
2391 564 2445 618 in
2473 564 2698 628 vestitu,
2721 565 2904 619 cautio
2928 564 2985 619 in
3013 565 3258 620 virorum
3280 566 3455 621 collo-

1878 654 2045 726 quiis,
2082 655 2136 708 in
2185 655 2322 710 cibis
2370 655 2674 726 frugalitas,
2702 656 2755 709 in
2785 670 2969 711 rerum
3017 656 3455 712 necessariarum

1880 747 2228 817 possessione
2257 746 2393 800 nihil
2422 748 2701 816 superﬂui.
2736 745 2861 802 Haec
2892 748 3078 803 omnia
3101 749 3300 819 exigua
3330 749 3455 820 qui-

1881 837 2004 892 dem
2052 837 2182 891 dum
2234 838 2317 892 sic
2363 838 2686 908 simpliciter
2730 847 3069 905 narrantur,
3124 840 3224 896 sed
3261 855 3462 913 magno

1881 931 2185 985 certamine
2233 928 2301 983 ad
2343 930 2733 1000 perﬁciendum
2783 930 3064 1002 indigent,
3105 931 3463 1001 quemadmo-

1884 1020 2013 1095 dum
2059 1021 2239 1091 reipsa
2271 1023 2666 1090 comperimus.
2701 1020 2808 1077 Sed
2849 1031 2904 1078 et
2938 1022 3263 1079 humilitatis
3291 1022 3464 1094 perfe-

1885 1114 2014 1172 ctio.
2036 1112 2170 1167 adeo
2194 1119 2439 1183 utneque
2458 1114 2727 1183 majorum
2741 1114 3008 1171 claritatis
3029 1116 3459 1180 meminerimus.

1887 1220 1988 1261 nec
2026 1208 2073 1261 si
2104 1205 2235 1276 quid
2268 1206 2428 1261 nobis
2471 1207 2605 1262 insit
2649 1221 2680 1260 a
2720 1214 2917 1262 natura
2949 1214 3044 1263 aut
3087 1209 3336 1277 corporis
3369 1215 3464 1262 aut

1888 1298 2056 1352 animi
2081 1307 2487 1361 ornamentum,
2513 1298 2640 1353 inde
2662 1297 2976 1364 eﬂ'eramur,
3007 1313 3185 1368 neque
3211 1309 3462 1356 externas

1888 1390 1956 1445 de
1980 1389 2139 1444 nobis
2170 1390 2456 1458 opiniones
2482 1405 2673 1445 ansam
2720 1390 2974 1446 elationis
3011 1404 3077 1446 ac
3106 1391 3338 1447 tumoris
3379 1389 3465 1445 fa-

1889 1483 2132 1537 ciamus:
2184 1482 2298 1537 htcc
2342 1497 2465 1536 cum
2512 1484 2624 1537 vita
2670 1483 2980 1553 evangelica
3022 1496 3267 1539 connexa
3309 1491 3456 1540 sunt.

1892 1573 1972 1628 Ad
2004 1573 2121 1627 haec
2149 1573 2459 1627 constantia
2490 1573 2544 1628 in
2581 1573 2936 1641 abstinentia,
2980 1573 3032 1627 in
3068 1573 3345 1643 precando
3375 1589 3462 1629 sec

1891 1663 2096 1718 dulitas
2116 1705 2132 1729 ,
2164 1665 2219 1718 in
2249 1663 2487 1719 fraterna
2519 1664 2815 1721 dilectione
2856 1666 3287 1727 commiseratio.
3319 1664 3459 1720 libe-

1893 1754 2085 1809 ralitas
2116 1769 2244 1825 erga
2278 1755 2606 1825 indigentes,
2637 1756 2864 1827 spiritus
2896 1754 3175 1825 animique
3207 1751 3456 1824 abjectio,

213 1842 308 1895 καὶ
364 1841 686 1910 ruri-boatu;
732 1841 1024 1904 ποιεῖσθαι,
1067 1840 1239 1894 ταῦτα
1286 1839 1380 1893 τοῦ
1429 1839 1785 1909 εύαγγελικοῦ

1898 1844 2071 1899 cordis
2097 1844 2373 1907 contritio,
2408 1843 2530 1897 fidei
2568 1845 2798 1908 sanitas,
2826 1842 2882 1897 in
2906 1857 3143 1898 maerore
3176 1841 3457 1912 aequabili-

214 1932 393 2003 ἔχεται
428 1933 565 2003 βίου.
597 1934 670 1986 Τὸ
718 1936 775 1986 ἐν
807 1931 1103 2004 ἐγκρατείᾳ
1148 1930 1382 1997 εὔτονον,
1409 1931 1471 1985 rb
1520 1933 1579 1985 ἐν
1619 1948 1788 2004 προσ-

215 2028 398 2096 ευχαῖς
428 2025 744 2095 φιλόπονονς
775 2024 839 2078 rb
887 2027 945 2078 ἐν
993 2023 1317 2095 φιλαδελφίᾳ
1362 2022 1682 2094 συμπαθὲς,
1727 2024 1789 2075 rb

216 2119 347 2189 πρὸς
376 2118 509 2182 τοὺς
543 2118 833 2189 δεομένους
866 2116 1200 2181 κοινωνικὸν,
1230 2116 1294 2169 rb
1322 2115 1416 2169 τοῦ
1446 2118 1787 2188 φρονήματος

215 2210 712 2280 καταϐεϐλημένον,
750 2211 780 2263 ὀ
822 2208 1159 2282 συντριμμὸς
1189 2209 1290 2280 τῆς
1320 2207 1569 2280 καρδίας,
1603 2205 1663 2260 rb
1690 2208 1791 2277 τῆς

217 2302 453 2366 πίστεως
487 2302 660 2371 ὑγιὲς,
700 2302 762 2356 rb
794 2305 854 2357 ἐν
896 2299 1311 2373 σκυθρωπότητι
1350 2299 1586 2370 ὁμαλὸν,
1627 2299 1791 2370 μηδέ-

1887 1944 2009 2003 tas;
2066 1952 2349 2007 nunquam
2408 1938 2801 1992 intermittente
2862 1935 3197 2008 cogitatione
3270 1943 3464 1990 nostra

1887 2030 2150 2085 terribilis
2188 2030 2336 2085 illius
2380 2038 2435 2084 et
2479 2029 2851 2085 ineluctabilis
2884 2029 3079 2099 judicii
3127 2026 3463 2083 recordatio-

1890 2137 2015 2175 nem
2039 2161 2052 2183 .
2082 2121 2151 2175 ad
2192 2120 2333 2189 quod
2375 2136 2569 2176 omnes
2600 2121 2818 2191 quidem
2853 2121 3212 2182 festinamus,
3244 2119 3337 2174 sed
3369 2115 3463 2187 qui

1888 2210 2040 2265 illius
2073 2211 2519 2276 reminiscantur,
2543 2226 2607 2265 ac
2636 2212 2704 2267 de
2730 2212 2881 2267 illius
2908 2211 3057 2267 exitu
3085 2210 3198 2266 sint
3217 2207 3463 2268 solliciti.

1891 2302 2211 2372 paucissimi
2241 2312 2391 2360 sunt.

218 2410 343 2448 ποτε
394 2395 499 2465 τῆς
529 2393 739 2457 ἐννοίας
778 2392 936 2465 ἡμῶν
984 2391 1277 2463 λειπούσης
1302 2390 1413 2462 (90)
1455 2389 1550 2444 τοῦ
1590 2389 1821 2461 φοϐεροῦ
1857 2393 1951 2445 καὶ
1989 2394 2364 2467 ἀπαραιτήτου
2409 2393 2755 2465 δικαστηρίου
2796 2395 2896 2464 τὴν
2941 2397 3193 2466 μνήμην·
3256 2391 3392 2464 πρὸς
3435 2388 3467 2442 ὃ

218 2487 550 2559 ἐπειγόμεθα
610 2487 710 2559 μὲν
782 2486 1063 2550 ἅπαντες,
1117 2484 1424 2556 μέμνηνται
1489 2482 1548 2537 δὲ
1615 2482 1818 2549 αὐτοῦ,
1885 2487 1979 2539 καὶ
2062 2487 2161 2559 τήν
2228 2487 2322 2541 ἀπ’
2389 2488 2555 2541 αὐτοῦ
2617 2488 2840 2542 ἔκϐασιν
2906 2490 3212 2557 ἁγωνιῶσιν
3283 2487 3465 2557 ἐλάχιο

221 2598 332 2634 στοι
362 2579 499 2650 (91).

707 2731 1054 2786 summm
1090 2691 1303 2784 POA'.‘

2344 2725 2680 2781 EPISTULA
2739 2727 3021 2782 CLXXIV‘

224 2854 344 2905 Baro
369 2848 540 2903 scribit
560 2848 674 2900 huic
714 2847 876 2900 vidum
903 2850 1138 2907 Basilius,
1161 2861 1221 2898 ne
1243 2846 1362 2912 quid
1382 2844 1431 2899 ei
1462 2845 2112 2914 pericuii_cr_eet.__qutatur
2134 2851 2185 2895 ut
2210 2859 2259 2914 ,α
2277 2843 2434 2914 divini
2446 2844 2632 2910 judicit
2652 2845 2941 2912 cogitatione
2959 2846 3174 2899 animum
3194 2861 3288 2899 non
3310 2848 3470 2901 dimo-

1187 2906 1301 2960 συεὶιι
1320 2946 1333 2969 ,
1352 2922 1438 2961 nec
1455 2906 1615 2960 tamen
1637 2906 1788 2959 nimia
1809 2906 2130 2973 distringatur
2147 2906 2490 2958 sollicitudine.

744 3013 895 3081 Πρὸς
919 3011 1263 3081 ἐλευθέραν.

2509 3010 2593 3064 Ad
2630 3012 2862 3067 viduam.

300 3134 463 3204 Ἐγὼ,
488 3138 586 3188 καὶ
620 3133 760 3186 πάνυ
803 3129 1125 3201 βουλόμενος
1173 3125 1414 3199 συνεχῶς
1456 3124 1792 3179 ἐπιστέλλειν

1970 3121 2236 3194 Equidem
2274 3123 2378 3178 etsi
2414 3125 2643 3179 omnino
2672 3124 2959 3195 cupiebam
2992 3124 3060 3179 ad
3090 3131 3239 3180 tuam
3272 3128 3473 3185 nobili-

225 3230 287 3297 τῇ
317 3225 567 3295 εὐγενείᾳ
596 3224 772 3295 ὑμῶν,
806 3222 1036 3292 ἐπέσχον
1059 3221 1168 3291 (92)
1198 3219 1433 3291 ἐμαυτὸν
1453 3218 1560 3280 ἀεὶ,
1599 3219 1793 3289 μήπως

225 3320 353 3383 δόξω
402 3317 558 3381 τινὰς
602 3317 730 3387 ὑμῖν
776 3309 1115 3386 πειρασμοὺς
1153 3311 1493 3383 ἐπεγείρειν,
1540 3309 1628 3363 διά
1667 3308 1793 3373 τοὺς

228 3410 526 3484 φιλέχθρως
560 3409 695 3482 προς
724 3408 872 3479 ἡμᾶς
899 3405 1277 3475 διακειμένους
1294 3419 1310 3434 °
1337 3404 1453 3465 καὶ,
1487 3402 1563 3465 ὼς
1590 3401 1791 3467 ἀκούω,

232 3507 384 3579 μέχρι
408 3504 504 3559 καὶ
536 3504 741 3557 τούτων
776 3500 874 3571 τὴν
914 3498 1115 3570 ἔχθραν
1153 3495 1497 3558 ἐλαύνοντας,
1528 3493 1668 3547 ὥστε
1702 3510 1798 3547 πο·

229 3597 629 3669 λυπραγμονεῖν
660 3593 771 3664 (95)
811 3594 862 3646 εί
893 3590 994 3645 πού
1021 3607 1107 3653 τις
1143 3588 1237 3642 καὶ
1261 3587 1496 3659 γράμμα
1527 3585 1799 3657 ήμέτερον

229 3686 447 3759 δέχοιτο.
489 3683 712 3753 Ἐπειδὴ
751 3682 808 3736 δὲ
849 3680 1024 3752 αὑτὴ,
1062 3677 1245 3742 καλῶς
1285 3675 1515 3730 ποιοῦσα
1542 3716 1556 3737 ,
1590 3677 1797 3745 κατῆρ-

233 3775 322 3842 ξας
357 3774 447 3830 τοῦ
492 3774 847 3845 γράμματος,
875 3770 971 3824 καὶ
1012 3766 1328 3829 ἐπέστειλας
1385 3767 1517 3835 ήμῖν
1549 3763 1585 3818 ἀ
1634 3763 1800 3834 ἐχρῆν

235 3864 485 3936 περὶτῶν
520 3864 664 3915 κατὰ
694 3861 793 3930 τὴν
824 3858 1003 3929 ψυχήν
1049 3872 1142 3911 σου
1187 3854 1532 3927 πραγμάτων
1578 3856 1799 3908 ἀνακοι-

234 3957 492 4028 νουμένη,
549 3952 900 4026 προετράπην
944 3951 1026 4013 εἰς
1070 3950 1134 4002 rb
1188 3946 1622 4003 ἀντεπιστεῖλαι·
1663 3943 1799 4015 ὁμοῦ

240 4046 331 4118 μὲν
353 4047 422 4102 τά
447 4049 506 4100 ἐν
547 4044 627 4116 τῷ
673 4041 994 4114 παρελθόντι
1043 4039 1221 4111 χρόνῳ
1265 4036 1607 4106 ἐλλειφθέντα
1636 4035 1794 4087 ἐπαν⁴

236 4135 574 4207 ορθούμενος,
603 4134 740 4206 ὁμοῦ
773 4133 832 4187 δὲ
860 4132 955 4185 κα)⁹
988 4130 1124 4203 πρὸς
1156 4130 1225 4183 τὰ
1253 4126 1630 4198 ἐπεσταλμένα
1653 4124 1803 4197 παρά

237 4228 330 4295 τῆς
352 4226 447 4297 σῆς
482 4225 760 4294 εὐγενείας
778 4222 1233 4294 ἀποκρινόμενος.
1261 4221 1385 4274 Ὀτι
1414 4217 1660 4291 μακαρία
1685 4217 1803 4270 ἐστὶ

240 4314 396 4387 ψυχὴ,
428 4318 461 4388 ή
502 4317 699 4380 νυκτὸς
736 4315 831 4369 καὶ
868 4314 1082 4386 ἡμέρας
1129 4312 1400 4384 μηδεμίαν
1449 4310 1616 4381 ἀλλην
1649 4308 1803 4381 μέρι-

246 4424 372 4477 μναν
406 4409 735 4481 στρέφουσα,
779 4408 813 4480 ἢ
850 4407 967 4470 πῶς
1003 4407 1096 4460 ἐπὶ
1142 4406 1241 4475 τῆς
1283 4403 1524 4475 μεγάλης
1565 4403 1799 4474 ἡμέρας,

1894 3223 2061 3271 tatem
2113 3215 2415 3285 saepissime
2459 3216 2723 3282 scribere.
2774 3233 2861 3274 me
2901 3217 3022 3289 ipse
3056 3233 3274 3290 semper
3313 3222 3470 3278 cohi-

1895 3308 2015 3372 bui,
2055 3323 2123 3362 ne
2167 3322 2307 3378 quas
2352 3308 2510 3363 vobis
2557 3310 2888 3366 tentationes
2920 3309 3136 3367 viderer
3181 3315 3470 3379 suscitare.

1896 3411 2123 3472 propter
2165 3417 2262 3458 eos
2305 3403 2400 3473 qui
2438 3402 2656 3457 infenso
2683 3402 2738 3457 in
2776 3418 2865 3459 me
2891 3411 3023 3459 sunt
3066 3405 3274 3472 animo,
3308 3415 3475 3477 atque

1897 3493 2085 3558 etiam,
2133 3501 2194 3548 ut
2225 3494 2412 3556 audio,
2457 3493 2802 3548 inimicitiam
2841 3509 2908 3550 eo
2932 3510 3112 3565 usque
3141 3495 3469 3567 perducunt.

1900 3593 1960 3637 ut
1987 3584 2263 3640 curiosius
2312 3584 2616 3655 inquirant,
2647 3600 2715 3639 an
2749 3584 2876 3656 quis
2903 3600 2935 3639 a
2963 3601 3051 3643 me
3084 3587 3297 3644 litteras
3323 3590 3474 3643 acci-

1898 3679 2033 3749 piat.
2068 3675 2176 3731 Sed
2201 3677 2330 3747 quia
2360 3676 2522 3748 262
2560 3676 2678 3746 ipsa
2712 3677 2974 3747 praeclare
3003 3676 3234 3744 faciens,
3263 3680 3474 3736 litteras

1901 3770 2118 3839 cmpisti
2170 3769 2413 3832 mittere,
2453 3784 2517 3822 ac
2548 3769 2824 3838 scripsisti
2868 3770 3050 3837 nobis,
3097 3777 3157 3824 ut
3202 3786 3300 3841 par
3331 3783 3471 3835 erat.

1900 3862 1968 3917 de
2000 3862 2165 3916 rebus
2190 3860 2386 3915 anima}
2426 3868 2535 3914 tuac
2562 3861 3000 3926 communicans,
3054 3862 3315 3919 incitatus
3350 3879 3471 3919 sum

1901 3953 1970 4006 ad
1998 3949 2438 4016 rescribendum,
2467 3965 2592 4004 cum
2630 3964 2693 4005 ea
2746 3966 2867 4020 quae
2915 3953 3194 4022 praterito
3229 3961 3476 4025 tempore

1901 4044 2107 4099 omissa
2157 4052 2307 4103 sunt.
2363 4043 2633 4106 sarciens,
2685 4051 2800 4096 tum
2854 4044 3020 4098 etiam
3082 4045 3147 4099 ad
3192 4060 3257 4101 ea
3290 4061 3475 4116 quaea

1904 4142 1995 4189 tua
2041 4134 2329 4189 nobilitate
2374 4135 2582 4204 scripta
2641 4142 2809 4200 sunt,
2851 4136 3218 4206 respondens.
3270 4137 3477 4210 Nempe

1902 4228 2063 4282 beata
2114 4236 2199 4282 est
2240 4226 2421 4280 anima
2467 4227 2583 4291 illa,
2625 4243 2746 4297 qua:
2779 4235 2943 4283 noctu
2980 4246 3043 4285 ac
3073 4231 3313 4288 interdiu
3350 4234 3478 4288 nul-

1902 4320 2010 4373 lam
2060 4318 2222 4372 aliam
2257 4332 2445 4373 curam
2496 4325 2698 4382 versat,
2735 4318 2845 4373 nisi
2872 4320 3149 4390 quomodo
3180 4320 3237 4376 in
3266 4321 3353 4377 die
3382 4322 3476 4377 illa

1903 4426 2122 4482 magna,
2154 4409 2209 4464 in
2251 4425 2359 4480 qtta
2402 4418 2656 4465 creatura
2699 4410 2882 4465 omnis
2921 4411 3201 4467 actionum
3250 4427 3475 4468 suarum

247 4468 357 4551 καθ’
377 4501 440 4571 ήν
465 4468 617 4556 ἔταξα
642 4501 675 4571 ἡ
704 4468 883 4561 κτίσις
913 4468 1305 4569 περιστήσεται
1332 4468 1422 4547 rbv
1448 4468 1800 4565 κῠριτήνίτάς

1906 4468 2173 4556 rationem
2208 4468 2751 4568 redditurajudicem
2784 4498 3187 4563 circumstabit,
3223 4499 3398 4570 possit
3422 4508 3478 4554 et

246 4590 457 4653 εὐθύνας
504 4591 617 4647 τῶν
663 4590 1069 4663 πεπραγμένων
1115 4586 1441 4642 ἀποδιδοῦσα
1464 4627 1480 4651 ,
1523 4587 1618 4640 καὶ
1662 4587 1801 4658 αὐτὴ

318 4726 438 4801 (88)
463 4728 560 4795 Ὠς
586 4728 678 4801 ἐπ’
689 4727 907 4801 αὐτῆς.
934 4725 1092 4801 Deest
1114 4725 1188 4801 ᾡς
1212 4725 1264 4801 in
1282 4731 1523 4801 quatuor
1534 4737 1668 4777 mss.
1693 4737 1801 4778 non

250 4791 652 4876 antiquissimis.
689 4791 1059 4876 lbideiitﬁditi
1113 4791 1443 4876 ebpﬁgaipsy.
1480 4791 1617 4876 Tres
1653 4801 1804 4848 vetu-

252 4866 462 4923 stissimi
489 4868 709 4923 codices
736 4880 791 4923 et
821 4866 914 4921 alii
940 4867 1188 4921 nonnulli
1228 4874 1290 4919 ut
1328 4866 1382 4918 in
1412 4872 1589 4918 tertu.

317 4937 434 5023 ρξ’).
484 4937 1111 5023 ’γεάρκειε.ί.ιμίίιιςξ.
1136 4932 1803 5023 αξιξίειυὶεξίιπὶὶεείξέίςςξ·

254 5002 387 5061 Editi
417 5002 733 5078 ἐνυπάρχει.
766 5006 969 5078 Ibidem
993 5005 1135 5060 Med.
1169 5014 1230 5078 et
1260 5002 1430 5060 Coisi.
1462 5002 1673 5072 primus
1704 5002 1807 5072 φύ-

256 5091 379 5139 σεως
404 5074 780 5147 πλεονέκτημα
807 5076 926 5131 sine
957 5074 1362 5147 praepositione.

318 5148 423 5215 (90)
459 5146 656 5215 Ἡμῶν
685 5140 1090 5212 laxatior—1c...-
1115 5144 1241 5215 thr
1260 5143 1531 5215 μνήμην)ζ
1564 5140 1641 5215 Ita
1690 5148 1806 5198 tres

258 5212 596 5273 vetustissimi
618 5218 835 5270 codices
853 5223 906 5271 et
928 5218 1167 5284 Clarom.
1194 5212 1298 5269 ιιἰεί
1316 5212 1465 5284 quod
1487 5212 1806 5284 Harlazanus

258 5286 414 5357 codex
462 5288 620 5342 habet
664 5284 1072 5357 ἐπιλειπούσης.
1100 5282 1408 5357 _Editi_non
1453 5283 1670 5357 habent
1708 5282 1806 5351 τὴν

263 5356 484 5427 μνήμην,
535 5357 630 5411 sed
662 5356 808 5427 hunc
840 5352 1149 5427 locuuiAsic
1193 5353 1488 5427 exhibent;
1532 5352 1805 5427 μηδέποτε

263 5372 484 5427 μνήμην,
535 5372 630 5411 seu
663 5372 808 5411 nunc
841 5372 1020 5409 locum
1068 5372 1149 5407 src
1193 5372 1488 5409 eminent;
1520 5372 1805 5475 ﬁnOSﬂOTE

261 5424 347 5492 τῆς
376 5428 578 5499 ἑννοίας
614 5425 996 5499 ἐπιλειπούσης
1030 5424 1178 5495 ἡμᾶς
1214 5423 1331 5499 τρῖ»,
1373 5432 1480 5499 9‘9.-
1576 5437 1807 5491 unquam

262 5506 292 5544 α
314 5496 451 5548 nobis
479 5495 741 5549 recedente
762 5492 1084 5564 cogitatione
1110 5492 1556 5564 terribilts'illius.
1591 5499 1697 5546 etc.

327 5564 428 5634 (91)
454 5559 893 5634 Suppiementtim
919 5567 987 5618 ad
1018 5565 1159 5618 hanc
1178 5563 1474 5634 epistolam
1488 5571 1555 5634 ut
1570 5559 1810 5634 anecdo-

266 5630 367 5702 tum
401 5630 588 5702 Latine
628 5637 837 5689 tantum
867 5643 924 5689 et
964 5630 1380 5702 corruptissime
1412 5631 1584 5702 edidit
1611 5630 1809 5702 Petrus

267 5700 502 5774 Aloysius
543 5701 801 5759 Galletins
830 5704 940 5774 (ap.
970 5700 1271 5774 Atnatl'nzqzi
1297 5700 1568 5756 Anecdota
1601 5700 1812 5774 (iuera-

265 5769 518 5834 rideam.
548 5776 590 5839 1,
618 5791 669 5844 p.
699 5774 812 5841 25).
840 5769 1038 5843 incipit
1063 5791 1085 5826 ι
1116 5769 1300 5825 Multis
1345 5787 1461 5827 vero
1500 5771 1807 5827 assistenti—

561 5869 831 5931 ΒΑτιιοι.
866 5866 987 5930 Gn.
1017 5866 1284 5929 XXXII.

1905 4595 2021 4662 ipsa
2067 4593 2193 4649 vita:
2238 4607 2353 4647 sua:
2402 4591 2673 4646 rationem
2723 4589 2889 4648 facile
2921 4607 3144 4663 ponere.
3176 4591 3282 4654 Qui
3329 4591 3476 4647 enim

1906 4726 2001 4780 bus
2032 4742 2149 4796 quae
2177 4743 2209 4779 a
2235 4725 2414 4796 divino
2442 4722 2728 4796 Scriptura
2754 4724 3095 4796 manifestata
3133 4732 3275 4796 sunt.
3313 4733 3363 4796 et
3394 4721 3476 4775 his

1903 4797 1993 4866 qui
2027 4793 2059 4849 ἁ
2092 4796 2343 4851 studiosis
2367 4794 2549 4849 debent
2572 4795 2731 4863 dirigi
2766 4804 2815 4848 et
2850 4794 2960 4866 Deo
2985 4796 3191 4866 placere
3219 4793 3480 4866 festinan-

1907 4862 2044 4919 iibus
2068 4867 2122 4919 in
2152 4866 2555 4935 prwsentiarum
2583 4862 2736 4922 moti.
2762 4864 2963 4935 agobis
2988 4862 3352 4935 soluimsicut
3389 4862 3476 4913 di-

1905 4936 2033 5000 dici,
2051 4931 2180 4995 etc.)
2203 4943 2482 5004 corrupte.
2516 4933 2722 5004 Desinit
2750 4931 2847 5004 :F
2850 4946 3128 5002 ructusque
3154 4932 3337 5002 dignos
3365 4946 3474 5004 pa:-

1906 5008 2140 5061 m'tentia:
2174 5002 2442 5059 ostendere
2470 5005 2567 5058 Dei
2610 5002 3003 5073 bencplacentid
3032 5013 3079 5073 et
3117 5003 3509 5073 cooperatione‘

1906 5077 2122 5130 Domini
2163 5077 2332 5130 nostri
2353 5074 2483 5128 Jesu
2512 5070 2951 5140 CltristiﬁAmen.
2978 5070 3080 5127 Sed
3118 5088 3239 5142 qua:
3271 5072 3476 5125 inedita

1908 5148 2118 5216 putavit
2163 5146 2247 5199 vir
2284 5144 2761 5216 doctissimustca
2805 5144 3032 5216 totidem
3072 5142 3477 5216 verbisGrafge

1906 5210 1961 5271 et
1993 5215 2204 5337 Latiiltze,
2248 5214 2591 5269 emendatius
2623 5212 2811 5280 etiam,
2843 5215 3022 5283 legere
3061 5218 3145 5267 est
3189 5211 3351 5282 epist.
3382 5210 3475 5273 22,

1908 5301 2097 5337 supra.
2167 5300 2278 5337 DIT.
2341 5294 2347 5302 ’

1908 5301 2097 5341 supra.
2124 5294 2278 5338 EDIT.
2341 5294 2347 5302 ’

2124 5303 2455 5427 ςδὲἓέοζχρτς.
2501 5350 2578 5405 Ita
2605 5366 2760 5427 _mss_.
2787 5365 3033 5427 summo
3083 5364 3381 5427 consensu,
3425 5357 3481 5404 et

1909 5419 2223 5496 paulo'post
2249 5419 2573 5492 φιλέχθρως.
2604 5419 2760 5496 Editi
2776 5422 3012 5496 ἀπέσχον
3037 5428 3091 5496 et
3115 5420 3404 5496 φιλέχθῷς.

1980 5490 2682 5561 (95)]1ολὺττρὰγμονεῒν.
2724 5491 2872 5544 Harl.
2922 5490 2987 5561 et
3037 5492 3207 5561 Coisl.
3242 5490 3478 5561 "primus

1911 5560 2389 5632 φιλοπραγμονεῖν,
2433 5562 2581 5632 quod
2614 5561 2755 5617 idem
2802 5560 3095 5632 signiﬁcat.
3141 5560 3314 5616 Paulo
3352 5569 3479 5629 post

1912 5621 2053 5690 idem
2073 5606 2242 5687 ὸοίἑι.
2272 5632 2347 5694 ὡς
2376 5606 2565 5694 ἐχρῆν.

2608 5697 2819 5761 Scripta
2851 5702 2997 5758 circa
3027 5715 3172 5755 anno
3201 5700 3329 5761 574.

3088 5860 3164 5921 21
