3948 6214
448 292 545 347 651

1789 283 1847 340 S.
1891 285 2136 341 BASILII
2175 286 2387 345 MAGNI

3588 293 3695 347 65%

444 404 588 458 diem
614 402 760 455 illam
793 409 956 469 atque
981 399 1168 455 horam
1193 405 1321 453 ante
1349 398 1538 453 oculos
1572 397 1803 467 positam
1828 399 2015 463 habet,

2132 402 2319 475 Ξυνηθῇ
2348 402 2564 472 κούφως
2599 403 2898 458 ἀποθέσθαι
2948 403 3037 457 τὸν
3080 403 3235 473 λόγον
3285 404 3395 458 τῶν
3429 403 3696 476 βεϐιωμέ-

444 510 773 565 semperque
818 508 975 549 suam
1031 508 1131 562 pro
1183 492 1277 544 illo
1321 490 1612 555 tribunali,
1661 488 1807 559 quod
1841 489 2020 560 decipi

444 586 661 657 nequit,
708 584 1086 640 defensionem
1139 584 1459 648 meditatur,
1505 583 1553 638 is
1603 593 1697 639 aut
1744 582 1881 638 nihil
1927 589 2022 636 aut

443 680 674 736 omnino
723 678 999 733 levissima
1047 676 1337 746 peccabit;
1393 675 1521 746 quia
1577 690 1803 739 peccare
1863 675 2021 730 nobis

445 769 517 824 ob
541 769 846 825 absentiam
878 767 1094 821 timoris
1138 765 1231 820 Dei
1265 766 1555 835 contingit.
1585 763 1799 830 Quibus
1835 770 2018 818 autem

447 862 599 915 clare
629 858 1016 915 obversabitur
1052 857 1386 911 int-entarum
1428 856 1705 909 minarum
1736 862 2024 924 exspecta-

446 956 548 1017 tio,
578 952 667 1006 bis
692 951 905 1006 nullum
930 957 1150 1019 tempus
1180 948 1333 1002 dabit
1363 948 1565 1002 insitus
1593 947 1759 1001 timor
1786 948 1840 1002 in
1868 948 2022 1000 invo-

438 1046 715 1101 .‘luntarias
736 1043 983 1098 actio‘nes
1015 1051 1110 1095 aut
1131 1039 1492 1119 cogitationes
1514 1039 1810 1095 incidendi.
1837 1038 2023 1109 Itaque

446 1137 544 1194 Dei
573 1136 914 1199 memineris,
943 1141 997 1189 et
1039 1133 1190 1189 illius
1218 1134 1474 1187 timorem
1510 1132 1564 1185 in
1600 1132 1767 1187 corde
1796 1131 2019 1192 habeto,

448 1244 612 1304 atque
657 1227 727 1285 ad
772 1229 1215 1285 communionem
1257 1241 1485 1297 precum
1527 1239 1722 1279 omnes
1754 1224 2012 1295 adjunge.

450 1327 703 1397 Magnum
750 1322 898 1378 enim
945 1330 1030 1377 est
1057 1334 1246 1375 eorum
1300 1319 1395 1388 qui
1442 1317 1612 1372 Deum
1647 1316 1865 1387 placare
1892 1331 2022 1386 pos-

453 1427 582 1476 sunt
641 1416 929 1472 auxilium.
992 1412 1181 1483 Neque
1228 1412 1344 1465 lucc
1412 1409 1593 1465 facere
1638 1409 2020 1465 intermiseris.

450 1511 585 1566 Nam
619 1518 675 1565 et
712 1506 1025 1571 viventibus
1080 1504 1242 1559 nobis
1297 1503 1351 1556 in
1393 1502 1497 1557 hac
1536 1516 1705 1556 carne
1736 1501 1877 1557 bona
1920 1500 2026 1556 erit

452 1603 695 1674 adjutrix
730 1601 999 1673 precatio,
1022 1607 1077 1655 et
1104 1596 1233 1652 inde
1254 1595 1734 1665 proﬁciscentibus
1764 1594 2019 1649 idoneum

452 1699 713 1752 viaticum
769 1697 834 1748 ad
884 1692 1133 1748 futurum
1167 1706 1365 1745 aevum.
1411 1684 1889 1754 Quemadmodum
1923 1700 2022 1739 au-

2123 512 2248 549 νων.
2291 496 2348 548 Ὀ
2380 495 2489 567 γὰρ
2527 496 2744 568 ἐκείνην
2777 495 2875 567 τὴν
2915 497 3125 567 ἡμέραν
3155 497 3248 550 καὶ
3276 496 3374 567 τὴν
3398 494 3550 566 ὥραν
3594 498 3696 568 πρὸ

2120 588 2415 660 ὀφθαλμῶν
2443 588 2745 660 τιθέμενος,
2790 591 2884 643 καὶ
2922 589 3010 643 ἀεὶ
3053 588 3291 660 μελετῶν
3336 588 3435 660 τὴν
3468 589 3562 641 ἐπὶ
3602 588 3695 643 τοῦ

2120 681 2564 751 ἀπαραλογίστου
2590 682 2704 751 (94)
2738 681 3024 752 κριτηρίου
3062 680 3376 749 ἀπολογίαν,
3409 682 3439 734 ό
3460 680 3695 744 τοιοῦτος

2121 774 2338 845 ῆοὺδὲν
2378 774 2678 838 παντελῶς,
2709 774 2743 844 ἢ
2791 764 3052 844 ἐλάχιστα
3098 774 3506 843 ἁμαρτήσεταιν
3566 773 3695 825 διότι

2120 865 2182 919 τὸ
2233 866 2570 937 ἁμαρτάνειν
2615 867 2746 937 ἡμῖν
2779 865 2922 918 κατὰ
2962 864 3230 918 ἀπουσίαν
3262 864 3357 917 τοῦ
3388 862 3558 934 φόϐου
3601 862 3695 915 τοῦ

2120 956 2256 1010 Θεοῦ
2281 957 2392 1026 (95)
2416 956 2646 1025 γίνεται.
2667 951 2762 1020 Οἷς
2783 955 2825 1008 δ’
2853 957 2919 1009 ἂν
2949 958 3187 1028 ἐναργὴς
3218 958 3367 1027 παρῇ
3397 954 3506 1008 τῶν
3541 955 3698 1008 άπειο

2122 1045 2394 1116 λουμένων
2437 1047 2470 1116 ἡ
2519 1045 2816 1116 προσδοκία
2841 1086 2856 1110 ,
2904 1045 3096 1098 οὐδένα
3142 1044 3331 1115 καιρὸν
3376 1042 3541 1098 δώσει
3587 1047 3699 1106 τοῖς

2119 1137 2381 1201 τοιούτοις
2431 1139 2459 1190 ὁ
2493 1138 2742 1200 σύνοικος
2786 1135 2948 1206 φόϐος
3002 1138 3083 1199 είς
3115 1137 3448 1206 ἀϐουλήτους
3474 1134 3697 1206 πράξεις

2121 1229 2155 1299 ἢ
2188 1228 2516 1300 ἐνθυμήσεις
2544 1231 2797 1283 ἐκπεσεῖν
2819 1229 2952 1299 (96).
2980 1230 3091 1282 Καὶ
3115 1228 3361 1298 μέμνησο
3397 1226 3579 1280 τοίνυν
3606 1227 3697 1279 τοῦ

2129 1320 2287 1382 Θεοῦ,
2322 1321 2418 1373 καὶ
2451 1321 2542 1391 ἔχε
2591 1321 2681 1374 τὸν
2717 1319 2885 1373 αὑτοῦ
2931 1318 3095 1387 φόϐον
3137 1320 3194 1371 ἐν
3227 1322 3292 1390 τῇ
3345 1318 3571 1388 καρδία,
3606 1318 3699 1371 καὶ

2123 1413 2329 1476 πάντας
2358 1414 2438 1475 είς
2470 1412 2571 1484 τὴν
2612 1413 2896 1467 κοινωνίαν
2927 1411 3035 1464 τῶν
3068 1411 3241 1480 εὐχῶν
3281 1410 3698 1482 παραλάμϐανε.

2122 1504 2350 1575 Μεγάλη
2404 1505 2513 1575 γὰρ
2567 1506 2659 1557 καὶ
2716 1507 2750 1575 ἡ
2783 1505 2892 1557 τῶν
2934 1504 3250 1574 δυναμένων
3288 1504 3563 1557 δυσωπεῖν
3609 1503 3699 1555 τὸν

2122 1595 2253 1649 Θεὸν
2291 1597 2528 1668 βοήθεια.
2576 1598 2687 1650 Καὶ
2723 1596 2798 1669 μὴ
2823 1596 3075 1670 διαλίπῃς
3100 1596 3273 1650 ταῦτα
3297 1596 3553 1649 ποιοῦσα.
3591 1597 3701 1649 Καὶ

2122 1673 2233 1759 γάρ
2263 1688 2360 1741 καὶ
2388 1688 2553 1753 ζῶσιν
2581 1692 2714 1760 ἡμῖν
2739 1690 2838 1761 τὴν
2863 1690 2921 1740 ὲν
2955 1688 3120 1760 σαρκὶ
3148 1689 3322 1761 ταύτῃ
3347 1688 3493 1760 ζωὴν
3524 1688 3699 1757 ἀγαθὴ

456 1798 565 1845 tem
609 1785 926 1843 sollicitudo
960 1801 1047 1839 res
1084 1784 1228 1837 bona
1272 1789 1358 1835 est
1389 1821 1405 1847 ,
1453 1780 1528 1834 ita
1556 1793 1752 1833 rursus
1780 1777 2022 1831 animum

2132 1778 2275 1833 ἔσται
2306 1779 2497 1849 βοηθὸς
2517 1782 2551 1852 ἡ
2576 1783 2852 1853 προσευχή
2874 1800 2887 1811 ·
2911 1783 3004 1835 καὶ
3031 1781 3427 1853 ἀπερχομένοις
3455 1779 3702 1832 ἐντεῦθεν

455 1880 797 1952 despondere
842 1887 898 1932 et
944 1877 1259 1947 desperare,
1310 1889 1374 1928 ac
1426 1872 1494 1928 de
1540 1872 1715 1927 salute
1756 1868 2019 1931 dilIidere,

454 1991 544 2031 res
574 1978 706 2029 sunt
731 1969 1157 2025 animamnoxiw.
1173 1967 1336 2037 Spem
1367 1966 1552 2035 itaque
1579 1964 1635 2018 in
1652 1961 1751 2017 Dei
1776 1960 2023 2016 bonitate

455 2066 694 2129 colloca,
727 2072 781 2120 et
808 2063 958 2117 illius
1008 2060 1270 2116 auxilium
1301 2065 1560 2129 exspecta
1594 2063 1786 2111 :certo
1816 2055 2022 2116 sciens,

457 2159 503 2215 si
548 2163 698 2214 recte
748 2170 812 2209 ac
846 2156 1058 2210 sincere
1099 2152 1166 2206 ad
1216 2151 1393 2220 ipsum
1433 2155 1840 2213 convertamur,
1878 2146 2026 2200 futu-

419 2280 423 2284 ~
458 2266 578 2306 rum
603 2258 664 2305 ut
685 2264 794 2303 non
808 2247 972 2303 modo
992 2261 1092 2301 nos
1114 2245 1339 2299 omnino
1358 2257 1463 2296 non
1490 2240 1728 2310 rejiciat,
1742 2236 1839 2294 sed
1859 2237 2022 2292 etiam

456 2339 617 2394 nobis
657 2337 835 2392 adhuc
878 2350 1102 2407 precum
1146 2334 1310 2388 verba
1371 2330 1775 2403 proierentibus
1817 2328 1964 2382 dicat
2006 2347 2018 2382 :

457 2430 598 2485 Ecce
627 2432 844 2484 adsum.

2129 1869 2338 1939 ἐφόδιον
2356 1869 2578 1941 διαρκὲς
2606 1872 2741 1943 πρὸς
2760 1873 2850 1925 τὸν
2872 1872 3043 1926 αἰῶνα
3064 1871 3156 1925 τὸν
3187 1871 3469 1942 μέλλοντα.
3491 1872 3702 1943 ’Ὠσπερ

2128 1960 2185 2012 δὲ
2211 1963 2245 2032 ἡ
2266 1961 2482 2032 φροντὶς
2508 1961 2743 2033 πρᾶγμά
2766 1966 2913 2017 ἐστιν
2934 1963 3156 2032 ἀγαθὸν,
3173 1962 3316 2017 οὕτω
3333 1963 3494 2016 πάλιν
3518 1963 3550 2034 ἡ
3574 1961 3703 2015 ἀθυ-

2132 2053 2232 2123 μία
2260 2055 2353 2106 καὶ
2382 2055 2414 2124 ἡ
2445 2054 2777 2123 ἀπόγνωσις,
2801 2058 2895 2108 καὶ
2919 2055 2980 2108 τὸ
3010 2054 3375 2116 δυσελπίστως
3402 2053 3549 2124 ἔχειν
3571 2053 3705 2124 πρὸς

2132 2145 2428 2216 σωτηρίαν,
2452 2145 2561 2199 τῶν
2597 2146 2940 2217 βλαπτόντων
2974 2147 3091 2200 ἐστὶ
3127 2147 3226 2218 τὴν
3264 2146 3467 2217 ψυχήν.
3511 2145 3701 2199 Ἐπέλ-

2131 2233 2253 2298 πιζε
2299 2235 2480 2288 τοίνυν
2521 2238 2587 2307 τῇ
2641 2237 2939 2307 ἀγαθότητι
2987 2236 3083 2289 τοῦ
3129 2236 3285 2298 Θεοῦ,
3338 2237 3435 2289 καὶ
3481 2236 3703 2306 ὲκδέχου

2128 2326 2291 2380 αὐτοῦ
2335 2328 2435 2399 τὴν
2482 2330 2799 2401 ἀντίληψιν,
2833 2330 3196 2399 γινώσκοντα,
3238 2332 3340 2394 ὅτι,
3379 2329 3476 2383 ἐὰν
3526 2328 3705 2389 καλῶς

2128 2422 2223 2472 καὶ
2263 2421 2500 2491 γνησίως
2534 2422 2671 2493 πρὸς
2724 2423 2885 2476 αὑτὸν
2934 2405 3381 2494 ἐπιστραφῶμεν,
3429 2423 3491 2475 οὐ
3549 2421 3705 2490 μόνον

458 2524 559 2577 οὐκ
587 2522 879 2595 ἀπορρίψει
913 2521 1058 2592 ἡμᾶς
1109 2519 1189 2580 είς
1233 2516 1292 2569 τὸ
1340 2512 1620 2577 παντελὲς,
1664 2512 1778 2566 ἀλλ’
1822 2508 1901 2564 ἔτι
1942 2510 2244 2564 λαλούντων
2280 2513 2436 2583 ἡμῶν
2498 2513 2564 2566 τὰ
2628 2516 2849 2585 ῥήματα
2899 2516 3001 2584 τῆς
3043 2516 3354 2586 προσευχῆς
3396 2516 3534 2583 ὲρεῖ·
3573 2510 3703 2593 ’.ιδοὺ

460 2621 668 2689 πάρειμ

911 2785 1249 2843 EPISTOLA
1286 2781 1564 2839 CLXXV'.

2623 2780 2966 2836 ΕΠΙΣΤΟΛΗ
3007 2784 3175 2837 ΡΟΕ¹.

1112 2940 1182 2993 De
1205 2937 1304 3003 [ide
1327 2935 1449 2988 nihil
1468 2936 1566 2986 vult
1588 2932 1800 2985 scribere
1823 2929 2054 2992 Basilius,
2077 2946 2134 2983 ac
2154 2935 2215 2985 de
2239 2932 2668 2986 calumniatoribus
2687 2935 2790 2987 suis
2811 2937 3051 3001 queritur.

956 3087 1309 3160 Magneniano
1340 3081 1542 3137 comiti.

527 3224 649 3287 Non
677 3231 750 3285 ita
778 3225 986 3299 pridem
1021 3220 1294 3278 scribebat
1332 3218 1462 3272 mihi
1492 3215 1734 3287 gravitas
1767 3223 1880 3276 tua,
1902 3224 2027 3266 cum

460 3325 722 3383 nonnulla
779 3321 906 3383 alia,
949 3326 1061 3372 turn
1117 3324 1178 3369 ut
1223 3314 1292 3369 de
1339 3310 1446 3366 ﬁde
1491 3309 1812 3368 scriberem,
1846 3315 2029 3373 aperte

462 3415 802 3490 praecipiens.
831 3410 944 3482 Ego
969 3423 1133 3480 porro
1158 3415 1309 3461 tuum
1336 3403 1500 3471 hujus
1529 3401 1603 3455 rei
1638 3398 1878 3453 admiror
1907 3407 2029 3452 stu-

462 3512 636 3573 dium,
669 3524 735 3563 ac
765 3505 935 3561 Deum
977 3516 1133 3572 rogo,
1162 3509 1223 3554 ut
1248 3495 1524 3553 indefessa
1559 3492 1658 3547 tibi
1699 3490 1830 3546 insit
1858 3491 2030 3545 bono-

461 3616 584 3657 rum
598 3599 812 3663 electio,
828 3611 890 3651 ac
903 3608 1120 3664 semper
1139 3588 1495 3664 progrediens
1517 3594 1632 3640 tum
1648 3582 1897 3644 scientia,
1912 3591 2028 3635 tum

461 3692 621 3748 bonis
652 3689 931 3760 operibus,
966 3683 1236 3755 perfectus
1262 3680 1480 3737 evadas.
1500 3674 1607 3732 Sed
1646 3676 1772 3746 quia
1803 3674 1930 3729 nolo
1961 3673 2030 3728 de

461 3783 566 3838 ﬁde
588 3782 848 3851 scriptum
881 3778 1208 3846 relinquere,
1248 3787 1351 3826 nec
1373 3771 1621 3826 diversas
1647 3766 1773 3821 ﬁdei
1808 3763 2024 3835 proles-

462 3877 646 3932 siones
689 3872 952 3935 scribere,
985 3866 1237 3924 recusavi
1277 3866 1493 3919 mittere
1520 3876 1642 3932 quae
1682 3858 2024 3931 postulastis.

460 3966 727 4021 Caeterum
768 3960 902 4015 mihi
935 3956 1194 4013 videmini
1222 3953 1429 4011 erudiri
1461 3952 1529 4006 ab
1557 3948 1871 4005 hominibus
1912 3947 2029 4000 illic

462 4056 599 4111 nihil
643 4053 951 4125 agentibus,
977 4050 1070 4119 qui
1099 4054 1160 4103 ut
1205 4062 1292 4101 me
1323 4043 1726 4101 calumnientur
1766 4039 2027 4094 nonnulla

461 4149 747 4221 proferunt
781 4142 983 4214 ;quasi
1019 4140 1147 4195 inde
1181 4139 1392 4209 seipsos
1415 4137 1525 4191 sint
1561 4131 2022 4193 commendaturi.

460 4238 510 4293 si
542 4237 611 4292 de
654 4252 738 4291 me
778 4232 1093 4305 turpissima
1128 4230 1481 4284 mentiantur.
1521 4225 1650 4281 Illos
1679 4225 1824 4279 enim
1859 4222 2030 4278 nudat

460 4329 798 4401 praeteritum
857 4334 1112 4394 tempus,
1159 4329 1212 4376 et
1263 4319 1620 4390 progrediens
1687 4316 2026 4386 experientia

2523 3081 2927 3163 Marrnwaré
2950 3086 3060 3157 (9'7)
3088 3089 3320 3156 κιξμητι.

2203 3216 2400 3288 Πρώην
2429 3219 2712 3274 ἐπέστελλε
2753 3224 2900 3294 μοιή
2944 3224 3211 3295 σεμνότης
3247 3242 3340 3278 σου
3389 3225 3531 3280 ἄλλα
3566 3226 3705 3290 τινὰ,

2130 3309 2224 3361 καὶ
2266 3310 2394 3381 περὶ
2431 3311 2663 3376 πίστεως
2701 3314 2911 3386 γράψαι
2952 3317 3102 3387 ἡμᾶς
3148 3317 3395 3386 ἐναργῶς
3436 3320 3707 3390 προστάσ-

2132 3418 2319 3456 σουσα.
2381 3403 2521 3456 Ἀλλ’
2577 3404 2688 3473 ἐγὼ
2733 3406 2832 3477 τὴν
2890 3408 2989 3477 μὲν
3037 3409 3133 3479 σὴν
3184 3410 3314 3481 περὶ
3360 3411 3425 3463 τὸ
3473 3414 3705 3483 πρᾶγμα

2128 3495 2340 3568 ἄγαμαι
2379 3498 2632 3569 σπουδὴν,
2678 3500 2770 3552 καὶ
2826 3500 3056 3572 εὔχομαι
3110 3501 3187 3572 τῷ
3236 3503 3355 3574 Θεῷ
3406 3505 3705 3570 ἀνενδότιις

2132 3604 2213 3641 σοι
2243 3589 2350 3642 τῶν
2378 3590 2596 3659 ἀγαθῶν
2630 3591 2727 3664 τὴν
2760 3593 2967 3664 αἵρεσιν
3007 3594 3356 3665 ἐνυπάρχειν,
3394 3599 3490 3651 καὶ
3524 3599 3611 3651 ἀεί
3644 3615 3700 3651 σε

2130 3681 2504 3752 προκόπτοντα
2553 3684 2648 3737 καὶ
2693 3685 2890 3753 γνώσει
2943 3687 3037 3738 καὶ
3093 3687 3278 3758 ἔργοις
3337 3689 3568 3756 ἀγαθοῖς
3620 3708 3704 3745 τε·

2128 3770 2434 3824 λειοῦσθαι·
2490 3771 2580 3826 διὰ
2618 3772 2674 3826 δὲ
2721 3774 2783 3828 τὸ
2827 3773 2902 3845 μὴ
2961 3774 3245 3845 βούλεσθαι
3289 3780 3417 3849 περὶ
3468 3779 3703 3843 πίστεως

2133 3863 2417 3934 σύνταγμα
2451 3865 2919 3936 καταλιμπάνειν,
2966 3869 3099 3939 μηδὲ
3129 3869 3361 3940 γράφειν
3410 3871 3703 3943 διαφόρους

2130 3957 2365 4019 πίστεις,
2398 3960 2870 4031 παρετηρησάμην
2897 3960 3210 4014 ἀποστεῖλαι
3241 3962 3276 4015 ἆ
3303 3964 3698 4035 ὲπεζητήσατε.

2130 4047 2275 4118 Πλὴν
2318 4049 2525 4102 δοκεῖτὲ
2577 4068 2667 4121 μοι
2709 4052 3090 4123 περιηχεῖσθαι
3127 4054 3280 4125 παρὰ
3326 4054 3436 4107 τῶν
3493 4057 3700 4120 αὐτόθι,

2128 4137 2237 4191 τῶν
2286 4141 2453 4210 μηδὲν
2497 4142 2900 4214 ἐργαζομένων,
2931 4144 2980 4197 οἳ
3030 4145 3120 4198 ἐπὶ
3152 4147 3262 4215 (98)
3303 4148 3543 4220 διαϐολῇ)
3570 4153 3705 4220 ἡμε-

2126 4231 2261 4302 τέρᾳ
2311 4231 2526 4299 λέγουσί
2564 4252 2716 4298 τινα,
2760 4237 2837 4299 ὡς
2879 4240 2944 4292 ὲκ
2986 4238 3174 4291 τούτου
3229 4239 3453 4304 ἑαυτοὺς
3502 4244 3703 4313 συστή-

2131 4339 2317 4384 σοντες
2347 4324 2479 4394 (99),
2511 4324 2606 4376 ἐὰν
2655 4327 2811 4396 ἡμῶν
2840 4326 2908 4380 τὰ
2940 4328 3193 4399 αἴσχιστα
3224 4330 3695 4400 καταψεύσωνται.

459 4421 706 4477 notiores
741 4418 921 4472 faciet.
952 4414 1063 4470 Nos
1102 4422 1283 4467 autem
1309 4411 1658 4481 praecipimus
1709 4409 1801 4474 iis,
1834 4408 1926 4478 qui
1969 4408 2022 4461 in

2140 4415 2413 4478 Ἐκείνους
2441 4415 2538 4486 μὲν
2576 4416 2685 4489 γὰρ
2725 4423 2949 4491 φανεροῖ
2977 4423 3005 4473 ὁ
3040 4421 3321 4490 παρελθὼν
3351 4424 3566 4492 χρόνος,
3606 4424 3700 4477 καὶ

459 4512 741 4568 Christum
773 4515 1019 4578 sperant,
1063 4504 1200 4559 nihil
1248 4503 1466 4557 curiose
1511 4508 1708 4571 praeter
1740 4499 2021 4568 antiquam

458 4603 620 4676 263
649 4601 807 4656 ﬁdem
847 4598 1169 4668 inquirere:
1215 4594 1311 4650 sed
1349 4592 1802 4663 quemadmodum
1848 4591 2028 4645 credi.

457 4713 604 4759 mus,
654 4695 729 4748 ita
776 4701 832 4748 et
875 4685 1164 4759 baptizari,
1197 4695 1253 4740 et
1289 4684 1752 4755 quemadmodum
1778 4681 2024 4752 baptiza-

457 4803 602 4851 mur,
632 4787 707 4839 ita
751 4793 805 4838 et
851 4778 1175 4853 gloriﬁcare.
1210 4775 1440 4831 Nomina
1473 4781 1653 4829 autem
1691 4772 1851 4828 nobis
1889 4772 2025 4829 satis

456 4888 541 4935 est
566 4893 632 4933 ea
655 4872 902 4930 conﬁteri
931 4885 1053 4941 qua:
1085 4885 1116 4923 a
1147 4878 1337 4923 sancta
1366 4866 1650 4937 Scriptura
1680 4866 2018 4937 accepimus,

455 4982 513 5027 et
536 4971 593 5025 in
633 4970 721 5024 bis
744 4967 1039 5023 novitatem
1070 4962 1263 5018 vitare.
1292 4959 1411 5015 Non
1439 4959 1587 5014 enim
1622 4958 1676 5013 in
1705 4960 2023 5015 inventione

453 5145 490 5213 ,ε’
528 5148 549 5169 ‘
577 5144 726 5201 Alias
758 5141 1004 5199 CCCCX.
1046 5139 1433 5213 Scripta_circa
1466 5154 1595 5194 ann.
1618 5138 1742 5194 574.

534 5215 648 5285 (94)
691 5207 1218 5285 Ἄπαραλργίοντοὺ.
1269 5209 1346 5265 lta
1402 5226 1536 5265 mss.
1564 5218 1825 5285 __septen3_.
1874 5207 2018 5285 Editi

455 5277 894 5364 ἐπαραλογήτὸυ.
941 5277 1126 5364 Paulo:
1154 5289 1279 5351 post
1323 5295 1425 5364 ope
1475 5277 1927 5364 codicummliar‘l.
1962 5286 2019 5364 et

455 5349 626 5409 Coisl.
658 5349 817 5425 primi
843 5349 1256 5425 emendavimus
1283 5349 1428 5420 quod
1454 5359 1574 5406 erat
1598 5352 1652 5404 in
1681 5349 1842 5405 editis
1867 5349 1901 5420 ἢ
1926 5349 2018 5403 οὐ·
2122 5367 2268 5425 γνημ

416 5425 511 5453 IRS.

454 5425 544 5478 δὲν
573 5425 907 5510 παντελῶς
928 5425 1212 5505 ἐλάχιστα.
1440 5491 1452 5502 ο
1600 5490 1612 5502 _
1668 5491 1672 5499 η
1749 5488 1761 5500 .

527 5494 640 5576 (9p)
679 5492 1088 5576 Toueeo'yzhlta
1116 5491 1614 5576 tres'yetustlssj‘mt
1631 5488 1881 5576 .codtce-s.
1897 5487 2019 5576 ille:

456 5574 586 5618 sunt
620 5559 677 5617 in
717 5565 859 5619 aliis.
904 5563 1046 5617 Editi
1097 5560 1191 5614 τοῦ
1235 5563 1464 5632 Κυρίου.
1501 5559 1682 5632 _Paulo
1730 5567 1855 5630 post
1885 5560 2017 5615 editi

455 5634 680 5759 ξενεργὴς
713 5632 993 5704 παρῇ-τῶν
1025 5629 1454 5703 ἀπαιτουμένων.
1488 5629 1688 5686 Omnes
1718 5629 1852 5685 mss.
1883 5638 1939 5685 ut
1963 5633 2019 5685 in

513 5719 542 5757 χ
573 5719 628 5759 tt.

635 5423 907 5487 παντελῶς
936 5423 1212 5493 ἐλάχιστα.

2129 4508 2393 4579 προϊοῦσα
2424 4511 2456 4580 ἡ
2492 4513 2653 4581 πεῖρα
2698 4514 3109 4584 φανερωτέρους
3149 4516 3399 4585 ποιήσει·
3449 4517 3615 4586 ἡμεῖς
3646 4516 3700 4569 δὲ

2127 4598 2550 4671 παρακαλοῦμεν
2599 4601 2725 4664 τοὺς
2754 4603 3050 4672 ἡλπικότας
3097 4608 3176 4669 εἰς
3225 4606 3484 4678 Χριστόν,
3535 4609 3699 4679 μηδὲν

2126 4688 2279 4759 παρὰ
2311 4690 2409 4761 τὴν
2452 4691 2684 4763 ἀρχαίαν
2724 4693 3179 4764 περιεργάζεσθαι
3222 4696 3438 4749 πίστιν·
3475 4696 3595 4750 ἀλλ’
3627 4698 3699 4759 ὡς

2126 4779 2478 4851 πιστεύομεν,
2519 4781 2662 4835 οὕτω
2696 4783 2791 4836 καὶ
2838 4784 3228 4854 βαπτίζεσθαι,
3266 4787 3341 4851 ὡς
3387 4787 3448 4841 δὲ
3502 4787 3698 4858 βαπτι-

2125 4871 2364 4942 ζόμεθα,
2413 4873 2554 4927 οὕτω
2612 4875 2704 4927 καὶ
2762 4876 3079 4944 δοξολογεῖν.
3144 4879 3411 4948 Ὀνόματα
3460 4880 3519 4933 δὲ
3568 4883 3699 4952 ἡμῖν

2123 4966 2285 5035 ἀρκεῖ
2304 4966 2379 5038 (1)
2406 4969 2589 5020 ἐκεῖνα
2619 4966 2918 5038 ὁμολογεῖν,
2949 4967 2985 5022 ἃ
3010 4968 3393 5041 παρελάϐομεν
3418 4970 3572 5042 παρὰ
3600 4972 3699 5042 τῆς

2196 5139 2307 5209 (96)
2349 5139 2675 5211 Ἐκπεσεῖν.
2725 5140 2876 5193 Multi
2931 5140 3153 5195 codices
3181 5158 3290 5195 non
3321 5141 3697 5211 antiquissimi

2124 5211 2424 5263 ἐκπίπτειν.
2458 5210 2575 5265 Non
2606 5214 2775 5282 multo
2791 5219 2919 5282 post
2941 5214 3124 5280 plures
3146 5228 3279 5268 mss.
3297 5210 3510 5282 ταῦτην
3530 5212 3695 5282 ζωήν.

2196 5282 2307 5349 (97)
2337 5281 2754 5362 ὒζαγνηνιανῷ.
2790 5281 2931 5336 Med.
2965 5281 3337 5353 Μαγνινιανῷ.
3384 5281 3531 5337 Editi
3570 5281 3697 5336 Ma-
3736 5304 3739 5305 ν

2121 5369 2552 5546 ἐπὶ.
2588 5421 2666 5475 lta
2697 5419 2866 5476 Coisl.
2900 5422 3113 5491 primus
3138 5432 3193 5479 et
3219 5422 3352 5494 Reg.
3390 5423 3693 5479 secundus.

2193 5491 2769 5633 ἳξθθῗὲίθίτ-ήσοντες.
2794 5558 2870 5633 Ita
2893 5560 3061 5633 Coisl.
3087 5564 3316 5631 primus.
3341 5565 3515 5633 Med,
3544 5565 3693 5627 νειμ,

2121 5632 2363 5706 Clarum.
2394 5641 2448 5684 et
2481 5630 2614 5706 (ξοδ.
2642 5630 3119 5706 secundus._Edi_ti
3147 5630 3537 5706 συστήσαντες.

2194 5701 2271 5772 (ι)
2318 5700 2524 5769 Ἀρκεῖ.
2554 5701 2838 5759 Medicaeus
2869 5700 3038 5759 codex
3062 5703 3271 5776 ἀρκεῖν.
