3948 6214
223 362 332 420 653

1073 366 1567 427 EPISTOLARUM
1603 367 1891 427 CLASSIS
1929 372 1994 427 ll.
2039 372 2259 430 EPIST.
2301 374 2600 431 CLXXVII.

3363 379 3470 438 654

221 481 385 549 ἀγίας
432 481 690 556 Γραφῆς,
742 483 837 538 καὶ
884 482 982 556 τὴν
1027 485 1122 538 ἐπὶ
1184 484 1396 550 τούτοις
1442 485 1795 557 καινοτομίαν

1900 490 2182 545 nominum
2217 500 2405 546 nostra
2448 492 2620 558 salus,
2654 491 2748 546 sed
2794 491 2850 546 in
2884 506 3019 548 sana
3055 491 3382 563 divinitatis,
3410 495 3472 552 in

216 574 550 646 διαφεύγειν.
589 577 665 629 Οὐ
710 576 821 651 γὰρ
850 578 909 631 ὲν
934 580 1002 650 τῇ
1048 578 1337 651 ὲφευρέσει
1378 578 1485 632 τῶν
1522 595 1793 650 προσηγο-

217 666 355 738 ριῶν
382 668 417 738 ἡ
461 669 701 740 σωτηρία
748 669 938 740 ἡμῶν,
984 670 1099 724 ἀλλ’
1131 675 1188 725 ὲν
1216 674 1281 742 τῇ
1337 672 1481 739 ὑγιεῖ
1521 672 1649 743 περὶ
1698 671 1796 741 τῆς

215 757 474 831 θεότητος
506 761 589 825 είς
615 761 685 831 ἣν
718 760 1162 833 πεπιστεύκαμεν
1192 762 1474 834 ὁμολογίᾳ.

712 919 1061 972 summa
1098 919 1284 985 Poq'.

1899 598 2061 654 quam
2101 576 2398 652 credimus,
2432 584 2797 641 confessione.

2367 912 2709 968 EPISTOLA
2745 912 3044 969 CLXXVI'.

215 1031 608 1097 Amphilochth
630 1029 797 1082 imitat
816 1027 1030 1081 Basilius
1048 1029 1115 1078 ad
1140 1027 1271 1079 diem
1291 1027 1466 1093 {eslum
1486 1028 1541 1077 S.
1566 1026 1851 1096 Eupsychii,
1872 1037 2101 1096 rogatque
2126 1038 2178 1081 ut
2201 1029 2352 1081 tribus
2374 1027 2542 1081 diebus
2571 1036 2679 1081 αηιε
2701 1028 2860 1095 ipsum
2883 1028 3014 1083 diem
3035 1029 3209 1095 festum
3226 1029 3452 1084 adveniat

515 1135 883 1205 Ἀμφιλοχίῳ,
911 1135 1222 1199 ἐπισκόπῳ
1254 1136 1516 1191 Ἰκονίου.

290 1249 571 1323 Παράσχοι
606 1250 634 1303 ὁ
672 1248 826 1318 ᾶγιος
864 1247 997 1311 Θεὸς
1040 1247 1339 1320 ἐρρωμένῳ
1382 1264 1464 1300 σοι
1507 1248 1567 1301 τὸ
1617 1247 1797 1320 σῶμα,

213 1346 313 1399 καὶ
342 1344 451 1398 ἀπὺ
473 1343 655 1412 πάσης
677 1340 934 1412 ἀσχολίας
965 1340 1257 1412 ἀνειμένῳ,
1285 1340 1379 1393 καὶ
1411 1340 1590 1395 πάντα
1625 1343 1800 1413 πράτ-

213 1453 367 1489 τοντι
409 1434 552 1488 κατὰ
590 1433 715 1487 νοῦν
740 1473 755 1499 ,
809 1433 907 1504 τὴν
938 1432 1225 1503 ἐπιστολὴν
1275 1432 1435 1504 ¹ημῶν
1474 1432 1678 1505 ταύτην
1719 1436 1799 1499 είς

212 1532 407 1600 χεῖρας
440 1527 635 1590 ἐλθεῖν,
662 1526 751 1578 ἴνα
790 1524 864 1597 μὴ
890 1524 1167 1596 ἄπρακτος
1198 1524 1353 1596 ήμῶν
1383 1526 1416 1596 ἡ
1451 1525 1795 1596 παράκλησις

212 1618 466 1689 γένηται,
494 1618 559 1688 ἦν
590 1615 1011 1686 παρακαλοῦμεν
1043 1615 1138 1669 νῦν
1168 1617 1499 1685 ἐπιφανῆναί
1529 1633 1589 1669 σε
1638 1616 1794 1688 ἡμῶν

212 1712 282 1781 τῇ
324 1708 515 1773 πόλει,
564 1708 657 1760 ἐπὶ
696 1707 776 1778 τῷ
822 1706 1155 1779 σεμνοτέραν
1210 1707 1459 1776 γενέσθαι
1516 1709 1616 1781 τὴν
1658 1724 1795 1762 παν-

2246 1140 2632 1210 Amphilochia,
2661 1142 2905 1209 episcopo
2933 1138 3127 1196 lconii.

1964 1253 2122 1310 Faxit
2169 1254 2313 1310 Deus
2366 1262 2613 1319 sanctus,
2657 1262 2717 1308 ut
2766 1253 2866 1309 tibi
2902 1270 3135 1326 corpore
3159 1257 3383 1325 valenti,
3417 1269 3472 1314 et

1893 1347 2150 1401 omnibus
2202 1346 2436 1418 negotiis
2485 1346 2695 1411 soluto,
2743 1355 2799 1402 et
2839 1347 3023 1401 omnia
3073 1362 3140 1403 ex
3197 1352 3468 1410 sententia

1892 1439 2102 1509 gerenti
2135 1439 2250 1493 haac
2290 1438 2524 1507 epistola
2571 1438 2849 1493 nostrain
2893 1453 3091 1495 manus
3134 1441 3364 1509 veniat;
3408 1448 3473 1497 ut

1899 1530 2079 1584 inanis
2133 1539 2187 1584 et
2239 1529 2395 1584 irrita
2446 1544 2555 1583 non
2616 1529 2689 1585 sit
2739 1536 2928 1585 nostra
2980 1531 3312 1599 adhortatio,
3364 1546 3473 1604 qua

1898 1625 1955 1673 te
1996 1633 2276 1690 rogamus,
2316 1626 2375 1672 ut
2418 1634 2566 1673 nunc
2604 1619 2661 1674 in
2694 1620 2968 1676 civitatem
3020 1631 3263 1677 nostram
3310 1624 3473 1679 adve—

1900 1708 2056 1773 nias,
2098 1723 2206 1778 quo
2258 1719 2597 1774 conventus,
2650 1724 2813 1781 quem
2870 1713 3164 1781 quotannis
3210 1728 3370 1784 agere
3415 1714 3473 1770 in

212 1800 438 1871 ηγυριν,
481 1797 548 1869 ἢν
599 1797 666 1850 δι’
711 1796 865 1861 ἔτους
896 1798 1049 1865 ἄγειν
1093 1799 1188 1850 ἐπὶ
1225 1800 1335 1861 τοῖς
1372 1802 1636 1871 μάρτυσιν
1676 1799 1811 1863 ἔθος·

1902 1801 2166 1857 honorem
2197 1808 2497 1872 martyrum
2531 1817 2651 1858 mos
2681 1812 2764 1858 est
2801 1803 3061 1861 Ecclesia:
3095 1815 3320 1876 nostrae,
3349 1809 3475 1866 illu-

392 1862 657 1962 ήμῶντῇ
702 1862 1022 1961 Ἐκκλησία.
1057 1888 1297 1942 Πέπεισο
1329 1862 1465 1961 γάρ,
1503 1888 1799 1961 τιμιώτατέ

1902 1891 2070 1946 strior
2133 1892 2246 1945 ﬁat.
2306 1890 2444 1945 Nam
2516 1908 2845 1963 persuasum
2900 1896 2974 1951 sit
3031 1897 3155 1963 tibi,
3199 1862 3474 1956 vir’mihi

214 2002 309 2057 μοι
345 1985 441 2037 καὶ
494 1983 841 2036 ποθεινότατε
886 1980 961 2046 ὡς
1018 1980 1233 2052 ἀληθῶς
1258 2021 1273 2047 ,
1308 1984 1389 2035 ὅτι
1451 1982 1661 2036 πολλῶν
1719 1983 1800 2047 εἰς

212 2080 415 2149 πεῖραν
439 2074 610 2129 ἐλθὼν
641 2077 668 2128 ὁ
694 2077 823 2146 παρ’
848 2075 978 2144 ἡμῖν
1005 2072 1081 2144 (2)
1110 2072 1255 2138 λαὸς,
1277 2073 1376 2145 τῆς
1403 2074 1614 2138 οὐδενὸς
1629 2073 1801 2137 οὕτως

212 2169 505 2240 ἀντέχεται
538 2167 845 2238 ἐπιτυχίας,
885 2166 960 2230 ὼς
989 2166 1088 2236 τῆς
1122 2165 1223 2235 σῆς
1252 2166 1555 2237 παρουσίας
1576 2184 1589 2197 ο
1627 2165 1801 2220 τοιοῦ-

210 2279 307 2315 τον
331 2262 560 2333 κέντρον
583 2260 803 2330 ἀγάπης
833 2260 897 2312 ἐκ
922 2258 1021 2328 τῆς
1049 2259 1252 2329 μικρᾶς
1277 2260 1493 2330 ἐκείνης
1514 2257 1801 2328 συντυχίας

213 2355 525 2426 ἐναφῆκας.
560 2354 681 2408 "Iv:
709 2349 802 2407 οὖν
830 2351 923 2406 καὶ
956 2353 984 2404 ὁ
1016 2350 1222 2422 Κύριος
1261 2350 1516 2423 δοξασθῇ,
1548 2352 1641 2407 καὶ
1682 2352 1802 2406 λαοὶ

213 2445 591 2518 εὐφρανθῶσι,
616 2446 711 2499 καὶ
755 2445 1032 2516 τιμηθῶσι
1082 2443 1381 2516 μάρτυρες,
1423 2446 1519 2498 καὶ
1547 2447 1711 2516 ἡμεῖς
1750 2446 1799 2498 οἱ

212 2540 476 2611 γέροντες
505 2539 605 2610 τῆς
631 2538 988 2609 ὀφειλομένης
1019 2540 1150 2609 ἡμῖν
1176 2536 1329 2609 παρὰ
1356 2538 1546 2591 τέκνου
1575 2538 1800 2609 γνησίου

211 2634 472 2704 τύχωμεν
493 2629 807 2703 θεραπείας,
825 2629 1164 2694 καταξίωσον
1192 2628 1403 2692 ἀόκνως
1425 2629 1617 2700 μέχρις
1643 2630 1675 2699 ἡ
1685 2629 1802 2700 μῶν

213 2725 490 2797 διαϐῆναι,
539 2724 632 2777 καὶ
677 2722 971 2794 προλαϐεῖν
1017 2720 1116 2785 τὰς
1150 2722 1364 2794 ἡμέρας
1397 2722 1495 2792 τῆς
1546 2722 1797 2775 συνόδου’

216 2816 360 2871 ὥστε
392 2817 490 2870 ἐπὶ
539 2816 737 2887 σχολῆς
779 2816 927 2888 ἡμᾶς
970 2814 1225 2886 ἀλλήλοις
1274 2816 1655 2884 συγγενέσθαι,
1707 2817 1803 2869 καὶ

216 2909 748 2982 συμπαρακληθῆναι
779 2909 867 2963 διά
919 2909 1019 2980 τῆς
1050 2909 1332 2973 κοινωνίας
1364 2908 1472 2961 τῶν
1505 2926 1802 2980 πνευματι-

212 3003 326 3057 κῶν
355 3000 734 3073 χαρισμάτων.
756 3001 910 3054 Ἐστι
923 3000 981 3054 δὲ
1002 3000 1231 3072 ήήμέρα
1252 3002 1319 3071 τῇ
1353 3000 1576 3071 πέμπτῃ
1601 2998 1677 3070 (5)
1706 2999 1799 3053 τοῦ

215 3092 620 3165 Σεπτεμϐρίου.
656 3092 748 3145 Διὸ
778 3091 1204 3163 παρακαλοῦμεν
1241 3091 1349 3163 πρὸ
1372 3090 1542 3163 τριῶν
1577 3090 1802 3163 ἡμερῶν

1900 1986 2285 2044 colendissime
2318 1996 2372 2043 et
2404 2002 2530 2043 vere
2571 2004 2736 2058 quam
2773 1988 3260 2060 desideratissime,
3301 2010 3474 2065 popu-

1899 2079 2012 2133 lum
2055 2088 2326 2143 nostrum,
2386 2093 2512 2133 cum
2568 2080 2772 2135 multos
2821 2093 3082 2151 expertus
3130 2085 3224 2151 sit,
3269 2086 3474 2142 nullius

1901 2171 2246 2241 praesentiam
2291 2172 2369 2225 ita
2419 2171 2755 2238 desiderare,
2802 2182 2862 2229 ut
2907 2183 3056 2230 tuam
3088 2216 3105 2244 ,
3158 2184 3370 2232 tantum
3420 2178 3474 2234 ei

1899 2263 2104 2319 amoris
2129 2264 2380 2320 aculeum
2411 2265 2566 2321 brevi
2607 2266 2703 2321 illo
2741 2279 3042 2338 congressu
3076 2268 3373 2341 immgisisti.
3404 2269 3475 2327 Ut

1899 2356 2065 2427 igitur
2096 2365 2150 2413 et
2177 2356 2410 2412 Domino
2437 2357 2609 2427 gloria
2642 2356 2939 2422 tribuatur,
2964 2365 3019 2413 et
3042 2359 3228 2429 populi
3259 2359 3470 2422 laetitia.

1898 2455 1953 2503 et
1987 2447 2194 2501 honore
2222 2456 2492 2518 martyres
2515 2445 2841 2512 adiciantur,
2857 2460 2922 2499 ac
2962 2461 3066 2502 nos
3100 2460 3257 2501 senes
3290 2446 3474 2503 debita

1899 2538 2060 2594 nobis
2103 2553 2133 2592 a
2188 2537 2300 2592 lilio
2341 2552 2601 2608 germano
2639 2550 3043 2607 consequamur
3074 2535 3360 2606 obsequia,
3403 2552 3475 2592 ne

1898 2630 2211 2702 dedigneris
2242 2630 2309 2685 ad
2357 2645 2461 2686 nos
2503 2644 2680 2700 usque
2726 2630 2957 2701 impiger
2998 2629 3282 2696 accedere,
3309 2637 3474 2700 atque

1898 2731 2204 2779 conventus
2261 2722 2378 2779 dies
2431 2732 2802 2794 pravertere;
2857 2733 2919 2778 ut
2975 2721 3153 2779 otiose
3220 2728 3471 2777 mutuum

1899 2818 2045 2873 inter
2094 2832 2197 2872 nos
2240 2819 2574 2889 colloquium
2617 2817 2936 2883 habeamus,
2983 2831 3193 2887 nosque
3238 2815 3471 2871 invicem

1898 2911 2170 2967 donorum
2226 2912 2593 2982 spiritualium
2661 2910 3158 2966 communicatione
3213 2909 3471 2965 console-

1898 3018 2040 3057 mur.
2061 3001 2408 3059 Prazstitutus
2433 3018 2596 3074 porro
2611 3003 2730 3059 dies
2742 2992 2833 3057 est
2859 3000 3192 3072 Septembris
3220 3001 3469 3071 quintus.

1898 3093 2287 3160 Quamobrem,
2342 3109 2554 3165 quaeso,
2604 3095 2784 3149 tribus
2832 3094 3025 3149 diebus
3070 3102 3288 3164 tempus
3337 3092 3471 3147 illud

215 3185 631 3256 ἑπιστῆναι,ίνα
652 3187 744 3238 καὶ
770 3184 865 3239 τοῦ
890 3185 1327 3257 πτωχοτροφείου
1355 3185 1454 3254 τὴν
1476 3186 1695 3255 μνήμην
1721 3184 1796 3255 (4)

1901 3186 2223 3256 anticipato,
2250 3195 2310 3241 ut
2334 3194 2391 3241 et
2427 3191 2749 3243 memoriam
2794 3185 3199 3257 ptochotrophii
3240 3199 3473 3255 praesen-

218 3273 466 3345 μεγάλην
524 3275 760 3347 ποιήσῃς
820 3277 887 3346 τῇ
942 3274 1236 3347 παρουσίᾳ.
1299 3275 1641 3347 Ἐρρωμένος
1700 3275 1794 3327 καὶ

1899 3279 1976 3334 tia
2039 3289 2130 3336 tua
2184 3281 2458 3353 insignem
2516 3280 2738 3337 ellicias.
2804 3280 3031 3346 Sanus,
3097 3281 3363 3352 latusque
3411 3280 3467 3333 in

216 3364 454 3437 εὔθυμος
508 3367 568 3420 ὲν
629 3365 820 3437 Κυρίῳ
882 3367 1315 3438 ὑπερευχόμενός
1370 3384 1471 3437 μου
1534 3366 1793 3436 διαφυλα-

215 3455 404 3527 χθείης
435 3474 526 3527 μοι
566 3457 662 3511 καὶ
700 3459 769 3523 τῇ
814 3455 909 3510 τοῦ
954 3455 1091 3511 Θεοῦ
1130 3456 1427 3531 Ἐκκλησία
1459 3456 1639 3531 χάριτι
1689 3455 1785 3511 τοῦ

214 3550 448 3623 Κυρίου.

707 3705 1054 3759 ΕΠΙΣΤΟΛΗ
1090 3705 1254 3759 POZ'.

1897 3370 2151 3439 Domino,
2181 3379 2236 3428 et
2259 3387 2360 3443 pro
2389 3388 2477 3428 me
2498 3373 2801 3444 deprecans
2835 3374 3073 3430 serveris
3115 3374 3243 3428 mihi
3275 3384 3329 3429 et
3363 3371 3469 3427 Ec-

1892 3463 2074 3524 clesiae
2101 3462 2195 3520 Dei
2222 3479 2318 3535 per
2339 3465 2571 3536 gratiam
2600 3464 2835 3524 Domini.

2311 3704 2651 3762 EPISTOIA
2689 3705 3038 3767 CLXXVII“.

335 3824 654 3878 Commendat
672 3824 885 3876 Basilius
903 3822 1163 3876 Eusebium
1174 3860 1188 3883 ,
1209 3818 1294 3884 qui
1315 3817 1574 3872 calumniis
1591 3820 1832 3887 appetitus
1853 3821 2194 3889 grauissimum
2204 3821 2453 3888 judicium
2466 3825 2724 3878 sustinebat
2744 3833 2961 3891 tempore
2983 3824 3338 3879 molestissimo.

662 3937 982 4006 Σωφρονιφ
1021 3940 1349 4005 ματίστρῳ.

283 4050 626 4119 Καταλέγειν
662 4051 760 4122 μὲν
798 4051 1007 4115 πάντας
1043 4051 1170 4114 τοὺς
1217 4049 1284 4103 δι’
1331 4049 1477 4120 ἡμᾶς
1512 4048 1588 4119 (5)
1635 4048 1793 4120 εὐερ-

218 4145 547 4217 γετηθέντας
583 4145 736 4217 παρά
776 4145 877 4216 τῆς
922 4147 1022 4216 σῆς
1069 4142 1425 4215 μεγαλονοίας
1464 4141 1522 4194 οὐ
1573 4140 1789 4212 ρᾴδιον’

219 4238 357 4291 οὕτω
400 4238 630 4302 πολλοὺς
674 4238 772 4310 μὲν
825 4237 1084 4309 σύνισμεν
1137 4237 1347 4299 ἑαυτοῖς
1399 4232 1791 4303 εὐπεποιηκόσι

220 4329 307 4383 διά
325 4329 425 4402 τῆς
461 4330 700 4401 μεγάλης
731 4347 822 4383 σου
857 4330 1060 4401 χειρὸς,
1092 4330 1158 4400 ἦν
1181 4330 1210 4382 ὁ
1251 4328 1454 4400 Κύριος
1489 4330 1620 4399 ἡμῖν
1649 4327 1785 4398 σύμ·

223 4437 389 4492 μαχον
424 4421 517 4474 ἐπὶ
549 4419 657 4473 τῶν
690 4421 961 4490 μεγίστων
986 4419 1194 4491 καιρῶν
1218 4419 1542 4493 ἐχαρίσατοο
1580 4420 1785 4473 δικαιό-

2374 3934 2672 4006 Sophronia
2700 3934 2975 4006 magistro.

1959 4053 2273 4112 Recensere
2320 4067 2533 4117 omnes,
2569 4050 2664 4121 qui
2717 4057 2939 4122 propter
2984 4064 3070 4105 mc
3112 4048 3392 4108 beneﬁciis
3429 4069 3462 4107 a

1887 4157 1982 4202 tua
2036 4144 2487 4217 magnanimitate
2534 4142 2714 4197 affecti
2761 4150 2912 4208 sunt,
2960 4158 3071 4198 non
3121 4142 3282 4199 facile
3326 4155 3458 4213 est;

1888 4241 2022 4295 adeo
2068 4238 2252 4293 multis
2304 4236 2562 4293 conscius
2599 4234 2730 4289 mihi
2777 4249 2897 4289 sum
2953 4249 3039 4290 me
3081 4234 3219 4292 bene
3263 4234 3462 4295 fecisse

1891 4346 1988 4402 per
2036 4343 2289 4399 magnam
2323 4336 2471 4381 tuam
2511 4340 2756 4389 manum,
2800 4340 2965 4395 quam
3014 4325 3148 4381 mihi
3199 4326 3460 4385 Dominus

1889 4422 2230 4495 gravissimis
2296 4421 2633 4493 temporibus
2688 4417 3011 4474 adiutricem
3064 4420 3294 4493 largitus
3351 4434 3456 4479 est.

290 4579 364 4652 (2)
399 4580 545 4649 Hap’
568 4579 731 4650 ἡμῖν.
782 4579 924 4634 Editi
967 4580 1098 4634 παο*
1126 4580 1283 4651 ήμῶν
1320 4588 1511 4635 contra
1542 4586 1786 4636 veterum
1819 4577 1863 4632 D
1888 4588 2004 4634 tum
2046 4576 2308 4652 venisset,
2344 4573 2769 4652 ptochotrpphio
2802 4573 2937 4652 nihil
2966 4572 3281 4652 honorisex
3310 4577 3456 4633 illius

222 4653 469 4705 codicum
508 4652 687 4705 (idem.

292 4723 367 4790 (5)
394 4718 478 4788 Τῇ
501 4721 763 4790 πέμπτῃ.
782 4719 940 4775 Nolui
963 4720 1251 4774 immutare
1278 4720 1423 4790 hunc
1444 4725 1782 4786 contextum,

223 4788 355 4911 auia
378 4792 461 4846 sic
487 4788 759 4860 reperitur
787 4793 843 4845 in
875 4800 1108 4861 utroque
1132 4790 1328 4872 Qoisl..
1362 4788 1502 4872 Med.
1526 4798 1779 4872 utroque.

271 4878 376 4911 ea“
410 4859 535 4911 Vat.
562 4869 616 4911 et
639 4870 871 4911 utroune
904 4860 1078 4911 Biaot.
1109 4859 1222 4911 N151
1251 4861 1397 4911 quod
1421 4875 1479 4911 In
1506 4861 1779 4911 nonnullis

271 4878 376 4931 eg.,
410 4859 616 4931 Vatget
639 4870 871 4929 utroque
904 4859 1222 4931 BigotaNisi
1251 4861 1397 4930 quod
1421 4860 1479 4915 in
1506 4859 1783 4931 nonnunis

224 4929 414 5000 legitur
444 4929 538 4984 τοῦ
572 4930 946 5012 Σεπτεμβρίου
974 4929 1151 5011 ’μηνὸς
1175 4933 1242 5001 τῇ
1267 4930 1511 5052 πέμ.πῖ
1543 4929 1663 5011 N_0n
1689 4945 1782 5011 egr-

225 5011 326 5052 stat
376 5002 491 5052 haec
520 5001 751 5052 enrstola
788 5018 843 5052 1n
878 5002 1069 5052 codice
1112 4998 1416 5052 Harlmano.
1514 5009 1691 5052 cantur
1725 5015 1781 5052 In

225 4998 326 5054 stat
376 5002 491 5055 haec
520 4998 762 5070 epistola
788 4998 843 5055 in
878 4998 1069 5057 codice
1112 4998 1416 5070 Barbatio.
1462 4998 1781 5070 Legiturin

223 5072 470 5154 editisfcﬁ
504 5069 943 5154 e'._Sedttan1err.
965 5071 1250 5154 legendum
1288 5069 1506 5154 videtur
1530 5073 1598 5141 τῇ
1631 5069 1781 5151 ἐϐδο-

227 5157 316 5212 μῃ·
346 5139 681 5222 άὶεὶεριζηια
716 5139 1055 5207 Septembris.
1087 5139 1201 5194 Hoc
1223 5142 1367 5194 enim
1398 5139 1484 5194 die
1517 5139 1780 5221 memoria

227 5211 280 5263 δ.
305 5211 597 5282 Eupsychn
622 5213 880 5282 martyris
904 5210 1047 5280 apud
1072 5210 1629 5282 Griecosgcelebratur
1660 5229 1671 5264 :
1706 5208 1783 5263 1d-

226 5295 324 5348 que
358 5279 593 5351 Basilius
620 5280 739 5350 ipse
768 5279 999 5336 testatur
1038 5281 1093 5335 in
1124 5280 1354 5351 epistola
1387 5279 1507 5343 100,
1544 5295 1782 5334 consen-

228 5352 483 5421 tjentibus
505 5350 681 5404 tribus
706 5351 1092 5421 vetustissimis
1120 5350 1425 5421 codicibus,
1454 5357 1509 5403 et
1543 5359 1778 5421 utroque

227 5418 406 5489 Regio.
437 5421 608 5491 Coisl.
639 5421 900 5491 secundo,
935 5418 1058 5475 Vat.
1090 5436 1154 5475 ac
1182 5420 1355 5491 Bigot.
1389 5420 1582 5491 altero.

270 5488 365 5557 ,(ᾉ)
402 5490 519 5559 Τὴν
532 5488 796 5559 μνήμην.
829 5490 1119 5544 Existimat
1148 5488 1527 5545 'l‘illemontius
1550 5489 1777 5559 Amphi-

229 5558 567 5615 lochiumsic
612 5559 851 5620 invitari.
886 5572 946 5615 ut
972 5560 1098 5614 dum
1145 5561 1200 5614 in
1241 5558 1779 5629 ptochotrophio’di-

227 5638 487 5692 versatur,
518 5631 674 5684 locus
702 5644 764 5686 ex
805 5630 926 5699 ejus
962 5631 1254 5700 praesentia
1285 5629 1656 5684 memorabilis
1683 5630 1779 5683 tie-

228 5706 324 5769 τοι.
372 5697 477 5755 Sed
519 5698 651 5769 quid
686 5714 912 5755 necesse
942 5700 1040 5754 fuit
1077 5716 1202 5754 eum
1246 5701 1422 5769 tribus
1461 5708 1586 5753 ante
1632 5698 1774 5754 diem

131 5811 137 5827 .
230 5766 414 5824 festum
440 5766 649 5841 {diebus
684 5769 980 5826 adveniret
1007 5769 1147 5825 Num
1188 5771 1233 5826 si
1278 5769 1345 5825 ad
1379 5767 1542 5825 diem!
1568 5771 1776 5825 oresti-

1887 4650 2176 4720 praesentia
2209 4644 2911 4720 accessisset‘ljtaque-riw
2944 4647 3163 4716 μνήμην
3188 4646 3458 4720 interpre-

1886 4714 1994 4787 tor,
2026 4718 2316 4775 ecclesiam
2347 4720 2401 4772 in
2428 4714 3223 4787 ptochotrophio_exstructam,
3254 4714 3456 4787 d_e'qua

1885 4783 2121 4846 Basilius
2163 4788 2403 4857 loquitur
2428 4783 2495 4841 ‘in
2524 4787 2685 4857 epist.
2717 4783 2819 4857 94.
2847 4783 3016 4849 Nemo
3057 4787 3241 4857 nescit
3269 4783 3456 4841 Eccle—

1887 4863 2020 4923 sias.
2051 4861 2108 4915 in
2137 4855 2337 4930 quibus
2382 4855 2681 4930 martyrum
2725 4855 3450 4930 reliquia‘_asservabantur,

1889 4925 2180 4985 memorias
2213 4930 2320 4983 dici
2349 4925 2544 4984 solere}
2589 4925 2762 4980 Porro
2802 4925 3235 4995 Amphilochius,
3278 4926 3324 4980 si
3355 4929 3450 4981 tri-

1888 5000 1993 5056 bus
2024 5009 2151 5056 ante
2179 4999 2375 5054 festum
2416 4998 2612 5053 diebus
2647 4995 2909 5057 venisset,
2944 5010 3057 5049 non
3085 4995 3310 5049 dubium
3342 5006 3448 5062 est,

1890 5069 2476 5146 quin_pt_ochotrophio
2504 5073 2764 5146 exceptus
2797 5065 2894 5146 (illi
2922 5067 3068 5146 enim
3097 5065 3450 5146 ercipieban-

1888 5136 1979 5194 tur
2025 5136 2268 5211 insignes
2315 5136 2621 5211 personae),
2658 5136 2915 5206 mysteria
2949 5136 3010 5211 in
3037 5136 3269 5211 ecclesia
3300 5136 3449 5193 illius

1887 5210 1991 5264 loci
2015 5205 2365 5266 celebrasset.
2394 5205 2760 5274 Quamobrem
2790 5213 2944 5275 rogat
2972 5205 3208 5277 Basilius
3235 5215 3448 5277 tempus

1884 5280 2284 5349 tribusgdiebus
2314 5280 2595 5349 anticipet,
2623 5283 2684 5329 ut
2709 5290 2819 5329 non
2851 5274 3025 5349 solum
3056 5274 3116 5328 8.
3152 5274 3446 5349 Eupsychii

1884 5352 2029 5405 diem
2059 5348 2259 5407 festum
2291 5346 2602 5411 obcatfsed
2636 5355 2686 5400 et
2706 5346 3032 5416 memoriam
3063 5346 3449 5416 plochotroplrii

1882 5423 2172 5492 praesentia
2197 5435 2302 5492 sua
2336 5420 2607 5492 insignem
2636 5415 2848 5492 elﬁciat.

1957 5491 2035 5574 (5)
2062 5491 2141 5574 Δί’
2174 5489 2354 5574 ἡμᾶς.
2400 5487 2477 5542 ιιὲι
2514 5488 2685 5574 Qoisl.
2709 5487 2958 5574 primus;
3006 5503 3128 5558 qua!
3173 5496 3447 5560 scriptura

1880 5557 2055 5633 magis
2077 5557 2261 5633 placet
2279 5560 2682 5633 qua_m_ynlgata
2709 5557 2779 5609 δι’
2806 5557 3104 5633 ήμῶνλῃῄεν
3136 5575 3236 5614 me.

1954 5627 2160 5686 "Alias
2186 5627 2515 5699 CCCXCIV.
2530 5627 2746 5699 Scripta
2779 5627 2924 5683 anno
2952 5629 3078 5682 574.

1950 5706 1993 5726 ⁴⁴
2020 5704 2171 5758 Alias
2195 5698 2567 5760 CCCXXXIV.
2602 5699 2818 5771 Scripta
2846 5699 3122 5772 τηου-ὄπ
