3948 6214
477 397 583 456 655

1801 395 1859 451 S.
1902 396 2144 453 BASILII
2180 397 2397 455 MAGNI

3617 392 3723 448 655

474 514 733 570 Omnium
783 522 965 569 autem
1006 512 1362 584 dignissimus
1416 523 1502 568 est
1552 515 1644 586 qui
1699 515 1943 584 juvetur,
1998 517 2042 571 is

2150 535 2309 583 τατος
2334 520 2391 572 δὲ
2436 520 2656 574 πάντων
2707 518 2802 574 καὶ
2838 519 2868 571 ό
2906 515 3004 571 νῦν
3035 513 3445 586 προσαγόμενος
3490 511 3580 565 διὰ
3630 513 3725 566 τοῦ

477 620 637 674 quem
670 618 818 658 nunc
854 604 952 657 tibi
984 619 1082 673 per
1120 604 1333 661 litteras
1374 596 1538 675 2‘65
1578 617 1729 658 meas
1762 605 1916 662 sisto.
1952 618 2045 659 co-

475 696 829 756 lendissimus
862 694 1030 749 frater
1063 702 1251 749 noster
1285 692 1579 759 Eusebius,
1614 692 1851 748 absurda
1887 710 2050 763 appe-

476 791 611 844 titus
656 790 952 855 calumnia,
1000 804 1165 859 quam
1212 787 1536 858 propulsare
1585 787 1760 843 solius
1813 795 1920 841 tua:
1965 794 2053 843 est

475 882 789 954 probitatis.
839 882 1184 953 Quapropter
1232 895 1388 952 rogo,
1436 885 1498 934 ut
1552 886 1607 935 et
1649 879 1794 949 juris
1842 879 2050 934 habens

473 974 781 1036 rationem,
834 979 888 1028 et
952 971 1020 1028 ad
1073 972 1372 1026 humanam
1438 970 1815 1025 conditionem
1872 971 2049 1039 respi-

474 1066 670 1130 ciens,
721 1073 776 1119 et
825 1075 1092 1120 consueta
1145 1064 1201 1118 in
1255 1078 1344 1119 me
1392 1062 1660 1118 beneficia
1720 1062 2047 1126 conferens.

472 1155 603 1210 huic
662 1155 782 1210 viro
846 1155 1089 1213 omnium
1145 1154 1267 1210 loco
1318 1153 1420 1214 sis.
1476 1167 1714 1223 eumque
1765 1166 1873 1207 una
1919 1166 2045 1206 cum

471 1248 705 1304 veritate
768 1247 1015 1318 adjuves.
1077 1246 1211 1300 Nam
1260 1244 1502 1316 praesidii
1557 1260 1669 1300 non
1732 1259 1927 1315 parum
1990 1244 2046 1299 in

471 1340 594 1413 jure
652 1340 891 1417 positum
937 1340 1142 1403 habet;
1198 1338 1344 1409 quod
1392 1326 1636 1407 quidem,
1670 1335 1775 1393 nisi
1832 1343 2047 1407 tempus

471 1449 715 1505 pmsens
747 1432 966 1498 laeserit,
1010 1431 1171 1487 facile
1204 1431 1309 1488 erit
1340 1432 1488 1486 clare
1519 1440 1573 1486 et
1609 1429 2045 1486 ineluctabiliter

471 1528 874 1583 demonstrare.

898 1675 1232 1732 EPISTOLA
1270 1673 1627 1731 CLXXVIII'.

2152 612 2475 681 γράμματος
2530 610 2685 682 ἡμῶν
2733 609 2988 680 τυγχάνει
3032 608 3145 678 (6),
3208 608 3237 659 ό
3299 605 3727 675 αίδεσιμώτατος

2150 701 2375 769 ἀδελφὸς
2408 702 2485 771 (7)
2522 700 2813 771 Εὐσέϐιος,
2852 699 3145 770 παραλόγῳ
3187 696 3521 767 συκοφαντίᾳ
3569 712 3727 767 περι-

2151 791 2354 856 πεσὼν,
2388 792 2458 864 ἢν
2498 791 2869 847 ἀποσκεδάσαι
2917 790 3085 862 μόνης
3127 790 3245 843 ἐστὶ
3273 789 3373 860 τῆς
3419 789 3522 859 σῆς
3567 787 3727 859 ὀρθό-

2148 902 2330 955 τητος.
2360 888 2453 941 Διὸ
2484 885 2932 958 παρακαλοῦμεν,
2965 886 3060 940 καὶ
3093 882 3174 955 τῷ
3199 882 3394 953 δικαίῳ
3422 880 3725 953 χαριζόμε-

2148 989 2259 1036 νον,
2304 974 2570 1046 καὶπρὸς
2609 975 2672 1028 τὸ
2698 975 3039 1047 ἀνθρώπινον
3083 972 3395 1045 ἀφορῶντα,
3450 973 3545 1026 καὶ
3593 974 3725 1044 ἡμῖν

2148 1063 2246 1127 τάς
2306 1064 2555 1137 συνήθεις
2598 1066 2970 1136 παρεχόμενον
3016 1064 3275 1137 χάριτας,
3330 1062 3454 1116 ἀντὶ
3505 1061 3728 1116 πάντων

2147 1153 2401 1221 γενέσθαι
2439 1153 2517 1225 τῷ
2549 1154 2726 1225 ἀνδρὶ,
2777 1157 2872 1209 καὶ
2912 1155 3210 1230 προστῆναι
3241 1151 3408 1208 αὑτοῦ
3456 1152 3598 1224 μετὰ
3627 1152 3726 1222 τῆς

2147 1243 2424 1316 ἀληθείας.
2458 1246 2611 1316 Ἔχει
2634 1245 2743 1319 γὰρ
2777 1247 2838 1299 οὐ
2884 1247 3087 1319 μικράν
3122 1245 3437 1317 συμμαχίαν
3479 1244 3582 1315 τὴν
3619 1243 3727 1297 ἀπὸ

2145 1336 2239 1390 τοῦ
2260 1338 2468 1391 δικαίου
2495 1356 2507 1368 ·
2534 1339 2624 1410 ἣν,
2649 1341 2699 1392 εἰ
2740 1340 2814 1411 μὴ
2843 1341 2872 1393 ὁ
2903 1339 3093 1412 παρὼν
3120 1339 3308 1411 καιρὸς
3331 1336 3724 1406 καταϐλάψειε,

2148 1427 2291 1482 πάνυ
2335 1429 2516 1501 ῥᾴδιον
2559 1431 2748 1501 σαφῶς
2803 1430 2897 1486 καὶ
2951 1431 3364 1505 ἀναντιρρήτως
3416 1428 3731 1501 ὶπιδειχθή-

2151 1520 2341 1575 σεσθαι
2365 1522 2464 1594 (8).

2637 1676 2985 1732 ΕΠΙΣΤΟΛΗ
3013 1679 3152 1732 ΡΟῐι
3173 1717 3188 1730 .

477 1796 783 1852 Conunentlat
825 1794 1038 1847 Basilius
1059 1793 1280 1848 eumdem
1318 1788 1573 1842 Eusebium
1588 1828 1601 1851 ,
1625 1802 1683 1839 ac
1705 1789 2381 1914 rogatgutie’igitziaegtuzgi‘in
2418 1790 2740 1845 atrocissimis
2782 1789 3041 1845 sceleribus
3063 1785 3381 1855 depretiant".
3401 1785 3455 1839 in
3472 1799 3588 1840 eunt
3620 1784 3726 1839 Ιια

1121 1961 1380 2033 Aburgio.

545 2078 672 2134 Scio
702 2092 788 2135 me
815 2085 918 2132 tuae
956 2076 1210 2148 dignitati
1244 2076 1445 2131 multos
1480 2090 1856 2147 saepenumero
1885 2089 2041 2132 com-

471 2173 782 2234 mendasse,
823 2176 877 2225 et
928 2168 1273 2240 gravissimis
1324 2167 1664 2238 temporibus
1695 2183 1805 2222 non
1849 2182 2041 2241 parum

471 2262 681 2318 afﬂictis
711 2259 1000 2333 profuisse.
1044 2257 1150 2314 Sed
1196 2259 1405 2314 nullum
1437 2266 1598 2315 antea
1639 2258 1869 2316 missum
1898 2273 1928 2313 a
1958 2272 2046 2314 me

471 2354 539 2409 ad
585 2362 733 2411 tuam
786 2350 1154 2422 praestantiam
1208 2350 1451 2416 memini,
1498 2350 1590 2420 qui
1640 2350 1773 2405 mihi
1826 2350 2048 2405 charior

472 2444 632 2507 foret,
678 2450 772 2498 aut
806 2441 899 2514 qui
937 2442 1002 2497 de
1048 2440 1215 2496 rebus
1244 2439 1473 2511 majoris
1506 2441 1766 2497 momenti
1800 2441 2047 2497 decerta-

470 2545 575 2597 ret.
630 2549 795 2607 quam
851 2532 1361 2589 desideratissimus
1411 2532 1556 2589 filius
1606 2530 1896 2597 Eusebius,
1949 2533 2045 2602 qui

469 2643 617 2684 nunc
666 2627 763 2681 tibi
814 2625 913 2680 bas
956 2639 987 2679 a
1037 2639 1125 2679 me
1174 2623 1384 2680 litteras
1426 2623 1624 2681 reddit.
1676 2623 1777 2690 Qui
1819 2623 2040 2694 quidem

469 2720 617 2791 quali
650 2718 960 2795 implicatus
998 2716 1071 2773 sit
1106 2716 1347 2787 negotio,
1388 2717 1527 2786 ipse,
1561 2715 1607 2771 si
1633 2714 1794 2771 modo
1824 2723 2040 2786 tempus

472 2812 726 2867 idoneum
758 2809 1131 2873 nanciscatur,
1167 2808 1423 2880 gravitati
1463 2817 1571 2864 tua:
1606 2808 1873 2863 narrabit.
1910 2806 2042 2874 Quae

470 2910 652 2957 autem
688 2916 719 2956 a
751 2916 837 2955 me
882 2898 992 2956 dici
1032 2914 1128 2970 par
1155 2907 1263 2964 est,
1292 2899 1411 2954 haec
1454 2906 1623 2954 sunt:
1655 2915 1764 2955 non
1793 2899 2044 2953 commit-

470 2993 692 3049 tendum
738 3007 860 3049 esse
898 2999 956 3046 ut
976 2991 1077 3046 viri
1113 3005 1280 3045 causa
1320 2988 1754 3062 detorqueatur;
1783 2996 1878 3045 aut
1915 2990 2044 3060 quia

469 3086 626 3139 multi
678 3083 735 3139 in
781 3081 1145 3139 atrocissimis
1188 3082 1489 3138 sceleribus
1532 3081 1859 3153 deprehensi
1890 3087 2040 3144 sunt,

472 3176 529 3231 in
579 3189 706 3231 eum
760 3173 875 3230 haec
929 3175 1228 3230 multorum
1276 3174 1525 3245 suSpicio
1574 3173 1890 3240 redundet;
1945 3174 2039 3228 sed

467 3265 734 3338 judicium
783 3266 835 3323 ei
881 3265 1295 3322 concedendum
1330 3279 1476 3330 esse,
1509 3274 1565 3322 et
1613 3265 1669 3320 in
1698 3267 1846 3321 illius
1874 3265 2039 3321 vitam

472 3357 883 3430 inquirendum.
943 3356 1025 3413 Ita
1072 3357 1222 3414 enim
1284 3355 1543 3412 facillime
1594 3358 1869 3412 calumnia
1927 3373 2045 3412 ma-

470 3451 672 3509 nifesta
721 3451 830 3519 ﬁet,
881 3465 949 3508 ac
996 3452 1083 3507 vir
1124 3452 1216 3508 ille
1253 3451 1624 3522 justissimum
1678 3453 2040 3523 patrocinium

473 3552 690 3611 nactus,
725 3551 1025 3616 perpetuus
1069 3543 1175 3601 erit
1204 3543 1459 3600 beneﬁcii
1494 3558 1526 3599 a
1568 3554 1658 3599 tua
1706 3545 2041 3601 humanitate

471 3635 677 3706 accepti
702 3650 901 3707 praeco.

928 3785 1266 3843 EPISTOLA
1302 3785 1627 3843 CLXXIX“.

2773 1964 3103 2035 'A6ovpritp.

2217 2078 2451 2142 Πολλοὺς
2471 2073 2592 2133 οῖδα
2620 2079 2877 2143 πολλάκις
2903 2078 3177 2150 συστήσας
3204 2078 3271 2149 τῇ
3299 2074 3578 2147 τιμιότητί
3605 2089 3722 2139 σου,

2144 2168 2240 2224 καὶ
2266 2169 2556 2241 γενόμενος
2578 2170 2668 2224 ἐπὶ
2700 2171 2971 2243 μεγίστων
2994 2169 3201 2242 καιρῶν
3226 2171 3494 2240 χρήσιμος
3518 2167 3722 2228 ίκανῶς

2142 2263 2257 2327 τοῖς
2300 2254 2818 2334 καταπονουμένοις.
2845 2263 2920 2316 Οὐ
2953 2261 3057 2334 μὴν
3099 2260 3423 2333 τιμιώτερόν
3466 2276 3530 2329 γε
3574 2261 3720 2327 ἐμοὶ.

2144 2354 2255 2408 οὐδ’
2316 2355 2457 2426 ὑπὲρ
2524 2352 2785 2427 μειζόνων
2844 2354 3242 2426 ἀγωνιζόμενον
3285 2349 3402 2406 οἶδα
3457 2352 3724 2423 πρότερον

2145 2447 2522 2519 παραπέμψας
2566 2450 2634 2520 τῇ
2676 2445 2997 2519 κοσμιότητι
3058 2461 3151 2498 σου
3195 2444 3290 2498 τοῦ
3337 2443 3724 2498 ποθεινοτάτου

2145 2538 2263 2592 υίοῦ
2296 2538 2579 2603 Εὐσεϐίου,
2614 2539 2710 2593 τοῦ
2740 2538 2837 2593 νῦν
2862 2538 2961 2609 τὴν
2994 2536 3281 2609 ἐπιστολὴν
3308 2535 3515 2607 ταύτην
3547 2536 3724 2606 ἐγχει-

2150 2627 2388 2699 ρίζοντός
2429 2645 2510 2682 σοι
2556 2629 2688 2700 παρ’
2737 2627 2916 2700 ἡμῶν.
2951 2630 3046 2691 Ὃς
3093 2625 3322 2698 ποταπῷ
3363 2626 3464 2698 μὲν
3510 2625 3724 2696 συμπέ-

2147 2719 2376 2774 πλεκται
2426 2720 2733 2793 πράγματι,
2786 2719 2981 2784 αὐτὸς,
3022 2718 3089 2773 ἂν
3124 2718 3277 2790 τύχοι
3314 2718 3459 2781 τινος
3498 2716 3718 2791 καιροῦ,

2146 2809 2464 2880 διηγήσεταί
2512 2825 2607 2864 σου
2657 2811 2725 2882 τῇ
2782 2810 3103 2882 σεμνότητι*
3160 2807 3197 2863 ἀ
3250 2808 3307 2862 δὲ
3368 2808 3501 2881 παρ’
3563 2808 3725 2881 ἡμῶν

2146 2901 2403 2972 λεχθῆναι
2438 2900 2725 2974 προσῆκε,
2772 2901 2947 2957 ταῦτά
2994 2905 3137 2956 ὲστιο
3201 2901 3277 2974 μὴ
3331 2902 3725 2974 παρασυρῆναι

2142 2995 2234 3048 τὸν
2258 2994 2452 3067 ἄνδρα,
2483 2993 2617 3065 μηδὲ
2632 2993 2710 3065 τῷ
2738 2995 2966 3060 πολλοὺς
3003 2993 3301 3063 πεφηνέναι
3330 2994 3459 3057 τοὺς
3481 2994 3576 3047 ἐπὶ
3600 2994 3722 3058 ταῖς

2144 3084 2552 3158 χαλεπωτάταις
2611 3085 2688 3157 (9)
2743 3083 3005 3155 πράξεσιν
3054 3082 3381 3146 ἑαλωκότας,
3432 3083 3529 3136 καὶ
3557 3081 3721 3136 αὐτόν

2146 3196 2199 3230 τι
2235 3178 2333 3249 τῆς
2378 3177 2486 3232 τῶν
2517 3178 2726 3231 πολλῶν
2774 3179 3029 3240 ὑπονοίας
3081 3175 3531 3248 παραπολαῦσαι·
3583 3174 3719 3229 ἀλλά

2146 3272 2328 3343 τυχεῖν
2375 3270 2768 3343 δικαστηρίου,
2832 3271 2929 3324 καὶ
2980 3272 3060 3333 είς
3109 3268 3355 3336 ἐξέτασιν
3401 3266 3572 3323 αὑτοῦ
3626 3267 3718 3320 τὸν

2149 3362 2262 3433 βίον
2297 3362 2550 3433 ἀχθῆναι.
2594 3363 2796 3433 Ῥᾷστα
2843 3362 2952 3434 γὰρ
2990 3359 3132 3414 οῦτω
3174 3358 3269 3411 καὶ
3308 3360 3343 3429 ἡ
3384 3357 3717 3426 συκοθραντία

2148 3450 2361 3520 φανερὰ
2402 3453 2718 3522 γενήσεται,
2760 3452 2855 3506 καὶ
2884 3453 2913 3505 ὁ
2960 3451 3101 3523 ἀνὴρ
3152 3448 3331 3520 τυχὼν
3372 3453 3473 3520 τῆς
3513 3450 3717 3505 Simm-

2146 3545 2314 3616 τάτης
2340 3545 2672 3616 προστασίας
2702 3544 2877 3616 κήρυξ
2915 3544 3068 3598 ἔσται
3108 3543 3363 3616 διηνεκὴς
3404 3545 3514 3597 τῶν
3547 3544 3720 3615 ὑπηρ-

2145 3636 2362 3706 γμένων
2381 3635 2530 3707 αὑτῷ
2551 3635 2703 3707 παρά
2728 3636 2827 3707 τῆς
2852 3636 2949 3707 σῆς
2969 3635 3330 3707 ἡμερότητος.

2636 3789 2980 3844 ΕΠΙΣΤΟΛΗ
3015 3790 3178 3846 ΡΟΘ¹.

1187 3901 1495 3955 Commendat
1515 3899 1728 3952 Basilius
1749 3899 1990 3954 hominem
2009 3900 2149 3967 gravi
2173 3903 2415 3953 calumnia
2436 3901 2485 3954 in
2497 3901 2743 3970 judicium
2764 3914 2999 3955 vocatum.

1111 4014 1401 4070 Arinthteo.

542 4132 805 4189 Libertati
841 4130 1078 4185 amicum
1112 4135 1167 4184 te
1196 4142 1319 4185 esse
1364 4133 1419 4182 et
1462 4125 1859 4196 perhumanum
1906 4122 2042 4180 satis

471 4241 575 4282 nos
603 4225 802 4279 docent
820 4230 873 4277 et
897 4234 1162 4292 generosa
1193 4218 1429 4284 indoles,
1461 4224 1516 4272 et
1541 4216 1688 4287 quod
1713 4223 1765 4272 te
1791 4231 2042 4271 commu-

474 4332 597 4371 nem
632 4314 887 4370 omnibus
922 4312 1153 4383 praebes.
1191 4310 1538 4382 Quapropter
1585 4305 1815 4363 fidenter
1847 4307 2044 4377 depre-

474 4418 715 4471 catorem
746 4420 830 4459 me
859 4404 1073 4474 praebeo
1106 4416 1206 4473 pro
1236 4402 1356 4455 viro
1389 4415 1453 4455 ex
1487 4399 1648 4469 longa
1679 4398 1901 4469 quidem
1927 4413 2043 4452 ma-

470 4499 651 4569 jorum
684 4497 825 4551 serie
851 4495 1020 4558 claro,
1051 4492 1146 4547 sed
1178 4506 1275 4562 per
1305 4504 1365 4547 se
1394 4488 1591 4560 majori
1623 4488 1831 4543 honore
1860 4502 1924 4542 ac
1957 4502 2043 4541 re-

2778 4017 3092 4085 ’AptrOaltp.

2215 4129 2325 4183 Καὶ
2356 4127 2730 4202 φιλελεύθερόν
2769 4145 2828 4182 σε
2859 4126 2998 4183 εἶναι
3031 4128 3125 4183 καὶ
3164 4127 3548 4201 φιλάνθρωπον
3574 4130 3635 4185 τό
3658 4147 3714 4185 τε

2143 4218 2242 4289 τῆς
2268 4217 2483 4287 φύσεως
2511 4220 2729 4288 εὐγενὲς
2759 4219 2853 4274 καὶ
2879 4219 2941 4273 τὸ
2979 4219 3116 4291 πρὸς
3152 4219 3360 4285 πάντας
3407 4224 3717 4276 κοινωνικὸν

2147 4310 2346 4375 ίκανῶς
2372 4312 2520 4383 ἡμᾶς
2547 4311 2872 4368 ἐκδιδάσκει.
2916 4313 3009 4367 Διὸ
3036 4312 3382 4386 θαρρούντως
3412 4313 3525 4385 (10)
3581 4332 3714 4386 πρε-

2146 4400 2410 4473 σϐεύομεν
2464 4402 2607 4474 ὑπὲρ
2665 4403 2857 4476 ἀνδρὸς
2912 4403 3167 4478 λαμπροῦ
3227 4404 3327 4475 μὲν
3375 4405 3585 4461 ἄνωθεν
3625 4407 3716 4459 καὶ

2143 4492 2209 4544 ὲκ
2234 4492 2514 4563 προγόνων
2549 4492 2660 4562 (Η)
2687 4532 2702 4556 ,
2738 4492 2982 4557 πλείονος
3017 4494 3076 4547 δὲ
3103 4494 3172 4548 δι’
3210 4494 3401 4548 ἑαυτὸν
3435 4496 3600 4565 τιμῆς
3625 4497 3717 4549 καὶ

472 4554 716 4645 νοτοηιίο
757 4584 920 4655 digno
959 4585 1029 4638 ob
1063 4581 1283 4637 insitam
1323 4594 1538 4636 morum
1578 4579 1946 4644 suavitatem;
1981 4586 2042 4633 ut

2150 4554 2326 4644 αἰδοῦς
2353 4554 2509 4646 ἀξίου
2534 4554 2770 4654 eam
2800 4554 3209 4656 ἐνυπάρχουσαν
3246 4582 3395 4656 αὑτῷ
3438 4554 3717 4656 τίῦνντρό-

474 4696 598 4736 meo
640 4686 831 4747 rogatu
877 4690 1034 4746 Opem
1079 4674 1158 4730 illi
1196 4672 1340 4729 feras
1366 4712 1383 4737 ,
1430 4670 1699 4742 judicium
1748 4669 2043 4727 sustinenti

474 4772 591 4829 leve
613 4769 744 4826 illud
769 4766 986 4839 quidem
1021 4771 1074 4821 et
1106 4761 1592 4825 contemnendum,
1617 4761 1666 4817 si
1694 4761 1893 4818 veritas
1915 4774 2040 4831 ερας

543 4927 562 4949 ⁸
599 4923 748 4980 Alias
775 4919 1021 4978 CCCLX.
1057 4918 1271 4980 Scripta
1297 4931 1442 4972 anno
1468 4915 1595 4972 ⁸574.

551 4999 591 5018 “
616 4995 767 5049 Alias
804 4988 1152 5048 CCCLXXX.
1181 4983 1402 5057 Scripta
1432 4983 1726 5057 annos“.

554 5065 630 5137 (6)
666 5062 970 5137 Τυγχάνει.
1006 5060 1099 5137 Sic
1120 5074 1254 5137 mss.
1285 5053 1430 5137 dcto.
1462 5055 1601 5111 Editi
1628 5053 1938 5137 τυχχάνειν.

549 5125 624 5209 (ςιῖ
669 5125 976 5209 Ἀδέξίέρός.
1024 5130 1347 5209 ᾼιιιθηιιοηο
1383 5125 2045 5209 vocem-editi'appouunt

474 5194 654 5280 ήμῷν,
676 5194 1011 5280 Δψιθιξίίεξιὲει
1039 5203 1094 5255 in
1122 5199 1301 5280 tribus
1313 5195 1714 5280 vetustissimis
1741 5194 2041 5280 codicibus.

550 5262 652 5350 (8).
676 5262 1251 5350 Ἐπιᾷειχθήσξσθαι.
1285 5267 1363 5350 Ita
1396 5267 1543 5350 εμπ-1ε
1591 5264 1783 5350 codex.
1828 5262 2047 5350 cuinll'a-

479 5331 726 5402 vent'sex
755 5344 869 5408 alii,
899 5331 1177 5414 inquibus
1206 5340 1400 5409 legitur
1422 5334 1880 5406 ἐπιδειχθήσεται.
1911 5331 2045 5386 Edi-

479 5416 521 5470 ti
550 5414 972 5483 ἐπιδειχθῆναικ
1150 5481 1159 5483 ,
1347 5476 1358 5483 _
1561 5473 1581 5483 -
1639 5474 1653 5483 .
1754 5482 1758 5483 ν
1808 5472 1849 5483 ..

554 5485 630 5556 (9)
674 5470 1000 5556 Ἐπί-*ταῖς
1046 5476 1514 5556 χαλεπωτάταις.
1560 5473 1767 5556 Iudicat
1808 5470 2047 5556 Basilius

482 5542 794 5621 hoi'ribileui
827 5542 1343 5621 illam'tr'agtediam,
1378 5562 1501 5621 quae
1533 5542 1897 5621 s_ub__Y_alente
1922 5551 2044 5595 acta

480 5635 587 5688 est,
628 5615 750 5678 cuin
794 5615 1118 5690 deprehensi
1149 5615 1502 5690 luissent’qui
1542 5616 1611 5670 de
1639 5615 1792 5690 illius
1821 5627 2047 5690 succes-

482 5682 607 5748 sdre
636 5710 743 5761 ,ρος
790 5682 963 5745 sortes
1000 5688 1393 5761 inquisierant.
1428 5682 1600 5761 '_Tun_c
1650 5685 1884 5738 omnium
1936 5682 2046 5751 fere

480 5756 726 5819 ordinum
757 5760 1061 5821 multitudo,
1088 5756 1265 5826 quam
1309 5756 1622 5811 nominatim
1663 5769 1927 5826 recensere
1965 5763 2044 5806 est

484 5832 732 5897 arduum,
759 5830 935 5898 inquit
961 5825 1311 5892 Ammianus,
1342 5828 1396 5881 in
1427 5826 1612 5896 plagas
1645 5825 2037 5879 calumniarum

2144 4689 2264 4727 πων
2290 4674 2635 4746 ἡμερότητα·
2672 4674 2812 4728 ὥστε
2864 4693 2925 4729 σε
2976 4677 3396 4749 παρακληθέντα
3429 4678 3521 4746 ὑφ’
3560 4678 3718 4749 ἡμῶν

2145 4766 2490 4839 παραστῆναι
2516 4766 2664 4838 αὐτῷ
2691 4768 3077 4841 ἀγωνιζομένῳ
3096 4768 3252 4843 δίκην
3272 4810 3288 4835 ,
3318 4769 3419 4839 τῆς
3459 4769 3562 4841 μὲν
3589 4769 3720 4839 ἀλη-

2145 4918 2405 4987 ronjecta.
2445 4933 2807 4988 percussorum
2844 4918 3088 4973 dexteras
3125 4918 3393 5041 {aligeri},
3436 4920 3717 4971 tormentis

2145 4997 2194 5041 et
2236 4987 2445 5041 plumbo
2478 4997 2528 5041 et
2567 4988 2858 5041 verberibus
2895 4999 3015 5041 ante
3057 4989 3121 5041 de
3158 4990 3335 5041 ilitata
3368 5001 3387 5039 :
3417 4999 3717 5041 sumntum-

2145 4997 2194 5043 et
2235 4987 2453 5056 plumbo
2478 4997 2528 5043 et
2567 4988 2858 5042 verberibus
2895 4999 3015 5042 ante
3057 4987 3335 5043 debilitata
3368 5001 3387 5039 :
3417 4999 3717 5057 sumptum-

2146 5075 2242 5126 que
2267 5067 2342 5113 est
2371 5057 2773 5129 dequibusdam
2810 5059 2921 5112 sine
2959 5059 3280 5128 spiramento
3309 5056 3386 5112 vel
3414 5056 3566 5111 mora
3594 5073 3717 5125 sup-

2146 5130 2387 5199 plicium,
2415 5128 2540 5181 dum
2566 5129 2823 5199 quwritur
2861 5144 2930 5182 an
2962 5130 3102 5182 sumi
3134 5130 3377 5199 deberet:
3397 5136 3446 5182 et
3478 5136 3535 5179 ut
3559 5144 3716 5197 pecu-

2145 5196 2269 5252 dum
2302 5197 2490 5268 ubique
2520 5196 2807 5252 trucidatio
2832 5200 3163 5268 cernebatur.
3197 5196 3399 5268 Rerum
3424 5196 3719 5252 crudeliter

2146 5266 2419 5337 gestarum
2453 5270 2648 5323 seriem
2686 5276 2741 5321 et
2771 5266 2961 5321 modos
2979 5277 3250 5337 accurate
3279 5267 3546 5322 describit
3574 5269 3716 5321 idem

2146 5335 2383 5409 scriptor
2414 5338 2775 5409 librumc.
2818 5338 2934 5409 iet
2966 5335 3022 5409 2.
3064 5338 3257 5391 Merito
3285 5353 3414 5409 ergo
3446 5345 3607 5409 metu:
3632 5339 3718 5390 bat

2148 5406 2406 5479 Basilius.
2429 5424 2496 5463 ne
2519 5407 2605 5463 his
2642 5406 2931 5479 calumniis
2968 5407 3281 5479 implicatus
3306 5406 3586 5479 Eusebius
3622 5423 3715 5479 pa-

2146 5494 2265 5533 rum
2299 5478 2522 5533 haberet
2555 5480 2610 5532 in
2641 5492 2741 5532 sua
2774 5476 3089 5548 innocentia
3126 5477 3387 5548 praesidii.

2214 5549 2329 5629 ,(ίθ)
2371 5549 2769 5618 Θαρῤούντως.
2802 5545 2939 5604 Tres
2983 5545 3316 5604 recentiores
3348 5546 3570 5603 codices
3591 5546 3717 5618 θαρ-

2181 5635 2385 5683 ουντες.

2147 5621 2484 5760 ξοῖἶῖῗςὶίαί
2530 5687 2599 5742 ἐκ
2629 5686 2962 5760 προγόνων.
3017 5685 3352 5760 Conjunctio
3409 5685 3598 5742 addita
3649 5698 3717 5741 οι

2146 5758 2315 5814 Coisl.
2343 5761 2520 5829 primo
2556 5766 2613 5816 et
2651 5758 2800 5814 Harl.
