3948 6214
267 290 363 347 Gut

756 432 1099 486 ΕΠΙΣΤΟΛῙΙ
1132 434 1299 486 ΡΠΔ’.

1086 280 1583 351 εριδτοιΑιιυίῐ
1611 293 1896 354 οιιιεειδ
1935 291 1999 351 ιι.
2040 294 2259 357 EPIST.
2298 294 2627 351 CLXXXVI.

3395 290 3498 345 66?.

2364 428 2699 487 EPISTOLA
2735 425 3081 483 CLXXXIV'.

266 545 570 602 κυδιευιίιιηι
590 552 726 608 rogat
748 544 961 596 Basilius
984 552 1035 595 ut
1057 543 1276 610 quamvis
1299 543 1350 594 iu
1371 543 1675 653 defendegda
1697 541 1921 669 [Esaiam
1944 552 2202 658 occupalt‘u:
2223 544 2286 597 sit
2341 548 2406 596 ad
2431 560 2482 597 se
2505 552 2662 596 tamen
2684 539 2863 594 scribat
2882 579 2896 603 ,
2922 538 3106 606 quoties
3147 537 3334 601 poterit,
3358 540 3517 601 seque.

1546 619 1563 655 ι
1601 619 1677 655 em
1717 619 1774 655 ac
1856 619 1937 656 um
1956 620 2115 669 promi
2154 621 2170 658 ι
2195 647 2207 657 .

1546 619 1677 655 ιαεηι
1697 619 1937 669 moturum
1956 619 2207 670 promum.

460 714 801 778 Εὐσταθίῳ,
834 715 1146 778 ἐπισκόπῳ
1185 714 1472 783 Ἰμμεριας
1504 712 1638 783 (9.8).

335 819 500 887 Οἶδα,
550 823 633 875 ὅτι
684 823 1034 890 στυγνοποιὸν
1078 825 1309 894 πρᾶγμα
1357 826 1391 893 ἡ
1429 823 1698 895 ὀρφανία,
1739 823 1833 875 καὶ

269 913 633 983 πολυάσχολον
654 953 669 977 ,
712 913 800 966 διὰ
827 914 889 966 τὸ
914 914 1148 986 ἐρημίαν
1175 915 1400 982 ἐπάγειν
1426 914 1535 967 τῶν
1567 913 1836 986 προεστώ-

262 1023 393 1058 των.
439 1005 603 1059 Ὅθεν
655 1004 943 1074 λογίζομαι
986 1006 1083 1059 καὶ
1118 1006 1217 1076 τὴν
1258 1005 1356 1077 σὴν
1406 1006 1687 1060 εὐλάϐειαν
1716 1008 1835 1062 ἐπι-

264 1096 668 1165 στυγνάξουσαν
692 1099 806 1158 τοῖς
830 1095 1201 1166 συμϐεϐηκόσι
1227 1096 1301 1167 μὴ
1324 1096 1659 1150 ἐπιστέλλειν
1681 1098 1830 1166 ἡμῖν,

261 1187 360 1239 καὶ⁴
394 1184 531 1256 όμοῦ
580 1186 640 1238 ἐν
690 1185 894 1238 πλείονι
932 1183 1072 1239 εἶναι
1128 1185 1224 1240 νῦν
1274 1187 1541 1259 ἀσχολίᾳ,
1584 1187 1835 1257 περιτρέ-

261 1292 381 1345 χειν
413 1274 526 1345 (29)
558 1274 627 1328 τὰ
672 1274 766 1327 τοῦ
798 1274 1031 1345 Χριστοῦ
1076 1275 1333 1347 ποίμνια,
1362 1276 1449 1331 διὰ
1481 1278 1580 1348 τὴν
1626 1294 1832 1331 παντα-

261 1365 420 1437 χόθεν
448 1366 556 1419 τῶν
591 1366 801 1436 ἐχθρῶν
832 1366 1216 1421 ἐπανάστασιν.
1262 1367 1400 1420 Ἀλλ’
1441 1369 1625 1439 ἐπειδὴ
1654 1369 1833 1440 πάσης

261 1455 440 1527 λύπης
466 1457 777 1528 παρηγορία
810 1458 842 1526 ἡ
875 1457 1009 1527 πρὸς
1035 1460 1161 1520 τοὺς
1197 1459 1502 1531 όμοψύχους
1535 1462 1682 1513 ἐστὶν
1715 1463 1835 1532 ὀμι-

262 1544 385 1608 λία,
424 1545 714 1611 καταξίου,
753 1546 941 1610 ὁσάκις
970 1545 1036 1600 ἂν
1080 1547 1303 1601 δυνατόν
1336 1567 1449 1616 σοι,
1498 1551 1832 1606 ἐπιστέλλειν

262 1637 428 1707 ἡμῖν,
462 1639 555 1689 καὶ
595 1637 756 1700 αὑτός
789 1655 846 1690 τε
880 1638 1251 1693 ἀναπαύεσθαι
1285 1642 1343 1693 ἐν
1377 1640 1456 1715 τῷ
1503 1644 1833 1713 φθέγγεσθαι

262 1728 402 1803 πρὸς
453 1730 635 1803 ἡμᾶς,
686 1729 780 1782 καὶ
826 1730 973 1799 ἡμᾶς
1027 1734 1360 1806 παρηγορεῖν
1411 1739 1467 1790 ἐν
1499 1736 1577 1808 τῷ
1617 1738 1832 1808 μεταδι-

259 1823 409 1878 δόναι
470 1822 601 1896 ἡμῖν
649 1820 757 1878 τῶν
798 1821 1026 1879 σεαυτοῦ
1079 1828 1360 1899 ῥημάτων.
1416 1829 1586 1882 Τοῦτο
1635 1830 1691 1884 δὲ
1739 1832 1834 1885 καὶ

260 1916 426 1985 ἡμεῖς
458 1917 828 1987 σπουδάσομεν
866 1919 1123 1988 ποιῆσαι,
1172 1920 1361 1983 ὁσάκις
1391 1920 1457 1974 ἂν
1485 1923 1615 1992 ἡμῖν
1648 1921 1834 1993 ἐνδιδῷ

258 2007 327 2058 τά
362 2007 688 2080 πράγματα.
723 2008 898 2080 Εΰχου
945 2009 1003 2062 δὲ
1054 2010 1150 2063 καὶ
1191 2011 1354 2076 αὐτὸς
1387 2017 1480 2066 καὶ
1512 2016 1691 2068 πᾶσαν
1734 2015 1834 2085 τὴν

259 2097 599 2169 ἀδελφότητα
646 2098 1026 2169 παρακάλεσον
1079 2100 1380 2165 σπουδαίως
1431 2103 1700 2156 δυσωπεῖν
1742 2104 1833 2158 τὸν

259 2182 468 2256 Κύριον
486 2225 500 2249 ,
528 2185 616 2239 ἵνα
641 2185 790 2259 δείξῃ
830 2188 962 2241 ποτὲ
990 2189 1121 2259 ἡμῖν
1163 2187 1315 2243 λύσιν
1340 2192 1439 2263 τῆς
1474 2193 1832 2266 περιεχούσης

257 2276 291 2344 ἡ
300 2276 409 2344 μᾶς
448 2276 767 2349 κατηφείας.

752 2434 1100 2491 ΕΠίΣΤΟΛΗ
1136 2440 1284 2492 PHE’

1863 717 1911 772 A

2254 715 2556 781 Eustatmo,
2592 715 2897 769 uimmeriw
2924 713 3184 782 episcopo.

2010 827 2137 883 Scio
2179 844 2292 884 rem
2332 831 2712 899 permolestam
2742 843 2865 884 esse
2893 827 3181 880 orbitatem
3231 837 3295 876 ac
3334 835 3501 891 nego-

1939 920 2158 987 tiosam,
2186 935 2253 974 eo
2287 921 2433 990 quod
2463 919 2815 977 solitudinem
2843 933 2875 972 a
2904 916 3216 988 praepositis
3249 912 3497 967 inducat.

1943 1010 2095 1065 Unde
2140 1012 2375 1067 arbitror
2417 1018 2569 1066 tuam
2616 1025 2832 1082 quoque
2883 1011 3136 1080 pietatem
3180 1007 3247 1060 de
3275 1005 3342 1060 iis
3379 1016 3501 1073 quae

1939 1103 2257 1159 acciderunt
2286 1105 2734 1175 ingemiscentem
2770 1103 2839 1158 ad
2875 1118 2962 1157 me
2993 1118 3104 1157 non
3132 1098 3408 1159 scribere,
3446 1103 3501 1150 et

1938 1193 2104 1248 simul
2130 1208 2279 1248 nunc
2311 1194 2558 1263 pluribus
2587 1193 2821 1263 negotiis
2833 1189 3109 1267 .occupari
3137 1227 3151 1249 ,
3180 1200 3245 1239 ac
3269 1184 3500 1238 circum-

1938 1300 2162 1340 cursare
2189 1283 2396 1339 Christi
2421 1285 2604 1346 ovilia,
2646 1284 2716 1338 ob
2747 1282 2986 1339 hostium
3011 1278 3293 1335 undelibet
3316 1276 3503 1330 insur-

1938 1378 2179 1447 gentium
2209 1378 2494 1449 impetum.
2547 1376 2651 1433 Sed
2688 1380 2813 1448 quia
2851 1375 3028 1429 omnis
3062 1371 3314 1428 maeroris
3357 1367 3501 1422 sola-

1936 1468 2074 1523 tium
2104 1476 2189 1524 est
2229 1484 2355 1524 cum
2391 1469 2664 1524 unanimis
2712 1466 3042 1535 colloquium
3068 1503 3083 1527 ,
3119 1462 3207 1516 {ac
3233 1500 3248 1525 ,
3287 1458 3501 1529 quoties

1939 1562 2179 1632 poteris,
2210 1561 2279 1616 ad
2310 1576 2396 1615 me
2433 1559 2679 1625 scribas,
2714 1574 2780 1613 ac
2812 1557 3098 1612 nobiscum
3138 1549 3502 1622 eolloqueudo

1939 1662 1993 1707 et
2027 1654 2145 1724 ipse
2171 1653 2494 1724 acquiescas
2519 1692 2535 1715 ,
2569 1663 2625 1708 et
2652 1666 2756 1708 nos
2784 1650 2965 1704 verbis
2992 1647 3101 1702 tuis
3142 1642 3503 1715 impertienda

1938 1745 2260 1800 consoleris.
2295 1744 2455 1816 267
2482 1743 2626 1797 Idem
2657 1749 2711 1796 et
2743 1756 2842 1811 ego
2870 1738 3050 1794 facere
3080 1735 3333 1798 studcbo,
3367 1748 3504 1801 quo-

1942 1840 2043 1894 ties
2075 1838 2211 1891 mihi
2251 1852 2349 1907 per
2381 1837 2595 1906 negotia
2628 1836 2867 1890 licuerit.
2901 1831 3042 1886 Tute
3072 1838 3252 1885 autem
3291 1838 3345 1882 et
3387 1827 3504 1898 ipse

1940 1946 2161 2001 precare
2211 1945 2277 1984 ac
2331 1929 2528 1984 fratres
2573 1943 2764 1984 omnes
2786 1927 3048 1989 hortare,
3104 1921 3394 1977 Dominum
3446 1927 3505 1972 ut

1940 2023 2129 2078 sedulo
2152 2030 2401 2087 exorent,
2433 2031 2493 2076 ut
2532 2020 2752 2075 tandem
2777 2034 2809 2074 a
2839 2018 3234 2074 circumstante
3261 2028 3363 2068 nos
3404 2012 3504 2065 tri-

1940 2117 2090 2172 stitia
2118 2115 2336 2170 liberet.

2390 2436 2724 2493 EPISTOLA
2751 2432 3098 2492 CLXXXV“.

449 2550 597 2620 Baqat
621 2548 918 2599 Theodotum
954 2550 1165 2602 Basilius
1192 2567 1249 2603 ne
1274 2552 1457 2606 oblatas
1478 2553 1723 2607 scribendi
1745 2555 2018 2608 occasiones
2039 2554 2225 2607 omittat
2245 2568 2264 2605 :
2291 2559 2519 2619 precatur
2542 2559 2594 2603 ut
2614 2549 2708 2603 sibi
2731 2563 2842 2602 eum
2872 2547 3036 2600 videre
3063 2544 3320 2612 contingat.

575 2662 836 2728 Θεοδότῳ
862 2703 878 2727 ,
920 2664 1230 2731 ἐπισκόπῳ
1262 2669 1525 2736 Βεροίας.

331 2772 495 2837 Οἶδα,
549 2776 660 2839 ὅτι,
692 2778 741 2828 εί
786 2777 881 2830 καὶ
920 2776 994 2847 μὴ
1033 2778 1372 2842 ἐπιστέλλεις
1417 2781 1551 2850 ἡμῖν
1575 2819 1589 2843 ,
1623 2780 1739 2834 ἀλλ’
1778 2782 1835 2834 ἐν

262 2870 325 2937 τῇ
357 2867 559 2937 καρδίᾳ
606 2885 699 2921 σου
736 2867 969 2938 ὑπάρχει
1002 2870 1035 2940 ή
1078 2871 1268 2941 μνήμη
1304 2870 1483 2941 ἡμῶν.
1521 2871 1632 2926 Καὶ
1683 2872 1839 2925 τοῦτο

263 2959 669 3030 τεκμαίρομαι,
720 2960 817 3030 οὐχ
847 2961 929 3014 ὃτι
971 2960 1133 3025 αὐτὸς
1177 2960 1326 3028 ἄξιός
1366 2964 1481 3033 εἰμι
1519 2964 1736 3033 μνήμης
1761 2979 1841 3014 τι-

262 3051 349 3114 νὸς
380 3051 565 3116 δεξιᾶς
591 3092 604 3113 ,
640 3050 754 3105 ἀλλ’
800 3053 884 3105 ὅτι
913 3055 945 3122 ἡ
996 3052 1064 3124 σὴ
1111 3052 1258 3123 ψυχὴ
1292 3052 1511 3107 πλουτεῖ
1549 3057 1605 3107 ἐν
1640 3057 1706 3125 τῇ
1740 3053 1838 3124 τῆς

262 3141 485 3213 ἀγάπης
520 3143 807 3213 περιουσίᾳ
855 3142 999 3214 [μὴν
1030 3143 1145 3196 ἀλλ’
1171 3145 1294 3198 ὅσον
1322 3144 1550 3198 δυνατόν
1585 3162 1688 3208 σοι,
1721 3145 1838 3207 ταῖς

262 3229 781 3303 παρεμπιπτούσαις
805 3231 1109 3302 προφάσεσι
1136 3231 1377 3303 κέχρησο
1400 3235 1480 3295 είς
1504 3232 1566 3285 τὸ
1592 3231 1838 3285 ἐπιστέλ-

262 3321 371 3376 λειν
406 3325 540 3393 ἡμῖν
564 3363 579 3385 ,
612 3323 700 3376 ἵνα
744 3324 838 3375 καὶ
884 3325 1046 3392 ἡμεῖς
1083 3322 1282 3393 μᾶλλον
1326 3321 1652 3392 εὐψυχῶμεν
1704 3339 1837 3391 μαν-

2320 2660 2606 2724 Theodoto,
2631 2658 2868 2728 episcopo
2896 2654 3113 2710 Berwat.

2003 2775 2327 2847 Quanquam
2361 2774 2427 2830 ad
2460 2789 2562 2828 nos
2590 2788 2699 2826 non
2733 2770 2951 2831 scribis,
2986 2768 3101 2824 scio
3124 2774 3305 2821 tamen
3329 2765 3502 2820 nostri

1934 2870 2252 2924 memoriam
2282 2877 2379 2921 tuo
2400 2864 2607 2938 pectori
2628 2864 2886 2919 insidere.
2910 2860 3027 2916 Hoc
3044 2868 3222 2914 autem
3243 2856 3499 2927 conjicio,

1934 2977 2044 3017 non
2077 2960 2225 3033 quod
2275 2961 2394 3031 ipse
2430 2957 2676 3014 ofﬁciosa
2724 2955 2836 3009 ulla
2883 2951 3267 3008 recordatione
3302 2948 3502 3018 dignus

1935 3054 2062 3117 sim,
2098 3053 2195 3108 sed
2225 3051 2371 3123 quod
2404 3050 2587 3104 anima
2621 3059 2715 3103 tua
2741 3046 3030 3101 charitatis
3055 3044 3214 3113 copia
3243 3042 3499 3098 ditescat.

1936 3143 2041 3200 Sed
2073 3152 2256 3199 tamen
2282 3182 2297 3205 ,
2328 3149 2593 3213 quantum
2639 3139 2694 3192 in
2742 3146 2796 3191 te
2824 3137 2927 3191 erit
2947 3173 2965 3198 ς,
2998 3131 3382 3188 occasionibus
3410 3145 3505 3184 oc-

1932 3236 2284 3292 currentibus
2330 3212 2598 3288 uterewad
2632 3229 2926 3285 mittendas
2960 3226 3121 3282 nobis
3166 3225 3411 3289 litteras;
3444 3229 3505 3278 ut

1932 3335 1987 3384 et
2012 3341 2117 3382 nos
2148 3325 2372 3381 meliore
2397 3324 2584 3379 animo
2612 3322 2785 3377 simus
2810 3328 3119 3375 vestrarum
3150 3329 3329 3371 rerum
3373 3313 3503 3369 facti

265 3414 517 3477 θάνοντες
543 3414 610 3467 τά
665 3415 795 3485 περὶ
835 3416 864 3466 ὑ
874 3414 986 3484 μῶν
1004 3454 1018 3477 ,
1068 3414 1163 3467 καὶ
1192 3414 1443 3485 ἀφορμὴν
1467 3413 1834 3485 λαμϐάνωμεν

1943 3417 2222 3481 certiores,
2247 3424 2302 3471 et
2324 3414 2425 3486 ipsi
2451 3414 2615 3468 etiam
2641 3414 2989 3468 occasionem
3012 3416 3325 3463 nostrarum
3348 3405 3504 3461 vobis

264 3508 340 3570 εἰς
369 3508 433 3560 τὸ
472 3507 562 3560 καὶ
591 3507 744 3560 αὐτοὶ
784 3505 1065 3576 σημαίνειν
1098 3507 1225 3577 ὑμῖν
1262 3506 1331 3559 τὰ
1360 3505 1620 3577 ἡμέτερα.
1664 3499 1831 3570 Οὗτος

264 3601 370 3670 γάρ
436 3600 583 3652 ἐστιν
642 3601 670 3653 ό
730 3598 930 3670 τρόπος
989 3598 1087 3667 τῆς
1145 3596 1362 3668 όμιλίας
1414 3599 1526 3660 τοῖς
1581 3597 1831 3650 τοσοῦτον

263 3694 666 3765 διεζευγμένοις
690 3693 801 3761 (50)
830 3692 907 3763 τῷ
941 3690 1300 3762 σώματι,ὁδι“
1322 3690 1636 3753 ἐπιστολῶν,
1669 3684 1729 3745 οὗ
1755 3691 1829 3762 μὴ

265 3786 654 3857 ἀποστερῶμεν
689 3784 952 3856 ἀλλήλους
970 3826 984 3847 ,
1025 3782 1255 3835 καθόσον
1284 3782 1348 3836 ἂν
1377 3782 1560 3853 ἐνδιδῷ
1594 3782 1662 3834 τὰ
1692 3783 1832 3854 πρά-

266 3895 470 3948 γματα.
506 3877 783 3949 Παράσχοι
827 3875 883 3929 δὲ
929 3877 958 3928 ὁ
998 3873 1201 3945 Κύριος
1228 3873 1324 3927 καὶ
1346 3873 1445 3944 τὴν
1489 3872 1609 3926 κατ’
1635 3870 1831 3940 ὀφθαλ-

271 3970 402 4040 μοὺς
429 3971 564 4039 ἡμῖν
593 3968 880 4038 συντυχίαν
905 4007 919 4027 ,
960 3965 1048 4020 ἵνα
1082 3966 1177 4018 καὶ
1202 3967 1302 4037 τὴν
1340 3965 1560 4034 ἀγάπην
1588 3964 1837 4030 αὐξήσω-

270 4077 399 4129 μεν,
438 4061 534 4113 καὶ
575 4059 673 4130 τὴν
705 4061 786 4123 είς
828 4058 920 4111 τὸν
957 4056 1232 4127 Δεσπότην
1278 4056 1437 4128 ἡμῶν
1484 4055 1832 4127 εὐχαριστίαν

268 4147 681 4220 πλεονάσωμεν.
722 4148 817 4202 ἐπὶ
849 4147 1058 4219 μείζοσι
1082 4149 1202 4211 ταῖς
1228 4149 1360 4220 παρ’
1392 4145 1557 4200 αὑτοῦ
1580 4146 1828 4218 δωρεαῖς.

762 4301 1105 4354 EHIETOAH
1139 4302 1327 4368 an'.

1936 3508 2420 3580 signiﬁcandarum
2453 3504 2809 3576 accipiamus.
2840 3501 2973 3556 Nam
3022 3500 3113 3554 hic
3156 3495 3501 3568 colloquendi

1935 3601 2129 3658 modus
2155 3608 2241 3657 est
2266 3600 2354 3655 his
2386 3599 2480 3669 qui
2512 3613 2743 3668 corpore
2772 3596 2909 3652 adeo
2929 3592 3192 3663 disiuncti
3231 3598 3383 3654 sunt,
3409 3605 3504 3659 per

1935 3693 2144 3749 litteras
2171 3691 2454 3757 videlicet;
2490 3705 2598 3763 quo
2621 3688 2842 3759 quidem
2866 3702 2967 3742 nos
3002 3685 3234 3740 invicem
3266 3696 3378 3737 non
3407 3681 3504 3736 de-

1935 3776 2275 3842 Iraudemus,
2298 3785 2562 3848 quantum
2590 3790 2689 3846 per
2710 3774 2926 3847 negotia
2950 3774 3186 3829 licuerit.
3214 3771 3504 3842 Largiatur

1938 3877 2120 3925 autem
2159 3868 2444 3934 Dominus,
2483 3878 2542 3926 ut
2571 3884 2756 3924 coram
2786 3870 2949 3924 etiam
2982 3869 3125 3923 inter
3154 3881 3258 3922 nos
3276 3878 3505 3934 congre-

1939 3963 2185 4030 diamur;
2216 3978 2328 4034 quo
2357 3973 2412 4020 et
2445 3978 2742 4034 augeamus
2767 3961 3088 4018 charitatem
3122 4000 3137 4024 ,
3175 3966 3230 4014 et
3272 3956 3504 4011 Domino

1938 4063 2128 4111 nostro
2155 4055 2455 4125 gratiarum
2477 4054 2747 4109 actionem
2767 4053 2837 4107 ob
2854 4050 3062 4116 majora
3089 4049 3160 4104 ab
3187 4062 3253 4104 eo
3280 4056 3504 4111 accepta

1937 4145 2080 4201 dona
2111 4145 2560 4215 multiplicemus.
2795 4154 2804 4164 ‘

2358 4296 2694 4353 EPISTOLA
2727 4295 3117 4353 CLXXXVI“.

628 4415 811 4469 Festive
830 4415 1100 4483 gratulatur
1121 4415 1327 4482 prwsidi
1352 4413 1581 4475 Basilius,
1606 4416 1734 4481 quod
1754 4429 1865 4469 eum
1895 4416 2088 4468 crambe
2103 4423 2236 4468 aceto
2254 4414 2449 4467 condita
2470 4413 2676 4478 pristino
2699 4411 2856 4479 vigori
2880 4386 3156 4464 restituerit.

730 4519 1089 4589 Ἀντιπάτρῳ
1119 4521 1384 4590 ἡγεμόνι.

347 4617 435 4680 Ὠς
465 4615 606 4685 καλὴ
635 4617 669 4685 ἡ
715 4613 1003 4684 φιλοσοφία
1022 4654 1036 4673 ,
1066 4613 1137 4666 τά
1175 4630 1236 4666 τε
1274 4612 1407 4666 ἄλλα
1426 4654 1441 4679 ,
1477 4615 1568 4667 καὶ
1605 4615 1686 4667 ὃτι
1715 4612 1832 4666 οὐδὲ

2445 4522 2727 4591 Antipatro
2756 4516 2993 4589 prwsidi.

2008 4611 2183 4680 Quam
2216 4613 2443 4684 pulchra
2470 4620 2555 4669 est
2581 4603 2944 4684 philosophia,
2974 4623 3100 4665 cum
3128 4607 3199 4663 ob
3232 4606 3358 4672 alia,
3390 4614 3503 4660 tum

272 4707 612 4781 ἰατρεύεσθαι
648 4704 955 4769 πολυτελῶς
991 4707 1104 4769 τοῖς
1158 4708 1443 4777 τροφίμοις
1499 4706 1673 4775 αὐτῆς
1720 4707 1836 4759 ἐπι-

1943 4705 2070 4775 quia
2098 4704 2215 4760 suis
2262 4704 2501 4760 alumnis
2536 4720 2603 4759 ue
2643 4703 2828 4758 curari
2856 4700 3080 4773 quidem
3113 4698 3328 4770 magnis
3355 4712 3506 4753 sum-

270 4804 457 4876 τρέπει
481 4820 495 4833 ·
525 4800 659 4856 ἀλλὰ
687 4801 749 4855 τὸ
775 4800 907 4854 αὐτὸ
936 4799 1029 4852 καὶ
1056 4799 1183 4870 ὄψον
1210 4800 1329 4853 ἐστὶ
1368 4800 1497 4870 παρ’
1536 4800 1671 4871 αὐτῇ
1694 4838 1709 4863 ,
1740 4801 1833 4853 καὶ

270 4896 405 4968 πρὸς
436 4895 647 4964 ὑγίειαν
671 4892 780 4963 (Si)
813 4893 993 4963 ἀρκεῖ.
1016 4891 1127 4955 Τάς
1152 4893 1260 4963 γάρ
1284 4908 1365 4943 τοι
1390 4889 1596 4961 ὀρέξεις
1626 4892 1835 4944 ἀποκα-

275 4984 501 5055 μούσας,
523 4983 598 5045 ὡς
624 4981 926 5052 ἐπυθόμην,
958 4979 1235 5052 κράμϐαις
1260 4981 1318 5033 ἐν
1350 4980 1460 5046 όξει
1507 4979 1837 5051 ταριχευθεί-

275 5092 393 5139 σαις
418 5073 751 5128 ἀνεκαλέσω·
787 5071 853 5136 ἃς
897 5070 1007 5141 ἐγὼ
1039 5072 1302 5144 πρότερον
1338 5072 1438 5142 μὲν
1463 5070 1835 5142 ἐδυσχέραινον

221 5173 233 5184 ’
275 5165 366 5218 καὶ
401 5166 491 5219 διὰ
515 5163 612 5235 τὴν
652 5164 969 5234 παροιμίαν,
999 5163 1093 5216 καὶ
1118 5163 1200 5215 ὅτι
1235 5161 1534 5232 ὑπόμνημα
1565 5156 1705 5232 ἦσαν
1735 5161 1836 5230 τῆς

276 5255 571 5327 συντρόφου
619 5254 809 5317 πενίας
831 5268 845 5281 '
894 5253 990 5306 νῦν
1028 5253 1084 5305 δέ
1135 5269 1226 5323 μοι
1274 5252 1416 5305 δοκῶ
1465 5253 1559 5305 καὶ
1603 5252 1838 5322 ἐμαυτὸν

254 5380 270 5437 ε
341 5383 453 5448 (28)
495 5383 799 5453 Ἰμμερίας.
835 5371 997 5438 Cois].
1022 5382 1373 5453 secunduset
1402 5379 1536 5451 Reg.
1561 5382 1836 5438 secundus

286 5450 582 5523 Ἐμέρεωςξ
603 5450 764 5508 Deest
786 5468 850 5508 ea
885 5469 985 5523 vox
1015 5454 1067 5507 in
1092 5453 1277 5506 codice
1306 5450 1607 5523 Harlaaano.

347 5471 413 5523 με
454 5471 572 5515 εως.
603 5471 764 5508 UCBSI
786 5471 850 5508 ea
885 5471 985 5507 VOX
1015 5471 1067 5507 Ill
1092 5471 1277 5506 COUICC
1307 5471 1607 5506 nartasano.

346 5471 470 5595 (2991
489 5523 880 5595 Περιτρέχειν.
930 5522 1098 5595 Coisl.
1144 5523 1355 5591 primus
1384 5530 1439 5577 et
1476 5520 1616 5577 Med.
1657 5521 1837 5595 περιὲ-

278 5608 417 5664 πειν.
449 5591 1122 5664 Ιλθεοιιόυιιιξπεριτρέχειν
1158 5609 1238 5644 τε.

345 5663 458 5731 (50)
477 5660 928 5733 Διεζευγμένοὶς,
947 5660 1190 5733 ίδὶο-ιτεε
1225 5661 1581 5733 vetustissimi
1616 5660 1835 5718 codices

278 5730 399 5786 cum
441 5730 855 5803 pluribusvaliis.
890 5731 1034 5787 Edili
1059 5730 1548 5802 διαζευγνυμένοις.

1938 4795 2124 4866 ptibus
2140 4795 2292 4858 sinit,
2319 4795 2413 4850 sed
2430 4795 2617 4850 eadem
2647 4810 2734 4850 res
2763 4792 2905 4863 apud
2931 4792 3103 4863 ipsam
3133 4796 3188 4845 et
3216 4788 3506 4860 opsonium

1941 4896 2045 4954 est,
2079 4895 2133 4944 et
2167 4888 2236 4943 ad
2264 4889 2552 4943 sanitatem
2579 4886 2777 4944 sufﬁcit
2804 4886 2817 4938 l
2854 4884 3011 4954 Nam,
3041 4882 3403 4959 appetentiam
3428 4880 3507 4934 ci-

1941 4978 2138 5033 borum
2156 4978 2268 5048 jam
2297 4980 2522 5046 lassam,
2546 4986 2605 5034 ut
2630 4977 2834 5041 audivi,
2860 4976 3079 5031 crambe
3108 4980 3264 5029 aceto
3286 4972 3506 5028 condita

1940 5069 2214 5126 revocasti
2249 5089 2263 5125 :
2295 5086 2458 5141 quam
2496 5083 2596 5141 ego
2623 5070 2774 5140 prius
2806 5067 3026 5138 quidem
3066 5079 3212 5135 aegre
3237 5063 3503 5124 ferebam,

1941 5171 2059 5217 tum
2087 5162 2159 5217 ob
2188 5162 2538 5232 proverbium
2564 5202 2578 5225 ,
2607 5169 2723 5215 tum
2754 5160 2883 5231 quia
2915 5160 3169 5215 comitem
3203 5165 3505 5230 pauperta-

1941 5261 2052 5308 tem
2084 5252 2217 5308 mihi
2243 5253 2300 5320 in
2326 5251 2642 5308 memoriam
2672 5251 2984 5307 revocabat.
3017 5249 3175 5305 Nunc
3215 5263 3347 5306 vero
3370 5246 3503 5303 mihi

1944 5458 1958 5475 ο
2009 5387 2121 5475 (ξι)
2159 5387 2316 5456 Πρὸς
2348 5388 2596 5457 ὑγίειαν.
2652 5384 2792 5440 Med.
2824 5395 2879 5440 et
2922 5385 3016 5440 alii
3059 5385 3312 5441 nonnulli
3371 5385 3506 5449 ποὺς

1935 5458 2142 5529 ὑγείαν.

2010 5527 2209 5609 ﬁlias
2229 5523 2449 5609 0993‘}.
2483 5524 2699 5609 §cripta
2729 5539 2872 5606 anno
2900 5524 3024 5579 574.

2013 5600 2054 5622 “
2077 5598 2231 5652 Alias
2255 5593 2704 5666 CCCX._7Scripta
2732 5595 2880 5649 circa
2906 5610 2994 5651 an.
3028 5595 3132 5650 574

2010 5671 2072 5693 ""
2110 5668 2259 5725 Alias
2290 5664 2515 5723 CCXIII.
2555 5662 2772 5736 scripta
2801 5668 2949 5723 circa
2969 5681 3060 5721 an.
3094 5664 3221 5721 575.
