3948 6214
395 351 502 408 6’63

1746 349 1804 406 S.
1843 348 2090 404 BASlLll
2129 348 2346 404 MAGM

3552 344 3656 402 664

392 467 582 520 videor
611 473 666 522 et
699 467 1028 523 sententiam
1049 477 1286 532 mutare,
1316 477 1370 524 et
1392 469 1742 540 proverbium
1765 472 1966 536 ridere,

2080 473 2421 544 μεταπείσειν
2445 471 2578 543 (32),
2609 472 2702 526 xui.
2725 473 2825 543 τῆς
2851 471 3147 545 παροιμίας
3171 469 3655 540 καταγελάσεσθαι,

392 560 584 614 videns
631 567 744 614 tam
786 562 1041 616 eximiam
1066 562 1370 632 juventutis
1399 562 1693 628 nutricem,
1723 580 1842 634 qua:
1873 580 1968 620 no-

392 659 568 705 strum
599 652 888 722 praesidem
924 654 1157 724 pristino
1190 655 1362 725 vigori
1388 656 1645 711 restituit.
1680 655 1788 712 Nec
1806 658 1967 727 quid-

391 756 557 813 quam
587 743 699 812 jam
730 760 842 813 pra:
869 746 961 798 illa
1006 747 1324 801 mstimabo:
1374 763 1486 801 non
1533 747 1696 802 modo
1744 745 1966 802 Homeri

395 835 602 900 lotum,
628 836 722 891 sed
752 852 820 891 ne
854 838 1002 892 illam
1032 839 1252 908 quidem
1284 840 1650 903 ambrosiam,
1697 855 1960 910 quaecun-

316 951 320 955 -
395 941 501 996 que
530 927 749 984 tandem
779 927 967 997 fuerit,
990 945 1114 1001 quae
1143 931 1394 988 caelestes
1428 933 1754 989 exsatiabat.

804 1063 1142 1122 EPISTOLA
1180 1066 1555 1124 CLXXXVII‘.

2072 564 2217 635 ὁρῶν
2261 564 2432 634 αὐτὴν
2472 561 2646 626 οὓτως
2680 561 2892 634 ἀγαθὴν
2936 561 3331 634 κουροτρόφον,
3365 563 3399 632 ἡ
3430 561 3520 612 τὸν
3554 561 3649 629 ἄρα

2079 674 2244 728 χοντα
2270 660 2303 728 ὴ
2315 657 2432 728 μῶν
2474 659 2554 720 εἰς
2583 657 2768 727 ἀκμὴν
2813 656 3149 726 ἐπανήγαγε.
3188 656 3297 708 Καὶ
3328 653 3481 707 οὐδὲν
3518 649 3655 707 εἶναι

2076 751 2170 804 τοῦ
2229 747 2416 803 λοιποῦ
2469 751 2590 803 κατ’
2643 749 2814 818 αὐτὴν
2865 749 3179 818 ἡγήσομαι,
3234 747 3332 815 οὐχ
3367 747 3515 808 ὅπως
3565 745 3655 797 τὸν

2089 843 2388 915 Ὁμηρικὸν
2408 841 2576 896 λωτὸν
2597 883 2612 908 ,
2642 841 2758 895 ἀλλ’
2795 841 2917 894 οὐδὲ
2947 841 3045 910 τὴν
3078 839 3380 912 ἀμϐροσίαν
3418 838 3649 906 ἐκείνην,

2079 934 2201 1005 ἣτις
2235 936 2355 987 ποτ’
2384 934 2492 1005 ἄρα
2515 929 2604 1006 ἦν,
2639 935 2672 1004 ή
2707 933 2834 997 τοὺς
2875 931 3198 1004 Ὀλυμπίους
3226 929 3582 1002 χορτάζονσα.

2574 1070 2916 1124 ΕΠΙΣΤΟΛΗ
2948 1071 3117 1123 ΡΠΖ¹.

1428 1185 1700 1250 Respondet
1717 1200 1901 1252 pra'sos
1925 1193 2169 1254 peracuta
2197 1185 2372 1238 Basilii
2393 1184 2624 1252 epistolw.

917 1260 1197 1364 Antipater
1214 1295 1442 1351 Basilio.

457 1407 552 1466 Bis
579 1410 800 1467 crambe
841 1427 1015 1477 mors,
1049 1411 1127 1464 ait
1159 1411 1406 1466 invidum
1446 1412 1816 1482 proverbium.
1852 1413 1967 1484 Ego

389 1519 522 1556 vero
547 1504 641 1574 qui
676 1519 821 1573 saepe
850 1505 1002 1573 petii,
1042 1506 1211 1560 semel
1257 1506 1495 1560 moriar:
1543 1504 1768 1561 omnino
1815 1521 1965 1570 vero,

391 1597 608 1653 etiamsi
647 1615 757 1652 non
793 1600 1097 1667 petiissem.
1133 1598 1289 1666 Quod
1333 1600 1378 1653 si
1414 1600 1670 1653 omnino:
1708 1615 1776 1654 ne
1807 1607 1858 1653 te
1885 1598 1970 1668 pi-

392 1696 516 1757 geat
547 1689 833 1744 comedere
863 1705 1030 1746 suave
1053 1690 1363 1752 obsonium,
1397 1689 1602 1744 frustra
1626 1703 1656 1741 a
1680 1686 1970 1758 proverbio

389 1780 780 1850 vituperatum.

669 1915 837 1986 268
873 1913 1206 1970 EPISTOLA
1243 1914 1639 1972 CLXXXVIII“

879 2007 1197 2059 CANONICA
1241 2009 1460 2058 PRIMA.

2494 1299 2874 1367 Ἀντίπατρος
2916 1299 3229 1362 Βασιλειῳ.

2137 1411 2229 1475 Δὶς
2258 1410 2482 1482 κράμϐη
2519 1410 2747 1475 Θάνατος
2771 1453 2784 1476 ,
2824 1415 2857 1482 ή
2896 1411 3162 1482 βάσκανος
3192 1429 3324 1481 φησι
3362 1411 3648 1482 παροιμία.

2080 1502 2222 1572 Ἐγὼ
2271 1504 2326 1557 δὲ
2354 1547 2368 1569 ,
2422 1503 2679 1568 πολλάκις
2735 1506 2964 1574 αἰτήσας
2991 1544 3005 1566 ,
3041 1503 3185 1568 ana:
3232 1504 3606 1576 ἀποθανοῦμαι
3631 1522 3646 1535 ·

2070 1597 2287 1658 πάντως
2317 1595 2374 1648 δὲ
2406 1596 2499 1648 καὶ
2554 1596 2628 1666 μὴ
2652 1598 2900 1667 αἰτήσας.
2940 1597 3002 1649 El
3035 1597 3091 1650 δὲ
3123 1597 3338 1660 πάντως
3359 1639 3372 1659 ,
3424 1597 3498 1668 μὴ
3523 1615 3652 1650 κατ-

2075 1689 2220 1742 όκνει
2249 1689 2448 1742 ἐσθίειν
2492 1688 2622 1759 ὄψον
2655 1689 2788 1759 ἡδὶ),
2828 1690 3006 1760 μάτην
3070 1688 3176 1742 ὑπὸ
3211 1689 3310 1759 τῆς
3355 1689 3651 1761 παροιμίας

2000 1773 2043 1832 Β
2071 1779 2403 1852 λοιδορηθέν.

2575 1916 2917 1969 ΕΠΙΣΤΟΛΗ
2957 1916 3130 1970 PIIH'.

2694 2024 2949 2062 “somn
2971 2007 3032 2060 ί.

392 2123 657 2187 Respondet
678 2125 890 2178 Basilius
913 2127 1134 2192 pluribus
1156 2129 1477 2193 Amphilocliii
1499 2131 1841 2195 questionibus
1859 2133 1924 2204 ad
1945 2147 2150 2262 εἴηοηρε
2173 2130 2534 2244 qerznentibus,
2553 2146 2610 2183 ac
2644 2131 2874 2183 nonnulla
2897 2130 3168 2196 Scriptura:
3185 2131 3290 2181 loca
3310 2131 3528 2194 ejusdem
3547 2130 3652 2196 epi-

1735 2209 1868 2259 scopi
1895 2209 1953 2246 ro
1989 2210 2018 2245 a
2041 2210 2072 2245 ιι
2093 2209 2188 2260 exp
2210 2210 2254 2244 ιε
2312 2233 2324 2243 .
2375 2237 2378 2240 .

1735 2209 1868 2259 κομι
1895 2209 2072 2260 rogatu
2093 2209 2324 2260 explicat.
2375 2237 2378 2240 .

774 2296 1142 2364 Amphilochia
1171 2297 1236 2352 de
1263 2299 1577 2356 canonibus.

463 2411 643 2467 Stulto
680 2415 1066 2484 interroganti,
1117 2416 1338 2485 inquit,
1390 2418 1654 2484 sapientia
1692 2417 1963 2488 reputabi-

393 2511 478 2555 tur
507 2505 571 2555 “.
616 2504 889 2573 Sapientis
925 2515 1150 2570 autem,
1200 2518 1262 2562 ut
1305 2509 1557 2574 videtur,
1607 2509 1966 2578 interrogatio

393 2596 556 2649 etiam
598 2597 826 2651 stultum
863 2599 1166 2667 sapientem
1211 2600 1405 2654 eilicit:
1448 2601 1593 2669 quod
1645 2600 1738 2655 Dei
1790 2602 1966 2671 gratia

394 2689 594 2742 accidit
626 2690 824 2754 nobis,
865 2691 1082 2760 quoties
1118 2691 1408 2748 laboriosae
1445 2703 1550 2747 line
1598 2695 1793 2748 animat:
1826 2695 1969 2749 litte-

392 2795 485 2834 ras
514 2780 838 2851 accipimus.
872 2781 1082 2836 Etenim
1116 2784 1394 2838 doctiores
1429 2800 1595 2854 quam
1628 2800 1868 2848 eramus,
1903 2801 1968 2839 ac

393 2871 780 2940 prudentiores
825 2872 998 2930 fimus
1046 2891 1111 2928 ex
1160 2876 1276 2944 ipsa
1310 2876 1761 2946 interrogatione,
1796 2878 1966 2933 multa

393 2978 516 3031 qua:
569 2964 962 3028 ignorabamus
1014 2966 1355 3032 ediscentes;
1410 2982 1475 3020 ac
1514 2968 1673 3021 nobis
1723 2969 1967 3037 magistri

394 3053 518 3108 loco
553 3063 638 3110 est
677 3057 1044 3125 respondendi
1085 3074 1237 3112 cura.
1273 3060 1432 3114 Certe
1466 3068 1519 3114 et
1553 3074 1702 3113 nunc
1744 3075 1868 3113 cum
1902 3059 1969 3112 de

395 3146 746 3218 interrogatis
779 3150 888 3203 tuis
925 3166 1204 3218 nunquam
1236 3151 1502 3206 hactenus
1531 3151 1767 3206 sollicite
1814 3153 1969 3220 cogi-

397 3246 619 3304 tassem,
647 3249 872 3296 coactus
899 3258 1016 3298 sum
1043 3244 1330 3314 diligenter
1355 3245 1653 3306 attendere,
1685 3255 1740 3299 et
1764 3245 1810 3300 si
1837 3245 1968 3315 quid

397 3344 427 3382 a
474 3331 784 3387 senioribus
824 3335 1127 3400 audieram,
1174 3336 1480 3398 recordari,
1527 3345 1582 3391 et
1626 3349 1857 3407 cognata
1903 3339 1970 3393 iis

397 3434 518 3490 qua:
541 3421 872 3488 didiceram,
909 3441 1005 3495 per
1037 3441 1121 3480 me
1156 3426 1271 3496 ipse
1299 3427 1642 3482 ratiocinari.

2448 2303 2801 2371 Ἀμφιλοχίῳ
2833 2303 2964 2371 περὶ
3000 2306 3292 2358 κανόνων.

2148 2415 2416 2481 Ἀνοήτῳ,
2452 2416 2640 2483 φησιν,
2675 2414 3242 2482 ἐπερωτήσαντιῶὸ)
3274 2415 3463 2482 σοφία
3486 2417 3648 2484 λογι-

2065 2506 2371 2572 σθήσεται.
2407 2505 2580 2572 Σοφοῦ
2611 2505 2689 2568 δὲ,
2714 2505 2790 2568 ὡς
2817 2505 3012 2568 ἔοικεν,
3053 2503 3382 2575 ἐπερώτημα
3427 2508 3520 2558 καὶ
3560 2508 3647 2559 τὸν

2066 2599 2292 2668 ἀνόητον
2328 2597 2576 2666 σοφίζει·
2626 2598 2762 2666 ὅπερ
2798 2600 2862 2667 τῇ
2893 2597 2986 2650 τοῦ
3032 2597 3167 2651 Θεοῦ
3202 2599 3382 2668 χάριτι
3417 2597 3648 2676 συμϐαίο

2067 2707 2144 2743 νει
2198 2693 2331 2760 ἡμῖν
2358 2730 2372 2747 .
2409 2689 2600 2754 ὁσάκις
2656 2690 2722 2743 ἂν
2768 2689 3045 2760 δεξώμεθά
3080 2707 3174 2742 σου
3223 2690 3321 2758 τῆς
3363 2688 3649 2758 φιλοπόνου

2065 2781 2244 2852 ψυχῆς
2299 2781 2368 2834 τὰ
2407 2781 2735 2852 γράμματα.
2799 2780 3315 2851 Ἐπιστατικώτεροι
3362 2781 3474 2851 γὰρ
3523 2783 3650 2834 ἑαυ-

2065 2873 2174 2925 τῶν
2227 2875 2322 2925 καὶ
2380 2874 2808 2945 ἐμφρονέστεροι
2859 2875 3124 2944 γινόμεθα
3179 2874 3273 2927 ἀπ’
3333 2875 3506 2943 αὐτῆς
3555 2875 3650 2942 τῆς

2068 2967 2426 3034 ἐρωτήσεως.
2475 2965 2680 3031 πολλὰ,
2719 2959 2792 3019 ὧν
2828 2966 2927 3018 οὐκ
2976 2966 3315 3036 ἐπιστάμεθα
3340 3007 3354 3029 ,
3399 2967 3650 3024 διδασκό-

2071 3072 2254 3125 μενοι·
2295 3057 2389 3108 καὶ
2414 3056 2624 3122 γίνεται
2655 3057 2812 3126 ἡμῶν
2842 3055 3161 3120 διδάσκαλος
3194 3058 3226 3126 ή
3264 3059 3390 3129 περί
3416 3059 3476 3110 τὸ
3513 3061 3650 3113 ἀπο-

2070 3146 2349 3217 κρίνεσθαι
2383 3149 2494 3218 (54)
2531 3148 2791 3220 μέριμνα.
2833 3149 3052 3218 ’Λμέλει
3099 3150 3190 3201 καὶ
3228 3149 3356 3211 νῦν,
3396 3151 3652 3204 οὐδέποτε

2069 3237 2320 3300 λαϐόντες
2366 3239 2425 3290 ὲν
2477 3238 2716 3309 φροντίδι
2763 3239 2832 3291 τὰ
2885 3241 3288 3310 ὲπερωτήματά
3318 3259 3450 3303 σου,
3480 3245 3650 3311 ἡναγ-

2071 3328 2354 3400 κάσθημεν
2381 3328 2782 3399 ἐπισκέψασθαι
2811 3331 3088 3400 ἀκριϐῶς,
3122 3331 3212 3383 καὶ
3247 3333 3300 3384 εἴ
3320 3333 3379 3382 τέ
3407 3349 3462 3384 τι
3489 3333 3652 3399 ἡκού-

2072 3437 2245 3490 σαμεν
2276 3421 2428 3492 παρὰ
2464 3421 2572 3474 τῶν
2621 3421 3008 3492 πρεσϐυτέρων
3031 3462 3046 3484 ,
3079 3424 3494 3494 ἀναμνησθῆναι
3517 3465 3531 3482 ,
3559 3425 3651 3477 καὶ

2069 3511 2138 3564 τὰ
2190 3511 2425 3583 συγγενῆ
2478 3503 2554 3564 ὧν
2593 3510 2984 3583 ἐδιδάχθημεν,
3023 3513 3153 3582 παρ’
3212 3511 3421 3563 ἑαυτῶν
3466 3510 3649 3564 ἐπιλοο

2070 3604 2348 3671 γίσασθαι.

467 3684 653 3742 Canon
687 3684 730 3742 Ι.
773 3685 928 3754 Quod
963 3687 1131 3758 igitur
1181 3687 1248 3743 ad
1293 3688 1565 3745 Catharos
1601 3691 1862 3760 pertinet,
1908 3699 1965 3744 et

2139 3697 2215 3747 A'.
2243 3695 2317 3748 Τὸ
2357 3695 2456 3766 μὲν
2501 3690 2595 3748 οὖν
2642 3694 2771 3764 περὶ
2815 3696 2940 3755 τοὺς
2969 3691 3260 3763 Καθαροὺς
3299 3691 3521 3763 ζήτημα
3545 3690 3639 3743 καὶ

398 3778 550 3849 prius
569 3777 772 3834 dictum
800 3789 904 3839 est.
935 3786 988 3834 et
1012 3788 1155 3835 recte
1176 3781 1507 3837 admonuisti
1533 3783 1970 3852 uniuscujusque

396 3871 640 3940 regionis
675 3888 880 3926 morem
919 3873 1074 3942 sequi
1109 3880 1402 3942 oportere:
1437 3874 1579 3942 quod
1616 3875 1674 3937 ii,
1709 3874 1803 3944 qui
1837 3883 1968 3929 tunc

397 3964 465 4019 de
485 3966 595 4020 illis
618 3973 952 4030 statuerunt,
990 3967 1044 4020 in
1076 3968 1256 4022 varias
1281 3969 1348 4022 de
1371 3968 1612 4036 ipsorum
1638 3969 1967 4038 baptismate

399 4058 701 4114 sententias
740 4060 993 4114 abierint.
1025 4057 1436 4129 Pepuzenorum
1475 4070 1655 4115 autem
1695 4060 1966 4130 baptisma

399 4151 604 4204 nullam
637 4151 770 4206 mihi
805 4153 1009 4207 habere
1054 4152 1326 4207 rationem
1357 4153 1595 4218 videtur,
1646 4159 1700 4207 et
1736 4153 1966 4206 miratus

399 4257 520 4296 sum
554 4244 830 4313 quomodo
861 4247 963 4298 hoe
1002 4244 1342 4316 Dionysium,
1379 4244 1657 4299 hominem
1686 4259 1962 4298 canonum

471 4356 514 4389 “
551 4355 712 4412 Prov.
738 4372 875 4421 xvu,
901 4357 992 4412 28.

467 4476 485 4498 "
513 4473 664 4529 Alias
697 4472 924 4528 CCXIV.
953 4474 1170 4544 Scripta
1201 4475 1349 4528 circa
1384 4490 1474 4529 an.
1509 4475 1635 4530 274.

469 4547 510 4614 ‘f
551 4544 760 4598 Aliasl.
796 4544 1015 4614 Scripta
1051 4559 1196 4599 anno
1220 4545 1344 4599 574.

472 4612 584 4684 (52)
629 4612 1047 4670 Μεταπείσέιν.
1089 4615 1182 4670 Sic
1222 4631 1356 4671 mss.
1417 4631 1634 4672 summo
1679 4629 1976 4670 consensu.

400 4683 542 4739 Editi
583 4689 926 4756 μεταπεσεῖν.

473 4753 595 4823 (5δῖ
641 4758 1138 4826 Ἐπερωτήσαντι.
1195 4754 1333 4810 Editi
1373 4754 1583 4809 addunt
1630 4755 1841 4824 σοφίαν,
1882 4753 1977 4808 1η-

405 4829 696 4898 terroganti
756 4829 1069 4895 sapientiam
1121 4826 1382 4898 sapientia
1447 4826 1790 4898 reputabitur.
1837 4826 1976 4898 Quae

2075 3784 2289 3856 εἴρηται
2335 3785 2623 3856 πρότερον,
2659 3785 2753 3836 καὶ
2782 3783 2963 3846 καλῶς
2995 3781 3511 3852 ἀπεμνημόνευσας.
3569 3781 3648 3832 ὅτι

2073 3879 2153 3930 δεῖ
2202 3878 2279 3950 τῷ
2330 3878 2440 3933 ἔθει
2469 3879 2577 3934 τῶν
2626 3877 2749 3932 καθ’
2791 3879 3028 3948 ἑκάστην
3065 3877 3246 3947 χώραν
3279 3875 3527 3936 ἕπεσθαι,
3562 3874 3649 3928 διὰ

2073 3970 2134 4022 τὸ
2175 3970 2444 4044 διαφόρως
2491 3971 2777 4043 ἐνεχθῆναι
2827 3970 2939 4040 (55)
2979 3970 3107 4039 περὶ
3152 3967 3246 4020 τοῦ
3280 3968 3650 4038 βαπτίσματος

2072 4063 2248 4116 αὐτῶν
2298 4065 2426 4127 τοὺς
2456 4064 2577 4117 τότε
2627 4065 2757 4133 περὶ
2799 4065 3006 4116 τούτων
3051 4061 3438 4123 διαλαϐόντας*
3485 4061 3548 4113 τὸ
3589 4059 3648 4113 δὲ

2071 4153 2179 4206 τῶν
2219 4153 2581 4225 [Ismuc-qvth
2613 4155 2802 4210 οὐδένα
2835 4172 2925 4225 μοι
2963 4153 3120 4222 λόγον
3166 4152 3310 4223 ἔχειν
3334 4151 3519 4205 δοκεῖ·
3557 4151 3649 4204 καὶ

2073 4245 2358 4315 ἐθαύμασα
2375 4246 2490 4311 πῶς
2512 4247 2792 4301 κανονικὸν
2824 4246 2953 4300 ὄντα
2979 4246 3072 4299 τὸν
3092 4245 3364 4298 Διονύσιον
3385 4243 3650 4314 (316)119-

2081 4487 2317 4540 gorium.
2352 4467 2664 4537 Scripserat
2693 4467 2862 4540 etiam
2903 4465 2970 4519 ad
3012 4465 3242 4520 clericos
3273 4465 3648 4540 Antiocheam

2080 4535 2150 4594 de
2180 4535 2561 4608 jurejurando,
2602 4547 2663 4592 ut
2691 4538 2809 4607 ipse
2845 4545 3078 4608 testatur
3103 4550 3226 4589 can.
3265 4535 3350 4608 l8.
3386 4535 3489 4591 Sed
3514 4554 3647 4608 cum

2080 4606 2346 4666 latissime
2397 4618 2578 4678 pateat
2630 4606 2744 4662 haac
2781 4606 3173 4678 materia,‘non
3223 4607 3525 4678 mirttmqsi
3569 4610 3648 4660 vel

2079 4674 2417 4736 doctissimis
2447 4693 2662 4748 semper
2686 4679 2810 4730 novi
2863 4675 3078 4748 aliquid,
3109 4677 3371 4748 occurrit.
3405 4674 3550 4748 Idem
3583 4679 3650 4732 de

2081 4768 2140 4806 se
2169 4752 2368 4806 fatetur
2397 4745 2747 4804 Innocentius
2765 4763 2901 4816 papa
2928 4745 2982 4800 in
3000 4747 3157 4815 epist.
3179 4745 3243 4796 ad
3258 4745 3649 4816 Evsuperium.

2081 4822 2217 4876 Milli
2237 4838 2437 4892 quoque
2462 4822 2582 4884 ipsi,
2614 4819 2810 4888 inquit,
2838 4815 2902 4892 de
2925 4819 3209 4892 collatione
3231 4815 3480 4892 docilitas
3506 4835 3652 4870 acce-

443 4883 620 4953 uidcm
656 4891 761 4952 vox
797 4883 828 4951 εἰ
860 4883 1258 4953 recentioribus
1290 4883 1528 4951 librariis
1549 4898 1760 4951 videtur
1785 4883 1968 4950 addita
2007 4883 2048 4938 Ι)
2078 4894 2178 4956 dit,
2209 4883 2714 4959 dum'perscrutatis
2761 4888 3054 4959 rationibus
3090 4889 3158 4940 ad
3202 4889 3527 4959 propositum
3571 4905 3650 4940 re-

429 4969 596 5028 uisse.
630 4968 792 5024 Deest
813 4970 957 5023 enim
993 4969 1044 5022 in
1079 4968 1254 5022 tribus
1284 4965 1635 5021 Coislinianis
1665 4967 1971 5032 codicibus,

403 5050 456 5092 et
479 5041 532 5093 in
564 5047 802 5110 quatuor
828 5038 1032 5108 Regiis.
1068 5038 1226 5093 Deest
1249 5037 1411 5110 etiam
1441 5039 1495 5110 in
1525 5038 1712 5092 codice
1735 5039 1972 5110 Alexan-

403 5105 650 5164 drino'et
681 5105 932 5177 pluribus
974 5111 1095 5164 aliis
1133 5124 1301 5163 sacrm
1343 5105 1638 5176 Scriptura:
1667 5109 1970 5164 codicibus.

479 5180 590 5250 (5-!)
637 5181 776 5245 Περὶ
830 5181 898 5233 τὸ
947 5180 1394 5250 ἀποκρίνεᾳοαι.
1441 5177 1696 5250 Nonnulli
1756 5180 1977 5250 codices

404 5247 820 5321 ἀποκρίνασθαι.
848 5251 1005 5305 Unus
1037 5247 1166 5321 περὶ
1193 5248 1307 5302 τοῦ.
1334 5247 1552 5321 Legitur
1581 5249 1797 5321 περιτο
1829 5251 1980 5320 ἀκρι-

407 5323 498 5384 es;
532 5319 587 5374 in
611 5321 947 5376 Coisliniano
994 5319 1292 5375 vetustiore
1320 5329 1373 5373 et
1401 5320 1614 5373 duobus
1644 5319 1786 5372 aliis.
1835 5319 1976 5374 lllUd

408 5401 592 5444 autem
618 5407 685 5445 ex
715 5393 897 5446 verbis
928 5391 1118 5445 Basilii
1143 5390 1325 5460 colligi
1350 5405 1458 5443 non
1483 5390 1662 5455 debet,
1699 5405 1822 5443 eum
1841 5389 1977 5460 hae-

408 5461 657 5532 tenusiin
695 5463 998 5516 canonibus
1041 5477 1234 5532 parum
1275 5458 1447 5532 fuisse
1485 5470 1784 5532 versatum.
1812 5458 1976 5532 _Nam

411 5532 479 5584 ab
514 5530 670 5584 initio
716 5529 1064 5601 episc0patus
1096 5533 1263 5584 multa
1298 5531 1365 5584 de
1394 5531 1765 5588 matrimonio,
1793 5529 1860 5584 de
1890 5545 1979 5581 or-

411 5601 783 5656 dinationibus
812 5602 1137 5656 clericorum
1162 5609 1216 5654 et
1238 5616 1426 5654 eorum
1451 5602 1827 5668 singularitate
1861 5608 1976 5653 sta-

409 5677 610 5732 tuerat,
645 5679 704 5724 ut
728 5679 873 5739 patet
899 5688 965 5726 ex
997 5673 1244 5741 epistolis
1265 5670 1329 5724 ad
1365 5669 1683 5735 Diodorum,
1717 5669 1782 5723 ad
1821 5671 1982 5724 chor-

409 5741 724 5813 episcopos,
762 5743 830 5796 ad
859 5743 1148 5812 episc0pos
1181 5741 1284 5796 sibi
1325 5741 1598 5809 subditos.
1633 5751 1686 5796 et
1717 5741 1782 5795 ad
1818 5741 1979 5797 Pare-

2070 4967 2323 5031 spondere
2345 4958 2940 5031 compellaneoqueﬁt
2982 4969 3034 5010 ut
3077 4958 3278 5027 aliquid
3307 4972 3512 5024 seraper
3550 4959 3648 5010 ad-

2071 5029 2266 5096 discat,
2295 5037 2384 5102 qui
2414 5029 2718 5103 postulatur
2748 5040 2805 5083 ut
2844 5029 3047 5082 doceat.

2139 5106 2250 5174 (55)
2285 5097 2662 5174 Ἐνέχθῆναι.
2690 5100 2769 5155 Ita
2791 5115 2924 5154 mss.
2950 5113 3166 5154 summo
3183 5113 3478 5152 consensu.
3507 5097 3647 5151 Editi

2071 5176 2482 5244 ὲνδιενεχθῆναι.

2145 5221 2782 5310 ίξδῖῆῗιέῖλιονύσιον.
2831 5239 2970 5294 Editi
3021 5239 3113 5293 τὸν
3146 5239 3316 5310 μέγαν
3351 5238 3644 5292 Διονύσιον.

2078 5317 2183 5371 Sed
2219 5318 2371 5370 deest
2411 5317 2512 5368 hoc
2563 5315 2682 5367 loco
2717 5313 2770 5364 in
2815 5311 3020 5366 nostris
3055 5309 3330 5365 sexdecim
3366 5310 3648 5362 codicibus

2075 5389 2188 5440 hate
2220 5385 2522 5439 honorilica
2549 5382 2860 5452 appellatio.
2894 5397 3016 5452 qua!
3049 5390 3228 5434 tamen
3257 5389 3444 5448 postea
3468 5380 3644 5432 eidem

2078 5457 2335 5528 Dionysio
2367 5458 2420 5508 in
2446 5456 2547 5508 hoc
2579 5451 2696 5528 ipso
2734 5451 3251 5528 canoneutribuhitur,
3298 5452 3646 5528 consentien-

2077 5519 2234 5580 tibus
2278 5528 2432 5580 libris
2471 5519 2748 5578 veteribus
2783 5531 2837 5576 et
2887 5522 3071 5576 editis.
3102 5519 3218 5573 Duo
3250 5520 3507 5573 autem-in
3544 5520 3646 5571 hoc

2080 5598 2265 5652 Basilii
2315 5595 2628 5650 testimonio
2684 5593 3046 5646 observanda.
3107 5592 3161 5644 1ο
3208 5590 3413 5655 Pugnat
3464 5601 3647 5655 aperte

2084 5668 2316 5724 Basilius
2346 5681 2469 5719 cum
2504 5664 2856 5733 Hieronymo,
2895 5664 2988 5730 qui
3023 5662 3078 5716 in
3103 5661 3243 5715 libro
3270 5661 3351 5733 _De
3371 5661 3646 5733 scriptori-

2081 5740 2173 5793 bus
2208 5736 2575 5792 ecclesiasticis
2609 5730 2841 5791 testatur
2887 5733 3204 5804 Dionysium
3233 5731 3374 5787 idem
3423 5745 3488 5785 ac
3540 5730 3648 5801 Cy-
