3948 6214
362 350 466 410 669

1208 363 1697 426 EPISTOLARUM
1737 371 2022 429 CLASSIS
2059 373 2121 429 ll.
2164 374 2383 431 EPIST.
2426 372 2800 430 CLXXXVIII.

3508 369 3614 426 670

359 471 520 542 ξσχον
553 471 653 544 τὴν
705 488 864 545 χαριν
902 462 1013 528 τοῦ
1041 476 1198 545 ἁγίου
1244 479 1560 553 Πνεύματος
1584 485 1668 553 ἐφ’
1701 485 1939 549 ἑαυτοῖς·

2049 487 2291 557 Spiritus
2322 487 2532 543 sancti:
2557 486 2833 541 defecerat
2867 485 3014 540 enim
3046 482 3495 545 communicatio,
3525 482 3611 536 in-

358 562 594 617 ὲπέλιπε
627 564 791 637 γὰρὴ
824 568 1109 637 μετάδοσις
1135 568 1211 641 τῷ
1245 570 1568 643 διακοπῆναι
1596 575 1695 647 τὴν
1724 577 1943 630 ἀκολου-

360 651 505 708 θίαν.
556 654 622 706 Οί
662 655 759 726 μὲν
802 658 911 727 γὰρ
949 658 1152 730 πρῶτοι
1173 661 1628 733 ἀναχωρήσαντες
1661 665 1810 734 παρὰ
1837 666 1944 718 τῶν

362 744 621 817 πατέρων
657 746 815 818 ἔσχον
852 748 952 812 τὰς
993 752 1348 821 χειροτονίας,
1374 755 1466 807 καὶ
1493 753 1583 807 διὰ
1610 756 1719 827 ’τῆς
1759 756 1943 810 ἐπιθέ-

367 852 504 900 σεως
532 838 640 891 τῶν
667 838 865 910 χειρῶν
901 842 1081 895 αὐτῶν
1125 839 1269 915 εἶχον
1305 845 1368 898 τὸ
1406 847 1650 919 χάρισμα
1692 849 1754 901 τὸ
1786 866 1944 901 πνευ-

367 928 596 997 ματικόν
617 946 630 960 ·
665 932 714 982 oi
734 931 791 984 δὲ
827 933 1255 1005 ἀπορραγέντες,
1282 937 1461 991 λαῖκοὶ
1488 938 1787 1011 γενόμενοι,
1818 938 1943 992 οὔτε

364 1018 459 1072 τοῦ
500 1018 800 1090 βαπτίζειν,
834 1022 957 1079 οὔτε
994 1026 1085 1079 τοῦ
1113 1033 1436 1099 χειροτονεῖν
1464 1027 1609 1102 εἶχον
1650 1031 1749 1103 τὴν
1797 1030 1945 1096 ἐξου-

365 1108 510 1181 σίαν,
559 1113 742 1167 οὐκέτι
768 1116 1054 1187 δυνάμενοι
1096 1119 1254 1190 χάριν
1293 1121 1608 1193 Πνεύματος
1651 1123 1806 1192 ἁγίου
1829 1124 1947 1176 ἑτέ-

369 1221 488 1275 ροις
543 1206 843 1277 παρέχειν,
892 1204 960 1281 ἦς
1012 1211 1166 1264 αὐτοὶ
1226 1212 1634 1270 ὲκπεπτὼκασι.
1689 1216 1814 1281 Διὸ,
1869 1214 1945 1278 ὡς

363 1299 520 1370 παρὰ
547 1299 752 1355 λαῖκῶν
791 1301 1218 1375 βαπτιζομένους
1245 1307 1371 1370 τοὺς
1402 1310 1528 1378 παρ’
1563 1308 1765 1373 αὐτῶν,
1822 1308 1945 1362 ὲκέ-

361 1390 564 1447 λευσαν
629 1394 956 1467 ἐρχομένους
1015 1396 1108 1449 ἐπὶ
1167 1398 1268 1469 τὴν
1318 1399 1644 1472 Ἐκκλησίαν
1686 1399 1764 1471 τῷ
1809 1399 1945 1471 ἀλη-

365 1482 500 1554 θινῷ
547 1483 882 1558 βαπτίσματι
936 1485 1014 1559 τῷ
1052 1488 1153 1559 τῆς
1219 1489 1545 1561 Ἐκκλησίας
1587 1491 1947 1563 ἀνακαθαίρε-

365 1573 511 1630 σθαι.
538 1577 755 1648 Ἐπειδὴ
778 1579 834 1631 δὲ
853 1577 989 1642 ὅλως
1013 1578 1159 1646 ἔδοξέ
1188 1597 1298 1634 τισι
1332 1581 1439 1636 τῶν
1464 1582 1606 1636 κατὰ
1632 1583 1731 1655 τὴν
1763 1584 1946 1637 Ἀσίαν

362 1667 681 1739 οἰκονομίας
728 1669 888 1724 ἕνεκα
936 1672 1042 1725 τῶν
1094 1673 1304 1729 πολλῶν
1333 1675 1588 1746 δεχθῆναι
1651 1677 1830 1731 αὐτῶν
1886 1677 1947 1729 τὸ

366 1759 675 1832 βάπτισμα,
717 1761 855 1816 ἔστω
884 1763 1090 1818 δεκτόν.
1109 1766 1181 1818 Τὸ
1202 1766 1258 1820 δὲ
1287 1766 1394 1820 τῶν
1436 1767 1805 1840 Ἐγκρατιτῶν
1834 1768 1943 1840 (45)

364 1851 733 1925 κακούργημα
757 1854 947 1924 νοῆσαι
974 1857 1120 1926 ἡμᾶς
1152 1856 1251 1923 δεῖ,
1287 1859 1392 1923 ὅτι,
1413 1857 1480 1912 ἵν’
1508 1860 1707 1924 αὐτοὺς
1736 1861 1943 1932 ἀπροσ-

359 1941 584 2006 δέκτους
616 1945 885 2014 ποιήσωσι
928 1947 995 2017 τῇ
1024 1944 1340 2018 Ἐκκλησία,
1370 1948 1734 2021 ἐπεχείρησαν
1758 1950 1941 2003 λοιπὸν

366 2033 487 2103 ἰδίῳ
527 2034 1080 2106 προκαταλαμϐάνειν
1133 2036 1503 2109 βαπτίσματι·
1545 2038 1670 2093 ὅθεν
1707 2040 1802 2094 καὶ
1844 2041 1941 2112 τὴν

363 2123 655 2196 συνήθειαν
681 2125 779 2194 τὴν
816 2126 1023 2181 ἑαυτῶν
1049 2128 1453 2199 παρεχάραξαν.
1489 2129 1713 2201 Νομίζω
1741 2129 1937 2196 τοίνυν,

360 2217 468 2282 ὅτι,
501 2217 685 2291 ἐπειδὴ
715 2218 866 2273 οὐδέν
910 2221 1027 2274 ἐστι
1082 2221 1211 2292 περὶ
1249 2221 1430 2275 αὐτῶν
1468 2223 1720 2294 φανερῶς
1764 2223 1944 2295 διηγο⁶

366 2325 462 2380 ρευ
470 2310 649 2380 μένον,
671 2313 818 2383 ἡμᾶς
832 2313 1109 2384 προσῆκεν
1126 2314 1336 2368 ἀθετεῖν
1364 2313 1543 2368 αὐτῶν
1563 2315 1622 2368 τὸ
1638 2315 1938 2387 βάπτισμα”

361 2402 468 2455 κᾶν
498 2419 582 2466 τις
703 2403 830 2474 παρ’
881 2406 1061 2458 αὐτῶν
1100 2404 1358 2476 εἰληφὼς,
1386 2406 1683 2477 προσιόντα
1712 2410 1777 2478 τῇ
1815 2408 1935 2461 Ἐκ-

361 2492 563 2564 κλησίᾳ
590 2492 890 2564 βαπτίζειν.
919 2494 936 2562 (
964 2495 1090 2548 Ἐὰν
1124 2495 1307 2566 μέντοι
1336 2496 1517 2567 μέλλοι
1540 2495 1663 2566 (46)
1704 2498 1770 2566 τῇ
1809 2495 1943 2548 καθ-

361 2581 486 2635 όλου
512 2582 794 2655 οἰκονομίᾳ
823 2584 1078 2654 ἐμπόδιον
1108 2583 1326 2638 ἔσεσθαι
1350 2584 1527 2648 τοῦτο,
1552 2584 1711 2638 πάλιν
1735 2583 1813 2654 τῷ
1832 2584 1940 2638 ἔθει

361 2674 649 2745 χρηστέον,
707 2676 803 2729 καὶ
853 2679 967 2740 τοῖς
995 2677 1382 2748 οἱκονομήσασι
1409 2674 1477 2729 τὰ
1510 2676 1632 2730 καθ’
1651 2678 1802 2748 ἡμᾶς
1828 2678 1940 2729 Πα-

360 2766 558 2835 τράσιν
611 2765 1024 2838 ἀκολουθητέον.
1084 2767 1406 2839 Ὑφορῶμαι
1453 2766 1563 2839 γὰρ
1611 2770 1837 2838 μήποτε.
1866 2769 1941 2833 ὡς

362 2854 666 2926 βουλόμεθα
690 2857 959 2931 ὀκνηροὺς
993 2860 1189 2925 αὐτοὺς
1216 2860 1344 2932 περὶ
1378 2860 1440 2913 τὸ
1477 2860 1759 2931 βαπτίζειν
1782 2862 1940 2931 ποιῆ-

365 2963 478 3011 σαι,
512 2947 891 3020 ὲμποδίσωμεν
939 2953 1053 3014 τοῖς
1092 2951 1420 3023 σωζομένοις
1455 2951 1545 3006 διὰ
1582 2952 1642 3005 τὸ
1676 2953 1776 3022 τῆς
1809 2970 1941 3025 ’προ⁶

360 3036 571 3100 τάσεως
607 3038 920 3111 αὐστηρόν.)
959 3041 1022 3093 El
1053 3040 1110 3093 δὲ
1145 3042 1344 3093 ὲκεῖνοι
1372 3041 1702 3110 φυλάσσουσι
1722 3040 1782 3093 τὸ
1806 3041 1942 3113 ήμέ-

368 3143 518 3198 τερον
543 3126 845 3200 βάπτισμα,
875 3129 1035 3183 τοῦτο
1066 3132 1214 3202 ἡμᾶς
1249 3131 1323 3201 μὴ
1354 3130 1688 3186 δυσωπείτω.
1725 3133 1799 3185 Οὐ
1834 3132 1941 3204 γὰρ

361 3219 679 3275 ἀντιδιδόναι
735 3223 919 3286 αὐτοῖς
985 3222 1276 3276 ὑπεύθυνοι
1332 3222 1492 3294 χάριν
1541 3224 1743 3294 ἐσμὲν,
1798 3223 1935 3278 ἀλλὰ

360 3310 632 3367 δουλεύειν
680 3313 939 3386 ἀκριϐείᾳ
975 3315 1238 3369 κανόνων.
1278 3315 1448 3369 Παντὶ
1497 3316 1554 3368 δὲ
1595 3316 1739 3387 λόγῳ
1762 3333 1943 3369 τυπω-

362 3403 531 3474 θὴτω,
561 3406 688 3468 τοὺς
727 3406 835 3458 ἀπὸ
867 3407 963 3459 τοῦ
1001 3407 1309 3479 βαπτισμοῦ
1361 3408 1583 3461 ἐκείνων
1624 3408 1735 3479 (47)
1776 3426 1942 3480 προσ-

363 3494 687 3568 ερχομένους
742 3496 990 3568 χρίεσθαι
1053 3497 1144 3551 ἐπὶ
1213 3499 1323 3552 τῶν
1396 3498 1603 3552 πιστῶν
1666 3484 1940 3570 δηλονότι,

361 3588 458 3641 καὶ
503 3586 647 3641 οὕτω
690 3588 973 3660 προσιέναι
1021 3593 1132 3653 τοῖς
1184 3591 1524 3662 μυστηρίοις.
1575 3588 1703 3646 Οἶδα
1752 3594 1828 3656 δὲ,
1861 3594 1942 3646 ὅτι

360 3683 489 3745 τοὺς
542 3682 803 3751 ἀδελφοὺς
836 3684 962 3746 τοὺς
1006 3685 1133 3755 περὶ
1176 3683 1331 3748 Ἰζοῖν
1367 3685 1500 3756 (48),
1538 3686 1632 3739 καὶ
1680 3686 1938 3757 Σατορνῖ-

362 3792 474 3838 νον,
512 3775 606 3827 ἀπ’
661 3775 878 3844 ἐκείνης
922 3775 1080 3840 ὄντας
1105 3776 1204 3847 τῆς
1231 3776 1461 3843 τάξεως,
1496 3777 1941 3849 προσεδεξάμεθα

361 3871 444 3931 εἰς
497 3867 595 3939 τὴν
648 3868 921 3939 καθέδραν
966 3868 1076 3921 τῶν
1112 3871 1446 3924 ἐπισκόπων.
1496 3870 1659 3923 Ὥστε
1702 3871 1828 3934 τοὺς
1862 3869 1942 3942 τῷ

438 4065 554 4135 (45)
594 4063 716 4118 Τῶν·
758 4063 1172 4135 Ἐγκρατιτῶν.
1209 4063 1324 4120 Hoc
1367 4065 1768 4121 Encratitarum
1812 4065 1943 4121 faci-

363 4152 498 4190 nore
528 4150 636 4189 non
680 4149 940 4205 corrupta
976 4136 1283 4192 cssentialis
1318 4137 1573 4205 baptismi
1601 4140 1801 4203 forma,
1845 4139 1938 4191 sed

364 4222 518 4260 novze
546 4206 790 4275 quaedam
813 4207 1037 4275 adjectae
1066 4207 1420 4275 caeremoniae.
1450 4206 1584 4260 Nam
1626 4209 1679 4260 in
1726 4221 1939 4275 canone

364 4276 435 4329 47
466 4279 545 4331 sic
568 4274 664 4330 eos
695 4277 977 4344 loquentes
1013 4277 1244 4339 inducit,
1282 4274 1349 4329 In
1382 4276 1600 4331 Patrem
1640 4286 1690 4330 et
1735 4274 1937 4330 Filium

364 4357 415 4401 et
446 4347 701 4416 Spiritum
740 4346 997 4415 baptizati
1035 4362 1236 4400 sumus.
1283 4344 1421 4400 Hinc
1448 4362 1637 4401 eorum
1667 4348 1934 4415 baptisma

367 4426 547 4471 ratum
576 4416 759 4475 habet.
790 4417 835 4469 si
885 4432 990 4485 qua
1028 4416 1283 4486 inciderit
1309 4418 1487 4486 magni
1525 4419 1783 4472 momenti
1812 4433 1936 4470 cau-

2050 587 2293 649 terrupta
2335 579 2769 632 continuatione.
2820 575 2925 642 Qui
2976 575 3123 631 enim
3166 574 3328 645 primi
3366 588 3614 628 recesse-

2046 674 2193 731 rant,
2245 667 2649 723 ordinationem
2696 682 2729 721 a
2781 666 3030 737 patribus
3074 665 3366 728 habebant,
3422 671 3477 719 et
3520 679 3614 734 per

2047 773 2308 812 manuum
2364 773 2551 813 eorum
2624 757 3027 828 impositionem
3078 755 3351 810 habebant
3410 755 3613 810 donum

2046 851 2366 920 spirituale;
2405 851 2502 920 qui
2560 858 2740 905 autem
2786 850 2986 905 resecti
3039 857 3189 914 sunt,
3240 848 3365 902 laici
3412 847 3612 910 effecti,

2047 957 2146 997 nec
2189 943 2525 1012 baptizandi,
2574 957 2679 997 nec
2720 941 3010 996 ordinandi
3058 941 3330 995 habebant
3371 947 3611 1009 potesta-

2045 1043 2179 1098 tem,
2218 1042 2282 1088 ut
2321 1034 2413 1103 qui
2455 1048 2565 1088 non
2613 1044 2840 1103 possent
2868 1034 3104 1103 amplius
3149 1031 3388 1101 Spiritus
3436 1032 3613 1085 sancti

2045 1127 2276 1197 gratiam
2301 1126 2424 1179 aliis
2452 1125 2716 1195 praebere,
2741 1141 2772 1178 a
2798 1140 2904 1194 qua
2932 1125 3040 1194 ipsi
3070 1123 3410 1179 exciderant.
3432 1123 3613 1188 Quare

2047 1234 2163 1284 eos,
2196 1218 2290 1288 qui
2328 1217 2395 1272 ab
2424 1216 2666 1287 ipsorum
2702 1216 2952 1287 partibus
3002 1216 3240 1280 stabant,
3285 1222 3547 1284 tanquam
3584 1229 3613 1267 a

2048 1311 2203 1365 laicis
2254 1310 2581 1378 baptizatos,
2625 1308 2911 1377 jusserunt
2954 1322 3086 1363 vero
3134 1305 3392 1362 Ecclesiae
3434 1305 3614 1375 bapti-

2048 1408 2222 1457 smate
2256 1400 2323 1455 ad
2355 1398 2659 1454 Ecclesiam
2686 1398 2966 1453 venientes
2997 1397 3310 1468 expurgari.
3341 1394 3446 1450 Sed
3479 1410 3612 1465 quo-

2047 1493 2191 1546 niam
2222 1489 2502 1544 nonnullis
2542 1487 2803 1544 Asiaticis
2838 1487 3063 1541 omnino
3092 1487 3270 1541 visum
3303 1499 3390 1541 est
3425 1500 3614 1540 eorum

2049 1581 2342 1651 baptisma,
2389 1578 2639 1648 pluribus
2689 1575 3015 1632 consulendi
3063 1589 3253 1637 causa,
3311 1573 3613 1643 suscipien-

2049 1671 2177 1726 dum
2226 1686 2371 1735 esse,
2408 1670 2784 1740 suscipiatur.
2818 1668 3224 1723 Encratitarum
3263 1673 3445 1720 autem
3484 1663 3618 1718 faci-

2050 1776 2154 1817 nus
2189 1766 2403 1830 oportet
2446 1774 2548 1814 nos
2577 1759 2905 1829 intelligere.
2941 1756 3238 1819 Nimirum,
3272 1763 3332 1808 ut
3380 1755 3616 1808 reditum

2049 1855 2154 1910 sibi
2179 1855 2235 1909 in
2266 1853 2569 1909 Ecclesiam
2609 1852 3000 1915 intercludant,
3028 1851 3271 1922 aggressi
3302 1859 3432 1905 sunt
3458 1848 3616 1905 dein-

2048 1961 2178 2017 ccps
2224 1945 2445 2016 proprio
2500 1944 2830 2015 baptismate
2879 1957 3267 2013 praeoccupare
3313 1960 3327 1996 :
3376 1940 3523 1997 unde
3564 1950 3618 1997 et

2049 2053 2204 2094 suam
2236 2038 2483 2107 ipsorum
2524 2034 2981 2091 consuetudinem
3006 2033 3309 2088 violarunt.
3347 2032 3616 2087 Existimo

2048 2129 2253 2198 itaque.
2299 2126 2559 2197 quoniam
2603 2125 2742 2180 nihil
2790 2125 2862 2180 de
2894 2125 3004 2179 illis
3033 2133 3224 2193 aperte
3269 2124 3473 2179 dictum
3510 2131 3615 2188 est,

2048 2234 2240 2274 eorum
2280 2218 2550 2288 baptisma
2594 2231 2625 2271 a
2670 2216 2830 2272 nobis
2878 2215 3238 2282 rejiciendum
3275 2231 3433 2283 esse;
3467 2230 3530 2270 ac
3570 2216 3617 2272 si

2046 2311 2172 2381 quis
2207 2310 2277 2365 ab
2320 2311 2401 2365 eis
2448 2310 2756 2380 acceperit,
2805 2309 3155 2364 accedentem
3201 2309 3268 2362 ad
3316 2307 3616 2365 Ecclesiam

2046 2402 2456 2472 baptizandum.
2514 2401 2696 2473 (Quod
2747 2403 2793 2457 si
2851 2401 2958 2456 hoc
3008 2401 3250 2471 generali
3298 2400 3620 2455 oeconomiae

2049 2494 2436 2563 impedimento
2480 2494 2608 2558 erit,
2661 2509 2859 2549 rursus
2909 2493 3310 2547 consuetudine
3351 2490 3616 2546 utendum

2047 2594 2153 2649 est,
2186 2594 2241 2641 et
2268 2586 2422 2656 sequi
2464 2593 2681 2656 Oportet
2714 2584 2930 2650 Patres,
2964 2585 3056 2655 qui
3098 2599 3220 2656 qua:
3253 2583 3319 2639 ad
3352 2598 3456 2639 nos
3490 2597 3618 2653 pere

2047 2678 2247 2741 tinent,
2288 2678 2765 2748 dispensaverunt.
2796 2676 2998 2731 Vereor
3025 2677 3191 2741 enim,
3223 2691 3310 2740 ne,
3346 2674 3476 2730 dum
3515 2689 3612 2729 eos

2048 2768 2300 2824 volumus
2345 2769 2413 2823 ad
2463 2768 2845 2838 baptizandum
2882 2767 3070 2821 tardos
3120 2767 3339 2831 facere,
3382 2765 3615 2836 impedi-

2047 2867 2233 2914 mento
2264 2868 2487 2930 propter
2519 2860 2804 2915 sententiae
2831 2859 3180 2915 severitatem
3218 2859 3392 2912 simus
3425 2857 3494 2913 iis
3517 2858 3613 2927 qui

2048 2951 2377 3021 salvantur.)
2417 2950 2573 3017 Quod
2623 2950 2668 3006 si
2710 2950 2790 3004 illi
2838 2959 3090 3005 nostrum
3131 2950 3460 3019 baptismum
3503 2964 3616 3005 ser-

2049 3051 2196 3106 vant,
2240 3043 2343 3096 hoc
2390 3056 2491 3096 nos
2517 3057 2629 3096 non
2673 3049 2909 3095 moveat.
2943 3040 3130 3110 Neque
3166 3043 3314 3097 enim
3354 3041 3616 3097 debemus

2048 3148 2148 3202 par
2186 3134 2303 3203 pari
2355 3132 2580 3196 referre,
2630 3133 2727 3189 sed
2777 3142 3051 3188 accuratae
3105 3149 3381 3188 canonum
3430 3134 3616 3189 obser-

2046 3225 2251 3279 vationi
2287 3227 2520 3281 servire.
2549 3225 2709 3280 Omni
2751 3237 2934 3281 autem
2984 3227 3197 3281 ratione
3231 3235 3528 3291 statuatur,
3560 3235 3615 3279 ut

2047 3317 2083 3371 ii
2114 3318 2207 3387 qui
2242 3317 2313 3372 ab
2342 3317 2563 3371 illorum
2602 3317 2879 3387 baptismo
2923 3318 3173 3381 veniunt,
3217 3324 3494 3387 ungantur
3529 3332 3615 3370 co-

2047 3424 2162 3463 ram
2196 3408 2447 3464 ﬁdelibus
2475 3409 2747 3476 videlicet,
2781 3418 2834 3462 et
2880 3409 2953 3462 ita
2992 3408 3211 3463 demum
3258 3409 3327 3462 ad
3357 3407 3614 3478 mysteria

2047 3501 2331 3556 accedant.
2370 3499 2495 3554 Scio
2538 3510 2742 3566 autem,
2782 3498 3004 3564 fratres,
3034 3499 3301 3565 lzoinum,
3340 3511 3394 3553 et
3421 3500 3616 3552 Satur-

2048 3595 2265 3659 ninum,
2309 3594 2403 3663 qui
2434 3600 2591 3649 erant
2621 3610 2687 3646 ex
2728 3593 2946 3646 illorum
2977 3592 3192 3657 ordine,
3224 3592 3279 3645 in
3328 3591 3613 3661 episcopo-

2045 3702 2168 3741 rum
2212 3686 2527 3741 cathedram
2559 3700 2588 3738 a
2620 3685 2780 3739 nobis
2814 3699 2940 3738 esse
2969 3690 3278 3753 susceptos.
3315 3681 3496 3748 Quare
3522 3696 3615 3736 eos

2047 3780 2141 3849 qui
2179 3779 2397 3831 illorum
2435 3778 2617 3831 ordini
2667 3776 2950 3845 conjuncti
2994 3785 3145 3838 sunt,
3180 3790 3290 3828 non
3324 3789 3614 3844 possumus

2048 3870 2285 3941 amplius
2332 3869 2401 3924 ab
2447 3868 2691 3924 Ecclesia
2732 3881 3028 3938 separare:
3076 3865 3166 3935 qui
3215 3865 3427 3920 scilicet
3468 3878 3612 3918 com-

2045 4066 2134 4137 do.
2161 4066 2465 4137 Sperabam
2493 4079 2622 4135 ergo
2656 4063 2921 4137 Catholici
2951 4061 3220 4137 tardiores
3235 4060 3315 4137 3d
3333 4058 3616 4137 ejusmodi

2045 4130 2316 4206 baptisma
2362 4130 2672 4191 Encratitas
2719 4135 2952 4195 futuros,
2973 4135 3031 4206 _si
3062 4132 3195 4206 illud
3227 4130 3493 4206 Catholici
3527 4145 3618 4206 ra-

2045 4201 2156 4260 tum
2193 4207 2396 4262 habere
2445 4207 2686 4272 nollent;
2722 4205 2920 4260 nedum
2971 4203 3072 4272 ipsi
3116 4202 3406 4255 Encratitae
3443 4201 3615 4271 bapti-

2042 4280 2236 4333 smatis
2282 4278 2713 4331 immutationem
2765 4291 2830 4330 eo
2889 4275 3119 4328 consilio
3166 4273 3501 4333 induxerint,
3558 4280 3616 4325 ut

2040 4346 2309 4414 ejusmodi
2343 4347 2611 4416 baptisma
2656 4363 2686 4400 a
2715 4343 3382 4416 Cathulicisrejiceretur.
3411 4342 3614 4416 Quam-

2038 4412 2224 4470 obrem
2278 4416 2394 4471 haec
2414 4412 2609 4478 'verb'a,
2641 4428 2699 4469 ut
2727 4417 2952 4469 reditum
2985 4413 3088 4467 sibi
3124 4415 3179 4466 in
3220 4412 3505 4466 Ecclesiam
3533 4412 3612 4465 in-

368 4503 448 4541 sa.
480 4486 632 4551 Quod
682 4497 861 4541 autem
895 4482 970 4537 ait
1022 4492 1125 4540 hoc
1187 4482 1424 4539 facinus'
1444 4502 1539 4542 cos
1582 4488 1843 4555 incipere.
1878 4500 1930 4539 ut
1970 4489 2010 4533 υ
2042 4487 2360 4549 tercludant,
2393 4502 2502 4540 non
2536 4487 2829 4541 consilium
2863 4492 2917 4539 ct
2951 4484 3289 4554 propositum
3313 4482 3613 4536 Encratita-

370 4557 601 4610 reditum
636 4557 737 4611 sibi
797 4556 852 4609 in
892 4555 1186 4609 Ecclesiam
1234 4557 1847 4620 intercludant,videtur
1888 4558 1940 4611 id

370 4630 544 4696 prima
603 4627 785 4696 specie
846 4626 899 4678 in
952 4641 1070 4680 eam
1138 4629 1460 4681 sententiam
1519 4628 1937 4696 accipiendum,

369 4695 527 4766 quasi
562 4695 853 4750 Encratitze
881 4695 1147 4765 baptisma
1197 4711 1354 4750 suum
1383 4712 1446 4750 ea
1506 4695 1687 4751 mente
1739 4698 1937 4750 immu—

370 4777 601 4832 tassent,
639 4774 696 4820 ut
725 4767 1040 4821 Catholicos
1068 4766 1136 4819 ad
1167 4766 1299 4820 illud
1340 4767 1695 4835 rejiciendum
1745 4768 1932 4819 incita-

370 4846 515 4919 rent,
545 4838 732 4919 sicque
766 4837 949 4917 plures
1007 4837 1064 4918 in
1114 4844 1262 4919 secta
1309 4838 1613 4919 contineret
1645 4837 1828 4919 odium
1884 4846 1939 4891 et

373 4906 502 4975 fuga
533 4906 657 4960 novi
713 4906 1077 4975 baptismatis.
1127 4906 1468 4960 Abhorrebat
1519 4909 1663 4960 enim
1713 4907 1783 4961 ab
1830 4922 1940 4960 om-

374 4979 522 5031 nium
546 4977 745 5031 animis
778 4978 1008 5031 iteratus
1045 4976 1372 5046 haptismus,
1398 4986 1454 5031 ut
1479 4977 1728 5045 pluribus
1755 4992 1939 5032 exem-

412 5050 477 5101 lis
506 5049 699 5117 probat
750 5045 1240 5117 Augustinus,’lib.
1289 5064 1327 5117 vi
1351 5047 1428 5100 De
1461 5047 1739 5116 baptismo,
1790 5063 1846 5101 ιι.
1884 5047 1936 5103 6.

415 5064 477 5101 ns
506 5064 699 5117 pronat
750 5064 1110 5115 Atlgusunus,
1147 5064 1240 5100 uo.
1289 5064 1323 5099 v
1351 5064 1428 5100 ue
1461 5064 1739 5116 oapnsmo,
1790 5064 1846 5101 ιι.
1884 5064 1936 5103 ο.

373 5064 603 5173 {Videtur
660 5132 788 5186 ergo
828 5117 1004 5185 prima
1068 5116 1252 5185 specie
1293 5116 1611 5182 Encratitts,
1649 5132 1733 5182 ea,
1775 5133 1939 5187 quam

370 5190 509 5251 dixi,
542 5189 821 5242 exstitisse
854 5201 1044 5249 causa,
1070 5201 1171 5240 cur
1200 5187 1936 5256 baptismumjmmutarent.

370 5259 663 5329 Atquenita
709 5258 853 5329 hunc
881 5257 1073 5329 locum
1096 5254 1487 5329 interpretatur
1534 5254 1938 5329 Tillemontius,

367 5325 616 5391 toniJV,
647 5343 702 5397 p.
736 5326 862 5398 69:8.
895 5325 986 5380 Sic
1006 5326 1352 5398 etianrillius
1387 5328 1633 5398 exemplo
1674 5328 1940 5398 interpre-

374 5407 523 5453 tatus
554 5396 675 5453 sum
698 5399 750 5451 in
783 5396 946 5450 Praef.
980 5410 1130 5450 novae
1158 5396 1414 5466 Cypriani
1457 5396 1679 5465 operum
1713 5396 1939 5452 editioni

375 5469 658 5538 prwmissa
710 5482 832 5536 cap.
859 5467 915 5531 4,
953 5467 1133 5538 p.712.
1178 5466 1283 5522 Sed
1323 5466 1449 5538 huic
1504 5468 1940 5538 interpretationi

378 5536 486 5592 non
520 5538 777 5593 convenit
815 5551 940 5590 cum
988 5537 1074 5591 his
1121 5553 1242 5605 quae
1283 5536 1433 5591 addit
1471 5538 1722 5591 Basilius.
1753 5536 1940 5592 Vereri

375 5611 521 5663 enim
545 5622 605 5663 se
637 5605 907 5677 signiﬁcat
925 5621 995 5660 ne
1032 5607 1319 5669 Catholici.
1347 5610 1475 5662 dum
1520 5606 1830 5664 Encratitas
1870 5611 1940 5663 ab

379 5679 481 5733 hac
502 5678 756 5747 baptismi
783 5677 1160 5747 immutatione
1187 5678 1463 5733 deterrere
1480 5679 1690 5740 volunt,
1708 5679 1936 5732 nimium

379 5749 616 5806 restricti
645 5747 756 5804 sint
784 5754 840 5804 et
867 5746 1043 5803 severi
1071 5748 1128 5803 in
1163 5763 1350 5805 eorum
1379 5747 1652 5819 baptismo
1686 5748 1938 5818 rejicien-

2044 4572 2163 4627 rum
2191 4557 2516 4627 designant,
2553 4557 2649 4610 secl
2700 4555 3103 4627 incommodum
3131 4554 3273 4627 quod
3311 4570 3378 4607 ex
3414 4568 3611 4627 eorum

2045 4625 2290 4681 facinore
2318 4625 2814 4696 'consequebatur;
2851 4626 3000 4680 velut
3040 4625 3359 4696 sidicamus
3379 4625 3611 4696 aliquem

2043 4697 2223 4751 scelus
2281 4693 2603 4752 admittere.
2647 4706 2708 4752 ut
2734 4705 2993 4752 aeternam
3041 4694 3146 4748 sibi
3200 4693 3612 4748 damnationem

2041 4775 2306 4820 accersat.

2114 4836 2225 4906 (46)
2264 4835 2508 4891 Meum.
2540 4837 2631 4890 Sic
2658 4837 2904 4906 plerique
2939 4851 3076 4891 mss.
3110 4830 3473 4906 Edili_}té).).n.

2117 4899 2226 4977 (47)
2273 4907 2404 4960 Ἀπὸ
2437 4907 2544 4960 τοῦ
2563 4899 3205 4977 βαὲττισιὶοῦᾲὲκείνω.
3237 4899 3327 4956 Sic
3355 4899 3594 4977 emenda;

2040 4969 2219 5032 vimus
2245 4993 2346 5047 ope
2365 4969 2597 5032 duorum
2631 4969 2880 5032 codicum
2914 4975 3230 5047 Regiorum,
3259 4987 3450 5047 netntpe
3468 4969 3597 5047 250g

2041 5059 2092 5103 et
2116 5040 2459 5115 2508,'quod
2500 5048 2779 5117 legebatur
2811 5048 2866 5100 in
2900 5040 3192 5117 editis‘ént
3220 5043 3297 5114 τῷ
3324 5040 3597 5117 βαπτισμιξ

2041 5120 2255 5189 ἐκείνῳ.
2303 5112 2536 5189 Quidam
2554 5112 2796 5189 'codices
2828 5116 2922 5168 ἐπὶ
2952 5116 3034 5189 τῷ
3073 5112 3362 5189 βαπτισμῷ
3395 5112 3602 5189 ἐκείνω.

2040 5190 2148 5243 Alii
2174 5181 2298 5243 cum
2328 5181 2492 5243 editis
2528 5188 2900 5251 consentiunt,
2930 5181 3038 5240 nisi
3063 5181 3207 5254 quod
3240 5181 3440 5237 habent
3471 5181 3600 5234 ὲκεί-

2041 5277 2166 5314 νων.
2201 5258 2401 5314 lbidem
2437 5257 2570 5313 editi
2600 5257 2706 5310 ὑπὸ
2740 5257 2848 5311 τῶν
2885 5253 3111 5309 πιστῶν.
3151 5253 3354 5309 Omnes
3382 5267 3516 5307 mss.
3552 5261 3604 5306 ut

2044 5331 2097 5382 in
2125 5336 2296 5383 textu.

2113 5399 2225 5467 (48)
2277 5397 2454 5458 Ἰζοΐν.
2489 5398 2624 5451 Cum
2655 5412 2850 5466 magna
2875 5397 2945 5452 sit
2981 5395 3084 5449 hac
3112 5394 3168 5448 in
3194 5407 3327 5467 voce
3360 5390 3607 5467 codicum

2042 5462 2174 5522 mss.
2208 5462 2468 5529 'varietas,
2499 5468 2652 5537 sequi
2686 5462 2976 5522 maluimus
3007 5463 3363 5537 tresicodices
3395 5462 3608 5537 optima

2040 5547 2202 5599 notae,
2228 5552 2425 5606 nempe
2453 5534 2593 5592 duos
2625 5537 2822 5606 Regios
2844 5547 2896 5591 et
2918 5536 3321 5606 Coislinianurn
3336 5534 3608 5606 primum.

2039 5609 2136 5662 Ilis
2171 5602 2573 5677 favent'plures
2601 5602 2776 5662 aliiin
2809 5608 3006 5677 quibus
3030 5606 3244 5673 legitur,
3284 5603 3495 5677 ’thbqv,
3520 5602 3606 5677 vel

2050 5669 2408 5802 ’Ἇζῗςίονίηΐνεί
2457 5677 2647 5749 ἰζόην.
2695 5677 2799 5733 Alii
2826 5669 3039 5733 habent
3070 5669 3257 5731 Ζωΐον.
3284 5669 3451 5729 Pauci
3486 5672 3610 5726 cum

2050 5765 2067 5802 Ξ
2111 5765 2125 5802 Ι
2156 5764 2205 5799 [ﬁ
2319 5764 2375 5801 Μ.

2039 5757 2205 5804 editis
2236 5757 2375 5801 "NN.
