3948 6214
352 332 450 390 ϐτί

1706 336 1765 394 S.
1808 333 2053 390 BASlLll
2092 332 2306 389 MAGNI

3506 318 3615 375 ὅτε

352 445 635 501 ωιιιιίοιιίε
659 460 785 499 cum
817 445 952 516 ipsis
981 462 1140 517 quast
1172 463 1437 504 canonem
1464 451 1778 523 quemdam,
1811 449 1927 522 epi-

2036 447 2272 517 τάγματι
2300 443 2522 500 ἐκείνων
2547 440 2660 515 (49)
2696 438 3089 511 συνημμένους,
3118 436 3301 491 οὕκέτι
3335 436 3613 507 δυνάμεθα

354 551 555 608 Bcopos
585 538 965 607 suscipiendo,
993 539 1350 595 ediderimus.

429 802 587 872 27],
618 800 682 857 Il.
725 801 857 868 Quae
878 802 945 857 de
974 798 1246 857 industria
1281 802 1446 859 fetum
1472 805 1740 875 corrupit.
1766 805 1933 861 caedis

353 908 548 965 pmnas
597 894 717 949 luit.
760 893 833 949 De
860 894 1097 949 formato
1130 904 1312 950 autem
1358 905 1454 950 aut
1491 897 1712 951 informi
1754 897 1931 951 subti-

354 985 464 1041 lius
493 1001 601 1040 non
628 986 985 1057 inquirimus.
1027 986 1128 1039 Hic
1157 988 1305 1043 enim
1342 1004 1451 1043 non
1484 989 1536 1043 id
1586 990 1747 1042 modo
1787 989 1932 1058 quod

352 1078 696 1132 nasciturum
748 1087 885 1143 erat,
922 1079 1254 1144 vindicatur,
1309 1080 1406 1135 sed
1450 1082 1614 1136 etiam
1656 1083 1749 1139 illa
1790 1085 1931 1155 ipsa,

351 1184 474 1239 quae
496 1169 600 1224 sibi
635 1170 868 1226 insidias
892 1174 1124 1239 paravit,
1154 1173 1412 1241 quoniam
1449 1182 1507 1225 ut
1533 1174 1826 1243 plurimum
1858 1177 1933 1231 in-

350 1265 572 1312 tereunt
610 1258 664 1311 in
692 1258 971 1327 ejusmodi
1004 1262 1238 1331 inceptis
1267 1263 1548 1317 mulieres.
1598 1264 1714 1319 llue
1749 1276 1931 1322 autem

352 1348 566 1403 accedit
608 1356 663 1403 et
692 1348 841 1407 fetus
893 1352 1171 1416 interitus,
1214 1352 1392 1408 caedes
1422 1354 1613 1419 altera,
1660 1357 1851 1412 saltem
1883 1358 1930 1413 si

352 1440 573 1495 consilii
619 1455 812 1495 eorum
857 1443 953 1514 qui
1007 1444 1123 1500 haec
1178 1445 1404 1508 audent,
1448 1448 1590 1501 ratio
1640 1448 1927 1506 habeatur.

353 1529 584 1599 Oportet
610 1539 794 1587 autem
837 1550 948 1589 non
979 1534 1048 1589 ad
1097 1535 1306 1591 obitum
1337 1553 1513 1608 usque
1553 1541 1929 1609 paenitentiam

351 1638 543 1679 earum
597 1627 927 1691 extendere,
980 1628 1074 1683 sed
1129 1628 1316 1683 decem
1377 1632 1595 1701 quidem
1659 1648 1926 1688 annorum

352 1730 669 1772 mensuram
704 1719 1011 1788 accipiant;
1043 1719 1336 1776 deliniatur
1365 1734 1547 1779 autem
1579 1726 1794 1782 curatio
1816 1741 1929 1783 non

353 1817 623 1879 tempore,
658 1810 753 1865 sed
787 1812 1126 1881 poenitentia:
1151 1816 1332 1871 modo.

425 1898 513 1955 lll.
561 1898 839 1958 Diaconus
864 1910 989 1973 post
1015 1905 1367 1962 diaconatum
1398 1906 1725 1973 fornicatus,
1749 1909 1931 1966 diaco-

352 2003 485 2049 natu
525 1996 781 2066 ejicietur
824 1996 1066 2067 quidem,
1117 1997 1214 2053 sed
1255 1999 1311 2053 in
1360 1998 1626 2055 laicorum
1672 2000 1929 2057 detrusus

351 2084 556 2149 locum,
592 2100 623 2139 a
653 2087 1041 2143 communione
1069 2103 1177 2143 non
1206 2090 1504 2144 arcebitur.
1533 2089 1800 2157 Quoniam
1826 2108 1928 2147 an-

354 2175 545 2244 tiquus
590 2184 674 2231 est
706 2191 906 2242 canon,
944 2187 1002 2232 ut
1024 2177 1063 2232 ii
1093 2177 1185 2247 qui
1218 2178 1393 2249 gradu
1418 2181 1762 2247 exciderunt,
1801 2181 1929 2236 huic

352 2266 457 2322 soli
509 2281 684 2336 poenae
731 2268 917 2339 generi
963 2268 1351 2338 subjiciuntur,
1406 2271 1667 2341 antiquis,
1710 2273 1928 2342 opinor,

351 2360 562 2415 secutis
608 2360 779 2430 legem
822 2361 1015 2427 illam,
1069 2360 1193 2417 Non
1246 2362 1539 2417 vindicabt's
1596 2365 1677 2419 bis
1730 2366 1786 2420 in
1841 2366 1928 2420 id-

349 2451 528 2519 ipsum
548 2451 591 2483 δ’
616 2467 635 2505 :
664 2460 831 2522 atque
855 2453 1018 2507 etiam
1051 2462 1272 2524 propter
1299 2455 1465 2509 aliam
1496 2471 1754 2524 causam;
1782 2458 1930 2528 quod

353 2544 446 2613 qui
480 2543 535 2597 in
566 2543 764 2598 ordine
794 2553 926 2598 sunt
948 2545 1110 2609 laico,
1138 2546 1184 2601 si
1219 2562 1249 2599 a
1277 2546 1398 2600 loco
1423 2547 1662 2602 ﬁdelium
1700 2548 1929 2617 ejician-

353 2646 462 2695 tur,
496 2649 690 2689 rursus
721 2636 775 2688 in
807 2650 955 2699 eum,
984 2651 1048 2689 ex
1083 2652 1194 2706 quo
1231 2637 1571 2704 ceciderunt,
1614 2640 1793 2695 locum
1830 2657 1923 2697 re-

352 2726 671 2797 cipiuntur;
698 2727 967 2782 diaconus
992 2744 1120 2782 vero
1146 2730 1313 2785 semel
1346 2730 1507 2787 habet
1534 2748 1753 2803 semper
1774 2749 1930 2788 inan-

355 2832 546 2873 suram
598 2833 818 2889 pmnam
864 2818 1246 2888 depositionis.
1298 2819 1568 2887 Quoniam
1606 2824 1772 2894 igitur
1810 2825 1930 2880 dia-

353 2917 586 2965 conatus
617 2910 666 2964 ei
692 2925 800 2963 non
827 2911 1152 2973 restituitur,
1190 2911 1247 2966 in
1278 2927 1343 2967 ea
1368 2913 1483 2968 sola
1524 2916 1728 2969 mulcta
1762 2923 1931 2971 stete-

353 3010 503 3056 runt.
522 3000 698 3072 Atque
712 3002 826 3056 haec
844 3001 1065 3071 quidem
1084 3010 1345 3073 suntquae
1361 3018 1428 3058 ex
1444 3006 1929 3063 constitutionibus

354 3091 644 3147 habentur.
680 3090 736 3145 ln
779 3093 1037 3147 omnibus
1083 3101 1262 3147 autem
1309 3094 1494 3148 verior
1533 3096 1801 3152 medicina
1843 3106 1929 3153 est

2033 538 2331 610 διακρίνειν
2382 536 2491 591 ἀπὸ
2552 535 2651 605 τῆς
2709 531 3055 602 Ἐκκλησίας.
3086 525 3198 582 οἷον
3248 528 3451 583 κανόνα
3490 532 3615 583 τινα

2033 630 2135 700 τῆς
2185 629 2323 701 πρὸς
2365 628 2563 691 αὐτοὺς
2599 625 2887 688 κοινωνίας
2933 622 3213 694 ἐπιθέμενοι
3241 620 3327 674 διὰ
3371 621 3471 685 τῖες
3505 621 3614 675 τῶν

2036 723 2354 777 ἐπισκόπων
2381 720 2713 792 παραδοχῆς.

2106 815 2180 870 B'.
2200 814 2471 886 Φθείρασα
2501 811 2620 866 κατ’
2648 808 3010 880 ἐπιτήδευσιν,
3028 807 3189 877 φόνου
3221 808 3375 877 δίκην
3394 807 3612 877 ὑπέχει.

2046 905 2423 978 Ἀκριόολογία
2449 905 2507 957 δὲ
2528 900 3033 973 ἐκμεμορςρωμένου
3065 900 3159 952 καὶ
3183 900 3615 962 ἀνεξεικονίστου

2035 1001 2165 1069 παρ’
2195 1000 2327 1068 ἡμῖν
2355 997 2456 1050 οὐκ
2488 996 2657 1049 ἔστιν.
2721 991 2988 1046 Ἐνταῦοα
3043 992 3152 1062 γὰρ
3209 991 3503 1045 ἑκδικεῖται
3550 992 3612 1043 οὐ

2038 1089 2196 1161 μόνον
2252 1089 2313 1142 τὸ
2361 1086 2826 1159 γεννηθησόμενον
2873 1084 3010 1154 (50),
3070 1083 3210 1137 ἀλλὰ
3262 1084 3356 1137 καὶ
3392 1083 3535 1155 αὑτὴ
3577 1085 3613 1155 ή

2034 1183 2199 1252 ἑαυτῇ
2242 1179 2706 1233 ἐπιϐουλεύσασα·
2752 1178 2885 1230 διότι
2918 1177 2992 1240 ὼς
3029 1175 3122 1228 ἐπὶ
3151 1175 3212 1228 τὸ
3242 1174 3377 1228 πολὺ
3417 1177 3618 1229 ἐναπο-

2034 1271 2325 1342 θνήσκουσι
2377 1273 2497 1334 ταῖς
2545 1269 2820 1331 τοιαύταις
2869 1268 3270 1338 ἑπιχειρήσεσιν
3324 1268 3381 1319 αί
3422 1270 3611 1334 γυναῖ-

2033 1378 2145 1426 κες.
2188 1363 2456 1433 Πρόσεστι
2497 1361 2553 1414 δὲ
2571 1358 2745 1430 τούτῳ
2775 1359 2931 1429 καὶὴ
2965 1356 3141 1426 φθορὰ
3201 1356 3296 1410 τοῦ
3343 1357 3612 1429 ἐμϐρύου.

2032 1452 2220 1523 ἕτερος
2262 1452 2438 1522 φόνος.
2476 1451 2619 1505 κατά
2661 1467 2726 1519 γε
2759 1450 2859 1521 τὴν
2889 1448 3131 1500 ἐπίνοιαν
3163 1446 3271 1500 τῶν
3296 1448 3470 1501 ταῦτα
3494 1448 3614 1501 τολ-

2035 1543 2282 1615 μώντων.
2316 1546 2410 1597 Δεῖ
2438 1544 2620 1613 μέντοι
2642 1543 2715 1613 μὴ
2753 1542 2913 1612 μέχρι
2941 1541 3038 1609 τῆς
3056 1537 3236 1604 ἐξόδου
3262 1540 3613 1611 παρατείνειν

2032 1633 2211 1688 αὐτῶν
2243 1632 2341 1704 τὴν
2377 1631 2785 1702 ἐξομολόγησιν.
2837 1629 2973 1683 ἀλλὰ
3019 1628 3269 1698 δέχεσθαι
3301 1629 3400 1699 μὲν
3423 1631 3484 1683 τὸ
3513 1632 3611 1701 μέ-

2032 1742 2160 1795 τρον
2214 1723 2326 1795 (51)
2380 1724 2489 1777 τῶν
2530 1722 2663 1777 δέκα
2717 1721 2890 1775 ἐτῶνο
2943 1721 3146 1792 ὁρίζειν
3183 1720 3240 1773 δὲ
3285 1722 3361 1792 μὴ
3412 1722 3610 1793 χρόνῳ,

1960 1815 1999 1871 Β
2024 1816 2158 1870 ἀλλὰ
2184 1816 2370 1887 τρόπῳ
2397 1815 2499 1886 τῆς
2529 1813 2819 1887 μετανοίας
2845 1812 2944 1885 τὴν
2973 1812 3290 1882 θεραπείαν.

2098 1906 2170 1960 I".
2208 1907 2481 1970 Διάκονος,
2512 1904 2650 1975 μετὰ
2667 1903 2767 1975 τὴν
2804 1903 3078 1957 διακονίαν
3118 1902 3441 1975 πνρνεύσας,
3479 1904 3613 1957 ἀπό-

2028 1995 2224 2067 ϐλητος
2271 1996 2372 2066 μὲν
2433 1995 2534 2066 τῆς
2581 1993 2861 2057 διακονίας
2906 1993 3054 2047 ἔσται
3084 2010 3098 2024 ο
3147 1997 3229 2058 είς
3274 1994 3331 2047 δὲ
3369 1995 3463 2048 τὸν
3503 1995 3611 2048 τῶν

2028 2086 2230 2140 λαῖκῶν
2287 2085 2565 2150 ἀπωσθεὶς
2601 2085 2787 2147 τόπον,
2812 2083 2915 2154 τῆς
2948 2083 3233 2148 κοινωνίας
3256 2085 3357 2138 οὐκ
3389 2085 3609 2157 είρχθήσ

2030 2196 2201 2233 σεται.
2234 2179 2379 2232 Διότι
2408 2178 2634 2250 ἀρχαῖός
2662 2180 2780 2231 ἐστι
2811 2175 2991 2231 κανὼν
3018 2176 3132 2247 (5'2)
3163 2179 3292 2239 τοὺς
3341 2178 3452 2231 ἀπὸ
3511 2178 3610 2248 βα-

2029 2267 2167 2340 θμοῦ
2207 2269 2563 2333 πεπτωκότας
2589 2267 2761 2338 τούτῳ
2795 2267 2942 2338 μόνῳ
2979 2267 3058 2336 τῷ
3105 2268 3291 2340 τρόπῳ
3324 2269 3423 2340 τῆς
3452 2269 3613 2323 κολά-

2029 2377 2167 2425 σεως
2214 2357 2652 2415 ὑποϐάλλεσθαι·
2710 2356 3195 2429 ἀκολουθησάντων
3228 2397 3246 2421 ,
3296 2357 3374 2421 ὡς
3433 2354 3608 2428 οἶμαι,

2027 2453 2135 2507 τῶν
2166 2452 2224 2518 ἐξ
2260 2451 2435 2524 ἀρχῆς
2466 2449 2545 2522 τῷ
2569 2452 2717 2522 νόμῳ
2741 2450 2936 2521 ἐκείνῳ
2960 2448 3058 2521 τῷ,
3109 2451 3231 2503 Οὐκ
3271 2449 3613 2518 ὲκδικήσεις

2027 2543 2122 2608 δίς
2150 2544 2247 2597 ἐπὶ
2294 2542 2361 2597 τὸ
2415 2544 2566 2596 αὐτό
2586 2561 2598 2573 ·
2635 2543 2729 2595 καὶ
2774 2540 2843 2594 δι’
2874 2543 3068 2614 ἑτέραν
3095 2541 3153 2594 δὲ
3202 2541 3381 2594 αἰτίαν
3405 2558 3418 2572 ·
3447 2543 3529 2595 ὅτι
3560 2544 3611 2596 oi

2033 2636 2131 2705 μὲν
2176 2635 2234 2687 ἐν
2288 2633 2364 2704 τῷ
2393 2632 2565 2703 λαῖκῷ
2597 2631 2751 2696 ὄντες
2803 2633 3065 2702 τάγματι,
3101 2630 3487 2702 ἐκϐεϐλημένοι
3514 2636 3610 2687 τοῦ

2029 2726 2193 2779 τόπου
2240 2725 2349 2779 τῶν
2399 2723 2628 2787 πιστῶν,
2679 2722 2842 2778 πάλιν
2888 2726 2968 2787 είς
3009 2723 3100 2776 τὸν
3139 2725 3233 2792 ἀφ’
3263 2718 3325 2777 οὗ
3357 2723 3611 2789 ἐξέπεσον

2026 2819 2192 2872 τόπον
2252 2817 2758 2889 ἀναλαμϐάνονται·
2810 2817 2840 2869 ὁ
2896 2815 2954 2869 δὲ
3014 2816 3261 2879 διάκονος
3314 2816 3461 2884 ἅπαξ
3499 2817 3611 2887 ἔχει

2027 2913 2223 2982 διαρκῆ
2253 2910 2352 2982 τὴν
2377 2910 2534 2979 δίκην
2548 2908 2646 2979 τῆς
2669 2899 3062 2979 καθαιρέσεως.
3103 2907 3188 2972 Ὡς
3219 2904 3311 2961 οὖν
3342 2909 3442 2962 οὐκ
3474 2909 3613 2962 ἀπο-

2026 3000 2312 3071 διδομένης
2368 2997 2517 3068 αὐτῷ
2552 2998 2651 3068 τῆς
2689 2996 2983 3061 διακονίας,
3014 2999 3107 3051 ἐπὶ
3143 2998 3343 3069 ταύτης
3373 2999 3608 3070 ἔστησαν

2034 3092 2200 3161 μόνης
2251 3091 2351 3161 τῆς
2400 3088 2750 3159 ἐκδικήσεως.
2798 3086 2987 3140 Ταῦτα
3045 3090 3142 3158 μὲν
3163 3085 3256 3142 οὖν
3300 3088 3370 3142 τὰ
3401 3090 3466 3141 ὲκ
3497 3088 3607 3143 τῶν

355 3196 607 3235 recessus
636 3194 666 3232 a
698 3192 943 3250 peccato.
975 3179 1156 3246 Quare
1191 3182 1284 3252 qui
1318 3192 1539 3253 propter
1562 3186 1745 3241 carnis
1773 3188 1929 3242 volu-

2036 3160 2239 3235 τύπων.
2275 3160 2519 3234 Καθόλου
2565 3179 2620 3230 δὲ
2665 3177 3027 3250 ἀληθέστερόν
3082 3182 3228 3233 ἐστιν
3275 3181 3414 3251 ιαμα
3442 3182 3477 3252 ἡ
3509 3183 3610 3251 τῆς

355 3277 558 3341 ptatem
590 3270 829 3339 gratiam
865 3270 1084 3340 abjecit,
1111 3271 1158 3327 is
1190 3273 1238 3327 si
1264 3288 1484 3329 carnem
1518 3278 1853 3332 conterenda
1874 3287 1929 3334 et

2036 3270 2310 3345 ᾲμαρτίας
2352 3267 2718 3340 ἀναχώρησις.
2759 3268 2921 3320 Ὥστε
2963 3270 2991 3322 ὁ
3034 3269 3122 3322 διὰ
3166 3271 3368 3340 σαρκὸς
3413 3271 3609 3341 ἡδονὴν

354 3362 410 3415 in
442 3375 686 3427 omnem,
715 3362 1019 3417 secundum
1052 3364 1405 3421 continentiae
1434 3368 1778 3439 praescripta,
1811 3386 1929 3426 ser-

2036 3362 2303 3432 ἁθετήσας
2354 3360 2451 3431 τὴν
2484 3359 2664 3430 χάριν,
2703 3359 2792 3413 διὰ
2838 3359 2930 3414 τοῦ
2985 3360 3321 3434 συντριμμοῢ
3356 3361 3470 3432 (55)
3509 3361 3609 3431 τῆς

356 3454 584 3507 vitutem
613 3452 909 3524 redigenda
933 3458 1153 3510 secedat
1179 3473 1207 3511 a
1248 3459 1638 3528 voluptatibus,
1671 3476 1701 3515 a
1724 3462 1925 3532 quibus

355 3545 535 3599 victus
570 3554 624 3599 et
654 3554 967 3615 prostratus
996 3558 1100 3614 est,
1152 3551 1372 3619 plenum
1416 3553 1578 3608 nobis
1613 3569 1727 3609 suae
1756 3570 1921 3610 cura-

355 3639 523 3696 tionis
574 3641 851 3710 specimen
896 3642 1070 3698 dabit.
1120 3643 1306 3713 Itaque
1352 3645 1495 3698 scire
1549 3659 1650 3700 nos
1699 3656 1931 3716 utraque

354 3739 592 3803 oportet,
641 3741 697 3789 et
743 3749 865 3805 qua:
914 3744 1045 3791 sunt
1092 3737 1290 3791 summi
1316 3737 1481 3806 juris,
1535 3747 1591 3793 et
1637 3723 1759 3808 quae
1803 3746 1934 3794 sunt

353 3825 810 3883 consuetudinis:
843 3828 1001 3899 sequi
1030 3837 1212 3885 autem
1263 3827 1321 3883 in
1373 3830 1442 3885 iis
1490 3846 1611 3901 quae
1652 3845 1927 3887 summum

347 3920 444 3989 jus
474 3932 585 3973 non
617 3918 937 3985 admittunt,
965 3918 1199 3976 formam
1235 3921 1511 3978 traditam.

426 4091 470 4124 "
508 4091 723 4147 Nabum
756 4109 795 4159 ι,
822 4092 876 4149 9.

427 4209 542 4281 (49)
585 4209 883 4264 Ἐκείνων.
934 4207 1009 4264 lta
1045 4208 1479 4281 mss.__plerique.
1521 4206 1660 4281 Editi
1704 4207 1921 4281 ἐκείνῳ.

428 4262 543 4347 ἶ
578 4262 1291 4349 Γέκκηθησόιιένωῖήῌῖοί
1326 4262 1478 4332 lo'cus
1518 4278 1599 4331 sic
1643 4278 1840 4349 legitur
1870 4262 1926 4331 in

358 4350 634 4423 pluribus
662 4365 795 4423 mss.
832 4347 1131 4423 i'codiei-bus
1162 4368 1175 4403 :
1209 4349 1591 4420 γενησόμενον,
1641 4347 1778 4403 ἀλλὰ
1834 4349 1929 4402 καὶ

359 4418 522 4481 iure;
553 4422 581 4473 ὁ
617 4418 793 4489 ἑαυτῷ
826 4418 1233 4482 ἐπιϐουλεύσας.

436 4489 546 4560 (5|)
585 4488 869 4558 Δέχεσθαι
905 4490 1022 4560 μὲν
1067 4490 1129 4543 τὸ
1159 4489 1397 4558 μέτρον.
1440 4488 1932 4560 Consentiunthoe

364 4562 489 4618 loco
515 4558 735 4615 Codices
769 4558 916 4613 IIISS;
941 4559 1090 4614 Unde
1116 4563 1283 4630 Iniror
1314 4564 1363 4612 in
1398 4561 1558 4615 editis
1586 4560 1687 4624 legi
1718 4558 1855 4630 μετὰ
1874 4559 1936 4613 τὸ

367 4632 590 4703 μέτρον,
628 4640 747 4690 post
789 4646 1087 4685 mensuram
1113 4629 1288 4684 decem
1320 4646 1582 4685 annorum
1611 4645 1700 4684 eas
1724 4629 1934 4698 'cportet

364 4719 448 4758 rec
453 4717 609 4758 mere.

436 4718 860 4845 ίέέὶὲἷείὶρχαιός
879 4770 1010 4845 ἐστι
1040 4770 1258 4825 κανών.
1283 4771 1642 4845 liespic:t,_ni_
1663 4768 1841 4834 fallor,
1868 4769 1933 4824 ad

361 4839 627 4898 annonem
655 4840 728 4896 25
779 4842 1197 4911 apostolorum,
1230 4841 1295 4895 ad
1344 4839 1504 4911 quem
1551 4839 1841 4911 Balsamou
1882 4851 1936 4895 et

363 4911 610 4967 Zonaras
654 4913 950 4967 observant
995 4910 1259 4965 nonnulla
1290 4910 1413 4966 esSe
1444 4910 1935 4981 peccatagquibus

362 4982 877 5046 excommunicatio,
943 4997 1053 5037 non
1111 4981 1286 5036 solum
1313 4980 1581 5050 depositio
1638 4980 1933 5050 inﬂigitur;

362 5053 513 5107 velut
547 5054 591 5107 si
622 5053 747 5123 quis
777 5053 1029 5122 pecunia,
1065 5051 1151 5106 vel
1180 5053 1534 5121 magistratus
1568 5053 1934 5123 potentiaﬂsa-

366 5121 669 5178 cerdotium
700 5121 1046 5192 assequatur,
1083 5130 1142 5176 ut
1171 5123 1575 5192 sancitur_can.
1608 5121 1677 5176 29
1707 5128 1761 5176 et
1787 5121 1876 5175 50.

438 5192 550 5263 (55)
580 5190 955 5263 Σιυντριμλιοῦ
982 5191 1087 5263 τῆς
1127 5194 1374 5258 σαρκός.
1427 5190 1543 5263 Duo
1571 5201 1780 5246 veteres
1812 5190 1934 5263 libri

368 5261 707 5335 συντριμμοῦ
756 5261 1146 5335 τῆςίκαρδίας,
1193 5277 1286 5335 per
1321 5262 1698 5335 contritione":
1736 5261 1933 5335 cordis.

366 5330 616 5403 Constat'
640 5330 822 5403 autem
867 5330 1422 5388 hic'canon‘duabus
1450 5333 1719 5402 partibus.
1753 5330 1935 5403 Prima

367 5402 617 5473 diaconis
649 5402 1235 5458 excouimunieationis
1263 5411 1315 5456 et
1351 5404 1616 5472 graduum
1667 5402 1936 5473 poeniten-

369 5471 458 5525 tia
484 5473 786 5528 molestiam
816 5476 1025 5528 eximit.
1074 5474 1258 5529 Altera
1301 5471 1482 5528 veram
1526 5481 1580 5527 et
1611 5471 1936 5527 in'omnibus

368 5543 694 5599 servandam
726 5544 1030 5614 praescribit
1062 5544 1410 5614 medicinam,
1435 5558 1557 5614 quas
1577 5558 1662 5599 est
1684 5557 1937 5614 recessus

370 5628 402 5667 a
445 5622 686 5681 peccato,
727 5612 835 5669 nec
870 5614 1130 5668 diaconos
1173 5614 1242 5667 ab
1285 5612 1589 5668 exhibendo
1634 5612 1938 5667 curationis

369 5683 809 5764 suarspecitnine
848 5684 1117 5764 immunes
1148 5684 1427 5752 relinquit.
1473 5682 1627 5764 unde
1663 5684 1938 5753 colligitur

368 5752 591 5810 clericis
620 5753 787 5822 lapsis
814 5769 924 5809 non
959 5755 1141 5809 statim
1168 5767 1494 5809 concessum
1531 5752 1704 5811 fuisse
1735 5752 1936 5824 corpus

2033 3455 2232 3526 σαρκὸς
2254 3454 2348 3508 καὶ
2382 3452 2560 3522 πάσης
2580 3451 2955 3521 δουλαγωγίας
2991 3453 3093 3523 τῆς
3132 3456 3250 3506 κατ’
3281 3455 3611 3524 ἐγκράτειαν
3690 3466 3697 3475 ’

2029 3545 2271 3608 ἀποστὰς
2318 3543 2427 3598 τῶν
2479 3543 2701 3614 ἡδονῶν,
2749 3544 2837 3613 ὑφ’
2867 3538 2942 3598 ὧν
2990 3545 3364 3617 κατεστράφη,
3397 3546 3610 3601 τελείαν

2033 3639 2163 3709 ἡμῖν
2218 3637 2443 3708 παρέξει
2470 3633 2571 3705 τῆς
2624 3634 2955 3707 ίατρεύσεως
2986 3636 3150 3689 αὑτοῦ
3183 3638 3282 3707 τὴν
3309 3636 3605 3704 ἀπόδειξιν.

2046 3728 2352 3800 Ἀμφότερα
2377 3727 2557 3780 τοίνυν
2578 3726 2779 3780 είδέναι
2815 3729 2961 3798 ἡμᾶς
2992 3727 3089 3793 δεῖ,
3115 3731 3209 3782 καὶ
3236 3729 3304 3782 τά
3331 3730 3428 3801 τῆς
3452 3731 3611 3800 ἀκρι-

2032 3819 2186 3883 θείας
2226 3818 2322 3872 καὶ
2372 3817 2442 3871 τὰ
2486 3818 2588 3887 τῆς
2631 3815 2953 3887 συνηθείας·
2997 3818 3225 3874 ἔπεσθαι
3266 3821 3321 3873 δὲ
3366 3822 3459 3873 ἐπὶ
3499 3822 3608 3874 τῶν

2036 3911 2111 3983 μὴ
2158 3908 2602 3981 καταδεξαμένων
2647 3908 2747 3979 τὴν
2784 3909 3062 3981 ἀκρότητα
3116 3911 3194 3982 τῷ
3249 3911 3607 3983 παραδοθέντε

2031 4022 2208 4076 τυπῳ.

2034 4208 2267 4269 Domini.
2318 4213 2414 4266 sed
2466 4229 2659 4269 eorum
2702 4229 3119 4270 conversronem
3168 4221 3453 4282 prooatam
3507 4217 3606 4271 ali-

2032 4282 2494 4355 quandiu‘l‘uisse,
2526 4287 2778 4355 quamvis
2803 4284 3164 4355 depositionis
3195 4300 3367 4352 pugna:
3390 4301 3606 4341 excom-

2034 4352 2332 4406 municatio
2362 4368 2469 4407 non
2498 4352 2808 4410 adderetur.
2830 4354 3094 4409 Sicetiam
3112 4353 3368 4416 Basilius,
3392 4371 3520 4409 can.
3546 4360 3597 4423 l,

2035 4428 2268 4494 testatur
2296 4423 2546 4489 clericos,
2593 4426 2684 4494 qui
2719 4440 2845 4480 cum
2884 4424 3179 4479 rebellibus
3211 4425 3476 4487 abierant.
3516 4434 3604 4481 re-

2034 4489 2263 4547 deuntes
2296 4507 2438 4564 sape
2469 4494 2524 4549 in
2555 4489 2743 4550 eodem
2771 4495 2964 4549 ordine
2990 4494 3180 4562 recipi,
3210 4495 3304 4548 sed
3325 4505 3603 4564 postquam

2035 4564 2392 4636 pwuitentiam
2445 4567 2664 4636 egerint,
2713 4582 2820 4620 non
2855 4566 3002 4618 illam
3030 4564 3261 4636 quidem
3307 4566 3601 4636 publicam,

2035 4632 2130 4686 sed
2165 4648 2284 4705 eam
2320 4650 2442 4703 quae
2475 4632 2527 4689 iu
2564 4635 2818 4689 vitiorum
2850 4632 3229 4689 emendatione
3257 4632 3323 4689 et'
3344 4632 3600 4705 legitimis

2036 4703 2285 4774 conversi
2320 4706 2505 4760 cordis
2539 4705 3031 4774 signiﬁcationibus
3093 4707 3268 4773 posita
3325 4703 3429 4761 est.
3473 4706 3604 4763 Late

2036 4780 2185 4840 patet
2224 4773 2338 4827 haec
2376 4773 2687 4831 observatio
2715 4777 2768 4830 in
2811 4776 3110 4830 canonibus
3138 4774 3352 4842 Basilii;
3384 4777 3604 4831 eadem-

2034 4857 2141 4911 que
2175 4844 2412 4915 adhibita
2448 4847 2587 4899 ratio
2618 4847 2671 4899 in
2707 4847 2775 4900 iis
2804 4844 3065 4900 curandis
3098 4853 3153 4899 et
3192 4845 3477 4906 sanandis,
3505 4850 3601 4915 qui

2035 4912 2286 4985 quamvis
2330 4914 2470 4968 inter
2516 4917 2839 4985 pmnitentes
2879 4930 2987 4968 non
3025 4916 3465 4973 amandarentur.
3504 4912 3603 4971 sed

2036 4998 2160 5036 cum
2202 4984 2450 5041 ﬁdelibus
2486 4984 2870 5041 consisterent.
2920 4998 3028 5039 non
3073 4996 3251 5039 tamen
3297 4986 3501 5039 idciri'e
3532 4987 3600 5041 ad

2037 5051 2436 5125 Eucharistiam
2474 5056 2822 5111 accedebant.
2852 5053 2990 5108 llinc
3024 5054 3091 5111 iis
3114 5054 3210 5125 qui
3243 5057 3297 5109 iu
3332 5057 3473 5111 bello
3500 5074 3597 5110 oc-

2037 5124 2286 5181 ciderunt
2317 5133 2509 5180 auctor
2533 5135 2618 5181 est
2646 5125 2903 5188 Basilius,
2934 5133 2999 5195 ut
3025 5140 3055 5178 a
3080 5124 3475 5195 communione
3506 5142 3600 5195 per

2038 5201 2152 5266 tres
2192 5209 2367 5266 annuos
2398 5197 2730 5262 abstineant,
2783 5211 2908 5250 can.
2946 5194 3032 5249 l5.
3078 5193 3334 5251 Eamdem
3383 5193 3597 5266 pennam

2038 5262 2270 5333 imponit
2300 5265 2370 5321 iis
2411 5267 2505 5333 qui
2553 5268 2816 5322 adversus
2860 5266 3100 5322 latrones
3149 5280 3299 5320 arma
3350 5262 3601 5333 suntpse-

2038 5341 2187 5398 runt,
2227 5349 2359 5404 can.
2410 5335 2500 5391 55.
2553 5334 2682 5390 Furi
2734 5344 2927 5404 sponte
2962 5335 3216 5390 confesso
3249 5337 3427 5390 locum
3459 5338 3600 5390 inter

2037 5404 2175 5459 alios
2211 5403 2396 5461 ﬁdeles
2434 5406 2747 5475 relinquit;
2772 5403 2848 5460 ita
2895 5413 3077 5460 tamen
3107 5417 3166 5460 ut
3195 5422 3397 5460 annum
3431 5422 3597 5461 unum

2036 5475 2424 5547 communione
2452 5474 2683 5547 careat.
2720 5474 2855 5529 Eum
2896 5483 3077 5531 autem
3111 5481 3205 5547 qui
3233 5492 3431 5531 usuras
3453 5476 3603 5529 aceio

2036 5544 2138 5626 pit,
2170 5545 2236 5627 ad
2277 5545 2642 5627 sacerdotium
2670 5547 2882 5600 admitti
2913 5544 3145 5627 patitur.
3176 5549 3270 5602 sed
3298 5548 3357 5627 si
3377 5547 3600 5627 voluerit

2037 5614 2295 5683 injustam
2329 5615 2532 5669 lucrum
2558 5618 2610 5670 in
2633 5631 2884 5685 pauperes
2907 5614 3185 5682 insumere,
3200 5628 3248 5673 et
3274 5618 3514 5681 deirmps
3531 5615 3596 5670 ab

2039 5686 2278 5741 avaritia;
2311 5687 2490 5742 morbo
2521 5688 2754 5742 liberari.
