3948 6214
386 342 494 398 675

1218 334 1697 394 EPISTOIARUM
1734 329 2009 392 CLASSIS
2047 337 2111 391 ιι.
2156 338 2369 393 EPIST.
2409 338 2782 393 CLXXXVIII.

3512 343 3616 399 6'4

459 459 532 510 Δ’.
583 456 717 525 Περὶ
778 455 1063 528 τριγάμων
1117 454 1212 508 καὶ
1269 454 1597 527 πολυγάμων
1646 453 1739 507 τὸν
1793 451 1955 506 αὑτὸν

2123 451 2214 510 IV.
2262 453 2337 506 De
2383 452 2621 523 trigamis
2650 461 2703 509 et
2741 451 3033 522 polvgamis
3074 451 3329 509 deﬁniere
3367 455 3619 511 eumdem

383 542 593 617 ὥρισαν
645 545 780 617 (54)
834 546 1063 602 κανόνα.
1119 544 1180 598 δν
1230 545 1322 598 καὶ
1370 545 1463 598 ἐπὶ
1518 544 1624 598 τῶν
1676 544 1950 614 διγάμων,

382 638 678 706 ἀναλόγως·
715 637 956 691 ἐνιαυτὸν
986 638 1083 708 μὲν
1112 637 1220 708 γὰρ
1248 637 1340 691 ἐπὶ
1363 636 1470 689 τῶν
1496 636 1774 707 διγάμων,
1804 635 1953 688 ἄλλοι

381 731 442 784 δὲ
472 728 564 782 δύο
587 728 704 801 ἐτη.
730 730 867 792 Τοὺς
895 728 952 781 δὲ
991 728 1291 799 τριγάμους
1329 728 1386 780 ὲν
1428 728 1573 800 τρισὶ
1612 727 1706 781 καὶ
1732 728 1954 798 τέταρσι

386 820 652 884 πολλάκις
701 821 874 874 ἔτεσιν
930 819 1301 891 ἀφορίζουσιν.
1364 820 1717 892 Ὀνομάζουσι
1775 819 1835 872 δὲ
1892 818 1955 873 τὺ

380 912 625 965 τοιοῦτον
669 913 768 966 οὐκ
816 911 895 965 ἔτι
930 912 1139 982 γάμον,
1172 911 1308 965 ἀλλὰ
1349 910 1723 981 πολυγαμίαν,
1758 909 1953 982 μᾶλλον

380 1002 443 1057 δὲ
476 1001 728 1074 πορνείαν
770 1003 1191 1074 κεκολασμένην.
1223 1003 1312 1057 Διὸ
1339 1002 1430 1055 καὶ
1464 1005 1493 1056 ὁ
1527 1003 1726 1073 Κύριος
1756 1005 1819 1073 τῇ
1855 1003 1957 1055 Σα-

387 1092 655 1163 μαρείτιδι
690 1092 849 1145 πέντε
878 1091 1072 1162 ἄνδρας
1095 1091 1445 1163 διαμειψάσῃ,
1477 1093 1577 1143 Ὃν
1606 1091 1740 1153 νῦν,
1768 1092 1952 1162 φησὶν,

381 1184 562 1248 ἕξεις,
595 1186 704 1237 οὐκ
731 1184 863 1238 ἔστι
904 1198 1020 1238 σου
1064 1181 1217 1251 ἀνήρ
1237 1200 1249 1212 °
1276 1183 1351 1247 ὼς
1383 1182 1564 1237 οὐκέτι
1595 1180 1759 1247 ἀξίων
1787 1183 1954 1236 ὄντων

382 1275 494 1329 τῶν
535 1274 1014 1344 ὑπερεκπεσόντων
1051 1273 1144 1327 τοῦ
1192 1274 1391 1346 μέτρου
1438 1275 1534 1344 τῆς
1580 1273 1836 1343 διγαμίας
1878 1272 1955 1344 τῷ

380 1367 479 1420 τοῦ
524 1366 714 1438 ἀνδρὸς
758 1367 790 1438 ἢ
839 1367 938 1436 τῆς
971 1366 1224 1434 γυναικὸς
1268 1366 1546 1421 καλεῖσθαι
1583 1367 1951 1438 προσρήματι.

384 1455 678 1526 Συνὴθειαν
721 1456 778 1508 δὲ
818 1455 1183 1527 κατελάϐομεν
1227 1456 1318 1509 ἐπὶ
1352 1456 1459 1509 τῶν
1500 1456 1783 1528 τριγάμων
1824 1471 1952 1508 πεν-

384 1547 603 1610 ταετίας
636 1547 962 1619 άφορισμόνο
996 1548 1095 1600 οὐκ
1124 1546 1233 1600 ἀπὸ
1260 1546 1499 1600 κανόνων
1534 1546 1669 1616 (55),
1703 1547 1817 1601 ἀλλ’
1847 1546 1954 1599 ἀπὸ

382 1639 488 1708 τῆς
510 1639 616 1692 τῶν
644 1640 1046 1713 προειληφότων
1086 1639 1428 1703 ἀκολουθίας.
1469 1642 1558 1691 Δεῖ
1587 1640 1643 1692 δὲ
1677 1639 1751 1711 μὴ
1776 1639 1951 1710 πάντη

383 1729 581 1793 αὐτοὺς
621 1729 901 1801 ἀπείργειν
945 1730 1047 1800 τῆς
1086 1729 1405 1799 Ἐκκλησίας
1429 1770 1444 1794 ,
1486 1729 1599 1783 ἀλλ’
1641 1729 1954 1799 ἀκροάσεως

2057 558 2339 609 canonem,
2370 559 2530 613 quem
2559 552 2612 598 et
2636 544 2702 597 de
2723 543 2967 613 digamis,
2995 552 3206 597 servata
3231 545 3578 614 proportione
3602 562 3617 598 :

2058 650 2258 693 annum
2303 634 2551 688 videlicet
2594 634 2648 687 in
2676 633 2918 703 digamis,
2950 632 3037 686 alii
3081 648 3210 687 vero
3241 634 3377 688 duos
3425 649 3620 691 annos.

2060 724 2340 795 Trigamos
2371 736 2549 779 autem
2580 725 2753 780 tribus
2773 768 2787 789 ,
2819 734 2875 779 et
2907 740 3048 795 saepe
3090 737 3319 794 quatuor
3344 727 3500 782 annis
3533 742 3624 782 se-

2058 824 2298 887 gregant.
2331 816 2388 871 Id
2421 825 2599 871 autem
2639 833 2747 871 non
2776 816 3007 886 amplius
3032 816 3356 888 eonjugium,
3391 818 3483 872 sed
3520 833 3623 889 po-

2058 905 2340 978 lygamiam
2387 908 2691 978 appellant,
2734 909 2819 963 vel
2863 908 3041 978 potius
3085 909 3414 964 moderatam
3450 908 3625 963 forni-

2059 997 2347 1052 cationem.
2403 997 2739 1068 Quapropter
2804 1007 2859 1053 et
2915 999 3175 1053 Dominus
3234 997 3617 1063 Samaritanaa,

2058 1108 2179 1163 qua:
2224 1095 2447 1148 maritos
2491 1094 2729 1163 quinque
2780 1108 2879 1162 per
2931 1093 3074 1146 vices
3117 1092 3409 1157 habuerat,
3458 1090 3624 1157 Quem

2060 1200 2227 1249 nunc,
2281 1183 2485 1252 inquit,
2525 1186 2709 1248 habes,
2762 1186 2981 1238 maritus
3025 1201 3127 1238 non
3168 1194 3242 1239 est
3279 1183 3325 1216 ⁸⁸
3366 1200 3380 1237 :
3421 1183 3620 1253 quippe

2057 1274 2200 1343 quod
2239 1273 2271 1327 ii
2322 1273 2414 1342 qui
2466 1274 2708 1344 (ligamina
2765 1291 3014 1329 mensura
3068 1274 3419 1339 exciderunt,
3478 1274 3623 1345 digni

2060 1378 2169 1417 non
2212 1363 2319 1417 sint
2364 1363 2456 1432 qui
2498 1364 2583 1418 vel
2626 1363 2801 1418 mariti
2836 1363 2920 1417 vel
2964 1363 3146 1418 uxoris
3185 1363 3405 1417 nomine
3432 1361 3623 1433 appel-

2059 1456 2260 1510 lentur.
2289 1455 2407 1511 Jam
2438 1471 2568 1510 vero
2597 1455 2990 1510 consuetudine
3027 1454 3333 1524 accepimus
3371 1453 3426 1506 in
3458 1452 3623 1523 triga-

2058 1552 2162 1606 mis
2198 1552 2547 1622 quinquennii
2585 1552 3042 1622 segrcgationem,
3071 1565 3180 1604 non
3218 1564 3249 1603 a
3282 1547 3615 1612 canonibus,

2059 1641 2153 1698 sed
2180 1657 2274 1698 eos
2301 1642 2402 1712 qui.
2425 1650 2818 1713 praecesserunt
2863 1641 3155 1710 sequendo.
3198 1638 3419 1709 Oportet
3460 1637 3621 1707 272

2058 1744 2238 1790 autem
2275 1751 2368 1792 eos
2397 1752 2506 1789 non
2536 1735 2757 1789 omnino
2786 1749 2969 1788 arcere
3006 1733 3073 1787 ab
3105 1731 3365 1794 Ecclesia,
3399 1731 3493 1785 sed
3522 1745 3621 1783 au-

383 1822 581 1885 αὑτοὺς
613 1822 794 1888 ἀξιοῦν
826 1822 885 1874 ἐν
920 1821 1012 1876 δύο
1057 1840 1158 1876 που
1207 1822 1382 1877 ἐτεσιν
1412 1823 1444 1893 ἦ
1478 1822 1621 1891 τρισί
1641 1840 1655 1854 ο
1684 1822 1777 1876 καὶ
1818 1820 1955 1894 μετὰ

2058 1827 2260 1883 ditione
2289 1826 2496 1898 dignari
2534 1827 2745 1881 duobus
2786 1826 2872 1881 vel
2917 1826 3089 1881 tribus
3123 1824 3279 1879 annis
3316 1841 3328 1876 :
3363 1838 3425 1877 ac
3470 1830 3622 1893 post-

382 1913 557 1967 ταῦτα
606 1914 918 1986 ἐπιτρέπειν
968 1915 1253 1986 συστήκειν
1284 1914 1416 1984 μὲν,
1450 1915 1548 1985 τῆς
1588 1915 1643 1968 δὲ
1672 1914 1955 1977 κοινωνίας

382 2008 481 2059 τοῦ
533 2005 735 2073 ἀγαθοῦ
785 2004 1111 2075 ἀπέχεσθαι,
1163 2006 1258 2060 καὶ
1303 2005 1477 2069 οὕτως
1518 2005 1957 2076 ἐπιδειξαμένους

385 2098 597 2168 καρπόν
648 2114 768 2150 τινα
814 2097 1104 2169 μετανοίας
1144 2096 1512 2169 ἀποκαθιστᾷν
1554 2096 1632 2166 τῷ
1674 2096 1822 2168 τόπῳ
1859 2098 1958 2168 τῇς

394 2203 696 2248 κοινωνιας.

459 2278 534 2330 E'.
573 2277 709 2349 Τοὺς
741 2277 796 2330 δὲ
836 2276 929 2330 ἐπὶ
968 2277 1133 2348 ἐξόδῳ
1178 2275 1568 2348 μετανοοῦντας
1608 2275 1716 2329 τῶν
1755 2276 1958 2348 αἱρετιο

387 2368 500 2420 κῶν
519 2367 769 2439 δέχεσθαι
797 2370 923 2440 χρὴ·
950 2368 1197 2438 δέχεσθαι
1227 2368 1282 2421 δὲ
1307 2368 1546 2440 δηλονότι
1574 2369 1674 2421 οὐκ
1698 2367 1954 2438 ἀκρίτως,

386 2459 523 2512 ἀλλὰ
566 2458 955 2529 δοκιμάζοντας
997 2462 1043 2512 εί
1076 2457 1328 2529 ἀληθινὴν
1368 2458 1761 2511 ἐπιδείκνυνται
1796 2458 1958 2528 μετά-

387 2568 562 2614 νοιαν,
588 2552 681 2603 καὶ
711 2552 759 2604 εἰ
786 2553 912 2614 τοὺς
934 2551 1178 2622 καρποὺς
1205 2549 1315 2621 (56)
1343 2549 1521 2620 ἔχουσι
1551 2550 1958 2620 μαρτυροῦντας

388 2644 461 2713 τῇ
497 2641 629 2713 πρὸς
657 2641 718 2695 τὸ
753 2640 991 2712 σωθῆναι
1015 2640 1238 2712 σπουδῇ.

460 2736 549 2801 εἷ’.
580 2732 699 2787 Τῶν
723 2733 1019 2787 κανονικῶν
1045 2733 1154 2804 (57)
1182 2732 1278 2796 τὰς
1304 2731 1558 2803 πορνείας
1582 2733 1660 2795 είς
1683 2729 1858 2802 γάμον
1885 2729 1957 2802 μὴ

394 2824 877 2893 καταλογίζεσθαι,
924 2823 1057 2879 ἀλλὰ
1094 2823 1257 2876 παντὶ
1304 2822 1488 2893 τρόπῳ
1518 2823 1747 2890 διασπᾷν
1782 2821 1959 2873 αὐτῶν

394 2916 493 2986 τὴν
533 2915 844 2985 συνάφειαν.
891 2915 1057 2969 Τοῦτο
1101 2914 1207 2986 γὰρ
1253 2914 1343 2966 καὶ
1386 2916 1452 2983 τῇ
1496 2912 1789 2983 Ἐκκλησία
1825 2911 1959 2982 πρὸς

387 3006 687 3075 ἀσφάλειαν
731 3005 1026 3069 λυσιτελὲς,
1073 3005 1168 3057 καὶ
1211 3006 1321 3067 τοῖς
1363 3004 1658 3072 αἱρετικοῖς
1698 3002 1757 3054 οὐ
1798 3001 1956 3055 δώσει

389 3102 510 3154 καθ’
543 3100 699 3171 ἡμῶν
730 3100 918 3172 λαδὴν,
943 3100 1018 3164 ὡς
1043 3099 1131 3154 διὰ
1160 3099 1259 3169 τὴν
1282 3097 1376 3152 τοῦ
1408 3098 1741 3168 ἁμαρτάνειν
1772 3097 1954 3151 ἄδειαν

389 3193 786 3262 ἐπισπωμένων
810 3192 945 3263 πρὸς
974 3191 1216 3254 ἑαυτούς.

457 3286 531 3337 Ζ’.
575 3282 984 3355 Ἀρῤενοφθόροι
1019 3284 1112 3336 καὶ
1150 3282 1469 3355 ζωοφθόροι,
1501 3281 1595 3336 καὶ
1628 3282 1825 3350 φονεῖς,
1860 3279 1952 3333 καὶ

386 3376 669 3445 φαρμακοὶ
688 3413 704 3439 ,
743 3374 840 3427 καὶ¹
879 3374 1088 3445 μοιχοὶ,
1120 3375 1216 3428 καὶ
1247 3358 1623 3444 εἰδωλολάτραι
1649 3373 1747 3442 τῆς
1784 3372 1953 3441 αὐτῆς

385 3464 681 3533 καταδίκης
718 3465 854 3518 εἰσὶν
894 3464 1206 3535 ἠξιωμένοι.
1246 3465 1404 3537 Ὥστε
1446 3464 1505 3517 ὃν
1545 3464 1688 3535 ἔχεις
1717 3464 1809 3516 ἐπὶ
1842 3463 1953 3515 τῶν

382 3552 557 3607 ἄλλων
587 3551 777 3617 τύπον,
809 3553 904 3608 καὶ
948 3554 1040 3608 ἐπὶ
1089 3553 1292 3608 τούτων
1334 3552 1587 3623 φύλαξον.
1633 3554 1770 3616 Τοὺς
1803 3552 1860 3605 δὲ
1893 3554 1952 3605 ὲν

384 3644 677 3715 τριάκοντα
694 3643 838 3699 ἔτεσι
854 3644 963 3716 (58)
985 3645 1419 3718 μετανοήσαντας
1433 3645 1525 3698 ἐπὶ
1542 3647 1608 3716 τῇ
1621 3641 1951 3717 ἀκαθαρσίᾳ,

452 3824 498 3856 ⁸³
523 3823 682 3881 Joan.
715 3840 790 3890 tv,
823 3821 914 3879 18.

443 3908 556 3977 (54)
605 3926 853 3975 ωρισαν.
900 3908 989 3960 δίο
1039 3921 1172 3961 mss.
1209 3921 1426 3960 summo
1467 3918 1763 3965 consensu.
1793 3904 1936 3965 Editi

368 3979 671 4034 ὡρίσαιιεν,

420 3996 737 4119 {ﬁatfiat}
763 4045 1082 4119 ⁸κανόνων.
1131 4042 1322 4119 Plures
1373 4042 1595 4119 codices
1651 4057 1802 4119 mss..
1825 4042 1945 4119 ἀπὸ

365 4113 612 4181 κανόνος.
664 4116 866 4170 ibidem
903 4121 1026 4184 post
1070 4128 1258 4184 vocem
1284 4113 1620 4184 ἀκολουθίας
1660 4113 1857 4184 legitur
1889 4115 1945 4167 in

369 4204 481 4243 uno
502 4188 692 4242 codice
721 4186 888 4254 Regio
903 4182 967 4239 _et
989 4185 1041 4236 in
1068 4198 1179 4254 uno
1198 4182 1479 4236 Coisliano
1500 4183 1803 4254 recentiore
1823 4183 1943 4253 ἤτοι

366 4261 480 4321 τοῖς
506 4252 869 4329 προλαϐοῦσιν
891 4252 1307 4315 ἀκολουθοῦντες
1338 4253 1600 4329 πατράσι,
1620 4252 1942 4329 _sciltcet'eos

365 4331 458 4400 qui
488 4323 865 4400 princesseruut
905 4334 1084 4400 patres
1138 4323 1418 4400 sequendo.
1470 4323 1577 4400 sed
1618 4324 1734 4376 haec
1770 4323 1943 4389 expli-

365 4394 529 4454 candi
569 4412 736 4453 causa
766 4396 833 4449 ad
865 4397 1161 4463 marginem
1209 4395 1477 4462 apposita,
1525 4394 1581 4446 in
1622 4400 1936 4447 contextum

366 4477 558 4541 postea
590 4467 880 4541 irrepsisse
919 4465 1412 4541 perspieumnest.
1517 4532 1530 4541 _

438 4539 553 4610 (56)
605 4531 752 4610 Τριξς
782 4531 1069 4610 καράούςξ.
1113 4531 1316 4610 Statuit
1357 4532 1603 4610 _synodns
1648 4531 1938 4610 Eliberita-

365 4602 460 4674 na,
492 4602 615 4664 can.
649 4606 741 4668 '59,
769 4614 831 4660 ut
856 4602 1180 4675 gentilibus,
1223 4603 1271 4657 si
1321 4602 1429 4675 vita
1475 4618 1664 4675 eorum
1710 4602 1939 4657 honesta

364 4672 556 4744 fuerit,
587 4672 974 4747 baptismusin
1011 4674 1117 4728 line
1145 4673 1493 4747 concedatur.
1529 4672 1649 4747 Sed
1668 4686 1775 4747 non
1809 4680 1939 4747 puto

364 4742 628 4804 Basiliam
660 4742 722 4801 in
754 4746 1001 4801 eamdem
1027 4744 1353 4800 sententiam
1377 4743 1445 4797 de
1468 4742 1739 4798 habreticis
1766 4742 1934 4811 loqui.

366 4817 601 4873 Fructus
629 4818 778 4872 enim
808 4817 865 4871 in
900 4815 1174 4869 haereticis
1208 4813 1566 4869 redeuntibus
1599 4811 1938 4882 intelligendi

365 4900 517 4951 sunt,
559 4902 667 4942 non
702 4894 948 4941 anteacta
984 4887 1112 4948 vita,
1161 4884 1257 4939 sed
1304 4899 1544 4954 prwsens
1584 4883 1806 4937 haeresis
1832 4883 1937 4954 ge-

362 4950 607 5019 testatio,
641 4958 890 5013 veritatis
925 4970 1099 5021 amor,
1157 4968 1221 5008 ac
1255 4950 1505 5009 sincerus
1543 4954 1801 5008 omnibus
1832 4950 1936 5006 Ec-

360 5031 546 5084 clesiae
582 5028 928 5083 d0cumentis
958 5040 1239 5081 assensus.
1280 5022 1452 5078 Porro
1484 5040 1595 5077 non
1646 5023 1841 5076 mirum
1888 5022 1937 5077 si

359 5096 601 5155 Basilius
642 5097 935 5152 redeuntes
979 5095 1265 5150 haereticos
1310 5110 1418 5148 non
1460 5094 1580 5147 sine
1604 5095 1856 5148 examine
1880 5093 1935 5146 in

359 5170 514 5223 exitu
549 5169 711 5236 recipi
737 5166 966 5236 jubeat;
999 5181 1124 5220 cum
1151 5166 1219 5219 de
1243 5164 1545 5236 catholicis
1567 5164 1702 5232 ipsis
1724 5164 1937 5236 sanciat

360 5184 514 5223 exntu
549 5184 694 5291 recip

360 5240 608 5310 synodus
634 5268 654 5292 ι
685 5241 695 5310 i

685 5233 875 5299 iciena,
895 5251 1019 5291 can.
1039 5237 1127 5301 l3,
1156 5241 1214 5287 ut
1227 5234 1480 5305 quisquis
1495 5233 1933 5305 communionem

357 5303 512 5378 petat
535 5312 590 5362 in
613 5309 786 5369 exitu,
816 5323 942 5362 eum
962 5303 1260 5375 episcopus
1283 5303 1424 5375 μετὰ
1448 5303 1792 5374 δοκιμασίας,
1814 5318 1935 5356 cum

356 5380 604 5433 examine
637 5380 911 5448 impertiat
942 5378 1240 5448 oblatione.

444 5449 548 5518 ’51)
584 5442 1088 5503 Trin-auroram.
1136 5443 1381 5518 Clericos
1434 5442 1551 5518 sive
1604 5456 1700 5518 eos
1742 5444 1834 5511 qui
1878 5442 1934 5497 in

359 5512 573 5575 canone
618 5525 975 5573 recensentur
1021 5518 1121 5570 hac
1161 5530 1292 5569 vore
1342 5512 1620 5583 designari
1665 5514 1934 5583 hactenus

356 5591 745 5647 existimarunt
773 5587 961 5643 Basilii
995 5586 1344 5654 interpretes,
1389 5599 1454 5638 ac
1471 5581 1592 5653 ipsi
1622 5584 1784 5637 etiam
1824 5581 1932 5637 Zo-

360 5674 525 5715 naras
557 5668 613 5715 et
644 5659 958 5714 Balsamon.
993 5656 1103 5713 Sed
1146 5663 1206 5711 ut
1252 5655 1552 5710 canonieas
1588 5655 1704 5709 sive
1743 5667 1934 5710 sacras

1982 3144 2023 3199 C

2058 1919 2160 1973 hac
2189 1918 2319 1988 ipsis
2362 1908 2713 1987 permittere,
2754 1924 2814 1971 ut
2845 1915 3146 1971 consistant
3177 1913 3422 1985 quidem,
3459 1912 3625 1967 absti-

2056 2019 2224 2064 neant
2274 2023 2400 2063 vero
2430 2024 2463 2062 a
2493 2008 2622 2064 boni
2669 2006 3067 2070 communione,
3121 2012 3178 2060 et
3224 2003 3331 2066 sic,
3382 2002 3622 2057 exhibito

2057 2100 2391 2168 poenitentiae
2436 2099 2614 2169 aliquo
2657 2098 2865 2164 fructu,
2916 2094 3312 2152 communionis
3366 2092 3486 2147 loco
3531 2106 3621 2146 re-

2056 2191 2124 2246 sti
2133 2198 2302 2245 tuere.

2129 2281 2192 2336 ν.
2229 2279 2524 2336 [hereticos
2564 2279 2617 2333 in
2647 2277 2793 2334 exitu
2821 2276 3196 2348 pcenitentiam
3227 2282 3447 2346 agentes
3478 2271 3622 2327 reci-

2057 2386 2188 2441 pere
2236 2379 2468 2440 Oportet.
2523 2368 2788 2439 Recipere
2831 2377 3033 2429 autem,
3082 2382 3191 2420 non
3239 2366 3356 2420 sine
3397 2362 3620 2435 iudicio,

2058 2462 2152 2517 sed
2179 2461 2548 2515 examinantes
2588 2475 2656 2514 an
2698 2474 2880 2514 veram
2912 2457 3280 2528 pcenitentiam
3310 2455 3618 2515 ostendant,

2059 2553 2374 2623 fructusque
2422 2553 2690 2618 habeant,
2744 2552 2835 2622 qui
2882 2551 3070 2606 salutis
3130 2550 3366 2605 studium
3430 2546 3622 2602 testill-

2058 2655 2268 2701 CCIIIIII'.

2130 2735 2217 2789 Vl.
2251 2734 2641 2790 Canonicarum
2672 2743 2855 2803 stupra
2885 2748 2983 2803 pro
3010 2730 3355 2786 matrimonio
3391 2744 3503 2785 non
3529 2743 3621 2784 rc-

2097 2834 2337 2891 utentur,
2372 2826 2466 2880 sed
2504 2840 2687 2879 earum
2719 2824 3028 2893 coniunctio
3064 2825 3285 2877 omnino
3313 2822 3617 2877 divellatur.

2097 2842 2337 2891 utentur,
2372 2842 2466 2880 seu
2504 2842 2687 2879 earum
2719 2842 3028 2893 conjuncno
3064 2842 3285 2877 Olnﬂlno
3313 2842 3617 2877 (uvellalur.

2058 2842 2173 2970 I-loc
2211 2915 2354 2969 enim
2383 2924 2439 2971 et
2471 2914 2726 2970 Ecclesia:
2766 2914 2833 2968 ad
2874 2914 3215 2969 securitatem
3265 2922 3350 2968 est
3376 2913 3527 2978 utile,
3564 2919 3622 2967 et

2058 3006 2326 3062 haereticis
2353 3021 2464 3059 non
2490 3005 2638 3060 dabit
2665 3004 2923 3061 adversus
2958 3018 3058 3058 nos
3103 3018 3311 3068 ansam,
3338 3000 3491 3072 quasi
3522 3015 3622 3070 per

2057 3100 2314 3171 peccandi
2344 3101 2644 3155 libertatem
2671 3101 2737 3155 ad
2762 3114 2863 3154 nos
2891 3100 3246 3154 attrahamus.

2127 3284 2242 3340 VII.
2281 3283 2637 3341 Masculorum
2683 3293 2738 3339 et
2780 3281 3092 3336 animalium
3138 3289 3523 3351 corruptores,
3565 3287 3621 3333 et

2058 3374 2365 3439 homicidae,
2394 3382 2450 3429 et
2473 3373 2717 3440 veneﬁci,
2746 3383 2801 3429 et
2821 3373 3072 3436 adulteri,
3107 3382 3162 3427 et
3185 3371 3496 3435 idololatrae,
3524 3386 3619 3425 ea-

2058 3467 2180 3522 dem
2228 3464 2675 3520 condemnatione
2715 3463 2861 3534 digni
2902 3463 3188 3518 habentur.
3235 3461 3412 3527 Quare
3456 3476 3617 3531 quam

2056 3556 2113 3611 in
2139 3555 2256 3611 aliis
2288 3554 2455 3609 habes
2486 3553 2709 3608 formam
2731 3594 2747 3619 ,
2782 3553 2835 3607 in
2879 3553 2944 3607 iis
2970 3568 3184 3623 quoque
3229 3567 3403 3607 serva.
3446 3550 3487 3605 Ii
3519 3567 3620 3606 au—

2057 3653 2170 3700 tem
2201 3643 2293 3714 qui
2339 3641 2555 3714 triginta
2610 3656 2783 3697 annos
2815 3641 3192 3713 poenitentiam
3234 3649 3461 3714 egerunt
3491 3654 3620 3711 pro-

2049 3901 2293 3971 virgines
2332 3906 2677 3969 interpreter,
2726 3900 2993 3964 plurimus
3032 3909 3302 3957 rationum
3336 3911 3626 3968 momentis

2050 3975 2297 4047 adducor
2325 3990 2338 4026 :
2374 3971 2428 4025 l'
2454 3971 2686 4047 Basilius
2717 3974 2818 4047 hoc
2852 3972 3071 4047 nomine
3093 3976 3323 4029 clericos
3350 3982 3625 4047 appellare

2048 4058 2161 4099 non
2188 4044 2367 4117 "solet,
2405 4043 2501 4117 sed
2545 4058 2732 4117 sacras
2764 4044 3026 4117 virgines.
3078 4052 3138 4117 ut
3173 4043 3624 4117 perspici-potest

2048 4128 2114 4169 ex
2149 4114 2397 4184 epistolis
2430 4113 2500 4169 52
2530 4123 2583 4167 et
2620 4113 2756 4179 I73;
2796 4114 2854 4167 2°
2891 4114 3268 4183 praescriptum
3301 4113 3482 4172 Basilii
3511 4135 3624 4179 non

2049 4185 2307 4262 convenit
2354 4184 2710 4262 inclericos,
2774 4199 3007 4262 quorum
3053 4185 3364 4262 nonnullis,
3397 4204 3623 4262 _nempe

2052 4253 2346 4307 lectoribus
2383 4260 2440 4308 et
2479 4253 2602 4307 aliis
2645 4253 2914 4323 ejusmodi
2943 4255 3101 4309 venia
3131 4254 3367 4311 dabatur
3396 4253 3620 4317 ineun'di

1973 4344 2016 4400 Ι)
2046 4324 2405 4400 matrimonii,
2445 4325 2717 4400 _quarnvis
2745 4326 2832 4400 _in
2895 4338 3107 4400 canone
3165 4339 3620 4400 recenserentur;

2044 4392 2100 4447 5°
2145 4394 2396 4468 prohibet
2444 4392 2680 4468 Basilius
2710 4395 2980 4468 ejusmodi
3016 4404 3206 4468 stupra
3235 4413 3358 4468 quae
3385 4392 3623 4458 honesto

2040 4463 2372 4535 matrimonii
2408 4465 2630 4519 nomine
2679 4466 2902 4535 praetexi
2954 4467 3220 4521 solebant.
3252 4463 3347 4521 'At
3403 4471 3455 4524 id
3503 4487 3616 4526 non

2039 4533 2273 4614 quadrat
2301 4534 2355 4587 in
2387 4535 2644 4598 clericos,
2677 4533 2907 4614 {tuorum
2932 4536 3077 4614 aliis,
3109 4545 3168 4614 ut
3204 4537 3316 4606 jam
3343 4537 3480 4605 dixi,
3503 4556 3617 4596 non

2038 4606 2421 4658 inconcessum
2472 4615 2592 4658 erat
2640 4606 3066 4671 matrimonium,
3098 4608 3235 4663 alios
3263 4623 3392 4663 vero
3425 4611 3621 4666 matri-

2038 4675 2281 4748 monium
2317 4681 2437 4748 post
2471 4675 2871 4731 ordinationem
2909 4677 3048 4731 inire
3080 4678 3230 4732 nulla
3263 4694 3487 4748 prorsus
3512 4679 3618 4734 Ec-

2038 4745 2557 4818 clesiagpatiebatur,
2586 4755 2681 4818 aut
2707 4754 2856 4818 certe
2880 4748 3212 4802 matrimonii
3237 4745 3468 4818 pretium
3493 4757 3619 4805 erat

2037 4814 2328 4881 depositio.
2374 4816 2580 4870 Contra
2627 4817 2932 4886 virginibus
2980 4814 3317 4873 nubentibus
3351 4835 3461 4873 non
3491 4821 3615 4874 lon-

2036 4886 2344 4957 giorgpmna
2370 4887 2622 4956 pluribus
2655 4888 2709 4940 in
2742 4888 2876 4941 locis
2907 4888 3310 4957 imponebatur,
3338 4904 3500 4956 quam
3524 4890 3612 4944 di-

2038 4954 2233 5026 gamis,
2287 4962 2347 5008 ut
2370 4954 2725 5026 'perspicitur
2753 4973 2818 5011 ex
2867 4954 3080 5012 canone
3125 4956 3212 5021 18,
3249 4954 3615 5018 ubi—Basilius

2036 5024 2182 5106 hanc
2224 5024 2698 5109 eomuetudiu-eni.
2728 5028 2975 5109 abrogat,
3017 5043 3082 5081 ac
3114 5027 3386 5099 virginum
3417 5032 3617 5086 matri-

2036 5094 2221 5147 monia
2249 5097 2422 5150 instar
2449 5095 2702 5151 adulterii
2725 5094 3026 5152 existimat.

2109 5164 2218 5233 (58)
2251 5165 2355 5219 Ἐν
2380 5165 2699 5234 τριάκοντα
2723 5168 2907 5221 ἔτεσι.
2931 5165 3277 5222 Manifestum
3312 5175 3397 5224 est
3419 5168 3472 5223 in
3504 5169 3612 5226 hoc

2038 5235 2258 5307 triginta
2295 5250 2566 5289 annorum
2599 5253 2827 5307 numero
2854 5244 3120 5300 erratum,
3140 5241 3389 5307 quamvis
3417 5254 3611 5296 omnes

2035 5305 2159 5357 libri
2184 5314 2396 5359 veteres
2418 5320 2543 5359 cum
2566 5306 2729 5361 editis
2757 5308 3123 5362 consentiant.
3155 5305 3440 5374 Quomodo
3462 5316 3610 5365 enim

2035 5376 2259 5448 triginta
2291 5390 2569 5448 annorum
2598 5377 2926 5448 paenitentia
2953 5378 3221 5448 ejusmodi
3253 5390 3478 5448 peccato
3509 5382 3613 5434 im-

2034 5444 2332 5522 prudenter
2375 5444 2673 5522 commisso
2704 5444 2997 5522 ‘imposita'
3044 5444 3269 5509 fuisset,-
3312 5451 3459 5519 quod
3515 5451 3612 5522 qui

2035 5516 2353 5588 scienteset
2381 5516 2625 5570 volentes
2656 5516 3011 5588 admiserant,
3052 5532 3149 5588 per
3183 5516 3361 5575 annos
3391 5516 3608 5576 tantum

2034 5584 2348 5659 quindecim
2373 5600 2434 5659 ha.
2466 5584 3228 5659 communiopearcebantur,
3260 5600 3318 5644 ut
3356 5599 3506 5659 patet
3538 5605 3608 5647 ex

2033 5653 2340 5712 canonibus
2371 5653 2462 5724 58,
2495 5654 2586 5724 62,
2611 5655 2728 5713 65?
2775 5654 2981 5714 Deinde
3025 5672 3157 5716 vero
3186 5653 3423 5718 testatur
3452 5661 3607 5719 Basi-
