3948 6214
324 333 422 392 871

1678 336 1737 395 S.
1779 333 2025 390 BASlLll
2064 331 2279 388 MAGNI

3475 318 3584 374 ὅτε

325 446 608 503 muniouis
632 461 756 499 cum
789 445 924 516 ipsis
953 463 1112 518 quas:
1144 464 1410 505 canonem
1436 451 1750 525 quemdam,
1783 450 1899 523 epi-

2009 447 2244 517 τάγματι
2272 442 2494 500 ἐκείνων
2518 439 2632 514 (49)
2668 438 3062 511 συνημμένους,
3090 436 3273 525 οὐκέτι
3307 436 3584 507 δυνάμεθα

326 552 527 608 scapos
558 540 937 608 suseipiendo,
965 540 1321 596 ediderimus.

402 803 560 873 2'71
591 800 655 858 ll.
697 802 829 869 Quae
850 803 917 858 de
946 798 1218 858 industria
1252 804 1419 860 fetum
1444 806 1713 875 corrupit.
1738 805 1905 861 caedis

326 909 521 967 poenas
570 895 689 951 luit.
732 894 805 950 De
833 895 1070 949 formato
1103 905 1284 951 autem
1331 905 1426 951 aut
1464 897 1683 951 informi
1726 898 1904 951 subti-

327 986 436 1043 lius
466 1002 574 1041 non
601 987 957 1058 inquirimus.
1000 987 1100 1041 Hie
1129 989 1277 1044 enim
1315 1004 1423 1043 non
1455 990 1508 1043 id
1557 991 1719 1043 modo
1759 989 1904 1059 quod

326 1079 670 1134 nasciturum
720 1088 858 1145 erat,
894 1080 1227 1145 vindicatur,
1281 1081 1378 1136 sed
1423 1082 1587 1136 etiam
1630 1083 1721 1139 illa
1763 1086 1902 1155 ipsa,

325 1185 447 1240 quae
469 1170 574 1225 sibi
608 1171 840 1227 insidias
865 1175 1097 1240 paravit,
1127 1173 1385 1242 quoniam
1421 1182 1479 1226 ιιι
1506 1175 1798 1243 plurimum
1830 1178 1906 1232 in-

324 1266 545 1313 tereunt
583 1259 637 1312 in
665 1260 943 1328 ejusmodi
976 1262 1211 1332 inceptis
1239 1263 1520 1318 mulieres.
1571 1264 1685 1320 lluc
1722 1276 1904 1323 autem

326 1349 540 1404 accedit
581 1357 636 1405 et
665 1349 814 1407 fetus
865 1353 1143 1417 interitus,
1187 1353 1365 1409 credes
1394 1355 1586 1420 altera,
1633 1358 1823 1413 saltem
1855 1359 1903 1413 si

325 1442 546 1496 Consilii
592 1456 785 1497 eorum
830 1444 925 1514 qui
980 1445 1096 1501 haec
1149 1446 1377 1509 audent,
1420 1449 1563 1502 ratio
1614 1448 1899 1506 habeatur.

327 1531 557 1600 Oportet
583 1541 767 1588 autent
809 1551 921 1590 non
951 1535 1021 1591 ad
1070 1537 1279 1591 obitum
1309 1554 1485 1608 usque
1526 1541 1902 1610 pwnitentiam

324 1640 517 1681 earum
570 1628 900 1691 extendere,
953 1630 1048 1683 sed
1101 1629 1289 1684 decem
1349 1632 1568 1701 quidem
1631 1649 1899 1689 annorum

326 1731 644 1772 mensuram
677 1720 985 1788 accipiant;
1016 1721 1310 1777 deﬁniatur
1338 1735 1519 1780 autent
1551 1727 1766 1782 curatio
1789 1741 1901 1783 non

328 1818 597 1879 tempore,
631 1811 727 1866 sed
760 1813 1099 1882 poenitentiae
1123 1817 1305 1872 modo.

399 1899 486 1956 lll.
534 1899 813 1959 Diaconus
836 1910 962 1974 post
988 1905 1340 1962 diaconatum
1372 1906 1698 1973 fornicatus,
1722 1910 1904 1967 diaco-

325 2004 459 2050 natu
498 1997 755 2066 ejicietur
797 1996 1040 2068 quidem,
1090 1998 1187 2055 sed
1228 2000 1284 2054 in
1333 2000 1600 2056 laicorum
1645 2001 1902 2058 detrusus

326 2085 530 2149 locum,
566 2102 596 2140 a
626 2088 1014 2144 communione
1042 2104 1150 2144 non
1180 2091 1477 2145 arcebitur.
1505 2090 1773 2158 Quoniam
1799 2108 1901 2148 an-

328 2176 519 2246 tiquus
563 2184 648 2232 est
679 2192 879 2242 canon,
917 2187 975 2233 ut
998 2179 1037 2232 ii
1066 2179 1158 2249 qui
1191 2179 1365 2249 gradu
1391 2182 1735 2247 exciderunt,
1773 2182 1903 2237 huic

325 2267 430 2323 soli
482 2282 657 2338 paena:
704 2269 890 2339 generi
937 2269 1325 2339 subiiciantur,
1378 2272 1639 2342 antiquis,
1683 2272 1900 2342 Opinor.

324 2361 535 2416 secutis
580 2361 754 2430 legem
796 2361 989 2428 illam,
1043 2361 1166 2417 Non
1218 2363 1512 2418 vindicabis
1568 2365 1650 2420 bis
1703 2367 1758 2421 in
1814 2367 1901 2420 id-

323 2452 501 2521 ipsum
521 2452 565 2484 δ’
589 2468 608 2506 :
637 2461 805 2523 atque
829 2454 992 2508 etiam
1024 2462 1246 2525 propter
1272 2456 1439 2510 aliam
1469 2472 1728 2525 causam;
1755 2458 1902 2528 quod

327 2545 420 2614 qui
453 2543 509 2598 in
539 2544 737 2599 ordine
768 2555 899 2599 sunt
921 2546 1084 2609 laico,
1111 2547 1157 2601 si
1192 2562 1223 2600 a
1251 2547 1371 2601 loco
1396 2547 1635 2602 ﬁdelium
1673 2548 1902 2617 ejician-

326 2647 435 2696 tur,
468 2650 664 2690 rursus
694 2636 748 2689 in
781 2651 929 2700 eum,
958 2653 1021 2690 ex
1057 2653 1168 2707 quo
1204 2638 1544 2705 ceciderunt,
1589 2640 1767 2695 locum
1803 2657 1894 2698 re-

325 2727 645 2798 cipiuntur;
671 2728 940 2783 diaconus
966 2745 1094 2783 vero
1120 2731 1287 2785 semel
1319 2731 1480 2787 habet
1507 2748 1726 2803 semper
1747 2750 1904 2789 man-

328 2834 519 2874 suram
572 2834 791 2889 poenam
837 2819 1219 2889 depositionis.
1272 2820 1541 2887 Quoniam
1581 2825 1746 2894 igitur
1784 2826 1904 2880 dia-

326 2918 560 2967 conatus
590 2911 640 2965 ei
666 2925 773 2964 non
799 2911 1125 2973 restituitur,
1164 2911 1220 2966 in
1252 2927 1316 2967 ea
1341 2913 1456 2969 sola
1498 2916 1702 2969 mulcta
1735 2924 1904 2972 stete-

326 3011 476 3058 runt.
495 3003 672 3073 Atque
685 3003 799 3057 haec
818 3002 1038 3072 quidem
1058 3010 1318 3074 suntquae
1334 3019 1401 3058 ex
1417 3006 1902 3063 constitutionibus

327 3092 618 3147 habentur.
654 3091 710 3146 In
753 3094 1011 3147 omnibus
1056 3101 1236 3149 autem
1283 3094 1467 3149 verior
1506 3095 1776 3151 medicina
1817 3106 1903 3152 est

2005 538 2303 610 διακρίνειν
2353 535 2464 590 ἀπὸ
2524 534 2623 605 τῆς
2681 530 3027 602 Ἐκκλησίας.
3059 524 3170 581 οἷον
3219 529 3423 581 κανόνα
3462 531 3587 583 τινα

2005 630 2107 700 τῆς
2158 629 2295 701 πρὸς
2337 628 2535 691 αὐτοὺς
2572 625 2858 688 κοινωνίας
2904 622 3185 694 ὲκθέμενοι
3212 619 3299 674 διὰ
3343 620 3442 685 τῆς
3476 620 3586 675 τῶν

2007 723 2326 777 ἐπισκόπων
2353 720 2685 792 παραδοχῆς.

2078 816 2153 870 B'.
2172 815 2443 886 Φθείρασα
2474 810 2593 865 κατ’
2620 808 2982 880 ἐπιτήδευσιν,
3000 807 3161 877 φόνου
3192 807 3347 876 δίκην
3366 807 3585 876 ὑπέχει.

2018 905 2396 978 Ἀκριὸολογία
2422 905 2479 957 δὲ
2500 900 3005 974 ὲκμεμορςρωμένου
3037 899 3131 952 καὶ
3155 899 3590 963 ἁνεξεικονίστου

2008 1000 2137 1069 παρ’
2168 1000 2299 1068 ἡμῖν
2328 998 2429 1050 οὐκ
2460 996 2629 1049 ἐστιν.
2694 991 2961 1046 Ἐνταῦοα
3014 992 3124 1063 γὰρ
3180 992 3476 1044 ὲκδικεῖται
3524 991 3587 1043 οὗ

2010 1089 2169 1161 μόνον
2224 1089 2286 1143 τὸ
2334 1086 2798 1160 γεννηθησόμενον
2846 1084 2982 1153 (50),
3042 1082 3181 1137 ἀλλὰ
3233 1084 3327 1136 καὶ
3362 1083 3508 1154 αὑτὴ
3550 1084 3586 1154 ἡ

2006 1183 2172 1253 ἑαυτῇ
2215 1178 2678 1233 ἐπιϐουλεύσασα·
2724 1177 2857 1230 διότι
2890 1176 2965 1239 ὡς
3002 1174 3095 1228 ἐπὶ
3123 1174 3185 1228 τὸ
3215 1174 3348 1227 πολὺ
3388 1176 3589 1229 ἐναπο-

2006 1271 2297 1342 θνήσκουσι
2350 1273 2470 1334 ταῖς
2516 1268 2793 1331 τοιαύταις
2841 1267 3241 1338 ὲπιχειρήσεσιν
3295 1267 3352 1319 αἱ
3394 1269 3583 1333 γυναῖ-

2005 1378 2117 1426 κες.
2160 1362 2429 1433 Πρόσεστι
2469 1361 2525 1414 δὲ
2543 1359 2717 1430 τούτῳ
2748 1359 2904 1428 καὶὴ
2939 1356 3114 1426 φθορᾶ
3174 1356 3268 1409 τοῦ
3316 1357 3583 1428 ἐμῦρῦου,

2004 1453 2192 1524 ἕτερος
2234 1453 2411 1522 φόνος.
2449 1452 2592 1504 κατά
2634 1467 2699 1519 γε
2732 1450 2830 1520 τὴν
2862 1448 3104 1500 ἐπίνοιαν
3136 1445 3244 1499 τῶν
3268 1447 3442 1500 ταῦτα
3465 1448 3587 1500 τολ-

2008 1544 2255 1615 μώντων.
2289 1546 2382 1597 Δεῖ
2411 1544 2592 1613 μέντοι
2615 1543 2688 1614 μὴ
2726 1542 2886 1612 μέχρι
2914 1541 3011 1608 τῆς
3028 1537 3209 1603 ἐξόδου
3235 1539 3585 1611 παρατείνειν

2004 1633 2184 1688 αὐτῶν
2216 1631 2314 1704 τὴν
2349 1630 2759 1703 ἐξομολόγησιν.
2810 1629 2946 1683 ἀλλὰ
2992 1627 3242 1698 δέχεσθαι
3274 1628 3373 1699 μὲν
3395 1630 3457 1682 τὸ
3485 1631 3585 1701 μέ-

2005 1742 2133 1796 τρον
2187 1723 2298 1795 (51)
2353 1724 2462 1777 τῶν
2504 1722 2636 1776 δέκα
2690 1721 2863 1775 ὲτῶνο
2916 1719 3120 1793 ὁρίζειν
3156 1720 3212 1772 δὲ
3258 1721 3334 1792 μὴ
3384 1721 3583 1792 χρόνῳ,

1932 1815 1972 1871 ιι
1997 1817 2131 1871 ἀλλὰ
2156 1816 2344 1887 τρόπῳ
2369 1815 2472 1885 τῆς
2503 1814 2794 1887 μετανοίας
2818 1812 2917 1884 τὴν
2947 1812 3264 1882 θεραπείαν.

2070 1905 2143 1960 I".
2181 1907 2454 1970 Διάκονος,
2484 1904 2623 1975 μετὰ
2640 1903 2741 1975 τὴν
2777 1903 3051 1956 διακονίαν
3091 1902 3414 1974 πῡρνεύσας,
3452 1903 3585 1957 ἀπό-

2001 1995 2196 2068 ϐλητος
2244 1997 2345 2067 μὲν
2406 1996 2507 2066 τῆς
2554 1994 2833 2057 διακονίας
2879 1993 3028 2047 ἔσται
3057 2010 3072 2024 ·
3121 1996 3202 2058 εἰς
3248 1993 3305 2046 δὲ
3343 1995 3435 2047 τὸν
3476 1994 3585 2047 τῶν

2001 2086 2203 2141 λαῖκῶν
2261 2086 2538 2150 ἀπωσθεὶς
2574 2085 2760 2147 τόπον,
2785 2084 2887 2154 τῆς
2921 2083 3205 2147 κοινωνίας
3230 2085 3329 2137 οὐκ
3363 2084 3581 2156 εἱρχθή-

2003 2196 2175 2234 σεται.
2207 2180 2352 2233 Διότι
2382 2178 2607 2251 ἀρχαῖός
2635 2180 2753 2232 ἐστι
2785 2174 2965 2230 κανὼν
2991 2175 3106 2246 (52)
3137 2178 3265 2238 τοὺς
3315 2178 3425 2231 ἀπὸ
3483 2176 3583 2246 βα-

2003 2268 2140 2341 θμοῦ
2180 2269 2536 2332 πεπτωκότας
2562 2267 2734 2337 τούτῳ
2767 2267 2915 2339 μόνῳ
2952 2266 3032 2336 τῷ
3078 2267 3265 2339 τρόπῳ
3297 2269 3397 2339 τῆς
3426 2268 3585 2322 κολά-

2003 2377 2141 2425 σεως
2188 2358 2625 2415 ὑποδάλλεσθαι·
2684 2357 3169 2428 ἀκολουθησάντων
3202 2396 3219 2421 ,
3270 2356 3349 2421 ὡς
3407 2354 3581 2427 οἶμαι,

2000 2453 2109 2508 τῶν
2138 2453 2198 2518 ἐξ
2233 2452 2409 2523 ἀρχῆς
2439 2450 2518 2522 τῷ
2542 2451 2690 2522 νόμῳ
2715 2450 2910 2521 ἐκείνῳ
2934 2449 3031 2521 τῷ,
3082 2451 3205 2502 Οὐκ
3244 2449 3585 2517 ἐκδικήσεις

2000 2543 2096 2609 δίς
2123 2544 2221 2597 ἐπὶ
2268 2542 2334 2597 τὸ
2388 2544 2538 2597 αὑτό
2559 2559 2571 2573 ’
2608 2543 2703 2595 καὶ
2747 2541 2816 2594 δι’
2848 2543 3042 2613 ἑτέραν
3069 2540 3125 2594 δὲ
3176 2541 3355 2594 αἰτίαν
3378 2558 3392 2570 ·
3421 2542 3503 2594 ὅτι
3533 2543 3584 2595 οί

2006 2636 2104 2706 μὲν
2149 2635 2207 2687 ὲν
2261 2633 2338 2704 τῷ
2366 2632 2538 2703 λαϊκῷ
2571 2632 2724 2696 ὄντες
2776 2632 3039 2702 τάγματι,
3075 2631 3459 2702 ἐκϐεϐλημένοι
3488 2635 3584 2686 τοῦ

2002 2727 2166 2779 τόπου
2213 2725 2323 2779 τῶν
2372 2722 2602 2787 πιστῶν,
2653 2722 2815 2777 πάλιν
2861 2725 2942 2787 είς
2982 2723 3073 2776 τὸν
3113 2725 3206 2792 ἀφ’
3237 2718 3298 2776 οὗ
3330 2722 3585 2788 ἐξέπεσον

2000 2820 2166 2873 τόπον
2226 2817 2731 2889 ἀναλαμϐάνονταιθ
2784 2817 2813 2869 δ
2869 2815 2927 2869 δὲ
2988 2815 3235 2878 διάκονος
3287 2816 3434 2883 ἅπαξ
3473 2816 3585 2887 ἔχει

2001 2913 2197 2983 διαρκῆ
2227 2910 2326 2982 τὴν
2350 2910 2507 2979 δίκην
2521 2908 2620 2979 τῆς
2642 2900 3034 2978 καθαιρέσεως.
3076 2906 3162 2970 Ὠς
3192 2904 3285 2960 οὗν
3315 2908 3415 2961 οὐκ
3448 2908 3586 2960 ἀπο-

2000 3000 2285 3071 διδομένης
2342 2997 2491 3068 αὐτῷ
2525 2998 2624 3069 τῆς
2662 2996 2957 3061 διακονίας,
2986 2998 3080 3050 ἐπὶ
3116 2997 3316 3069 ταύτης
3346 2997 3581 3068 ἔστησαν

2008 3091 2174 3162 μόνης
2225 3090 2325 3161 τῆς
2374 3088 2723 3159 ἐκδικήσεως.
2772 3085 2959 3140 Ταῦτα
3019 3089 3116 3158 μὲν
3136 3084 3229 3142 οὖν
3274 3087 3344 3142 τὰ
3374 3089 3440 3141 ἐκ
3470 3088 3581 3142 τῶν

328 3197 580 3236 recessus
610 3194 641 3234 a
674 3195 917 3251 peccato.
949 3180 1130 3247 Quare
1165 3183 1258 3252 qui
1292 3193 1513 3254 prepter
1536 3186 1718 3242 carnis
1746 3188 1903 3241 volu-

2009 3160 2212 3235 τύπων.
2248 3178 2492 3234 Καθόλου
2538 3178 2594 3230 δὲ
2639 3177 3000 3250 ἀληθέστερόν
3055 3181 3202 3232 ἐστιν
3248 3180 3388 3250 ἴαμα
3416 3181 3450 3251 ἡ
3482 3182 3585 3251 τῆς

329 3277 531 3342 ptatem
563 3271 803 3340 gratiam
838 3271 1058 3340 abjeeit,
1085 3272 1132 3327 is
1165 3273 1212 3328 si
1238 3289 1459 3329 carnem
1491 3278 1827 3333 conterendo
1848 3287 1905 3334 et

328 3362 384 3416 in
416 3376 659 3428 onmem,
689 3363 994 3418 secundum
1026 3365 1379 3421 continentiae
1408 3368 1751 3440 praescripta,
1784 3386 1903 3426 ser-

330 3460 557 3509 vitutem
587 3453 883 3525 redigendo
907 3459 1127 3511 secedat
1153 3473 1181 3511 a
1222 3459 1612 3529 voluptatibus,
1644 3476 1676 3515 a
1698 3463 1899 3532 quibus

328 3546 509 3600 victus
545 3555 598 3601 et
628 3555 941 3617 prostratus
970 3559 1074 3615 est,
1125 3551 1346 3620 plenum
1390 3554 1552 3608 nobis
1587 3569 1700 3609 suae
1730 3570 1894 3610 cura-

329 3640 498 3698 tionis
548 3643 825 3711 specimen
871 3642 1044 3699 dabit.
1094 3643 1279 3714 Itaque
1325 3645 1469 3699 scire
1523 3659 1624 3700 nos
1674 3656 1906 3716 utraque

328 3740 566 3804 Oportet,
615 3742 670 3791 et
717 3751 839 3806 qua:
889 3744 1019 3792 sunt
1066 3738 1265 3792 summi
1290 3737 1454 3807 juris,
1509 3747 1565 3793 et
1611 3723 1734 3808 qua:
1777 3748 1908 3794 sunt

328 3826 784 3884 consuetudinis:
817 3829 975 3900 sequi
1004 3837 1186 3886 autem
1238 3828 1294 3884 in
1347 3831 1415 3886 iis
1464 3846 1586 3902 quae
1626 3846 1902 3887 summum

323 3920 419 3989 jus
448 3933 559 3975 non
592 3919 911 3987 admittunt,
940 3919 1173 3977 formam
1209 3922 1485 3979 traditam.

401 4092 444 4125 "’
483 4092 698 4149 Nabum
730 4111 769 4160 ι,
796 4093 850 4150 9.

560 4210 859 4290 Ἐκείνῳν.
898 4209 984 4290 ita
1020 4208 1453 4290 mss.__pler_ique.
1496 4207 1635 4290 E_dit_i
1679 4208 1895 4290 ἐκείνῳ.

404 4278 517 4348 (50)
553 4282 1111 4350 Γεννηθησόμενον.
1153 4278 1252 4335 Hic
1300 4278 1453 4333 locus
1493 4279 1573 4332 sic
1617 4279 1814 4350 legitur
1844 4278 1900 4333 in

332 4352 609 4424 p‘uribusA
637 4366 770 4424 mss.
805 4348 1105 4424 radicibus
1136 4368 1150 4404 :
1183 4351 1566 4421 γενησόμενον,
1615 4348 1753 4404 ἀλλὰ
1808 4350 1903 4404 καὶ

334 4419 496 4482 αὐτὸς
527 4424 555 4474 δ
591 4419 768 4490 ἑαυτῷ
801 4419 1208 4484 ἐπιϐουλεύσας.

410 4490 521 4561 (51)
560 4488 844 4559 Δέχεάθαι
879 4491 998 4561 μὲν
1042 4490 1105 4543 τὸ
1134 4490 1372 4558 μέτρον.
1415 4489 1777 4544 Consentium
1802 4488 1906 4561 hoc

339 4564 464 4619 loco
490 4559 709 4617 Codices
743 4559 892 4615 mss.'
915 4560 1065 4614 Unde
1091 4563 1258 4631 miror
1288 4565 1338 4612 in
1373 4561 1532 4615 editis
1560 4560 1661 4625 legi
1693 4559 1830 4631 μετὰ
1849 4559 1910 4613 τὸ

343 4634 577 4705 μέτρον,
603 4640 720 4692 post
764 4646 1063 4686 mensuram
1089 4628 1264 4684 decem
1295 4646 1557 4685 annorum
1585 4645 1675 4684 eas
1696 4628 1910 4698 'cportet

339 4720 423 4759 rec
427 4719 536 4759 21781⁸
536 4719 583 4757 ε.

411 4720 835 4845 ᾖξὲἷείὶρχαιός
853 4770 985 4845 ἐστι
1015 4770 1233 4825 κανών.
1259 4772 1616 4845 ltespictt,_ni_
1637 4768 1816 4834 fallor,
1842 4769 1908 4824 ad

335 4840 602 4899 canonem
630 4841 715 4898 25.
754 4842 1150 4910 apostolorum,
1206 4841 1270 4895 ad
1319 4857 1479 4910 quem
1526 4840 1815 4895 Balsamon
1857 4851 1911 4895 et

338 4912 585 4968 Zonaras
629 4915 925 4968 observant
971 4910 1234 4966 nonnulla
1266 4927 1389 4965 esse
1419 4910 1910 4981 peccata,qquibus

336 4983 852 5047 excetnmunicatio,
918 4998 1029 5037 non
1086 4981 1261 5036 solum
1289 4979 1556 5050 depositio
1614 4979 1908 5051 inﬂigitur;

337 5055 488 5109 velut
522 5054 567 5108 si
598 5054 722 5123 quis
753 5053 1005 5122 pecunia,
1040 5052 1125 5106 vel
1155 5053 1508 5122 magistratus
1543 5053 1782 5123 potentia
1812 5066 1909 5123 ﬁsa-

341 5121 644 5179 cerdolium
675 5121 1021 5193 assiequatur,
1059 5131 1117 5176 ut
1146 5121 1550 5193 sancitur_can.
1584 5121 1652 5176 29
1682 5128 1737 5177 et
1763 5122 1851 5176 '50.

413 5194 525 5263 {55)
555 5190 930 5263 Σουντριμλιοῦ
956 5192 1063 5260 τῆς
1102 5193 1350 5259 σαρκός.
1402 5190 1518 5245 Duo
1546 5201 1755 5246 veteres
1787 5190 1910 5263 libri

342 5262 682 5336 συντριμμοῦ
731 5263 1122 5336 τῆς-καρδίας,
1169 5278 1262 5336 per
1296 5262 1675 5336 contritionem
1711 5262 1909 5336 cordis.

341 5331 590 5403 Constat
615 5331 797 5389 autem
843 5331 1397 5388 hic'eanon’duabus
1425 5333 1694 5403 partibus.
1729 5331 1910 5387 Prima

342 5402 592 5474 diaconis
624 5402 1210 5459 exeommunicationis
1238 5412 1292 5457 et
1327 5405 1591 5473 graduum
1642 5403 1911 5474 paeniten-

344 5472 432 5526 tia‘
460 5474 761 5529 molestiam
791 5476 1001 5528 eximit.
1049 5476 1233 5529 Altera
1277 5472 1458 5529 veram
1502 5481 1557 5528 et
1588 5472 1911 5527 in’omnibus

342 5544 669 5600 servandam
702 5544 1005 5614 pnescribit
1037 5545 1386 5606 medicinam,
1411 5559 1534 5614 quae
1553 5559 1637 5600 εει
1660 5558 1912 5614 recessus

346 5628 378 5668 a
420 5622 662 5681 peccato,
702 5612 810 5669 nec
845 5615 1106 5669 diaconos
1149 5614 1218 5667 ab
1260 5612 1565 5669 exhibendo
1610 5612 1914 5668 curationis

344 5698 461 5739 sua:
488 5682 784 5752 speciutine
823 5684 1092 5739 immunes
1125 5684 1403 5752 relinquit.
1450 5682 1603 5739 Unde
1639 5684 1914 5753 colligitur

343 5753 566 5811 clericis
594 5753 763 5822 lapsis
790 5769 900 5810 non
934 5755 1117 5810 statim
1145 5768 1470 5810 concessum
1507 5754 1680 5812 fuisse
1711 5767 1911 5824 corpus

2010 3271 2284 3345 ᾁμαρτίας
2326 3268 2692 3340 ἀναχώρησις.
2733 3268 2894 3319 Ὥστε
2936 3270 2965 3321 ό
3008 3269 3096 3323 διὰ
3140 3270 3342 3341 σαρκὸς
3387 3270 3582 3341 ἡδονὴν

2006 3362 2278 3432 ἀθετήσας
2329 3361 2425 3431 τὴν
2458 3359 2638 3430 χάριν.
2677 3358 2765 3413 διὰ
2811 3359 2904 3414 τοῦ
2959 3360 3295 3434 συντριμμοῦ
3330 3361 3443 3431 (55)
3482 3360 3583 3431 τῆς

2008 3454 2206 3526 σαρκὸς
2228 3453 2322 3507 καὶ
2356 3452 2533 3522 πάσης
2554 3451 2929 3521 δουλαγωγίας
2965 3453 3067 3523 τῆς
3105 3455 3224 3506 κατ’
3254 3454 3585 3524 ἐγκράτειαν
3662 3466 3671 3475 ‘

2004 3545 2244 3608 ἀποστὰς
2293 3544 2402 3598 τῶν
2453 3543 2675 3613 ἡδονῶν,
2723 3545 2810 3612 ὑφ’
2841 3538 2916 3599 ὧν
2964 3544 3338 3617 κατεστράφη,
3370 3545 3583 3601 τελείαν

2007 3641 2137 3710 ἡμῖν
2192 3636 2418 3708 παρέξει
2444 3634 2545 3704 τῆς
2598 3634 2929 3707 ίατρεύσεως
2960 3636 3124 3690 αὑτοῦ
3156 3636 3255 3706 τὴν
3283 3636 3578 3704 ἀπόδειξιν.

2019 3728 2327 3800 Ἀμφότερα
2352 3728 2532 3780 τοίνυν
2553 3727 2753 3780 εἰδέναι
2789 3728 2935 3798 ἡμᾶς
2966 3728 3063 3793 δεῖ,
3089 3730 3183 3782 καὶ
3210 3729 3277 3782 τὰ
3305 3730 3402 3801 τῆς
3424 3731 3584 3800 ἀκρι-

2006 3819 2159 3884 ϐείας
2201 3818 2296 3873 καὶ
2347 3817 2417 3871 τὰ
2460 3818 2563 3887 τῆς
2605 3816 2927 3887 συνηθείας·
2971 3818 3199 3873 ἔπεσθαι
3239 3820 3295 3874 δὲ
3340 3822 3433 3873 ἐπὶ
3472 3821 3582 3875 τῶν

2010 3911 2086 3984 μὴ
2132 3908 2576 3981 καταδεξαμένων
2621 3909 2721 3979 τὴν
2758 3908 3036 3982 ἀκρότητα
3090 3910 3169 3982 τῷ
3223 3911 3581 3983 παραδοθέντι

2005 4004 2069 4060 τύ
2081 4023 2182 4076 πῳ.

2008 4209 2242 4267 Domini.
2292 4212 2389 4267 sed
2441 4228 2634 4269 eorum
2677 4228 3093 4270 conversronem
3143 4221 3427 4282 prooatam
3480 4217 3580 4271 ali-

2007 4282 2247 4350 quandiu
2278 4283 2468 4347 fuisse,
2502 4286 2753 4353 quamvis
2778 4284 3139 4353 depositionis
3169 4299 3341 4352 paena:
3363 4301 3580 4340 excom-

2008 4353 2307 4406 municatio
2337 4369 2444 4407 non
2472 4352 2782 4410 adderetur.
2805 4352 3342 4416 SicetiamBasilius,
3366 4370 3492 4409 can.
3520 4359 3571 4423 l,

2010 4428 2243 4495 testatur
2271 4424 2520 4489 clericos,
2567 4426 2660 4495 qui
2694 4440 2839 4495 cum,
2860 4424 3154 4495 rebellibus
3185 4425 3450 4485 abierant.
3490 4435 3578 4481 re-

2008 4490 2238 4565 deuntes
2271 4508 2413 4565 sape
2443 4494 2499 4549 in
2530 4490 2718 4550 eodem
2746 4494 2939 4549 ordine
2965 4494 3154 4565 recipi,
3184 4494 3277 4548 sed
3299 4505 3578 4564 postquam

2010 4563 2366 4636 paenitentiam
2420 4568 2639 4633 egerint,
2689 4582 2796 4620 non
2830 4565 2978 4619 illam
3006 4563 3236 4636 quidem
3281 4563 3575 4636 publicam,

2009 4633 2106 4687 sed
2140 4648 2258 4686 eam
2294 4651 2416 4703 quae
2450 4638 2502 4690 in
2541 4636 2794 4690 vitiorum
2825 4633 3204 4689 emendatione
3231 4633 3298 4689 et'
3319 4637 3574 4704 legitimis

2011 4704 2260 4775 conversi
2295 4706 2480 4760 cordis
2514 4705 3006 4775 signiﬁcationibus
3068 4707 3243 4775 posita
3299 4715 3403 4760 est.
3447 4705 3578 4762 Late

2010 4780 2159 4840 patet
2198 4774 2312 4828 haec
2351 4773 2662 4831 observatio
2691 4778 2743 4830 in
2786 4775 3085 4829 canonihus
3114 4773 3327 4841 Basilii;
3359 4776 3579 4830 eadem-

2010 4857 2115 4912 que
2150 4844 2387 4916 adhibita
2424 4847 2562 4900 ratio
2593 4847 2645 4899 in
2682 4847 2750 4900 iis
2779 4844 3040 4900 curandis
3073 4852 3128 4899 et
3168 4845 3452 4907 sanandis,
3479 4849 3576 4916 qui

2009 4913 2261 4986 quamvis
2305 4915 2445 4968 inter
2490 4917 2814 4986 pmniteutes
2854 4929 2962 4968 non
3000 4916 3439 4972 amandarentur.
3477 4913 3582 4971 sed

2010 4998 2135 5037 cum
2177 4984 2425 5041 ﬁdelibus
2461 4984 2845 5041 consisterent.
2896 4999 3003 5038 non
3048 4995 3226 5039 tamen
3272 4985 3475 5038 idciri-e
3507 4987 3575 5040 ad

2012 5051 2411 5125 Eucharistiam
2449 5057 2798 5111 accedebant.
2827 5054 2965 5109 llinc
2999 5054 3066 5110 iis
3089 5054 3185 5125 qui
3219 5057 3271 5108 in
3307 5055 3447 5110 bello
3475 5074 3573 5109 oc-

2012 5124 2261 5183 ciderunt
2292 5133 2484 5180 auctor
2507 5135 2594 5181 est
2621 5125 2878 5189 Basilius,
2910 5133 2975 5195 ut
3001 5140 3031 5178 a
3054 5124 3449 5195 gemmunione
3480 5142 3576 5195 per

2013 5202 2128 5265 tres
2167 5210 2342 5251 annos
2373 5197 2706 5262 abstineant,
2759 5211 2883 5250 can.
2920 5194 3007 5249 15.
3053 5193 3308 5250 Eamdem
3358 5193 3573 5265 pinnam

2014 5263 2245 5333 impertit
2274 5265 2345 5321 iis
2385 5267 2481 5333 qui
2528 5268 2792 5320 adversus
2835 5266 3076 5322 latrones
3125 5280 3274 5320 arma
3323 5263 3577 5333 sumpse.

2014 5341 2162 5398 runt,
2201 5350 2334 5404 can.
2385 5335 2475 5391 55.
2528 5334 2658 5391 Furi
2709 5344 2902 5404 sponte
2938 5335 3192 5391 confesso
3223 5337 3401 5390 locum
3434 5337 3575 5389 inter

2013 5405 2151 5460 alios
2186 5403 2371 5461 ﬁdeles
2409 5407 2705 5475 relinquit;
2749 5403 2824 5461 ita
2871 5413 3053 5460 tamen
3081 5416 3141 5460 ut
3170 5422 3371 5460 annum
3405 5423 3573 5461 unum

2011 5476 2398 5546 communione
2426 5474 2659 5546 ﬁcareat.
2695 5474 2831 5530 Eum
2871 5483 3052 5530 autem
3087 5481 3179 5546 qui
3208 5492 3405 5531 usuras
3428 5477 3577 5529 acci-

2012 5544 2113 5616 pit,
2145 5545 2211 5600 ad
2252 5545 2618 5616 sacerdotium
2645 5546 2857 5601 admitti
2896 5544 3121 5616 patitur;
3152 5550 3245 5602 sed
3274 5548 3320 5600 si
3352 5547 3575 5616 voluerit

2012 5614 2270 5683 injustam
2303 5615 2508 5670 lucrum
2533 5618 2586 5670 iu
2609 5630 2860 5685 pauperes
2882 5614 3160 5682 insumere,
3176 5628 3224 5673 et
3249 5617 3490 5680 deinceps
3507 5615 3570 5670 ab

2014 5687 2252 5741 avaritia:
2287 5686 2465 5742 morbo
2496 5688 2729 5742 liberari.
3322 5728 3327 5733 .
