3948 6214
374 340 482 397 673

1204 334 1686 394 EPISTOIARUM
1722 328 1996 392 CLASSIS
2034 336 2098 391 II.
2143 338 2356 392 EPIST.
2397 338 2770 393 CLXXXVIII.

3500 343 3603 399 674

446 458 518 509 Δ¹.
570 455 705 524 Περὶ
765 455 1050 527 τρι-γάμων
1105 453 1199 507 καὶ
1256 454 1584 526 πλυγὰμων
1634 452 1726 507 τὸν
1780 451 1942 506 αὐτὸν

2111 452 2201 510 IV.
2249 452 2325 507 De
2370 453 2610 524 trigamis
2637 462 2690 509 et
2730 453 3021 523 polygamis
3062 452 3317 510 deﬁniere
3354 456 3607 512 eumdem

370 541 580 616 ὥρισαν
632 544 767 616 (54)
821 545 1050 602 κανόνα,
1106 544 1168 597 ὂν
1218 546 1309 598 καὶ
1358 545 1450 598 ἐπὶ
1506 544 1612 597 τῶν
1663 544 1937 614 διγὰμων,

369 637 665 706 ἀναλόγως·
702 636 944 690 ἐνιαυτὸν
973 637 1070 707 μὲν
1099 637 1207 708 γὰρ
1236 636 1326 690 ἐπὶ
1351 636 1457 690 τῶν
1483 636 1761 707 διγάμων,
1791 636 1940 689 ἄλλοι

369 729 429 783 δὲ
459 727 551 781 δύο
574 728 691 800 ἔτη.
717 729 855 792 Τοὺς
883 727 939 780 δὲ
978 727 1278 798 τριγάμους
1316 728 1374 780 ὲν
1416 728 1561 800 τρισὶ
1599 727 1693 781 καὶ
1720 727 1942 798 τέταρσι

372 819 639 883 πολλάκις
687 820 861 874 ἐτεσιν
917 819 1289 891 ἀφορίζουσιν.
1351 820 1704 892 Ὀνομάζουσι
1762 819 1821 873 δὲ
1879 818 1943 872 τὸ

366 911 612 964 τοιοῦτον
655 911 755 965 οὐκ
803 911 882 966 ἔτι
917 912 1126 981 γάμον,
1160 910 1296 965 ἀλλὰ
1336 910 1710 981 πολυγαμίαν,
1745 909 1940 982 μᾶλλον

366 1001 429 1055 δὲ
463 1001 715 1073 πορνείαν
758 1003 1179 1074 κεκολασμένην.
1209 1002 1299 1056 Διὸ
1326 1002 1417 1055 καὶ
1452 1005 1480 1056 ὁ
1514 1003 1713 1073 Κύριος
1743 1005 1806 1073 τῇ
1842 1003 1944 1056 Σα-

374 1091 643 1162 μαρείτιδι
677 1091 835 1145 πέντε
865 1091 1060 1162 ἄνδρας
1081 1091 1433 1163 διαμειψάσῃ,
1464 1093 1565 1144 ’ον
1592 1091 1726 1152 νῦν,
1755 1092 1938 1163 φησὶν,

368 1184 550 1247 ἕξεις,
582 1186 691 1237 οὐκ
717 1183 850 1237 ἐστι
891 1198 1007 1237 σου
1051 1181 1204 1251 ἀνήρ
1224 1199 1236 1212 ο
1263 1183 1338 1246 ὡς
1370 1182 1551 1236 οὐκέτι
1581 1180 1746 1246 ἀξίων
1774 1183 1942 1236 ὄντων

368 1274 481 1328 τῶν
523 1274 1000 1344 ὑπερεκπεσόντων
1038 1273 1130 1327 τοῦ
1179 1274 1378 1346 μέτρου
1425 1275 1522 1345 τῆς
1567 1273 1823 1343 διγαμίας
1865 1272 1942 1344 τῷ

367 1366 466 1419 τοῦ
511 1366 701 1438 ἀνδρὸς
745 1367 778 1438 ἢ
827 1367 925 1435 τῆς
957 1366 1211 1434 γυναικὸς
1254 1366 1533 1420 καλεῖσθαι
1570 1367 1939 1438 προσρήματι.

371 1454 665 1526 Συνήθειαν
708 1455 765 1508 δὲ
805 1455 1170 1527 κατελάϐομεν
1214 1456 1305 1509 ἐπὶ
1339 1456 1446 1509 τῶν
1487 1457 1769 1527 τριγάμων
1810 1472 1939 1508 πεν-

371 1547 590 1609 ταετίας
622 1547 949 1618 ἁφορισμόνο
983 1547 1082 1600 οὐκ
1111 1546 1220 1600 ἀπὸ
1247 1546 1486 1600 κανόνων
1521 1546 1656 1617 (55),
1690 1546 1803 1601 ἀλλ’
1834 1547 1941 1599 ἀπὸ

368 1639 475 1708 τῆς
497 1639 603 1691 τῶν
630 1639 1033 1712 προειληφότων
1072 1638 1414 1703 ἀκολουθίας.
1455 1642 1545 1691 Δεῖ
1574 1640 1629 1692 δὲ
1664 1639 1738 1711 μὴ
1763 1639 1938 1710 πάντη

370 1728 567 1792 αὐτοὺς
607 1728 888 1801 ἀπείργειν
932 1729 1033 1800 τῆς
1072 1729 1392 1799 Ἐκκλησίας
1416 1770 1431 1794 ,
1473 1728 1585 1783 ἀλλ’
1628 1729 1941 1800 ἀκροάσεως

2044 559 2327 610 canonem,
2358 559 2518 613 quem
2546 553 2600 598 et
2623 544 2690 598 de
2711 543 2954 614 digamis,
2982 553 3194 598 servata
3218 546 3565 615 proportione
3590 563 3605 599 :

2045 650 2245 693 annum
2291 634 2539 689 videlicet
2582 634 2635 687 in
2664 633 2906 705 digamis,
2937 633 3025 686 alii
3068 649 3198 688 vero
3229 635 3364 688 duos
3412 650 3607 692 annos.

2047 725 2327 795 Trigamos
2358 738 2536 780 autem
2569 726 2741 781 tribus
2761 769 2774 790 ,
2807 735 2863 780 et
2894 741 3035 796 saepe
3077 738 3306 796 quatuor
3331 728 3487 783 annis
3520 743 3611 783 se-

2045 824 2287 887 gregant.
2318 816 2374 871 Id
2408 826 2586 871 autem
2626 833 2735 872 non
2764 817 2994 886 amplius
3019 817 3343 888 coniugium,
3378 820 3470 873 sed
3508 834 3610 890 po-

2046 905 2326 977 lygamiam
2375 909 2678 978 appellant,
2721 910 2806 964 vel
2850 909 3028 978 potius
3074 910 3401 965 moderatam
3437 909 3612 965 forni-

2046 997 2333 1052 cationem.
2390 999 2727 1068 Quapropter
2791 1007 2846 1053 et
2903 999 3162 1054 Dominus
3221 998 3604 1064 Samaritana,

2045 1108 2166 1163 quae
2212 1094 2434 1149 maritos
2479 1094 2716 1164 quinque
2768 1109 2866 1162 per
2917 1094 3062 1147 vices
3104 1092 3396 1158 habuerat,
3445 1092 3611 1157 Quem

2047 1200 2215 1248 nunc,
2267 1183 2472 1253 inquit,
2512 1186 2696 1249 habes,
2749 1187 2968 1239 maritus
3013 1201 3114 1238 non
3155 1194 3228 1238 est
3266 1184 3312 1217 ‘3
3352 1200 3367 1237 :
3407 1185 3608 1254 quippe

2044 1274 2187 1343 quod
2226 1274 2258 1326 ii
2309 1274 2400 1343 qui
2453 1275 2695 1344 digamite
2752 1292 3003 1329 mensura
3055 1275 3405 1340 exciderunt,
3464 1275 3609 1346 digni

2046 1378 2155 1417 non
2199 1363 2307 1417 sint
2351 1363 2442 1433 qui
2485 1364 2571 1418 vel
2613 1364 2789 1418 mariti
2823 1363 2907 1418 vel
2951 1364 3133 1418 uxoris
3173 1364 3391 1418 nomine
3419 1363 3610 1433 appel-

2045 1456 2246 1511 lentur.
2276 1455 2394 1511 Iam
2425 1471 2555 1510 vero
2584 1455 2977 1510 consuetudine
3015 1454 3320 1525 accepimus
3357 1454 3413 1507 in
3445 1454 3610 1523 triga-

2044 1552 2148 1606 mis
2184 1552 2534 1623 quinquennii
2572 1552 2994 1623 segregationem
3015 1593 3028 1615 ,
3058 1566 3167 1604 non
3206 1565 3237 1604 a
3268 1547 3601 1613 canonibus,

2045 1642 2140 1698 sed
2167 1658 2260 1698 eos
2287 1643 2389 1713 qui.
2412 1651 2805 1713 praecesserunt
2851 1641 3142 1711 sequendo.
3184 1638 3405 1710 Oportet
3447 1638 3608 1708 272

2045 1744 2224 1790 autem
2261 1751 2354 1791 eos
2383 1752 2492 1790 non
2522 1735 2744 1790 omnino
2773 1749 2956 1789 arcere
2993 1734 3060 1788 ab
3093 1732 3351 1795 Ecclesia,
3386 1731 3479 1785 sed
3508 1746 3608 1784 au-

370 1822 567 1884 αὺτοὺς
600 1821 780 1888 ἀξιοῦν
813 1823 872 1874 ὲν
906 1821 999 1875 δύο
1044 1840 1144 1875 που
1193 1822 1368 1877 ἔτεσιν
1398 1823 1430 1894 ἦ
1465 1823 1607 1891 τρισί
1628 1840 1641 1854 ο
1671 1822 1763 1875 καὶ
1805 1820 1941 1893 μετὰ

2045 1827 2247 1883 ditione
2275 1827 2483 1899 dignari
2521 1828 2732 1882 duobus
2772 1827 2858 1883 vel
2903 1826 3075 1882 tribus
3109 1824 3266 1879 annis
3303 1842 3315 1877 :
3349 1839 3411 1877 ac
3456 1831 3608 1894 post-

368 1912 544 1966 ταῦτα
592 1914 905 1985 ἐπιτρέπειν
955 1915 1240 1986 συστήκειν
1270 1915 1368 1984 μὲν
1388 1956 1403 1980 ,
1436 1915 1535 1985 τῆς
1575 1915 1630 1968 δὲ
1658 1914 1942 1977 κοινωνίας

368 2007 467 2057 τοῦ
520 2004 722 2072 ἀγαθοῦ
771 2005 1097 2075 ἀπέχεσθαι,
1149 2006 1245 2060 καὶ
1290 2004 1464 2069 οὕτως
1505 2005 1944 2076 ἐπιδειξαμένους

371 2097 583 2168 καρπόν
634 2113 754 2150 τινα
800 2097 1090 2168 μετανοίας
1130 2096 1499 2168 ἀποκαθιστᾷν
1540 2096 1618 2166 τῷ
1660 2097 1809 2168 τόπῳ
1845 2099 1944 2169 τῇς

379 2186 683 2247 κοινωνίαι..

445 2277 521 2330 E'.
559 2277 695 2349 Τοὺς
727 2276 783 2330 δὲ
822 2276 915 2329 ἐπὶ
954 2276 1120 2348 ἐξόδῳ
1163 2275 1554 2348 μετανοοῦντας
1595 2276 1702 2329 τῶν
1741 2277 1944 2348 αίρετιυ

373 2367 486 2420 κῶν
506 2367 755 2439 δέχεσθαι
784 2369 909 2439 χρή·
936 2368 1182 2438 δέχεσθαι
1213 2368 1268 2421 δὲ
1293 2368 1533 2440 δηλονότι
1561 2369 1660 2421 οὐκ
1684 2368 1940 2439 ἀκρίτως,

372 2459 510 2511 ἀλλὰ
552 2458 941 2529 δοκιμάζοντας
983 2462 1029 2512 εί
1062 2458 1315 2529 ἀληθινὴν
1355 2458 1748 2512 ἐπιδείκνυνται
1782 2458 1945 2528 μετάο

373 2569 548 2613 νοιαν,
574 2552 667 2604 καὶ
697 2552 745 2603 εἰ
772 2552 898 2613 τοὺς
921 2551 1165 2622 καρποὺς
1192 2549 1301 2621 (56)
1328 2549 1508 2620 ἔχουσι
1537 2549 1945 2621 μαρτυροῦντας

374 2644 448 2713 τῇ
484 2641 615 2713 πρὸς
643 2641 704 2694 τὸ
739 2639 978 2712 σωθῆναι
1002 2641 1224 2712 σπουδῇ.
1473 2648 1476 2653 ’

446 2735 535 2801 ς’.
566 2732 685 2785 Τῶν
709 2732 1005 2786 κανονικῶν
1031 2732 1141 2803 (57)
1168 2732 1264 2795 τὰς
1290 2731 1544 2803 πορνείας
1568 2732 1647 2795 εἰς
1669 2730 1844 2802 γάμον
1871 2729 1944 2802 μὴ

380 2823 864 2892 καταλογίζεσθαι,
910 2823 1044 2878 ἀλλὰ
1080 2822 1243 2876 παντὶ
1291 2822 1473 2893 τρόπῳ
1503 2822 1732 2890 διασπᾷν
1768 2822 1944 2873 αὐτῶν

379 2915 479 2985 τὴν
519 2914 830 2984 συνάφειαν.
877 2914 1044 2969 Τοῦτο
1088 2913 1194 2986 γὰρ
1238 2913 1329 2966 καὶ
1372 2915 1437 2983 τῇ
1482 2912 1775 2983 Ἐκκλησία
1810 2911 1945 2982 πρὸς

373 3005 673 3074 ἀσφάλειαν
717 3004 1012 3069 λυσιτελὲς,
1059 3005 1153 3056 καὶ
1196 3006 1307 3067 τοῖς
1350 3003 1644 3073 αἱρετικοῖς
1684 3002 1743 3054 οὐ
1785 3001 1942 3055 δώσει

375 3100 497 3153 καθ’
529 3100 685 3170 ἡμῶν
716 3100 904 3172 λαϐὴν,
930 3099 1004 3164 ὡς
1030 3098 1117 3153 διὰ
1147 3098 1245 3168 τὴν
1268 3096 1362 3151 τοῦ
1394 3098 1727 3169 ἁμαρτάνειν
1758 3097 1940 3151 ἄδειαν

375 3192 772 3262 ἐπισπωμένων
796 3191 931 3263 πρὸς
960 3190 1202 3253 ἑαυτούς.

444 3284 517 3336 Z'.
561 3282 970 3354 ’Δρῤενοφθόροι
1005 3283 1099 3336 καὶ
1135 3282 1455 3354 ζωοφθόροι,
1487 3280 1581 3335 καὶ
1614 3282 1811 3350 φονεῖς,
1845 3279 1938 3333 καὶ

372 3376 690 3444 φαρμακοὶ,
728 3374 826 3426 καὶ
865 3373 1074 3445 μοιχοὶ,
1106 3375 1202 3427 καὶ
1233 3358 1609 3445 είδωλολάτραι
1634 3372 1732 3442 τῆς
1770 3372 1938 3442 αὐτῆς

372 3463 667 3531 καταδίκης
704 3464 839 3517 εἰσιν
881 3463 1192 3535 ἠξιωμένοι.
1232 3465 1390 3517 Ὥστε
1432 3464 1490 3517 ὃν
1532 3464 1674 3535 ἔχεις
1703 3464 1794 3516 ἐπὶ
1828 3462 1938 3515 τῶν

368 3551 543 3606 ἄλλων
572 3550 763 3617 τύπον,
794 3552 890 3607 καὶ
934 3554 1026 3607 ἐπὶ
1075 3552 1278 3607 τούτων
1320 3552 1573 3622 φύλαξον.
1619 3553 1757 3616 Τοὺς
1789 3552 1845 3604 δὲ
1879 3554 1938 3605 ὲν

370 3643 662 3714 τριάκοντα
680 3643 823 3698 ἔτεσι
840 3643 948 3716 (58)
971 3644 1405 3717 μετανοήσαντας
1419 3645 1511 3698 ἐπὶ
1529 3646 1594 3717 τῇ
1607 3641 1936 3716 ἀκαθαρσίᾳ,

438 3822 484 3855 ⁸³
509 3822 667 3880 Joan.
701 3839 776 3890 tv,
808 3820 899 3879 18.

429 3906 542 3976 (54)
591 3926 839 3974 δέρω-αν.
886 3908 975 3960 Sic
1025 3920 1158 3960 mss.
1194 3921 1411 3960 summo
1453 3918 1749 3965 consensu.
1778 3904 1921 3965 Editi

354 3978 656 4033 ὡρισάμεν.

406 3995 723 4118 ἥιὲἕξιῗῖίπρ
749 4045 1068 4118 Δκανόνων.
1117 4042 1308 4118 Plures
1359 4042 1581 4118 codices
1637 4057 1787 4118 mss“
1821 4042 1930 4118 ἀπὸ

351 4112 598 4180 κανόνος.
650 4115 852 4169 Ibidem
888 4121 1011 4184 post
1054 4127 1243 4184 vocem
1269 4112 1606 4184 Δἀκολουθίας
1645 4113 1842 4184 legitur
1874 4116 1930 4167 in

354 4203 466 4242 uno
488 4187 677 4241 codice
706 4181 953 4254 Itegio'et
974 4184 1027 4254 in
1053 4197 1166 4254 uno
1184 4181 1465 4235 Coisliano
1486 4181 1789 4254 recentiore
1808 4183 1929 4252 ἦτοι

352 4260 466 4320 τοῖς
491 4250 855 4328 προλαϐοῦσιν
877 4250 1293 4314 ἀκολουθοῦντες
1325 4251 1586 4328 πατράσι,
1606 4250 1928 4328 _sciltcet‘ecs

351 4330 443 4399 qui
473 4322 851 4399 priet-euentu:
891 4334 1070 4399 patres
1124 4322 1405 4399 sequendo.
1444 4322 1562 4399 sed
1604 4323 1719 4375 hac
1756 4323 1928 4389 expli-

350 4393 515 4453 ἁδηᾶί
554 4411 721 4452 causa
751 4395 819 4448 ad
850 4396 1146 4463 marginem
1195 4394 1463 4461 apposita,
1511 4393 1567 4445 in
1608 4399 1922 4447 contextum

350 4476 543 4540 postea
576 4467 865 4540 irrepsisse
903 4464 1272 4540 perspicuum
1293 4470 1398 4516 est.

423 4538 538 4609 (56)
591 4530 737 4609 Τοιξς
768 4530 1054 4609 καρποήςξ
1098 4531 1302 4609 Statuit
1343 4531 1589 4609 synodus
1633 4530 1924 4609 Eliberita—

349 4602 445 4673 na,
477 4602 601 4663 can.
634 4605 725 4667 '59,
754 4614 816 4659 ut
843 4602 1165 4674 gentilibus,
1209 4602 1255 4657 si
1307 4603 1415 4674 vita
1461 4617 1651 4674 eorum
1694 4602 1924 4656 honesta

348 4672 541 4744 fuerit,
572 4672 959 4746 baptismusnt
995 4673 1102 4727 ﬁne
1130 4672 1479 4746 concedatur.
1515 4672 1761 4746 Sedgnon
1794 4680 1924 4746 pnt_0

349 4742 613 4803 Basiliam
645 4742 708 4801 in
740 4745 986 4800 eamdem
1013 4743 1337 4800 sententiam
1363 4743 1431 4797 de
1453 4742 1724 4797 haereticis
1750 4742 1920 4811 loqui.

350 4817 586 4873 Fructus
615 4818 763 4872 enim
793 4816 850 4870 in
885 4813 1159 4868 haereticis
1194 4812 1552 4868 redeuntibus
1585 4811 1923 4881 intelligendi

349 4899 502 4951 sunt,
543 4902 652 4941 non
686 4894 934 4941 anteacta
968 4886 1098 4947 vita,
1146 4883 1241 4938 sed
1289 4899 1530 4954 pnusens
1569 4883 1791 4937 haeresis
1816 4883 1922 4954 ge-

347 4958 592 5019 testatio,
625 4957 875 5012 veritatis
910 4970 1083 5021 amor,
1142 4968 1206 5008 ac
1241 4951 1490 5009 sincerus
1529 4953 1786 5007 omnibus
1816 4951 1922 5006 Ec-

345 5030 531 5084 clesia
566 5027 913 5083 donumentis
942 5039 1223 5080 assensus.
1264 5022 1436 5077 Porro
1470 5040 1581 5077 non
1631 5023 1826 5077 mirum
1873 5022 1921 5077 si

343 5095 585 5154 Basilius
626 5097 919 5152 redeuntes
963 5094 1250 5150 haereticos
1294 5110 1403 5148 non
1445 5094 1566 5148 sine
1589 5094 1841 5148 examine
1865 5093 1919 5146 in

344 5170 498 5223 exitu
532 5168 696 5235 recipi
721 5166 951 5235 jubeat;
984 5181 1109 5220 cum
1136 5165 1204 5219 de
1229 5164 1530 5219 Catholicis
1552 5164 1686 5232 ipsis
1708 5164 1922 5235 sanciat

344 5239 592 5308 synodus
619 5233 859 5298 Niciena,
880 5251 1004 5291 can.
1022 5236 1111 5308 I3,
1140 5241 1198 5287 ut
1212 5234 1464 5308 quisquis
1480 5233 1917 5308 communionem

343 5303 496 5377 petat
519 5312 573 5362 in
599 5309 770 5368 exitu,
799 5322 926 5361 eum
946 5303 1244 5375 episcopus
1269 5305 1408 5375 μετὰ
1433 5303 1776 5374 δοκιμασίας,
1800 5318 1920 5356 cum

340 5379 589 5452 examine
618 5379 895 5452 impertiat
927 5377 1224 5452 oblatione.
1251 5442 1261 5452 α

429 5448 532 5517 '57)
568 5442 1073 5502 Téw'xarortxér.
1121 5442 1366 5517 Clericos
1419 5442 1536 5517 sive
1588 5456 1685 5517 cos
1726 5444 1819 5511 qui
1862 5442 1919 5498 in

343 5512 558 5575 canone
603 5525 960 5573 recensentur
1005 5517 1106 5569 hac
1146 5529 1278 5568 voce
1327 5512 1605 5583 designari
1650 5513 1919 5583 hactenus

340 5590 729 5646 existimarunt
757 5586 946 5642 Basilii
980 5586 1329 5654 interpretes,
1374 5598 1439 5638 ac
1456 5581 1577 5652 ipsi
1607 5584 1769 5637 etiam
1808 5581 1916 5637 Ζο-

344 5674 509 5714 naras
542 5668 597 5714 et
630 5658 942 5713 Balsamon.
978 5655 1087 5713 Sed
1131 5663 1191 5711 ut
1237 5654 1537 5709 canonicas
1574 5654 1690 5709 sive
1728 5667 1919 5710 sacras

2045 1919 2146 1972 hac
2175 1918 2305 1988 ipsis
2348 1918 2694 1987 permittere,
2740 1925 2801 1972 ut
2832 1916 3132 1972 consistant
3164 1914 3408 1985 quidem,
3445 1913 3612 1968 absti-

2042 2019 2210 2064 neant
2260 2024 2387 2063 vero
2417 2024 2448 2063 a
2478 2009 2609 2064 boni
2656 2008 3054 2072 communione,
3108 2014 3164 2061 et
3210 2004 3318 2067 sic,
3368 2003 3609 2057 exhibito

2044 2101 2378 2169 pmnitentiae
2422 2100 2601 2169 aliquo
2643 2098 2851 2164 fructu,
2902 2095 3299 2153 communionis
3352 2094 3472 2149 loco
3518 2107 3608 2147 re-

2043 2191 2288 2246 stituere.

2114 2281 2178 2336 ν.
2215 2280 2510 2337 Haereticos
2551 2279 2604 2333 in
2634 2279 2781 2334 exitu
2808 2276 3181 2349 paenitentiam
3213 2284 3433 2347 agentes
3465 2273 3608 2329 reci-

2042 2387 2174 2442 pere
2221 2379 2454 2440 oportet.
2510 2369 2775 2440 Recipere
2818 2378 3019 2431 autem,
3068 2383 3177 2422 non
3225 2368 3343 2422 sine
3384 2363 3606 2436 iudicio,

2044 2463 2139 2517 sed
2166 2462 2535 2517 examinantes
2575 2476 2643 2514 an
2684 2475 2866 2514 veram
2898 2459 3266 2530 paenitentiam
3296 2456 3605 2516 ostendant.

2046 2552 2360 2624 fructusque
2409 2554 2677 2619 habeant,
2731 2553 2822 2623 qui
2869 2552 3057 2607 salutis
3116 2551 3352 2607 studium
3416 2547 3608 2604 testin-

2045 2661 2142 2702 cen
2151 2654 2254 2698 tur.

2115 2735 2203 2789 γι.
2237 2735 2627 2791 Canonicarum
2659 2743 2843 2803 stupra
2872 2749 2969 2803 pro
2997 2731 3340 2787 matrimonio
3378 2746 3488 2786 non
3516 2745 3607 2785 re-

2084 2836 2323 2891 utentur,
2358 2826 2452 2880 sed
2490 2841 2673 2879 earum
2705 2825 3015 2893 coniunctio
3051 2826 3271 2878 omnino
3299 2824 3603 2879 divellatur.

2084 2842 2323 2891 utentur,
2358 2842 2452 2880 seu
2490 2842 2673 2879 earum
2705 2842 3015 2893 οοηιιιιιοιιο
3051 2842 3271 2878 omntno
3299 2842 3603 2879 utvenatur.

2045 2842 2158 2970 floc
2196 2916 2341 2970 enim
2369 2924 2425 2971 et
2458 2915 2712 2970 Ecclesia:
2752 2915 2820 2968 ad
2860 2914 3201 2970 securitatem
3251 2922 3336 2969 est
3362 2914 3513 2978 utile,
3550 2921 3607 2968 et

2045 3006 2312 3062 haereticis
2340 3021 2449 3060 non
2476 3007 2624 3060 dabit
2651 3005 2910 3061 adversus
2946 3020 3046 3058 nos
3089 3020 3297 3068 ansam,
3325 3002 3476 3074 quasi
3508 3016 3608 3072 per

2043 3101 2300 3172 peccandi
2329 3101 2630 3156 libertatem
2657 3100 2724 3155 ad
2748 3114 2849 3155 nos
2877 3100 3232 3154 attrahamus.

2113 3284 2227 3340 VII.
2265 3267 2623 3341 Masculorum
2669 3294 2724 3339 et
2767 3282 3078 3338 animalium
3124 3290 3508 3352 corruptores,
3550 3290 3607 3335 et

2044 3375 2350 3440 homicidae,
2380 3383 2435 3430 et
2458 3374 2703 3442 veneﬁci,
2732 3384 2787 3429 et
2808 3374 3058 3437 adulteri,
3093 3384 3148 3428 et
3172 3373 3481 3437 idololatria,
3510 3388 3604 3426 ea-

2043 3466 2165 3521 dem
2215 3464 2661 3520 condemnatione
2702 3464 2847 3535 digni
2888 3464 3173 3519 habentur.
3221 3463 3397 3529 Quare
3441 3478 3602 3533 quam

2041 3557 2098 3610 in
2124 3555 2242 3611 aliis
2274 3555 2440 3609 babes
2471 3553 2695 3608 formam
2717 3595 2733 3620 ,
2768 3553 2821 3608 in
2864 3554 2930 3607 iis
2956 3569 3171 3624 quoque
3215 3568 3389 3608 serva.
3431 3553 3472 3606 Ii
3504 3568 3605 3607 au-

2043 3653 2155 3700 tem
2187 3643 2279 3713 qui
2324 3642 2540 3715 triginta
2595 3657 2769 3698 annos
2802 3642 3178 3714 paenitentiam
3220 3651 3447 3714 egerunt
3476 3656 3605 3712 pro-

2028 3895 2279 3971 ’νίνείηρε
2317 3906 2662 3969 interpreter,
2711 3901 2978 3964 plurimus
3018 3910 3288 3957 rationum
3322 3913 3611 3969 momentis

2035 3974 2283 4048 adducor
2309 3990 2323 4027 :
2359 3972 2413 4025 1⁸
2439 3971 2671 4048 Basilius
2702 3973 2803 4048 hoc
2838 3973 3057 4048 nomine
3079 3976 3309 4030 clem-os
3332 3983 3610 4048 appellare

2034 4058 2146 4099 non
2172 4044 2352 4118 solet,
2390 4042 2487 4118 scd
2530 4059 2718 4118 sacras
2749 4045 3012 4118 virgines.
3064 4052 3124 4118 ut
3159 4042 3394 4118 perspici
3410 4042 3609 4118 'potest

2033 4129 2100 4169 ex
2134 4114 2383 4184 epistolis
2415 4113 2487 4185 52
2515 4123 2569 4167 et
2605 4114 2741 4181 I75;
2781 4115 2840 4167 2°
2876 4115 3253 4185 praescriptum
3286 4113 3467 4173 Basilii
3496 4137 3610 4179 non

2034 4186 2292 4263 convenit
2339 4185 2417 4263 in_
2444 4184 2695 4263 clericos,
2759 4200 2994 4263 quorum
3039 4186 3351 4263 nonnullis,
3383 4204 3609 4263 _nempo

2037 4254 2330 4307 lectoribus
2369 4260 2424 4308 et
2464 4253 2588 4307 aliis
2630 4253 2899 4322 ejusmodi
2928 4255 3088 4309 venia
3117 4254 3353 4312 dabatur
3382 4253 3607 4318 ineun'di

1958 4344 2002 4399 ι)
2031 4324 2391 4400 matrimonii,
2430 4326 2703 4400 _quamvis
2730 4327 2817 4400 _in
2881 4339 3093 4400 canone
3151 4341 3605 4400 recenserentur;

2028 4392 2086 4446 5°
2130 4393 2381 4469 prohibet
2429 4392 2665 4469 Basilius
2696 4396 2965 4469 ejusmch
3001 4405 3193 4469 stupra
3221 4415 3344 4469 qua:
3371 4392 3608 4458 honesto

2025 4463 2358 4536 matrimonii
2392 4465 2616 4536 nomine
2665 4467 2888 4536 prtetexi
2939 4463 3206 4522 solebant.
3237 4463 3334 4523 'At
3389 4472 3442 4525 id
3488 4488 3601 4527 non

2024 4533 2258 4614 quadrat
2286 4535 2341 4586 in
2372 4533 2629 4598 clericos,
2662 4533 2893 4614 quorum
2917 4537 3063 4614 aliis,
3094 4545 3154 4614 ut
3188 4538 3302 4607 jam
3329 4539 3466 4607 dixi,
3489 4557 3603 4598 non

2024 4606 2406 4658 inconcessum
2458 4615 2578 4658 erat
2624 4606 3051 4671 matrimonium,
3083 4606 3220 4664 alios
3249 4624 3378 4663 vero
3412 4606 3606 4666 matri-

2024 4675 2266 4748 monium
2302 4682 2422 4748 post
2456 4675 2856 4731 ordinationem
2895 4678 3033 4732 inire
3066 4679 3215 4732 nulla
3248 4695 3473 4748 prorsus
3498 4679 3603 4735 Ec-

2023 4744 2542 4819 clesiapatiebatur,
2572 4756 2666 4819 aut
2692 4755 2841 4819 certe
2866 4749 3197 4802 matrimonii
3222 4744 3455 4819 pretium
3479 4759 3604 4806 erat

2022 4814 2314 4887 depositio.
2360 4817 2565 4870 Contra
2612 4817 2918 4887 virginibus
2966 4814 3303 4873 nubentibus
3336 4836 3447 4874 non
3476 4822 3600 4876 lon-

2021 4886 2330 4957 gior‘pmna
2357 4887 2608 4957 pluribus
2640 4886 2861 4943 inlocis
2893 4889 3295 4957 imponebatur,
3323 4905 3484 4957 quam
3509 4891 3597 4946 di-

2023 4954 2219 5022 gamis,
2273 4963 2333 5008 ut
2357 4954 2710 5025 perspicitur
2738 4974 2803 5012 ex
2852 4954 3066 5012 canone
3110 4956 3197 5022 18,
3234 4954 3600 5019 ubi—Basilius

2022 5025 2167 5105 hanc
2209 5025 2683 5109 consuetudinem.
2713 5029 3067 5109 abrogataac
3099 5028 3371 5100 virginum
3403 5032 3601 5087 matri-

2021 5096 2207 5147 monia
2235 5098 2407 5150 instar
2435 5096 2687 5151 adulterii
2711 5096 3011 5153 existimat.

2094 5165 2203 5233 (58)
2237 5166 2340 5219 Ἐν
2365 5165 2684 5234 τριάκοντα
2709 5169 2891 5222 ἔτεσι.
2917 5166 3263 5223 Manifestum
3297 5169 3457 5224 estin
3488 5170 3596 5227 hoc

2023 5235 2243 5309 triginta
2281 5250 2551 5290 annorum
2585 5253 2812 5309 numero
2839 5245 3105 5301 erratum,
3125 5241 3374 5309 quamvis
3401 5255 3596 5297 omnes

2021 5305 2145 5357 libri
2170 5315 2381 5360 veteres
2403 5321 2529 5359 cum
2551 5306 2713 5362 editis
2742 5309 3109 5363 consentiant.
3141 5305 3424 5375 Quomodo
3446 5316 3595 5367 enim

2020 5376 2244 5449 triginta
2277 5390 2555 5449 annorum
2583 5377 2913 5449 paenitentia
2938 5378 3206 5449 ejusmodi
3237 5392 3462 5449 peccato
3494 5383 3598 5435 int-

2018 5444 2317 5523 prudenter
2360 5444 2658 5523 commisso
2690 5444 2982 5523 _imposita
3030 5444 3254 5510 fuisset;
3297 5452 3443 5520 quod
3501 5452 3596 5523 qui

2020 5515 2338 5589 scicntesct
2366 5516 2611 5571 volentes
2642 5515 2996 5589 admiserant,
3036 5533 3135 5589 per
3168 5515 3346 5575 annos
3376 5515 3592 5577 tantum

2019 5584 2333 5660 quindecim
2358 5600 2420 5660 ,ιι
2451 5584 3212 5660 commnnionearcebantur,
3245 5600 3303 5645 ut
3341 5600 3490 5660 patet
3522 5606 3593 5648 ex

2018 5655 2325 5712 canonibus
2355 5654 2447 5724 58,
2480 5654 2570 5724 62,
2596 5656 2712 5714 65‘!
2760 5656 2966 5715 Deinde
3010 5674 3143 5717 vero
3171 5654 3408 5719 testatur
3436 5661 3591 5719 Basi-
