3948 6214
346 353 454 409 675

1690 355 1742 408 Β.
1787 353 2029 408 BASILII
2071 353 2282 408 MAGNI

3510 350 3619 403 6'76

353 486 472 545 pter
511 474 935 541 immunditiam,
986 489 1151 545 quam
1184 473 1240 528 in
1289 473 1601 543 ignorantia
1653 472 1922 538 fecerunt,

2039 490 2091 543 qv
2114 474 2172 526 ἐν
2200 472 2392 543 ἀγνοίᾳ
2417 470 2679 543 ἔπραξαν,
2711 471 2820 526 οὐδ’
2856 470 3217 543 ἀμφιϐάλλειν
3256 470 3405 541 ἡμᾶς
3453 482 3624 538 προσ-

352 568 485 638 quin
510 568 810 639 recipiendi
841 569 972 633 sint,
1000 584 1068 623 ne
1097 567 1348 624 dubitare
1380 567 1597 638 quidem
1638 583 1738 622 nos
1765 583 1927 637 opor-

354 667 451 715 tet.
485 658 617 713 Nam
661 674 757 714 eos
797 658 954 713 venia
999 659 1196 729 dignos
1244 657 1404 713 elIii-it
1438 666 1493 713 et
1536 658 1828 727 ignoratio,
1873 666 1928 713 et

356 762 657 820 spontanea
689 749 992 817 confessio,
1024 759 1078 806 et
1107 752 1370 820 temporis
1395 757 1547 803 tanta
1569 749 1923 804 diuturnitas.
1952 750 1953 753 “

358 838 496 896 Fere
536 841 681 896 enim
729 850 898 894 totam
945 841 1188 895 hominis
1228 849 1442 894 malem
1482 839 1697 895 Satanae
1743 839 1926 893 traditi

359 941 509 996 sunt,
533 941 592 986 ut
612 932 829 987 discant
851 947 959 986 non
982 947 1172 1001 gerere
1193 947 1254 986 se
1275 933 1529 1003 turpiter.
1562 931 1925 997 Quamobrem

353 1025 486 1093 jube
510 1041 606 1080 eos
638 1025 845 1095 absque
867 1025 1130 1079 dilatione
1152 1025 1380 1093 suscipi,
1411 1024 1647 1077 maxime
1675 1022 1721 1076 si
1750 1023 1927 1092 lacry-

358 1133 475 1171 mas
506 1117 731 1184 habent,
769 1133 892 1187 qua:
916 1125 1068 1173 tuam
1108 1117 1455 1172 clementiam
1486 1113 1729 1180 ﬂectant,
1760 1124 1815 1171 et
1848 1114 1930 1168 vi-

353 1219 463 1261 tam
488 1207 786 1263 ostendunt
811 1205 1565 1275 eommiscratioue’dignam.

426 1386 566 1441 Vlll.
610 1386 714 1453 Qui
761 1386 833 1440 ob
873 1383 1215 1439 iracundiam
1252 1381 1433 1438 securi
1483 1380 1750 1435 adversus
1795 1392 1932 1432 uxo-

353 1496 468 1536 rem
504 1495 659 1537 suam
686 1494 819 1532 usus
852 1485 956 1544 est,
993 1486 1078 1531 est
1111 1474 1407 1529 homicida.
1435 1471 1605 1525 Recte
1634 1481 1813 1525 autem
1846 1485 1931 1524 me

354 1568 712 1632 admonuisti,
745 1576 797 1624 et
831 1568 909 1623 uti
961 1550 1478 1634 tuanisapientiam
1510 1563 1720 1629 decuit,
1758 1569 1818 1614 ut
1853 1560 1908 1613 fu

354 1665 472 1719 sius
516 1662 583 1717 de
616 1661 701 1716 his
734 1660 994 1723 dicerem,
1031 1665 1317 1728 pr0pterea
1357 1655 1503 1724 quod
1534 1656 1703 1707 multa
1738 1653 1793 1706 in
1835 1666 1933 1705 vo-

353 1754 612 1808 luntariis
639 1762 693 1807 et
722 1750 1110 1805 involuntariis
1157 1747 1503 1803 discrimina.
1536 1745 1632 1800 Est
1663 1745 1807 1800 enim
1840 1744 1928 1798 in-

2030 565 2163 636 ῆκεν
2192 567 2269 629 είς
2289 565 2351 617 τὸ
2381 562 2807 636 παραδέξασθαι.
2840 564 2916 617 Ἤ
2940 580 2999 616 τε
3020 564 3129 633 γὰρ
3151 562 3341 631 ἄγνοια
3376 557 3620 628 συγγνὼ-

2030 674 2137 727 μης
2183 656 2365 723 ἀξίους
2397 656 2592 718 αὐτοὺς
2636 657 2800 720 ποιεῖ,
2846 656 2942 708 καὶ
2980 654 3043 708 τὸ
3084 653 3330 707 ἑκούσιον
3380 651 3480 722 τῆς
3537 648 3623 716 ἐξ·

2027 745 2391 816 αγορεύσεως,
2431 745 2526 798 καὶ
2554 747 2586 815 ὴ
2613 745 2917 817 παράτασις
2952 747 3010 798 ὲν
3044 745 3285 815 τοσούτῳ
3314 743 3495 815 χρόνῳ
3525 757 3622 809 γε-

2028 837 2248 908 νομένη.
2294 836 2488 906 Σχεδὸν
2521 834 2629 908 γὰρ
2664 836 2791 906 ὃλην
2833 835 3024 904 γενεὰν
3056 836 3344 907 ἀνθρώπου
3392 833 3621 905 παρεδό-

2029 928 2201 999 θησαν
2241 926 2319 997 τῷ
2354 927 2600 996 Σατανᾷ,
2646 926 2733 980 ἵνα
2776 925 3102 979 παιδευθῶσι
3143 926 3219 997 μὴ
3259 926 3614 996 ἀσχημονεῖν.

2028 1020 2193 1073 Ὥστε
2232 1018 2487 1072 κέλευσον
2526 1017 2726 1081 αὐτοὺς
2765 1017 2869 1088 ἤδη
2906 1015 3287 1088 ἀνυπερθέτως
3329 1015 3617 1086 δεχθῆναι,

2032 1110 2263 1180 μάλιστα
2293 1111 2341 1162 εί
2372 1108 2465 1161 καὶ
2498 1108 2710 1180 δάκρυα
2758 1107 2943 1178 ἔχουσι
2985 1108 3339 1161 δυσωποῦντα
3382 1124 3477 1160 σου
3517 1107 3618 1179 τὴν

2028 1200 2453 1271 εύσπλαγχνίαν,
2502 1200 2599 1253 καὶ
2654 1199 2768 1270 βίον
2821 1200 3219 1255 ἐπιδείκνυνται
3271 1200 3421 1267 ἄξιον
3476 1217 3618 1271 συμ-

2033 1292 2284 1355 παθείας.

2104 1381 2186 1436 H'.
2240 1382 2297 1436 '0
2345 1382 2502 1456 ἀξίνῃ
2550 1382 2702 1454 παρὰ
2745 1384 2837 1436 τὸν
2877 1380 3044 1453 θυμὸν
3090 1380 3232 1435 κατά
3278 1380 3377 1452 τῆς
3420 1380 3617 1435 ἑαυτοῦ

2029 1477 2275 1547 γαμετῆς
2327 1478 2673 1548 χρησάμενος
2726 1475 2920 1546 φονεύς
2979 1477 3118 1529 ἐστι.
3178 1475 3375 1538 Καλῶς
3424 1475 3483 1528 δέ
3547 1490 3617 1544 με

2032 1569 2349 1640 ὑπέμνησας
2388 1570 2481 1622 καὶ
2522 1569 2689 1634 ἀξίως
2733 1570 2834 1638 τῆς
2875 1566 3102 1621 σεαυτοῦ
3140 1567 3407 1629 συνέσεως
3443 1567 3617 1619 εἰπεῖν

2031 1662 2159 1731 περὶ
2191 1661 2397 1716 τούτων
2431 1662 2781 1733 πλατύτερον·
2822 1661 2955 1714 διότι
2999 1659 3192 1714 πολλαὶ
3231 1661 3288 1712 ὲν
3318 1660 3431 1720 τοῖς
3461 1659 3618 1709 ἐκου-

2033 1755 2168 1817 σίοις
2219 1756 2314 1807 καὶ
2369 1756 2643 1817 ἁκουσίοις
2700 1752 2973 1825 διαφοραί.
3027 1750 3310 1805 Ἀκούσιον
3362 1750 3462 1821 μὲν
3507 1748 3617 1820 γάρ

353 1844 724 1899 voluntarium
769 1841 1017 1904 omnino,
1059 1847 1113 1894 et
1144 1839 1302 1908 longe
1345 1852 1376 1891 a
1411 1837 1645 1891 consilio
1674 1833 1793 1904 ejus
1834 1832 1927 1904 qui

2039 1848 2147 1899 ἐστι
2175 1845 2451 1910 παντελῶς
2478 1847 2572 1899 καὶ
2593 1846 2796 1917 ,πόρρω
2824 1845 2917 1898 τοῦ
2951 1843 3318 1914 κατάρξαντος
3340 1842 3424 1905 τὸ,
3453 1842 3615 1894 ἀκον-

352 1935 581 2004 incepit,
607 1941 903 1997 remotum,
943 1932 1072 1987 dum
1112 1930 1252 2000 lapis
1273 1929 1477 1999 jacitur
1507 1929 1561 1982 in
1604 1942 1795 1981 canem
1838 1934 1934 1979 aut

353 2028 629 2090 arborem,
655 2025 927 2080 hominem
976 2024 1263 2093 attingere.
1293 2021 1638 2092 Pr0positum
1663 2020 1806 2074 enim
1833 2018 1935 2072 fuit

352 2120 585 2175 bestiam
656 2118 977 2187 propulsare
1021 2123 1116 2168 aut
1172 2115 1409 2167 fructum
1470 2122 1731 2167 excutere
1774 2131 1788 2166 :
1838 2113 1931 2166 sed

352 2215 522 2269 ictum
550 2213 775 2268 fortuito
815 2212 983 2267 subiit
1014 2212 1105 2279 qui
1154 2210 1433 2262 transiens
1467 2207 1733 2271 occurrit,
1763 2219 1936 2275 quare

356 2307 460 2359 hoc
498 2303 927 2359 involuntarium
967 2312 1071 2357 est.
1112 2298 1177 2352 Et
1210 2298 1343 2353 illud
1380 2312 1595 2367 quoque
1626 2295 1936 2349 involunta-

356 2397 497 2449 rium
549 2401 653 2459 est,
704 2394 750 2448 si
800 2397 924 2462 quis
960 2395 1150 2445 volens
1193 2390 1434 2458 aliquem
1469 2386 1764 2455 castigare,
1816 2384 1934 2438 loro

352 2487 441 2539 vel
466 2485 621 2555 virga
652 2501 759 2539 non
786 2484 924 2539 dura
961 2498 1085 2536 eum
1124 2480 1410 2551 percutiat,
1453 2478 1722 2533 moriatur
1753 2485 1932 2529 autem

352 2578 448 2649 qui
476 2593 776 2648 percussus
804 2586 910 2632 est.
941 2573 1292 2644 Propositum
1326 2571 1472 2627 enim
1507 2571 1597 2624 hic
1617 2568 1935 2624 considera-

353 2676 466 2735 tur,
505 2667 667 2738 273
701 2668 830 2736 quia
882 2672 1196 2736 peccantem
1244 2661 1520 2729 corrigere
1566 2659 1773 2725 voluit,
1822 2672 1931 2712 non

354 2760 692 2815 interimere.
718 2757 1070 2822 ,Recensctur
1100 2764 1153 2811 et
1184 2755 1315 2809 illud
1360 2753 1505 2808 inter
1538 2751 1930 2815 involuntaria,

353 2866 480 2905 cum
514 2850 640 2920 quis
683 2851 735 2903 in
766 2864 947 2919 pugna
978 2849 1216 2917 aliquem
1247 2847 1396 2917 ligno
1429 2845 1514 2901 vel
1550 2860 1713 2900 manu
1758 2845 1936 2916 repel-

355 2944 498 3007 lens,
530 2958 637 2996 non
666 2956 829 3011 parce
859 2941 911 2994 in
936 2940 1239 3008 prwcipuas
1270 2945 1455 3007 partes
1492 2941 1661 2990 ictum
1693 2943 1932 3005 torquet,

356 3042 417 3089 ut
442 3049 567 3089 eum
605 3034 784 3096 laedat,
827 3046 936 3085 non
965 3043 1027 3085 ut
1068 3029 1293 3084 omnino
1336 3027 1647 3082 interﬁciat.
1689 3025 1796 3081 Sed
1832 3027 1936 3082 hoc

355 3125 578 3195 quidem
605 3123 819 3177 accedit
846 3122 912 3176 ad
937 3121 1330 3176 voluntarium.
1365 3118 1467 3185 Qui
1492 3119 1637 3172 enim
1660 3117 1930 3186 ejusmodi

359 3218 730 3271 instrumento
761 3214 828 3268 ad
879 3229 939 3269 se
970 3211 1372 3267 defendendum
1418 3226 1555 3265 usus
1585 3216 1691 3275 est,
1722 3210 1807 3264 vel
1840 3209 1933 3278 qui

358 3322 470 3361 non
504 3320 666 3375 parce
713 3303 878 3356 ictum
925 3301 1140 3366 inﬂixit,
1191 3302 1361 3370 liquet
1398 3315 1523 3354 eum
1570 3298 1694 3353 ideo
1725 3297 1933 3352 homini

359 3414 471 3452 non
500 3395 836 3466 pepercisse.
868 3395 1014 3464 quod
1055 3394 1135 3447 ira
1176 3392 1354 3447 victus
1388 3392 1575 3445 fuerit.
1620 3388 1712 3444 Sic
1754 3398 1809 3444 et
1841 3389 1936 3459 qui

359 3489 511 3561 gravi
550 3488 715 3558 ligno,
760 3494 815 3541 et
845 3485 938 3555 qui
971 3482 1151 3553 lapide
1191 3483 1432 3550 majore,
1465 3494 1626 3550 quam
1662 3493 1761 3548 pro
1801 3477 1935 3531 viri-

359 3583 465 3638 bus
486 3580 764 3643 humanis,
790 3594 924 3633 usus
957 3584 1063 3639 est,
1089 3578 1142 3630 in
1172 3575 1558 3629 involuntariis
1587 3580 1932 3635 numeratur,

362 3683 424 3730 ut
470 3674 562 3744 qui
605 3672 753 3726 aliud
790 3669 1048 3735 voluerit,
1099 3666 1246 3721 aliud
1274 3666 1486 3721 fecerit.
1520 3663 1655 3718 Nam
1699 3679 1811 3735 prae
1854 3663 1937 3716 ira

362 3767 531 3821 ictum
572 3764 734 3817 talem
768 3762 973 3826 intulit,
1009 3769 1066 3815 ut
1094 3761 1260 3815 etiam
1296 3772 1623 3828 percussum
1659 3755 1937 3810 interﬁce-

362 3866 478 3925 ret;
519 3870 847 3926 quamquam
882 3853 1023 3908 forte
1051 3853 1104 3906 in
1138 3853 1320 3905 animo
1363 3849 1600 3904 habebat
1637 3863 1761 3904 eum
1807 3863 1938 3903 con-

363 3958 562 4013 terere,
607 3964 717 4002 non
753 3957 935 4001 autem
965 3944 1189 3999 omnino
1237 3941 1574 3996 interimere.
1608 3939 1713 4006 Qui
1754 3946 1936 3993 autem

361 4056 491 4097 ense
526 4041 611 4095 vel
649 4038 844 4112 quavis
890 4052 950 4091 re
990 4035 1156 4091 simili
1208 4049 1344 4089 usus
1376 4041 1482 4097 est,
1527 4033 1732 4086 nullam
1775 4031 1938 4084 habet

362 4114 812 4188 excusationem:
844 4136 899 4183 et
945 4128 1203 4187 maxime,
1249 4125 1342 4195 qui
1382 4124 1622 4179 securim
1660 4122 1937 4192 iaculatus

363 4234 470 4281 est.
505 4221 852 4276 Manifestum
894 4226 979 4275 est
1012 4219 1156 4272 enim
1190 4218 1340 4270 illum
1372 4231 1538 4269 manu
1574 4229 1685 4268 non
1714 4228 1940 4283 percus-

365 4316 530 4377 sisse,
568 4316 643 4367 ita
672 4320 731 4367 ut
766 4314 935 4366 ictum
977 4310 1042 4364 ad
1087 4309 1372 4363 arbitrium
1408 4306 1679 4361 moderari
1712 4315 1932 4374 posset:

358 4406 462 4464 ‘sed
491 4405 769 4475 jaeulatus
802 4410 906 4465 est,
952 4402 1029 4454 ita
1080 4409 1139 4453 ut
1176 4407 1229 4453 et
1264 4397 1529 4467 gravitate
1559 4394 1686 4449 ferri
1722 4402 1777 4449 et
1822 4392 1940 4447 acie

2034 1937 2258 1991 τίσαντα
2291 1936 2405 2005 (59)
2448 1937 2593 1990 λίθον
2642 1937 2734 1989 ἐπὶ
2775 1935 2912 1989 κύνα
2962 1936 2995 2005 ἢ
3044 1935 3281 2007 δένδρον,
3323 1932 3613 2005 ἀνθρώπου

2032 2028 2233 2097 τυχεῖν.
2265 2027 2329 2078 Ἠ
2373 2026 2469 2096 μὲν
2513 2024 2622 2096 γὰρ
2664 2027 2808 2096 ὁρμὴ
2849 2021 2916 2095 ἦν
2959 2025 3021 2077 τὸ
3058 2024 3243 2096 θηρίον
3286 2022 3615 2093 ἀμύνασθαι,

2033 2117 2066 2187 ἢ
2106 2117 2196 2169 τὸν
2236 2116 2444 2188 καρπὸν
2480 2118 2818 2169 κατασεῖσαι·
2865 2114 3040 2184 ὑπέϐη
3080 2113 3135 2167 δὲ
3181 2113 3506 2184 αὐτομάτως
3546 2114 3614 2183 τῇ

2035 2209 2214 2281 πληγῇ
2246 2210 2386 2263 κατὰ
2416 2208 2648 2279 πάροδον
2678 2211 2707 2262 6
2731 2208 3085 2281 παραπεσὼν·
3115 2207 3255 2262 ὣστε
3283 2208 3343 2260 τὸ
3377 2206 3617 2261 τοιοῦτον

2033 2302 2306 2356 ἀκούσιον.
2365 2302 2642 2359 Ἀκούσιον
2692 2302 2875 2374 μέντοι
2929 2302 3024 2355 καὶ
3068 2302 3122 2356 εἴ
3161 2319 3247 2364 τις
3296 2300 3618 2371 βουλόμενος

2034 2394 2357 2466 ἐπιστρέψαι
2378 2396 2522 2458 τινὰ,
2560 2395 2742 2468 ἱμάντι
2770 2396 2803 2467 ἣ
2839 2396 3020 2467 ῥάϐδῳ
3052 2394 3125 2466 μὴ
3154 2394 3364 2465 σκληρᾷ
3392 2393 3614 2451 τύπτοι.

2035 2485 2282 2558 ἀποθάνῃ
2315 2487 2370 2539 δὲ
2398 2487 2426 2539 6
2457 2489 2811 2558 τυπτόμενος.
2847 2489 2911 2541 Ἠ
2948 2487 3059 2560 γὰρ
3098 2487 3355 2559 πρόθεσις
3384 2484 3621 2540 ἐνταῦθα

2037 2580 2337 2636 σκοπεῖται.
2370 2580 2451 2632 ὅτι
2482 2578 2767 2649 βελτιῶσαι
2801 2578 3061 2649 ἠϐούλετο
3085 2579 3176 2634 τὸν
3212 2577 3618 2651 ἁμαρτάνοντα,

2035 2671 2134 2723 οὐκ
2166 2671 2395 2725 ἀνελεῖν.
2429 2673 2515 2724 Ἑν
2542 2675 2655 2736 τοῖς
2680 2672 2955 2735 ἀκουσίως
2979 2672 3096 2724 ἐστὶ
3126 2671 3346 2725 κάκεῖνο
3378 2669 3513 2739 (60),
3535 2668 3616 2731 τὸ,

2033 2762 2371 2833 ἀμυνόμενόν
2392 2780 2513 2816 τινα
2548 2764 2606 2817 ὲν
2644 2763 2789 2836 μάχῃ
2826 2762 3023 2835 ξύλῳῆ
3058 2764 3232 2836 χειρὶ,
3264 2761 3500 2831 ἀφειδῶς
3527 2762 3622 2816 ἐπὶ

2033 2851 2100 2905 τὰ
2127 2853 2316 2921 καίρια
2335 2853 2434 2922 τὴν
2463 2852 2674 2925 πληγὴν
2702 2854 2969 2920 ἐνεγκεῖν,
2999 2851 3141 2905 ὥστε
3161 2852 3411 2906 κακῶσαι
3435 2850 3619 2914 αὑτὸν,

2034 2945 2132 3014 οὐχ
2154 2944 2293 2997 ὥστε
2317 2944 2595 3009 παντελῶς
2626 2945 2855 3000 ἀνελεῖν.
2882 2943 3042 2997 Ἀλλὰ
3070 2943 3228 2997 τοῦτο
3253 2943 3354 3013 ἤδη
3391 2958 3622 3013 προσεγ-

2033 3035 2177 3103 γίζει
2216 3036 2296 3107 τῷ
2333 3036 2582 3107 ἑκουσίῳ.
2633 3037 2690 3089 Ὀ
2729 3037 2838 3108 γὰρ
2876 3034 3114 3106 τοσούτῳ
3149 3035 3497 3107 χρησάμενος
3530 3033 3623 3103 ὀρ-

2034 3124 2184 3195 γάνῳ
2213 3125 2349 3196 πρὸς
2373 3125 2606 3196 ἄμυναν,
2632 3125 2667 3196 ἢ
2700 3126 2729 3178 6
2756 3126 2829 3196 μὴ
2864 3124 3243 3195 πεφεισμένως
3272 3122 3370 3193 τὴν
3405 3121 3620 3191 πληγὴν

2036 3216 2354 3286 ἐπαγαγὼν,
2392 3216 2552 3287 δῆλός
2589 3219 2726 3281 ἐστι,
2765 3215 2853 3269 διὰ
2883 3215 2944 3269 τὸ
2987 3213 3360 3286 κεκρατῆσθαι
3393 3213 3500 3267 ὑπὸ
3526 3213 3619 3266 τοῦ

2036 3307 2260 3371 πάθους,
2289 3307 2521 3377 ἀφειδῶν
2543 3307 2637 3360 τοῦ
2665 3305 2974 3379 ἀνθρώπου.
3019 3306 3253 3378 Ὁμοίως
3287 3306 3383 3359 καὶ
3414 3306 3442 3357 6
3477 3303 3621 3374 ξύλῳ

2037 3398 2210 3470 βαρεῖ,
2241 3399 2335 3452 καὶ
2362 3401 2390 3451 6
2423 3397 2556 3468 λίθῳ
2600 3396 2804 3469 μείζονι
2834 3397 2933 3468 τῆς
2960 3397 3238 3467 δυνάμεως
3268 3396 3368 3466 τῆς
3408 3395 3620 3468 ἅνθρω-

2035 3489 2195 3560 πίνης
2225 3490 2588 3561 χρησάμενος,
2619 3492 2733 3552 τοῖς
2764 3489 3038 3552 ἀκουσίοις
3063 3489 3437 3562 ἐναριθμεῖται
3456 3530 3471 3552 ,
3492 3487 3620 3542 ἄλλο

2038 3581 2136 3653 μέν
2169 3599 2220 3635 τι
2255 3580 2366 3651 (61)
2413 3581 2794 3652 προελόμενος,
2839 3579 2966 3634 ἄλλο
3002 3579 3059 3634 δέ
3089 3598 3142 3634 τι
3188 3582 3440 3652 ποιήσας.
3484 3578 3621 3632 ’Υπδ

2034 3672 2143 3745 γὰρ
2173 3671 2267 3725 τοῦ
2311 3672 2482 3744 θυμοῦ
2524 3672 2776 3744 τοιαύτην
2821 3673 3020 3743 ἦνεγκε
3066 3672 3165 3743 τὴν
3206 3671 3442 3743 πληγὴν,
3475 3669 3619 3724 ὥστε

2035 3765 2243 3818 ἀνελεῖν
2288 3765 2379 3818 τὸν
2433 3764 2729 3835 πληγένταο
2772 3764 2949 3817 καίτοι
3008 3765 3042 3835 ἡ
3095 3763 3298 3835 σπουδὴ
3345 3757 3414 3834 ἦν
3468 3761 3619 3833 αὐτῷ

2036 3855 2323 3927 συντρίψαι
2342 3855 2522 3926 τυχὸν,
2544 3855 2664 3925 οὐχὶ
2685 3854 2741 3906 δὲ
2770 3854 2865 3907 καὶ
2891 3853 3170 3918 παντελῶς
3197 3853 3528 3907 θανατῶσαι.
3558 3852 3618 3904 '0

2039 3946 2222 4016 μέντοι
2256 3947 2397 4014 ξίφει
2437 3945 2801 4016 χρησάμενος,
2832 3944 2866 4015 ἢ
2904 3943 3150 4013 ᾡτινιοῦν
3185 3942 3435 4011 τοιούτῳ.
3474 3942 3619 3996 οὐδε-

2039 4038 2167 4109 μίαν
2208 4037 2322 4109 ἑχει
2376 4039 2725 4110 παραίτησιν·
2781 4039 2877 4091 καὶ
2932 4037 3164 4107 μάλιστα
3206 4038 3235 4089 6
3280 4035 3381 4108 τὴν
3423 4035 3617 4107 ἀξίνην

2036 4127 2343 4192 ἀκοντίσας.
2365 4129 2473 4181 Καὶ
2493 4129 2600 4200 γὰρ
2624 4129 2742 4181 οὐδὲ
2768 4128 2875 4180 ἀπὸ
2901 4126 3085 4198 χειρὸς
3108 4127 3356 4196 φαίνεται
3380 4125 3613 4198 πλήξας,

2037 4218 2178 4271 ὥστε
2219 4219 2280 4272 τὸ
2322 4218 2516 4290 μέτρον
2557 4218 2657 4286 τῆς
2697 4218 2913 4289 πληγῆς
2958 4217 3044 4269 ἐπ’
3090 4215 3238 4286 αύτῷ
3281 4210 3451 4280 εἶναι,
3497 4214 3616 4269 ἀλλ’

2036 4310 2337 4380 ἠκόντισεν,
2375 4309 2515 4363 ὥστε
2556 4312 2651 4364 καὶ
2695 4310 2774 4381 τῷ
2815 4311 2969 4381 βάρει
3005 4309 3098 4364 τοῦ
3138 4309 3387 4380 σιδήρου,
3423 4308 3519 4361 καὶ
3545 4310 3612 4379 τῇ

2037 4402 2211 4472 ἀκμῇ,
2263 4402 2358 4454 καὶ
2402 4405 2470 4472 τῇ
2513 4400 2602 4455 διὰ
2646 4400 2900 4453 πλείστου
2944 4401 3106 4470 φορᾷ,
3152 4398 3398 4470 ὀλεθρίαν
3444 4399 3613 4467 ἀναγ-

365 4506 421 4554 et
449 4505 599 4551 motu
624 4511 653 4548 e
678 4494 994 4563 longinquo,
1013 4493 1155 4546 ictus
1180 4489 1492 4544 necessario
1521 4485 1739 4543 letbalis
1764 4485 1934 4540 lieret.

2041 4493 2209 4556 καίως
2265 4493 2363 4563 τὴν
2426 4491 2637 4563 πληγὴν
2689 4491 2963 4560 γενέσθαι.
3004 4490 3281 4545 Ἐκούσιον
3340 4490 3399 4543 δὲ
3451 4490 3615 4543 πάλιν

368 4591 582 4644 Rursus
621 4593 801 4640 autem
839 4584 1064 4638 omnino
1087 4589 1172 4637 est
1204 4579 1596 4641 voluntarium,
1631 4592 1694 4631 ac
1729 4576 1935 4629 nullam

367 4681 578 4735 habens
618 4676 1037 4737 dubitationem,
1066 4671 1212 4744 quod
1248 4672 1307 4724 iit
1353 4685 1382 4723 a
1417 4669 1744 4732 latronibus,
1795 4674 1849 4721 et
1880 4666 1936 4719 in

369 4771 580 4828 bellicis
630 4767 1061 4824 incursionibus.
1113 4763 1180 4819 Hi
1223 4762 1369 4818 enim
1412 4771 1636 4833 propter
1673 4761 1936 4831 pecunias

368 4948 475 5002 lius
500 4962 595 5001 eos
630 4944 735 5014 fere
764 4944 1223 5014 hominisaetatem
1251 4939 1467 4994 Satanae
1494 4938 1725 4994 traditos
1746 4937 1936 5014 fuisse.

369 5018 439 5071 At
484 5010 640 5072 aetas'
698 5015 938 5068 hominis
984 5012 1188 5083 (γενεά)
1242 5026 1383 5081 saepe
1432 5024 1705 5083 annorum
1746 5010 1939 5083 viginti

371 5088 548 5156 spatio
624 5078 1048 5156 existimatur
1100 5078 1247 5156 velut
1320 5078 1448 5156 cum
1512 5081 1590 5132 ait
1644 5078 1939 5156 Dionysius

369 5147 774 5212 Alexandrinus
819 5155 962 5224 apud
1008 5152 1327 5224 Eusebium,
1365 5151 1459 5205 lib.
1517 5147 1936 5224 vu,__cap._2l,

373 5227 646 5281 lsraelitas
674 5228 726 5279 in
759 5215 976 5279 deserto
1022 5224 1187 5277 fuisse
1229 5215 1444 5276 duabus
1489 5215 1764 5274 aetatibus.
1819 5215 1941 5284 Ipse

376 5296 610 5367 Basilius
642 5300 696 5350 in
726 5296 955 5364 epistola
980 5294 1104 5354 901,
1142 5307 1263 5362 quae
1279 5292 1495 5367 scripta
1515 5301 1600 5344 est
1634 5303 1779 5341 anno
1811 5288 1937 5367 5‘75,

374 5358 842 5420 NeocreSarienses
895 5367 1112 5418 incusat
1145 5358 1291 5432 quod
1327 5358 1432 5416 sibi
1455 5361 1567 5428 jam
1603 5367 1771 5412 totam
1827 5358 1942 5432 fcre

372 5437 613 5490 hominis
641 5443 855 5489 aetatem
890 5428 1290 5497 succenseant;
1329 5446 1466 5502 quos
1510 5438 1833 5502 tamen_r_ion
1866 5428 1940 5502 ita

374 5506 582 5577 pridem
627 5505 1179 5577 amicosﬂhabuerat,
1224 5498 1481 5577 acanno
1523 5500 1651 5577 568,
1704 5498 1941 5577 Muspnii

376 5569 552 5629 inerte
584 5574 816 5630 amictos
846 5574 1044 5628 litteris
1074 5573 1427 5628 amicissimis
1460 5572 1780 5626 consolatus
1814 5569 1939 5622 fue-

375 5654 480 5699 rat.
533 5644 800 5700 Saceulum
824 5644 969 5714 apud
1002 5642 1226 5714 Latinos
1258 5657 1363 5696 non
1398 5656 1613 5711 semper
1639 5640 1944 5714 strictesuf

376 5715 574 5779 mitur';
628 5715 775 5767 velut
808 5709 933 5767 cum
984 5714 1061 5766 ait
1094 5712 1459 5783 Hieronymus
1488 5709 1542 5764 in
1574 5712 1741 5783 epist.
1772 5709 1838 5763 ΕΠ
1872 5709 1940 5762 ad

377 5784 715 5847 Marcellam,
765 5784 819 5837 in
849 5784 1051 5838 Christi
1084 5784 1264 5839 verbis
1297 5782 1637 5852 explicandis
1673 5796 1763 5834 ver
1791 5789 1940 5849 tanta

2041 4583 2340 4648 παντελῶς,
2373 4586 2465 4638 καὶ
2495 4583 2751 4650 οὐδεμίαν
2789 4584 3114 4654 ἀμφιϐολίαν
3158 4582 3300 4653 ἕχον,
3343 4578 3453 4636 οἶόν
3498 4583 3616 4634 ἐστι

2037 4674 2098 4727 τὸ
2121 4674 2229 4727 τῶν
2257 4673 2466 4746 λῃστῶν
2497 4672 2590 4727 καὶ
2615 4673 2675 4725 τὸ
2710 4671 2819 4725 τῶν
2847 4672 3156 4744 πολεμικῶν
3186 4672 3413 4741 ἐφόδων.
3451 4667 3614 4726 Οὗτοι

2043 4764 2139 4835 μὲν
2177 4763 2285 4835 γὰρ
2317 4761 2405 4816 διὰ
2444 4763 2700 4835 χρήματα
2744 4761 3056 4835 ἀναιροῦσι,
3092 4763 3183 4816 τὸν
3218 4762 3440 4833 ἔλεγχον
3478 4765 3615 4818 ἀπο-

2034 4942 2150 5010 jam
2183 4943 2383 4995 scecula
2413 4949 2680 4994 tantorum
2713 4941 2924 5009 ingenia
2951 4940 3173 4996 sudasse
3196 4957 3215 4995 :
3239 4943 3323 4998 vel
3354 4957 3477 4996 cum
3510 4956 3616 4995 au-

2040 5020 2160 5065 ctor
2195 5012 2318 5064 libri
2353 5011 2423 5063 De
2453 5011 2831 5081 rebaptismate
2867 5012 2921 5064 in
2947 5011 3280 5081 Cyprianum
3315 5014 3483 5066 tacito
3515 5027 3614 5066 no-

2042 5082 2190 5135 mine
2216 5082 2515 5146 invehitur,
2544 5080 2691 5150 quod
2734 5080 3191 5149 adversus’prisca
3220 5083 3465 5135 consulta
3498 5091 3615 5149 post

2043 5158 2118 5202 tot
2151 5156 2465 5204 swculorum
2495 5161 2699 5204 tantam
2740 5151 2925 5203 seriem
2970 5167 3106 5204 nunc
3140 5153 3370 5219 primum
3409 5164 3615 5219 repente

2042 5222 2154 5273 sine
2181 5223 2384 5275 ratione
2419 5223 2688 5290 insurgat,
2730 5236 2783 5289 p.
2820 5218 2946 5274 557.
2982 5219 3067 5292 De,
3098 5218 3201 5275 huc
3232 5237 3366 5292 ergo
3390 5218 3614 5292 triginta

2041 5305 2309 5413 ἓῃᾱηοςιιιιι
2340 5307 2568 5346 numero
2600 5306 2708 5344 non
2742 5305 2949 5359 paucos
2971 5290 3322 5347 deducendos
3346 5290 3482 5349 esse
3501 5308 3616 5346 cre-

2081 5377 2095 5412 ι
2137 5377 2291 5413 enm.

2081 5377 2291 5415 luerim.

2113 5430 2226 5497 (59)
2295 5431 2748 5487 Ἀκοντίσαντα.
2810 5427 2903 5485 Sic
2964 5430 3211 5507 plerique
3275 5423 3433 5489 mss.
3467 5430 3614 5485 Editi

2041 5500 2413 5565 ἀκοντίζοντα.

2079 5516 2413 5554 κοντιίοντα.

2115 5569 2225 5639 (60)
2256 5572 2532 5626 Κάκεῖνο.
2587 5571 2735 5628 Editi
2787 5570 2998 5627 addunt
3037 5571 3259 5642 ὁμοίως,
3287 5571 3434 5643 quod
3459 5569 3614 5627 deest

2040 5641 2096 5695 in
2127 5643 2385 5695 omnibus
2416 5657 2562 5696 mss.
3074 5641 3081 5642 “
3126 5690 3138 5695 _
3172 5684 3179 5691 .

2113 5709 2194 5782 (6i
2210 5722 2237 5782 )7
2260 5712 2439 5782 Ἄλλο
2449 5712 2566 5780 μέν
2580 5729 2655 5777 τι,
2680 5721 2789 5766 etc.
2812 5710 2903 5765 Sic
2930 5711 3179 5782 plerique
3207 5729 3339 5769 mss.
3366 5711 3610 5768 codices.

2042 5779 2184 5834 Editi
2211 5780 2337 5836 ἄλλο
2369 5779 2466 5852 μέν
2498 5799 2600 5850 τοι,
2633 5794 2685 5838 et
2715 5786 2874 5852 paulo
2905 5779 3027 5853 post
3059 5779 3185 5840 ἄλλο
3214 5785 3272 5841 δὲ
3300 5785 3555 5855 ποιήσας.
