3948 6214
408 371 473 424 7'4
1226 373 1719 433 EPISTULARUM
1756 375 2133 433 CLASSlSIl.
2177 378 2398 434 EPIST.
2434 375 2812 439 CLXXXVIII.

3524 390 3629 446 673

370 486 687 556 φεύγοντες*
715 487 768 539 οἵ
798 504 855 540 τε
886 487 942 539 ὲν
975 490 1087 552 τοῖς
1126 488 1383 560 πολέμοις
1415 493 1507 545 ἐπὶ
1543 493 1736 563 φόνους
1767 494 1931 565 ἔρχονι

2055 494 2397 561 interimunt,
2446 504 2705 551 caventes
2753 512 2822 552 ne
2862 497 3262 553 convincantur
3292 517 3304 554 :
3338 509 3392 556 et
3435 505 3530 573 qui
3574 509 3627 560 in

368 595 482 642 ται,
525 575 648 630 οὔτε
697 577 959 648 φοϐῆσαι,
1010 578 1135 631 οῦτε
1183 581 1536 652 σωφρονίσαι,
1586 581 1700 634 ἀλλ’
1745 582 1953 635 ἀνελεῖν

366 670 497 732 τοὺς
527 671 970 740 ἐναντιουμένους
1009 669 1117 740 (62)
1155 672 1219 725 ἐκ
1258 671 1352 725 τοῦ
1384 674 1616 745 φανεροῦ
1658 674 1951 745 προαιρού-

371 775 546 829 μενοι.
583 760 693 813 Καὶ
724 761 928 832 μέντοι,
958 762 1063 816 κᾶν
1091 763 1159 816 δι’
1190 764 1355 836 ἄλλην
1377 765 1498 819 τινὰ
1526 768 1702 820 αἰτίαν
1727 767 1951 839 περίερ-

366 866 466 919 γον
521 852 812 923 φάρμακόν
866 870 949 916 τις
995 856 1292 931 ἐγκεράσῃ,
1357 859 1520 932 ἀνέλῃ
1568 861 1645 926 δὲ,
1706 862 1951 916 ἑκούσιον

364 941 630 1014 τιθέμεθα
658 943 721 996 τὸ
750 946 1009 1000 τοιοῦτον·
1040 943 1151 1001 οἷον
1181 949 1427 1004 ποιοῦσιν
1454 954 1509 1005 αἱ
1534 956 1788 1021 γυναῖκες
1818 954 1950 1007 πολ-

365 1035 544 1101 λάκις,
571 1037 848 1101 ἐπαοιδαῖς
879 1056 990 1092 τισι
1022 1042 1116 1093 καὶ
1156 1041 1518 1113 καταδέσμοις
1559 1045 1696 1116 πρὸς
1733 1046 1794 1099 τὸ
1828 1047 1949 1098 ἐαυ-

363 1126 474 1179 τῶν
508 1126 729 1199 φίλτρον
757 1130 1059 1199 ὲπάγεσθαί
1087 1148 1240 1195 τινας
1267 1133 1624 1204 πειρώμεναι,
1650 1136 1744 1189 καὶ
1776 1152 1947 1207 προσ-

363 1218 600 1273 διδοῦσαι
624 1222 807 1284 αὐτοῖς
854 1222 1138 1294 φάρμακα,
1176 1224 1440 1280 σκότωσιν
1467 1227 1797 1298 ἐμποιοῦντα
1829 1230 1948 1291 ταῖς

363 1312 644 1378 διανοίαις.
686 1316 752 1367 Δί
786 1315 1033 1369 τοιαῦται
1071 1317 1250 1371 τοίνυν
1283 1316 1596 1381 ἀνελοῦσαι,
1626 1320 1675 1371 εἰ
1703 1320 1798 1372 καὶ
1822 1320 1947 1374 ἄλλο

364 1404 755 1475 προελόμεναι,
790 1405 918 1460 ἄλλο
947 1407 1226 1477 ἐποίησαν,
1269 1409 1418 1480 ὅμως
1453 1409 1540 1464 διὰ
1571 1410 1632 1463 τὸ
1659 1412 1946 1484 περίεργον

359 1496 458 1547 καὶ
480 1496 928 1567 ἀπηγορευμένον
949 1498 1050 1568 τῆς
1070 1498 1466 1571 ἐπιτηδεύσεως
1487 1503 1542 1554 ὲν
1561 1503 1669 1564 τοῖς
1686 1503 1945 1566 ἑκουσίως

361 1586 645 1655 φονεύουσι
685 1588 1154 1658 καταλογίζονται.
1195 1592 1308 1644 Καὶ
1339 1593 1394 1643 αἱ
1430 1592 1607 1645 τοίνυν
1631 1592 1699 1645 τὰ
1729 1592 1947 1663 ἀμϐλω-

359 1679 543 1751 θρίδια
573 1681 812 1735 διδοῦσαι
845 1684 1112 1753 φάρμακα
1142 1683 1455 1756 φονεύτριαί
1496 1687 1602 1738 εἰσι
1639 1685 1732 1738 καὶ
1760 1685 1943 1751 αὑταὶ,

358 1773 456 1825 καὶ
486 1774 543 1826 αἱ
572 1773 858 1844 δεχόμεναι
890 1774 958 1828 τὰ
992 1774 1363 1847 ἐμϐρυοκτὸνα
1400 1775 1720 1849 δηλητήρια.
1759 1776 1943 1832 Ταῦτα

361 1865 463 1934 μὲν
487 1865 570 1928 είς
601 1865 876 1919 τοσοῦτον.

430 1976 507 2031 Θ.
557 1978 619 2031 Ἠ
651 1977 707 2031 δὲ
736 1972 830 2030 τοῦ
858 1977 1064 2050 Κυρίου
1093 1978 1396 2047 ἀπόφασις,
1427 1978 1570 2033 κατὰ
1599 1978 1695 2050 μὲν
1726 1978 1821 2050 τὴν
1842 1978 1942 2048 τῆς

355 2067 567 2130 ἐννοίας
601 2066 942 2131 ἀκολουθίαν,
967 2067 1027 2133 ἐξ
1053 2068 1167 2121 ἷσου
1203 2068 1296 2121 καὶ
1327 2069 1552 2139 ἀνδράσι
1572 2069 1667 2122 καὶ
1696 2068 1941 2136 γυναιξὶν

356 2156 607 2227 ἁρμόζει,
633 2159 760 2229 περὶ
783 2157 873 2211 τοῦ
904 2158 977 2229 μὴ
1002 2158 1201 2223 ἐξεῖναι
1224 2159 1403 2230 γάμου
1431 2159 1760 2225 ἐξίστασθαι,
1797 2177 1939 2232 παρ-

354 2249 515 2313 εκτὸς
560 2249 720 2318 λόγου
789 2252 1066 2323 πορνείας.
1113 2253 1180 2305 'H
1221 2252 1279 2306 δὲ
1314 2253 1569 2324 συνήθεια
1624 2253 1722 2324 οὐχ
1767 2251 1940 2317 οὓτως

354 2344 497 2415 ἕχει·
528 2345 643 2398 ἀλλ’
670 2347 764 2399 ἐπὶ
799 2348 895 2418 μὲν
924 2347 1032 2401 τῶν
1065 2348 1343 2418 γυναικῶν
1382 2349 1580 2420 πολλὴν
1612 2350 1939 2421 εὑρίσκομεν

352 2435 768 2507 ἀκριϐολογίαν,
810 2437 903 2491 τοῦ
936 2440 1033 2509 μὲν
1071 2441 1393 2495 Ἀποστόλου
1427 2441 1703 2510 λέγοντος·
1744 2443 1863 2495 Ὅτι
1904 2444 1938 2496 ὀ

353 2526 740 2597 κολλώμενος
765 2527 839 2598 τῇ
866 2531 1081 2599 πόρνῃ,
1113 2530 1183 2584 ἓν
1207 2531 1381 2601 σῶμά
1404 2533 1554 2587 ἐστι’
1581 2532 1674 2586 τοῦ
1698 2533 1754 2586 δὲ
1782 2533 1938 2605 Ἰερε-

358 2618 505 2687 μίου*
543 2619 692 2683 "Ott,
740 2620 848 2673 ἐὰν
894 2619 1132 2690 γένηται
1172 2623 1328 2691 γυνὴ
1371 2623 1542 2692 ἀνδρὶ
1574 2624 1779 2690 ἑτέρῳ,
1824 2628 1935 2679 οὐκ

351 2706 699 2777 ἐπιστρέψει
726 2708 875 2777 πρὸς
904 2709 1012 2763 τὸν
1036 2711 1225 2780 ἄνδρα
1258 2712 1476 2780 αὐτῆς,
1517 2715 1676 2769 ἀλλὰ
1708 2731 1936 2784 μιαινο-

347 2798 503 2867 μένη
526 2799 942 2868 μιανθήσεται·
983 2802 1078 2854 καὶ
1106 2803 1286 2856 πάλιν·
1329 2806 1393 2857 '0
1431 2806 1587 2873 ἔχων
1613 2805 1935 2874 μοιχαλίδα

352 2891 558 2960 ἄφρων
579 2892 679 2944 καὶ
706 2892 951 2961 ἀσεϐής.
987 2893 1051 2946 Ἡ
1080 2893 1137 2947 δὲ
1176 2894 1432 2966 συνήθεια
1465 2895 1557 2947 καὶ
1589 2895 1934 2966 μοιχεύοντας

349 2983 549 3054 ἄνδρας
575 2983 670 3036 καὶ
701 2985 757 3036 ἐν
784 2984 1060 3055 πορνείαις
1087 2984 1244 3047 ὄντας
1267 2985 1592 3055 κατέχεσθαι
1621 2985 1725 3038 ὑπὸ
1749 3003 1934 3054 γυναι-

351 3074 464 3128 κῶν
496 3076 848 3148 προστάσσει.
883 3077 1047 3129 Ὥστε
1074 3078 1107 3147 ἡ
1141 3075 1218 3147 τῷ
1250 3077 1530 3148 ἀφειμένῳ
1558 3078 1710 3148 ἀνδρὶ
1751 3096 1923 3132 συνοι-

351 3166 523 3221 κοῦσα
544 3169 645 3221 οὐκ
662 3164 781 3221 οἶδα
803 3169 852 3220 εί
876 3167 1100 3221 δύναται
1131 3168 1379 3238 μοιχαλὶς
1406 3168 1767 3241 χρηματίζειν
1796 3170 1927 3240 (6'5).

351 3257 423 3310 Τὸ
449 3257 558 3330 γάρ
595 3259 847 3331 ἔγκλημα
877 3258 1111 3312 ἐνταῦθα
1137 3259 1240 3328 τῆς
1269 3258 1617 3328 ἀπολυσὰσης
1645 3260 1735 3312 τὸν
1766 3261 1932 3332 ἄνδρα

348 3349 604 3415 ἅπτεται,
639 3350 781 3404 κατά
813 3350 972 3403 ποίαν
1003 3351 1183 3404 αἰτίαν
1217 3349 1328 3418 (64)
1361 3350 1569 3421 ἀπέστη
1608 3350 1701 3404 τοῦ
1731 3352 1932 3425 γάμου.

349 3444 472 3497 Εἴτε
511 3444 607 3498 καὶ
644 3444 988 3514 τυπτομένη,
1032 3444 1104 3515 μὴ
1139 3444 1380 3515 φέρουσα
1417 3444 1526 3514 (63)
1563 3443 1660 3508 τὰς
1697 3445 1931 3514 πληγὰς,

349 3533 641 3604 ὑπομένειν
683 3533 852 3605 ἐχρῆν
890 3534 1091 3605 μᾶλλον
1135 3532 1168 3596 ἦ
1204 3533 1583 3604 διαζευχθῆναι
1621 3539 1714 3588 τοῦ
1755 3553 1932 3590 συνοι-

348 3624 589 3688 κοῦντος·
628 3624 739 3677 εἴτε
781 3625 882 3696 τὴν
929 3626 1009 3687 είς
1059 3625 1128 3676 τὰ
1173 3625 1431 3694 χρήματα
1469 3623 1671 3695 ζημίαν
1716 3626 1790 3696 μὴ
1836 3626 1934 3696 φέ-

351 3733 539 3788 ρουσα,
573 3716 694 3770 οὐδὲ
721 3716 862 3787 αῦτη
890 3718 924 3788 ή
951 3718 1222 3787 πρόφασις
1250 3716 1546 3786 ἀξιόλογος.
1584 3719 1648 3770 Ei
1671 3718 1727 3771 δὲ
1752 3718 1839 3773 διὰ
1865 3720 1927 3772 τὸ

344 3810 404 3861 ἐν
427 3808 655 3881 πορνείᾳ
684 3808 846 3863 αὐτὸν
876 3809 975 3881 ζῇν
994 3852 1006 3870 ,
1037 3810 1136 3863 οὐκ
1171 3808 1367 3880 ἔχομεν
1397 3809 1553 3863 τοῦτο
1602 3811 1659 3864 ὲν
1692 3813 1759 3881 τῇ
1805 3828 1929 3866 συν-

345 3898 505 3971 ηθείᾳ.
550 3904 618 3972 τῇ
669 3901 1090 3972 ἐκκλησιαστικῇ
1121 3901 1181 3954 τὸ
1222 3903 1624 3973 παρατήρημα·
1659 3900 1793 3954 ἀλλά
1836 3902 1930 3955 καὶ

344 3990 576 4044 ἀπίστου
603 3990 793 4062 ἀνδρὸς
813 3989 1142 4063 χωρίζεσθαι
1164 3990 1225 4043 οὐ
1254 3988 1595 4061 προσετάχθη
1627 3988 1738 4059 (66)
1768 3990 1926 4059 γυνὴ,

342 4086 480 4142 ἀλ·λά
525 4086 894 4158 παραμένειν,
930 4084 1017 4138 διά
1058 4082 1120 4136 τὸ
1164 4082 1358 4154 ἄδηλον
1397 4082 1495 4152 τῆς
1537 4080 1833 4144 ἐκϐάσεως.
1867 4081 1929 4134 Τί

343 4176 457 4248 γὰρ
486 4173 675 4244 οἶδας,
708 4177 914 4246 γύναι,
952 4176 1006 4228 εὶ
1044 4174 1151 4227 τὸν
1186 4173 1375 4240 ἄνδρα
1405 4171 1662 4237 σώσεις;
1694 4172 1855 4225 Ὥστε
1892 4173 1924 4242 ἡ

342 4266 738 4329 καταλιποῦσα,
773 4265 1040 4336 μοιχαλὶς,
1066 4267 1114 4318 εἰ
1147 4266 1231 4318 ἐπ’
1258 4264 1415 4318 ἄλλον
1443 4259 1603 4335 ἦλθεν
1640 4263 1829 4334 ἄνδρα,
1867 4263 1924 4315 '0

340 4360 399 4413 δὲ
435 4358 820 4430 καταλειφθεὶς
858 4357 1205 4428 συγγνωστός
1241 4360 1376 4419 ἐστι,
1408 4358 1504 4411 καὶ
1533 4359 1566 4429 ἡ
1603 4355 1926 4409 συνοικοῦσα

339 4452 422 4523 τῷ
442 4453 665 4524 τοιούτῳ
692 4453 752 4505 ού
787 4451 1193 4522 κατακρίνεται.
1224 4452 1287 4504 El
1323 4451 1504 4520 μέντοι
1538 4452 1567 4505 ὁ
1597 4449 1763 4522 ἀνὴρ,
1792 4450 1925 4502 ἀπο-

2054 583 2213 638 bellis
2253 585 2320 640 ad
2350 587 2550 639 caedem
2579 586 2852 650 feruntur,
2895 585 2981 641 his
3023 601 3124 641 nec
3150 594 3378 652 terrere,
3410 604 3510 643 nec
3536 605 3625 644 ca-

2054 675 2281 744 stigare,
2319 676 2412 730 sed
2442 676 2796 732 adversarios
2826 675 3141 731 interﬁcere
3177 685 3362 745 aperte
3385 682 3631 748 proposi-

2052 772 2167 819 tum
2207 773 2312 820 est.
2337 768 2515 834 Atque
2551 766 2766 822 etiamsi
2792 768 2917 837 quis
2945 777 3166 837 propter
3196 769 3434 838 aliquam
3463 772 3629 826 aliam

2052 868 2276 909 causam
2321 857 2603 911 curiosum
2640 857 2994 925 pharmacum
3032 858 3339 926 miscuerit,
3370 869 3426 915 et
3460 862 3633 917 inter-

2051 944 2261 1009 fecerit,
2304 945 2357 999 id
2403 961 2504 1015 pro
2552 947 2869 1002 voluntario
2915 947 3207 1017 ducimus;
3240 957 3301 1003 ut
3353 966 3498 1022 saepe
3548 952 3631 1008 fa-

2049 1036 2205 1089 ciunt
2261 1037 2554 1103 mulieres,
2612 1054 2734 1108 quae
2782 1039 3112 1109 quibusdam
3160 1043 3627 1103 incantationibus

2053 1136 2108 1179 et
2144 1126 2402 1181 amuletis
2440 1127 2509 1181 ad
2561 1128 2644 1182 sui
2679 1143 2922 1181 amorem
2968 1128 3183 1199 aliquos
3217 1132 3494 1187 attrahere
3533 1150 3628 1189 co-

2050 1226 2274 1283 nantur,
2315 1220 2558 1288 dantque
2605 1220 2685 1274 eis
2727 1220 3020 1290 pbarmaca
3060 1223 3335 1279 mentibus
3370 1226 3626 1281 tenebras

2047 1312 2403 1367 olTundentia.
2438 1313 2529 1368 lla:
2557 1329 2707 1383 ergo,
2740 1312 2786 1368 si
2815 1314 3210 1379 interfecerint,
3234 1317 3449 1372 etiamsi
3474 1319 3622 1374 aliud

2046 1405 2312 1465 volentes,
2361 1405 2509 1459 aliud
2556 1403 2810 1468 fecerint,
2861 1412 3044 1460 tamen
3071 1419 3294 1477 propter
3339 1413 3617 1464 curiosum

2045 1504 2099 1552 et
2149 1498 2484 1566 prohibitum
2532 1513 2671 1567 opus
2727 1497 2870 1552 inter
2920 1499 3262 1555 voluntarios
3314 1500 3617 1561 homicidas

2045 1595 2393 1657 reputantur.
2422 1589 2609 1658 Itaque
2635 1597 2689 1642 et
2715 1604 2835 1658 quae
2862 1589 3105 1658 praebent
3135 1590 3424 1659 pharmaca
3457 1594 3619 1647 abor-

2047 1687 2163 1734 tum
2196 1682 2597 1745 cientia,'sunt
2628 1690 2684 1736 et
2725 1682 2857 1752 ipsa:
2887 1681 3196 1747 homicidae,
3239 1683 3384 1738 sicut
3424 1692 3477 1740 et
3499 1701 3620 1754 quae

2046 1788 2255 1828 venena
2284 1773 2453 1828 fetum
2486 1774 2742 1829 necantia
2771 1774 3070 1843 accipiunt.
3099 1773 3225 1829 llaec
3252 1776 3470 1845 quidem
3499 1777 3620 1843 _l,1uc

1968 1873 2011 1928 Β
2039 1880 2233 1935 usque.

2114 1977 2204 2033 IX.
2248 1977 2426 2049 [Eque
2468 1978 2604 2033 viris
2648 1985 2699 2033 et
2737 1978 3063 2033 mnlierious
3118 1981 3377 2034 convenit
3417 1995 3620 2035 secun-

2040 2073 2168 2129 dum
2201 2074 2487 2129 sententia:
2509 2073 2956 2129 consecutionem
2987 2072 3133 2143 quod
3170 2087 3199 2125 a
3227 2071 3462 2127 Domino
3489 2087 3617 2142 pro-

2040 2169 2349 2222 nuntiatum
2373 2173 2479 2230 est,
2516 2181 2626 2220 non
2654 2166 2824 2221 licere
2851 2181 2882 2220 a
2919 2165 3273 2219 matrimonio
3302 2164 3613 2226 discedere,

2040 2259 2147 2315 nisi
2186 2260 2256 2313 ob
2284 2258 2725 2313 fornicationem.
2775 2257 3129 2313 Consuetudo
3162 2263 3341 2310 autem
3388 2271 3496 2310 non
3542 2256 3616 2310 ita

2040 2364 2101 2405 se
2148 2349 2331 2414 habet,
2376 2348 2472 2404 sed
2509 2349 2832 2405 mulieribus
2872 2349 3093 2420 quidem
3143 2347 3314 2401 multa
3359 2358 3615 2403 accurate

2037 2438 2321 2494 observari
2367 2438 2850 2509 deprehendimus,
2895 2455 3021 2494 cum
3061 2439 3355 2508 Apostolus
3387 2440 3608 2510 quidem

2036 2530 2207 2593 dicat,
2241 2530 2394 2596 Quod
2429 2531 2522 2601 qui
2573 2530 2807 2585 adhaeret
2854 2532 3143 2594 meretrici,
3188 2532 3249 2601 ﬁt
3291 2547 3456 2584 unum
3494 2549 3613 2586 cor-

2033 2634 2130 2687 pus
2156 2619 2236 2683 ";
2268 2617 2535 2674 Jeremias
2592 2636 2747 2685 vero,
2790 2619 2945 2686 Quod
2979 2621 3027 2676 si
3064 2621 3224 2691 [ια’ιί
3269 2620 3460 2675 mulier
3492 2637 3613 2674 cum

2036 2707 2142 2762 alio
2170 2709 2300 2772 viro,
2328 2724 2430 2761 non
2463 2716 2749 2763 revertetur
2782 2707 2851 2761 ad
2875 2710 3043 2762 virum
3073 2725 3249 2777 suum,
3282 2708 3373 2763 sed
3404 2710 3614 2780 polluta

2031 2800 2300 2867 polluetur
2321 2802 2366 2832 ⁵ο
2395 2819 2410 2867 ;
2444 2809 2498 2856 et
2535 2801 2755 2865 iterum,
2794 2801 2900 2868 Qui
2943 2799 3097 2855 habet
3128 2800 3445 2869 adulteram,
3471 2802 3611 2857 stul-

2035 2902 2118 2946 tus
2145 2902 2222 2946 est
2251 2902 2300 2946 et
2330 2892 2524 2962 impius
2550 2894 2617 2946 δ’.
2652 2892 3008 2947 Consuetudo
3038 2903 3218 2948 autem
3254 2893 3418 2947 etiam
3458 2893 3613 2948 adul-

2034 2990 2184 3038 teros
2211 2984 2358 3038 viros
2395 2991 2450 3037 et
2488 2983 2541 3036 in
2580 2983 3044 3038 fornicatiombus
3076 2993 3361 3040 versantes
3388 2985 3544 3053 jubet
3579 3000 3611 3039 a

2032 3075 2357 3129 mulieribus
2413 3077 2664 3132 retineri.
2696 3075 2879 3142 Quare
2908 3091 3031 3146 quae
3077 3092 3185 3129 una
3218 3091 3342 3131 cum
3373 3078 3493 3132 viro
3524 3077 3612 3131 di—

2034 3167 2206 3221 misso
2237 3166 2473 3233 habitat,
2505 3169 2692 3222 nescio
2730 3182 2798 3221 an
2838 3169 3013 3237 possit
3042 3167 3288 3224 adultera
3317 3169 3607 3239 appellari.

2031 3256 2250 3311 Crimen
2282 3258 2428 3311 cnim
2462 3257 2553 3312 hic
2597 3258 2815 3328 attingit
2851 3259 3157 3323 mulierem,
3190 3273 3312 3330 quae
3341 3259 3505 3332 274
3531 3262 3612 3315 vi-

2032 3363 2154 3402 rum
2188 3347 2440 3417 dimisit,
2476 3364 2711 3419 quanam
2745 3349 2812 3403 de
2835 3363 3003 3405 causa
3046 3365 3075 3402 a
3105 3350 3364 3420 conjugio
3392 3350 3608 3407 disces-

2032 3437 2189 3493 serit.
2226 3437 2358 3495 Sive
2402 3439 2546 3492 enim
2582 3454 2846 3509 percussa
2881 3440 3070 3510 plagas
3105 3454 3219 3493 non
3252 3438 3414 3503 ferat,
3465 3440 3609 3496 ferre

2030 3530 2203 3585 satius
2226 3538 2344 3584 erat
2369 3545 2532 3601 quam
2562 3545 2594 3584 a
2621 3531 2856 3601 conjuge
2881 3531 3129 3601 separari
3156 3549 3170 3586 :
3203 3532 3320 3588 sive
3344 3532 3608 3588 damnum

2030 3620 2084 3674 in
2132 3622 2381 3691 pecuniis
2411 3637 2522 3676 non
2556 3621 2716 3683 ferat,
2750 3639 2820 3677 ne
2847 3623 2962 3678 haec
2998 3625 3219 3692 quidem
3247 3624 3398 3693 justa
3431 3640 3605 3680 excu-

2028 3713 2168 3767 satio
2197 3732 2209 3766 :
2238 3714 2323 3767 sin
2377 3725 2581 3774 autem,
2631 3715 2891 3784 quoniam
2942 3715 3061 3785 ipse
3102 3717 3236 3770 vivit
3276 3718 3331 3771 in
3365 3716 3606 3771 fornica-

2030 3804 2198 3868 tione,
2230 3820 2338 3858 non
2368 3805 2631 3860 habemus
2654 3806 2795 3859 hanc
2828 3807 2883 3860 in
2906 3808 3283 3863 ecclesiastica
3307 3819 3607 3866 consuetu-

2032 3894 2161 3950 dine
2192 3895 2657 3960 observationem,
2692 3898 2804 3951 imo
2838 3914 2969 3952 vero
2995 3899 3063 3952 ab
3095 3900 3302 3955 inﬁdeli
3338 3900 3459 3955 viro
3491 3916 3601 3956 non

2027 3985 2187 4056 jussa
2224 3993 2308 4043 est
2342 3988 2541 4041 mulier
2575 3988 2842 4057 separari,
2872 3989 2965 4043 sed
2991 3998 3215 4060 propter
3242 4000 3495 4046 eventum
3525 3994 3606 4047 in-

2032 4086 2241 4133 certum
2267 4093 2570 4133 remanere.
2603 4077 2744 4144 Quid
2766 4080 2904 4133 enim
2934 4081 3061 4147 scis,
3087 4081 3298 4144 mulier,
3331 4099 3400 4135 an
3432 4084 3601 4135 uirum

2026 4169 2233 4223 salvum
2285 4170 2359 4222 sis
2406 4169 2722 4238 factura"?
2784 4169 2987 4236 Quare,
3041 4186 3162 4240 quae
3216 4172 3463 4243 reliquit,
3514 4180 3602 4229 est

2025 4261 2295 4325 adultera,
2350 4261 2397 4315 si
2430 4261 2498 4314 ad
2544 4261 2712 4313 alium
2765 4264 2941 4316 virum
2991 4264 3246 4319 accessit.
3275 4263 3381 4329 Qui
3413 4273 3597 4319 autem

2024 4354 2251 4408 relictus
2289 4360 2395 4418 est,
2428 4353 2628 4424 dignus
2654 4361 2741 4408 est
2767 4355 2950 4419 venia,
2985 4362 3040 4409 et
3070 4372 3190 4425 quae
3231 4373 3338 4411 una
3371 4373 3494 4412 cum
3533 4372 3601 4412 eo

2025 4444 2257 4508 habitat,
2289 4460 2398 4498 non
2429 4442 2847 4499 condemnatur.
2877 4442 2985 4500 Sed
3007 4446 3053 4501 si
3076 4447 3179 4513 vir,
3212 4448 3305 4517 qui
3332 4449 3402 4503 ab
3428 4463 3601 4502 uxore

341 4545 476 4609 στὰς
507 4545 606 4615 τῆς
630 4543 905 4613 γυναικὸς,
932 4542 1017 4596 ἐπ’
1041 4542 1207 4611 ἀλλην
1226 4537 1379 4612 ἦλθε,
1409 4540 1503 4593 καὶ
1529 4540 1689 4603 αὐτὸς
1714 4540 1921 4610 μοιχὸς,

2037 4538 2307 4604 discessit,
2349 4539 2586 4594 accessit
2623 4540 2691 4595 ad
2733 4540 2920 4606 aliam,
2968 4550 3054 4597 est
3094 4548 3149 4597 et
3196 4542 3314 4613 ipse
3361 4542 3599 4610 adulter,

415 4704 461 4735 "
500 4701 673 4757 lCor.
706 4699 878 4767 ωδ.
953 4701 1001 4732 ⁸⁸
1037 4697 1236 4754 Jerem.
1273 4713 1356 4764 Ill,
1386 4697 1438 4751 1.
1511 4696 1556 4727 ⁸¹
1587 4694 1747 4749 Prov.
1781 4712 1931 4755 xvm.

2040 4733 2054 4747 .
2128 4693 2175 4726 ⁸³
2207 4693 2224 4747 l
2252 4693 2378 4748 Cor.
2412 4710 2511 4758 vn,
2543 4693 2630 4749 16.

412 4884 526 4952 (62)
561 4883 707 4958 Ἰξοὺνς
725 4880 1240 4958 ἐναντιουμένους.
1271 4877 1409 4931 Editi
1432 4878 1916 4958 abrobqsvavrtou-

339 4954 774 5029 pévouq._blelius
795 4956 857 5029 in.
875 4954 1075 5029 pler_tsq
1086 4967 1151 5029 ne
1178 4965 1312 5005 mss.
1337 4965 1477 5016 quos
1499 4954 1911 5029 secuti-sumus.

413 5025 525 5094 (65)
556 5017 953 5094 Χρηματίζὲὶν.
982 5017 1194 5075 Ιῑςίίότθ
1218 5035 1409 5074 omnes
1435 5034 1568 5073 mss.
1601 5017 1747 5072 Editi
1774 5034 1912 5089 χρη-

339 5095 717 5235 μῆἷέῖἷῖὶατά
747 5161 1161 5235 ποίανᾼαὶτίιιν.
1198 5157 1459 5230 Sequitur
1481 5157 1672 5235 in‘hoc
1699 5172 1912 5212 canone

336 5228 577 5291 Basilius
618 5235 890 5290 Roinanas
936 5233 1102 5301 leges,
1132 5228 1501 5301 quas—tamen
1537 5228 1736 5301 fatetur
1760 5242 1909 5301 cum

340 5306 635 5379 Evangelia
664 5306 847 5379 minus
877 5298 1209 5379 consentire.
1242 5298 1350 5379 hex
1381 5299 1724 5379 Constantini
1752 5298 1910 5377 jubet

335 5369 395 5430 iu
427 5369 640 5445 repudio
671 5372 923 5428 mittendo
961 5390 994 5426 a
1032 5372 1370 5445 [entiuauluec
1410 5369 1784 5445 sola‘crimina
1828 5369 1912 5420 in-

333 5438 499 5517 quiri,
538 5447 586 5500 si
621 5445 959 5517 homicidam,
999 5438 1078 5496 vel
1124 5440 1665 5517 medicamentarium,
1701 5438 1778 5491 vel
1822 5454 1910 5517 se-

332 5509 642 5586 pulcrorum
665 5516 1039 5586 dissolutorent
1081 5513 1547 5586 ‘maritumusuum
1577 5524 1697 5586 esse_
1715 5509 1912 5586 proba-

337 5578 490 5642 ενα-ῆι.
522 5587 601 5660 At
617 5587 805 5660 eadem
836 5581 1503 5660 lege_viris_lcoo.ceditu_r,
1549 5587 1608 5660 ut
1632 5578 1912 5633 adulteras

335 5672 540 5713 uxores
574 5646 1074 5730 dimittanthliud
1108 5646 1405 5730 discrimen
1447 5652 1551 5730 hoc
1589 5650 1646 5702 in
1698 5662 1914 5730 canone

332 5742 538 5783 uxores
572 5728 717 5782 inter
740 5734 797 5780 et
826 5726 1053 5779 maritos
1087 5723 1327 5791 ponitur,
1359 5721 1506 5789 quod
1544 5735 1683 5774 uxor
1709 5721 1913 5787 injuste

331 5799 586 5866 dimissa,
632 5797 679 5853 si
713 5797 782 5851 ab
819 5796 928 5850 alio
965 5794 1218 5860 ducatur,
1256 5791 1509 5848 adulterii
1556 5798 1741 5846 notam
1800 5805 1910 5844 non

2021 4876 2278 4952 cllugiat;
2302 4876 2566 4952 dimissus
2596 4884 2776 4952 autem
2814 4877 3016 4947 injuste
3045 4875 3271 4952 maritus
3303 4888 3404 4952 nec
3437 4869 3596 4952 adul-

2019 4954 2103 5018 ter
2161 4947 2253 5009 sit,
2295 4948 2363 5018 si;
2399 4947 2561 5000 aliam
2613 4947 2798 5018 ducat,
2835 4946 2936 5003 nec
2984 4964 3104 5018 quae
3134 4949 3203 5018 ab
3242 4960 3309 5001 eo
3355 4946 3595 5005 ducitur,

2018 5016 2287 5071 adultera.
2335 5016 2605 5071 Caeterum
2658 5017 2894 5072 Basilius
2938 5016 3063 5072 ante
3097 5017 3480 5087 episcopatum
3489 5027 3599 5087 _eo-

2017 5088 2139 5141 dem
2172 5087 2297 5155 jure
2328 5103 2552 5141 uxorem
2581 5102 2645 5141 ac
2684 5090 2939 5142 maritum
2974 5104 3099 5143 esse
3134 5082 3417 5141 censebat.
3458 5082 3596 5155 Nam

2017 5157 2074 5210 in
2122 5153 2445 5219 Moralibus,
2493 5173 2610 5226 reg.
2656 5156 2748 5236 75,
2783 5174 2835 5226 p.
2890 5159 3017 5236 508,
3050 5157 3260 5236 ‘SIatuit
3310 5156 3479 5235 virum
3529 5153 3599 5236 ab.

2017 5243 2200 5290 uxore,
2238 5236 2331 5281 aut
2381 5225 2603 5280 uxorem
2631 5244 2665 5280 a
2700 5225 2811 5281 viro
2839 5245 2944 5280 non
2976 5227 3160 5281 debere
3193 5225 3456 5295 separari,
3493 5225 3598 5278 nisi

2015 5300 2132 5367 quis
2161 5298 2583 5365 deprehendatur
2611 5299 2666 5349 in
2691 5298 2974 5352 adulterio.
3014 5297 3240 5367 Utrique
3273 5296 3477 5367 pariter
3510 5298 3599 5348 ἰη-

2018 5368 2238 5439 terdzeit
2269 5370 2427 5422 novis
2471 5368 2702 5437 nuptiis,
2742 5369 2859 5423 sive
2902 5369 3214 5439 repudienl,
3261 5369 3376 5423 sive
3426 5381 3598 5434 repu-

2013 5438 2253 5491 dientur.

2085 5507 2197 5577 (65)
2227 5507 2325 5576 Μὴ
2346 5506 2635 5576 φέρουσα.
2663 5506 2755 5561 Sic
2783 5522 2921 5563 mss.
2944 5506 3193 5578 plerique
3215 5520 3430 5562 omnes.
3456 5505 3599 5562 Editi

2015 5577 2303 5664 μὴωφέρξι·
2477 5645 2489 5663 ,
2946 5577 2980 5664 ί.

2084 5643 2631 5733 (ϐὶὶγῼροσετάχθη.
2655 5645 2750 5701 Sic
2772 5660 2906 5704 mss.
2930 5647 3175 5720 plerique
3205 5661 3421 5703 omnes.
3451 5643 3598 5701 Editi

2014 5735 2352 5789 ποοσεταγη.
