3948 6214
344 326 449 383 (ΠΩ

1692 316 1753 372 S.
1788 310 2032 368 BASILll
2072 308 2285 363 MAGNI

3501 301 3607 357 680
3656 274 3669 289 ’

347 443 478 511 quia
514 440 650 494 facit
701 446 763 493 ut
800 440 918 510 ipsa
974 436 1305 492 adulterium
1346 434 1684 496 committat;
1726 439 1779 485 et
1809 446 1928 499 qua-

2033 425 2164 478 διότι
2218 425 2365 476 ποιεῖ
2411 421 2579 493 αὐτὴν
2632 418 3005 491 μοιχευθῆναιο
3057 415 3148 470 καὶ
3202 416 3235 487 ἠ
3284 414 3605 468 συνοικοῦσα

346 548 457 587 una
489 548 612 586 cum
655 532 777 602 ipso
823 531 1054 595 habitat,
1091 537 1177 583 est
1198 527 1472 590 adultera,
1510 524 1639 595 quia
1683 524 1921 576 aiienum

344 621 523 676 virum
549 619 616 673 ad
648 636 708 674 se
739 618 1009 673 traduxit.

422 703 488 760 Χ.
530 704 846 773 Quijuraut
894 718 953 757 se
982 699 1386 755 ordinationem
1418 713 1529 751 non
1576 705 1922 763 accepturos,

346 794 649 864 ejurantes,
684 809 752 847 ne
780 800 1051 862 cogantur
1086 790 1352 861 pejerare.
1392 787 1508 842 Etsi
1539 787 1683 841 enim
1707 784 1926 839 videtur

349 886 548 954 aliquis
576 898 699 939 esse
732 898 932 945 canon,
965 882 1056 951 qui
1086 879 1359 951 ejusmodi
1387 877 1701 932 hominibus
1729 891 1926 930 conce-

348 976 480 1042 dat;
527 975 868 1044 experientia
904 982 1088 1027 tamen
1123 973 1481 1043 cognovimus
1515 986 1611 1027 eos
1645 969 1737 1039 qui
1782 968 1928 1038 peje-

350 1073 564 1132 rarunt,
610 1066 799 1121 felices
849 1066 1030 1120 exitus
1084 1080 1194 1119 non
1243 1065 1466 1118 habere.
1515 1059 1925 1118 Consideranda

348 1167 531 1212 autem
581 1165 733 1222 sunt,
776 1165 830 1212 et
873 1156 1084 1227 species
1112 1152 1502 1224 jurisjurandi,
1540 1164 1594 1207 et
1639 1151 1826 1213 verba,
1874 1157 1928 1204 et

347 1249 567 1301 animus
616 1262 727 1317 quo
755 1247 1108 1316 juraverunl,
1154 1253 1208 1300 et
1257 1245 1540 1315 sigillatim
1589 1258 1711 1313 qua:
1743 1243 1927 1296 verbis

348 1341 534 1395 addita
560 1339 785 1394 fuerunt
811 1380 826 1403 ,
861 1339 997 1394 adeo
1030 1348 1089 1392 ut
1122 1339 1167 1392 si
1200 1338 1349 1391 nulla
1378 1351 1606 1407 prorsus
1637 1335 1707 1391 sit
1737 1339 1812 1388 rei
1849 1336 1924 1387 lc-

348 1431 563 1485 nicndae
597 1432 759 1495 ratio,
795 1431 935 1486 tales
984 1429 1210 1483 oumino
1255 1427 1565 1482 dimittendi
1602 1429 1733 1481 sint.
1771 1425 1926 1491 Quod

347 1532 528 1578 autem
554 1525 749 1577 attinet
780 1522 850 1577 ad
885 1521 1073 1577 Severi
1107 1523 1409 1591 negotium,
1437 1508 1686 1574 videlicet
1708 1520 1774 1574 ad
1810 1535 1928 1588 pre-

347 1614 631 1685 sbyterum
657 1612 726 1667 ab
751 1612 871 1682 ipso
899 1611 1240 1673 ordinatmn,
1275 1608 1490 1664 videtur
1519 1609 1651 1662 mihi
1680 1625 1769 1664 res
1797 1618 1929 1664 tem-

349 1711 730 1776 perantentum
762 1702 1035 1773 ejusmodi
1086 1701 1311 1765 habere,
1343 1701 1390 1755 si
1422 1700 1565 1755 idem
1620 1707 1675 1755 et
1706 1700 1807 1754 tibi
1842 1700 1922 1754 vi-

348 1796 567 1851 deatur.
598 1794 802 1866 Agrum
833 1794 987 1847 illum
1020 1790 1222 1847 Mestite
1246 1791 1576 1860 subjectum,
1606 1790 1696 1845 cui
1720 1790 1811 1847 ille
1843 1792 1926 1845 vir

349 1886 603 1942 addictus
630 1885 755 1949 fuit,
783 1885 917 1955 jube
953 1882 1186 1938 Vasodis
1220 1883 1472 1938 subesse.
1508 1880 1601 1936 Sic
1645 1883 1793 1936 enim
1825 1897 1926 1937 nec

349 1980 615 2050 pejerabit
657 1980 747 2034 ille
778 1994 808 2030 a
834 1979 957 2032 loco
1001 1992 1110 2031 non
1159 1977 1441 2040 recedens,
1496 1991 1597 2030 nec
1626 1974 1923 2046 Longinus,

351 2085 537 2124 secum
569 2069 776 2123 habens
803 2068 1112 2139 Cyriacum,
1151 2068 1208 2122 in
1244 2082 1412 2122 causa
1451 2067 1557 2122 erit
1586 2081 1689 2121 cur
1712 2067 1926 2123 deserta

350 2163 425 2216 sit
455 2162 710 2226 ecclesia,
747 2177 922 2231 neque
951 2160 1191 2214 animam
1240 2175 1396 2215 suam
1440 2174 1536 2230 per
1564 2160 1734 2214 otium
1772 2159 1927 2213 dam-

352 2251 526 2304 nabit.
568 2249 754 2321 Neque
802 2265 903 2306 nos
947 2250 1153 2320 aliquid
1213 2258 1411 2319 praeter
1447 2264 1690 2304 canones
1718 2248 1927 2305 ellicere

349 2341 682 2406 videbimur,
716 2340 1227 2396 accommodatione
1273 2349 1488 2395 utentes
1521 2340 1575 2394 in
1610 2341 1924 2412 (Syriacum,

349 2434 446 2503 qui
488 2449 614 2488 cum
666 2449 726 2489 se
769 2432 1048 2488 Mindanis
1083 2448 1503 2502 permansurum
1534 2432 1800 2501 jurasset.
1839 2440 1926 2486 ta-

352 2542 477 2579 tuen
505 2525 925 2581 translationem
966 2527 1232 2593 suscepit.
1271 2524 1498 2579 Rcditus
1524 2525 1670 2578 enim
1703 2525 1808 2579 erit
1836 2525 1896 2594 ju

352 2615 652 2687 risjurandi
690 2616 1025 2671 observatio.
1062 2615 1223 2686 275
1246 2615 1598 2670 (Economite
1637 2624 1818 2670 autem
1862 2631 1891 2668 a

426 2771 537 2841 (67)
572 2771 802 2826 Κανών.
833 2771 1060 2827 Videtur
1084 2776 1228 2826 hunc
1259 2787 1524 2826 canonem
1562 2780 1783 2827 secutus
1804 2789 1928 2830 esse

355 2838 805 2906 S.'Atbanasius,
847 2859 970 2896 eum
1004 2843 1376 2906 Dracontium,
1417 2843 1512 2912 qui
1556 2843 1839 2910 juraverat
1869 2860 1928 2900 se

356 2912 655 2977 abiturum,
685 2914 749 2982 isi
802 2913 1153 2967 ordinaretur
1192 2913 1505 2982 episcopus,
1536 2927 1600 2967 ac
1640 2914 1928 2969 ordinatus

356 2983 588 3045 finxerat,
630 2981 698 3035 ad
755 2983 1158 3051 suscipiendam
1215 2981 1468 3037 Ecclesia:
1515 2997 1727 3049 curam,
1776 2985 1928 3039 nulla

355 3051 539 3105 habita
564 3052 923 3118 jurisjurandt
963 3053 1195 3116 ratione,
1236 3053 1484 3107 hortatus
1506 3061 1612 3106 est.

2025 514 2194 585 αὐτῷ,
2246 513 2505 585 μοιχαλὶς.
2546 512 2679 565 διότι
2716 509 2992 580 ἀλλότριον
3029 507 3196 577 ἄνδρα
3238 506 3372 579 πρὸς
3408 506 3606 579 ἑαυτὴν

2028 606 2380 677 μετέστησεν.

2095 697 2150 749 ιο.
2191 696 2255 747 Οἱ
2277 692 2568 765 ὀμνύοντες
2602 689 2675 761 μὴ
2709 687 3100 759 καταδέχεσθαι
3125 688 3225 760 τὴν
3253 688 3605 759 χειροτονίαν.

2024 785 2407 857 ὲξομνύμενοι,
2440 783 2515 855 μὴ
2549 781 3044 851 ἁναγκαζέσθωσαν
3075 781 3372 851 ἐπιορκεῖν.
3403 779 3467 831 ΕΞ
3499 782 3608 848 γὰρ

2025 880 2118 930 καὶ
2167 877 2316 930 δοκεῖ
2357 893 2442 938 τις
2487 871 2625 928 εῖναι
2678 872 2858 926 κανὼν
2915 872 3026 942 (67)
3072 872 3102 924 ό
3150 872 3449 943 συγχωρῶν
3498 876 3608 935 τοῖς

2024 967 2305 1031 τοιούτοις·
2334 964 2468 1019 ἀλλὰ
2498 966 2663 1037 πείρᾳ
2698 963 3037 1034 ἐγνώκαμεν,
3064 964 3145 1016 ὅτι
3174 964 3275 1017 οὐκ
3303 962 3609 1017 εὐοδοῦνται

2025 1063 2075 1113 οἱ
2107 1062 2573 1129 παρορκήσαντες.
2614 1057 2843 1109 Σκοπεῖν
2888 1055 2943 1107 δὲ
2984 1055 3064 1107 δεῖ
3108 1055 3201 1108 καὶ
3246 1054 3306 1107 τὸ
3343 1048 3482 1116 εἶδος
3511 1055 3608 1107 τοῦ

2025 1151 2211 1222 ὅρκου,
2236 1150 2329 1201 καὶ
2366 1148 2433 1200 τὰ
2467 1150 2708 1218 ῥήματα,
2740 1147 2833 1199 καὶ
2865 1146 2964 1217 τὴν
2985 1145 3223 1198 διάθεσιν
3255 1146 3347 1214 ἀφ’
3373 1140 3440 1216 ἧς
3465 1144 3610 1215 ὀμω-

2030 1243 2228 1313 μόκασι
2245 1282 2258 1303 ,
2289 1242 2380 1293 καὶ
2403 1242 2497 1303 τὰς
2524 1240 2665 1293 κατὰ
2694 1238 2889 1291 λεπτὸν
2913 1240 2970 1289 ὲν
2990 1240 3102 1301 τοῖς
3133 1238 3342 1309 ῥήμασι
3375 1236 3611 1308 προσθή-

2027 1353 2149 1400 κας’
2180 1335 2286 1398 ὡς,
2315 1334 2409 1387 ἐὰν
2443 1332 2681 1403 μηδεμία
2777 1330 3090 1402 μηδαμόθεν
3116 1329 3469 1401 παραμυθία,
3502 1330 3608 1401 χρὴ

2027 1426 2305 1490 παντελῶς
2338 1426 2433 1497 ἐᾷν
2462 1426 2589 1487 τοὺς
2616 1423 2908 1485 τοιούτους.
2942 1422 3014 1475 Τὸ
3052 1421 3234 1494 μέντοι
3263 1422 3404 1476 κατὰ
3441 1423 3599 1493 Σευῆ-

2029 1536 2121 1590 ρον
2155 1519 2284 1590 (68)
2323 1518 2587 1589 πρᾶγμα,
2629 1516 2749 1587 ἦτοι
2787 1515 2877 1569 τὸν
2917 1515 3023 1568 ὑπὸ
3068 1514 3259 1568 τούτου
3300 1530 3610 1585 χειροτονη-

2027 1610 2188 1663 θέντα
2230 1608 2628 1681 πρεσϐύτερον,
2666 1607 2922 1677 τοιαύτην
2964 1610 3086 1660 τινα
3127 1623 3217 1676 μοι
3255 1606 3399 1658 δοκεῖ
3434 1623 3609 1677 παρα-

2031 1702 2227 1772 μυθίαν
2258 1702 2422 1771 ἔχειν,
2454 1701 2502 1753 εἰ
2535 1700 2627 1753 καί
2657 1716 2738 1752 σοι
2778 1699 3042 1753 συνδοκεῖ.
3072 1697 3176 1751 Τὸν
3204 1698 3374 1769 ἀγρὸν
3404 1701 3609 1751 ἐκεῖνον

2028 1795 2119 1848 τὸν
2157 1792 2518 1863 ὑποκείμενον
2550 1795 2614 1863 τῇ
2655 1791 2902 1863 Μηστείᾳ
2936 1792 3074 1859 (69),
3197 1791 3542 1861 ἐπεκηρύχθη
3579 1791 3608 1843 ό

2026 1885 2333 1956 ἄνθρωπος,
2375 1884 2632 1936 κέλευσον
2665 1883 2955 1946 Οὑασόδοις
2988 1882 3286 1936 ὑποτελεῖν.
3320 1881 3475 1936 Οὕτω
3499 1882 3609 1953 γὰρ

2026 1979 2273 2039 κάκεῖνος
2291 1977 2352 2029 οὐ
2375 1976 2714 2046 παρορκήσει
2737 1975 2849 2043 (70)
2879 1976 2954 2046 μὴ
2981 1977 3276 2047 ἀναχωρῶν
3296 1976 3389 2030 τοῦ
3416 1977 3602 2030 τόποιν

2026 2068 2120 2121 καὶ
2160 2069 2189 2120 ό
2227 2069 2519 2136 Λογγῖνος,
2565 2067 2705 2136 ἔχων
2750 2067 2842 2120 τὸν
2896 2069 3173 2139 Κυριακὸν
3215 2068 3335 2139 μεθ’
3380 2069 3603 2130 ἑαυτοῦ,

2024 2162 2124 2214 οὐκ
2158 2160 2432 2232 ἐρημώσει
2469 2160 2566 2230 τὴν
2591 2160 2910 2229 ἐκκλησίαν,
2937 2160 3057 2213 οὐδὲ
3087 2162 3186 2231 τὴν
3214 2160 3408 2214 ἑαυτοῦ
3430 2161 3607 2231 ψυχὴν

2025 2250 2113 2305 διὰ
2141 2253 2239 2322 τῆς
2275 2251 2473 2324 ἀργίας
2507 2251 2859 2305 καταδικάσει
2895 2250 3027 2319 (71).
3060 2252 3170 2305 Καὶ
3201 2254 3362 2322 ἡμεῖς
3386 2250 3606 2321 δόξομεν

2030 2342 2104 2413 μὴ
2144 2344 2291 2412 παρὰ
2349 2343 2579 2405 κανόνας
2624 2344 2797 2394 ποιεῖν
2837 2358 2921 2400 τι.
2963 2342 3490 2414 συμπεριφερόμενοι
3528 2342 3607 2414 τῷ

2026 2433 2109 2485 Κυ
2117 2432 2310 2504 ριακῷ,
2325 2434 2583 2503 ὀμόσαντι
2601 2435 2696 2504 μὲν
2711 2450 2774 2485 συ
2784 2450 2900 2502 μπα
2906 2451 2973 2504 ρα
2980 2434 3106 2505 μένε
3114 2452 3160 2486 ιν
3171 2433 3457 2498 Μινδανοίς
3472 2434 3603 2505 (72),

2025 2528 2442 2599 καταδεξαμένῳ
2480 2529 2537 2582 δὲ
2584 2529 2682 2599 τὴν
2732 2529 3039 2600 μετάθεσιν.
3082 2531 3147 2584 Ἦ
3194 2530 3304 2603 γὰρ
3352 2533 3605 2596 ἐπάνοδος

2028 2618 2242 2689 φυλακὴ
2270 2619 2421 2672 ἔσται
2450 2619 2542 2672 τοῦ
2571 2621 2756 2691 ὅρκου.
2796 2621 2869 2673 Τὸ
2905 2621 2961 2674 δὲ
2999 2616 3138 2685 εἶξαι
3167 2622 3328 2675 αὐτὸν
3347 2625 3428 2694 τῇ
3459 2623 3604 2676 οἰκό-

2028 2779 2167 2830 cium
2208 2775 2470 2849 habuerit,
2513 2775 2769 2849 _évtaurbv
2819 2777 3092 2849 ἀργήσας,
3130 2787 3409 2849 postquam
3465 2798 3603 2835 anno

2027 2847 2430 2928 otiatus_[tterit,
2456 2846 2523 2928 ad
2556 2848 2830 2928 legendum
2862 2846 3603 2928 suscipiatur.__l‘aregorioin

2030 2918 2191 2987 epist.
2229 2917 2298 2971 55
2343 2917 2423 2987 sic
2454 2919 2630 2972 minas
2664 2918 2917 2977 intentat,
2955 2920 3056 2972 nisi
3100 2917 3384 2973 mulierem
3410 2920 3601 2974 dimit-

2028 2986 2107 3058 tat
2135 2986 2604 3058 subintroductatn
2641 3003 2654 3039 :
2683 2987 3035 3058 Τελευτῄσεις
3056 2988 3261 3058 ἀργῷν.
3291 2990 3385 3041 καὶ
3412 2991 3606 3054 δώσεις

2027 3056 2106 3127 τῷ
2138 3057 2328 3136 Κυρίῳ
2357 3056 2656 3136 λόγονῇτῆς.
2675 3056 2911 3136 σεαυτοιῖ
2940 3056 3167 3136 ἁργῖαςε
3187 3057 3436 3136 ariert's
3470 3062 3605 3136 otio:

431 3119 537 3193 (68)
559 3124 722 3193 Κατὰ
750 3120 1033 3190 Σευῆρον.
1058 3121 1432 3193 Perobscurus
1460 3123 1544 3175 hic
1569 3137 1746 3176 canon
1778 3122 1926 3178 vide-
1953 3119 1997 3176 C
2031 3119 2119 3181 stis
2142 3136 2191 3180 et
2222 3119 2475 3179 rationein
2500 3119 2726 3180 Domino
2761 3127 2941 3181 reddes
2965 3119 3060 3180 otii
3089 3130 3185 3181 tui.
3219 3128 3274 3181 Ιιι
3305 3145 3515 3185 canone
3538 3133 3609 3186 15

357 3196 448 3243 tur
477 3193 563 3261 sic
584 3192 844 3260 explicari
885 3207 1060 3260 posse.
1098 3192 1374 3261 Longinus
1411 3194 1694 3261 presbyter
1716 3203 1834 3247 erat
1863 3196 1919 3248 in

358 3275 489 3324 agro
519 3258 720 3314 Mestite
765 3258 1032 3328 attbjecto.
1066 3261 1174 3316 Sed
1216 3258 1339 3315 cum
1372 3258 1423 3315 is
1464 3258 1746 3330 depositus
1777 3273 1924 3318 esset

356 3331 429 3384 ob
455 3330 673 3399 aliquod
725 3330 1005 3393 delictum,
1059 3348 1123 3386 ac
1153 3332 1290 3385 [orte
1321 3331 1581 3385 honorem
1634 3334 1924 3388 sacerdotii

359 3398 637 3464 retineret,
671 3411 729 3454 ut
759 3416 1148 3471 nonnunquam
1200 3404 1381 3464 liebat,
1436 3402 1670 3457 Severus
1712 3404 1926 3471 epiSt-o-

362 3484 469 3542 ptis
497 3471 557 3542 in
590 3472 709 3539 ejus
737 3472 913 3524 locum
946 3472 1221 3525 transtulit
1242 3471 1549 3542 (Syriacum,
1581 3487 1739 3541 quem
1761 3481 1924 3527 antea

364 3539 634 3595 Mittdanis
671 3542 1033 3611 ordinaverat,
1061 3556 1124 3595 ac
1144 3539 1333 3611 jurare
1365 3539 1612 3610 coegerat
1635 3559 1693 3597 se
1716 3542 1928 3597 Mtnda-

366 3613 453 3664 nis
481 3625 824 3665 mansurum.
855 3608 998 3663 ΝιΙιίΙ
1023 3612 1122 3665 hac
1148 3608 1205 3666 in
1236 3628 1295 3665 re
1328 3608 1493 3665 statui
1526 3626 1683 3681 posse
1707 3612 1929 3667 videba-

364 3688 474 3743 tur,
527 3687 673 3750 quod
722 3697 831 3734 ιιιιιι
866 3682 918 3733 iu
968 3698 1216 3750 magnam
1263 3682 1496 3749 aliquam
1556 3681 1927 3738 dillicultatem

364 3751 692 3806 incurreret.
715 3751 852 3823 Nam
866 3750 912 3804 si
934 3750 994 3823 in
1017 3765 1146 3820 agro
1169 3751 1368 3806 Mestia:
1392 3752 1650 3823 subjecto
1667 3752 1927 3823 Cyriacus

362 3829 689 3892 remaneret,
742 3819 967 3892 perjurii
995 3819 1210 3892 culpant
1249 3824 1575 3877 sustinebat.
1620 3821 1679 3876 Si
1712 3819 1931 3878 rediret

361 3889 639 3953 Mindana,
677 3889 805 3961 ager
852 3889 1054 3945 Mestize
1090 3889 1377 3956 Sultjectus
1411 3892 1728 3961 presbytero
1777 3908 1932 3947 care-

363 3961 477 4025 bat,
508 3970 671 4031 atque
712 3962 875 4030 hujus
924 3962 1251 4015 incommodi
1301 3963 1460 4029 culpa
1504 3963 1844 4017 redundabat
1875 3963 1929 4015 in

362 4037 530 4103 caput
560 4032 808 4103 Longini,
840 4031 933 4100 qui
965 4035 1054 4103 _ol_)_
1089 4032 1346 4085 delictum
1401 4033 1683 4101 depositus
1732 4034 1929 4086 fuerat.

364 4099 504 4166 Quid
529 4099 699 4167 igitur
716 4099 1239 4171 BasiliusiUtrique
1263 4099 1507 4157 occurrit
1545 4103 1890 4171 incommodo
1914 4118 1930 4167 ;

363 4172 514 4240 jubet
562 4187 775 4239 agrum,
806 4172 897 4240 qui
951 4169 1164 4226 Mestire
1195 4173 1474 4240 subjectus
1512 4180 1651 4237 erat,
1700 4169 1934 4226 Vasodis

366 4239 586 4307 subjici,
619 4242 672 4297 id
719 4239 997 4306 est’loco,
1033 4242 1123 4296 cui
1164 4239 1412 4309 subjecta
1456 4252 1611 4296 erant
1656 4241 1930 4295 Mindana.

366 4310 481 4363 lloc
510 4326 573 4381 ex
605 4311 845 4364 remedio
877 4312 985 4364 duo
1028 4313 1483 4381 consumebatur,
1508 4311 1762 4373 Basilius,
1798 4322 1857 4365 ut
1880 4319 1935 4365 et

366 4394 494 4450 ager
518 4380 607 4433 ille
636 4385 949 4453 presbytero
980 4396 1087 4435 non
1117 4391 1350 4445 careret,
1376 4390 1429 4437 et
1456 4380 1719 4451 Cyriacus
1744 4383 1816 4436 ibi
1845 4398 1933 4436 re~

2024 3198 2266 3267 Apostol.
2307 3197 2474 3266 ἀργία
2500 3203 2583 3250 est
2612 3197 2969 3265 depositionis
3002 3213 3180 3267 poena.
3207 3197 3406 3253 Eodem
3438 3217 3604 3255 sensu

2028 3267 2168 3340 apud
2190 3266 2572 3340 Epiphaniam,
2590 3268 2782 3321 haeres.
2816 3267 2902 3340 75,
2929 3266 3050 3335 cap.
3090 3270 3280 3340 ultimo
3305 3280 3608 3340 usurpatur

2027 3334 2254 3407 verbum
2276 3339 2484 3407 ἀργεῖν.
2513 3334 2642 3407 Erat
2658 3352 2789 3406 ergo
2806 3334 3052 3405 dejectns
3077 3339 3385 3393 sacerdotio
3406 3334 3609 3406 Longi-

2029 3403 2139 3477 ιιιιέ
2155 3408 2224 3459 ob
2248 3403 2466 3476 aliquod
2495 3403 2776 3477 delictum,
2800 3403 2954 3477 quod
2983 3408 3152 3461 multo
3172 3409 3395 3477 gravius
3423 3403 3606 3466 visunt

2029 3476 2245 3549 luisset,
2284 3477 2336 3549 si
2365 3476 2651 3549 recedente
2688 3476 2939 3549 Cyriaco,
2972 3493 3132 3549 nemo
3165 3476 3309 3549 alius
3354 3483 3609 3549 regendas

2026 3545 2286 3599 Ecclesia:
2325 3547 2555 3599 idoneus
2584 3545 2941 3601 occurrisset.
2981 3545 3121 3601 Huic
3162 3545 3515 3613 incommodo
3550 3561 3607 3604 nt

2028 3617 2310 3687 medeatur
2340 3615 2595 3680 Basilius,
2644 3632 2756 3670 rem
2806 3625 3003 3670 tractat
3042 3618 3138 3687 itai
3173 3618 3493 3687 prudenter,
3545 3631 3601 3675 ut

2029 3700 2131 3759 nec
2146 3685 2677 3759 _Cyriac_us_periuri_i
2711 3700 2837 3759 reus
2865 3688 2956 3759 sit,
2990 3702 3091 3740 nec
3120 3685 3353 3759 Longini
3379 3703 3606 3758 peccato

2031 3755 2250 3826 quidam
2282 3756 2448 3826 veluti
2478 3757 2732 3810 cumulus
2760 3756 2834 3813 ob
2870 3755 3141 3812 desertam
3174 3767 3231 3812 et
3245 3755 3483 3814 'vidu'ant
3514 3778 3605 3817 ec-

2031 3824 2253 3880 clesiam
2285 3824 2534 3878 addatur.

2104 3895 2216 3965 (Ἳῖ)
2265 3893 2606 3960 Μινδανοῖς.
2661 3893 2832 3949 Erant
2880 3910 3014 3965 ergo
3068 3893 3325 3951 Mindana
3368 3896 3610 3956 Vasodis

2034 3965 2315 4035 subjecta,
2341 3965 2392 4018 id
2424 3973 2509 4019 est
2533 3965 2928 4035 ehorepiscopo
2957 3965 3189 4022 Vasodis
3236 3969 3483 4035 sedenti;
3525 3974 3595 4024 si-

2034 4033 2523 4106 quideijasilius
2571 4033 2760 4104 agrum
2792 4033 2994 4091 Mestite
3030 4037 3336 4106 subjectum
3374 4033 3608 4095 VaSodzs

2036 4105 2231 4178 subjici
2255 4104 2429 4173 jubet,
2459 4112 2518 4156 ut
2543 4106 2803 4178 {Syriacus
2829 4122 2895 4161 ex
2920 4122 3072 4176 agro,
3097 4104 3149 4159 in
3180 4113 3610 4178 quemitransla—

2034 4173 2350 4237 tus’l'uerat,
2398 4189 2506 4227 non
2536 4173 2850 4237 discedens,
2901 4173 3080 4230 redire
3125 4173 3309 4232 tamen
3350 4177 3611 4233 Mindana

2037 4253 2350 4319 censeatur.
2375 4243 2454 4319 Eat
2484 4260 2594 4313 quo
2617 4245 2780 4319 etiam
2807 4246 2985 4319 colligi
3010 4253 3185 4315 potest
3206 4249 3291 4303 vel
3315 4245 3609 4319 Cyriacutn

2037 4330 2149 4370 non
2193 4313 2387 4370 stricte
2433 4312 2653 4383 jurasse
2702 4312 2972 4370 Mindanis
3010 4312 3078 4372 se
3131 4312 3477 4384 mansurum,
3513 4323 3609 4374 sed

2040 4385 2202 4455 paulo
2235 4384 2397 4455 latius
2430 4385 2497 4439 de
2530 4392 2642 4438 tota
2672 4387 2915 4454 regione,
2958 4402 3079 4455 qua:
3115 4388 3219 4441 sub
3257 4389 3449 4443 eodem
3487 4400 3608 4444 erat

366 4463 636 4529 ntanens,_
657 4451 908 4529 Slindana
960 4453 1372 4529 tatnett__redire
1412 4461 1750 4529 censeretur,
1807 4466 1931 4505 cum
1963 4457 2009 4514 D
2038 4451 2371 4529 aeMindana
2400 4451 2819 4529 chorepiscopo,
2842 4451 3230 4529 jusjurandum
3249 4461 3609 4529 concepisse;

362 4521 475 4590 jam
512 4519 598 4574 hic
623 4520 776 4574 locus
814 4523 990 4576 eidem
1023 4537 1088 4576 ac
1124 4521 1382 4575 Mindana
1413 4524 1809 4592 chorepiscOpo
1841 4537 1938 4593 paa

368 4597 534 4644 reret.

439 4659 551 4731 (69)
585 4661 874 4729 Μηστείᾳ.
906 4659 1292 4732 βία-(ιιιιιιᾉιιοι-
1342 4675 1476 4716 mss.
1523 4659 1666 4715 Editi
1706 4660 1933 4732 Μισθίᾳ.

365 4729 541 4785 (ΣοιεΙ.
600 4734 821 4803 primus
860 4729 1103 4803 illaut-iu.
1155 4730 1415 4803 Nonnulli
1467 4747 1601 4785 mss.
1662 4729 1934 4801 Μησθείᾴ.

367 4804 537 4855 i'aulo
554 4810 677 4872 post
698 4800 1160 4872 «unto-taceam,
1183 4802 1428 4872 plerique
1448 4816 1582 4856 mss.
1608 4809 1667 4854 ιιι
1692 4805 1746 4855 in
1766 4800 1933 4857 textu.

438 4869 967 4994 (ῑυ)’Παρορκήσει.
1011 4870 1102 4929 Sic
1149 4869 1280 4926 uiss.
1312 4869 1576 4942 p‘leriuue.
1626 4874 1768 4927 Editi
1797 4887 1939 4943 παρ-

438 4959 469 4994 κ
496 4958 596 4994 σει.

437 4958 596 4995 κισει.

439 5012 550 5081 (71)
576 5012 679 5067 Διὰ
719 5011 830 5081 τῆς
874 5011 1086 5082 ἀργίας
1121 5009 1527 5065 καταδικάσει.
1567 5009 1663 5066 His
1708 5011 1939 5067 vocibus

370 5081 475 5135 rite
499 5084 808 5152 explicatis,
842 5081 990 5137 totus
1018 5082 1321 5152 canon_qui
1350 5085 1507 5135 valde
1528 5085 1799 5137 obscurus
1829 5092 1936 5145 est,

372 5149 747 5208 tllustrabitur.
781 5153 1065 5206 Balsamon
1100 5158 1156 5204 et
1192 5149 1434 5207 zonaras
1484 5154 1738 5206 tenebras
1760 5152 1939 5206 oll'uu-

370 5223 528 5287 dunt,
578 5224 706 5277 dum
745 5224 1044 5293 Longinum
1093 5220 1242 5274 illum
1295 5223 1612 5293 existimant
1664 5224 1937 5277 hominem

371 5302 642 5361 potentem
670 5291 987 5362 fuissefqui
1014 5307 1073 5345 se
1105 5298 1443 5345 vastaturum
1487 5291 1782 5347 bcclesiam
1832 5293 1935 5344 tui-

372 5365 627 5428 ttabatur,
656 5366 761 5420 nisi
792 5367 846 5417 in
889 5378 1019 5429 agro
1048 5377 1155 5433 suo;
1192 5364 1452 5433 retineret
1492 5364 1780 5433 Cyriacutu
1811 5377 1940 5430 pre-

370 5433 672 5501 sbyterum.
707 5435 774 5488 At
798 5434 950 5503 illud,
981 5433 1070 5486 διὰ
1096 5432 1194 5501 τῆς
1224 5432 1443 5502 ἀργίας,
1472 5432 1635 5503 ηεᾲαε
1651 5448 1743 5501 per
1774 5435 1940 5486 otium

372 5505 607 5572 animum
632 5520 784 5558 suam
805 5501 1193 5567 condemnabit,
1216 5501 1524 5571 depositum
1547 5501 1720 5560 fuisse
1746 5504 1940 5572 probat

377 5569 677 5643 Longinum
730 5574 846 5640 agri
895 5573 1098 5628 Mestite
1126 5569 1380 5643 subjecti
1433 5569 1845 5643 presbyterum.
1884 5572 1937 5626 Id

370 5640 518 5716 enini
564 5653 724 5716 sonat
781 5643 946 5716 ἀργία
996 5642 1140 5712 apud
1192 5640 1475 5716 Basiliuiri.
1522 5640 1615 5698 Sic
1664 5659 1787 5697 can.
1822 5642 1937 5698 69:

373 5709 557 5767 [Actor
578 5715 625 5767 εἰ
656 5725 774 5767 cum
797 5709 895 5767 sua
918 5709 1110 5780 sponsa
1134 5722 1253 5766 ante
1272 5714 1664 5768 matrimonium
1694 5730 1943 5767 commer-

365 4958 431 5012 ορ

2035 4526 2120 4598 vel
2151 4524 2429 4598 Basiliurn,
2452 4534 2512 4577 ut
2539 4524 2593 4578 iu
2624 4539 2684 4598 re
2707 4527 2913 4598 tlillicili
2948 4541 3014 4598 ae
3045 4528 3292 4598 molesta,
3318 4524 3609 4598 benignam

2037 4594 2543 4666 interpretationem
2594 4595 2929 4666 adhibuisse.
2983 4595 3089 4651 Sed
3127 4598 3279 4666 prior
3334 4594 3613 4654 sententia

2036 4670 2212 4751 magis
2258 4665 2646 4751 arridetLquia
2674 4675 3035 4751 summa'erat
3075 4665 3261 4751 Basilii
3290 4667 3615 4751 in_jur_isju-

2038 4735 2196 4788 randi
2235 4735 2616 4807 observatione
2648 4736 2858 4804 religio.
2897 4736 3214 4807 Exemplum
3256 4735 3394 4793 satis
3429 4735 3613 4795 sim‘ite

2036 4803 2287 4878 occurrit
2310 4804 2452 4873 apud
2492 4803 2552 4857 S.
2588 4803 2968 4878 Augustinum,
2994 4803 3091 4878 (ιιῂ
3120 4822 3231 4862 rem
3266 4810 3429 4878 paulo
3453 4810 3615 4865 aliter

2038 4890 2102 4948 ac
2130 4874 2363 4929 Basilius
2385 4879 2721 4948 temperavit.
2746 4874 2880 4929 Natu
2907 4874 3029 4931 cum
3050 4874 3366 4933 Timotheus
3388 4883 3613 4948 quidam

2041 4945 2242 4998 Severo
2268 4948 2524 5014 episcOpo
2566 4946 2810 5014 jurasset
2849 4962 3123 5015 nunquam
3153 4964 3212 5002 se
3233 4949 3302 5002 ab
3334 4945 3612 5005 eoreces-

2040 5030 2251 5077 surum,
2287 5017 2440 5084 isque
2475 5024 2660 5083 postea
2691 5016 2979 5071 ordinatus
3022 5016 3471 5083 alihi'diaconus,
3508 5037 3611 5075 nec

2041 5085 2219 5160 redire
2265 5100 2428 5160 posse
2470 5086 2753 5160 videretur
2779 5087 3141 5160 ad_Severum
3183 5089 3253 5141 ob
3292 5099 3609 5160 susceptam

2040 5155 2462 5216 ordinationem,
2516 5171 2619 5210 nec
2652 5156 2743 5210 ubi
2778 5158 3064 5211 ordinatus
3103 5159 3282 5213 fuerat
3325 5155 3613 5214 remanete

2039 5226 2110 5279 ob
2134 5227 2443 5293 religionem
2467 5225 2865 5297 jurisjurandi;
2897 5231 3110 5283 censuit
3139 5230 3478 5297 Augustinus
3503 5247 3609 5285 una

2040 5311 2163 5368 eum
2196 5296 2385 5366 Alypio
2408 5305 2462 5349 et
2487 5296 2773 5368 Samsucio
2801 5312 2908 5368 non
2936 5298 3178 5352 futurum
3201 5296 3428 5368 perjurii
3457 5316 3610 5355 reum

2042 5364 2409 5428 Timotheum,
2464 5367 2511 5421 si
2538 5380 2649 5420 non
2680 5382 2777 5437 per
2820 5367 3021 5437 ipsum,
3054 5368 3147 5423 sed
3200 5364 3310 5436 perv
3347 5368 3608 5426 Severum

2043 5437 2217 5507 ﬁeret,
2254 5446 2314 5488 ut
2346 5437 2416 5489 ab
2443 5452 2509 5490 eo
2554 5437 2898 5504 discederet;
2928 5438 3366 5507 quandoquidem
3408 5443 3477 5496 de
3511 5455 3612 5496 sna

2040 5503 2382 5578 Timotheus,
2430 5520 2540 5560 non
2558 5508 2634 5561 'de
2657 5508 2844 5561 Severi
2874 5503 3153 5564 voluntate
3168 5503 3483 5578 ijuraverat,
3511 5526 3612 5566 nec

2042 5577 2285 5649 vicissim
2339 5574 2574 5649 Severus
2625 5592 2751 5649 sese
2801 5574 3609 5649 jurejurando'obstrinxerat.

2041 5647 2207 5718 Aug.,
2241 5648 2402 5717 epist.
2433 5647 2505 5701 62
2531 5653 2587 5702 et
2612 5646 2704 5704 65.
