3948 6214
254 263 268 279 .
318 316 417 371 681

1148 310 1630 370 EPISTOLMIUM
1663 310 1944 368 CLASSIS
1979 312 2041 367 II.
2087 310 2300 369 EPIST.
2337 308 2708 368 CLXXXVIII.

3453 311 3558 368 683

318 429 484 501 νομία
503 430 580 493 είς
605 428 885 502 ἐπιορκίαν
911 427 1057 500 αύτῷ
1182 427 1581 500 λογισθήσεται,
1614 427 1700 481 διὰ
1728 427 1789 480 τὸ
1820 426 1895 497 μὴ

2001 426 2391 497 dispensationi
2430 427 2476 479 si
2512 426 2768 489 cesserit,
2824 422 2878 478 id
2907 424 2956 479 ci
3004 421 3230 495 perjuril
3283 422 3404 481 loco
3447 441 3558 481 non

318 521 676 594 προσκεῖσθαι
711 521 789 591 τῷ
823 523 998 592 ὅρκῳ,
1044 519 1177 589 μηδὲ
1220 519 1357 591 πρὸς
1397 518 1566 591 βραχὺ
1608 518 1887 589 ἀναχωρή-

320 633 434 670 σειν
468 616 578 687 (73)
610 614 922 677 Μινδάνων,
953 612 1086 666 ἀλλὰ
1118 613 1452 684 παραμενεῖν
1480 612 1556 675 εἰς
1583 609 1641 664 τὸ
1670 608 1886 680 ἐφεξῆς.

317 708 546 780 Σευήρῳ
576 706 654 769 δὲ,
683 704 1135 777 προφασιζομένῳ
1153 703 1250 775 τὴν
1268 701 1458 774 λήθην,
1498 703 1656 772 ἡμεῖς
1682 717 1891 770 συγχω-

319 800 583 870 ρήσομεν,
620 799 881 860 εἰπόντες,
904 796 984 850 ὅτι
1010 795 1117 849 τῶν
1144 794 1397 868 κρυπτῶν
1422 794 1667 864 γνὼστης
1695 792 1757 846 οὐ
1795 808 1893 844 πε-

321 890 567 960 ριόψεται
603 889 701 958 τὴν
732 884 925 940 ἑαυτοῦ
954 885 1274 954 Ἐκκλησίαν
1308 883 1413 938 ὑπὸ
1436 883 1683 962 τοιούτου⁹
1704 882 1893 951 λυμαι-

319 984 579 1054 νομένην·
627 978 906 1042 ποιοῦντος
954 979 1050 1049 μὲν
1092 976 1453 1038 ἀκανονίστως
1494 975 1554 1028 τὸ
1585 974 1645 1038 ἐξ
1679 972 1889 1044 ἀρχῆς,

313 1074 468 1146 ὅρκῳ
491 1073 546 1126 δὲ
574 1069 1039 1142 καταδεσμοῠντος
1072 1068 1221 1141 παρὰ
1245 1067 1312 1122 τὰ
1332 1066 1656 1137 Εὐαγγέλια·
1683 1080 1891 1136 παρορ-

318 1171 437 1224 κεῖν
469 1168 525 1220 δὲ
559 1167 900 1228 διδάσκοντος
936 1163 1002 1217 δι’
1034 1155 1108 1216 ὧν
1148 1161 1442 1233 μετετέθη,
1478 1158 1807 1231 ψευδομένου
1835 1157 1892 1210 δὲ

316 1258 417 1311 νῦν
436 1257 503 1312 δι’
538 1249 612 1310 ὧν
646 1256 760 1328 (74)
799 1254 897 1326 τὴν
931 1252 1102 1325 λήθην
1140 1249 1552 1324 σχηματίζεται.
1582 1246 1803 1318 Ἐπειδὴ
1834 1243 1893 1298 δὲ

316 1350 423 1402 οὐκ
457 1347 623 1419 ἐσμὲν
648 1344 884 1417 καρδιῶν
906 1342 1113 1416 κριταὶ,
1143 1341 1258 1396 ἀλλ’
1295 1340 1354 1408 ἐξ
1382 1334 1456 1394 ὧν
1478 1338 1745 1409 ἀκούομεν
1775 1336 1896 1409 κρί-

318 1456 517 1512 νομεψ
562 1437 743 1510 δῶμεν
787 1434 865 1509 τῷ
911 1434 1103 1506 Κυρίῳ
1139 1432 1239 1507 τὴν
1285 1431 1590 1503 ἐκδίκησιν,
1645 1427 1798 1483 αὐτοὶ
1836 1426 1894 1480 δὲ

318 1532 648 1604 ἀδιακρίτως
671 1528 835 1581 αύτδν
862 1525 1172 1597 δεξώμεθα,
1208 1521 1536 1593 συγγνώμην
1565 1519 1749 1583 δόντες
1799 1516 1894 1570 άν-

316 1622 579 1696 θρωπίνῳ
613 1620 800 1685 πάθει,
830 1621 895 1690 τῇ
920 1617 1081 1689 λήθῃ.

1993 518 2368 587 imputabitur.
2402 518 2599 588 quippe
2621 518 2749 587 quia
2769 515 3120 586 jurijurando
3146 515 3424 586 adjectum
3447 532 3559 572 non

1989 617 2075 662 est
2106 623 2177 661 ne
2201 607 2481 677 paululum
2512 608 2733 678 quidem
2758 605 3032 663 Mindanis
3059 622 3429 672 recessurum,
3462 608 3561 663 sed

1991 697 2251 768 deinceps
2274 713 2718 769 permansurum.
2749 697 2861 753 Nos
2886 706 3069 755 autem
3093 699 3299 755 Severo
3327 698 3560 754 oblivio-

1992 805 2117 845 nem
2146 790 2396 844 causanti
2435 789 2517 846 sic
2552 790 2918 862 ignoscemus,
2951 799 3009 845 ut
3041 806 3167 846 eum
3209 805 3556 855 moneamus,

1992 880 2334 935 occultorum
2357 880 2693 952 cognitorem
2723 895 2879 935 suam
2906 880 3081 949 ipsius
3113 879 3414 935 Ecclesiam
3447 894 3561 936 non

1991 985 2285 1041 passurum
2337 970 2406 1025 ab
2458 968 2727 1039 ejusmodi
2781 968 3004 1024 homine
3052 968 3424 1024 labefactari:
3463 970 3560 1039 qui

1990 1069 2188 1130 praeter
2210 1074 2452 1116 canones
2485 1059 2555 1114 ab
2577 1059 2736 1114 initio
2765 1058 2917 1122 fecit.
2950 1072 3016 1115 ac
3045 1059 3406 1129 jurejurando
3429 1073 3561 1114 con-

1992 1161 2079 1206 tra
2136 1151 2430 1223 Evangelia
2486 1153 2781 1222 astringit,
2841 1159 2900 1207 et
2951 1152 3250 1222 perjurium
3321 1150 3561 1208 transfe—

1991 1245 2165 1300 rendo
2190 1243 2402 1307 edocet,
2435 1258 2500 1299 ac
2529 1251 2829 1315 postremo,
2859 1242 2989 1299 dum
3023 1244 3351 1300 oblivionem
3382 1245 3561 1301 simu-

1991 1337 2089 1395 lat.
2122 1337 2406 1390 mentitur.
2452 1334 2560 1390 Sed
2607 1336 2869 1406 quoniam
2915 1335 3164 1391 cordium
3192 1336 3407 1406 judices
3450 1352 3564 1392 non

1993 1440 2206 1490 sumus,
2245 1424 2341 1481 sed
2378 1441 2445 1480 ex
2500 1425 2568 1479 iis
2613 1434 2737 1493 qua:
2789 1424 3064 1492 audimus,
3091 1425 3430 1495 judicamus,
3466 1426 3566 1482 de-

1992 1533 2119 1573 mus
2144 1516 2379 1572 Domino
2418 1517 2738 1582 vindictam,
2772 1532 3009 1587 eumque
3039 1517 3177 1573 citra
3204 1533 3435 1576 examen
3469 1536 3564 1576 su-

1994 1610 2318 1680 spiciamus,
2352 1608 2594 1664 humano
2624 1609 2781 1675 vitio,
2827 1609 3089 1666 oblivioni
3135 1611 3370 1677 scilicet,
3407 1612 3566 1684 igno-

1994 1707 2233 1756 scentes.

391 1801 496 1854 IA'.
533 1798 594 1853 '0
626 1797 681 1851 δὲ
712 1796 803 1850 τὸν
832 1793 1082 1850 ἀκούσιον
1122 1791 1351 1863 ποιήσας
1393 1786 1551 1858 φόνον
1579 1788 1891 1857 ἀρκούντως

2062 1788 2152 1845 XI.
2177 1788 2281 1856 Qui
2307 1799 2486 1845 autem
2510 1790 2929 1847 involuntariam
2966 1789 3170 1848 caedem
3206 1790 3357 1852 fecit.
3394 1794 3569 1850 unde-

318 1888 668 1959 ἐξεπλήρωσε
699 1887 798 1959 τὴν
845 1884 1001 1955 δίκην
1032 1885 1089 1937 ὲν
1121 1884 1235 1945 τοῖς
1276 1878 1471 1932 ἕνδεκα
1520 1875 1686 1929 ἔτεσι.
1725 1874 1893 1945 Δῆλον

318 1980 453 2052 γὰρ,
496 1979 578 2032 δτι
607 1977 698 2031 ἐπὶ
733 1974 842 2029 τῶν
875 1974 1193 2047 πληγέντων
1237 1971 1306 2025 τά
1330 1968 1609 2032 Μωῦσέως
1645 1983 1895 2039 παρατη-

321 2073 594 2143 ρήσομενο
626 2068 723 2123 καὶ
756 2068 845 2123 τὸν
894 2066 1290 2122 κατακλιθέντα
1326 2062 1426 2134 μὲν
1474 2062 1567 2115 ἐπὶ
1606 2061 1717 2115 τῶν
1757 2060 1896 2131 πλη-

317 2164 436 2232 γῶν
471 2163 538 2227 ἃς
569 2161 749 2224 ἔλαϐε,
800 2159 1091 2231 βαδίσαντα
1132 2156 1190 2210 δὲ
1246 2155 1407 2209 πάλιν
1453 2155 1548 2207 ἐπὶ
1599 2156 1665 2225 τῇ
1714 2152 1895 2224 ῥάϐδῳ

320 2256 511 2318 αὐτοῦ,
545 2256 604 2308 ού
655 2251 980 2323 λογισόμεθα
1024 2248 1411 2320 πεφονεῦσθαι.
1456 2246 1519 2300 Ei
1566 2245 1623 2299 δὲ
1668 2246 1762 2300 καὶ
1794 2247 1894 2298 ούκ

320 2347 581 2418 ἐξανέστη
622 2345 759 2417 μετὰ
804 2344 903 2408 τὰς
933 2341 1168 2415 πληγὰς,
1204 2340 1318 2395 ἀλλ’
1359 2335 1450 2393 οὖν
1512 2338 1588 2410 τῷ
1631 2339 1707 2410 μὴ
1755 2355 1892 2410 προ-

317 2438 538 2493 ελέσθαι
573 2437 731 2490 αὐτὸν
770 2435 976 2490 ἀνελεῖν
1000 2436 1028 2489 ὁ
1054 2433 1336 2503 τυπτήσας
1358 2431 1617 2501 φονευτὴς
1636 2431 1755 2501 μὲν,
1781 2429 1893 2483 ἀλλ’

318 2529 580 2593 ἀκούσιος
603 2527 690 2581 διὰ
712 2528 810 2598 τὴν
838 2527 1116 2599 πρόθεσιν.

393 2639 494 2692 IB'.
541 2638 679 2702 Τοὺς
727 2636 990 2709 διγάμους
1032 2634 1308 2702 παντελῶς
1344 2637 1372 2688 ὁ
1413 2636 1600 2689 κανὼν
1638 2635 1742 2705 τῆς
1794 2635 1896 2688 ύπ-

320 2730 551 2803 ηρεσίας
589 2729 903 2784 ἀπέκλεισε.

396 2843 494 2896 II".
524 2843 665 2905 Τοὺς
686 2844 746 2895 ὲν
777 2840 1034 2911 πολέμοις
1067 2841 1258 2909 φόνους
1293 2841 1341 2893 οἱ
1370 2838 1606 2911 πατέρες
1637 2838 1794 2911 ἡμῶν
1839 2839 1897 2892 ὲν

320 2938 438 2999 τοῖς
466 2936 646 3004 φόνοις
664 2934 766 2987 οὐκ
793 2932 1133 3002 ὲλογίσαντο·
1166 2931 1290 3002 ἐμοὶ
1329 2932 1526 2995 δοκεῖν,
1568 2929 1898 3000 συγγνώμην

316 3027 504 3090 δόντες
526 3029 638 3089 τοῖς
678 3025 817 3098 ὑπὲρ
856 3022 1211 3094 σωφροσύνης
1249 3024 1345 3076 καὶ
1374 3021 1653 3086 εὐσεϐείας
1691 3022 1887 3093 ἀμυνο-

1994 1880 2099 1934 cim
2130 1894 2397 1934 annorum
2426 1880 2603 1950 spatio
2629 1881 2845 1937 abunde
2871 1881 3080 1951 judicio
3106 1881 3394 1941 satisfecit.
3426 1883 3565 1939 Nam

1994 1971 2162 2026 dubio
2201 1971 2414 2040 procul,
2456 1986 2585 2043 erga
2630 1988 2726 2029 eos
2755 1973 2849 2044 qui
2882 1974 3129 2045 percussi
3164 1981 3332 2039 sunt,
3364 1974 3567 2047 Moysis

1995 2064 2315 2135 praescripta
2338 2064 2769 2130 observabimus,
2796 2080 2861 2121 ac
2884 2081 3010 2122 eum
3038 2067 3133 2138 qui
3163 2068 3425 2123 decubuit
3445 2072 3569 2140 qui-

1996 2155 2118 2211 dem
2154 2164 2276 2227 post
2306 2165 2564 2227 acceptas
2608 2158 2831 2229 plagas,
2867 2158 2961 2214 sed
2991 2159 3189 2215 iterum
3225 2160 3420 2216 baculo
3464 2152 3566 2217 suo

1996 2248 2218 2303 innixus
2240 2249 2557 2314 ambulavit,
2585 2265 2695 2304 non
2724 2251 3072 2307 censebimus
3097 2253 3342 2308 occisum
3374 2252 3565 2311 fuisse.

1999 2337 2092 2392 Sin
2119 2346 2298 2394 autem
2320 2355 2428 2395 non
2454 2342 2694 2397 surrexit
2721 2350 2843 2412 post
2867 2343 3075 2415 plagas,
3099 2346 3225 2415 quia
3252 2353 3435 2401 tamen
3457 2363 3565 2402 non

1995 2428 2169 2483 voluit
2198 2429 2454 2486 occidere
2484 2430 2532 2487 is
2573 2432 2668 2502 qui
2712 2434 2985 2503 perculit,
3021 2435 3294 2491 homicida
3341 2438 3564 2509 quidem

1995 2528 2103 2584 est,
2135 2520 2230 2576 sed
2263 2520 2668 2580 involuntarius
2702 2534 2926 2596 prepter
2959 2529 3321 2597 propositum.

2066 2628 2179 2684 XII.
2214 2630 2402 2687 Canon
2431 2634 2656 2689 omnino
2682 2634 2932 2708 digamos
2968 2652 2999 2691 a
3038 2638 3342 2696 ministerio
3378 2644 3569 2699 exclu-

1998 2720 2089 2775 sit.

2069 2834 2206 2890 XIII.
2239 2836 2428 2894 Caedes
2456 2840 2509 2895 in
2535 2840 2692 2896 bellis
2720 2840 2893 2898 factas
2920 2852 3104 2913 patres
3129 2844 3305 2899 nostri
3337 2860 3436 2916 pro
3462 2861 3569 2901 cae-

1997 2925 2161 2981 dibus
2201 2944 2311 2982 non
2345 2928 2620 2999 habuere;
2657 2931 2725 2989 iis
2747 2972 2763 3000 ,
2800 2941 2862 2987 ut
2893 2933 3026 2987 mihi
3073 2936 3307 3002 videtur,
3340 2938 3434 3007 qui
3466 2953 3569 3009 pro

1999 3019 2263 3090 pudicitia
2295 3033 2358 3075 ac
2382 3021 2583 3091 pietate
2620 3031 2886 3094 pugnant,
2914 3025 3279 3095 ignoscentes.
3313 3026 3571 3085 Fortasse

325 3118 529 3190 μένοις.
556 3117 714 3188 Τάχα
752 3115 810 3170 δὲ
860 3115 1038 3179 καλῶς
1084 3114 1197 3187 ἔχει
1247 3112 1655 3186 συμϐουλεύειν,
1687 3112 1763 3177 ὼς
1799 3111 1899 3176 τὰς

2001 3119 2183 3167 tamen
2222 3121 2371 3168 recte
2412 3114 2762 3182 suadebitur,
2801 3125 2862 3170 ut
2897 3116 3041 3187 ipsi,
3072 3134 3199 3174 cum
3245 3137 3442 3179 manus
3471 3137 3568 3178 eo-

322 3211 513 3282 χεῖρας
551 3208 626 3279 μὴ
655 3206 946 3279 καθαροὺς,
972 3205 1138 3278 τριῶν
1169 3204 1306 3260 ἐτῶν
1339 3204 1456 3277 (75)
1487 3204 1586 3276 τῆς
1611 3204 1895 3268 κοινωνίας

324 3302 497 3372 μόνης
526 3298 845 3371 ἀπέχεσθαι.

398 3415 500 3467 IA'.
544 3412 603 3465 Ὀ
632 3410 825 3475 τόκους
851 3410 1143 3482 λαμϐάνων
1168 3409 1303 3482 (76),
1329 3409 1425 3465 ἐὰν
1456 3382 1815 3480 καταδέξηται
1835 3408 1897 3462 τὸ

320 3504 509 3561 ἄδικον
536 3503 727 3575 κέρδος
754 3504 835 3568 εἰς
859 3503 1108 3575 πτωχοὺς
1137 3503 1434 3569 ἀναλῶσαι,
1469 3504 1563 3558 καὶ
1591 3502 1686 3557 τοῦ
1708 3501 1895 3557 λοιποῦ

318 3595 422 3652 τοῦ
476 3598 783 3667 νοσήματος
827 3595 928 3667 τῆς
988 3595 1426 3668 φιλοχρηματίας
1475 3594 1894 3666 ἀπαλλαγῆναι,

321 3687 512 3754 δεκτός
535 3688 681 3741 ἐστιν
706 3689 786 3752 είς
822 3687 1143 3759 ἱερωσύνην.

393 3800 497 3855 IE'.
527 3798 802 3871 Θαυμάζω
825 3801 880 3854 δέ
909 3817 1025 3865 σου,
1058 3802 1158 3873 τὴν
1185 3801 1575 3875 γραμματικὴν
1611 3802 1898 3873 ἀκρίϐειαν

323 3893 418 3947 ἐπὶ
445 3893 546 3964 τῆς
574 3891 798 3965 Γραφῆς
835 3893 1213 3961 ἀπαιτοῦντος,
1268 3897 1362 3951 καὶ
1399 3896 1771 3969 λογιζομένου,
1814 3897 1897 3952 ὅτι

318 3986 713 4057 ἠναγκασμένη
750 3986 899 4041 ἐστὶν
927 3989 960 4057 ἡ
987 3985 1132 4052 λέξις
1164 3987 1263 4060 τῆς
1304 3989 1601 4063 ἑρμηνείας
1631 3990 1694 4043 τὸ
1729 3990 1898 4061 αὐτῆς

324 4077 564 4150 εὔσημον
605 4078 938 4149 ἐκδιδούσης,
972 4079 1033 4133 ού
1073 4080 1134 4134 τδ
1164 4081 1366 4155 κυρίως
1397 4082 1502 4137 ὑπὸ
1543 4083 1640 4154 τῆς
1685 4081 1901 4154 Ἐϐραϊ-

325 4168 429 4240 κῆς
458 4168 641 4239 φωνῆς
679 4168 1075 4239 σημαινόμενον
1111 4169 1509 4241 μετατιθείσης.
1566 4170 1716 4225 Ἐπεὶ
1738 4169 1796 4223 δὲ
1819 4170 1902 4225 δεῖ

330 4259 407 4333 μὴ
428 4260 615 4332 ἀργῶς
652 4260 939 4332 παρελθεῖν
963 4263 1025 4317 τὸ
1053 4263 1146 4316 ὑπ’
1181 4262 1372 4333 ἀνδρὸς
1401 4260 1695 4333 ζητητικοῦ
1743 4280 1889 4331 κινη·

326 4352 419 4406 θὲν
450 4352 760 4425 πρόϐλημα,
780 4354 849 4408 τὰ
880 4355 1100 4435 πεφεινὰ
1120 4354 1214 4409 τοῦ
1246 4353 1476 4427 ούρανοῦ
1516 4354 1612 4410 καὶ
1641 4358 1689 4408 οἱ
1722 4354 1900 4425 ἰχθύες

398 4530 512 4614 (7})
556 4533 1018 4604 Ἀναχωρησειν.
1040 4532 1132 4590 Sic
1160 4535 1405 4607 plerique
1435 4549 1569 4591 mss.
1596 4531 1741 4587 Editi
1767 4530 1898 4587 ἀνα-

328 4620 595 4674 χωρησαι.

423 4666 515 4744 74)
546 4672 676 4727 Νῦν
704 4673 780 4727 δι’
808 4666 910 4728 ὧν.
954 4673 1193 4729 Primam
1239 4674 1519 4744 voculam.
1550 4687 1670 4744 quae
1710 4672 1899 4730 deerat

330 4758 388 4797 tn
415 4742 602 4814 editis,
633 4752 935 4814 agnoscunt
964 4743 1209 4814 plerique
1240 4759 1373 4800 mss.
1400 4742 1644 4814 codices.

404 4810 516 4884 (75)
549 4811 729 4881 Τριῶν
752 4811 920 4867 ἐτῶν.
967 4810 1140 4869 Multa
1175 4814 1469 4884 observant
1513 4813 1591 4884 ing
1611 4813 1717 4868 hoc
1773 4813 1897 4869 Ioco

332 4881 516 4954 BaSilii
550 4897 820 4954 canonum
856 4883 1525 4954 interpretesBalsamon,
1557 4881 1811 4954 Zonaras;
1842 4891 1899 4938 et

334 4951 1322 5011 AlexiusAristenus:1"Consilium
1360 4955 1479 5007 dari
1507 4967 1537 5006 a
1570 4965 1763 5009 sancto
1798 4952 1900 5007 Pa-

334 5038 437 5093 .re,
461 5023 791 5093 nondegem
819 5022 1046 5093 imponi.
1080 5038 1181 5079 nec
1233 5023 1464 5078 militum
1506 5022 1893 5079 conscientiam

336 5090 380 5148 ei
414 5090 687 5163 pollutam
708 5090 912 5156 videri;
932 5095 1026 5149 sed
1059 5108 1254 5148 manus
1304 5109 1413 5147 non
1449 5108 1643 5161 puras;
1667 5093 1725 5148 Ξ*
1746 5093 1898 5163 obje-

333 5161 477 5217 cisSe
508 5161 653 5216 hunc
689 5178 960 5234 pauonem
1002 5163 1288 5234 episcopos
1321 5163 1637 5234 imperatori
1678 5161 1892 5226 Phoca,

334 5247 460 5304 cum
483 5244 582 5304 eos
593 5231 700 5304 Δ(ιυί
722 5233 779 5304 in
817 5232 959 5304 bello
991 5231 1303 5289 ceciderant
1333 5231 1478 5304 inter
1496 5240 1769 5304 martyres
1808 5248 1897 5288 re-

332 5300 460 5356 ierri
501 5300 684 5366 vellet;
719 5301 778 5357 5°
818 5301 962 5358 hunc
991 5318 1257 5358 canonem
1288 5319 1398 5359 non
1432 5301 1604 5359 fuisse
1634 5300 1898 5359 observa-

334 5384 470 5455 .uin,
497 5377 687 5455 utpote
714 5372 902 5455 minus
927 5372 1240 5455 appositum
1280 5375 1359 5455 ad
1376 5374 1648 5455 publicam
1670 5374 1898 5455 Autilita:

333 5452 459 5503 .em,
489 5453 565 5509 ac,
597 5448 858 5509 praeterea
905 5443 1092 5499 minus
1136 5452 1562 5500 consentaneum
1615 5443 1901 5499 Athanasii

262 5522 267 5527 ·
332 5508 639 5579 sententiae,
666 5511 760 5579 qui
798 5510 854 5564 in
882 5511 1110 5579 epistola
1136 5513 1204 5568 ad
1230 5511 1449 5577 Arnum,
1488 5512 1817 5568 adversarios
1843 5513 1901 5566 in

333 5576 465 5633 bello
496 5576 751 5660 occidere,
771 5586 833 5660 et
867 5576 1065 5652 legibus
1082 5583 1394 5637 aermissum
1416 5576 1466 5638 et
1498 5583 1653 5640 laude
1681 5583 1900 5654 dignatus

334 5664 442 5703 εσσε
470 5656 810 5706 pronuntiat.

393 5716 511 5787 (76)
549 5718 770 5784 Τόκους
813 5720 1152 5790 λαμϐάνων.
1189 5719 1265 5776 Ex
1314 5722 1401 5779 his
1444 5732 1590 5795 patet
1631 5722 1898 5796 ejusmodi

646 5813 915 5876 Ρηιιοι..
974 5815 1094 5878 Gn.
1147 5814 1415 5878 XXXII.

1994 3218 2116 3257 rum
2146 3219 2298 3274 purae
2324 3220 2434 3259 non
2463 3206 2596 3274 sint,
2633 3221 2732 3279 per
2754 3215 2870 3264 tres
2902 3225 3077 3266 annos
3103 3227 3134 3265 a
3169 3212 3286 3268 sola
3318 3228 3569 3269 commu-

1993 3295 2156 3351 nione
2178 3296 2510 3354 abstineant.

2068 3407 2207 3465 XIV.
2246 3410 2350 3478 Qui
2400 3427 2599 3470 usuras
2648 3415 2885 3487 accipit,
2928 3419 2975 3473 si
3021 3418 3257 3476 voluerit
3302 3422 3569 3493 injustum

1998 3502 2209 3558 lucrum
2233 3504 2288 3558 in
2306 3519 2574 3576 pauperes
2601 3506 2901 3574 insumere,
2927 3518 2984 3565 et
3013 3510 3270 3583 deinceps
3298 3515 3368 3569 ab
3389 3515 3568 3571 avari-

1996 3594 2089 3650 tiae
2118 3596 2309 3651 morbo
2339 3596 2585 3663 liberari,
2621 3597 2690 3653 ad
2720 3600 3087 3658 sacerdotium
3118 3605 3331 3659 admitti
3365 3613 3565 3677 potest.

2067 3793 2184 3851 XV.
2223 3794 2389 3852 Miror
2419 3813 2553 3854 sane
2576 3798 2722 3869 quod
2751 3803 3162 3872 grammaticam
3200 3820 3256 3858 in
3284 3813 3569 3875 Scriptura

2000 3884 2334 3958 diligentiam
2383 3890 2660 3960 requiras,
2706 3905 2771 3947 ae
2819 3892 3112 3949 dictionem
3145 3905 3389 3950 coactam
3444 3912 3570 3952 esse

1999 3988 2159 4050 putes
2194 3980 2340 4036 illius
2373 3980 2873 4053 interpretationis,
2906 4000 3029 4055 quae
3070 4001 3232 4041 suum
3266 3986 3440 4057 ipsius
3486 3989 3569 4044 si-

1998 4073 2316 4146 gnificatum
2347 4073 2639 4133 commode
2661 4076 2943 4147 exprimit,
2975 4092 3155 4149 neque
3188 4064 3256 4134 id
3279 4080 3567 4145 transfert,

1998 4166 2146 4238 quod
2174 4167 2394 4238 proprie
2429 4166 2695 4224 Ilebraica
2729 4182 2862 4225 voce
2900 4170 3264 4240 signiﬁcatur.
3299 4169 3403 4229 Sed
3442 4175 3571 4244 quia

1999 4260 2238 4331 segniter
2267 4274 2376 4313 non
2407 4260 2785 4330 praztereunda
2809 4261 3060 4331 quaestio.
3085 4278 3206 4333 quae
3231 4277 3260 4317 a
3285 4265 3403 4320 viro
3424 4281 3572 4335 quae-

2001 4352 2156 4405 rendi
2186 4351 2434 4406 studioso
2468 4351 2747 4422 proposita
2787 4360 2911 4409 est:
2949 4368 3078 4408 aves
3115 4355 3272 4420 cmli,
3304 4363 3356 4410 et
3391 4356 3571 4427 pisces

2003 4537 2287 4603 peccatum
2328 4527 2530 4603 non_in
2563 4528 2871 4601 insignibus
2919 4533 3250 4602 paenitentiae
3288 4534 3568 4603 gradibus,

1926 4578 1972 4634 D
2111 4578 2286 4674 iiiis?
2307 4578 3549 4674 c—onsistentesuexpiatu'in'

1999 4670 2134 4743 itum
2162 4668 2614 4743 insacerdotium
2644 4684 2755 4743 non
2778 4668 3094 4743 reliquisset
3120 4668 3574 4743 Basiliusztque

1998 4756 2068 4812 ex
2098 4740 2205 4812 liae
2230 4738 2453 4794 lenitate
2483 4738 2616 4812 illud
2651 4742 2817 4795 etiam
2854 4738 3037 4812 colligi
3069 4744 3264 4811 possit.
3299 4738 3564 4798 canonem

2000 4809 2074 4883 η
2098 4808 2397 4883 Νἰοωηυω,
2434 4809 2528 4883 qui
2562 4810 2792 4883 clericos
2815 4808 3040 4866 usuram
3064 4808 3342 4883 exigentes
3370 4812 3571 4883 deponi

1995 4878 2172 4952 jubet,
2203 4892 2312 4932 non
2346 4878 2467 4934 sine
2492 4878 3196 4952 bepignajnterpretatione
3208 4882 3272 4952 _in
3289 4878 3577 4952 Cappado-

2001 4949 2087 5003 cia
2113 4948 2458 5002 observatum
2499 4948 2686 5004 fuisse.
2728 4948 2992 5005 Videntur
3020 4951 3164 5004 enim
3197 4948 3560 5007 Grieci'cano-

2001 5032 2126 5072 nem
2164 5017 2244 5090 44
2273 5019 2645 5090 apostolorum
2681 5018 2861 5090 sequi,
2894 5020 3153 5090 maluisse
3186 5036 3348 5090 quam
3395 5019 3572 5077 Nicae-

2002 5103 2175 5153 num;
2201 5088 2471 5156 siquidem
2509 5088 2565 5142 in
2597 5103 2805 5143 canone
2831 5089 3044 5145 decimo
3077 5088 3357 5156 Trullano,
3382 5091 3571 5147 itidem

2002 5165 2066 5213 ut
2125 5158 2182 5212 in
2226 5172 2438 5231 canone
2482 5158 3016 5231 pseudoapostolico,
3051 5161 3329 5231 sanciunt,
3374 5170 3433 5215 ut
3464 5163 3574 5231 epi-

2002 5244 2210 5296 scopus,
2237 5227 2525 5300 presbyter,
2556 5227 2636 5283 vel
2667 5227 2943 5300 diaconus,
2983 5229 3073 5298 qui
3119 5246 3310 5285 usuras
3344 5231 3422 5285 vel
3459 5227 3576 5300 qua:

2002 5299 2252 5369 dicuntur
2275 5298 2822 5369 centesimas_aceipit,
2853 5298 2929 5369 vel
2959 5308 3121 5369 cesset
3150 5300 3228 5355 vel
3255 5298 3571 5369 deponatur.

2004 5367 2214 5441 Conjici
2236 5368 2562 5441 ergo‘possit
2586 5367 2846 5441 Basilium
2864 5368 3132 5441 ejusmodi
3152 5367 3400 5440 peccato,
3428 5373 3572 5441 quod

2006 5437 2064 5510 in
2095 5437 2251 5510 laicis
2279 5437 2474 5510 leniter
2502 5438 2678 5506 punit,
2711 5437 3233 5510 non_gravissimam
3267 5437 3484 5510 pmnafn
3519 5442 3570 5493 in

2006 5507 2224 5563 clericis
2244 5505 2428 5561 statim
2448 5505 2745 5576 irrogasse.
2768 5505 2920 5562 Illius
2940 5516 3122 5563 autem
3150 5505 3424 5576 lenitatem
3451 5511 3575 5564 inde.

2006 5576 2201 5652 repetit
2228 5576 2537 5652 Balsamon,
2557 5574 2704 5647 Quod
2735 5576 2891 5635 fenus
2920 5577 3162 5634 civilium
3190 5574 3368 5652 legum
3393 5590 3576 5635 aucto-
3600 5582 3603 5587 ’

2006 5648 2168 5703 ritate
2192 5648 2658 5717 comprobaretur.

3263 5806 3344 5866 22
3423 5811 3427 5815 ,
