3948 6214
288 344 401 405 εεες

1087 341 1580 402 ΕΡῙδΤΟιᾹΒυΜ
1617 341 1906 401 CLASSIS
1945 341 2005 396 lli
2051 340 2271 400 EPIST.
2314 339 2648 401 CLXXXIX.

3451 343 3554 400 686

288 457 564 533 ψυχικῶν·
597 460 1045 533 αρρωστηματων
1102 460 1336 515 ἐπινοῶν
1409 460 1511 532 τὴν
1570 460 1875 532 διόρθωσιν.

1997 473 2092 515 .em
2126 458 2252 515 dico
2282 475 2391 515 non
2433 460 2613 515 solum
2646 457 2847 513 famam
2890 455 3253 529 plurimorum
3296 470 3580 527 sequensp.

288 553 474 607 Ταῦτα
500 552 557 606 δὲ
583 552 745 621 λέγω,
784 554 846 607 ού
877 551 1035 624 μόνον
1081 557 1202 619 ταῖς
1251 553 1360 607 τῶν
1406 552 1619 608 πολλῶν
1665 554 1875 626 φήμαις

286 644 581 716 ἑπόμενος,
602 643 738 698 ἀλλὰ
769 643 865 698 καὶ
891 647 958 716 τῇ
984 646 1101 698 κατ’
1127 645 1366 716 ἐμαυτὸν
1398 644 1666 715 διδαχθεὶς
1689 646 1875 718 πείρᾳ,

288 739 348 791 ὲν
386 735 604 800 πολλοῖς
624 751 683 788 τε
707 736 906 801 ἄλλοις.
941 737 1037 790 καὶ
1081 736 1449 808 διαφερόντως
1476 736 1570 791 νῦν
1597 738 1658 791 ἐν
1685 739 1749 809 τῇ
1770 736 1878 791 τῶν

286 825 501 899 ἐχθρῶν
528 826 685 898 ἡμῶν
717 827 1094 898 ἀνεκδιηγήτῳ
1125 828 1312 900 κακίᾳ
1332 828 1398 900 ἢν
1420 828 1689 900 ῥεύματος
1715 845 1882 898 πονη-

294 917 390 991 ροῦ
436 919 592 990 δίκην
638 919 779 974 κατὰ
821 918 923 990 τῆς
973 920 1119 991 ζωῆς
1169 920 1324 991 ἡμῶν
1369 922 1723 990 ἐπιρῤυεῖσαν
1766 919 1879 991 (85)

290 1009 618 1081 εὐμηχάνως
657 1009 887 1082 διέχεας,
920 1009 1019 1081 τὴν
1058 1009 1280 1081 βαρεῖαν
1322 1010 1529 1083 ταύτην
1565 1012 1880 1084 φλεγμονὴν

288 1101 392 1172 τῆς
415 1102 641 1173 καρδίας
673 1101 829 1173 ἡμῶν
874 1104 940 1172 τῇ
974 1102 1300 1175 ὲπαντλήσει
1337 1104 1447 1157 τῶν
1491 1103 1881 1176 παρηγορικῶν

286 1191 465 1261 λόγων
489 1193 844 1264 διαφορήσας.
885 1192 1028 1262 Ἐγὼ
1047 1194 1156 1266 γὰρ
1183 1195 1318 1266 (84),
1356 1196 1493 1267 πρὸς
1519 1197 1619 1267 τὴν
1650 1196 1881 1269 ἐπάλλη-

286 1283 382 1338 λον
403 1284 513 1337 τῶν
545 1284 757 1355 ἐχθρῶν
783 1285 942 1356 ἡμῶν
976 1286 1071 1339 καὶ
1106 1286 1356 1357 ποικίλην
1404 1287 1527 1341 καθ’
1569 1287 1729 1359 ἡμῶν
1764 1289 1885 1341 ὲπι-

289 1374 543 1446 χείρησιν
584 1372 946 1439 ἀποϐλέπων,
992 1378 1204 1445 σιωπᾷν
1243 1375 1401 1447 ᾤμην
1444 1377 1577 1441 δεῖν,
1639 1378 1734 1429 καὶ
1794 1376 1884 1429 δέ-

292 1463 486 1536 χεσθαι
535 1463 658 1517 καθ’
685 1464 918 1535 ἡσυχίαν
956 1463 1027 1518 τὰ
1071 1466 1413 1537 ἐπαγόμενοι.
1444 1466 1555 1537 (85)
1585 1466 1721 1539 μηδὲ
1760 1468 1887 1521 ἀντ-

293 1558 443 1627 ερεῖν
500 1558 615 1619 τοῖς
667 1554 1135 1627 καθωπλισμένας
1186 1556 1266 1627 τῷ
1311 1557 1513 1627 ψεύδει,
1555 1558 1633 1629 τῷ
1667 1557 1886 1630 πονηρῷ

291 1646 474 1719 τούτῳ
506 1647 679 1718 ὅπλῳ,
709 1647 790 1720 τῷ
823 1649 918 1701 καὶ
956 1648 1045 1703 διὰ
1070 1649 1173 1720 τῆς
1199 1649 1457 1721 ἀληθείας
1495 1651 1752 1714 πολλάκις
1786 1656 1887 1724 τὴν

289 1740 479 1812 ἀκμὴν
506 1739 840 1797 είσωθοῦντι.
887 1742 960 1794 Σὺ
1003 1742 1079 1808 δὲ,
1127 1742 1307 1807 καλῶς
1342 1744 1534 1809 ποιῶν,
1596 1745 1671 1816 μὴ
1718 1763 1888 1800 κατα·-

1977 549 2073 607 sed
2108 566 2228 606 mea
2273 552 2437 606 etiam
2480 551 2713 607 edoctus
2754 549 3092 619 experientia
3116 563 3291 617 ,cum
3327 548 3386 603 in
3433 549 3554 607 aliis

1978 641 2169 697 multis
2191 641 2376 706 rebus,
2406 648 2522 696 tum
2554 641 2789 697 maxime
2814 655 2961 695 nunc
2986 639 3043 694 in
3070 638 3176 696 hac
3207 639 3553 695 inimicorum
3646 632 3657 639 ’

1979 740 2290 788 nostrorum
2322 749 2431 789 non
2463 734 2759 789 enarrabili
2785 733 3013 800 malitia,
3041 747 3206 804 quam
3232 732 3288 786 in
3312 738 3555 787 nostram

1980 826 2144 882 vitam
2170 826 2300 880 mali
2329 824 2520 880 ﬂuenti
2544 840 2695 881 more
2723 824 2948 881 eﬂ'usam
2982 825 3217 881 solerter
3239 822 3556 893 dissipasti:

1980 933 2106 973 cum
2141 933 2364 989 gravem
2415 917 2564 972 illam
2610 917 2795 974 cordis
2845 919 3020 973 nostri
3069 915 3561 971 inﬂammationem
3608 960 3614 967 .

1982 1008 2203 1064 infusis
2233 1008 2628 1065 consolationis
2679 1007 2862 1064 verbis
2907 1007 3225 1063 excussisti.
3263 1006 3376 1076 Ego
3413 1003 3562 1060 enim

1981 1102 2051 1157 ad
2088 1103 2453 1157 alternantem
2499 1099 2853 1155 inimicorum
2886 1106 3204 1155 nostrorum
3239 1099 3565 1167 variumque

1983 1201 2177 1247 contra
2202 1208 2301 1249 nos
2332 1199 2594 1246 conatum
2619 1190 2943 1260 respiciens,
2970 1198 3155 1247 tacere
3174 1187 3564 1246 existimabam

1984 1292 2259 1354 apol-tere,
2295 1298 2360 1338 ac
2387 1280 2594 1336 inﬂicta
2622 1282 2766 1335 mala
2797 1281 3021 1337 silentio
3057 1280 3302 1351 perferre
3324 1321 3340 1347 ,
3385 1293 3567 1350 neque

1986 1375 2371 1432 contradicere
2418 1375 2738 1431 hominibus
2789 1375 3077 1431 mendacio
3121 1373 3382 1437 armatis,
3419 1370 3566 1425 malo

1986 1468 2308 1538 illojaculo,
2338 1465 2484 1536 quod
2514 1473 2569 1520 et
2597 1480 2697 1537 per
2735 1465 2911 1536 ipsam
2940 1464 3230 1519 veritatem
3279 1476 3391 1516 non
3437 1475 3568 1516 raro

1986 1562 2268 1633 cuspidem
2301 1559 2491 1630 adigit.
2527 1557 2609 1613 Tu
2649 1572 2778 1615 vero
2804 1566 2952 1614 recte
2979 1558 3143 1628 277
3171 1555 3383 1621 fecisti,
3419 1553 3567 1625 quod

1986 1654 2244 1710 hortatus
2275 1668 2359 1716 es,
2392 1660 2451 1706 ut
2480 1668 2550 1708 ne
2580 1652 2867 1707 veritatem
2902 1650 3215 1722 proderem,
3254 1647 3348 1704 sed
3378 1647 3568 1702 redar‘

1988 1760 2210 1817 guerem
2238 1742 2629 1813 sycophantas,
2654 1757 2722 1796 ne
2745 1742 2930 1812 plures
2959 1739 3248 1803 laedantur,
3273 1750 3569 1810 prosperos

289 1831 604 1903 προδιδόναι
646 1831 742 1904 τὴν
790 1833 1053 1905 ἀλήθειαν
1091 1835 1406 1889 ἐνεκελεύου
1435 1836 1578 1907 (86),
1633 1836 1770 1891 ἀλλὰ
1806 1836 1886 1890 δι-

1997 1835 2277 1891 mendacio
2306 1845 2498 1890 contra
2522 1833 2809 1889 veritatem
2841 1847 3139 1889 successus
3165 1832 3424 1887 habente.

289 1925 421 1994 ελέγ
424 1940 539 1995 χειν
568 1925 695 1991 τοὺς
727 1927 1068 1996 συκοφάντας
1089 1967 1105 1992 ,
1139 1927 1215 1992 ὡς
1258 1928 1324 1983 ἂν
1375 1929 1449 2000 μὴ
1476 1930 1661 1984 πολλοὶ
1695 1929 2096 2001 παραϐλαῦεῖεν
2116 1969 2130 1993 ,
2195 1926 2699 2000 κατευημεροῦντος
2737 1925 2836 1997 τῆς
2907 1923 3285 1997 ἀληθείαςτοῦ
3318 1920 3568 1994 ψεύδους*

360 2012 434 2072 ΞΣ
464 2018 691 2085 Ἐδοξαν
718 2013 810 2072 οὖν
847 2037 937 2090 μοι
969 2020 1353 2093 παραπλήσιόν
1386 2041 1441 2076 τι
1470 2026 1643 2077 ποιεῖν
1677 2023 1754 2095 τῷ
1778 2024 1876 2077 Δί-

290 2109 515 2180 σωπείῳ
548 2108 702 2180 μύθῳ
732 2111 782 2164 οἱ
812 2111 873 2165 τὸ
903 2112 1315 2185 ἀπροφάσιστον
1345 2115 1467 2169 καθ’
1492 2115 1649 2187 ἡμῶν
1672 2116 1879 2170 ἀναλα-

290 2198 481 2263 6ὀντες
522 2202 698 2270 μῖσος.
748 2201 836 2266 Ὠς
882 2201 991 2274 γὰρ
1034 2204 1242 2266 ἐκεῖνος
1274 2203 1598 2278 ἐγκλήματά
1636 2224 1758 2260 τινα
1801 2205 1882 2276 τῷ

288 2292 467 2364 ἀρνίῳ
503 2293 597 2347 τὸν
628 2292 792 2347 λύκον
832 2295 1126 2368 προφέρειν
1169 2298 1447 2369 εποίησεν,
1496 2299 1885 2370 αἰσχυνόμενον

302 2381 473 2455 δῆθεν
510 2382 572 2437 τὸ
623 2384 801 2438 δοκεῖν
842 2385 969 2440 ἄνευ
1027 2387 1241 2451 δικαίας
1277 2388 1603 2461 προφάσεως
1643 2390 1884 2462 ἀναιρεῖν

288 2474 383 2529 τὸν
413 2476 579 2546 μηδὲν
619 2476 1074 2559 προλυπήσανταο
1120 2479 1215 2533 τοῦ
1250 2480 1307 2534 δὲ
1352 2481 1518 2553 ἀρνὸς
1555 2482 1667 2552 (87)
1701 2484 1884 2536 πᾶσαν

289 2567 391 2637 τὴν
441 2569 506 2621 ὲκ
557 2570 921 2639 συκοφαντίας
971 2572 1317 2643 ἐπαγομένην
1390 2573 1572 2627 αἰτίαν
1644 2574 1885 2646 εὐχερῶς

289 2658 623 2724 διαλύοντος,
662 2660 831 2731 μηδὲν
879 2660 1081 2731 μᾶλλον
1134 2662 1390 2732 ὑφίεσθαι
1436 2664 1539 2734 τῆς
1576 2666 1752 2736 ὁρμῆς
1800 2665 1893 2719 τὸν

293 2749 487 2817 λύκον,
539 2749 677 2806 ἀλλὰ
738 2754 854 2815 τοῖς
904 2752 1003 2824 μὲν
1054 2753 1285 2820 δικαίοις
1319 2756 1603 2827 ἡττᾶσθαι,
1668 2759 1782 2820 τοῖς
1834 2756 1892 2810 δὲ

291 2841 479 2896 ὀδοῦσι
510 2845 669 2915 νικᾷν
694 2860 708 2875 ·
761 2842 935 2909 οὕτως
963 2840 1044 2911 οἷς
1073 2846 1134 2900 τὸ
1170 2847 1292 2902 καθ’
1325 2847 1483 2919 ἡμῶν
1517 2851 1676 2919 μῖσος
1721 2848 1798 2913 ῶς
1834 2867 1887 2903 τι

292 2933 406 2989 τῶν
427 2934 647 3004 ἀγαθῶν
678 2937 1044 3012 ἐσπουδάσθη,
1070 2938 1431 3012 ὲρυθριῶντες
1454 2939 1596 3011 τάχα
1617 2939 1678 2995 τό
1707 2941 1888 2995 δοκεῖν

294 3025 427 3082 ἄνευ
454 3028 634 3092 αἰτίας
669 3032 867 3101 μισεῖν,
899 3030 1076 3094 αἰτίας
1104 3031 1398 3085 πλάττουσι
1430 3031 1552 3086 καθ’
1596 3032 1756 3103 ἡμῶν
1790 3035 1886 3087 καὶ

294 3115 643 3190 ἐγκλήματα,
679 3121 774 3175 καὶ
797 3121 972 3175 οὐδενὶ
1001 3120 1109 3175 τῶν
1142 3121 1453 3191 λεγομένων
1489 3122 1651 3195 μέχρι
1683 3123 1885 3188 παντὸς

295 3207 686 3279 ἐπιμένουσινο
746 3210 884 3265 ἀλλὰ
923 3210 1018 3264 νῦν
1072 3210 1173 3282 μὲν
1208 3189 1386 3276 τούτο,
1421 3189 1780 3283 μετ’-’θλίγον
1830 3189 1960 3272 δερ

297 3294 451 3361 ἄλλο,
473 3298 568 3352 καὶ
592 3294 748 3362 αὖθις
777 3299 965 3371 ἕτερον
991 3298 1091 3370 τῆς
1121 3299 1245 3353 καθ’
1279 3298 1437 3370 ήμῶν
1471 3298 1800 3370 δυσμενείας
1826 3301 1888 3354 τὸ

298 3393 475 3447 αῐτιον
507 3389 745 3459 λέγουσι.
779 3391 988 3464 Βέὄηκε
1024 3391 1083 3445 δὲ
1123 3392 1308 3456 αὐτοῖς
1353 3392 1441 3445 ἐπ’
1482 3393 1695 3457 οὐδενὸς
1723 3396 1756 3466 ἡ
1790 3410 1891 3447 κα-

299 3483 420 3538 κίαυ
441 3483 556 3537 ἀλλ’
590 3483 720 3537 ὅταν
752 3482 943 3537 τούτου
971 3482 1064 3537 τοῦ
1095 3482 1438 3556 ἐγκλήματος
1459 3483 1887 3551 ἀποσεισθῶσιν,

300 3576 477 3650 ἑτέρῳ
504 3574 894 3647 προσφύονται,
927 3577 1021 3630 καὶ
1053 3576 1147 3630 ἀπ’
1179 3577 1388 3631 ἐκείνου
1422 3576 1584 3632 πάλιν
1610 3578 1891 3648 καταλαμ-

304 3667 767 3740 6άνουσινέτερον
785 3684 801 3698 ο
830 3666 935 3721 κᾶν
967 3666 1148 3721 πάντα
1189 3666 1415 3739 διαλυθῇ
1443 3668 1515 3724 τὰ
1546 3668 1890 3740 ἐγκλήματα,

301 3762 401 3818 τοῦ
452 3765 629 3836 μισεῖν
671 3763 774 3817 οὐκ
805 3761 1151 3832 ἀφίστανται.
1201 3762 1363 3834 Τρεῖς
1401 3761 1558 3828 θεοὺς
1585 3762 1698 3835 (88)
1759 3779 1889 3835 πρε-

309 3854 610 3910 σὸεύεσθαι
639 3856 771 3927 παρ’
793 3853 950 3925 ἡμῶν
987 3854 1287 3921 αἰτιῶνται,
1317 3855 1412 3910 καὶ
1433 3854 1753 3928 περιηχοῦσι
1796 3855 1894 3919 τὰς

304 3945 480 4011 ἀκοὰς
512 3946 622 4000 τῶν
656 3944 869 4000 πολλῶν
893 3984 908 4008 ,
961 3946 1056 3999 καὶ
1104 3945 1348 4009 πιθανῶς
1394 3945 1895 4011 κατασκευάζοντες

304 4037 409 4109 τὴν
438 4036 695 4109 διαϐολὴν
720 4035 929 4109 ταύτην
953 4038 1014 4090 οὐ
1040 4037 1324 4095 παύονται.
1395 4038 1532 4091 Ἀλλ’
1579 4038 1895 4111 ὑπερμάχε-

304 4143 399 4181 ται
431 4129 466 4200 ἡ
476 4125 593 4198 μῶν
620 4128 653 4199 ἡ
684 4125 934 4200 ἀλήθεια,
979 4126 1076 4181 καὶ
1103 4129 1163 4181 ὲν
1185 4128 1351 4200 κοινῷ
1372 4128 1511 4199 πρὸς
1534 4128 1765 4197 πάντας,
1799 4128 1895 4183 καὶ

311 4220 447 4293 ἰδία
472 4219 611 4291 πρὸς
650 4221 778 4284 τοὺς
822 4220 1273 4291 ἐντυγχάνοντας,
1334 4221 1657 4277 δεικνύντων
1714 4221 1894 4293 ἡμῶν,

307 4311 394 4367 ὅτι
420 4310 912 4383 ἀνατεθεμάτισται
952 4313 1086 4385 παρ’
1124 4312 1284 4386 ἡμῶν
1331 4315 1439 4378 πᾶς
1475 4316 1504 4369 ὁ
1531 4317 1678 4386 τρεῖς
1718 4312 1896 4383 λέγων

310 4403 489 4471 θεοὺς,
534 4405 629 4459 καὶ
682 4404 807 4460 οὐδὲ
856 4405 1180 4476 Χριστιανὸς
1231 4400 1373 4459 εἶναι
1419 4400 1695 4478 κρίνεται.’
1756 4405 1895 4460 Ἀλλ’

311 4495 442 4551 ὅταν
476 4494 636 4550 τοῦτο
679 4494 975 4560 ἀκούσωσι,
1012 4496 1305 4568 πρόχειρος
1353 4496 1540 4560 αὐτοῖς
1578 4496 1702 4552 καθ’
1738 4494 1897 4568 ήμῶν

311 4590 344 4642 ὸ
374 4588 684 4653 Σαϐἑλλιος,
719 4588 815 4642 καὶ
858 4589 893 4661 ἡ
937 4587 997 4653 ἐξ
1038 4588 1249 4643 ἐκείνου
1297 4589 1453 4654 νόσος
1494 4588 1898 4662 ἐπιθρυλλεῖται

313 4677 397 4748 τῷ
418 4678 673 4750 ἡμετέρῳ
701 4677 865 4749 λόγῳ.
919 4676 1092 4733 Πάλιν
1145 4678 1242 4732 καὶ
1292 4677 1429 4748 πρὸς
1454 4678 1616 4733 τοῦτο
1644 4681 1807 4750 ἡμεῖς
1836 4678 1900 4732 τὸ

319 4768 547 4842 σύνηθες
565 4770 731 4825 ὅπλον
755 4769 853 4841 τὴν
882 4769 1139 4842 ἀλήθειαν
1164 4768 1579 4841 προόαλλόμεθα
1602 4786 1617 4800 ·
1656 4769 1898 4825 δεικνύν-

316 4875 429 4923 τες.
460 4860 542 4915 ὅτι
566 4861 763 4934 ἐπίσης
788 4859 867 4932 τῷ
905 4858 1227 4932 Ἰουδαϊσμῷ
1254 4861 1351 4916 καὶ
1377 4861 1479 4933 τὴν
1512 4860 1772 4934 τοιαύτην
1812 4861 1902 4917 αἴ-

320 4968 471 5025 ρεσιν
493 4953 808 5026 φρίττομεν.

391 5044 444 5099 '5.
487 5044 552 5098 Τί
583 5039 709 5111 ὥνς
744 5039 856 5119 ἄρα
885 5044 1024 5117 μετὰ
1052 5043 1326 5110 τοσαύτας
1372 5045 1719 5117 ὲγχειρὴσεις
1764 5044 1904 5098 ἀτω-

318 5138 592 5209 καμόντες
615 5139 728 5211 (89)
761 5137 1076 5212 ἡσύχασανς
1101 5141 1217 5195 Οὐκ
1236 5140 1351 5195 ἐστι
1374 5137 1548 5195 ταῦτα
1571 5138 1705 5211 (90).
1744 5139 1906 5195 Ἀλλά

393 5251 508 5321 (85)
551 5251 988 5320 Ἐπιρῤυεῖσαν.
1019 5249 1098 5309 Ita
1131 5249 1259 5307 Vat.
1301 5267 1429 5307 cum
1460 5251 1642 5307 tribus
1680 5252 1807 5307 aliis
1849 5258 1906 5308 et

321 5317 499 5394 ljy'ss.
520 5336 586 5376 ac
610 5317 869 5394 editione
916 5322 1126 5392 Hagan.
1162 5322 1399 5394 Legitur
1439 5324 1806 5394 ὲπιρῤἐουσαν
1850 5323 1906 5378 in

321 5387 646 5465 Parisiensi,
665 5401 734 5465 et
763 5387 1136 5465 άπορρυεζσαν
1157 5393 1213 5448 in
1252 5387 1583 5465 Basileens'i.

324 5460 855 5587 gdp.
877 5459 958 5519 Ita
980 5462 1124 5521 Med.
1151 5477 1278 5521 cum
1309 5464 1489 5519 tribus
1518 5462 1645 5519 aliis
1665 5470 1720 5519 et
1738 5459 1902 5535 Nyss.

415 5548 473 5585 ιιι
511 5548 651 5586 -ιιγω
678 5548 757 5586 οε.

402 5579 1004 5668 ῐέεΓνίῖιέΚάἀεηεια.
1045 5604 1055 5635 ι

402 5669 513 5740 (86)
582 5675 996 5728 Ἑνεκελεύου.
1056 5673 1139 5730 Ita
1182 5689 1321 5732 mss.
1366 5688 1486 5731 sex.
1529 5672 1675 5730 Editi
1723 5673 1909 5729 ἐνεκέ-

326 5735 505 5813 λουεςς
533 5740 1084 5813 Νςεειαὶνεκελεύσω.

400 5809 513 5884 (87)
549 5808 660 5870 Τοῦ
690 5812 760 5869 δὲ
796 5814 1001 5884 ἀρνός.
1047 5813 1187 5875 Leve
1221 5814 1519 5875 discrimen
1551 5808 1713 5891 inter
1762 5813 1908 5871 hanc

2052 2022 2107 2076 2.
2136 2021 2254 2077 Visi
2307 2028 2439 2077 sunt
2486 2020 2657 2093 igitur
2701 2019 2832 2074 mibi
2876 2018 3057 2074 simile
3086 2016 3350 2089 quiddam
3387 2014 3582 2071 facere-

1985 2111 2179 2184 Αἰδορὶ
2221 2111 2421 2168 fabulae
2445 2151 2462 2177 ,
2487 2112 2583 2184 qui
2630 2112 2751 2168 sine
2782 2112 2892 2166 ulla
2927 2125 3157 2182 prorsus
3184 2124 3355 2167 causa
3382 2108 3570 2165 odium

1985 2203 2043 2258 in
2070 2218 2174 2259 nos
2202 2210 2585 2274 susceperunt.
2615 2201 3085 2269 Quemadmodum
3107 2200 3254 2258 enim
3281 2202 3372 2258 ille
3393 2199 3570 2272 ﬁngit,

1990 2294 2226 2351 crimina
2254 2293 2503 2366 quaedam
2537 2309 2679 2364 agno
2709 2293 2896 2364 lupum
2928 2292 3155 2355 inferre,
3185 2290 3564 2349 verecundan‘

1990 2394 2100 2442 tem
2138 2387 2396 2443 videlicet
2422 2388 2541 2444 sine
2565 2386 2716 2457 justa
2750 2400 2919 2447 causa
2947 2400 3097 2451 eum,
3130 2383 3225 2456 qui
3256 2384 3412 2455 prius
3432 2383 3574 2439 nihil

1992 2479 2246 2545 laesisset,
2281 2480 2533 2536 occidere
2580 2478 2786 2547 videri;
2834 2478 2929 2535 sed
2974 2493 3103 2534 cum
3149 2493 3325 2548 agnus
3353 2491 3574 2533 omnem

1990 2589 2056 2630 ex
2081 2573 2356 2629 calumnia
2388 2573 2597 2628 illatam
2621 2572 3063 2628 criminationem
3098 2568 3260 2626 facile
3287 2568 3571 2635 diluisset,

1995 2680 2105 2721 non
2126 2665 2335 2721 idcirco
2364 2666 2555 2737 lupum
2590 2664 2659 2720 de
2687 2665 2895 2736 impetu
2932 2662 3233 2735 quidquam
3270 2662 3573 2725 remittere,

1994 2758 2091 2815 sed
2119 2759 2245 2829 jure
2273 2758 2494 2830 quidem
2534 2758 2718 2824 vinci,
2753 2758 3008 2816 dentibus
3044 2773 3177 2815 vero
3214 2758 3466 2813 vincere:
3499 2757 3577 2810 ita

1991 2852 2086 2922 qui
2114 2850 2301 2907 odium
2330 2853 2509 2909 nostri
2544 2852 2714 2908 veluti
2745 2852 3068 2923 praeclarum
3101 2846 3361 2922 quiddam
3389 2848 3578 2905 studio

1991 2944 2264 3009 habuere,
2309 2958 2435 2999 cum
2476 2943 2617 3001 forte
2671 2945 3104 3009 erubescerent,
3142 2942 3192 2998 si
3239 2943 3362 2999 sine
3407 2955 3579 2997 causa

1988 3039 2173 3094 odisse
2206 3037 2558 3102 viderentur,
2594 3052 2794 3092 causas
2835 3047 3029 3092 contra
3068 3049 3173 3093 uos
3219 3044 3275 3092 et
3314 3034 3581 3091 crimina-

1991 3130 2171 3187 tiones
2204 3130 2450 3201 ﬂngunt,
2496 3145 2599 3196 nec
2638 3130 2695 3185 in
2735 3129 2846 3185 ullo
2892 3143 3084 3184 eorum
3120 3143 3244 3200 quae
3285 3128 3579 3195 dictitant,

1991 3232 2314 3280 constanter
2359 3224 2667 3292 insistunt,
2699 3222 2797 3279 sed
2838 3223 3004 3280 modo
3033 3223 3215 3291 hanc,
3255 3223 3422 3294 paulo
3453 3233 3582 3296 post

1988 3316 2162 3383 illam,
2192 3325 2247 3372 et
2274 3331 2471 3372 rursus
2496 3316 2655 3370 aliam
2684 3329 2797 3371 suae
2818 3314 2877 3371 in
2901 3330 3004 3370 uos
3029 3314 3329 3371 inimicitiae
3348 3330 3578 3372 causam

1991 3408 2292 3479 assignant.
2323 3407 2486 3463 Nulla
2517 3414 2701 3463 autem
2736 3408 2794 3463 in
2824 3422 2884 3463 re
2917 3406 3176 3465 consistit
3206 3421 3398 3463 eorum
3423 3408 3583 3463 mali-

1990 3500 2100 3569 tia;
2130 3501 2225 3556 sed
2248 3509 2538 3572 postquam
2562 3501 2667 3556 hac
2690 3499 3084 3557 criminatione
3109 3500 3324 3572 depulsi
3351 3501 3582 3569 fuerint,

1992 3590 2060 3647 ad
2088 3590 2250 3647 aliam
2281 3592 2704 3659 adhaerescunt,
2735 3600 2791 3649 et
2832 3608 3031 3649 rursus
3060 3593 3129 3648 ab
3177 3593 3284 3650 ista
3311 3591 3379 3648 ad
3414 3593 3580 3649 aliam

1992 3685 2350 3756 confugiunt;
2379 3700 2502 3752 nec,
2540 3687 2588 3742 si
2618 3686 2804 3741 omnia
2833 3686 3108 3743 dissoluta
3136 3685 3346 3743 fuerint
3391 3686 3582 3741 crimi-

1992 3792 2086 3840 na,
2118 3777 2304 3834 odisse
2342 3777 2638 3835 desistunt.
2670 3777 2810 3835 Tres
2856 3779 2992 3836 deos
3039 3794 3072 3834 a
3102 3778 3264 3835 nobis
3296 3778 3583 3850 pmdicari

1994 3877 2329 3933 causantur,
2371 3878 2536 3942 atque
2589 3870 2694 3926 hac
2745 3884 2936 3926 eorum
2980 3869 3365 3926 criminatione
3419 3884 3584 3927 aures

1995 3963 2141 4034 vulgi
2181 3962 2635 4029 circumsonant,
2673 3978 2852 4033 neque
2898 3962 3041 4017 hanc
3078 3961 3408 4018 calumniam
3446 3961 3583 4019 sub.

1995 4055 2166 4111 tiliter
2228 4056 2779 4122 strueregdesinunt.
2845 4054 2953 4111 Sed
3004 4064 3211 4128 pugnat
3266 4069 3367 4127 pro
3418 4055 3583 4111 nobis

1995 4146 2235 4213 veritas,
2292 4161 2419 4203 cum
2466 4154 2524 4204 et
2585 4147 2807 4217 publice
2868 4147 3160 4213 omnibus‘,
3212 4152 3268 4201 et
3326 4145 3583 4217 privatim

1997 4238 2385 4296 accedentibus
2420 4238 2896 4302 demonstremus,
2937 4236 3383 4294 anatliematizari
3415 4251 3447 4292 a
3484 4253 3586 4294 no-

1996 4331 2083 4388 bis
2128 4332 2382 4403 quisquis
2425 4339 2541 4389 tres
2576 4331 2711 4388 deos
2756 4331 2930 4396 dicit,
2970 4345 3036 4386 ac
3081 4347 3153 4387 ne
3209 4329 3584 4387 Christianum

1998 4425 2219 4497 quidem
2255 4424 2514 4496 iudicari.
2549 4422 2657 4480 Sed
2698 4423 2791 4480 ubi
2818 4425 2922 4480 hoc
2953 4422 3287 4485 audiverim,
3314 4422 3368 4479 in
3398 4439 3584 4495 prom-

1928 4532 1974 4591 ι)
2002 4524 2100 4590 ptu
2144 4517 2279 4573 illis-
2301 4522 2496 4572 contra
2526 4531 2629 4572 nos
2678 4514 2987 4571 Sabellius:
3016 4522 3072 4572 et
3122 4514 3272 4572 illius
3330 4514 3584 4570 morbum

2002 4609 2265 4666 doctrina:
2290 4616 2493 4665 nostra;
2515 4623 2708 4664 rumor
2735 4606 2961 4680 afﬁngit.
2994 4606 3211 4664 Rursus
3241 4606 3330 4663 his
3362 4621 3585 4678 quoque

2000 4709 2268 4757 consueta
2292 4715 2465 4769 arma,
2489 4700 2770 4756 veritatem
2793 4698 3162 4771 opponimus;
3197 4699 3586 4755 demonstran-

2001 4801 2087 4849 tes
2117 4808 2271 4863 aeque
2291 4807 2356 4848 ac
2379 4789 2725 4848 Judaismum
2756 4790 2900 4847 banc
2933 4805 3038 4847 nos
3074 4789 3325 4846 haeresim
3352 4789 3585 4862 perhor-

2003 4899 2243 4941 τεθείη-ε.

2076 5042 2132 5097 3.
2167 5039 2309 5109 Quid
2339 5041 2547 5113 igitur?
2581 5056 2713 5096 num
2749 5048 2877 5112 post
2902 5048 3089 5096 tantos
3126 5018 3583 5095 conatus‘defessl

2005 5134 2371 5204 quieverunt?
2394 5131 2773 5204 Nequaquam.
2801 5129 2910 5188 Sed
2932 5134 3229 5189 novitatem
3259 5130 3421 5186 nobis
3441 5129 3588 5200 obji-

2006 5247 2335 5318 scripturam
2363 5258 2419 5303 et
2447 5246 2727 5318 vulgatam
2755 5244 2851 5318 τοῦ
2881 5245 2940 5300 δὲ
2973 5244 3182 5316 ἀρνίου.
3216 5242 3314 5318 sed
3339 5258 3464 5318 eam
3498 5259 3590 5299 se-

2005 5314 2675 5398 qui'maluimuanuar'n
2725 5317 2978 5398 quinque
3002 5314 3221 5398 veteres
3259 5314 3387 5368 libri
3427 5326 3583 5398 coni:

2006 5384 2291 5511 ahendant,
2327 5396 2382 5443 et
2418 5384 2588 5443 editio
2630 5384 3034 5458 Hag‘anoe’nsis.
3074 5384 3358 5458 Nyssenus
3396 5384 3494 5438 τοῦ
3526 5385 3587 5440 δὲ

2048 5474 2197 5511 ρνου.

2046 5474 2197 5531 ρνου.

2046 5528 2203 5651 ,(881)
2228 5525 2391 5596 Τρεῖς
2421 5530 2616 5609 θερύς.
2649 5525 2726 5582 De
2770 5526 2877 5582 hoc
2910 5527 3080 5582 trium
3123 5525 3352 5584 deorum
3395 5540 3587 5582 errore

2046 5614 2060 5651 ι
2103 5614 2133 5651 e
2208 5606 2286 5651 ot.
2312 5597 2383 5651 ad
2408 5607 2576 5651 eoist.
2602 5598 2728 5651 151.

2008 5596 2133 5653 vide
2158 5596 2286 5654 Not.
2312 5597 2383 5651 ad
2408 5599 2576 5668 epist.
2602 5598 2728 5653 151.

2085 5668 2196 5740 (89)
2239 5663 2699 5740 Ἀποκάμόγτεᾳ
2750 5665 2833 5723 lta
2864 5666 3007 5726 Med.
3049 5674 3105 5729 et
3148 5676 3264 5725 tres
3296 5672 3410 5723 ain.
3440 5663 3603 5730 Ειϋιί⁵

2009 5739 2443 5811 ἀποίκάμν-οντες.

2083 5808 2211 5882 (90)
2232 5808 2372 5869 Vide
2400 5808 2687 5869 Addenda.

2964 5912 3092 5927 ...ιο-’⁵
