3948 6214
312 385 420 442 687

1621 371 1679 426 S.
1718 369 1969 427 BASILII
2002 368 2218 424 MAGNI

3463 372 3568 426 683

312 508 484 569 ciunt,
518 503 611 574 qui
646 509 749 556 nos
789 499 872 555 sic
916 499 1172 554 incusant
1217 497 1362 569 quod
1415 504 1530 550 tres
1559 494 1882 565 hypostases

2004 491 2342 562 ιαινοτομίαν
2369 494 2500 563 ἡμῖν
2543 492 2930 564 προφέρουσιν,
2979 492 3179 546 οὑτωσὶ
3223 490 3284 543 τὺ
3317 489 3570 560 ἔγκλημα

312 595 703 651 conﬁteamur:
731 590 1092 646 criminantur
1121 590 1268 660 quod
1297 602 1462 642 unam
1497 585 1799 640 bonitatem
1829 587 1884 636 et

2004 583 2107 637 ιαθ’
2141 583 2299 654 ἡμῶν
2337 585 2676 650 συντιθέντες
2704 587 2852 656 τρεῖς
2891 584 3218 646 ὑποστάσεις
3247 580 3574 650 ὁμολογούν-

311 701 476 740 unam
536 683 836 754 potentiam
896 687 951 735 et
1002 695 1167 736 unam
1216 679 1558 733 divinitatem
1611 675 1884 729 dicamus.

311 777 499 848 Neque
531 776 582 830 id
629 782 783 829 extra
821 773 1138 829 veritatem:
1169 772 1404 826 dicimus
1429 769 1600 823 enim.
1643 765 1748 821 Sed
1777 765 1886 819 cri-

312 866 574 922 minando
603 865 893 934 objiciunt,
928 879 1038 918 non
1069 863 1150 918 sic
1181 877 1337 917 suam
1368 860 1573 914 habere
1597 863 1892 913 consuetu-

313 953 531 1022 dinem,
563 972 663 1010 nec
700 955 1038 1024 Scripturam
1090 952 1369 1008 assentiri.
1421 949 1567 1016 Quid
1617 949 1782 1018 igitur
1823 945 1891 999 ad

313 1047 420 1102 hoc
455 1060 676 1117 quoque
723 1045 866 1100 nos?
903 1043 1024 1098 Non
1069 1053 1326 1114 putamus
1366 1055 1580 1110 aequum
1623 1053 1786 1100 esse,
1831 1041 1894 1090 ut

315 1138 588 1210 vigentem
655 1138 796 1208 apud
855 1138 1004 1208 ipsos
1053 1133 1542 1197 consuetudinem,
1589 1137 1755 1186 recta:
1797 1129 1895 1184 do-

315 1230 507 1284 ctrinae
533 1229 707 1297 legem
740 1237 793 1284 et
828 1241 1076 1282 normam
1100 1225 1386 1280 ducamus.
1424 1221 1634 1279 Etenim
1670 1221 1716 1278 si
1753 1221 1896 1276 valet

317 1319 386 1376 ad
432 1329 598 1376 rectae
639 1319 903 1374 doctrina:
952 1317 1471 1374 demonstrationem
1524 1312 1894 1380 consuetudo,

314 1411 446 1469 licet
491 1421 546 1468 et
595 1411 755 1467 nobis
802 1410 1050 1482 profecto
1113 1411 1370 1465 usitatum
1429 1408 1575 1479 apud
1623 1421 1725 1463 nos
1786 1419 1902 1460 mo-

315 1521 433 1562 rem
477 1519 772 1576 opponere.
817 1503 976 1570 Quod
1015 1504 1062 1558 si
1106 1504 1252 1558 hunc
1293 1502 1369 1556 illi
1409 1501 1688 1572 rejiciunt,
1723 1514 1900 1567 neque

314 1597 478 1653 nobis
530 1612 756 1666 prorsus
809 1597 932 1651 illos
979 1596 1135 1666 sequi
1189 1609 1434 1650 necesse.
1508 1593 1695 1662 Itaque
1749 1589 1900 1645 Scri-

315 1701 476 1759 ptura
506 1689 771 1742 divinitus
801 1688 1068 1758 inspirata
1100 1687 1262 1742 nobis
1291 1687 1362 1742 sit
1388 1687 1630 1752 arbitra;
1667 1698 1721 1740 et
1753 1685 1898 1756 apud

315 1797 457 1850 quos
500 1781 716 1836 inventa
767 1779 970 1836 fuerint
1009 1780 1262 1850 dogmata
1306 1779 1507 1834 divinis
1546 1778 1726 1832 verbis
1765 1793 1899 1831 con-

317 1888 475 1938 sona,
509 1873 578 1927 ad
619 1887 714 1927 eos
759 1871 982 1928 accedet
1027 1871 1250 1926 omnino
1277 1870 1526 1924 veritatis
1553 1867 1890 1939 suﬂragium.

317 1963 605 2031 Quodnam
650 1965 817 2035 igitur
855 1965 1060 2019 crimen
1108 1964 1230 2018 est?
1283 1961 1400 2016 Duo
1441 1961 1584 2016 enim
1633 1960 1796 2017 simul
1840 1960 1895 2014 in

315 2057 668 2112 accusatione
715 2056 872 2110 nobis
919 2057 1062 2110 illata
1107 2055 1462 2125 obiecerunt;
1505 2069 1705 2118 unum,
1749 2053 1896 2122 quod

316 2148 626 2204 dividamus
677 2146 1036 2218 hypostases;
1078 2147 1343 2212 alterum,
1384 2143 1534 2216 quod
1575 2144 1786 2198 nullum
1828 2159 1896 2199 ex

316 2240 633 2296 nominibus
668 2254 790 2309 qua:
831 2238 997 2308 278
1043 2236 1153 2294 Deo
1197 2237 1565 2303 conveniunt,
1612 2235 1897 2308 pluraliter

316 2345 702 2396 numeremus,
742 2328 840 2386 sed
880 2345 1076 2395 unam,
1115 2338 1175 2383 ut
1207 2329 1413 2384 dictum
1443 2335 1557 2395 est,
1599 2328 1896 2382 bonitatem

316 2432 372 2478 et
403 2426 704 2494 potentiam
731 2462 746 2487 ,
791 2433 846 2478 et
874 2422 1215 2478 divinitatem
1245 2462 1260 2488 ,
1292 2429 1347 2476 et
1387 2422 1730 2492 quaecunque
1762 2421 1897 2474 talia

319 2524 470 2576 sunt,
506 2515 858 2587 singulariter
882 2515 1254 2570 enuntiemus.
1281 2513 1438 2581 Quod
1461 2513 1679 2584 quidem
1703 2513 1898 2568 attinet

319 2609 389 2662 ad
431 2608 754 2663 divisionem
799 2607 1209 2677 hypostasewn,
1250 2606 1319 2660 ab
1367 2620 1433 2660 ea
1479 2603 1700 2658 minime
1733 2602 1897 2658 alieni

319 2702 545 2766 fuerint,
578 2700 671 2772 qui
702 2701 1069 2757 essentiarum
1101 2699 1474 2756 diversitatem
1508 2697 1564 2753 in
1597 2696 1781 2752 divina
1805 2695 1899 2751 de-

318 2798 554 2846 cernunt
587 2800 806 2846 natura.
841 2786 960 2845 Non
996 2790 1141 2845 enim
1173 2804 1269 2860 par
1295 2795 1380 2844 est
1405 2829 1421 2853 ,
1448 2795 1508 2842 ut
1541 2789 1635 2859 qui
1672 2794 1784 2844 tres
1810 2787 1900 2843 di-

320 2893 452 2939 eunt
486 2884 789 2950 essentias,
823 2897 932 2939 non
966 2882 1129 2940 etiam
1167 2888 1282 2940 tres
1322 2882 1648 2954 bypostases
1689 2881 1897 2938 dicant.

318 2977 508 3046 Itaque
528 2978 632 3032 hoc
653 2976 829 3031 solum
854 2975 1071 3032 crimini
1093 2973 1275 3039 datur,
1302 2973 1450 3044 quod
1474 2990 1596 3045 quae
1623 2975 1691 3031 de
1717 2975 1898 3030 divina

319 3077 516 3124 natura
570 3067 830 3124 dicuntur
883 3066 1144 3130 nomina,
1183 3065 1532 3137 singulariter
1579 3065 1900 3135 pronuntiem

319 3175 462 3216 mus.

387 3422 444 3478 4.
478 3417 585 3476 Sed
619 3424 872 3490 prompta
903 3415 1064 3472 nobis
1099 3416 1365 3474 adversus
1395 3417 1500 3473 hoc
1531 3424 1585 3473 et
1609 3417 1898 3474 manifesta

319 3516 482 3570 ratio.
532 3512 636 3578 Qui
685 3511 833 3566 enim
867 3507 1199 3565 condemnat
1230 3525 1325 3566 eos
1371 3511 1466 3582 qui
1514 3526 1678 3566 unam
1710 3511 1901 3566 dicunt

319 3603 686 3667 divinitatem,
715 3599 1031 3656 necessario
1058 3598 1370 3668 autjmultas
1401 3598 1628 3665 dicenti,
1664 3608 1758 3655 aut
1777 3602 1898 3656 nul-

319 3692 428 3745 lam
462 3688 818 3745 assentietur.
869 3686 991 3744 Non
1024 3687 1173 3743 enim
1203 3696 1383 3758 potest
1407 3689 1553 3745 aliud
1579 3689 1898 3762 quidquam,

317 3791 517 3852 praeter
551 3780 606 3835 id
655 3779 800 3851 quod
847 3779 1056 3835 dictum
1103 3785 1224 3846 est,
1271 3780 1593 3853 excogitari.
1642 3781 1750 3840 Sed
1796 3801 1902 3841 nec

318 3875 520 3930 multas
573 3873 679 3928 dici
737 3872 1003 3929 divinitus
1049 3872 1318 3943 inspirata
1367 3875 1575 3944 patitur
1624 3877 1898 3942 doctrina,

318 3984 442 4038 quae
489 3967 667 4023 sicubi
708 3966 957 4021 meminit
1002 3965 1344 4030 divinitatis,
1398 3967 1752 4036 singulariter
1779 3985 1899 4025 eam

319 4049 735 4123 commemorat,
771 4074 968 4129 nempe
990 4077 1013 4112 -:
1050 4057 1118 4111 In
1149 4058 1263 4128 ipso
1287 4057 1494 4112 habitat
1526 4062 1697 4114 omnis
1728 4062 1899 4131 pleni-

322 4151 449 4204 tudo
479 4149 777 4204 divinitatis
811 4151 857 4181 "
885 4165 899 4215 ;
939 4155 993 4203 et
1028 4148 1158 4203 alibi
1191 4168 1204 4202 :
1240 4148 1542 4206 Invisibilia
1568 4153 1706 4208 enim
1734 4154 1900 4222 ipsius

320 4261 355 4297 a
385 4243 647 4296 creatione
671 4241 872 4308 mundi,
901 4256 992 4309 per
1022 4259 1086 4294 ea
1113 4258 1229 4311 qua:
1258 4242 1404 4310 facta
1434 4253 1580 4309 sunt,
1635 4245 1902 4301 intellecta

320 4335 737 4405 conspiciuntur,
769 4343 880 4386 tum
914 4335 1236 4403 sempiterna
1265 4335 1379 4404 eius
1415 4337 1605 4402 virtus,
1634 4346 1744 4391 tum
1774 4339 1904 4393 divi-

319 4430 462 4483 nitas
485 4428 553 4483 ".
590 4425 648 4481 Si
681 4427 845 4497 igitur
876 4427 932 4479 in
960 4426 1364 4481 multitudinem
1397 4430 1693 4486 extendere
1717 4448 1905 4488 nume-

1987 693 2095 730 των
2115 677 2245 748 (91)-
2303 677 2431 748 μίαν
2469 678 2800 750 ἀγαθότητα,
2855 678 2947 731 καὶ
2999 677 3126 748 μίαν
3167 674 3429 746 δύναμιν,
3478 674 3574 726 καὶ

1993 769 2120 839 μίαν
2170 769 2397 838 θεότητα
2438 770 2619 839 λέγειν
2651 771 2796 841 ἡμᾶς
2835 769 3135 823 αἰτιῶνται.
3168 768 3281 822 Καὶ
3328 768 3431 821 οὑκ
3469 767 3575 830 ἔξω

1990 861 2147 914 τοῦτό
2175 879 2307 931 φασι
2331 864 2430 934 τῆς
2454 862 2712 932 ἀληθείας
2735 879 2748 894 ⁸
2783 862 3016 932 λέγομεν
3053 863 3182 933 γάρ.
3225 860 3363 912 Ἀλλ’
3404 861 3574 926 ἐγκα-

1991 953 2209 1017 λοῦντες
2260 954 2417 1008 τοῦτο
2462 955 2849 1027 προφέρουσιν,
2886 956 2968 1009 ὅτι
3011 956 3045 1024 ἡ
3093 952 3348 1023 συνήθεια
3395 950 3577 1016 αὑτῶν

1991 1045 2150 1100 τοῦτο
2176 1047 2276 1099 οὑκ
2303 1046 2439 1117 ἔχει,
2481 1048 2574 1100 καὶ
2613 1049 2646 1116 ἡ
2679 1046 2868 1118 Γραφὴ
2909 1047 2970 1099 οὑ
3009 1045 3332 1098 συντίθεται.
3368 1043 3435 1095 Τί
3481 1038 3577 1095 οὖν

1994 1138 2090 1191 καὶ
2142 1138 2278 1210 πρὸς
2321 1139 2479 1192 τοῦτο
2510 1139 2700 1210 ἡμεῖς;
2741 1139 2817 1192 Οὑ
2863 1136 3155 1208 νομίζομεν
3192 1135 3401 1188 δίκαιον
3435 1128 3577 1185 εἶναι

1993 1231 2092 1304 τὴν
2124 1234 2253 1303 παρ’
2283 1233 2466 1296 αὐτοῖς
2496 1229 2901 1304 ἐπικρατοῦσαν
2949 1228 3237 1301 συνήθειαν
3280 1226 3446 1298 νόμον
3481 1226 3579 1279 καὶ

1995 1323 2196 1379 κανόνα
2229 1323 2324 1378 τοῦ
2353 1324 2514 1396 ὀρθοῦ
2556 1325 2826 1379 ποιεῖσθαι
2854 1323 3036 1392 λόγου.
3082 1323 3146 1376 Ei
3200 1320 3311 1392 γὰρ
3355 1319 3578 1391 ἰσχυρόν

1996 1418 2144 1470 ἐστιν
2168 1417 2246 1479 είς
2273 1415 2544 1480 ἀπόδειξιν
2585 1414 2871 1486 ὀρθότητος
2892 1416 2926 1484 ή
2957 1412 3233 1484 συνήθεια,
3267 1411 3446 1478 ἔξεστι
3481 1409 3579 1462 καὶ

1999 1509 2128 1578 ἡμῖν
2165 1509 2382 1573 πάντως
2411 1508 2933 1580 ἀντιπροὸάλλεσθαι
2964 1507 3064 1577 τὴν
3110 1505 3240 1576 παρ’
3283 1506 3416 1575 ἡμῖν
3455 1505 3578 1554 ἐπι-

1999 1599 2306 1669 κρατοῦσαν
2329 1600 2634 1672 συνήθειαν.
2669 1601 2734 1653 Εἰ
2783 1600 2840 1653 δέ
2891 1599 3345 1670 παραγράφονται
3370 1595 3578 1665 ταύτην

2001 1695 2218 1756 ἐκεῖνοι,
2242 1693 2361 1746 οὑδέ
2379 1695 2510 1764 ἡμῖν
2533 1693 2644 1763 (92)
2664 1693 2882 1756 πάντως
2903 1690 3293 1761 ἀκολουθητέον
3324 1689 3574 1750 ἐκείνοις.

2002 1784 2210 1837 Οὐκοῦν
2243 1785 2276 1854 ὴ
2312 1784 2667 1848 θεόπνευστος
2699 1787 2830 1854 ἡμῖν
2857 1783 3189 1852 διαιτησάτω
3209 1781 3400 1852 Γραφή
3429 1797 3442 1810 ⁸
3481 1780 3576 1833 καὶ

2005 1877 2131 1947 παρ’
2169 1870 2248 1937 οἷς
2297 1875 2360 1928 ἂν
2397 1876 2593 1946 εὑρεθῇ
2632 1876 2698 1928 τὰ
2731 1871 2976 1946 δόγματα
3007 1873 3218 1944 συνῳδὰ
3261 1875 3374 1934 τοῖς
3413 1871 3583 1934 θείοις

1998 1967 2196 2035 λόγοις,
2227 1968 2319 2020 ἐπὶ
2353 1968 2575 2032 τούτους
2605 1968 2725 2038 ἥξει
2763 1970 2979 2031 πάντως
3000 1968 3098 2038 τῆς
3127 1966 3381 2035 ἀληθείας
3411 1967 3444 2036 ή
3474 1965 3580 2034 ψῆ-

1999 2077 2117 2128 φος.
2151 2061 2215 2113 Τί
2239 2055 2329 2114 οὖν
2359 2063 2474 2113 ἐστι
2508 2060 2568 2113 τὸ
2601 2059 2883 2132 ἔγκλημας
2927 2059 3031 2113 Δύο
3063 2059 3171 2131 γὰρ
3203 2058 3346 2111 κατὰ
3381 2057 3579 2110 ταυτὸν

1996 2154 2055 2206 ἐν
2082 2156 2148 2225 τῇ
2176 2154 2482 2225 κατηγορίᾳ
2502 2159 2568 2227 τῇ
2593 2157 2713 2211 καθ’
2739 2154 2898 2227 ⁴ἡμῶν
2932 2150 3321 2225 προενήνεκται
3343 2169 3355 2182 ·
3389 2151 3448 2204 ἓν
3480 2153 3580 2221 μὲν

1996 2246 2057 2298 τὸ
2113 2247 2340 2319 διαιρεῖν
2399 2250 2496 2313 τὰς
2549 2250 2902 2313 ὑποστάσεις·
2951 2248 3138 2318 ἕτερον
3173 2246 3229 2299 δὲ
3277 2245 3338 2299 τὺ
3381 2245 3581 2317 μηκέτι

2002 2340 2168 2410 μηδὲν
2200 2340 2307 2394 τῶν
2348 2341 2672 2413 θεοπρεπῶν
2711 2342 2994 2412 ὀνομάτων
3032 2337 3412 2410 πληθυντικῶς
3465 2338 3579 2408 ἀρι-

1999 2427 2174 2497 θμεῖν,
2196 2429 2332 2482 ἀλλά
2356 2431 2504 2500 μίαν,
2535 2430 2716 2494 καθὼς
2741 2431 3081 2502 προείρηται,
3110 2430 3210 2501 τὴν
3234 2428 3571 2498 ἀγαθότητα,

1998 2520 2093 2572 καὶ
2123 2522 2222 2592 τὴν
2253 2521 2502 2593 δύναμιν,
2543 2522 2638 2575 καὶ
2673 2521 2772 2592 τὴν
2805 2522 3056 2593 θεότητα,
3118 2521 3214 2574 καὶ
3269 2519 3448 2571 πάντα
3510 2518 3582 2570 τὰ

1998 2611 2221 2665 τοιαῦτα
2289 2613 2593 2682 μοναδικῶς
2666 2611 3033 2681 ἐξαγγέλλειν.
3103 2612 3250 2682 Πρὸς
3317 2611 3419 2682 μὲν
3485 2606 3579 2664 οὖν

1999 2705 2098 2775 τὴν
2126 2705 2390 2776 διαίρεσιν
2424 2704 2532 2758 τῶν
2556 2705 2908 2760 ὑποστάσεων
2951 2707 3063 2759 οὑκ
3092 2704 3158 2758 ἂν
3199 2704 3372 2774 ἔχοιεν
3430 2703 3578 2757 ἀλλο-

1999 2796 2168 2866 τρίως
2197 2798 2246 2849 οἱ
2275 2797 2373 2868 τὴν
2410 2797 2705 2870 ἑτερότητα
2739 2798 2851 2852 τῶν
2897 2798 3094 2851 οὐσιῶν
3139 2797 3232 2851 ἐπὶ
3286 2797 3384 2868 τῆς
3428 2797 3583 2861 θείας

2000 2887 2419 2960 δογματίζοντες
2458 2889 2694 2959 φύσεως.
2723 2891 2798 2943 Οὑ
2821 2889 2930 2962 γάρ
2956 2890 3104 2954 εἰκός
3133 2891 3250 2943 ἐστι
3275 2891 3406 2954 τοὺς
3433 2892 3583 2962 τρεῖς

2002 2981 2260 3048 λέγοντας
2307 2982 2495 3046 οὐσίας
2541 2982 2616 3054 μὴ
2663 2983 2755 3036 καὶ
2798 2985 2946 3055 τρεῖς
3002 2983 3329 3045 ὑποστάσεις
3376 2982 3576 3050 λέγειν.

2003 3071 2212 3126 Οὐκοῦν
2244 3072 2401 3126 τοῦτο
2444 3074 2602 3144 μόνον
2629 3073 2777 3128 ἐστὶν
2815 3075 2874 3126 ἐν
2908 3074 3236 3144 ἐγκλήματι,
3276 3075 3337 3126 τὸ
3363 3073 3432 3126 τὰ
3459 3075 3581 3125 ἐπι-

1927 3166 1971 3224 C
2002 3166 2268 3237 λεγόμενα
2310 3170 2378 3238 τῇ
2417 3166 2538 3238 θείᾳ
2588 3167 2699 3238 (95)
2756 3167 2914 3238 φύσει
2982 3169 3224 3240 ὀνόματα
3276 3166 3582 3239 μοναδικῶς

2003 3258 2410 3329 καταγγέλλειν.

2071 3435 2125 3489 4.
2145 3435 2508 3507 Ἀλλ’ἐτοιμος
2534 3438 2666 3508 ἡμῖν
2682 3435 2817 3509 πρὸς
2844 3435 3001 3490 τοῦτο
3026 3437 3118 3490 καὶ
3149 3437 3327 3508 σαφὴς
3345 3439 3371 3490 ό
3397 3436 3577 3504 λόγος.

2015 3527 2072 3580 ὐ
2119 3526 2228 3597 γὰρ
2272 3525 2694 3594 καταγινώσκων
2734 3521 2841 3578 τῶν
2884 3525 3013 3596 μίαν
3049 3526 3314 3593 λεγόντων
3350 3526 3582 3594 θεότητα

2001 3619 2062 3685 ἐξ
2088 3620 2336 3690 ἀνάγκης
2371 3618 2449 3689 τῷ
2474 3617 2676 3682 πολλὰς
2716 3617 3006 3691 λέγοντι,ἣ
3041 3617 3118 3688 τῷ
3151 3617 3423 3688 μηδεμίαν
3459 3634 3582 3669 συν-

2001 3711 2245 3783 θήσεται.
2295 3710 2370 3763 Οὑ
2407 3710 2515 3782 γάρ
2563 3711 2681 3764 ἐστι
2731 3710 2954 3764 δυνατὸν
3000 3709 3185 3780 ἕτερόν
3223 3726 3276 3761 τι
3321 3708 3476 3778 παρὰ
3520 3709 3584 3761 τὸ

2001 3802 2289 3875 εἰρημένον
2348 3805 2651 3874 ἐπινοῆσαι.
2690 3803 2828 3856 Ἀλλ’
2872 3802 2996 3857 οὔτε
3053 3801 3254 3865 πολλὰς
3307 3801 3490 3870 λέγειν
3547 3804 3581 3871 ἡ

2002 3893 2358 3957 θεόπνευστος
2411 3896 2682 3966 συγχωρεῖ
2730 3892 3068 3955 διδασκαλία,
3123 3893 3275 3946 εῐπου
3331 3893 3429 3944 καὶ
3485 3891 3584 3960 μὲο

2006 4002 2222 4056 μνηται,
2250 3985 2498 4055 μοναχῶς
2513 3983 2610 4054 τῆς
2633 3983 2882 4055 θεότητος
2902 3982 3013 4055 (94)
3039 4000 3144 4053 μνη
3153 3981 3477 4053 μονεύουσα,
3496 3982 3580 4033 ὅτι

2015 4078 2118 4132 Ἐν
2143 4077 2302 4142 αὐτῷ
2329 4076 2591 4130 κατοικεῖ
2638 4074 2760 4130 πᾶν
2795 4075 2862 4129 τὸ
2912 4076 3201 4144 πλήρωμα
3239 4072 3346 4141 τῆς
3380 4075 3584 4141 θεότη-

2002 4185 2104 4234 τος
2123 4183 2136 4199 ’
2170 4168 2263 4221 καὶ
2295 4166 2521 4238 ἐτέρωθι
2540 4183 2554 4197 ⁸
2602 4165 2680 4220 Τὰ
2706 4166 2816 4235 τὰρ
2847 4167 3067 4234 ἀόρατα
3098 4165 3284 4220 αὑτοῦ
3308 4164 3428 4218 ἀπὸ
3461 4165 3584 4218 κτί-

2003 4273 2156 4325 σεως
2181 4260 2416 4328 κόσμου
2443 4258 2568 4323 τοῖς
2595 4256 2885 4326 ποιήμασι
2910 4257 3206 4325 νοούμενα
3241 4253 3579 4322 καθορᾶται,

2004 4349 2042 4417 ἣ
2077 4366 2139 4402 τε
2166 4347 2352 4413 ἀΐδιος
2380 4346 2566 4401 αὑτοῦ
2593 4347 2846 4414 δύναμις
2879 4346 2977 4399 καὶ
3002 4347 3252 4411 θειότης.
3287 4346 3350 4398 Εἰ
3378 4341 3473 4398 οὖν
3502 4346 3584 4406 εἰς

2005 4433 2500 4513 πλῆθος-’ἐκτείνειν
2537 4440 2626 4492 τὸν
2669 4439 2901 4510 ἀριθμὸν
2941 4437 3050 4490 τῶν
3091 4437 3379 4508 θεοτήτων,
3423 4437 3585 4508 μόνον

316 4537 441 4577 runt
487 4519 868 4581 divinitatum,
921 4519 1141 4572 illorum
1195 4520 1373 4573 solum
1414 4530 1527 4585 est,
1571 4523 1662 4592 qui
1708 4539 1896 4581 errore

2004 4533 2111 4586 τῶν
2143 4535 2242 4604 τὴν
2275 4532 2532 4586 πολύθεον
2569 4531 2778 4602 πλάνην
2819 4530 3184 4601 νενοσηκότων
3231 4529 3380 4581 ἐστί·
3420 4528 3481 4581 τὸ
3525 4528 3583 4580 δὲ

318 4609 693 4666 multitudinis
721 4609 950 4664 deorum
978 4609 1232 4663 laborant
1264 4629 1278 4664 :
1307 4612 1531 4666 omnino
1553 4621 1735 4668 autem
1758 4616 1901 4670 divi-

317 4704 546 4759 nitatem
571 4716 792 4773 negare,
822 4702 1108 4758 atbeorum
1135 4699 1332 4768 fuerit;
1361 4718 1468 4772 qua
1499 4705 1715 4762 ratione
1737 4706 1894 4762 incu-

319 4808 528 4858 samur,
565 4791 713 4863 quod
747 4807 910 4846 unam
957 4791 1322 4847 conﬁteamur
1364 4793 1745 4850 divinitatem?
1791 4796 1897 4854 Sed

316 4886 564 4956 apertius
604 4884 871 4940 orationis
918 4898 1031 4938 suae
1076 4883 1286 4939 nudant
1329 4888 1670 4957 propositum
1701 4909 1713 4945 :
1744 4890 1896 4948 Patri

315 4977 542 5047 quidem
573 4975 892 5041 convenire,
916 4983 977 5029 ut
1009 4973 1154 5031 Deus
1187 4976 1280 5042 sit,
1312 4989 1376 5030 ac
1401 4975 1602 5033 Filium
1639 4981 1897 5040 similiter

315 5068 622 5122 divinitatis
652 5069 877 5122 nomine
900 5067 1163 5122 honorari
1196 5070 1598 5135 assentientes;
1629 5072 1895 5144 Spiritum

315 5176 468 5227 vero,
495 5160 590 5231 qui
621 5175 729 5214 una
756 5175 900 5228 _cum
931 5157 1093 5215 Patre
1123 5165 1176 5214 et
1201 5157 1340 5214 Filio
1373 5173 1717 5230 numeratur,
1755 5168 1897 5223 divi-

387 5317 432 5347 "
462 5317 646 5371 Colos.
680 5332 742 5380 ιι,
769 5315 821 5370 9.
897 5315 944 5346 δε
972 5314 1132 5368 Rom.
1163 5329 1200 5382 ι,
1229 5313 1320 5367 2t).

391 5451 502 5522 (91)
538 5451 1034 5522 ὀμολογυύντων.
1066 5451 1126 5506 In
1155 5465 1266 5505 uno
1297 5449 1577 5522 exiﬂcgiis
1609 5455 1896 5513 codicibus

320 5520 828 5606 ono}o~{oﬁvmg,‘et
870 5524 1033 5592 paulo
1064 5531 1190 5592 post
1237 5523 1295 5576 in
1335 5521 1595 5578 Medicaeo
1637 5525 1898 5594 λέγοντας

319 5595 504 5729 ἡθῶἓ)
548 5661 701 5715 οὐδὲ
744 5661 906 5729 ἡμῖν,
954 5661 1192 5716 Primam
1227 5677 1416 5716 vocem
1467 5664 1780 5722 addidimus
1827 5683 1896 5723 ex

323 5748 420 5786 sex
451 5747 584 5786 mss.
613 5740 663 5786 et
709 5732 974 5801 Nysseno.
1012 5731 1183 5801 Paulo
1229 5743 1350 5800 post
1378 5735 1508 5788 editi
1549 5736 1640 5788 ἐπὶ
1681 5738 1899 5801 τούτοις

320 5804 440 5865 ἥξει
472 5802 688 5864 πάντως
729 5799 768 5864 ἡ⁷
794 5800 912 5855 θεία
956 5803 1074 5865 τῆς.
1115 5799 1386 5858 Βοκίιῐιεε.
1431 5815 1485 5859 et
1519 5804 1800 5867 stsenus
1834 5799 1896 5864 ut

2006 4626 2231 4679 καθόλου
2271 4625 2550 4698 ἀρνεῖσθαι
2585 4623 2683 4696 τὴν
2723 4623 2950 4694 θεότητα
2996 4622 3107 4676 τῶν
3154 4622 3326 4676 ἀθέων
3358 4621 3426 4675 ἂν
3459 4623 3578 4692 εἴη·

2003 4717 2086 4780 τίς
2121 4717 2278 4785 λόγος
2313 4718 2456 4769 ἐστὶν
2493 4719 2521 4769 ὁ
2551 4715 2851 4769 διαϐάλλων
2893 4716 3040 4786 ἡμᾶς
3069 4714 3161 4767 ἐπὶ
3187 4713 3265 4785 τῷ
3291 4713 3421 4784 μίαν
3448 4715 3581 4784 ὁμο-

2003 4807 2179 4877 λογεῖν
2217 4808 2313 4880 τὴν
2353 4807 2618 4878 θεότητα;
2661 4807 2798 4860 Ἀλλ’
2839 4807 3238 4860 ὲκκαλύπτουσι
3276 4806 3585 4877 φανερώτε-

2010 4917 2100 4970 ρον
2131 4900 2222 4954 τὸν
2252 4901 2346 4954 τοῦ
2377 4901 2534 4969 λόγου
2564 4891 2771 4953 ’σκοπόν
2791 4916 2804 4931 ·
2841 4900 2934 4952 ἐπὶ
2970 4901 3067 4970 μέν
3104 4898 3196 4951 τοῦ
3243 4899 3458 4969 Πατρδς
3487 4915 3585 4950 κα-

2004 4991 2318 5061 ταδέχεσθαι
2360 4993 2450 5046 τὸν
2486 4990 2617 5044 Θεὸν
2655 4987 2813 5055 εἶναι,
2870 4991 2965 5043 καὶ
3011 4990 3103 5043 τὸν
3146 4989 3274 5042 Υίὸν
3323 4989 3584 5052 ὡσαύτως

2001 5083 2261 5153 τιμᾶσθαι
2315 5082 2390 5152 τῷ
2443 5083 2543 5154 τῆς
2595 5081 2844 5152 θεότητος
2895 5081 3120 5151 ὀνόματι
3173 5079 3578 5149 συντιθέμενον

2002 5176 2064 5229 τὺ
2113 5176 2170 5229 δὲ
2223 5176 2467 5247 Πνεῦμα,
2511 5177 2688 5245 Πατρὶ
2741 5177 2835 5228 καὶ
2886 5171 3000 5243 Υίῷ
3060 5171 3580 5243 συναριθμούμενον,

1997 5458 2054 5512 in
2086 5463 2262 5510 textu.

2071 5527 2184 5598 (95)
2231 5523 2310 5593 Τῇ
2337 5525 2484 5591 θείᾳ.
2518 5522 2661 5598 Editi
2689 5526 2748 5579 ἐν
2779 5526 2846 5597 τῇ
2875 5524 3015 5598 θείᾳ,
3052 5526 3147 5584 sed
3180 5525 3333 5580 deest
3361 5539 3579 5596 praepo-

1999 5599 2132 5654 sitio
2167 5597 2219 5650 in
2253 5611 2348 5649 sex
2387 5597 2595 5649 nostris
2622 5611 2757 5650 mss.

2069 5666 2181 5737 (94)
2220 5664 2512 5737 Μοναχῶς
2558 5664 2694 5737 τῆςή
2724 5667 3022 5737 θεότητος.
3081 5665 3155 5718 Ita
3189 5680 3299 5737 se}
3348 5680 3482 5737 mss.
3514 5670 3580 5737 ‘et

1997 5733 2230 5809 vetustte
2257 5735 2628 5809 editiones¢ac
2659 5736 2824 5809 (ᾔτεε.
2860 5736 3019 5809 Nyss.
3059 5736 3237 5792 Editio
3265 5734 3445 5791 l’aris.
3479 5733 3582 5804 τῆς

2001 5808 2255 5867 θεότητος
2291 5805 2595 5866 μοναδικῶς
2629 5805 2822 5868 αὐτῆς.
