3948 6214
310 360 419 419 689

1113 367 1607 426 EPISTOLARUM
1644 368 1930 424 CLASSIS
1962 368 2028 423 ll.
2073 324 2293 426 EPIST.
2334 369 2686 456 CLXXXIXI

3468 371 3578 428 690

313 485 510 557 μηκέτι
541 486 635 539 καὶ
665 488 731 558 τῇ
772 487 870 558 τῆς
900 481 1154 561 θεότητος
1200 489 1381 560 ἐννοίᾳ
1415 490 1891 562 συμπαραλαμδά-

1991 490 2181 546 nitatis
2213 490 2435 546 notione
2469 490 2699 546 minime
2730 489 3125 562 comprehendi
3146 527 3161 555 ,
3194 487 3292 546 sed
3336 503 3368 544 a
3409 488 3573 545 Patre

305 573 529 628 νεσθαιο
562 574 677 628 ἀλλ’
721 574 787 628 ἐκ
822 576 1036 666 Πατρός
1091 577 1254 649 μέχρι
1300 577 1396 631 τοῦ
1436 579 1566 632 Υίοῦ
1596 578 1889 651 ἱσταμένην

1991 581 2059 636 ad
2107 579 2303 636 Filium
2361 598 2537 652 usque
2591 583 2885 637 terminata
2933 581 3240 638 divinitatis
3290 587 3570 652 potentia,

304 670 409 738 τὴν
451 669 551 741 τῆς
597 668 846 740 θεότητος
889 670 1150 740 δύναμιν,
1191 671 1506 743 ἀποκρίνειν
1551 673 1653 743 τῆς
1700 671 1888 742 θεῖκῆς

1989 677 2239 723 naturam
2276 669 2516 740 Spiritus
2564 686 2595 725 a
2643 671 2828 726 divina
2879 671 3054 743 gloria
3103 670 3337 727 secerni.
3384 667 3573 724 Disse-

302 756 466 830 δόξης
512 758 613 832 τὴν
659 758 820 829 φύσιν
862 758 955 815 τοῦ
994 761 1330 832 Πνεύματος.
1368 761 1575 816 Οὐκοῦν
1617 762 1887 834 ἀπολογη-

302 849 427 903 τέον
459 851 555 928 καὶ
588 852 739 922 ἡμῖν,
774 850 849 915 ὡς
881 849 947 906 ἂν
977 848 1080 906 οἷοί
1111 869 1171 907 τε
1200 846 1374 924 ὦμεν,
1402 853 1488 907 διὰ
1520 854 1768 926 βραχέων
1791 853 1886 908 καὶ

302 942 444 1013 πρὸς
466 941 670 1011 ταύτην
698 942 798 1012 τὴν
829 941 1058 999 ἔννοιαν.

375 1030 431 1086 5.
456 1030 566 1103 (95)
591 1031 687 1096 Τίς
713 1028 808 1086 οὖν
835 1035 864 1087 ὀ
882 1035 1150 1105 ἡμέτερος
1170 1034 1356 1106 λόγος;
1378 1036 1710 1107 Παραδιδοὺς
1724 1037 1752 1090 ὀ
1768 1035 1883 1089 Κύ-

301 1136 419 1194 ριος
454 1121 550 1194 τὴν
593 1124 858 1195 σωτήριον
914 1124 1096 1179 πίστιν
1141 1129 1254 1191 τοῖς
1300 1126 1757 1198 μαθητευομένοις
1806 1125 1883 1196 τῷ

288 1214 465 1286 -λόγῳ,
485 1214 565 1286 τῷ
592 1217 767 1287 Πατρὶ
788 1216 882 1270 καὶ
911 1215 990 1287 τῷ
1017 1217 1133 1290 Υίῷ
1160 1219 1420 1273 συνάπτει
1444 1219 1539 1274 καὶ
1570 1220 1629 1273 τὸ
1658 1218 1884 1290 Πνεῦμα

292 1303 360 1359 τὸ
387 1305 562 1375 ἅγιον.
592 1304 665 1359 Τό
697 1307 753 1360 δὲ
785 1306 1127 1379 συνημμένον
1164 1307 1310 1375 ἅπαξ
1334 1308 1424 1363 διὰ
1461 1309 1677 1363 πάντων
1705 1310 1880 1381 φαμὲν

292 1393 397 1467 τὴν
428 1394 721 1465 συνάφειαν
754 1394 914 1466 ἔχειν.
965 1397 1039 1450 Οὐ
1085 1397 1216 1470 γὰρ,
1263 1399 1322 1451 ὲν
1367 1400 1474 1452 τινὶ
1518 1400 1880 1470 συντεταγμέ-

290 1502 409 1549 νον,
444 1486 501 1538 ὲν
533 1486 738 1558 ἑτέροις
772 1488 1224 1557 ἀποσχοινίζεται.
1272 1489 1413 1544 Ἀλλ’
1444 1493 1502 1544 ὲν
1532 1493 1598 1562 τῇ
1633 1491 1878 1562 ζωοποιῷ

288 1574 543 1646 δυνάμει,
573 1576 691 1630 καθ’
724 1577 789 1649 ἢν
819 1580 883 1631 ὲκ
915 1578 1008 1632 τοῦ
1038 1579 1281 1653 φθαρτοῦ
1314 1580 1429 1651 βίου
1467 1583 1548 1644 είς
1579 1580 1875 1635 ἀθανασίαν

288 1670 328 1738 -ή
356 1670 518 1736 φύσις
545 1668 705 1741 ἡμῶν
742 1671 1226 1741 μετασκευάζεται,
1269 1673 1800 1745 συμπαραληφθεῖσα
1835 1677 1867 1745 ἠ

286 1759 389 1813 τοῦ
418 1760 733 1832 Πνεύματος
756 1761 982 1834 δύναμις
1014 1766 1188 1836 Πατρὶ
1223 1764 1317 1819 καὶ
1351 1763 1486 1836 Υίῷ,
1517 1765 1612 1820 καὶ
1649 1767 1708 1819 ἐν
1747 1767 1875 1818 πολ-

1989 760 2217 816 rendum
2264 762 2432 832 igitur
2480 771 2534 819 et
2589 762 2787 827 nobis,
2831 771 2891 817 ut
2939 762 3275 834 poterimus,
3310 759 3569 826 breviter,

1987 859 2183 906 contra
2214 851 2358 907 hanc
2381 867 2600 924 quoque
2625 852 2981 927 sententiam.

2056 1027 2108 1083 5.
2139 1027 2270 1096 Quae
2309 1036 2395 1084 est
2430 1028 2603 1101 igitur
2641 1038 2830 1084 nostra
2870 1026 3057 1083 ratio?
3090 1025 3357 1082 Tradens
3382 1021 3570 1080 Domi-

1984 1139 2092 1179 nus
2124 1123 2423 1177 salutarem
2462 1122 2624 1178 lidem
2654 1122 2744 1187 iis,
2778 1123 2870 1192 qui
2903 1121 2959 1176 in
2990 1120 3240 1177 doctrina
3265 1117 3567 1175 instituun-

1986 1217 2097 1277 tur,
2131 1209 2281 1264 Patri
2313 1225 2376 1264 ac
2406 1207 2545 1263 Filio
2579 1208 2867 1280 conjungit
2895 1219 2950 1266 et
2984 1209 3249 1281 Spiritum
3288 1216 3560 1264 sanctum.

1985 1300 2138 1368 Quod
2182 1310 2362 1357 autem
2399 1301 2566 1357 semel
2609 1304 2968 1372 conjunctum
2997 1308 3112 1366 est,
3146 1299 3202 1355 id
3252 1315 3350 1371 per
3379 1298 3565 1355 omnia

1985 1391 2341 1461 conjunctum
2402 1405 2526 1446 esse
2576 1390 2831 1446 dicimus.
2883 1390 3004 1445 Non
3052 1390 3199 1444 enim
3263 1393 3322 1444 in
3379 1389 3562 1459 aliquo

1983 1482 2375 1551 conjunctum,
2421 1483 2475 1536 in
2517 1482 2640 1539 aliis
2689 1483 3021 1555 sejungitur.
3063 1480 3171 1537 Sed
3218 1482 3275 1536 in
3318 1480 3563 1552 potentia

1983 1574 2229 1639 viviﬁca,
2270 1589 2368 1646 per
2407 1590 2572 1645 quam
2605 1590 2671 1631 ex
2702 1574 3044 1646 corruptibili
3076 1574 3188 1628 vita
3225 1571 3295 1626 ad
3334 1573 3562 1627 immor-

1978 1668 2244 1723 talitatem
2274 1676 2475 1723 natura
2505 1677 2698 1724 nostra
2726 1667 3080 1732 transfertur,
3108 1665 3353 1738 potentia
3386 1665 3562 1736 Spiri-

1978 1765 2067 1812 tus
2109 1772 2216 1812 una
2245 1773 2370 1812 cum
2400 1757 2564 1813 Patre
2597 1766 2652 1812 et
2682 1755 2821 1813 Filio
2851 1765 3153 1828 assumpta,
3187 1765 3243 1811 et
3273 1755 3330 1810 in
3368 1754 3559 1811 multis

290 1849 407 1915 λοῖς
447 1851 672 1923 ἑτέροις,
712 1846 824 1907 οἷον
861 1855 920 1909 ὲν
945 1856 1010 1927 τῇ
1042 1854 1184 1910 κατὰ
1223 1856 1285 1910 τὸ
1320 1855 1524 1926 ἀγαθὸν
1555 1856 1752 1928 ἐννοίᾳ,
1784 1859 1876 1912 καὶ

1981 1849 2134 1915 aliis,
2178 1849 2326 1904 velut
2361 1849 2417 1903 in
2451 1849 2675 1904 notione
2708 1849 2873 1915 boni,
2907 1855 2963 1904 et
3003 1846 3218 1912 sancti,
3250 1853 3305 1900 et
3333 1846 3557 1909 aeterni,

286 1942 353 1995 τὸ
378 1943 538 2012 ἅγιόν
563 1961 624 1997 τε
652 1945 747 1998 καὶ
768 1946 958 2015 ἀΐδιον,
987 1948 1167 2017 σοφὸν,
1203 1946 1379 2015 εὐθὲς,
1409 1950 1753 2021 ἡγεμονικὸν,
1782 1950 1873 2005 δυ-

287 2036 476 2101 νατὸν,
523 2039 617 2090 καὶ
662 2039 935 2110 πανταχοῦ
973 2040 1213 2111 δηλονότι
1243 2043 1306 2096 τὸ
1335 2041 1637 2116 ἀχώριστον
1671 2044 1784 2117 ἔχει
1814 2047 1871 2100 ἐν

287 2129 431 2181 πᾶσι
474 2131 585 2193 τοῖς
632 2130 769 2201 πρὸς
815 2132 877 2184 τὸ
925 2135 1171 2204 κρεῖττον
1213 2134 1636 2207 ὑπειλημμένοις
1672 2137 1870 2208 ὀνόμα-

289 2234 375 2272 σιν
403 2220 539 2291 (96).
580 2221 788 2275 Οὐκοῦν
818 2223 1096 2294 ἡγούμεθα
1142 2226 1321 2289 καλῶς
1369 2227 1514 2297 ἔχειν
1559 2228 1619 2281 τὸ
1674 2230 1731 2282 ὲν
1785 2246 1872 2282 το-

289 2310 521 2372 σαύταις
547 2311 779 2377 ἐννοίαις
807 2313 1038 2383 ὑψηλαῖς
1065 2332 1121 2367 τε
1143 2317 1236 2370 καὶ
1257 2316 1581 2391 θεοπρεπέσι
1611 2321 1871 2373 συναπτό-

283 2414 450 2470 μενον
482 2400 659 2459 Πατοὶ
697 2402 793 2454 καὶ
841 2401 954 2472 Υίῷ
998 2402 1056 2455 ὲν
1094 2404 1269 2458 οὐδενὶ
1297 2405 1671 2476 διακεκρίσθαι
1714 2407 1867 2477 νομί-

285 2488 419 2554 ζειν.
458 2491 593 2544 Οὐδὲ
618 2491 726 2564 γὰρ
754 2493 972 2565 οἴδαμέν
1003 2511 1126 2548 τινα
1155 2496 1264 2549 τῶν
1300 2498 1428 2568 περὶ
1462 2497 1561 2568 τὴν
1595 2496 1744 2553 θείαν
1769 2498 1870 2568 φύ-

286 2597 371 2634 σιν
409 2584 809 2653 ὲπινοουμένων
852 2585 1132 2657 ὀνομάτων
1172 2589 1271 2659 τὴν
1331 2587 1472 2642 κατὰ
1520 2592 1582 2642 τὸ
1626 2591 1868 2661 κρεῖττον

284 2672 379 2726 καὶ⁵
398 2673 461 2726 τὸ
488 2676 669 2745 χεῖρον
695 2674 984 2748 διαφορά-θ’
1020 2676 1097 2739 ὡς
1125 2678 1321 2746 εὐαγὲς
1351 2676 1464 2750 (97)
1490 2673 1629 2732 εἶναι
1663 2677 1867 2731 οἴεσθαι

280 2761 381 2835 τὴν
402 2763 462 2815 ὲν
488 2765 602 2828 τοῖς
634 2765 1078 2837 καταδεεστέροις
1115 2766 1226 2821 τῶν
1271 2767 1551 2839 ὀνομάτων
1585 2766 1868 2819 κοινωνίαν

285 2852 701 2924 συγχωροῦντας
714 2854 792 2926 τῷ
807 2856 947 2910 Πνεύ
956 2874 1104 2927 ματι,
1121 2856 1229 2911 τῶν
1245 2857 1649 2930 ὑπεραιρόντων
1661 2855 1868 2928 κρίνειν

1972 1940 2258 2012 sapientis,
2296 1940 2456 2005 recti,
2488 1940 2840 2010 principalis,
2868 1938 3129 2011 potentis,
3165 1938 3329 1994 etiam
3354 1937 3559 2007 ubique

1971 2032 2357 2104 inseparabilis
2397 2040 2518 2098 est,
2562 2030 2822 2087 videlicet
2858 2032 2917 2087 in
2949 2030 3205 2086 omnibus
3239 2028 3556 2085 nominibus

1970 2124 2407 2194 praastantiorem
2439 2122 2863 2194 intelligentiam
2909 2121 3260 2178 habentibus.
3302 2120 3556 2192 Quapro-

1970 2220 2091 2283 pter
2138 2213 2191 2268 id
2241 2220 2453 2268 rectum
2498 2225 2624 2267 esse
2670 2210 3024 2275 arbitramur,
3078 2216 3171 2275 ut,
3216 2210 3313 2281 qui
3360 2210 3417 2264 in
3470 2216 3552 2262 tot

1970 2304 2295 2359 sublimibus
2320 2302 2541 2373 Deoque
2577 2301 3015 2373 competentibus
3052 2301 3371 2356 notionibus
3410 2316 3549 2355 con-

1966 2393 2212 2464 jungitur
2248 2390 2396 2448 Patri
2437 2402 2491 2447 et
2527 2389 2697 2459 Filio,
2737 2405 2863 2446 eum
2904 2390 3053 2445 nulla
3095 2390 3153 2444 in
3191 2404 3251 2444 re
3294 2391 3546 2461 separari

1968 2484 2362 2541 existimemus.
2392 2481 2578 2553 Neque
2598 2483 2744 2538 enim
2766 2483 3025 2538 novimus
3049 2481 3218 2538 ullam
3241 2482 3544 2547 nominum,

1968 2591 2090 2646 quae
2134 2576 2282 2630 circa
2323 2573 2565 2631 divinam
2607 2581 2860 2630 naturam
2907 2573 3311 2645 intelliguntur,
3347 2588 3550 2630 secun-

1969 2667 2097 2723 dum
2131 2667 2328 2725 melius
2361 2682 2425 2724 ac
2459 2667 2705 2724 deterius
2738 2664 3123 2731 diﬂ‘erentiam,
3150 2673 3213 2722 ut
3241 2665 3392 2737 pium
3422 2681 3547 2722 esse

1967 2760 2347 2815 existimemus
2368 2799 2383 2825 ,
2419 2759 2704 2815 nominum
2751 2756 3076 2814 inferiorum
3107 2757 3546 2812 communionem

1966 2851 2332 2909 concedentes
2397 2849 2669 2924 Spiritui,
2724 2848 3201 2923 praastantioribus
3261 2849 3546 2921 indignum

280 2942 519 3009 ἀνάξιον.
538 2944 722 2999 Πάντα
746 2945 855 3018 γὰρ
881 2948 952 3001 τὰ
974 2948 1251 3020 θεοπρεπῆ
1278 2947 1525 3020 νοήματά
1551 2963 1612 3001 τε
1638 2947 1733 3002 καὶ
1746 2947 1865 3000 ὀνό-

1981 2942 2235 3004 iudicare.
2275 2941 2472 2998 Omnia
2502 2956 2743 3014 namque
2763 2940 2878 2999 Deo
2902 2940 3271 3012 competentia
3302 2948 3416 2994 tum
3444 2955 3548 2994 co-

282 3051 430 3105 ματα
454 3036 731 3107 όμοτίμως
755 3037 866 3109 ἔχει
890 3039 1027 3111 πρὸς
1047 3040 1269 3112 ἄλληλα,
1299 3040 1377 3111 τῷ
1408 3040 1574 3112 μηδὲν
1607 3040 1737 3112 περὶ
1766 3037 1865 3111 τὴν

1981 3035 2135 3105 ςίιειε
2157 3074 2174 3101 ,
2224 3042 2340 3090 tum
2373 3032 2540 3106 279
2574 3033 2798 3091 nomina
2834 3040 2965 3090 sunt
3005 3033 3152 3088 inter
3196 3048 3258 3089 se
3296 3032 3545 3104 ejusdem

276 3126 373 3178 τοῦ
417 3127 778 3198 ὑποκειμένου
822 3130 1107 3200 διαφωνεῖν
1142 3131 1253 3204 (98)
1294 3132 1590 3203 σημασίαν.
1638 3132 1712 3185 Οὐ
1754 3131 1864 3204 γὰρ

1981 3124 2274 3198 iignitatis,
2323 3140 2390 3181 eo
2432 3123 2580 3196 quod
2624 3123 2762 3180 nihil
2801 3124 2949 3180 circa
2985 3123 3220 3195 subjecti
3263 3120 3553 3194 signiﬁca-‘

275 3216 367 3269 ἐπ’
418 3216 553 3271 ἄλλο
608 3236 660 3272 τι
713 3221 1067 3293 ὑποκείμενον
1113 3209 1444 3294 χειραγωγεῖ
1483 3224 1583 3296 τὴν
1623 3214 1894 3279 διάνοιαν⁴

1981 3216 2165 3271 ,ionem
2195 3216 2431 3273 habeant
2450 3215 2810 3272 discriminis.
2843 3213 2963 3271 Non
2989 3215 3132 3271 enim
3164 3214 3365 3271 mentis
3396 3215 3547 3286 cogi-

278 3307 371 3361 τοῦ
404 3309 615 3378 ἀγαθοῦ
643 3313 675 3381 ή
708 3314 1069 3385 προσηγορία,
1104 3314 1188 3384 ἐφ’
1233 3315 1417 3387 ἕτερον
1475 3315 1532 3369 δὲ
1570 3318 1603 3387 ἡ
1644 3314 1738 3369 τοῦ
1772 3333 1861 3369 σο-

1981 3307 2218 3364 ationem
2275 3308 2345 3364 ad
2396 3307 2545 3363 aliud
2592 3307 2865 3379 quoddam
2918 3306 3228 3377 subjectum
3286 3304 3545 3377 perducit

281 3399 402 3468 φοῦ,
431 3401 530 3454 καὶ
556 3402 650 3457 τοῦ
678 3403 924 3474 δυνατοῦ,
955 3406 1050 3459 καὶ
1091 3405 1184 3459 τοῦ
1227 3405 1437 3462 δικαίου
1456 3424 1473 3440 ο
1504 3407 1618 3462 ἀλλ’
1651 3409 1860 3481 ὅσαπερ

1981 3398 2087 3454 toni
2113 3398 2408 3469 appellatio
2428 3439 2443 3464 ,
2473 3407 2529 3455 et
2556 3399 2626 3455 ad
2652 3399 2822 3465 aliud,
2853 3399 3149 3471 sapientis,
3180 3398 3452 3469 potentis,
3489 3405 3545 3453 et

276 3488 344 3544 ἃν
373 3494 536 3565 εῑπῃς
566 3493 825 3563 ὀνόματα,
864 3497 922 3551 ἓν
962 3497 1053 3552 διὰ
1101 3499 1317 3554 πάντων
1357 3500 1474 3553 ἐστὶ
1511 3499 1571 3554 τὸ
1605 3501 1859 3571 σημαινό-

1981 3490 2137 3546 usti:
2172 3490 2269 3545 sed
2316 3506 2659 3563 quaecunque
2704 3492 3004 3563 protuleris
3055 3491 3304 3561 nomina,
3358 3508 3534 3547 unum

278 3599 460 3653 μενον.
496 3585 617 3640 Κᾶν
664 3587 796 3641 Θεὸν
838 3589 1021 3661 είπῃς,
1067 3590 1158 3645 τὸν
1203 3591 1365 3646 αὐτὸν
1404 3590 1649 3658 ἐνεδείξω
1682 3591 1742 3646 ὃν
1773 3590 1859 3646 διὰ

1981 3597 2185 3640 ποι-ειιε
2224 3584 2411 3638 omnia
2453 3583 2785 3655 significant.
2833 3582 2991 3652 Quod
3025 3584 3072 3641 si
3103 3583 3309 3640 dixeris
3342 3583 3538 3649 Deum,

278 3676 384 3729 τῶν
415 3677 619 3733 λοιπῶν
649 3680 929 3752 ὀνομάτων
964 3684 1208 3755 ἐνόησας.
1244 3684 1308 3737 Ei
1346 3683 1404 3736 δὲ
1446 3684 1623 3737 πάντα
1652 3687 1719 3738 τὰ
1744 3684 1859 3738 ὀνό-

1981 3676 2209 3732 :umdem
2252 3677 2610 3748 signiﬁcasti,
2665 3692 2828 3748 quem
2883 3692 2981 3749 per
3034 3678 3246 3748 reliqua
3309 3679 3534 3734 nomina

281 3782 424 3837 ματα
448 3771 517 3841 τῇ
548 3769 668 3842 θεία
690 3771 851 3840 φύσει
880 3772 1242 3845 ἐπιλεγόμενα
1273 3776 1580 3845 ίσοδυναμεῖ
1611 3775 1858 3847 ἀλλήλοις

1981 3769 2297 3825 ntellexisti.
2325 3768 2483 3836 Quod
2529 3770 2577 3825 si
2624 3771 2810 3825 omnia
2871 3785 2995 3842 quae
3018 3770 3087 3825 de
3120 3770 3308 3827 divina
3335 3780 3541 3825 natura

278 3860 417 3913 κατὰ
451 3859 551 3932 τὴν
579 3862 672 3916 τοῦ
708 3865 1068 3937 ὑποκειμένου
1106 3866 1348 3934 ἔνδειξιν,
1390 3867 1526 3921 ἄλλα
1567 3867 1707 3921 κατὰ
1746 3867 1855 3939 (99)
1957 3857 2242 3927 dicunlur,
2286 3863 2534 3927 nomina,
2566 3861 2708 3919 idem
2755 3862 2898 3918 inter
2924 3878 3008 3928 se,
3036 3863 3103 3918 ad
3138 3863 3371 3933 subjecti
3393 3863 3540 3938 desi-

277 3946 445 4018 ἇλλην
478 3949 712 4020 ἔμφασιν
751 3954 842 4007 ἐπὶ
887 3956 949 4008 τὸ
988 3956 1119 4009 αὐτὸ
1142 3956 1240 4028 τὴν
1280 3958 1515 4012 διάνοιαν
1544 3959 1700 4029 ἡμῶν
1731 3959 1856 4030 ὁδη-

1981 3954 2269 4018 ;nationem
2318 3952 2534 4017 valent,
2572 3953 2680 4006 alia
2726 3968 2826 4024 pro
2856 3953 2967 4007 alia
3003 3954 3085 4009 rei
3124 3952 3539 4009 consideranda:

277 4038 507 4106 γοῦντα·
535 4040 617 4106 τίς
641 4045 669 4096 ό
691 4042 847 4113 λόγος
875 4045 972 4117 τὴν
992 4048 1050 4101 ὲν
1077 4050 1187 4111 τοῖς
1212 4049 1394 4113 ἄλλοις
1419 4050 1645 4121 ὀνόμασι
1675 4069 1859 4105 κοινω-

1981 4044 2170 4098 παιὶοιιε
2197 4053 2433 4099 mentem
2463 4052 2714 4100 nostram
2746 4045 2814 4099 ad
2845 4044 2987 4100 idem
3018 4043 3385 4109 deducentia;
3415 4060 3538 4117 quae

277 4127 414 4192 νίαν,
454 4131 591 4201 πρὸς
642 4133 863 4205 Πατέρα
912 4152 973 4189 τε
1019 4138 1112 4190 καὶ
1158 4138 1286 4192 Υἰὸν
1339 4142 1726 4213 συγχωροῦντα
1777 4142 1856 4214 τῷ

1981 4135 2097 4189 ἐιίο
2114 4143 2219 4198 εει,
2248 4135 2480 4190 aliorum
2508 4136 2795 4190 nominum
2821 4135 3266 4191 communionem
3293 4134 3535 4207 Spiritui

278 4219 575 4292 Πνεῦματι,
616 4224 783 4295 μόνης
821 4226 1221 4298 ἀποσχοινίζειν
1265 4231 1399 4285 αὐτὸ
1429 4233 1530 4303 τῆς
1567 4232 1852 4306 θεότητος;

1981 4240 2081 4280 rum
2114 4223 2277 4282 Patre
2308 4234 2362 4282 et
2392 4226 2531 4283 Filio
2563 4228 2979 4294 concedentem,
3027 4243 3059 4283 a
3092 4229 3210 4284 sola
3260 4228 3416 4283 illum
3447 4244 3536 4283 ar-

276 4310 487 4385 ἁνάγκη
514 4314 623 4387 γὰρ
652 4318 800 4371 πᾶσα
842 4319 876 4390 ἢ
922 4321 1016 4373 καὶ
1057 4322 1117 4373 ὲν
1162 4322 1336 4395 τούτῳ
1376 4324 1576 4381 διδόναι
1612 4326 1712 4400 τὴν
1739 4345 1856 4382 κοι-

1981 4332 2080 4375 :ere
2104 4317 2427 4375 divinitate?
2456 4334 2584 4374 nam
2615 4335 2844 4377 necesse
2874 4329 2958 4377 cst
2989 4322 3237 4387 omnino,
3267 4330 3360 4377 aut
3382 4337 3534 4377 com-

277 4402 493 4466 γωνίαν,
526 4402 562 4475 ἢ
617 4404 752 4477 μηδὲ
788 4405 888 4479 τὴν
927 4411 986 4462 ὲν
1030 4412 1143 4475 τοῖς
1185 4411 1391 4478 λοιποῖς
1436 4418 1759 4489 συγχωρεῖν.
1790 4419 1854 4471 Εἰ

1981 4410 2266 4466 nunionem
2308 4410 2367 4466 in
2400 4410 2507 4466 hoc
2546 4411 2710 4466 etiam
2742 4411 2897 4478 dare,
2930 4418 3026 4468 aut
3057 4428 3159 4470 nec
3202 4413 3261 4469 in
3305 4414 3535 4486 reliquis

277 4491 381 4598 γάρ
418 4493 480 4547 ὲν
502 4495 733 4598 ἐκείνοις
758 4496 926 4598 ἄξιον,
958 4499 1078 4553 οὐδὲ
1122 4504 1181 4554 ὲν
1218 4502 1392 4575 τούτῳ
1416 4504 1491 4577 (1)
1520 4507 1735 4573 πάντως
1762 4509 1855 4563 ἀνι
1886 4541 1894 4597 1

1981 4501 2186 4559 leferre.
2230 4501 2444 4558 Etenim
2479 4504 2527 4560 si
2570 4504 2628 4559 in
2674 4503 2785 4561 illis
2817 4503 3040 4577 dignus,
3079 4503 3327 4576 profecto
3354 4521 3534 4577 ιιειιιιε

279 4579 442 4644 ἀξιον.
498 4585 560 4638 Ei
599 4584 658 4639 δὲ
707 4588 1046 4660 μικρότερον,
1087 4591 1229 4647 κατὰ
1264 4593 1356 4648 τὸν
1412 4596 1635 4652 ἐκείνων
1672 4598 1848 4668 λόγον,
1886 4579 1894 4597 Ι

1981 4609 2006 4648 n
2049 4593 2155 4651 hoc
2200 4593 2479 4667 indignus.
2525 4593 2682 4661 Quod
2712 4595 2760 4651 si
2784 4595 2967 4652 minor
2992 4603 3111 4664 est,
3144 4603 3204 4652 ut
3237 4597 3328 4653 isti
3362 4597 3530 4653 dicti-

277 4673 421 4727 ἐστὶν
452 4673 485 4745 ἢ
524 4674 663 4730 ὥστε
707 4677 801 4732 τοῦ
831 4679 932 4750 τῆς
975 4680 1226 4753 θεότητος
1269 4683 1528 4756 ὀνόματος
1562 4687 1698 4758 πρὸς
1736 4690 1847 4742 Πα-

1981 4695 2091 4756 ant,
2120 4704 2284 4760 quam
2309 4697 2370 4743 ιιι
2400 4688 2711 4745 divinitatis
2735 4703 2935 4746 nomen
2968 4704 3093 4746 cum
3122 4687 3289 4746 Patre
3315 4698 3369 4746 et
3392 4687 3531 4745 Filio

277 4763 404 4834 τέρα
430 4782 492 4818 τε
529 4767 622 4820 καὶ
651 4767 779 4823 Υίόν
824 4770 923 4842 τὴν
950 4773 1231 4826 κοινωνίαν
1252 4779 1520 4848 χωρῆσαι,
1549 4778 1668 4831 οὐδὲ
1691 4780 1848 4835 ἄλλου

1983 4794 2239 4836 ommune
2294 4782 2523 4848 habeat;
2573 4797 2751 4854 neque
2795 4780 2995 4853 dignus
3041 4783 3177 4847 erit,
3221 4781 3315 4853 qui
3365 4781 3530 4838 ullius

276 4854 416 4918 τινὸς
456 4855 567 4909 τῶν
610 4857 925 4931 θεοπρεπῶν
970 4860 1248 4924 ὀνομάτων
1296 4864 1542 4935 μετέχειν
1572 4864 1719 4930 ἄξιον
1749 4867 1845 4938 (2).

1981 4873 2091 4928 lius
2142 4888 2212 4928 ex
2266 4875 2581 4930 nominibus
2626 4875 2738 4930 Deo
2766 4874 3204 4949 competentibus
3250 4874 3529 4945 particeps

276 4943 812 5042 ξίαταμανθανόμενα
855 4952 964 5023 γὰρ
1014 4953 1109 5006 καὶ
1153 4956 1553 5027 συγκρινόμενα
1581 4958 1716 5029 πρὸς
1756 4959 1848 5014 ἄλ-

1983 4963 2041 5018 it.
2070 4962 2427 5021 Considerata
2450 4968 2597 5022 enim
2618 4975 2674 5022 et
2695 4976 3011 5038 comparata
3042 4946 3187 5022 inter
3215 4982 3274 5022 se
3290 4965 3527 5042 ,nomiua

275 5034 409 5107 ληλα
451 5040 522 5094 τὰ
557 5041 794 5113 ὀνόματα
819 5044 908 5099 διὰ
952 5046 1052 5117 τῆς
1101 5048 1347 5113 ἑκάστοις
1376 5048 1451 5119 (5)
1478 5048 1847 5122 ὲνθεωρουμέ-

1981 5073 2047 5112 ει·
2079 5073 2202 5113 eam
2231 5059 2533 5123 notionem,
2581 5074 2748 5129 quam
2782 5060 2838 5114 in
2870 5059 3107 5131 singulis
3151 5040 3521 5137 speculamur,

348 5168 459 5311 (95)
494 5172 630 5228 Vide
660 5175 944 5234 Addenda.

348 5239 432 5311 (96
500 5244 845 5311 Ὀνόμασιν.
878 5249 944 5302 IL’d

343 5239 454 5324 φρ)
500 5244 845 5324 Ὀγόμασιρκ
878 5249 1021 5324 I_L‘_dit_i
1048 5250 1257 5324 addunt
1283 5255 1376 5305 καὶ
1406 5253 1505 5322 τὴν
1529 5254 1839 5324 συνάφειαν,

277 5307 379 5394 Sed
414 5307 531 5394 limo
556 5307 757 5394 desunt
785 5319 865 5394 in_
884 5317 1033 5394 Med.
1057 5330 1112 5375 et
1139 5320 1310 5394 Goisl.
1339 5307 1581 5379 secundo
1616 5307 1686 5379 ac.
1708 5307 1841 5394 Reg.

277 5381 517 5465 secundo
541 5392 614 5465 ἐι
643 5385 805 5465 Nyss.
848 5385 905 5442 In
943 5390 1124 5465 tribus
1161 5393 1286 5465 aliis
1318 5394 1600 5450 codicibus
1648 5381 1846 5465 legitur

278 5455 478 5538 tan‘t‘tli‘n
503 5452 601 5538 τῂν
630 5452 925 5538 συξδάφειαν
946 5461 1508 5538 sine_(_:onjunctione.

355 5513 600 5604 ειη-ὀς
646 5513 918 5604 ειτηηες.Δ
944 5513 1507 5604 δίέἰιεξὶιῖξὲ”ι“”ιὶιὲᾆ’
1539 5533 1710 5604 Regii.
1752 5534 1845 5591 Sic

274 5594 429 5674 etiam
471 5591 670 5663 legitur
696 5591 849 5674 apud
880 5597 1405 5674 GregoriumNyss;
1433 5591 1715 5660 Editioiies
1744 5606 1843 5659 Ba-

426 5660 651 5733 excépta
696 5660 1064 5739 Ηξιςιιηοεηξί,
1093 5670 1169 5735 ὡς
1211 5660 1511 5742 ὲνοῖγές,ἰιι
1548 5675 1696 5745 nefas
1739 5679 1840 5730 du-

404 5748 495 5777 l‘-~
698 5748 705 5756 ’

304 5746 470 5785 amns.
488 5766 495 5773 ~
698 5748 705 5756 ”

345 5801 452 5870 (98)
486 5804 827 5874 Διαφωνεῖν.
859 5812 937 5866 Ita
963 5828 1095 5869 mss.
1124 5820 1380 5884 quatuor.
1404 5814 1493 5872 Sic
1516 5816 1679 5873 etiam
1707 5818 1838 5877 Gre-

1949 5190 2147 5263 gorius
2179 5189 2479 5263 Nyssenus.
2532 5191 2814 5248 Editiones
2838 5186 3077 5263 vetustae
3117 5192 3305 5249 Basilii
3335 5192 3523 5262 διαφέο

1951 5259 2446 5336 ρεινεβιιεῖιεειιδίε
2474 5265 2717 5336 secunda
2752 5271 2805 5317 et
2832 5261 3015 5336 P_aris._
3039 5263 3316 5336 διαφέρειν

2020 5331 2133 5403 (99)
2166 5332 2361 5403 ’Ἄβελα
2390 5333 2561 5386 κατά.
2595 5331 2749 5403 Unus
2773 5348 2838 5403 ex
2862 5331 3051 5403 Regiis
3080 5331 3293 5387 ἀλλ”οὺ
3320 5338 3483 5392 κατά.

2018 5399 2121 5469 (1)
2145 5399 2298 5454 οὐδὲ
2340 5402 2410 5455 ἐν
2446 5403 2654 5468 τούτῳ.
2692 5399 2983 5459 Medicaeus
3023 5419 3148 5458 cum
3183 5406 3363 5462 tribus
3397 5410 3523 5463 aliis

1946 5470 2069 5524 οὐδὲ
2104 5472 2161 5522 ἐν
2191 5470 2425 5535 τούτοις.

2021 5540 2098 5610 (2)
2134 5538 2361 5603 Ἀξιον.
2398 5541 2551 5618 Editi
2567 5537 2636 5610 ἦν
2665 5540 2835 5618 ἄξιον.
2868 5541 3032 5599 Deest
3051 5544 3248 5598 vocula
3277 5544 3333 5599 in
3359 5547 3521 5618 quin-

1947 5625 2222 5683 quemss.
2252 5618 2306 5683 et
2338 5612 2486 5683 apud
2513 5611 2676 5681 Greg.
2700 5612 2863 5683 Nyss.

2018 5680 2093 5750 (ὅ)
2130 5679 2442 5758 Ἐκάοςτοις
2464 5679 2965 5758 ὲνᾷεώροιξμένῃς.
2992 5680 3080 5758 ῘιιιΔ
3095 5699 3229 5740 mss.
3252 5687 3519 5758 quinque,

1945 5766 2047 5875 ριὲο
2083 5765 2150 5805 eo
2178 5749 2325 5822 quod
2384 5759 2500 5809 erat
2553 5752 2608 5807 in
2646 5749 2824 5809 ’cditis
2880 5755 2939 5810 ὲν
2986 5753 3237 5820 ἑκάστοις
3270 5749 3520 5830 ’θεωρουὲ

1947 5839 1986 5875 μ
2017 5834 2133 5875 νης.

1947 5834 2133 5892 μενης.
