  <div class='ocr_page' id='page_1' title='image "/cluster/home/n/w/nwhite01/storage/ocr_20150623/32/mdp.39015011915462/359.png"; bbox 0 0 3948 6214; ppageno 0'>
   <div class='ocr_carea' id='block_1_1' title="bbox 338 306 3607 370">
    <p class='ocr_par' dir='ltr' id='par_1_1' title="bbox 338 306 3607 370">
     <span class='ocr_line' id='line_1_1' title="bbox 338 306 3607 370; baseline 0.002 -6"><span class='ocrx_word' id='word_1_1' title='bbox 338 307 432 365; x_wconf 78' lang='lat'><strong>60!</strong></span> <span class='ocrx_word' id='word_1_2' title='bbox 1650 308 1711 365; x_wconf 88' lang='lat' dir='ltr'><strong>S.</strong></span> <span class='ocrx_word' id='word_1_3' title='bbox 1744 306 1990 364; x_wconf 81' lang='lat' dir='ltr'><strong>BASlLll</strong></span> <span class='ocrx_word' id='word_1_4' title='bbox 2032 310 2247 369; x_wconf 78' lang='lat' dir='ltr'><strong>MAGNI</strong></span> <span class='ocrx_word' id='word_1_5' title='bbox 3497 313 3607 370; x_wconf 69' lang='lat'><strong>69‘!</strong></span> 
     </span>
    </p>
   </div>
   <div class='ocr_carea' id='block_1_2' title="bbox 242 394 1941 507">
    <p class='ocr_par' dir='ltr' id='par_1_2' title="bbox 242 394 1915 499">
     <span class='ocr_line' id='line_1_2' title="bbox 242 394 1915 499; baseline 0 -16"><span class='ocrx_word' id='word_1_6' title='bbox 242 434 247 439; x_wconf 92' lang='lat'>&#39;</span> <span class='ocrx_word' id='word_1_7' title='bbox 308 394 686 483; x_wconf 60' lang='grc' dir='ltr'><strong>τίιινιειιίιιιιιιιι·</strong></span> <span class='ocrx_word' id='word_1_8' title='bbox 743 425 838 483; x_wconf 86' lang='lat' dir='ltr'><strong>Dei</strong></span> <span class='ocrx_word' id='word_1_9' title='bbox 876 425 1242 499; x_wconf 77' lang='lat' dir='ltr'><strong>appellatione</strong></span> <span class='ocrx_word' id='word_1_10' title='bbox 1286 443 1398 486; x_wconf 92' lang='lat' dir='ltr'><strong>non</strong></span> <span class='ocrx_word' id='word_1_11' title='bbox 1442 425 1728 485; x_wconf 86' lang='lat' dir='ltr'><strong>inferiora.</strong></span> <span class='ocrx_word' id='word_1_12' title='bbox 1779 427 1915 499; x_wconf 85' lang='lat' dir='ltr'><strong>Ejus</strong></span> 
     </span>
    </p>
   </div>
   <div class='ocr_carea' id='block_1_3' title="bbox 2045 394 3609 507">
    <p class='ocr_par' dir='ltr' id='par_1_3' title="bbox 2045 431 3609 507">
     <span class='ocr_line' id='line_1_3' title="bbox 2045 431 3609 507; baseline -0.001 -20"><span class='ocrx_word' id='word_1_13' title='bbox 2045 450 2116 504; x_wconf 85' lang='grc' dir='ltr'><strong>ης</strong></span> <span class='ocrx_word' id='word_1_14' title='bbox 2156 433 2481 505; x_wconf 75' lang='grc' dir='ltr'><strong>ἐμφάσεως,</strong></span> <span class='ocrx_word' id='word_1_15' title='bbox 2533 432 2889 507; x_wconf 75' lang='grc' dir='ltr'><strong>εὑρεθήσεται</strong></span> <span class='ocrx_word' id='word_1_16' title='bbox 2939 431 3104 506; x_wconf 74' lang='grc' dir='ltr'><strong>μηδὲν</strong></span> <span class='ocrx_word' id='word_1_17' title='bbox 3160 432 3262 503; x_wconf 82' lang='grc' dir='ltr'><strong>τῆς</strong></span> <span class='ocrx_word' id='word_1_18' title='bbox 3312 433 3410 487; x_wconf 92' lang='grc' dir='ltr'><strong>τοῦ</strong></span> <span class='ocrx_word' id='word_1_19' title='bbox 3466 432 3609 486; x_wconf 87' lang='grc' dir='ltr'><strong>Θεοῦ</strong></span> 
     </span>
    </p>
   </div>
   <div class='ocr_carea' id='block_1_4' title="bbox 337 520 1941 597">
    <p class='ocr_par' dir='ltr' id='par_1_4' title="bbox 337 520 1916 591">
     <span class='ocr_line' id='line_1_4' title="bbox 337 520 1916 591; baseline 0 -17"><span class='ocrx_word' id='word_1_20' title='bbox 337 520 419 574; x_wconf 91' lang='lat' dir='ltr'><strong>rei</strong></span> <span class='ocrx_word' id='word_1_21' title='bbox 436 525 819 591; x_wconf 75' lang='lat' dir='ltr'><strong>argumentum</strong></span> <span class='ocrx_word' id='word_1_22' title='bbox 835 530 939 585; x_wconf 85' lang='lat' dir='ltr'><strong>est,</strong></span> <span class='ocrx_word' id='word_1_23' title='bbox 958 521 1104 591; x_wconf 86' lang='lat' dir='ltr'><strong>quod</strong></span> <span class='ocrx_word' id='word_1_24' title='bbox 1122 522 1227 577; x_wconf 87' lang='lat' dir='ltr'><strong>hoc</strong></span> <span class='ocrx_word' id='word_1_25' title='bbox 1242 522 1465 578; x_wconf 87' lang='lat' dir='ltr'><strong>nomine</strong></span> <span class='ocrx_word' id='word_1_26' title='bbox 1483 521 1653 577; x_wconf 90' lang='lat' dir='ltr'><strong>multa</strong></span> <span class='ocrx_word' id='word_1_27' title='bbox 1669 521 1834 577; x_wconf 89' lang='lat' dir='ltr'><strong>etiam</strong></span> <span class='ocrx_word' id='word_1_28' title='bbox 1851 535 1916 575; x_wconf 77' lang='lat' dir='ltr'><strong>ex</strong></span> 
     </span>
    </p>
   </div>
   <div class='ocr_carea' id='block_1_5' title="bbox 2045 520 3611 597">
    <p class='ocr_par' dir='ltr' id='par_1_5' title="bbox 2045 523 3611 597">
     <span class='ocr_line' id='line_1_5' title="bbox 2045 523 3611 597; baseline -0.001 -19"><span class='ocrx_word' id='word_1_29' title='bbox 2045 525 2392 597; x_wconf 74' lang='grc' dir='ltr'><strong>τροσηγορίας</strong></span> <span class='ocrx_word' id='word_1_30' title='bbox 2412 525 2632 580; x_wconf 72' lang='grc' dir='ltr'><strong>ἔλαττον</strong></span> <span class='ocrx_word' id='word_1_31' title='bbox 2649 524 2862 596; x_wconf 77' lang='grc' dir='ltr'><strong>ἔχοντα.</strong></span> <span class='ocrx_word' id='word_1_32' title='bbox 2884 523 3072 595; x_wconf 83' lang='grc' dir='ltr'><strong>Τεκμή</strong></span> <span class='ocrx_word' id='word_1_33' title='bbox 3083 540 3194 595; x_wconf 90' lang='grc' dir='ltr'><strong>ριον</strong></span> <span class='ocrx_word' id='word_1_34' title='bbox 3216 523 3295 588; x_wconf 83' lang='grc' dir='ltr'><strong>δὲ,</strong></span> <span class='ocrx_word' id='word_1_35' title='bbox 3317 524 3400 577; x_wconf 80' lang='grc' dir='ltr'><strong>ὅτι</strong></span> <span class='ocrx_word' id='word_1_36' title='bbox 3431 523 3611 596; x_wconf 83' lang='grc' dir='ltr'><strong>τούτῳ</strong></span> 
     </span>
    </p>
   </div>
   <div class='ocr_carea' id='block_1_6' title="bbox 337 610 1918 685">
    <p class='ocr_par' dir='ltr' id='par_1_6' title="bbox 337 610 1918 685">
     <span class='ocr_line' id='line_1_6' title="bbox 337 610 1918 685; baseline 0.001 -20"><span class='ocrx_word' id='word_1_37' title='bbox 337 610 695 668; x_wconf 82' lang='lat' dir='ltr'><strong>inferioribus</strong></span> <span class='ocrx_word' id='word_1_38' title='bbox 734 623 1040 682; x_wconf 88' lang='lat' dir='ltr'><strong>vocantur;</strong></span> <span class='ocrx_word' id='word_1_39' title='bbox 1092 614 1205 669; x_wconf 92' lang='lat' dir='ltr'><strong>imo</strong></span> <span class='ocrx_word' id='word_1_40' title='bbox 1248 613 1535 685; x_wconf 78' lang='lat' dir='ltr'><strong>Scriptura</strong></span> <span class='ocrx_word' id='word_1_41' title='bbox 1568 613 1756 669; x_wconf 86' lang='lat' dir='ltr'><strong>divina</strong></span> <span class='ocrx_word' id='word_1_42' title='bbox 1807 628 1918 667; x_wconf 92' lang='lat' dir='ltr'><strong>non</strong></span> 
     </span>
    </p>
   </div>
   <div class='ocr_carea' id='block_1_7' title="bbox 338 704 1922 778">
    <p class='ocr_par' dir='ltr' id='par_1_7' title="bbox 338 704 1922 778">
     <span class='ocr_line' id='line_1_7' title="bbox 338 704 1922 778; baseline 0.001 -21"><span class='ocrx_word' id='word_1_43' title='bbox 338 717 504 774; x_wconf 89' lang='lat' dir='ltr'><strong>parca</strong></span> <span class='ocrx_word' id='word_1_44' title='bbox 532 712 617 760; x_wconf 93' lang='lat' dir='ltr'><strong>est</strong></span> <span class='ocrx_word' id='word_1_45' title='bbox 647 704 812 775; x_wconf 87' lang='lat' dir='ltr'><strong>hujus</strong></span> <span class='ocrx_word' id='word_1_46' title='bbox 859 706 1139 776; x_wconf 72' lang='lat' dir='ltr'><strong>equivocae</strong></span> <span class='ocrx_word' id='word_1_47' title='bbox 1167 707 1552 778; x_wconf 82' lang='lat' dir='ltr'><strong>appellationis</strong></span> <span class='ocrx_word' id='word_1_48' title='bbox 1571 746 1587 772; x_wconf 90' lang='lat'><strong>,</strong></span> <span class='ocrx_word' id='word_1_49' title='bbox 1617 722 1689 762; x_wconf 91' lang='lat' dir='ltr'><strong>ne</strong></span> <span class='ocrx_word' id='word_1_50' title='bbox 1739 705 1795 760; x_wconf 92' lang='lat' dir='ltr'><strong>in</strong></span> <span class='ocrx_word' id='word_1_51' title='bbox 1824 704 1922 759; x_wconf 88' lang='lat' dir='ltr'><strong>ab-</strong></span> 
     </span>
    </p>
   </div>
   <div class='ocr_carea' id='block_1_8' title="bbox 338 796 1919 870">
    <p class='ocr_par' dir='ltr' id='par_1_8' title="bbox 338 796 1919 870">
     <span class='ocr_line' id='line_1_8' title="bbox 338 796 1919 870; baseline 0 -18"><span class='ocrx_word' id='word_1_52' title='bbox 338 796 525 853; x_wconf 84' lang='lat' dir='ltr'><strong>surdis</strong></span> <span class='ocrx_word' id='word_1_53' title='bbox 553 797 772 868; x_wconf 88' lang='lat' dir='ltr'><strong>quidem</strong></span> <span class='ocrx_word' id='word_1_54' title='bbox 800 806 856 854; x_wconf 92' lang='lat' dir='ltr'><strong>et</strong></span> <span class='ocrx_word' id='word_1_55' title='bbox 890 799 1321 870; x_wconf 88' lang='lat' dir='ltr'><strong>repugnantibus</strong></span> <span class='ocrx_word' id='word_1_56' title='bbox 1367 799 1537 855; x_wconf 84' lang='lat' dir='ltr'><strong>rebus</strong></span> <span class='ocrx_word' id='word_1_57' title='bbox 1557 840 1572 863; x_wconf 96' lang='lat'><strong>,</strong></span> <span class='ocrx_word' id='word_1_58' title='bbox 1617 799 1764 854; x_wconf 92' lang='lat' dir='ltr'><strong>velut</strong></span> <span class='ocrx_word' id='word_1_59' title='bbox 1794 812 1919 853; x_wconf 89' lang='lat' dir='ltr'><strong>cum</strong></span> 
     </span>
    </p>
   </div>
   <div class='ocr_carea' id='block_1_9' title="bbox 338 889 1920 963">
    <p class='ocr_par' dir='ltr' id='par_1_9' title="bbox 338 889 1920 963">
     <span class='ocr_line' id='line_1_9' title="bbox 338 889 1920 963; baseline 0.001 -20"><span class='ocrx_word' id='word_1_60' title='bbox 338 890 635 945; x_wconf 84' lang='lat' dir='ltr'><strong>simulacra</strong></span> <span class='ocrx_word' id='word_1_61' title='bbox 667 889 760 948; x_wconf 91' lang='lat' dir='ltr'><strong>Dei</strong></span> <span class='ocrx_word' id='word_1_62' title='bbox 796 892 1162 962; x_wconf 86' lang='lat' dir='ltr'><strong>appellatione</strong></span> <span class='ocrx_word' id='word_1_63' title='bbox 1210 891 1485 963; x_wconf 78' lang='lat' dir='ltr'><strong>designat.</strong></span> <span class='ocrx_word' id='word_1_64' title='bbox 1517 891 1611 946; x_wconf 86' lang='lat' dir='ltr'><strong>Dii</strong></span> <span class='ocrx_word' id='word_1_65' title='bbox 1636 893 1797 955; x_wconf 78' lang='lat' dir='ltr'><strong>enim,</strong></span> <span class='ocrx_word' id='word_1_66' title='bbox 1832 890 1920 944; x_wconf 88' lang='lat' dir='ltr'><strong>in-</strong></span> 
     </span>
    </p>
   </div>
   <div class='ocr_carea' id='block_1_10' title="bbox 338 974 1919 1049">
    <p class='ocr_par' dir='ltr' id='par_1_10' title="bbox 338 974 1919 1049">
     <span class='ocr_line' id='line_1_10' title="bbox 338 974 1919 1049; baseline 0.003 -22"><span class='ocrx_word' id='word_1_67' title='bbox 338 974 487 1043; x_wconf 84' lang='lat' dir='ltr'><strong>quit,</strong></span> <span class='ocrx_word' id='word_1_68' title='bbox 514 976 606 1046; x_wconf 81' lang='lat' dir='ltr'><strong>qui</strong></span> <span class='ocrx_word' id='word_1_69' title='bbox 648 976 835 1031; x_wconf 75' lang='lat' dir='ltr'><strong>cmlum</strong></span> <span class='ocrx_word' id='word_1_70' title='bbox 877 987 926 1032; x_wconf 86' lang='lat' dir='ltr'><strong>et</strong></span> <span class='ocrx_word' id='word_1_71' title='bbox 959 986 1159 1033; x_wconf 85' lang='lat' dir='ltr'><strong>terram</strong></span> <span class='ocrx_word' id='word_1_72' title='bbox 1203 995 1308 1033; x_wconf 85' lang='lat' dir='ltr'><strong>non</strong></span> <span class='ocrx_word' id='word_1_73' title='bbox 1340 980 1609 1049; x_wconf 78' lang='lat' dir='ltr'><strong>fecerunt,</strong></span> <span class='ocrx_word' id='word_1_74' title='bbox 1639 979 1919 1045; x_wconf 81' lang='lat' dir='ltr'><strong>tollantur,</strong></span> 
     </span>
    </p>
   </div>
   <div class='ocr_carea' id='block_1_11' title="bbox 339 1064 1923 1140">
    <p class='ocr_par' dir='ltr' id='par_1_11' title="bbox 339 1064 1923 1140">
     <span class='ocr_line' id='line_1_11' title="bbox 339 1064 1923 1140; baseline 0.004 -20"><span class='ocrx_word' id='word_1_75' title='bbox 339 1073 392 1120; x_wconf 78' lang='lat' dir='ltr'><strong>et</strong></span> <span class='ocrx_word' id='word_1_76' title='bbox 415 1064 593 1121; x_wconf 75' lang='lat' dir='ltr'><strong>subter</strong></span> <span class='ocrx_word' id='word_1_77' title='bbox 614 1076 808 1122; x_wconf 82' lang='lat' dir='ltr'><strong>terram</strong></span> <span class='ocrx_word' id='word_1_78' title='bbox 840 1069 1194 1140; x_wconf 79' lang='lat' dir='ltr'><strong>conjiciantur</strong></span> <span class='ocrx_word' id='word_1_79' title='bbox 1221 1072 1306 1138; x_wconf 78' lang='grc'><strong>⁸⁷;</strong></span> <span class='ocrx_word' id='word_1_80' title='bbox 1349 1073 1477 1128; x_wconf 88' lang='lat' dir='ltr'><strong>item</strong></span> <span class='ocrx_word' id='word_1_81' title='bbox 1514 1090 1528 1125; x_wconf 91' lang='lat'><strong>:</strong></span> <span class='ocrx_word' id='word_1_82' title='bbox 1565 1071 1794 1135; x_wconf 81' lang='lat' dir='ltr'><strong>Omnes,</strong></span> <span class='ocrx_word' id='word_1_83' title='bbox 1839 1071 1923 1127; x_wconf 89' lang='lat' dir='ltr'><strong>in-</strong></span> 
     </span>
    </p>
   </div>
   <div class='ocr_carea' id='block_1_12' title="bbox 330 1157 1920 1235">
    <p class='ocr_par' dir='ltr' id='par_1_12' title="bbox 330 1157 1920 1235">
     <span class='ocr_line' id='line_1_12' title="bbox 330 1157 1920 1235; baseline 0.004 -23"><span class='ocrx_word' id='word_1_84' title='bbox 330 1157 493 1228; x_wconf 75' lang='lat' dir='ltr'><strong>quit,</strong></span> <span class='ocrx_word' id='word_1_85' title='bbox 538 1158 617 1214; x_wconf 83' lang='lat' dir='ltr'><strong>dii</strong></span> <span class='ocrx_word' id='word_1_86' title='bbox 655 1163 888 1233; x_wconf 81' lang='lat' dir='ltr'><strong>gentium</strong></span> <span class='ocrx_word' id='word_1_87' title='bbox 933 1163 1199 1218; x_wconf 72' lang='lat' dir='ltr'><strong>daemonia</strong></span> <span class='ocrx_word' id='word_1_88' title='bbox 1222 1161 1291 1217; x_wconf 81' lang='grc'><strong>⁸⁸.</strong></span> <span class='ocrx_word' id='word_1_89' title='bbox 1325 1162 1394 1217; x_wconf 83' lang='lat' dir='ltr'><strong>Et</strong></span> <span class='ocrx_word' id='word_1_90' title='bbox 1433 1163 1762 1235; x_wconf 76' lang='lat' dir='ltr'><strong>pythonissa</strong></span> <span class='ocrx_word' id='word_1_91' title='bbox 1795 1179 1920 1219; x_wconf 89' lang='lat' dir='ltr'><strong>cum</strong></span> 
     </span>
    </p>
   </div>
   <div class='ocr_carea' id='block_1_13' title="bbox 330 1251 1924 1321">
    <p class='ocr_par' dir='ltr' id='par_1_13' title="bbox 330 1251 1924 1321">
     <span class='ocr_line' id='line_1_13' title="bbox 330 1251 1924 1321; baseline 0.004 -16"><span class='ocrx_word' id='word_1_92' title='bbox 330 1251 808 1308; x_wconf 78' lang='lat' dir='ltr'><strong>incantationibus</strong></span> <span class='ocrx_word' id='word_1_93' title='bbox 851 1255 969 1310; x_wconf 90' lang='lat' dir='ltr'><strong>suis</strong></span> <span class='ocrx_word' id='word_1_94' title='bbox 1011 1252 1166 1311; x_wconf 87' lang='lat' dir='ltr'><strong>Sauli</strong></span> <span class='ocrx_word' id='word_1_95' title='bbox 1191 1256 1407 1311; x_wconf 85' lang='lat' dir='ltr'><strong>animas</strong></span> <span class='ocrx_word' id='word_1_96' title='bbox 1436 1264 1728 1321; x_wconf 79' lang='lat' dir='ltr'><strong>evocaret,</strong></span> <span class='ocrx_word' id='word_1_97' title='bbox 1757 1255 1826 1311; x_wconf 92' lang='lat' dir='ltr'><strong>de</strong></span> <span class='ocrx_word' id='word_1_98' title='bbox 1854 1255 1924 1312; x_wconf 91' lang='lat' dir='ltr'><strong>iis</strong></span> 
     </span>
    </p>
   </div>
   <div class='ocr_carea' id='block_1_14' title="bbox 342 1344 1926 1417">
    <p class='ocr_par' dir='ltr' id='par_1_14' title="bbox 342 1344 1926 1417">
     <span class='ocr_line' id='line_1_14' title="bbox 342 1344 1926 1417; baseline 0.004 -20"><span class='ocrx_word' id='word_1_99' title='bbox 342 1344 629 1401; x_wconf 87' lang='lat' dir='ltr'><strong>animabus</strong></span> <span class='ocrx_word' id='word_1_100' title='bbox 690 1360 811 1416; x_wconf 68' lang='lat' dir='ltr'><strong>quae</strong></span> <span class='ocrx_word' id='word_1_101' title='bbox 873 1347 1337 1417; x_wconf 89' lang='lat' dir='ltr'><strong>requirebantur,</strong></span> <span class='ocrx_word' id='word_1_102' title='bbox 1408 1346 1543 1402; x_wconf 91' lang='lat' dir='ltr'><strong>deos</strong></span> <span class='ocrx_word' id='word_1_103' title='bbox 1601 1346 1806 1402; x_wconf 81' lang='lat' dir='ltr'><strong>vidisse</strong></span> <span class='ocrx_word' id='word_1_104' title='bbox 1865 1361 1926 1403; x_wconf 88' lang='lat' dir='ltr'><strong>se</strong></span> 
     </span>
    </p>
   </div>
   <div class='ocr_carea' id='block_1_15' title="bbox 341 1434 1923 1512">
    <p class='ocr_par' dir='ltr' id='par_1_15' title="bbox 341 1434 1923 1512">
     <span class='ocr_line' id='line_1_15' title="bbox 341 1434 1923 1512; baseline 0.001 -21"><span class='ocrx_word' id='word_1_105' title='bbox 341 1436 482 1491; x_wconf 81' lang='lat' dir='ltr'><strong>dixit</strong></span> <span class='ocrx_word' id='word_1_106' title='bbox 512 1436 581 1491; x_wconf 79' lang='lat'><strong>”.</strong></span> <span class='ocrx_word' id='word_1_107' title='bbox 620 1434 763 1504; x_wconf 85' lang='lat' dir='ltr'><strong>Quin</strong></span> <span class='ocrx_word' id='word_1_108' title='bbox 793 1446 848 1493; x_wconf 91' lang='lat' dir='ltr'><strong>et</strong></span> <span class='ocrx_word' id='word_1_109' title='bbox 892 1438 1008 1509; x_wconf 91' lang='lat' dir='ltr'><strong>ipse</strong></span> <span class='ocrx_word' id='word_1_110' title='bbox 1047 1438 1269 1493; x_wconf 87' lang='lat' dir='ltr'><strong>Balaam</strong></span> <span class='ocrx_word' id='word_1_111' title='bbox 1291 1479 1307 1505; x_wconf 92' lang='lat'><strong>,</strong></span> <span class='ocrx_word' id='word_1_112' title='bbox 1346 1454 1474 1495; x_wconf 75' lang='lat' dir='ltr'><strong>cum</strong></span> <span class='ocrx_word' id='word_1_113' title='bbox 1508 1455 1683 1511; x_wconf 85' lang='lat' dir='ltr'><strong>augur</strong></span> <span class='ocrx_word' id='word_1_114' title='bbox 1705 1439 1923 1512; x_wconf 86' lang='lat' dir='ltr'><strong>quidam</strong></span> 
     </span>
    </p>
   </div>
   <div class='ocr_carea' id='block_1_16' title="bbox 342 1530 1925 1603">
    <p class='ocr_par' dir='ltr' id='par_1_16' title="bbox 342 1530 1925 1603">
     <span class='ocr_line' id='line_1_16' title="bbox 342 1530 1925 1603; baseline 0.001 -20"><span class='ocrx_word' id='word_1_115' title='bbox 342 1536 490 1583; x_wconf 92' lang='lat' dir='ltr'><strong>esset</strong></span> <span class='ocrx_word' id='word_1_116' title='bbox 512 1536 565 1584; x_wconf 92' lang='lat' dir='ltr'><strong>et</strong></span> <span class='ocrx_word' id='word_1_117' title='bbox 592 1537 769 1595; x_wconf 89' lang='lat' dir='ltr'><strong>vates,</strong></span> <span class='ocrx_word' id='word_1_118' title='bbox 796 1538 851 1585; x_wconf 92' lang='lat' dir='ltr'><strong>et</strong></span> <span class='ocrx_word' id='word_1_119' title='bbox 873 1546 967 1600; x_wconf 88' lang='lat' dir='ltr'><strong>per</strong></span> <span class='ocrx_word' id='word_1_120' title='bbox 991 1545 1235 1596; x_wconf 85' lang='lat' dir='ltr'><strong>manum,</strong></span> <span class='ocrx_word' id='word_1_121' title='bbox 1253 1538 1313 1585; x_wconf 83' lang='lat' dir='ltr'><strong>ut</strong></span> <span class='ocrx_word' id='word_1_122' title='bbox 1347 1531 1424 1585; x_wconf 92' lang='lat' dir='ltr'><strong>ait</strong></span> <span class='ocrx_word' id='word_1_123' title='bbox 1448 1530 1753 1603; x_wconf 85' lang='lat' dir='ltr'><strong>Scriptura,</strong></span> <span class='ocrx_word' id='word_1_124' title='bbox 1783 1531 1925 1585; x_wconf 87' lang='lat' dir='ltr'><strong>vati-</strong></span> 
     </span>
    </p>
   </div>
   <div class='ocr_carea' id='block_1_17' title="bbox 344 1619 1927 1695">
    <p class='ocr_par' dir='ltr' id='par_1_17' title="bbox 344 1619 1927 1695">
     <span class='ocr_line' id='line_1_17' title="bbox 344 1619 1927 1695; baseline 0.002 -21"><span class='ocrx_word' id='word_1_125' title='bbox 344 1619 492 1674; x_wconf 88' lang='lat' dir='ltr'><strong>cinia</strong></span> <span class='ocrx_word' id='word_1_126' title='bbox 537 1619 743 1687; x_wconf 78' lang='lat' dir='ltr'><strong>ferret,</strong></span> <span class='ocrx_word' id='word_1_127' title='bbox 784 1629 840 1676; x_wconf 91' lang='lat' dir='ltr'><strong>et</strong></span> <span class='ocrx_word' id='word_1_128' title='bbox 869 1621 1183 1677; x_wconf 60' lang='lat' dir='ltr'><strong>daemonum</strong></span> <span class='ocrx_word' id='word_1_129' title='bbox 1212 1620 1524 1678; x_wconf 84' lang='lat' dir='ltr'><strong>doctrinam</strong></span> <span class='ocrx_word' id='word_1_130' title='bbox 1555 1639 1652 1693; x_wconf 90' lang='lat' dir='ltr'><strong>per</strong></span> <span class='ocrx_word' id='word_1_131' title='bbox 1686 1639 1927 1695; x_wconf 81' lang='lat' dir='ltr'><strong>augura-</strong></span> 
     </span>
    </p>
   </div>
   <div class='ocr_carea' id='block_1_18' title="bbox 2022 613 3612 687">
    <p class='ocr_par' dir='ltr' id='par_1_18' title="bbox 2022 613 3612 687">
     <span class='ocr_line' id='line_1_18' title="bbox 2022 613 3612 687; baseline 0.001 -20"><span class='ocrx_word' id='word_1_132' title='bbox 2022 615 2125 685; x_wconf 86' lang='grc' dir='ltr'><strong>μὲν</strong></span> <span class='ocrx_word' id='word_1_133' title='bbox 2143 613 2223 686; x_wconf 82' lang='grc' dir='ltr'><strong>τῷ</strong></span> <span class='ocrx_word' id='word_1_134' title='bbox 2250 614 2473 686; x_wconf 83' lang='grc' dir='ltr'><strong>ὀνόματι</strong></span> <span class='ocrx_word' id='word_1_135' title='bbox 2501 616 2673 670; x_wconf 86' lang='grc' dir='ltr'><strong>πολλά</strong></span> <span class='ocrx_word' id='word_1_136' title='bbox 2699 615 2792 669; x_wconf 69' lang='grc' dir='ltr'><strong>καὶ</strong></span> <span class='ocrx_word' id='word_1_137' title='bbox 2812 614 2923 670; x_wconf 84' lang='grc' dir='ltr'><strong>τῶν</strong></span> <span class='ocrx_word' id='word_1_138' title='bbox 2955 615 3392 687; x_wconf 86' lang='grc' dir='ltr'><strong>καταδεεστέρων</strong></span> <span class='ocrx_word' id='word_1_139' title='bbox 3415 617 3612 668; x_wconf 72' lang='grc' dir='ltr'><strong>ἐπονο-</strong></span> 
     </span>
    </p>
   </div>
   <div class='ocr_carea' id='block_1_19' title="bbox 2023 705 3608 779">
    <p class='ocr_par' dir='ltr' id='par_1_19' title="bbox 2023 705 3608 779">
     <span class='ocr_line' id='line_1_19' title="bbox 2023 705 3608 779; baseline 0.003 -21"><span class='ocrx_word' id='word_1_140' title='bbox 2023 705 2286 777; x_wconf 74' lang='grc' dir='ltr'><strong>μάζεται·</strong></span> <span class='ocrx_word' id='word_1_141' title='bbox 2335 705 2533 779; x_wconf 82' lang='grc' dir='ltr'><strong>μᾶλλον</strong></span> <span class='ocrx_word' id='word_1_142' title='bbox 2577 706 2635 761; x_wconf 81' lang='grc' dir='ltr'><strong>δὲ</strong></span> <span class='ocrx_word' id='word_1_143' title='bbox 2674 707 2736 761; x_wconf 76' lang='grc' dir='ltr'><strong>οὐ</strong></span> <span class='ocrx_word' id='word_1_144' title='bbox 2785 706 3024 777; x_wconf 83' lang='grc' dir='ltr'><strong>φείδεται</strong></span> <span class='ocrx_word' id='word_1_145' title='bbox 3059 709 3094 778; x_wconf 82' lang='grc' dir='ltr'><strong>ἠ</strong></span> <span class='ocrx_word' id='word_1_146' title='bbox 3124 705 3243 762; x_wconf 86' lang='grc' dir='ltr'><strong>θεία</strong></span> <span class='ocrx_word' id='word_1_147' title='bbox 3284 708 3476 779; x_wconf 75' lang='grc' dir='ltr'><strong>Γραφὴ</strong></span> <span class='ocrx_word' id='word_1_148' title='bbox 3508 708 3608 778; x_wconf 77' lang='grc' dir='ltr'><strong>τῆς</strong></span> 
     </span>
    </p>
   </div>
   <div class='ocr_carea' id='block_1_20' title="bbox 2019 798 3612 871">
    <p class='ocr_par' dir='ltr' id='par_1_20' title="bbox 2019 798 3612 871">
     <span class='ocr_line' id='line_1_20' title="bbox 2019 798 3612 871; baseline 0.001 -20"><span class='ocrx_word' id='word_1_149' title='bbox 2019 798 2338 870; x_wconf 82' lang='grc' dir='ltr'><strong>ὁμωνυμίας</strong></span> <span class='ocrx_word' id='word_1_150' title='bbox 2379 798 2582 871; x_wconf 82' lang='grc' dir='ltr'><strong>ταύτης</strong></span> <span class='ocrx_word' id='word_1_151' title='bbox 2605 838 2620 864; x_wconf 90' lang='grc'><strong>,</strong></span> <span class='ocrx_word' id='word_1_152' title='bbox 2666 799 2787 853; x_wconf 81' lang='grc' dir='ltr'><strong>οὐδὲ</strong></span> <span class='ocrx_word' id='word_1_153' title='bbox 2828 799 2920 853; x_wconf 79' lang='grc' dir='ltr'><strong>ἐπὶ</strong></span> <span class='ocrx_word' id='word_1_154' title='bbox 2979 799 3086 853; x_wconf 78' lang='grc' dir='ltr'><strong>τῶν</strong></span> <span class='ocrx_word' id='word_1_155' title='bbox 3150 800 3612 870; x_wconf 79' lang='grc' dir='ltr'><strong>ἀπεμφαινόντων</strong></span> 
     </span>
    </p>
   </div>
   <div class='ocr_carea' id='block_1_21' title="bbox 2022 893 3609 966">
    <p class='ocr_par' dir='ltr' id='par_1_21' title="bbox 2022 893 3609 966">
     <span class='ocr_line' id='line_1_21' title="bbox 2022 893 3609 966; baseline -0.001 -19"><span class='ocrx_word' id='word_1_156' title='bbox 2022 895 2382 966; x_wconf 79' lang='grc' dir='ltr'><strong>πραγμάτων,</strong></span> <span class='ocrx_word' id='word_1_157' title='bbox 2416 894 2492 958; x_wconf 82' lang='grc' dir='ltr'><strong>ὡς</strong></span> <span class='ocrx_word' id='word_1_158' title='bbox 2518 895 2647 949; x_wconf 84' lang='grc' dir='ltr'><strong>ὅταν</strong></span> <span class='ocrx_word' id='word_1_159' title='bbox 2688 895 2758 949; x_wconf 82' lang='grc' dir='ltr'><strong>τὰ</strong></span> <span class='ocrx_word' id='word_1_160' title='bbox 2809 893 3002 948; x_wconf 78' lang='grc' dir='ltr'><strong>εἴδωλα</strong></span> <span class='ocrx_word' id='word_1_161' title='bbox 3026 896 3092 965; x_wconf 78' lang='grc' dir='ltr'><strong>τῇ</strong></span> <span class='ocrx_word' id='word_1_162' title='bbox 3139 893 3235 948; x_wconf 89' lang='grc' dir='ltr'><strong>τοῦ</strong></span> <span class='ocrx_word' id='word_1_163' title='bbox 3262 893 3400 947; x_wconf 86' lang='grc' dir='ltr'><strong>Θεοῦ</strong></span> <span class='ocrx_word' id='word_1_164' title='bbox 3432 910 3609 965; x_wconf 78' lang='grc' dir='ltr'><strong>προσο</strong></span> 
     </span>
    </p>
   </div>
   <div class='ocr_carea' id='block_1_22' title="bbox 2021 980 3610 1060">
    <p class='ocr_par' dir='ltr' id='par_1_22' title="bbox 2021 980 3610 1060">
     <span class='ocr_line' id='line_1_22' title="bbox 2021 980 3610 1060; baseline -0.002 -24"><span class='ocrx_word' id='word_1_165' title='bbox 2021 984 2221 1056; x_wconf 82' lang='grc' dir='ltr'><strong>ηγορίᾳ</strong></span> <span class='ocrx_word' id='word_1_166' title='bbox 2249 981 2616 1060; x_wconf 74' lang='grc' dir='ltr'><strong>κατονομάζῃ.</strong></span> <span class='ocrx_word' id='word_1_167' title='bbox 2649 983 2780 1037; x_wconf 83' lang='grc' dir='ltr'><strong>Θεοὶ</strong></span> <span class='ocrx_word' id='word_1_168' title='bbox 2813 981 2942 1052; x_wconf 72' lang='grc' dir='ltr'><strong>γὰρ,</strong></span> <span class='ocrx_word' id='word_1_169' title='bbox 2977 982 3159 1052; x_wconf 71' lang='grc' dir='ltr'><strong>φησὶν,</strong></span> <span class='ocrx_word' id='word_1_170' title='bbox 3184 980 3244 1035; x_wconf 81' lang='lat' dir='ltr'><strong>ol</strong></span> <span class='ocrx_word' id='word_1_171' title='bbox 3272 982 3383 1035; x_wconf 75' lang='grc' dir='ltr'><strong>οὐκ</strong></span> <span class='ocrx_word' id='word_1_172' title='bbox 3403 981 3610 1047; x_wconf 77' lang='grc' dir='ltr'><strong>ἐποίη-</strong></span> 
     </span>
    </p>
   </div>
   <div class='ocr_carea' id='block_1_23' title="bbox 2023 1070 3611 1144">
    <p class='ocr_par' dir='ltr' id='par_1_23' title="bbox 2023 1070 3611 1144">
     <span class='ocr_line' id='line_1_23' title="bbox 2023 1070 3611 1144; baseline -0.004 -15"><span class='ocrx_word' id='word_1_173' title='bbox 2023 1093 2146 1129; x_wconf 82' lang='grc' dir='ltr'><strong>σαν</strong></span> <span class='ocrx_word' id='word_1_174' title='bbox 2190 1075 2299 1129; x_wconf 76' lang='grc' dir='ltr'><strong>τὸν</strong></span> <span class='ocrx_word' id='word_1_175' title='bbox 2338 1073 2600 1143; x_wconf 75' lang='grc' dir='ltr'><strong>οὐρανὸν</strong></span> <span class='ocrx_word' id='word_1_176' title='bbox 2633 1073 2733 1128; x_wconf 78' lang='grc' dir='ltr'><strong>καὶ</strong></span> <span class='ocrx_word' id='word_1_177' title='bbox 2776 1072 2893 1141; x_wconf 77' lang='grc' dir='ltr'><strong>τὴν</strong></span> <span class='ocrx_word' id='word_1_178' title='bbox 2915 1071 3054 1144; x_wconf 73' lang='grc' dir='ltr'><strong>γῆν,</strong></span> <span class='ocrx_word' id='word_1_179' title='bbox 3104 1071 3481 1142; x_wconf 78' lang='grc' dir='ltr'><strong>ἁρθήτωσάν,</strong></span> <span class='ocrx_word' id='word_1_180' title='bbox 3509 1070 3611 1124; x_wconf 75' lang='grc' dir='ltr'><strong>καὶ</strong></span> 
     </span>
    </p>
   </div>
   <div class='ocr_carea' id='block_1_24' title="bbox 2021 1163 3610 1235">
    <p class='ocr_par' dir='ltr' id='par_1_24' title="bbox 2021 1163 3610 1235">
     <span class='ocr_line' id='line_1_24' title="bbox 2021 1163 3610 1235; baseline -0.002 -16"><span class='ocrx_word' id='word_1_181' title='bbox 2021 1164 2301 1220; x_wconf 83' lang='grc' dir='ltr'><strong>ὑποκάτω</strong></span> <span class='ocrx_word' id='word_1_182' title='bbox 2349 1164 2460 1234; x_wconf 80' lang='grc' dir='ltr'><strong>τῆς</strong></span> <span class='ocrx_word' id='word_1_183' title='bbox 2510 1164 2624 1235; x_wconf 76' lang='grc' dir='ltr'><strong>γῆς</strong></span> <span class='ocrx_word' id='word_1_184' title='bbox 2668 1163 3109 1232; x_wconf 77' lang='grc' dir='ltr'><strong>βληθήτωσανο</strong></span> <span class='ocrx_word' id='word_1_185' title='bbox 3161 1164 3288 1225; x_wconf 68' lang='grc' dir='ltr'><strong>καὶ,</strong></span> <span class='ocrx_word' id='word_1_186' title='bbox 3342 1163 3610 1229; x_wconf 80' lang='grc' dir='ltr'><strong>Πάντες,</strong></span> 
     </span>
    </p>
   </div>
   <div class='ocr_carea' id='block_1_25' title="bbox 2024 1253 3615 1328">
    <p class='ocr_par' dir='ltr' id='par_1_25' title="bbox 2024 1253 3615 1328">
     <span class='ocr_line' id='line_1_25' title="bbox 2024 1253 3615 1328; baseline -0.003 -18"><span class='ocrx_word' id='word_1_187' title='bbox 2024 1257 2210 1328; x_wconf 79' lang='grc' dir='ltr'><strong>φησὶν,</strong></span> <span class='ocrx_word' id='word_1_188' title='bbox 2236 1259 2289 1311; x_wconf 79' lang='grc' dir='ltr'><strong>οἱ</strong></span> <span class='ocrx_word' id='word_1_189' title='bbox 2315 1256 2436 1312; x_wconf 77' lang='grc' dir='ltr'><strong>θεοὶ</strong></span> <span class='ocrx_word' id='word_1_190' title='bbox 2459 1255 2577 1311; x_wconf 78' lang='grc' dir='ltr'><strong>τῶν</strong></span> <span class='ocrx_word' id='word_1_191' title='bbox 2597 1253 2787 1311; x_wconf 78' lang='grc' dir='ltr'><strong>ἐθνῶν</strong></span> <span class='ocrx_word' id='word_1_192' title='bbox 2804 1255 3097 1325; x_wconf 77' lang='grc' dir='ltr'><strong>δαιμόνια.</strong></span> <span class='ocrx_word' id='word_1_193' title='bbox 3122 1254 3235 1308; x_wconf 69' lang='grc' dir='ltr'><strong>Καὶ</strong></span> <span class='ocrx_word' id='word_1_194' title='bbox 3254 1255 3289 1324; x_wconf 73' lang='grc' dir='ltr'><strong>ἡ</strong></span> <span class='ocrx_word' id='word_1_195' title='bbox 3313 1253 3615 1323; x_wconf 74' lang='grc' dir='ltr'><strong>ἐγγαστρί-</strong></span> 
     </span>
    </p>
   </div>
   <div class='ocr_carea' id='block_1_26' title="bbox 2028 1344 3615 1420">
    <p class='ocr_par' dir='ltr' id='par_1_26' title="bbox 2028 1344 3615 1420">
     <span class='ocr_line' id='line_1_26' title="bbox 2028 1344 3615 1420; baseline -0.002 -19"><span class='ocrx_word' id='word_1_196' title='bbox 2028 1348 2228 1420; x_wconf 85' lang='grc' dir='ltr'><strong>μυθος,</strong></span> <span class='ocrx_word' id='word_1_197' title='bbox 2275 1352 2333 1403; x_wconf 79' lang='grc' dir='ltr'><strong>ὲν</strong></span> <span class='ocrx_word' id='word_1_198' title='bbox 2386 1350 2510 1412; x_wconf 85' lang='grc' dir='ltr'><strong>ταῖς</strong></span> <span class='ocrx_word' id='word_1_199' title='bbox 2565 1347 2925 1420; x_wconf 80' lang='grc' dir='ltr'><strong>μαγγανείαις</strong></span> <span class='ocrx_word' id='word_1_200' title='bbox 2981 1347 3153 1418; x_wconf 82' lang='grc' dir='ltr'><strong>αὐτῆς</strong></span> <span class='ocrx_word' id='word_1_201' title='bbox 3204 1344 3615 1417; x_wconf 75' lang='grc' dir='ltr'><strong>ψυχαγωγοῦσα</strong></span> 
     </span>
    </p>
   </div>
   <div class='ocr_carea' id='block_1_27' title="bbox 2025 1437 3613 1514">
    <p class='ocr_par' dir='ltr' id='par_1_27' title="bbox 2025 1437 3613 1514">
     <span class='ocr_line' id='line_1_27' title="bbox 2025 1437 3613 1514; baseline -0.003 -19"><span class='ocrx_word' id='word_1_202' title='bbox 2025 1441 2103 1513; x_wconf 81' lang='grc' dir='ltr'><strong>τῷ</strong></span> <span class='ocrx_word' id='word_1_203' title='bbox 2148 1441 2319 1496; x_wconf 84' lang='grc' dir='ltr'><strong>Σαοὺλ</strong></span> <span class='ocrx_word' id='word_1_204' title='bbox 2346 1441 2420 1514; x_wconf 74' lang='grc'><strong>(4)</strong></span> <span class='ocrx_word' id='word_1_205' title='bbox 2450 1441 2551 1506; x_wconf 85' lang='grc' dir='ltr'><strong>τὰς</strong></span> <span class='ocrx_word' id='word_1_206' title='bbox 2606 1440 3035 1512; x_wconf 77' lang='grc' dir='ltr'><strong>ὲπιζητουμένας</strong></span> <span class='ocrx_word' id='word_1_207' title='bbox 3070 1438 3269 1510; x_wconf 73' lang='grc' dir='ltr'><strong>ψυχὰς,</strong></span> <span class='ocrx_word' id='word_1_208' title='bbox 3300 1437 3459 1501; x_wconf 80' lang='grc' dir='ltr'><strong>θεοὺς</strong></span> <span class='ocrx_word' id='word_1_209' title='bbox 3507 1437 3613 1490; x_wconf 81' lang='grc' dir='ltr'><strong>ἐω-</strong></span> 
     </span>
    </p>
   </div>
   <div class='ocr_carea' id='block_1_28' title="bbox 2030 1530 3613 1606">
    <p class='ocr_par' dir='ltr' id='par_1_28' title="bbox 2030 1530 3613 1606">
     <span class='ocr_line' id='line_1_28' title="bbox 2030 1530 3613 1606; baseline -0.004 -20"><span class='ocrx_word' id='word_1_210' title='bbox 2030 1533 2252 1605; x_wconf 87' lang='grc' dir='ltr'><strong>ρακέναι</strong></span> <span class='ocrx_word' id='word_1_211' title='bbox 2289 1534 2473 1606; x_wconf 86' lang='grc' dir='ltr'><strong>φησίν.</strong></span> <span class='ocrx_word' id='word_1_212' title='bbox 2516 1532 2677 1587; x_wconf 78' lang='grc' dir='ltr'><strong>Ἀλλά</strong></span> <span class='ocrx_word' id='word_1_213' title='bbox 2714 1533 2811 1587; x_wconf 68' lang='grc' dir='ltr'><strong>καὶ</strong></span> <span class='ocrx_word' id='word_1_214' title='bbox 2850 1535 2878 1586; x_wconf 85' lang='grc' dir='ltr'><strong>ὁ</strong></span> <span class='ocrx_word' id='word_1_215' title='bbox 2929 1530 3159 1602; x_wconf 87' lang='grc' dir='ltr'><strong>Βαλαὰμ</strong></span> <span class='ocrx_word' id='word_1_216' title='bbox 3186 1531 3475 1601; x_wconf 75' lang='grc' dir='ltr'><strong>οἰωνιστής</strong></span> <span class='ocrx_word' id='word_1_217' title='bbox 3525 1545 3613 1591; x_wconf 82' lang='grc' dir='ltr'><strong>τις</strong></span> 
     </span>
    </p>
   </div>
   <div class='ocr_carea' id='block_1_29' title="bbox 2026 1620 3614 1697">
    <p class='ocr_par' dir='ltr' id='par_1_29' title="bbox 2026 1620 3614 1697">
     <span class='ocr_line' id='line_1_29' title="bbox 2026 1620 3614 1697; baseline -0.005 -18"><span class='ocrx_word' id='word_1_218' title='bbox 2026 1625 2102 1679; x_wconf 81' lang='grc' dir='ltr'><strong>ὢν</strong></span> <span class='ocrx_word' id='word_1_219' title='bbox 2129 1626 2221 1680; x_wconf 77' lang='grc' dir='ltr'><strong>καὶ</strong></span> <span class='ocrx_word' id='word_1_220' title='bbox 2252 1626 2447 1697; x_wconf 81' lang='grc' dir='ltr'><strong>μάντις</strong></span> <span class='ocrx_word' id='word_1_221' title='bbox 2472 1664 2488 1689; x_wconf 87' lang='grc'><strong>,</strong></span> <span class='ocrx_word' id='word_1_222' title='bbox 2530 1624 2625 1679; x_wconf 75' lang='grc' dir='ltr'><strong>καὶ</strong></span> <span class='ocrx_word' id='word_1_223' title='bbox 2666 1623 2755 1677; x_wconf 89' lang='grc' dir='ltr'><strong>διά</strong></span> <span class='ocrx_word' id='word_1_224' title='bbox 2802 1623 2980 1695; x_wconf 82' lang='grc' dir='ltr'><strong>χειρὸς</strong></span> <span class='ocrx_word' id='word_1_225' title='bbox 3023 1622 3093 1676; x_wconf 86' lang='grc' dir='ltr'><strong>τὰ</strong></span> <span class='ocrx_word' id='word_1_226' title='bbox 3139 1623 3365 1693; x_wconf 80' lang='grc' dir='ltr'><strong>μαντεῖα</strong></span> <span class='ocrx_word' id='word_1_227' title='bbox 3408 1620 3614 1691; x_wconf 78' lang='grc' dir='ltr'><strong>φέρων,</strong></span> 
     </span>
    </p>
   </div>
   <div class='ocr_carea' id='block_1_30' title="bbox 344 1711 1941 1791">
    <p class='ocr_par' dir='ltr' id='par_1_30' title="bbox 344 1711 1924 1785">
     <span class='ocr_line' id='line_1_30' title="bbox 344 1711 1924 1785; baseline 0.003 -19"><span class='ocrx_word' id='word_1_228' title='bbox 344 1711 451 1767; x_wconf 90' lang='lat' dir='ltr'><strong>lem</strong></span> <span class='ocrx_word' id='word_1_229' title='bbox 508 1712 889 1769; x_wconf 84' lang='lat' dir='ltr'><strong>curiositatem</strong></span> <span class='ocrx_word' id='word_1_230' title='bbox 945 1714 1049 1768; x_wconf 88' lang='lat' dir='ltr'><strong>sibi</strong></span> <span class='ocrx_word' id='word_1_231' title='bbox 1108 1714 1227 1784; x_wconf 78' lang='lat' dir='ltr'><strong>ipse</strong></span> <span class='ocrx_word' id='word_1_232' title='bbox 1280 1722 1696 1785; x_wconf 85' lang='lat' dir='ltr'><strong>comparasset,</strong></span> <span class='ocrx_word' id='word_1_233' title='bbox 1756 1714 1924 1771; x_wconf 91' lang='lat' dir='ltr'><strong>Deum</strong></span> 
     </span>
    </p>
   </div>
   <div class='ocr_carea' id='block_1_31' title="bbox 2045 1711 3619 1791">
    <p class='ocr_par' dir='ltr' id='par_1_31' title="bbox 2045 1712 3619 1791">
     <span class='ocr_line' id='line_1_31' title="bbox 2045 1712 3619 1791; baseline -0.005 -19"><span class='ocrx_word' id='word_1_234' title='bbox 2045 1718 2213 1782; x_wconf 82' lang='grc' dir='ltr'><strong>ιαθώς</strong></span> <span class='ocrx_word' id='word_1_235' title='bbox 2242 1734 2406 1790; x_wconf 86' lang='grc' dir='ltr'><strong>φησιν</strong></span> <span class='ocrx_word' id='word_1_236' title='bbox 2429 1720 2462 1790; x_wconf 79' lang='grc' dir='ltr'>ἡ</span> <span class='ocrx_word' id='word_1_237' title='bbox 2489 1717 2701 1791; x_wconf 78' lang='grc' dir='ltr'><strong>Γραφὴ,</strong></span> <span class='ocrx_word' id='word_1_238' title='bbox 2732 1718 2824 1771; x_wconf 78' lang='grc' dir='ltr'><strong>καὶ</strong></span> <span class='ocrx_word' id='word_1_239' title='bbox 2844 1716 2941 1787; x_wconf 77' lang='grc' dir='ltr'><strong>τὴν</strong></span> <span class='ocrx_word' id='word_1_240' title='bbox 2970 1716 3032 1768; x_wconf 78' lang='grc' dir='ltr'><strong>ὲκ</strong></span> <span class='ocrx_word' id='word_1_241' title='bbox 3072 1714 3341 1785; x_wconf 81' lang='grc' dir='ltr'><strong>δαιμόνων</strong></span> <span class='ocrx_word' id='word_1_242' title='bbox 3365 1712 3619 1766; x_wconf 74' lang='grc' dir='ltr'><strong>διδασκαρ</strong></span> 
     </span>
    </p>
   </div>
   <div class='ocr_carea' id='block_1_32' title="bbox 345 1777 1941 1883">
    <p class='ocr_par' dir='ltr' id='par_1_32' title="bbox 345 1804 1924 1883">
     <span class='ocr_line' id='line_1_32' title="bbox 345 1804 1924 1883; baseline 0.003 -26"><span class='ocrx_word' id='word_1_243' title='bbox 345 1804 697 1862; x_wconf 83' lang='lat' dir='ltr'><strong>consuluisse</strong></span> <span class='ocrx_word' id='word_1_244' title='bbox 742 1813 1084 1861; x_wconf 85' lang='lat' dir='ltr'><strong>memoratur</strong></span> <span class='ocrx_word' id='word_1_245' title='bbox 1129 1820 1160 1859; x_wconf 88' lang='lat' dir='ltr'><strong>a</strong></span> <span class='ocrx_word' id='word_1_246' title='bbox 1201 1805 1486 1883; x_wconf 79' lang='lat' dir='ltr'><strong>scriptura</strong></span> <span class='ocrx_word' id='word_1_247' title='bbox 1517 1807 1588 1862; x_wconf 82' lang='grc'><strong>⁶⁰.</strong></span> <span class='ocrx_word' id='word_1_248' title='bbox 1632 1808 1711 1863; x_wconf 82' lang='lat' dir='ltr'><strong>Ac</strong></span> <span class='ocrx_word' id='word_1_249' title='bbox 1751 1807 1924 1863; x_wconf 90' lang='lat' dir='ltr'><strong>multa</strong></span> 
     </span>
    </p>
   </div>
   <div class='ocr_carea' id='block_1_33' title="bbox 2045 1777 3617 1883">
    <p class='ocr_par' dir='ltr' id='par_1_33' title="bbox 2045 1777 3617 1883">
     <span class='ocr_line' id='line_1_33' title="bbox 2045 1777 3617 1883; baseline -0.004 -19"><span class='ocrx_word' id='word_1_250' title='bbox 2045 1810 2150 1864; x_wconf 65' lang='grc' dir='ltr'><strong>λίαν</strong></span> <span class='ocrx_word' id='word_1_251' title='bbox 2284 1777 2382 1883; x_wconf 75' lang='grc' dir='ltr'><strong>τῆς</strong></span> <span class='ocrx_word' id='word_1_252' title='bbox 2414 1777 2760 1880; x_wconf 55' lang='grc' dir='ltr'><strong>οίωνιστιιίῆς</strong></span> <span class='ocrx_word' id='word_1_253' title='bbox 2786 1777 3100 1881; x_wconf 65' lang='grc' dir='ltr'><strong>περίεργίας</strong></span> <span class='ocrx_word' id='word_1_254' title='bbox 3131 1777 3308 1877; x_wconf 69' lang='grc' dir='ltr'><strong>ἑαυτῷ</strong></span> <span class='ocrx_word' id='word_1_255' title='bbox 3330 1804 3617 1877; x_wconf 78' lang='grc' dir='ltr'><strong>κατορθώ-</strong></span> 
     </span>
    </p>
   </div>
   <div class='ocr_carea' id='block_1_34' title="bbox 346 1897 1941 1975">
    <p class='ocr_par' dir='ltr' id='par_1_34' title="bbox 346 1897 1922 1971">
     <span class='ocr_line' id='line_1_34' title="bbox 346 1897 1922 1971; baseline 0.001 -18"><span class='ocrx_word' id='word_1_256' title='bbox 346 1897 618 1967; x_wconf 88' lang='lat' dir='ltr'><strong>ejusmodi</strong></span> <span class='ocrx_word' id='word_1_257' title='bbox 669 1898 800 1954; x_wconf 90' lang='lat' dir='ltr'><strong>licet</strong></span> <span class='ocrx_word' id='word_1_258' title='bbox 852 1915 919 1954; x_wconf 79' lang='lat' dir='ltr'><strong>ex</strong></span> <span class='ocrx_word' id='word_1_259' title='bbox 973 1897 1277 1970; x_wconf 85' lang='lat' dir='ltr'><strong>Scripturis</strong></span> <span class='ocrx_word' id='word_1_260' title='bbox 1325 1899 1529 1955; x_wconf 81' lang='lat' dir='ltr'><strong>divinis</strong></span> <span class='ocrx_word' id='word_1_261' title='bbox 1571 1900 1922 1971; x_wconf 86' lang='lat' dir='ltr'><strong>colligentem</strong></span> 
     </span>
    </p>
   </div>
   <div class='ocr_carea' id='block_1_35' title="bbox 2045 1897 3617 1975">
    <p class='ocr_par' dir='ltr' id='par_1_35' title="bbox 2045 1899 3617 1975">
     <span class='ocr_line' id='line_1_35' title="bbox 2045 1899 3617 1975; baseline -0.003 -20"><span class='ocrx_word' id='word_1_262' title='bbox 2045 1920 2152 1967; x_wconf 72' lang='grc' dir='ltr'><strong>τας,</strong></span> <span class='ocrx_word' id='word_1_263' title='bbox 2202 1904 2352 1975; x_wconf 70' lang='grc' dir='ltr'><strong>παρὰ</strong></span> <span class='ocrx_word' id='word_1_264' title='bbox 2405 1900 2541 1956; x_wconf 85' lang='grc' dir='ltr'><strong>Θεοῦ</strong></span> <span class='ocrx_word' id='word_1_265' title='bbox 2589 1900 3048 1973; x_wconf 78' lang='grc' dir='ltr'><strong>συμϐουλεύεσθαι</strong></span> <span class='ocrx_word' id='word_1_266' title='bbox 3090 1900 3195 1954; x_wconf 75' lang='grc' dir='ltr'><strong>ὑπὸ</strong></span> <span class='ocrx_word' id='word_1_267' title='bbox 3249 1900 3348 1971; x_wconf 79' lang='grc' dir='ltr'><strong>τῆς</strong></span> <span class='ocrx_word' id='word_1_268' title='bbox 3391 1899 3617 1970; x_wconf 72' lang='grc' dir='ltr'><strong>Γραφῆς</strong></span> 
     </span>
    </p>
   </div>
   <div class='ocr_carea' id='block_1_36' title="bbox 346 1991 1925 2064">
    <p class='ocr_par' dir='ltr' id='par_1_36' title="bbox 346 1991 1925 2064">
     <span class='ocr_line' id='line_1_36' title="bbox 346 1991 1925 2064; baseline 0.001 -19"><span class='ocrx_word' id='word_1_269' title='bbox 346 1992 747 2058; x_wconf 88' lang='lat' dir='ltr'><strong>demonstrare,</strong></span> <span class='ocrx_word' id='word_1_270' title='bbox 776 1991 879 2047; x_wconf 88' lang='lat' dir='ltr'><strong>hoc</strong></span> <span class='ocrx_word' id='word_1_271' title='bbox 910 2007 1110 2049; x_wconf 89' lang='lat' dir='ltr'><strong>nomen</strong></span> <span class='ocrx_word' id='word_1_272' title='bbox 1142 2007 1309 2064; x_wconf 88' lang='lat' dir='ltr'><strong>supra</strong></span> <span class='ocrx_word' id='word_1_273' title='bbox 1339 1992 1583 2064; x_wconf 89' lang='lat' dir='ltr'><strong>reliquas</strong></span> <span class='ocrx_word' id='word_1_274' title='bbox 1609 1994 1925 2064; x_wconf 80' lang='lat' dir='ltr'><strong>appellatio-</strong></span> 
     </span>
    </p>
   </div>
   <div class='ocr_carea' id='block_1_37' title="bbox 346 2082 1923 2157">
    <p class='ocr_par' dir='ltr' id='par_1_37' title="bbox 346 2082 1923 2157">
     <span class='ocr_line' id='line_1_37' title="bbox 346 2082 1923 2157; baseline 0.001 -17"><span class='ocrx_word' id='word_1_275' title='bbox 346 2100 483 2152; x_wconf 86' lang='lat' dir='ltr'><strong>nes,</strong></span> <span class='ocrx_word' id='word_1_276' title='bbox 523 2099 649 2155; x_wconf 53' lang='lat' dir='ltr'><strong>quae.</strong></span> <span class='ocrx_word' id='word_1_277' title='bbox 687 2082 799 2142; x_wconf 90' lang='lat' dir='ltr'><strong>Deo</strong></span> <span class='ocrx_word' id='word_1_278' title='bbox 832 2084 1010 2157; x_wconf 74' lang='lat' dir='ltr'><strong>digna:</strong></span> <span class='ocrx_word' id='word_1_279' title='bbox 1041 2093 1190 2149; x_wconf 85' lang='lat' dir='ltr'><strong>sunt.</strong></span> <span class='ocrx_word' id='word_1_280' title='bbox 1220 2085 1360 2140; x_wconf 83' lang='lat' dir='ltr'><strong>nihil</strong></span> <span class='ocrx_word' id='word_1_281' title='bbox 1387 2086 1589 2142; x_wconf 89' lang='lat' dir='ltr'><strong>habere</strong></span> <span class='ocrx_word' id='word_1_282' title='bbox 1618 2086 1875 2157; x_wconf 68' lang='lat' dir='ltr'><strong>prmeipui</strong></span> <span class='ocrx_word' id='word_1_283' title='bbox 1908 2103 1923 2140; x_wconf 91' lang='lat'><strong>:</strong></span> 
     </span>
    </p>
   </div>
   <div class='ocr_carea' id='block_1_38' title="bbox 349 2175 1926 2249">
    <p class='ocr_par' dir='ltr' id='par_1_38' title="bbox 349 2175 1926 2249">
     <span class='ocr_line' id='line_1_38' title="bbox 349 2175 1926 2249; baseline 0.001 -18"><span class='ocrx_word' id='word_1_284' title='bbox 349 2175 796 2248; x_wconf 83' lang='lat' dir='ltr'><strong>quandoquidem</strong></span> <span class='ocrx_word' id='word_1_285' title='bbox 831 2178 1037 2249; x_wconf 92' lang='lat' dir='ltr'><strong>ipsum,</strong></span> <span class='ocrx_word' id='word_1_286' title='bbox 1068 2186 1126 2233; x_wconf 94' lang='lat' dir='ltr'><strong>ut</strong></span> <span class='ocrx_word' id='word_1_287' title='bbox 1163 2178 1372 2234; x_wconf 89' lang='lat' dir='ltr'><strong>dictum</strong></span> <span class='ocrx_word' id='word_1_288' title='bbox 1404 2185 1510 2242; x_wconf 88' lang='lat' dir='ltr'><strong>est,</strong></span> <span class='ocrx_word' id='word_1_289' title='bbox 1543 2179 1708 2234; x_wconf 86' lang='lat' dir='ltr'><strong>etiam</strong></span> <span class='ocrx_word' id='word_1_290' title='bbox 1746 2178 1815 2233; x_wconf 92' lang='lat' dir='ltr'><strong>de</strong></span> <span class='ocrx_word' id='word_1_291' title='bbox 1840 2193 1926 2233; x_wconf 87' lang='lat' dir='ltr'><strong>re-</strong></span> 
     </span>
    </p>
   </div>
   <div class='ocr_carea' id='block_1_39' title="bbox 349 2268 1928 2342">
    <p class='ocr_par' dir='ltr' id='par_1_39' title="bbox 349 2268 1928 2342">
     <span class='ocr_line' id='line_1_39' title="bbox 349 2268 1928 2342; baseline 0.001 -19"><span class='ocrx_word' id='word_1_292' title='bbox 349 2268 455 2324; x_wconf 88' lang='lat' dir='ltr'><strong>bus</strong></span> <span class='ocrx_word' id='word_1_293' title='bbox 482 2268 741 2326; x_wconf 89' lang='lat' dir='ltr'><strong>absurdis</strong></span> <span class='ocrx_word' id='word_1_294' title='bbox 785 2277 839 2325; x_wconf 94' lang='lat' dir='ltr'><strong>et</strong></span> <span class='ocrx_word' id='word_1_295' title='bbox 878 2270 1315 2342; x_wconf 82' lang='lat' dir='ltr'><strong>repugnantibus</strong></span> <span class='ocrx_word' id='word_1_296' title='bbox 1362 2270 1644 2342; x_wconf 66' lang='lat' dir='ltr'><strong>aequis-oce</strong></span> <span class='ocrx_word' id='word_1_297' title='bbox 1694 2285 1928 2340; x_wconf 86' lang='lat' dir='ltr'><strong>usurpa-</strong></span> 
     </span>
    </p>
   </div>
   <div class='ocr_carea' id='block_1_40' title="bbox 350 2360 1931 2433">
    <p class='ocr_par' dir='ltr' id='par_1_40' title="bbox 350 2360 1931 2433">
     <span class='ocr_line' id='line_1_40' title="bbox 350 2360 1931 2433; baseline 0.003 -19"><span class='ocrx_word' id='word_1_298' title='bbox 350 2369 468 2415; x_wconf 90' lang='lat' dir='ltr'><strong>tum</strong></span> <span class='ocrx_word' id='word_1_299' title='bbox 502 2360 834 2419; x_wconf 82' lang='lat' dir='ltr'><strong>invenimus.</strong></span> <span class='ocrx_word' id='word_1_300' title='bbox 860 2361 933 2416; x_wconf 86' lang='lat' dir='ltr'><strong>At</strong></span> <span class='ocrx_word' id='word_1_301' title='bbox 960 2362 1143 2418; x_wconf 87' lang='lat' dir='ltr'><strong>sancti</strong></span> <span class='ocrx_word' id='word_1_302' title='bbox 1182 2377 1407 2424; x_wconf 90' lang='lat' dir='ltr'><strong>nomen,</strong></span> <span class='ocrx_word' id='word_1_303' title='bbox 1438 2371 1493 2417; x_wconf 88' lang='lat' dir='ltr'><strong>et</strong></span> <span class='ocrx_word' id='word_1_304' title='bbox 1524 2363 1849 2433; x_wconf 77' lang='lat' dir='ltr'><strong>incorrupti,</strong></span> <span class='ocrx_word' id='word_1_305' title='bbox 1875 2373 1931 2418; x_wconf 92' lang='lat' dir='ltr'><strong>et</strong></span> 
     </span>
    </p>
   </div>
   <div class='ocr_carea' id='block_1_41' title="bbox 349 2452 1930 2526">
    <p class='ocr_par' dir='ltr' id='par_1_41' title="bbox 349 2452 1930 2526">
     <span class='ocr_line' id='line_1_41' title="bbox 349 2452 1930 2526; baseline 0.001 -18"><span class='ocrx_word' id='word_1_306' title='bbox 349 2453 511 2519; x_wconf 90' lang='lat' dir='ltr'><strong>recti,</strong></span> <span class='ocrx_word' id='word_1_307' title='bbox 536 2463 593 2508; x_wconf 88' lang='lat' dir='ltr'><strong>et</strong></span> <span class='ocrx_word' id='word_1_308' title='bbox 619 2452 772 2517; x_wconf 89' lang='lat' dir='ltr'><strong>boni,</strong></span> <span class='ocrx_word' id='word_1_309' title='bbox 798 2469 1068 2526; x_wconf 87' lang='lat' dir='ltr'><strong>nusquam</strong></span> <span class='ocrx_word' id='word_1_310' title='bbox 1108 2455 1576 2509; x_wconf 86' lang='lat' dir='ltr'><strong>communicatum</strong></span> <span class='ocrx_word' id='word_1_311' title='bbox 1605 2469 1730 2509; x_wconf 92' lang='lat' dir='ltr'><strong>cum</strong></span> <span class='ocrx_word' id='word_1_312' title='bbox 1762 2454 1930 2511; x_wconf 87' lang='lat' dir='ltr'><strong>rebus</strong></span> 
     </span>
    </p>
   </div>
   <div class='ocr_carea' id='block_1_42' title="bbox 351 2544 1929 2618">
    <p class='ocr_par' dir='ltr' id='par_1_42' title="bbox 351 2544 1929 2618">
     <span class='ocr_line' id='line_1_42' title="bbox 351 2544 1929 2618; baseline 0.001 -19"><span class='ocrx_word' id='word_1_313' title='bbox 351 2544 592 2616; x_wconf 86' lang='lat' dir='ltr'><strong>indignis</strong></span> <span class='ocrx_word' id='word_1_314' title='bbox 617 2560 648 2600; x_wconf 92' lang='lat' dir='ltr'><strong>a</strong></span> <span class='ocrx_word' id='word_1_315' title='bbox 670 2544 958 2618; x_wconf 85' lang='lat' dir='ltr'><strong>Scriptura</strong></span> <span class='ocrx_word' id='word_1_316' title='bbox 978 2548 1158 2603; x_wconf 88' lang='lat' dir='ltr'><strong>edocti</strong></span> <span class='ocrx_word' id='word_1_317' title='bbox 1186 2563 1397 2603; x_wconf 89' lang='lat' dir='ltr'><strong>sumus.</strong></span> <span class='ocrx_word' id='word_1_318' title='bbox 1417 2546 1588 2618; x_wconf 85' lang='lat' dir='ltr'><strong>Igitur</strong></span> <span class='ocrx_word' id='word_1_319' title='bbox 1614 2546 1659 2603; x_wconf 93' lang='lat' dir='ltr'><strong>si</strong></span> <span class='ocrx_word' id='word_1_320' title='bbox 1684 2547 1929 2612; x_wconf 91' lang='lat' dir='ltr'><strong>nomina,</strong></span> 
     </span>
    </p>
   </div>
   <div class='ocr_carea' id='block_1_43' title="bbox 352 2636 1934 2710">
    <p class='ocr_par' dir='ltr' id='par_1_43' title="bbox 352 2636 1934 2710">
     <span class='ocr_line' id='line_1_43' title="bbox 352 2636 1934 2710; baseline 0.001 -20"><span class='ocrx_word' id='word_1_321' title='bbox 352 2653 476 2708; x_wconf 76' lang='lat' dir='ltr'><strong>qua:</strong></span> <span class='ocrx_word' id='word_1_322' title='bbox 497 2638 773 2709; x_wconf 63' lang='lat' dir='ltr'><strong>praecipuo</strong></span> <span class='ocrx_word' id='word_1_323' title='bbox 797 2636 961 2694; x_wconf 89' lang='lat' dir='ltr'><strong>modo</strong></span> <span class='ocrx_word' id='word_1_324' title='bbox 982 2639 1050 2695; x_wconf 91' lang='lat' dir='ltr'><strong>de</strong></span> <span class='ocrx_word' id='word_1_325' title='bbox 1074 2641 1192 2696; x_wconf 89' lang='lat' dir='ltr'><strong>sola</strong></span> <span class='ocrx_word' id='word_1_326' title='bbox 1215 2638 1403 2694; x_wconf 92' lang='lat' dir='ltr'><strong>divina</strong></span> <span class='ocrx_word' id='word_1_327' title='bbox 1429 2646 1631 2694; x_wconf 88' lang='lat' dir='ltr'><strong>natura</strong></span> <span class='ocrx_word' id='word_1_328' title='bbox 1657 2640 1746 2710; x_wconf 90' lang='lat' dir='ltr'><strong>pie</strong></span> <span class='ocrx_word' id='word_1_329' title='bbox 1768 2654 1934 2696; x_wconf 89' lang='lat' dir='ltr'><strong>usur-</strong></span> 
     </span>
    </p>
   </div>
   <div class='ocr_carea' id='block_1_44' title="bbox 353 2725 1933 2800">
    <p class='ocr_par' dir='ltr' id='par_1_44' title="bbox 353 2725 1933 2800">
     <span class='ocr_line' id='line_1_44' title="bbox 353 2725 1933 2800; baseline 0.003 -20"><span class='ocrx_word' id='word_1_330' title='bbox 353 2736 577 2800; x_wconf 79' lang='lat' dir='ltr'><strong>pantur,</strong></span> <span class='ocrx_word' id='word_1_331' title='bbox 604 2725 833 2797; x_wconf 88' lang='lat' dir='ltr'><strong>Spiritui</strong></span> <span class='ocrx_word' id='word_1_332' title='bbox 864 2735 1059 2785; x_wconf 87' lang='lat' dir='ltr'><strong>sancto</strong></span> <span class='ocrx_word' id='word_1_333' title='bbox 1086 2744 1211 2784; x_wconf 91' lang='lat' dir='ltr'><strong>cum</strong></span> <span class='ocrx_word' id='word_1_334' title='bbox 1250 2728 1413 2786; x_wconf 87' lang='lat' dir='ltr'><strong>Patre</strong></span> <span class='ocrx_word' id='word_1_335' title='bbox 1435 2738 1491 2786; x_wconf 93' lang='lat' dir='ltr'><strong>et</strong></span> <span class='ocrx_word' id='word_1_336' title='bbox 1519 2727 1658 2786; x_wconf 89' lang='lat' dir='ltr'><strong>Filio</strong></span> <span class='ocrx_word' id='word_1_337' title='bbox 1685 2745 1933 2785; x_wconf 85' lang='lat' dir='ltr'><strong>commu-</strong></span> 
     </span>
    </p>
   </div>
   <div class='ocr_carea' id='block_1_45' title="bbox 358 2821 1932 2892">
    <p class='ocr_par' dir='ltr' id='par_1_45' title="bbox 358 2821 1932 2892">
     <span class='ocr_line' id='line_1_45' title="bbox 358 2821 1932 2892; baseline 0.003 -18"><span class='ocrx_word' id='word_1_338' title='bbox 358 2821 453 2874; x_wconf 82' lang='lat' dir='ltr'><strong>nia</strong></span> <span class='ocrx_word' id='word_1_339' title='bbox 497 2833 623 2876; x_wconf 89' lang='lat' dir='ltr'><strong>esse</strong></span> <span class='ocrx_word' id='word_1_340' title='bbox 662 2835 774 2878; x_wconf 92' lang='lat' dir='ltr'><strong>non</strong></span> <span class='ocrx_word' id='word_1_341' title='bbox 825 2828 1068 2892; x_wconf 89' lang='lat' dir='ltr'><strong>negant;</strong></span> <span class='ocrx_word' id='word_1_342' title='bbox 1106 2837 1229 2892; x_wconf 74' lang='lat' dir='ltr'><strong>qua:</strong></span> <span class='ocrx_word' id='word_1_343' title='bbox 1269 2821 1385 2891; x_wconf 88' lang='lat' dir='ltr'><strong>jam</strong></span> <span class='ocrx_word' id='word_1_344' title='bbox 1437 2823 1578 2877; x_wconf 88' lang='lat' dir='ltr'><strong>ratio</strong></span> <span class='ocrx_word' id='word_1_345' title='bbox 1622 2830 1742 2888; x_wconf 88' lang='lat' dir='ltr'><strong>est,</strong></span> <span class='ocrx_word' id='word_1_346' title='bbox 1799 2823 1932 2878; x_wconf 84' lang='lat' dir='ltr'><strong>illud</strong></span> 
     </span>
    </p>
   </div>
   <div class='ocr_carea' id='block_1_46' title="bbox 355 2902 1932 2985">
    <p class='ocr_par' dir='ltr' id='par_1_46' title="bbox 355 2902 1932 2985">
     <span class='ocr_line' id='line_1_46' title="bbox 355 2902 1932 2985; baseline 0.002 -17"><span class='ocrx_word' id='word_1_347' title='bbox 355 2902 537 2968; x_wconf 70' lang='lat' dir='ltr'><strong>tioium</strong></span> <span class='ocrx_word' id='word_1_348' title='bbox 566 2911 915 2979; x_wconf 86' lang='lat' dir='ltr'><strong>contendere,</strong></span> <span class='ocrx_word' id='word_1_349' title='bbox 946 2928 1058 2969; x_wconf 87' lang='lat' dir='ltr'><strong>non</strong></span> <span class='ocrx_word' id='word_1_350' title='bbox 1091 2914 1507 2980; x_wconf 88' lang='lat' dir='ltr'><strong>communicari,</strong></span> <span class='ocrx_word' id='word_1_351' title='bbox 1537 2915 1708 2985; x_wconf 90' lang='lat' dir='ltr'><strong>quod,</strong></span> <span class='ocrx_word' id='word_1_352' title='bbox 1736 2931 1932 2971; x_wconf 86' lang='lat' dir='ltr'><strong>secun-</strong></span> 
     </span>
    </p>
   </div>
   <div class='ocr_carea' id='block_1_47' title="bbox 356 3004 1937 3075">
    <p class='ocr_par' dir='ltr' id='par_1_47' title="bbox 356 3004 1937 3075">
     <span class='ocr_line' id='line_1_47' title="bbox 356 3004 1937 3075; baseline 0.003 -15"><span class='ocrx_word' id='word_1_353' title='bbox 356 3004 488 3060; x_wconf 91' lang='lat' dir='ltr'><strong>dum</strong></span> <span class='ocrx_word' id='word_1_354' title='bbox 520 3005 863 3075; x_wconf 74' lang='lat' dir='ltr'><strong>aequivocum</strong></span> <span class='ocrx_word' id='word_1_355' title='bbox 907 3005 1197 3075; x_wconf 89' lang='lat' dir='ltr'><strong>quemdam</strong></span> <span class='ocrx_word' id='word_1_356' title='bbox 1228 3023 1411 3073; x_wconf 91' lang='lat' dir='ltr'><strong>usum,</strong></span> <span class='ocrx_word' id='word_1_357' title='bbox 1460 3016 1516 3064; x_wconf 92' lang='lat' dir='ltr'><strong>et</strong></span> <span class='ocrx_word' id='word_1_358' title='bbox 1552 3009 1840 3067; x_wconf 63' lang='lat' dir='ltr'><strong>daemoniis</strong></span> <span class='ocrx_word' id='word_1_359' title='bbox 1881 3016 1937 3066; x_wconf 90' lang='lat' dir='ltr'><strong>et</strong></span> 
     </span>
    </p>
   </div>
   <div class='ocr_carea' id='block_1_48' title="bbox 357 3096 1600 3170">
    <p class='ocr_par' dir='ltr' id='par_1_48' title="bbox 357 3096 1600 3170">
     <span class='ocr_line' id='line_1_48' title="bbox 357 3096 1600 3170; baseline 0 -17"><span class='ocrx_word' id='word_1_360' title='bbox 357 3096 673 3153; x_wconf 83' lang='lat' dir='ltr'><strong>simulacris</strong></span> <span class='ocrx_word' id='word_1_361' title='bbox 701 3097 974 3168; x_wconf 85' lang='lat' dir='ltr'><strong>impertiri</strong></span> <span class='ocrx_word' id='word_1_362' title='bbox 1000 3096 1440 3156; x_wconf 88' lang='lat' dir='ltr'><strong>demonstratum</strong></span> <span class='ocrx_word' id='word_1_363' title='bbox 1473 3101 1600 3170; x_wconf 88' lang='lat' dir='ltr'><strong>est_?</strong></span> 
     </span>
    </p>
   </div>
   <div class='ocr_carea' id='block_1_49' title="bbox 439 3273 1941 3349">
    <p class='ocr_par' dir='ltr' id='par_1_49' title="bbox 439 3273 1941 3349">
     <span class='ocr_line' id='line_1_49' title="bbox 439 3273 1941 3349; baseline 0.003 -19"><span class='ocrx_word' id='word_1_364' title='bbox 439 3274 606 3346; x_wconf 77' lang='lat'><strong>280</strong></span> <span class='ocrx_word' id='word_1_365' title='bbox 657 3275 713 3331; x_wconf 88' lang='lat'><strong>6.</strong></span> <span class='ocrx_word' id='word_1_366' title='bbox 756 3273 864 3334; x_wconf 86' lang='lat' dir='ltr'><strong>Sed</strong></span> <span class='ocrx_word' id='word_1_367' title='bbox 911 3275 1067 3332; x_wconf 89' lang='lat' dir='ltr'><strong>aiunt</strong></span> <span class='ocrx_word' id='word_1_368' title='bbox 1114 3285 1368 3334; x_wconf 88' lang='lat' dir='ltr'><strong>naturam</strong></span> <span class='ocrx_word' id='word_1_369' title='bbox 1420 3278 1526 3333; x_wconf 88' lang='lat' dir='ltr'><strong>hac</strong></span> <span class='ocrx_word' id='word_1_370' title='bbox 1571 3277 1941 3349; x_wconf 88' lang='lat' dir='ltr'><strong>appellatione</strong></span> 
     </span>
    </p>
   </div>
   <div class='ocr_carea' id='block_1_50' title="bbox 362 3368 1942 3432">
    <p class='ocr_par' dir='ltr' id='par_1_50' title="bbox 362 3368 1942 3432">
     <span class='ocr_line' id='line_1_50' title="bbox 362 3368 1942 3432; baseline 0.002 -10"><span class='ocrx_word' id='word_1_371' title='bbox 362 3368 768 3432; x_wconf 87' lang='lat' dir='ltr'><strong>demonstrari,</strong></span> <span class='ocrx_word' id='word_1_372' title='bbox 828 3384 1176 3425; x_wconf 88' lang='lat' dir='ltr'><strong>communem</strong></span> <span class='ocrx_word' id='word_1_373' title='bbox 1234 3376 1417 3424; x_wconf 90' lang='lat' dir='ltr'><strong>autem</strong></span> <span class='ocrx_word' id='word_1_374' title='bbox 1473 3385 1586 3426; x_wconf 90' lang='lat' dir='ltr'><strong>non</strong></span> <span class='ocrx_word' id='word_1_375' title='bbox 1639 3385 1764 3426; x_wconf 91' lang='lat' dir='ltr'><strong>esse</strong></span> <span class='ocrx_word' id='word_1_376' title='bbox 1813 3385 1942 3425; x_wconf 88' lang='lat' dir='ltr'><strong>cum</strong></span> 
     </span>
    </p>
   </div>
   <div class='ocr_carea' id='block_1_51' title="bbox 362 3455 1943 3532">
    <p class='ocr_par' dir='ltr' id='par_1_51' title="bbox 362 3455 1943 3532">
     <span class='ocr_line' id='line_1_51' title="bbox 362 3455 1943 3532; baseline 0.001 -18"><span class='ocrx_word' id='word_1_377' title='bbox 362 3455 531 3514; x_wconf 82' lang='lat' dir='ltr'><strong>Patre</strong></span> <span class='ocrx_word' id='word_1_378' title='bbox 560 3465 616 3514; x_wconf 90' lang='lat' dir='ltr'><strong>et</strong></span> <span class='ocrx_word' id='word_1_379' title='bbox 636 3456 777 3515; x_wconf 89' lang='lat' dir='ltr'><strong>Filio</strong></span> <span class='ocrx_word' id='word_1_380' title='bbox 807 3456 1048 3530; x_wconf 84' lang='lat' dir='ltr'><strong>Spiritus</strong></span> <span class='ocrx_word' id='word_1_381' title='bbox 1074 3456 1355 3524; x_wconf 78' lang='lat' dir='ltr'><strong>naturam,</strong></span> <span class='ocrx_word' id='word_1_382' title='bbox 1391 3474 1457 3515; x_wconf 89' lang='lat' dir='ltr'><strong>ac</strong></span> <span class='ocrx_word' id='word_1_383' title='bbox 1487 3460 1717 3532; x_wconf 88' lang='lat' dir='ltr'><strong>proinde</strong></span> <span class='ocrx_word' id='word_1_384' title='bbox 1746 3475 1849 3516; x_wconf 89' lang='lat' dir='ltr'><strong>nec</strong></span> <span class='ocrx_word' id='word_1_385' title='bbox 1887 3462 1943 3516; x_wconf 91' lang='lat' dir='ltr'><strong>in</strong></span> 
     </span>
    </p>
   </div>
   <div class='ocr_carea' id='block_1_52' title="bbox 364 3551 1941 3625">
    <p class='ocr_par' dir='ltr' id='par_1_52' title="bbox 364 3551 1941 3625">
     <span class='ocr_line' id='line_1_52' title="bbox 364 3551 1941 3625; baseline 0.001 -19"><span class='ocrx_word' id='word_1_386' title='bbox 364 3552 475 3606; x_wconf 86' lang='lat' dir='ltr'><strong>hoc</strong></span> <span class='ocrx_word' id='word_1_387' title='bbox 522 3551 746 3608; x_wconf 91' lang='lat' dir='ltr'><strong>nomine</strong></span> <span class='ocrx_word' id='word_1_388' title='bbox 792 3551 1202 3608; x_wconf 91' lang='lat' dir='ltr'><strong>communionis</strong></span> <span class='ocrx_word' id='word_1_389' title='bbox 1250 3568 1376 3609; x_wconf 89' lang='lat' dir='ltr'><strong>eum</strong></span> <span class='ocrx_word' id='word_1_390' title='bbox 1429 3568 1555 3610; x_wconf 90' lang='lat' dir='ltr'><strong>esse</strong></span> <span class='ocrx_word' id='word_1_391' title='bbox 1595 3553 1941 3625; x_wconf 88' lang='lat' dir='ltr'><strong>participem.</strong></span> 
     </span>
    </p>
   </div>
   <div class='ocr_carea' id='block_1_53' title="bbox 253 3640 1948 3715">
    <p class='ocr_par' dir='ltr' id='par_1_53' title="bbox 253 3640 1948 3715">
     <span class='ocr_line' id='line_1_53' title="bbox 253 3640 1948 3715; baseline -0.002 -11"><span class='ocrx_word' id='word_1_392' title='bbox 253 3689 267 3704; x_wconf 92' lang='lat'><strong>.</strong></span> <span class='ocrx_word' id='word_1_393' title='bbox 370 3640 685 3699; x_wconf 83' lang='lat' dir='ltr'><strong>Ostendam</strong></span> <span class='ocrx_word' id='word_1_394' title='bbox 716 3643 910 3713; x_wconf 88' lang='lat' dir='ltr'><strong>igitur,</strong></span> <span class='ocrx_word' id='word_1_395' title='bbox 949 3644 1152 3715; x_wconf 89' lang='lat' dir='ltr'><strong>quibus</strong></span> <span class='ocrx_word' id='word_1_396' title='bbox 1182 3644 1350 3701; x_wconf 88' lang='lat' dir='ltr'><strong>rebus</strong></span> <span class='ocrx_word' id='word_1_397' title='bbox 1378 3646 1752 3702; x_wconf 85' lang='lat' dir='ltr'><strong>diversitatem</strong></span> <span class='ocrx_word' id='word_1_398' title='bbox 1784 3657 1948 3702; x_wconf 89' lang='lat' dir='ltr'><strong>natu-</strong></span> 
     </span>
    </p>
   </div>
   <div class='ocr_carea' id='block_1_54' title="bbox 368 3732 1947 3808">
    <p class='ocr_par' dir='ltr' id='par_1_54' title="bbox 368 3732 1947 3808">
     <span class='ocr_line' id='line_1_54' title="bbox 368 3732 1947 3808; baseline 0.001 -18"><span class='ocrx_word' id='word_1_399' title='bbox 368 3750 445 3790; x_wconf 83' lang='lat' dir='ltr'><strong>rae</strong></span> <span class='ocrx_word' id='word_1_400' title='bbox 478 3734 818 3805; x_wconf 85' lang='lat' dir='ltr'><strong>agnoverint.</strong></span> <span class='ocrx_word' id='word_1_401' title='bbox 855 3732 914 3789; x_wconf 91' lang='lat' dir='ltr'><strong>Si</strong></span> <span class='ocrx_word' id='word_1_402' title='bbox 948 3735 1095 3791; x_wconf 88' lang='lat' dir='ltr'><strong>enim</strong></span> <span class='ocrx_word' id='word_1_403' title='bbox 1142 3743 1330 3807; x_wconf 89' lang='lat' dir='ltr'><strong>posset</strong></span> <span class='ocrx_word' id='word_1_404' title='bbox 1363 3736 1485 3807; x_wconf 90' lang='lat' dir='ltr'><strong>ipsa</strong></span> <span class='ocrx_word' id='word_1_405' title='bbox 1524 3752 1623 3808; x_wconf 88' lang='lat' dir='ltr'><strong>per</strong></span> <span class='ocrx_word' id='word_1_406' title='bbox 1646 3753 1705 3793; x_wconf 89' lang='lat' dir='ltr'><strong>se</strong></span> <span class='ocrx_word' id='word_1_407' title='bbox 1750 3747 1947 3792; x_wconf 88' lang='lat' dir='ltr'><strong>natura</strong></span> 
     </span>
    </p>
   </div>
   <div class='ocr_carea' id='block_1_55' title="bbox 368 3823 1947 3899">
    <p class='ocr_par' dir='ltr' id='par_1_55' title="bbox 368 3823 1947 3899">
     <span class='ocr_line' id='line_1_55' title="bbox 368 3823 1947 3899; baseline 0.003 -19"><span class='ocrx_word' id='word_1_408' title='bbox 368 3823 555 3881; x_wconf 88' lang='lat' dir='ltr'><strong>divina</strong></span> <span class='ocrx_word' id='word_1_409' title='bbox 577 3826 751 3892; x_wconf 90' lang='lat' dir='ltr'><strong>cerni,</strong></span> <span class='ocrx_word' id='word_1_410' title='bbox 789 3833 844 3882; x_wconf 90' lang='lat' dir='ltr'><strong>et</strong></span> <span class='ocrx_word' id='word_1_411' title='bbox 862 3825 994 3898; x_wconf 89' lang='lat' dir='ltr'><strong>quid</strong></span> <span class='ocrx_word' id='word_1_412' title='bbox 1019 3827 1069 3883; x_wconf 91' lang='lat' dir='ltr'><strong>ei</strong></span> <span class='ocrx_word' id='word_1_413' title='bbox 1112 3828 1419 3897; x_wconf 87' lang='lat' dir='ltr'><strong>proprium,</strong></span> <span class='ocrx_word' id='word_1_414' title='bbox 1454 3827 1588 3899; x_wconf 89' lang='lat' dir='ltr'><strong>quid</strong></span> <span class='ocrx_word' id='word_1_415' title='bbox 1618 3830 1855 3884; x_wconf 90' lang='lat' dir='ltr'><strong>alienum</strong></span> <span class='ocrx_word' id='word_1_416' title='bbox 1881 3846 1947 3885; x_wconf 84' lang='lat' dir='ltr'><strong>ex</strong></span> 
     </span>
    </p>
   </div>
   <div class='ocr_carea' id='block_1_56' title="bbox 369 3918 1949 3991">
    <p class='ocr_par' dir='ltr' id='par_1_56' title="bbox 369 3918 1949 3991">
     <span class='ocr_line' id='line_1_56' title="bbox 369 3918 1949 3991; baseline 0.002 -17"><span class='ocrx_word' id='word_1_417' title='bbox 369 3918 685 3975; x_wconf 79' lang='lat' dir='ltr'><strong>manifestis</strong></span> <span class='ocrx_word' id='word_1_418' title='bbox 729 3918 897 3975; x_wconf 87' lang='lat' dir='ltr'><strong>rebus</strong></span> <span class='ocrx_word' id='word_1_419' title='bbox 946 3919 1216 3983; x_wconf 85' lang='lat' dir='ltr'><strong>inveniri;</strong></span> <span class='ocrx_word' id='word_1_420' title='bbox 1267 3935 1401 3975; x_wconf 88' lang='lat' dir='ltr'><strong>sane</strong></span> <span class='ocrx_word' id='word_1_421' title='bbox 1446 3935 1585 3991; x_wconf 90' lang='lat' dir='ltr'><strong>opus</strong></span> <span class='ocrx_word' id='word_1_422' title='bbox 1627 3921 1789 3976; x_wconf 90' lang='lat' dir='ltr'><strong>nobis</strong></span> <span class='ocrx_word' id='word_1_423' title='bbox 1839 3936 1949 3977; x_wconf 87' lang='lat' dir='ltr'><strong>non</strong></span> 
     </span>
    </p>
   </div>
   <div class='ocr_carea' id='block_1_57' title="bbox 370 4011 1951 4085">
    <p class='ocr_par' dir='ltr' id='par_1_57' title="bbox 370 4011 1951 4085">
     <span class='ocr_line' id='line_1_57' title="bbox 370 4011 1951 4085; baseline 0.001 -18"><span class='ocrx_word' id='word_1_424' title='bbox 370 4020 520 4067; x_wconf 91' lang='lat' dir='ltr'><strong>esset</strong></span> <span class='ocrx_word' id='word_1_425' title='bbox 557 4011 741 4068; x_wconf 87' lang='lat' dir='ltr'><strong>verbis</strong></span> <span class='ocrx_word' id='word_1_426' title='bbox 771 4022 867 4067; x_wconf 91' lang='lat' dir='ltr'><strong>aut</strong></span> <span class='ocrx_word' id='word_1_427' title='bbox 903 4013 1073 4084; x_wconf 89' lang='lat' dir='ltr'><strong>signis</strong></span> <span class='ocrx_word' id='word_1_428' title='bbox 1108 4012 1231 4070; x_wconf 88' lang='lat' dir='ltr'><strong>aliis</strong></span> <span class='ocrx_word' id='word_1_429' title='bbox 1256 4013 1322 4068; x_wconf 86' lang='lat' dir='ltr'><strong>ad</strong></span> <span class='ocrx_word' id='word_1_430' title='bbox 1373 4014 1451 4069; x_wconf 90' lang='lat' dir='ltr'><strong>rei</strong></span> <span class='ocrx_word' id='word_1_431' title='bbox 1479 4015 1721 4085; x_wconf 71' lang='lat' dir='ltr'><strong>quzcsitae</strong></span> <span class='ocrx_word' id='word_1_432' title='bbox 1748 4015 1951 4071; x_wconf 88' lang='lat' dir='ltr'><strong>intelli-</strong></span> 
     </span>
    </p>
   </div>
   <div class='ocr_carea' id='block_1_58' title="bbox 372 4101 1952 4175">
    <p class='ocr_par' dir='ltr' id='par_1_58' title="bbox 372 4101 1952 4175">
     <span class='ocr_line' id='line_1_58' title="bbox 372 4101 1952 4175; baseline 0.001 -18"><span class='ocrx_word' id='word_1_433' title='bbox 372 4104 637 4174; x_wconf 85' lang='lat' dir='ltr'><strong>gentiam.</strong></span> <span class='ocrx_word' id='word_1_434' title='bbox 679 4101 786 4159; x_wconf 85' lang='lat' dir='ltr'><strong>Sed</strong></span> <span class='ocrx_word' id='word_1_435' title='bbox 817 4106 1073 4174; x_wconf 87' lang='lat' dir='ltr'><strong>quoniam</strong></span> <span class='ocrx_word' id='word_1_436' title='bbox 1120 4106 1211 4159; x_wconf 91' lang='lat' dir='ltr'><strong>illa</strong></span> <span class='ocrx_word' id='word_1_437' title='bbox 1256 4104 1476 4175; x_wconf 85' lang='lat' dir='ltr'><strong>quidem</strong></span> <span class='ocrx_word' id='word_1_438' title='bbox 1520 4106 1808 4161; x_wconf 88' lang='lat' dir='ltr'><strong>sublimior</strong></span> <span class='ocrx_word' id='word_1_439' title='bbox 1843 4114 1952 4173; x_wconf 90' lang='lat' dir='ltr'><strong>est,</strong></span> 
     </span>
    </p>
   </div>
   <div class='ocr_carea' id='block_1_59' title="bbox 374 4197 1955 4269">
    <p class='ocr_par' dir='ltr' id='par_1_59' title="bbox 374 4197 1955 4269">
     <span class='ocr_line' id='line_1_59' title="bbox 374 4197 1955 4269; baseline 0.004 -21"><span class='ocrx_word' id='word_1_440' title='bbox 374 4213 540 4265; x_wconf 83' lang='lat' dir='ltr'><strong>quam</strong></span> <span class='ocrx_word' id='word_1_441' title='bbox 567 4206 628 4252; x_wconf 94' lang='lat' dir='ltr'><strong>ut</strong></span> <span class='ocrx_word' id='word_1_442' title='bbox 657 4211 688 4250; x_wconf 90' lang='lat' dir='ltr'><strong>a</strong></span> <span class='ocrx_word' id='word_1_443' title='bbox 710 4198 1084 4267; x_wconf 61' lang='lat' dir='ltr'><strong>quaerentibus</strong></span> <span class='ocrx_word' id='word_1_444' title='bbox 1114 4199 1291 4268; x_wconf 87' lang='lat' dir='ltr'><strong>possit</strong></span> <span class='ocrx_word' id='word_1_445' title='bbox 1330 4197 1586 4269; x_wconf 84' lang='lat' dir='ltr'><strong>intelligi,</strong></span> <span class='ocrx_word' id='word_1_446' title='bbox 1627 4212 1697 4253; x_wconf 82' lang='lat' dir='ltr'><strong>ex</strong></span> <span class='ocrx_word' id='word_1_447' title='bbox 1724 4198 1955 4269; x_wconf 87' lang='lat' dir='ltr'><strong>quibus-</strong></span> 
     </span>
    </p>
   </div>
   <div class='ocr_carea' id='block_1_60' title="bbox 375 4290 1955 4362">
    <p class='ocr_par' dir='ltr' id='par_1_60' title="bbox 375 4290 1955 4362">
     <span class='ocr_line' id='line_1_60' title="bbox 375 4290 1955 4362; baseline 0.001 -17"><span class='ocrx_word' id='word_1_448' title='bbox 375 4292 503 4345; x_wconf 88' lang='lat' dir='ltr'><strong>dam</strong></span> <span class='ocrx_word' id='word_1_449' title='bbox 544 4297 725 4345; x_wconf 91' lang='lat' dir='ltr'><strong>autem</strong></span> <span class='ocrx_word' id='word_1_450' title='bbox 767 4290 1099 4359; x_wconf 76' lang='lat' dir='ltr'><strong>conjecturis</strong></span> <span class='ocrx_word' id='word_1_451' title='bbox 1139 4291 1208 4345; x_wconf 91' lang='lat' dir='ltr'><strong>de</strong></span> <span class='ocrx_word' id='word_1_452' title='bbox 1238 4290 1405 4347; x_wconf 89' lang='lat' dir='ltr'><strong>rebus</strong></span> <span class='ocrx_word' id='word_1_453' title='bbox 1443 4291 1815 4362; x_wconf 90' lang='lat' dir='ltr'><strong>cognitionem</strong></span> <span class='ocrx_word' id='word_1_454' title='bbox 1852 4306 1955 4347; x_wconf 93' lang='lat' dir='ltr'><strong>no-</strong></span> 
     </span>
    </p>
   </div>
   <div class='ocr_carea' id='block_1_61' title="bbox 376 4378 1956 4455">
    <p class='ocr_par' dir='ltr' id='par_1_61' title="bbox 376 4378 1956 4455">
     <span class='ocr_line' id='line_1_61' title="bbox 376 4378 1956 4455; baseline 0.003 -18"><span class='ocrx_word' id='word_1_455' title='bbox 376 4388 549 4437; x_wconf 88' lang='lat' dir='ltr'><strong>stram</strong></span> <span class='ocrx_word' id='word_1_456' title='bbox 594 4378 928 4451; x_wconf 81' lang='lat' dir='ltr'><strong>fugientibus</strong></span> <span class='ocrx_word' id='word_1_457' title='bbox 971 4381 1396 4449; x_wconf 88' lang='lat' dir='ltr'><strong>ratiocinamur;</strong></span> <span class='ocrx_word' id='word_1_458' title='bbox 1447 4398 1677 4439; x_wconf 87' lang='lat' dir='ltr'><strong>necesse</strong></span> <span class='ocrx_word' id='word_1_459' title='bbox 1724 4398 1956 4455; x_wconf 87' lang='lat' dir='ltr'><strong>prorsus</strong></span> 
     </span>
    </p>
   </div>
   <div class='ocr_carea' id='block_1_62' title="bbox 2032 1991 3619 2066">
    <p class='ocr_par' dir='ltr' id='par_1_62' title="bbox 2032 1991 3619 2066">
     <span class='ocr_line' id='line_1_62' title="bbox 2032 1991 3619 2066; baseline -0.003 -17"><span class='ocrx_word' id='word_1_460' title='bbox 2032 1996 2345 2066; x_wconf 87' lang='grc' dir='ltr'><strong>ίστορείται.</strong></span> <span class='ocrx_word' id='word_1_461' title='bbox 2378 1996 2489 2049; x_wconf 75' lang='grc' dir='ltr'><strong>Καὶ</strong></span> <span class='ocrx_word' id='word_1_462' title='bbox 2515 1994 2685 2049; x_wconf 85' lang='grc' dir='ltr'><strong>πολλά</strong></span> <span class='ocrx_word' id='word_1_463' title='bbox 2716 1994 2942 2049; x_wconf 86' lang='grc' dir='ltr'><strong>τοιαῦτά</strong></span> <span class='ocrx_word' id='word_1_464' title='bbox 2976 1996 3091 2047; x_wconf 75' lang='grc' dir='ltr'><strong>ἐστι</strong></span> <span class='ocrx_word' id='word_1_465' title='bbox 3130 1991 3526 2062; x_wconf 82' lang='grc' dir='ltr'><strong>συλλεξάμενον</strong></span> <span class='ocrx_word' id='word_1_466' title='bbox 3552 1992 3619 2045; x_wconf 75' lang='grc' dir='ltr'><strong>ὲκ</strong></span> 
     </span>
    </p>
   </div>
   <div class='ocr_carea' id='block_1_63' title="bbox 2031 2082 3620 2160">
    <p class='ocr_par' dir='ltr' id='par_1_63' title="bbox 2031 2082 3620 2160">
     <span class='ocr_line' id='line_1_63' title="bbox 2031 2082 3620 2160; baseline -0.001 -20"><span class='ocrx_word' id='word_1_467' title='bbox 2031 2086 2141 2140; x_wconf 85' lang='grc' dir='ltr'><strong>τῶν</strong></span> <span class='ocrx_word' id='word_1_468' title='bbox 2169 2086 2328 2140; x_wconf 85' lang='grc' dir='ltr'><strong>θείων</strong></span> <span class='ocrx_word' id='word_1_469' title='bbox 2365 2085 2706 2160; x_wconf 77' lang='grc' dir='ltr'><strong>παραθέσθαι</strong></span> <span class='ocrx_word' id='word_1_470' title='bbox 2736 2085 2997 2155; x_wconf 77' lang='grc' dir='ltr'><strong>Γραφῶν·</strong></span> <span class='ocrx_word' id='word_1_471' title='bbox 3038 2085 3121 2138; x_wconf 79' lang='grc' dir='ltr'><strong>ὅτι</strong></span> <span class='ocrx_word' id='word_1_472' title='bbox 3161 2084 3224 2137; x_wconf 77' lang='grc' dir='ltr'><strong>τὸ</strong></span> <span class='ocrx_word' id='word_1_473' title='bbox 3259 2083 3431 2155; x_wconf 74' lang='grc' dir='ltr'><strong>ὄνομα</strong></span> <span class='ocrx_word' id='word_1_474' title='bbox 3459 2082 3620 2138; x_wconf 81' lang='grc' dir='ltr'><strong>τοῦτο</strong></span> 
     </span>
    </p>
   </div>
   <div class='ocr_carea' id='block_1_64' title="bbox 2032 2176 3621 2251">
    <p class='ocr_par' dir='ltr' id='par_1_64' title="bbox 2032 2176 3621 2251">
     <span class='ocr_line' id='line_1_64' title="bbox 2032 2176 3621 2251; baseline -0.002 -20"><span class='ocrx_word' id='word_1_475' title='bbox 2032 2177 2183 2232; x_wconf 79' lang='grc' dir='ltr'><strong>οὐδὲν</strong></span> <span class='ocrx_word' id='word_1_476' title='bbox 2216 2179 2358 2251; x_wconf 82' lang='grc' dir='ltr'><strong>ὑπὲρ</strong></span> <span class='ocrx_word' id='word_1_477' title='bbox 2384 2179 2484 2243; x_wconf 90' lang='grc' dir='ltr'><strong>τάς</strong></span> <span class='ocrx_word' id='word_1_478' title='bbox 2516 2178 2711 2241; x_wconf 83' lang='grc' dir='ltr'><strong>λοιπὰς</strong></span> <span class='ocrx_word' id='word_1_479' title='bbox 2745 2179 2844 2243; x_wconf 79' lang='grc' dir='ltr'><strong>τὰς</strong></span> <span class='ocrx_word' id='word_1_480' title='bbox 2873 2178 3199 2250; x_wconf 85' lang='grc' dir='ltr'><strong>θεοπρεπεῖς</strong></span> <span class='ocrx_word' id='word_1_481' title='bbox 3245 2176 3621 2248; x_wconf 83' lang='grc' dir='ltr'><strong>προσηγορίας</strong></span> 
     </span>
    </p>
   </div>
   <div class='ocr_carea' id='block_1_65' title="bbox 2033 2268 3619 2342">
    <p class='ocr_par' dir='ltr' id='par_1_65' title="bbox 2033 2268 3619 2342">
     <span class='ocr_line' id='line_1_65' title="bbox 2033 2268 3619 2342; baseline -0.002 -20"><span class='ocrx_word' id='word_1_482' title='bbox 2033 2270 2327 2342; x_wconf 81' lang='grc' dir='ltr'><strong>πρωτεύει,</strong></span> <span class='ocrx_word' id='word_1_483' title='bbox 2367 2271 2478 2336; x_wconf 82' lang='grc' dir='ltr'><strong>ὅτε,</strong></span> <span class='ocrx_word' id='word_1_484' title='bbox 2517 2270 2700 2335; x_wconf 87' lang='grc' dir='ltr'><strong>καθὼς</strong></span> <span class='ocrx_word' id='word_1_485' title='bbox 2730 2269 2966 2342; x_wconf 77' lang='grc' dir='ltr'><strong>εἴρηται,</strong></span> <span class='ocrx_word' id='word_1_486' title='bbox 3006 2269 3097 2322; x_wconf 70' lang='grc' dir='ltr'><strong>καὶ</strong></span> <span class='ocrx_word' id='word_1_487' title='bbox 3138 2269 3232 2321; x_wconf 75' lang='grc' dir='ltr'><strong>ἐπὶ</strong></span> <span class='ocrx_word' id='word_1_488' title='bbox 3277 2268 3388 2320; x_wconf 83' lang='grc' dir='ltr'><strong>τῶν</strong></span> <span class='ocrx_word' id='word_1_489' title='bbox 3437 2269 3619 2337; x_wconf 83' lang='grc' dir='ltr'><strong>ἀπεμ-</strong></span> 
     </span>
    </p>
   </div>
   <div class='ocr_carea' id='block_1_66' title="bbox 2036 2356 3624 2434">
    <p class='ocr_par' dir='ltr' id='par_1_66' title="bbox 2036 2356 3624 2434">
     <span class='ocr_line' id='line_1_66' title="bbox 2036 2356 3624 2434; baseline -0.003 -17"><span class='ocrx_word' id='word_1_490' title='bbox 2036 2364 2335 2433; x_wconf 84' lang='grc' dir='ltr'><strong>φαινόντων</strong></span> <span class='ocrx_word' id='word_1_491' title='bbox 2380 2361 2685 2434; x_wconf 83' lang='grc' dir='ltr'><strong>ὁμωνύμως</strong></span> <span class='ocrx_word' id='word_1_492' title='bbox 2734 2361 3023 2431; x_wconf 85' lang='grc' dir='ltr'><strong>λεγόμενον</strong></span> <span class='ocrx_word' id='word_1_493' title='bbox 3066 2359 3413 2432; x_wconf 83' lang='grc' dir='ltr'><strong>εὑρίσκομεν.</strong></span> <span class='ocrx_word' id='word_1_494' title='bbox 3457 2358 3533 2411; x_wconf 79' lang='grc' dir='ltr'><strong>Τὸ</strong></span> <span class='ocrx_word' id='word_1_495' title='bbox 3563 2356 3624 2412; x_wconf 65' lang='grc' dir='ltr'><strong>δὲ</strong></span> 
     </span>
    </p>
   </div>
   <div class='ocr_carea' id='block_1_67' title="bbox 2034 2449 3620 2525">
    <p class='ocr_par' dir='ltr' id='par_1_67' title="bbox 2034 2449 3620 2525">
     <span class='ocr_line' id='line_1_67' title="bbox 2034 2449 3620 2525; baseline -0.004 -17"><span class='ocrx_word' id='word_1_496' title='bbox 2034 2454 2129 2508; x_wconf 83' lang='grc' dir='ltr'><strong>τοῦ</strong></span> <span class='ocrx_word' id='word_1_497' title='bbox 2157 2455 2311 2523; x_wconf 85' lang='grc' dir='ltr'><strong>ἁγίου</strong></span> <span class='ocrx_word' id='word_1_498' title='bbox 2345 2454 2537 2525; x_wconf 75' lang='grc' dir='ltr'><strong>ὄνομα,</strong></span> <span class='ocrx_word' id='word_1_499' title='bbox 2570 2453 2664 2507; x_wconf 74' lang='grc' dir='ltr'><strong>καὶ</strong></span> <span class='ocrx_word' id='word_1_500' title='bbox 2701 2452 2795 2506; x_wconf 89' lang='grc' dir='ltr'><strong>τοῦ</strong></span> <span class='ocrx_word' id='word_1_501' title='bbox 2827 2451 3126 2524; x_wconf 81' lang='grc' dir='ltr'><strong>ἀφθάρτου,</strong></span> <span class='ocrx_word' id='word_1_502' title='bbox 3158 2451 3253 2504; x_wconf 71' lang='grc' dir='ltr'><strong>καὶ</strong></span> <span class='ocrx_word' id='word_1_503' title='bbox 3285 2449 3381 2502; x_wconf 88' lang='grc' dir='ltr'><strong>τοῦ</strong></span> <span class='ocrx_word' id='word_1_504' title='bbox 3413 2449 3620 2514; x_wconf 80' lang='grc' dir='ltr'><strong>εὐθέος,</strong></span> 
     </span>
    </p>
   </div>
   <div class='ocr_carea' id='block_1_68' title="bbox 2036 2540 3626 2615">
    <p class='ocr_par' dir='ltr' id='par_1_68' title="bbox 2036 2540 3626 2615">
     <span class='ocr_line' id='line_1_68' title="bbox 2036 2540 3626 2615; baseline -0.004 -14"><span class='ocrx_word' id='word_1_505' title='bbox 2036 2546 2132 2601; x_wconf 76' lang='grc' dir='ltr'><strong>καὶ</strong></span> <span class='ocrx_word' id='word_1_506' title='bbox 2177 2544 2271 2600; x_wconf 89' lang='grc' dir='ltr'><strong>τοῦ</strong></span> <span class='ocrx_word' id='word_1_507' title='bbox 2321 2545 2551 2615; x_wconf 80' lang='grc' dir='ltr'><strong>ἀγαθοῦ,</strong></span> <span class='ocrx_word' id='word_1_508' title='bbox 2601 2544 2840 2615; x_wconf 77' lang='grc' dir='ltr'><strong>οὐδαμοῦ</strong></span> <span class='ocrx_word' id='word_1_509' title='bbox 2882 2542 3355 2614; x_wconf 83' lang='grc' dir='ltr'><strong>κοινοποιούμενον</strong></span> <span class='ocrx_word' id='word_1_510' title='bbox 3388 2540 3527 2612; x_wconf 79' lang='grc' dir='ltr'><strong>πρὸς</strong></span> <span class='ocrx_word' id='word_1_511' title='bbox 3554 2540 3626 2594; x_wconf 78' lang='grc' dir='ltr'><strong>τὰ</strong></span> 
     </span>
    </p>
   </div>
   <div class='ocr_carea' id='block_1_69' title="bbox 2041 2631 3619 2710">
    <p class='ocr_par' dir='ltr' id='par_1_69' title="bbox 2041 2631 3619 2710">
     <span class='ocr_line' id='line_1_69' title="bbox 2041 2631 3619 2710; baseline -0.004 -19"><span class='ocrx_word' id='word_1_512' title='bbox 2041 2637 2116 2709; x_wconf 83' lang='grc' dir='ltr'><strong>μὴ</strong></span> <span class='ocrx_word' id='word_1_513' title='bbox 2143 2637 2329 2691; x_wconf 81' lang='grc' dir='ltr'><strong>δέοντα</strong></span> <span class='ocrx_word' id='word_1_514' title='bbox 2363 2638 2513 2710; x_wconf 85' lang='grc' dir='ltr'><strong>παρά</strong></span> <span class='ocrx_word' id='word_1_515' title='bbox 2558 2636 2661 2707; x_wconf 84' lang='grc' dir='ltr'><strong>τῆς</strong></span> <span class='ocrx_word' id='word_1_516' title='bbox 2698 2636 2921 2709; x_wconf 84' lang='grc' dir='ltr'><strong>Γραφῆς</strong></span> <span class='ocrx_word' id='word_1_517' title='bbox 2957 2633 3333 2705; x_wconf 76' lang='grc' dir='ltr'><strong>ἐδιδάχθημεν.</strong></span> <span class='ocrx_word' id='word_1_518' title='bbox 3386 2631 3619 2696; x_wconf 77' lang='grc' dir='ltr'><strong>Οὐκοῦν,</strong></span> 
     </span>
    </p>
   </div>
   <div class='ocr_carea' id='block_1_70' title="bbox 2039 2722 3625 2801">
    <p class='ocr_par' dir='ltr' id='par_1_70' title="bbox 2039 2722 3625 2801">
     <span class='ocr_line' id='line_1_70' title="bbox 2039 2722 3625 2801; baseline -0.008 -15"><span class='ocrx_word' id='word_1_519' title='bbox 2039 2735 2090 2786; x_wconf 77' lang='grc' dir='ltr'><strong>εἰ</strong></span> <span class='ocrx_word' id='word_1_520' title='bbox 2114 2733 2172 2785; x_wconf 82' lang='grc' dir='ltr'><strong>ὲν</strong></span> <span class='ocrx_word' id='word_1_521' title='bbox 2193 2734 2304 2797; x_wconf 87' lang='grc' dir='ltr'><strong>τοῖς</strong></span> <span class='ocrx_word' id='word_1_522' title='bbox 2330 2729 2622 2801; x_wconf 79' lang='grc' dir='ltr'><strong>ἐξαιρέτως</strong></span> <span class='ocrx_word' id='word_1_523' title='bbox 2653 2729 2745 2783; x_wconf 69' lang='grc' dir='ltr'><strong>ἐπὶ</strong></span> <span class='ocrx_word' id='word_1_524' title='bbox 2778 2727 2944 2799; x_wconf 86' lang='grc' dir='ltr'><strong>μόνης</strong></span> <span class='ocrx_word' id='word_1_525' title='bbox 2976 2726 3075 2796; x_wconf 83' lang='grc' dir='ltr'><strong>τῆς</strong></span> <span class='ocrx_word' id='word_1_526' title='bbox 3103 2724 3253 2789; x_wconf 87' lang='grc' dir='ltr'><strong>θείας</strong></span> <span class='ocrx_word' id='word_1_527' title='bbox 3286 2724 3502 2794; x_wconf 75' lang='grc' dir='ltr'><strong>φύσεως</strong></span> <span class='ocrx_word' id='word_1_528' title='bbox 3534 2722 3625 2774; x_wconf 73' lang='grc' dir='ltr'><strong>εὑ-</strong></span> 
     </span>
    </p>
   </div>
   <div class='ocr_carea' id='block_1_71' title="bbox 2043 2814 3625 2893">
    <p class='ocr_par' dir='ltr' id='par_1_71' title="bbox 2043 2814 3625 2893">
     <span class='ocr_line' id='line_1_71' title="bbox 2043 2814 3625 2893; baseline -0.005 -16"><span class='ocrx_word' id='word_1_529' title='bbox 2043 2823 2216 2888; x_wconf 77' lang='grc' dir='ltr'><strong>σεδῶς</strong></span> <span class='ocrx_word' id='word_1_530' title='bbox 2242 2821 2555 2893; x_wconf 82' lang='grc' dir='ltr'><strong>λεγομένοις</strong></span> <span class='ocrx_word' id='word_1_531' title='bbox 2578 2820 2804 2891; x_wconf 81' lang='grc' dir='ltr'><strong>ὀνόμασι</strong></span> <span class='ocrx_word' id='word_1_532' title='bbox 2826 2820 3100 2872; x_wconf 84' lang='grc' dir='ltr'><strong>κοινωνεῖν</strong></span> <span class='ocrx_word' id='word_1_533' title='bbox 3125 2816 3188 2870; x_wconf 76' lang='grc' dir='ltr'><strong>τὸ</strong></span> <span class='ocrx_word' id='word_1_534' title='bbox 3219 2815 3376 2884; x_wconf 72' lang='grc' dir='ltr'><strong>ἅγιον</strong></span> <span class='ocrx_word' id='word_1_535' title='bbox 3400 2814 3625 2884; x_wconf 76' lang='grc' dir='ltr'><strong>Πνεῦμα</strong></span> 
     </span>
    </p>
   </div>
   <div class='ocr_carea' id='block_1_72' title="bbox 2042 2905 3624 2987">
    <p class='ocr_par' dir='ltr' id='par_1_72' title="bbox 2042 2905 3624 2987">
     <span class='ocr_line' id='line_1_72' title="bbox 2042 2905 3624 2987; baseline -0.008 -19"><span class='ocrx_word' id='word_1_536' title='bbox 2042 2915 2178 2987; x_wconf 84' lang='grc' dir='ltr'><strong>πρὸς</strong></span> <span class='ocrx_word' id='word_1_537' title='bbox 2206 2913 2299 2968; x_wconf 81' lang='grc' dir='ltr'><strong>τὸν</strong></span> <span class='ocrx_word' id='word_1_538' title='bbox 2330 2914 2456 2967; x_wconf 85' lang='grc' dir='ltr'><strong>Υίὸν</strong></span> <span class='ocrx_word' id='word_1_539' title='bbox 2482 2913 2578 2967; x_wconf 75' lang='grc' dir='ltr'><strong>καὶ</strong></span> <span class='ocrx_word' id='word_1_540' title='bbox 2626 2912 2718 2965; x_wconf 79' lang='grc' dir='ltr'><strong>τὸν</strong></span> <span class='ocrx_word' id='word_1_541' title='bbox 2763 2910 2985 2981; x_wconf 83' lang='grc' dir='ltr'><strong>Πατέρα</strong></span> <span class='ocrx_word' id='word_1_542' title='bbox 3011 2910 3111 2964; x_wconf 83' lang='grc' dir='ltr'><strong>οὐκ</strong></span> <span class='ocrx_word' id='word_1_543' title='bbox 3151 2907 3511 2975; x_wconf 81' lang='grc' dir='ltr'><strong>ἀντιλέγουσι,</strong></span> <span class='ocrx_word' id='word_1_544' title='bbox 3542 2905 3624 2965; x_wconf 89' lang='grc' dir='ltr'><strong>τίς</strong></span> 
     </span>
    </p>
   </div>
   <div class='ocr_carea' id='block_1_73' title="bbox 2040 2993 3627 3073">
    <p class='ocr_par' dir='ltr' id='par_1_73' title="bbox 2040 2993 3627 3073">
     <span class='ocr_line' id='line_1_73' title="bbox 2040 2993 3627 3073; baseline -0.006 -16"><span class='ocrx_word' id='word_1_545' title='bbox 2040 3007 2071 3059; x_wconf 82' lang='grc' dir='ltr'>ὁ</span> <span class='ocrx_word' id='word_1_546' title='bbox 2120 3004 2275 3073; x_wconf 83' lang='grc' dir='ltr'><strong>λόγος</strong></span> <span class='ocrx_word' id='word_1_547' title='bbox 2300 3042 2316 3067; x_wconf 89' lang='grc'><strong>,</strong></span> <span class='ocrx_word' id='word_1_548' title='bbox 2364 3000 2539 3072; x_wconf 86' lang='grc' dir='ltr'><strong>τούτῳ</strong></span> <span class='ocrx_word' id='word_1_549' title='bbox 2593 3001 2739 3072; x_wconf 86' lang='grc' dir='ltr'><strong>μόνῳ</strong></span> <span class='ocrx_word' id='word_1_550' title='bbox 2786 2997 3215 3062; x_wconf 74' lang='grc' dir='ltr'><strong>κατασκευάζειν</strong></span> <span class='ocrx_word' id='word_1_551' title='bbox 3264 2993 3627 3064; x_wconf 78' lang='grc' dir='ltr'><strong>ἀκοινώνητον</strong></span> 
     </span>
    </p>
   </div>
   <div class='ocr_carea' id='block_1_74' title="bbox 1963 3085 3627 3193">
    <p class='ocr_par' dir='ltr' id='par_1_74' title="bbox 1963 3085 3627 3193">
     <span class='ocr_line' id='line_1_74' title="bbox 1963 3085 3627 3193; baseline -0.007 -43"><span class='ocrx_word' id='word_1_552' title='bbox 1963 3132 2008 3193; x_wconf 74' lang='lat' dir='ltr'>c</span> <span class='ocrx_word' id='word_1_553' title='bbox 2043 3090 2219 3160; x_wconf 77' lang='grc' dir='ltr'><strong>εἶναι,</strong></span> <span class='ocrx_word' id='word_1_554' title='bbox 2265 3090 2327 3150; x_wconf 76' lang='grc' dir='ltr'><strong>οὗ</strong></span> <span class='ocrx_word' id='word_1_555' title='bbox 2376 3093 2625 3166; x_wconf 85' lang='grc' dir='ltr'><strong>μετέχειν</strong></span> <span class='ocrx_word' id='word_1_556' title='bbox 2682 3092 2930 3164; x_wconf 72' lang='grc' dir='ltr'><strong>ἐδείχθη,</strong></span> <span class='ocrx_word' id='word_1_557' title='bbox 2975 3090 3116 3145; x_wconf 84' lang='grc' dir='ltr'><strong>κατὰ</strong></span> <span class='ocrx_word' id='word_1_558' title='bbox 3164 3104 3288 3142; x_wconf 88' lang='grc' dir='ltr'><strong>τινα</strong></span> <span class='ocrx_word' id='word_1_559' title='bbox 3336 3085 3627 3158; x_wconf 79' lang='grc' dir='ltr'><strong>ὁμώνυμον</strong></span> 
     </span>
    </p>
   </div>
   <div class='ocr_carea' id='block_1_75' title="bbox 2040 3181 3212 3261">
    <p class='ocr_par' dir='ltr' id='par_1_75' title="bbox 2040 3181 3212 3261">
     <span class='ocr_line' id='line_1_75' title="bbox 2040 3181 3212 3261; baseline -0.007 -19"><span class='ocrx_word' id='word_1_560' title='bbox 2040 3190 2236 3261; x_wconf 85' lang='grc' dir='ltr'><strong>χρῆσιν</strong></span> <span class='ocrx_word' id='word_1_561' title='bbox 2266 3188 2361 3242; x_wconf 73' lang='grc' dir='ltr'><strong>καὶ</strong></span> <span class='ocrx_word' id='word_1_562' title='bbox 2389 3188 2459 3242; x_wconf 84' lang='grc' dir='ltr'><strong>τὰ</strong></span> <span class='ocrx_word' id='word_1_563' title='bbox 2487 3185 2738 3257; x_wconf 85' lang='grc' dir='ltr'><strong>δαιμόνια</strong></span> <span class='ocrx_word' id='word_1_564' title='bbox 2762 3184 2859 3238; x_wconf 75' lang='grc' dir='ltr'><strong>καὶ</strong></span> <span class='ocrx_word' id='word_1_565' title='bbox 2889 3183 2957 3237; x_wconf 82' lang='grc' dir='ltr'><strong>τά</strong></span> <span class='ocrx_word' id='word_1_566' title='bbox 2986 3181 3212 3250; x_wconf 83' lang='grc' dir='ltr'><strong>εἴδωλα;</strong></span> 
     </span>
    </p>
   </div>
   <div class='ocr_carea' id='block_1_76' title="bbox 2110 3264 3630 3347">
    <p class='ocr_par' dir='ltr' id='par_1_76' title="bbox 2110 3264 3630 3347">
     <span class='ocr_line' id='line_1_76' title="bbox 2110 3264 3630 3347; baseline -0.008 -14"><span class='ocrx_word' id='word_1_567' title='bbox 2110 3280 2165 3336; x_wconf 84' lang='grc'><strong>6.</strong></span> <span class='ocrx_word' id='word_1_568' title='bbox 2206 3277 2366 3333; x_wconf 81' lang='grc' dir='ltr'><strong>Ἀλλά</strong></span> <span class='ocrx_word' id='word_1_569' title='bbox 2421 3277 2637 3347; x_wconf 85' lang='grc' dir='ltr'><strong>λέγουσι</strong></span> <span class='ocrx_word' id='word_1_570' title='bbox 2696 3276 2910 3345; x_wconf 85' lang='grc' dir='ltr'><strong>φύσεως</strong></span> <span class='ocrx_word' id='word_1_571' title='bbox 2954 3272 3289 3344; x_wconf 79' lang='grc' dir='ltr'><strong>ὲνδεικτικὴν</strong></span> <span class='ocrx_word' id='word_1_572' title='bbox 3339 3264 3482 3323; x_wconf 72' lang='grc' dir='ltr'><strong>εἶναι</strong></span> <span class='ocrx_word' id='word_1_573' title='bbox 3530 3268 3630 3339; x_wconf 78' lang='grc' dir='ltr'><strong>τὴν</strong></span> 
     </span>
    </p>
   </div>
   <div class='ocr_carea' id='block_1_77' title="bbox 2043 3358 3629 3444">
    <p class='ocr_par' dir='ltr' id='par_1_77' title="bbox 2043 3358 3629 3444">
     <span class='ocr_line' id='line_1_77' title="bbox 2043 3358 3629 3444; baseline -0.008 -17"><span class='ocrx_word' id='word_1_574' title='bbox 2043 3371 2415 3444; x_wconf 81' lang='grc' dir='ltr'><strong>προσηγορίαν</strong></span> <span class='ocrx_word' id='word_1_575' title='bbox 2462 3370 2703 3440; x_wconf 57' lang='grc' dir='ltr'><strong>ταύτην</strong></span> <span class='ocrx_word' id='word_1_576' title='bbox 2751 3365 3114 3438; x_wconf 82' lang='grc' dir='ltr'><strong>ἀκοινώνητον</strong></span> <span class='ocrx_word' id='word_1_577' title='bbox 3179 3365 3235 3418; x_wconf 83' lang='grc' dir='ltr'><strong>δὲ</strong></span> <span class='ocrx_word' id='word_1_578' title='bbox 3291 3358 3433 3417; x_wconf 81' lang='grc' dir='ltr'><strong>εἶναι</strong></span> <span class='ocrx_word' id='word_1_579' title='bbox 3494 3361 3629 3431; x_wconf 70' lang='grc' dir='ltr'><strong>πρὸς</strong></span> 
     </span>
    </p>
   </div>
   <div class='ocr_carea' id='block_1_78' title="bbox 2045 3454 3635 3537">
    <p class='ocr_par' dir='ltr' id='par_1_78' title="bbox 2045 3454 3635 3537">
     <span class='ocr_line' id='line_1_78' title="bbox 2045 3454 3635 3537; baseline -0.009 -16"><span class='ocrx_word' id='word_1_580' title='bbox 2045 3466 2268 3537; x_wconf 87' lang='grc' dir='ltr'><strong>Πατέρα</strong></span> <span class='ocrx_word' id='word_1_581' title='bbox 2292 3465 2385 3517; x_wconf 73' lang='grc' dir='ltr'><strong>καὶ</strong></span> <span class='ocrx_word' id='word_1_582' title='bbox 2414 3463 2542 3516; x_wconf 81' lang='grc' dir='ltr'><strong>Υίὸν</strong></span> <span class='ocrx_word' id='word_1_583' title='bbox 2575 3461 2671 3533; x_wconf 84' lang='grc' dir='ltr'><strong>τὴν</strong></span> <span class='ocrx_word' id='word_1_584' title='bbox 2697 3461 2791 3515; x_wconf 90' lang='grc' dir='ltr'><strong>τοῦ</strong></span> <span class='ocrx_word' id='word_1_585' title='bbox 2840 3460 3158 3530; x_wconf 60' lang='grc' dir='ltr'><strong>Πνεύμτος</strong></span> <span class='ocrx_word' id='word_1_586' title='bbox 3198 3456 3383 3526; x_wconf 87' lang='grc' dir='ltr'><strong>φύσιν,</strong></span> <span class='ocrx_word' id='word_1_587' title='bbox 3422 3455 3518 3509; x_wconf 77' lang='grc' dir='ltr'><strong>καὶ</strong></span> <span class='ocrx_word' id='word_1_588' title='bbox 3542 3454 3635 3508; x_wconf 79' lang='grc' dir='ltr'><strong>διὰ</strong></span> 
     </span>
    </p>
   </div>
   <div class='ocr_carea' id='block_1_79' title="bbox 2045 3548 3629 3629">
    <p class='ocr_par' dir='ltr' id='par_1_79' title="bbox 2045 3548 3629 3629">
     <span class='ocr_line' id='line_1_79' title="bbox 2045 3548 3629 3629; baseline -0.009 -17"><span class='ocrx_word' id='word_1_589' title='bbox 2045 3558 2203 3612; x_wconf 80' lang='grc' dir='ltr'><strong>τοῦτο</strong></span> <span class='ocrx_word' id='word_1_590' title='bbox 2235 3556 2368 3629; x_wconf 81' lang='grc' dir='ltr'><strong>μηδὲ</strong></span> <span class='ocrx_word' id='word_1_591' title='bbox 2398 3555 2499 3626; x_wconf 77' lang='grc' dir='ltr'><strong>τῆς</strong></span> <span class='ocrx_word' id='word_1_592' title='bbox 2533 3553 2674 3607; x_wconf 75' lang='grc' dir='ltr'><strong>κατὰ</strong></span> <span class='ocrx_word' id='word_1_593' title='bbox 2702 3553 2764 3606; x_wconf 86' lang='grc' dir='ltr'><strong>τὸ</strong></span> <span class='ocrx_word' id='word_1_594' title='bbox 2795 3552 2965 3623; x_wconf 76' lang='grc' dir='ltr'><strong>ὄνομα</strong></span> <span class='ocrx_word' id='word_1_595' title='bbox 2996 3550 3153 3604; x_wconf 83' lang='grc' dir='ltr'><strong>τοῦτο</strong></span> <span class='ocrx_word' id='word_1_596' title='bbox 3181 3548 3468 3610; x_wconf 82' lang='grc' dir='ltr'><strong>κοινωνίας</strong></span> <span class='ocrx_word' id='word_1_597' title='bbox 3501 3562 3629 3617; x_wconf 81' lang='grc' dir='ltr'><strong>μετ·</strong></span> 
     </span>
    </p>
   </div>
   <div class='ocr_carea' id='block_1_80' title="bbox 2047 3632 3631 3719">
    <p class='ocr_par' dir='ltr' id='par_1_80' title="bbox 2047 3632 3631 3719">
     <span class='ocr_line' id='line_1_80' title="bbox 2047 3632 3631 3719; baseline -0.009 -18"><span class='ocrx_word' id='word_1_598' title='bbox 2047 3649 2214 3719; x_wconf 81' lang='grc' dir='ltr'><strong>ἐχειν.</strong></span> <span class='ocrx_word' id='word_1_599' title='bbox 2246 3645 2454 3701; x_wconf 81' lang='grc' dir='ltr'><strong>Οὐκοῦν</strong></span> <span class='ocrx_word' id='word_1_600' title='bbox 2482 3643 2834 3711; x_wconf 78' lang='grc' dir='ltr'><strong>δειξάτωσαν,</strong></span> <span class='ocrx_word' id='word_1_601' title='bbox 2865 3632 2952 3696; x_wconf 72' lang='grc' dir='ltr'><strong>διὰ</strong></span> <span class='ocrx_word' id='word_1_602' title='bbox 2995 3640 3157 3693; x_wconf 87' lang='grc' dir='ltr'><strong>τίνων</strong></span> <span class='ocrx_word' id='word_1_603' title='bbox 3197 3638 3259 3692; x_wconf 76' lang='grc' dir='ltr'><strong>τὸ</strong></span> <span class='ocrx_word' id='word_1_604' title='bbox 3286 3638 3387 3708; x_wconf 81' lang='grc' dir='ltr'><strong>τῆς</strong></span> <span class='ocrx_word' id='word_1_605' title='bbox 3417 3637 3631 3707; x_wconf 78' lang='grc' dir='ltr'><strong>φύσεως</strong></span> 
     </span>
    </p>
   </div>
   <div class='ocr_carea' id='block_1_81' title="bbox 2049 3724 3633 3812">
    <p class='ocr_par' dir='ltr' id='par_1_81' title="bbox 2049 3724 3633 3812">
     <span class='ocr_line' id='line_1_81' title="bbox 2049 3724 3633 3812; baseline -0.009 -19"><span class='ocrx_word' id='word_1_606' title='bbox 2049 3738 2502 3812; x_wconf 82' lang='grc' dir='ltr'><strong>παρηλλαγμένον</strong></span> <span class='ocrx_word' id='word_1_607' title='bbox 2546 3735 2880 3804; x_wconf 71' lang='grc' dir='ltr'><strong>ἐπέγνωσαν.</strong></span> <span class='ocrx_word' id='word_1_608' title='bbox 2929 3731 2993 3786; x_wconf 75' lang='lat' dir='ltr'><strong>El</strong></span> <span class='ocrx_word' id='word_1_609' title='bbox 3041 3731 3140 3802; x_wconf 84' lang='grc' dir='ltr'><strong>μὲν</strong></span> <span class='ocrx_word' id='word_1_610' title='bbox 3170 3729 3277 3803; x_wconf 89' lang='grc' dir='ltr'><strong>γάρ</strong></span> <span class='ocrx_word' id='word_1_611' title='bbox 3314 3724 3384 3800; x_wconf 80' lang='grc' dir='ltr'><strong>ἦν</strong></span> <span class='ocrx_word' id='word_1_612' title='bbox 3409 3727 3633 3782; x_wconf 75' lang='grc' dir='ltr'><strong>δυνατὸν</strong></span> 
     </span>
    </p>
   </div>
   <div class='ocr_carea' id='block_1_82' title="bbox 2049 3818 3633 3902">
    <p class='ocr_par' dir='ltr' id='par_1_82' title="bbox 2049 3818 3633 3902">
     <span class='ocr_line' id='line_1_82' title="bbox 2049 3818 3633 3902; baseline -0.009 -17"><span class='ocrx_word' id='word_1_613' title='bbox 2049 3833 2217 3902; x_wconf 78' lang='grc' dir='ltr'><strong>αὐτὴν</strong></span> <span class='ocrx_word' id='word_1_614' title='bbox 2247 3831 2343 3900; x_wconf 74' lang='grc' dir='ltr'><strong>ἐφ’</strong></span> <span class='ocrx_word' id='word_1_615' title='bbox 2369 3831 2568 3900; x_wconf 78' lang='grc' dir='ltr'><strong>εαυτῆς</strong></span> <span class='ocrx_word' id='word_1_616' title='bbox 2607 3827 2704 3899; x_wconf 83' lang='grc' dir='ltr'><strong>τὴν</strong></span> <span class='ocrx_word' id='word_1_617' title='bbox 2739 3826 2888 3880; x_wconf 89' lang='grc' dir='ltr'><strong>θείαν</strong></span> <span class='ocrx_word' id='word_1_618' title='bbox 2940 3825 3100 3894; x_wconf 84' lang='grc' dir='ltr'><strong>φύσιν</strong></span> <span class='ocrx_word' id='word_1_619' title='bbox 3142 3820 3508 3894; x_wconf 81' lang='grc' dir='ltr'><strong>θεωρηθῆναι,</strong></span> <span class='ocrx_word' id='word_1_620' title='bbox 3538 3818 3633 3872; x_wconf 72' lang='grc' dir='ltr'><strong>καὶ</strong></span> 
     </span>
    </p>
   </div>
   <div class='ocr_carea' id='block_1_83' title="bbox 2049 3911 3633 3991">
    <p class='ocr_par' dir='ltr' id='par_1_83' title="bbox 2049 3911 3633 3991">
     <span class='ocr_line' id='line_1_83' title="bbox 2049 3911 3633 3991; baseline -0.009 -14"><span class='ocrx_word' id='word_1_621' title='bbox 2049 3926 2111 3977; x_wconf 79' lang='grc' dir='ltr'><strong>τό</strong></span> <span class='ocrx_word' id='word_1_622' title='bbox 2136 3941 2192 3977; x_wconf 85' lang='grc' dir='ltr'><strong>τε</strong></span> <span class='ocrx_word' id='word_1_623' title='bbox 2223 3924 2437 3985; x_wconf 81' lang='grc' dir='ltr'><strong>οἰκείως</strong></span> <span class='ocrx_word' id='word_1_624' title='bbox 2471 3921 2591 3991; x_wconf 75' lang='grc' dir='ltr'><strong>ἕχον</strong></span> <span class='ocrx_word' id='word_1_625' title='bbox 2632 3919 2727 3973; x_wconf 77' lang='grc' dir='ltr'><strong>καὶ</strong></span> <span class='ocrx_word' id='word_1_626' title='bbox 2771 3911 2855 3972; x_wconf 78' lang='grc' dir='ltr'><strong>τδ’</strong></span> <span class='ocrx_word' id='word_1_627' title='bbox 2876 3915 3170 3987; x_wconf 85' lang='grc' dir='ltr'><strong>ἀλλοτρίως</strong></span> <span class='ocrx_word' id='word_1_628' title='bbox 3198 3915 3286 3967; x_wconf 79' lang='grc' dir='ltr'><strong>διὰ</strong></span> <span class='ocrx_word' id='word_1_629' title='bbox 3305 3913 3414 3965; x_wconf 85' lang='grc' dir='ltr'><strong>τῶν</strong></span> <span class='ocrx_word' id='word_1_630' title='bbox 3446 3927 3633 3981; x_wconf 80' lang='grc' dir='ltr'><strong>φαινο-</strong></span> 
     </span>
    </p>
   </div>
   <div class='ocr_carea' id='block_1_84' title="bbox 2055 4002 3632 4089">
    <p class='ocr_par' dir='ltr' id='par_1_84' title="bbox 2055 4002 3632 4089">
     <span class='ocr_line' id='line_1_84' title="bbox 2055 4002 3632 4089; baseline -0.011 -18"><span class='ocrx_word' id='word_1_631' title='bbox 2055 4017 2232 4089; x_wconf 87' lang='grc' dir='ltr'><strong>μένων</strong></span> <span class='ocrx_word' id='word_1_632' title='bbox 2278 4017 2478 4086; x_wconf 84' lang='grc' dir='ltr'><strong>εὑρεῖν,</strong></span> <span class='ocrx_word' id='word_1_633' title='bbox 2519 4014 2621 4066; x_wconf 82' lang='grc' dir='ltr'><strong>οὺκ</strong></span> <span class='ocrx_word' id='word_1_634' title='bbox 2668 4012 2733 4065; x_wconf 86' lang='grc' dir='ltr'><strong>ἂν</strong></span> <span class='ocrx_word' id='word_1_635' title='bbox 2779 4011 2996 4072; x_wconf 79' lang='grc' dir='ltr'><strong>πάντως</strong></span> <span class='ocrx_word' id='word_1_636' title='bbox 3036 4006 3335 4079; x_wconf 78' lang='grc' dir='ltr'><strong>ἐδεήθημεν</strong></span> <span class='ocrx_word' id='word_1_637' title='bbox 3384 4004 3558 4073; x_wconf 86' lang='grc' dir='ltr'><strong>λόγων</strong></span> <span class='ocrx_word' id='word_1_638' title='bbox 3596 4002 3632 4072; x_wconf 82' lang='grc' dir='ltr'>ἢ</span> 
     </span>
    </p>
   </div>
   <div class='ocr_carea' id='block_1_85' title="bbox 2052 4094 3636 4180">
    <p class='ocr_par' dir='ltr' id='par_1_85' title="bbox 2052 4094 3636 4180">
     <span class='ocr_line' id='line_1_85' title="bbox 2052 4094 3636 4180; baseline -0.008 -18"><span class='ocrx_word' id='word_1_639' title='bbox 2052 4107 2368 4180; x_wconf 85' lang='grc' dir='ltr'><strong>τεκμηρίων</strong></span> <span class='ocrx_word' id='word_1_640' title='bbox 2395 4105 2595 4177; x_wconf 81' lang='grc' dir='ltr'><strong>ἑτέρων</strong></span> <span class='ocrx_word' id='word_1_641' title='bbox 2640 4103 2777 4175; x_wconf 80' lang='grc' dir='ltr'><strong>πρὸς</strong></span> <span class='ocrx_word' id='word_1_642' title='bbox 2823 4103 2923 4172; x_wconf 84' lang='grc' dir='ltr'><strong>τὴν</strong></span> <span class='ocrx_word' id='word_1_643' title='bbox 2975 4100 3068 4154; x_wconf 87' lang='grc' dir='ltr'><strong>τοῦ</strong></span> <span class='ocrx_word' id='word_1_644' title='bbox 3111 4098 3441 4170; x_wconf 78' lang='grc' dir='ltr'><strong>ζητουμένου</strong></span> <span class='ocrx_word' id='word_1_645' title='bbox 3469 4094 3636 4149; x_wconf 81' lang='grc' dir='ltr'><strong>κατά-</strong></span> 
     </span>
    </p>
   </div>
   <div class='ocr_carea' id='block_1_86' title="bbox 2052 4188 3636 4274">
    <p class='ocr_par' dir='ltr' id='par_1_86' title="bbox 2052 4188 3636 4274">
     <span class='ocr_line' id='line_1_86' title="bbox 2052 4188 3636 4274; baseline -0.009 -19"><span class='ocrx_word' id='word_1_646' title='bbox 2052 4202 2215 4274; x_wconf 77' lang='grc' dir='ltr'><strong>ληψιν</strong></span> <span class='ocrx_word' id='word_1_647' title='bbox 2235 4219 2248 4230; x_wconf 89' lang='grc'><strong>·</strong></span> <span class='ocrx_word' id='word_1_648' title='bbox 2284 4198 2471 4270; x_wconf 72' lang='grc' dir='ltr'><strong>ἐπειδὴ</strong></span> <span class='ocrx_word' id='word_1_649' title='bbox 2495 4199 2552 4252; x_wconf 81' lang='grc' dir='ltr'><strong>δὲ</strong></span> <span class='ocrx_word' id='word_1_650' title='bbox 2581 4200 2615 4270; x_wconf 83' lang='grc' dir='ltr'>ἡ</span> <span class='ocrx_word' id='word_1_651' title='bbox 2651 4196 2748 4268; x_wconf 82' lang='grc' dir='ltr'><strong>μὲν</strong></span> <span class='ocrx_word' id='word_1_652' title='bbox 2772 4194 3076 4266; x_wconf 77' lang='grc' dir='ltr'><strong>ὑψηλοτέρα</strong></span> <span class='ocrx_word' id='word_1_653' title='bbox 3102 4194 3202 4264; x_wconf 78' lang='grc' dir='ltr'><strong>τῆς</strong></span> <span class='ocrx_word' id='word_1_654' title='bbox 3230 4191 3337 4244; x_wconf 84' lang='grc' dir='ltr'><strong>τῶν</strong></span> <span class='ocrx_word' id='word_1_655' title='bbox 3372 4188 3636 4261; x_wconf 84' lang='grc' dir='ltr'><strong>ζητουμέ-</strong></span> 
     </span>
    </p>
   </div>
   <div class='ocr_carea' id='block_1_87' title="bbox 2054 4279 3633 4362">
    <p class='ocr_par' dir='ltr' id='par_1_87' title="bbox 2054 4279 3633 4362">
     <span class='ocr_line' id='line_1_87' title="bbox 2054 4279 3633 4362; baseline -0.011 -14"><span class='ocrx_word' id='word_1_656' title='bbox 2054 4311 2160 4348; x_wconf 91' lang='grc' dir='ltr'><strong>νων</strong></span> <span class='ocrx_word' id='word_1_657' title='bbox 2185 4293 2300 4346; x_wconf 71' lang='grc' dir='ltr'><strong>ὲστὶ</strong></span> <span class='ocrx_word' id='word_1_658' title='bbox 2332 4291 2735 4362; x_wconf 85' lang='grc' dir='ltr'><strong>κατανοήσεως,</strong></span> <span class='ocrx_word' id='word_1_659' title='bbox 2767 4290 2832 4341; x_wconf 85' lang='grc' dir='ltr'><strong>ὲκ</strong></span> <span class='ocrx_word' id='word_1_660' title='bbox 2860 4286 2918 4340; x_wconf 82' lang='grc' dir='ltr'><strong>δὲ</strong></span> <span class='ocrx_word' id='word_1_661' title='bbox 2963 4282 3278 4355; x_wconf 88' lang='grc' dir='ltr'><strong>τεκμηρίων</strong></span> <span class='ocrx_word' id='word_1_662' title='bbox 3309 4282 3475 4335; x_wconf 83' lang='grc' dir='ltr'><strong>τινῶν</strong></span> <span class='ocrx_word' id='word_1_663' title='bbox 3511 4279 3633 4350; x_wconf 78' lang='grc' dir='ltr'><strong>περὶ</strong></span> 
     </span>
    </p>
   </div>
   <div class='ocr_carea' id='block_1_88' title="bbox 2054 4369 3628 4449">
    <p class='ocr_par' dir='ltr' id='par_1_88' title="bbox 2054 4369 3628 4449">
     <span class='ocr_line' id='line_1_88' title="bbox 2054 4369 3628 4449; baseline -0.009 -13"><span class='ocrx_word' id='word_1_664' title='bbox 2054 4383 2164 4437; x_wconf 84' lang='grc' dir='ltr'><strong>τῶν</strong></span> <span class='ocrx_word' id='word_1_665' title='bbox 2196 4380 2592 4449; x_wconf 65' lang='grc' dir='ltr'><strong>διαφευγόντων</strong></span> <span class='ocrx_word' id='word_1_666' title='bbox 2626 4376 2725 4448; x_wconf 74' lang='grc' dir='ltr'><strong>τὴν</strong></span> <span class='ocrx_word' id='word_1_667' title='bbox 2759 4375 2960 4445; x_wconf 83' lang='grc' dir='ltr'><strong>γνῶσιν</strong></span> <span class='ocrx_word' id='word_1_668' title='bbox 2992 4374 3068 4439; x_wconf 80' lang='lat' dir='ltr'><strong>l5)</strong></span> <span class='ocrx_word' id='word_1_669' title='bbox 3094 4371 3248 4444; x_wconf 76' lang='grc' dir='ltr'><strong>ἡμῶν</strong></span> <span class='ocrx_word' id='word_1_670' title='bbox 3282 4369 3628 4441; x_wconf 78' lang='grc' dir='ltr'><strong>λογιζόμεθα-</strong></span> 
     </span>
    </p>
   </div>
   <div class='ocr_carea' id='block_1_89' title="bbox 377 4463 1941 4546">
    <p class='ocr_par' dir='ltr' id='par_1_89' title="bbox 377 4470 1941 4541">
     <span class='ocr_line' id='line_1_89' title="bbox 377 4470 1941 4541; baseline 0.004 -16"><span class='ocrx_word' id='word_1_671' title='bbox 377 4481 557 4526; x_wconf 77' lang='lat' dir='ltr'><strong>estex</strong></span> <span class='ocrx_word' id='word_1_672' title='bbox 591 4470 1004 4541; x_wconf 87' lang='lat' dir='ltr'><strong>operationibus</strong></span> <span class='ocrx_word' id='word_1_673' title='bbox 1027 4487 1128 4527; x_wconf 88' lang='lat' dir='ltr'><strong>nos</strong></span> <span class='ocrx_word' id='word_1_674' title='bbox 1158 4488 1324 4528; x_wconf 91' lang='lat' dir='ltr'><strong>manu</strong></span> <span class='ocrx_word' id='word_1_675' title='bbox 1357 4473 1485 4529; x_wconf 93' lang='lat' dir='ltr'><strong>duci</strong></span> <span class='ocrx_word' id='word_1_676' title='bbox 1519 4474 1588 4529; x_wconf 84' lang='lat' dir='ltr'><strong>ad</strong></span> <span class='ocrx_word' id='word_1_677' title='bbox 1628 4474 1825 4530; x_wconf 70' lang='lat' dir='ltr'><strong>divinae</strong></span> <span class='ocrx_word' id='word_1_678' title='bbox 1854 4491 1941 4531; x_wconf 70' lang='lat' dir='ltr'><strong>na«</strong></span> 
     </span>
    </p>
   </div>
   <div class='ocr_carea' id='block_1_90' title="bbox 2045 4463 3635 4546">
    <p class='ocr_par' dir='ltr' id='par_1_90' title="bbox 2058 4463 3635 4543">
     <span class='ocr_line' id='line_1_90' title="bbox 2058 4463 3635 4543; baseline -0.011 -13"><span class='ocrx_word' id='word_1_679' title='bbox 2058 4476 2272 4543; x_wconf 83' lang='grc' dir='ltr'><strong>ἀνάγκη</strong></span> <span class='ocrx_word' id='word_1_680' title='bbox 2305 4474 2454 4526; x_wconf 78' lang='grc' dir='ltr'><strong>πᾶσα</strong></span> <span class='ocrx_word' id='word_1_681' title='bbox 2498 4469 2586 4524; x_wconf 76' lang='grc' dir='ltr'><strong>διὰ</strong></span> <span class='ocrx_word' id='word_1_682' title='bbox 2625 4469 2733 4522; x_wconf 85' lang='grc' dir='ltr'><strong>τῶν</strong></span> <span class='ocrx_word' id='word_1_683' title='bbox 2766 4466 3054 4540; x_wconf 75' lang='grc' dir='ltr'><strong>ἐνεργειῶν</strong></span> <span class='ocrx_word' id='word_1_684' title='bbox 3102 4466 3249 4536; x_wconf 75' lang='grc' dir='ltr'><strong>ἡμᾶς</strong></span> <span class='ocrx_word' id='word_1_685' title='bbox 3284 4463 3635 4535; x_wconf 79' lang='grc' dir='ltr'><strong>χειραγωγεῖ-</strong></span> 
     </span>
    </p>
   </div>
   <div class='ocr_carea' id='block_1_91' title="bbox 376 4560 1956 4632">
    <p class='ocr_par' dir='ltr' id='par_1_91' title="bbox 376 4560 1956 4632">
     <span class='ocr_line' id='line_1_91' title="bbox 376 4560 1956 4632; baseline 0.003 -14"><span class='ocrx_word' id='word_1_686' title='bbox 376 4571 524 4619; x_wconf 75' lang='lat' dir='ltr'><strong>turae</strong></span> <span class='ocrx_word' id='word_1_687' title='bbox 568 4561 1063 4631; x_wconf 80' lang='lat' dir='ltr'><strong>investigationem.</strong></span> <span class='ocrx_word' id='word_1_688' title='bbox 1090 4560 1277 4632; x_wconf 87' lang='lat' dir='ltr'><strong>itaque</strong></span> <span class='ocrx_word' id='word_1_689' title='bbox 1323 4564 1370 4618; x_wconf 89' lang='lat' dir='ltr'><strong>si</strong></span> <span class='ocrx_word' id='word_1_690' title='bbox 1398 4563 1700 4620; x_wconf 87' lang='lat' dir='ltr'><strong>viderimus</strong></span> <span class='ocrx_word' id='word_1_691' title='bbox 1729 4565 1874 4621; x_wconf 90' lang='lat' dir='ltr'><strong>inter</strong></span> <span class='ocrx_word' id='word_1_692' title='bbox 1895 4580 1956 4622; x_wconf 91' lang='lat' dir='ltr'><strong>se</strong></span> 
     </span>
    </p>
   </div>
   <div class='ocr_carea' id='block_1_92' title="bbox 378 4653 1957 4729">
    <p class='ocr_par' dir='ltr' id='par_1_92' title="bbox 378 4653 1957 4729">
     <span class='ocr_line' id='line_1_92' title="bbox 378 4653 1957 4729; baseline 0.003 -18"><span class='ocrx_word' id='word_1_693' title='bbox 378 4654 603 4711; x_wconf 79' lang='lat' dir='ltr'><strong>differre</strong></span> <span class='ocrx_word' id='word_1_694' title='bbox 626 4653 992 4726; x_wconf 87' lang='lat' dir='ltr'><strong>operationes,</strong></span> <span class='ocrx_word' id='word_1_695' title='bbox 1019 4669 1141 4725; x_wconf 72' lang='lat' dir='ltr'><strong>qua:</strong></span> <span class='ocrx_word' id='word_1_696' title='bbox 1175 4670 1206 4709; x_wconf 89' lang='lat' dir='ltr'><strong>a</strong></span> <span class='ocrx_word' id='word_1_697' title='bbox 1244 4653 1407 4712; x_wconf 89' lang='lat' dir='ltr'><strong>Patre</strong></span> <span class='ocrx_word' id='word_1_698' title='bbox 1431 4666 1486 4712; x_wconf 91' lang='lat' dir='ltr'><strong>et</strong></span> <span class='ocrx_word' id='word_1_699' title='bbox 1504 4656 1645 4713; x_wconf 90' lang='lat' dir='ltr'><strong>Filio</strong></span> <span class='ocrx_word' id='word_1_700' title='bbox 1665 4668 1720 4715; x_wconf 90' lang='lat' dir='ltr'><strong>et</strong></span> <span class='ocrx_word' id='word_1_701' title='bbox 1746 4656 1957 4729; x_wconf 90' lang='lat' dir='ltr'><strong>Spiritu</strong></span> 
     </span>
    </p>
   </div>
   <div class='ocr_carea' id='block_1_93' title="bbox 378 4745 1959 4820">
    <p class='ocr_par' dir='ltr' id='par_1_93' title="bbox 378 4745 1959 4820">
     <span class='ocr_line' id='line_1_93' title="bbox 378 4745 1959 4820; baseline 0.003 -17"><span class='ocrx_word' id='word_1_702' title='bbox 378 4754 575 4805; x_wconf 86' lang='lat' dir='ltr'><strong>sancto</strong></span> <span class='ocrx_word' id='word_1_703' title='bbox 607 4745 766 4814; x_wconf 84' lang='lat' dir='ltr'><strong>ﬁunt,</strong></span> <span class='ocrx_word' id='word_1_704' title='bbox 798 4752 1030 4802; x_wconf 89' lang='lat' dir='ltr'><strong>naturas</strong></span> <span class='ocrx_word' id='word_1_705' title='bbox 1073 4747 1238 4803; x_wconf 91' lang='lat' dir='ltr'><strong>etiam</strong></span> <span class='ocrx_word' id='word_1_706' title='bbox 1261 4788 1278 4815; x_wconf 92' lang='lat'><strong>,</strong></span> <span class='ocrx_word' id='word_1_707' title='bbox 1310 4763 1433 4820; x_wconf 75' lang='lat' dir='ltr'><strong>quae</strong></span> <span class='ocrx_word' id='word_1_708' title='bbox 1462 4757 1778 4820; x_wconf 87' lang='lat' dir='ltr'><strong>operantur,</strong></span> <span class='ocrx_word' id='word_1_709' title='bbox 1812 4752 1959 4808; x_wconf 87' lang='lat' dir='ltr'><strong>inter</strong></span> 
     </span>
    </p>
   </div>
   <div class='ocr_carea' id='block_1_94' title="bbox 2065 4551 3632 4637">
    <p class='ocr_par' dir='ltr' id='par_1_94' title="bbox 2065 4551 3632 4637">
     <span class='ocr_line' id='line_1_94' title="bbox 2065 4551 3632 4637; baseline -0.01 -17"><span class='ocrx_word' id='word_1_710' title='bbox 2065 4567 2187 4620; x_wconf 89' lang='grc' dir='ltr'><strong>σθαι</strong></span> <span class='ocrx_word' id='word_1_711' title='bbox 2235 4566 2371 4637; x_wconf 83' lang='grc' dir='ltr'><strong>πρὸς</strong></span> <span class='ocrx_word' id='word_1_712' title='bbox 2416 4562 2513 4633; x_wconf 80' lang='grc' dir='ltr'><strong>τὴν</strong></span> <span class='ocrx_word' id='word_1_713' title='bbox 2547 4563 2648 4632; x_wconf 82' lang='grc' dir='ltr'><strong>τῆς</strong></span> <span class='ocrx_word' id='word_1_714' title='bbox 2685 4560 2836 4622; x_wconf 86' lang='grc' dir='ltr'><strong>θείας</strong></span> <span class='ocrx_word' id='word_1_715' title='bbox 2875 4557 3089 4627; x_wconf 79' lang='grc' dir='ltr'><strong>φύσεως</strong></span> <span class='ocrx_word' id='word_1_716' title='bbox 3128 4556 3371 4627; x_wconf 77' lang='grc' dir='ltr'><strong>ἔρευναν.</strong></span> <span class='ocrx_word' id='word_1_717' title='bbox 3408 4551 3632 4612; x_wconf 69' lang='grc' dir='ltr'><strong>Οὐκοῦν,</strong></span> 
     </span>
    </p>
   </div>
   <div class='ocr_carea' id='block_1_95' title="bbox 2064 4638 3636 4724">
    <p class='ocr_par' dir='ltr' id='par_1_95' title="bbox 2064 4638 3636 4724">
     <span class='ocr_line' id='line_1_95' title="bbox 2064 4638 3636 4724; baseline -0.013 -13"><span class='ocrx_word' id='word_1_718' title='bbox 2064 4658 2159 4711; x_wconf 82' lang='grc' dir='ltr'><strong>ὲάν</strong></span> <span class='ocrx_word' id='word_1_719' title='bbox 2190 4656 2386 4724; x_wconf 70' lang='grc' dir='ltr'><strong>ἴδωμεν</strong></span> <span class='ocrx_word' id='word_1_720' title='bbox 2419 4650 2780 4723; x_wconf 79' lang='grc' dir='ltr'><strong>διαφερούσας</strong></span> <span class='ocrx_word' id='word_1_721' title='bbox 2822 4646 3066 4712; x_wconf 82' lang='grc' dir='ltr'><strong>ἀλλήλων</strong></span> <span class='ocrx_word' id='word_1_722' title='bbox 3092 4644 3190 4708; x_wconf 79' lang='grc' dir='ltr'><strong>τὰς</strong></span> <span class='ocrx_word' id='word_1_723' title='bbox 3223 4640 3505 4714; x_wconf 74' lang='grc' dir='ltr'><strong>ἐνεργείας</strong></span> <span class='ocrx_word' id='word_1_724' title='bbox 3544 4638 3636 4701; x_wconf 83' lang='grc' dir='ltr'><strong>τάς</strong></span> 
     </span>
    </p>
   </div>
   <div class='ocr_carea' id='block_1_96' title="bbox 2065 4728 3639 4819">
    <p class='ocr_par' dir='ltr' id='par_1_96' title="bbox 2065 4728 3639 4819">
     <span class='ocr_line' id='line_1_96' title="bbox 2065 4728 3639 4819; baseline -0.013 -15"><span class='ocrx_word' id='word_1_725' title='bbox 2065 4748 2219 4819; x_wconf 68' lang='grc' dir='ltr'><strong>παρὰ</strong></span> <span class='ocrx_word' id='word_1_726' title='bbox 2240 4746 2332 4800; x_wconf 77' lang='grc' dir='ltr'><strong>τοῦ</strong></span> <span class='ocrx_word' id='word_1_727' title='bbox 2366 4744 2580 4814; x_wconf 79' lang='grc' dir='ltr'><strong>Πατρὸς</strong></span> <span class='ocrx_word' id='word_1_728' title='bbox 2612 4740 2704 4794; x_wconf 69' lang='grc' dir='ltr'><strong>καὶ</strong></span> <span class='ocrx_word' id='word_1_729' title='bbox 2732 4738 2827 4793; x_wconf 89' lang='grc' dir='ltr'><strong>τοῦ</strong></span> <span class='ocrx_word' id='word_1_730' title='bbox 2858 4737 2989 4791; x_wconf 88' lang='grc' dir='ltr'><strong>Υίοῦ</strong></span> <span class='ocrx_word' id='word_1_731' title='bbox 3023 4737 3117 4789; x_wconf 74' lang='grc' dir='ltr'><strong>καὶ</strong></span> <span class='ocrx_word' id='word_1_732' title='bbox 3157 4734 3271 4788; x_wconf 48' lang='grc' dir='ltr'><strong>τοῦδ</strong></span> <span class='ocrx_word' id='word_1_733' title='bbox 3290 4732 3446 4801; x_wconf 81' lang='grc' dir='ltr'><strong>ἁγίου</strong></span> <span class='ocrx_word' id='word_1_734' title='bbox 3474 4728 3639 4785; x_wconf 82' lang='grc' dir='ltr'><strong>[1νεῦ-</strong></span> 
     </span>
    </p>
   </div>
   <div class='ocr_carea' id='block_1_97' title="bbox 454 4896 1941 4981">
    <p class='ocr_par' dir='ltr' id='par_1_97' title="bbox 454 4901 1937 4981">
     <span class='ocr_line' id='line_1_97' title="bbox 454 4901 1937 4981; baseline 0.001 -22"><span class='ocrx_word' id='word_1_735' title='bbox 454 4903 502 4936; x_wconf 84' lang='grc'><strong>³²</strong></span> <span class='ocrx_word' id='word_1_736' title='bbox 536 4901 650 4967; x_wconf 85' lang='lat' dir='ltr'><strong>Jer.</strong></span> <span class='ocrx_word' id='word_1_737' title='bbox 682 4920 741 4971; x_wconf 70' lang='grc' dir='ltr'><strong>ι,</strong></span> <span class='ocrx_word' id='word_1_738' title='bbox 776 4902 865 4959; x_wconf 89' lang='grc'><strong>11.</strong></span> <span class='ocrx_word' id='word_1_739' title='bbox 939 4903 987 4936; x_wconf 83' lang='grc'><strong>³⁸</strong></span> <span class='ocrx_word' id='word_1_740' title='bbox 1022 4901 1171 4961; x_wconf 87' lang='lat' dir='ltr'><strong>Psal.</strong></span> <span class='ocrx_word' id='word_1_741' title='bbox 1217 4917 1340 4970; x_wconf 83' lang='lat' dir='ltr'><strong>xcv,</strong></span> <span class='ocrx_word' id='word_1_742' title='bbox 1379 4904 1434 4960; x_wconf 88' lang='lat'><strong>5.</strong></span> <span class='ocrx_word' id='word_1_743' title='bbox 1477 4905 1554 4981; x_wconf 33' lang='grc'><strong>,⁸³</strong></span> <span class='ocrx_word' id='word_1_744' title='bbox 1587 4904 1608 4959; x_wconf 91' lang='lat' dir='ltr'><strong>l</strong></span> <span class='ocrx_word' id='word_1_745' title='bbox 1650 4903 1784 4977; x_wconf 82' lang='lat' dir='ltr'><strong>Reg.</strong></span> <span class='ocrx_word' id='word_1_746' title='bbox 1831 4922 1937 4961; x_wconf 81' lang='lat' dir='ltr'><strong>xxv</strong></span> 
     </span>
    </p>
   </div>
   <div class='ocr_carea' id='block_1_98' title="bbox 2045 4896 2931 4981">
    <p class='ocr_par' dir='ltr' id='par_1_98' title="bbox 2059 4896 2931 4965">
     <span class='ocr_line' id='line_1_98' title="bbox 2059 4896 2931 4965; baseline -0.013 -6"><span class='ocrx_word' id='word_1_747' title='bbox 2059 4904 2147 4960; x_wconf 80' lang='grc'><strong>15.</strong></span> <span class='ocrx_word' id='word_1_748' title='bbox 2223 4903 2269 4935; x_wconf 77' lang='grc' dir='ltr'><strong>⁸ο</strong></span> <span class='ocrx_word' id='word_1_749' title='bbox 2309 4900 2468 4955; x_wconf 82' lang='lat' dir='ltr'><strong>Num.</strong></span> <span class='ocrx_word' id='word_1_750' title='bbox 2519 4913 2654 4962; x_wconf 74' lang='lat' dir='ltr'><strong>nu,</strong></span> <span class='ocrx_word' id='word_1_751' title='bbox 2686 4896 2752 4951; x_wconf 79' lang='lat' dir='ltr'><strong>l9</strong></span> <span class='ocrx_word' id='word_1_752' title='bbox 2777 4909 2931 4965; x_wconf 87' lang='lat' dir='ltr'><strong>seqq.</strong></span> 
     </span>
    </p>
   </div>
   <div class='ocr_carea' id='block_1_99' title="bbox 455 5058 1964 5132">
    <p class='ocr_par' dir='ltr' id='par_1_99' title="bbox 455 5058 1964 5132">
     <span class='ocr_line' id='line_1_99' title="bbox 455 5058 1964 5132; baseline -0.001 -17"><span class='ocrx_word' id='word_1_753' title='bbox 455 5060 532 5132; x_wconf 71' lang='grc'><strong>(4)</strong></span> <span class='ocrx_word' id='word_1_754' title='bbox 571 5059 656 5127; x_wconf 85' lang='grc' dir='ltr'><strong><em>Τῷ</em></strong></span> <span class='ocrx_word' id='word_1_755' title='bbox 684 5060 908 5117; x_wconf 76' lang='grc' dir='ltr'><strong>Σαούλ.</strong></span> <span class='ocrx_word' id='word_1_756' title='bbox 945 5058 1039 5132; x_wconf 89' lang='lat' dir='ltr'><strong>Sic</strong></span> <span class='ocrx_word' id='word_1_757' title='bbox 1082 5060 1445 5132; x_wconf 10' lang='lat' dir='ltr'><strong>emendamusi</strong></span> <span class='ocrx_word' id='word_1_758' title='bbox 1471 5075 1575 5131; x_wconf 91' lang='lat' dir='ltr'><strong>ope</strong></span> <span class='ocrx_word' id='word_1_759' title='bbox 1604 5060 1814 5132; x_wconf 84' lang='lat' dir='ltr'><strong>codicis</strong></span> <span class='ocrx_word' id='word_1_760' title='bbox 1854 5059 1964 5132; x_wconf 79' lang='lat' dir='ltr'><strong>ille-</strong></span> 
     </span>
    </p>
   </div>
   <div class='ocr_carea' id='block_1_100' title="bbox 381 5130 1960 5202">
    <p class='ocr_par' dir='ltr' id='par_1_100' title="bbox 381 5130 1960 5202">
     <span class='ocr_line' id='line_1_100' title="bbox 381 5130 1960 5202; baseline -0.004 -13"><span class='ocrx_word' id='word_1_761' title='bbox 381 5130 536 5189; x_wconf 67' lang='lat' dir='ltr'><strong>diczei</strong></span> <span class='ocrx_word' id='word_1_762' title='bbox 559 5173 574 5195; x_wconf 88' lang='lat'><strong>,</strong></span> <span class='ocrx_word' id='word_1_763' title='bbox 608 5132 751 5202; x_wconf 68' lang='lat' dir='ltr'><strong>quod</strong></span> <span class='ocrx_word' id='word_1_764' title='bbox 799 5131 1076 5202; x_wconf 12' lang='lat' dir='ltr'><strong>praveiini</strong></span> <span class='ocrx_word' id='word_1_765' title='bbox 1108 5130 1271 5185; x_wconf 85' lang='lat' dir='ltr'><strong>editis</strong></span> <span class='ocrx_word' id='word_1_766' title='bbox 1317 5130 1597 5200; x_wconf 78' lang='lat' dir='ltr'><strong>legebatur</strong></span> <span class='ocrx_word' id='word_1_767' title='bbox 1625 5131 1724 5202; x_wconf 80' lang='grc' dir='ltr'><strong>τὸν</strong></span> <span class='ocrx_word' id='word_1_768' title='bbox 1766 5130 1960 5202; x_wconf 83' lang='grc' dir='ltr'><strong>Σαούλ,</strong></span> 
     </span>
    </p>
   </div>
   <div class='ocr_carea' id='block_1_101' title="bbox 382 5200 1957 5281">
    <p class='ocr_par' dir='ltr' id='par_1_101' title="bbox 382 5200 1957 5281">
     <span class='ocr_line' id='line_1_101' title="bbox 382 5200 1957 5281; baseline -0.001 -25"><span class='ocrx_word' id='word_1_769' title='bbox 382 5200 682 5281; x_wconf 58' lang='lat' dir='ltr'><strong>demulcet}:</strong></span> <span class='ocrx_word' id='word_1_770' title='bbox 713 5200 950 5281; x_wconf 65' lang='lat' dir='ltr'><strong>saniem.</strong></span> <span class='ocrx_word' id='word_1_771' title='bbox 981 5200 1212 5281; x_wconf 50' lang='lat' dir='ltr'><strong>videtur</strong></span> <span class='ocrx_word' id='word_1_772' title='bbox 1256 5202 1402 5281; x_wconf 77' lang='lat' dir='ltr'><strong>hunc</strong></span> <span class='ocrx_word' id='word_1_773' title='bbox 1438 5202 1616 5255; x_wconf 92' lang='lat' dir='ltr'><strong>locum</strong></span> <span class='ocrx_word' id='word_1_774' title='bbox 1660 5200 1957 5281; x_wconf 78' lang='lat' dir='ltr'><strong>admodum</strong></span> 
     </span>
    </p>
   </div>
   <div class='ocr_carea' id='block_1_102' title="bbox 384 5269 1962 5398">
    <p class='ocr_par' dir='ltr' id='par_1_102' title="bbox 384 5269 1962 5398">
     <span class='ocr_line' id='line_1_102' title="bbox 384 5269 1959 5395; baseline -0.003 -68"><span class='ocrx_word' id='word_1_775' title='bbox 384 5273 726 5344; x_wconf 87' lang='lat' dir='ltr'><strong>negligenter</strong></span> <span class='ocrx_word' id='word_1_776' title='bbox 779 5273 978 5395; x_wconf 54' lang='lat' dir='ltr'><strong>legisse</strong></span> <span class='ocrx_word' id='word_1_777' title='bbox 1013 5269 1311 5335; x_wconf 90' lang='lat' dir='ltr'><strong>Scultetus,</strong></span> <span class='ocrx_word' id='word_1_778' title='bbox 1358 5271 1485 5323; x_wconf 93' lang='lat' dir='ltr'><strong>dum</strong></span> <span class='ocrx_word' id='word_1_779' title='bbox 1520 5277 1677 5339; x_wconf 89' lang='lat' dir='ltr'><strong>putat</strong></span> <span class='ocrx_word' id='word_1_780' title='bbox 1720 5271 1959 5323; x_wconf 89' lang='lat' dir='ltr'><strong>animam</strong></span> 
     </span>
     <span class='ocr_line' id='line_1_103' title="bbox 388 5340 1962 5398; baseline -0.003 -2"><span class='ocrx_word' id='word_1_781' title='bbox 388 5342 661 5398; x_wconf 88' lang='lat' dir='ltr'><strong>Samuelis</strong></span> <span class='ocrx_word' id='word_1_782' title='bbox 691 5344 794 5397; x_wconf 90' lang='lat' dir='ltr'><strong>hoc</strong></span> <span class='ocrx_word' id='word_1_783' title='bbox 857 5357 956 5395; x_wconf 85' lang='lat' dir='ltr'><strong>oco</strong></span> <span class='ocrx_word' id='word_1_784' title='bbox 989 5349 1271 5396; x_wconf 83' lang='lat' dir='ltr'><strong>evocatam</strong></span> <span class='ocrx_word' id='word_1_785' title='bbox 1308 5340 1440 5395; x_wconf 88' lang='lat' dir='ltr'><strong>dici.</strong></span> <span class='ocrx_word' id='word_1_786' title='bbox 1478 5340 1633 5395; x_wconf 88' lang='lat' dir='ltr'><strong>Unde</strong></span> <span class='ocrx_word' id='word_1_787' title='bbox 1683 5340 1962 5394; x_wconf 81' lang='lat' dir='ltr'><strong>concludit</strong></span> 
     </span>
    </p>
   </div>
   <div class='ocr_carea' id='block_1_103' title="bbox 385 5410 1967 5493">
    <p class='ocr_par' dir='ltr' id='par_1_103' title="bbox 385 5410 1967 5493">
     <span class='ocr_line' id='line_1_104' title="bbox 385 5410 1967 5493; baseline -0.002 -27"><span class='ocrx_word' id='word_1_788' title='bbox 385 5412 530 5467; x_wconf 89' lang='lat' dir='ltr'><strong>hanc</strong></span> <span class='ocrx_word' id='word_1_789' title='bbox 559 5413 887 5493; x_wconf 77' lang='lat' dir='ltr'><strong>sententiam</strong></span> <span class='ocrx_word' id='word_1_790' title='bbox 910 5427 1161 5493; x_wconf 75' lang='lat' dir='ltr'><strong>pugnare</strong></span> <span class='ocrx_word' id='word_1_791' title='bbox 1193 5410 1419 5493; x_wconf 49' lang='lat' dir='ltr'><strong>Cl’l‘lllnils</strong></span> <span class='ocrx_word' id='word_1_792' title='bbox 1443 5427 1575 5493; x_wconf 34' lang='lat' dir='ltr'><strong>“quae</strong></span> <span class='ocrx_word' id='word_1_793' title='bbox 1623 5410 1883 5493; x_wconf 79' lang='lat' dir='ltr'><strong>leguntur</strong></span> <span class='ocrx_word' id='word_1_794' title='bbox 1907 5411 1967 5493; x_wconf 59' lang='lat' dir='ltr'><strong>in</strong></span> 
     </span>
    </p>
   </div>
   <div class='ocr_carea' id='block_1_104' title="bbox 386 5479 1970 5551">
    <p class='ocr_par' dir='ltr' id='par_1_104' title="bbox 386 5479 1970 5551">
     <span class='ocr_line' id='line_1_105' title="bbox 386 5479 1970 5551; baseline -0.003 -16"><span class='ocrx_word' id='word_1_795' title='bbox 386 5484 788 5537; x_wconf 89' lang='lat' dir='ltr'><strong>commentario</strong></span> <span class='ocrx_word' id='word_1_796' title='bbox 816 5483 867 5535; x_wconf 87' lang='lat' dir='ltr'><strong>in</strong></span> <span class='ocrx_word' id='word_1_797' title='bbox 899 5479 1103 5535; x_wconf 78' lang='lat' dir='ltr'><strong>Isaiam</strong></span> <span class='ocrx_word' id='word_1_798' title='bbox 1144 5498 1199 5534; x_wconf 82' lang='grc' dir='ltr'><strong>ιι.</strong></span> <span class='ocrx_word' id='word_1_799' title='bbox 1236 5480 1367 5539; x_wconf 77' lang='grc'><strong>218,</strong></span> <span class='ocrx_word' id='word_1_800' title='bbox 1404 5482 1494 5535; x_wconf 89' lang='lat' dir='ltr'><strong>ubi</strong></span> <span class='ocrx_word' id='word_1_801' title='bbox 1520 5481 1600 5535; x_wconf 87' lang='lat' dir='ltr'><strong>sic</strong></span> <span class='ocrx_word' id='word_1_802' title='bbox 1634 5479 1970 5551; x_wconf 60' lang='lat' dir='ltr'><strong>legiturt&#39;H</strong></span> 
     </span>
    </p>
   </div>
   <div class='ocr_carea' id='block_1_105' title="bbox 387 5550 1973 5623">
    <p class='ocr_par' dir='ltr' id='par_1_105' title="bbox 387 5550 1973 5623">
     <span class='ocr_line' id='line_1_106' title="bbox 387 5550 1973 5623; baseline -0.002 -17"><span class='ocrx_word' id='word_1_803' title='bbox 387 5551 832 5623; x_wconf 79' lang='grc' dir='ltr'><strong>ὲγγαστρίμυθος</strong></span> <span class='ocrx_word' id='word_1_804' title='bbox 875 5552 952 5622; x_wconf 80' lang='grc' dir='ltr'><strong>τῷ</strong></span> <span class='ocrx_word' id='word_1_805' title='bbox 1014 5552 1188 5623; x_wconf 71' lang='grc' dir='ltr'><strong>Σαοὺλ</strong></span> <span class='ocrx_word' id='word_1_806' title='bbox 1228 5550 1317 5604; x_wconf 76' lang='grc' dir='ltr'><strong>διὰ</strong></span> <span class='ocrx_word' id='word_1_807' title='bbox 1355 5551 1464 5623; x_wconf 82' lang='grc' dir='ltr'><strong>τῶν</strong></span> <span class='ocrx_word' id='word_1_808' title='bbox 1493 5550 1764 5623; x_wconf 67' lang='grc' dir='ltr'><strong>δαιμόνων</strong></span> <span class='ocrx_word' id='word_1_809' title='bbox 1803 5550 1973 5623; x_wconf 65' lang='grc' dir='ltr'><strong>ἀνήγτ</strong></span> 
     </span>
    </p>
   </div>
   <div class='ocr_carea' id='block_1_106' title="bbox 388 5616 1971 5693">
    <p class='ocr_par' dir='ltr' id='par_1_106' title="bbox 388 5616 1971 5693">
     <span class='ocr_line' id='line_1_107' title="bbox 388 5616 1971 5693; baseline -0.002 -18"><span class='ocrx_word' id='word_1_810' title='bbox 388 5616 539 5692; x_wconf 77' lang='grc' dir='ltr'><strong>γείλε</strong></span> <span class='ocrx_word' id='word_1_811' title='bbox 579 5616 678 5693; x_wconf 74' lang='grc' dir='ltr'><strong>τὴν</strong></span> <span class='ocrx_word' id='word_1_812' title='bbox 710 5616 1008 5692; x_wconf 81' lang='grc' dir='ltr'><strong>μέλλουσαν</strong></span> <span class='ocrx_word' id='word_1_813' title='bbox 1046 5619 1238 5693; x_wconf 83' lang='grc' dir='ltr'><strong>ἧτταν.</strong></span> <span class='ocrx_word' id='word_1_814' title='bbox 1280 5621 1544 5693; x_wconf 79' lang='grc' dir='ltr'><strong>Δαίμονες</strong></span> <span class='ocrx_word' id='word_1_815' title='bbox 1585 5616 1971 5693; x_wconf 35' lang='grc' dir='ltr'><strong>γὰρ-ᾖσανξοί</strong></span> 
     </span>
    </p>
   </div>
   <div class='ocr_carea' id='block_1_107' title="bbox 390 5688 1972 5764">
    <p class='ocr_par' dir='ltr' id='par_1_107' title="bbox 390 5688 1972 5764">
     <span class='ocr_line' id='line_1_108' title="bbox 390 5688 1972 5764; baseline -0.004 -16"><span class='ocrx_word' id='word_1_816' title='bbox 390 5688 964 5764; x_wconf 58' lang='grc' dir='ltr'><strong>ἑατασχηματίζοντες</strong></span> <span class='ocrx_word' id='word_1_817' title='bbox 984 5688 1212 5764; x_wconf 56' lang='grc' dir='ltr'><strong>ἑαυτοὺς</strong></span> <span class='ocrx_word' id='word_1_818' title='bbox 1234 5693 1316 5764; x_wconf 81' lang='grc' dir='ltr'><strong>εἰς</strong></span> <span class='ocrx_word' id='word_1_819' title='bbox 1335 5688 1396 5744; x_wconf 77' lang='grc' dir='ltr'><strong>τδ</strong></span> <span class='ocrx_word' id='word_1_820' title='bbox 1413 5691 1506 5744; x_wconf 90' lang='grc' dir='ltr'><strong>τοῦ</strong></span> <span class='ocrx_word' id='word_1_821' title='bbox 1524 5688 1778 5764; x_wconf 75' lang='grc' dir='ltr'><strong>Σαμουὴλ</strong></span> <span class='ocrx_word' id='word_1_822' title='bbox 1801 5688 1972 5764; x_wconf 66' lang='lat' dir='ltr'><strong>ripth-</strong></span> 
     </span>
    </p>
   </div>
   <div class='ocr_carea' id='block_1_108' title="bbox 389 5760 1949 5834">
    <p class='ocr_par' dir='ltr' id='par_1_108' title="bbox 389 5760 1949 5834">
     <span class='ocr_line' id='line_1_109' title="bbox 389 5760 1949 5834; baseline -0.002 -16"><span class='ocrx_word' id='word_1_823' title='bbox 389 5760 946 5834; x_wconf 45' lang='lat' dir='ltr'><strong>wmvfl&#39;éntriloqua</strong></span> <span class='ocrx_word' id='word_1_824' title='bbox 975 5761 1127 5818; x_wconf 82' lang='lat' dir='ltr'><strong>Sauli</strong></span> <span class='ocrx_word' id='word_1_825' title='bbox 1153 5777 1246 5833; x_wconf 73' lang='lat' dir='ltr'><strong>per</strong></span> <span class='ocrx_word' id='word_1_826' title='bbox 1282 5762 1545 5817; x_wconf 63' lang='lat' dir='ltr'><strong>damon“</strong></span> <span class='ocrx_word' id='word_1_827' title='bbox 1575 5760 1861 5818; x_wconf 75' lang='lat' dir='ltr'><strong>enuntiarit</strong></span> <span class='ocrx_word' id='word_1_828' title='bbox 1889 5760 1949 5831; x_wconf 77' lang='lat' dir='ltr'><strong>[tt</strong></span> 
     </span>
    </p>
   </div>
   <div class='ocr_carea' id='block_1_109' title="bbox 2072 5041 3637 5124">
    <p class='ocr_par' dir='ltr' id='par_1_109' title="bbox 2072 5041 3637 5124">
     <span class='ocr_line' id='line_1_110' title="bbox 2072 5041 3637 5124; baseline -0.011 -11"><span class='ocrx_word' id='word_1_829' title='bbox 2072 5068 2247 5124; x_wconf 85' lang='lat' dir='ltr'><strong>turam</strong></span> <span class='ocrx_word' id='word_1_830' title='bbox 2265 5054 2486 5111; x_wconf 82' lang='lat' dir='ltr'><strong>cladem.</strong></span> <span class='ocrx_word' id='word_1_831' title='bbox 2504 5051 2675 5124; x_wconf 70' lang='lat' dir='ltr'><strong>Erant</strong></span> <span class='ocrx_word' id='word_1_832' title='bbox 2694 5051 2831 5106; x_wconf 86' lang='lat' dir='ltr'><strong>enim</strong></span> <span class='ocrx_word' id='word_1_833' title='bbox 2859 5048 3122 5124; x_wconf 64' lang='lat' dir='ltr'><strong>{immanes</strong></span> <span class='ocrx_word' id='word_1_834' title='bbox 3145 5046 3232 5118; x_wconf 84' lang='lat' dir='ltr'><strong>qui</strong></span> <span class='ocrx_word' id='word_1_835' title='bbox 3248 5043 3529 5100; x_wconf 80' lang='lat' dir='ltr'><strong>induerant</strong></span> <span class='ocrx_word' id='word_1_836' title='bbox 3548 5041 3637 5124; x_wconf 67' lang='grc' dir='ltr'><strong>ξα-</strong></span> 
     </span>
    </p>
   </div>
   <div class='ocr_carea' id='block_1_110' title="bbox 2071 5114 3635 5193">
    <p class='ocr_par' dir='ltr' id='par_1_110' title="bbox 2071 5114 3635 5193">
     <span class='ocr_line' id='line_1_111' title="bbox 2071 5114 3635 5193; baseline -0.01 -9"><span class='ocrx_word' id='word_1_837' title='bbox 2071 5121 2258 5184; x_wconf 73' lang='lat' dir='ltr'><strong>muelis</strong></span> <span class='ocrx_word' id='word_1_838' title='bbox 2288 5141 2588 5193; x_wconf 79' lang='lat' dir='ltr'><strong>personam.</strong></span> <span class='ocrx_word' id='word_1_839' title='bbox 2611 5122 2736 5177; x_wconf 71' lang='lat' dir='ltr'><strong>llaac</strong></span> <span class='ocrx_word' id='word_1_840' title='bbox 2753 5121 2999 5193; x_wconf 82' lang='lat' dir='ltr'><strong>profec_t_o</strong></span> <span class='ocrx_word' id='word_1_841' title='bbox 3017 5134 3126 5193; x_wconf 85' lang='lat' dir='ltr'><strong>no_n</strong></span> <span class='ocrx_word' id='word_1_842' title='bbox 3147 5114 3389 5193; x_wconf 73' lang='lat' dir='ltr'><strong>pugnant</strong></span> <span class='ocrx_word' id='word_1_843' title='bbox 3414 5114 3635 5193; x_wconf 39' lang='lat' dir='ltr'><strong>cum-his</strong></span> 
     </span>
    </p>
   </div>
   <div class='ocr_carea' id='block_1_111' title="bbox 2069 5186 3633 5269">
    <p class='ocr_par' dir='ltr' id='par_1_111' title="bbox 2069 5186 3633 5269">
     <span class='ocr_line' id='line_1_112' title="bbox 2069 5186 3633 5269; baseline -0.013 -14"><span class='ocrx_word' id='word_1_844' title='bbox 2069 5214 2190 5269; x_wconf 68' lang='lat' dir='ltr'><strong>qua:</strong></span> <span class='ocrx_word' id='word_1_845' title='bbox 2206 5200 2261 5269; x_wconf 81' lang='lat' dir='ltr'><strong>in</strong></span> <span class='ocrx_word' id='word_1_846' title='bbox 2279 5186 2381 5269; x_wconf 74' lang='lat' dir='ltr'><strong>hac</strong></span> <span class='ocrx_word' id='word_1_847' title='bbox 2398 5194 2629 5269; x_wconf 75' lang='lat' dir='ltr'><strong>epistola</strong></span> <span class='ocrx_word' id='word_1_848' title='bbox 2649 5186 2916 5269; x_wconf 76' lang='lat' dir='ltr'><strong>leguntur.</strong></span> <span class='ocrx_word' id='word_1_849' title='bbox 2932 5186 3315 5269; x_wconf 31' lang='lat' dir='ltr'><strong>NantBa’sil&#39;ius</strong></span> <span class='ocrx_word' id='word_1_850' title='bbox 3338 5186 3633 5269; x_wconf 41' lang='lat' dir='ltr'><strong>non_sol.un_t</strong></span> 
     </span>
    </p>
   </div>
   <div class='ocr_carea' id='block_1_112' title="bbox 2069 5255 3635 5331">
    <p class='ocr_par' dir='ltr' id='par_1_112' title="bbox 2069 5255 3635 5331">
     <span class='ocr_line' id='line_1_113' title="bbox 2069 5255 3635 5331; baseline -0.013 -7"><span class='ocrx_word' id='word_1_851' title='bbox 2069 5255 2177 5324; x_wconf 74' lang='lat' dir='ltr'><strong>lion</strong></span> <span class='ocrx_word' id='word_1_852' title='bbox 2192 5267 2319 5323; x_wconf 90' lang='lat' dir='ltr'><strong>dicit</strong></span> <span class='ocrx_word' id='word_1_853' title='bbox 2339 5255 2573 5319; x_wconf 82' lang='lat' dir='ltr'><strong>aniinam</strong></span> <span class='ocrx_word' id='word_1_854' title='bbox 2594 5255 3350 5331; x_wconf 70' lang='lat' dir='ltr'><strong>Saniuelisvereapparuisse;</strong></span> <span class='ocrx_word' id='word_1_855' title='bbox 3370 5255 3465 5310; x_wconf 92' lang='lat' dir='ltr'><strong>sed</strong></span> <span class='ocrx_word' id='word_1_856' title='bbox 3482 5256 3635 5331; x_wconf 76' lang='lat' dir='ltr'><strong>etiam</strong></span> 
     </span>
    </p>
   </div>
   <div class='ocr_carea' id='block_1_113' title="bbox 2073 5327 3637 5406">
    <p class='ocr_par' dir='ltr' id='par_1_113' title="bbox 2073 5327 3637 5406">
     <span class='ocr_line' id='line_1_114' title="bbox 2073 5327 3637 5406; baseline -0.01 -14"><span class='ocrx_word' id='word_1_857' title='bbox 2073 5355 2181 5394; x_wconf 91' lang='lat' dir='ltr'><strong>non</strong></span> <span class='ocrx_word' id='word_1_858' title='bbox 2207 5338 2440 5393; x_wconf 89' lang='lat' dir='ltr'><strong>obscure</strong></span> <span class='ocrx_word' id='word_1_859' title='bbox 2458 5334 2666 5406; x_wconf 70' lang='lat' dir='ltr'><strong>indicat</strong></span> <span class='ocrx_word' id='word_1_860' title='bbox 2690 5333 2962 5406; x_wconf 72' lang='lat' dir='ltr'><strong>dazmones</strong></span> <span class='ocrx_word' id='word_1_861' title='bbox 2991 5329 3096 5406; x_wconf 82' lang='lat' dir='ltr'><strong>sub</strong></span> <span class='ocrx_word' id='word_1_862' title='bbox 3125 5327 3432 5406; x_wconf 76' lang='lat' dir='ltr'><strong>animarum</strong></span> <span class='ocrx_word' id='word_1_863' title='bbox 3464 5327 3637 5393; x_wconf 76' lang='lat' dir='ltr'><strong>Specie</strong></span> 
     </span>
    </p>
   </div>
   <div class='ocr_carea' id='block_1_114' title="bbox 2071 5397 3636 5475">
    <p class='ocr_par' dir='ltr' id='par_1_114' title="bbox 2071 5397 3636 5475">
     <span class='ocr_line' id='line_1_115' title="bbox 2071 5397 3636 5475; baseline -0.011 -12"><span class='ocrx_word' id='word_1_864' title='bbox 2071 5416 2331 5464; x_wconf 85' lang='lat' dir='ltr'><strong>evocatos</strong></span> <span class='ocrx_word' id='word_1_865' title='bbox 2363 5402 2786 5475; x_wconf 12' lang='lat' dir='ltr'><strong>luisse.7Probat</strong></span> <span class='ocrx_word' id='word_1_866' title='bbox 2819 5401 2961 5475; x_wconf 82' lang='lat' dir='ltr'><strong>enim</strong></span> <span class='ocrx_word' id='word_1_867' title='bbox 2991 5401 3111 5475; x_wconf 80' lang='lat' dir='ltr'><strong>_ltoc</strong></span> <span class='ocrx_word' id='word_1_868' title='bbox 3147 5399 3297 5475; x_wconf 75' lang='lat' dir='ltr'><strong>loco_</strong></span> <span class='ocrx_word' id='word_1_869' title='bbox 3322 5397 3412 5475; x_wconf 60' lang='grc' dir='ltr'><strong>[ξρί</strong></span> <span class='ocrx_word' id='word_1_870' title='bbox 3444 5409 3636 5475; x_wconf 64' lang='lat' dir='ltr'><strong>nomen</strong></span> 
     </span>
    </p>
   </div>
   <div class='ocr_carea' id='block_1_115' title="bbox 2074 5465 3634 5547">
    <p class='ocr_par' dir='ltr' id='par_1_115' title="bbox 2074 5465 3634 5547">
     <span class='ocr_line' id='line_1_116' title="bbox 2074 5465 3634 5547; baseline -0.01 -13"><span class='ocrx_word' id='word_1_871' title='bbox 2074 5479 2132 5534; x_wconf 86' lang='lat' dir='ltr'><strong>in</strong></span> <span class='ocrx_word' id='word_1_872' title='bbox 2157 5478 2444 5547; x_wconf 87' lang='lat' dir='ltr'><strong>Scriptura</strong></span> <span class='ocrx_word' id='word_1_873' title='bbox 2473 5474 2607 5545; x_wconf 88' lang='lat' dir='ltr'><strong>ipsis</strong></span> <span class='ocrx_word' id='word_1_874' title='bbox 2636 5469 3117 5547; x_wconf 42' lang='grc' dir='ltr'><strong>διὶιιιιιυὶῃιειοίιιιιιι·</strong></span> <span class='ocrx_word' id='word_1_875' title='bbox 3133 5468 3299 5547; x_wconf 78' lang='lat' dir='ltr'><strong>tribui</strong></span> <span class='ocrx_word' id='word_1_876' title='bbox 3324 5465 3634 5547; x_wconf 74' lang='lat' dir='ltr'><strong>dzemoniis:</strong></span> 
     </span>
    </p>
   </div>
   <div class='ocr_carea' id='block_1_116' title="bbox 2077 5538 3638 5618">
    <p class='ocr_par' dir='ltr' id='par_1_116' title="bbox 2077 5538 3638 5618">
     <span class='ocr_line' id='line_1_117' title="bbox 2077 5538 3638 5618; baseline -0.01 -15"><span class='ocrx_word' id='word_1_877' title='bbox 2077 5558 2240 5618; x_wconf 90' lang='lat' dir='ltr'><strong>atque</strong></span> <span class='ocrx_word' id='word_1_878' title='bbox 2268 5538 2326 5602; x_wconf 75' lang='lat' dir='ltr'><strong>iit</strong></span> <span class='ocrx_word' id='word_1_879' title='bbox 2362 5538 2509 5601; x_wconf 74' lang='lat' dir='ltr'><strong>hunc</strong></span> <span class='ocrx_word' id='word_1_880' title='bbox 2538 5560 2698 5599; x_wconf 89' lang='lat' dir='ltr'><strong>usum</strong></span> <span class='ocrx_word' id='word_1_881' title='bbox 2746 5542 2967 5618; x_wconf 81' lang='lat' dir='ltr'><strong>adhibet</strong></span> <span class='ocrx_word' id='word_1_882' title='bbox 2994 5538 3342 5618; x_wconf 33' lang='lat' dir='ltr'><strong>‘pytlionissa;</strong></span> <span class='ocrx_word' id='word_1_883' title='bbox 3398 5538 3638 5618; x_wconf 69' lang='lat' dir='ltr'><strong>testimo-</strong></span> 
     </span>
    </p>
   </div>
   <div class='ocr_carea' id='block_1_117' title="bbox 2074 5607 3467 5690">
    <p class='ocr_par' dir='ltr' id='par_1_117' title="bbox 2074 5607 3467 5690">
     <span class='ocr_line' id='line_1_118' title="bbox 2074 5607 3467 5690; baseline -0.015 -14"><span class='ocrx_word' id='word_1_884' title='bbox 2074 5607 2254 5690; x_wconf 80' lang='lat' dir='ltr'><strong>nium,</strong></span> <span class='ocrx_word' id='word_1_885' title='bbox 2285 5633 2408 5690; x_wconf 73' lang='lat' dir='ltr'><strong>quae</strong></span> <span class='ocrx_word' id='word_1_886' title='bbox 2444 5621 2701 5690; x_wconf 68' lang='lat' dir='ltr'><strong>evocatas</strong></span> <span class='ocrx_word' id='word_1_887' title='bbox 2730 5612 2944 5666; x_wconf 85' lang='lat' dir='ltr'><strong>animas</strong></span> <span class='ocrx_word' id='word_1_888' title='bbox 2978 5607 3467 5690; x_wconf 37' lang='lat' dir='ltr'><strong>d&#39;eos_:_t.ppellalvit.</strong></span> 
     </span>
    </p>
   </div>
   <div class='ocr_carea' id='block_1_118' title="bbox 2150 5678 3519 5764">
    <p class='ocr_par' dir='ltr' id='par_1_118' title="bbox 2150 5678 3519 5764">
     <span class='ocr_line' id='line_1_119' title="bbox 2150 5678 3519 5764; baseline -0.012 -18"><span class='ocrx_word' id='word_1_889' title='bbox 2150 5678 2387 5764; x_wconf 59' lang='grc' dir='ltr'><strong>(5)’Τὴν</strong></span> <span class='ocrx_word' id='word_1_890' title='bbox 2414 5684 2661 5759; x_wconf 77' lang='grc' dir='ltr'><strong>γνῶσιν.</strong></span> <span class='ocrx_word' id='word_1_891' title='bbox 2687 5684 2764 5739; x_wconf 87' lang='lat' dir='ltr'><strong>ita</strong></span> <span class='ocrx_word' id='word_1_892' title='bbox 2793 5697 2925 5740; x_wconf 89' lang='lat' dir='ltr'><strong>mss.</strong></span> <span class='ocrx_word' id='word_1_893' title='bbox 2953 5696 3069 5738; x_wconf 81' lang='lat' dir='ltr'><strong>sex.</strong></span> <span class='ocrx_word' id='word_1_894' title='bbox 3098 5678 3249 5736; x_wconf 85' lang='lat' dir='ltr'><strong>Editi.</strong></span> <span class='ocrx_word' id='word_1_895' title='bbox 3276 5678 3519 5750; x_wconf 81' lang='grc' dir='ltr'><strong>μνήμην.</strong></span> 
     </span>
    </p>
   </div>
  </div>
