3948 6214
327 302 436 362 693'

1114 305 1614 363 EPISTULARUM
1649 305 1942 364 ecassrs
1971 308 2040 368 ιι.
2078 275 2301 367 Εριετὶ
2336 309 2664 369 CLXXXIX.

3471 291 3576 374 ea

326 437 498 492 ματος
540 422 953 495 ἐνεργουμένας,
981 426 1270 499 διαφόρους
1311 421 1450 481 εἶναι
1487 426 1580 480 καὶ⁵
1623 425 1722 490 τὰς
1754 427 1910 497 ἐνερ-

2022 444 2071 485 te
2125 428 2437 486 differentes
2487 446 2648 494 esse,
2704 446 2773 486 ex
2830 429 3209 500 operationum
3260 429 3579 488 diversitate

324 511 529 580 γούσας
580 513 770 584 φύσεις
826 517 892 569 ἐκ
935 516 1036 587 τῆς
1092 515 1408 588 ἑτερότητος
1458 515 1567 570 τῶν
1617 517 1909 587 ἐνεργειῶν

325 603 699 676 στοχασόμεθα
737 606 834 677 (6).
878 607 1014 660 Οὐδὲ
1053 606 1163 680 γὰρ
1220 607 1486 679 ἐνδέχεται
1529 607 1600 661 τὰ
1645 606 1910 662 διεστῶτα

324 695 468 749 κατὰ
490 696 583 750 τὸν
612 696 713 767 τῆς
741 697 956 768 φύσεως
995 697 1152 768 λόγον
1202 699 1340 771 πρὸς
1375 699 1436 753 τὸ
1464 697 1574 753 τῶν
1614 697 1908 768 ἐνεργειῶν

323 782 463 852 εἶδος
483 788 731 860 ἀλλήλοις
753 790 1164 862 συνενεχθῆναι·
1206 791 1284 862 (7)
1327 789 1450 844 οὔτε
1493 788 1654 860 ψύχει
1679 788 1740 842 τὸ
1771 787 1905 858 πῦρ,

323 876 452 932 οὔτε
491 877 771 950 θερμαίνει
819 881 849 933 ὁ
895 879 1254 951 κρύσταλλοςο
1283 880 1417 933 ἀλλά
1445 883 1512 951 τῇ
1536 879 1645 932 τῶν
1690 877 1907 948 φύσεων

321 965 556 1040 διαφορᾷ
590 970 1102 1041 συνδιαχωρίςονται
1139 970 1233 1024 ἀπ’
1267 969 1509 1043 ἀλλήλων
1540 970 1633 1024 καὶ
1660 970 1715 1022 αἰ
1753 971 1908 1039 παρὰ

321 1058 532 1116 τούτων
581 1061 874 1134 ἐνέργειαι.
917 1062 1042 1116 Ἐάν
1094 1063 1153 1115 δὲ
1203 1063 1330 1133 μίαν
1373 1063 1654 1134 νοήσωμεν
1695 1059 1797 1131 τὴν
1829 1062 1904 1129 (8)

316 1153 610 1225 ,ἐνέργειαν
632 1155 844 1226 Πατρός
871 1172 931 1208 τε
958 1155 1054 1209 καὶ
1086 1153 1219 1208 Υἱοῦ
1251 1155 1345 1207 καί⁵
1385 1152 1700 1224 Πνεύματος
1727 1153 1903 1223 ἁγίου,

322 1245 387 1298 ἐν
411 1246 601 1318 μηδενὶ
623 1247 979 1320 διαφέρουσάν
1008 1265 1060 1301 τι
1086 1247 1119 1318 ἢ
1145 1246 1629 1318 παραλλάσσουσαν
1648 1263 1659 1275 ·
1690 1245 1906 1316 ἀνάγκη

322 1339 394 1408 τῇ
422 1339 710 1408 ταυτότητι
734 1339 833 1409 τῆς
861 1339 1140 1410 ἐνεργείας
1168 1339 1228 1392 τὸ
1258 1338 1532 1410 ἡνωμένον
1565 1337 1665 1409 τῆς
1692 1338 1910 1406 φύσεως

326 1425 760 1494 συλλογίζεσθαι.
1927 1420 1937 1435 ’

399 1540 454 1595 7.
503 1539 763 1609 Ἀγιάζει,
791 1539 886 1595 καὶ
919 1538 1190 1605 ζωοποιεῖ,
1212 1539 1308 1594 καὶ
1335 1537 1579 1608 φωτίζει,
1606 1539 1700 1593 καὶ
1725 1557 1907 1613 παρα·-

323 1633 503 1696 καλεί,
537 1633 634 1687 καὶ
672 1633 849 1688 πάντα
892 1631 963 1687 τὰ
1004 1632 1250 1699 τοιαῦτα,
1272 1631 1472 1704 ὁμοίως
1508 1633 1537 1686 ό
1583 1631 1772 1705 Πατὴρ
1812 1633 1907 1687 κα)⁸

322 1727 355 1779 ό
386 1725 513 1790 Υἱὸς
546 1726 640 1780 καὶ
665 1726 728 1780 τὸ
756 1725 977 1798 Πνεῦμα
1009 1725 1068 1780 τὸ
1096 1726 1269 1796 ἅγιον.
1304 1725 1408 1779 Καὶ
1441 1725 1633 1797 μηδεὶς
1670 1725 1790 1778 κατ’
1814 1723 1903 1790 ἐξ-

2009 521 2389 592 eonjiciemus.
2419 520 2608 594 Neque
2635 523 2780 578 enim
2813 522 2928 579 fieri
2953 533 3152 594 potest,
3179 530 3240 578 ut
3267 539 3392 594 qure
3423 532 3582 578 natu-

2009 628 2084 668 ra
2114 614 2328 671 ratione
2355 613 2694 685 discrepant,
2725 615 2782 670 in
2812 614 2991 671 forma
3025 614 3408 686 operationum
3439 615 3582 668 inter

2007 721 2067 761 se
2106 707 2456 763 consentiant
2490 720 2639 765 :‘nec
2687 708 2830 779 ignis
2861 707 3200 778 refrigescit,
3232 721 3335 762 nec
3377 706 3582 778 glacies

2007 798 2297 866 calefacit;
2356 799 2454 856 sed
2504 815 2631 856 cum
2677 810 3001 856 naturarum
3064 797 3372 855 differentia
3419 799 3584 854 simul

2007 891 2171 946 etiam
2200 891 2342 947 inter
2382 905 2443 948 se
2470 892 2784 964 discrepant
2823 908 2944 964 quae
2973 892 3041 948 ab
3083 892 3193 948 illis
3219 891 3356 946 fiunt
3386 904 3585 961 Opera-

2008 982 2206 1040 tiones.
2241 982 2299 1038 Si
2335 993 2515 1040 autem
2546 1000 2710 1040 unam
2758 985 3189 1041 intellexerimus
3226 993 3281 1039 et
3318 982 3499 1038 Patris
3523 989 3579 1036 et

2007 1073 2132 1130 Filii
2171 1083 2226 1130 et
2271 1073 2509 1148 Spiritus
2553 1079 2729 1132 sancti
2759 1078 3166 1149 Operationem,
3197 1077 3336 1133 nihil
3380 1076 3438 1130 in
3468 1076 3582 1132 ulla

2007 1181 2067 1222 re
2093 1165 2428 1224 differentem
2473 1177 2566 1222 aut
2613 1169 2948 1238 variantem;
2984 1185 3208 1226 necesse
3232 1177 3319 1226 est
3345 1185 3413 1225 ex
3451 1183 3582 1239 ope-

2007 1260 2242 1317 rationis
2275 1260 2563 1317 identitate
2596 1261 2866 1317 unitatem
2897 1263 3080 1336 colligi
3108 1272 3340 1320 naturae.

2083 1541 2135 1597 7.
2167 1539 2506 1608 Sanctificat,
2543 1551 2598 1600 et
2621 1542 2862 1600 vivificat
2882 1584 2897 1608 ,
2932 1551 2990 1601 et
3029 1541 3300 1599 illuminat
3319 1582 3342 1607 ,.
3368 1550 3425 1598 et
3451 1557 3584 1600 con-

2009 1634 2240 1697 solatur,
2286 1640 2342 1690 et
2380 1635 2564 1689 omnia
2595 1635 2862 1706 ejusmodi
2898 1635 3104 1706 pariter
3147 1633 3279 1689 facit
3317 1633 3502 1696 Pater,
3528 1642 3584 1689 et

2010 1724 2207 1792 Filius,
2237 1736 2290 1782 et
2324 1726 2562 1797 Spiritus
2588 1737 2832 1784 sanctus.
2859 1727 2969 1783 Nec
2993 1727 3286 1799 quisquam
3312 1725 3583 1796 praecipue

325 1814 544 1887 αίρετον
571 1815 890 1887 ἀπονεμέτω
925 1818 990 1888 τῇ
1024 1814 1273 1887 ἐνεργείᾳ
1319 1813 1412 1868 τοῦ
1453 1813 1766 1885 Πνεῦματος
1809 1815 1909 1888 τὴν

2022 1816 2213 1870 tribuat
2269 1815 2498 1887 Spiritui
2547 1824 2738 1873 sancto
2789 1823 3114 1888 potestatem
3170 1815 3583 1882 sanctificandi,

323 1909 654 1980 ἅγιαστικὴν
676 1908 940 1974 ἐξουσίαν,
969 1908 1208 1972 ἀκούσας
1227 1905 1320 1961 τοῦ
1354 1907 1603 1979 Σωτῆρος
1623 1908 1681 1962 ἐν
1703 1907 1780 1979 τῷ
1804 1908 1908 1961 Εὑ-

324 1999 567 2072 αγγελίῳ
591 1999 840 2072 περὶτῶν
861 1999 1114 2071 μαθητῶν
1134 1998 1270 2072 πρὸς
1293 1999 1382 2053 τὸν
1397 1998 1616 2071 Πατέρα
1637 1997 1906 2068 λέγοντοςσ

322 2091 540 2159 Πάτερ.
565 2092 820 2162 ἁγίασον
837 2091 1058 2158 αὐτοὺς
1083 2092 1152 2144 ἐν
1180 2089 1260 2156 τῷ
1289 2091 1534 2160 ὀνόματί
1565 2105 1701 2144 σου.
1720 2090 1910 2142 Ὡσαύ-

321 2201 436 2247 τως
454 2184 511 2238 δὲ
533 2184 626 2238 καὶ
645 2184 715 2238 τά
733 2183 866 2238 ἄλλα
893 2184 1071 2237 πάντα
1091 2183 1232 2237 κατὰ
1251 2182 1312 2236 τδ
1341 2182 1456 2236 ἴσον
1482 2185 1780 2255 ἐνεργεῖται
1799 2185 1909 2246 τοῖς

323 2274 501 2341 ἀξίοις
524 2274 672 2346 παρὰ
692 2273 783 2327 τοῦ
808 2273 1021 2346 Πατρός
1041 2291 1100 2328 τε
1125 2275 1218 2328 καὶ
1244 2275 1338 2328 τοῦ
1362 2275 1493 2328 Υἱοῦ
1522 2275 1615 2328 καὶ
1635 2274 1728 2327 τοῦ
1753 2274 1907 2342 ἁγίου

323 2363 674 2435 Πνεύματος’
717 2365 868 2418 πᾶσα
909 2364 1069 2435 χάρις
1113 2364 1210 2417 καί⁸
1254 2363 1500 2434 δύναμις,
1551 2365 1584 2436 ἡ
1632 2363 1909 2436 όδηγία,ή

325 2454 469 2524 ζωὴν
497 2456 532 2524 ἡ
566 2454 931 2528 παράκλησις,
959 2457 991 2526 ἡ
1036 2455 1172 2526 πρὸς
1217 2456 1278 2508 τὸ
1321 2454 1588 2509 ἀθάνατον
1621 2454 1908 2527 μεταϐολὴ,

322 2549 362 2618 ἡ
403 2547 486 2610 εἰς
524 2546 833 2620 ἐλευθερίαν
873 2547 1219 2619 μετάστασις,
1261 2547 1356 2600 καὶ
1397 2546 1450 2600 εί
1488 2564 1542 2600 τι
1593 2546 1720 2600 ἄλλο
1764 2546 1911 2600 ἐστὶν

324 2639 557 2709 ἀγαθὸν,
597 2639 626 2692 ὃ
671 2640 860 2712 μέχρις
890 2639 1047 2710 ἡμῶν
1093 2639 1166 2710 (9)
1203 2638 1540 2693 καταϐαίνει.
1583 2639 1648 2692 Ἡ
1681 2638 1736 2691 δὲ
1774 2639 1913 2711 ὑπὲρ

326 2733 481 2803 ἡμᾶς
521 2731 817 2803 οἰκονομία,
862 2730 920 2785 ἐν
958 2748 1018 2784 τε
1055 2733 1122 2803 τῇ
1171 2733 1334 2802 νοητῇ
1377 2730 1552 2784 κτίσει
1599 2730 1694 2783 καὶ
1722 2732 1788 2801 τῇ
1829 2732 1914 2784 αἱ-

329 2821 528 2893 σθητῇ,
553 2821 675 2875 εἴτι
696 2821 802 2894 χρὴ
826 2821 912 2876 διὰ
933 2821 1042 2875 τῶν
1067 2821 1481 2892 γινωσκομένων
1503 2823 1632 2892 ἡμῖν
1663 2822 1756 2875 καὶ
1787 2823 1915 2892 περὶ

322 2914 442 2968 τῶν
481 2914 894 2987 ὑπερκειμένων
942 2913 1316 2985 στοχάζεσθαι,
1349 2915 1470 2968 οὐδὲ
1511 2915 1647 2988 αὐτὴ
1678 2915 1777 2986 τῆς
1817 2914 1912 2968 τοῦ

330 3008 492 3076 ἁγίου
524 3008 633 3078 (l0)
667 3007 984 3077 Πνεύματος
1025 3007 1306 3080 ἐνεργείας
1351 3006 1447 3060 καὶ
1488 3006 1768 3077 δυνάμεως
1811 3005 1915 3073 ἐξω

329 3097 694 3168 καθέστηκεν,
749 3097 977 3151 ἑκάστου
1027 3097 1166 3151 κατά
1207 3097 1305 3166 τὴν
1358 3097 1492 3150 ἰδίαν
1541 3094 1697 3161 ἀξίαν
1731 3112 1790 3148 τε
1823 3097 1915 3149 καὶ

327 3149 962 3262 Ξρείαντῆςγνώφελείας
1012 3149 1534 3261 μεταλαμϐάνοντος.
1579 3149 1642 3242 ἐξ
1679 3188 1788 3259 γὰρ
1819 3189 1915 3243 καὶ
1943 3149 1985 3204 c

330 3283 530 3354 ἄδηλος
558 3286 626 3354 τῇ
655 3283 900 3354 αἰσθήσει
926 3286 993 3353 τῇ
1031 3283 1274 3356 ἡμετέρᾳ
1314 3285 1348 3354 ἡ
1385 3286 1514 3354 περὶ
1554 3282 1659 3336 τῶν
1684 3283 1795 3336 ἄνω
1820 3282 1918 3351 τῆς

329 3373 613 3444 ἡμετέρας
659 3372 870 3443 φύσεως
915 3370 1156 3438 διάταξίς
1214 3372 1326 3442 (11)
1368 3389 1427 3425 τε
1475 3373 1571 3425 καὶ
1617 3371 1914 3444 διοίκησις,

331 3464 487 3535 ὅμως
514 3465 579 3517 ἐκ
598 3465 697 3535 τῆς
717 3463 1036 3528 ἀκολουθίας
1068 3462 1430 3534 εὐλογώτερον
1459 3464 1523 3518 ἄν
1562 3480 1647 3527 τις
1677 3462 1918 3516 σύνθοιτο

331 3555 424 3610 διὰ
449 3556 557 3609 τῶν
582 3557 711 3627 ἡμῖν
736 3557 1024 3628 γνωρίμων
1053 3556 1273 3627 ἐνεργὸν
1295 3549 1433 3608 εἶναι
1465 3556 1557 3607 καὶ
1588 3554 1673 3606 ἐπ’
1698 3554 1918 3607 ἐκείνων

334 3646 438 3716 τὴν
473 3645 567 3698 τοῦ
602 3643 916 3714 Πνεῦματος
953 3643 1202 3715 δύναμιν,
1235 3643 1268 3714 ἢ
1317 3642 1689 3710 ἀπεξενῶσθαι
1722 3643 1822 3715 τῆς
1862 3645 1919 3694 ἐν

334 3738 452 3799 τοῖς
500 3736 917 3806 ὑπερκειμένοις
967 3735 1298 3805 οἰκονομίας.
1342 3735 1399 3787 '0
1449 3734 1547 3803 μέν
1595 3733 1702 3804 γὰρ
1747 3735 1921 3786 ἐκεῖνο

335 3827 514 3896 λέγων
544 3827 701 3898 ψιλὴν
736 3829 831 3882 καὶ
871 3827 1245 3880 ἀκατάσκευον
1280 3826 1381 3896 τὴν
1415 3825 1761 3896 βλασφημίαν
1791 3843 1922 3896 προ·

337 3919 598 3974 ϐάλλεται
650 3920 797 3991 (12),
842 3919 1018 3973 οὐδενὶ
1062 3917 1304 3988 λογισμῷ
1354 3916 1777 3981 κατασκευάζων
1824 3918 1921 3987 τὴν

338 4013 604 4067 ἀτοπίαν·
634 4013 662 4065 ὁ
694 4012 765 4064 δέ.
803 4011 1178 4081 συντιθέμενος
1212 4011 1308 4064 καὶ
1337 4011 1406 4063 τὰ
1437 4010 1576 4081 ὑπὲρ
1607 4010 1752 4080 ἡμᾶς
1787 4009 1923 4079 μετὰ

340 4103 558 4175 Πατρός
594 4103 689 4157 καὶ
731 4101 862 4155 Υίοῦ
897 4104 962 4173 τῇ
1000 4101 1227 4171 δυνάμει
1255 4099 1348 4153 τοῦ
1382 4099 1698 4170 Πνεύματος
1718 4101 1923 4152 οἰκονο-

343 4193 585 4266 μεῖσθαι,
617 4192 836 4264 ἐναργεί
865 4191 1152 4262 τεκμηρίῳ
1189 4189 1266 4261 τῷ
1309 4190 1449 4243 κατὰ
1478 4189 1574 4260 τὴν
1607 4189 1741 4242 ἰδίαν
1782 4189 1923 4259 ζωὴν

341 4284 755 4356 ἐπερειδόμενος
784 4283 910 4355 περὶ
952 4283 1154 4336 τούτων
1200 4282 1608 4353 διισχυρίζεται.
1648 4281 1856 4338 Οὐκοῦν
1890 4283 1923 4352 ἡ

341 4376 444 4447 τῆς
477 4374 757 4447 ἐνεργείας
793 4373 1057 4444 ταυτότης
1093 4374 1184 4426 ἐπὶ
1225 4375 1436 4444 Πατρός
1458 4389 1517 4425 τε
1551 4373 1643 4426 καὶ
1669 4372 1798 4426 Υἱοῦ
1832 4374 1925 4426 καὶ

1996 1913 2134 1962 cum
2181 1907 2370 1962 audiat
2402 1907 2740 1964 Salvatorem
2775 1909 2832 1964 in
2862 1908 3158 1980 Evangelio
3193 1908 3261 1964 de
3297 1907 3586 1980 discipulis

2009 1998 2278 2054 dicentem
2330 1997 2478 2055 Patri
2517 2019 2532 2055 :
2567 1998 2752 2067 Pater,
2804 2001 3085 2070 sanctiﬁca
3136 2016 3222 2055 eos
3268 2001 3324 2054 in
3377 2001 3587 2055 nomine

2011 2102 2101 2146 tuo
2134 2092 2201 2146 ⁸³.
2239 2090 2502 2147 Similiter
2544 2101 2726 2148 autem
2757 2102 2808 2149 et
2851 2093 3062 2164 reliqua
3090 2093 3275 2149 omnia
3320 2107 3387 2147 ex
3427 2107 3586 2163 aequo

2010 2192 2343 2256 peraguntur
2376 2184 2433 2240 in
2464 2185 2531 2242 iis
2556 2187 2646 2257 qui
2672 2185 2822 2258 digni
2856 2193 3007 2253 sunt,
3041 2201 3073 2241 a
3105 2184 3271 2240 Patre
3338 2193 3394 2240 et
3421 2183 3582 2250 Filio,

2009 2283 2066 2330 et
2093 2276 2303 2346 Spiritu
2337 2284 2530 2334 sancto
2555 2296 2568 2332 :
2597 2278 2780 2333 omnis
2817 2278 3016 2348 gratia
3038 2284 3094 2333 et
3133 2278 3334 2342 virtus,
3360 2276 3586 2341 ductus.

2010 2367 2157 2433 vita,
2205 2369 2539 2434 consolatio,
2573 2369 2640 2426 ad
2677 2369 3142 2424 immortalitatem
3175 2369 3585 2433 transmutatio,

2013 2459 2279 2517 transitus
2310 2459 2379 2517 ad
2414 2460 2739 2527 libertatem,
2761 2468 2816 2516 et
2851 2461 2898 2517 si
2925 2461 3056 2533 quid
3088 2461 3236 2516 aliud
3266 2462 3420 2529 boni,
3441 2461 3588 2532 quod

2013 2551 2080 2605 ad
2132 2565 2236 2605 nos
2275 2566 2450 2620 usque
2501 2551 2794 2622 pertingat.
2825 2550 3159 2606 OEconomia
3208 2550 3432 2616 itidem,
3469 2565 3591 2622 quae

2014 2658 2179 2712 supra
2217 2657 2320 2698 nos
2351 2652 2454 2705 est,
2497 2643 2611 2697 sive
2655 2642 2722 2696 ad
2772 2641 3111 2712 spiritualem
3168 2645 3284 2698 sive
3345 2641 3414 2697 ad
3463 2658 3592 2698 sen-

2015 2734 2225 2790 sibilem
2288 2743 2598 2790 creaturam
2653 2742 2896 2805 spectet,
2961 2735 3009 2790 si
3065 2751 3132 2791 ex
3191 2737 3258 2792 iis
3321 2749 3444 2806 quae
3497 2751 3593 2790 co-

2012 2826 2365 2897 gnoscimus,
2427 2828 2593 2882 etiam
2650 2828 2719 2882 de
2769 2828 2840 2883 iis
2896 2843 3017 2898 quae
3076 2841 3242 2897 supra
3301 2842 3405 2882 nos
3460 2832 3591 2881 sunt

2013 2916 2449 2988 conjiciendum,
2491 2932 2559 2972 ne
2591 2917 2710 2989 ipsa
2749 2917 2971 2988 quidem
3021 2917 3160 2972 citra
3194 2916 3431 2988 Spiritus
3463 2932 3593 2972 san-

2015 3009 2090 3063 cti
2155 3009 2528 3078 operationem
2602 3024 2666 3065 ac
2730 3010 2990 3064 virtutem
3061 3010 3388 3077 constituit,
3453 3024 3590 3062 uno-

2017 3113 2234 3168 quoque
2277 3113 2374 3168 pro
2419 3099 2643 3170 propria
2693 3100 2958 3170 dignitate
3008 3106 3062 3155 et
3107 3115 3208 3155 usu
3263 3097 3592 3154 beneficium

2017 3189 2339 3258 accipiente.
2389 3188 2515 3243 Etsi.
2539 3191 2686 3243 enim
2731 3190 2967 3245 obscura
3021 3197 3106 3245 est
3157 3188 3345 3244 sensui
3403 3197 3594 3244 nostro

2015 3296 2239 3346 eorum,
2272 3297 2396 3351 quae
2443 3295 2608 3351 supra
2643 3289 2898 3336 naturam
2937 3289 3185 3336 nostram
3241 3287 3392 3345 sunt,
3445 3280 3598 3334 ordi-

2018 3374 2168 3427 natio
2197 3380 2251 3427 et
2283 3373 2642 3444 gubernatio,
2685 3381 2867 3428 tamen
2895 3373 3105 3443 aquius
3135 3372 3260 3443 quis
3303 3389 3368 3427 ex
3397 3386 3596 3428 conse-

2018 3465 2240 3520 cutione
2266 3465 2490 3536 colligat
2518 3480 2616 3535 per
2642 3480 2707 3520 ea
2737 3479 2861 3534 quae
2892 3465 3052 3520 nobis
3081 3471 3209 3520 nota
3244 3469 3393 3531 sunt,
3427 3462 3599 3533 Spiri-

2020 3562 2108 3608 tus
2154 3553 2409 3608 virtutem
2452 3554 2508 3606 in
2553 3554 2662 3608 illis
2702 3555 2868 3609 etiam
2917 3569 3042 3610 esse
3084 3553 3393 3618 efficacem,
3429 3569 3596 3624 quam

2019 3660 2141 3701 esse
2180 3661 2212 3701 a
2260 3661 2446 3700 rerum
2494 3661 2855 3716 supernarum
2893 3646 3290 3718 gubernatione
3319 3645 3598 3700 abaliena-

2020 3747 2148 3792 tam.
2195 3737 2298 3803 Qui
2327 3739 2470 3791 enim
2519 3738 2652 3792 illud
2679 3737 2832 3802 dicit,
2868 3737 3070 3792 nudam
3118 3747 3171 3792 et
3211 3738 3598 3793 inconcinnam

2021 3828 2416 3898 blasphemiam
2481 3828 2724 3899 profert,
2791 3829 2942 3883 nulla
3013 3828 3228 3884 ratione
3293 3826 3596 3884 absurdum

2021 3930 2390 3976 commentum
2443 3920 2776 3975 confirmans
2818 3939 2831 3976 :
2873 3920 2968 3991 qui
3019 3934 3150 3974 vero
3202 3918 3497 3974 confitetur
3531 3934 3597 3975 ea

2021 4011 2185 4066 etiam
2214 4027 2337 4081 quae
2363 4026 2530 4081 supra
2575 4026 2679 4066 nos
2705 4020 2868 4074 sunt,
2901 4026 3026 4065 cum
3054 4009 3216 4066 Patre
3237 4016 3293 4066 et
3320 4009 3459 4064 Filio
3485 4011 3601 4064 vir-

2023 4109 2140 4158 tute
2167 4101 2406 4173 Spiritus
2433 4103 2593 4172 281
2628 4102 2764 4172 regi,
2791 4102 2940 4156 claro
2971 4100 3177 4155 indicio
3204 4115 3267 4155 ex
3302 4114 3402 4154 sua
3427 4099 3600 4170 ipsius

2024 4194 2134 4247 vita
2164 4195 2333 4250 ducto
2374 4195 2622 4260 innixus,
2673 4194 2741 4248 de
2769 4193 2856 4248 his
2895 4192 3147 4246 afﬁrmat.
3196 4191 3382 4261 Itaque
3407 4205 3602 4261 opera-

2025 4287 2192 4341 tionis
2232 4287 2494 4341 identitas
2525 4286 2580 4339 in
2614 4285 2778 4340 Patre
2807 4293 2862 4340 et
2898 4281 3038 4340 Filio
3068 4293 3122 4339 et
3155 4282 3362 4355 Spiritu
3410 4291 3604 4338 sancto

2026 4377 2315 4446 perspicue
2367 4377 2606 4431 ostendit
2658 4375 3120 4431 absolutissimam
3177 4383 3390 4430 natura:
3450 4373 3604 4430 simi-

344 4467 664 4538 Πνεύματος
710 4466 866 4535 ἁγίου
917 4465 1156 4519 δείκνυσι
1202 4464 1388 4533 σαφῶς
1439 4465 1501 4518 τὸ
1555 4465 1657 4535 τῆς
1711 4465 1924 4533 φύσεως

2031 4467 2332 4525 litudinem.
2386 4467 2570 4535 Quare
2600 4468 2817 4524 etiamsi
2850 4467 3159 4524 divinitatis
3191 4483 3393 4524 nomen
3439 4475 3604 4522 natu.

344 4561 784 4633 ἀπαράλλακτον.
818 4559 1014 4624 Ὥστε,
1064 4557 1168 4612 κᾶν
1216 4557 1374 4627 φύσιν
1429 4558 1668 4631 σημαίνῃ
1713 4557 1775 4610 τὸ
1822 4557 1924 4626 τῆς

345 4653 601 4724 θεότητος
633 4650 822 4722 δνομα,
855 4650 1061 4722 κυρίως
1091 4651 1184 4703 καὶ
1223 4648 1303 4720 τῷ
1351 4649 1490 4720 ἁγίῳ
1519 4649 1798 4720 Πνεύματι
1823 4649 1923 4720 τὴν

346 4740 718 4813 προσηγορίαν
775 4739 1183 4812 ἐφαρμόζεσθαι
1235 4738 1438 4811 ταύτην
1496 4743 1529 4813 ἡ
1580 4740 1680 4813 τῆς
1737 4739 1923 4814 ορσίας

345 4834 593 4905 κοινότης
619 4835 944 4891 συντίθεται.

450 5013 467 5044 ⁸
500 5011 660 5066 Joan.
698 5027 834 5077 xvii,
873 5012 962 5065 17.

419 5194 497 5265 (6)
538 5193 984 5261 Στοχασόμεθα.
1040 5192 1132 5247 Sic
1181 5191 1592 5246 emendavimus
1645 5207 1711 5246 ex
1762 5189 1923 5316 Greg.

419 5281 510 5316 'ss.
569 5263 718 5316 auod
760 5271 879 5316 erat
929 5263 986 5316 in
1049 5262 1388 5316 editionibus
1436 5261 1624 5316 Basilii
1668 5261 1865 5316 στογαζ
1907 5291 1923 5302 ε

351 5261 510 5336 ςγδι.
569 5263 718 5333 quod
760 5271 879 5318 erat
929 5263 986 5318 in
1049 5262 1388 5320 editiOnibus
1436 5261 1624 5319 Basilii
1668 5261 1927 5332 στοχοιζό⁴

367 5335 514 5474 λεῗῧ
540 5401 679 5474 Vide
726 5402 1010 5474 Addenda.

425 5471 502 5542 (8)
541 5473 683 5528 Ἐὰν
710 5473 779 5527 δὲ
816 5473 964 5542 μίαν
992 5473 1309 5542 νοήσωμεν
1333 5473 1467 5539 τήν.
1503 5471 1595 5527 Sic
1639 5471 1928 5542 Medicaeus

386 5541 527 5598 odex
565 5558 691 5598 cum
727 5541 908 5599 tribus
936 5545 1059 5600 aliis
1096 5552 1152 5600 et
1185 5541 1348 5615 Greg.
1393 5543 1533 5599 Editi
1583 5543 1804 5607 Ἰδόντες
1834 5541 1928 5598 οὖν

552 5676 951 5766 ᾘμξξνεθῐίόὶιὶ
974 5684 1211 5766 Διιιιιίιιιη.
1250 5683 1727 5766 τῶνηάνθρῴπων,
1764 5685 1925 5766 _quod

365 5758 514 5810 least
561 5754 616 5808 in
649 5753 908 5811 Medicam
938 5761 992 5811 et
1040 5765 1276 5828 quatuor
1323 5754 1443 5812 aliis
1473 5753 1525 5811 et
1565 5753 1726 5824 Greg.
1764 5753 1924 5828 Nysa.

2029 4575 2146 4615 ram
2199 4559 2424 4624 indicet,
2471 4563 2694 4634 praprie
2742 4573 2923 4618 tamen
2980 4563 3398 4632 appellationem
3453 4560 3602 4616 illam

2029 4661 2222 4708 sancto
2247 4668 2467 4724 quoque
2498 4654 2729 4728 Spiritui
2771 4655 2970 4728 aptari,
2999 4654 3256 4710 essentiae
3291 4651 3606 4710 communio

2030 4743 2389 4801 demonstrat.

2029 5190 2196 5250 Iidem
2242 5191 2375 5249 editi
2419 5193 2587 5263 ἡμᾶς.
2622 5189 2874 5261 Quinque
2907 5203 3040 5244 mss.
3072 5193 3128 5242 et
3154 5185 3316 5255 Greg.
3354 5181 3514 5256 Nyss.
3542 5192 3611 5237 nt

2031 5263 2084 5316 in
2123 5271 2296 5317 textu.

2097 5335 2216 5413 μθ)
2251 5334 2360 5413 Τοῆ
2389 5333 2583 5403 άτίου.
2611 5329 2691 5384 Ita
2715 5344 2849 5385 mss.
2874 5344 2971 5383 sex
2999 5333 3052 5382 ct
3077 5325 3242 5398 Greg.
3270 5323 3433 5396 Nyss.
3464 5319 3611 5378 Editi

2029 5404 2124 5457 τοῦ
2157 5404 2445 5471 παναγίου.

2106 5473 2218 5543 (H)
2247 5461 2542 5536 Διὶὶταξις.
2596 5469 2688 5543 Sic
2727 5468 3010 5543 emendat
3033 5466 3219 5543 editio
3244 5461 3406 5543 Greg.
3446 5461 3609 5533 Nyss.

2035 5535 2573 5615 quodjlegebatur’in
2608 5541 2945 5615 editionibns
2963 5537 3164 5615 _f_iasilii
3193 5535 3448 5599 διάλεξις.

2106 5612 2219 5683 (1'2)
2238 5601 2672 5684 ᾕροϐάλλεται.
2740 5609 2818 5663 lla
2879 5608 3098 5665 codices
3159 5621 3290 5662 mss.
3343 5615 3398 5660 et
3447 5601 3610 5670 Greg.

2033 5681 2207 5758 Nyss.
2229 5681 2373 5741 Editi
2406 5681 2824 5756 προσϐάλλεται.
