3948 6214
346 275 452 331 695

1695 280 1750 339 S.
1789 281 2035 339 BASlLll
2075 284 2286 340 MAGNI

3497 245 3604 340 osa

415 396 469 452 8.
507 394 839 481 Sedjgnoro
866 412 976 470 quo
1009 405 1170 470 pacto
1200 399 1268 455 ad
1308 408 1517 456 naturae
1554 400 1911 473 signiﬁcatio-

2087 406 2143 461 8.
2177 404 2316 458 Ἀλλ’
2348 405 2448 458 οὐκ
2476 399 2592 458 οῖδα
2620 405 2770 468 ὅπως
2802 404 2899 458 ἐπὶ
2932 403 3032 476 τὴν
3067 404 3170 473 τῆς
3196 401 3414 474 φύσεως
3440 403 3607 459 ἐνδει-

344 503 470 545 nem
526 503 727 544 nomen
786 483 1094 549 divinitatis
1148 492 1418 559 .trahant,
1473 494 1567 564 qui
1609 495 1745 549 nihil
1807 510 1915 550 non

342 578 663 650 conﬁngunt
692 599 705 635 :
734 582 891 651 quasi
929 597 1041 636 non
1087 580 1366 638 audierint
1397 597 1465 637 ex
1505 581 1825 655 Scriptura,
1861 587 1916 642 id

343 670 493 740 quod
542 686 572 725 a
624 680 822 727 natura
869 680 953 729 est
1000 674 1347 730 institutione
1403 683 1458 730 et
1499 676 1762 733 electione
1805 692 1917 733 non

345 763 684 832 comparari.
726 763 905 820 Moses
945 765 1091 819 enim
1123 765 1258 821 deus
1298 766 1587 824 institutus
1625 778 1708 825 est
1742 768 1915 840 Λεω-

345 853 621 922 ptiorum,
677 870 801 909 cum
852 856 940 921 is,
977 857 1071 927 qui
1121 859 1404 913 oraculum
1456 859 1678 927 edebat,
1718 860 1795 915 ita
1847 860 1915 915 ad

346 947 526 1012 ipsum
559 945 774 1001 locutus
804 964 819 1001 :
847 946 1015 1002 Deum
1046 957 1094 1003 te
1154 948 1278 1004 dedi
1321 949 1599 1005 Pharaoni
1627 952 1693 1006 5’.
1725 950 1919 1022 Appel-

346 1036 477 1090 latio
512 1036 678 1107 igitur
699 1046 886 1093 notam
914 1040 1205 1109 potestatis
1227 1040 1542 1112 cujusdam.
1589 1041 1705 1097 sive
1730 1042 1916 1113 inspe-

343 1128 536 1184 ctricis
576 1129 692 1185 sive
713 1131 1042 1202 cperatricis
1064 1172 1081 1197 ,
1112 1147 1224 1204 pra:
1256 1149 1316 1190 se
1345 1133 1466 1190 fert.
1497 1134 1566 1188 At
1604 1142 1801 1190 natura
1832 1135 1919 1191 di-

341 1218 490 1283 vina,
516 1218 571 1274 in
597 1222 856 1278 omnibus
881 1238 1002 1294 quae
1018 1227 1401 1294 excogitantur
1421 1226 1757 1294 nominibus,
1776 1228 1915 1297 ipsa,

348 1318 406 1365 ut
429 1322 551 1375 est,
595 1323 776 1369 manet
810 1313 1251 1386 inexplicabilis;
1303 1334 1426 1388 quae
1463 1326 1655 1374 nostra
1683 1326 1767 1375 est
1818 1319 1920 1374 do-

343 1402 542 1458 ctrina.
570 1401 708 1458 Cum
748 1404 896 1461 enim
928 1405 1236 1461 beneficum
1265 1446 1280 1472 ,
1307 1407 1572 1476 judicem,
1603 1417 1659 1463 et
1688 1409 1916 1473 bonum,

345 1498 399 1543 et
414 1489 625 1561 justum
649 1498 704 1547 et
728 1492 938 1564 reliqua
961 1494 1067 1547 alia
1091 1491 1335 1561 ejusdem
1358 1494 1577 1564 generis
1599 1493 1915 1557 didicimus,

343 1583 723 1654 operationum
757 1583 939 1639 edocti
969 1598 1162 1641 sumus
1203 1583 1572 1640 ditl‘erentiam
1604 1604 1618 1640 :
1652 1585 1750 1642 sed
1789 1600 1920 1656 ope-

343 1673 522 1730 rantis
563 1681 820 1729 naturam
852 1674 1028 1731 nihilo
1058 1677 1230 1747 magis
1262 1691 1330 1732 ex
1373 1677 1754 1748 Operationum
1811 1692 1919 1732 no-

2021 496 2101 559 ξιν
2124 496 2222 567 τὴν
2250 494 2621 568 προσηγορίαν
2640 496 2740 567 τῆς
2765 493 3017 565 θεότητος
3038 493 3316 566 φέρουσιν,
3340 495 3391 547 oi
3425 495 3609 549 πάντα

2018 585 2551 651 κατασκευάζοντες,
2594 585 2785 658 ὥσπερ
2815 586 2916 640 οὐκ
2952 586 3252 659 ἀκηκοότες
3308 586 3460 657 παρὰ
3504 590 3607 658 τῆς

1965 660 1985 679 ⁸
2017 676 2281 748 Γραφῆς,
2328 677 2411 730 ὅτι
2464 676 2816 749 χειροτονητὴ
2865 676 2977 748 (15)
3032 675 3194 748 φύσις
3247 677 3314 730 οὐ
3369 677 3605 745 γίνεται.

2018 769 2257 837 nam;
2282 767 2341 821 δὲ
2383 766 2495 820 τῶν
2515 767 2827 837 Αἰγυπτίων
2865 767 3242 840 ἐχειροτονήθη
3284 767 3425 832 θεὸς,
3456 765 3603 820 οὕτω

2021 858 2157 928 πρὸς
2199 857 2361 911 αὐτὸν
2405 858 2653 921 εἰπόντος
2699 858 2792 911 τοῦ
2823 858 3287 931 χρηματίζοντος,
3322 858 3406 912 ὃτι
3451 858 3602 910 63(51-

2019 966 2092 1003 σε
2123 949 2350 1003 δέδωκα
2394 949 2475 1015 τῷ
2528 948 2737 1019 Φαραώ
2763 950 2898 1022 (14).
2920 951 3128 1005 Οὐκοῦν
3157 951 3407 1016 ἐξουσίας
3430 951 3597 1013 τινὸς,

2018 1038 2129 1093 εἴτε
2154 1041 2458 1111 ἐποπικῆς
2478 1039 2589 1094 εῐτε
2623 1041 2999 1112 ἐνεργητικῆς,
3014 1040 3236 1109 ἔνδειξιν
3266 1044 3300 1113 ἡ
3323 1056 3600 1113 προσηγο-

2023 1131 2116 1201 ρία
2146 1131 2326 1203 φέρει.
2368 1131 2434 1184 Ἦ
2479 1131 2538 1185 δὲ
2576 1131 2695 1186 θεία
2727 1131 2888 1202 φύσις
2932 1135 2989 1186 ἐν
3022 1135 3156 1186 πᾶσι
3192 1137 3307 1198 τοῖς
3349 1136 3598 1189 ἐπινοου-

2023 1222 2206 1294 μένοις
2237 1222 2486 1293 ὀνόμασι,
2517 1222 2655 1277 καθό
2695 1224 2831 1288 ἐστι,
2890 1224 3038 1294 μένει
3088 1226 3423 1297 ἀσήμαντος,
3455 1226 3532 1290 ὡς
3565 1228 3595 1280 ὀ

2020 1312 2290 1383 ἡμέτερος
2314 1311 2488 1382 λόγος.
2509 1310 2820 1384 Εὐεργέτην
2842 1313 2974 1384 γὰρ,
3005 1315 3101 1369 καὶ
3130 1318 3351 1387 κριτὴν,
3383 1315 3594 1384 ἀγαθόν

2020 1420 2080 1456 τε
2102 1404 2198 1457 καὶ
2231 1402 2459 1470 δίκαιον,
2491 1405 2585 1457 καὶ
2613 1404 2713 1457 ὅσα
2742 1403 2877 1458 ἄλλα
2908 1404 3132 1458 τοιαῦτα
3165 1406 3432 1476 μαθόντες
3454 1406 3590 1478 (15),

2019 1492 2309 1564 ἐνεργειῶν
2342 1492 2604 1566 διαφορὰς
2625 1493 2983 1566 ἐδιδάχθημεν
2999 1510 3015 1526 ⁸
3041 1494 3135 1548 τοῦ
3163 1496 3221 1550 δὲ
3247 1496 3595 1569 ἐνεργοῦντος

2018 1583 2118 1655 τὴν
2152 1583 2313 1651 φύσιν
2340 1585 2491 1639 οὐδὲν
2533 1584 2732 1654 μᾶλλον
2763 1585 2853 1638 διὰ
2897 1585 2997 1655 τῆς
3041 1586 3148 1639 τῶν
3180 1586 3470 1658 ἐνεργειῶν
3494 1605 3596 1641 καμ-

2018 1676 2327 1747 τανοήσεως
2379 1676 2676 1743 ἐπιγνῶναι
2714 1675 3010 1747 δυνάμεθα.
3043 1678 3210 1732 Ὅταν
3250 1678 3360 1750 γὰρ
3402 1676 3595 1731 ἀποδι-

344 1765 495 1820 tione
525 1778 860 1837 cognoscere
889 1781 1206 1837 possumus.
1250 1765 1308 1823 Si
1364 1769 1491 1839 quis
1520 1768 1668 1824 enim
1724 1768 1916 1825 delini-

2026 1764 2091 1836 5ῷ
2113 1782 2198 1830 τις
2230 1764 2388 1835 λόγον
2419 1766 2648 1820 ἑκάστου
2682 1782 2744 1819 τε
2789 1765 2994 1820 τούτων
3037 1766 3146 1820 τῶν
3191 1767 3470 1837 ὀνομάτων
3500 1769 3597 1821 καὶ

345 1856 551 1910 tionem
594 1854 787 1914 reddat
837 1858 1278 1931 uniuscujusque
1325 1859 1547 1915 illorum
1596 1861 1910 1927 nominum,

343 1953 400 2003 et
434 1947 610 2018 ipsius
654 1957 900 2017 naturae,
931 1952 1080 2007 circa
1109 1966 1275 2023 quam
1327 1954 1551 2008 nomina
1572 1992 1588 2018 ,
1628 1969 1742 2009 non
1774 1969 1917 2010 eam-

342 2039 465 2094 dem
534 2049 893 2113 utrorumque
948 2042 1141 2100 reddet
1209 2043 1607 2102 deﬁnitionem.
1670 2047 1916 2115 Quorum

341 2138 523 2186 autem
558 2132 803 2191 definitio
844 2134 975 2201 alia,
1009 2134 1205 2190 borum
1250 2136 1416 2192 etiam
1444 2145 1642 2192 natura
1674 2137 1914 2194 diversa.

340 2220 510 2292 Igitur
540 2224 689 2279 aliud
719 2225 937 2295 quidem
979 2237 1064 2282 est
1117 2229 1358 2283 essentia
1382 2268 1398 2293 ,
1442 2229 1507 2284 ad
1539 2245 1705 2300 quam
1737 2229 1917 2301 expri-

341 2314 596 2369 mendam
629 2314 874 2372 nondum
924 2333 1032 2373 vox
1064 2319 1174 2372 ulla
1209 2318 1431 2374 inventa
1460 2326 1584 2375 est:
1627 2320 1736 2374 alia
1788 2335 1917 2376 vero

341 2407 625 2462 nominum
662 2407 836 2478 ipsius
886 2408 1218 2480 signiﬁcatio
1243 2450 1259 2476 ,
1299 2425 1421 2480 quae
1468 2427 1537 2467 ex
1593 2411 1919 2482 operatione

340 2497 522 2568 aliqua
571 2503 664 2552 aut
714 2498 981 2570 dignitate
1030 2499 1411 2569 imponuntur.
1470 2501 1656 2571 itaque
1707 2501 1916 2555 nullum

339 2603 464 2643 esse
486 2587 543 2643 in
573 2588 993 2658 operationibus
1018 2587 1322 2644 discrimen
1352 2604 1418 2644 ex
1447 2592 1734 2644 nominum
1761 2604 1917 2645 com-

340 2679 603 2736 munione
652 2682 1082 2752 comperimus:
1146 2690 1204 2737 at
1264 2693 1477 2738 naturae
1533 2682 1914 2738 diversitatem

339 2772 494 2827 nullo
530 2783 854 2843 argumento
898 2773 1048 2828 claro
1073 2772 1535 2845 deprehendimus
1560 2794 1574 2829 :
1605 2774 1876 2845 siquidem
1897 2812 1915 2837 ,

340 2869 403 2915 ut
460 2859 671 2916 dictum
727 2871 811 2918 est
843 2902 858 2927 ,
915 2863 1297 2933 operationum
1374 2864 1635 2920 identitas
1709 2872 1919 2919 natura:

338 2954 782 3010 communionem
832 2955 1125 3026 signiﬁcat.
1179 2955 1308 3010 Sive
1355 2955 1523 3027 igitur
1577 2971 1777 3011 nomen
1832 2963 1917 3010 est

340 3045 675 3114 operationis
728 3045 1024 3112 divinitas;
1079 3055 1141 3101 ut
1180 3062 1346 3101 unam
1391 3045 1573 3103 Patris
1598 3055 1653 3102 et
1694 3045 1819 3101 Filii
1862 3054 1917 3101 et

341 3132 585 3206 Spiritus
616 3137 794 3191 sancti
830 3139 1238 3207 operationem,
1263 3140 1339 3194 ita
1369 3139 1716 3195 divinitatem
1751 3153 1915 3193 unam

343 3242 467 3283 esse
509 3226 786 3282 dicimus:
828 3230 942 3284 sive
993 3230 1301 3287 divinitatis
1364 3247 1562 3287 nomen
1589 3276 1603 3298 ,
1658 3246 1781 3303 qua:
1828 3238 1916 3286 est

340 3316 640 3372 multorum
673 3318 880 3390 Opinio,
919 3330 1170 3375 naturam
1207 3321 1452 3390 indicat;
1489 3325 1616 3393 quia
1648 3323 1799 3377 nulla
1826 3323 1915 3377 in-

341 3409 561 3464 venitur
594 3410 648 3464 in
676 3418 873 3465 natura
900 3411 1235 3478 diversitas,
1289 3430 1399 3468 non
1433 3415 1708 3471 immerito
1752 3415 1916 3472 unius

338 3501 647 3558 divinitatis
675 3517 798 3559 esse
837 3511 1084 3559 sanctam
1123 3503 1449 3562 Trinitatem
1491 3506 1805 3566 deﬁnimus.

448 3659 495 3691 δ’
530 3656 698 3713 Exod.
726 3674 824 3723 vn,
865 3660 914 3714 l.

417 3812 976 3888 (l§)Xstp_ct-om_t_1j.
1023 3815 1102 3870 Ita
1157 3829 1292 3871 mss.
1342 3819 1576 3888 septem.
1632 3810 1915 3888 Editiones

340 3881 532 3958 Basilii
565 3894 619 3942 et
653 3881 828 3958 '_Greg.
864 3881 1039 3958 ‘Nyss.
1061 3957 1064 3958 ν
1086 3881 1424 3958 χειροτονία,
1463 3890 1691 3958 excepta
1740 3881 1918 3953 Haga-

342 3956 538 4012 noensi
569 3964 624 4011 et
652 3954 953 4026 Basileens‘i
989 3954 1191 4026 prima,
1237 3969 1358 4025 qua:
1401 3954 1757 4026 consentiunt
1787 3967 1913 4007 cum

340 4027 627 4083 codicibus
656 4041 791 4081 mss.
820 4022 1089 4081 Similiter
1123 4022 1359 4079 Basilius
1388 4026 1443 4078 in
1476 4023 1637 4094 epist.
1671 4022 1725 4082 8.
1758 4038 1913 4076 num.

344 4100 434 4160 11,
475 4097 818 4152 demonstrat
864 4096 1143 4152 immerito
1192 4094 1286 4150 Dei
1333 4092 1553 4149 titulum
1587 4092 1918 4146 Pneumato-

341 4168 568 4222 macbos
613 4166 828 4222 deferre
883 4166 1026 4221 nolle
1080 4165 1307 4236 Spiritui
1364 4171 1591 4229 sancto;
1648 4162 1916 4236 siquidem

342 4238 438 4292 Dei
474 4251 674 4291 nomen
709 4251 773 4290 ex
805 4233 1146 4304 operatione}
1176 4250 1370 4304 nempe
1398 4251 1464 4289 ea:
1495 4251 1555 4288 eo
1576 4233 1717 4304 quod
1735 4247 1920 4300 posue-

343 4308 415 4360 rit
447 4307 646 4370 omnia,
674 4306 750 4359 uel
779 4303 971 4373 spectet
1002 4308 1202 4371 omnia,
1235 4303 1540 4360 deducitur.
1575 4303 1635 4358 Si
1665 4306 1787 4373 quis
1816 4317 1917 4355 au-

2022 1856 2193 1927 αὐτῆς
2230 1857 2331 1928 τῆς
2351 1855 2566 1926 φύσεως
2593 1858 2723 1928 περὶ
2746 1857 2812 1929 ἢν
2844 1856 2920 1910 τὰ
2941 1857 3201 1928 ὀνόματα,
3226 1859 3288 1911 οὑ
3308 1859 3401 1913 τὸν
3434 1858 3595 1914 αὐτὸν

2017 1947 2341 2020 ἀμφοτέρων
2373 1946 2646 2001 ἀποδώσει
2685 1947 2864 2016 λόγον.
2900 1939 2999 2000 Ὧν
3036 1947 3094 2001 δὲ
3124 1948 3154 2000 ὀ
3194 1947 3350 2016 λόγος
3384 1948 3593 2021 ἔτερος,

2017 2039 2224 2094 τούτων
2275 2039 2370 2093 καὶ
2400 2041 2434 2111 ἡ
2470 2037 2633 2109 φύσις
2671 2038 2946 2111 διάφορος.
2984 2038 3191 2095 οὐκοῦν
3233 2039 3362 2094 ἄλλο
3415 2041 3516 2112 μέν
3541 2041 3595 2097 τί

2016 2132 2163 2185 ἐστιν
2186 2132 2220 2202 ἡ
2248 2131 2425 2196 οὐσία,
2447 2126 2517 2204 ἦς
2543 2129 2696 2184 οὔπω
2715 2128 2871 2198 λόγος
2892 2129 3002 2201 (16)
3028 2130 3272 2202 μηνυτὴς
3296 2130 3558 2202 ἐξευρέθη
3574 2149 3590 2162 ·

2019 2222 2181 2295 ἐτέρα
2229 2222 2286 2276 δὲ
2318 2221 2428 2276 τῶν
2471 2222 2600 2294 περὶ
2646 2221 2818 2292 αὐτὴν
2855 2221 3133 2292 ὀνομάτων
3164 2223 3197 2287 ἡ
3233 2222 3506 2293 σημασία,
3536 2223 3596 2287 ἐξ

2017 2315 2297 2387 ἐνεργείας
2343 2314 2488 2377 τινὸς
2531 2313 2564 2384 ἢ
2604 2313 2763 2380 ἀξίας
2794 2313 3233 2385 ὀνομαζομένων.
3267 2314 3341 2367 Τὸ
3372 2316 3470 2386 μὲν
3501 2310 3596 2368 οὖν

2020 2408 2078 2460 ἐν
2105 2409 2225 2469 ταῖς
2255 2405 2561 2477 ἐνεργείαις
2592 2405 2862 2477 μηδεμίαν
2897 2401 3034 2459 εἶναι
3084 2405 3348 2478 διαφορὰν
3398 2408 3465 2460 ἐκ
3494 2406 3597 2478 τῆς

2018 2497 2126 2551 τῶν
2161 2497 2443 2568 ὀνομάτων
2479 2496 2766 2560 κοινωνίας
2810 2495 3173 2568 εὑρίσκομεν·
3226 2497 3325 2568 τῆς
3362 2497 3422 2549 δὲ
3453 2497 3593 2550 κατὰ

2018 2590 2116 2662 τὴν
2167 2589 2327 2660 φύσιν
2394 2588 2750 2660 παραλλαγῆς
2805 2588 3060 2659 οὐδεμίαν
3102 2589 3594 2661 καταλαμϐάνομεν

2018 2681 2222 2754 ἐναργῆ
2244 2681 2343 2752 τὴν
2369 2681 2640 2746 ἀπόδειξιν
2665 2696 2683 2714 ο
2713 2680 2899 2744 καθὼς
2926 2679 3165 2753 εἴρηται,
3186 2681 3285 2753 τῆς
3305 2681 3417 2734 τῶν
3447 2682 3593 2752 ἐνερ-

2017 2768 2181 2838 γειῶν
2212 2768 2546 2838 ταυτότητος
2574 2769 2635 2822 τὸ
2682 2767 2862 2822 κοινὸν
2900 2770 2998 2840 τῆς
3028 2770 3245 2838 φύσεως
3282 2772 3593 2840 ,ὑποσημαί-

2018 2860 2217 2933 νούσης
2261 2860 2393 2933 (17).
2432 2862 2554 2915 Εἴτε
2599 2856 2690 2916 οὖν
2746 2862 3029 2933 ἐνεργείας
3067 2862 3238 2931 ὄνομα
3283 2864 3316 2933 ἠ
3365 2862 3589 2931 θεότης,

2025 2954 2103 3017 ὡς
2126 2953 2256 3022 μίαν
2286 2953 2565 3025 ἐνέργειαν
2587 2952 2799 3022 Πατρὸς
2828 2952 2922 3004 καὶ
2954 2950 3080 3005 Υἱοῦ
3119 2953 3211 3005 καί¹
3242 2951 3398 3020 ἁγίου
3426 2952 3593 3005 Πνεῦ-

2022 3062 2213 3117 ματος,
2252 3044 2396 3099 οὕτω
2446 3044 2576 3116 μίαν
2610 3044 2790 3115 φαμὲν
2841 3040 2979 3097 εἶναι
3015 3044 3116 3114 τὴν
3167 3042 3396 3116 θεότητα
3442 3043 3590 3113 (18)·

2024 3138 2154 3202 εἴτε,
2186 3134 2326 3189 κατὰ
2371 3133 2470 3198 τὰς
2497 3132 2606 3188 τῶν
2650 3131 2860 3186 πολλῶν
2915 3131 3109 3199 δόξας,
3165 3130 3377 3201 φύσεως
3429 3132 3594 3186 ἐνδει-

2022 3231 2205 3286 κτικόν
2274 3231 2389 3282 ἐστι
2461 3229 2523 3282 τὸ
2570 3228 2668 3309 τῆς
2712 3226 2965 3298 θεότητος
3016 3226 3217 3298 ὄνομα·
3264 3225 3353 3278 διὰ
3389 3226 3450 3279 τὸ
3491 3243 3595 3295 μη-

2019 3321 2211 3391 δεμίαν
2276 3319 2549 3389 εὑρίσκειν
2596 3318 2654 3369 ἐν
2707 3318 2773 3388 τῇ
2825 3317 2985 3385 φύσει
3046 3314 3435 3386 παραλλαγὴν,
3495 3316 3598 3368 οὐκ

2021 3413 2327 3477 ἀπεικότως
2374 3413 2506 3484 μιᾶς
2550 3409 2806 3481 θεότητος
2845 3409 2944 3481 τὴν
2989 3407 3147 3478 ἁγίαν
3185 3406 3391 3479 Τριάδα
3428 3405 3595 3477 διορι-

2023 3505 2245 3577 ζόμεθα.
2506 3520 2513 3529 ‘

2016 3811 2129 3936 Sey,
2170 3811 2381 3883 είδποτε
2412 3814 2605 3887 καιρὸς
2641 3809 2730 3887 ἦν,
2762 3814 2860 3898 καὶ
2893 3814 3002 3887 ίδίᾳ
3031 3812 3147 3878 τοῖς
3166 3811 3429 3898 ,ἐρωτῶσι
3458 3826 3598 3888 προ-

2056 3900 2210 3936 υιιως
2231 3884 2639 3936 άνωιιολόγησε.
2674 3886 2732 3936 In
2759 3886 2902 3936 libro
2924 3885 3004 3936 De
3033 3884 3239 3936 Spiritu
3264 3894 3449 3936 sancto
3470 3898 3598 3936 nro—

2022 3884 2210 3954 θύμως
2231 3884 2344 3938 άνω
2421 3884 2639 3956 λόγησε.
2667 3884 2732 3940 ’1η
2759 3886 2902 3941 libro
2924 3884 3004 3940 De
3033 3884 3239 3955 Spiritui
3264 3894 3449 3939 sancto
3470 3884 3598 3954 p'ro—

2022 3954 2116 4036 bat
2144 3968 2266 4036 cap.
2298 3901 2683 4036 Spiritum
2706 3970 2830 4011 esse
2850 3953 3145 4036 Dominum
3166 3971 3233 4036 es
3256 3954 3425 4036 variis
3448 3954 3597 4036 Scri-

2022 4023 2588 4095 pturaetestimoniis;
2616 4023 2787 4095 Deum
2811 4027 2975 4079 etiam
3005 4025 3189 4080 vocari
3214 4025 3268 4080 in
3286 4024 3597 4095 Scripturis

2027 4092 2110 4148 Sic
2139 4092 2340 4149 ibidem
2372 4094 2581 4176 docet:
2615 4094 2681 4146 Τί
2708 4094 2789 4162 δὲ,
2815 4096 2844 4148 ὁ
2873 4095 3229 4179 θεόπνευστον
3246 4094 3345 4220 Ἤν
3373 4092 3597 4181 ιῖραφὴν

2027 4163 2329 4220 ὀνομάζων.
2366 4163 2455 4217 διὰ
2487 4182 2586 4220 της
2621 4163 2910 4220 ἐπιπνοίας
2948 4184 3043 4219 του
3082 4166 3239 4220 ἁγίου
3333 4181 3597 4220 νευματος

2024 4163 2329 4233 ὀνομάζων,
2366 4163 2455 4217 διὰ
2487 4165 2586 4236 τῆς
2621 4163 2910 4236 ἐπιπνοίας
2939 4166 3043 4236 τοῦ
3079 4166 3239 4236 άγίου
3281 4163 3597 4236 Πνεύματος

2027 4235 2456 4306 συγγραφεῖσαν,
2493 4234 2568 4306 μὴ
2594 4239 2707 4296 τοῖς
2733 4234 2828 4306 τοῦ
2851 4235 3276 4306 καθυϐρίζοντος
3308 4237 3404 4289 καὶ
3426 4234 3597 4306 καταέ

2027 4253 2456 4304 συγγραφεισαν,
2493 4253 2581 4359 μη)
2594 4253 2707 4296 τοις
2733 4253 2828 4287 του
2851 4253 3276 4358 καυυοὲιςοντος
3308 4253 3596 4317 καιικατατ

2027 4303 2560 4387 σμικρύνοντοςμςδτ.
2605 4305 2958 4387 προσρήμασι
2990 4324 3023 4360 κ
3057 4322 3288 4387 χρηταις
3320 4305 3483 4371 Quid,
3506 4322 3596 4387 qut

344 4386 454 4430 tem
488 4376 630 4430 hanc
652 4372 963 4446 epistOlam,
993 4377 1050 4431 in
1070 4391 1176 4446 qua
1201 4376 1401 4431 diserte
1425 4372 1921 4446 Spiritus’sanctus
1952 4438 1989 4446 η
2026 4372 2361 4446 scripturam
2388 4372 2662 4446 divinitus
2696 4372 3012 4446 inspiratam
3058 4372 3310 4445 appellat,
3354 4393 3414 4430 eo
3450 4372 3593 4445 quod

343 4445 652 4516 appellatur
680 4438 845 4510 Deus,
865 4438 1103 4517 _idcirco'
1131 4446 1395 4517 Gregorio
1424 4438 1674 4517 N'ysseno
1701 4442 1918 4517 adjudi-
1952 4438 1996 4493 D
2026 4438 2208 4517 ama-tu
2253 4444 2488 4514 Spiritus
2532 4445 2732 4517 scripta
2779 4438 2882 4517 sit,
2925 4461 3056 4499 num
3092 4438 3501 4501 contumeliosis
3543 4453 3594 4499 et

344 4513 433 4571 cet
464 4518 646 4586 potius
673 4513 1089 4586 quam_Basilio,
1117 4513 1264 4586 quia'
1280 4513 1513 4570 Basilius
1542 4513 1636 4568 Dei
1674 4513 1914 4586 appella-

342 4582 518 4647 tione,
558 4582 1043 4655 cum'deSpiritu
1084 4582 1278 4641 sancto
1323 4586 1658 4655 loqueretur.
1696 4582 1917 4655 parcius

345 4658 589 4717 creditur
622 4672 758 4711 usus
793 4653 998 4721 fuisse;
1031 4657 1148 4711 hate
1177 4665 1327 4711 certe
1355 4653 1497 4709 ratio
1524 4653 1804 4710 levissima
1836 4653 1909 4706 vi-

344 4728 462 4783 deri
507 4728 688 4781 debet.
730 4725 848 4781 Etsi
895 4726 1039 4802 enim
1074 4725 1332 4802 Basilins_
1359 4725 1412 4779 in
1439 4739 1545 4779 una
1580 4725 1910 4802 aliqua'pra-

342 4802 516 4871 tione,
547 4812 746 4871 nempe
775 4811 921 4850 anno
938 4796 1069 4861 571,
1102 4810 1226 4871 cum
1267 4796 1523 4871 adessent
1548 4793 1801 4871 malevoli
1825 4806 1915 4871 cit-

344 4864 991 4941 ploratores,'hac-_voce
1039 4864 1255 4941 magnis
1301 4865 1367 4920 dc
1412 4865 1595 4941 causis
1618 4864 1911 4941 abstinuit,

344 4934 457 4993 non
510 4938 718 4991 idcirco
774 4936 898 5006 aliis
950 4934 1286 5006 temporibus
1336 4936 1537 5006 pariter
1583 4934 1918 5006 abstinuisse

2022 4512 2710 4582 Spiritumattenuantib’us
2742 4515 2912 4569 verbis
2943 4517 3153 4571 utitur?

2093 4583 2218 4658 (l4)_
2236 4581 2320 4648 Τῷ
2353 4583 2859 4658 mame._Legitur
2905 4584 3000 4658 τοῦ
3043 4585 3242 4658 Φαραώ
3281 4585 3337 4640 in
3380 4582 3594 4658 duobus
3638 4636 3643 4637 ,

2020 4654 2330 4725 codicibus,
2360 4670 2556 4724 nempe
2588 4655 2757 4725 Coisl.
2792 4657 3035 4725 secundo
3064 4654 3259 4711 et'uno
3291 4672 3355 4711 ex
3388 4654 3592 4725 Regiis.

2091 4723 2204 4796 (l5)
2238 4723 2565 4796 Μαθόντες.
2584 4724 2783 4779 ‘Codex
2816 4724 3108 4796 Medic-atus
3139 4723 3522 4796 μανθάνοντες.

2057 4793 2208 4915 ἰ(16)
2244 4794 2455 4862 Λόγος.
2489 4793 2650 4851 Deest
2679 4812 2744 4850 ea
2773 4810 2882 4848 vox
2916 4795 2969 4848 in
3007 4811 3116 4850 uno
3141 4793 3206 4852 ex
3232 4795 3418 4867 Regiis
3446 4795 3595 4850 codi-

2057 4881 2069 4915 I
2116 4880 2199 4915 IIS.

2021 4879 2199 4918 CIDIIS.

2094 4934 2206 5003 (17)
2250 4934 2833 5004 ’Υποσημαινούσης.
2889 4932 3073 4989 Codex
3128 4932 3455 4992 Maedicatus'
3481 4938 3598 4989 ἐπι-

342 5007 654 5064 rredendus
687 5015 792 5062 est.
853 5005 989 5076 Nam
1044 5002 1208 5075 saepe,
1256 5002 1916 5076 uftcstatnr‘Gregorius

2029 5020 2095 5073 ση
2105 5002 2422 5076 μαινούσης.

344 5079 727 5133 Nazianzenus
767 5084 907 5131 orat.
939 5075 1033 5139 ‘20,
1080 5072 1203 5146 pag.
1230 5076 1357 5146 565,
1394 5076 1561 5129 Deum
1595 5072 1858 5146 Spiritum
1892 5086 1925 5125 e

347 5150 634 5218 superiore
667 5147 790 5218 loco
824 5141 1177 5218 praedicabat:
1209 5147 1300 5218 ubi
1332 5143 1428 5215 per
1453 5141 1666 5218 tempus
1694 5141 1916 5218 licebat,

343 5231 397 5270 et
420 5214 688 5288 privatim
724 5214 1197 5286 interrogantibus
1242 5214 1475 5270 libenter
1506 5214 1872 5268 conﬁtebatur
1906 5227 1920 5266 :

357 5288 511 5335 Ἐπεὶ
549 5289 633 5335 ὅτι
671 5303 737 5335 γε.
781 5286 986 5335 παντὸς
1032 5286 1231 5335 μᾶλλον
1260 5286 1379 5335 ἤδει
1416 5285 1479 5335 τὸ
1520 5282 1743 5335 Πνεῦμα
1769 5280 1920 5335 Θεὸν.

357 5284 511 5341 Ἐπεὶ
549 5289 633 5341 ὅτι
671 5303 737 5356 γε
781 5284 986 5351 παντὸς
1032 5286 1231 5358 μᾶλλον
1260 5286 1379 5357 ᾔδει
1416 5285 1479 5338 τὸ
1520 5284 1743 5354 Πνεῦμα
1769 5284 1926 5346 Θεὸν,

343 5358 504 5426 δῆλον
543 5357 642 5429 μὲν
672 5357 733 5421 ἐξ
764 5350 839 5413 ὧν
867 5357 961 5412 καὶ
992 5357 1227 5429 δημοσίᾳ
1254 5354 1412 5410 τοῦτο
1448 5353 1708 5418 πολλάκις
1735 5353 1927 5423 ἐκήρυ-

2098 5072 2211 5148 (18)
2248 5072 2369 5148 1·ὴῇ
2398 5076 2686 5148 peritura.
2736 5072 2975 5148 Legitur
3005 5077 3099 5129 καὶ
3136 5074 3235 5148 τὴν
3277 5076 3506 5148 θεότητα
3542 5076 3595 5130 in

2028 5145 2203 5217 tribus
2236 5146 2519 5217 codicibus
2547 5161 2656 5200 non
2688 5144 3111 5217 antiquissimis.
3138 5144 3229 5217 Sic
3250 5144 3598 5217 etiam'paulo

2026 5223 2155 5289 post
2188 5216 2252 5289 in
2285 5213 2459 5289 Regio
2501 5214 2745 5289 secundo
2788 5213 2844 5273 et
2886 5231 2996 5272 uno
3027 5233 3093 5274 ex
3138 5214 3326 5289 Regiis
3369 5213 3483 5271 εἴτε
3512 5218 3600 5271 καί

2029 5285 2172 5340 κατὰ
2199 5284 2298 5351 τὰς
2317 5284 2426 5339 τῶν
2456 5285 2682 5339 πολλῶν.
