  <div class='ocr_page' id='page_1' title='image "/cluster/home/n/w/nwhite01/storage/ocr_20150623/32/mdp.39015011915462/363.png"; bbox 0 0 3948 6214; ppageno 0'>
   <div class='ocr_carea' id='block_1_1' title="bbox 340 332 451 389">
    <p class='ocr_par' dir='ltr' id='par_1_1' title="bbox 340 332 451 389">
     <span class='ocr_line' id='line_1_1' title="bbox 340 332 451 389; baseline 0 0"><span class='ocrx_word' id='word_1_1' title='bbox 340 332 451 389; x_wconf 76' lang='lat'><strong>699</strong></span> 
     </span>
    </p>
   </div>
   <div class='ocr_carea' id='block_1_2' title="bbox 1680 332 2279 395">
    <p class='ocr_par' dir='ltr' id='par_1_2' title="bbox 1680 332 2279 395">
     <span class='ocr_line' id='line_1_2' title="bbox 1680 332 2279 395; baseline -0.007 -2"><span class='ocrx_word' id='word_1_2' title='bbox 1680 334 1743 395; x_wconf 73' lang='grc'>8.</span> <span class='ocrx_word' id='word_1_3' title='bbox 1782 332 2024 393; x_wconf 80' lang='lat' dir='ltr'><strong>BASILII</strong></span> <span class='ocrx_word' id='word_1_4' title='bbox 2062 332 2279 390; x_wconf 74' lang='lat' dir='ltr'><strong>MAGNI</strong></span> 
     </span>
    </p>
   </div>
   <div class='ocr_carea' id='block_1_3' title="bbox 3495 332 3601 394">
    <p class='ocr_par' dir='ltr' id='par_1_3' title="bbox 3495 332 3601 394">
     <span class='ocr_line' id='line_1_3' title="bbox 3495 332 3601 394; baseline 0.019 -2"><span class='ocrx_word' id='word_1_5' title='bbox 3495 332 3601 394; x_wconf 74' lang='grc' dir='ltr'><strong>τοο</strong></span> 
     </span>
    </p>
   </div>
   <div class='ocr_carea' id='block_1_4' title="bbox 347 441 1932 522">
    <p class='ocr_par' dir='ltr' id='par_1_4' title="bbox 347 445 1926 522">
     <span class='ocr_line' id='line_1_4' title="bbox 347 445 1926 522; baseline 0.003 -21"><span class='ocrx_word' id='word_1_6' title='bbox 347 453 549 513; x_wconf 81' lang='lat' dir='ltr'><strong>curet,</strong></span> <span class='ocrx_word' id='word_1_7' title='bbox 609 453 670 500; x_wconf 91' lang='lat' dir='ltr'><strong>ut</strong></span> <span class='ocrx_word' id='word_1_8' title='bbox 731 445 1227 504; x_wconf 88' lang='lat' dir='ltr'><strong>circumscribatur</strong></span> <span class='ocrx_word' id='word_1_9' title='bbox 1281 447 1597 505; x_wconf 84' lang='lat' dir='ltr'><strong>lsaurorum</strong></span> <span class='ocrx_word' id='word_1_10' title='bbox 1666 452 1926 522; x_wconf 86' lang='lat' dir='ltr'><strong>episcopo</strong></span> 
     </span>
    </p>
   </div>
   <div class='ocr_carea' id='block_1_5' title="bbox 2035 441 3597 522">
    <p class='ocr_par' dir='ltr' id='par_1_5' title="bbox 2035 441 3597 522">
     <span class='ocr_line' id='line_1_5' title="bbox 2035 441 3597 522; baseline 0.002 -20"><span class='ocrx_word' id='word_1_11' title='bbox 2035 449 2089 502; x_wconf 72' lang='grc' dir='ltr'>δὲ</span> <span class='ocrx_word' id='word_1_12' title='bbox 2121 447 2283 503; x_wconf 81' lang='grc' dir='ltr'><strong>τοῦτο</strong></span> <span class='ocrx_word' id='word_1_13' title='bbox 2311 446 2450 519; x_wconf 77' lang='grc' dir='ltr'><strong>βαρὺ</strong></span> <span class='ocrx_word' id='word_1_14' title='bbox 2482 441 2540 520; x_wconf 77' lang='grc' dir='ltr'>ᾗ,</span> <span class='ocrx_word' id='word_1_15' title='bbox 2564 448 2661 502; x_wconf 79' lang='grc' dir='ltr'><strong>καὶ</strong></span> <span class='ocrx_word' id='word_1_16' title='bbox 2696 448 2726 501; x_wconf 85' lang='grc' dir='ltr'>ὀ</span> <span class='ocrx_word' id='word_1_17' title='bbox 2754 446 2947 520; x_wconf 82' lang='grc' dir='ltr'>χρόνος</span> <span class='ocrx_word' id='word_1_18' title='bbox 2989 447 3065 520; x_wconf 76' lang='grc' dir='ltr'><strong>μή</strong></span> <span class='ocrx_word' id='word_1_19' title='bbox 3097 448 3390 522; x_wconf 68' lang='grc' dir='ltr'><strong>ἐπιτρέπῃ.</strong></span> <span class='ocrx_word' id='word_1_20' title='bbox 3426 450 3597 505; x_wconf 67' lang='lat' dir='ltr'><strong>tacetve</strong></span> 
     </span>
    </p>
   </div>
   <div class='ocr_carea' id='block_1_6' title="bbox 352 537 1923 611">
    <p class='ocr_par' dir='ltr' id='par_1_6' title="bbox 352 537 1923 611">
     <span class='ocr_line' id='line_1_6' title="bbox 352 537 1923 611; baseline 0.003 -18"><span class='ocrx_word' id='word_1_21' title='bbox 352 554 489 593; x_wconf 84' lang='lat' dir='ltr'><strong>suus</strong></span> <span class='ocrx_word' id='word_1_22' title='bbox 516 537 783 603; x_wconf 79' lang='lat' dir='ltr'><strong>circulus,</strong></span> <span class='ocrx_word' id='word_1_23' title='bbox 840 552 911 594; x_wconf 91' lang='lat' dir='ltr'><strong>eo</strong></span> <span class='ocrx_word' id='word_1_24' title='bbox 948 539 1096 607; x_wconf 86' lang='lat' dir='ltr'><strong>quod</strong></span> <span class='ocrx_word' id='word_1_25' title='bbox 1136 539 1348 596; x_wconf 89' lang='lat' dir='ltr'><strong>vicinos</strong></span> <span class='ocrx_word' id='word_1_26' title='bbox 1378 541 1647 611; x_wconf 89' lang='lat' dir='ltr'><strong>quosdam</strong></span> <span class='ocrx_word' id='word_1_27' title='bbox 1685 542 1923 599; x_wconf 78' lang='lat' dir='ltr'><strong>ordinet.</strong></span> 
     </span>
    </p>
   </div>
   <div class='ocr_carea' id='block_1_7' title="bbox 341 628 1930 703">
    <p class='ocr_par' dir='ltr' id='par_1_7' title="bbox 341 628 1930 703">
     <span class='ocr_line' id='line_1_7' title="bbox 341 628 1930 703; baseline 0.004 -20"><span class='ocrx_word' id='word_1_28' title='bbox 341 628 648 700; x_wconf 64' lang='lat' dir='ltr'><strong>Reliquum</strong></span> <span class='ocrx_word' id='word_1_29' title='bbox 680 637 864 686; x_wconf 88' lang='lat' dir='ltr'><strong>autem</strong></span> <span class='ocrx_word' id='word_1_30' title='bbox 912 630 1078 703; x_wconf 72' lang='lat'><strong>283</strong></span> <span class='ocrx_word' id='word_1_31' title='bbox 1128 631 1288 688; x_wconf 87' lang='lat' dir='ltr'><strong>nobis</strong></span> <span class='ocrx_word' id='word_1_32' title='bbox 1314 642 1654 689; x_wconf 86' lang='lat' dir='ltr'><strong>reservatum</strong></span> <span class='ocrx_word' id='word_1_33' title='bbox 1682 633 1789 689; x_wconf 89' lang='lat' dir='ltr'><strong>erit</strong></span> <span class='ocrx_word' id='word_1_34' title='bbox 1811 673 1827 697; x_wconf 94' lang='lat'><strong>,</strong></span> <span class='ocrx_word' id='word_1_35' title='bbox 1872 646 1930 690; x_wconf 92' lang='lat' dir='ltr'><strong>ut</strong></span> 
     </span>
    </p>
   </div>
   <div class='ocr_carea' id='block_1_8' title="bbox 352 722 1928 795">
    <p class='ocr_par' dir='ltr' id='par_1_8' title="bbox 352 722 1928 795">
     <span class='ocr_line' id='line_1_8' title="bbox 352 722 1928 795; baseline 0.004 -19"><span class='ocrx_word' id='word_1_36' title='bbox 352 722 582 793; x_wconf 87' lang='lat' dir='ltr'><strong>reliquis</strong></span> <span class='ocrx_word' id='word_1_37' title='bbox 612 722 870 778; x_wconf 90' lang='lat' dir='ltr'><strong>omnibus</strong></span> <span class='ocrx_word' id='word_1_38' title='bbox 916 723 1210 795; x_wconf 81' lang='lat' dir='ltr'><strong>episcopos</strong></span> <span class='ocrx_word' id='word_1_39' title='bbox 1257 724 1453 781; x_wconf 86' lang='lat' dir='ltr'><strong>demus</strong></span> <span class='ocrx_word' id='word_1_40' title='bbox 1477 766 1493 793; x_wconf 95' lang='lat'><strong>,</strong></span> <span class='ocrx_word' id='word_1_41' title='bbox 1521 741 1661 795; x_wconf 90' lang='lat' dir='ltr'><strong>quos</strong></span> <span class='ocrx_word' id='word_1_42' title='bbox 1693 728 1928 782; x_wconf 81' lang='lat' dir='ltr'><strong>maxime</strong></span> 
     </span>
    </p>
   </div>
   <div class='ocr_carea' id='block_1_9' title="bbox 353 814 1931 889">
    <p class='ocr_par' dir='ltr' id='par_1_9' title="bbox 353 814 1931 889">
     <span class='ocr_line' id='line_1_9' title="bbox 353 814 1931 889; baseline 0.003 -19"><span class='ocrx_word' id='word_1_43' title='bbox 353 814 582 874; x_wconf 85' lang='lat' dir='ltr'><strong>ido&#39;neos</strong></span> <span class='ocrx_word' id='word_1_44' title='bbox 629 815 734 887; x_wconf 88' lang='lat' dir='ltr'><strong>ipsi</strong></span> <span class='ocrx_word' id='word_1_45' title='bbox 781 815 1220 889; x_wconf 76' lang='lat' dir='ltr'><strong>iudicaverimus</strong></span> <span class='ocrx_word' id='word_1_46' title='bbox 1269 817 1443 875; x_wconf 88' lang='lat' dir='ltr'><strong>multo</strong></span> <span class='ocrx_word' id='word_1_47' title='bbox 1489 818 1739 876; x_wconf 81' lang='lat' dir='ltr'><strong>examine</strong></span> <span class='ocrx_word' id='word_1_48' title='bbox 1790 834 1931 888; x_wconf 73' lang='lat' dir='ltr'><strong>pra:—</strong></span> 
     </span>
    </p>
   </div>
   <div class='ocr_carea' id='block_1_10' title="bbox 353 920 548 961">
    <p class='ocr_par' dir='ltr' id='par_1_10' title="bbox 353 920 548 961">
     <span class='ocr_line' id='line_1_10' title="bbox 353 920 548 961; baseline -0.005 0"><span class='ocrx_word' id='word_1_49' title='bbox 353 920 548 961; x_wconf 82' lang='lat' dir='ltr'><strong>nusso.</strong></span> 
     </span>
    </p>
   </div>
   <div class='ocr_carea' id='block_1_11' title="bbox 422 1163 1929 1246">
    <p class='ocr_par' dir='ltr' id='par_1_11' title="bbox 422 1163 1929 1246">
     <span class='ocr_line' id='line_1_11' title="bbox 422 1163 1929 1246; baseline 0.004 -20"><span class='ocrx_word' id='word_1_50' title='bbox 422 1169 482 1226; x_wconf 72' lang='lat'><strong>2.</strong></span> <span class='ocrx_word' id='word_1_51' title='bbox 513 1169 811 1243; x_wconf 86' lang='lat' dir='ltr'><strong>Georgium</strong></span> <span class='ocrx_word' id='word_1_52' title='bbox 837 1215 853 1239; x_wconf 96' lang='lat'><strong>,</strong></span> <span class='ocrx_word' id='word_1_53' title='bbox 888 1173 1193 1245; x_wconf 61' lang='lat' dir='ltr'><strong>utpietas:</strong></span> <span class='ocrx_word' id='word_1_54' title='bbox 1223 1182 1318 1230; x_wconf 90' lang='lat' dir='ltr'><strong>tua</strong></span> <span class='ocrx_word' id='word_1_55' title='bbox 1355 1163 1564 1244; x_wconf 77' lang='lat' dir='ltr'><strong>jussit,</strong></span> <span class='ocrx_word' id='word_1_56' title='bbox 1619 1177 1929 1246; x_wconf 79' lang='lat' dir='ltr'><strong>percontati</strong></span> 
     </span>
    </p>
   </div>
   <div class='ocr_carea' id='block_1_12' title="bbox 350 1265 1931 1339">
    <p class='ocr_par' dir='ltr' id='par_1_12' title="bbox 350 1265 1931 1339">
     <span class='ocr_line' id='line_1_12' title="bbox 350 1265 1931 1339; baseline 0.001 -17"><span class='ocrx_word' id='word_1_57' title='bbox 350 1278 590 1322; x_wconf 62' lang='lat' dir='ltr'><strong>sumus:</strong></span> <span class='ocrx_word' id='word_1_58' title='bbox 635 1265 921 1335; x_wconf 86' lang='lat' dir='ltr'><strong>respondit</strong></span> <span class='ocrx_word' id='word_1_59' title='bbox 955 1275 1138 1321; x_wconf 88' lang='lat' dir='ltr'><strong>autem</strong></span> <span class='ocrx_word' id='word_1_60' title='bbox 1169 1280 1236 1322; x_wconf 90' lang='lat' dir='ltr'><strong>ea</strong></span> <span class='ocrx_word' id='word_1_61' title='bbox 1265 1280 1388 1336; x_wconf 72' lang='lat' dir='ltr'><strong>quae</strong></span> <span class='ocrx_word' id='word_1_62' title='bbox 1420 1276 1514 1321; x_wconf 84' lang='lat' dir='ltr'><strong>tua</strong></span> <span class='ocrx_word' id='word_1_63' title='bbox 1541 1266 1706 1322; x_wconf 91' lang='lat' dir='ltr'><strong>etiam</strong></span> <span class='ocrx_word' id='word_1_64' title='bbox 1740 1269 1931 1339; x_wconf 76' lang='lat' dir='ltr'><strong>religio</strong></span> 
     </span>
    </p>
   </div>
   <div class='ocr_carea' id='block_1_13' title="bbox 355 1360 1932 1432">
    <p class='ocr_par' dir='ltr' id='par_1_13' title="bbox 355 1360 1932 1432">
     <span class='ocr_line' id='line_1_13' title="bbox 355 1360 1932 1432; baseline 0.001 -15"><span class='ocrx_word' id='word_1_65' title='bbox 355 1360 582 1427; x_wconf 88' lang='lat' dir='ltr'><strong>retulit;</strong></span> <span class='ocrx_word' id='word_1_66' title='bbox 622 1360 719 1417; x_wconf 89' lang='lat' dir='ltr'><strong>sed</strong></span> <span class='ocrx_word' id='word_1_67' title='bbox 750 1360 818 1417; x_wconf 91' lang='lat' dir='ltr'><strong>de</strong></span> <span class='ocrx_word' id='word_1_68' title='bbox 845 1360 931 1416; x_wconf 86' lang='lat' dir='ltr'><strong>his</strong></span> <span class='ocrx_word' id='word_1_69' title='bbox 953 1360 1119 1417; x_wconf 85' lang='lat' dir='ltr'><strong>rebus</strong></span> <span class='ocrx_word' id='word_1_70' title='bbox 1147 1375 1378 1423; x_wconf 86' lang='lat' dir='ltr'><strong>necesse</strong></span> <span class='ocrx_word' id='word_1_71' title='bbox 1417 1369 1502 1417; x_wconf 90' lang='lat' dir='ltr'><strong>est</strong></span> <span class='ocrx_word' id='word_1_72' title='bbox 1530 1361 1720 1432; x_wconf 86' lang='lat' dir='ltr'><strong>quieto</strong></span> <span class='ocrx_word' id='word_1_73' title='bbox 1748 1363 1932 1418; x_wconf 88' lang='lat' dir='ltr'><strong>animo</strong></span> 
     </span>
    </p>
   </div>
   <div class='ocr_carea' id='block_1_14' title="bbox 357 1450 1926 1523">
    <p class='ocr_par' dir='ltr' id='par_1_14' title="bbox 357 1450 1926 1523">
     <span class='ocr_line' id='line_1_14' title="bbox 357 1450 1926 1523; baseline 0 -15"><span class='ocrx_word' id='word_1_74' title='bbox 357 1452 566 1514; x_wconf 77' lang='lat' dir='ltr'><strong>simus,</strong></span> <span class='ocrx_word' id='word_1_75' title='bbox 608 1467 798 1508; x_wconf 86' lang='lat' dir='ltr'><strong>curam</strong></span> <span class='ocrx_word' id='word_1_76' title='bbox 848 1452 1047 1509; x_wconf 90' lang='lat' dir='ltr'><strong>domus</strong></span> <span class='ocrx_word' id='word_1_77' title='bbox 1103 1452 1163 1507; x_wconf 89' lang='lat' dir='ltr'><strong>in</strong></span> <span class='ocrx_word' id='word_1_78' title='bbox 1219 1450 1512 1507; x_wconf 88' lang='lat' dir='ltr'><strong>Dominum</strong></span> <span class='ocrx_word' id='word_1_79' title='bbox 1554 1452 1926 1523; x_wconf 86' lang='lat' dir='ltr'><strong>projicientes.</strong></span> 
     </span>
    </p>
   </div>
   <div class='ocr_carea' id='block_1_15' title="bbox 354 1543 1933 1610">
    <p class='ocr_par' dir='ltr' id='par_1_15' title="bbox 354 1543 1933 1610">
     <span class='ocr_line' id='line_1_15' title="bbox 354 1543 1933 1610; baseline -0.002 -9"><span class='ocrx_word' id='word_1_80' title='bbox 354 1543 589 1602; x_wconf 73' lang='lat' dir='ltr'><strong>Confido</strong></span> <span class='ocrx_word' id='word_1_81' title='bbox 615 1544 763 1601; x_wconf 89' lang='lat' dir='ltr'><strong>enim</strong></span> <span class='ocrx_word' id='word_1_82' title='bbox 804 1543 915 1599; x_wconf 88' lang='lat' dir='ltr'><strong>Deo</strong></span> <span class='ocrx_word' id='word_1_83' title='bbox 950 1552 1145 1601; x_wconf 89' lang='lat' dir='ltr'><strong>saneto</strong></span> <span class='ocrx_word' id='word_1_84' title='bbox 1169 1583 1185 1610; x_wconf 94' lang='lat'><strong>,</strong></span> <span class='ocrx_word' id='word_1_85' title='bbox 1217 1543 1474 1599; x_wconf 87' lang='lat' dir='ltr'><strong>daturum</strong></span> <span class='ocrx_word' id='word_1_86' title='bbox 1522 1543 1674 1598; x_wconf 92' lang='lat' dir='ltr'><strong>illum</strong></span> <span class='ocrx_word' id='word_1_87' title='bbox 1729 1545 1933 1599; x_wconf 87' lang='lat' dir='ltr'><strong>intelli-</strong></span> 
     </span>
    </p>
   </div>
   <div class='ocr_carea' id='block_1_16' title="bbox 351 1636 1929 1709">
    <p class='ocr_par' dir='ltr' id='par_1_16' title="bbox 351 1636 1929 1709">
     <span class='ocr_line' id='line_1_16' title="bbox 351 1636 1929 1709; baseline 0 -16"><span class='ocrx_word' id='word_1_88' title='bbox 351 1636 597 1709; x_wconf 80' lang='lat' dir='ltr'><strong>gentiam</strong></span> <span class='ocrx_word' id='word_1_89' title='bbox 624 1676 641 1701; x_wconf 94' lang='lat'><strong>,</strong></span> <span class='ocrx_word' id='word_1_90' title='bbox 679 1644 740 1692; x_wconf 92' lang='lat' dir='ltr'><strong>ut</strong></span> <span class='ocrx_word' id='word_1_91' title='bbox 769 1636 879 1691; x_wconf 90' lang='lat' dir='ltr'><strong>alio</strong></span> <span class='ocrx_word' id='word_1_92' title='bbox 908 1636 1072 1692; x_wconf 92' lang='lat' dir='ltr'><strong>modo</strong></span> <span class='ocrx_word' id='word_1_93' title='bbox 1095 1637 1395 1693; x_wconf 86' lang='lat' dir='ltr'><strong>liberemur</strong></span> <span class='ocrx_word' id='word_1_94' title='bbox 1422 1651 1452 1691; x_wconf 90' lang='lat' dir='ltr'><strong>a</strong></span> <span class='ocrx_word' id='word_1_95' title='bbox 1485 1637 1929 1702; x_wconf 89' lang='lat' dir='ltr'><strong>necessitatibus,</strong></span> 
     </span>
    </p>
   </div>
   <div class='ocr_carea' id='block_1_17' title="bbox 350 1726 1933 1797">
    <p class='ocr_par' dir='ltr' id='par_1_17' title="bbox 350 1726 1933 1797">
     <span class='ocr_line' id='line_1_17' title="bbox 350 1726 1933 1797; baseline 0 -14"><span class='ocrx_word' id='word_1_96' title='bbox 350 1734 415 1783; x_wconf 82' lang='lat' dir='ltr'><strong>et</strong></span> <span class='ocrx_word' id='word_1_97' title='bbox 467 1741 697 1782; x_wconf 82' lang='lat' dir='ltr'><strong>vacuam</strong></span> <span class='ocrx_word' id='word_1_98' title='bbox 773 1727 1045 1784; x_wconf 87' lang='lat' dir='ltr'><strong>molestiis</strong></span> <span class='ocrx_word' id='word_1_99' title='bbox 1101 1727 1269 1781; x_wconf 90' lang='lat' dir='ltr'><strong>vitam</strong></span> <span class='ocrx_word' id='word_1_100' title='bbox 1321 1742 1748 1797; x_wconf 87' lang='lat' dir='ltr'><strong>consequamur.</strong></span> <span class='ocrx_word' id='word_1_101' title='bbox 1819 1726 1933 1783; x_wconf 81' lang='lat' dir='ltr'><strong>Hoc</strong></span> 
     </span>
    </p>
   </div>
   <div class='ocr_carea' id='block_1_18' title="bbox 356 1798 2005 1890">
    <p class='ocr_par' dir='ltr' id='par_1_18' title="bbox 356 1798 2005 1890">
     <span class='ocr_line' id='line_1_18' title="bbox 356 1798 2005 1890; baseline 0.001 -16"><span class='ocrx_word' id='word_1_102' title='bbox 356 1827 508 1874; x_wconf 89' lang='lat' dir='ltr'><strong>certe</strong></span> <span class='ocrx_word' id='word_1_103' title='bbox 545 1818 593 1874; x_wconf 85' lang='lat' dir='ltr'><strong>si</strong></span> <span class='ocrx_word' id='word_1_104' title='bbox 640 1817 818 1874; x_wconf 88' lang='lat' dir='ltr'><strong>visum</strong></span> <span class='ocrx_word' id='word_1_105' title='bbox 852 1833 961 1873; x_wconf 88' lang='lat' dir='ltr'><strong>non</strong></span> <span class='ocrx_word' id='word_1_106' title='bbox 1010 1818 1217 1884; x_wconf 84' lang='lat' dir='ltr'><strong>fuerit,</strong></span> <span class='ocrx_word' id='word_1_107' title='bbox 1275 1819 1393 1889; x_wconf 87' lang='lat' dir='ltr'><strong>ipse</strong></span> <span class='ocrx_word' id='word_1_108' title='bbox 1443 1819 1692 1890; x_wconf 77' lang='lat' dir='ltr'><strong>digneris</strong></span> <span class='ocrx_word' id='word_1_109' title='bbox 1738 1819 1805 1874; x_wconf 89' lang='lat' dir='ltr'><strong>ad</strong></span> <span class='ocrx_word' id='word_1_110' title='bbox 1842 1834 1930 1875; x_wconf 90' lang='lat' dir='ltr'><strong>me</strong></span> <span class='ocrx_word' id='word_1_111' title='bbox 1961 1798 2005 1854; x_wconf 76' lang='grc' dir='ltr'><strong>Β</strong></span> 
     </span>
    </p>
   </div>
   <div class='ocr_carea' id='block_1_19' title="bbox 354 1907 1931 1980">
    <p class='ocr_par' dir='ltr' id='par_1_19' title="bbox 354 1907 1931 1980">
     <span class='ocr_line' id='line_1_19' title="bbox 354 1907 1931 1980; baseline 0.001 -18"><span class='ocrx_word' id='word_1_112' title='bbox 354 1907 817 1963; x_wconf 84' lang='lat' dir='ltr'><strong>commentarium</strong></span> <span class='ocrx_word' id='word_1_113' title='bbox 853 1909 1102 1973; x_wconf 89' lang='lat' dir='ltr'><strong>mittere,</strong></span> <span class='ocrx_word' id='word_1_114' title='bbox 1142 1907 1211 1962; x_wconf 92' lang='lat' dir='ltr'><strong>de</strong></span> <span class='ocrx_word' id='word_1_115' title='bbox 1239 1922 1347 1979; x_wconf 90' lang='lat' dir='ltr'><strong>qua</strong></span> <span class='ocrx_word' id='word_1_116' title='bbox 1382 1915 1633 1979; x_wconf 87' lang='lat' dir='ltr'><strong>oporteat</strong></span> <span class='ocrx_word' id='word_1_117' title='bbox 1665 1908 1931 1980; x_wconf 80' lang='lat' dir='ltr'><strong>dignitate</strong></span> 
     </span>
    </p>
   </div>
   <div class='ocr_carea' id='block_1_20' title="bbox 358 1999 1933 2072">
    <p class='ocr_par' dir='ltr' id='par_1_20' title="bbox 358 1999 1933 2072">
     <span class='ocr_line' id='line_1_20' title="bbox 358 1999 1933 2072; baseline 0.002 -19"><span class='ocrx_word' id='word_1_118' title='bbox 358 2014 551 2054; x_wconf 83' lang='lat' dir='ltr'><strong>curant</strong></span> <span class='ocrx_word' id='word_1_119' title='bbox 596 1999 913 2071; x_wconf 85' lang='lat' dir='ltr'><strong>impendere</strong></span> <span class='ocrx_word' id='word_1_120' title='bbox 941 2039 957 2066; x_wconf 95' lang='lat'><strong>,</strong></span> <span class='ocrx_word' id='word_1_121' title='bbox 993 2008 1054 2055; x_wconf 90' lang='lat' dir='ltr'><strong>ut</strong></span> <span class='ocrx_word' id='word_1_122' title='bbox 1101 2001 1206 2056; x_wconf 90' lang='lat' dir='ltr'><strong>hoc</strong></span> <span class='ocrx_word' id='word_1_123' title='bbox 1235 2000 1562 2057; x_wconf 82' lang='lat' dir='ltr'><strong>beneﬁcium</strong></span> <span class='ocrx_word' id='word_1_124' title='bbox 1603 2015 1635 2055; x_wconf 88' lang='lat' dir='ltr'><strong>a</strong></span> <span class='ocrx_word' id='word_1_125' title='bbox 1663 2001 1933 2072; x_wconf 89' lang='lat' dir='ltr'><strong>potentio—</strong></span> 
     </span>
    </p>
   </div>
   <div class='ocr_carea' id='block_1_21' title="bbox 357 2091 1929 2163">
    <p class='ocr_par' dir='ltr' id='par_1_21' title="bbox 357 2091 1929 2163">
     <span class='ocr_line' id='line_1_21' title="bbox 357 2091 1929 2163; baseline 0 -16"><span class='ocrx_word' id='word_1_126' title='bbox 357 2091 512 2147; x_wconf 80' lang='lat' dir='ltr'><strong>ribus</strong></span> <span class='ocrx_word' id='word_1_127' title='bbox 552 2092 866 2163; x_wconf 80' lang='lat' dir='ltr'><strong>quibusque</strong></span> <span class='ocrx_word' id='word_1_128' title='bbox 929 2091 1123 2147; x_wconf 88' lang='lat' dir='ltr'><strong>amicis</strong></span> <span class='ocrx_word' id='word_1_129' title='bbox 1172 2091 1558 2163; x_wconf 75' lang='lat' dir='ltr'><strong>aggrediamur</strong></span> <span class='ocrx_word' id='word_1_130' title='bbox 1600 2107 1929 2163; x_wconf 80' lang='lat' dir='ltr'><strong>exposcere,</strong></span> 
     </span>
    </p>
   </div>
   <div class='ocr_carea' id='block_1_22' title="bbox 358 2184 1932 2257">
    <p class='ocr_par' dir='ltr' id='par_1_22' title="bbox 358 2184 1932 2257">
     <span class='ocr_line' id='line_1_22' title="bbox 358 2184 1932 2257; baseline -0.001 -16"><span class='ocrx_word' id='word_1_131' title='bbox 358 2188 479 2245; x_wconf 80' lang='lat' dir='ltr'><strong>sive</strong></span> <span class='ocrx_word' id='word_1_132' title='bbox 507 2186 711 2257; x_wconf 81' lang='lat' dir='ltr'><strong>gratis.</strong></span> <span class='ocrx_word' id='word_1_133' title='bbox 744 2185 858 2242; x_wconf 90' lang='lat' dir='ltr'><strong>sive</strong></span> <span class='ocrx_word' id='word_1_134' title='bbox 885 2184 1052 2240; x_wconf 88' lang='lat' dir='ltr'><strong>etiam</strong></span> <span class='ocrx_word' id='word_1_135' title='bbox 1099 2185 1320 2240; x_wconf 90' lang='lat' dir='ltr'><strong>modico</strong></span> <span class='ocrx_word' id='word_1_136' title='bbox 1362 2187 1536 2255; x_wconf 90' lang='lat' dir='ltr'><strong>pretio</strong></span> <span class='ocrx_word' id='word_1_137' title='bbox 1559 2223 1576 2249; x_wconf 96' lang='lat'><strong>,</strong></span> <span class='ocrx_word' id='word_1_138' title='bbox 1621 2193 1786 2256; x_wconf 89' lang='lat' dir='ltr'><strong>prout</strong></span> <span class='ocrx_word' id='word_1_139' title='bbox 1824 2184 1932 2239; x_wconf 88' lang='lat' dir='ltr'><strong>Do-</strong></span> 
     </span>
    </p>
   </div>
   <div class='ocr_carea' id='block_1_23' title="bbox 354 2274 1932 2349">
    <p class='ocr_par' dir='ltr' id='par_1_23' title="bbox 354 2274 1932 2349">
     <span class='ocr_line' id='line_1_23' title="bbox 354 2274 1932 2349; baseline 0.001 -16"><span class='ocrx_word' id='word_1_140' title='bbox 354 2278 542 2333; x_wconf 84' lang='lat' dir='ltr'><strong>minus</strong></span> <span class='ocrx_word' id='word_1_141' title='bbox 589 2275 749 2332; x_wconf 88' lang='lat' dir='ltr'><strong>nobis</strong></span> <span class='ocrx_word' id='word_1_142' title='bbox 794 2274 1012 2333; x_wconf 80' lang='lat' dir='ltr'><strong>faverit.</strong></span> <span class='ocrx_word' id='word_1_143' title='bbox 1072 2274 1327 2347; x_wconf 92' lang='lat' dir='ltr'><strong>Scripsi,</strong></span> <span class='ocrx_word' id='word_1_144' title='bbox 1378 2285 1438 2332; x_wconf 92' lang='lat' dir='ltr'><strong>ut</strong></span> <span class='ocrx_word' id='word_1_145' title='bbox 1486 2279 1832 2349; x_wconf 60' lang='lat' dir='ltr'><strong>praecepisti,</strong></span> <span class='ocrx_word' id='word_1_146' title='bbox 1863 2278 1932 2335; x_wconf 88' lang='lat' dir='ltr'><strong>ad</strong></span> 
     </span>
    </p>
   </div>
   <div class='ocr_carea' id='block_1_24' title="bbox 352 2366 1930 2441">
    <p class='ocr_par' dir='ltr' id='par_1_24' title="bbox 352 2366 1930 2441">
     <span class='ocr_line' id='line_1_24' title="bbox 352 2366 1930 2441; baseline 0.001 -18"><span class='ocrx_word' id='word_1_147' title='bbox 352 2368 584 2424; x_wconf 77' lang='lat' dir='ltr'><strong>fratrem</strong></span> <span class='ocrx_word' id='word_1_148' title='bbox 607 2366 905 2423; x_wconf 82' lang='lat' dir='ltr'><strong>Valerium.</strong></span> <span class='ocrx_word' id='word_1_149' title='bbox 951 2367 1063 2425; x_wconf 81' lang='lat' dir='ltr'><strong>Res</strong></span> <span class='ocrx_word' id='word_1_150' title='bbox 1090 2367 1354 2441; x_wconf 81' lang='lat' dir='ltr'><strong>Nysseme</strong></span> <span class='ocrx_word' id='word_1_151' title='bbox 1383 2384 1449 2426; x_wconf 91' lang='lat' dir='ltr'><strong>eo</strong></span> <span class='ocrx_word' id='word_1_152' title='bbox 1488 2371 1544 2425; x_wconf 91' lang='lat' dir='ltr'><strong>in</strong></span> <span class='ocrx_word' id='word_1_153' title='bbox 1591 2378 1738 2426; x_wconf 88' lang='lat' dir='ltr'><strong>statu</strong></span> <span class='ocrx_word' id='word_1_154' title='bbox 1767 2378 1930 2437; x_wconf 91' lang='lat' dir='ltr'><strong>sunt,</strong></span> 
     </span>
    </p>
   </div>
   <div class='ocr_carea' id='block_1_25' title="bbox 350 2460 1933 2534">
    <p class='ocr_par' dir='ltr' id='par_1_25' title="bbox 350 2460 1933 2534">
     <span class='ocr_line' id='line_1_25' title="bbox 350 2460 1933 2534; baseline 0.001 -18"><span class='ocrx_word' id='word_1_155' title='bbox 350 2460 414 2516; x_wconf 80' lang='lat' dir='ltr'><strong>in</strong></span> <span class='ocrx_word' id='word_1_156' title='bbox 448 2475 558 2532; x_wconf 90' lang='lat' dir='ltr'><strong>quo</strong></span> <span class='ocrx_word' id='word_1_157' title='bbox 595 2471 754 2516; x_wconf 88' lang='lat' dir='ltr'><strong>erant</strong></span> <span class='ocrx_word' id='word_1_158' title='bbox 784 2476 815 2514; x_wconf 91' lang='lat' dir='ltr'><strong>a</strong></span> <span class='ocrx_word' id='word_1_159' title='bbox 851 2470 902 2516; x_wconf 92' lang='lat' dir='ltr'><strong>te</strong></span> <span class='ocrx_word' id='word_1_160' title='bbox 934 2462 1143 2516; x_wconf 55' lang='lat' dir='ltr'><strong>relictas</strong></span> <span class='ocrx_word' id='word_1_161' title='bbox 1167 2500 1183 2527; x_wconf 96' lang='lat'><strong>,</strong></span> <span class='ocrx_word' id='word_1_162' title='bbox 1222 2470 1277 2518; x_wconf 92' lang='lat' dir='ltr'><strong>et</strong></span> <span class='ocrx_word' id='word_1_163' title='bbox 1324 2477 1427 2533; x_wconf 90' lang='lat' dir='ltr'><strong>ope</strong></span> <span class='ocrx_word' id='word_1_164' title='bbox 1457 2468 1672 2518; x_wconf 88' lang='lat' dir='ltr'><strong>tuarum</strong></span> <span class='ocrx_word' id='word_1_165' title='bbox 1709 2478 1933 2534; x_wconf 88' lang='lat' dir='ltr'><strong>precum</strong></span> 
     </span>
    </p>
   </div>
   <div class='ocr_carea' id='block_1_26' title="bbox 351 2551 1934 2625">
    <p class='ocr_par' dir='ltr' id='par_1_26' title="bbox 351 2551 1934 2625">
     <span class='ocr_line' id='line_1_26' title="bbox 351 2551 1934 2625; baseline 0.003 -19"><span class='ocrx_word' id='word_1_166' title='bbox 351 2551 559 2607; x_wconf 81' lang='lat' dir='ltr'><strong>cedunt</strong></span> <span class='ocrx_word' id='word_1_167' title='bbox 586 2551 642 2607; x_wconf 90' lang='lat' dir='ltr'><strong>in</strong></span> <span class='ocrx_word' id='word_1_168' title='bbox 676 2551 893 2607; x_wconf 90' lang='lat' dir='ltr'><strong>melius.</strong></span> <span class='ocrx_word' id='word_1_169' title='bbox 920 2551 1123 2607; x_wconf 84' lang='lat' dir='ltr'><strong>Eorum</strong></span> <span class='ocrx_word' id='word_1_170' title='bbox 1159 2561 1343 2608; x_wconf 89' lang='lat' dir='ltr'><strong>autem</strong></span> <span class='ocrx_word' id='word_1_171' title='bbox 1369 2595 1385 2620; x_wconf 90' lang='lat'><strong>,</strong></span> <span class='ocrx_word' id='word_1_172' title='bbox 1417 2553 1511 2625; x_wconf 88' lang='lat' dir='ltr'><strong>qui</strong></span> <span class='ocrx_word' id='word_1_173' title='bbox 1550 2563 1682 2608; x_wconf 90' lang='lat' dir='ltr'><strong>tunc</strong></span> <span class='ocrx_word' id='word_1_174' title='bbox 1710 2569 1740 2606; x_wconf 94' lang='lat' dir='ltr'><strong>a</strong></span> <span class='ocrx_word' id='word_1_175' title='bbox 1772 2553 1934 2610; x_wconf 87' lang='lat' dir='ltr'><strong>nobis</strong></span> 
     </span>
    </p>
   </div>
   <div class='ocr_carea' id='block_1_27' title="bbox 350 2630 1929 2715">
    <p class='ocr_par' dir='ltr' id='par_1_27' title="bbox 350 2630 1929 2715">
     <span class='ocr_line' id='line_1_27' title="bbox 350 2630 1929 2715; baseline -0.001 -17"><span class='ocrx_word' id='word_1_176' title='bbox 350 2643 589 2699; x_wconf 77' lang='lat' dir='ltr'><strong>abscissi</strong></span> <span class='ocrx_word' id='word_1_177' title='bbox 616 2652 768 2708; x_wconf 90' lang='lat' dir='ltr'><strong>sunt,</strong></span> <span class='ocrx_word' id='word_1_178' title='bbox 799 2642 892 2697; x_wconf 88' lang='lat' dir='ltr'><strong>alii</strong></span> <span class='ocrx_word' id='word_1_179' title='bbox 922 2643 1141 2715; x_wconf 84' lang='lat' dir='ltr'><strong>quidem</strong></span> <span class='ocrx_word' id='word_1_180' title='bbox 1168 2644 1237 2698; x_wconf 90' lang='lat' dir='ltr'><strong>ad</strong></span> <span class='ocrx_word' id='word_1_181' title='bbox 1267 2646 1446 2699; x_wconf 87' lang='lat' dir='ltr'><strong>aulam</strong></span> <span class='ocrx_word' id='word_1_182' title='bbox 1467 2661 1526 2701; x_wconf 90' lang='lat' dir='ltr'><strong>se</strong></span> <span class='ocrx_word' id='word_1_183' title='bbox 1557 2630 1929 2711; x_wconf 85' lang='lat' dir='ltr'><strong>contulerunt,</strong></span> 
     </span>
    </p>
   </div>
   <div class='ocr_carea' id='block_1_28' title="bbox 357 2733 1933 2805">
    <p class='ocr_par' dir='ltr' id='par_1_28' title="bbox 357 2733 1933 2805">
     <span class='ocr_line' id='line_1_28' title="bbox 357 2733 1933 2805; baseline 0.003 -19"><span class='ocrx_word' id='word_1_184' title='bbox 357 2733 452 2786; x_wconf 84' lang='lat' dir='ltr'><strong>alii</strong></span> <span class='ocrx_word' id='word_1_185' title='bbox 483 2748 613 2789; x_wconf 90' lang='lat' dir='ltr'><strong>vero</strong></span> <span class='ocrx_word' id='word_1_186' title='bbox 666 2741 986 2799; x_wconf 86' lang='lat' dir='ltr'><strong>remanent,</strong></span> <span class='ocrx_word' id='word_1_187' title='bbox 1034 2733 1162 2790; x_wconf 90' lang='lat' dir='ltr'><strong>inde</strong></span> <span class='ocrx_word' id='word_1_188' title='bbox 1199 2736 1584 2805; x_wconf 74' lang='lat' dir='ltr'><strong>exspectantes</strong></span> <span class='ocrx_word' id='word_1_189' title='bbox 1631 2749 1933 2791; x_wconf 91' lang='lat' dir='ltr'><strong>rumorem.</strong></span> 
     </span>
    </p>
   </div>
   <div class='ocr_carea' id='block_1_29' title="bbox 352 2821 1930 2897">
    <p class='ocr_par' dir='ltr' id='par_1_29' title="bbox 352 2821 1930 2897">
     <span class='ocr_line' id='line_1_29' title="bbox 352 2821 1930 2897; baseline 0 -17"><span class='ocrx_word' id='word_1_190' title='bbox 352 2821 545 2881; x_wconf 75' lang='lat' dir='ltr'><strong>Potest</strong></span> <span class='ocrx_word' id='word_1_191' title='bbox 577 2834 759 2881; x_wconf 86' lang='lat' dir='ltr'><strong>autem</strong></span> <span class='ocrx_word' id='word_1_192' title='bbox 793 2824 1059 2880; x_wconf 91' lang='lat' dir='ltr'><strong>Dominus</strong></span> <span class='ocrx_word' id='word_1_193' title='bbox 1090 2833 1207 2880; x_wconf 91' lang='lat' dir='ltr'><strong>tum</strong></span> <span class='ocrx_word' id='word_1_194' title='bbox 1239 2826 1432 2882; x_wconf 88' lang='lat' dir='ltr'><strong>horum</strong></span> <span class='ocrx_word' id='word_1_195' title='bbox 1462 2842 1614 2897; x_wconf 88' lang='lat' dir='ltr'><strong>spem</strong></span> <span class='ocrx_word' id='word_1_196' title='bbox 1642 2826 1930 2892; x_wconf 79' lang='lat' dir='ltr'><strong>frustrari,</strong></span> 
     </span>
    </p>
   </div>
   <div class='ocr_carea' id='block_1_30' title="bbox 349 2920 1490 2977">
    <p class='ocr_par' dir='ltr' id='par_1_30' title="bbox 349 2920 1490 2977">
     <span class='ocr_line' id='line_1_30' title="bbox 349 2920 1490 2977; baseline 0.003 -3"><span class='ocrx_word' id='word_1_197' title='bbox 349 2925 473 2975; x_wconf 78' lang='lat' dir='ltr'><strong>tum</strong></span> <span class='ocrx_word' id='word_1_198' title='bbox 498 2920 717 2977; x_wconf 87' lang='lat' dir='ltr'><strong>illorum</strong></span> <span class='ocrx_word' id='word_1_199' title='bbox 738 2920 973 2977; x_wconf 86' lang='lat' dir='ltr'><strong>reditum</strong></span> <span class='ocrx_word' id='word_1_200' title='bbox 1001 2921 1216 2976; x_wconf 88' lang='lat' dir='ltr'><strong>irritum</strong></span> <span class='ocrx_word' id='word_1_201' title='bbox 1241 2920 1490 2977; x_wconf 88' lang='lat' dir='ltr'><strong>reddere.</strong></span> 
     </span>
    </p>
   </div>
   <div class='ocr_carea' id='block_1_31' title="bbox 427 3095 2001 3195">
    <p class='ocr_par' dir='ltr' id='par_1_31' title="bbox 427 3095 2001 3195">
     <span class='ocr_line' id='line_1_31' title="bbox 427 3095 2001 3195; baseline 0.002 -42"><span class='ocrx_word' id='word_1_202' title='bbox 427 3095 902 3195; x_wconf 34' lang='lat' dir='ltr'><strong>3._Manna_P.hilo</strong></span> <span class='ocrx_word' id='word_1_203' title='bbox 926 3097 1207 3195; x_wconf 78' lang='lat' dir='ltr'><strong>explicans</strong></span> <span class='ocrx_word' id='word_1_204' title='bbox 1236 3098 1342 3165; x_wconf 88' lang='lat' dir='ltr'><strong>ait,</strong></span> <span class='ocrx_word' id='word_1_205' title='bbox 1373 3098 1519 3154; x_wconf 88' lang='lat' dir='ltr'><strong>velut</strong></span> <span class='ocrx_word' id='word_1_206' title='bbox 1546 3113 1616 3155; x_wconf 79' lang='lat' dir='ltr'><strong>ex</strong></span> <span class='ocrx_word' id='word_1_207' title='bbox 1639 3098 1931 3156; x_wconf 88' lang='lat' dir='ltr'><strong>traditione</strong></span> <span class='ocrx_word' id='word_1_208' title='bbox 1957 3136 2001 3195; x_wconf 61' lang='grc' dir='ltr'>ε</span> 
     </span>
    </p>
   </div>
   <div class='ocr_carea' id='block_1_32' title="bbox 351 3185 1934 3262">
    <p class='ocr_par' dir='ltr' id='par_1_32' title="bbox 351 3185 1934 3262">
     <span class='ocr_line' id='line_1_32' title="bbox 351 3185 1934 3262; baseline 0.004 -22"><span class='ocrx_word' id='word_1_209' title='bbox 351 3185 596 3258; x_wconf 83' lang='lat' dir='ltr'><strong>quadam</strong></span> <span class='ocrx_word' id='word_1_210' title='bbox 633 3185 860 3242; x_wconf 69' lang='lat' dir='ltr'><strong>Iudaica</strong></span> <span class='ocrx_word' id='word_1_211' title='bbox 877 3186 1127 3254; x_wconf 85' lang='lat' dir='ltr'><strong>edoctus,</strong></span> <span class='ocrx_word' id='word_1_212' title='bbox 1146 3188 1292 3244; x_wconf 88' lang='lat' dir='ltr'><strong>illius</strong></span> <span class='ocrx_word' id='word_1_213' title='bbox 1307 3189 1623 3259; x_wconf 84' lang='lat' dir='ltr'><strong>qualitatem</strong></span> <span class='ocrx_word' id='word_1_214' title='bbox 1644 3204 1765 3247; x_wconf 89' lang='lat' dir='ltr'><strong>esse</strong></span> <span class='ocrx_word' id='word_1_215' title='bbox 1784 3190 1934 3262; x_wconf 88' lang='lat' dir='ltr'><strong>ejus-</strong></span> 
     </span>
    </p>
   </div>
   <div class='ocr_carea' id='block_1_33' title="bbox 357 3277 1935 3351">
    <p class='ocr_par' dir='ltr' id='par_1_33' title="bbox 357 3277 1935 3351">
     <span class='ocr_line' id='line_1_33' title="bbox 357 3277 1935 3351; baseline 0.003 -17"><span class='ocrx_word' id='word_1_216' title='bbox 357 3277 506 3334; x_wconf 88' lang='lat' dir='ltr'><strong>modi</strong></span> <span class='ocrx_word' id='word_1_217' title='bbox 528 3315 544 3343; x_wconf 95' lang='lat'><strong>,</strong></span> <span class='ocrx_word' id='word_1_218' title='bbox 592 3286 653 3332; x_wconf 92' lang='lat' dir='ltr'><strong>ut</strong></span> <span class='ocrx_word' id='word_1_219' title='bbox 688 3293 789 3350; x_wconf 90' lang='lat' dir='ltr'><strong>pro</strong></span> <span class='ocrx_word' id='word_1_220' title='bbox 829 3280 1164 3337; x_wconf 88' lang='lat' dir='ltr'><strong>comedentis</strong></span> <span class='ocrx_word' id='word_1_221' title='bbox 1192 3279 1465 3336; x_wconf 89' lang='lat' dir='ltr'><strong>desiderio</strong></span> <span class='ocrx_word' id='word_1_222' title='bbox 1498 3288 1835 3351; x_wconf 87' lang='lat' dir='ltr'><strong>mutaretur;</strong></span> <span class='ocrx_word' id='word_1_223' title='bbox 1869 3298 1935 3339; x_wconf 89' lang='lat' dir='ltr'><strong>ac</strong></span> 
     </span>
    </p>
   </div>
   <div class='ocr_carea' id='block_1_34' title="bbox 354 3372 1934 3444">
    <p class='ocr_par' dir='ltr' id='par_1_34' title="bbox 354 3372 1934 3444">
     <span class='ocr_line' id='line_1_34' title="bbox 354 3372 1934 3444; baseline 0.004 -19"><span class='ocrx_word' id='word_1_224' title='bbox 354 3386 458 3442; x_wconf 85' lang='lat' dir='ltr'><strong>per</strong></span> <span class='ocrx_word' id='word_1_225' title='bbox 504 3386 565 3427; x_wconf 89' lang='lat' dir='ltr'><strong>se</strong></span> <span class='ocrx_word' id='word_1_226' title='bbox 615 3372 833 3442; x_wconf 88' lang='lat' dir='ltr'><strong>quidem</strong></span> <span class='ocrx_word' id='word_1_227' title='bbox 881 3388 1006 3428; x_wconf 90' lang='lat' dir='ltr'><strong>esse</strong></span> <span class='ocrx_word' id='word_1_228' title='bbox 1034 3383 1293 3444; x_wconf 89' lang='lat' dir='ltr'><strong>tanquam</strong></span> <span class='ocrx_word' id='word_1_229' title='bbox 1327 3374 1539 3428; x_wconf 91' lang='lat' dir='ltr'><strong>milium</strong></span> <span class='ocrx_word' id='word_1_230' title='bbox 1588 3375 1734 3430; x_wconf 89' lang='lat' dir='ltr'><strong>melli</strong></span> <span class='ocrx_word' id='word_1_231' title='bbox 1780 3375 1934 3431; x_wconf 88' lang='lat' dir='ltr'><strong>inco-</strong></span> 
     </span>
    </p>
   </div>
   <div class='ocr_carea' id='block_1_35' title="bbox 356 3464 1932 3534">
    <p class='ocr_par' dir='ltr' id='par_1_35' title="bbox 356 3464 1932 3534">
     <span class='ocr_line' id='line_1_35' title="bbox 356 3464 1932 3534; baseline 0.001 -16"><span class='ocrx_word' id='word_1_232' title='bbox 356 3470 544 3528; x_wconf 73' lang='lat' dir='ltr'><strong>ctum;</strong></span> <span class='ocrx_word' id='word_1_233' title='bbox 577 3478 726 3519; x_wconf 92' lang='lat' dir='ltr'><strong>nune</strong></span> <span class='ocrx_word' id='word_1_234' title='bbox 773 3469 955 3519; x_wconf 88' lang='lat' dir='ltr'><strong>autem</strong></span> <span class='ocrx_word' id='word_1_235' title='bbox 1008 3464 1189 3534; x_wconf 87' lang='lat' dir='ltr'><strong>panis,</strong></span> <span class='ocrx_word' id='word_1_236' title='bbox 1222 3479 1372 3519; x_wconf 88' lang='lat' dir='ltr'><strong>nunc</strong></span> <span class='ocrx_word' id='word_1_237' title='bbox 1400 3464 1584 3520; x_wconf 90' lang='lat' dir='ltr'><strong>carnis</strong></span> <span class='ocrx_word' id='word_1_238' title='bbox 1624 3465 1799 3521; x_wconf 90' lang='lat' dir='ltr'><strong>vicem</strong></span> <span class='ocrx_word' id='word_1_239' title='bbox 1831 3482 1932 3521; x_wconf 81' lang='lat' dir='ltr'><strong>ex-</strong></span> 
     </span>
    </p>
   </div>
   <div class='ocr_carea' id='block_1_36' title="bbox 353 3549 1931 3628">
    <p class='ocr_par' dir='ltr' id='par_1_36' title="bbox 353 3549 1931 3628">
     <span class='ocr_line' id='line_1_36' title="bbox 353 3549 1931 3628; baseline 0.003 -20"><span class='ocrx_word' id='word_1_240' title='bbox 353 3555 547 3628; x_wconf 82' lang='lat' dir='ltr'><strong>plere:</strong></span> <span class='ocrx_word' id='word_1_241' title='bbox 575 3554 759 3612; x_wconf 91' lang='lat' dir='ltr'><strong>carnis</strong></span> <span class='ocrx_word' id='word_1_242' title='bbox 787 3564 999 3621; x_wconf 89' lang='lat' dir='ltr'><strong>autem,</strong></span> <span class='ocrx_word' id='word_1_243' title='bbox 1032 3557 1116 3611; x_wconf 90' lang='lat' dir='ltr'><strong>vel</strong></span> <span class='ocrx_word' id='word_1_244' title='bbox 1147 3549 1447 3611; x_wconf 76' lang='lat' dir='ltr'><strong>volatilium</strong></span> <span class='ocrx_word' id='word_1_245' title='bbox 1476 3558 1560 3612; x_wconf 86' lang='lat' dir='ltr'><strong>vel</strong></span> <span class='ocrx_word' id='word_1_246' title='bbox 1595 3556 1931 3613; x_wconf 88' lang='lat' dir='ltr'><strong>terrestrium</strong></span> 
     </span>
    </p>
   </div>
   <div class='ocr_carea' id='block_1_37' title="bbox 355 3646 1930 3719">
    <p class='ocr_par' dir='ltr' id='par_1_37' title="bbox 355 3646 1930 3719">
     <span class='ocr_line' id='line_1_37' title="bbox 355 3646 1930 3719; baseline 0.001 -17"><span class='ocrx_word' id='word_1_247' title='bbox 355 3646 674 3702; x_wconf 81' lang='lat' dir='ltr'><strong>animalium</strong></span> <span class='ocrx_word' id='word_1_248' title='bbox 711 3665 724 3703; x_wconf 90' lang='lat'><strong>:</strong></span> <span class='ocrx_word' id='word_1_249' title='bbox 762 3646 925 3702; x_wconf 90' lang='lat' dir='ltr'><strong>modo</strong></span> <span class='ocrx_word' id='word_1_250' title='bbox 953 3647 1116 3702; x_wconf 90' lang='lat' dir='ltr'><strong>etiam</strong></span> <span class='ocrx_word' id='word_1_251' title='bbox 1149 3648 1359 3704; x_wconf 90' lang='lat' dir='ltr'><strong>olerum</strong></span> <span class='ocrx_word' id='word_1_252' title='bbox 1392 3663 1639 3719; x_wconf 91' lang='lat' dir='ltr'><strong>saporem</strong></span> <span class='ocrx_word' id='word_1_253' title='bbox 1686 3648 1891 3706; x_wconf 79' lang='lat' dir='ltr'><strong>referre</strong></span> <span class='ocrx_word' id='word_1_254' title='bbox 1914 3688 1930 3714; x_wconf 91' lang='lat'><strong>,</strong></span> 
     </span>
    </p>
   </div>
   <div class='ocr_carea' id='block_1_38' title="bbox 352 3736 1931 3809">
    <p class='ocr_par' dir='ltr' id='par_1_38' title="bbox 352 3736 1931 3809">
     <span class='ocr_line' id='line_1_38' title="bbox 352 3736 1931 3809; baseline -0.002 -14"><span class='ocrx_word' id='word_1_255' title='bbox 352 3736 523 3808; x_wconf 73' lang='lat' dir='ltr'><strong>idque</strong></span> <span class='ocrx_word' id='word_1_256' title='bbox 561 3753 659 3809; x_wconf 92' lang='lat' dir='ltr'><strong>pro</strong></span> <span class='ocrx_word' id='word_1_257' title='bbox 697 3736 1136 3807; x_wconf 87' lang='lat' dir='ltr'><strong>uniuscujusque</strong></span> <span class='ocrx_word' id='word_1_258' title='bbox 1192 3736 1509 3794; x_wconf 87' lang='lat' dir='ltr'><strong>desiderio:</strong></span> <span class='ocrx_word' id='word_1_259' title='bbox 1555 3737 1790 3809; x_wconf 84' lang='lat' dir='ltr'><strong>piscium</strong></span> <span class='ocrx_word' id='word_1_260' title='bbox 1835 3738 1931 3793; x_wconf 87' lang='lat' dir='ltr'><strong>iti-</strong></span> 
     </span>
    </p>
   </div>
   <div class='ocr_carea' id='block_1_39' title="bbox 351 3827 1933 3901">
    <p class='ocr_par' dir='ltr' id='par_1_39' title="bbox 351 3827 1933 3901">
     <span class='ocr_line' id='line_1_39' title="bbox 351 3827 1933 3901; baseline 0.001 -15"><span class='ocrx_word' id='word_1_261' title='bbox 351 3827 676 3896; x_wconf 61' lang='grc' dir='ltr'>(κω,εάεο</span> <span class='ocrx_word' id='word_1_262' title='bbox 720 3837 782 3884; x_wconf 91' lang='lat' dir='ltr'><strong>ut</strong></span> <span class='ocrx_word' id='word_1_263' title='bbox 822 3829 1129 3900; x_wconf 86' lang='lat' dir='ltr'><strong>proprietas</strong></span> <span class='ocrx_word' id='word_1_264' title='bbox 1173 3830 1455 3899; x_wconf 88' lang='lat' dir='ltr'><strong>qualitatis</strong></span> <span class='ocrx_word' id='word_1_265' title='bbox 1498 3830 1933 3901; x_wconf 85' lang='lat' dir='ltr'><strong>uniuscujusque</strong></span> 
     </span>
    </p>
   </div>
   <div class='ocr_carea' id='block_1_40' title="bbox 426 3983 1927 4057">
    <p class='ocr_par' dir='ltr' id='par_1_40' title="bbox 426 3983 1927 4057">
     <span class='ocr_line' id='line_1_40' title="bbox 426 3983 1927 4057; baseline 0.003 -20"><span class='ocrx_word' id='word_1_266' title='bbox 426 3985 541 4057; x_wconf 71' lang='grc'><strong>(28)</strong></span> <span class='ocrx_word' id='word_1_267' title='bbox 578 3985 663 4053; x_wconf 82' lang='grc' dir='ltr'><strong>Τῷ</strong></span> <span class='ocrx_word' id='word_1_268' title='bbox 686 3986 1012 4057; x_wconf 22' lang='grc' dir='ltr'><strong>έἸσαύρῳν.</strong></span> <span class='ocrx_word' id='word_1_269' title='bbox 1043 3986 1120 4040; x_wconf 85' lang='lat' dir='ltr'><strong>lla</strong></span> <span class='ocrx_word' id='word_1_270' title='bbox 1162 3983 1297 4054; x_wconf 78' lang='lat' dir='ltr'><strong>Reg.</strong></span> <span class='ocrx_word' id='word_1_271' title='bbox 1337 3986 1615 4042; x_wconf 87' lang='lat' dir='ltr'><strong>secundus</strong></span> <span class='ocrx_word' id='word_1_272' title='bbox 1661 3992 1729 4057; x_wconf 80' lang='lat' dir='ltr'><strong>et</strong></span> <span class='ocrx_word' id='word_1_273' title='bbox 1758 3984 1927 4042; x_wconf 82' lang='lat' dir='ltr'><strong>Coisl.</strong></span> 
     </span>
    </p>
   </div>
   <div class='ocr_carea' id='block_1_41' title="bbox 354 4055 1929 4127">
    <p class='ocr_par' dir='ltr' id='par_1_41' title="bbox 354 4055 1929 4127">
     <span class='ocr_line' id='line_1_41' title="bbox 354 4055 1929 4127; baseline -0.001 -14"><span class='ocrx_word' id='word_1_274' title='bbox 354 4055 657 4127; x_wconf 79' lang='lat' dir='ltr'><strong>seettndus.</strong></span> <span class='ocrx_word' id='word_1_275' title='bbox 684 4056 826 4110; x_wconf 87' lang='lat' dir='ltr'><strong>Editi</strong></span> <span class='ocrx_word' id='word_1_276' title='bbox 853 4055 929 4127; x_wconf 85' lang='grc' dir='ltr'><strong>τῷ</strong></span> <span class='ocrx_word' id='word_1_277' title='bbox 971 4057 1215 4126; x_wconf 81' lang='grc' dir='ltr'><strong>Ἰσαύρῳ.</strong></span> <span class='ocrx_word' id='word_1_278' title='bbox 1260 4056 1485 4111; x_wconf 77' lang='lat' dir='ltr'><strong>Videtur</strong></span> <span class='ocrx_word' id='word_1_279' title='bbox 1518 4055 1929 4123; x_wconf 78' lang='lat' dir='ltr'><strong>Amphilochius</strong></span> 
     </span>
    </p>
   </div>
   <div class='ocr_carea' id='block_1_42' title="bbox 354 4126 1927 4189">
    <p class='ocr_par' dir='ltr' id='par_1_42' title="bbox 354 4126 1927 4189">
     <span class='ocr_line' id='line_1_42' title="bbox 354 4126 1927 4189; baseline -0.002 -7"><span class='ocrx_word' id='word_1_280' title='bbox 354 4130 462 4182; x_wconf 83' lang='lat' dir='ltr'><strong>hoc</strong></span> <span class='ocrx_word' id='word_1_281' title='bbox 481 4126 666 4184; x_wconf 88' lang='lat' dir='ltr'><strong>Basilii</strong></span> <span class='ocrx_word' id='word_1_282' title='bbox 683 4126 970 4181; x_wconf 87' lang='lat' dir='ltr'><strong>consilium</strong></span> <span class='ocrx_word' id='word_1_283' title='bbox 996 4138 1219 4181; x_wconf 88' lang='lat' dir='ltr'><strong>secutus</strong></span> <span class='ocrx_word' id='word_1_284' title='bbox 1241 4143 1385 4189; x_wconf 89' lang='lat' dir='ltr'><strong>esse,</strong></span> <span class='ocrx_word' id='word_1_285' title='bbox 1415 4127 1466 4181; x_wconf 91' lang='lat' dir='ltr'><strong>id</strong></span> <span class='ocrx_word' id='word_1_286' title='bbox 1491 4135 1596 4189; x_wconf 90' lang='lat' dir='ltr'><strong>est,</strong></span> <span class='ocrx_word' id='word_1_287' title='bbox 1617 4127 1927 4180; x_wconf 88' lang='lat' dir='ltr'><strong>Isaurorum</strong></span> 
     </span>
    </p>
   </div>
   <div class='ocr_carea' id='block_1_43' title="bbox 351 4197 1926 4267">
    <p class='ocr_par' dir='ltr' id='par_1_43' title="bbox 351 4197 1926 4267">
     <span class='ocr_line' id='line_1_43' title="bbox 351 4197 1926 4267; baseline -0.001 -15"><span class='ocrx_word' id='word_1_288' title='bbox 351 4198 619 4267; x_wconf 66' lang='lat' dir='ltr'><strong>episcorm</strong></span> <span class='ocrx_word' id='word_1_289' title='bbox 659 4213 818 4251; x_wconf 87' lang='lat' dir='ltr'><strong>suum</strong></span> <span class='ocrx_word' id='word_1_290' title='bbox 853 4197 1119 4251; x_wconf 85' lang='lat' dir='ltr'><strong>circulum</strong></span> <span class='ocrx_word' id='word_1_291' title='bbox 1165 4197 1687 4266; x_wconf 85' lang='lat' dir='ltr'><strong>circumscripsisse,</strong></span> <span class='ocrx_word' id='word_1_292' title='bbox 1722 4211 1786 4250; x_wconf 88' lang='lat' dir='ltr'><strong>ac</strong></span> <span class='ocrx_word' id='word_1_293' title='bbox 1821 4197 1926 4250; x_wconf 88' lang='lat' dir='ltr'><strong>sibi</strong></span> 
     </span>
    </p>
   </div>
   <div class='ocr_carea' id='block_1_44' title="bbox 353 4267 1929 4337">
    <p class='ocr_par' dir='ltr' id='par_1_44' title="bbox 353 4267 1929 4337">
     <span class='ocr_line' id='line_1_44' title="bbox 353 4267 1929 4337; baseline -0.001 -17"><span class='ocrx_word' id='word_1_294' title='bbox 353 4268 447 4337; x_wconf 90' lang='lat' dir='ltr'><strong>jus</strong></span> <span class='ocrx_word' id='word_1_295' title='bbox 475 4279 820 4337; x_wconf 74' lang='lat' dir='ltr'><strong>episcopatus</strong></span> <span class='ocrx_word' id='word_1_296' title='bbox 855 4268 908 4319; x_wconf 90' lang='lat' dir='ltr'><strong>in</strong></span> <span class='ocrx_word' id='word_1_297' title='bbox 937 4268 1060 4337; x_wconf 86' lang='lat' dir='ltr'><strong>aliis</strong></span> <span class='ocrx_word' id='word_1_298' title='bbox 1089 4267 1405 4322; x_wconf 77' lang='lat' dir='ltr'><strong>civitatibus</strong></span> <span class='ocrx_word' id='word_1_299' title='bbox 1440 4267 1762 4324; x_wconf 86' lang='lat' dir='ltr'><strong>restituendi</strong></span> <span class='ocrx_word' id='word_1_300' title='bbox 1798 4267 1929 4337; x_wconf 48' lang='lat' dir='ltr'><strong>retif</strong></span> 
     </span>
    </p>
   </div>
   <div class='ocr_carea' id='block_1_45' title="bbox 359 4335 1929 4406">
    <p class='ocr_par' dir='ltr' id='par_1_45' title="bbox 359 4335 1929 4406">
     <span class='ocr_line' id='line_1_45' title="bbox 359 4335 1929 4406; baseline -0.002 -15"><span class='ocrx_word' id='word_1_301' title='bbox 359 4335 567 4392; x_wconf 79' lang='lat' dir='ltr'><strong>nuisse.</strong></span> <span class='ocrx_word' id='word_1_302' title='bbox 620 4336 753 4390; x_wconf 85' lang='lat' dir='ltr'><strong>Nam</strong></span> <span class='ocrx_word' id='word_1_303' title='bbox 805 4351 930 4389; x_wconf 89' lang='lat' dir='ltr'><strong>cum</strong></span> <span class='ocrx_word' id='word_1_304' title='bbox 983 4336 1334 4392; x_wconf 75' lang='lat' dir='ltr'><strong>Macedonius</strong></span> <span class='ocrx_word' id='word_1_305' title='bbox 1381 4339 1667 4406; x_wconf 60' lang='lat' dir='ltr'><strong>principum</strong></span> <span class='ocrx_word' id='word_1_306' title='bbox 1721 4335 1929 4390; x_wconf 86' lang='lat' dir='ltr'><strong>civitati</strong></span> 
     </span>
    </p>
   </div>
   <div class='ocr_carea' id='block_1_46' title="bbox 360 4407 1930 4477">
    <p class='ocr_par' dir='ltr' id='par_1_46' title="bbox 360 4407 1930 4477">
     <span class='ocr_line' id='line_1_46' title="bbox 360 4407 1930 4477; baseline -0.001 -16"><span class='ocrx_word' id='word_1_307' title='bbox 360 4415 637 4477; x_wconf 75' lang='lat' dir='ltr'><strong>praeesset.</strong></span> <span class='ocrx_word' id='word_1_308' title='bbox 676 4416 736 4460; x_wconf 91' lang='lat' dir='ltr'><strong>ut</strong></span> <span class='ocrx_word' id='word_1_309' title='bbox 787 4407 1114 4476; x_wconf 84' lang='lat' dir='ltr'><strong>perspicitur</strong></span> <span class='ocrx_word' id='word_1_310' title='bbox 1152 4424 1219 4461; x_wconf 82' lang='lat' dir='ltr'><strong>ex</strong></span> <span class='ocrx_word' id='word_1_311' title='bbox 1268 4410 1424 4462; x_wconf 86' lang='lat' dir='ltr'><strong>initio</strong></span> <span class='ocrx_word' id='word_1_312' title='bbox 1469 4409 1715 4477; x_wconf 71' lang='lat' dir='ltr'><strong>epistola:</strong></span> <span class='ocrx_word' id='word_1_313' title='bbox 1757 4409 1930 4460; x_wconf 71' lang='lat' dir='ltr'><strong>tertia:</strong></span> 
     </span>
    </p>
   </div>
   <div class='ocr_carea' id='block_1_47' title="bbox 2031 536 3598 614">
    <p class='ocr_par' dir='ltr' id='par_1_47' title="bbox 2031 536 3598 614">
     <span class='ocr_line' id='line_1_47' title="bbox 2031 536 3598 614; baseline -0.002 -22"><span class='ocrx_word' id='word_1_314' title='bbox 2031 537 2394 593; x_wconf 82' lang='grc' dir='ltr'><strong>σπουδασάτω</strong></span> <span class='ocrx_word' id='word_1_315' title='bbox 2422 538 2456 609; x_wconf 81' lang='grc' dir='ltr'>ὴ</span> <span class='ocrx_word' id='word_1_316' title='bbox 2496 537 2566 609; x_wconf 84' lang='grc' dir='ltr'><strong>σὴ</strong></span> <span class='ocrx_word' id='word_1_317' title='bbox 2606 536 2844 606; x_wconf 82' lang='grc' dir='ltr'><strong>σύνεσις,</strong></span> <span class='ocrx_word' id='word_1_318' title='bbox 2871 538 2967 592; x_wconf 81' lang='grc' dir='ltr'><strong>τοῦ</strong></span> <span class='ocrx_word' id='word_1_319' title='bbox 3004 538 3229 611; x_wconf 83' lang='grc' dir='ltr'><strong>ποιῆσαι</strong></span> <span class='ocrx_word' id='word_1_320' title='bbox 3263 542 3598 614; x_wconf 69' lang='grc' dir='ltr'><strong>περιγράψαι</strong></span> 
     </span>
    </p>
   </div>
   <div class='ocr_carea' id='block_1_48' title="bbox 2028 627 3597 705">
    <p class='ocr_par' dir='ltr' id='par_1_48' title="bbox 2028 627 3597 705">
     <span class='ocr_line' id='line_1_48' title="bbox 2028 627 3597 705; baseline 0.003 -23"><span class='ocrx_word' id='word_1_321' title='bbox 2028 628 2107 700; x_wconf 81' lang='grc' dir='ltr'><strong>τῷ</strong></span> <span class='ocrx_word' id='word_1_322' title='bbox 2140 628 2403 700; x_wconf 82' lang='grc' dir='ltr'><strong>Ἰσαύρων</strong></span> <span class='ocrx_word' id='word_1_323' title='bbox 2432 627 2546 700; x_wconf 73' lang='lat'><strong>(‘28)</strong></span> <span class='ocrx_word' id='word_1_324' title='bbox 2576 628 2671 684; x_wconf 80' lang='grc' dir='ltr'><strong>τὸν</strong></span> <span class='ocrx_word' id='word_1_325' title='bbox 2709 629 2841 683; x_wconf 88' lang='grc' dir='ltr'>ῐδιον</span> <span class='ocrx_word' id='word_1_326' title='bbox 2877 628 3099 695; x_wconf 82' lang='grc' dir='ltr'><strong>κύκλον,</strong></span> <span class='ocrx_word' id='word_1_327' title='bbox 3134 630 3227 685; x_wconf 83' lang='grc' dir='ltr'>διὰ</span> <span class='ocrx_word' id='word_1_328' title='bbox 3269 632 3332 685; x_wconf 82' lang='grc' dir='ltr'><strong>τὸ</strong></span> <span class='ocrx_word' id='word_1_329' title='bbox 3360 650 3597 705; x_wconf 86' lang='grc' dir='ltr'><strong>χειροτο-</strong></span> 
     </span>
    </p>
   </div>
   <div class='ocr_carea' id='block_1_49' title="bbox 2029 720 3601 796">
    <p class='ocr_par' dir='ltr' id='par_1_49' title="bbox 2029 720 3601 796">
     <span class='ocr_line' id='line_1_49' title="bbox 2029 720 3601 796; baseline 0.003 -21"><span class='ocrx_word' id='word_1_330' title='bbox 2029 721 2189 792; x_wconf 87' lang='grc' dir='ltr'><strong>νῆσαι</strong></span> <span class='ocrx_word' id='word_1_331' title='bbox 2219 721 2381 776; x_wconf 77' lang='grc' dir='ltr'><strong>αὑτὸν</strong></span> <span class='ocrx_word' id='word_1_332' title='bbox 2433 720 2757 792; x_wconf 84' lang='grc' dir='ltr'><strong>προσοίκους</strong></span> <span class='ocrx_word' id='word_1_333' title='bbox 2787 720 2958 785; x_wconf 87' lang='grc' dir='ltr'><strong>τινάς.</strong></span> <span class='ocrx_word' id='word_1_334' title='bbox 3004 720 3079 775; x_wconf 82' lang='grc' dir='ltr'><strong>Τὸ</strong></span> <span class='ocrx_word' id='word_1_335' title='bbox 3118 721 3177 776; x_wconf 85' lang='grc' dir='ltr'>δὲ</span> <span class='ocrx_word' id='word_1_336' title='bbox 3224 723 3424 795; x_wconf 74' lang='grc' dir='ltr'><strong>ἑφεξῆς</strong></span> <span class='ocrx_word' id='word_1_337' title='bbox 3469 728 3601 796; x_wconf 54' lang='grc' dir='ltr'><strong>ἡμῖν</strong></span> 
     </span>
    </p>
   </div>
   <div class='ocr_carea' id='block_1_50' title="bbox 2031 810 3601 885">
    <p class='ocr_par' dir='ltr' id='par_1_50' title="bbox 2031 810 3601 885">
     <span class='ocr_line' id='line_1_50' title="bbox 2031 810 3601 885; baseline 0.001 -19"><span class='ocrx_word' id='word_1_338' title='bbox 2031 810 2263 884; x_wconf 82' lang='grc' dir='ltr'><strong>ὑπάρξει</strong></span> <span class='ocrx_word' id='word_1_339' title='bbox 2296 811 2739 883; x_wconf 86' lang='grc' dir='ltr'><strong>τεταμιευμένον,</strong></span> <span class='ocrx_word' id='word_1_340' title='bbox 2773 813 2855 876; x_wconf 82' lang='grc' dir='ltr'><strong>είς</strong></span> <span class='ocrx_word' id='word_1_341' title='bbox 2880 812 2943 865; x_wconf 84' lang='grc' dir='ltr'><strong>τὸ</strong></span> <span class='ocrx_word' id='word_1_342' title='bbox 2968 813 3113 867; x_wconf 82' lang='grc' dir='ltr'><strong>κατὰ</strong></span> <span class='ocrx_word' id='word_1_343' title='bbox 3135 812 3227 867; x_wconf 84' lang='grc' dir='ltr'><strong>τὸν</strong></span> <span class='ocrx_word' id='word_1_344' title='bbox 3256 816 3601 885; x_wconf 83' lang='grc' dir='ltr'><strong>προσήκοντα</strong></span> 
     </span>
    </p>
   </div>
   <div class='ocr_carea' id='block_1_51' title="bbox 2033 903 3601 974">
    <p class='ocr_par' dir='ltr' id='par_1_51' title="bbox 2033 903 3601 974">
     <span class='ocr_line' id='line_1_51' title="bbox 2033 903 3601 974; baseline 0.003 -17"><span class='ocrx_word' id='word_1_345' title='bbox 2033 903 2224 974; x_wconf 84' lang='grc' dir='ltr'>καιρὸν</span> <span class='ocrx_word' id='word_1_346' title='bbox 2260 903 2445 958; x_wconf 82' lang='grc' dir='ltr'>δοῦναι</span> <span class='ocrx_word' id='word_1_347' title='bbox 2475 905 2614 958; x_wconf 81' lang='grc' dir='ltr'><strong>πᾶσι</strong></span> <span class='ocrx_word' id='word_1_348' title='bbox 2639 906 2754 965; x_wconf 81' lang='grc' dir='ltr'><strong>τοῖς</strong></span> <span class='ocrx_word' id='word_1_349' title='bbox 2790 903 2997 967; x_wconf 85' lang='grc' dir='ltr'>λοιποῖς</span> <span class='ocrx_word' id='word_1_350' title='bbox 3030 906 3384 971; x_wconf 76' lang='grc' dir='ltr'><strong>ἐπισκόπους,</strong></span> <span class='ocrx_word' id='word_1_351' title='bbox 3414 905 3511 971; x_wconf 84' lang='grc' dir='ltr'><strong>οὓς</strong></span> <span class='ocrx_word' id='word_1_352' title='bbox 3540 905 3601 962; x_wconf 55' lang='grc' dir='ltr'><strong>ἂν</strong></span> 
     </span>
    </p>
   </div>
   <div class='ocr_carea' id='block_1_52' title="bbox 1980 992 3601 1070">
    <p class='ocr_par' dir='ltr' id='par_1_52' title="bbox 1980 992 3601 1070">
     <span class='ocr_line' id='line_1_52' title="bbox 1980 992 3601 1070; baseline 0.01 -25"><span class='ocrx_word' id='word_1_353' title='bbox 1980 992 2015 1027; x_wconf 75' lang='grc'><strong>⁸</strong></span> <span class='ocrx_word' id='word_1_354' title='bbox 2034 995 2400 1067; x_wconf 80' lang='grc' dir='ltr'><strong>κυριωτέρους</strong></span> <span class='ocrx_word' id='word_1_355' title='bbox 2429 995 2542 1067; x_wconf 74' lang='lat'><strong>(29)</strong></span> <span class='ocrx_word' id='word_1_356' title='bbox 2586 992 2724 1049; x_wconf 75' lang='grc' dir='ltr'><strong>εἶναι</strong></span> <span class='ocrx_word' id='word_1_357' title='bbox 2762 995 3038 1067; x_wconf 86' lang='grc' dir='ltr'><strong>κρίνωμεν</strong></span> <span class='ocrx_word' id='word_1_358' title='bbox 3068 995 3244 1064; x_wconf 75' lang='grc' dir='ltr'><strong>αὐτοὶ,</strong></span> <span class='ocrx_word' id='word_1_359' title='bbox 3271 996 3361 1050; x_wconf 77' lang='grc' dir='ltr'><strong>διὰ</strong></span> <span class='ocrx_word' id='word_1_360' title='bbox 3402 996 3601 1070; x_wconf 73' lang='grc' dir='ltr'><strong>πολλῆς</strong></span> 
     </span>
    </p>
   </div>
   <div class='ocr_carea' id='block_1_53' title="bbox 2031 1086 2774 1158">
    <p class='ocr_par' dir='ltr' id='par_1_53' title="bbox 2031 1086 2774 1158">
     <span class='ocr_line' id='line_1_53' title="bbox 2031 1086 2774 1158; baseline -0.001 -18"><span class='ocrx_word' id='word_1_361' title='bbox 2031 1086 2336 1154; x_wconf 79' lang='grc' dir='ltr'><strong>ἐξετάσεως</strong></span> <span class='ocrx_word' id='word_1_362' title='bbox 2359 1086 2774 1158; x_wconf 83' lang='grc' dir='ltr'><strong>δοκιμάσαντες.</strong></span> 
     </span>
    </p>
   </div>
   <div class='ocr_carea' id='block_1_54' title="bbox 2101 1175 3581 1250">
    <p class='ocr_par' dir='ltr' id='par_1_54' title="bbox 2101 1175 3581 1250">
     <span class='ocr_line' id='line_1_54' title="bbox 2101 1175 3581 1250; baseline 0.001 -19"><span class='ocrx_word' id='word_1_363' title='bbox 2101 1176 2160 1232; x_wconf 78' lang='lat'><strong>2.</strong></span> <span class='ocrx_word' id='word_1_364' title='bbox 2197 1178 2593 1249; x_wconf 82' lang='grc' dir='ltr'><strong>Ἥρωτήσαμεν</strong></span> <span class='ocrx_word' id='word_1_365' title='bbox 2624 1175 2915 1247; x_wconf 84' lang='grc' dir='ltr'><strong>Γεώργιον,</strong></span> <span class='ocrx_word' id='word_1_366' title='bbox 2946 1176 3023 1241; x_wconf 78' lang='grc' dir='ltr'><strong>ὡς</strong></span> <span class='ocrx_word' id='word_1_367' title='bbox 3053 1175 3393 1250; x_wconf 75' lang='grc' dir='ltr'><strong>ἐκέλευσενή</strong></span> <span class='ocrx_word' id='word_1_368' title='bbox 3424 1176 3581 1232; x_wconf 75' lang='grc' dir='ltr'><strong>θεοσέ</strong></span> 
     </span>
    </p>
   </div>
   <div class='ocr_carea' id='block_1_55' title="bbox 2031 1265 3596 1340">
    <p class='ocr_par' dir='ltr' id='par_1_55' title="bbox 2031 1265 3596 1340">
     <span class='ocr_line' id='line_1_55' title="bbox 2031 1265 3596 1340; baseline 0 -18"><span class='ocrx_word' id='word_1_369' title='bbox 2031 1268 2156 1325; x_wconf 76' lang='grc' dir='ltr'><strong>ϐειά</strong></span> <span class='ocrx_word' id='word_1_370' title='bbox 2183 1286 2299 1333; x_wconf 87' lang='grc' dir='ltr'>σου,</span> <span class='ocrx_word' id='word_1_371' title='bbox 2333 1269 2428 1322; x_wconf 74' lang='grc' dir='ltr'><strong>καὶ</strong></span> <span class='ocrx_word' id='word_1_372' title='bbox 2470 1265 2622 1322; x_wconf 85' lang='grc' dir='ltr'><strong>εἶπεν</strong></span> <span class='ocrx_word' id='word_1_373' title='bbox 2644 1268 2680 1324; x_wconf 76' lang='grc' dir='ltr'><strong>ἃ</strong></span> <span class='ocrx_word' id='word_1_374' title='bbox 2714 1269 2806 1322; x_wconf 74' lang='grc' dir='ltr'><strong>καὶ</strong></span> <span class='ocrx_word' id='word_1_375' title='bbox 2834 1271 2867 1339; x_wconf 80' lang='grc' dir='ltr'>ἡ</span> <span class='ocrx_word' id='word_1_376' title='bbox 2900 1268 2966 1339; x_wconf 80' lang='grc' dir='ltr'><strong>σὴ</strong></span> <span class='ocrx_word' id='word_1_377' title='bbox 3005 1268 3259 1323; x_wconf 78' lang='grc' dir='ltr'><strong>εὐλάϐεια</strong></span> <span class='ocrx_word' id='word_1_378' title='bbox 3283 1269 3596 1340; x_wconf 76' lang='grc' dir='ltr'>ἀνήνεγκεν.</span> 
     </span>
    </p>
   </div>
   <div class='ocr_carea' id='block_1_56' title="bbox 2031 1356 3593 1432">
    <p class='ocr_par' dir='ltr' id='par_1_56' title="bbox 2031 1356 3593 1432">
     <span class='ocr_line' id='line_1_56' title="bbox 2031 1356 3593 1432; baseline -0.002 -18"><span class='ocrx_word' id='word_1_379' title='bbox 2031 1362 2118 1432; x_wconf 77' lang='grc' dir='ltr'><strong>ἐφ’</strong></span> <span class='ocrx_word' id='word_1_380' title='bbox 2142 1356 2225 1425; x_wconf 75' lang='grc' dir='ltr'><strong>οἷς</strong></span> <span class='ocrx_word' id='word_1_381' title='bbox 2256 1360 2473 1432; x_wconf 74' lang='grc' dir='ltr'>ἀνάγκη</span> <span class='ocrx_word' id='word_1_382' title='bbox 2508 1361 2657 1432; x_wconf 81' lang='grc' dir='ltr'><strong>ἡμᾶς</strong></span> <span class='ocrx_word' id='word_1_383' title='bbox 2684 1361 2785 1431; x_wconf 71' lang='grc' dir='ltr'><strong>τὴν</strong></span> <span class='ocrx_word' id='word_1_384' title='bbox 2818 1358 3046 1432; x_wconf 75' lang='grc' dir='ltr'><strong>ἡσυχίαν</strong></span> <span class='ocrx_word' id='word_1_385' title='bbox 3075 1360 3252 1429; x_wconf 81' lang='grc' dir='ltr'><strong>ἄγειν,</strong></span> <span class='ocrx_word' id='word_1_386' title='bbox 3281 1359 3593 1431; x_wconf 68' lang='grc' dir='ltr'><strong>ὲπιρῥέψανο</strong></span> 
     </span>
    </p>
   </div>
   <div class='ocr_carea' id='block_1_57' title="bbox 2029 1449 3590 1523">
    <p class='ocr_par' dir='ltr' id='par_1_57' title="bbox 2029 1449 3590 1523">
     <span class='ocr_line' id='line_1_57' title="bbox 2029 1449 3590 1523; baseline -0.002 -17"><span class='ocrx_word' id='word_1_387' title='bbox 2029 1468 2132 1517; x_wconf 82' lang='grc' dir='ltr'><strong>τας</strong></span> <span class='ocrx_word' id='word_1_388' title='bbox 2174 1452 2268 1506; x_wconf 81' lang='grc' dir='ltr'><strong>ἐπὶ</strong></span> <span class='ocrx_word' id='word_1_389' title='bbox 2311 1451 2515 1523; x_wconf 81' lang='grc' dir='ltr'>Κύριον</span> <span class='ocrx_word' id='word_1_390' title='bbox 2553 1450 2652 1522; x_wconf 84' lang='grc' dir='ltr'><strong>τὴν</strong></span> <span class='ocrx_word' id='word_1_391' title='bbox 2702 1452 2970 1523; x_wconf 85' lang='grc' dir='ltr'><strong>μέριμναν</strong></span> <span class='ocrx_word' id='word_1_392' title='bbox 3000 1449 3097 1504; x_wconf 76' lang='grc' dir='ltr'><strong>τοῦ</strong></span> <span class='ocrx_word' id='word_1_393' title='bbox 3140 1451 3313 1504; x_wconf 78' lang='grc' dir='ltr'>οἴκου.</span> <span class='ocrx_word' id='word_1_394' title='bbox 3356 1449 3590 1505; x_wconf 70' lang='grc' dir='ltr'><strong>Πιστεύε-</strong></span> 
     </span>
    </p>
   </div>
   <div class='ocr_carea' id='block_1_58' title="bbox 2031 1540 3590 1616">
    <p class='ocr_par' dir='ltr' id='par_1_58' title="bbox 2031 1540 3590 1616">
     <span class='ocr_line' id='line_1_58' title="bbox 2031 1540 3590 1616; baseline -0.004 -19"><span class='ocrx_word' id='word_1_395' title='bbox 2031 1544 2142 1615; x_wconf 85' lang='grc' dir='ltr'><strong>γὰρ</strong></span> <span class='ocrx_word' id='word_1_396' title='bbox 2169 1543 2248 1616; x_wconf 83' lang='grc' dir='ltr'><strong>τῷ</strong></span> <span class='ocrx_word' id='word_1_397' title='bbox 2278 1543 2418 1614; x_wconf 83' lang='grc' dir='ltr'><strong>ἁγίῳ</strong></span> <span class='ocrx_word' id='word_1_398' title='bbox 2452 1544 2590 1616; x_wconf 82' lang='grc' dir='ltr'>Θεῷ,</span> <span class='ocrx_word' id='word_1_399' title='bbox 2625 1544 2707 1597; x_wconf 87' lang='grc' dir='ltr'><strong>ὅτι</strong></span> <span class='ocrx_word' id='word_1_400' title='bbox 2734 1542 2898 1597; x_wconf 88' lang='grc' dir='ltr'>δώσει</span> <span class='ocrx_word' id='word_1_401' title='bbox 2932 1542 3031 1596; x_wconf 76' lang='grc' dir='ltr'><strong>σὺν</strong></span> <span class='ocrx_word' id='word_1_402' title='bbox 3058 1541 3189 1612; x_wconf 78' lang='grc' dir='ltr'><strong>ἡμῖν</strong></span> <span class='ocrx_word' id='word_1_403' title='bbox 3209 1540 3345 1612; x_wconf 67' lang='lat'><strong>(3-0),</strong></span> <span class='ocrx_word' id='word_1_404' title='bbox 3380 1543 3521 1611; x_wconf 76' lang='grc' dir='ltr'><strong>πρὸς</strong></span> <span class='ocrx_word' id='word_1_405' title='bbox 3544 1542 3590 1593; x_wconf 80' lang='grc' dir='ltr'><strong>τί</strong></span> 
     </span>
    </p>
   </div>
   <div class='ocr_carea' id='block_1_59' title="bbox 2033 1630 3576 1707">
    <p class='ocr_par' dir='ltr' id='par_1_59' title="bbox 2033 1630 3576 1707">
     <span class='ocr_line' id='line_1_59' title="bbox 2033 1630 3576 1707; baseline -0.003 -19"><span class='ocrx_word' id='word_1_406' title='bbox 2033 1634 2205 1707; x_wconf 78' lang='grc' dir='ltr'><strong>ἑτέρῳ</strong></span> <span class='ocrx_word' id='word_1_407' title='bbox 2237 1634 2424 1707; x_wconf 80' lang='grc' dir='ltr'><strong>τρόπῳ</strong></span> <span class='ocrx_word' id='word_1_408' title='bbox 2450 1633 2729 1699; x_wconf 78' lang='grc' dir='ltr'><strong>ἐξελέσθαι</strong></span> <span class='ocrx_word' id='word_1_409' title='bbox 2755 1631 2871 1685; x_wconf 88' lang='grc' dir='ltr'>τῶν</span> <span class='ocrx_word' id='word_1_410' title='bbox 2895 1631 3169 1698; x_wconf 83' lang='grc' dir='ltr'><strong>ἀναγκῶν,</strong></span> <span class='ocrx_word' id='word_1_411' title='bbox 3194 1630 3288 1683; x_wconf 79' lang='grc' dir='ltr'><strong>καὶ</strong></span> <span class='ocrx_word' id='word_1_412' title='bbox 3315 1632 3449 1701; x_wconf 77' lang='grc' dir='ltr'><strong>ἡμῖν</strong></span> <span class='ocrx_word' id='word_1_413' title='bbox 3475 1630 3576 1684; x_wconf 79' lang='grc' dir='ltr'><strong>ἇλυ</strong></span> 
     </span>
    </p>
   </div>
   <div class='ocr_carea' id='block_1_60' title="bbox 2032 1715 3594 1797">
    <p class='ocr_par' dir='ltr' id='par_1_60' title="bbox 2032 1715 3594 1797">
     <span class='ocr_line' id='line_1_60' title="bbox 2032 1715 3594 1797; baseline -0.001 -19"><span class='ocrx_word' id='word_1_414' title='bbox 2032 1741 2135 1779; x_wconf 87' lang='grc' dir='ltr'><strong>πον</strong></span> <span class='ocrx_word' id='word_1_415' title='bbox 2160 1725 2272 1797; x_wconf 75' lang='grc'><strong>(⁸51)</strong></span> <span class='ocrx_word' id='word_1_416' title='bbox 2300 1727 2396 1796; x_wconf 78' lang='grc' dir='ltr'><strong>τὴν</strong></span> <span class='ocrx_word' id='word_1_417' title='bbox 2430 1724 2573 1796; x_wconf 78' lang='grc' dir='ltr'><strong>ζωὴν</strong></span> <span class='ocrx_word' id='word_1_418' title='bbox 2598 1721 2948 1795; x_wconf 74' lang='grc' dir='ltr'><strong>προξενήσαι.</strong></span> <span class='ocrx_word' id='word_1_419' title='bbox 2985 1721 3112 1775; x_wconf 82' lang='grc' dir='ltr'>Ἐὰν</span> <span class='ocrx_word' id='word_1_420' title='bbox 3133 1715 3225 1775; x_wconf 77' lang='grc' dir='ltr'><strong>οὖν</strong></span> <span class='ocrx_word' id='word_1_421' title='bbox 3246 1722 3309 1775; x_wconf 86' lang='grc' dir='ltr'>οὐ</span> <span class='ocrx_word' id='word_1_422' title='bbox 3332 1722 3467 1794; x_wconf 85' lang='grc' dir='ltr'>δοκῇ</span> <span class='ocrx_word' id='word_1_423' title='bbox 3489 1722 3594 1793; x_wconf 67' lang='grc' dir='ltr'><strong>(δί’</strong></span> 
     </span>
    </p>
   </div>
   <div class='ocr_carea' id='block_1_61' title="bbox 2033 1814 3590 1887">
    <p class='ocr_par' dir='ltr' id='par_1_61' title="bbox 2033 1814 3590 1887">
     <span class='ocr_line' id='line_1_61' title="bbox 2033 1814 3590 1887; baseline -0.001 -16"><span class='ocrx_word' id='word_1_424' title='bbox 2033 1816 2226 1883; x_wconf 77' lang='grc' dir='ltr'><strong>τοῦτο,</strong></span> <span class='ocrx_word' id='word_1_425' title='bbox 2270 1817 2431 1882; x_wconf 78' lang='grc' dir='ltr'><strong>αὐτὸς</strong></span> <span class='ocrx_word' id='word_1_426' title='bbox 2477 1817 2815 1884; x_wconf 77' lang='grc' dir='ltr'><strong>καταξίωσον</strong></span> <span class='ocrx_word' id='word_1_427' title='bbox 2863 1814 3268 1887; x_wconf 83' lang='grc' dir='ltr'><strong>ὑπομνηστικόν</strong></span> <span class='ocrx_word' id='word_1_428' title='bbox 3319 1832 3413 1886; x_wconf 92' lang='grc' dir='ltr'><strong>μοι</strong></span> <span class='ocrx_word' id='word_1_429' title='bbox 3466 1816 3590 1870; x_wconf 71' lang='grc' dir='ltr'><strong>ἀπο</strong></span> 
     </span>
    </p>
   </div>
   <div class='ocr_carea' id='block_1_62' title="bbox 2034 1906 3581 1983">
    <p class='ocr_par' dir='ltr' id='par_1_62' title="bbox 2034 1906 3581 1983">
     <span class='ocr_line' id='line_1_62' title="bbox 2034 1906 3581 1983; baseline -0.002 -20"><span class='ocrx_word' id='word_1_430' title='bbox 2034 1909 2261 1976; x_wconf 83' lang='grc' dir='ltr'><strong>στεῖλαι,</strong></span> <span class='ocrx_word' id='word_1_431' title='bbox 2299 1909 2427 1983; x_wconf 77' lang='grc' dir='ltr'><strong>περὶ</strong></span> <span class='ocrx_word' id='word_1_432' title='bbox 2458 1910 2602 1973; x_wconf 90' lang='grc' dir='ltr'><strong>τίνος</strong></span> <span class='ocrx_word' id='word_1_433' title='bbox 2626 1910 2731 1980; x_wconf 84' lang='grc' dir='ltr'><strong>χρὴ</strong></span> <span class='ocrx_word' id='word_1_434' title='bbox 2771 1907 3076 1981; x_wconf 80' lang='grc' dir='ltr'><strong>ἀξιώματος</strong></span> <span class='ocrx_word' id='word_1_435' title='bbox 3106 1908 3339 1981; x_wconf 79' lang='grc' dir='ltr'><strong>σπουδὴν</strong></span> <span class='ocrx_word' id='word_1_436' title='bbox 3367 1906 3581 1974; x_wconf 79' lang='grc' dir='ltr'><strong>είσενέγ</strong></span> 
     </span>
    </p>
   </div>
   <div class='ocr_carea' id='block_1_63' title="bbox 2030 1998 3585 2072">
    <p class='ocr_par' dir='ltr' id='par_1_63' title="bbox 2030 1998 3585 2072">
     <span class='ocr_line' id='line_1_63' title="bbox 2030 1998 3585 2072; baseline -0.002 -16"><span class='ocrx_word' id='word_1_437' title='bbox 2030 2002 2251 2067; x_wconf 88' lang='grc' dir='ltr'><strong>κασθαι,</strong></span> <span class='ocrx_word' id='word_1_438' title='bbox 2284 2001 2371 2055; x_wconf 82' lang='grc' dir='ltr'><strong>ἴνα</strong></span> <span class='ocrx_word' id='word_1_439' title='bbox 2408 2000 2704 2072; x_wconf 76' lang='grc' dir='ltr'><strong>ἀρξώμεθα</strong></span> <span class='ocrx_word' id='word_1_440' title='bbox 2732 2002 2902 2055; x_wconf 85' lang='grc' dir='ltr'><strong>αἰτεῖν</strong></span> <span class='ocrx_word' id='word_1_441' title='bbox 2930 2001 3159 2054; x_wconf 74' lang='grc' dir='ltr'><strong>ἕκαστον</strong></span> <span class='ocrx_word' id='word_1_442' title='bbox 3190 2000 3300 2058; x_wconf 81' lang='grc' dir='ltr'>τῶν</span> <span class='ocrx_word' id='word_1_443' title='bbox 3345 2002 3405 2054; x_wconf 87' lang='grc' dir='ltr'><strong>ὲν</strong></span> <span class='ocrx_word' id='word_1_444' title='bbox 3448 1998 3585 2053; x_wconf 75' lang='grc' dir='ltr'>δυνά</span> 
     </span>
    </p>
   </div>
   <div class='ocr_carea' id='block_1_64' title="bbox 2035 2091 3587 2166">
    <p class='ocr_par' dir='ltr' id='par_1_64' title="bbox 2035 2091 3587 2166">
     <span class='ocr_line' id='line_1_64' title="bbox 2035 2091 3587 2166; baseline -0.003 -18"><span class='ocrx_word' id='word_1_445' title='bbox 2035 2112 2127 2166; x_wconf 88' lang='grc' dir='ltr'><strong>μει</strong></span> <span class='ocrx_word' id='word_1_446' title='bbox 2156 2093 2324 2163; x_wconf 84' lang='grc' dir='ltr'><strong>φίλων</strong></span> <span class='ocrx_word' id='word_1_447' title='bbox 2348 2092 2447 2166; x_wconf 81' lang='grc' dir='ltr'><strong>τὴν</strong></span> <span class='ocrx_word' id='word_1_448' title='bbox 2494 2094 2654 2165; x_wconf 86' lang='grc' dir='ltr'><strong>χάριν</strong></span> <span class='ocrx_word' id='word_1_449' title='bbox 2682 2091 2906 2165; x_wconf 81' lang='grc' dir='ltr'><strong>ταύτην,</strong></span> <span class='ocrx_word' id='word_1_450' title='bbox 2949 2093 3061 2148; x_wconf 73' lang='grc' dir='ltr'>εἴτε</span> <span class='ocrx_word' id='word_1_451' title='bbox 3098 2095 3321 2165; x_wconf 85' lang='grc' dir='ltr'><strong>προῖκα,</strong></span> <span class='ocrx_word' id='word_1_452' title='bbox 3359 2092 3474 2144; x_wconf 81' lang='grc' dir='ltr'>εἴτε</span> <span class='ocrx_word' id='word_1_453' title='bbox 3513 2106 3587 2144; x_wconf 84' lang='grc' dir='ltr'>κα</span> 
     </span>
    </p>
   </div>
   <div class='ocr_carea' id='block_1_65' title="bbox 2035 2181 3609 2259">
    <p class='ocr_par' dir='ltr' id='par_1_65' title="bbox 2035 2181 3609 2259">
     <span class='ocr_line' id='line_1_65' title="bbox 2035 2181 3609 2259; baseline 0 -21"><span class='ocrx_word' id='word_1_454' title='bbox 2035 2187 2258 2259; x_wconf 85' lang='grc' dir='ltr'><strong>μετρίου</strong></span> <span class='ocrx_word' id='word_1_455' title='bbox 2302 2187 2630 2257; x_wconf 81' lang='grc' dir='ltr'><strong>τιμήματος,</strong></span> <span class='ocrx_word' id='word_1_456' title='bbox 2680 2184 2756 2248; x_wconf 82' lang='grc' dir='ltr'><strong>ὡς</strong></span> <span class='ocrx_word' id='word_1_457' title='bbox 2800 2184 2866 2239; x_wconf 85' lang='grc' dir='ltr'><strong>ἂν</strong></span> <span class='ocrx_word' id='word_1_458' title='bbox 2912 2185 3059 2256; x_wconf 82' lang='grc' dir='ltr'><strong>ἡμᾶς</strong></span> <span class='ocrx_word' id='word_1_459' title='bbox 3103 2184 3308 2257; x_wconf 83' lang='grc' dir='ltr'><strong>Κύριος</strong></span> <span class='ocrx_word' id='word_1_460' title='bbox 3342 2181 3609 2256; x_wconf 74' lang='grc' dir='ltr'>εὐοδῶσῃ.</span> 
     </span>
    </p>
   </div>
   <div class='ocr_carea' id='block_1_66' title="bbox 2045 2276 3611 2350">
    <p class='ocr_par' dir='ltr' id='par_1_66' title="bbox 2045 2276 3611 2350">
     <span class='ocr_line' id='line_1_66' title="bbox 2045 2276 3611 2350; baseline -0.003 -15"><span class='ocrx_word' id='word_1_461' title='bbox 2045 2279 2361 2335; x_wconf 85' lang='grc' dir='ltr'><strong>Ἑπέστειλα</strong></span> <span class='ocrx_word' id='word_1_462' title='bbox 2401 2277 2482 2350; x_wconf 80' lang='grc' dir='ltr'><strong>τῷ</strong></span> <span class='ocrx_word' id='word_1_463' title='bbox 2511 2278 2727 2348; x_wconf 84' lang='grc' dir='ltr'><strong>ἀδελφῷ</strong></span> <span class='ocrx_word' id='word_1_464' title='bbox 2769 2277 3049 2349; x_wconf 74' lang='grc' dir='ltr'><strong>Οὐαλερίῳ</strong></span> <span class='ocrx_word' id='word_1_465' title='bbox 3071 2277 3207 2349; x_wconf 77' lang='lat'><strong>(33),</strong></span> <span class='ocrx_word' id='word_1_466' title='bbox 3237 2277 3315 2342; x_wconf 85' lang='grc' dir='ltr'><strong>ὡς</strong></span> <span class='ocrx_word' id='word_1_467' title='bbox 3342 2276 3611 2349; x_wconf 71' lang='grc' dir='ltr'><strong>προσέτα·</strong></span> 
     </span>
    </p>
   </div>
   <div class='ocr_carea' id='block_1_67' title="bbox 2031 2367 3612 2444">
    <p class='ocr_par' dir='ltr' id='par_1_67' title="bbox 2031 2367 3612 2444">
     <span class='ocr_line' id='line_1_67' title="bbox 2031 2367 3612 2444; baseline -0.001 -19"><span class='ocrx_word' id='word_1_468' title='bbox 2031 2371 2148 2438; x_wconf 79' lang='grc' dir='ltr'><strong>ξας.</strong></span> <span class='ocrx_word' id='word_1_469' title='bbox 2189 2371 2273 2426; x_wconf 79' lang='grc' dir='ltr'><strong>Τά</strong></span> <span class='ocrx_word' id='word_1_470' title='bbox 2320 2370 2544 2443; x_wconf 75' lang='grc' dir='ltr'><strong>Νύσσης</strong></span> <span class='ocrx_word' id='word_1_471' title='bbox 2589 2370 2892 2444; x_wconf 83' lang='grc' dir='ltr'><strong>πράγματα</strong></span> <span class='ocrx_word' id='word_1_472' title='bbox 2942 2372 3105 2442; x_wconf 82' lang='grc' dir='ltr'><strong>ὅμοιά</strong></span> <span class='ocrx_word' id='word_1_473' title='bbox 3143 2371 3261 2424; x_wconf 76' lang='grc' dir='ltr'><strong>ἐστι</strong></span> <span class='ocrx_word' id='word_1_474' title='bbox 3301 2371 3417 2433; x_wconf 75' lang='grc' dir='ltr'><strong>τοῖς</strong></span> <span class='ocrx_word' id='word_1_475' title='bbox 3457 2367 3612 2438; x_wconf 84' lang='grc' dir='ltr'><strong>παρά</strong></span> 
     </span>
    </p>
   </div>
   <div class='ocr_carea' id='block_1_68' title="bbox 2031 2458 3615 2534">
    <p class='ocr_par' dir='ltr' id='par_1_68' title="bbox 2031 2458 3615 2534">
     <span class='ocr_line' id='line_1_68' title="bbox 2031 2458 3615 2534; baseline -0.003 -17"><span class='ocrx_word' id='word_1_476' title='bbox 2031 2462 2132 2534; x_wconf 81' lang='grc' dir='ltr'><strong>τῆς</strong></span> <span class='ocrx_word' id='word_1_477' title='bbox 2187 2462 2289 2534; x_wconf 83' lang='grc' dir='ltr'><strong>σῆς</strong></span> <span class='ocrx_word' id='word_1_478' title='bbox 2322 2461 2632 2526; x_wconf 82' lang='grc' dir='ltr'><strong>θεοσεϐείας</strong></span> <span class='ocrx_word' id='word_1_479' title='bbox 2673 2462 3080 2533; x_wconf 82' lang='grc' dir='ltr'><strong>καταλειφθεῖσι</strong></span> <span class='ocrx_word' id='word_1_480' title='bbox 3111 2460 3245 2533; x_wconf 71' lang='grc'>(54),</span> <span class='ocrx_word' id='word_1_481' title='bbox 3277 2459 3376 2514; x_wconf 77' lang='grc' dir='ltr'><strong>καὶ</strong></span> <span class='ocrx_word' id='word_1_482' title='bbox 3412 2458 3615 2533; x_wconf 66' lang='grc' dir='ltr'><strong>προκόο</strong></span> 
     </span>
    </p>
   </div>
   <div class='ocr_carea' id='block_1_69' title="bbox 2031 2550 3610 2625">
    <p class='ocr_par' dir='ltr' id='par_1_69' title="bbox 2031 2550 3610 2625">
     <span class='ocr_line' id='line_1_69' title="bbox 2031 2550 3610 2625; baseline -0.001 -21"><span class='ocrx_word' id='word_1_483' title='bbox 2031 2568 2156 2605; x_wconf 82' lang='grc' dir='ltr'><strong>πτει</strong></span> <span class='ocrx_word' id='word_1_484' title='bbox 2192 2552 2285 2605; x_wconf 73' lang='grc' dir='ltr'><strong>ἐπὶ</strong></span> <span class='ocrx_word' id='word_1_485' title='bbox 2314 2551 2375 2605; x_wconf 83' lang='grc' dir='ltr'><strong>τὸ</strong></span> <span class='ocrx_word' id='word_1_486' title='bbox 2424 2550 2633 2623; x_wconf 84' lang='grc' dir='ltr'><strong>βέλτιον</strong></span> <span class='ocrx_word' id='word_1_487' title='bbox 2660 2554 2726 2623; x_wconf 79' lang='grc' dir='ltr'><strong>τῇ</strong></span> <span class='ocrx_word' id='word_1_488' title='bbox 2777 2553 3039 2625; x_wconf 79' lang='grc' dir='ltr'><strong>συνεργίᾳ</strong></span> <span class='ocrx_word' id='word_1_489' title='bbox 3082 2551 3193 2606; x_wconf 86' lang='grc' dir='ltr'>τῶν</span> <span class='ocrx_word' id='word_1_490' title='bbox 3232 2551 3341 2605; x_wconf 86' lang='grc' dir='ltr'>σῶν</span> <span class='ocrx_word' id='word_1_491' title='bbox 3369 2566 3610 2623; x_wconf 81' lang='grc' dir='ltr'><strong>προσευ-</strong></span> 
     </span>
    </p>
   </div>
   <div class='ocr_carea' id='block_1_70' title="bbox 2031 2640 3615 2714">
    <p class='ocr_par' dir='ltr' id='par_1_70' title="bbox 2031 2640 3615 2714">
     <span class='ocr_line' id='line_1_70' title="bbox 2031 2640 3615 2714; baseline -0.002 -18"><span class='ocrx_word' id='word_1_492' title='bbox 2031 2642 2162 2714; x_wconf 88' lang='grc' dir='ltr'>χῶν.</span> <span class='ocrx_word' id='word_1_493' title='bbox 2197 2643 2262 2697; x_wconf 90' lang='grc' dir='ltr'><strong>Οί</strong></span> <span class='ocrx_word' id='word_1_494' title='bbox 2306 2642 2491 2712; x_wconf 87' lang='grc' dir='ltr'><strong>μέντοι</strong></span> <span class='ocrx_word' id='word_1_495' title='bbox 2531 2642 2656 2696; x_wconf 78' lang='grc' dir='ltr'><strong>τότε</strong></span> <span class='ocrx_word' id='word_1_496' title='bbox 2704 2642 3115 2714; x_wconf 78' lang='grc' dir='ltr'><strong>ἀπορραγέντες</strong></span> <span class='ocrx_word' id='word_1_497' title='bbox 3164 2640 3361 2713; x_wconf 81' lang='grc' dir='ltr'>ήμῶν,</span> <span class='ocrx_word' id='word_1_498' title='bbox 3412 2642 3461 2694; x_wconf 87' lang='grc' dir='ltr'><strong>οἱ</strong></span> <span class='ocrx_word' id='word_1_499' title='bbox 3509 2641 3615 2710; x_wconf 79' lang='grc' dir='ltr'><strong>μὲν</strong></span> 
     </span>
    </p>
   </div>
   <div class='ocr_carea' id='block_1_71' title="bbox 2031 2730 3612 2807">
    <p class='ocr_par' dir='ltr' id='par_1_71' title="bbox 2031 2730 3612 2807">
     <span class='ocr_line' id='line_1_71' title="bbox 2031 2730 3612 2807; baseline -0.004 -17"><span class='ocrx_word' id='word_1_500' title='bbox 2031 2734 2271 2807; x_wconf 83' lang='grc' dir='ltr'><strong>ἀπῆλθον</strong></span> <span class='ocrx_word' id='word_1_501' title='bbox 2300 2734 2393 2787; x_wconf 73' lang='grc' dir='ltr'><strong>ἐπὶ</strong></span> <span class='ocrx_word' id='word_1_502' title='bbox 2419 2733 2481 2787; x_wconf 82' lang='grc' dir='ltr'><strong>τὸ</strong></span> <span class='ocrx_word' id='word_1_503' title='bbox 2519 2732 2899 2805; x_wconf 86' lang='grc' dir='ltr'><strong>στρατόπεδον,</strong></span> <span class='ocrx_word' id='word_1_504' title='bbox 2924 2734 2975 2787; x_wconf 74' lang='grc' dir='ltr'><strong>οἱ</strong></span> <span class='ocrx_word' id='word_1_505' title='bbox 3006 2734 3064 2787; x_wconf 79' lang='grc' dir='ltr'>δὲ</span> <span class='ocrx_word' id='word_1_506' title='bbox 3096 2732 3338 2804; x_wconf 83' lang='grc' dir='ltr'><strong>μένουσι,</strong></span> <span class='ocrx_word' id='word_1_507' title='bbox 3371 2732 3481 2801; x_wconf 77' lang='lat'><strong>(55)</strong></span> <span class='ocrx_word' id='word_1_508' title='bbox 3511 2730 3612 2803; x_wconf 70' lang='grc' dir='ltr'><strong>τὴν</strong></span> 
     </span>
    </p>
   </div>
   <div class='ocr_carea' id='block_1_72' title="bbox 2032 2821 3611 2894">
    <p class='ocr_par' dir='ltr' id='par_1_72' title="bbox 2032 2821 3611 2894">
     <span class='ocr_line' id='line_1_72' title="bbox 2032 2821 3611 2894; baseline -0.003 -16"><span class='ocrx_word' id='word_1_509' title='bbox 2032 2823 2240 2878; x_wconf 76' lang='grc' dir='ltr'>ἐκεῖθεν</span> <span class='ocrx_word' id='word_1_510' title='bbox 2285 2823 2651 2894; x_wconf 83' lang='grc' dir='ltr'><strong>ἀναμένοντες</strong></span> <span class='ocrx_word' id='word_1_511' title='bbox 2683 2824 2896 2894; x_wconf 77' lang='grc' dir='ltr'><strong>φήμην.</strong></span> <span class='ocrx_word' id='word_1_512' title='bbox 2938 2823 3176 2887; x_wconf 82' lang='grc' dir='ltr'><strong>Δυνατδς</strong></span> <span class='ocrx_word' id='word_1_513' title='bbox 3216 2822 3274 2877; x_wconf 82' lang='grc' dir='ltr'>δὲ</span> <span class='ocrx_word' id='word_1_514' title='bbox 3319 2825 3348 2876; x_wconf 85' lang='grc' dir='ltr'><strong>ὁ</strong></span> <span class='ocrx_word' id='word_1_515' title='bbox 3402 2821 3611 2893; x_wconf 83' lang='grc' dir='ltr'><strong>Κύριος</strong></span> 
     </span>
    </p>
   </div>
   <div class='ocr_carea' id='block_1_73' title="bbox 2031 2914 3613 2987">
    <p class='ocr_par' dir='ltr' id='par_1_73' title="bbox 2031 2914 3613 2987">
     <span class='ocr_line' id='line_1_73' title="bbox 2031 2914 3613 2987; baseline -0.002 -16"><span class='ocrx_word' id='word_1_516' title='bbox 2031 2917 2127 2971; x_wconf 73' lang='grc' dir='ltr'><strong>καὶ</strong></span> <span class='ocrx_word' id='word_1_517' title='bbox 2154 2915 2358 2969; x_wconf 82' lang='grc' dir='ltr'><strong>τούτων</strong></span> <span class='ocrx_word' id='word_1_518' title='bbox 2387 2915 2697 2986; x_wconf 86' lang='grc' dir='ltr'><strong>ματαιῶσαι</strong></span> <span class='ocrx_word' id='word_1_519' title='bbox 2725 2915 2826 2979; x_wconf 88' lang='grc' dir='ltr'><strong>τὰς</strong></span> <span class='ocrx_word' id='word_1_520' title='bbox 2852 2915 3094 2981; x_wconf 75' lang='grc' dir='ltr'><strong>ἐλπίδας,</strong></span> <span class='ocrx_word' id='word_1_521' title='bbox 3126 2914 3408 2978; x_wconf 85' lang='grc' dir='ltr'><strong>κάκείνοις</strong></span> <span class='ocrx_word' id='word_1_522' title='bbox 3429 2915 3613 2987; x_wconf 76' lang='grc' dir='ltr'><strong>ἄπραο</strong></span> 
     </span>
    </p>
   </div>
   <div class='ocr_carea' id='block_1_74' title="bbox 2030 3005 2841 3079">
    <p class='ocr_par' dir='ltr' id='par_1_74' title="bbox 2030 3005 2841 3079">
     <span class='ocr_line' id='line_1_74' title="bbox 2030 3005 2841 3079; baseline -0.001 -18"><span class='ocrx_word' id='word_1_523' title='bbox 2030 3024 2157 3061; x_wconf 85' lang='grc' dir='ltr'>κτον</span> <span class='ocrx_word' id='word_1_524' title='bbox 2188 3006 2286 3079; x_wconf 73' lang='grc' dir='ltr'><strong>τὴν</strong></span> <span class='ocrx_word' id='word_1_525' title='bbox 2318 3005 2575 3060; x_wconf 77' lang='grc' dir='ltr'><strong>ἐπάνοδον</strong></span> <span class='ocrx_word' id='word_1_526' title='bbox 2600 3006 2841 3076; x_wconf 82' lang='grc' dir='ltr'><strong>ποιῆσαι.</strong></span> 
     </span>
    </p>
   </div>
   <div class='ocr_carea' id='block_1_75' title="bbox 2106 3094 3613 3170">
    <p class='ocr_par' dir='ltr' id='par_1_75' title="bbox 2106 3094 3613 3170">
     <span class='ocr_line' id='line_1_75' title="bbox 2106 3094 3613 3170; baseline -0.003 -17"><span class='ocrx_word' id='word_1_527' title='bbox 2106 3100 2158 3154; x_wconf 78' lang='lat'><strong>5.</strong></span> <span class='ocrx_word' id='word_1_528' title='bbox 2195 3099 2267 3152; x_wconf 83' lang='grc' dir='ltr'>Τὸ</span> <span class='ocrx_word' id='word_1_529' title='bbox 2298 3098 2472 3169; x_wconf 86' lang='grc' dir='ltr'><strong>μάννα</strong></span> <span class='ocrx_word' id='word_1_530' title='bbox 2515 3100 2544 3152; x_wconf 83' lang='grc' dir='ltr'>ὁ</span> <span class='ocrx_word' id='word_1_531' title='bbox 2571 3098 2744 3152; x_wconf 77' lang='grc' dir='ltr'>Φίλων</span> <span class='ocrx_word' id='word_1_532' title='bbox 2784 3094 3103 3170; x_wconf 78' lang='grc' dir='ltr'><strong>ἑρμηνεύων</strong></span> <span class='ocrx_word' id='word_1_533' title='bbox 3139 3094 3266 3168; x_wconf 78' lang='grc' dir='ltr'>ἔφη,</span> <span class='ocrx_word' id='word_1_534' title='bbox 3314 3095 3505 3167; x_wconf 81' lang='grc' dir='ltr'><strong>ὥσπερ</strong></span> <span class='ocrx_word' id='word_1_535' title='bbox 3543 3096 3613 3149; x_wconf 66' lang='grc' dir='ltr'>ἐκ</span> 
     </span>
    </p>
   </div>
   <div class='ocr_carea' id='block_1_76' title="bbox 2036 3187 3614 3264">
    <p class='ocr_par' dir='ltr' id='par_1_76' title="bbox 2036 3187 3614 3264">
     <span class='ocr_line' id='line_1_76' title="bbox 2036 3187 3614 3264; baseline -0.003 -18"><span class='ocrx_word' id='word_1_536' title='bbox 2036 3189 2390 3264; x_wconf 64' lang='grc' dir='ltr'><strong>παραῶσεὼς</strong></span> <span class='ocrx_word' id='word_1_537' title='bbox 2416 3207 2563 3255; x_wconf 86' lang='grc' dir='ltr'><strong>τινος</strong></span> <span class='ocrx_word' id='word_1_538' title='bbox 2601 3189 2901 3262; x_wconf 79' lang='grc' dir='ltr'><strong>Ἰουδαϊκῆς</strong></span> <span class='ocrx_word' id='word_1_539' title='bbox 2929 3189 3326 3261; x_wconf 81' lang='grc' dir='ltr'>δεδιδαγμένος,</span> <span class='ocrx_word' id='word_1_540' title='bbox 3349 3187 3614 3260; x_wconf 69' lang='grc' dir='ltr'><strong>τοιαύτην</strong></span> 
     </span>
    </p>
   </div>
   <div class='ocr_carea' id='block_1_77' title="bbox 2034 3279 3614 3354">
    <p class='ocr_par' dir='ltr' id='par_1_77' title="bbox 2034 3279 3614 3354">
     <span class='ocr_line' id='line_1_77' title="bbox 2034 3279 3614 3354; baseline -0.003 -16"><span class='ocrx_word' id='word_1_541' title='bbox 2034 3284 2197 3339; x_wconf 79' lang='grc' dir='ltr'><strong>αὑτοῦ</strong></span> <span class='ocrx_word' id='word_1_542' title='bbox 2223 3279 2362 3337; x_wconf 80' lang='grc' dir='ltr'><strong>εἶναι</strong></span> <span class='ocrx_word' id='word_1_543' title='bbox 2397 3284 2497 3354; x_wconf 80' lang='grc' dir='ltr'><strong>τὴν</strong></span> <span class='ocrx_word' id='word_1_544' title='bbox 2522 3283 2807 3354; x_wconf 84' lang='grc' dir='ltr'><strong>ποιότητα,</strong></span> <span class='ocrx_word' id='word_1_545' title='bbox 2842 3283 2983 3338; x_wconf 80' lang='grc' dir='ltr'><strong>ὥστε</strong></span> <span class='ocrx_word' id='word_1_546' title='bbox 3017 3282 3160 3336; x_wconf 79' lang='grc' dir='ltr'>κατὰ</span> <span class='ocrx_word' id='word_1_547' title='bbox 3188 3279 3288 3353; x_wconf 81' lang='grc' dir='ltr'><strong>τὴν</strong></span> <span class='ocrx_word' id='word_1_548' title='bbox 3311 3279 3614 3350; x_wconf 66' lang='grc' dir='ltr'><strong>φαντασίαν</strong></span> 
     </span>
    </p>
   </div>
   <div class='ocr_carea' id='block_1_78' title="bbox 2032 3371 3617 3448">
    <p class='ocr_par' dir='ltr' id='par_1_78' title="bbox 2032 3371 3617 3448">
     <span class='ocr_line' id='line_1_78' title="bbox 2032 3371 3617 3448; baseline -0.002 -16"><span class='ocrx_word' id='word_1_549' title='bbox 2032 3377 2126 3432; x_wconf 79' lang='grc' dir='ltr'><strong>τοῦ</strong></span> <span class='ocrx_word' id='word_1_550' title='bbox 2150 3376 2418 3441; x_wconf 78' lang='grc' dir='ltr'><strong>ἐσθίοντος</strong></span> <span class='ocrx_word' id='word_1_551' title='bbox 2443 3375 2874 3448; x_wconf 86' lang='grc' dir='ltr'><strong>μετακίρνασθαι</strong></span> <span class='ocrx_word' id='word_1_552' title='bbox 2896 3395 2908 3406; x_wconf 91' lang='grc'>·</span> <span class='ocrx_word' id='word_1_553' title='bbox 2936 3376 3031 3429; x_wconf 74' lang='grc' dir='ltr'><strong>καὶ</strong></span> <span class='ocrx_word' id='word_1_554' title='bbox 3056 3372 3194 3428; x_wconf 81' lang='grc' dir='ltr'>εἶναι</span> <span class='ocrx_word' id='word_1_555' title='bbox 3219 3373 3317 3446; x_wconf 81' lang='grc' dir='ltr'><strong>μὲν</strong></span> <span class='ocrx_word' id='word_1_556' title='bbox 3337 3371 3461 3428; x_wconf 79' lang='grc' dir='ltr'><strong>καθῖ</strong></span> <span class='ocrx_word' id='word_1_557' title='bbox 3484 3374 3617 3429; x_wconf 73' lang='grc' dir='ltr'><strong>ἑαυ-</strong></span> 
     </span>
    </p>
   </div>
   <div class='ocr_carea' id='block_1_79' title="bbox 2031 3466 3614 3541">
    <p class='ocr_par' dir='ltr' id='par_1_79' title="bbox 2031 3466 3614 3541">
     <span class='ocr_line' id='line_1_79' title="bbox 2031 3466 3614 3541; baseline -0.002 -20"><span class='ocrx_word' id='word_1_558' title='bbox 2031 3467 2093 3521; x_wconf 85' lang='grc' dir='ltr'><strong>τὸ</strong></span> <span class='ocrx_word' id='word_1_559' title='bbox 2115 3469 2275 3521; x_wconf 71' lang='grc' dir='ltr'><strong>οἱονεὶ</strong></span> <span class='ocrx_word' id='word_1_560' title='bbox 2308 3469 2540 3541; x_wconf 82' lang='grc' dir='ltr'><strong>κέγχρον</strong></span> <span class='ocrx_word' id='word_1_561' title='bbox 2572 3467 2676 3540; x_wconf 62' lang='grc' dir='ltr'><strong>ἔφη</strong></span> <span class='ocrx_word' id='word_1_562' title='bbox 2686 3469 2844 3541; x_wconf 80' lang='grc' dir='ltr'><strong>μένον</strong></span> <span class='ocrx_word' id='word_1_563' title='bbox 2872 3468 2982 3539; x_wconf 80' lang='lat'><strong>(56)</strong></span> <span class='ocrx_word' id='word_1_564' title='bbox 3025 3469 3082 3521; x_wconf 80' lang='grc' dir='ltr'><strong>ὲν</strong></span> <span class='ocrx_word' id='word_1_565' title='bbox 3115 3467 3316 3539; x_wconf 80' lang='grc' dir='ltr'><strong>μέλιτι,</strong></span> <span class='ocrx_word' id='word_1_566' title='bbox 3345 3466 3614 3539; x_wconf 87' lang='grc' dir='ltr'><strong>παρέχειν</strong></span> 
     </span>
    </p>
   </div>
   <div class='ocr_carea' id='block_1_80' title="bbox 2031 3557 3610 3631">
    <p class='ocr_par' dir='ltr' id='par_1_80' title="bbox 2031 3557 3610 3631">
     <span class='ocr_line' id='line_1_80' title="bbox 2031 3557 3610 3631; baseline -0.001 -18"><span class='ocrx_word' id='word_1_567' title='bbox 2031 3559 2088 3613; x_wconf 86' lang='grc' dir='ltr'>δὲ</span> <span class='ocrx_word' id='word_1_568' title='bbox 2113 3558 2208 3613; x_wconf 79' lang='grc' dir='ltr'><strong>νῦν</strong></span> <span class='ocrx_word' id='word_1_569' title='bbox 2236 3559 2334 3630; x_wconf 81' lang='grc' dir='ltr'><strong>μὲν</strong></span> <span class='ocrx_word' id='word_1_570' title='bbox 2359 3559 2550 3631; x_wconf 84' lang='grc' dir='ltr'><strong>ἄρτου,</strong></span> <span class='ocrx_word' id='word_1_571' title='bbox 2580 3559 2677 3614; x_wconf 87' lang='grc' dir='ltr'><strong>νῦν</strong></span> <span class='ocrx_word' id='word_1_572' title='bbox 2700 3560 2759 3614; x_wconf 84' lang='grc' dir='ltr'>δὲ</span> <span class='ocrx_word' id='word_1_573' title='bbox 2793 3559 2972 3631; x_wconf 86' lang='grc' dir='ltr'><strong>κρέως</strong></span> <span class='ocrx_word' id='word_1_574' title='bbox 2991 3576 3006 3591; x_wconf 89' lang='grc'><strong>·</strong></span> <span class='ocrx_word' id='word_1_575' title='bbox 3039 3560 3133 3613; x_wconf 80' lang='grc' dir='ltr'><strong>καὶ</strong></span> <span class='ocrx_word' id='word_1_576' title='bbox 3171 3558 3353 3631; x_wconf 85' lang='grc' dir='ltr'><strong>κρέως</strong></span> <span class='ocrx_word' id='word_1_577' title='bbox 3378 3557 3610 3623; x_wconf 80' lang='grc' dir='ltr'>τοιοῦδε,</span> 
     </span>
    </p>
   </div>
   <div class='ocr_carea' id='block_1_81' title="bbox 2031 3649 3612 3723">
    <p class='ocr_par' dir='ltr' id='par_1_81' title="bbox 2031 3649 3612 3723">
     <span class='ocr_line' id='line_1_81' title="bbox 2031 3649 3612 3723; baseline 0 -19"><span class='ocrx_word' id='word_1_578' title='bbox 2031 3651 2065 3722; x_wconf 83' lang='grc' dir='ltr'>ἣ</span> <span class='ocrx_word' id='word_1_579' title='bbox 2094 3650 2343 3706; x_wconf 77' lang='grc' dir='ltr'><strong>πετεινοῦ</strong></span> <span class='ocrx_word' id='word_1_580' title='bbox 2372 3652 2404 3723; x_wconf 84' lang='grc' dir='ltr'>ἢ</span> <span class='ocrx_word' id='word_1_581' title='bbox 2428 3651 2685 3723; x_wconf 83' lang='grc' dir='ltr'><strong>χερσαίου</strong></span> <span class='ocrx_word' id='word_1_582' title='bbox 2708 3668 2722 3682; x_wconf 89' lang='grc'>·</span> <span class='ocrx_word' id='word_1_583' title='bbox 2755 3650 2852 3705; x_wconf 83' lang='grc' dir='ltr'><strong>νῦν</strong></span> <span class='ocrx_word' id='word_1_584' title='bbox 2884 3651 2942 3704; x_wconf 83' lang='grc' dir='ltr'>δὲ</span> <span class='ocrx_word' id='word_1_585' title='bbox 2968 3651 3223 3722; x_wconf 82' lang='grc' dir='ltr'><strong>λαχάνου,</strong></span> <span class='ocrx_word' id='word_1_586' title='bbox 3253 3652 3348 3704; x_wconf 73' lang='grc' dir='ltr'><strong>καὶ</strong></span> <span class='ocrx_word' id='word_1_587' title='bbox 3373 3649 3612 3722; x_wconf 79' lang='grc' dir='ltr'>λαχάνου</span> 
     </span>
    </p>
   </div>
   <div class='ocr_carea' id='block_1_82' title="bbox 2029 3740 3615 3815">
    <p class='ocr_par' dir='ltr' id='par_1_82' title="bbox 2029 3740 3615 3815">
     <span class='ocr_line' id='line_1_82' title="bbox 2029 3740 3615 3815; baseline 0 -19"><span class='ocrx_word' id='word_1_588' title='bbox 2029 3742 2127 3796; x_wconf 83' lang='grc' dir='ltr'><strong>τοῦ</strong></span> <span class='ocrx_word' id='word_1_589' title='bbox 2162 3743 2307 3798; x_wconf 83' lang='grc' dir='ltr'><strong>κατὰ</strong></span> <span class='ocrx_word' id='word_1_590' title='bbox 2337 3745 2436 3815; x_wconf 81' lang='grc' dir='ltr'><strong>τὴν</strong></span> <span class='ocrx_word' id='word_1_591' title='bbox 2471 3743 2768 3815; x_wconf 79' lang='grc' dir='ltr'><strong>ἐπιθυμίαν</strong></span> <span class='ocrx_word' id='word_1_592' title='bbox 2798 3745 3030 3799; x_wconf 79' lang='grc' dir='ltr'><strong>ἑκάστου</strong></span> <span class='ocrx_word' id='word_1_593' title='bbox 3051 3758 3066 3767; x_wconf 84' lang='grc'><strong>’</strong></span> <span class='ocrx_word' id='word_1_594' title='bbox 3100 3743 3195 3797; x_wconf 78' lang='grc' dir='ltr'><strong>καὶ</strong></span> <span class='ocrx_word' id='word_1_595' title='bbox 3222 3741 3425 3814; x_wconf 84' lang='grc' dir='ltr'><strong>ίχθύος,</strong></span> <span class='ocrx_word' id='word_1_596' title='bbox 3453 3742 3531 3805; x_wconf 81' lang='grc' dir='ltr'><strong>ὡς</strong></span> <span class='ocrx_word' id='word_1_597' title='bbox 3549 3740 3615 3797; x_wconf 67' lang='grc' dir='ltr'><strong>νδ</strong></span> 
     </span>
    </p>
   </div>
   <div class='ocr_carea' id='block_1_83' title="bbox 2035 3831 3613 3906">
    <p class='ocr_par' dir='ltr' id='par_1_83' title="bbox 2035 3831 3613 3906">
     <span class='ocr_line' id='line_1_83' title="bbox 2035 3831 3613 3906; baseline 0.001 -20"><span class='ocrx_word' id='word_1_598' title='bbox 2035 3833 2234 3905; x_wconf 83' lang='grc' dir='ltr'><strong>ίδίωμα</strong></span> <span class='ocrx_word' id='word_1_599' title='bbox 2276 3835 2376 3906; x_wconf 79' lang='grc' dir='ltr'><strong>τῆς</strong></span> <span class='ocrx_word' id='word_1_600' title='bbox 2415 3834 2536 3888; x_wconf 85' lang='grc' dir='ltr'><strong>καθ’</strong></span> <span class='ocrx_word' id='word_1_601' title='bbox 2561 3835 2791 3890; x_wconf 74' lang='grc' dir='ltr'><strong>ἕκαστον</strong></span> <span class='ocrx_word' id='word_1_602' title='bbox 2831 3836 2988 3904; x_wconf 85' lang='grc' dir='ltr'><strong>γένος</strong></span> <span class='ocrx_word' id='word_1_603' title='bbox 3030 3835 3315 3897; x_wconf 72' lang='grc' dir='ltr'><strong>ποιότητος</strong></span> <span class='ocrx_word' id='word_1_604' title='bbox 3361 3831 3613 3904; x_wconf 76' lang='grc' dir='ltr'><strong>ἀκριϐῶς</strong></span> 
     </span>
    </p>
   </div>
   <div class='ocr_carea' id='block_1_84' title="bbox 2031 3990 3612 4064">
    <p class='ocr_par' dir='ltr' id='par_1_84' title="bbox 2031 3990 3612 4064">
     <span class='ocr_line' id='line_1_84' title="bbox 2031 3990 3612 4064; baseline -0.001 -16"><span class='ocrx_word' id='word_1_605' title='bbox 2031 4001 2217 4064; x_wconf 88' lang='lat' dir='ltr'><strong>petere</strong></span> <span class='ocrx_word' id='word_1_606' title='bbox 2251 4001 2540 4055; x_wconf 82' lang='lat' dir='ltr'><strong>statuerat,</strong></span> <span class='ocrx_word' id='word_1_607' title='bbox 2575 4002 2636 4048; x_wconf 93' lang='lat' dir='ltr'><strong>ut</strong></span> <span class='ocrx_word' id='word_1_608' title='bbox 2672 3993 2833 4064; x_wconf 79' lang='lat' dir='ltr'><strong>amici</strong></span> <span class='ocrx_word' id='word_1_609' title='bbox 2864 3992 3061 4048; x_wconf 88' lang='lat' dir='ltr'><strong>domus</strong></span> <span class='ocrx_word' id='word_1_610' title='bbox 3099 4006 3355 4062; x_wconf 82' lang='lat' dir='ltr'><strong>magnum</strong></span> <span class='ocrx_word' id='word_1_611' title='bbox 3385 3990 3612 4064; x_wconf 85' lang='lat' dir='ltr'><strong>aliquod</strong></span> 
     </span>
    </p>
   </div>
   <div class='ocr_carea' id='block_1_85' title="bbox 2032 4062 3614 4134">
    <p class='ocr_par' dir='ltr' id='par_1_85' title="bbox 2032 4062 3614 4134">
     <span class='ocr_line' id='line_1_85' title="bbox 2032 4062 3614 4134; baseline -0.003 -15"><span class='ocrx_word' id='word_1_612' title='bbox 2032 4062 2435 4119; x_wconf 85' lang='lat' dir='ltr'><strong>incommodum</strong></span> <span class='ocrx_word' id='word_1_613' title='bbox 2461 4064 2739 4134; x_wconf 70' lang='lat' dir='ltr'><strong>effugeret.</strong></span> <span class='ocrx_word' id='word_1_614' title='bbox 2777 4062 2945 4118; x_wconf 80' lang='lat' dir='ltr'><strong>Porro</strong></span> <span class='ocrx_word' id='word_1_615' title='bbox 2978 4064 3029 4117; x_wconf 91' lang='lat' dir='ltr'><strong>in</strong></span> <span class='ocrx_word' id='word_1_616' title='bbox 3055 4064 3199 4134; x_wconf 85' lang='lat' dir='ltr'><strong>hunc</strong></span> <span class='ocrx_word' id='word_1_617' title='bbox 3234 4077 3410 4116; x_wconf 87' lang='lat' dir='ltr'><strong>usum</strong></span> <span class='ocrx_word' id='word_1_618' title='bbox 3431 4063 3614 4134; x_wconf 67' lang='lat' dir='ltr'><strong>impie-</strong></span> 
     </span>
    </p>
   </div>
   <div class='ocr_carea' id='block_1_86' title="bbox 2030 4133 3613 4196">
    <p class='ocr_par' dir='ltr' id='par_1_86' title="bbox 2030 4133 3613 4196">
     <span class='ocr_line' id='line_1_86' title="bbox 2030 4133 3613 4196; baseline -0.003 -9"><span class='ocrx_word' id='word_1_619' title='bbox 2030 4137 2167 4188; x_wconf 89' lang='lat' dir='ltr'><strong>trari</strong></span> <span class='ocrx_word' id='word_1_620' title='bbox 2205 4136 2450 4190; x_wconf 89' lang='lat' dir='ltr'><strong>solebant</strong></span> <span class='ocrx_word' id='word_1_621' title='bbox 2476 4135 2736 4195; x_wconf 80' lang='lat' dir='ltr'><strong>codicilli,</strong></span> <span class='ocrx_word' id='word_1_622' title='bbox 2771 4142 2829 4187; x_wconf 89' lang='lat' dir='ltr'><strong>ut</strong></span> <span class='ocrx_word' id='word_1_623' title='bbox 2864 4134 3039 4196; x_wconf 89' lang='lat' dir='ltr'><strong>curia,</strong></span> <span class='ocrx_word' id='word_1_624' title='bbox 3076 4133 3161 4186; x_wconf 86' lang='lat' dir='ltr'><strong>vel</strong></span> <span class='ocrx_word' id='word_1_625' title='bbox 3189 4134 3383 4186; x_wconf 85' lang='lat' dir='ltr'><strong>saltem</strong></span> <span class='ocrx_word' id='word_1_626' title='bbox 3412 4133 3613 4186; x_wconf 88' lang='lat' dir='ltr'><strong>duum-</strong></span> 
     </span>
    </p>
   </div>
   <div class='ocr_carea' id='block_1_87' title="bbox 2035 4200 3612 4260">
    <p class='ocr_par' dir='ltr' id='par_1_87' title="bbox 2035 4200 3612 4260">
     <span class='ocr_line' id='line_1_87' title="bbox 2035 4200 3612 4260; baseline -0.001 -3"><span class='ocrx_word' id='word_1_627' title='bbox 2035 4207 2243 4260; x_wconf 84' lang='lat' dir='ltr'><strong>viratus</strong></span> <span class='ocrx_word' id='word_1_628' title='bbox 2288 4213 2343 4260; x_wconf 92' lang='lat' dir='ltr'><strong>et</strong></span> <span class='ocrx_word' id='word_1_629' title='bbox 2375 4207 2615 4260; x_wconf 85' lang='lat' dir='ltr'><strong>civitatis</strong></span> <span class='ocrx_word' id='word_1_630' title='bbox 2663 4219 2796 4258; x_wconf 88' lang='lat' dir='ltr'><strong>cura</strong></span> <span class='ocrx_word' id='word_1_631' title='bbox 2825 4204 3148 4258; x_wconf 89' lang='lat' dir='ltr'><strong>vitarentur.</strong></span> <span class='ocrx_word' id='word_1_632' title='bbox 3194 4200 3379 4257; x_wconf 89' lang='lat' dir='ltr'><strong>Prelio</strong></span> <span class='ocrx_word' id='word_1_633' title='bbox 3427 4210 3612 4256; x_wconf 80' lang='lat' dir='ltr'><strong>autem</strong></span> 
     </span>
    </p>
   </div>
   <div class='ocr_carea' id='block_1_88' title="bbox 2031 4270 3612 4344">
    <p class='ocr_par' dir='ltr' id='par_1_88' title="bbox 2031 4270 3612 4344">
     <span class='ocr_line' id='line_1_88' title="bbox 2031 4270 3612 4344; baseline -0.003 -15"><span class='ocrx_word' id='word_1_634' title='bbox 2031 4275 2352 4344; x_wconf 83' lang='lat' dir='ltr'><strong>impetratos</strong></span> <span class='ocrx_word' id='word_1_635' title='bbox 2404 4291 2514 4331; x_wconf 88' lang='lat' dir='ltr'><strong>non</strong></span> <span class='ocrx_word' id='word_1_636' title='bbox 2544 4276 2707 4328; x_wconf 89' lang='lat' dir='ltr'><strong>modo</strong></span> <span class='ocrx_word' id='word_1_637' title='bbox 2750 4274 2897 4327; x_wconf 88' lang='lat' dir='ltr'><strong>nulla</strong></span> <span class='ocrx_word' id='word_1_638' title='bbox 2941 4272 3281 4344; x_wconf 74' lang='lat' dir='ltr'><strong>imtnunitas,</strong></span> <span class='ocrx_word' id='word_1_639' title='bbox 3314 4270 3612 4344; x_wconf 77' lang='lat' dir='ltr'><strong>sed_etian1</strong></span> 
     </span>
    </p>
   </div>
   <div class='ocr_carea' id='block_1_89' title="bbox 2032 4341 3610 4414">
    <p class='ocr_par' dir='ltr' id='par_1_89' title="bbox 2032 4341 3610 4414">
     <span class='ocr_line' id='line_1_89' title="bbox 2032 4341 3610 4414; baseline -0.002 -18"><span class='ocrx_word' id='word_1_640' title='bbox 2032 4341 2200 4399; x_wconf 83' lang='lat' dir='ltr'><strong>multa</strong></span> <span class='ocrx_word' id='word_1_641' title='bbox 2242 4346 2598 4414; x_wconf 89' lang='lat' dir='ltr'><strong>sequebatur,</strong></span> <span class='ocrx_word' id='word_1_642' title='bbox 2647 4352 2707 4399; x_wconf 92' lang='lat' dir='ltr'><strong>ut</strong></span> <span class='ocrx_word' id='word_1_643' title='bbox 2749 4344 3080 4414; x_wconf 88' lang='lat' dir='ltr'><strong>perspicitur</strong></span> <span class='ocrx_word' id='word_1_644' title='bbox 3100 4359 3163 4397; x_wconf 74' lang='lat' dir='ltr'><strong>ex</strong></span> <span class='ocrx_word' id='word_1_645' title='bbox 3212 4341 3346 4414; x_wconf 79' lang='lat' dir='ltr'><strong>Cod.</strong></span> <span class='ocrx_word' id='word_1_646' title='bbox 3380 4341 3610 4414; x_wconf 73' lang='lat' dir='ltr'><strong>_Tlreod.</strong></span> 
     </span>
    </p>
   </div>
   <div class='ocr_carea' id='block_1_90' title="bbox 2032 4411 3614 4481">
    <p class='ocr_par' dir='ltr' id='par_1_90' title="bbox 2032 4411 3614 4481">
     <span class='ocr_line' id='line_1_90' title="bbox 2032 4411 3614 4481; baseline -0.003 -13"><span class='ocrx_word' id='word_1_647' title='bbox 2032 4414 2129 4469; x_wconf 85' lang='lat' dir='ltr'><strong>lib.</strong></span> <span class='ocrx_word' id='word_1_648' title='bbox 2167 4430 2242 4477; x_wconf 86' lang='lat' dir='ltr'><strong>vt,</strong></span> <span class='ocrx_word' id='word_1_649' title='bbox 2277 4411 2362 4471; x_wconf 82' lang='lat' dir='ltr'><strong>tit.</strong></span> <span class='ocrx_word' id='word_1_650' title='bbox 2387 4414 2477 4469; x_wconf 71' lang='lat'><strong>22.</strong></span> <span class='ocrx_word' id='word_1_651' title='bbox 2507 4415 2599 4468; x_wconf 89' lang='lat' dir='ltr'><strong>Sic</strong></span> <span class='ocrx_word' id='word_1_652' title='bbox 2632 4411 2774 4468; x_wconf 84' lang='lat' dir='ltr'><strong>enim</strong></span> <span class='ocrx_word' id='word_1_653' title='bbox 2809 4411 2969 4467; x_wconf 70' lang='lat' dir='ltr'><strong>habet</strong></span> <span class='ocrx_word' id='word_1_654' title='bbox 3000 4415 3085 4468; x_wconf 84' lang='lat' dir='ltr'><strong>lex</strong></span> <span class='ocrx_word' id='word_1_655' title='bbox 3115 4413 3356 4468; x_wconf 89' lang='lat' dir='ltr'><strong>secunda</strong></span> <span class='ocrx_word' id='word_1_656' title='bbox 3375 4411 3614 4481; x_wconf 80' lang='lat' dir='ltr'><strong>impera-</strong></span> 
     </span>
    </p>
   </div>
   <div class='ocr_carea' id='block_1_91' title="bbox 359 4477 3613 4551">
    <p class='ocr_par' dir='ltr' id='par_1_91' title="bbox 359 4477 3613 4551">
     <span class='ocr_line' id='line_1_91' title="bbox 359 4477 3613 4551; baseline 0.002 -22"><span class='ocrx_word' id='word_1_657' title='bbox 359 4478 637 4551; x_wconf 73' lang='lat' dir='ltr'><strong>canonica:</strong></span> <span class='ocrx_word' id='word_1_658' title='bbox 661 4494 674 4542; x_wconf 93' lang='lat'><strong>;</strong></span> <span class='ocrx_word' id='word_1_659' title='bbox 700 4491 942 4551; x_wconf 68' lang='lat' dir='ltr'><strong>eumque</strong></span> <span class='ocrx_word' id='word_1_660' title='bbox 962 4478 1434 4551; x_wconf 27' lang='lat' dir='ltr'><strong>alia‘superesseqt</strong></span> <span class='ocrx_word' id='word_1_661' title='bbox 1450 4479 1646 4548; x_wconf 79' lang='lat' dir='ltr'><strong>Oppida</strong></span> <span class='ocrx_word' id='word_1_662' title='bbox 1670 4478 1928 4551; x_wconf 80' lang='lat' dir='ltr'><strong>episcopo</strong></span> <span class='ocrx_word' id='word_1_663' title='bbox 1962 4477 2004 4531; x_wconf 91' lang='lat' dir='ltr'><strong>D</strong></span> <span class='ocrx_word' id='word_1_664' title='bbox 2032 4486 2168 4538; x_wconf 81' lang='lat' dir='ltr'><strong>loris</strong></span> <span class='ocrx_word' id='word_1_665' title='bbox 2200 4484 2506 4540; x_wconf 77' lang='lat' dir='ltr'><strong>Constantii</strong></span> <span class='ocrx_word' id='word_1_666' title='bbox 2543 4505 2557 4539; x_wconf 82' lang='lat'>:</span> <span class='ocrx_word' id='word_1_667' title='bbox 2586 4484 2665 4537; x_wconf 78' lang='lat' dir='ltr'><strong>Ab</strong></span> <span class='ocrx_word' id='word_1_668' title='bbox 2700 4485 2981 4537; x_wconf 81' lang='lat' dir='ltr'><strong>honoribus</strong></span> <span class='ocrx_word' id='word_1_669' title='bbox 3028 4484 3325 4537; x_wconf 81' lang='lat' dir='ltr'><strong>mercandis</strong></span> <span class='ocrx_word' id='word_1_670' title='bbox 3355 4477 3472 4548; x_wconf 72' lang='grc' dir='ltr'><strong>μετ’</strong></span> <span class='ocrx_word' id='word_1_671' title='bbox 3494 4482 3613 4547; x_wconf 76' lang='lat' dir='ltr'><strong>saf-</strong></span> 
     </span>
    </p>
   </div>
   <div class='ocr_carea' id='block_1_92' title="bbox 359 4545 1930 4616">
    <p class='ocr_par' dir='ltr' id='par_1_92' title="bbox 359 4545 1930 4616">
     <span class='ocr_line' id='line_1_92' title="bbox 359 4545 1930 4616; baseline -0.001 -15"><span class='ocrx_word' id='word_1_672' title='bbox 359 4548 651 4613; x_wconf 77' lang='lat' dir='ltr'><strong>destituta;</strong></span> <span class='ocrx_word' id='word_1_673' title='bbox 698 4545 952 4609; x_wconf 79' lang='lat' dir='ltr'><strong>Basilius,</strong></span> <span class='ocrx_word' id='word_1_674' title='bbox 983 4546 1075 4615; x_wconf 85' lang='lat' dir='ltr'><strong>qui</strong></span> <span class='ocrx_word' id='word_1_675' title='bbox 1111 4563 1275 4601; x_wconf 89' lang='lat' dir='ltr'><strong>unum</strong></span> <span class='ocrx_word' id='word_1_676' title='bbox 1324 4545 1558 4616; x_wconf 76' lang='lat' dir='ltr'><strong>aliquem</strong></span> <span class='ocrx_word' id='word_1_677' title='bbox 1589 4564 1619 4602; x_wconf 91' lang='lat' dir='ltr'><strong>e</strong></span> <span class='ocrx_word' id='word_1_678' title='bbox 1645 4545 1747 4601; x_wconf 87' lang='lat' dir='ltr'><strong>suo</strong></span> <span class='ocrx_word' id='word_1_679' title='bbox 1780 4545 1930 4602; x_wconf 85' lang='lat' dir='ltr'><strong>clero</strong></span> 
     </span>
    </p>
   </div>
   <div class='ocr_carea' id='block_1_93' title="bbox 356 4616 1929 4688">
    <p class='ocr_par' dir='ltr' id='par_1_93' title="bbox 356 4616 1929 4688">
     <span class='ocr_line' id='line_1_93' title="bbox 356 4616 1929 4688; baseline -0.001 -17"><span class='ocrx_word' id='word_1_680' title='bbox 356 4617 713 4688; x_wconf 86' lang='lat' dir='ltr'><strong>promiserat,</strong></span> <span class='ocrx_word' id='word_1_681' title='bbox 745 4632 844 4670; x_wconf 88' lang='lat' dir='ltr'><strong>nec</strong></span> <span class='ocrx_word' id='word_1_682' title='bbox 865 4632 989 4688; x_wconf 90' lang='lat' dir='ltr'><strong>eum</strong></span> <span class='ocrx_word' id='word_1_683' title='bbox 1013 4616 1204 4688; x_wconf 79' lang='lat' dir='ltr'><strong>morbo</strong></span> <span class='ocrx_word' id='word_1_684' title='bbox 1219 4618 1559 4672; x_wconf 85' lang='lat' dir='ltr'><strong>debilitatum</strong></span> <span class='ocrx_word' id='word_1_685' title='bbox 1586 4626 1640 4673; x_wconf 89' lang='lat' dir='ltr'><strong>et</strong></span> <span class='ocrx_word' id='word_1_686' title='bbox 1668 4619 1929 4685; x_wconf 84' lang='lat' dir='ltr'><strong>imparem</strong></span> 
     </span>
    </p>
   </div>
   <div class='ocr_carea' id='block_1_94' title="bbox 357 4686 1932 4758">
    <p class='ocr_par' dir='ltr' id='par_1_94' title="bbox 357 4686 1932 4758">
     <span class='ocr_line' id='line_1_94' title="bbox 357 4686 1932 4758; baseline -0.001 -15"><span class='ocrx_word' id='word_1_687' title='bbox 357 4686 766 4758; x_wconf 79' lang='lat' dir='ltr'><strong>episc0palibus</strong></span> <span class='ocrx_word' id='word_1_688' title='bbox 793 4687 995 4758; x_wconf 88' lang='lat' dir='ltr'><strong>muniis</strong></span> <span class='ocrx_word' id='word_1_689' title='bbox 1015 4686 1214 4740; x_wconf 81' lang='lat' dir='ltr'><strong>factum</strong></span> <span class='ocrx_word' id='word_1_690' title='bbox 1239 4689 1452 4743; x_wconf 88' lang='lat' dir='ltr'><strong>mittere</strong></span> <span class='ocrx_word' id='word_1_691' title='bbox 1469 4695 1706 4757; x_wconf 88' lang='lat' dir='ltr'><strong>poterat,</strong></span> <span class='ocrx_word' id='word_1_692' title='bbox 1724 4697 1932 4758; x_wconf 86' lang='lat' dir='ltr'><strong>auctor</strong></span> 
     </span>
    </p>
   </div>
   <div class='ocr_carea' id='block_1_95' title="bbox 356 4757 1932 4828">
    <p class='ocr_par' dir='ltr' id='par_1_95' title="bbox 356 4757 1932 4828">
     <span class='ocr_line' id='line_1_95' title="bbox 356 4757 1932 4828; baseline -0.001 -15"><span class='ocrx_word' id='word_1_693' title='bbox 356 4757 441 4813; x_wconf 70' lang='lat' dir='ltr'><strong>est</strong></span> <span class='ocrx_word' id='word_1_694' title='bbox 486 4757 871 4828; x_wconf 71' lang='lat' dir='ltr'><strong>Atiiphilocltio</strong></span> <span class='ocrx_word' id='word_1_695' title='bbox 905 4759 958 4810; x_wconf 91' lang='lat' dir='ltr'><strong>in</strong></span> <span class='ocrx_word' id='word_1_696' title='bbox 1014 4759 1200 4810; x_wconf 88' lang='lat' dir='ltr'><strong>eadem</strong></span> <span class='ocrx_word' id='word_1_697' title='bbox 1248 4759 1478 4828; x_wconf 76' lang='lat' dir='ltr'><strong>epistola</strong></span> <span class='ocrx_word' id='word_1_698' title='bbox 1538 4757 1837 4828; x_wconf 83' lang='lat' dir='ltr'><strong>canonica,</strong></span> <span class='ocrx_word' id='word_1_699' title='bbox 1872 4764 1932 4811; x_wconf 92' lang='lat' dir='ltr'><strong>ut</strong></span> 
     </span>
    </p>
   </div>
   <div class='ocr_carea' id='block_1_96' title="bbox 356 4826 1931 4899">
    <p class='ocr_par' dir='ltr' id='par_1_96' title="bbox 356 4826 1931 4899">
     <span class='ocr_line' id='line_1_96' title="bbox 356 4826 1931 4899; baseline 0 -18"><span class='ocrx_word' id='word_1_700' title='bbox 356 4826 688 4899; x_wconf 68' lang='lat' dir='ltr'><strong>a‘iquenfcx</strong></span> <span class='ocrx_word' id='word_1_701' title='bbox 714 4842 905 4883; x_wconf 84' lang='lat' dir='ltr'><strong>recens</strong></span> <span class='ocrx_word' id='word_1_702' title='bbox 937 4828 1243 4895; x_wconf 84' lang='lat' dir='ltr'><strong>baptizatis,</strong></span> <span class='ocrx_word' id='word_1_703' title='bbox 1276 4829 1380 4880; x_wconf 85' lang='lat' dir='ltr'><strong>sive</strong></span> <span class='ocrx_word' id='word_1_704' title='bbox 1422 4826 1732 4881; x_wconf 83' lang='lat' dir='ltr'><strong>Macedonio</strong></span> <span class='ocrx_word' id='word_1_705' title='bbox 1756 4827 1931 4881; x_wconf 82' lang='lat' dir='ltr'><strong>videa-</strong></span> 
     </span>
    </p>
   </div>
   <div class='ocr_carea' id='block_1_97' title="bbox 358 4899 1447 4965">
    <p class='ocr_par' dir='ltr' id='par_1_97' title="bbox 358 4899 1447 4965">
     <span class='ocr_line' id='line_1_97' title="bbox 358 4899 1447 4965; baseline 0 -14"><span class='ocrx_word' id='word_1_706' title='bbox 358 4909 467 4961; x_wconf 81' lang='lat' dir='ltr'><strong>tur,</strong></span> <span class='ocrx_word' id='word_1_707' title='bbox 496 4899 605 4952; x_wconf 82' lang='lat' dir='ltr'><strong>sive</strong></span> <span class='ocrx_word' id='word_1_708' title='bbox 633 4915 760 4962; x_wconf 87' lang='lat' dir='ltr'><strong>non,</strong></span> <span class='ocrx_word' id='word_1_709' title='bbox 786 4899 1099 4965; x_wconf 85' lang='lat' dir='ltr'><strong>episcOpum</strong></span> <span class='ocrx_word' id='word_1_710' title='bbox 1134 4900 1447 4952; x_wconf 82' lang='lat' dir='ltr'><strong>constituat.</strong></span> 
     </span>
    </p>
   </div>
   <div class='ocr_carea' id='block_1_98' title="bbox 429 4966 1932 5040">
    <p class='ocr_par' dir='ltr' id='par_1_98' title="bbox 429 4966 1932 5040">
     <span class='ocr_line' id='line_1_98' title="bbox 429 4966 1932 5040; baseline 0 -16"><span class='ocrx_word' id='word_1_711' title='bbox 429 4967 541 5040; x_wconf 64' lang='lat'><strong>(:29)</strong></span> <span class='ocrx_word' id='word_1_712' title='bbox 570 4967 993 5037; x_wconf 71' lang='grc' dir='ltr'><strong>κυριωτέρους.</strong></span> <span class='ocrx_word' id='word_1_713' title='bbox 1026 4966 1287 5040; x_wconf 72' lang='lat' dir='ltr'><strong>Quamvis</strong></span> <span class='ocrx_word' id='word_1_714' title='bbox 1336 4969 1413 5022; x_wconf 86' lang='lat' dir='ltr'><strong>ita</strong></span> <span class='ocrx_word' id='word_1_715' title='bbox 1450 4968 1689 5023; x_wconf 87' lang='lat' dir='ltr'><strong>habeant</strong></span> <span class='ocrx_word' id='word_1_716' title='bbox 1726 4983 1932 5040; x_wconf 81' lang='lat' dir='ltr'><strong>omnes</strong></span> 
     </span>
    </p>
   </div>
   <div class='ocr_carea' id='block_1_99' title="bbox 359 5038 1934 5108">
    <p class='ocr_par' dir='ltr' id='par_1_99' title="bbox 359 5038 1934 5108">
     <span class='ocr_line' id='line_1_99' title="bbox 359 5038 1934 5108; baseline 0.001 -16"><span class='ocrx_word' id='word_1_717' title='bbox 359 5053 494 5093; x_wconf 84' lang='lat' dir='ltr'><strong>mss.</strong></span> <span class='ocrx_word' id='word_1_718' title='bbox 522 5038 772 5101; x_wconf 84' lang='lat' dir='ltr'><strong>codices,</strong></span> <span class='ocrx_word' id='word_1_719' title='bbox 798 5042 886 5093; x_wconf 83' lang='lat' dir='ltr'><strong>vix</strong></span> <span class='ocrx_word' id='word_1_720' title='bbox 919 5045 1100 5089; x_wconf 87' lang='lat' dir='ltr'><strong>tamen</strong></span> <span class='ocrx_word' id='word_1_721' title='bbox 1127 5038 1352 5092; x_wconf 90' lang='lat' dir='ltr'><strong>dubium</strong></span> <span class='ocrx_word' id='word_1_722' title='bbox 1382 5039 1515 5108; x_wconf 87' lang='lat' dir='ltr'><strong>quin</strong></span> <span class='ocrx_word' id='word_1_723' title='bbox 1548 5039 1833 5106; x_wconf 75' lang='lat' dir='ltr'><strong>legendum</strong></span> <span class='ocrx_word' id='word_1_724' title='bbox 1863 5040 1934 5093; x_wconf 89' lang='lat' dir='ltr'><strong>sit</strong></span> 
     </span>
    </p>
   </div>
   <div class='ocr_carea' id='block_1_100' title="bbox 359 5108 1932 5179">
    <p class='ocr_par' dir='ltr' id='par_1_100' title="bbox 359 5108 1932 5179">
     <span class='ocr_line' id='line_1_100' title="bbox 359 5108 1932 5179; baseline 0.001 -17"><span class='ocrx_word' id='word_1_725' title='bbox 359 5108 772 5179; x_wconf 83' lang='grc' dir='ltr'><strong>καιριωτέρους,</strong></span> <span class='ocrx_word' id='word_1_726' title='bbox 791 5119 954 5178; x_wconf 90' lang='lat' dir='ltr'><strong>atque</strong></span> <span class='ocrx_word' id='word_1_727' title='bbox 976 5108 1117 5161; x_wconf 79' lang='lat' dir='ltr'><strong>hanc</strong></span> <span class='ocrx_word' id='word_1_728' title='bbox 1134 5108 1422 5163; x_wconf 88' lang='lat' dir='ltr'><strong>lectionem</strong></span> <span class='ocrx_word' id='word_1_729' title='bbox 1444 5111 1497 5163; x_wconf 93' lang='lat' dir='ltr'><strong>in</strong></span> <span class='ocrx_word' id='word_1_730' title='bbox 1525 5110 1932 5179; x_wconf 81' lang='lat' dir='ltr'><strong>interpretando</strong></span> 
     </span>
    </p>
   </div>
   <div class='ocr_carea' id='block_1_101' title="bbox 362 5186 759 5234">
    <p class='ocr_par' dir='ltr' id='par_1_101' title="bbox 362 5186 759 5234">
     <span class='ocr_line' id='line_1_101' title="bbox 362 5186 759 5234; baseline 0.005 -2"><span class='ocrx_word' id='word_1_731' title='bbox 362 5186 584 5234; x_wconf 81' lang='lat' dir='ltr'><strong>secutus</strong></span> <span class='ocrx_word' id='word_1_732' title='bbox 616 5195 759 5234; x_wconf 85' lang='lat' dir='ltr'><strong>smn.</strong></span> 
     </span>
    </p>
   </div>
   <div class='ocr_carea' id='block_1_102' title="bbox 433 5246 1931 5318">
    <p class='ocr_par' dir='ltr' id='par_1_102' title="bbox 433 5246 1931 5318">
     <span class='ocr_line' id='line_1_102' title="bbox 433 5246 1931 5318; baseline 0 -14"><span class='ocrx_word' id='word_1_733' title='bbox 433 5249 546 5316; x_wconf 79' lang='lat'><strong>(30)</strong></span> <span class='ocrx_word' id='word_1_734' title='bbox 579 5249 760 5304; x_wconf 84' lang='grc' dir='ltr'><strong>Δώσει</strong></span> <span class='ocrx_word' id='word_1_735' title='bbox 794 5248 917 5303; x_wconf 80' lang='grc' dir='ltr'><strong>σὺν</strong></span> <span class='ocrx_word' id='word_1_736' title='bbox 949 5247 1112 5318; x_wconf 62' lang='grc' dir='ltr'><strong>ἡμῖν.</strong></span> <span class='ocrx_word' id='word_1_737' title='bbox 1144 5246 1336 5304; x_wconf 86' lang='lat' dir='ltr'><strong>Nullus</strong></span> <span class='ocrx_word' id='word_1_738' title='bbox 1370 5264 1436 5304; x_wconf 84' lang='lat' dir='ltr'><strong>ex</strong></span> <span class='ocrx_word' id='word_1_739' title='bbox 1482 5249 1568 5304; x_wconf 86' lang='lat' dir='ltr'><strong>his</strong></span> <span class='ocrx_word' id='word_1_740' title='bbox 1596 5251 1777 5306; x_wconf 89' lang='lat' dir='ltr'><strong>verbis</strong></span> <span class='ocrx_word' id='word_1_741' title='bbox 1808 5265 1931 5304; x_wconf 82' lang='lat' dir='ltr'><strong>sen-</strong></span> 
     </span>
    </p>
   </div>
   <div class='ocr_carea' id='block_1_103' title="bbox 362 5319 1933 5391">
    <p class='ocr_par' dir='ltr' id='par_1_103' title="bbox 362 5319 1933 5391">
     <span class='ocr_line' id='line_1_103' title="bbox 362 5319 1933 5391; baseline 0 -18"><span class='ocrx_word' id='word_1_742' title='bbox 362 5333 458 5391; x_wconf 82' lang='lat' dir='ltr'><strong>sus</strong></span> <span class='ocrx_word' id='word_1_743' title='bbox 482 5329 770 5391; x_wconf 22' lang='lat' dir='ltr'><strong>eruetur,‘</strong></span> <span class='ocrx_word' id='word_1_744' title='bbox 807 5319 911 5374; x_wconf 91' lang='lat' dir='ltr'><strong>nisi</strong></span> <span class='ocrx_word' id='word_1_745' title='bbox 961 5321 1219 5391; x_wconf 10' lang='lat' dir='ltr'><strong>legamus?</strong></span> <span class='ocrx_word' id='word_1_746' title='bbox 1257 5319 1415 5372; x_wconf 86' lang='grc' dir='ltr'>δώσει</span> <span class='ocrx_word' id='word_1_747' title='bbox 1449 5320 1681 5373; x_wconf 80' lang='grc' dir='ltr'><strong>σύνεσιν.</strong></span> <span class='ocrx_word' id='word_1_748' title='bbox 1728 5321 1933 5376; x_wconf 89' lang='lat' dir='ltr'><strong>Ibidem</strong></span> 
     </span>
    </p>
   </div>
   <div class='ocr_carea' id='block_1_104' title="bbox 362 5388 1933 5460">
    <p class='ocr_par' dir='ltr' id='par_1_104' title="bbox 362 5388 1933 5460">
     <span class='ocr_line' id='line_1_104' title="bbox 362 5388 1933 5460; baseline 0.001 -19"><span class='ocrx_word' id='word_1_749' title='bbox 362 5389 495 5443; x_wconf 84' lang='lat' dir='ltr'><strong>editi</strong></span> <span class='ocrx_word' id='word_1_750' title='bbox 539 5391 677 5460; x_wconf 81' lang='grc' dir='ltr'><strong>πρὸς</strong></span> <span class='ocrx_word' id='word_1_751' title='bbox 703 5388 802 5460; x_wconf 83' lang='grc' dir='ltr'><strong>τῷ,</strong></span> <span class='ocrx_word' id='word_1_752' title='bbox 833 5390 979 5458; x_wconf 91' lang='lat' dir='ltr'><strong>quod</strong></span> <span class='ocrx_word' id='word_1_753' title='bbox 1022 5388 1442 5444; x_wconf 81' lang='lat' dir='ltr'><strong>emendavimus</strong></span> <span class='ocrx_word' id='word_1_754' title='bbox 1489 5407 1591 5460; x_wconf 90' lang='lat' dir='ltr'><strong>ope</strong></span> <span class='ocrx_word' id='word_1_755' title='bbox 1629 5392 1798 5447; x_wconf 81' lang='lat' dir='ltr'><strong>Coisl.</strong></span> <span class='ocrx_word' id='word_1_756' title='bbox 1846 5405 1933 5443; x_wconf 82' lang='lat' dir='ltr'><strong>se-</strong></span> 
     </span>
    </p>
   </div>
   <div class='ocr_carea' id='block_1_105' title="bbox 362 5407 1931 5531">
    <p class='ocr_par' dir='ltr' id='par_1_105' title="bbox 362 5407 1931 5531">
     <span class='ocr_line' id='line_1_105' title="bbox 362 5407 1931 5513; baseline 0.001 -72"><span class='ocrx_word' id='word_1_757' title='bbox 362 5407 495 5443; x_wconf 82' lang='lat' dir='ltr'><strong>enttt</strong></span> <span class='ocrx_word' id='word_1_758' title='bbox 539 5407 677 5513; x_wconf 64' lang='grc' dir='ltr'><strong>προς</strong></span> <span class='ocrx_word' id='word_1_759' title='bbox 703 5407 802 5460; x_wconf 83' lang='grc' dir='ltr'><strong>τῳ,</strong></span> <span class='ocrx_word' id='word_1_760' title='bbox 833 5407 979 5458; x_wconf 91' lang='lat' dir='ltr'><strong>qnou</strong></span> <span class='ocrx_word' id='word_1_761' title='bbox 1029 5407 1442 5444; x_wconf 79' lang='lat' dir='ltr'><strong>emenaawmus</strong></span> <span class='ocrx_word' id='word_1_762' title='bbox 1489 5407 1591 5460; x_wconf 90' lang='lat' dir='ltr'><strong>ope</strong></span> <span class='ocrx_word' id='word_1_763' title='bbox 1629 5407 1798 5447; x_wconf 68' lang='lat' dir='ltr'><strong>LOISI.</strong></span> <span class='ocrx_word' id='word_1_764' title='bbox 1846 5407 1931 5443; x_wconf 86' lang='lat' dir='ltr'><strong>se-</strong></span> 
     </span>
     <span class='ocr_line' id='line_1_106' title="bbox 362 5460 1931 5531; baseline 0.001 -20"><span class='ocrx_word' id='word_1_765' title='bbox 362 5460 553 5531; x_wconf 79' lang='lat' dir='ltr'><strong>cundi.</strong></span> <span class='ocrx_word' id='word_1_766' title='bbox 616 5461 753 5531; x_wconf 2' lang='lat' dir='ltr'><strong>paulo</strong></span> <span class='ocrx_word' id='word_1_767' title='bbox 788 5468 911 5531; x_wconf 61' lang='lat' dir='ltr'><strong>post</strong></span> <span class='ocrx_word' id='word_1_768' title='bbox 940 5475 1126 5515; x_wconf 88' lang='lat' dir='ltr'><strong>vocem</strong></span> <span class='ocrx_word' id='word_1_769' title='bbox 1167 5461 1367 5531; x_wconf 82' lang='grc' dir='ltr'><strong>Κύριος</strong></span> <span class='ocrx_word' id='word_1_770' title='bbox 1402 5460 1710 5516; x_wconf 88' lang='lat' dir='ltr'><strong>addidimus</strong></span> <span class='ocrx_word' id='word_1_771' title='bbox 1734 5478 1799 5516; x_wconf 80' lang='lat' dir='ltr'><strong>ex</strong></span> <span class='ocrx_word' id='word_1_772' title='bbox 1834 5477 1931 5514; x_wconf 86' lang='lat' dir='ltr'><strong>co-</strong></span> 
     </span>
    </p>
   </div>
   <div class='ocr_carea' id='block_1_106' title="bbox 364 5527 1936 5602">
    <p class='ocr_par' dir='ltr' id='par_1_106' title="bbox 364 5527 1936 5602">
     <span class='ocr_line' id='line_1_107' title="bbox 364 5527 1936 5602; baseline 0.003 -21"><span class='ocrx_word' id='word_1_773' title='bbox 364 5527 486 5602; x_wconf 84' lang='lat' dir='ltr'><strong>dice</strong></span> <span class='ocrx_word' id='word_1_774' title='bbox 513 5527 1042 5602; x_wconf 50' lang='lat' dir='ltr'><strong>MedicaaoJVidetur</strong></span> <span class='ocrx_word' id='word_1_775' title='bbox 1076 5527 1267 5585; x_wconf 61' lang='lat' dir='ltr'><strong>antem&#39;</strong></span> <span class='ocrx_word' id='word_1_776' title='bbox 1285 5531 1374 5585; x_wconf 86' lang='lat' dir='ltr'><strong>illa</strong></span> <span class='ocrx_word' id='word_1_777' title='bbox 1396 5531 1654 5602; x_wconf 87' lang='lat' dir='ltr'><strong>dignitas,</strong></span> <span class='ocrx_word' id='word_1_778' title='bbox 1677 5545 1838 5599; x_wconf 82' lang='lat' dir='ltr'><strong>quam</strong></span> <span class='ocrx_word' id='word_1_779' title='bbox 1873 5545 1936 5585; x_wconf 90' lang='lat' dir='ltr'><strong>se</strong></span> 
     </span>
    </p>
   </div>
   <div class='ocr_carea' id='block_1_107' title="bbox 365 5600 1930 5671">
    <p class='ocr_par' dir='ltr' id='par_1_107' title="bbox 365 5600 1930 5671">
     <span class='ocr_line' id='line_1_108' title="bbox 365 5600 1930 5671; baseline 0.002 -21"><span class='ocrx_word' id='word_1_780' title='bbox 365 5600 527 5654; x_wconf 87' lang='lat' dir='ltr'><strong>amici</strong></span> <span class='ocrx_word' id='word_1_781' title='bbox 553 5601 793 5671; x_wconf 73' lang='lat' dir='ltr'><strong>alicujus</strong></span> <span class='ocrx_word' id='word_1_782' title='bbox 826 5615 993 5654; x_wconf 88' lang='lat' dir='ltr'><strong>causa</strong></span> <span class='ocrx_word' id='word_1_783' title='bbox 1022 5603 1323 5670; x_wconf 89' lang='lat' dir='ltr'><strong>petiturum</strong></span> <span class='ocrx_word' id='word_1_784' title='bbox 1365 5600 1636 5671; x_wconf 86' lang='lat' dir='ltr'><strong>promittit</strong></span> <span class='ocrx_word' id='word_1_785' title='bbox 1670 5602 1930 5666; x_wconf 88' lang='lat' dir='ltr'><strong>Basilius,</strong></span> 
     </span>
    </p>
   </div>
   <div class='ocr_carea' id='block_1_108' title="bbox 365 5669 1933 5740">
    <p class='ocr_par' dir='ltr' id='par_1_108' title="bbox 365 5669 1933 5740">
     <span class='ocr_line' id='line_1_109' title="bbox 365 5669 1933 5740; baseline -0.001 -17"><span class='ocrx_word' id='word_1_786' title='bbox 365 5682 473 5723; x_wconf 89' lang='lat' dir='ltr'><strong>non</strong></span> <span class='ocrx_word' id='word_1_787' title='bbox 501 5669 904 5725; x_wconf 81' lang='lat' dir='ltr'><strong>administratio</strong></span> <span class='ocrx_word' id='word_1_788' title='bbox 935 5669 1115 5740; x_wconf 85' lang='lat' dir='ltr'><strong>aliqua</strong></span> <span class='ocrx_word' id='word_1_789' title='bbox 1164 5669 1484 5735; x_wconf 53' lang='lat' dir='ltr'><strong>fuisse,&#39;sed</strong></span> <span class='ocrx_word' id='word_1_790' title='bbox 1521 5678 1731 5727; x_wconf 91' lang='lat' dir='ltr'><strong>tantum</strong></span> <span class='ocrx_word' id='word_1_791' title='bbox 1779 5670 1933 5725; x_wconf 83' lang='lat' dir='ltr'><strong>cedi-</strong></span> 
     </span>
    </p>
   </div>
   <div class='ocr_carea' id='block_1_109' title="bbox 363 5740 1925 5814">
    <p class='ocr_par' dir='ltr' id='par_1_109' title="bbox 363 5740 1925 5814">
     <span class='ocr_line' id='line_1_110' title="bbox 363 5740 1925 5814; baseline 0.001 -20"><span class='ocrx_word' id='word_1_792' title='bbox 363 5740 575 5796; x_wconf 85' lang='lat' dir='ltr'><strong>cillar&#39;ta</strong></span> <span class='ocrx_word' id='word_1_793' title='bbox 599 5740 854 5811; x_wconf 68' lang='lat' dir='ltr'><strong>dignitas.</strong></span> <span class='ocrx_word' id='word_1_794' title='bbox 883 5742 993 5796; x_wconf 82' lang='lat' dir='ltr'><strong>Hoc</strong></span> <span class='ocrx_word' id='word_1_795' title='bbox 1020 5741 1162 5796; x_wconf 88' lang='lat' dir='ltr'><strong>enim</strong></span> <span class='ocrx_word' id='word_1_796' title='bbox 1184 5743 1415 5796; x_wconf 85' lang='lat' dir='ltr'><strong>consilio</strong></span> <span class='ocrx_word' id='word_1_797' title='bbox 1439 5742 1576 5796; x_wconf 87' lang='lat' dir='ltr'><strong>hanc</strong></span> <span class='ocrx_word' id='word_1_798' title='bbox 1608 5743 1925 5814; x_wconf 84' lang='lat' dir='ltr'><strong>dignitatem</strong></span> 
     </span>
    </p>
   </div>
   <div class='ocr_carea' id='block_1_110' title="bbox 2033 4552 3613 4627">
    <p class='ocr_par' dir='ltr' id='par_1_110' title="bbox 2033 4552 3613 4627">
     <span class='ocr_line' id='line_1_111' title="bbox 2033 4552 3613 4627; baseline -0.002 -19"><span class='ocrx_word' id='word_1_799' title='bbox 2033 4555 2234 4627; x_wconf 82' lang='lat' dir='ltr'><strong>{ragia,</strong></span> <span class='ocrx_word' id='word_1_800' title='bbox 2266 4556 2341 4611; x_wconf 83' lang='lat' dir='ltr'><strong>vel</strong></span> <span class='ocrx_word' id='word_1_801' title='bbox 2357 4554 2599 4627; x_wconf 72' lang='lat' dir='ltr'><strong>qualibet</strong></span> <span class='ocrx_word' id='word_1_802' title='bbox 2612 4554 2896 4608; x_wconf 80' lang='lat' dir='ltr'><strong>ambitione</strong></span> <span class='ocrx_word' id='word_1_803' title='bbox 2908 4552 3243 4627; x_wconf 54' lang='lat' dir='ltr'><strong>querendis,</strong></span> <span class='ocrx_word' id='word_1_804' title='bbox 3258 4561 3404 4627; x_wconf 78' lang='lat' dir='ltr'><strong>certa</strong></span> <span class='ocrx_word' id='word_1_805' title='bbox 3437 4553 3613 4627; x_wconf 79' lang='lat' dir='ltr'><strong>multa</strong></span> 
     </span>
    </p>
   </div>
   <div class='ocr_carea' id='block_1_111' title="bbox 2030 4623 3615 4694">
    <p class='ocr_par' dir='ltr' id='par_1_111' title="bbox 2030 4623 3615 4694">
     <span class='ocr_line' id='line_1_112' title="bbox 2030 4623 3615 4694; baseline -0.001 -18"><span class='ocrx_word' id='word_1_806' title='bbox 2030 4623 2298 4692; x_wconf 75' lang='lat' dir='ltr'><strong>prohibuit</strong></span> <span class='ocrx_word' id='word_1_807' title='bbox 2329 4641 2347 4678; x_wconf 93' lang='lat'><strong><em>:</em></strong></span> <span class='ocrx_word' id='word_1_808' title='bbox 2368 4623 2463 4679; x_wconf 77' lang='grc' dir='ltr'><strong>ἐιιί</strong></span> <span class='ocrx_word' id='word_1_809' title='bbox 2497 4624 2763 4687; x_wconf 83' lang='lat' dir='ltr'><strong>addimus,</strong></span> <span class='ocrx_word' id='word_1_810' title='bbox 2797 4636 2854 4677; x_wconf 86' lang='lat' dir='ltr'><strong>ut</strong></span> <span class='ocrx_word' id='word_1_811' title='bbox 2888 4625 3181 4694; x_wconf 81' lang='lat' dir='ltr'><strong>quicunque</strong></span> <span class='ocrx_word' id='word_1_812' title='bbox 3216 4623 3477 4692; x_wconf 79' lang='lat' dir='ltr'><strong>fugientes</strong></span> <span class='ocrx_word' id='word_1_813' title='bbox 3518 4626 3615 4675; x_wconf 78' lang='lat' dir='ltr'><strong>ob-</strong></span> 
     </span>
    </p>
   </div>
   <div class='ocr_carea' id='block_1_112' title="bbox 2033 4694 3614 4765">
    <p class='ocr_par' dir='ltr' id='par_1_112' title="bbox 2033 4694 3614 4765">
     <span class='ocr_line' id='line_1_113' title="bbox 2033 4694 3614 4765; baseline -0.003 -17"><span class='ocrx_word' id='word_1_814' title='bbox 2033 4698 2213 4765; x_wconf 83' lang='lat' dir='ltr'><strong>sequia</strong></span> <span class='ocrx_word' id='word_1_815' title='bbox 2268 4697 2561 4756; x_wconf 86' lang='lat' dir='ltr'><strong>curiarum,</strong></span> <span class='ocrx_word' id='word_1_816' title='bbox 2616 4694 2832 4765; x_wconf 86' lang='lat' dir='ltr'><strong>umbras</strong></span> <span class='ocrx_word' id='word_1_817' title='bbox 2886 4706 2936 4748; x_wconf 88' lang='lat' dir='ltr'><strong>et</strong></span> <span class='ocrx_word' id='word_1_818' title='bbox 2980 4697 3193 4746; x_wconf 88' lang='lat' dir='ltr'><strong>nomina</strong></span> <span class='ocrx_word' id='word_1_819' title='bbox 3246 4694 3614 4763; x_wconf 74' lang='lat' dir='ltr'><strong>aﬂ&#39;ectar-erint</strong></span> 
     </span>
    </p>
   </div>
   <div class='ocr_carea' id='block_1_113' title="bbox 2032 4764 3609 4834">
    <p class='ocr_par' dir='ltr' id='par_1_113' title="bbox 2032 4764 3609 4834">
     <span class='ocr_line' id='line_1_114' title="bbox 2032 4764 3609 4834; baseline -0.003 -17"><span class='ocrx_word' id='word_1_820' title='bbox 2032 4766 2371 4834; x_wconf 81' lang='lat' dir='ltr'><strong>dignitatum,</strong></span> <span class='ocrx_word' id='word_1_821' title='bbox 2411 4767 2636 4819; x_wconf 85' lang='lat' dir='ltr'><strong>tricenas</strong></span> <span class='ocrx_word' id='word_1_822' title='bbox 2668 4764 2833 4818; x_wconf 84' lang='lat' dir='ltr'><strong>libras</strong></span> <span class='ocrx_word' id='word_1_823' title='bbox 2867 4765 3071 4834; x_wconf 86' lang='lat' dir='ltr'><strong>argenti</strong></span> <span class='ocrx_word' id='word_1_824' title='bbox 3102 4765 3299 4825; x_wconf 78' lang='lat' dir='ltr'><strong>inferre</strong></span> <span class='ocrx_word' id='word_1_825' title='bbox 3327 4774 3609 4832; x_wconf 81' lang='lat' dir='ltr'><strong>cogantur,</strong></span> 
     </span>
    </p>
   </div>
   <div class='ocr_carea' id='block_1_114' title="bbox 2033 4835 3613 4905">
    <p class='ocr_par' dir='ltr' id='par_1_114' title="bbox 2033 4835 3613 4905">
     <span class='ocr_line' id='line_1_115' title="bbox 2033 4835 3613 4905; baseline -0.002 -18"><span class='ocrx_word' id='word_1_826' title='bbox 2033 4846 2275 4905; x_wconf 70' lang='lat' dir='ltr'><strong>nutriente</strong></span> <span class='ocrx_word' id='word_1_827' title='bbox 2308 4836 2403 4890; x_wconf 85' lang='lat' dir='ltr'><strong>illa</strong></span> <span class='ocrx_word' id='word_1_828' title='bbox 2438 4836 2723 4905; x_wconf 65' lang='lat' dir='ltr'><strong>prwterita</strong></span> <span class='ocrx_word' id='word_1_829' title='bbox 2752 4835 3009 4889; x_wconf 79' lang='lat' dir='ltr'><strong>iulatione</strong></span> <span class='ocrx_word' id='word_1_830' title='bbox 3051 4835 3194 4905; x_wconf 81' lang='lat' dir='ltr'><strong>auri,</strong></span> <span class='ocrx_word' id='word_1_831' title='bbox 3222 4850 3327 4905; x_wconf 81' lang='lat' dir='ltr'><strong>qua</strong></span> <span class='ocrx_word' id='word_1_832' title='bbox 3358 4843 3613 4905; x_wconf 75' lang='lat' dir='ltr'><strong>perpetua</strong></span> 
     </span>
    </p>
   </div>
   <div class='ocr_carea' id='block_1_115' title="bbox 2032 4902 3613 4975">
    <p class='ocr_par' dir='ltr' id='par_1_115' title="bbox 2032 4902 3613 4975">
     <span class='ocr_line' id='line_1_116' title="bbox 2032 4902 3613 4975; baseline 0 -18"><span class='ocrx_word' id='word_1_833' title='bbox 2032 4904 2143 4975; x_wconf 83' lang='lat' dir='ltr'><strong>lege</strong></span> <span class='ocrx_word' id='word_1_834' title='bbox 2181 4902 2452 4961; x_wconf 83' lang='lat' dir='ltr'><strong>constricti</strong></span> <span class='ocrx_word' id='word_1_835' title='bbox 2497 4916 2640 4960; x_wconf 82' lang='lat' dir='ltr'><strong>sunt.</strong></span> <span class='ocrx_word' id='word_1_836' title='bbox 2677 4902 2834 4960; x_wconf 87' lang='lat' dir='ltr'><strong>Unde</strong></span> <span class='ocrx_word' id='word_1_837' title='bbox 2881 4905 3050 4958; x_wconf 90' lang='lat' dir='ltr'><strong>miror</strong></span> <span class='ocrx_word' id='word_1_838' title='bbox 3082 4902 3613 4975; x_wconf 14' lang='lat' dir='ltr'><strong>BasiliumgabAhac</strong></span> 
     </span>
    </p>
   </div>
   <div class='ocr_carea' id='block_1_116' title="bbox 2033 4972 3613 5031">
    <p class='ocr_par' dir='ltr' id='par_1_116' title="bbox 2033 4972 3613 5031">
     <span class='ocr_line' id='line_1_117' title="bbox 2033 4972 3613 5031; baseline -0.001 -4"><span class='ocrx_word' id='word_1_839' title='bbox 2033 4972 2120 5028; x_wconf 80' lang='lat' dir='ltr'><strong>via</strong></span> <span class='ocrx_word' id='word_1_840' title='bbox 2151 4977 2404 5031; x_wconf 87' lang='lat' dir='ltr'><strong>tentanda</strong></span> <span class='ocrx_word' id='word_1_841' title='bbox 2446 4992 2553 5030; x_wconf 89' lang='lat' dir='ltr'><strong>non</strong></span> <span class='ocrx_word' id='word_1_842' title='bbox 2584 4978 2810 5029; x_wconf 90' lang='lat' dir='ltr'><strong>omnino</strong></span> <span class='ocrx_word' id='word_1_843' title='bbox 2840 4975 3076 5029; x_wconf 89' lang='lat' dir='ltr'><strong>alienum</strong></span> <span class='ocrx_word' id='word_1_844' title='bbox 3107 4974 3294 5029; x_wconf 81' lang='lat' dir='ltr'><strong>fuisse.</strong></span> <span class='ocrx_word' id='word_1_845' title='bbox 3329 4973 3437 5028; x_wconf 90' lang='lat' dir='ltr'><strong>Sed</strong></span> <span class='ocrx_word' id='word_1_846' title='bbox 3469 4972 3613 5026; x_wconf 84' lang='lat' dir='ltr'><strong>forte</strong></span> 
     </span>
    </p>
   </div>
   <div class='ocr_carea' id='block_1_117' title="bbox 2034 5042 3613 5168">
    <p class='ocr_par' dir='ltr' id='par_1_117' title="bbox 2034 5042 3613 5168">
     <span class='ocr_line' id='line_1_118' title="bbox 2034 5042 3613 5168; baseline -0.002 -69"><span class='ocrx_word' id='word_1_847' title='bbox 2034 5046 2295 5168; x_wconf 42' lang='lat' dir='ltr'><strong>hymlleges</strong></span> <span class='ocrx_word' id='word_1_848' title='bbox 2337 5063 2447 5102; x_wconf 90' lang='lat' dir='ltr'><strong>non</strong></span> <span class='ocrx_word' id='word_1_849' title='bbox 2486 5048 2780 5101; x_wconf 87' lang='lat' dir='ltr'><strong>admodum</strong></span> <span class='ocrx_word' id='word_1_850' title='bbox 2811 5052 3068 5102; x_wconf 87' lang='lat' dir='ltr'><strong>accurate</strong></span> <span class='ocrx_word' id='word_1_851' title='bbox 3118 5045 3481 5099; x_wconf 88' lang='lat' dir='ltr'><strong>servabantur</strong></span> <span class='ocrx_word' id='word_1_852' title='bbox 3505 5042 3613 5098; x_wconf 87' lang='lat' dir='ltr'><strong>sub</strong></span> 
     </span>
     <span class='ocr_line' id='line_1_119' title="bbox 2082 5131 2279 5168; baseline 0 0"><span class='ocrx_word' id='word_1_853' title='bbox 2082 5131 2110 5168; x_wconf 67' lang='lat' dir='ltr'><strong>ll</strong></span> <span class='ocrx_word' id='word_1_854' title='bbox 2135 5132 2199 5168; x_wconf 71' lang='lat' dir='ltr'><strong>Cll</strong></span> <span class='ocrx_word' id='word_1_855' title='bbox 2229 5135 2279 5168; x_wconf 90' lang='lat' dir='ltr'><strong>e.</strong></span> 
     </span>
    </p>
   </div>
   <div class='ocr_carea' id='block_1_118' title="bbox 2082 5126 2279 5171">
    <p class='ocr_par' dir='ltr' id='par_1_118' title="bbox 2082 5126 2279 5171">
     <span class='ocr_line' id='line_1_120' title="bbox 2082 5126 2279 5171; baseline 0.01 -2"><span class='ocrx_word' id='word_1_856' title='bbox 2082 5126 2279 5171; x_wconf 81' lang='lat' dir='ltr'><strong>alente.</strong></span> 
     </span>
    </p>
   </div>
   <div class='ocr_carea' id='block_1_119' title="bbox 2105 5180 3609 5259">
    <p class='ocr_par' dir='ltr' id='par_1_119' title="bbox 2105 5180 3609 5259">
     <span class='ocr_line' id='line_1_121' title="bbox 2105 5180 3609 5259; baseline -0.003 -19"><span class='ocrx_word' id='word_1_857' title='bbox 2105 5186 2545 5259; x_wconf 67' lang='lat' dir='ltr'><strong>(5t)_&#39;A.1u:rar.</strong></span> <span class='ocrx_word' id='word_1_858' title='bbox 2564 5184 2681 5259; x_wconf 80' lang='lat' dir='ltr'><strong>Sic</strong></span> <span class='ocrx_word' id='word_1_859' title='bbox 2710 5200 2812 5255; x_wconf 86' lang='lat' dir='ltr'><strong>ope</strong></span> <span class='ocrx_word' id='word_1_860' title='bbox 2840 5185 3091 5242; x_wconf 89' lang='lat' dir='ltr'><strong>codicum</strong></span> <span class='ocrx_word' id='word_1_861' title='bbox 3117 5199 3254 5241; x_wconf 90' lang='lat' dir='ltr'><strong>mss.</strong></span> <span class='ocrx_word' id='word_1_862' title='bbox 3287 5180 3609 5241; x_wconf 85' lang='lat' dir='ltr'><strong>emendavi-</strong></span> 
     </span>
    </p>
   </div>
   <div class='ocr_carea' id='block_1_120' title="bbox 2034 5256 2837 5312">
    <p class='ocr_par' dir='ltr' id='par_1_120' title="bbox 2034 5256 2837 5312">
     <span class='ocr_line' id='line_1_122' title="bbox 2034 5256 2837 5312; baseline -0.001 -3"><span class='ocrx_word' id='word_1_863' title='bbox 2034 5270 2177 5309; x_wconf 89' lang='lat' dir='ltr'><strong>mus.</strong></span> <span class='ocrx_word' id='word_1_864' title='bbox 2199 5256 2339 5312; x_wconf 79' lang='lat' dir='ltr'><strong>Male</strong></span> <span class='ocrx_word' id='word_1_865' title='bbox 2367 5258 2421 5311; x_wconf 88' lang='lat' dir='ltr'><strong>in</strong></span> <span class='ocrx_word' id='word_1_866' title='bbox 2445 5257 2607 5311; x_wconf 82' lang='lat' dir='ltr'><strong>editis</strong></span> <span class='ocrx_word' id='word_1_867' title='bbox 2626 5257 2837 5310; x_wconf 82' lang='grc' dir='ltr'><strong>ἄλυτον.</strong></span> 
     </span>
    </p>
   </div>
   <div class='ocr_carea' id='block_1_121' title="bbox 2109 5325 3220 5394">
    <p class='ocr_par' dir='ltr' id='par_1_121' title="bbox 2109 5325 3220 5394">
     <span class='ocr_line' id='line_1_123' title="bbox 2109 5325 3220 5394; baseline 0.002 -15"><span class='ocrx_word' id='word_1_868' title='bbox 2109 5326 2218 5394; x_wconf 76' lang='grc'><strong>(52)</strong></span> <span class='ocrx_word' id='word_1_869' title='bbox 2252 5330 2333 5381; x_wconf 84' lang='grc' dir='ltr'>Οὐ</span> <span class='ocrx_word' id='word_1_870' title='bbox 2362 5325 2532 5394; x_wconf 75' lang='grc' dir='ltr'>δοκῇ.</span> <span class='ocrx_word' id='word_1_871' title='bbox 2558 5327 2726 5382; x_wconf 86' lang='lat' dir='ltr'><strong>Coisl.</strong></span> <span class='ocrx_word' id='word_1_872' title='bbox 2759 5325 3035 5381; x_wconf 87' lang='lat' dir='ltr'><strong>secundus</strong></span> <span class='ocrx_word' id='word_1_873' title='bbox 3057 5325 3220 5381; x_wconf 83' lang='grc' dir='ltr'>δοκεῖ.</span> 
     </span>
    </p>
   </div>
   <div class='ocr_carea' id='block_1_122' title="bbox 2103 5394 3446 5467">
    <p class='ocr_par' dir='ltr' id='par_1_122' title="bbox 2103 5394 3446 5467">
     <span class='ocr_line' id='line_1_124' title="bbox 2103 5394 3446 5467; baseline 0 -18"><span class='ocrx_word' id='word_1_874' title='bbox 2103 5397 2216 5467; x_wconf 75' lang='grc'><strong>(55)</strong></span> <span class='ocrx_word' id='word_1_875' title='bbox 2254 5394 2576 5464; x_wconf 76' lang='grc' dir='ltr'><strong>Οὐαλερίῳ.</strong></span> <span class='ocrx_word' id='word_1_876' title='bbox 2604 5396 2773 5467; x_wconf 72' lang='lat' dir='ltr'><strong>Coisl.</strong></span> <span class='ocrx_word' id='word_1_877' title='bbox 2807 5398 3081 5452; x_wconf 90' lang='lat' dir='ltr'><strong>secundus</strong></span> <span class='ocrx_word' id='word_1_878' title='bbox 3109 5394 3446 5467; x_wconf 82' lang='grc' dir='ltr'><strong>Οὐαλλερίῳ.</strong></span> 
     </span>
    </p>
   </div>
   <div class='ocr_carea' id='block_1_123' title="bbox 2107 5465 3614 5537">
    <p class='ocr_par' dir='ltr' id='par_1_123' title="bbox 2107 5465 3614 5537">
     <span class='ocr_line' id='line_1_125' title="bbox 2107 5465 3614 5537; baseline 0.001 -19"><span class='ocrx_word' id='word_1_879' title='bbox 2107 5465 2218 5537; x_wconf 72' lang='grc'><strong>(54)</strong></span> <span class='ocrx_word' id='word_1_880' title='bbox 2248 5465 2725 5536; x_wconf 67' lang='grc' dir='ltr'><strong>Καταλειφθεῐσι.</strong></span> <span class='ocrx_word' id='word_1_881' title='bbox 2751 5466 2919 5523; x_wconf 83' lang='lat' dir='ltr'><strong>Coisl.</strong></span> <span class='ocrx_word' id='word_1_882' title='bbox 2952 5467 3164 5537; x_wconf 89' lang='lat' dir='ltr'><strong>primus</strong></span> <span class='ocrx_word' id='word_1_883' title='bbox 3192 5465 3614 5536; x_wconf 60' lang='grc' dir='ltr'><strong>κατιιζληςίώεῖειι⁵</strong></span> 
     </span>
    </p>
   </div>
   <div class='ocr_carea' id='block_1_124' title="bbox 2034 5537 3169 5607">
    <p class='ocr_par' dir='ltr' id='par_1_124' title="bbox 2034 5537 3169 5607">
     <span class='ocr_line' id='line_1_126' title="bbox 2034 5537 3169 5607; baseline 0.002 -18"><span class='ocrx_word' id='word_1_884' title='bbox 2034 5537 2089 5589; x_wconf 88' lang='lat' dir='ltr'><strong>in</strong></span> <span class='ocrx_word' id='word_1_885' title='bbox 2123 5537 2376 5607; x_wconf 66' lang='lat' dir='ltr'><strong>castam,</strong></span> <span class='ocrx_word' id='word_1_886' title='bbox 2406 5539 2460 5590; x_wconf 89' lang='lat' dir='ltr'><strong>in</strong></span> <span class='ocrx_word' id='word_1_887' title='bbox 2494 5554 2596 5607; x_wconf 81' lang='lat' dir='ltr'><strong>quo</strong></span> <span class='ocrx_word' id='word_1_888' title='bbox 2627 5545 2779 5591; x_wconf 88' lang='lat' dir='ltr'><strong>erant</strong></span> <span class='ocrx_word' id='word_1_889' title='bbox 2806 5554 2840 5591; x_wconf 91' lang='lat' dir='ltr'><strong>a</strong></span> <span class='ocrx_word' id='word_1_890' title='bbox 2866 5547 2916 5592; x_wconf 87' lang='lat' dir='ltr'><strong>te</strong></span> <span class='ocrx_word' id='word_1_891' title='bbox 2943 5539 3169 5592; x_wconf 79' lang='lat' dir='ltr'><strong>inventa.</strong></span> 
     </span>
    </p>
   </div>
   <div class='ocr_carea' id='block_1_125' title="bbox 2106 5604 2696 5677">
    <p class='ocr_par' dir='ltr' id='par_1_125' title="bbox 2106 5604 2696 5677">
     <span class='ocr_line' id='line_1_127' title="bbox 2106 5604 2696 5677; baseline 0 -16"><span class='ocrx_word' id='word_1_892' title='bbox 2106 5608 2218 5677; x_wconf 80' lang='lat'><strong>(55)</strong></span> <span class='ocrx_word' id='word_1_893' title='bbox 2252 5604 2387 5662; x_wconf 79' lang='lat' dir='ltr'><strong>Vide</strong></span> <span class='ocrx_word' id='word_1_894' title='bbox 2417 5604 2696 5677; x_wconf 59' lang='lat' dir='ltr'><strong>Addenda,</strong></span> 
     </span>
    </p>
   </div>
   <div class='ocr_carea' id='block_1_126' title="bbox 2109 5675 3478 5750">
    <p class='ocr_par' dir='ltr' id='par_1_126' title="bbox 2109 5675 3478 5750">
     <span class='ocr_line' id='line_1_128' title="bbox 2109 5675 3478 5750; baseline 0 -18"><span class='ocrx_word' id='word_1_895' title='bbox 2109 5675 2220 5750; x_wconf 54' lang='grc'><strong>(56)</strong></span> <span class='ocrx_word' id='word_1_896' title='bbox 2270 5676 2632 5748; x_wconf 74' lang='grc' dir='ltr'><strong>Ἐψ-ημένον.</strong></span> <span class='ocrx_word' id='word_1_897' title='bbox 2660 5675 2917 5735; x_wconf 86' lang='lat' dir='ltr'><strong>Nonnulli</strong></span> <span class='ocrx_word' id='word_1_898' title='bbox 2945 5676 3165 5736; x_wconf 86' lang='lat' dir='ltr'><strong>codices</strong></span> <span class='ocrx_word' id='word_1_899' title='bbox 3193 5675 3478 5750; x_wconf 64' lang='grc' dir='ltr'><strong>ἐφημένην</strong></span> 
     </span>
    </p>
   </div>
  </div>
