3948 6214
289 325 401 383 701

1186 324 1682 386 EPISTOLARUM
1715 327 2005 388 CLASSlS
2044 332 2109 390 ιι.
2144 333 2365 393 EPIST.
2413 337 2597 398 CXCI.

3447 328 3550 403 res

291 443 357 497 ἐν
399 442 465 511 τῇ
513 439 697 509 γεύσει
744 439 840 494 τοῦ
893 438 1160 506 ἐσθίοντος
1194 441 1573 507 διασώζεσθαι.
1613 444 1870 516 ’Δρματα

1976 452 2171 521 speciei
2218 453 2276 509 in
2331 456 2671 513 comedentis
2713 463 2877 529 gustu
2929 448 3157 514 Omnino
3216 468 3548 525 servaretur.

291 530 576 593 ἀναϐάτας
617 529 912 604 τριστάτας
955 531 1149 602 ἔχοντα
1177 528 1319 587 οἶδεν
1358 535 1392 606 ἡ
1426 535 1638 607 Γραφὴ,
1677 530 1765 589 διὰ
1809 535 1873 589 τὸ

288 623 407 677 τῶν
432 621 632 679 λοιπῶν
684 623 946 696 ἁρμάτων
983 622 1080 678 δύο
1120 620 1258 680 εἶναι
1307 629 1433 691 τοὺς
1469 628 1749 691 ἐπιϐάτας,
1780 628 1873 682 τόν

289 730 359 769 τε
395 714 612 786 ἡνίοχον
645 715 742 769 καὶ
785 716 877 769 τὸν
907 716 1164 788 ὁπλίτηνο
1213 716 1283 771 τὰ
1322 719 1379 773 δὲ
1416 720 1510 774 τοῦ
1544 719 1742 792 Φαραὼ
1779 720 1873 775 δύο

298 805 405 878 μὲν
444 803 724 879 εἶχεκτοὺς
769 808 1161 880 πολεμοῦντας,
1195 811 1291 865 ἕνα
1335 812 1393 865 δὲ
1422 812 1515 865 τὸν
1560 814 1661 877 τὰς
1716 813 1872 883 ἡνίας

292 897 410 953 τῶν
448 900 630 955 ίππων
668 900 881 971 ἔχοντα.
930 902 1175 975 Σύμπιος
1216 906 1347 976 ἡμῖν
1390 905 1672 960 ἐπέστειλε
1714 906 1874 979 θερα-

293 990 567 1061 πευτικὴν
597 992 887 1066 επιστολὴν
925 994 1022 1048 καὶ
1059 996 1401 1068 κοινωνικὴν,
1435 990 1481 1065 ᾧ
1517 998 1677 1069 ἡμεῖς
1724 998 1874 1052 ἀντι-

293 1080 609 1151 γράψαντες
655 1082 981 1153 ἐπέμψαμεν
1016 1086 1082 1155 τῇ
1132 1084 1388 1158 εὐλαϐείᾳ
1436 1103 1529 1140 σου
1573 1087 1645 1142 τὰ
1694 1086 1875 1160 γράμ-

299 1186 473 1240 ματα,
518 1172 605 1224 ἵνα
649 1173 789 1241 ἄγαν
834 1172 1094 1245 ὲγκρίνας
1130 1175 1396 1249 κελεύσῃς
1437 1177 1586 1250 αὐτῷ
1632 1179 1874 1235 ἀποστα-

293 1261 479 1333 λῆναι.
527 1262 767 1334 δηλονότι
821 1264 960 1336 μετά
994 1265 1308 1339 προσθήκης
1341 1269 1436 1323 καὶ
1480 1269 1586 1323 σῶν
1617 1270 1874 1342 γραμμά-

294 1370 429 1409 των.
460 1353 823 1426 Ἒρῤωμένος,
855 1356 1092 1429 εὔθυμος
1117 1361 1174 1413 ὲν
1200 1359 1409 1431 Κυρίῳ,
1443 1361 1876 1433 ὑπερευχόμενός

300 1460 410 1514 μου
448 1444 766 1517 χαρισθείης
800 1463 891 1519 μοι
933 1448 1029 1502 καὶ
1056 1451 1124 1521 τῇ
1162 1449 1259 1503 τοῦ
1297 1450 1432 1504 Θεοῦ
1466 1451 1762 1522 Ἐκκλησία
1804 1453 1874 1524 τῇ

292 1532 397 1587 τοῦ
421 1533 596 1603 ’Δγίου
630 1535 1029 1611 φιλανθρωπίᾳ.

788 1695 1135 1750 EIIIZTOAH
1167 1697 1330 1764 Ριιλι.

1975 539 2186 599 Currus
2215 544 2309 614 qui
2349 560 2597 604 sessores
2639 555 2752 604 tres
2809 547 3108 613 baberent,
3140 549 3359 618 agnovit
3398 546 3551 603 Scn'o

1975 642 2135 706 ptura
2155 678 2170 703 ,
2202 636 2472 708 siquidem
2497 640 2836 709 reliquorum
2862 655 3124 695 curruum
3169 655 3415 697 sessores
3436 639 3551 696 duo

1975 735 2165 791 erant,
2203 728 2389 800 auriga
2414 738 2468 785 et
2495 731 2652 787 miles
2694 738 2938 789 armatus
2968 750 2983 788 :
3030 731 3332 789 Pharaonis
3364 738 3548 786 autem

1975 833 2174 876 currus
2220 820 2513 878 bellatores
2549 822 2689 879 duos
2743 823 3049 888 habebant,
3079 833 3135 881 et
3162 839 3333 880 unum
3371 838 3545 894 equo-

1974 925 2094 965 rum
2161 911 2406 969 habenas
2457 920 2752 970 tenentem.
2807 913 3041 986 Scripsit
3094 915 3229 971 mibi
3284 913 3546 986 Sympius

1972 1001 2261 1072 epistolam
2315 1002 2477 1059 ollicii
2522 1014 2578 1061 et
2607 1006 3012 1064 communionis
3057 1020 3264 1074 causa,
3300 1006 3392 1062 cui
3443 1016 3547 1076 ego

1973 1093 2318 1157 rescribens,
2352 1095 2566 1151 litteras
2597 1110 2749 1152 meas
2792 1094 2861 1151 ad
2912 1103 3063 1151 tuam
3098 1095 3349 1167 pietatem
3381 1094 3545 1160 misi,

1973 1190 2034 1236 ut
2066 1181 2356 1253 diligi-nter
2385 1184 2645 1254 probatas
2673 1185 2742 1241 ad
2774 1185 2926 1241 illum
2958 1185 3153 1255 iubeas
3208 1185 3543 1247 transmitti.

1973 1271 2175 1328 additis
2204 1271 2456 1329 videlicet
2491 1282 2547 1329 et
2595 1274 2707 1330 tuis
2761 1276 2935 1346 ipsius
2978 1277 3193 1333 litteris.
3228 1273 3456 1341 Valens,
3487 1276 3544 1332 in

1973 1360 2205 1417 Domino
2242 1362 2435 1419 hilaris
2455 1402 2470 1426 ,
2502 1378 2601 1434 pro
2631 1378 2719 1420 me
2768 1379 3024 1435 precans,
3060 1365 3302 1423 serveris
3327 1364 3458 1421 mibi
3490 1371 3546 1420 et

1974 1452 2071 1513 Dei
2100 1454 2386 1517 Ecclesiae.
2414 1471 2512 1528 per
2539 1457 2716 1513 sancti
2748 1458 3205 1516 misericordiam.

2337 1692 2504 1766 εει
2539 1685 2872 1750 EPISTOLA
2907 1692 3115 1752 cxcr.

278 1808 494 1884 ‘Gratias
512 1811 613 1876 agit
634 1808 848 1884 Basilina
870 1809 1067 1884 cnidarn
1087 1808 1331 1884 episcopo,
1346 1811 1441 1884 qui
1459 1810 1599 1884 prior
1624 1810 1924 1882 scripserat:
1945 1822 2150 1875 eumque
2166 1811 2387 1881 hortatur
2405 1847 2419 1869 ,
2439 1817 2495 1879 ut
2516 1807 2623 1874 ipso
2644 1814 2811 1884 egente
2833 1824 2943 1861 cum
2964 1808 3138 1884 uicinis
3156 1811 3395 1884 episcopis
3413 1813 3546 1884 locus

359 1878 409 1941 et
426 1871 610 1933 tempus
631 1871 805 1941 δμηθέίὶ
828 1871 1124 1941 iudicentur;
1145 1871 1210 1923 ad
1232 1871 1488 1941 pristinam
1512 1871 1920 1933 communionem,
1945 1871 2091 1932 quani
2122 1871 2278 1924 varice
2313 1871 2609 1933 suspiciones
2644 1871 3016 1939 ititerruperant,
3062 1871 3255 1925 tandem
3286 1871 3548 1941 aliquando

356 1932 482 1985 inter
498 1932 708 1985 reuwttis
735 1932 971 1986 Ecclesius
990 1932 1374 1986 instaurandum.

503 2034 850 2105 Ἆμφιλοχίῳ
871 2034 1006 2105 (57),
1036 2035 1346 2104 ἐπισκόπῳ
1372 2037 1642 2092 Ἰκονίου.

380 2148 727 2219 Ἔντυχόντες
767 2151 882 2211 τοῖς
927 2148 1219 2220 γράμμασι
1264 2149 1364 2219 τῆς
1410 2148 1694 2212 εὐλαϐείας
1744 2166 1869 2216 σου,

295 2239 504 2312 πολλὴν
558 2240 638 2310 τῷ
688 2240 808 2312 Θεῷ
856 2240 953 2312 τὴν
1003 2242 1163 2312 χάριν
1200 2241 1467 2314 ἔσχομεν,
1508 2242 1591 2295 ὅτι
1640 2240 1873 2313 ἀρχαίας

292 2333 524 2402 ἀγάπης
551 2332 671 2403 ἴχνη
705 2331 936 2403 εὕρομεν
968 2332 1024 2385 ὲν
1055 2336 1165 2397 τοῖς
1198 2334 1405 2406 ῥήμασι
1431 2333 1530 2403 τῆς
1555 2333 1869 2404 ἐπιστολῆς·

291 2424 355 2487 ὅς
391 2439 456 2492 γε
490 2424 590 2476 οὐκ
624 2422 824 2487 ἔπαθες
871 2423 933 2477 τὸ
971 2422 1079 2477 τῶν
1118 2423 1357 2489 πολλῶν,
1396 2423 1517 2477 οὐδὲ
1555 2422 1873 2491 φιλονείκως

294 2514 469 2592 ἔσχες-
492 2515 629 2585 πρὸς
663 2512 723 2567 τὸ
766 2513 839 2585 μὴ
865 2514 960 2568 καὶ
986 2514 1148 2577 αὐτὸς
1179 2514 1447 2587 κατάρξαι
1476 2514 1574 2585 τῆς
1599 2515 1871 2587 ἀγαπητι-

292 2606 402 2677 κῆς
435 2604 651 2676 ὁμιλίας
670 2624 686 2638 ο
718 2606 832 2658 ἀλλ’
856 2605 932 2669 ὡς
967 2606 1399 2678 πεπαιδευμένος
1427 2605 1489 2659 τὸ
1516 2608 1580 2659 ὲκ
1622 2622 1872 2660 ταπεινο-

292 2697 572 2768 φροσύνης
599 2695 883 2768 μεγαλεῖον
903 2696 1313 2767 περιγινόμενον
1341 2699 1454 2759 τοῖς
1483 2696 1677 2764 ἁγίοις,
1700 2693 1871 2760 οῦτως

294 2790 442 2843 εἵλου
476 2789 565 2842 διὰ
595 2788 704 2842 τῶν
737 2788 1059 2860 δευτερείων
1096 2787 1404 2859 ἔμπροσθεν
1429 2790 1460 2858 ἡ
1472 2787 1587 2858 μῶν
1625 2788 1869 2856 ἀποφαν-

298 2879 484 2950 θῆναι.
525 2880 636 2934 Καὶ
683 2880 792 2951 γὰρ
843 2872 998 2943 οὗτος
1039 2879 1203 2950 νόμος
1263 2881 1365 2950 τῆς
1421 2881 1479 2932 ὲν
1526 2881 1870 2951 Χριπιανοίς

298 2970 494 3041 νίκης,
530 2970 625 3024 καὶ
669 2971 697 3023 ὁ
738 2969 958 3023 ἔλαττον
1007 2968 1151 3039 ἔχειν
1190 2969 1624 3040 καταδεξάμενος
1668 2987 1868 3039 στεφα-

291 3061 503 3115 νοῦται.
530 3061 648 3114 Ἵνα
674 3056 765 3114 οῦν
794 3060 868 3133 μὴ
889 3059 1304 3131 ἀπολειφθῶμεν
1333 3058 1429 3114 τοῦ
1457 3060 1661 3130 ἀγαθοῦ
1684 3061 1866 3132 ζήλου,

295 3153 411 3208 locis
442 3154 534 3208 καὶ
565 3152 720 3207 αὐτοὶ
764 3153 1241 3225 ἀντιφθεγγόμεθά
1275 3171 1367 3207 σου
1399 3153 1501 3225 τὴν
1540 3154 1864 3225 σεμνότητα,

293 3247 396 3300 καὶ
423 3244 711 3317 δείκνυμεν
736 3245 834 3317 τὴν
857 3245 1174 3318 προαίρεσιν
1196 3245 1377 3317 ἡμῶν,
1401 3248 1505 3310 ὅτι,
1527 3245 1661 3301 Θεοῦ
1685 3247 1867 3318 χάριτι

292 3337 400 3408 τῆς
421 3337 564 3428 κατά
581 3336 679 3428 τὴν
701 3336 883 3392 πίστιν
903 3338 1221 3428 συμφωνίας
1242 3338 1558 3428 ἐρρωμένης
1576 3340 1712 3428 Ῐγμῖν
1730 3337 1863 3428 (58),
1894 3371 1935 3428 C

290 3428 449 3483 οὐδὲν
492 3427 677 3498 ἕτερόν
709 3429 828 3480 ἐστι
867 3426 930 3480 τὸ
957 3426 1247 3498 ἐμποδίζον
1279 3426 1416 3497 πρὸς
1457 3425 1518 3478 τὸ
1549 3420 1687 3478 εἶναι
1721 3426 1866 3496 ἡμᾶς

294 3521 354 3577 ἓν
390 3520 548 3591 σῶμα
584 3519 679 3574 καὶ
720 3518 778 3575 ἓν
812 3518 1064 3590 πνεῦμα,
1099 3516 1282 3581 καθὼς
1324 3516 1636 3587 ὲκλήθημεν
1674 3516 1732 3569 ἐν
1769 3517 1868 3586 μιᾷ

297 3612 477 3666 ἑλπίδι
505 3610 594 3665 διὰ
625 3613 723 3682 τῆς
768 3611 1034 3682 κλήσεως.
1067 3610 1176 3682 Τῆς
1218 3604 1311 3663 οῦν
1342 3608 1440 3679 σῆς
1478 3609 1624 3661 ἐστιν
1648 3607 1867 3678 ἀγάπης

295 3708 365 3775 τῇ
411 3703 587 3775 ἀγαθῇ
624 3705 764 3775 ἀρχῇ
807 3703 902 3756 καὶ
945 3703 1013 3755 τὰ
1064 3700 1261 3772 ἐφεξῆς
1294 3700 1617 3765 ἀποδοῦναι,
1674 3716 1870 3752 συστα-

297 3799 413 3850 τεῖν
437 3796 546 3866 (59)
584 3797 679 3866 μὲν
710 3797 838 3865 περὶ
867 3794 1091 3848 σεαυτὸν
1118 3793 1244 3857 τοὺς
1273 3791 1601 3863 ὁμοψύχους,
1631 3791 1870 3862 δηλῶσαι

297 3889 355 3943 δὲ
384 3888 481 3942 καὶ
503 3887 690 3959 χρόνον
718 3888 810 3940 καὶ
830 3887 993 3941 τόπον
1022 3886 1122 3956 τῆς
1148 3884 1456 3955 συντυχίας,
1483 3885 1568 3938 ἵνα
1608 3882 1770 3948 οῦτω,
1801 3884 1868 3954 τῇ

373 4044 487 4115 (57)
530 4043 912 4114 Ἀμφιλοχίῳ.
941 4041 1415 4115 Codicesomnes.
1448 4042 1578 4115 editi
1611 4047 1665 4097 et
1698 4055 1869 4115 _m_ss.,

302 4112 446 4171 banc
468 4112 754 4184 epistolam
797 4115 1109 4168 inscribunt
1159 4112 1580 4184 Amphiloebio:
1619 4113 1714 4166 sed
1751 4112 1873 4184 ineo

299 4180 519 4239 clarins'
538 4193 621 4239 est
660 4185 727 4238 ad
760 4200 882 4236 eum
911 4184 1170 4250 scriptam
1210 4180 1316 4235 non
1365 4183 1538 4236 fuisse
1565 4201 1578 4235 :
1611 4197 1712 4235 nec
1735 4180 1874 4235 dilli-

298 4258 406 4310 cile
433 4263 519 4308 est
547 4255 818 4317 conjicere
846 4253 912 4305 ad
939 4253 1089 4306 illum
1126 4252 1443 4321 episcopum
1467 4252 1648 4321 datam
1677 4251 1869 4314 fuisse,

298 4325 367 4379 de
398 4340 511 4394 quo
556 4326 758 4394 mentio
795 4323 937 4375 facta
970 4323 1031 4394 in
1085 4320 1332 4394 epistola
1365 4320 1713 4394 praecedenti.
1771 4321 1877 4374 Su.

301 4392 948 4463 spic‘atttrTillemontius
968 4392 1108 4445 hanc
1126 4392 1407 4463 epistolam
1438 4392 1706 4463 scriptam
1753 4405 1877 4463 esse

301 4459 369 4518 ad
401 4465 637 4532 aliquem
664 4478 731 4517 ex
759 4463 940 4534 Lyciae
962 4463 1258 4534 episc0pis,
1293 4461 1360 4515 de
1390 4461 1592 4534 quibus
1626 4460 1736 4534 agit
1772 4459 1877 4534 Ba-

303 4536 463 4588 silius
496 4529 548 4587 in
581 4529 817 4602 epistola
845 4532 970 4586 2l8.
991 4529 1126 4586 Cum
1156 4529 1302 4585 enim
1338 4532 1603 4602 audiisset
1637 4529 1738 4583 bos
1764 4532 1878 4599 epi-

303 4619 505 4673 scopos
534 4601 856 4658 ab’Arianis
892 4605 1099 4656 alienos
1130 4615 1251 4673 esse
1273 4640 1289 4665 ,
1311 4609 1371 4673 et
1421 4601 1596 4673 ipsius
1625 4614 1878 4673 continu-

302 4669 521 4728 ttionem
552 4674 804 4743 amplecti
840 4673 1014 4743 velle;
1048 4669 1696 4743 scripsitAmphiloeltio,
1724 4684 1875 4721 eum-

301 4759 409 4812 que
444 4738 692 4798 hortatus
718 4752 837 4812 est.
867 4750 926 4795 ut
956 4738 1423 4812 illoruni‘animos
1452 4738 1875 4812 periclitaretur.

303 4809 434 4868 lude
469 4814 693 4881 conjicit
728 4811 1114 4865 Tillemontins
1149 4810 1387 4881 aliquem
1429 4826 1496 4864 ex
1528 4809 1876 4881 illisepisco-

303 4884 422 4952 pis.
472 4877 697 4952 accepta
752 4881 1118 4952 Amphilocbii
1172 4880 1444 4952 epistola,
1503 4879 1578 4952 ad
1614 4877 1875 4952 Basilium

303 4949 621 5020 scripsisse.
669 4952 775 5007 Sed
835 4949 1051 5020 tempus
1084 4964 1213 5004 .non
1246 4949 1499 5019 quadrat.
1541 4949 1676 5003 Cum
1727 4951 1872 5020 enim

302 5019 760 5092 verisimillimnm
794 5022 867 5075 sit
905 5019 1048 5092 hanc
1098 5020 1383 5092 epistolam
1431 5020 1487 5092 in
1527 5019 1873 5092 praecedenti

304 5088 536 5145 indicari
568 5101 621 5144 et
650 5091 923 5160 designari
950 5109 965 5157 ;
1002 5088 1235 5159 cumque
1267 5089 1499 5160 epistola
1521 5088 1649 5160 9.18,
1677 5090 1730 5141 in
1763 5103 1869 5158 qua

304 5163 371 5215 de
401 5161 681 5230 episcopis
720 5158 896 5229 Lfciae
946 5158 1161 5230 agitur,
1195 5175 1339 5213 anno
1385 5159 1490 5213 575
1539 5158 1763 5230 εει-ιβιδ,
1798 5160 1869 5230 sit

304 5228 690 5305 postrcdit’un't
718 5228 1017 5305 eruPontoI
1053 5245 1279 5305 necesse
1308 5238 1389 5282 est
1418 5230 1523 5305 boc
1556 5229 1681 5305 loco
1719 5228 1864 5305 aliud

305 5298 582 5369 negotium
605 5341 619 5361 ,
650 5316 713 5354 ac
744 5300 902 5367 alios,
935 5315 1098 5368 quam
1130 5298 1328 5369 Lycizc,
1350 5300 1637 5367 episcopos
1669 5298 1869 5352 intelli-

304 5385 451 5439 gere.
485 5368 689 5424 Deinde
730 5385 862 5424 vero
884 5408 898 5425 .
930 5380 987 5423 nt
1015 5368 1268 5424 observat
1315 5369 1475 5439 idem
1513 5369 1867 5439 doctissimus

304 5436 563 5507 scriptor,
591 5440 804 5493 videtur
850 5441 1167 5508 episcopus,
1211 5440 1300 5492 cui
1351 5438 1555 5508 scribit
1593 5436 1864 5508 Basilius,

304 5505 761 5578 metropolitanus
800 5505 999 5573 fuisse;
1031 5505 1301 5579 siquidem
1337 5516 1495 5577 rogat
1524 5505 1761 5562 Basilius
1807 5513 1867 5559 ut

304 5579 589 5634 unanimes
651 5595 783 5647 suos
845 5581 1156 5638 consociet.
1195 5592 1259 5632 ac
1311 5579 1487 5632 locum
1541 5586 1596 5629 et
1651 5582 1867 5647 tempus

304 5648 664 5727 conveniendi
692 5649 962 5727 designet.
997 5650 1065 5727 At
1089 5650 1378 5718 episcopus
1404 5647 1713 5727 Μῖνι-αι,αυί
1757 5647 1864 5713 Ly-

441 5717 893 5782 metrouolitanus
927 5726 1043 5777 erat
1070 5758 1083 5783 ,
1107 5717 1217 5775 non
1252 5717 1569 5775 recensuur
1590 5717 1734 5773 inter
1769 5729 1865 5771 eos

2309 2033 2697 2103 Amphilochia,
2731 2035 2971 2105 episcopo
3002 2032 3194 2092 Iconii.

2043 2149 2227 2207 Lectis
2265 2149 2465 2204 litteris
2498 2149 2715 2219 pietatis
2736 2158 2875 2215 tute,
2912 2149 3176 2221 plurimas
3207 2148 3319 2207 Deo
3339 2152 3549 2223 gratias

1971 2241 2103 2312 egi,
2150 2239 2297 2311 quod
2331 2241 2572 2310 antiquae
2622 2240 2908 2298 eharitatis
2961 2242 3189 2312 vestigia
3242 2242 3546 2299 invenirem

1970 2336 2027 2390 in
2082 2335 2263 2391 verbis
2310 2335 2586 2406 epistolae;
2650 2335 2920 2407 siquidem
2976 2352 3085 2392 non
3147 2350 3256 2407 quo
3303 2337 3547 2408 plerique

1971 2423 2162 2478 morbo
2193 2423 2490 2489 laborasti,
2517 2438 2695 2495 neque
2736 2424 2871 2479 illud
2906 2426 3258 2495 pertinaciter
3292 2426 3545 2492 tenuisti,

1970 2529 2039 2570 ne
2068 2515 2184 2583 ipse
2214 2515 2466 2585 inceptor
2493 2531 2646 2572 esses
2678 2517 2839 2572 amici
2872 2516 3129 2588 colloquii
3157 2535 3173 2572 :
3204 2516 3299 2572 sed
3331 2524 3392 2572 ut
3415 2517 3546 2572 edo-

1969 2612 2092 2660 ctus
2118 2620 2280 2675 quam
2314 2607 2601 2676 magniﬁca
2627 2622 2694 2662 ex
2723 2606 3032 2664 humilitate
3080 2624 3294 2665 merces
3337 2610 3546 2666 sanctis

1968 2698 2220 2761 eveniat,
2257 2697 2333 2752 ita
2355 2698 2568 2770 elegisti
2590 2700 2861 2755 secundas
2890 2699 3152 2765 tenendo,
3172 2700 3323 2772 prior
3350 2716 3436 2756 me
3461 2704 3549 2756 in.

1970 2790 2163 2844 veniri.
2199 2788 2324 2845 llaec
2357 2791 2502 2845 enim
2555 2791 2641 2847 lex
2693 2800 2780 2848 est
2835 2792 3159 2848 Christiana:
3189 2792 3459 2859 victoria,
3489 2799 3548 2850 et

1968 2880 2060 2950 qui
2093 2881 2273 2936 minus
2325 2880 2530 2937 habere
2571 2897 2681 2936 non
2708 2890 2959 2947 recusat,
2999 2894 3312 2938 coronatur.
3347 2881 3426 2938 Ne
3451 2883 3548 2954 igi-

1968 2976 2058 3026 tur
2086 2970 2332 3027 desimus
2374 2970 2517 3027 bono
2554 2970 2739 3027 studio
2764 3011 2779 3036 ,
2833 2986 2964 3028 ecce
2995 2979 3050 3027 et
3083 2987 3186 3028 nos
3222 2973 3544 3044 gravitatem

1968 3070 2118 3115 tuam
2152 3062 2544 3125 resalutamus,
2576 3070 2628 3117 et
2658 3062 2786 3133 quid
2820 3063 2979 3118 nobis
3025 3062 3096 3117 sit
3137 3062 3422 3118 sententia:
3452 3059 3543 3117 de-

1968 3161 2338 3208 monstraruus
2370 3167 2384 3204 :
2419 3167 2613 3222 nempe
2646 3153 2861 3206 tlrmato
2895 3152 3036 3207 inter
3068 3165 3201 3215 nos,
3223 3149 3316 3206 Dei
3338 3150 3545 3224 gratia,

1969 3242 2022 3295 in
2056 3241 2159 3297 fide
2192 3239 2508 3306 consensu,
2540 3244 2674 3298 nihil
2720 3258 2844 3298 esse
2872 3244 3016 3313 quod
3066 3243 3359 3313 impediat,
3402 3257 3537 3311 quo-

1970 3330 2152 3385 minus
2192 3332 2365 3387 simns
2400 3347 2571 3386 unum
2610 3347 2812 3402 corpus
2848 3339 2906 3387 et
2941 3346 3081 3387 unus
3126 3330 3369 3402 spiritus,
3402 3330 3542 3384 sicut

1969 3424 2148 3478 vocati
2197 3439 2391 3480 sumus
2438 3424 2492 3478 in
2539 3439 2646 3478 una
2695 3440 2793 3495 spe
2840 3441 2937 3493 per
2965 3426 3326 3481 vocationem.
3357 3423 3538 3494 itaque

1968 3515 2250 3569 cbaritatis
2287 3523 2391 3569 tuae
2420 3524 2535 3578 est,
2561 3515 2704 3569 bono
2732 3515 2890 3569 initio
2909 3525 2962 3570 et
2989 3531 3111 3585 quas
3135 3522 3534 3585 consequuntul

1969 3607 2236 3676 adjicere,
2291 3607 2580 3662 unanimes
2640 3614 2765 3661 tuos
2814 3613 2996 3662 tecum
3045 3607 3376 3678 conjungere
3409 3646 3426 3674 ,
3478 3620 3538 3665 ac

1971 3696 2272 3769 tempns'et
2307 3699 2485 3754 locum
2535 3713 2864 3769 congressus
2900 3699 3262 3764 indieare;nt
3299 3700 3401 3764 sic,
3446 3696 3539 3755 Dei

1970 3791 2141 3861 gratia
2176 3804 2280 3844 nos
2322 3790 2556 3844 invicem
2602 3788 2973 3857 excipientes,
3004 3788 3073 3842 ad
3125 3792 3362 3860 priscam
3405 3788 3537 3847 ἀειθ-

1971 3881 2175 3936 ctionis
2228 3879 2458 3936 formam
2489 3881 2767 3939 Ecclesias
2799 3884 3198 3956 gubernemus;
3232 3880 3427 3937 fratres
3473 3894 3540 3940 es

1972 4034 2062 4103 qui
2093 4033 2280 4090 Basilii
2316 4032 2758 4088 communionem
2809 4035 3184 4105 appetebant:
3217 4033 3313 4088 sed
3362 4032 3539 4105 tribus

1973 4102 2216 4171 ejusdem
2256 4106 2405 4158 urbis
2433 4105 2769 4175 presbyteris
2798 4102 2912 4158 hac
2944 4106 3063 4159 laus
3087 4102 3541 4175 tribuitur,_quud

1976 4170 2450 4259 a'rgtunento‘est'
2488 4170 2804 4259 episcopium
2854 4175 2996 4255 male
3034 4175 3295 4256 audiisse.
3354 4170 3539 4259 Lenge

1976 4259 2109 4312 ergo
2142 4244 2480 4312 probabilior
2515 4243 2621 4296 alia
2654 4243 2991 4299 'l‘illemontii
3029 4245 3367 4312 conjectura,
3398 4243 3537 4298 banc

1976 4315 2262 4385 epistolam
2300 4314 2529 4385 inscribi
2559 4313 2821 4385 Sympio,
2863 4315 2930 4367 de
2964 4331 3074 4383 quo
3108 4314 3165 4368 in
3202 4317 3363 4385 epist.
3402 4329 3526 4384 prae-

1977 4383 2231 4448 cedenti,
2276 4382 2393 4454 sive
2440 4382 2733 4454 Symposio
2783 4382 3048 4439 Seleuciae
3080 4382 3417 4454 iepiséopo,’
3446 4384 3540 4454 qui

1977 4454 2212 4506 concilio
2265 4452 2874 4522 Constantnmpotitano
2925 4452 3171 4508 interfuit
3208 4452 3350 4508 anno
3409 4453 3537 4507 581.

1979 4522 2427 4595 ῌιεοηδρηιεηιίει
2481 4522 2849 4595 confirmatur
2879 4540 2945 4595 ex
2976 4526 3139 4594 epist.
3171 4523 3308 4583 204,
3334 4524 3388 4577 in
3431 4540 3539 4591 qua

1982 4592 2218 4646 Basilius
2248 4591 2467 4647 Isauros
2513 4600 2796 4646 enumerat
2840 4591 2981 4647 inter
3010 4591 3146 4649 suos
3170 4595 3539 4648 communica-

1985 4671 2151 4716 torcs.
2185 4661 2355 4716 Porro
2390 4678 2552 4716 nemo
2590 4677 2699 4716 non
2730 4663 2876 4718 videt
2907 4665 3067 4718 facile
3098 4664 3269 4718 fuisse
3298 4662 3540 4716 librariis

1912 4714 1955 4770 Ι)
1982 4714 2055 4786 nr
2070 4714 2156 4785 liis
2203 4714 2409 4803 S’ym’pi’i
2438 4714 2504 4787 et
2528 4714 2814 4802 'Svmposii
2829 4714 3078 4789 satis;
3098 4714 3534 4803 staremus:

1980 4818 2203 4874 cunque
2227 4802 2405 4855 autem
2451 4809 2722 4874 statuatur
2750 4803 2969 4872 opinio,
3014 4804 3168 4856 facile
3206 4802 3538 4874 perspicitur

1979 4869 2361 4941 gravissimum
2391 4887 2515 4927 esse
2565 4873 2619 4926 in
2655 4869 2813 4926 titulo
2842 4874 3084 4942 epistolm
3113 4869 3372 4926 erratum.
3430 4869 3532 4925 Ne-

1977 4957 2085 5011 que
2115 4944 2258 4998 enim
2295 4942 2363 4996 de
2391 4942 2843 4996 reconciliatione
2892 4943 3124 4998 Basilius
3171 4956 3329 5011 agere
3361 4942 3537 5011 potuit
3607 4990 3611 4994 .

1976 5027 2100 5066 cum
2154 5012 2574 5081 Amphilocbio,
2626 5026 2749 5064 cum
2790 5013 2933 5066 inter
2979 5022 3270 5081 utrumque
3323 5025 3532 5067 semoer

1974 5084 2249 5136 exstiterit
2285 5083 2592 5136 arctissima
2624 5082 2961 5149 conjunctio.

2045 5153 2155 5222 (58)
2198 5151 2380 5221 Ἡμῖν.
2410 5151 2669 5222 Quamvis
2718 5152 2771 5204 in
2806 5162 3045 5221 quatuor
3069 5151 3346 5206 veteribus
3376 5149 3537 5222 libris

1975 5220 2194 5292 legatur
2224 5220 2374 5292 ὑμῖν,
2411 5221 2583 5292 magis
2617 5230 2794 5292 tamen
2839 5222 3044 5275 arridet
3083 5222 3351 5292 scriptura
3381 5220 3535 5274 codi-

1974 5288 2097 5347 cuin
2129 5288 2298 5346 Coisl.
2337 5288 2588 5360 primiet
2618 5288 2756 5345 Med.
2789 5291 2882 5359 qui
2921 5306 3044 5344 cum
3091 5288 3254 5345 editis
3300 5304 3536 5344 consen-

1975 5364 2138 5416 tiunt.
2173 5361 2229 5414 In
2260 5359 2544 5414 Harlmano
2576 5368 2755 5413 autem
2790 5375 2898 5413 non
2929 5370 3109 5414 exstat
3138 5360 3253 5415 Itan:
3281 5360 3534 5428 epistola.

1972 5431 2143 5485 Paulo
2175 5438 2298 5499 post
2321 5429 2468 5500 idem
2496 5429 2670 5500 Coisl.
2702 5430 2910 5498 primus
2944 5431 3119 5484 ἐλπίδι
3149 5430 3245 5500 τῆς
3273 5430 3529 5492 πίστεως·

1975 5496 2264 5556 Μειίἰοεὲιιε
2291 5499 2476 5570 ἐλπίδιΔ
2496 5501 2601 5570 τῆς
2624 5496 2888 5570 κλήσεως.

2045 5572 2158 5641 (59)
2185 5567 2796 5639 Συσταιρλζιςεῖιὲοᾱῑοεε
2840 5579 2952 5626 tres
3000 5584 3110 5625 non
3167 5568 3534 5642 antiquissimi

1976 5642 2307 5697 συντάττειν.
2389 5695 2391 5697 ,

2042 5715 2063 5736 ⁶
2088 5711 2235 5764 Alias
2273 5700 2632 5763 C(ICXCVttl.
2672 5708 2884 5778 Scripta
2911 5724 3053 5766 anno
3086 5707 3212 5765 375.
