3948 6214
251 382 359 440 705

1164 375 1655 434 EPISTOLARUM
1694 373 1983 432 CLASSIS
2013 372 2075 428 Π.
2117 373 2336 429 EPIST.
2384 372 2613 429 CXCIV.

3401 371 3503 425 Ἱιιίῑ
3540 410 3549 418 .

247 495 441 569 χρείαν
466 506 705 563 τοσουτῳ
732 509 890 564 ταχει
926 491 1308 563 πληρωθεῖσαν
1331 491 1573 563 ὁρῶντας
1595 494 1608 545 Ξ
1639 492 1820 554 Ὥστε,

1938 491 2244 560 sxpeteham
2293 496 2404 541 tam
2462 487 2717 542 celeriter
2765 483 3080 539 confectum
3131 481 3241 536 vidi
3270 483 3284 536 ί
3318 479 3505 553 Itaque

247 586 422 658 ἡδέως
462 583 742 654 δεξάμενοι
791 583 852 636 τὸ
880 583 1184 637 άποσταλέν
1214 583 1326 654 (45)
1354 583 1443 637 διὰ
1481 583 1581 655 τὴν
1617 582 1824 635 οἰκείαν

247 676 415 730 αὑτοῦ
446 675 628 744 φύσιν,
659 673 840 744 πολλῷ
862 674 1010 745 ἥδιον
1042 674 1174 729 αὐτὸ
1206 675 1601 746 προσηκάμεθα
1645 674 1722 744 τῷ
1766 674 1827 727 σὲ

247 763 390 820 εἶναι
420 767 511 819 τὸν
551 767 650 837 τῆς
699 765 1044 833 κατασκευῆς
1074 764 1238 818 αὐτοῦ
1274 756 1610 838 προεστῶτα.
1639 764 1826 835 Παρά-

248 858 457 929 σχοιδέ
498 860 631 929 ἡμῖν
656 857 685 909 ὁ
723 855 928 927 Κύριος
974 857 1101 911 ἰδεῖν
1145 873 1204 909 σε
1233 858 1289 909 ἐν
1328 857 1504 927 τάχει,
1539 856 1679 909 ὥστε
1721 855 1828 908 ἀπὸ

247 949 499 1021 γλώττης
546 947 875 1020 ὁμολογῆσαι
917 949 1016 1020 τὴν
1061 948 1241 1020 χάριν,
1288 950 1381 1002 καὶ
1431 947 1649 1002 πάντων
1688 946 1823 1019 ὁμοῦ

247 1042 359 1103 τῶν
388 1044 447 1095 ἐν
480 1041 563 1094 σοὶ
592 1039 774 1094 καλῶν
801 1039 1129 1094 ἀπολαῦσαι.
1656 1040 1665 1045 ”

746 1193 1093 1250 summm
1128 1194 1287 1262 Pw.

1931 584 1982 636 id
2008 582 2153 650 quod
2177 581 2406 635 missum
2429 590 2512 635 est
2536 595 2640 634 sua
2673 584 2871 649 sponte
2897 584 3209 647 pergratum
3244 573 3381 631 fuit:
3408 574 3506 630 sed

1932 674 2091 743 longe
2116 673 2375 727 libentius
2395 671 2500 725 hoc
2534 671 2711 740 ipsum
2738 685 2804 725 eo
2839 669 3060 724 nomine
3089 666 3328 736 suscepi,
3359 665 3508 736 quod

1934 773 1991 818 tu
2041 764 2120 818 rei
2152 765 2299 819 illius
2350 762 2704 818 conﬁciendae
2736 762 3017 818 exstiteris
3051 761 3159 816 dux
3202 771 3256 815 ct
3288 766 3505 813 auctor.

1934 855 2033 908 Det
2069 862 2251 909 autem
2279 853 2438 911 nobis
2471 852 2731 909 Dominus
2753 860 2806 908 te
2838 854 2947 907 cito
2978 850 3160 906 videre
3181 891 3196 913 ,
3235 858 3292 904 ut
3321 851 3507 918 lingua

1934 946 2138 1014 gratias
2191 943 2498 999 referamus
2526 980 2542 1006 ,
2581 944 2947 1014 omnibusque
2997 942 3162 997 simul
3193 941 3351 997 bonis
3397 939 3506 994 tuis

1932 1038 2302 1108 perfruamur.

2395 1188 2733 1245 EPISTOLA
2772 1187 3021 1244 CXCIII‘.

250 1309 495 1360 Per-acute
518 1305 732 1374 Basilius
749 1321 858 1374 sese
877 1320 988 1374 cum
1008 1305 1211 1372 gruibus
1232 1312 1497 1374 comparat.
1516 1305 1779 1374 quominus
1798 1318 1850 1357 se
1865 1303 1933 1374 pd
1950 1303 2267 1374 solitudinem
2290 1303 2474 1374 .Heletii
2485 1300 2877 1374 con(crret_,.tum
2900 1300 3199 1374 negotiorum
3209 1300 3506 1374 exteriorgyn

313 1367 703 1435 occupationibus
725 1370 943 1435 detentus
963 1362 1141 1431 fumat,
1165 1376 1264 1435 tum
1287 1362 1639 1435 uehementibus
1666 1383 1725 1435 ac
1748 1366 1986 1418 continuis
2006 1366 2369 1435 [ebribu_s,_qute
2407 1366 2548 1435 illum
2571 1362 2639 1414 ita
2662 1362 3057 1435 debilitaverant,
3079 1371 3132 1414 ut
3155 1377 3339 1416 aranea
3365 1362 3481 1429 inﬁr

311 1425 445 1481 mior'
461 1429 725 1482 rideretur.
755 1425 1022 1482 Venturum
1043 1445 1096 1483 se
1117 1425 1183 1481 ad
1209 1429 1452 1483 Meletium
1479 1429 1714 1494 promittit
1730 1443 1880 1482 verno
1899 1425 2131 1493 tempore,
2155 1425 2200 1479 si
2222 1425 2313 1479 Dei
2329 1439 2420 1491 ape
2439 1440 2504 1479 ea:
2520 1429 2611 1478 hoc
2634 1426 2802 1477 morbo
2819 1425 3040 1478 evaserit.

664 1542 928 1606 Μελετίῳ
960 1540 1255 1630 ἀρχιάτρῳ
1284 1541 1420 1612 (46).

337 1657 503 1728 Ἡμῖν
539 1655 651 1729 (47)
700 1655 809 1709 οὐδ’
856 1657 980 1710 ὅσον
1010 1658 1132 1721 ταῖς
1179 1656 1431 1727 γεράνοις
1481 1654 1715 1727 ὑπάρχει
1763 1656 1831 1710 τὰ

252 1748 493 1821 δυσχερῆ
524 1747 617 1802 τοῦ
641 1747 909 1820 χειμῶνος
939 1748 1220 1818 διαφυγεῖν
1239 1765 1252 1778 ·
1286 1748 1400 1802 ἀλλ’
1424 1748 1585 1802 ἕνεκα
1614 1748 1714 1819 μὲν
1736 1746 1830 1801 τοῦ

2450 1535 2668 1592 Heletio
2690 1535 2981 1591 archiatro.

2006 1650 2174 1707 Nobis
2213 1667 2282 1706 ne
2315 1659 2585 1721 quantum
2627 1649 2847 1721 quidem
2880 1647 3109 1720 gruibus
3140 1647 3267 1702 licet
3315 1645 3507 1702 hiemis

1936 1742 2280 1797 incommoda
2311 1742 2588 1813 elfugere;
2621 1740 2715 1796 sed
2758 1748 3022 1811 quantum
3065 1739 3283 1810 quidem
3326 1738 3394 1792 ad
3428 1738 3505 1792 luo

255 1839 576 1912 προϊδέσθαι
612 1839 676 1893 τὸ
718 1839 928 1910 μέλλον,
970 1841 1120 1893 οὐδὲν
1150 1843 1280 1905 ἴσως
1313 1840 1418 1895 τῶν
1450 1842 1694 1912 γεράνων
1722 1842 1831 1913 χεί-

1938 1838 2045 1890 turi
2102 1837 2495 1907 praenotionem
2550 1835 2786 1898 attinet,
2839 1833 2977 1887 nihil
3024 1832 3165 1887 l‘orle
3214 1833 3513 1888 deteriores

255 1946 387 1997 ρους
426 1929 535 2001 (48)
582 1930 785 2000 ἐσμέν·
818 1930 895 1999 τῷ
936 1930 993 1984 δὲ
1031 1929 1173 1984 κατὰ
1214 1932 1305 1985 τὸν
1350 1932 1464 2002 βίον
1504 1933 1835 2003 αὐτεξουσίῳ

253 2020 514 2074 τοσοῦτον
563 2019 671 2074 τῶν
720 2020 947 2092 ὀρνίθων
1000 2020 1530 2092 άπολιμπανόμεθα,
1564 2023 1686 2076 ὅσον
1741 2022 1836 2076 καὶ

240 2113 351 2168 ,τοῦ
410 2113 670 2168 πέτεσθαι
712 2112 1002 2180 δύνασθαι,
1057 2112 1256 2185 μικροῦ
1288 2112 1418 2166 δεῖν.
1469 2113 1693 2186 Πρῶτον
1740 2115 1842 2185 μὲν

255 2190 364 2277 γάρ
407 2221 474 2276 με
515 2204 760 2275 ἀσχολίαι
804 2205 949 2268 τινὲς
979 2204 1087 2257 τῶν
1119 2203 1260 2258 κατὰ
1286 2204 1377 2257 τὸν
1424 2205 1537 2275 βίον
1580 2206 1839 2277 πραγμά-

255 2312 364 2348 των
411 2294 639 2364 ἐπέσχον
667 2294 778 2364 (49)
802 2311 815 2323 ·
858 2293 1051 2348 ἔπειτα
1086 2294 1144 2347 δέ
1195 2297 1425 2367 πυρετοὶ
1474 2299 1716 2367 συνεχεῖς
1745 2298 1838 2350 καὶ

255 2384 450 2456 λάϐροι
493 2384 635 2439 οὕτω
685 2403 787 2456 μου
838 2384 902 2438 τὸ
951 2385 1112 2457 σῶμα
1160 2386 1608 2458 κατεδαπάνησαν
1628 2429 1644 2454 ,
1697 2387 1837 2440 ὥστε

256 2477 435 2548 ἐφάνη
472 2494 525 2529 τι
554 2477 647 2530 καὶ
677 2477 812 2548 ἐμοῦ
842 2477 1186 2548 λεπτότερον,
1217 2478 1379 2543 αὐτὸς
1409 2477 1518 2546 ἐγὼ
1562 2478 1800 2549 ἐμαυτοῦ
1818 2495 1833 2510 ’

256 2565 379 2621 εἶτα
447 2567 779 2638 τεταρταίων
830 2568 1125 2639 προσϐολαὶ
1172 2569 1309 2642 πρὸς
1352 2569 1533 2623 πλεῖον
1576 2571 1609 2641 ἢ
1666 2571 1836 2623 εἴκοσι

254 2658 620 2730 διαρκέσασαι
650 2659 901 2724 κύκλους.
930 2661 1069 2714 Νυνὶ
1108 2661 1187 2727 δέ,
1216 2662 1304 2715 ὅτε
1349 2661 1490 2716 δοκῶ
1516 2663 1624 2716 τῶν
1666 2679 1837 2734 πυρε-

256 2750 363 2805 τῶν
402 2748 770 2821 ἀπηλλάχθαι,
802 2750 976 2816 οὕτως
1022 2752 1128 2805 ὑπὸ
1152 2753 1252 2823 τῆς
1294 2753 1595 2825 ἀδυναμίας
1633 2753 1838 2807 διάκει-

260 2858 380 2912 μαι,
419 2840 563 2896 ὥστε
597 2842 763 2913 μηδὲν
793 2842 851 2896 ἐν
898 2842 1072 2914 τούτῳ
1105 2844 1325 2898 ἀποδεῖν
1367 2844 1647 2917 ἀραχνίου.
1675 2844 1837 2900 Ὅθεν

260 2949 350 3001 μοι
404 2933 554 2985 πᾶσα
608 2932 705 3000 μὲν
754 2931 872 2996 ὁδὸς
925 2932 1124 2997 ἄϐατος
1143 2974 1159 2999 ,
1216 2934 1366 2989 πᾶσα
1415 2934 1473 2987 δὲ
1530 2932 1837 3005 πνεύματος

257 3022 537 3094 προσϐολὴ
565 3023 787 3077 πλείονα
817 3024 970 3094 φέρει
995 3025 1085 3081 τὸν
1117 3024 1358 3079 κίνδυνον
1386 3025 1419 3097 ἥ
1460 3026 1517 3078 αἱ
1550 3026 1836 3098 τρικυμίαι

258 3116 369 3174 τοῖς
398 3113 675 3168 πλέουσιν.
714 3114 957 3186 Ἀνάγκη
993 3116 1170 3169 τοίνυν
1205 3115 1310 3169 ὑπὸ
1350 3116 1605 3188 δωματίῳ
1634 3117 1805 3188 κεκρύ

260 3204 413 3273 φθαι,
448 3206 541 3259 καὶ
566 3206 858 3277 ἀναμένειν
890 3207 950 3261 τὸ
979 3206 1101 3280 ἔαρ,
1146 3207 1348 3279 ἐάνπερ
1392 3208 1673 3280 διαρκέσαι
1702 3211 1837 3282 πρὸς

261 3297 395 3350 αὐτὸ
418 3296 759 3368 δυνηθῶμεν,
789 3297 929 3351 ἀλλὰ
963 3297 1039 3369 μὴ
1067 3298 1565 3370 προδιαμάρτοιμεν
1592 3297 1704 3371 (50)
1733 3299 1837 3353 ὑπὸ

258 3388 352 3443 τοῦ
378 3388 554 3443 κακοῦ
592 3388 685 3442 τοῦ
712 3390 822 3454 τοῖς
851 3389 1180 3461 σπλάγχνοις
1223 3391 1589 3464 ἐνιδρυμένου.
1625 3393 1748 3447 Ἐὰν
1779 3393 1835 3449 δέ

256 3478 499 3552 διασώσῃ
550 3480 696 3551 ἡμᾶς
738 3482 766 3535 ὁ
799 3480 1003 3554 Κύριος
1054 3483 1122 3554 τῇ
1175 3482 1386 3554 μεγάλῃ
1440 3482 1602 3536 αὐτοῦ
1656 3484 1834 3556 χειρὶ,

258 3570 638 3641 ἀσμενέστατα
673 3572 772 3643 μὲν
798 3573 897 3644 τὴν
923 3573 1180 3645 ἐσχατιάν
1199 3574 1352 3647 ὑμῶν
1383 3575 1832 3648 καταληψόμεθα·

258 3665 639 3736 ἁσμενέστατα
673 3665 729 3719 δὲ
776 3666 837 3719 σέ
867 3667 967 3739 τὴν
1015 3667 1176 3741 φίλην
1203 3672 1337 3742 ἡμῖν
1386 3670 1629 3744 κεφαλὴν
1675 3689 1835 3743 περι-

259 3754 590 3827 πτυξόμεθα.
621 3756 794 3810 Μόνον
824 3756 982 3829 εὔχου
1012 3759 1149 3834 πρὸς
1179 3760 1242 3814 τὸ
1276 3761 1553 3832 συμφέρον
1592 3765 1660 3835 τῇ
1686 3761 1832 3834 ψυχῇ

257 3845 353 3918 τὴν
383 3846 529 3919 ζωὴν
557 3847 716 3919 ἡμῶν
746 3850 1171 3922 οἰκονομεῖσθαι.

755 4004 1102 4058 nmmum
1134 4005 1305 4073 erant

1938 1929 2164 1999 gruibus
2204 1942 2432 1991 sumus;
2464 1927 2611 1997 quod
2641 1941 2772 1981 vero
2803 1926 2871 1981 ad
2902 1926 3027 1980 vita:
3054 1925 3363 1980 libertatem
3397 1939 3494 1995 spe

1938 2029 2079 2085 ctat,
2114 2027 2266 2074 tanto
2313 2019 2426 2075 fere
2449 2020 2517 2074 ab
2552 2019 2747 2074 avibus
2793 2017 3085 2084 distamus,
3120 2024 3329 2087 quanto
3361 2032 3392 2071 a
3417 2031 3498 2071 vo

1938 2112 2083 2166 Iandi
2135 2111 2412 2166 facultate.
2461 2108 2710 2164 Primum
2746 2109 2967 2180 quidem
2996 2109 3395 2179 occupationes
3426 2122 3509 2162 me

1939 2201 2218 2254 nonnulla:
2281 2199 2633 2269 negotiorum
2704 2200 3040 2254 exteriorum
3109 2199 3464 2254 detinuerunt

1937 2286 2135 2342 deinde
2192 2287 2472 2343 continua:
2532 2301 2597 2341 ac
2662 2287 3013 2344 vehementes
3072 2288 3252 2345 febres
3309 2303 3512 2360 corpus

1938 2393 2117 2433 meum
2151 2394 2327 2449 usque
2356 2378 2493 2435 adeo
2518 2388 3001 2449 consumpserunt,
3033 2388 3093 2435 ut
3121 2381 3298 2436 visum
3320 2383 3391 2437 sit
3412 2382 3487 2435 ali

1940 2472 2071 2541 quid
2101 2473 2266 2528 etiam
2294 2488 2381 2528 me
2412 2474 2656 2540 tenuius,
2691 2488 2794 2543 ego
2824 2474 3080 2528 videlicet
3107 2475 3334 2543 meipso.
3376 2473 3505 2529 Prae

1939 2572 2089 2619 terea
2113 2573 2506 2635 quartanarum
2535 2580 2795 2620 accessus
2835 2565 2977 2618 ultra
3009 2566 3199 2636 viginti
3231 2566 3396 2638 286
3427 2567 3509 2621 vi-

1941 2671 2032 2710 ces
2060 2656 2439 2726 perstiterunt.
2475 2655 2632 2711 Nunc
2664 2664 2846 2712 autem
2880 2672 3004 2712 cum
3031 2673 3062 2711 a
3093 2657 3336 2714 febribus
3377 2661 3507 2716 liber

1937 2765 2061 2805 esse
2088 2750 2298 2815 videor,
2334 2750 2411 2804 ita
2434 2765 2556 2805 sum
2579 2750 2800 2817 debilis,
2837 2758 2895 2804 ut
2917 2751 3055 2805 nihil
3078 2751 3132 2805 in
3158 2751 3264 2808 hoc
3292 2753 3361 2808 ab
3389 2768 3487 2807 ara

1937 2856 2039 2897 nea
2089 2841 2359 2897 diﬂ‘eram.
2418 2841 2576 2897 Unde
2617 2843 2752 2896 mihi
2806 2857 2970 2897 omne
3005 2844 3112 2897 iter
3149 2844 3513 2913 impervium,

1937 2942 1991 2989 et
2013 2932 2247 3003 quilibet
2286 2948 2433 2988 aurae
2467 2933 2743 3004 impulsus
2786 2934 3182 3005 periculosior,
3217 2951 3380 3006 quam
3410 2934 3510 2992 llu-

1938 3033 2064 3081 ctus
2094 3024 2388 3081 decumani
2410 3027 2818 3096 navigantibus.
2840 3025 3078 3083 Necesse
3105 3034 3189 3083 est
3216 3042 3345 3098 ergo
3367 3027 3510 3082 domi

1940 3117 2192 3180 latitare,
2224 3122 2279 3172 et
2326 3122 2545 3187 tempus
2576 3130 2806 3171 vernum
2860 3124 3216 3186 exspectare,
3258 3116 3305 3172 si
3354 3117 3511 3172 modr

1864 3208 1906 3265 C
1940 3225 2004 3264 eo
2056 3223 2233 3280 usque
2262 3210 2563 3281 perdurare
2609 3209 2816 3280 possim
2839 3249 2854 3275 ,
2886 3224 2989 3265 nec
3033 3210 3187 3280 prius
3221 3224 3319 3280 spe
3362 3210 3489 3266 exci

1939 3302 2065 3356 dam
2104 3302 2176 3357 ob
2221 3301 2477 3357 morbum
2521 3301 2836 3357 visceribus
2883 3302 3236 3359 insidentem.
3272 3301 3431 3370 Quod
3468 3305 3512 3359 si

1939 3413 2026 3453 me
2061 3395 2326 3453 Dominus
2356 3410 2551 3467 magna
2586 3410 2686 3451 sua
2706 3410 2874 3450 manu
2913 3396 3237 3465 servaverit,
3264 3397 3506 3454 libentis-

1939 3488 2076 3545 sime
2103 3503 2190 3543 me
2221 3488 2503 3544 conferam
2529 3488 2599 3543 ad
2637 3495 2879 3543 vestram
2913 3489 3302 3546 solitudinem:
3335 3489 3482 3545 Iiben

1941 3581 2153 3637 tissime
2197 3587 2253 3636 te
2298 3580 2529 3636 charum
2557 3579 2691 3634 mihi
2731 3588 2900 3650 caput
2936 3581 3255 3651 amplectar.
3280 3578 3511 3638 Tantum

1941 3687 2095 3742 roga,
2126 3681 2186 3727 ut
2218 3674 2289 3730 de
2320 3690 2444 3730 mea
2473 3674 2608 3740 vita,
2639 3681 2804 3746 prout
2830 3675 3028 3730 animae
3061 3690 3196 3733 meae
3221 3676 3518 3743 conducit,

1940 3772 2235 3822 statuatur.

2402 4005 2743 4068 EPISTOLA
2780 4008 3055 4066 CXCIV".

260 4118 388 4171 Zoili
402 4117 579 4171 litteris
606 4120 863 4185 respondet
884 4116 1123 4182 Basilius,
1146 4119 1371 4172 hortatur
1392 4127 1445 4190 ut
1463 4135 1593 4184 saepe
1615 4120 1810 4173 scribat.
1826 4121 1997 4190 ,Ματρί
2014 4121 2093 4173 sui
2115 4119 2499 4190 magnitudinem
2526 4121 2744 4188 exprimi
2760 4137 2855 4175 non
2878 4138 3017 4190 posse
3038 4123 3190 4187 dicit;
3221 4127 3307 4179 sed
3333 4128 3461 4181 vires
3481 4142 3519 4179 α

1383 4187 1485 4235 Deo
1505 4183 1749 4246 exspectat
1770 4184 1836 4235 ad
1858 4183 2092 4248 patienter
2108 4183 2381 4249 ferendum.

859 4357 868 4365 _
933 4291 1152 4356 Ζωΐλῳ.

2630 4295 2782 4349 Zoilo

328 4396 432 4454 Οἷα
458 4401 667 4464 ποιεῖς,
701 4394 746 4453 ὧ
777 4399 1047 4471 θαυμάσιε
1071 4440 1089 4465 ,
1126 4401 1526 4473 προλαμϐάνων
1572 4405 1720 4478 ἡμᾶς
1750 4407 1831 4469 εἰς

2006 4410 2149 4476 Quid
2180 4427 2319 4483 agis,
2342 4411 2429 4465 vir
2454 4412 2690 4482 egregie,
2713 4396 3046 4482 praeverteris
3075 4427 3161 4467 me
3183 4413 3516 4472 humilitatis

258 4491 319 4545 τὸ
351 4492 453 4562 τῆς
483 4492 860 4555 ταπεινώσεως
893 4493 1122 4563 μέτρον;
1149 4493 1209 4555 ὃς
1239 4510 1302 4561 γε
1322 4536 1337 4559 ,
1371 4494 1609 4555 τοιοῦτος
1636 4495 1710 4549 ὣν
1733 4496 1831 4567 τὴν

1938 4502 2138 4556 modo?
2179 4504 2271 4572 qui
2316 4518 2443 4558 cum
2479 4511 2632 4557 tanta
2685 4505 2764 4559 sis
2811 4512 3038 4558 ornatus
3069 4506 3415 4573 eruditione,
3447 4523 3519 4562 ac

260 4583 541 4635 παίδευσιν
563 4624 577 4647 ,
609 4582 702 4636 καὶ
740 4582 911 4647 οὕτως
944 4583 1102 4648 εἰδὼς
1146 4585 1482 4639 ἐπιστέλλειν
1505 4626 1520 4649 ,
1560 4586 1636 4650 ὡς
1683 4586 1831 4657 δηλοῖ

1938 4593 2211 4648 scribendi
2271 4594 2409 4649 adeo
2463 4595 2711 4665 peritus,
2743 4604 2803 4649 ut
2851 4595 3049 4650 littera:
3092 4595 3513 4664 demonstrant,

254 4673 322 4764 τά
369 4674 711 4746 γράμματα,
762 4677 912 4746 ὅμως
963 4675 1174 4743 ἀξιοῖς,
1221 4678 1298 4742 ὡς
1333 4679 1427 4733 ἐπὶ
1458 4679 1831 4753 τολμηροτέρᾳ

1938 4690 2117 4737 tamen
2164 4684 2451 4754 postulas,
2491 4691 2550 4738 ut
2597 4685 2651 4739 in
2691 4683 2992 4739 audaciore
3020 4684 3259 4754 quodam
3305 4693 3513 4740 conatu

324 4808 438 4891 (45)
483 4809 555 4891 To
600 4810 971 4891 ἀποσταλέν.
1022 4813 1312 4891 Manifesta
1348 4820 1433 4868 est
1479 4815 1830 4891 necessitudo

1938 4812 2123 4891 Meti).-

256 4875 428 4959 bujus
457 4881 703 4949 epistolae
750 4897 877 4936 cum
923 4885 1223 4939 centesima
1268 4886 1640 4954 nonagesima.
1694 4884 1830 4940 Pro-
2005 4875 2119 5025 ('47;
2161 4883 2351 4952 Ἡμῖν.
2381 4883 2553 4941 Coisl.
2582 4886 2795 4955 primus
2817 4894 2870 4942 et
2901 4885 3052 4939 Harl.
3093 4884 3255 4958 Ἡμῖν
3278 4887 3359 4942 δέ.

257 4956 484 5025 miserat
515 4949 747 5025 Basilius
784 4968 856 5025 se
879 4952 1024 5025 apud
1055 4954 1395 5024 potentiores
1434 4956 1643 5011 amicos
1675 4966 1831 5011 actu-
2006 4954 2096 5025 (48
2157 4954 2426 5022 Χείρους.
2455 4954 2608 5011 Hanc
2642 4971 2829 5012 vocem
2868 4956 3177 5011 addidimus
3202 4974 3269 5012 ex
3298 4974 3358 5014 se

257 4949 484 5028 miserat
515 4949 747 5028 Basilius
784 4968 857 5028 se
879 4952 1024 5028 apud
1055 4954 1395 5028 potentiores
1418 4949 1650 5028 'amicosg
1675 4966 1831 5011 actu-
2006 4949 2119 5027 (48)
2157 4949 2426 5022 Χέίρους.
2455 4949 2608 5011 Hanc
2642 4971 2829 5012 vocem
2868 4949 3177 5011 addidimus
3202 4974 3269 5012 ex
3298 4968 3507 5028 septem

257 5032 401 5096 rum,
436 5024 484 5074 si
516 5018 591 5073 ita
628 5018 1028 5096 _Amphiloéhio
1055 5018 1362 5096 videretur,
1416 5033 1473 5079 et
1504 5024 1828 5096 dignitatem

257 5088 496 5166 aliquam
532 5088 851 5166 petiturum,
889 5094 1153 5166 ut_amici
1195 5093 1394 5166 domus
1434 5088 1693 5166 magnum
1726 5097 1828 5150 ali-

258 5158 402 5233 quod
453 5158 861 5233 incommodum
902 5161 1183 5233 ellugeret.
1219 5158 1645 5222 Observaviﬁius
1687 5166 1830 5221 banc

258 5228 573 5303 dignitatem
616 5246 723 5303 non
770 5231 825 5284 in
858 5228 1045 5303 aliqua
1079 5234 1578 5303 administratione,
1633 5237 1726 5291 sed
1772 5238 1828 5290 in

258 5298 528 5375 codicillis
571 5300 829 5375 positam_
849 5298 1233 5375 fuisse.Quod
1262 5321 1392 5375 ergo
1437 5298 1830 5361 tam'celeriter

258 5368 749 5446 co-n_l:ectum_'misit
797 5368 1138 5441 Sophronius
1194 5368 1454 5445 magister
1505 5376 1824 5439 olliciorum,

258 5437 590 5518 nihilhaliud
613 5440 837 5518 _videtur
865 5437 1014 5518 esse,
1059 5459 1222 5518 quam
1252 5437 1591 5518 codicillaria
1641 5437 1823 5517 aliqua

261 5504 547 5583 dignitas:
572 5507 637 5583 Id
667 5520 847 5583 autem
878 5514 1055 5583 pretio
1075 5504 1440 5583 'impetratnin
1480 5516 1670 5579 fuisse,
1724 5504 1828 5571 nec

265 5572 898 5656 Sophroniijiberalitas'
916 5584 1119 5651 patitur
1148 5572 1442 5656 suspicari,
1470 5601 1572 5641 nec
1608 5572 1828 5656 scripta:

261 5646 429 5722 abeo
454 5650 521 5722 ad
548 5648 812 5722 Basilium
839 5646 1485 5722 perhonorifice'litteraa.

328 5715 460 5800 (46).
496 5715 857 5800 Mpxtdrpqif
890 5722 1182 5800 Medicazus
1229 5726 1402 5800 codex
1456 5733 1511 5781 et
1568 5726 1700 5800 duo
1732 5725 1824 5780 alii

263 5792 590 5848 recentiores
645 5793 952 5863 ἀρχιήτρῳ.
1014 5792 1222 5866 Regius
1268 5797 1482 5867 primus
1534 5806 1590 5853 et
1644 5795 1822 5864 Bigot.

1933 5039 2068 5081 mss.

2004 5095 2113 5165 (49)
2179 5093 2493 5165 Ἐπέσχον.
2543 5096 2622 5150 lta
2675 5104 2786 5153 tres
2833 5098 3193 5165 vetustissimi
3256 5100 3508 5156 codices.

1930 5161 2074 5219 Editi
2098 5161 2396 5236 ’κατέσχονζ
2435 5164 2608 5236 Paulo
2638 5176 2762 5236 post
2797 5167 2958 5221 iidem
2999 5161 3216 5224 codices
3243 5183 3371 5223 cum
3401 5172 3503 5224 tri-

1930 5236 2187 5308 busaliis
2212 5234 2356 5308 οὕτω
2395 5253 2518 5308 μου.
2549 5234 2689 5291 Εόίὶί
2717 5236 2891 5308 οὔτως
2920 5255 3041 5308 μου.

1960 5352 1963 5353 ,
1999 5306 2112 5377 (50)
2146 5306 2707 5377 Προδιαμάρτοιμεν.
2748 5306 2866 5361 Non
2903 5306 3044 5364 male
3085 5309 3389 5364 Vaticanus
3406 5325 3503 5364 co.

1960 5352 1963 5353 ν
1999 5325 2112 5377 (ου)
2146 5325 2571 5374 ιιροοιαμαρτοι
2617 5325 2707 5360 εν.
2748 5325 2866 5361 non
2903 5325 3044 5364 mare
3091 5325 3389 5364 vaucanus
3406 5325 3501 5364 co—

1930 5374 2033 5429 dex
2065 5385 2135 5451 et_
2152 5377 2217 5451 ad
2241 5378 2538 5451 marginem
2558 5325 3018 5451 Claromontanus
3039 5380 3501 5451 προδιαρπασθῶ-

1933 5461 2052 5513 μεν,
2084 5447 2187 5499 nisi
2220 5447 2368 5514 prius
2406 5445 2644 5514 abripiar
2680 5448 2862 5501 morbo
2899 5445 3181 5503 visceribus
3217 5445 3496 5505 insidente.

1929 5515 2075 5570 Nihil
2098 5528 2282 5569 tamen
2312 5519 2631 5570 mutandum
2657 5519 2939 5590 duximus,
2969 5523 3097 5589 quia
3124 5522 3337 5590 vulgata
3360 5522 3499 5577 scri-

1928 5592 2089 5660 plura
2116 5602 2219 5660 nec
2253 5600 2357 5660 sua
2391 5595 2585 5660 sponte
2618 5588 2817 5644 vitiosa
2843 5596 2948 5654 est,
2977 5588 3032 5643 et
3057 5588 3308 5660 pluribus
3352 5593 3498 5649 anu-

1927 5658 2054 5726 quis
2091 5656 2378 5726 codicibus
2402 5657 2617 5726 nititur.

2006 5729 2023 5746 ”
2049 5729 2198 5780 Alias
2227 5725 2547 5779 CCCLXIX.
2574 5728 2789 5795 Scripta
2824 5743 2966 5782 anno
2996 5729 3120 5784 375.

2001 5802 2038 5823 "
2066 5798 2218 5853 Alias
2250 5795 2612 5853 CCCLXVIII.
2642 5800 2860 5870 Scripta
2891 5815 3032 5856 anno
3059 5801 3183 5857 575.
