3948 6214
362 385 460 442 707

1633 378 1694 439 S.
1739 377 1991 436 BASILXI
2026 378 2241 437 MAGNI

3519 372 3627 429 708
3654 426 3657 431 .

360 508 417 556 et
453 501 665 558 nieritis
710 501 822 557 tuis
876 513 1121 570 majore,
1152 513 1369 555 veniam
1402 508 1501 554 tim
1539 513 1568 552 a
1604 499 1765 556 nobis
1793 500 1934 555 dari.

2046 499 2147 551 τινὶ
2177 498 2490 568 ἐγχειρήσει
2539 496 2633 554 καὶ
2689 486 3093 566 ὑπερϐαινούσῃ
3144 508 3235 546 σου
3285 490 3383 562 τὴν
3426 490 3622 555 ἀξίαν,

360 589 564 646 Verum
614 590 989 663 praetermissa
1039 592 1142 646 hac
1176 591 1392 654 ironia,
1425 588 1608 647 scribe
1656 591 1816 647 nobis
1870 591 1938 644 ad

361 700 580 739 omnem
605 685 975 739 occasionem.
1000 682 1127 737 Sive
1147 683 1293 738 enim
1328 682 1655 754 eloquentiae
1683 699 1792 739 non
1815 699 1937 739 sum

361 790 580 844 expers,
611 775 921 845 eloquentis
949 775 1051 829 viri
1084 774 1300 829 litteras
1323 774 1687 829 libentissime
1719 773 1893 844 legam
1921 791 1934 828 :

361 864 479 918 sire
515 873 781 934 quantum
820 866 912 918 'sit
955 863 1246 918 cbaritatis
1291 862 1538 927 bonum,
1582 878 1613 917 e
1656 861 1939 932 Scriptura

362 954 566 1018 didici,
599 956 839 1010 maximo
870 970 1100 1025 prorsus
1146 954 1200 1008 in
1235 954 1414 1025 pretio
1446 961 1532 1007 est
1578 953 1821 1009 hominis
1854 969 1940 1009 me

363 1045 642 1115 diligentis
694 1046 1052 1116 colloquium.
1104 1043 1323 1099 Utinam
1387 1053 1569 1100 autem
1626 1045 1939 1116 perscribas

362 1153 485 1208 quae
531 1138 623 1193 tibi
670 1153 866 1208 precor
901 1138 1080 1203 bona,
1110 1139 1363 1208 corporis
1417 1138 1824 1203 valetudinem,
1876 1153 1940 1194 ac

362 1230 559 1288 domus
600 1233 771 1287 totius
803 1232 1224 1303 prosperitatem
1248 1227 1411 1285 lJam
1444 1228 1591 1298 quod
1625 1229 1692 1283 ad
1726 1245 1814 1285 res
1839 1244 1937 1284 no-

363 1333 510 1379 stras
548 1330 758 1394 spectat
783 1362 799 1387 ,
828 1323 971 1378 scito
1001 1338 1095 1377 eas
1126 1322 1288 1377 solito
1314 1336 1423 1375 non
1456 1336 1579 1376 esse
1607 1321 1943 1376 tolerabilio-

360 1433 472 1473 res.
509 1415 656 1472 Satis
712 1422 894 1470 autem
927 1416 1032 1469 erit
1064 1417 1168 1470 hoc
1196 1416 1414 1480 dicere,
1448 1423 1505 1470 ut
1544 1414 1644 1469 tibi
1689 1415 1939 1484 corporis

361 1510 540 1565 nostri
572 1508 864 1563 infirmitas
913 1506 1343 1565 demonstretur.
1392 1507 1527 1563 Nam
1562 1507 1736 1562 morbi
1792 1521 1939 1561 nunc

361 1601 663 1657 detinentis
707 1597 1145 1670 magnitudinem
1167 1639 1183 1665 ,
1212 1616 1316 1657 nec
1350 1600 1533 1656 verbis
1553 1600 1939 1675 demonstrare

360 1693 557 1759 facile,
589 1710 692 1749 nec
737 1710 798 1751 re
844 1694 1220 1765 persuadere:
1252 1692 1525 1762 siquidem
1573 1693 1643 1747 iis
1685 1707 1808 1762 quin
1839 1708 1939 1746 no-

2042 588 2372 660 συγγνώμης
2405 589 2536 659 παρ’
2569 586 2729 660 ήμῶν
2757 585 3066 657 τυγχάνειν.
3114 583 3271 638 Ἀλλά
3290 622 3304 647 ,
3336 583 3438 654 τῆς
3467 584 3629 654 εἰρω-

2039 682 2188 745 νείας
2223 682 2428 751 ταύτης
2471 683 2777 752 ἀφέμενος,
2818 677 3101 733 ἐπίστελλε
3131 680 3264 748 ἡμῖν
3307 676 3398 730 διὰ
3440 678 3628 745 πάσης

2041 773 2388 844 προφάσεως.
2424 773 2548 826 Εἴτε
2578 771 2687 843 γάρ
2717 773 2848 842 ἡμῖν
2892 769 3066 838 λόγων
3104 769 3386 838 μέτεστιν,
3429 766 3628 839 ἥδιστα

2039 861 2220 934 λογίου
2243 864 2434 935 ἀνδρὸς
2469 865 2795 935 γράμμασιν
2823 860 3185 932 ἐντευξόμεθα
3207 859 3317 931 (bl)
3340 876 3353 889 ·
3380 858 3494 912 εἴτε
3526 858 3627 911 καὶ

2039 955 2099 1009 τὸ
2131 957 2231 1026 τῆς
2278 954 2498 1025 ἀγάπης
2545 954 2712 1008 καλὸν
2745 953 2869 1006 ὅσον
2902 952 3019 1005 ἐστὶ
3045 995 3057 1018 ,
3088 953 3239 1024 παρὰ
3269 953 3367 1023 τῆς
3399 950 3627 1022 Γραφῆς

2041 1046 2484 1118 πεπαιδεύμεθα,
2530 1045 2623 1099 τοῦ
2667 1045 2865 1109 παντὸς
2919 1044 3075 1110 ἀξίαν
3127 1045 3388 1114 τιθέμεθα
3426 1043 3627 1114 ἀνδρὸς

2040 1136 2366 1206 ἀγαπῶντος
2410 1139 2560 1206 ἡμᾶς
2594 1136 2833 1206 ὁμιλίαν.
2887 1135 2985 1205 Εἷη
3028 1135 3085 1188 δέ
3116 1152 3175 1188 σε
3209 1134 3445 1206 γράψειν
3471 1133 3509 1188 ἃ
3532 1136 3627 1187 εύ-

2039 1228 2250 1301 χὸμεθά
2293 1245 2376 1282 σοι
2420 1226 2601 1296 ἀγαθά
2622 1266 2637 1290 ,
2677 1227 2866 1295 ὑγείαν
2896 1225 3149 1296 σώματος
3173 1267 3188 1289 ,
3239 1226 3334 1279 καὶ
3360 1225 3626 1295 εὐθηνίαν

2039 1320 2189 1374 οἴκου
2225 1320 2459 1383 παντόςί
2497 1320 2578 1373 Τὰ
2621 1318 2678 1373 δὲ
2708 1319 2952 1390 ἡμέτερα
2986 1317 3150 1389 μηδὲν
3173 1318 3504 1389 ἀνεκτότερα
3532 1317 3624 1386 γί-

2039 1430 2218 1467 νωσκε
2250 1413 2350 1483 τῆς
2381 1411 2671 1482 συνηθείας
2709 1407 2870 1464 εἶναι.
2927 1410 3112 1482 Ἀρκεῖ
3146 1410 3203 1462 δέ
3241 1408 3499 1463 τοσοῦτον
3537 1412 3628 1461 εί·-

2040 1505 2161 1556 πείν
2186 1543 2200 1567 ,
2243 1503 2337 1556 καὶ
2387 1500 2721 1568 ἐνδείξασοαί
2759 1518 2839 1555 σοι
2876 1501 2972 1555 τοῦ
3026 1499 3278 1570 σώματος
3323 1500 3482 1570 ἡμῶν
3520 1497 3625 1570 τὴν

2038 1593 2338 1647 ἀσθένειαν.
2373 1592 2484 1663 Τὴν
2519 1592 2627 1663 γάρ
2657 1590 2752 1645 νῦν
2781 1590 3115 1662 κατέχουσαν
3145 1592 3295 1662 ἡμᾶς
3326 1590 3405 1653 είς
3434 1588 3498 1642 τὸ
3522 1590 3626 1661 ἀρ-

2040 1687 2268 1756 ρωστεῖν
2313 1684 2650 1757 ὑπερϐολὴν,
2687 1682 2811 1736 οὗτε
2844 1682 2988 1754 λόγῳ
3037 1681 3377 1748 ἐνδείξασθαι
3412 1681 3623 1752 ῥᾴδιον,

359 1800 556 1852 veras,
588 1788 771 1858 majus
814 1788 1098 1857 quidpiam
1151 1802 1183 1840 a
1229 1786 1390 1841 nobis
1436 1785 1506 1839 ad
1563 1786 1934 1839 infirmitatem

2046 1775 2161 1829 οὔτε
2215 1776 2362 1849 ἔργῳ
2420 1776 2745 1847 πεισθῆναιυ
2803 1775 2963 1847 εἴπερ
3015 1774 3238 1827 ἐκείνων
3265 1813 3281 1839 ,
3332 1767 3408 1827 ὧν
3455 1773 3625 1836 αὐτὸς

360 1876 647 1933 inventum
690 1885 797 1935 est.
837 1877 957 1933 Jam
991 1877 1086 1933 Dei
1140 1877 1268 1933 boni
1304 1891 1443 1945 opus
1484 1883 1578 1932 'est
1624 1878 1769 1932 vires
1799 1877 1933 1931 mihi

2046 1868 2189 1939 ᾔδεις
2209 1909 2222 1932 ,
2248 1846 2459 1941 ἐὑρέθη
2503 1887 2556 1923 τι
2586 1846 2771 1923 πλεῖον
2805 1846 2943 1940 παρέ
2974 1869 3128 1940 ἡμῶν
3170 1869 3252 1930 εἰς
3280 1867 3620 1940 ἀρρωστίαν.

361 1967 641 2036 sulliecre,
688 1978 747 2024 ut
776 1971 1044 2041 patienter
1079 1968 1250 2024 feram
1297 1968 1535 2025 inﬂictas
1578 1970 1830 2039 corporis
1864 1970 1934 2025 ad

361 2064 609 2112 nostram
666 2059 957 2114 utilitatem
991 2058 1181 2131 plagas
1212 2058 1282 2113 ab
1329 2073 1395 2112 eo
1455 2059 1550 2129 qui
1584 2058 1725 2114 bene
1775 2058 1933 2114 nobis

360 2144 494 2202 facit
517 2144 649 2204 Deo.

836 2397 1173 2454 EPISTULA
1212 2398 1439 2456 CXCV'.

2039 1960 2176 2014 Θεοῦ
2203 1961 2260 2015 δὲ
2292 1961 2387 2015 τοῦ
2416 1960 2624 2031 ἀγαθοῦ
2650 1962 2810 2034 ἔργον
2844 1961 3023 2016 δοῦναι
3047 1964 3175 2032 ἡμῖν
3195 1960 3449 2031 δύναμιν,
3479 1958 3629 2031 πρὸς

2039 2053 2099 2107 τὸ
2123 2056 2180 2106 ἐν
2209 2055 2452 2125 ὑπομονῇ
2492 2054 2679 2125 φέρειν
2705 2054 2804 2118 τὰς
2830 2054 2922 2107 ἐπὶ
2956 2055 3287 2126 συμφέροντι
3335 2054 3468 2123 ἡμῖν
3520 2055 3631 2105 ἐπ’

2042 2145 2316 2217 αγομένας
2330 2147 2411 2211 εἰς
2432 2146 2493 2200 τὸ
2509 2146 2667 2218 σῶμα
2682 2146 2892 2219 πληγὰς
2915 2147 3067 2219 παρὰ
3088 2146 3182 2200 τοῦ
3204 2144 3629 2219 εὐεργετοῦντος
3666 2190 3671 2191 ν

2045 2238 2189 2309 ἡμᾶς
2222 2238 2454 2309 Κυρίου.

2557 2400 2906 2455 ΕΠΙΣΤΟΔΗ
2933 2398 3095 2466 ΡιιΕκ

636 2529 885 2584 Rationem
906 2531 1068 2584 reddit
1094 2530 1309 2585 Basilius
1328 2546 1415 2585 cur
1435 2546 1552 2583 raro
1569 2534 1749 2583 scribat
1769 2544 1787 2583 :
1808 2530 1874 2582 ad
1897 2530 2243 2590 postulandum
2263 2544 2294 2580 a
2319 2533 2418 2585 Deo
2438 2530 2651 2583 reditum
2671 2529 3015 2595 episcoporum
3046 2529 3291 2581 hortatur.

548 2656 879 2728 Euphronio,
912 2661 1156 2733 episcopo
1190 2662 1432 2718 Colonia:
1465 2664 1751 2718 Armeniis.

428 2768 730 2842 Propterea
751 2771 900 2843 quod
943 2773 1105 2845 longe
1133 2772 1328 2830 dissita
1356 2785 1443 2830 est
1480 2791 1511 2829 a
1559 2775 1665 2830 viis
1694 2774 1932 2846 publicis

359 2862 619 2927 Colonia,
651 2880 818 2934 quam
864 2866 961 2920 tibi
1000 2864 1265 2921 Dominus
1306 2866 1723 2938 gubernandum
1757 2866 1938 2922 credi-

359 2954 477 3017 dit,
519 2955 734 3011 etiamsi
786 2971 933 3027 saepe
974 2958 1192 3012 exteris
1243 2957 1478 3013 minoris
1516 2957 1791 3013 Armenia:
1824 2957 1936 3013 fra-

361 3046 542 3100 tribus
594 3048 831 3100 scribam
866 3086 880 3110 ,
922 3061 1067 3118 aegre
1118 3056 1298 3102 tamen
1349 3047 1417 3102 ad
1472 3056 1621 3101 tuam
1677 3047 1933 3118 pietatem

363 3139 571 3195 litteras
598 3140 776 3202 mitto,
802 3142 1080 3196 neminem
1118 3155 1349 3211 sperans
1383 3140 1652 3205 futurum,
1680 3140 1775 3210 qui
1811 3141 1933 3197 illas

361 3247 430 3287 eo
472 3246 646 3301 usque
679 3230 939 3302 perierat.
971 3232 1107 3286 Cum
1154 3242 1333 3286 autem
1388 3247 1536 3285 ntnm
1580 3246 1793 3301 sperem
1841 3237 1935 3286 aut

2128 2663 2444 2732 Ei)prth
2463 2704 2477 2730 ,
2509 2662 2821 2727 ἐπισκόπῳ
2846 2662 3186 2727 Κολωνείας
3224 2656 3548 2729 Ἀρμενίας.

2105 2774 2204 2829 Διά
2232 2775 2294 2829 τὸ
2328 2775 2545 2846 μακράν
2576 2774 2890 2847 ἀπῳκίσθαι
2922 2775 3032 2828 τῶν
3062 2773 3395 2845 ὁδευομένων
3430 2773 3633 2826 τόπων

2041 2867 2141 2939 τὴν
2169 2866 2477 2922 Κολὼνειαν
2499 2908 2515 2933 ,
2559 2868 2625 2939 ἦν
2654 2869 2683 2921 ὁ
2714 2866 2918 2938 Κύριος
2953 2866 3152 2921 ἔδωκεν
3195 2865 3301 2920 ὑπὸ
3335 2864 3417 2919 σοὶ
3443 2863 3638 2918 62:06-

2041 2957 2226 3011 νεσθαι
2250 2997 2265 3021 ,
2308 2957 2568 3022 πολλάκις
2601 2957 2703 3013 κᾶν
2737 2960 2851 3021 τοῖς
2885 2956 3066 3020 ἄλλοις
3095 2954 3346 3025 ἀδελφοῖς
3370 2954 3638 3010 ἐπιστέλ-

2040 3049 2224 3121 λωμεν
2254 3051 2369 3114 τοῖς
2414 3050 2559 3105 κατὰ
2600 3054 2702 3121 τὴν
2743 3052 2947 3123 μικράν
3006 3049 3329 3123 ’Δρμενίαν,
3370 3047 3638 3119 ὀκνηρῶς

2043 3144 2336 3215 πέμπομεν
2372 3143 2679 3215 γράμματα
2715 3146 2852 3217 πρὸς
2889 3144 2988 3216 τὴν
3027 3143 3315 3198 εὐλάϐειαν
3354 3158 3447 3196 σου
3470 3180 3489 3205 ,
3522 3158 3640 3212 μη-

2039 3231 2166 3286 δένα
2211 3233 2522 3298 ἐλπίζοντες
2572 3230 2712 3289 εἶναι
2763 3236 2856 3289 τὸν
2896 3236 3089 3307 μέχρις
3122 3235 3346 3288 ἐκείνων
3376 3233 3639 3303 διακομί-

362 3331 418 3377 te
462 3320 779 3378 adfuturum
804 3363 818 3385 ,
851 3330 945 3376 aut
976 3324 1269 3393 epistolam
1304 3323 1373 3377 ab
1403 3324 1683 3393 episcopis
1730 3322 1934 3392 quibus

2046 3323 2225 3387 ζοντα.
2274 3325 2435 3379 Ἀλλά
2462 3324 2558 3378 νῦν
2583 3325 2617 3398 ἢ
2640 3326 2803 3380 αὐτόν
2832 3343 2893 3380 σε
2920 3326 3254 3399 παρέσεσθαι
3283 3324 3637 3397 προσδοκῶν-

363 3415 581 3478 scribo,
623 3430 746 3470 esse
784 3415 947 3486 287
981 3414 1048 3469 ad
1084 3423 1136 3469 te
1186 3413 1703 3483 transmittendam;
1734 3423 1788 3469 et
1828 3422 1936 3469 tua!

2046 3417 2233 3489 τες,ἢ
2283 3417 2796 3489 διαπεμφθήσεσθαι
2846 3420 2946 3491 τὴν
2994 3417 3283 3489 ἐπιστολὴν
3332 3416 3480 3489 παρὰ
3513 3417 3638 3470 τῶν

364 3507 549 3562 scribo
583 3508 802 3577 pietati,
852 3515 907 3561 et
962 3513 1015 3560 te
1069 3522 1163 3576 per
1194 3507 1405 3563 litteras
1455 3509 1673 3574 saluto;
1706 3521 1831 3562 cum
1880 3516 1936 3564 te

2046 3507 2359 3562 ἐπισκόπων
2407 3503 2487 3572 οἷς
2521 3509 2913 3580 ἐπεστείλαμεν
2937 3551 2952 3573 ,
2982 3509 3078 3563 καὶ
3113 3511 3395 3580 γράφομεν
3421 3510 3488 3579 τῇ
3537 3509 3638 3561 εὐ-

364 3601 656 3655 certiorem
716 3599 924 3654 iaciens
950 3598 1123 3654 videri
1160 3615 1248 3655 me
1299 3600 1481 3654 adhuc
1527 3602 1584 3655 in
1619 3612 1764 3655 terra
1808 3616 1931 3657 ver-

2046 3599 2233 3671 λαϐείᾳ
2263 3617 2357 3654 σου
2377 3640 2392 3664 ,
2421 3601 2518 3654 καὶ
2547 3600 3026 3674 προσαγορεύομεν
3066 3618 3127 3655 σε
3166 3600 3257 3655 διὰ
3307 3601 3399 3654 τοῦ
3438 3600 3638 3671 γράμο

365 3692 511 3756 sari;
563 3700 678 3744 tum
736 3690 1079 3754 adhortans,
1140 3706 1241 3761 pro
1300 3706 1385 3746 me
1440 3699 1499 3746 ut
1552 3691 1830 3762 preceris,
1877 3699 1937 3747 ut

2046 3706 2256 3760 ματος,
2311 3690 2446 3762 ὁμοῦ
2500 3691 2600 3762 μὲν
2637 3693 3027 3764 σημαίνοντες,
3079 3693 3162 3747 ὅτι
3214 3691 3480 3762 δοκοῦμεν
3546 3691 3639 3746 ἔτι

362 3797 639 3838 erumnas
673 3798 737 3837 ac
758 3784 1103 3839 calamitates
1137 3784 1345 3838 minuat
1370 3783 1660 3848 Dominus,
1682 3792 1739 3840 et
1769 3785 1936 3841 velle-

2046 3779 2181 3839 εἶναι
2229 3784 2368 3856 ὑπὲρ
2392 3786 2494 3856 τῆς
2537 3787 2674 3856 γῆς,
2704 3786 2840 3859 ὁμοῦ
2886 3787 2944 3841 δὲ
2982 3786 3425 3858 παρακαλοῦντες
3450 3802 3642 3857 προσ-

365 3888 521 3929 mens
549 3872 681 3928 illud
715 3874 926 3930 doloris
955 3874 1204 3944 pondus,
1243 3891 1388 3929 nunc
1425 3875 1687 3932 cordibus
1723 3878 1931 3931 nostris

2046 3874 2288 3947 εύχεσθαι
2335 3875 2476 3948 ὑπὲρ
2528 3876 2718 3948 ἡμῶν,
2766 3878 2853 3931 ἵνα
2889 3880 2918 3931 ὁ
2960 3876 3167 3944 Κύριος
3208 3873 3483 3947 ἐλαττώσῃ
3525 3875 3639 3939 τὰς

365 3965 779 4033 incumbentis,
815 3968 982 4021 veluti
1041 3967 1239 4022 nubem
1292 3965 1622 4037 quamdam,
1679 3980 1710 4020 a
1766 3966 1930 4023 nobis

2046 3963 2286 4035 θλίψεις,
2319 3966 2417 4019 καὶ
2451 3964 2512 4019 τὸ
2570 3967 2703 4021 πολὺ
2748 3967 2907 4022 τοῦτο
2939 3967 3106 4040 βάρος
3155 3965 3254 4038 τῆς
3285 3965 3476 4037 ὀδύνης
3528 3970 3641 4038 τῆς

364 4059 706 4113 submoveat.
743 4056 858 4114 lloc
889 4068 1070 4114 autem
1120 4044 1430 4133 continget,
1466 4058 1512 4113 si
1560 4059 1792 4114 celerem
1843 4059 1936 4115 det

2046 4057 2136 4113 νῦν
2169 4059 2527 4134 ἐπικειμένης
2565 4064 2686 4126 ταῖς
2714 4062 2966 4135 καρδίαις
2993 4062 3152 4134 ἡμῶν
3170 4104 3186 4129 ,
3218 4056 3329 4116 οἷόν
3358 4078 3411 4115 τι
3437 4061 3637 4130 νέφος,

365 4146 600 4202 reditum
624 4148 1054 4217 religiosissimis
1084 4148 1380 4219 episcopis,
1410 4149 1505 4219 qui
1530 4163 1680 4205 nunc
1697 4149 1934 4221 dispersi

2046 4150 2139 4219 ἀφ’
2177 4149 2334 4220 ἡμῶν
2358 4151 2642 4223 ἀπαγάγῃ.
2678 4153 2871 4207 Ἔσται
2899 4153 2955 4207 δὲ
2981 4152 3141 4208 τοῦτο
3172 4153 3268 4207 ἐὰν
3294 4155 3520 4224 ταχεῖαν
3554 4154 3642 4226 δῷ

366 4246 519 4303 sunt,
541 4252 735 4307 pinnas
764 4253 864 4309 pro
894 4238 1096 4310 pietate
1129 4237 1452 4311 pendentes.

2046 4240 2141 4309 τὴν
2192 4240 2451 4296 ἐπάνοδον
2503 4246 2618 4307 τοῖς
2668 4243 3103 4314 θεοφιλεστάτοις
3153 4246 3470 4310 ἐπισκόποις
3493 4285 3511 4310 ,
3579 4243 3638 4301 οι

2040 4328 2137 4382 νῦν
2170 4332 2309 4385 εἰσιν
2358 4334 2419 4387 ἐν
2451 4335 2519 4405 τῇ
2568 4333 2838 4407 διασπορᾷ
2860 4375 2877 4401 ,
2904 4333 3063 4401 δίκας
3091 4334 3325 4400 διδόντες
3358 4333 3501 4406 ὑπὲρ
3525 4333 3643 4406 τῆς

2043 4421 2354 4487 εὐσεϐείας.

819 4548 1158 4625 Eprsrons
1191 4568 1461 4628 cxcvm
2551 4580 2897 4637 ΕΠΙΣΤΟΛΗ
2931 4583 3110 4651 rw.

367 4706 582 4762 Basilius
602 4704 818 4773 Aburgio
838 4706 1111 4772 gratulatur
1130 4720 1344 4760 summos
1360 4707 1585 4771 honores,
1607 4722 1667 4761 ac
1685 4713 2385 4842 exitum
2411 4726 2660 4782 precatur,
2683 4733 2829 4785 seque
2853 4719 3161 4786 gravissimis
3180 4719 3361 4773 morbis
3396 4718 3637 4773 debilita-

1026 4902 1069 4956 Α
1080 4901 1266 4974 burgt'o

439 5014 698 5079 Prosilire
752 5022 808 5071 te
862 5014 1041 5070 instar
1095 5016 1413 5082 stellarum,
1454 5017 1620 5074 modo
1676 5018 1734 5074 in
1794 5020 1938 5089 hac,

367 5110 533 5164 modo
592 5108 648 5164 in
699 5108 793 5164 illa
854 5109 1216 5165 barbarorum
1269 5110 1495 5181 regione
1547 5121 1938 5183 apparentem,

367 5216 516 5256 nunc
549 5199 771 5272 quidem
796 5216 1071 5256 annonam
1099 5201 1372 5258 militibus
1399 5203 1938 5268 subministrantem,

368 5306 516 5347 nunc
576 5307 709 5349 vero
785 5293 1107 5366 imperatori
1176 5295 1236 5351 in
1306 5295 1597 5368 splendido
1674 5304 1939 5369 apparatu

443 5445 641 5520 fAAAlias
670 5446 1171 5520 C_C_C_Xll._S§ripta
1205 5463 1352 5504 anno
1375 5448 1501 5505 575.

448 5518 488 5587 ff
514 5518 664 5587 Alias
693 5518 963 5573 CCCLIX.
993 5517 1209 5587 Scripta
1235 5534 1379 5575 anno
1406 5520 1533 5575 575.

442 5584 557 5667 (Si)
588 5588 1058 5667 λΕιςτευξιξμεθρ.
1099 5584 1200 5667 _Sic
1247 5605 1382 5667 mss.
1410 5589 1632 5667 codices
1670 5596 1726 5667 et
1766 5591 1942 5667 prima

371 5654 546 5730 editio
586 5654 940 5715 Parisiensis.
987 5659 1212 5730 Legitur
1257 5659 1316 5714 in
1374 5660 1618 5716 secunda
1675 5654 1944 5726 ἐντευξοί-

375 5725 537 5798 920a.-

442 5794 559 5868 (52)
599 5797 985 5863 Στρατιωτικὰ
1010 5797 1365 5868 παρέχοντα.
1404 5797 1494 5854 Sic
1526 5796 1674 5855 Ilarl.
1706 5807 1761 5856 et
1796 5811 1942 5859 uter-

2676 4912 3002 4983 Ἀϐουργίφ.

2116 5030 2362 5103 Διᾴττειν
2392 5045 2453 5083 σε
2492 5046 2569 5093 ως
2616 5028 2747 5094 τοὺς
2799 5028 3035 5103 ἀστέρας
3053 5069 3069 5095 ,
3098 5032 3289 5086 ἄλλοτε
3329 5046 3435 5084 κατ
3494 5030 3642 5089 ἄλλα

2050 5117 2216 5191 μέρος
2252 5117 2354 5189 τῆς
2403 5117 2748 5193 βαρϐαρικῆς
2788 5119 3105 5190 ἀνίσχοντα,
3143 5119 3239 5175 νῦν
3266 5120 3366 5190 μὲν
3405 5122 3641 5194 σιτηρέ-

2049 5225 2141 5263 σια
2199 5210 2573 5282 στρατιωτικά
2627 5210 2937 5283 παρέχοντα
2976 5211 3090 5284 (52)
3114 5251 3132 5276 ,
3182 5210 3281 5266 νῦν
3323 5211 3380 5266 δὲ
3415 5211 3641 5283 βασιλεῖ

2049 5296 2377 5370 φαινόμενον
2431 5298 2573 5371 μετά
2610 5299 2862 5373 λαμπροῦ
2914 5298 3009 5356 τοῦ
3064 5302 3344 5375 σχήματος
3369 5339 3388 5368 ,
3425 5303 3459 5374 ἡ
3517 5303 3643 5359 τῶν

2045 5452 2359 5532 que_Coisl.
2408 5470 2533 5532 eum
2573 5452 2708 5532 Reg.
2750 5456 3015 5532 secundo.
3047 5456 3195 5532 Editi
3234 5457 3315 5531 τῷ
3356 5475 3640 5532 στρατιω-

2043 5523 2203 5593 τικῷ.
2238 5522 2394 5596 Saepe
2425 5525 2482 5579 in
2520 5522 2839 5596 provincias
2865 5536 3019 5582 extra
3048 5522 3299 5584 ordineni
3330 5522 3640 5585 mitteban-

2046 5599 2138 5672 tur
2169 5595 2265 5664 qui
2302 5595 2590 5672 annonam
2635 5597 3370 5672 milit_:trem_expediren_l__ct
3393 5600 3644 5672 diligen-

2044 5665 2158 5719 tius
2185 5674 2536 5726 curarent.ut
2558 5665 2719 5721 docet
2747 5665 3117 5724 Gothofredus
3146 5669 3213 5722 ad
3257 5669 3356 5723 lib.
3388 5685 3464 5724 vn
3498 5665 3638 5724 cod.

2045 5730 2255 5815 Ilicet].
2284 5732 2506 5815 .blunus
2532 5735 2806 5806 ejusmodi
2841 5741 3079 5814 Aburgio
3101 5740 3464 5797 commissum
3496 5754 3638 5815 gra-

2046 5802 2256 5860 tulatur
2284 5801 2537 5861 Basilius-
2562 5801 2578 5806 ’
2604 5852 2615 5860 .
