3948 6214
367 311 470 366 715
1235 296 1726 353 EPISTOLARUM
1766 296 2057 354 CLASSIS
2089 297 2156 352 II.
2195 297 2421 355 EPIST.
2455 299 2733 357 CXCVIII.

3534 299 3645 359 7N

366 430 401 499 ἡ
430 424 604 496 ταφή·
643 423 921 496 μάρτυρος
964 434 998 491 η
1048 420 1201 490 τιμή.
1250 417 1606 488 Χριστιανοὶ,
1641 419 1690 468 οἱ
1723 415 1990 482 ξενίσανν

2099 417 2157 472 ed
2185 426 2366 473 tamen
2418 419 2697 489 prosecuti
2748 424 2911 485 sunt,
2953 416 3216 489 gaudium
3245 424 3488 472 vestrum
3528 432 3643 475 sua

367 535 458 582 τες
484 558 500 583 ,
560 505 656 570 κα).
701 517 824 578 ταῖς
882 513 1043 575 ίδίαις
1100 509 1259 582 χερσὶ
1308 509 1602 563 κατέθεντο
1654 509 1776 560 τότε
1802 547 1817 570 ,
1872 509 1967 561 καὶ

2099 505 2425 566 onsolationi
2455 510 2828 582 praferentes.
2857 510 2936 565 Pii
2967 525 3118 583 ergo.
3142 510 3239 581 qui
3262 509 3635 580 tradiderunt;

371 613 643 669 ἀνείλοντο
686 611 805 665 νῦν.
839 604 1000 664 Οὗτοι
1039 606 1313 662 ἔκλαυσαν
1359 605 1456 676 μὲν
1488 604 1564 668 ὡς
1599 603 1836 674 πατέρος
1871 601 1966 655 καὶ

2103 602 2375 672 iligentes,
2406 603 2501 673 qui
2532 611 2918 673 susceperunt.
2942 601 3226 673 Nusquam
3252 600 3638 667 mendacium;

372 706 678 777 προστάτου
726 702 1110 774 στερούμενον
1148 696 1510 771 προέπεμψαν
1553 696 1611 750 δὲ
1642 736 1655 759 ,
1687 697 1787 765 τὴν
1837 695 1968 764 ὑμε-

2105 709 2333 763 usquam
2380 694 2572 762 dolus;
2617 702 2889 751 testamur
2929 711 3066 764 nos;
3111 702 3266 752 extra
3310 693 3645 750 calumniam

372 796 539 866 τέραν
590 793 766 865 χαρὰν
793 793 894 863 τῆς
926 792 1061 855 ίδίας
1108 789 1510 862 παρακλήσεως
1558 785 1964 859 προτιμοτέραν

2099 785 2137 838 it
2163 785 2310 855 apud
2344 800 2443 840 vos
2472 786 2698 842 veritas.

375 887 612 957 θέμενοι.
683 887 747 938 Οἱ
782 883 1113 954 παραδόντες
1157 883 1340 936 τοίνυν
1405 880 1650 945 εὐλαϐεῖς
1677 899 1689 911 ·
1734 882 1785 934 oi
1834 878 2222 949 ὑποδεξάμενοι
2264 881 2532 951 ἀκριϐεῖς.
2600 882 2850 955 Οὐδαμώ
2883 880 3075 954 ψεῦδος
3103 900 3116 912 ·
3163 882 3400 955 οὐδαμοῦ
3463 881 3641 945 δόλοςο

379 976 767 1050 μαρτυροῦμεν
790 979 976 1048 ἡμεῖς’
1007 975 1451 1046 ἀσυκοφάντητος
1474 975 1615 1028 ἔστω
1647 975 1775 1044 παρ’
1803 973 1831 1024 ὐ
1841 971 1955 1043 μῶν
1985 973 2018 1042 ἡ
2054 970 2300 1042 ἀλήθεια.

921 1133 1266 1186 ΕΠιΣΤοΑΗ
1301 1131 1470 1199 Ριιιειο.

2493 1127 2832 1184 EPISTOLA
2869 1130 3165 1186 CXCVIII‘.

381 1276 479 1326 Cur
502 1285 596 1322 non
616 1284 744 1335 saepe
767 1269 1034 1340 scripserit,
1073 1277 1271 1322 excusat
1292 1270 1513 1343 hiemem,
1554 1283 1600 1339 et
1631 1267 1926 1343 clericorum.
1961 1277 2158 1343 ruerunt
2191 1265 2412 1343 ahenum
2433 1266 3098 1343 apperegrinanaqani‘rnum.
3133 1269 3315 1343 Scribit
3337 1271 3651 1343 tangenrper

441 1336 646 1399 fratrem
655 1328 800 1399 -i'ure
839 1328 1142 1390 accersitum,
1163 1345 1369 1399 quocum
1390 1328 1590 1399 dimittit
1632 1328 2152 1399 Eusebium‘letjtorem,
2186 1339 2327 1399 quem
2367 1328 2706 1399 properuiﬁem
2727 1329 2792 1379 ad
2819 1331 3079 1399 Eusebium
3099 1333 3382 1399 retinuerat.
3411 1328 3653 1399 Niiiit'di-

441 1387 591 1459 'ci_t_de
630 1393 692 1459 iis
728 1407 838 1459 quae
874 1401 1047 1444 novata
1090 1387 1198 1444 sunt
1238 1393 1288 1444 in
1335 1393 1548 1454 Oriente,
1585 1392 1703 1457 quia
1742 1393 1844 1442 hinc
1881 1389 2058 1454 fratres
2097 1387 2393 1440 nuntiabunt.
2432 1387 2512 1439 I'ta
2550 1405 2602 1443 se
2636 1399 2877 1457 aegrotare
2914 1391 3174 1457 signiﬁcat,
3216 1403 3268 1445 ut
3307 1393 3498 1448 vivendi
3518 1409 3654 1459 spem

445 1454 698 1520 abjecerit.

567 1564 840 1629 Εὐσεϐίῳ
870 1562 980 1635 (65)
1003 1605 1018 1628 ,
1053 1563 1366 1628 ὲπισκόπῳ
1399 1562 1787 1633 Σαμοσάτων.

457 1679 483 1732 1
496 1719 510 1732 .
542 1677 698 1732 Μετὰ
709 1677 804 1748 τὴν
817 1677 1128 1749 ἐπιστολὴν,
1141 1677 1242 1747 τὴν
1261 1675 1348 1729 διὰ
1365 1675 1473 1728 τῶν
1489 1676 1599 1746 (64)
1613 1674 1969 1745 ὁφφικιαλίων

2379 1559 2608 1615 Eusebio
2628 1605 2642 1629 ,
2669 1563 2909 1632 episcopo
2941 1561 3369 1619 Samosatorum.

2146 1673 2198 1727 I.
2234 1670 2364 1730 Post
2391 1674 2678 1745 epistolam
2701 1716 2716 1738 ,
2749 1691 2914 1746 quam
2947 1675 3206 1731 ofﬁciales
3239 1678 3305 1732 ad
3332 1694 3417 1733 me
3446 1677 3660 1734 detule-

381 1771 743 1843 κομισθεῖσαν
780 1773 910 1842 ἡμῖν
940 1811 955 1837 ,
988 1771 1116 1842 μίαν
1153 1771 1320 1843 ἄλλην
1357 1770 1624 1842 ἐδεξάμην
1662 1770 1801 1842 μετὰ
1839 1770 1971 1823 ταῦ-

2099 1772 2241 1829 ὐηι,
2275 1780 2441 1818 unam
2500 1766 2664 1819 aliam
2719 1774 2908 1835 postea
2940 1766 3126 1836 accepi
3169 1767 3238 1821 ad
3288 1783 3374 1823 me
3410 1769 3651 1825 missam.

381 1882 453 1918 τα
505 1863 642 1933 πρὸς
692 1864 839 1933 ἡμᾶς
887 1863 1305 1917 ἀποσταλεῖσαν.
1354 1865 1518 1916 Αὐτοὶ
1567 1864 1623 1916 δὲ
1659 1863 1973 1916 ἐπεστείλα-

387 1975 489 2029 μεν
518 1957 580 2009 οὐ
612 1956 814 2019 πολλὰς
840 1956 937 2026 μὲν
958 1998 971 2022 ,
1000 1956 1090 2009 διὰ
1128 1956 1191 2008 τὸ
1232 1956 1366 2027 μηδὲ
1397 1957 1670 2025 ἐπιτυχεῖν
1703 1955 1808 2008 τῶν
1839 1954 1972 2027 πρὸς

384 2053 534 2123 ὑμᾶς
564 2049 1008 2120 ἀφικνουμένων,
1056 2049 1196 2121 πλὴν
1242 2049 1463 2111 πλείους
1516 2048 1626 2101 τῶν
1670 2049 1971 2120 τεσσάρων,

385 2146 445 2196 ὲν
476 2140 562 2207 αἷς
595 2143 688 2196 καὶ
717 2141 816 2206 τὰς
838 2141 944 2195 ἀπὸ
973 2141 1304 2212 Σαμοσάτων
1337 2141 1692 2212 κομισθείσας
1724 2143 1856 2212 ἡμῖν
1881 2143 1975 2194 ἐπὶ

384 2241 501 2301 τοῖς
536 2235 773 2308 πρώτοις
801 2235 1094 2308 γράμμασι
1131 2237 1230 2303 τῆς
1281 2236 1378 2305 σῆς
1421 2234 1729 2297 θεοσεϐείας
1773 2235 1977 2303 ἐσφρα-

386 2331 656 2402 γισμένας
705 2329 1127 2400 διεπεμψάμεθα
1164 2330 1241 2401 τῷ
1294 2330 1712 2401 αίδεσιμωτάτῳ
1760 2328 1976 2399 ἀδελφῷ

387 2423 628 2493 Λεοντίῳ
662 2422 740 2492 τῷ
775 2422 1005 2493 ἐξισωτῇ
1046 2423 1147 2494 τῆς
1179 2424 1414 2486 Νικαίας
1435 2464 1448 2488 ,
1496 2421 1979 2493 παρακαλέσαντες

387 2516 460 2567 δι’
490 2514 700 2567 ἐκείνου
745 2513 821 2585 τῷ
863 2513 1204 2586 φροντίζοντι
1234 2515 1334 2585 τῆς
1365 2514 1542 2577 οἰκίας
1575 2513 1669 2566 τοῦ
1695 2513 1980 2583 αἱδεσιμω-

388 2607 554 2661 τάτου
614 2605 844 2675 ἀδελφοῦ
907 2607 1216 2679 Σωφρονίου
1279 2605 1716 2677 ἀποκομισθῆναι
1751 2646 1766 2669 ,
1838 2605 1978 2658 ὥστε

391 2701 600 2753 ἐκεῖνον
629 2697 1024 2769 ἐπιμεληθῆναι
1048 2699 1146 2769 τῆς
1171 2699 1308 2771 πρὸς
1333 2699 1477 2769 ὑμᾶς
1501 2696 1822 2768 διακομιδῆς
1845 2697 1977 2770 (65).

407 2791 561 2843 Ἐπεὶ
608 2785 702 2843 οὖν
754 2790 956 2854 πολλάς
993 2790 1328 2844 διαϐαίνουσι
1363 2792 1553 2861 χεῖρας
1587 2791 1641 2843 αἱ
1675 2789 1978 2853 ἐπιστολαὶ,

393 2881 544 2943 είκὺς
589 2881 690 2951 τὴν
744 2881 895 2952 παρὰ
937 2880 1033 2933 ἕνα
1083 2877 1340 2952 ἀσχολίαν
1391 2882 1424 2952 ἢ
1478 2881 1752 2954 ῥαθυμίαν
1801 2881 1981 2935 αἰτίαν

393 2973 672 3046 γενέσθαι,
702 2971 795 3026 τοῦ
851 2972 924 3044 μὴ
980 2973 1338 3045 ὑποδέχεσθαι
1372 2972 1470 3044 τὴν
1520 2973 1618 3044 σὴν
1673 2972 1978 3026 εὐλάϐειαν.

396 3062 563 3117 ’Ὥστε
618 3062 949 3136 συγγνώμην
1003 3065 1125 3136 ἔχε,
1163 3064 1622 3136 παρακαλοῦμεν,
1677 3067 1743 3136 τῇ
1786 3065 1981 3118 σπάνει

2079 1854 2193 1924 Ego
2241 1863 2424 1909 autem
2461 1855 2692 1926 scripsi,
2731 1871 2841 1910 non
2874 1858 3077 1913 multas
3106 1857 3362 1928 quidem,
3403 1875 3468 1915 eo
3510 1861 3659 1931 quod

2079 1952 2276 2002 nactus
2321 1963 2430 2001 non
2478 1948 2584 2001 sim
2630 1948 2724 2019 qui
2775 1949 2844 2003 ad
2888 1965 2986 2005 vos
3027 1950 3528 2020 proficiscerentur,
3563 1954 3659 2008 sed

2079 2045 2260 2093 tamen
2298 2040 2421 2109 plus
2445 2049 2706 2111 quatuor,
2749 2042 2808 2095 in
2831 2043 3032 2111 quibus
3061 2051 3115 2098 et
3158 2059 3253 2099 eas
3275 2084 3288 2108 ,
3326 2061 3447 2114 quae
3477 2045 3544 2099 ad
3575 2061 3661 2100 me

2086 2130 2390 2188 Samosalis
2423 2144 2544 2203 post
2567 2135 2781 2205 priores
2809 2136 3028 2205 pietatis
3055 2145 3160 2190 tuae
3180 2138 3442 2207 epistolas
3470 2137 3664 2193 delatae

2084 2223 2334 2291 fuerant,
2382 2227 2702 2298 obsignatas
2755 2229 3008 2284 misimus
3055 2229 3663 2286 colendissimo-fratri

2083 2316 2312 2371 Leontio
2349 2315 2544 2372 Nicaea:
2574 2321 2939 2388 peraequatori
2966 2359 2981 2383 ,
3011 2319 3400 2387 adhortantes,
3427 2331 3484 2376 ut
3515 2323 3663 2378 illius

2085 2425 2248 2480 opera
2285 2410 2656 2465 colendissimi
2686 2411 2872 2468 fratris
2902 2411 3198 2484 Sophronii
3233 2415 3429 2470 domus
3458 2431 3663 2486 procu-

2085 2504 2257 2557 ratori
2287 2504 2570 2568 darentur,
2596 2506 2671 2558 ita
2699 2514 2758 2559 ut
2789 2506 2880 2560 ille
2915 2507 2982 2560 ad
3023 2513 3078 2561 te
3109 2507 3464 2578 perferendas
3509 2525 3668 2564 cura-

2085 2604 2190 2651 ret.
2222 2596 2358 2652 Cum
2394 2597 2562 2667 igitur
2597 2612 2693 2667 per
2748 2599 2950 2653 multas
2997 2605 3284 2653 transeant
3322 2617 3517 2657 manus
3552 2602 3669 2671 epi-

2088 2688 2277 2752 stolae,
2330 2689 2630 2744 verisimile
2683 2697 2769 2744 est
2808 2692 2973 2745 unius
3014 2692 3248 2762 alicujus
3294 2694 3530 2763 negotiis
3577 2702 3671 2748 aut

2088 2781 2321 2850 segnitie
2349 2780 2462 2836 fieri
2481 2823 2496 2846 ,
2531 2790 2590 2836 ut
2623 2781 2796 2852 pietas
2833 2790 2926 2837 tua
2952 2799 3048 2838 eas
3074 2801 3180 2841 non
3207 2787 3457 2855 recipiat.
3490 2787 3672 2853 Quare

2087 2873 2302 2927 veniam
2356 2873 2426 2927 da
2460 2913 2474 2938 ,
2517 2889 2798 2944 rogamus,
2836 2875 3140 2931 litterarum
3190 2881 3474 2948 paucitati.
3514 2881 3670 2947 Quod

2089 2971 2306 3028 autem,
2356 2980 2482 3019 cum
2515 2966 2753 3036 aliquem
2808 2967 3026 3023 mittere
3075 2978 3351 3040 oporteret
3386 2988 3454 3027 ex
3508 2975 3670 3032 nobis

2089 3056 2259 3126 ipsis,
2298 3059 2524 3114 minime
2557 3059 2824 3126 fecimus;
2866 3062 2922 3117 id
2958 3071 3104 3118 recte
3134 3080 3234 3134 pro
3257 3073 3349 3120 tua
3378 3067 3669 3136 prudentia

395 3155 508 3208 τῶν
540 3156 904 3227 γραμμάτων.
943 3158 1016 3210 Τὸ
1064 3158 1151 3222 δὲ,
1184 3158 1299 3222 ὅτι,
1343 3157 1662 3210 ἀποστεῖλαί
1699 3175 1821 3210 τινα
1863 3157 1982 3210 δέον

2099 3149 2461 3219 requisivisti,
2497 3166 2710 3222 nosque
2742 3153 3167 3224 reprehendisti.
3202 3155 3432 3213 Noveris
3485 3167 3668 3214 tamen

397 3248 462 3314 ἐξ
492 3251 524 3319 ὴ
536 3249 652 3319 μῶν
693 3250 904 3315 αὐτῶν,
951 3251 1048 3304 οὐκ
1091 3252 1430 3322 ἐποιήσαμεν
1455 3293 1470 3317 ,
1501 3251 1659 3305 τοῦτο
1690 3252 1851 3314 αὐτὸς
1889 3251 1986 3321 μὲν

399 3343 468 3413 τῇ
491 3343 717 3397 σεαυτοῦ
743 3345 951 3397 συνέσει
977 3343 1153 3416 ὀρθῶς
1175 3345 1520 3415 ὲπεζήτησας
1539 3343 1672 3414 (66),
1719 3344 1814 3397 καὶ
1861 3343 1989 3396 καθ-

401 3433 526 3505 ήψω
543 3437 576 3506 ή
587 3435 720 3506 μῶνο
744 3437 978 3508 γίνωσκε
1001 3439 1056 3491 δὲ
1075 3439 1166 3492 τὸν
1187 3440 1315 3509 παρ’
1329 3441 1460 3510 ἡμῖν
1477 3437 1720 3510 χειμῶνα
1734 3437 1988 3491 τοσοῦτον

402 3528 772 3599 γεγενῆσθαι,
830 3529 970 3583 ὥστε
1021 3530 1202 3592 πάσας
1253 3530 1350 3600 μὲν
1400 3529 1552 3593 ὁδοὺς
1605 3529 1988 3599 ὲγκλεισθῆναι

409 3619 571 3692 μέχρι
611 3620 718 3673 τῶν
773 3623 996 3693 ἡμερῶν
1041 3620 1134 3675 τοῦ
1190 3620 1424 3691 Πάσχα,
1481 3621 1687 3692 μηδένα
1736 3622 1792 3674 δὲ
1842 3623 1989 3692 ἡμᾶς

406 3710 553 3781 ἔχειν
581 3713 672 3766 τὸν
702 3713 984 3784 εὐθαρσῶς
1024 3715 1157 3784 πρὸς
1209 3713 1276 3765 τὰ
1323 3715 1422 3783 τῆς
1454 3711 1574 3766 ὁδοῦ
1613 3713 1844 3784 δυσχερῆ
1879 3713 1992 3764 δια-

409 3803 680 3873 κείμενον.
717 3807 827 3858 Καὶ
851 3806 992 3878 γὰρ,
1033 3811 1080 3858 εί
1109 3808 1201 3859 καὶ
1246 3805 1674 3877 πολυάνθρωπόν
1707 3823 1826 3868 πως
1854 3801 1992 3858 εἶναι

408 3895 558 3948 δοκεῖ
607 3896 667 3950 τὸ
729 3900 995 3967 ἱερατεῖον
1029 3899 1186 3970 ἡμῶν
1211 3940 1225 3962 ,
1260 3897 1396 3950 ἀλλὰ
1455 3897 1757 3969 ἀνθρώπων
1804 3897 1997 3968 ἀμελε-

409 3987 591 4058 τήτως
629 3987 862 4057 ἑχόντων
913 3988 1050 4058 πρὸς
1094 3988 1193 4052 τὰς
1229 3988 1569 4060 ὁδοιπορίας,
1619 3987 1705 4041 διὰ
1743 3989 1805 4041 τὸ
1860 3991 1995 4060 μήτε

411 4080 855 4152 ἐμπορεύεσθαι,
903 4084 1038 4153 μήτε
1079 4081 1177 4153 τὴν
1222 4082 1328 4147 ἔξω
1373 4080 1655 4152 διατριϐὴν
1701 4081 1993 4152 αίρεῖσθαι,

411 4171 513 4233 τὰς
565 4171 624 4223 δὲ
679 4171 897 4242 ἑδραίας
937 4172 1048 4225 τῶν
1097 4172 1303 4242 τεχνῶν
1351 4170 1824 4243 μεταχειρίζεσθαι
1871 4173 1997 4235 τοὺς

414 4263 644 4327 πολλοὺς
669 4306 682 4330 ,
720 4263 929 4317 ἐκεῖθεν
963 4264 1186 4335 ἔχοντας
1221 4264 1319 4336 τὴν
1351 4263 1606 4335 ἀφορμὴν
1654 4262 1747 4315 τοῦ
1798 4264 1999 4334 ἐφημέ-

418 4373 513 4426 ρου
546 4353 658 4426 (67)
701 4355 840 4426 βίου.
880 4356 1089 4409 Αὐτίκα
1142 4356 1359 4410 καὶτὸν
1410 4355 1637 4424 ἀδελφὸν
1670 4353 1890 4421 τοῦτον,
1941 4357 2000 4410 ὃν

491 4533 604 4605 (65)
633 4534 920 4600 Εὑσεϐἰῳ.
955 4531 1101 4589 Satis
1129 4532 1368 4605 absurde
1397 4531 1452 4584 in
1494 4529 1671 4605 tribus
1695 4532 1997 4605 _re_centio-

2089 3253 2300 3300 tantam
2342 3246 2484 3314 apud
2548 3262 2650 3302 nos
2706 3246 2876 3303 fuisse
2919 3249 3190 3317 hiemem,
3225 3257 3286 3305 ut
3327 3251 3428 3307 vite
3481 3269 3674 3310 omnes

2090 3351 2267 3406 usque
2293 3336 2358 3390 ad
2382 3338 2500 3393 dies
2523 3337 2748 3393 Pascha:
2769 3339 2975 3394 fuerint
2999 3343 3335 3406 interclusere,
3365 3360 3465 3400 nec
3491 3362 3676 3416 quem-

2089 3445 2254 3499 quam
2287 3429 2616 3486 haberemus
2639 3473 2652 3495 ,
2689 3433 2783 3503 qui
2827 3432 2933 3488 sibi
2964 3433 3030 3488 ad
3069 3435 3283 3492 itineris
3329 3437 3675 3494 incommoda

2095 3522 2304 3580 fideret.
2345 3522 2674 3594 Quanquam
2705 3527 2852 3579 enim
2901 3527 3065 3582 etiam
3114 3529 3397 3585 hominum
3444 3548 3675 3589 numero

2093 3614 2290 3685 ingens
2333 3615 2739 3685 quodammodo
2792 3617 3009 3673 videtur
3042 3635 3168 3675 esse
3217 3623 3398 3678 clerus
3449 3631 3673 3690 noster;

2093 3716 2149 3760 at
2173 3708 2453 3761 hominum
2494 3709 2562 3762 ad
2618 3709 2813 3766 itinera
2850 3711 3367 3779 inexercitatorum,
3416 3732 3482 3771 eo
3529 3718 3678 3788 quod

2095 3814 2275 3868 neque
2325 3814 2696 3856 mercaturam
2737 3803 2976 3869 faciant,
3012 3821 3192 3876 neque
3242 3808 3476 3862 libenter
3522 3818 3677 3865 extra

2096 3894 2331 3964 patriam
2383 3895 2547 3965 290
2593 3905 2878 3952 morentur
2924 3917 2939 3953 :
2992 3900 3084 3953 sed
3139 3900 3480 3956 sedentarias
3530 3911 3678 3959 artes

2096 3995 2390 4041 exerceant
2419 3989 2666 4060 plerique
2690 4031 2704 4054 ,
2731 3991 2878 4046 unde
2908 3993 3111 4046 victum
3144 3995 3248 4050 sibi
3295 3995 3678 4066 quotidianum

2099 4089 2445 4149 comparant.
2487 4081 2799 4146 Quinetiam
2830 4099 2960 4141 ecce
2992 4086 3096 4139 hoc
3129 4085 3320 4154 fratre,
3344 4104 3506 4158 quem
3530 4105 3681 4144 nunc

2101 4170 2168 4224 ad
2202 4180 2351 4226 tuam
2383 4176 2639 4243 pietatem
2672 4178 2946 4241 misimus,
2971 4195 3096 4232 rure
3135 4183 3439 4247 accersito,
3468 4183 3680 4238 littera-

2103 4279 2222 4318 rum
2263 4265 2329 4319 ad
2365 4277 2515 4321 tuam
2565 4269 2824 4340 pietatem
2862 4273 3119 4328 ministro
3153 4276 3238 4329 usi
3293 4291 3506 4342 sumus,
3540 4284 3600 4332 ut
3629 4287 3685 4332 et

2102 4372 2192 4412 res
2222 4366 2443 4415 nostras
2470 4361 2618 4417 clare
2651 4362 2750 4417 tibi
2782 4374 3054 4434 exponat,
3084 4377 3138 4422 et
3185 4361 3310 4423 tu'as
3355 4369 3517 4424 nobis
3562 4385 3684 4441 per-

2106 4538 2505 4619 palatinarum,
2530 4541 2667 4619 lsive
2695 4543 3016 4619 militarium
3048 4550 3412 4619 apparitores.
3449 4549 3550 4605 Hic
3587 4565 3685 4604 au-

421 4598 598 4682 ribus
622 4598 931 4682 codicibus,
960 4619 1175 4682 nempe
1221 4602 1357 4671 Reg.
1390 4598 1859 4682 secundencoisl‘.
1893 4619 2002 4682 _se-
2034 4604 2078 4659 D
2107 4598 2216 4682 Iem
2246 4598 2501 4682 praesidis
2525 4611 2886 4682 Cappadociae
2907 4598 3683 4676 Hiii'cia’iéé'ibii'éieiiicieﬁin

421 4676 604 4731 eundo
624 4687 678 4729 et
699 4675 896 4737 Paris.,
919 4676 1010 4730 hic
1040 4669 1231 4727 titulus
1257 4669 1568 4742 apponitur.
1601 4669 1690 4741 Τῷ
1713 4669 1862 4742 αὐτῷ
1891 4672 2003 4726 δντι

420 4749 480 4801 ὲν
507 4747 699 4818 ὲξορίᾳ.
731 4747 852 4800 καθ’
883 4745 912 4798 ὃ
939 4747 1013 4816 μὴ
1041 4745 1240 4818 δυνηθῇ
1267 4760 1416 4818 τινας
1461 4743 1569 4818 τῷν
1614 4742 2004 4814 πρεσϐυτέρων

421 4818 562 4882 πρὸς
588 4813 749 4870 αὐτὸν
785 4813 1013 4870 στεῖλαι.
1041 4813 1238 4869 Eidem
1255 4813 1547 4876 exsulanti,
1583 4828 1676 4865 cur
1692 4829 1794 4866 non
1815 4823 2002 4879 potue-

423 4891 499 4958 rit
554 4887 623 4941 ad
650 4903 769 4941 eum
804 4888 1062 4958 quosdam
1100 4902 1165 4958 ea:
1213 4884 1536 4958 presbyteris
1563 4883 2003 4958 πήματα-ϐοάᾳ

425 4952 956 5034 Ρατίεἰεηείεᾌίὶψει
1019 4957 1156 5026 πρὸς
1190 4952 1409 5034 αὐτούς,
1447 4954 1536 5034 _ad
1574 4955 1736 5034 ipsos.
1777 4952 2000 5034 Perspi:

427 5045 593 5083 cuum
627 5035 710 5083 est
764 5027 1024 5082 Basilium
1063 5025 1174 5080 non
1206 5028 1274 5080 de
1318 5025 1652 5095 presbyteris
1687 5025 1858 5093 IOqui,
1903 5026 1999 5079 sed

427 5098 497 5152 de
524 5097 740 5153 clericis
777 5098 1135 5154 inferioribus
1157 5138 1171 5162 ,
1219 5111 1359 5165 quos
1391 5095 1634 5164 episcopi
1660 5095 1907 5149 solebant
1932 5095 1996 5149 ad

430 5169 534 5223 hoc
586 5184 787 5224 munus
841 5170 1148 5224 litterarum
1213 5165 1660 5238 perferendarum
1718 5165 1996 5238 adhibere.

427 5238 740 5309 Presbyteri
769 5253 898 5292 vero
927 5253 1033 5292 non
1059 5234 1437 5301 mittebantur,
1464 5236 1569 5290 nisi
1595 5234 1799 5309 aliquid
1829 5237 2002 5304 majo-

429 5309 507 5365 ris
556 5307 635 5364 ι’έὶ
679 5309 1031 5363 tractandum
1078 5317 1256 5371 esset,
1293 5309 1442 5363 velut
1497 5320 1622 5360 cum
1667 5307 2002 5362 Athanasius

429 5377 648 5434 Petrum
673 5381 823 5434 misit
842 5380 910 5433 ad
937 5379 1220 5444 Basilium,
1246 5376 1468 5432 Petrum
1495 5377 1872 5449 presbyterum
1897 5376 2002 5431 Ba-

430 5450 590 5520 silius
622 5450 689 5503 ad
721 5451 1027 5504 maritimos
1057 5449 1398 5520 episcopos;
1427 5449 1513 5502 vel
1542 5447 1683 5520 cum;
1699 5447 2002 5520 Dorotheus

429 5527 485 5574 et
537 5518 932 5576 Sanctissimus
982 5521 1050 5574 ab
1092 5516 1489 5573 ’Orientalibus
1546 5517 1603 5571 in
1650 5516 2003 5574 Occidentem

503 5661 614 5730 (64)
667 5660 1106 5731 Ὀφφικιαλίωκ.
1154 5656 1270 5731 Hoc
1316 5658 1537 5731 nomine
1575 5658 1873 5731 generatim
1914 5659 2011 5714 de-

432 5729 1010 5801 signantur‘omnium
1058 5730 1385 5799 dignitatum
1429 5729 1544 5782 sive
1589 5729 1854 5785 civilium.
1894 5732 2008 5788 sive

790 5827 1066 5889 ΡΑτιιοι..
1098 5827 1216 5888 Gn.
1252 5824 1528 5886 XXXII.

2105 4679 2547 4755 interpr-claudos
2595 4679 2705 4754 (his
2736 4687 2883 4740 enim
2931 4703 3099 4744 causa
3146 4705 3255 4746 non
3302 4699 3447 4755 erat,
3497 4707 3599 4746 cur
3627 4691 3684 4744 in

2103 4747 2395 4831 Thraciam
2436 4747 2613 4831 irent,
2649 4755 3082 4831 ubi_exsulabat
3111 4747 3445 4831 Eusebius);
3463 4764 3557 4818 sed
3588 4777 3684 4816 eos

2102 4822 2284 4898 potius
2311 4819 2720 4898 oﬂieiales,'qui
2754 4826 2807 4880 in
2843 4829 3152 4898 provincias
3184 4819 3545 4888 mittebantur
3575 4843 3686 4887 tam

2102 4891 2172 4943 ad
2227 4891 2859 4969 necessitatespablicas,
2896 4915 3055 4969 quam
3093 4902 3351 4969 privatas,
3409 4919 3519 4957 non
3567 4905 3686 4959 sine

2104 4975 2378 5017 consensu
2414 4965 2678 5046 principis
2707 4965 2980 5036 ollicii,'ut
3015 4965 3246 5040 legimus
3278 4974 3335 5028 in
3365 4973 3506 5029 libro
3529 4983 3685 5030 sexto

2105 5031 2228 5086 cod.
2263 5031 2473 5088 Theod.
2512 5044 2594 5088 ιιι.
2622 5037 2712 5096 28,
2750 5039 2854 5096 lett.
2897 5041 2922 5092 1
2954 5049 3008 5096 et
3031 5042 3085 5096 5.

2215 5056 2296 5108 ἶ..ι
2313 5056 2473 5108 uegit.
2512 5056 2594 5108 ut.
2622 5056 2712 5100 zu,
2752 5056 2854 5108 reg.
2897 5056 2922 5092 ι
2954 5056 3008 5096 el
3031 5056 3085 5096 ἔ).

2179 5102 2290 5176 (65)
2314 5104 2451 5176 ῨΤῆς
2485 5107 2636 5174 πρὸς
2657 5102 2834 5176 ὑμᾶςῖ
2866 5112 2944 5163 Ita
2976 5127 3112 5168 mss.
3141 5129 3358 5170 summo
3384 5129 3677 5171 consensu.

2107 5172 2374 5256 ‘Editifﬁg
2409 5172 2548 5256 πρδς
2578 5172 2945 5256 ημᾶςιιίδειιιο
2981 5193 3108 5251 post
3141 5201 3209 5240 ex
3240 5187 3434 5242 iisdem
3488 5187 3685 5240 veteri-

2108 5245 2212 5329 bus
2245 5245 2400 5300 libris
2431 5245 2629 5329 πολλάς
2673 5245 3004 5329 addidimus;
3049 5255 3388 5329 legimusque
3429 5257 3686 5329 ὑποδέχε-

2112 5313 2398 5400 σθαιιλρτρτ
2398 5330 2463 5400 eo
2487 5319 2631 5400 quod
2648 5329 2764 5373 erat
2789 5322 2842 5400 i_n
2865 5313 3030 5378 editis
3059 5313 3438 5400 ἀποδέχεσθαι.

2111 5383 2297 5509 σαὲθθὶ
2342 5383 2758 5456 Ἐπεζήτησας.
2792 5389 2870 5446 Ita
2901 5407 3035 5450 mss.
3075 5383 3392 5456 sexuiditi
3428 5383 3693 5471 tueartu-

2336 5527 2708 5611 "igspﬂgquv.
2743 5530 2853 5611 _Sie
2905 5533 3074 5592 Coisl.
3125 5541 3372 5611 primus,
3427 5539 3578 5596 Harl.
3638 5544 3692 5595 et

2114 5597 2274 5675 me“!
2293 5597 2602 5675 Elii-@1139.
2613 5601 2708 5675 ἐφ’
2733 5603 2971 5675 ἡμέραν.

2191 5673 2205 5692 ⁸
2243 5665 2395 5726 Alias
2423 5665 2696 5726 CCLXIII.
2725 5665 2943 5746 Scripta
2960 5665 3110 5736 anno
3136 5681 3239 5737 575
