3948 6214
339 349 441 408 ’115
1580 339 1641 395 S.
1683 334 1922 393 BASlLll

2032 334 2184 391 AGNI
3492 321 3593 378 H6

339 469 529 541 spicue
548 481 613 522 ac
634 463 779 531 cito‘,
810 463 922 519 Deo
951 461 1245 534 largiente,
1271 457 1505 516 referat.
1528 456 1593 512 Et
1625 457 1910 513 desidera-

2032 455 2110 510 νῦν
2149 454 2551 525 ἀπεστείλαμεν
2585 452 2724 523 πρὸς
2758 451 2857 523 τὴν
2901 449 3186 503 εὐλάὸειαν
3227 462 3355 509 σου,
3386 458 3453 497 εκ
3496 441 3595 513 τῆς

338 563 613 618 tissimum
654 558 877 614 fratrem
907 556 1207 611 Eusebium
1250 554 1548 618 lectorem,
1586 550 1912 623 jampridem

2032 548 2195 620 ίώρας
2233 546 2749 617 μεταστειλάμενοι·,
2797 540 3150 614 ἐχρησάμεθα
3183 536 3337 607 αὐτῷ’
3361 535 3595 604 διακόνῳ

339 657 408 713 ad
443 667 587 712 tuam
613 648 869 725 pietatem
896 648 1171 721 proﬁcisci
1198 646 1543 715 gestientem,
1561 644 1911 708 retinuimus,

339 765 520 807 aerem
552 753 910 817 temperatum
950 747 1354 812 exspectantes.
1398 740 1477 792 Ac
1516 753 1663 792 nunc
1691 734 1911 805 quidem

338 860 448 900 non
490 841 836 898 mediocriter
869 837 1135 893 sollicitus
1186 849 1344 897 sum,
1378 847 1449 887 ne
1485 832 1703 886 insueta
1750 844 1911 899 pere-

338 933 577 1005 grinatio
635 930 845 999 aliquid
902 929 950 983 ei
1000 926 1193 980 afferat
1247 925 1377 979 novi
1434 921 1804 983 incommodi,
1858 928 1915 974 et

339 1026 515 1082 morbi
570 1039 792 1080 causam
850 1021 1088 1092 pmbeal
1133 1016 1355 1088 corpori
1407 1015 1477 1070 ad
1537 1012 1911 1084 aegrotandum
1956 1078 1959 1083 ἴ

338 1118 589 1191 proclivi.

2018 642 2125 695 τῶν
2176 641 2312 707 πρὸς
2366 638 2462 710 τὴν
2498 641 2597 710 σὴν
2653 638 2905 706 ὁσιότητα
2953 631 3324 704 γραμμάτων,
3365 629 3452 681 ἵνα
3502 626 3597 680 καὶ

2018 728 2087 782 τά
2127 729 2369 799 ἡμέτερα
2404 726 2592 795 σαφῶς
2622 725 2906 796 διαγγείλῃ
2925 765 2939 786 ,
2980 723 3075 778 καὶ
3106 722 3184 775 1τά
3214 719 3440 774 αὐτόθεν
3462 719 3595 789 ἡμῖν

2012 819 2261 892 ἐναργῶς
2315 820 2410 873 καὶ
2460 820 2668 889 ταχέως
2722 820 2788 888 τῇ
2842 816 2937 869 τοῦ
2990 814 3124 868 Θεοῦ
3181 813 3363 884 χάριτι
3415 810 3598 862 διακο-

2022 913 2173 985 μίσῃ.
2216 912 2326 965 Kal
2365 912 2454 964 τὸν
2505 910 2879 964 ποθεινότατον
2926 906 3155 975 ἀδελφὸν
3201 902 3460 956 Εὐσέϐιον
3506 899 3596 952 τὸν

2018 1003 2371 1076 ἀναγνώστην
2406 1004 2573 1058 πάλαι
2612 1002 2965 1071 ἐπειγόμενον
3024 999 3161 1070 πρὸς
3201 997 3299 1067 τὴν
3340 996 3438 1065 σὴν
3479 992 3599 1045 θεο-

2022 1099 2233 1151 σέὸειαν
2287 1097 2590 1167 ἐπέσχομεν
2615 1136 2630 1162 ,
2685 1096 2747 1147 τὸ
2795 1093 2904 1146 τῶν
2956 1092 3132 1161 ἀέρων
3183 1087 3412 1159 εὐκραές
3470 1087 3599 1137 ἀνα-

341 1181 610 1286 μένοντες.
681 1210 792 1265 Καὶ
852 1208 947 1263 νῦν
1017 1206 1198 1279 μέντοι
1263 1205 1320 1257 ἐν
1376 1200 1617 1273 φροντίδι
1676 1198 1736 1252 οὒ
1785 1199 1851 1268 τῇ
1904 1193 2142 1266 τυχούσῃ
2194 1195 2351 1264 εἰμὶ,
2424 1194 2633 1263 μήποτε
2670 1187 2820 1259 αὐτῷ
2866 1188 2927 1241 τὺ
2984 1187 3114 1258 περὶ
3158 1185 3255 1248 τὰς
3288 1181 3600 1252 ὁδοιπορίας

336 1272 503 1379 ἀηθες
563 1272 812 1377 ξενισμὸν
872 1272 1189 1374 ἐμποιήσῃ,
1240 1298 1334 1354 καὶ
1384 1272 1696 1367 ἀρρωστίας
1751 1288 1931 1345 αἰτίαν
1991 1289 2251 1361 παράσχῃ
2295 1285 2376 1356 τῷ
2440 1286 2654 1355 σώματι
2707 1282 3035 1353 εὐαιρόρμως
3094 1280 3268 1349 ἔχοντι
3317 1273 3453 1345 πρὸς
3501 1272 3598 1342 τὴν

339 1404 642 1459 ἀσθένειαν.
1926 1458 1931 1461 _

406 1498 462 1552 2.
503 1495 634 1560 Qua:
691 1508 856 1564 porro
912 1491 966 1544 in
1002 1488 1223 1543 Oriente
1276 1491 1514 1547 novata,
1573 1494 1909 1549 supervaca-

339 1605 501 1645 neum
534 1587 734 1641 litteris
773 1582 1112 1654 signiﬁcare,
1159 1595 1282 1635 cum
1341 1578 1539 1632 fratres
1581 1576 1690 1645 ipsi
1739 1587 1907 1626 accu-

338 1689 456 1737 rate
489 1680 699 1750 possint
740 1692 836 1746 per
864 1691 923 1730 se
956 1676 1056 1743 ipsi
1093 1686 1340 1726 narrare.
1375 1668 1531 1724 Scias
1574 1675 1780 1728 autem,
1822 1680 1911 1717 ve-

2089 1471 2143 1524 2.
2181 1468 2263 1522 Τά
2293 1468 2476 1539 μέντοι
2515 1463 2976 1535 καινοτομηθέντα
3026 1460 3155 1531 περὶ
3198 1458 3297 1529 τὴν
3332 1457 3596 1526 ἀνατολὴν

2019 1563 2270 1635 περιττὸν
2299 1561 2446 1632 ἡμᾶς
2481 1561 2596 1611 ἐστι
2631 1556 2716 1609 διὰ
2757 1554 3102 1627 γραμμάτων
3142 1550 3428 1621 σημαίνειν
3454 1590 3468 1610 ,
3502 1550 3599 1602 αὐ·

2016 1656 2123 1709 τῶν
2154 1654 2262 1708 τῶν
2316 1651 2560 1720 ἀδελφῶν
2610 1648 2850 1720 ἀκριϐῶς
2892 1644 3204 1715 δυναμένων
3254 1643 3346 1710 ἀφ’
3388 1640 3596 1694 ἑαυτῶν

338 1731 452 1737 -τη
490 1731 610 1750 τη-
647 1731 651 1732 κ
744 1731 756 1746 .
978 1731 991 1743 .

337 1772 643 1829 nerandum
683 1769 818 1824 mihi
843 1776 1043 1837 caput,
1076 1780 1182 1830 me,
1221 1778 1346 1818 cum
1406 1762 1523 1815 haec
1572 1758 1908 1819 scriberem,

2032 1746 2340 1817 Ξιαγγεῖλαι.
2404 1744 2644 1796 Γίνωσκε
2703 1741 2758 1793 δὲ
2791 1780 2805 1805 ,
2856 1736 3163 1808 τιμιωτάτη
3225 1752 3312 1805 μοι
3361 1731 3594 1803 κεφαλὴ,

2032 1843 2040 1851 .
2172 1842 2184 1851 .
2237 1840 2247 1851 ι
2423 1837 2447 1846 ι·-
2565 1837 2577 1851 ο
2647 1835 2657 1851 ο
2760 1832 2879 1851 «πμ.
2962 1829 3092 1851 _!",___
3152 1827 3426 1851 b-----!--_..
3457 1826 3562 1851 .-.ηε

339 1867 417 1921 ita
463 1865 605 1919 male
655 1860 910 1937 allectum
972 1856 1182 1923 fuisse,
1216 1863 1277 1908 ut
1321 1853 1433 1925 jam
1481 1867 1566 1906 me
1611 1864 1802 1904 omnes
1830 1848 1913 1902 vi-

337 1958 499 2014 vendi
550 1970 674 2026 spes
708 1951 1049 2021 reliquerint.
1096 1947 1311 2002 Etenim
1365 1960 1433 1999 ne
1466 1942 1742 1998 numerari
1790 1939 1912 2011 qui-

339 2054 461 2107 dem
495 2057 671 2119 potest
705 2060 892 2100 eorum
922 2058 1042 2113 quae
1072 2040 1201 2095 mibi
1231 2040 1560 2109 ingruerunt
1596 2032 1911 2099 multitudo,

337 2151 395 2200 et
416 2151 618 2213 quanta
644 2138 955 2200 inlirmitas,
988 2134 1336 2203 febriumque
1363 2130 1660 2195 acerbitas,
1686 2136 1740 2185 et
1770 2126 1911 2181 mala

339 2231 640 2298 habitudo;
673 2229 777 2285 nisi
831 2227 979 2298 quod
1010 2226 1115 2281 hoc
1157 2240 1327 2280 unum
1359 2239 1428 2278 ex
1460 2221 1720 2276 omnibus
1755 2218 1913 2273 colli-

338 2322 503 2393 gitur,
541 2321 818 2391 impletum
860 2317 972 2388 jam
1015 2314 1150 2370 mihi
1182 2329 1305 2370 esse
1334 2322 1552 2382 tempus
1604 2324 1914 2367 commorac

323 2414 505 2471 'tionis
536 2414 593 2469 in
625 2414 729 2469 hac
762 2410 966 2468 infelici
995 2418 1049 2464 et
1071 2420 1382 2463 aerumnosa
1402 2405 1533 2461 vita.

815 2676 1151 2734 EPISTULA
1167 2674 1415 2733 ‘C'XCIX'

843 2791 1113 2846 Canonica
1152 2789 1401 2845 secunda.

2015 1842 2124 1904 ὅτι,
2161 1840 2326 1911 ἡνίκα
2351 1837 2523 1891 ταῦτα
2563 1832 2912 1897 ἐπέστελλον,
2956 1829 3097 1883 οὕτω
3147 1827 3426 1897 διεκείμην
3456 1826 3596 1893 φαύ-

2015 1933 2153 1996 λως,
2203 1930 2344 1982 ὥστε
2398 1927 2580 1990 πάσας
2635 1942 2701 1997 με
2747 1922 2933 1976 λοιπὸν
2963 1918 3058 1972 τοῦ
3096 1918 3195 1989 ζῇν
3229 1918 3328 1980 τὰς
3376 1915 3597 1978 ἐλπίδας

2016 2021 2435 2077 ἐπιλελοιπέναι.
2470 2020 2577 2072 Καὶ
2609 2018 2719 2087 γὰρ
2768 2014 2891 2068 οὐδὲ
2931 2009 3402 2084 ἐξαριθμήσασθαι
3439 2007 3600 2061 δυνα-

2015 2116 2107 2169 τδν
2153 2113 2261 2168 τῶν
2306 2110 2698 2182 ἐπιγινομένων
2749 2125 2837 2179 μοι
2892 2102 3313 2175 συμπτωμάτων
3358 2100 3417 2153 τὸ
3464 2099 3601 2171 πλῆ-

2018 2209 2109 2272 θος
2130 2245 2144 2271 ,
2180 2207 2274 2260 καὶ
2304 2205 2402 2275 τὴν
2435 2202 2751 2264 ἀσθένειαν,
2790 2199 2884 2252 καὶ
2916 2197 2975 2250 τὸ
3017 2195 3244 2268 μέγεθος
3290 2193 3397 2247 τῶν
3431 2207 3602 2262 πυρε⁴

2018 2299 2157 2365 τῶν,
2209 2299 2305 2351 καὶ
2339 2296 2438 2366 τὴν
2486 2292 2815 2363 κακοήθειαν
2858 2292 3016 2344 ὁποῖα
3049 2288 3160 2356 (68)
3185 2303 3200 2319 '
3241 2285 3381 2356 πλὴν
3416 2285 3499 2337 ὅτι
3536 2282 3601 2334 ἐκ

2021 2392 2238 2446 πάντων
2277 2388 2345 2455 ἓν,
2370 2388 2432 2441 τὸ
2466 2385 2867 2454 συναγόμενον,
2908 2380 3197 2450 πληρῶσαι
3230 2381 3380 2451 ἡμᾶς
3416 2375 3601 2431 λοιπὸν

2024 2481 2112 2537 τὸν
2146 2484 2335 2554 χρόνον
2363 2480 2464 2551 τῆς
2513 2476 2806 2550 παροικίας
2836 2472 2931 2527 τοῦ
2960 2473 3220 2528 δυστήνου
3271 2471 3463 2525 τούτου
3507 2468 3602 2522 καὶ

2021 2574 2282 2647 ὀδυνηροῦ
2308 2573 2447 2645 βίου.

2515 2660 2862 2717 EHIZTOAH
2896 2661 3056 2728 Ριιθ.

2606 2773 2910 2841 Κανονικὴ
2938 2773 3004 2827 ϐ’.

346 2885 575 2948 Pluribus
600 2880 920 2948 Δητρίξίιοείιὶί
942 2881 1281 2948 σὲιίεδιίοηίῢιιε
1304 2872 1371 2948 ad.
1393 2889 1596 2948 εαηοηβε
1634 2870 1972 2948 φθστίῖηιίίῖυδ.
1991 2864 3023 2948 (9.3909495Fafl‘lflfzﬂ‘iﬂ'ﬁlﬂ-ﬁﬂ’llﬁﬂ‘
3047 2855 3604 2948 ῗξξῗηξῖἶῗξέξῑέἷξέξηέῗ

588 2926 1741 3016 aliialii'Eéiibﬁiéﬁiaiﬁéﬂi:;'ae'matrimi}...
1765 2936 1825 2986 de
1847 2926 2113 3016 virginilnis
2136 2930 2389 3016 lap3i3,_’de
2417 2926 2655 3016 lmp‘tismo
2674 2926 3025 3016 hmretifOi'rtnt.
3052 2926 3168 2974 Haec
3200 2930 3361 2991 autem
3374 2932 3604 2984 responsa

555 3015 558 3016 ν
963 3012 971 3016 .
1206 3011 1215 3016 -
1401 3009 1428 3016 ν.
1475 3014 1541 3016 μ
1574 3012 1653 3016 _-,-
1717 3010 1900 3016 _“-__._-
1929 3002 2020 3016 -....
2050 3000 2180 3016 __-._.
2249 3007 2316 3016 η,
2341 3006 2377 3016 ._
2397 3005 2500 3016 ...η
2519 3004 2588 3016 ,,,,
2612 3004 2667 3016 η,
2854 3000 3018 3016 mum,
3041 2998 3244 3016 ,ηηηηη

401 2983 1046 3060 HE
1064 2983 1904 3067 EEi'EzbiTéerié'réiz'kﬁio'dmaia»:
1923 2983 2378 3046 attulerunt'Bas'ilii
2396 2983 2588 3041 morbus
2608 3004 2667 3039 ac
2687 2985 3022 3038 ministrorum
3041 2983 3263 3048 penuria.

694 3118 1058 3187 Amphilochia
1085 3116 1148 3169 de
1171 3112 1486 3169 canonibus.

414 3213 551 3268 Cum
597 3211 806 3282 pridem
852 3210 920 3264 ad
961 3209 1272 3279 propositas
1313 3207 1534 3262 nobisa
1572 3214 1677 3259 tua
1712 3203 1914 3274 pietate

346 3302 674 3375 quaestiones
716 3298 1166 3371 respondissem;
1222 3313 1332 3351 non
1403 3297 1529 3352 misi
1588 3296 1860 3364 scriptum
1896 3334 1912 3357 ,

344 3397 546 3466 partim
596 3392 816 3463 quidem
862 3391 1028 3461 longo
1066 3398 1120 3445 et
1155 3390 1467 3459 periculoso
1498 3389 1693 3443 morbo
1721 3387 1916 3440 deten-

326 3497 457 3552 -tus,
487 3485 683 3557 partim
720 3499 851 3538 vero
905 3490 1130 3553 propter
1181 3482 1466 3550 penuriam
1512 3479 1913 3534 ministrorum.

2382 3100 2747 3171 Ἀμφιλοχίῳ
2779 3095 2914 3165 περὶ
2953 3096 3246 3149 κανόνων.

2084 3196 2261 3251 Πάλαι
2304 3193 2442 3266 πρὸς
2493 3193 2594 3256 τὰς
2637 3190 2788 3262 παρὰ
2815 3190 2913 3258 τῆς
2943 3185 3228 3248 εὐλαϐείας
3259 3200 3354 3237 σου
3396 3197 3604 3253 προτα-

2017 3286 2203 3349 θείσας
2226 3285 2338 3356 (69)
2363 3286 2497 3355 ἡμῖν
2528 3282 2824 3353 ἐρωτήσεις
2847 3277 3309 3349 ἀποκρινάμενος,
3336 3274 3437 3328 οὐκ
3492 3274 3604 3325 ἀπ-

2023 3378 2239 3432 έστειλα
2262 3378 2323 3430 τὸ
2353 3375 2609 3447 γράμμα,
2633 3372 2788 3426 τοῦτο
2817 3373 2915 3443 μὲν
2944 3369 3049 3421 ὑπὸ
3068 3370 3165 3439 τῆς
3188 3365 3609 3438 άρῤωστίαςτῆς

2023 3470 2239 3541 μακρᾶς
2288 3467 2383 3521 καὶ
2442 3463 2784 3518 ἐπικινδύνου
2821 3460 3162 3531 ἀσχοληθεὶς,
3216 3458 3376 3511 τοῦτο
3414 3456 3473 3508 δέ
3499 3454 3609 3508 ὑπὸ

334 3577 510 3632 Pauci
551 3576 698 3632 enim
747 3574 889 3645 apud
927 3589 1052 3637 nos,
1105 3585 1161 3628 et
1196 3573 1295 3626 viae
1333 3572 1519 3642 periti,
1556 3571 1815 3641 etiparati
1850 3568 1917 3624 ad

2032 3560 2119 3629 τῆς
2157 3558 2391 3629 ἀπορίας
2428 3555 2536 3608 τῶν
2567 3552 3013 3622 διακονουμένων.
3071 3549 3271 3618 Ὀλίγοι
3306 3546 3412 3617 γὰρ
3462 3545 3599 3612 παρ’

345 3666 619 3739 ejusmodi
700 3664 1027 3719 ministeria.
1100 3663 1299 3730 Quare,
1336 3662 1572 3732 cognitis
1640 3676 1920 3715 morarum

2032 3652 2152 3720 ἡμῖν
2193 3648 2289 3702 καὶ
2324 3646 2444 3701 ὁδοῦ
2479 3646 2756 3716 ἔμπειροι,
2792 3645 2886 3696 καὶ
2914 3641 3427 3714 παρεσκευασμένοι
3469 3637 3609 3710 πρὸς

327 3760 552 3824 causis,
590 3759 814 3830 ignosce
841 3757 1301 3812 uobis.Admirati
1333 3766 1513 3811 autem
1544 3771 1734 3811 sumus
1765 3764 1920 3808 tuum

2032 3741 2120 3803 τὰς
2143 3739 2399 3803 τοιαύτας
2449 3737 2772 3808 ὑπηρεσίας.
2805 3736 2989 3801 Ὥστε,
3041 3730 3226 3805 μαθὼν
3273 3730 3374 3796 τὰς
3425 3733 3608 3792 αἰτίας

274 3832 289 3849 ⁸
330 3822 909 3926 .discendi'studrum,
949 3850 1114 3906 simul
1157 3857 1211 3904 et
1244 3848 1632 3912 humilitatem,
1670 3847 1816 3917 quod
1868 3854 1922 3901 et

2032 3835 2120 3905 τῆς
2165 3832 2520 3905 βραδυτῆτος,
2557 3831 2647 3893 δὸς
2687 3830 2818 3899 ἡμῖν
2857 3828 2956 3898 τὴν
3002 3825 3354 3895 συγγνώμην.
3417 3822 3610 3875 Ἐθαυ-

346 3943 561 4000 discere
589 3959 697 3998 non
723 3942 989 4014 graveris,
1014 3957 1138 3996 cum
1172 3939 1408 3995 docendi
1444 3940 1598 3994 locus
1631 3940 1730 3993 tibi
1770 3954 1922 3993 com-

2032 3927 2279 3998 μάσαμεν
2325 3923 2383 3977 δέ
2439 3940 2531 3975 σου
2560 3922 2660 3993 τὴν
2705 3919 3060 3990 φιλομάθειαν
3088 3915 3223 3987 ὁμοῦ
3271 3916 3365 3968 καὶ
3397 3913 3495 3985 τὴν
3518 3930 3611 3965 τα-

346 4022 552 4093 missus
616 4037 689 4091 sit
720 4079 755 4105 ,η
792 4048 846 4091 et
874 4052 904 4090 a
944 4036 1117 4091 nobis
1166 4033 1398 4100 discere,
1434 4033 1636 4103 quibus
1668 4032 1807 4086 nihil
1838 4038 1922 4087 est

2032 4015 2488 4088 πεινοφροσιόνην⁸
2529 4015 2609 4068 ὅτι
2652 4012 2749 4066 καὶ
2799 4010 2989 4083 μαθεῖν
3033 4007 3326 4078 καταδέχῃ,
3374 4008 3475 4079 τὴν
3510 4006 3608 4059 τοῦ

347 4128 534 4196 magni
575 4126 643 4182 ad
672 4129 982 4184 scientiam.
1014 4126 1123 4182 Sed
1157 4134 1338 4180 tamen
1371 4126 1502 4196 quia
1531 4141 1640 4179 non
1673 4125 1922 4195 gravaris

2032 4111 2293 4164 διδάσκειν
2338 4108 2492 4174 τάξιν
2538 4103 2989 4172 πεπιστευμένος,
3017 4102 3111 4155 καὶ
3134 4100 3424 4171 μανθάνειν
3478 4100 3609 4169 παρ’

349 4217 422 4272 οὶ)
451 4218 704 4274 timorem
753 4219 847 4274 Dei
880 4236 993 4275 rem
1038 4219 1238 4284 facere,
1287 4232 1453 4288 quam
1494 4218 1634 4273 alius
1666 4217 1810 4270 haud
1845 4214 1922 4270 fa-

2032 4194 2305 4271 ἡμῶν,οἷς
2334 4197 2483 4251 οὐδὲν
2526 4196 2668 4266 μέγα
2719 4193 2981 4264 πρόσεστι
3016 4189 3153 4261 πρὸς
3195 4187 3419 4258 γνῶσιν.
3468 4188 3607 4240 Ἀλλ’

350 4309 455 4364 cile
508 4307 717 4377 faciat,
769 4320 982 4380 oportet
1026 4319 1083 4364 ut
1125 4320 1180 4366 et
1237 4326 1340 4367 nos
1399 4320 1502 4364 tuae
1553 4306 1825 4362 alacritati
1860 4320 1922 4360 ac

2032 4293 2213 4363 ὅμως,
2266 4288 2454 4360 ἐπειδὴ
2501 4286 2773 4357 καταδέχῃ
2834 4284 2923 4338 διὰ
2950 4283 3044 4335 τὸν
3096 4280 3259 4350 φόϐον
3316 4279 3410 4333 τοῦ
3470 4278 3606 4332 Θεοῦ

298 4394 299 4397 “
350 4398 498 4477 bono
526 4401 708 4457 studio
736 4414 894 4473 Opem
919 4402 1085 4456 etiam
1115 4404 1260 4456 ultra
1290 4403 1435 4458 vires
1460 4401 1727 4456 feramus.

2032 4386 2202 4437 ποιεῖν
2259 4383 2493 4455 πρᾶγμα
2532 4382 2593 4434 οὐ
2642 4380 2841 4451 ῥαδίως
2887 4378 3019 4447 παρ’
3068 4374 3255 4447 ἐτέρου
3296 4373 3606 4443 γινόμενον,

1138 4482 1141 4485 ’
1955 4477 2008 4535 D
2032 4476 2138 4547 χρὴ
2161 4475 2255 4528 καὶ
2279 4475 2426 4544 ἡμᾶς
2453 4476 2517 4543 τῇ
2544 4470 2824 4543 προθυμία
2854 4485 2947 4521 σου
2976 4468 3069 4521 καὶ
3093 4469 3160 4538 τῇ
3187 4465 3366 4537 ἀγαθῇ
3400 4465 3605 4535 σπουδῇ

423 4654 583 4710 XVII.
617 4653 964 4724 lnterrogasti
995 4669 1096 4709 nos
1127 4654 1195 4709 de
1219 4653 1452 4709 Bianore
1478 4653 1818 4723 presbytero,
1858 4665 1927 4704 an

354 4748 412 4803 in
455 4748 665 4803 clerum
734 4745 946 4800 admitti
1000 4746 1216 4816 possit,
1251 4753 1477 4816 propter
1514 4742 1927 4814 jusjurandum.

353 4838 469 4912 Ego
515 4847 695 4895 autem
742 4854 830 4895 me
857 4839 971 4908 jam
1012 4853 1357 4893 communem
1393 4837 1636 4907 aliquam
1684 4835 1930 4905 regulam

355 4932 426 4988 de
456 4933 712 4989 omnibus
760 4933 856 5003 qui
911 4947 1020 4985 una
1064 4946 1189 4986 cum
1224 4947 1289 4985 eo
1320 4933 1683 5001 juraverant,
1733 4928 1932 4982 Antio—

357 5025 549 5082 chenis
582 5026 799 5081 clericis
832 5024 1071 5081 edidisse
1104 5024 1325 5079 memini
1352 5041 1365 5081 :
1394 5031 1451 5077 ut
1494 5023 1599 5091 ipsi
1630 5038 1659 5075 a
1694 5020 1932 5090 publicis

358 5118 576 5189 quidem
595 5119 955 5175 conventibus
987 5117 1316 5181 abstineant,
1337 5116 1592 5186 privatim
1621 5113 1778 5185 291
1804 5127 1932 5168 vero

468 5250 618 5306 Alias
639 5248 704 5304 ll.
754 5250 967 5306 Scrinta
995 5265 1138 5304 anno
1162 5250 1287 5306 575.

424 5318 556 5392 {68),
594 5320 818 5392 Ὀποῒα.
854 5318 996 5392 Editi
1050 5322 1261 5381 ὁποίαν,
1308 5321 1746 5392 ι’θρυςῐιιιιιιίὶωε
1798 5335 1933 5376 mss.

359 5383 754 5447 vetustissimis
779 5399 833 5445 et
862 5391 986 5446 aliis
1006 5383 1431 5446 recentioribus.
1448 5383 1475 5392 ”

432 5458 981 5531 Προζαθείσας.
1013 5461 1091 5515 Ita
1112 5470 1237 5515 octo
1264 5464 1458 5517 saltem
1491 5473 1624 5515 mss.
1652 5459 1795 5514 Editi
1814 5478 1940 5531 προ-

358 5527 628 5601 τεθείσας.
676 5530 837 5586 Deest
864 5533 1076 5585 initium
1130 5531 1295 5601 hujus
1358 5533 1604 5601 epistola:
1660 5532 1715 5584 in
1768 5527 1941 5599 plu—ri-

354 5598 486 5673 .hu_s_
502 5614 841 5673 ulssglsque
868 5603 945 5673 Pd
979 5604 1094 5655 haec
1123 5598 1287 5673 verba
1325 5598 1640 5673 Ἦρὼτησας
1668 5598 1833 5671 ἡμᾶς.

431 5667 544 5740 (70)
592 5669 727 5741 Ἰδίᾳ
749 5667 818 5722 δὲ
864 5670 1146 5739 ἐνεργεῖν.
1190 5672 1343 5741 Saepe
1386 5667 1761 5740 vituperantur
1801 5671 1942 5740 apud

359 5748 581 5798 sanctos
620 5740 812 5796 Patres
843 5778 860 5808 ,
909 5743 1004 5811 qui
1036 5756 1192 5797 sacra
1239 5740 1294 5797 in
1324 5743 1547 5812 privatis
1575 5741 1785 5798 aedibus
1822 5745 1941 5798 sive

2033 4566 2382 4638 συναίρεσθαι
2413 4566 2508 4619 xal.
2529 4565 2669 4636 ὑπὲρ
2697 4563 2949 4633 δύναμιν.

2101 4661 2199 4713 lZ'.
2246 4657 2564 4730 Ἠρώτησας
2604 4656 2752 4726 ἡμᾶς
2786 4654 2914 4725 περὶ
2953 4653 3209 4722 Βιάνορος
3235 4648 3331 4703 τοῦ
3368 4647 3609 4721 πρεσϐυ-

2032 4751 2213 4822 τέρου,
2244 4752 2292 4803 εἰ
2312 4750 2498 4812 δεκτός
2525 4751 2671 4802 ἐστιν
2702 4749 2780 4810 εἷς
2809 4745 2899 4799 τὸν
2929 4745 3153 4815 κλῆρον,
3186 4741 3275 4795 διὰ
3306 4740 3397 4795 τὸν
3426 4742 3609 4813 ὅρκον.

2046 4840 2187 4909 Ἐγὼ
2205 4841 2262 4895 δέ
2284 4840 2384 4911 ἤδη
2418 4839 2540 4893 τινὰ
2568 4838 2747 4892 κοινὸν
2777 4838 2902 4908 ὅρον
2936 4837 3065 4907 περὶ
3089 4835 3309 4887 πάντων
3331 4833 3471 4903 ὁμοῦ
3501 4832 3610 4885 τῶν

2038 4934 2154 5004 μετ’
2187 4931 2352 4986 αὐτοῦ
2396 4930 2762 5001 ὀμωμοκότων
2799 4931 2912 4992 τοῖς
2962 4928 3082 4980 κατ’
3124 4926 3455 4996 Ἀντιόχειαν
3479 4926 3613 4995 κλη-

2039 5027 2209 5098 ρικοῖς
2250 5021 2365 5078 οῖδα
2426 5021 2780 5087 ἐκτεθεικώς·
2836 5021 2976 5075 ὥστε
3030 5020 3138 5072 τῶν
3191 5019 3290 5089 μὲν
3340 5018 3613 5089 δημοσίων

2034 5114 2231 5178 αὐτοὺς
2251 5112 2550 5184 ἀπέχεσθαι
2574 5112 2869 5181 συλλόγων,
2909 5110 3017 5179 ἰδίᾳ
3053 5110 3110 5162 δὲ
3132 5110 3379 5180 ἐνεργεῖν
3401 5108 3514 5179 (70)
3542 5108 3614 5159 τὰ

2037 5250 2355 5306 domesticis
2396 5248 2653 5304 oratoriis
2705 5248 3002 5303 celebrant.
3054 5245 3192 5300 Ilinc
3224 5244 3483 5311 lrenaeus,
3514 5242 3611 5297 lib.

2040 5337 2115 5382 ιν,
2154 5336 2276 5389 cap.
2312 5320 2405 5387 26,
2449 5331 2703 5390 oportere
2733 5320 2948 5382 aiteos,
2978 5320 3068 5385 qui
3110 5315 3373 5390 absistam
3404 5332 3438 5367 a
3473 5315 3619 5382 prii:-

2040 5391 2199 5457 cipali
2220 5387 2545 5444 successione
2568 5399 2618 5444 et
2656 5404 2958 5459 quocunque
2984 5390 3095 5441 loco
3130 5387 3404 5459 colligunt,
3434 5400 3615 5451 suspe-

2032 5456 2152 5514 ctos
2200 5461 2407 5520 habere.
2433 5460 2509 5514 vel
2538 5456 2690 5529 quasi
2720 5461 2991 5512 hu'reticos
3041 5469 3090 5511 et
3124 5456 3280 5508 malle
3308 5459 3580 5508 sententia:
3599 5493 3614 5515 ,

2042 5533 2280 5599 velquasi
2291 5532 2583 5585 scindentes
2596 5540 2643 5583 et
2655 5530 2821 5582 elatos
2833 5538 2880 5580 et
2894 5529 2994 5582 sibi
3009 5529 3271 5599 placentes
3286 5542 3307 5599 ,j
3325 5536 3415 5599 aut
3428 5541 3490 5576 ru
3500 5540 3616 5576 rcus

2043 5612 2101 5654 ut
2127 5597 2429 5670 hypocritas
2453 5610 2682 5668 qua'stus
2714 5600 2891 5670 gratia
2919 5608 2967 5651 et
2998 5613 3147 5670 vang:
3172 5597 3362 5670 gloria;
3382 5597 3478 5670 hoc
3504 5610 3622 5662 ope-

2044 5664 2238 5725 rantes.
2259 5664 2514 5739 Basilius,
2535 5672 2589 5724 in
2608 5664 2799 5739 psalm.
2825 5685 2990 5729 xxvu,
3020 5684 3080 5723 ιι.
3103 5666 3138 5721 5
3156 5664 3189 5721 :7
3205 5664 3326 5720 Non
3346 5666 3506 5739 igitur
3526 5680 3615 5718 e1-

2046 5753 2131 5796 tra
2157 5752 2393 5797 sanctam
2430 5736 2564 5796 hanc
2599 5736 2778 5795 aulam
2818 5739 3042 5794 adorare
3072 5747 3309 5807 oportet,
3352 5736 3442 5791 sed
3474 5737 3622 5790 intra
