3948 6214
423 335 531 391 717

1308 306 1811 389 Ἐριετοιλιιωι
1851 327 2139 386 crassus
2177 327 2241 383 ιι.
2284 327 2504 385 EPIST.
2543 327 2770 385 cxcrx.

3574 329 3682 384 713

422 455 533 508 τῶν
582 454 990 527 πρεσϐυτέρων.
1043 453 1117 507 Τὸ
1155 450 1287 505 αυτὸ
1335 453 1394 505 δὲ
1414 452 1572 505 τοῦτο
1604 452 1698 505 καὶ
1732 451 1868 521 πρὸς
1900 450 1999 520 τὴν

2115 448 2288 503 munia
2362 448 2563 504 obeant
2617 445 3082 519 presbyterorum.
3150 444 3207 499 Id
3257 445 3436 515 ipsum
3497 454 3682 499 autem

426 546 619 600 ἑαυτοῦ
679 547 982 621 ὑπηρεσίαν
1027 546 1208 600 ἄδειαν
1249 543 1396 615 αὐτῷ
1438 543 1668 615 παρέχει
1694 559 1708 571 θ
1741 543 1872 595 διότι
1900 542 2004 595 οὐκ

426 639 484 690 ὲν
523 636 823 709 Ἀντιοχείᾳ
878 639 1025 691 ἐστὶν
1077 640 1110 708 ἡ
1165 637 1457 708 ἱερωσύνη,
1509 635 1623 689 ἀλλ’
1655 639 1713 688 ἐν
1753 636 1960 705 Ἰκονίῳ
1987 652 1999 663 ·

429 728 511 799 ἢν,
543 730 618 792 ὡς
650 730 815 792 αὐτὸς
864 712 1181 792 ἐπέστειλας
1215 731 1371 800 ἡμῖν,
1409 729 1509 798 τῆς
1555 726 1884 796 Ἀντιοχείας
1924 727 2003 789 εἰς

423 818 639 891 οἴκησιν
690 820 1074 889 ἀντηλλάξατο.
1131 822 1316 874 Ἔστιν
1369 815 1463 874 οὖν
1496 820 1684 883 δεκτὸς
1734 822 1938 883 ἐκεῖνος
1975 821 2004 871 δ

424 910 583 981 ἀνὴρ,
620 912 1018 982 ἀπαιτούμενος
1073 911 1223 984 παρὰ
1251 912 1352 982 τῆς
1398 910 1679 974 εὐλαϐείας
1704 928 1796 964 σου
1839 926 2005 981 μετα-

429 1003 684 1074 μέλεσθαι
719 1005 810 1055 ἐπὶ
843 1006 907 1074 τῇ
944 1004 1163 1075 εὐκολία
1201 1004 1293 1057 τοῦ
1320 1005 1503 1076 ὅρκου,
1536 1004 1595 1056 ὃν
1627 1005 1719 1057 ἐπὶ
1756 1003 1851 1056 τοῦ
1879 1002 2004 1057 ἀπίο-

427 1114 552 1150 στου
609 1098 799 1168 ἀνδρὸς
851 1097 963 1169 (il)
1013 1098 1358 1168 ἐξωμόσατο,
1422 1098 1688 1169 βαστάσαι
1742 1098 1840 1169 τὴν
1918 1099 2004 1151 ὲν-

426 1187 647 1260 όχλησιν
668 1190 762 1242 τοῦ
794 1189 989 1261 μικροῦ
1007 1190 1215 1244 ἐκείνου
1248 1190 1490 1245 κινδύνου
1528 1191 1601 1264 μὴ
1629 1190 1892 1264 δυνηθείς.

496 1368 601 1423 IH'.
630 1372 765 1443 Περὶ
796 1372 907 1426 τῶν
950 1372 1298 1426 ἐκπεσουσῶν
1326 1372 1611 1444 παρθένων
1637 1370 1743 1425 τῶν
1767 1371 2007 1441 καθομο-

423 1457 813 1530 λογησαμὲνων
847 1462 937 1515 τὸν
968 1466 1025 1515 ὲν
1057 1463 1345 1534 σεμνότητι
1383 1462 1495 1532 βίον
1518 1461 1594 1532 τῷ
1622 1461 1830 1533 Κυρίῳ,
1861 1457 2000 1526 εἶτα,

424 1549 512 1603 διὰ
544 1549 604 1604 τὸ
642 1553 933 1605 ὑποπεσεῖν
956 1556 1070 1617 τοῖς
1102 1552 1296 1607 πάθεσι
1325 1554 1425 1623 τῆς
1445 1552 1665 1625 σαρκὸς,
1696 1550 2004 1605 ἁθετουσῶν

426 1639 524 1703 τὰς
589 1642 801 1696 ἑαυτῶν
872 1643 1178 1715 συνθήκας,
1248 1646 1297 1697 οἱ
1362 1645 1460 1715 μὲν
1519 1644 1754 1714 πατέρες
1811 1643 2002 1713 ἡμῶν,

426 1732 612 1796 ἁπλῶς
641 1734 753 1806 (72)
792 1736 885 1788 καὶ
908 1735 1099 1807 πράως
1122 1735 1656 1807 συμπεριφερόμενοι
1682 1736 1803 1797 ταῖς
1836 1733 2001 1787 ἀσθε-

425 1825 597 1889 νείαις
625 1827 732 1880 τῶν
770 1828 1306 1892 κατολισθαινόντων,
1368 1828 1768 1899 ἐνομοθέτησαν
1806 1827 2002 1890 δεκτὰς
2035 1812 2078 1866 Β

425 1911 565 1969 εἶναι
616 1918 752 1986 μετὰ
782 1917 874 1971 τὸν
927 1919 1171 1973 ἐνιαυτὸν
1219 1918 1357 1990 (75),
1403 1917 1528 1971 καθ’
1567 1919 1861 1989 ὁμοιότητα
1894 1916 2003 1969 τῶν

425 2009 671 2079 διγάμων
701 2010 1108 2082 διαταξάμενοι·
1145 2014 1269 2083 ἐμοὶ
1301 2012 1356 2065 δὲ
1398 2013 1564 2077 δοκεῖ,
1596 2011 1781 2082 ἐπειδὴ
1811 2013 1877 2082 τῇ
1908 2009 2003 2063 τοῦ

426 2100 563 2153 Θεοῦ
615 2102 796 2174 χάριτι
855 2103 1121 2174 προϊοῦσα
1172 2105 1206 2175 ἡ
1264 2103 1592 2174 Ἐκκλησία,
1640 2101 2007 2172 κραταιοτέρα

427 2193 657 2261 γίνεται,
688 2196 782 2248 καὶ
817 2195 1147 2266 πληθύνεται
1191 2196 1284 2250 νῦν
1339 2196 1400 2249 τὸ
1435 2196 1621 2264 τάγμα
1657 2194 1766 2247 τῶν
1799 2192 2004 2264 παρθέ-

426 2303 534 2340 νων
565 2287 696 2357 (74),
720 2287 1005 2359 προσέχειν
1040 2288 1286 2360 ἀκριϐῶς
1320 2287 1396 2358 τῷ
1423 2306 1480 2341 τε
1504 2290 1621 2341 κατ’
1653 2288 1859 2341 ἔννοιαν
1884 2303 2005 2355 (pat-

426 2377 637 2449 νομὲνῳ
694 2379 977 2450 πράγματι
1026 2379 1121 2434 καὶ
1164 2382 1229 2451 τῇ
1274 2380 1374 2452 τῆς
1412 2379 1634 2450 Γραερῆς
1672 2378 1899 2449 διανοίᾳ,
1938 2378 2006 2448 ἣν

425 2471 651 2525 δυνατὸν
711 2471 954 2542 ἐξευρεῖν
1002 2473 1112 2525 ἀπὸ
1158 2471 1252 2525 τοῦ
1298 2471 1617 2526 ἀκολούθου.
1644 2472 1856 2543 Χηρεία
1898 2472 2005 2542 γὰρ

428 2561 726 2633 παρθενίας
753 2562 988 2616 ἐλάττων
1010 2580 1024 2593 ·
1049 2563 1242 2617 οὐκοῦν
1272 2564 1367 2616 καὶ
1401 2564 1459 2617 τὸ
1486 2564 1594 2617 τῶν
1623 2565 1807 2636 χηρῶν
1833 2556 2008 2636 ἁμάρ-

426 2670 583 2726 τημα
618 2654 797 2726 πολλῷ
828 2654 1079 2726 δεύτερόν
1114 2658 1228 2708 ἐστι
1262 2655 1355 2709 τοῦ
1385 2655 1491 2708 τῶν
1519 2654 1820 2727 παρθένων.
1852 2655 2005 2708 Ἴδω-

433 2763 531 2817 μεν
556 2747 734 2800 τοίνυν
763 2748 816 2800 τί
841 2747 1149 2818 γέγραπται
1181 2746 1430 2818 Τιμοθέῳ
1452 2746 1603 2817 παρὰ
1628 2745 1721 2799 τοῦ
1756 2747 1968 2799 Παύλου
1986 2763 2001 2776 ⁸

427 2838 730 2907 Νεωτέρας
774 2838 842 2892 δὲ
878 2838 1071 2908 χήρας
1123 2838 1431 2906 παραιτοῦ.
1468 2841 1645 2894 Ὅταν
1684 2839 1793 2909 γὰρ
1838 2855 2007 2893 κατα-

428 2928 841 2997 στρηνιάσωσι
914 2930 1019 2984 τοῦ
1084 2930 1373 2998 Χριστοῦ,
1431 2929 1641 3000 γαμεῖν
1682 2930 2004 2997 θέλουσιν,

424 3020 682 3091 ἔχουσαι
704 3021 897 3092 κρῖμα,
936 3022 1024 3075 ὅτι
1047 3023 1162 3092 τὴν
1187 3022 1425 3092 πρώτην
1445 3023 1654 3075 πίστιν
1679 3022 2004 3091 ἠθέτησαν.

500 3129 587 3182 ⁶⁸1
617 3129 758 3184 Tim.
785 3148 837 3198 ν,
864 3131 952 3198 il,
986 3131 1072 3187 12.

2103 543 2270 597 etiam
2303 543 2354 598 ei
2382 543 2627 597 muneris
2655 543 2742 597 sui
2771 540 3063 611 peragendi
3100 538 3307 609 praebet
3346 538 3680 604 libertatem,

2103 636 2248 705 quod
2285 651 2394 690 non
2426 636 2497 690 sit
2524 635 2826 689 Antiochia:
2886 632 3274 693 sacerdotium,
3339 631 3434 685 sed
3465 629 3633 685 lconii
3661 645 3680 685 :

2105 742 2271 796 quam
2312 728 2524 792 urbem,
2556 734 2614 780 ut
2642 727 2756 796 ipse
2790 724 2858 779 ad
2906 740 3007 780 nos
3049 723 3353 793 scripsisti,
3390 721 3683 776 Antiochia

2104 819 2172 873 ad
2225 818 2575 874 habitandum
2632 817 2981 888 permutavit.
3020 815 3160 886 Ergo
3213 815 3294 868 vir
3326 815 3417 868 ille
3475 814 3682 881 suscipi

2105 918 2330 980 potest;
2386 912 2699 981 postulante
2749 911 2817 965 ab
2876 925 2942 965 eo
2986 911 3187 979 pietate
3243 916 3334 961 tua
3369 947 3386 970 ,
3454 914 3513 960 ut
3574 919 3684 975 pm-

2104 1003 2389 1057 nitentiam
2440 1010 2564 1073 agat
2597 1043 2612 1067 ,
2667 1003 2737 1057 oh
2772 1001 2986 1057 facilem
3022 1010 3075 1056 et
3123 1010 3433 1072 promptum
3471 999 3536 1054 ad
3563 999 3685 1067 jus-

2100 1094 2396 1164 jurandum
2470 1097 2750 1158 animum,
2813 1095 2959 1164 quod
3032 1111 3217 1150 coram
3294 1095 3497 1149 inﬁdeli
3559 1094 3684 1149 viro

2101 1185 2307 1256 juravit
2335 1228 2350 1254 ,
2382 1188 2688 1242 molestiam
2734 1187 2877 1243 ferre
2925 1189 3105 1258 exigui
3139 1189 3287 1244 illius
3307 1187 3536 1259 periculi
3572 1202 3683 1242 non

2104 1280 2315 1333 valens.

2176 1370 2362 1425 XVIII.
2404 1369 2482 1426 De
2540 1372 2712 1444 lapsis
2764 1371 3092 1443 virginibus,
3128 1387 3249 1442 qua:
3281 1372 3447 1426 vitam
3473 1376 3683 1425 castam

2106 1463 2368 1534 professae
2404 1462 2652 1529 Domino,
2694 1464 2890 1519 deinde
2915 1464 3098 1519 carnis
3144 1462 3460 1518 libidinibus
3503 1464 3680 1525 victae,

2105 1553 2265 1625 pacta
2322 1571 2427 1611 sua
2477 1557 2630 1611 irrita
2677 1556 2926 1621 faciunt,
2978 1566 3162 1626 patres
3210 1554 3431 1626 quidem
3462 1556 3635 1608 nostri
3666 1594 3682 1616 .

2107 1664 2229 1702 cum
2264 1648 2587 1717 simpliciter
2626 1663 2689 1701 ac
2724 1649 2920 1703 leniter
2951 1663 3074 1703 sese
3122 1646 3189 1701 ad
3241 1660 3431 1702 eorum
3469 1645 3562 1715 qui
3607 1644 3686 1698 la-

2106 1739 2313 1793 buntur
2353 1740 2723 1795 inﬁrmitatem
2776 1739 3306 1803 accommodarent,
3351 1745 3685 1791 censuerunt

2107 1830 2255 1901 ipsas
2284 1839 2409 1902 post
2445 1846 2647 1885 annum
2679 1832 2888 1886 admitti
2944 1846 3123 1900 posse,
3174 1830 3242 1886 de
3294 1831 3403 1885 illis
3435 1830 3501 1884 ad
3532 1829 3687 1885 simi-

2106 1924 2391 1978 litudinem
2439 1924 2778 1994 digamorum
2829 1923 3212 1993 dijudicantes.
3292 1921 3494 1976 Verum
3549 1921 3686 1976 mibi

2105 2014 2324 2085 quidem
2380 2015 2636 2080 videtur,
2699 2015 2958 2086 quoniam
3008 2013 3102 2068 Dei
3148 2014 3295 2068 dono
3329 2012 3685 2084 progrediens

2106 2104 2352 2160 Ecclesia
2399 2106 2456 2161 Iit
2503 2105 2739 2171 fortior,
2807 2121 2873 2160 ac
2916 2121 3065 2160 nunc
3109 2105 3502 2174 multiplicatur
3548 2105 3688 2159 ordo

2105 2197 2378 2266 virginum
2406 2238 2420 2261 ,
2470 2198 2758 2268 diligenter
2798 2196 3258 2253 considerandam
3305 2212 3427 2254 esse
3474 2205 3528 2253 et
3566 2213 3685 2253 rem

2108 2290 2303 2361 ipsam,
2333 2299 2495 2359 prout
2534 2289 2907 2345 consideranti
2945 2287 3242 2360 manifesta
3270 2299 3374 2353 est,
3424 2296 3478 2344 et
3536 2287 3688 2344 Scri-

2107 2392 2283 2453 pturae
2343 2385 2672 2439 sententiam
2718 2398 2841 2452 qua:
2894 2398 2962 2436 ex
3006 2382 3394 2436 consecutione
3448 2381 3686 2437 inveniri

2106 2484 2306 2546 potest.
2347 2474 2599 2530 Viduitas
2666 2474 2813 2528 enim
2870 2473 3187 2544 virginitate
3232 2472 3505 2541 inferior;
3555 2490 3687 2545 ergo

2107 2575 2162 2621 et
2208 2568 2495 2622 viduarum
2543 2565 2805 2620 delictum
2863 2564 3024 2635 longe
3086 2563 3270 2619 minus
3317 2579 3481 2634 quam
3522 2566 3688 2635 virgi-

2106 2675 2259 2714 num.
2294 2659 2590 2715 Videamus
2617 2672 2745 2729 ergo
2777 2655 2909 2727 quid
2943 2655 3009 2709 ad
3043 2653 3389 2711 Timotheum
3446 2673 3476 2710 a
3513 2654 3686 2711 Paulo

2108 2754 2374 2823 scriptum
2444 2752 2518 2808 sit
2580 2770 2594 2805 :
2643 2749 2893 2803 Iuniores
2981 2758 3156 2802 autem
3223 2748 3409 2803 viduas
3492 2748 3687 2804 devita.

2108 2846 2403 2918 Postquam
2462 2846 2600 2900 enim
2661 2844 2997 2898 lascivierunt
3063 2841 3314 2897 adversus
3374 2842 3685 2908 Christum,

2109 2937 2300 2992 nubere
2354 2937 2574 3001 volant,
2636 2935 2882 2989 habentes
2950 2932 3439 2987 condemnationem
3472 2972 3489 2996 ,
3551 2933 3689 3004 quod

2108 3031 2337 3101 primam
2378 3029 2537 3100 ﬁdem
2567 3029 2779 3082 irritam
2834 3025 3070 3095 fecerunt
3100 3025 3165 3080 ⁸⁵.
3204 3024 3391 3096 Itaque
3420 3027 3488 3083 .si
3520 3026 3690 3081 vidua

427 3243 599 3323 ipsa!"
625 3284 639 3307 ι
694 3253 802 3300 Θῑϐ-
830 3243 1064 3323 -ἓῖίηῑῑζτξ
1111 3245 1273 3323 habet
1328 3244 1688 3323 Eﬂsﬁbiusin
1749 3247 1998 3323 eumdem
2030 3265 2072 3323 ί]
2106 3269 2319 3311 summa
2350 3250 3069 3323 improbitatemnjunctam
3095 3247 3358 3323 haberet,
3389 3235 3527 3323 etin
3559 3250 3692 3307 abs-

427 3315 699 3387 psalmum
744 3331 795 3383 β.
829 3317 955 3369 515.
1011 3315 1099 3369 Sic
1133 3318 1292 3370 etiam
1327 3318 1564 3387 Cyrillus
1601 3318 2003 3373 Alexandrinus

427 3385 486 3457 in
522 3385 662 3457 libro
686 3388 940 3457 adversus
962 3385 1543 3457 Anthropomorphitas.
1569 3404 1688 3457 cap.
1722 3389 1788 3441 l2
1815 3430 1828 3449 ,
1863 3398 1918 3443 et
1948 3391 2006 3442 in

428 3455 571 3508 libro
601 3455 813 3527 decimo
858 3456 934 3509 De
962 3456 1196 3520 adorat.,
1247 3474 1299 3527 p.
1349 3455 1471 3513 356.
1503 3458 1607 3513 Sed
1642 3455 1724 3514 his
1770 3461 1824 3513 in
1870 3460 2006 3514 locis

426 3526 779 3594 perspicuum
806 3536 888 3600 est
908 3526 1283 3600 luereticorum
1303 3537 1405 3600 aut
1420 3530 1894 3583 schismaticorum
1925 3547 2007 3600 sy-

429 3609 673 3666 nagogas
690 3598 986 3664 notari,ve|
1011 3614 1147 3667 quas
1195 3607 1355 3652 vocat
1383 3599 1638 3665 Basilius,
1672 3615 1794 3653 can.
1822 3601 1873 3658 1,
1909 3598 2012 3653 πά-

430 3668 852 3740 ρασυναγωγάς,
885 3668 999 3740 sive
1040 3669 1259 3723 illicitos
1289 3681 1588 3724 conventus
1617 3686 1645 3724 a
1672 3671 2007 3740 presbyteris

430 3745 526 3810 aut
551 3739 825 3810 episcopis
856 3739 1149 3810 rebellibus
1182 3740 1416 3805 habitos,
1462 3750 1558 3794 aut
1590 3755 1619 3793 a
1667 3739 1884 3810 pupulis
1923 3739 2008 3794 di-

428 3806 679 3876 sciplinae
701 3810 1034 3877 expertibus.
1068 3809 1422 3863 Atinterduut
1442 3826 1634 3878 graves
1662 3806 1841 3866 causa:
1872 3811 2006 3866 sub-

430 3887 625 3940 erant,
682 3894 781 3931 cur
815 3894 985 3950 sacra
1039 3881 1090 3933 in
1141 3881 1368 3949 privatis
1422 3882 1630 3934 aedibus
1665 3882 2009 3950 impermissa

428 3961 542 4000 non
574 3948 937 4021 essent.glpsa
971 3948 1278 4018 persecutio
1301 3953 1683 4006 necessitatem
1734 3948 1898 4021 hujus
1927 3951 2008 4006 rei

432 4032 577 4090 saepe
620 4017 917 4083 alierebat,
956 4017 1079 4073 cum
1131 4021 1384 4075 catholici
1424 4017 2009 4090 episcoporum'hzere-

434 4088 669 4161 ticorunt
749 4091 1189 4161 communionem
1265 4088 1552 4161 fugerent,
1612 4088 1674 4145 ut
1747 4091 2010 4147 Sebastia:

432 4158 699 4228 contigit;
747 4160 832 4213 vel
860 4161 1022 4232 etiam
1055 4201 1069 4223 ,
1120 4171 1179 4215 ut
1237 4161 1291 4214 in
1328 4158 1587 4232 pluribus
1644 4162 1766 4218 aliis
1827 4163 1960 4217 locis
1991 4203 2007 4227 ,

433 4232 793 4283 ecclesiarum
823 4230 969 4283 aditu
1014 4230 1450 4299 prohiberentur.
1502 4231 1722 4287 Minime
1749 4248 1879 4301 ergo
1909 4235 2010 4287 mi-

432 4315 581 4360 rum,
641 4301 687 4353 si
746 4301 1081 4368 presbyteris
1135 4302 1490 4356 Antiochenis
1528 4318 1650 4356 eam
1713 4304 2007 4358 sacerdotii

435 4368 867 4444 pellunt-tionetn
897 4368 1132 4444 Basilius
1161 4373 1400 4442 reliquit,
1423 4388 1543 4442 quae
1585 4381 1639 4426 et
1673 4374 1739 4427 ad
1773 4373 2007 4444 jurisju-

434 4441 590 4493 randi
622 4443 936 4507 religionem
970 4448 1025 4495 et
1060 4442 1126 4511 ad
1156 4441 1457 4511 temporum
1488 4441 2011 4499 molestias'accom—

435 4511 657 4581 modata
679 4512 984 4565 videbatur.
1056 4510 1307 4581 Synodus
1342 4512 1643 4567 Laodicena
1674 4522 1840 4576 vetat,
1879 4530 2002 4569 can.

437 4579 540 4643 58,
568 4581 647 4651 Vin
704 4582 945 4635 domibus
1000 4579 1118 4651 ﬁeri
1155 4582 1471 4637 oblationem
1517 4585 1582 4636 ab
1632 4583 1887 4651 episcopis
1931 4586 2011 4639 vel

436 4634 771 4733 partes.
796 4634 799 4635 ί
827 4634 1014 4733 canori
1079 4654 1139 4733 si
1159 4634 1495 4733 inuras...
1522 4634 1600 4707 “id
1635 4634 2007 4733 signasses
2043 4634 2087 4689 ι)

438 4723 738 4793 interdicit,
771 4724 934 4775 modo
973 4724 1199 4777 accedat
1228 4724 1470 4793 episcopi
1518 4739 1843 4779 consensus.
1886 4725 2006 4781 Non

436 4792 699 4846 inusitata
732 4793 901 4847 fuisse
958 4793 1227 4861 ejusmodi
1262 4792 1499 4847 sacrain
1537 4795 1852 4849 domesticis
1881 4810 2008 4849 ora-

437 4863 598 4917 toriis
633 4864 920 4917 conlirmat
956 4878 1133 4918 canon
1162 4864 1346 4918 Basilii
1386 4863 1456 4917 27
1484 4904 1500 4928 ,
1549 4864 1638 4918 ubi
1671 4874 1903 4932 vctatur,
1938 4881 2006 4920 ne

437 4933 725 5003 presbyter
792 4934 999 4989 illicitis
1022 4935 1228 5003 nuptiis
1264 4934 1574 5002 implicatus
1612 4936 1864 5004 privatim
1909 4944 2004 4989 aut

438 5003 657 5071 publice
703 5005 993 5058 sacerdotii
1050 5019 1275 5059 munere
1336 5003 1623 5074 fungatur.
1683 5003 2002 5061 Eustathius

440 5074 776 5129 Sebastenus
799 5075 1029 5145 Ancyra:
1059 5090 1181 5129 cum
1225 5076 1442 5129 Arianis
1469 5075 1522 5127 in
1553 5074 1805 5129 domibus
1848 5090 2003 5145 com-

437 5146 785 5207 municavit,
818 5155 879 5199 ut
908 5144 974 5199 ex
1026 5145 1276 5215 pluribus
1318 5144 1503 5200 Basilii
1543 5145 1790 5214 epistolis
1830 5144 2000 5199 disci-

438 5229 583 5279 mus,
613 5230 736 5268 cum
768 5225 1011 5286 apertam
1044 5216 1115 5269 ab
1138 5217 1219 5270 eis
1252 5215 1688 5269 communionem
1714 5215 2007 5284 impetrare

434 5300 548 5340 non
577 5293 779 5355 posset.

508 5353 621 5426 (ii)
674 5357 949 5410 Ἁπίστου
974 5354 1215 5424 ἀνδρός.
1256 5353 1482 5411 Videtur
1504 5353 1738 5426 inﬁdelis
1768 5354 1859 5410 ille
1887 5355 1971 5409 vir
1990 5393 2007 5420 ,

439 5442 582 5481 unus
606 5425 812 5496 aliquis
851 5429 1023 5481 fuisse
1055 5441 1118 5479 ex
1150 5426 1553 5496 potentioribus
1588 5425 1831 5489 Arianis,
1861 5426 2007 5493 ejus-

436 5512 544 5565 que
581 5499 732 5551 furor
756 5499 963 5551 idcirco
991 5498 1044 5549 in
1090 5499 1434 5568 presbyteros
1469 5496 1838 5568 Antiochenos
1875 5497 2007 5550 inci-

435 5576 603 5628 tatus,
626 5569 773 5637 quod
806 5570 859 5621 hi
896 5568 1195 5623 Ecclesium
1231 5566 1453 5622 absente
1489 5566 1703 5621 Meletio
1728 5574 2000 5635 regerent,

432 5652 501 5690 ac
539 5653 832 5692 [tramittam
867 5639 1069 5693 civium
1112 5648 1316 5708 partem
1348 5638 1401 5691 in
1459 5638 1606 5692 illius
1638 5637 1741 5691 fide
1772 5647 1824 5691 ct
1858 5652 2009 5690 com-

433 5709 695 5763 munione
729 5711 1094 5764 continerent.
1136 5708 1415 5778 Ejusmodi
1446 5709 1590 5763 enim
1613 5708 2004 5776 jusjurandum

432 5792 592 5834 nemo
623 5787 952 5851 extorquere
994 5783 1190 5849 potuit,
1224 5781 1337 5853 nisi
1373 5781 1465 5850 qui
1492 5787 1820 5851 potestatem
1852 5792 2002 5851 cum

2114 3323 2398 3380 trahendis
2429 3317 2473 3375 ’θ
2521 3317 2835 3377 sacerdotio
2873 3321 3159 3375 catholicis
3205 3317 3541 3389 presbyteris
3572 3336 3692 3374 ma-

2112 3410 2277 3465 gnum
2301 3392 2558 3464 quiddam
2588 3391 2698 3465 isibi
2724 3401 3052 3465 proponeret
3087 3405 3100 3440 :
3134 3388 3281 3465 quod
3307 3391 3549 3465 quidem,
3579 3392 3690 3446 nisi

2112 3458 2337 3526 Ariano',
2370 3464 2625 3517 convenit
2676 3458 2901 3515 nemini.
2958 3458 3360 3531 Neque’etiam
3405 3459 3691 3531 jusjuran-

2112 3539 2246 3590 dum
2280 3535 2349 3588 ab
2386 3534 2510 3587 aliis
2551 3532 2807 3594 extorsit,
2840 3547 3002 3601 quam
3037 3529 3068 3586 a
3098 3529 3296 3583 Meletii
3328 3530 3683 3601 presbyteris.

2112 3606 2250 3660 Nam
2302 3611 2664 3673 praeterquam
2688 3600 2871 3673 Aquod,
2910 3600 3127 3655 Paulini
3158 3608 3341 3669 partes
3363 3600 3688 3673 perSecutio

2114 3692 2224 3732 non
2277 3670 2498 3729 videtur
2521 3670 2814 3740 attigisse,
2842 3682 2989 3725 certe
3019 3685 3209 3741 parum
3254 3670 3553 3738 profuisset
3584 3673 3689 3726 ali-

2115 3761 2256 3817 quos
2324 3746 2375 3799 ei
2451 3742 2800 3817 presbyteros
2840 3740 3095 3804 auferre,
3138 3754 3262 3817 cum
3310 3753 3405 3808 per
3465 3757 3523 3817 se
3570 3740 3733 3811 ipse.

2118 3810 2340 3887 parvam
2385 3810 2674 3887 ecclesiam
2729 3819 2984 3887 regeret,
3030 3820 3084 3865 et
3143 3810 3282 3887 alios
3336 3810 3687 3887 presbyteros

2115 3879 2304 3941 creare
2339 3892 2544 3955 posset.
2586 3883 2664 3955 At
2706 3884 2770 3955 si
2795 3879 2944 3955 idem
2999 3880 3351 3955 commissum
3394 3879 3593 3955 fuisset
3630 3883 3686 3936 in

2115 3974 2211 4013 eos
2248 3948 2356 4025 qui'
2376 3951 2690 4025 absentes.
2726 3950 2941 4025 Meletio
2987 3948 3355 4025 gubernacula
3409 3951 3684 4025 tenebant,

2116 4018 2348 4096 maguus
2379 4025 2523 4095 lupis
2558 4023 2742 4078 aditus
2773 4022 2841 4076 ad
2871 4018 3087 4096 gregem
3133 4018 3686 4096 dis_cerpe'ndum__pa—

2115 4089 2333 4153 luisset.
2388 4089 2676 4157 Praeterea,
2730 4089 3049 4147 cumiidem
3082 4089 3382 4217 presbg'teri
3423 4089 3687 4144 Basiliqu

2117 4168 2516 4217 consuluerint.
2548 4165 2603 4217 id
2630 4174 2951 4217 argumento
2976 4170 3063 4215 est
3102 4176 3197 4216 eos
3276 4198 3288 4211 .
3329 4160 3545 4215 Meletio
3574 4161 3687 4215 alli-

2117 4168 2516 4224 consuluerint.
2548 4165 2603 4218 id
2630 4174 2951 4233 argumento
2976 4170 3063 4215 est
3102 4176 3197 4216 eos
3222 4160 3288 4233 Si.
3329 4160 3545 4215 Meletio
3574 4161 3688 4215 alli-

2118 4253 2218 4291 xos
2246 4237 2435 4292 luisse.
2476 4235 2647 4288 Nemo
2681 4232 2826 4287 enim
2868 4233 3084 4285 Meletio
3124 4232 3352 4285 amicior
3375 4240 3493 4285 erat
3521 4247 3686 4299 quam

2117 4307 2374 4364 Basilius.
2402 4320 2561 4361 nemo
2596 4307 2650 4358 in
2681 4302 3024 4358 defendenda
3056 4302 3202 4356 illius
3233 4314 3400 4356 causa
3425 4310 3689 4356 constan-

2117 4379 2245 4433 tior.
2272 4378 2455 4446 Longe
2485 4383 2634 4431 errat
2683 4374 3159 4446 Aristenus,__cu1_n
3194 4371 3542 4446 presbyteros
3566 4372 3689 4446 illos

2119 4463 2218 4502 sua
2258 4442 2452 4519 sponte
2495 4456 2551 4500 et
2592 4443 2933 4519 ulciscendae
2965 4442 3201 4519 alicujus
3250 4442 3689 4519 injuriaemcausa

2119 4510 2394 4573 existimat
2420 4518 2659 4586 jurasse.
2691 4513 2813 4586 Non
2848 4514 2993 4567 enim
3031 4510 3315 4586 lenitatem
3341 4513 3394 4565 in
3453 4510 3691 4586 Bianore

2119 4589 2348 4659 requirit
2378 4584 2628 4659 Basilius,
2667 4584 2765 4659 sed
2803 4585 3219 4659 constantiam:
3249 4597 3481 4649 eumque
3515 4584 3688 4659 magis

2118 4652 2324 4714 indicat
2363 4658 2606 4729 periculo
2638 4655 2912 4722 territum,
2948 4670 3109 4722 quam
3135 4656 3207 4709 ob
3238 4662 3517 4722 acceptam
3547 4652 3689 4724 inju-

2114 4731 2249 4784 riam
2278 4730 2476 4783 iratum
2503 4729 2693 4783 fuisse.
3485 4757 3489 4761 ν

2186 4800 2298 4871 (7'2)
2348 4797 2591 4865 Ἀπλῶς.
2645 4796 3202 4871 Quamvis_quatuor
3273 4791 3490 4847 codices
3543 4794 3688 4865 epti-

2113 4864 2217 4924 me
2270 4864 2416 4924 notae
2484 4864 2717 4924 habeant
2762 4865 3025 4928 ἁπαλῶς,
3081 4864 3392 4926 clementer,
3448 4877 3560 4917 non
3592 4864 3691 4916 ta-

2110 4954 2238 4995 men
2280 4941 2497 4994 videtur
2547 4942 2779 5009 vulgata;
2826 4938 2990 4991 lectio
3021 4934 3284 5009 mutanda
3314 4972 3329 4997 ,
3392 4934 3482 4987 cui
3545 4935 3689 5009 mu_I‘-_

2110 5017 2167 5062 to
2212 5010 2396 5079 plures
2460 5005 2678 5064 codices
2718 5078 2723 5079 γ
2760 5007 3196 5079 faVent,___inter_
3234 5019 3411 5079 q_uos_
3438 5005 3687 5079 nonnulli

2108 5072 2436 5149 perantiqui.
2472 5079 2689 5140 Legitur
2714 5078 2769 5149 in
2801 5076 3080 5149 nonnullis
3109 5072 3231 5149 aliis
3252 5073 3544 5149 calciarii);

2182 5152 2294 5223 (73)
2333 5143 2637 5223 Merere.»
2663 5145 2962 5201 ἐνὶαυτόν.
3016 5144 3314 5223 Respicere
3362 5145 3578 5223 videtur
3623 5143 3691 5195 ad

2116 5215 2379 5274 canouem
2405 5221 2674 5275 decimum
2699 5231 2904 5271 nonum
2935 5217 3128 5286 synodi
3152 5216 3475 5286 Ancyranaa,
3502 5215 3556 5267 in
3581 5228 3690 5283 quo

2115 5290 2418 5359 virginibus
2450 5289 2720 5360 promissa
2775 5285 3109 5342 violantibus
3150 5299 3313 5355 pinna
3342 5285 3688 5355 digamorum

2114 5361 2446 5415 decernitur.

2185 5431 2300 5555 (72
2341 5431 2410 5483 Τὸ
2457 5426 2647 5510 τάγμα
2696 5425 2814 5479 τῶν
2866 5426 3200 5509 παρθένων.
3257 5424 3690 5507 ldem_tcstatur

2308 5515 2555 5555 recorius
2621 5496 2905 5555 stsenus
2960 5512 3018 5551 in
3074 5497 3216 5550 libro
3269 5495 3344 5547 De
3391 5503 3690 5555 virginitate

2115 5495 2204 5554 Sf
2257 5495 2577 5570 Gregorius
2621 5496 2905 5570 Nyssenus
2960 5498 3018 5551 in
3074 5497 3216 5550 libro
3269 5495 3344 5547 De
3391 5495 3691 5570 virginitate

2112 5586 2233 5639 cap.
2285 5564 2395 5633 “24',
2462 5571 2625 5638 hujus
2672 5564 2815 5621 'vitae
2867 5567 3037 5639 decus
3094 5581 3194 5620 sua
3244 5574 3431 5639 aelate.
3495 5564 3540 5618 si
3583 5580 3689 5617 un-

2114 5635 2278 5710 quam
2343 5641 2478 5693 alias
2510 5635 2548 5705 ,⁷
2579 5639 2818 5693 maxime
2872 5635 3113 5710 ﬂorere,
3174 5643 3227 5691 et
3283 5635 3350 5710 ad
3418 5647 3689 5689 summam

2111 5707 2501 5781 perfectionem
2545 5710 2807 5781 paulatim
2838 5707 3149 5764 crescendo
3185 5708 3509 5777 perductum
3541 5718 3689 5761 esse.
