  <div class='ocr_page' id='page_1' title='image "/cluster/home/n/w/nwhite01/storage/ocr_20150623/32/mdp.39015011915462/373.png"; bbox 0 0 3948 6214; ppageno 0'>
   <div class='ocr_carea' id='block_1_1' title="bbox 355 354 454 408">
    <p class='ocr_par' dir='ltr' id='par_1_1' title="bbox 355 354 454 408">
     <span class='ocr_line' id='line_1_1' title="bbox 355 354 454 408; baseline 0.02 -2"><span class='ocrx_word' id='word_1_1' title='bbox 355 354 454 408; x_wconf 78' lang='grc'><strong>719</strong></span> 
     </span>
    </p>
   </div>
   <div class='ocr_carea' id='block_1_2' title="bbox 1666 338 2261 396">
    <p class='ocr_par' dir='ltr' id='par_1_2' title="bbox 1666 338 2261 396">
     <span class='ocr_line' id='line_1_2' title="bbox 1666 338 2261 396; baseline 0 0"><span class='ocrx_word' id='word_1_2' title='bbox 1666 342 1723 396; x_wconf 88' lang='lat' dir='ltr'><strong>S.</strong></span> <span class='ocrx_word' id='word_1_3' title='bbox 1764 338 2006 396; x_wconf 83' lang='lat' dir='ltr'><strong>BASlLll</strong></span> <span class='ocrx_word' id='word_1_4' title='bbox 2045 339 2261 396; x_wconf 69' lang='lat' dir='ltr'><strong>MAGNI</strong></span> 
     </span>
    </p>
   </div>
   <div class='ocr_carea' id='block_1_3' title="bbox 3502 345 3604 399">
    <p class='ocr_par' dir='ltr' id='par_1_3' title="bbox 3502 345 3604 399">
     <span class='ocr_line' id='line_1_3' title="bbox 3502 345 3604 399; baseline 0.01 -1"><span class='ocrx_word' id='word_1_5' title='bbox 3502 345 3604 399; x_wconf 71' lang='lat'><strong>720</strong></span> 
     </span>
    </p>
   </div>
   <div class='ocr_carea' id='block_1_4' title="bbox 346 459 1928 539">
    <p class='ocr_par' dir='ltr' id='par_1_4' title="bbox 346 461 1928 539">
     <span class='ocr_line' id='line_1_4' title="bbox 346 461 1928 539; baseline -0.005 -17"><span class='ocrx_word' id='word_1_6' title='bbox 346 467 553 539; x_wconf 84' lang='lat' dir='ltr'><strong>judicio</strong></span> <span class='ocrx_word' id='word_1_7' title='bbox 601 467 890 537; x_wconf 69' lang='lat' dir='ltr'><strong>SUJﬁCllul&#39;</strong></span> <span class='ocrx_word' id='word_1_8' title='bbox 920 465 1249 537; x_wconf 87' lang='lat' dir='ltr'><strong>gravissimo</strong></span> <span class='ocrx_word' id='word_1_9' title='bbox 1283 503 1298 528; x_wconf 92' lang='lat'><strong>,</strong></span> <span class='ocrx_word' id='word_1_10' title='bbox 1360 475 1420 518; x_wconf 88' lang='lat' dir='ltr'><strong>ut</strong></span> <span class='ocrx_word' id='word_1_11' title='bbox 1473 479 1596 533; x_wconf 73' lang='lat' dir='ltr'><strong>qua:</strong></span> <span class='ocrx_word' id='word_1_12' title='bbox 1658 462 1815 516; x_wconf 80' lang='lat' dir='ltr'><strong>fidem</strong></span> <span class='ocrx_word' id='word_1_13' title='bbox 1872 461 1928 514; x_wconf 88' lang='lat' dir='ltr'><strong>in</strong></span> 
     </span>
    </p>
   </div>
   <div class='ocr_carea' id='block_1_5' title="bbox 2036 459 3603 539">
    <p class='ocr_par' dir='ltr' id='par_1_5' title="bbox 2036 459 3603 534">
     <span class='ocr_line' id='line_1_5' title="bbox 2036 459 3603 534; baseline 0.002 -22"><span class='ocrx_word' id='word_1_14' title='bbox 2036 460 2098 513; x_wconf 84' lang='grc' dir='ltr'><strong>Εί</strong></span> <span class='ocrx_word' id='word_1_15' title='bbox 2128 463 2309 515; x_wconf 84' lang='grc' dir='ltr'>τοίνυν</span> <span class='ocrx_word' id='word_1_16' title='bbox 2333 465 2478 533; x_wconf 72' lang='grc' dir='ltr'>χήρα</span> <span class='ocrx_word' id='word_1_17' title='bbox 2511 464 2739 534; x_wconf 82' lang='grc' dir='ltr'>κρίματι</span> <span class='ocrx_word' id='word_1_18' title='bbox 2769 463 3050 517; x_wconf 79' lang='grc' dir='ltr'>ὑπόκειται</span> <span class='ocrx_word' id='word_1_19' title='bbox 3083 461 3386 534; x_wconf 82' lang='grc' dir='ltr'><strong>βαρυτάτῳ,</strong></span> <span class='ocrx_word' id='word_1_20' title='bbox 3418 459 3491 525; x_wconf 83' lang='grc' dir='ltr'>ὡς</span> <span class='ocrx_word' id='word_1_21' title='bbox 3508 463 3603 532; x_wconf 81' lang='grc' dir='ltr'>τὴν</span> 
     </span>
    </p>
   </div>
   <div class='ocr_carea' id='block_1_6' title="bbox 350 554 1926 627">
    <p class='ocr_par' dir='ltr' id='par_1_6' title="bbox 350 554 1926 627">
     <span class='ocr_line' id='line_1_6' title="bbox 350 554 1926 627; baseline -0.005 -13"><span class='ocrx_word' id='word_1_22' title='bbox 350 559 631 616; x_wconf 77' lang='lat' dir='ltr'><strong>Christum</strong></span> <span class='ocrx_word' id='word_1_23' title='bbox 688 559 902 613; x_wconf 88' lang='lat' dir='ltr'><strong>irritam</strong></span> <span class='ocrx_word' id='word_1_24' title='bbox 952 557 1179 623; x_wconf 84' lang='lat' dir='ltr'><strong>fecerit,</strong></span> <span class='ocrx_word' id='word_1_25' title='bbox 1218 556 1348 627; x_wconf 89' lang='lat' dir='ltr'><strong>quid</strong></span> <span class='ocrx_word' id='word_1_26' title='bbox 1402 555 1563 611; x_wconf 91' lang='lat' dir='ltr'><strong>nobis</strong></span> <span class='ocrx_word' id='word_1_27' title='bbox 1622 554 1926 626; x_wconf 77' lang='lat' dir='ltr'><strong>putandum</strong></span> 
     </span>
    </p>
   </div>
   <div class='ocr_carea' id='block_1_7' title="bbox 350 647 1926 721">
    <p class='ocr_par' dir='ltr' id='par_1_7' title="bbox 350 647 1926 721">
     <span class='ocr_line' id='line_1_7' title="bbox 350 647 1926 721; baseline -0.004 -17"><span class='ocrx_word' id='word_1_28' title='bbox 350 651 418 706; x_wconf 88' lang='lat' dir='ltr'><strong>de</strong></span> <span class='ocrx_word' id='word_1_29' title='bbox 449 651 681 721; x_wconf 78' lang='lat' dir='ltr'><strong>virgine,</strong></span> <span class='ocrx_word' id='word_1_30' title='bbox 718 664 838 719; x_wconf 76' lang='lat' dir='ltr'><strong>qua:</strong></span> <span class='ocrx_word' id='word_1_31' title='bbox 879 663 1079 719; x_wconf 87' lang='lat' dir='ltr'><strong>sponsa</strong></span> <span class='ocrx_word' id='word_1_32' title='bbox 1105 656 1191 704; x_wconf 90' lang='lat' dir='ltr'><strong>est</strong></span> <span class='ocrx_word' id='word_1_33' title='bbox 1216 647 1456 714; x_wconf 88' lang='lat' dir='ltr'><strong>Christi,</strong></span> <span class='ocrx_word' id='word_1_34' title='bbox 1491 655 1545 701; x_wconf 91' lang='lat' dir='ltr'><strong>et</strong></span> <span class='ocrx_word' id='word_1_35' title='bbox 1578 660 1797 702; x_wconf 86' lang='lat' dir='ltr'><strong>sacrum</strong></span> <span class='ocrx_word' id='word_1_36' title='bbox 1832 661 1926 699; x_wconf 87' lang='lat' dir='ltr'><strong>vas</strong></span> 
     </span>
    </p>
   </div>
   <div class='ocr_carea' id='block_1_8' title="bbox 349 738 1927 810">
    <p class='ocr_par' dir='ltr' id='par_1_8' title="bbox 349 738 1927 810">
     <span class='ocr_line' id='line_1_8' title="bbox 349 738 1927 810; baseline -0.003 -14"><span class='ocrx_word' id='word_1_37' title='bbox 349 741 582 796; x_wconf 90' lang='lat' dir='ltr'><strong>Domino</strong></span> <span class='ocrx_word' id='word_1_38' title='bbox 625 739 989 795; x_wconf 82' lang='lat' dir='ltr'><strong>dedicatum?</strong></span> <span class='ocrx_word' id='word_1_39' title='bbox 1039 738 1294 810; x_wconf 81' lang='lat' dir='ltr'><strong>Magnum</strong></span> <span class='ocrx_word' id='word_1_40' title='bbox 1333 739 1554 810; x_wconf 85' lang='lat' dir='ltr'><strong>quidem</strong></span> <span class='ocrx_word' id='word_1_41' title='bbox 1601 747 1684 794; x_wconf 89' lang='lat' dir='ltr'><strong>est</strong></span> <span class='ocrx_word' id='word_1_42' title='bbox 1734 752 1927 809; x_wconf 84' lang='lat' dir='ltr'><strong>pecca-</strong></span> 
     </span>
    </p>
   </div>
   <div class='ocr_carea' id='block_1_9' title="bbox 349 829 1927 897">
    <p class='ocr_par' dir='ltr' id='par_1_9' title="bbox 349 829 1927 897">
     <span class='ocr_line' id='line_1_9' title="bbox 349 829 1927 897; baseline -0.003 -11"><span class='ocrx_word' id='word_1_43' title='bbox 349 839 468 886; x_wconf 85' lang='lat' dir='ltr'><strong>tum</strong></span> <span class='ocrx_word' id='word_1_44' title='bbox 495 871 510 896; x_wconf 94' lang='lat'><strong>,</strong></span> <span class='ocrx_word' id='word_1_45' title='bbox 565 831 649 886; x_wconf 85' lang='lat' dir='ltr'><strong>vel</strong></span> <span class='ocrx_word' id='word_1_46' title='bbox 695 830 1352 897; x_wconf 75' lang='lat' dir='ltr'><strong>ancillamiclandestinis</strong></span> <span class='ocrx_word' id='word_1_47' title='bbox 1399 829 1772 885; x_wconf 89' lang='lat' dir='ltr'><strong>matrimoniis</strong></span> <span class='ocrx_word' id='word_1_48' title='bbox 1804 843 1927 884; x_wconf 88' lang='lat' dir='ltr'><strong>sese</strong></span> 
     </span>
    </p>
   </div>
   <div class='ocr_carea' id='block_1_10' title="bbox 351 921 1926 993">
    <p class='ocr_par' dir='ltr' id='par_1_10' title="bbox 351 921 1926 993">
     <span class='ocr_line' id='line_1_10' title="bbox 351 921 1926 993; baseline -0.003 -15"><span class='ocrx_word' id='word_1_49' title='bbox 351 922 592 988; x_wconf 87' lang='lat' dir='ltr'><strong>dantem,</strong></span> <span class='ocrx_word' id='word_1_50' title='bbox 629 931 818 991; x_wconf 89' lang='lat' dir='ltr'><strong>stupro</strong></span> <span class='ocrx_word' id='word_1_51' title='bbox 867 921 1089 977; x_wconf 90' lang='lat' dir='ltr'><strong>domum</strong></span> <span class='ocrx_word' id='word_1_52' title='bbox 1133 922 1358 993; x_wconf 86' lang='lat' dir='ltr'><strong>implere</strong></span> <span class='ocrx_word' id='word_1_53' title='bbox 1381 962 1397 989; x_wconf 91' lang='lat'><strong>,</strong></span> <span class='ocrx_word' id='word_1_54' title='bbox 1427 931 1482 977; x_wconf 86' lang='lat' dir='ltr'><strong>et</strong></span> <span class='ocrx_word' id='word_1_55' title='bbox 1525 922 1796 977; x_wconf 85' lang='lat' dir='ltr'><strong>deteriore</strong></span> <span class='ocrx_word' id='word_1_56' title='bbox 1818 921 1926 975; x_wconf 86' lang='lat' dir='ltr'><strong>vita</strong></span> 
     </span>
    </p>
   </div>
   <div class='ocr_carea' id='block_1_11' title="bbox 352 1013 1926 1086">
    <p class='ocr_par' dir='ltr' id='par_1_11' title="bbox 352 1013 1926 1086">
     <span class='ocr_line' id='line_1_11' title="bbox 352 1013 1926 1086; baseline -0.001 -18"><span class='ocrx_word' id='word_1_57' title='bbox 352 1013 607 1084; x_wconf 88' lang='lat' dir='ltr'><strong>injuriam</strong></span> <span class='ocrx_word' id='word_1_58' title='bbox 656 1015 967 1084; x_wconf 87' lang='lat' dir='ltr'><strong>possessori</strong></span> <span class='ocrx_word' id='word_1_59' title='bbox 1028 1013 1256 1070; x_wconf 89' lang='lat' dir='ltr'><strong>facere:</strong></span> <span class='ocrx_word' id='word_1_60' title='bbox 1303 1016 1464 1086; x_wconf 87' lang='lat' dir='ltr'><strong>longe</strong></span> <span class='ocrx_word' id='word_1_61' title='bbox 1502 1021 1682 1068; x_wconf 89' lang='lat' dir='ltr'><strong>autem</strong></span> <span class='ocrx_word' id='word_1_62' title='bbox 1707 1013 1926 1085; x_wconf 77' lang='lat' dir='ltr'><strong>gravius</strong></span> 
     </span>
    </p>
   </div>
   <div class='ocr_carea' id='block_1_12' title="bbox 351 1105 1926 1176">
    <p class='ocr_par' dir='ltr' id='par_1_12' title="bbox 351 1105 1926 1176">
     <span class='ocr_line' id='line_1_12' title="bbox 351 1105 1926 1176; baseline -0.002 -15"><span class='ocrx_word' id='word_1_63' title='bbox 351 1113 435 1161; x_wconf 90' lang='lat' dir='ltr'><strong>est</strong></span> <span class='ocrx_word' id='word_1_64' title='bbox 470 1120 733 1176; x_wconf 85' lang='lat' dir='ltr'><strong>sponsam</strong></span> <span class='ocrx_word' id='word_1_65' title='bbox 764 1105 886 1160; x_wconf 84' lang='lat' dir='ltr'><strong>fieri</strong></span> <span class='ocrx_word' id='word_1_66' title='bbox 940 1105 1276 1174; x_wconf 88' lang='lat' dir='ltr'><strong>adulteram,</strong></span> <span class='ocrx_word' id='word_1_67' title='bbox 1311 1121 1376 1161; x_wconf 89' lang='lat' dir='ltr'><strong>ac</strong></span> <span class='ocrx_word' id='word_1_68' title='bbox 1408 1121 1520 1161; x_wconf 66' lang='lat' dir='ltr'><strong>suae</strong></span> <span class='ocrx_word' id='word_1_69' title='bbox 1550 1121 1676 1160; x_wconf 91' lang='lat' dir='ltr'><strong>cum</strong></span> <span class='ocrx_word' id='word_1_70' title='bbox 1723 1119 1926 1175; x_wconf 89' lang='lat' dir='ltr'><strong>sponso</strong></span> 
     </span>
    </p>
   </div>
   <div class='ocr_carea' id='block_1_13' title="bbox 349 1197 1927 1269">
    <p class='ocr_par' dir='ltr' id='par_1_13' title="bbox 349 1197 1927 1269">
     <span class='ocr_line' id='line_1_13' title="bbox 349 1197 1927 1269; baseline -0.001 -16"><span class='ocrx_word' id='word_1_71' title='bbox 349 1198 723 1266; x_wconf 88' lang='lat' dir='ltr'><strong>conjunctioni</strong></span> <span class='ocrx_word' id='word_1_72' title='bbox 774 1199 1014 1255; x_wconf 88' lang='lat' dir='ltr'><strong>dedecus</strong></span> <span class='ocrx_word' id='word_1_73' title='bbox 1075 1199 1338 1255; x_wconf 90' lang='lat' dir='ltr'><strong>ferentem</strong></span> <span class='ocrx_word' id='word_1_74' title='bbox 1372 1239 1388 1265; x_wconf 96' lang='lat'><strong>,</strong></span> <span class='ocrx_word' id='word_1_75' title='bbox 1453 1197 1745 1269; x_wconf 88' lang='lat' dir='ltr'><strong>impudicis</strong></span> <span class='ocrx_word' id='word_1_76' title='bbox 1771 1198 1927 1252; x_wconf 89' lang='lat' dir='ltr'><strong>volu-</strong></span> 
     </span>
    </p>
   </div>
   <div class='ocr_carea' id='block_1_14' title="bbox 349 1291 1929 1361">
    <p class='ocr_par' dir='ltr' id='par_1_14' title="bbox 349 1291 1929 1361">
     <span class='ocr_line' id='line_1_14' title="bbox 349 1291 1929 1361; baseline -0.001 -17"><span class='ocrx_word' id='word_1_77' title='bbox 349 1291 588 1361; x_wconf 84' lang='lat' dir='ltr'><strong>ptatibus</strong></span> <span class='ocrx_word' id='word_1_78' title='bbox 637 1307 697 1348; x_wconf 92' lang='lat' dir='ltr'><strong>se</strong></span> <span class='ocrx_word' id='word_1_79' title='bbox 759 1291 981 1348; x_wconf 90' lang='lat' dir='ltr'><strong>dedere.</strong></span> <span class='ocrx_word' id='word_1_80' title='bbox 1035 1291 1272 1346; x_wconf 88' lang='lat' dir='ltr'><strong>Proinde</strong></span> <span class='ocrx_word' id='word_1_81' title='bbox 1334 1291 1499 1346; x_wconf 89' lang='lat' dir='ltr'><strong>vidua</strong></span> <span class='ocrx_word' id='word_1_82' title='bbox 1550 1291 1768 1361; x_wconf 87' lang='lat' dir='ltr'><strong>quidem</strong></span> <span class='ocrx_word' id='word_1_83' title='bbox 1803 1329 1818 1354; x_wconf 94' lang='lat'><strong>,</strong></span> <span class='ocrx_word' id='word_1_84' title='bbox 1867 1296 1929 1343; x_wconf 93' lang='lat' dir='ltr'><strong>ut</strong></span> 
     </span>
    </p>
   </div>
   <div class='ocr_carea' id='block_1_15' title="bbox 349 1381 1927 1452">
    <p class='ocr_par' dir='ltr' id='par_1_15' title="bbox 349 1381 1927 1452">
     <span class='ocr_line' id='line_1_15' title="bbox 349 1381 1927 1452; baseline -0.002 -15"><span class='ocrx_word' id='word_1_85' title='bbox 349 1389 605 1451; x_wconf 89' lang='lat' dir='ltr'><strong>corrupta</strong></span> <span class='ocrx_word' id='word_1_86' title='bbox 637 1383 835 1437; x_wconf 88' lang='lat' dir='ltr'><strong>ancilla</strong></span> <span class='ocrx_word' id='word_1_87' title='bbox 857 1423 872 1446; x_wconf 88' lang='lat'><strong>,</strong></span> <span class='ocrx_word' id='word_1_88' title='bbox 909 1383 1309 1438; x_wconf 88' lang='lat' dir='ltr'><strong>condemnatur</strong></span> <span class='ocrx_word' id='word_1_89' title='bbox 1340 1401 1354 1448; x_wconf 90' lang='lat'><strong>;</strong></span> <span class='ocrx_word' id='word_1_90' title='bbox 1391 1383 1544 1452; x_wconf 79' lang='lat' dir='ltr'><strong>virgo</strong></span> <span class='ocrx_word' id='word_1_91' title='bbox 1584 1397 1714 1436; x_wconf 91' lang='lat' dir='ltr'><strong>vero</strong></span> <span class='ocrx_word' id='word_1_92' title='bbox 1770 1381 1927 1435; x_wconf 90' lang='lat' dir='ltr'><strong>adul-</strong></span> 
     </span>
    </p>
   </div>
   <div class='ocr_carea' id='block_1_16' title="bbox 349 1474 1929 1547">
    <p class='ocr_par' dir='ltr' id='par_1_16' title="bbox 349 1474 1929 1547">
     <span class='ocr_line' id='line_1_16' title="bbox 349 1474 1929 1547; baseline 0 -19"><span class='ocrx_word' id='word_1_93' title='bbox 349 1483 479 1530; x_wconf 79' lang='lat' dir='ltr'><strong>terae</strong></span> <span class='ocrx_word' id='word_1_94' title='bbox 499 1475 712 1544; x_wconf 90' lang='lat' dir='ltr'><strong>judicio</strong></span> <span class='ocrx_word' id='word_1_95' title='bbox 737 1477 899 1547; x_wconf 75' lang='lat'><strong>292</strong></span> <span class='ocrx_word' id='word_1_96' title='bbox 933 1477 1245 1547; x_wconf 87' lang='lat' dir='ltr'><strong>subjicitur.</strong></span> <span class='ocrx_word' id='word_1_97' title='bbox 1267 1475 1736 1542; x_wconf 87' lang='lat' dir='ltr'><strong>Quemadmodum</strong></span> <span class='ocrx_word' id='word_1_98' title='bbox 1762 1474 1929 1545; x_wconf 78' lang='lat' dir='ltr'><strong>igitur</strong></span> 
     </span>
    </p>
   </div>
   <div class='ocr_carea' id='block_1_17' title="bbox 347 1568 1929 1639">
    <p class='ocr_par' dir='ltr' id='par_1_17' title="bbox 347 1568 1929 1639">
     <span class='ocr_line' id='line_1_17' title="bbox 347 1568 1929 1639; baseline -0.001 -16"><span class='ocrx_word' id='word_1_99' title='bbox 347 1584 474 1623; x_wconf 84' lang='lat' dir='ltr'><strong>eum</strong></span> <span class='ocrx_word' id='word_1_100' title='bbox 506 1571 604 1639; x_wconf 88' lang='lat' dir='ltr'><strong>qui</strong></span> <span class='ocrx_word' id='word_1_101' title='bbox 654 1584 780 1623; x_wconf 92' lang='lat' dir='ltr'><strong>cum</strong></span> <span class='ocrx_word' id='word_1_102' title='bbox 815 1570 993 1624; x_wconf 91' lang='lat' dir='ltr'><strong>aliena</strong></span> <span class='ocrx_word' id='word_1_103' title='bbox 1025 1581 1111 1626; x_wconf 91' lang='lat' dir='ltr'><strong>est</strong></span> <span class='ocrx_word' id='word_1_104' title='bbox 1145 1570 1377 1624; x_wconf 88' lang='lat' dir='ltr'><strong>muliere</strong></span> <span class='ocrx_word' id='word_1_105' title='bbox 1405 1612 1419 1636; x_wconf 92' lang='lat'><strong>,</strong></span> <span class='ocrx_word' id='word_1_106' title='bbox 1465 1568 1777 1623; x_wconf 88' lang='lat' dir='ltr'><strong>adulterum</strong></span> <span class='ocrx_word' id='word_1_107' title='bbox 1828 1582 1929 1622; x_wconf 90' lang='lat' dir='ltr'><strong>no-</strong></span> 
     </span>
    </p>
   </div>
   <div class='ocr_carea' id='block_1_18' title="bbox 351 1657 1927 1731">
    <p class='ocr_par' dir='ltr' id='par_1_18' title="bbox 351 1657 1927 1731">
     <span class='ocr_line' id='line_1_18' title="bbox 351 1657 1927 1731; baseline 0 -18"><span class='ocrx_word' id='word_1_108' title='bbox 351 1662 652 1725; x_wconf 89' lang='lat' dir='ltr'><strong>minamus,</strong></span> <span class='ocrx_word' id='word_1_109' title='bbox 700 1675 806 1715; x_wconf 93' lang='lat' dir='ltr'><strong>non</strong></span> <span class='ocrx_word' id='word_1_110' title='bbox 860 1661 1011 1731; x_wconf 91' lang='lat' dir='ltr'><strong>prius</strong></span> <span class='ocrx_word' id='word_1_111' title='bbox 1060 1661 1410 1717; x_wconf 88' lang='lat' dir='ltr'><strong>admittentes</strong></span> <span class='ocrx_word' id='word_1_112' title='bbox 1469 1658 1536 1713; x_wconf 90' lang='lat' dir='ltr'><strong>ad</strong></span> <span class='ocrx_word' id='word_1_113' title='bbox 1586 1657 1927 1713; x_wconf 90' lang='lat' dir='ltr'><strong>communio-</strong></span> 
     </span>
    </p>
   </div>
   <div class='ocr_carea' id='block_1_19' title="bbox 349 1749 1925 1822">
    <p class='ocr_par' dir='ltr' id='par_1_19' title="bbox 349 1749 1925 1822">
     <span class='ocr_line' id='line_1_19' title="bbox 349 1749 1925 1822; baseline -0.002 -17"><span class='ocrx_word' id='word_1_114' title='bbox 349 1767 496 1815; x_wconf 88' lang='lat' dir='ltr'><strong>nem,</strong></span> <span class='ocrx_word' id='word_1_115' title='bbox 536 1767 700 1822; x_wconf 90' lang='lat' dir='ltr'><strong>quam</strong></span> <span class='ocrx_word' id='word_1_116' title='bbox 747 1766 776 1805; x_wconf 90' lang='lat' dir='ltr'><strong>a</strong></span> <span class='ocrx_word' id='word_1_117' title='bbox 811 1760 1035 1822; x_wconf 88' lang='lat' dir='ltr'><strong>peccato</strong></span> <span class='ocrx_word' id='word_1_118' title='bbox 1087 1752 1428 1809; x_wconf 79' lang='lat' dir='ltr'><strong>cessaverit:</strong></span> <span class='ocrx_word' id='word_1_119' title='bbox 1469 1751 1545 1806; x_wconf 88' lang='lat' dir='ltr'><strong>ita</strong></span> <span class='ocrx_word' id='word_1_120' title='bbox 1602 1749 1848 1821; x_wconf 90' lang='lat' dir='ltr'><strong>profecto</strong></span> <span class='ocrx_word' id='word_1_121' title='bbox 1871 1757 1925 1805; x_wconf 91' lang='lat' dir='ltr'><strong>et</strong></span> 
     </span>
    </p>
   </div>
   <div class='ocr_carea' id='block_1_20' title="bbox 2035 549 3606 624">
    <p class='ocr_par' dir='ltr' id='par_1_20' title="bbox 2035 549 3606 624">
     <span class='ocr_line' id='line_1_20' title="bbox 2035 549 3606 624; baseline -0.001 -20"><span class='ocrx_word' id='word_1_122' title='bbox 2035 554 2116 614; x_wconf 86' lang='grc' dir='ltr'><strong>είς</strong></span> <span class='ocrx_word' id='word_1_123' title='bbox 2169 553 2401 622; x_wconf 82' lang='grc' dir='ltr'>Χριστὸν</span> <span class='ocrx_word' id='word_1_124' title='bbox 2462 553 2776 623; x_wconf 81' lang='grc' dir='ltr'>ἀθετήσασα</span> <span class='ocrx_word' id='word_1_125' title='bbox 2828 553 3028 614; x_wconf 87' lang='grc' dir='ltr'>πίστιν,</span> <span class='ocrx_word' id='word_1_126' title='bbox 3069 553 3120 605; x_wconf 90' lang='grc' dir='ltr'><strong>τί</strong></span> <span class='ocrx_word' id='word_1_127' title='bbox 3157 552 3261 624; x_wconf 83' lang='grc' dir='ltr'><strong>χρὴ</strong></span> <span class='ocrx_word' id='word_1_128' title='bbox 3298 549 3606 618; x_wconf 79' lang='grc' dir='ltr'>λογίζεσθαι</span> 
     </span>
    </p>
   </div>
   <div class='ocr_carea' id='block_1_21' title="bbox 2035 641 3607 716">
    <p class='ocr_par' dir='ltr' id='par_1_21' title="bbox 2035 641 3607 716">
     <span class='ocr_line' id='line_1_21' title="bbox 2035 641 3607 716; baseline -0.002 -20"><span class='ocrx_word' id='word_1_129' title='bbox 2035 645 2181 714; x_wconf 78' lang='grc' dir='ltr'>ἡμᾶς</span> <span class='ocrx_word' id='word_1_130' title='bbox 2213 645 2340 714; x_wconf 77' lang='grc' dir='ltr'>περὶ</span> <span class='ocrx_word' id='word_1_131' title='bbox 2367 646 2464 716; x_wconf 85' lang='grc' dir='ltr'>τῆς</span> <span class='ocrx_word' id='word_1_132' title='bbox 2516 644 2804 716; x_wconf 84' lang='grc' dir='ltr'><strong>παρθένου,</strong></span> <span class='ocrx_word' id='word_1_133' title='bbox 2834 644 2957 713; x_wconf 78' lang='grc' dir='ltr'>ἥτις</span> <span class='ocrx_word' id='word_1_134' title='bbox 2982 643 3169 714; x_wconf 83' lang='grc' dir='ltr'>νύμφη</span> <span class='ocrx_word' id='word_1_135' title='bbox 3199 643 3316 696; x_wconf 73' lang='grc' dir='ltr'>ἐστὶ</span> <span class='ocrx_word' id='word_1_136' title='bbox 3355 641 3446 694; x_wconf 90' lang='grc' dir='ltr'><strong>τοῦ</strong></span> <span class='ocrx_word' id='word_1_137' title='bbox 3472 642 3607 712; x_wconf 90' lang='grc' dir='ltr'>Χρι-</span> 
     </span>
    </p>
   </div>
   <div class='ocr_carea' id='block_1_22' title="bbox 2036 733 3607 807">
    <p class='ocr_par' dir='ltr' id='par_1_22' title="bbox 2036 733 3607 807">
     <span class='ocr_line' id='line_1_22' title="bbox 2036 733 3607 807; baseline -0.002 -19"><span class='ocrx_word' id='word_1_138' title='bbox 2036 735 2183 801; x_wconf 88' lang='grc' dir='ltr'>στοῦ,</span> <span class='ocrx_word' id='word_1_139' title='bbox 2217 737 2309 790; x_wconf 74' lang='grc' dir='ltr'>καὶ</span> <span class='ocrx_word' id='word_1_140' title='bbox 2349 735 2540 800; x_wconf 80' lang='grc' dir='ltr'>σκεῦος</span> <span class='ocrx_word' id='word_1_141' title='bbox 2573 737 2715 806; x_wconf 81' lang='grc' dir='ltr'>ἱερὸν</span> <span class='ocrx_word' id='word_1_142' title='bbox 2747 735 3007 791; x_wconf 79' lang='grc' dir='ltr'><strong>ἀνατεθὲν</strong></span> <span class='ocrx_word' id='word_1_143' title='bbox 3037 736 3114 806; x_wconf 85' lang='grc' dir='ltr'>τῷ</span> <span class='ocrx_word' id='word_1_144' title='bbox 3143 734 3421 807; x_wconf 82' lang='grc' dir='ltr'>Δεσπότῃ;</span> <span class='ocrx_word' id='word_1_145' title='bbox 3448 733 3607 800; x_wconf 85' lang='grc' dir='ltr'>Μέγα</span> 
     </span>
    </p>
   </div>
   <div class='ocr_carea' id='block_1_23' title="bbox 2037 823 3641 901">
    <p class='ocr_par' dir='ltr' id='par_1_23' title="bbox 2037 823 3641 901">
     <span class='ocr_line' id='line_1_23' title="bbox 2037 823 3641 901; baseline -0.004 -19"><span class='ocrx_word' id='word_1_146' title='bbox 2037 829 2134 900; x_wconf 81' lang='grc' dir='ltr'>μὲν</span> <span class='ocrx_word' id='word_1_147' title='bbox 2165 830 2468 901; x_wconf 83' lang='grc' dir='ltr'>ἁμάρτημα</span> <span class='ocrx_word' id='word_1_148' title='bbox 2520 831 2614 885; x_wconf 56' lang='grc' dir='ltr'><strong>καὶ¹</strong></span> <span class='ocrx_word' id='word_1_149' title='bbox 2642 828 2836 900; x_wconf 80' lang='grc' dir='ltr'>δούλην</span> <span class='ocrx_word' id='word_1_150' title='bbox 2869 829 3146 900; x_wconf 75' lang='grc' dir='ltr'><strong>λαθραίοις</strong></span> <span class='ocrx_word' id='word_1_151' title='bbox 3176 827 3374 898; x_wconf 81' lang='grc' dir='ltr'><strong>γάμοις</strong></span> <span class='ocrx_word' id='word_1_152' title='bbox 3410 823 3604 894; x_wconf 77' lang='grc' dir='ltr'>ἑαυτὴν</span> <span class='ocrx_word' id='word_1_153' title='bbox 3638 843 3641 845; x_wconf 94' lang='grc'>·</span> 
     </span>
    </p>
   </div>
   <div class='ocr_carea' id='block_1_24' title="bbox 2034 913 3641 994">
    <p class='ocr_par' dir='ltr' id='par_1_24' title="bbox 2034 913 3641 994">
     <span class='ocr_line' id='line_1_24' title="bbox 2034 913 3641 994; baseline -0.005 -21"><span class='ocrx_word' id='word_1_154' title='bbox 2034 920 2373 975; x_wconf 81' lang='grc' dir='ltr'>ὲπιδιδοῦσαν</span> <span class='ocrx_word' id='word_1_155' title='bbox 2421 921 2624 994; x_wconf 80' lang='grc' dir='ltr'>φθορᾶς</span> <span class='ocrx_word' id='word_1_156' title='bbox 2671 921 2982 991; x_wconf 83' lang='grc' dir='ltr'><strong>ἀναπλῆσαι</strong></span> <span class='ocrx_word' id='word_1_157' title='bbox 3009 920 3100 973; x_wconf 83' lang='grc' dir='ltr'>τὸν</span> <span class='ocrx_word' id='word_1_158' title='bbox 3129 914 3298 982; x_wconf 83' lang='grc' dir='ltr'>οἷκον,</span> <span class='ocrx_word' id='word_1_159' title='bbox 3352 915 3447 968; x_wconf 71' lang='grc' dir='ltr'>καὶ</span> <span class='ocrx_word' id='word_1_160' title='bbox 3481 913 3608 966; x_wconf 85' lang='grc' dir='ltr'>καθ·</span> <span class='ocrx_word' id='word_1_161' title='bbox 3638 986 3641 994; x_wconf 29' lang='grc' dir='ltr'><strong>ε</strong></span> 
     </span>
    </p>
   </div>
   <div class='ocr_carea' id='block_1_25' title="bbox 2036 995 3645 1085">
    <p class='ocr_par' dir='ltr' id='par_1_25' title="bbox 2036 995 3645 1085">
     <span class='ocr_line' id='line_1_25' title="bbox 2036 995 3645 1085; baseline -0.001 -22"><span class='ocrx_word' id='word_1_162' title='bbox 2036 1012 2275 1084; x_wconf 77' lang='grc' dir='ltr'>υὸρίζειν</span> <span class='ocrx_word' id='word_1_163' title='bbox 2302 1013 2390 1067; x_wconf 87' lang='grc' dir='ltr'><strong>διὰ</strong></span> <span class='ocrx_word' id='word_1_164' title='bbox 2409 1013 2502 1066; x_wconf 87' lang='grc' dir='ltr'><strong>τοῦ</strong></span> <span class='ocrx_word' id='word_1_165' title='bbox 2534 1013 2770 1085; x_wconf 86' lang='grc' dir='ltr'>πονηροῦ</span> <span class='ocrx_word' id='word_1_166' title='bbox 2795 1013 2911 1083; x_wconf 86' lang='grc' dir='ltr'>βίου</span> <span class='ocrx_word' id='word_1_167' title='bbox 2942 1012 3032 1066; x_wconf 81' lang='grc' dir='ltr'>τὸν</span> <span class='ocrx_word' id='word_1_168' title='bbox 3051 1010 3405 1081; x_wconf 79' lang='grc' dir='ltr'><strong>κεκτημένον·</strong></span> <span class='ocrx_word' id='word_1_169' title='bbox 3430 1004 3606 1074; x_wconf 85' lang='grc' dir='ltr'>πολλῷ</span> <span class='ocrx_word' id='word_1_170' title='bbox 3638 995 3645 1036; x_wconf 48' lang='grc'><strong>’⁵</strong></span> 
     </span>
    </p>
   </div>
   <div class='ocr_carea' id='block_1_26' title="bbox 2033 1097 3646 1178">
    <p class='ocr_par' dir='ltr' id='par_1_26' title="bbox 2033 1097 3646 1178">
     <span class='ocr_line' id='line_1_26' title="bbox 2033 1097 3646 1178; baseline -0.005 -20"><span class='ocrx_word' id='word_1_171' title='bbox 2033 1105 2088 1158; x_wconf 87' lang='grc' dir='ltr'>δὲ</span> <span class='ocrx_word' id='word_1_172' title='bbox 2115 1105 2287 1177; x_wconf 84' lang='grc' dir='ltr'>δήπου</span> <span class='ocrx_word' id='word_1_173' title='bbox 2325 1106 2702 1178; x_wconf 86' lang='grc' dir='ltr'>χαλεπώτερον</span> <span class='ocrx_word' id='word_1_174' title='bbox 2742 1105 2839 1176; x_wconf 83' lang='grc' dir='ltr'>τὴν</span> <span class='ocrx_word' id='word_1_175' title='bbox 2882 1105 3097 1176; x_wconf 84' lang='grc' dir='ltr'>νύμφην</span> <span class='ocrx_word' id='word_1_176' title='bbox 3148 1099 3428 1174; x_wconf 82' lang='grc' dir='ltr'>μοιχαλίδα</span> <span class='ocrx_word' id='word_1_177' title='bbox 3457 1097 3610 1167; x_wconf 82' lang='grc' dir='ltr'><strong>γενέ·</strong></span> <span class='ocrx_word' id='word_1_178' title='bbox 3641 1155 3646 1164; x_wconf 58' lang='grc'><strong>,</strong></span> 
     </span>
    </p>
   </div>
   <div class='ocr_carea' id='block_1_27' title="bbox 2037 1191 3644 1270">
    <p class='ocr_par' dir='ltr' id='par_1_27' title="bbox 2037 1191 3644 1270">
     <span class='ocr_line' id='line_1_27' title="bbox 2037 1191 3644 1270; baseline -0.005 -20"><span class='ocrx_word' id='word_1_179' title='bbox 2037 1197 2180 1262; x_wconf 84' lang='grc' dir='ltr'>σθαι,</span> <span class='ocrx_word' id='word_1_180' title='bbox 2216 1198 2310 1252; x_wconf 77' lang='grc' dir='ltr'>καὶ</span> <span class='ocrx_word' id='word_1_181' title='bbox 2338 1197 2434 1270; x_wconf 84' lang='grc' dir='ltr'>τὴν</span> <span class='ocrx_word' id='word_1_182' title='bbox 2467 1199 2603 1270; x_wconf 85' lang='grc' dir='ltr'>πρὸς</span> <span class='ocrx_word' id='word_1_183' title='bbox 2633 1199 2725 1252; x_wconf 85' lang='grc' dir='ltr'>τὸν</span> <span class='ocrx_word' id='word_1_184' title='bbox 2758 1197 2990 1267; x_wconf 81' lang='grc' dir='ltr'>νυμφίον</span> <span class='ocrx_word' id='word_1_185' title='bbox 3022 1195 3214 1248; x_wconf 77' lang='grc' dir='ltr'>ἕνωσιν</span> <span class='ocrx_word' id='word_1_186' title='bbox 3238 1193 3606 1262; x_wconf 86' lang='grc' dir='ltr'>ἀτιμάσασαν,</span> <span class='ocrx_word' id='word_1_187' title='bbox 3641 1191 3644 1193; x_wconf 60' lang='grc'>“</span> 
     </span>
    </p>
   </div>
   <div class='ocr_carea' id='block_1_28' title="bbox 2034 1281 3610 1360">
    <p class='ocr_par' dir='ltr' id='par_1_28' title="bbox 2034 1281 3610 1360">
     <span class='ocr_line' id='line_1_28' title="bbox 2034 1281 3610 1360; baseline -0.005 -19"><span class='ocrx_word' id='word_1_188' title='bbox 2034 1288 2245 1360; x_wconf 82' lang='grc' dir='ltr'>ἡδοναῖς</span> <span class='ocrx_word' id='word_1_189' title='bbox 2276 1288 2594 1351; x_wconf 77' lang='grc' dir='ltr'><strong>ἀκολάστοις</strong></span> <span class='ocrx_word' id='word_1_190' title='bbox 2627 1288 2825 1358; x_wconf 79' lang='grc' dir='ltr'>ἑαυτὴν</span> <span class='ocrx_word' id='word_1_191' title='bbox 2866 1286 3161 1339; x_wconf 78' lang='grc' dir='ltr'>ἐπιδοῦναι.</span> <span class='ocrx_word' id='word_1_192' title='bbox 3204 1283 3410 1337; x_wconf 83' lang='grc' dir='ltr'>Οὐκοῦν</span> <span class='ocrx_word' id='word_1_193' title='bbox 3440 1284 3474 1353; x_wconf 86' lang='grc' dir='ltr'><strong>ή</strong></span> <span class='ocrx_word' id='word_1_194' title='bbox 3512 1281 3610 1351; x_wconf 88' lang='grc' dir='ltr'>μὲν</span> 
     </span>
    </p>
   </div>
   <div class='ocr_carea' id='block_1_29' title="bbox 2034 1371 3608 1449">
    <p class='ocr_par' dir='ltr' id='par_1_29' title="bbox 2034 1371 3608 1449">
     <span class='ocr_line' id='line_1_29' title="bbox 2034 1371 3608 1449; baseline -0.009 -11"><span class='ocrx_word' id='word_1_195' title='bbox 2034 1378 2197 1449; x_wconf 85' lang='grc' dir='ltr'>χήρα,</span> <span class='ocrx_word' id='word_1_196' title='bbox 2229 1378 2303 1440; x_wconf 83' lang='grc' dir='ltr'>ὼς</span> <span class='ocrx_word' id='word_1_197' title='bbox 2334 1378 2492 1449; x_wconf 84' lang='grc' dir='ltr'>δούλη</span> <span class='ocrx_word' id='word_1_198' title='bbox 2556 1377 2950 1448; x_wconf 81' lang='grc' dir='ltr'>διεφθαρμένη,</span> <span class='ocrx_word' id='word_1_199' title='bbox 2986 1374 3439 1440; x_wconf 81' lang='grc' dir='ltr'>καταδικάζεται·</span> <span class='ocrx_word' id='word_1_200' title='bbox 3477 1375 3512 1442; x_wconf 84' lang='grc' dir='ltr'><strong>ἡ</strong></span> <span class='ocrx_word' id='word_1_201' title='bbox 3552 1371 3608 1424; x_wconf 81' lang='grc' dir='ltr'>δὲ</span> 
     </span>
    </p>
   </div>
   <div class='ocr_carea' id='block_1_30' title="bbox 2034 1466 3605 1541">
    <p class='ocr_par' dir='ltr' id='par_1_30' title="bbox 2034 1466 3605 1541">
     <span class='ocr_line' id='line_1_30' title="bbox 2034 1466 3605 1541; baseline -0.004 -20"><span class='ocrx_word' id='word_1_202' title='bbox 2034 1469 2299 1541; x_wconf 84' lang='grc' dir='ltr'>παρθένος</span> <span class='ocrx_word' id='word_1_203' title='bbox 2344 1470 2422 1540; x_wconf 87' lang='grc' dir='ltr'>τῷ</span> <span class='ocrx_word' id='word_1_204' title='bbox 2478 1471 2702 1541; x_wconf 88' lang='grc' dir='ltr'>κρίματι</span> <span class='ocrx_word' id='word_1_205' title='bbox 2765 1469 2867 1540; x_wconf 86' lang='grc' dir='ltr'>τῆς</span> <span class='ocrx_word' id='word_1_206' title='bbox 2934 1467 3235 1539; x_wconf 82' lang='grc' dir='ltr'>μοιχαλίδος</span> <span class='ocrx_word' id='word_1_207' title='bbox 3301 1466 3605 1519; x_wconf 85' lang='grc' dir='ltr'>ὑπόκειται.</span> 
     </span>
    </p>
   </div>
   <div class='ocr_carea' id='block_1_31' title="bbox 2037 1542 3608 1634">
    <p class='ocr_par' dir='ltr' id='par_1_31' title="bbox 2037 1542 3608 1634">
     <span class='ocr_line' id='line_1_31' title="bbox 2037 1542 3608 1634; baseline -0.005 -19"><span class='ocrx_word' id='word_1_208' title='bbox 2037 1563 2244 1634; x_wconf 80' lang='grc' dir='ltr'>’Ὠσπερ</span> <span class='ocrx_word' id='word_1_209' title='bbox 2303 1542 2395 1616; x_wconf 79' lang='grc' dir='ltr'>οὖν</span> <span class='ocrx_word' id='word_1_210' title='bbox 2432 1563 2522 1615; x_wconf 85' lang='grc' dir='ltr'>τὸν</span> <span class='ocrx_word' id='word_1_211' title='bbox 2568 1561 2823 1634; x_wconf 80' lang='grc' dir='ltr'>ἀλλοτρίᾳ</span> <span class='ocrx_word' id='word_1_212' title='bbox 2865 1560 3084 1630; x_wconf 70' lang='grc' dir='ltr'>γυναικὶ</span> <span class='ocrx_word' id='word_1_213' title='bbox 3135 1558 3382 1612; x_wconf 85' lang='grc' dir='ltr'>συνιόντα</span> <span class='ocrx_word' id='word_1_214' title='bbox 3421 1556 3608 1626; x_wconf 81' lang='grc' dir='ltr'>μοιχὸν</span> 
     </span>
    </p>
   </div>
   <div class='ocr_carea' id='block_1_32' title="bbox 2033 1652 3609 1726">
    <p class='ocr_par' dir='ltr' id='par_1_32' title="bbox 2033 1652 3609 1726">
     <span class='ocr_line' id='line_1_32' title="bbox 2033 1652 3609 1726; baseline -0.003 -18"><span class='ocrx_word' id='word_1_215' title='bbox 2033 1655 2390 1726; x_wconf 77' lang='grc' dir='ltr'>ὀνομάζομεν,</span> <span class='ocrx_word' id='word_1_216' title='bbox 2441 1655 2502 1707; x_wconf 82' lang='grc' dir='ltr'>οὐ</span> <span class='ocrx_word' id='word_1_217' title='bbox 2556 1654 2820 1726; x_wconf 88' lang='grc' dir='ltr'>πρότερον</span> <span class='ocrx_word' id='word_1_218' title='bbox 2855 1652 3285 1724; x_wconf 85' lang='grc' dir='ltr'>παραδεξάμενοι</span> <span class='ocrx_word' id='word_1_219' title='bbox 3307 1653 3386 1715; x_wconf 79' lang='grc' dir='ltr'>εἰς</span> <span class='ocrx_word' id='word_1_220' title='bbox 3416 1668 3609 1704; x_wconf 85' lang='grc' dir='ltr'>κοινω-</span> 
     </span>
    </p>
   </div>
   <div class='ocr_carea' id='block_1_33' title="bbox 2033 1743 3607 1819">
    <p class='ocr_par' dir='ltr' id='par_1_33' title="bbox 2033 1743 3607 1819">
     <span class='ocr_line' id='line_1_33' title="bbox 2033 1743 3607 1819; baseline -0.003 -18"><span class='ocrx_word' id='word_1_221' title='bbox 2033 1748 2172 1813; x_wconf 88' lang='grc' dir='ltr'>νίαν,</span> <span class='ocrx_word' id='word_1_222' title='bbox 2207 1749 2334 1819; x_wconf 72' lang='grc' dir='ltr'>πρὶν</span> <span class='ocrx_word' id='word_1_223' title='bbox 2366 1748 2398 1819; x_wconf 79' lang='grc' dir='ltr'>ἢ</span> <span class='ocrx_word' id='word_1_224' title='bbox 2423 1746 2735 1800; x_wconf 91' lang='grc' dir='ltr'>παύσασθαι</span> <span class='ocrx_word' id='word_1_225' title='bbox 2766 1747 2864 1816; x_wconf 80' lang='grc' dir='ltr'>τῆς</span> <span class='ocrx_word' id='word_1_226' title='bbox 2906 1746 3182 1816; x_wconf 87' lang='grc' dir='ltr'>ἁμαρτίας</span> <span class='ocrx_word' id='word_1_227' title='bbox 3201 1762 3213 1774; x_wconf 87' lang='grc'>·</span> <span class='ocrx_word' id='word_1_228' title='bbox 3245 1744 3387 1798; x_wconf 87' lang='grc' dir='ltr'>οῦτω</span> <span class='ocrx_word' id='word_1_229' title='bbox 3417 1743 3607 1814; x_wconf 86' lang='grc' dir='ltr'>δηλον-</span> 
     </span>
    </p>
   </div>
   <div class='ocr_carea' id='block_1_34' title="bbox 349 1821 1928 1916">
    <p class='ocr_par' dir='ltr' id='par_1_34' title="bbox 349 1821 1923 1916">
     <span class='ocr_line' id='line_1_34' title="bbox 349 1821 1923 1916; baseline -0.002 -17"><span class='ocrx_word' id='word_1_230' title='bbox 349 1845 417 1899; x_wconf 90' lang='lat' dir='ltr'><strong>de</strong></span> <span class='ocrx_word' id='word_1_231' title='bbox 445 1859 510 1899; x_wconf 89' lang='lat' dir='ltr'><strong>eo</strong></span> <span class='ocrx_word' id='word_1_232' title='bbox 549 1821 644 1914; x_wconf 84' lang='lat' dir='ltr'><strong>qui</strong></span> <span class='ocrx_word' id='word_1_233' title='bbox 679 1821 946 1916; x_wconf 80' lang='lat' dir='ltr'><strong>virginem</strong></span> <span class='ocrx_word' id='word_1_234' title='bbox 996 1844 1162 1900; x_wconf 87' lang='lat' dir='ltr'><strong>habet</strong></span> <span class='ocrx_word' id='word_1_235' title='bbox 1211 1852 1541 1900; x_wconf 88' lang='lat' dir='ltr'><strong>statuemus.</strong></span> <span class='ocrx_word' id='word_1_236' title='bbox 1572 1841 1710 1896; x_wconf 86' lang='lat' dir='ltr'><strong>Illud</strong></span> <span class='ocrx_word' id='word_1_237' title='bbox 1739 1850 1923 1897; x_wconf 90' lang='lat' dir='ltr'><strong>autem</strong></span> 
     </span>
    </p>
   </div>
   <div class='ocr_carea' id='block_1_35' title="bbox 2036 1821 3605 1916">
    <p class='ocr_par' dir='ltr' id='par_1_35' title="bbox 2036 1834 3605 1909">
     <span class='ocr_line' id='line_1_35' title="bbox 2036 1834 3605 1909; baseline -0.002 -18"><span class='ocrx_word' id='word_1_238' title='bbox 2036 1839 2110 1891; x_wconf 85' lang='grc' dir='ltr'><strong>ότι</strong></span> <span class='ocrx_word' id='word_1_239' title='bbox 2136 1840 2229 1891; x_wconf 73' lang='grc' dir='ltr'>καὶ</span> <span class='ocrx_word' id='word_1_240' title='bbox 2255 1839 2346 1890; x_wconf 73' lang='grc' dir='ltr'><strong>ἐπὶ</strong></span> <span class='ocrx_word' id='word_1_241' title='bbox 2370 1837 2464 1891; x_wconf 90' lang='grc' dir='ltr'><strong>τοῦ</strong></span> <span class='ocrx_word' id='word_1_242' title='bbox 2492 1838 2592 1909; x_wconf 78' lang='grc' dir='ltr'>τὴν</span> <span class='ocrx_word' id='word_1_243' title='bbox 2616 1837 2883 1908; x_wconf 86' lang='grc' dir='ltr'>παρθένον</span> <span class='ocrx_word' id='word_1_244' title='bbox 2910 1836 3121 1907; x_wconf 74' lang='grc' dir='ltr'>ἔχοντος</span> <span class='ocrx_word' id='word_1_245' title='bbox 3154 1834 3605 1908; x_wconf 86' lang='grc' dir='ltr'>διατεθησόμεθα.</span> 
     </span>
    </p>
   </div>
   <div class='ocr_carea' id='block_1_36' title="bbox 349 1938 1921 2004">
    <p class='ocr_par' dir='ltr' id='par_1_36' title="bbox 349 1938 1921 2004">
     <span class='ocr_line' id='line_1_36' title="bbox 349 1938 1921 2004; baseline -0.001 -13"><span class='ocrx_word' id='word_1_246' title='bbox 349 1952 496 1991; x_wconf 89' lang='lat' dir='ltr'><strong>nunc</strong></span> <span class='ocrx_word' id='word_1_247' title='bbox 544 1938 598 1992; x_wconf 91' lang='lat' dir='ltr'><strong>in</strong></span> <span class='ocrx_word' id='word_1_248' title='bbox 646 1944 995 1994; x_wconf 87' lang='lat' dir='ltr'><strong>antecessum</strong></span> <span class='ocrx_word' id='word_1_249' title='bbox 1054 1948 1290 1994; x_wconf 90' lang='lat' dir='ltr'><strong>statuere</strong></span> <span class='ocrx_word' id='word_1_250' title='bbox 1347 1938 1508 1992; x_wconf 90' lang='lat' dir='ltr'><strong>nobis</strong></span> <span class='ocrx_word' id='word_1_251' title='bbox 1537 1950 1764 1992; x_wconf 91' lang='lat' dir='ltr'><strong>necesse</strong></span> <span class='ocrx_word' id='word_1_252' title='bbox 1797 1943 1921 2004; x_wconf 84' lang='lat' dir='ltr'><strong>est,</strong></span> 
     </span>
    </p>
   </div>
   <div class='ocr_carea' id='block_1_37' title="bbox 348 2023 1928 2098">
    <p class='ocr_par' dir='ltr' id='par_1_37' title="bbox 348 2023 1928 2098">
     <span class='ocr_line' id='line_1_37' title="bbox 348 2023 1928 2098; baseline 0.001 -19"><span class='ocrx_word' id='word_1_253' title='bbox 348 2027 612 2097; x_wconf 75' lang='lat' dir='ltr'><strong>virginem</strong></span> <span class='ocrx_word' id='word_1_254' title='bbox 661 2028 890 2093; x_wconf 90' lang='lat' dir='ltr'><strong>vocari,</strong></span> <span class='ocrx_word' id='word_1_255' title='bbox 939 2043 1061 2098; x_wconf 65' lang='lat' dir='ltr'><strong>qure</strong></span> <span class='ocrx_word' id='word_1_256' title='bbox 1117 2043 1176 2084; x_wconf 87' lang='lat' dir='ltr'><strong>se</strong></span> <span class='ocrx_word' id='word_1_257' title='bbox 1224 2044 1322 2084; x_wconf 89' lang='lat' dir='ltr'><strong>sua</strong></span> <span class='ocrx_word' id='word_1_258' title='bbox 1355 2033 1549 2097; x_wconf 87' lang='lat' dir='ltr'><strong>sponte</strong></span> <span class='ocrx_word' id='word_1_259' title='bbox 1590 2026 1790 2081; x_wconf 90' lang='lat' dir='ltr'><strong>obtulit</strong></span> <span class='ocrx_word' id='word_1_260' title='bbox 1821 2023 1928 2080; x_wconf 91' lang='lat' dir='ltr'><strong>Do—</strong></span> 
     </span>
    </p>
   </div>
   <div class='ocr_carea' id='block_1_38' title="bbox 350 2117 1928 2192">
    <p class='ocr_par' dir='ltr' id='par_1_38' title="bbox 350 2117 1928 2192">
     <span class='ocr_line' id='line_1_38' title="bbox 350 2117 1928 2192; baseline -0.003 -17"><span class='ocrx_word' id='word_1_261' title='bbox 350 2122 521 2184; x_wconf 89' lang='lat' dir='ltr'><strong>mino,</strong></span> <span class='ocrx_word' id='word_1_262' title='bbox 561 2135 627 2176; x_wconf 90' lang='lat' dir='ltr'><strong>ac</strong></span> <span class='ocrx_word' id='word_1_263' title='bbox 653 2120 908 2177; x_wconf 91' lang='lat' dir='ltr'><strong>nuntium</strong></span> <span class='ocrx_word' id='word_1_264' title='bbox 954 2121 1162 2192; x_wconf 86' lang='lat' dir='ltr'><strong>nuptiis</strong></span> <span class='ocrx_word' id='word_1_265' title='bbox 1193 2120 1436 2184; x_wconf 84' lang='lat' dir='ltr'><strong>remisit,</strong></span> <span class='ocrx_word' id='word_1_266' title='bbox 1467 2130 1521 2174; x_wconf 88' lang='lat' dir='ltr'><strong>et</strong></span> <span class='ocrx_word' id='word_1_267' title='bbox 1550 2117 1928 2175; x_wconf 63' lang='lat' dir='ltr'><strong>sanctimoniae</strong></span> 
     </span>
    </p>
   </div>
   <div class='ocr_carea' id='block_1_39' title="bbox 351 2210 1927 2284">
    <p class='ocr_par' dir='ltr' id='par_1_39' title="bbox 351 2210 1927 2284">
     <span class='ocr_line' id='line_1_39' title="bbox 351 2210 1927 2284; baseline 0 -18"><span class='ocrx_word' id='word_1_268' title='bbox 351 2213 663 2268; x_wconf 89' lang='lat' dir='ltr'><strong>institutum</strong></span> <span class='ocrx_word' id='word_1_269' title='bbox 718 2214 968 2284; x_wconf 85' lang='lat' dir='ltr'><strong>amplexa</strong></span> <span class='ocrx_word' id='word_1_270' title='bbox 1046 2222 1150 2268; x_wconf 89' lang='lat' dir='ltr'><strong>est.</strong></span> <span class='ocrx_word' id='word_1_271' title='bbox 1206 2211 1586 2268; x_wconf 86' lang='lat' dir='ltr'><strong>Professiones</strong></span> <span class='ocrx_word' id='word_1_272' title='bbox 1631 2218 1814 2265; x_wconf 89' lang='lat' dir='ltr'><strong>autem</strong></span> <span class='ocrx_word' id='word_1_273' title='bbox 1858 2210 1927 2266; x_wconf 89' lang='lat' dir='ltr'><strong>ab</strong></span> 
     </span>
    </p>
   </div>
   <div class='ocr_carea' id='block_1_40' title="bbox 348 2301 1926 2373">
    <p class='ocr_par' dir='ltr' id='par_1_40' title="bbox 348 2301 1926 2373">
     <span class='ocr_line' id='line_1_40' title="bbox 348 2301 1926 2373; baseline -0.003 -16"><span class='ocrx_word' id='word_1_274' title='bbox 348 2317 414 2357; x_wconf 90' lang='lat' dir='ltr'><strong>eo</strong></span> <span class='ocrx_word' id='word_1_275' title='bbox 467 2312 707 2372; x_wconf 87' lang='lat' dir='ltr'><strong>tempore</strong></span> <span class='ocrx_word' id='word_1_276' title='bbox 735 2303 1116 2369; x_wconf 86' lang='lat' dir='ltr'><strong>admittimus,</strong></span> <span class='ocrx_word' id='word_1_277' title='bbox 1172 2318 1281 2373; x_wconf 91' lang='lat' dir='ltr'><strong>quo</strong></span> <span class='ocrx_word' id='word_1_278' title='bbox 1310 2312 1442 2358; x_wconf 61' lang='lat' dir='ltr'><strong>astas</strong></span> <span class='ocrx_word' id='word_1_279' title='bbox 1494 2301 1727 2356; x_wconf 87' lang='lat' dir='ltr'><strong>rationis</strong></span> <span class='ocrx_word' id='word_1_280' title='bbox 1770 2315 1926 2354; x_wconf 82' lang='lat' dir='ltr'><strong>eom-</strong></span> 
     </span>
    </p>
   </div>
   <div class='ocr_carea' id='block_1_41' title="bbox 348 2389 1926 2463">
    <p class='ocr_par' dir='ltr' id='par_1_41' title="bbox 348 2389 1926 2463">
     <span class='ocr_line' id='line_1_41' title="bbox 348 2389 1926 2463; baseline -0.004 -16"><span class='ocrx_word' id='word_1_281' title='bbox 348 2394 682 2463; x_wconf 88' lang='lat' dir='ltr'><strong>plemenlum</strong></span> <span class='ocrx_word' id='word_1_282' title='bbox 735 2391 1012 2447; x_wconf 86' lang='lat' dir='ltr'><strong>habuerit.</strong></span> <span class='ocrx_word' id='word_1_283' title='bbox 1063 2390 1251 2461; x_wconf 84' lang='lat' dir='ltr'><strong>Neque</strong></span> <span class='ocrx_word' id='word_1_284' title='bbox 1301 2390 1445 2446; x_wconf 91' lang='lat' dir='ltr'><strong>enim</strong></span> <span class='ocrx_word' id='word_1_285' title='bbox 1481 2389 1722 2460; x_wconf 84' lang='lat' dir='ltr'><strong>pueriles</strong></span> <span class='ocrx_word' id='word_1_286' title='bbox 1765 2402 1926 2443; x_wconf 89' lang='lat' dir='ltr'><strong>voces</strong></span> 
     </span>
    </p>
   </div>
   <div class='ocr_carea' id='block_1_42' title="bbox 347 2482 1925 2555">
    <p class='ocr_par' dir='ltr' id='par_1_42' title="bbox 347 2482 1925 2555">
     <span class='ocr_line' id='line_1_42' title="bbox 347 2482 1925 2555; baseline -0.004 -15"><span class='ocrx_word' id='word_1_287' title='bbox 347 2485 575 2541; x_wconf 86' lang='lat' dir='ltr'><strong>omnino</strong></span> <span class='ocrx_word' id='word_1_288' title='bbox 629 2492 780 2541; x_wconf 88' lang='lat' dir='ltr'><strong>ratas</strong></span> <span class='ocrx_word' id='word_1_289' title='bbox 838 2485 895 2539; x_wconf 89' lang='lat' dir='ltr'><strong>in</strong></span> <span class='ocrx_word' id='word_1_290' title='bbox 941 2484 1214 2555; x_wconf 86' lang='lat' dir='ltr'><strong>ejusmodi</strong></span> <span class='ocrx_word' id='word_1_291' title='bbox 1260 2484 1422 2539; x_wconf 90' lang='lat' dir='ltr'><strong>rebus</strong></span> <span class='ocrx_word' id='word_1_292' title='bbox 1478 2482 1677 2537; x_wconf 89' lang='lat' dir='ltr'><strong>habere</strong></span> <span class='ocrx_word' id='word_1_293' title='bbox 1725 2494 1925 2536; x_wconf 90' lang='lat' dir='ltr'><strong>conve—</strong></span> 
     </span>
    </p>
   </div>
   <div class='ocr_carea' id='block_1_43' title="bbox 345 2571 1926 2649">
    <p class='ocr_par' dir='ltr' id='par_1_43' title="bbox 345 2571 1926 2649">
     <span class='ocr_line' id='line_1_43' title="bbox 345 2571 1926 2649; baseline -0.004 -19"><span class='ocrx_word' id='word_1_294' title='bbox 345 2577 429 2631; x_wconf 87' lang='lat' dir='ltr'><strong>nit</strong></span> <span class='ocrx_word' id='word_1_295' title='bbox 476 2592 508 2630; x_wconf 88' lang='lat'><strong>:-</strong></span> <span class='ocrx_word' id='word_1_296' title='bbox 539 2577 637 2632; x_wconf 90' lang='lat' dir='ltr'><strong>sed</strong></span> <span class='ocrx_word' id='word_1_297' title='bbox 696 2593 818 2649; x_wconf 57' lang='lat' dir='ltr'><strong>quat</strong></span> <span class='ocrx_word' id='word_1_298' title='bbox 851 2593 1019 2648; x_wconf 85' lang='lat' dir='ltr'><strong>supra</strong></span> <span class='ocrx_word' id='word_1_299' title='bbox 1067 2574 1340 2632; x_wconf 80' lang='lat' dir='ltr'><strong>sexdecim</strong></span> <span class='ocrx_word' id='word_1_300' title='bbox 1401 2573 1486 2630; x_wconf 85' lang='lat' dir='ltr'><strong>vel</strong></span> <span class='ocrx_word' id='word_1_301' title='bbox 1536 2571 1926 2642; x_wconf 89' lang='lat' dir='ltr'><strong>septemdecim</strong></span> 
     </span>
    </p>
   </div>
   <div class='ocr_carea' id='block_1_44' title="bbox 347 2665 1926 2735">
    <p class='ocr_par' dir='ltr' id='par_1_44' title="bbox 347 2665 1926 2735">
     <span class='ocr_line' id='line_1_44' title="bbox 347 2665 1926 2735; baseline -0.001 -14"><span class='ocrx_word' id='word_1_302' title='bbox 347 2682 524 2723; x_wconf 89' lang='lat' dir='ltr'><strong>annos</strong></span> <span class='ocrx_word' id='word_1_303' title='bbox 568 2677 698 2724; x_wconf 87' lang='lat' dir='ltr'><strong>nata</strong></span> <span class='ocrx_word' id='word_1_304' title='bbox 731 2708 747 2735; x_wconf 89' lang='lat'><strong>,</strong></span> <span class='ocrx_word' id='word_1_305' title='bbox 798 2669 1280 2724; x_wconf 87' lang='lat' dir='ltr'><strong>ratiocinationum</strong></span> <span class='ocrx_word' id='word_1_306' title='bbox 1306 2683 1531 2723; x_wconf 88' lang='lat' dir='ltr'><strong>suarum</strong></span> <span class='ocrx_word' id='word_1_307' title='bbox 1560 2667 1766 2722; x_wconf 88' lang='lat' dir='ltr'><strong>arbitra</strong></span> <span class='ocrx_word' id='word_1_308' title='bbox 1789 2707 1804 2733; x_wconf 89' lang='lat'><strong>,</strong></span> <span class='ocrx_word' id='word_1_309' title='bbox 1833 2665 1926 2720; x_wconf 92' lang='lat' dir='ltr'><strong>diu</strong></span> 
     </span>
    </p>
   </div>
   <div class='ocr_carea' id='block_1_45' title="bbox 346 2759 1926 2832">
    <p class='ocr_par' dir='ltr' id='par_1_45' title="bbox 346 2759 1926 2832">
     <span class='ocr_line' id='line_1_45' title="bbox 346 2759 1926 2832; baseline -0.001 -19"><span class='ocrx_word' id='word_1_310' title='bbox 346 2760 655 2815; x_wconf 77' lang='lat' dir='ltr'><strong>examinata</strong></span> <span class='ocrx_word' id='word_1_311' title='bbox 705 2776 770 2817; x_wconf 88' lang='lat' dir='ltr'><strong>ac</strong></span> <span class='ocrx_word' id='word_1_312' title='bbox 799 2761 1028 2832; x_wconf 87' lang='lat' dir='ltr'><strong>probata</strong></span> <span class='ocrx_word' id='word_1_313' title='bbox 1059 2803 1073 2828; x_wconf 89' lang='lat'><strong>,</strong></span> <span class='ocrx_word' id='word_1_314' title='bbox 1130 2759 1392 2830; x_wconf 88' lang='lat' dir='ltr'><strong>deinceps</strong></span> <span class='ocrx_word' id='word_1_315' title='bbox 1435 2759 1840 2829; x_wconf 89' lang='lat' dir='ltr'><strong>perseveravit,</strong></span> <span class='ocrx_word' id='word_1_316' title='bbox 1872 2765 1926 2813; x_wconf 89' lang='lat' dir='ltr'><strong>et</strong></span> 
     </span>
    </p>
   </div>
   <div class='ocr_carea' id='block_1_46' title="bbox 347 2850 1924 2922">
    <p class='ocr_par' dir='ltr' id='par_1_46' title="bbox 347 2850 1924 2922">
     <span class='ocr_line' id='line_1_46' title="bbox 347 2850 1924 2922; baseline -0.002 -17"><span class='ocrx_word' id='word_1_317' title='bbox 347 2859 410 2905; x_wconf 92' lang='lat' dir='ltr'><strong>ut</strong></span> <span class='ocrx_word' id='word_1_318' title='bbox 461 2852 783 2906; x_wconf 89' lang='lat' dir='ltr'><strong>admittatur</strong></span> <span class='ocrx_word' id='word_1_319' title='bbox 833 2860 1152 2908; x_wconf 87' lang='lat' dir='ltr'><strong>constanter</strong></span> <span class='ocrx_word' id='word_1_320' title='bbox 1208 2850 1525 2922; x_wconf 82' lang='lat' dir='ltr'><strong>rogaverit,</strong></span> <span class='ocrx_word' id='word_1_321' title='bbox 1558 2859 1675 2904; x_wconf 91' lang='lat' dir='ltr'><strong>tum</strong></span> <span class='ocrx_word' id='word_1_322' title='bbox 1705 2850 1924 2905; x_wconf 91' lang='lat' dir='ltr'><strong>demum</strong></span> 
     </span>
    </p>
   </div>
   <div class='ocr_carea' id='block_1_47' title="bbox 347 2941 1925 3017">
    <p class='ocr_par' dir='ltr' id='par_1_47' title="bbox 347 2941 1925 3017">
     <span class='ocr_line' id='line_1_47' title="bbox 347 2941 1925 3017; baseline -0.002 -19"><span class='ocrx_word' id='word_1_323' title='bbox 347 2945 493 2999; x_wconf 89' lang='lat' dir='ltr'><strong>inter</strong></span> <span class='ocrx_word' id='word_1_324' title='bbox 540 2946 782 3017; x_wconf 76' lang='lat' dir='ltr'><strong>virgines</strong></span> <span class='ocrx_word' id='word_1_325' title='bbox 839 2944 1164 3010; x_wconf 87' lang='lat' dir='ltr'><strong>referenda,</strong></span> <span class='ocrx_word' id='word_1_326' title='bbox 1225 2944 1458 3014; x_wconf 88' lang='lat' dir='ltr'><strong>ejusque</strong></span> <span class='ocrx_word' id='word_1_327' title='bbox 1506 2950 1625 2997; x_wconf 89' lang='lat' dir='ltr'><strong>rata</strong></span> <span class='ocrx_word' id='word_1_328' title='bbox 1672 2941 1925 2996; x_wconf 86' lang='lat' dir='ltr'><strong>habenda</strong></span> 
     </span>
    </p>
   </div>
   <div class='ocr_carea' id='block_1_48' title="bbox 348 3034 1928 3106">
    <p class='ocr_par' dir='ltr' id='par_1_48' title="bbox 348 3034 1928 3106">
     <span class='ocr_line' id='line_1_48' title="bbox 348 3034 1928 3106; baseline -0.002 -17"><span class='ocrx_word' id='word_1_329' title='bbox 348 3036 639 3106; x_wconf 86' lang='lat' dir='ltr'><strong>professio,</strong></span> <span class='ocrx_word' id='word_1_330' title='bbox 673 3051 738 3091; x_wconf 91' lang='lat' dir='ltr'><strong>ac</strong></span> <span class='ocrx_word' id='word_1_331' title='bbox 767 3036 918 3092; x_wconf 92' lang='lat' dir='ltr'><strong>illius</strong></span> <span class='ocrx_word' id='word_1_332' title='bbox 961 3036 1187 3091; x_wconf 90' lang='lat' dir='ltr'><strong>violatio</strong></span> <span class='ocrx_word' id='word_1_333' title='bbox 1214 3034 1653 3102; x_wconf 40' lang='lat' dir='ltr'><strong>.inexorabiliter</strong></span> <span class='ocrx_word' id='word_1_334' title='bbox 1696 3034 1928 3103; x_wconf 89' lang='lat' dir='ltr'><strong>punien-</strong></span> 
     </span>
    </p>
   </div>
   <div class='ocr_carea' id='block_1_49' title="bbox 349 3125 1926 3198">
    <p class='ocr_par' dir='ltr' id='par_1_49' title="bbox 349 3125 1926 3198">
     <span class='ocr_line' id='line_1_49' title="bbox 349 3125 1926 3198; baseline -0.002 -16"><span class='ocrx_word' id='word_1_335' title='bbox 349 3128 439 3182; x_wconf 91' lang='lat' dir='ltr'><strong>da.</strong></span> <span class='ocrx_word' id='word_1_336' title='bbox 473 3127 669 3181; x_wconf 87' lang='lat' dir='ltr'><strong>Multas</strong></span> <span class='ocrx_word' id='word_1_337' title='bbox 699 3129 845 3183; x_wconf 90' lang='lat' dir='ltr'><strong>enim</strong></span> <span class='ocrx_word' id='word_1_338' title='bbox 895 3135 1148 3198; x_wconf 90' lang='lat' dir='ltr'><strong>parentes</strong></span> <span class='ocrx_word' id='word_1_339' title='bbox 1197 3127 1476 3182; x_wconf 86' lang='lat' dir='ltr'><strong>adducunt</strong></span> <span class='ocrx_word' id='word_1_340' title='bbox 1525 3137 1578 3182; x_wconf 88' lang='lat' dir='ltr'><strong>et</strong></span> <span class='ocrx_word' id='word_1_341' title='bbox 1633 3125 1830 3180; x_wconf 85' lang='lat' dir='ltr'><strong>fratres</strong></span> <span class='ocrx_word' id='word_1_342' title='bbox 1872 3131 1926 3180; x_wconf 91' lang='lat' dir='ltr'><strong>et</strong></span> 
     </span>
    </p>
   </div>
   <div class='ocr_carea' id='block_1_50' title="bbox 347 3220 1926 3289">
    <p class='ocr_par' dir='ltr' id='par_1_50' title="bbox 347 3220 1926 3289">
     <span class='ocr_line' id='line_1_50' title="bbox 347 3220 1926 3289; baseline -0.001 -17"><span class='ocrx_word' id='word_1_343' title='bbox 347 3220 785 3289; x_wconf 89' lang='lat' dir='ltr'><strong>propinquorum</strong></span> <span class='ocrx_word' id='word_1_344' title='bbox 845 3220 1094 3274; x_wconf 88' lang='lat' dir='ltr'><strong>nonnulli</strong></span> <span class='ocrx_word' id='word_1_345' title='bbox 1158 3227 1285 3275; x_wconf 90' lang='lat' dir='ltr'><strong>ante</strong></span> <span class='ocrx_word' id='word_1_346' title='bbox 1347 3226 1604 3284; x_wconf 67' lang='lat' dir='ltr'><strong>aetatem,</strong></span> <span class='ocrx_word' id='word_1_347' title='bbox 1663 3233 1775 3273; x_wconf 89' lang='lat' dir='ltr'><strong>non</strong></span> <span class='ocrx_word' id='word_1_348' title='bbox 1828 3233 1926 3274; x_wconf 91' lang='lat' dir='ltr'><strong>sua</strong></span> 
     </span>
    </p>
   </div>
   <div class='ocr_carea' id='block_1_51' title="bbox 350 3309 1927 3382">
    <p class='ocr_par' dir='ltr' id='par_1_51' title="bbox 350 3309 1927 3382">
     <span class='ocr_line' id='line_1_51' title="bbox 350 3309 1927 3382; baseline -0.001 -16"><span class='ocrx_word' id='word_1_349' title='bbox 350 3317 545 3382; x_wconf 88' lang='lat' dir='ltr'><strong>sponte</strong></span> <span class='ocrx_word' id='word_1_350' title='bbox 599 3310 667 3364; x_wconf 89' lang='lat' dir='ltr'><strong>ad</strong></span> <span class='ocrx_word' id='word_1_351' title='bbox 702 3311 948 3367; x_wconf 69' lang='lat' dir='ltr'><strong>caelibem</strong></span> <span class='ocrx_word' id='word_1_352' title='bbox 985 3312 1150 3366; x_wconf 89' lang='lat' dir='ltr'><strong>vitam</strong></span> <span class='ocrx_word' id='word_1_353' title='bbox 1199 3311 1492 3376; x_wconf 89' lang='lat' dir='ltr'><strong>incitatas,</strong></span> <span class='ocrx_word' id='word_1_354' title='bbox 1549 3309 1645 3366; x_wconf 91' lang='lat' dir='ltr'><strong>sed</strong></span> <span class='ocrx_word' id='word_1_355' title='bbox 1706 3318 1766 3364; x_wconf 92' lang='lat' dir='ltr'><strong>ut</strong></span> <span class='ocrx_word' id='word_1_356' title='bbox 1822 3310 1927 3365; x_wconf 90' lang='lat' dir='ltr'><strong>sibi</strong></span> 
     </span>
    </p>
   </div>
   <div class='ocr_carea' id='block_1_52' title="bbox 349 3401 1927 3476">
    <p class='ocr_par' dir='ltr' id='par_1_52' title="bbox 349 3401 1927 3476">
     <span class='ocr_line' id='line_1_52' title="bbox 349 3401 1927 3476; baseline 0 -18"><span class='ocrx_word' id='word_1_357' title='bbox 349 3403 458 3476; x_wconf 84' lang='lat' dir='ltr'><strong>ipsi</strong></span> <span class='ocrx_word' id='word_1_358' title='bbox 507 3402 727 3473; x_wconf 86' lang='lat' dir='ltr'><strong>aliquod</strong></span> <span class='ocrx_word' id='word_1_359' title='bbox 753 3404 809 3458; x_wconf 91' lang='lat' dir='ltr'><strong>in</strong></span> <span class='ocrx_word' id='word_1_360' title='bbox 854 3403 966 3458; x_wconf 88' lang='lat' dir='ltr'><strong>vita</strong></span> <span class='ocrx_word' id='word_1_361' title='bbox 989 3404 1340 3459; x_wconf 88' lang='lat' dir='ltr'><strong>commodum</strong></span> <span class='ocrx_word' id='word_1_362' title='bbox 1391 3403 1734 3476; x_wconf 86' lang='lat' dir='ltr'><strong>provideant.</strong></span> <span class='ocrx_word' id='word_1_363' title='bbox 1767 3401 1927 3458; x_wconf 87' lang='lat' dir='ltr'><strong>Tales</strong></span> 
     </span>
    </p>
   </div>
   <div class='ocr_carea' id='block_1_53' title="bbox 348 3497 1925 3571">
    <p class='ocr_par' dir='ltr' id='par_1_53' title="bbox 348 3497 1925 3571">
     <span class='ocr_line' id='line_1_53' title="bbox 348 3497 1925 3571; baseline 0 -19"><span class='ocrx_word' id='word_1_364' title='bbox 348 3513 460 3554; x_wconf 87' lang='lat' dir='ltr'><strong>non</strong></span> <span class='ocrx_word' id='word_1_365' title='bbox 518 3497 680 3553; x_wconf 83' lang='lat' dir='ltr'><strong>facile</strong></span> <span class='ocrx_word' id='word_1_366' title='bbox 749 3498 1138 3565; x_wconf 83' lang='lat' dir='ltr'><strong>admittendae,</strong></span> <span class='ocrx_word' id='word_1_367' title='bbox 1203 3499 1379 3555; x_wconf 90' lang='lat' dir='ltr'><strong>donec</strong></span> <span class='ocrx_word' id='word_1_368' title='bbox 1447 3507 1633 3570; x_wconf 87' lang='lat' dir='ltr'><strong>aperte</strong></span> <span class='ocrx_word' id='word_1_369' title='bbox 1685 3500 1925 3571; x_wconf 88' lang='lat' dir='ltr'><strong>ipsarum</strong></span> 
     </span>
    </p>
   </div>
   <div class='ocr_carea' id='block_1_54' title="bbox 350 3587 1362 3659">
    <p class='ocr_par' dir='ltr' id='par_1_54' title="bbox 350 3587 1362 3659">
     <span class='ocr_line' id='line_1_54' title="bbox 350 3587 1362 3659; baseline -0.001 -16"><span class='ocrx_word' id='word_1_370' title='bbox 350 3587 680 3659; x_wconf 86' lang='lat' dir='ltr'><strong>perscrutati</strong></span> <span class='ocrx_word' id='word_1_371' title='bbox 725 3587 992 3643; x_wconf 91' lang='lat' dir='ltr'><strong>fuerimus</strong></span> <span class='ocrx_word' id='word_1_372' title='bbox 1018 3588 1362 3643; x_wconf 88' lang='lat' dir='ltr'><strong>sententiam.</strong></span> 
     </span>
    </p>
   </div>
   <div class='ocr_carea' id='block_1_55' title="bbox 408 3677 1923 3751">
    <p class='ocr_par' dir='ltr' id='par_1_55' title="bbox 408 3677 1923 3751">
     <span class='ocr_line' id='line_1_55' title="bbox 408 3677 1923 3751; baseline 0 -18"><span class='ocrx_word' id='word_1_373' title='bbox 408 3677 560 3734; x_wconf 53' lang='lat' dir='ltr'><strong>vXIX.</strong></span> <span class='ocrx_word' id='word_1_374' title='bbox 605 3678 868 3735; x_wconf 78' lang='lat' dir='ltr'><strong>Virorum</strong></span> <span class='ocrx_word' id='word_1_375' title='bbox 893 3687 1077 3735; x_wconf 90' lang='lat' dir='ltr'><strong>autem</strong></span> <span class='ocrx_word' id='word_1_376' title='bbox 1104 3679 1472 3750; x_wconf 88' lang='lat' dir='ltr'><strong>professiones</strong></span> <span class='ocrx_word' id='word_1_377' title='bbox 1491 3681 1616 3751; x_wconf 72' lang='lat' dir='ltr'><strong>[non</strong></span> <span class='ocrx_word' id='word_1_378' title='bbox 1651 3680 1923 3745; x_wconf 89' lang='lat' dir='ltr'><strong>novimus,</strong></span> 
     </span>
    </p>
   </div>
   <div class='ocr_carea' id='block_1_56' title="bbox 347 3771 1926 3844">
    <p class='ocr_par' dir='ltr' id='par_1_56' title="bbox 347 3771 1926 3844">
     <span class='ocr_line' id='line_1_56' title="bbox 347 3771 1926 3844; baseline -0.001 -18"><span class='ocrx_word' id='word_1_379' title='bbox 347 3781 713 3844; x_wconf 67' lang='lat' dir='ltr'><strong>praeterquam</strong></span> <span class='ocrx_word' id='word_1_380' title='bbox 772 3771 818 3828; x_wconf 91' lang='lat' dir='ltr'><strong>si</strong></span> <span class='ocrx_word' id='word_1_381' title='bbox 867 3772 962 3842; x_wconf 91' lang='lat' dir='ltr'><strong>qui</strong></span> <span class='ocrx_word' id='word_1_382' title='bbox 1014 3787 1074 3828; x_wconf 90' lang='lat' dir='ltr'><strong>se</strong></span> <span class='ocrx_word' id='word_1_383' title='bbox 1106 3773 1234 3843; x_wconf 75' lang='lat' dir='ltr'><strong>,ipsi</strong></span> <span class='ocrx_word' id='word_1_384' title='bbox 1284 3773 1679 3829; x_wconf 86' lang='lat' dir='ltr'><strong>monachorum</strong></span> <span class='ocrx_word' id='word_1_385' title='bbox 1746 3773 1926 3827; x_wconf 87' lang='lat' dir='ltr'><strong>ordini</strong></span> 
     </span>
    </p>
   </div>
   <div class='ocr_carea' id='block_1_57' title="bbox 348 3865 1923 3936">
    <p class='ocr_par' dir='ltr' id='par_1_57' title="bbox 348 3865 1923 3936">
     <span class='ocr_line' id='line_1_57' title="bbox 348 3865 1923 3936; baseline -0.001 -16"><span class='ocrx_word' id='word_1_386' title='bbox 348 3865 707 3936; x_wconf 87' lang='lat' dir='ltr'><strong>ascripserint</strong></span> <span class='ocrx_word' id='word_1_387' title='bbox 770 3882 782 3916; x_wconf 90' lang='lat'>:</span> <span class='ocrx_word' id='word_1_388' title='bbox 850 3865 945 3934; x_wconf 89' lang='lat' dir='ltr'><strong>qui</strong></span> <span class='ocrx_word' id='word_1_389' title='bbox 1009 3866 1231 3934; x_wconf 87' lang='lat' dir='ltr'><strong>quidem</strong></span> <span class='ocrx_word' id='word_1_390' title='bbox 1293 3867 1464 3927; x_wconf 75' lang='lat' dir='ltr'><strong>tacite,</strong></span> <span class='ocrx_word' id='word_1_391' title='bbox 1517 3867 1686 3921; x_wconf 87' lang='lat' dir='ltr'><strong>vitam</strong></span> <span class='ocrx_word' id='word_1_392' title='bbox 1775 3867 1923 3920; x_wconf 66' lang='lat' dir='ltr'><strong>cani-</strong></span> 
     </span>
    </p>
   </div>
   <div class='ocr_carea' id='block_1_58' title="bbox 347 3957 1926 4028">
    <p class='ocr_par' dir='ltr' id='par_1_58' title="bbox 347 3957 1926 4028">
     <span class='ocr_line' id='line_1_58' title="bbox 347 3957 1926 4028; baseline 0.001 -15"><span class='ocrx_word' id='word_1_393' title='bbox 347 3957 473 4014; x_wconf 89' lang='lat' dir='ltr'><strong>bem</strong></span> <span class='ocrx_word' id='word_1_394' title='bbox 545 3957 801 4013; x_wconf 88' lang='lat' dir='ltr'><strong>videntur</strong></span> <span class='ocrx_word' id='word_1_395' title='bbox 856 3957 1190 4028; x_wconf 88' lang='lat' dir='ltr'><strong>suscepisse.</strong></span> <span class='ocrx_word' id='word_1_396' title='bbox 1241 3957 1629 4014; x_wconf 83' lang='lat' dir='ltr'><strong>Verumtamen</strong></span> <span class='ocrx_word' id='word_1_397' title='bbox 1707 3960 1762 4013; x_wconf 91' lang='lat' dir='ltr'><strong>in</strong></span> <span class='ocrx_word' id='word_1_398' title='bbox 1819 3959 1926 4014; x_wconf 91' lang='lat' dir='ltr'><strong>illis</strong></span> 
     </span>
    </p>
   </div>
   <div class='ocr_carea' id='block_1_59' title="bbox 347 4049 1928 4122">
    <p class='ocr_par' dir='ltr' id='par_1_59' title="bbox 347 4049 1928 4122">
     <span class='ocr_line' id='line_1_59' title="bbox 347 4049 1928 4122; baseline 0 -17"><span class='ocrx_word' id='word_1_399' title='bbox 347 4065 570 4120; x_wconf 89' lang='lat' dir='ltr'><strong>quoque</strong></span> <span class='ocrx_word' id='word_1_400' title='bbox 617 4049 788 4120; x_wconf 76' lang='lat' dir='ltr'><strong>_illud</strong></span> <span class='ocrx_word' id='word_1_401' title='bbox 868 4050 1066 4122; x_wconf 90' lang='lat' dir='ltr'><strong>opinor</strong></span> <span class='ocrx_word' id='word_1_402' title='bbox 1157 4051 1416 4121; x_wconf 86' lang='lat' dir='ltr'><strong>praemitti</strong></span> <span class='ocrx_word' id='word_1_403' title='bbox 1493 4060 1744 4122; x_wconf 89' lang='lat' dir='ltr'><strong>oportere</strong></span> <span class='ocrx_word' id='word_1_404' title='bbox 1777 4091 1792 4117; x_wconf 95' lang='lat'><strong>,</strong></span> <span class='ocrx_word' id='word_1_405' title='bbox 1868 4058 1928 4106; x_wconf 91' lang='lat' dir='ltr'><strong>ut</strong></span> 
     </span>
    </p>
   </div>
   <div class='ocr_carea' id='block_1_60' title="bbox 347 4141 1928 4215">
    <p class='ocr_par' dir='ltr' id='par_1_60' title="bbox 347 4141 1928 4215">
     <span class='ocr_line' id='line_1_60' title="bbox 347 4141 1928 4215; baseline -0.001 -17"><span class='ocrx_word' id='word_1_406' title='bbox 347 4141 454 4214; x_wconf 67' lang='lat' dir='ltr'><strong>ipsi</strong></span> <span class='ocrx_word' id='word_1_407' title='bbox 520 4143 974 4215; x_wconf 82' lang='lat' dir='ltr'><strong>interrogentur,</strong></span> <span class='ocrx_word' id='word_1_408' title='bbox 1046 4143 1463 4214; x_wconf 85' lang='lat' dir='ltr'><strong>accipiaturque</strong></span> <span class='ocrx_word' id='word_1_409' title='bbox 1541 4157 1732 4199; x_wconf 83' lang='lat' dir='ltr'><strong>eorum</strong></span> <span class='ocrx_word' id='word_1_410' title='bbox 1798 4159 1928 4213; x_wconf 89' lang='lat' dir='ltr'><strong>pro-</strong></span> 
     </span>
    </p>
   </div>
   <div class='ocr_carea' id='block_1_61' title="bbox 349 4234 1927 4306">
    <p class='ocr_par' dir='ltr' id='par_1_61' title="bbox 349 4234 1927 4306">
     <span class='ocr_line' id='line_1_61' title="bbox 349 4234 1927 4306; baseline -0.001 -16"><span class='ocrx_word' id='word_1_411' title='bbox 349 4234 520 4291; x_wconf 86' lang='lat' dir='ltr'><strong>fessio</strong></span> <span class='ocrx_word' id='word_1_412' title='bbox 569 4235 716 4290; x_wconf 87' lang='lat' dir='ltr'><strong>clara</strong></span> <span class='ocrx_word' id='word_1_413' title='bbox 765 4248 830 4290; x_wconf 86' lang='lat' dir='ltr'><strong>ac</strong></span> <span class='ocrx_word' id='word_1_414' title='bbox 871 4235 1163 4306; x_wconf 88' lang='lat' dir='ltr'><strong>perspicua</strong></span> <span class='ocrx_word' id='word_1_415' title='bbox 1219 4254 1232 4289; x_wconf 94' lang='lat'>:</span> <span class='ocrx_word' id='word_1_416' title='bbox 1294 4245 1396 4303; x_wconf 89' lang='lat' dir='ltr'><strong>ut,</strong></span> <span class='ocrx_word' id='word_1_417' title='bbox 1454 4253 1582 4293; x_wconf 93' lang='lat' dir='ltr'><strong>cum</strong></span> <span class='ocrx_word' id='word_1_418' title='bbox 1636 4253 1696 4294; x_wconf 90' lang='lat' dir='ltr'><strong>se</strong></span> <span class='ocrx_word' id='word_1_419' title='bbox 1745 4236 1811 4290; x_wconf 92' lang='lat' dir='ltr'><strong>ad</strong></span> <span class='ocrx_word' id='word_1_420' title='bbox 1863 4237 1927 4290; x_wconf 68' lang='lat' dir='ltr'><strong>li-</strong></span> 
     </span>
    </p>
   </div>
   <div class='ocr_carea' id='block_1_62' title="bbox 347 4313 1923 4398">
    <p class='ocr_par' dir='ltr' id='par_1_62' title="bbox 347 4313 1923 4398">
     <span class='ocr_line' id='line_1_62' title="bbox 347 4313 1923 4398; baseline -0.001 -15"><span class='ocrx_word' id='word_1_421' title='bbox 347 4326 663 4384; x_wconf 89' lang='lat' dir='ltr'><strong>bidinosam</strong></span> <span class='ocrx_word' id='word_1_422' title='bbox 725 4334 782 4384; x_wconf 90' lang='lat' dir='ltr'><strong>et</strong></span> <span class='ocrx_word' id='word_1_423' title='bbox 848 4328 1214 4398; x_wconf 87' lang='lat' dir='ltr'><strong>voluptariam</strong></span> <span class='ocrx_word' id='word_1_424' title='bbox 1243 4313 1248 4315; x_wconf 50' lang='grc'><strong>’</strong></span> <span class='ocrx_word' id='word_1_425' title='bbox 1279 4329 1447 4384; x_wconf 86' lang='lat' dir='ltr'><strong>vitam</strong></span> <span class='ocrx_word' id='word_1_426' title='bbox 1515 4330 1923 4395; x_wconf 87' lang='lat' dir='ltr'><strong>converterint,</strong></span> 
     </span>
    </p>
   </div>
   <div class='ocr_carea' id='block_1_63' title="bbox 346 4418 1816 4492">
    <p class='ocr_par' dir='ltr' id='par_1_63' title="bbox 346 4418 1816 4492">
     <span class='ocr_line' id='line_1_63' title="bbox 346 4418 1816 4492; baseline 0.001 -18"><span class='ocrx_word' id='word_1_427' title='bbox 346 4434 538 4476; x_wconf 86' lang='lat' dir='ltr'><strong>eorum</strong></span> <span class='ocrx_word' id='word_1_428' title='bbox 581 4418 676 4490; x_wconf 89' lang='lat' dir='ltr'><strong>qui</strong></span> <span class='ocrx_word' id='word_1_429' title='bbox 739 4418 1086 4476; x_wconf 84' lang='lat' dir='ltr'><strong>fornicamur</strong></span> <span class='ocrx_word' id='word_1_430' title='bbox 1115 4421 1389 4491; x_wconf 90' lang='lat' dir='ltr'><strong>punitioni</strong></span> <span class='ocrx_word' id='word_1_431' title='bbox 1428 4421 1816 4492; x_wconf 79' lang='lat' dir='ltr'><strong>subiiciantur.</strong></span> 
     </span>
    </p>
   </div>
   <div class='ocr_carea' id='block_1_64' title="bbox 414 4508 2003 4582">
    <p class='ocr_par' dir='ltr' id='par_1_64' title="bbox 414 4508 2003 4582">
     <span class='ocr_line' id='line_1_64' title="bbox 414 4508 2003 4582; baseline 0.004 -18"><span class='ocrx_word' id='word_1_432' title='bbox 414 4508 536 4566; x_wconf 79' lang='lat' dir='ltr'><strong>XX.</strong></span> <span class='ocrx_word' id='word_1_433' title='bbox 576 4509 932 4582; x_wconf 62' lang='lat' dir='ltr'><strong>Quacunque</strong></span> <span class='ocrx_word' id='word_1_434' title='bbox 961 4511 1240 4578; x_wconf 90' lang='lat' dir='ltr'><strong>mulieres,</strong></span> <span class='ocrx_word' id='word_1_435' title='bbox 1272 4527 1398 4566; x_wconf 89' lang='lat' dir='ltr'><strong>cum</strong></span> <span class='ocrx_word' id='word_1_436' title='bbox 1421 4521 1605 4571; x_wconf 89' lang='lat' dir='ltr'><strong>essent</strong></span> <span class='ocrx_word' id='word_1_437' title='bbox 1627 4514 1682 4569; x_wconf 93' lang='lat' dir='ltr'><strong>in</strong></span> <span class='ocrx_word' id='word_1_438' title='bbox 1713 4513 1924 4578; x_wconf 68' lang='lat' dir='ltr'><strong>haeresi,</strong></span> <span class='ocrx_word' id='word_1_439' title='bbox 1958 4516 2003 4571; x_wconf 92' lang='lat' dir='ltr'><strong>D</strong></span> 
     </span>
    </p>
   </div>
   <div class='ocr_carea' id='block_1_65' title="bbox 347 4601 1928 4677">
    <p class='ocr_par' dir='ltr' id='par_1_65' title="bbox 347 4601 1928 4677">
     <span class='ocr_line' id='line_1_65' title="bbox 347 4601 1928 4677; baseline -0.001 -18"><span class='ocrx_word' id='word_1_440' title='bbox 347 4603 719 4676; x_wconf 71' lang='lat' dir='ltr'><strong>virginitatem</strong></span> <span class='ocrx_word' id='word_1_441' title='bbox 747 4601 1011 4672; x_wconf 75' lang='lat' dir='ltr'><strong>professae</strong></span> <span class='ocrx_word' id='word_1_442' title='bbox 1049 4612 1221 4669; x_wconf 87' lang='lat' dir='ltr'><strong>sunt,</strong></span> <span class='ocrx_word' id='word_1_443' title='bbox 1262 4605 1360 4661; x_wconf 90' lang='lat' dir='ltr'><strong>sed</strong></span> <span class='ocrx_word' id='word_1_444' title='bbox 1411 4613 1605 4677; x_wconf 89' lang='lat' dir='ltr'><strong>postea</strong></span> <span class='ocrx_word' id='word_1_445' title='bbox 1647 4607 1928 4662; x_wconf 88' lang='lat' dir='ltr'><strong>matrimo-</strong></span> 
     </span>
    </p>
   </div>
   <div class='ocr_carea' id='block_1_66' title="bbox 347 4693 1929 4765">
    <p class='ocr_par' dir='ltr' id='par_1_66' title="bbox 347 4693 1929 4765">
     <span class='ocr_line' id='line_1_66' title="bbox 347 4693 1929 4765; baseline 0.001 -17"><span class='ocrx_word' id='word_1_446' title='bbox 347 4693 503 4749; x_wconf 90' lang='lat' dir='ltr'><strong>nium</strong></span> <span class='ocrx_word' id='word_1_447' title='bbox 547 4693 947 4765; x_wconf 72' lang='lat' dir='ltr'><strong>praatulerunt,</strong></span> <span class='ocrx_word' id='word_1_448' title='bbox 1002 4709 1112 4748; x_wconf 92' lang='lat' dir='ltr'><strong>non</strong></span> <span class='ocrx_word' id='word_1_449' title='bbox 1166 4694 1406 4750; x_wconf 91' lang='lat' dir='ltr'><strong>arbitror</strong></span> <span class='ocrx_word' id='word_1_450' title='bbox 1448 4711 1542 4752; x_wconf 90' lang='lat' dir='ltr'><strong>eas</strong></span> <span class='ocrx_word' id='word_1_451' title='bbox 1575 4696 1929 4752; x_wconf 90' lang='lat' dir='ltr'><strong>condemnari</strong></span> 
     </span>
    </p>
   </div>
   <div class='ocr_carea' id='block_1_67' title="bbox 348 4785 1928 4860">
    <p class='ocr_par' dir='ltr' id='par_1_67' title="bbox 348 4785 1928 4860">
     <span class='ocr_line' id='line_1_67' title="bbox 348 4785 1928 4860; baseline 0 -19"><span class='ocrx_word' id='word_1_452' title='bbox 348 4793 619 4859; x_wconf 87' lang='lat' dir='ltr'><strong>oportere.</strong></span> <span class='ocrx_word' id='word_1_453' title='bbox 678 4785 1012 4855; x_wconf 71' lang='lat' dir='ltr'><strong>Quacunque</strong></span> <span class='ocrx_word' id='word_1_454' title='bbox 1083 4787 1220 4839; x_wconf 87' lang='lat' dir='ltr'><strong>enim</strong></span> <span class='ocrx_word' id='word_1_455' title='bbox 1277 4788 1407 4841; x_wconf 81' lang='lat' dir='ltr'><strong>dicit</strong></span> <span class='ocrx_word' id='word_1_456' title='bbox 1456 4789 1577 4856; x_wconf 74' lang='lat' dir='ltr'><strong>lex,</strong></span> <span class='ocrx_word' id='word_1_457' title='bbox 1638 4789 1706 4843; x_wconf 80' lang='lat' dir='ltr'><strong>iis</strong></span> <span class='ocrx_word' id='word_1_458' title='bbox 1743 4790 1832 4860; x_wconf 87' lang='lat' dir='ltr'><strong>qui</strong></span> <span class='ocrx_word' id='word_1_459' title='bbox 1876 4790 1928 4842; x_wconf 87' lang='lat' dir='ltr'><strong>in</strong></span> 
     </span>
    </p>
   </div>
   <div class='ocr_carea' id='block_1_68' title="bbox 351 4877 1932 4951">
    <p class='ocr_par' dir='ltr' id='par_1_68' title="bbox 351 4877 1932 4951">
     <span class='ocr_line' id='line_1_68' title="bbox 351 4877 1932 4951; baseline 0.002 -19"><span class='ocrx_word' id='word_1_460' title='bbox 351 4880 458 4950; x_wconf 79' lang='lat' dir='ltr'><strong>lege</strong></span> <span class='ocrx_word' id='word_1_461' title='bbox 501 4890 624 4933; x_wconf 79' lang='lat' dir='ltr'><strong>sunt</strong></span> <span class='ocrx_word' id='word_1_462' title='bbox 665 4877 795 4932; x_wconf 82' lang='lat' dir='ltr'><strong>dicit</strong></span> <span class='ocrx_word' id='word_1_463' title='bbox 824 4879 890 4933; x_wconf 75' lang='grc'><strong>⁸⁸.</strong></span> <span class='ocrx_word' id='word_1_464' title='bbox 923 4878 1055 4945; x_wconf 67' lang='lat' dir='ltr'><strong>Quae</strong></span> <span class='ocrx_word' id='word_1_465' title='bbox 1103 4886 1289 4934; x_wconf 89' lang='lat' dir='ltr'><strong>autem</strong></span> <span class='ocrx_word' id='word_1_466' title='bbox 1332 4879 1525 4951; x_wconf 84' lang='lat' dir='ltr'><strong>jugum</strong></span> <span class='ocrx_word' id='word_1_467' title='bbox 1566 4879 1770 4938; x_wconf 88' lang='lat' dir='ltr'><strong>Christi</strong></span> <span class='ocrx_word' id='word_1_468' title='bbox 1795 4896 1932 4936; x_wconf 85' lang='lat' dir='ltr'><strong>non—</strong></span> 
     </span>
    </p>
   </div>
   <div class='ocr_carea' id='block_1_69' title="bbox 350 4969 1928 5044">
    <p class='ocr_par' dir='ltr' id='par_1_69' title="bbox 350 4969 1928 5044">
     <span class='ocr_line' id='line_1_69' title="bbox 350 4969 1928 5044; baseline 0.001 -19"><span class='ocrx_word' id='word_1_469' title='bbox 350 4969 479 5025; x_wconf 91' lang='lat' dir='ltr'><strong>dum</strong></span> <span class='ocrx_word' id='word_1_470' title='bbox 509 4970 834 5037; x_wconf 86' lang='lat' dir='ltr'><strong>subierunt,</strong></span> <span class='ocrx_word' id='word_1_471' title='bbox 869 4986 947 5025; x_wconf 75' lang='lat' dir='ltr'><strong>ea:</strong></span> <span class='ocrx_word' id='word_1_472' title='bbox 1001 4984 1104 5025; x_wconf 90' lang='lat' dir='ltr'><strong>nec</strong></span> <span class='ocrx_word' id='word_1_473' title='bbox 1152 4969 1366 5026; x_wconf 90' lang='lat' dir='ltr'><strong>Domini</strong></span> <span class='ocrx_word' id='word_1_474' title='bbox 1407 4972 1554 5044; x_wconf 80' lang='lat' dir='ltr'><strong>leges</strong></span> <span class='ocrx_word' id='word_1_475' title='bbox 1605 4983 1928 5044; x_wconf 72' lang='lat' dir='ltr'><strong>agnoscunt.</strong></span> 
     </span>
    </p>
   </div>
   <div class='ocr_carea' id='block_1_70' title="bbox 351 5061 1933 5134">
    <p class='ocr_par' dir='ltr' id='par_1_70' title="bbox 351 5061 1933 5134">
     <span class='ocr_line' id='line_1_70' title="bbox 351 5061 1933 5134; baseline 0.003 -18"><span class='ocrx_word' id='word_1_476' title='bbox 351 5061 533 5128; x_wconf 88' lang='lat' dir='ltr'><strong>Quare</strong></span> <span class='ocrx_word' id='word_1_477' title='bbox 562 5069 694 5118; x_wconf 90' lang='lat' dir='ltr'><strong>sunt</strong></span> <span class='ocrx_word' id='word_1_478' title='bbox 725 5063 780 5116; x_wconf 90' lang='lat' dir='ltr'><strong>in</strong></span> <span class='ocrx_word' id='word_1_479' title='bbox 823 5062 1126 5120; x_wconf 89' lang='lat' dir='ltr'><strong>Eeclesiam</strong></span> <span class='ocrx_word' id='word_1_480' title='bbox 1159 5064 1532 5134; x_wconf 72' lang='lat' dir='ltr'><strong>recipiendae;</strong></span> <span class='ocrx_word' id='word_1_481' title='bbox 1569 5079 1697 5120; x_wconf 90' lang='lat' dir='ltr'><strong>cum</strong></span> <span class='ocrx_word' id='word_1_482' title='bbox 1756 5067 1933 5121; x_wconf 90' lang='lat' dir='ltr'><strong>omni-</strong></span> 
     </span>
    </p>
   </div>
   <div class='ocr_carea' id='block_1_71' title="bbox 351 5153 1932 5214">
    <p class='ocr_par' dir='ltr' id='par_1_71' title="bbox 351 5153 1932 5214">
     <span class='ocr_line' id='line_1_71' title="bbox 351 5153 1932 5214; baseline 0.003 -6"><span class='ocrx_word' id='word_1_483' title='bbox 351 5154 455 5210; x_wconf 90' lang='lat' dir='ltr'><strong>bus</strong></span> <span class='ocrx_word' id='word_1_484' title='bbox 497 5153 664 5209; x_wconf 84' lang='lat' dir='ltr'><strong>etiam</strong></span> <span class='ocrx_word' id='word_1_485' title='bbox 709 5154 908 5210; x_wconf 88' lang='lat' dir='ltr'><strong>horum</strong></span> <span class='ocrx_word' id='word_1_486' title='bbox 967 5157 1352 5214; x_wconf 90' lang='lat' dir='ltr'><strong>remissionem</strong></span> <span class='ocrx_word' id='word_1_487' title='bbox 1407 5156 1676 5212; x_wconf 89' lang='lat' dir='ltr'><strong>habentes</strong></span> <span class='ocrx_word' id='word_1_488' title='bbox 1728 5173 1792 5212; x_wconf 85' lang='lat' dir='ltr'><strong>ex</strong></span> <span class='ocrx_word' id='word_1_489' title='bbox 1829 5157 1932 5212; x_wconf 86' lang='lat' dir='ltr'><strong>fide</strong></span> 
     </span>
    </p>
   </div>
   <div class='ocr_carea' id='block_1_72' title="bbox 422 5286 870 5353">
    <p class='ocr_par' dir='ltr' id='par_1_72' title="bbox 422 5286 870 5353">
     <span class='ocr_line' id='line_1_72' title="bbox 422 5286 870 5353; baseline 0.007 -13"><span class='ocrx_word' id='word_1_490' title='bbox 422 5287 468 5320; x_wconf 79' lang='grc'>⁸⁸</span> <span class='ocrx_word' id='word_1_491' title='bbox 490 5286 651 5343; x_wconf 81' lang='lat' dir='ltr'><strong>Rom.</strong></span> <span class='ocrx_word' id='word_1_492' title='bbox 675 5303 756 5353; x_wconf 86' lang='grc' dir='ltr'>ιιι,</span> <span class='ocrx_word' id='word_1_493' title='bbox 783 5289 870 5343; x_wconf 82' lang='grc'><strong>19.</strong></span> 
     </span>
    </p>
   </div>
   <div class='ocr_carea' id='block_1_73' title="bbox 393 5424 1930 5550">
    <p class='ocr_par' dir='ltr' id='par_1_73' title="bbox 393 5424 1930 5550">
     <span class='ocr_line' id='line_1_73' title="bbox 393 5424 1930 5550; baseline -0.006 -59"><span class='ocrx_word' id='word_1_494' title='bbox 393 5495 405 5506; x_wconf 85' lang='lat'><em>_</em></span> <span class='ocrx_word' id='word_1_495' title='bbox 426 5424 537 5494; x_wconf 77' lang='grc'><strong>(7⁵)</strong></span> <span class='ocrx_word' id='word_1_496' title='bbox 572 5426 682 5492; x_wconf 80' lang='grc' dir='ltr'><strong>Τὰς</strong></span> <span class='ocrx_word' id='word_1_497' title='bbox 708 5426 776 5481; x_wconf 81' lang='grc' dir='ltr'>δὲ</span> <span class='ocrx_word' id='word_1_498' title='bbox 806 5429 1193 5499; x_wconf 74' lang='grc' dir='ltr'>ὁμολογίας...</span> <span class='ocrx_word' id='word_1_499' title='bbox 1227 5428 1688 5550; x_wconf 29' lang='grc' dir='ltr'>συέτλῡήρωσιν.</span> <span class='ocrx_word' id='word_1_500' title='bbox 1722 5427 1800 5481; x_wconf 86' lang='lat' dir='ltr'><strong>Ita</strong></span> <span class='ocrx_word' id='word_1_501' title='bbox 1837 5441 1930 5482; x_wconf 89' lang='lat' dir='ltr'><strong>co-</strong></span> 
     </span>
     <span class='ocr_line' id='line_1_74' title="bbox 393 5498 1930 5550; baseline 0.002 -3"><span class='ocrx_word' id='word_1_502' title='bbox 393 5509 505 5549; x_wconf 80' lang='lat' dir='ltr'><strong>tces</strong></span> <span class='ocrx_word' id='word_1_503' title='bbox 545 5511 678 5550; x_wconf 82' lang='lat' dir='ltr'><strong>mss.</strong></span> <span class='ocrx_word' id='word_1_504' title='bbox 714 5513 930 5550; x_wconf 87' lang='lat' dir='ltr'><strong>summo</strong></span> <span class='ocrx_word' id='word_1_505' title='bbox 966 5514 1260 5550; x_wconf 87' lang='lat' dir='ltr'><strong>consensu.</strong></span> <span class='ocrx_word' id='word_1_506' title='bbox 1353 5499 1452 5550; x_wconf 82' lang='lat' dir='ltr'><strong>dm</strong></span> <span class='ocrx_word' id='word_1_507' title='bbox 1490 5498 1602 5550; x_wconf 72' lang='grc' dir='ltr'>Τὴν</span> <span class='ocrx_word' id='word_1_508' title='bbox 1649 5498 1706 5550; x_wconf 84' lang='grc' dir='ltr'>δὲ</span> <span class='ocrx_word' id='word_1_509' title='bbox 1735 5499 1930 5550; x_wconf 79' lang='grc' dir='ltr'>ὁμολο-</span> 
     </span>
    </p>
   </div>
   <div class='ocr_carea' id='block_1_74' title="bbox 354 5494 1930 5580">
    <p class='ocr_par' dir='ltr' id='par_1_74' title="bbox 354 5494 1930 5580">
     <span class='ocr_line' id='line_1_75' title="bbox 354 5494 1930 5580; baseline 0.002 -32"><span class='ocrx_word' id='word_1_510' title='bbox 354 5494 505 5580; x_wconf 71' lang='lat' dir='ltr'><strong>dices</strong></span> <span class='ocrx_word' id='word_1_511' title='bbox 545 5494 930 5580; x_wconf 25' lang='lat' dir='ltr'><strong>mssasnm&#39;mo</strong></span> <span class='ocrx_word' id='word_1_512' title='bbox 966 5494 1602 5580; x_wconf 24' lang='lat' dir='ltr'><strong>conse&#39;nsuhEditi&#39;Tijv</strong></span> <span class='ocrx_word' id='word_1_513' title='bbox 1649 5498 1930 5580; x_wconf 48' lang='grc' dir='ltr'>διε-ὁμολο-</span> 
     </span>
    </p>
   </div>
   <div class='ocr_carea' id='block_1_75' title="bbox 354 5563 1927 5708">
    <p class='ocr_par' dir='ltr' id='par_1_75' title="bbox 354 5563 1927 5708">
     <span class='ocr_line' id='line_1_76' title="bbox 354 5563 1927 5638; baseline 0.004 -21"><span class='ocrx_word' id='word_1_514' title='bbox 354 5563 548 5634; x_wconf 88' lang='grc' dir='ltr'>γίαν...</span> <span class='ocrx_word' id='word_1_515' title='bbox 578 5566 950 5638; x_wconf 83' lang='grc' dir='ltr'>ὲμπλήρωσιν.</span> <span class='ocrx_word' id='word_1_516' title='bbox 989 5569 1102 5622; x_wconf 82' lang='lat' dir='ltr'><strong>Hoc</strong></span> <span class='ocrx_word' id='word_1_517' title='bbox 1132 5567 1319 5622; x_wconf 88' lang='lat' dir='ltr'><strong>Basilii</strong></span> <span class='ocrx_word' id='word_1_518' title='bbox 1366 5563 1649 5625; x_wconf 83' lang='lat' dir='ltr'><strong>decretum</strong></span> <span class='ocrx_word' id='word_1_519' title='bbox 1682 5563 1927 5638; x_wconf 60' lang='lat' dir='ltr'><strong>de&#39;pro-</strong></span> 
     </span>
     <span class='ocr_line' id='line_1_77' title="bbox 355 5633 1926 5708; baseline 0.003 -20"><span class='ocrx_word' id='word_1_520' title='bbox 355 5633 613 5708; x_wconf 81' lang='lat' dir='ltr'><strong>fessionis</strong></span> <span class='ocrx_word' id='word_1_521' title='bbox 667 5646 824 5708; x_wconf 55' lang='lat' dir='ltr'><strong>iugale</strong></span> <span class='ocrx_word' id='word_1_522' title='bbox 875 5641 1074 5708; x_wconf 82' lang='lat' dir='ltr'><strong>citatur</strong></span> <span class='ocrx_word' id='word_1_523' title='bbox 1121 5639 1180 5694; x_wconf 91' lang='lat' dir='ltr'><strong>in</strong></span> <span class='ocrx_word' id='word_1_524' title='bbox 1233 5653 1445 5692; x_wconf 87' lang='lat' dir='ltr'><strong>canone</strong></span> <span class='ocrx_word' id='word_1_525' title='bbox 1502 5637 1926 5708; x_wconf 80' lang='lat' dir='ltr'><strong>quadragesimo</strong></span> 
     </span>
    </p>
   </div>
   <div class='ocr_carea' id='block_1_76' title="bbox 354 5679 1925 5788">
    <p class='ocr_par' dir='ltr' id='par_1_76' title="bbox 354 5679 1925 5788">
     <span class='ocr_line' id='line_1_78' title="bbox 354 5679 1925 5788; baseline 0.006 -32"><span class='ocrx_word' id='word_1_526' title='bbox 354 5705 547 5788; x_wconf 50' lang='grc' dir='ltr'><strong>,γηρᾳε</strong></span> <span class='ocrx_word' id='word_1_527' title='bbox 581 5706 637 5759; x_wconf 59' lang='lat' dir='ltr'><strong>in</strong></span> <span class='ocrx_word' id='word_1_528' title='bbox 690 5679 1229 5788; x_wconf 61' lang='lat' dir='ltr'><strong>T._.1_..:&#39;.;.&#39;“_d.ezm</strong></span> <span class='ocrx_word' id='word_1_529' title='bbox 1264 5679 1556 5788; x_wconf 54' lang='grc' dir='ltr'><strong>εέέρῑηεῖι</strong></span> <span class='ocrx_word' id='word_1_530' title='bbox 1601 5679 1925 5780; x_wconf 51' lang='lat' dir='ltr'><strong>nam&quot;;</strong></span> 
     </span>
    </p>
   </div>
   <div class='ocr_carea' id='block_1_77' title="bbox 354 5773 1570 5849">
    <p class='ocr_par' dir='ltr' id='par_1_77' title="bbox 354 5773 1570 5849">
     <span class='ocr_line' id='line_1_79' title="bbox 354 5773 1570 5849; baseline 0.002 -20"><span class='ocrx_word' id='word_1_531' title='bbox 354 5773 590 5832; x_wconf 83' lang='lat' dir='ltr'><strong>Basilius</strong></span> <span class='ocrx_word' id='word_1_532' title='bbox 623 5773 895 5847; x_wconf 71' lang='lat' dir='ltr'><strong>requirit,&#39;</strong></span> <span class='ocrx_word' id='word_1_533' title='bbox 916 5779 982 5831; x_wconf 85' lang='lat' dir='ltr'><strong>ad</strong></span> <span class='ocrx_word' id='word_1_534' title='bbox 1013 5777 1198 5832; x_wconf 87' lang='lat' dir='ltr'><strong>decem</strong></span> <span class='ocrx_word' id='word_1_535' title='bbox 1228 5773 1570 5849; x_wconf 77' lang='lat' dir='ltr'><strong>rediguntur.</strong></span> 
     </span>
    </p>
   </div>
   <div class='ocr_carea' id='block_1_78' title="bbox 2041 1929 3606 2001">
    <p class='ocr_par' dir='ltr' id='par_1_78' title="bbox 2041 1929 3606 2001">
     <span class='ocr_line' id='line_1_80' title="bbox 2041 1929 3606 2001; baseline -0.002 -20"><span class='ocrx_word' id='word_1_536' title='bbox 2041 1929 2247 1982; x_wconf 83' lang='grc' dir='ltr'>Ἐκεῖνο</span> <span class='ocrx_word' id='word_1_537' title='bbox 2292 1930 2348 1982; x_wconf 86' lang='grc' dir='ltr'>δὲ</span> <span class='ocrx_word' id='word_1_538' title='bbox 2387 1929 2483 1983; x_wconf 93' lang='grc' dir='ltr'><strong>νῦν</strong></span> <span class='ocrx_word' id='word_1_539' title='bbox 2523 1929 3068 2001; x_wconf 84' lang='grc' dir='ltr'>προδιομολογεῖσθαι</span> <span class='ocrx_word' id='word_1_540' title='bbox 3111 1931 3241 1999; x_wconf 77' lang='grc' dir='ltr'>ἡμῖν</span> <span class='ocrx_word' id='word_1_541' title='bbox 3285 1929 3606 1996; x_wconf 86' lang='grc' dir='ltr'>ἀναγκαῖον,</span> 
     </span>
    </p>
   </div>
   <div class='ocr_carea' id='block_1_79' title="bbox 2031 2022 3608 2095">
    <p class='ocr_par' dir='ltr' id='par_1_79' title="bbox 2031 2022 3608 2095">
     <span class='ocr_line' id='line_1_81' title="bbox 2031 2022 3608 2095; baseline -0.001 -21"><span class='ocrx_word' id='word_1_542' title='bbox 2031 2022 2112 2075; x_wconf 85' lang='grc' dir='ltr'>ὅτι</span> <span class='ocrx_word' id='word_1_543' title='bbox 2147 2023 2412 2094; x_wconf 88' lang='grc' dir='ltr'>παρθένος</span> <span class='ocrx_word' id='word_1_544' title='bbox 2461 2023 2788 2095; x_wconf 76' lang='grc' dir='ltr'>ὀνομάζεται</span> <span class='ocrx_word' id='word_1_545' title='bbox 2827 2027 2857 2094; x_wconf 87' lang='grc' dir='ltr'><strong>ἡ</strong></span> <span class='ocrx_word' id='word_1_546' title='bbox 2906 2023 3169 2086; x_wconf 78' lang='grc' dir='ltr'>ἑκουσίως</span> <span class='ocrx_word' id='word_1_547' title='bbox 3206 2023 3404 2094; x_wconf 82' lang='grc' dir='ltr'>ἑαυτὴν</span> <span class='ocrx_word' id='word_1_548' title='bbox 3437 2037 3608 2092; x_wconf 80' lang='grc' dir='ltr'>προσ-</span> 
     </span>
    </p>
   </div>
   <div class='ocr_carea' id='block_1_80' title="bbox 2027 2113 3604 2187">
    <p class='ocr_par' dir='ltr' id='par_1_80' title="bbox 2027 2113 3604 2187">
     <span class='ocr_line' id='line_1_82' title="bbox 2027 2113 3604 2187; baseline -0.002 -19"><span class='ocrx_word' id='word_1_549' title='bbox 2027 2113 2310 2186; x_wconf 90' lang='grc' dir='ltr'>αγαγοῦσα</span> <span class='ocrx_word' id='word_1_550' title='bbox 2365 2115 2442 2186; x_wconf 83' lang='grc' dir='ltr'>τῷ</span> <span class='ocrx_word' id='word_1_551' title='bbox 2499 2114 2703 2187; x_wconf 85' lang='grc' dir='ltr'>Κυρίῳ,</span> <span class='ocrx_word' id='word_1_552' title='bbox 2753 2116 2847 2168; x_wconf 75' lang='grc' dir='ltr'>καὶ</span> <span class='ocrx_word' id='word_1_553' title='bbox 2892 2114 3277 2184; x_wconf 79' lang='grc' dir='ltr'>ἀποταξαμένη</span> <span class='ocrx_word' id='word_1_554' title='bbox 3306 2113 3384 2184; x_wconf 82' lang='grc' dir='ltr'>τῷ</span> <span class='ocrx_word' id='word_1_555' title='bbox 3418 2114 3604 2184; x_wconf 85' lang='grc' dir='ltr'>γάμῳ,</span> 
     </span>
    </p>
   </div>
   <div class='ocr_carea' id='block_1_81' title="bbox 2029 2206 3609 2279">
    <p class='ocr_par' dir='ltr' id='par_1_81' title="bbox 2029 2206 3609 2279">
     <span class='ocr_line' id='line_1_83' title="bbox 2029 2206 3609 2279; baseline -0.003 -17"><span class='ocrx_word' id='word_1_556' title='bbox 2029 2213 2122 2263; x_wconf 76' lang='grc' dir='ltr'>καὶ</span> <span class='ocrx_word' id='word_1_557' title='bbox 2149 2211 2237 2264; x_wconf 85' lang='grc' dir='ltr'>τὸν</span> <span class='ocrx_word' id='word_1_558' title='bbox 2257 2211 2313 2263; x_wconf 81' lang='grc' dir='ltr'><strong>έν</strong></span> <span class='ocrx_word' id='word_1_559' title='bbox 2346 2207 2602 2278; x_wconf 83' lang='grc' dir='ltr'>ἁγιασμῷ</span> <span class='ocrx_word' id='word_1_560' title='bbox 2641 2208 2753 2277; x_wconf 82' lang='grc' dir='ltr'>βίον</span> <span class='ocrx_word' id='word_1_561' title='bbox 2787 2209 3196 2279; x_wconf 83' lang='grc' dir='ltr'>προτιμήσασα.</span> <span class='ocrx_word' id='word_1_562' title='bbox 3236 2206 3345 2270; x_wconf 81' lang='grc' dir='ltr'>Τὰς</span> <span class='ocrx_word' id='word_1_563' title='bbox 3377 2206 3434 2259; x_wconf 83' lang='grc' dir='ltr'>δὲ</span> <span class='ocrx_word' id='word_1_564' title='bbox 3477 2208 3609 2276; x_wconf 87' lang='grc' dir='ltr'>όμο-</span> 
     </span>
    </p>
   </div>
   <div class='ocr_carea' id='block_1_82' title="bbox 2028 2295 3608 2372">
    <p class='ocr_par' dir='ltr' id='par_1_82' title="bbox 2028 2295 3608 2372">
     <span class='ocr_line' id='line_1_84' title="bbox 2028 2295 3608 2372; baseline -0.004 -18"><span class='ocrx_word' id='word_1_565' title='bbox 2028 2302 2214 2371; x_wconf 85' lang='grc' dir='ltr'>λογίας</span> <span class='ocrx_word' id='word_1_566' title='bbox 2242 2303 2360 2355; x_wconf 86' lang='grc' dir='ltr'>τότε</span> <span class='ocrx_word' id='word_1_567' title='bbox 2393 2301 2738 2372; x_wconf 82' lang='grc' dir='ltr'>ὲγκρίνομεν,</span> <span class='ocrx_word' id='word_1_568' title='bbox 2781 2302 2874 2369; x_wconf 77' lang='grc' dir='ltr'>ἀφ’</span> <span class='ocrx_word' id='word_1_569' title='bbox 2904 2295 3075 2370; x_wconf 80' lang='grc' dir='ltr'>οῦπερ</span> <span class='ocrx_word' id='word_1_570' title='bbox 3102 2299 3166 2352; x_wconf 79' lang='grc' dir='ltr'>ἂν</span> <span class='ocrx_word' id='word_1_571' title='bbox 3197 2301 3228 2369; x_wconf 79' lang='grc' dir='ltr'>ἡ</span> <span class='ocrx_word' id='word_1_572' title='bbox 3266 2298 3453 2370; x_wconf 81' lang='grc' dir='ltr'>ἡλικία</span> <span class='ocrx_word' id='word_1_573' title='bbox 3511 2297 3608 2368; x_wconf 73' lang='grc' dir='ltr'>τὴν</span> 
     </span>
    </p>
   </div>
   <div class='ocr_carea' id='block_1_83' title="bbox 2029 2392 3606 2465">
    <p class='ocr_par' dir='ltr' id='par_1_83' title="bbox 2029 2392 3606 2465">
     <span class='ocr_line' id='line_1_85' title="bbox 2029 2392 3606 2465; baseline -0.003 -17"><span class='ocrx_word' id='word_1_574' title='bbox 2029 2394 2121 2448; x_wconf 91' lang='grc' dir='ltr'><strong>τοῦ</strong></span> <span class='ocrx_word' id='word_1_575' title='bbox 2148 2394 2306 2464; x_wconf 84' lang='grc' dir='ltr'>λόγου</span> <span class='ocrx_word' id='word_1_576' title='bbox 2336 2394 2730 2465; x_wconf 83' lang='grc' dir='ltr'>συμπλήρωσιν</span> <span class='ocrx_word' id='word_1_577' title='bbox 2758 2392 2870 2463; x_wconf 81' lang='grc'><strong>(75)</strong></span> <span class='ocrx_word' id='word_1_578' title='bbox 2893 2392 3013 2464; x_wconf 78' lang='grc' dir='ltr'><strong>ἔχῃ.</strong></span> <span class='ocrx_word' id='word_1_579' title='bbox 3046 2393 3182 2445; x_wconf 81' lang='grc' dir='ltr'><strong>Οὐδὲ</strong></span> <span class='ocrx_word' id='word_1_580' title='bbox 3205 2393 3312 2463; x_wconf 83' lang='grc' dir='ltr'>γὰρ</span> <span class='ocrx_word' id='word_1_581' title='bbox 3338 2393 3438 2456; x_wconf 80' lang='grc' dir='ltr'><strong>τὰς</strong></span> <span class='ocrx_word' id='word_1_582' title='bbox 3478 2409 3606 2444; x_wconf 84' lang='grc' dir='ltr'>παι-</span> 
     </span>
    </p>
   </div>
   <div class='ocr_carea' id='block_1_84' title="bbox 2027 2482 3610 2556">
    <p class='ocr_par' dir='ltr' id='par_1_84' title="bbox 2027 2482 3610 2556">
     <span class='ocr_line' id='line_1_86' title="bbox 2027 2482 3610 2556; baseline -0.004 -16"><span class='ocrx_word' id='word_1_583' title='bbox 2027 2485 2183 2550; x_wconf 86' lang='grc' dir='ltr'>δικὰς</span> <span class='ocrx_word' id='word_1_584' title='bbox 2214 2486 2396 2556; x_wconf 79' lang='grc' dir='ltr'>φωνὰς</span> <span class='ocrx_word' id='word_1_585' title='bbox 2432 2485 2649 2548; x_wconf 88' lang='grc' dir='ltr'>πάντως</span> <span class='ocrx_word' id='word_1_586' title='bbox 2696 2485 2893 2556; x_wconf 88' lang='grc' dir='ltr'>κυρίας</span> <span class='ocrx_word' id='word_1_587' title='bbox 2928 2482 3150 2538; x_wconf 73' lang='grc' dir='ltr'>ἐπὶτῶν</span> <span class='ocrx_word' id='word_1_588' title='bbox 3172 2483 3428 2537; x_wconf 79' lang='grc' dir='ltr'>τοιούτων</span> <span class='ocrx_word' id='word_1_589' title='bbox 3457 2485 3610 2554; x_wconf 79' lang='grc' dir='ltr'>ἡγεῖ-</span> 
     </span>
    </p>
   </div>
   <div class='ocr_carea' id='block_1_85' title="bbox 2030 2575 3610 2650">
    <p class='ocr_par' dir='ltr' id='par_1_85' title="bbox 2030 2575 3610 2650">
     <span class='ocr_line' id='line_1_87' title="bbox 2030 2575 3610 2650; baseline -0.003 -18"><span class='ocrx_word' id='word_1_590' title='bbox 2030 2578 2152 2632; x_wconf 88' lang='grc' dir='ltr'>σθαι</span> <span class='ocrx_word' id='word_1_591' title='bbox 2215 2579 2512 2650; x_wconf 83' lang='grc' dir='ltr'>προσῆκεν,</span> <span class='ocrx_word' id='word_1_592' title='bbox 2556 2577 2693 2631; x_wconf 87' lang='grc' dir='ltr'><strong>ἀλλά</strong></span> <span class='ocrx_word' id='word_1_593' title='bbox 2736 2576 2834 2646; x_wconf 77' lang='grc' dir='ltr'>τὴν</span> <span class='ocrx_word' id='word_1_594' title='bbox 2866 2576 3008 2647; x_wconf 83' lang='grc' dir='ltr'>ὑπὲρ</span> <span class='ocrx_word' id='word_1_595' title='bbox 3035 2576 3102 2629; x_wconf 77' lang='grc' dir='ltr'>τὰ</span> <span class='ocrx_word' id='word_1_596' title='bbox 3131 2575 3264 2629; x_wconf 81' lang='grc' dir='ltr'>δέκα</span> <span class='ocrx_word' id='word_1_597' title='bbox 3297 2575 3357 2640; x_wconf 81' lang='grc' dir='ltr'><strong>ἓξ</strong></span> <span class='ocrx_word' id='word_1_598' title='bbox 3386 2577 3418 2646; x_wconf 84' lang='grc' dir='ltr'>ἢ</span> <span class='ocrx_word' id='word_1_599' title='bbox 3477 2576 3610 2628; x_wconf 84' lang='grc' dir='ltr'>δέκα</span> 
     </span>
    </p>
   </div>
   <div class='ocr_carea' id='block_1_86' title="bbox 2027 2663 3606 2740">
    <p class='ocr_par' dir='ltr' id='par_1_86' title="bbox 2027 2663 3606 2740">
     <span class='ocr_line' id='line_1_88' title="bbox 2027 2663 3606 2740; baseline -0.002 -18"><span class='ocrx_word' id='word_1_600' title='bbox 2027 2669 2122 2722; x_wconf 74' lang='grc' dir='ltr'>καὶ</span> <span class='ocrx_word' id='word_1_601' title='bbox 2145 2669 2283 2722; x_wconf 81' lang='grc' dir='ltr'><strong>έπτά</strong></span> <span class='ocrx_word' id='word_1_602' title='bbox 2304 2669 2604 2740; x_wconf 87' lang='grc' dir='ltr'>γενομένην</span> <span class='ocrx_word' id='word_1_603' title='bbox 2634 2667 2750 2737; x_wconf 82' lang='grc' dir='ltr'>έτη,</span> <span class='ocrx_word' id='word_1_604' title='bbox 2775 2667 2970 2740; x_wconf 87' lang='grc' dir='ltr'>κυρίαν</span> <span class='ocrx_word' id='word_1_605' title='bbox 2998 2663 3164 2720; x_wconf 80' lang='grc' dir='ltr'>οὖσαν</span> <span class='ocrx_word' id='word_1_606' title='bbox 3181 2666 3289 2721; x_wconf 85' lang='grc' dir='ltr'><strong>τῶν</strong></span> <span class='ocrx_word' id='word_1_607' title='bbox 3309 2665 3606 2737; x_wconf 78' lang='grc' dir='ltr'>λογισμῶν,</span> 
     </span>
    </p>
   </div>
   <div class='ocr_carea' id='block_1_87' title="bbox 2028 2757 3610 2832">
    <p class='ocr_par' dir='ltr' id='par_1_87' title="bbox 2028 2757 3610 2832">
     <span class='ocr_line' id='line_1_89' title="bbox 2028 2757 3610 2832; baseline -0.002 -17"><span class='ocrx_word' id='word_1_608' title='bbox 2028 2760 2414 2832; x_wconf 85' lang='grc' dir='ltr'>ἀνακριθεῖσαν</span> <span class='ocrx_word' id='word_1_609' title='bbox 2471 2761 2563 2814; x_wconf 77' lang='grc' dir='ltr'><strong>ἐπὶ</strong></span> <span class='ocrx_word' id='word_1_610' title='bbox 2614 2760 2818 2824; x_wconf 88' lang='grc' dir='ltr'>πλεῖον,</span> <span class='ocrx_word' id='word_1_611' title='bbox 2879 2757 2998 2815; x_wconf 80' lang='grc' dir='ltr'>εἶτα</span> <span class='ocrx_word' id='word_1_612' title='bbox 3023 2761 3462 2832; x_wconf 88' lang='grc' dir='ltr'>παραμείνασαν,</span> <span class='ocrx_word' id='word_1_613' title='bbox 3517 2760 3610 2813; x_wconf 79' lang='grc' dir='ltr'>καὶ</span> 
     </span>
    </p>
   </div>
   <div class='ocr_carea' id='block_1_88' title="bbox 2031 2852 3606 2924">
    <p class='ocr_par' dir='ltr' id='par_1_88' title="bbox 2031 2852 3606 2924">
     <span class='ocr_line' id='line_1_90' title="bbox 2031 2852 3606 2924; baseline -0.001 -19"><span class='ocrx_word' id='word_1_614' title='bbox 2031 2852 2366 2924; x_wconf 81' lang='grc' dir='ltr'>λιπαροῦσαν</span> <span class='ocrx_word' id='word_1_615' title='bbox 2400 2853 2484 2906; x_wconf 77' lang='grc' dir='ltr'><strong>διὰ</strong></span> <span class='ocrx_word' id='word_1_616' title='bbox 2513 2853 2730 2907; x_wconf 81' lang='grc' dir='ltr'>ἱκεσιῶν</span> <span class='ocrx_word' id='word_1_617' title='bbox 2760 2853 2897 2924; x_wconf 84' lang='grc' dir='ltr'>πρὸς</span> <span class='ocrx_word' id='word_1_618' title='bbox 2928 2852 2989 2906; x_wconf 87' lang='grc' dir='ltr'>τὸ</span> <span class='ocrx_word' id='word_1_619' title='bbox 3028 2852 3454 2924; x_wconf 61' lang='grc' dir='ltr'>παραδεχθῑψαι,</span> <span class='ocrx_word' id='word_1_620' title='bbox 3488 2853 3606 2906; x_wconf 82' lang='grc' dir='ltr'>τότε</span> 
     </span>
    </p>
   </div>
   <div class='ocr_carea' id='block_1_89' title="bbox 2033 2945 3608 3018">
    <p class='ocr_par' dir='ltr' id='par_1_89' title="bbox 2033 2945 3608 3018">
     <span class='ocr_line' id='line_1_91' title="bbox 2033 2945 3608 3018; baseline 0.001 -21"><span class='ocrx_word' id='word_1_621' title='bbox 2033 2945 2494 3015; x_wconf 82' lang='grc' dir='ltr'>ὲγκαταλέγεσθαι</span> <span class='ocrx_word' id='word_1_622' title='bbox 2525 2946 2629 3017; x_wconf 86' lang='grc' dir='ltr'>χρὴ</span> <span class='ocrx_word' id='word_1_623' title='bbox 2664 2948 2782 3008; x_wconf 89' lang='grc' dir='ltr'>ταῖς</span> <span class='ocrx_word' id='word_1_624' title='bbox 2819 2945 3130 3018; x_wconf 89' lang='grc' dir='ltr'>παρθένοις,</span> <span class='ocrx_word' id='word_1_625' title='bbox 3155 2947 3249 2999; x_wconf 78' lang='grc' dir='ltr'>καὶ</span> <span class='ocrx_word' id='word_1_626' title='bbox 3285 2948 3386 3016; x_wconf 84' lang='grc' dir='ltr'>τὴν</span> <span class='ocrx_word' id='word_1_627' title='bbox 3415 2946 3608 3016; x_wconf 86' lang='grc' dir='ltr'>ὁμολο-</span> 
     </span>
    </p>
   </div>
   <div class='ocr_carea' id='block_1_90' title="bbox 2031 3037 3608 3110">
    <p class='ocr_par' dir='ltr' id='par_1_90' title="bbox 2031 3037 3608 3110">
     <span class='ocr_line' id='line_1_92' title="bbox 2031 3037 3608 3110; baseline 0.001 -19"><span class='ocrx_word' id='word_1_628' title='bbox 2031 3038 2156 3106; x_wconf 90' lang='grc' dir='ltr'>γίαν</span> <span class='ocrx_word' id='word_1_629' title='bbox 2201 3038 2302 3108; x_wconf 85' lang='grc' dir='ltr'>τῆς</span> <span class='ocrx_word' id='word_1_630' title='bbox 2351 3037 2608 3110; x_wconf 87' lang='grc' dir='ltr'>τοιαύτης</span> <span class='ocrx_word' id='word_1_631' title='bbox 2658 3037 2880 3109; x_wconf 83' lang='grc' dir='ltr'>κυροῦν,</span> <span class='ocrx_word' id='word_1_632' title='bbox 2917 3038 3011 3092; x_wconf 83' lang='grc' dir='ltr'>καὶ</span> <span class='ocrx_word' id='word_1_633' title='bbox 3043 3039 3140 3108; x_wconf 81' lang='grc' dir='ltr'>τὴν</span> <span class='ocrx_word' id='word_1_634' title='bbox 3164 3039 3422 3109; x_wconf 86' lang='grc' dir='ltr'>ἀθέτησιν</span> <span class='ocrx_word' id='word_1_635' title='bbox 3438 3042 3608 3109; x_wconf 79' lang='grc' dir='ltr'>αὐτῆς</span> 
     </span>
    </p>
   </div>
   <div class='ocr_carea' id='block_1_91' title="bbox 2033 3129 3606 3206">
    <p class='ocr_par' dir='ltr' id='par_1_91' title="bbox 2033 3129 3606 3206">
     <span class='ocr_line' id='line_1_93' title="bbox 2033 3129 3606 3206; baseline 0.001 -21"><span class='ocrx_word' id='word_1_636' title='bbox 2033 3133 2421 3204; x_wconf 81' lang='grc' dir='ltr'>ἀπαραιτήτως</span> <span class='ocrx_word' id='word_1_637' title='bbox 2469 3129 2737 3194; x_wconf 76' lang='grc' dir='ltr'>κολάζειν.</span> <span class='ocrx_word' id='word_1_638' title='bbox 2775 3131 2982 3195; x_wconf 79' lang='grc' dir='ltr'>Πολλὰς</span> <span class='ocrx_word' id='word_1_639' title='bbox 3037 3132 3145 3203; x_wconf 80' lang='grc' dir='ltr'><strong>γάρ</strong></span> <span class='ocrx_word' id='word_1_640' title='bbox 3206 3135 3384 3200; x_wconf 88' lang='grc' dir='ltr'>γονεῖς</span> <span class='ocrx_word' id='word_1_641' title='bbox 3437 3152 3606 3206; x_wconf 77' lang='grc' dir='ltr'>προσ-</span> 
     </span>
    </p>
   </div>
   <div class='ocr_carea' id='block_1_92' title="bbox 2033 3222 3610 3294">
    <p class='ocr_par' dir='ltr' id='par_1_92' title="bbox 2033 3222 3610 3294">
     <span class='ocr_line' id='line_1_94' title="bbox 2033 3222 3610 3294; baseline 0.002 -18"><span class='ocrx_word' id='word_1_642' title='bbox 2033 3224 2224 3291; x_wconf 89' lang='grc' dir='ltr'>άγουσι</span> <span class='ocrx_word' id='word_1_643' title='bbox 2278 3224 2372 3276; x_wconf 62' lang='grc' dir='ltr'><strong>καῖ¹</strong></span> <span class='ocrx_word' id='word_1_644' title='bbox 2422 3222 2662 3292; x_wconf 73' lang='grc' dir='ltr'>ἀδελφοὶ,</span> <span class='ocrx_word' id='word_1_645' title='bbox 2721 3225 2817 3278; x_wconf 73' lang='grc' dir='ltr'>καὶ</span> <span class='ocrx_word' id='word_1_646' title='bbox 2865 3225 2975 3277; x_wconf 91' lang='grc' dir='ltr'>τῶν</span> <span class='ocrx_word' id='word_1_647' title='bbox 3033 3226 3419 3294; x_wconf 86' lang='grc' dir='ltr'>προσηκόντων</span> <span class='ocrx_word' id='word_1_648' title='bbox 3462 3228 3610 3289; x_wconf 75' lang='grc' dir='ltr'>τινες</span> 
     </span>
    </p>
   </div>
   <div class='ocr_carea' id='block_1_93' title="bbox 2030 3316 3607 3389">
    <p class='ocr_par' dir='ltr' id='par_1_93' title="bbox 2030 3316 3607 3389">
     <span class='ocr_line' id='line_1_95' title="bbox 2030 3316 3607 3389; baseline 0.003 -21"><span class='ocrx_word' id='word_1_649' title='bbox 2030 3316 2136 3388; x_wconf 83' lang='grc' dir='ltr'>πρὸ</span> <span class='ocrx_word' id='word_1_650' title='bbox 2167 3316 2266 3385; x_wconf 81' lang='grc' dir='ltr'>τῆς</span> <span class='ocrx_word' id='word_1_651' title='bbox 2301 3316 2536 3385; x_wconf 83' lang='grc' dir='ltr'>ἡλικίας,</span> <span class='ocrx_word' id='word_1_652' title='bbox 2573 3318 2672 3370; x_wconf 80' lang='grc' dir='ltr'>οὐκ</span> <span class='ocrx_word' id='word_1_653' title='bbox 2696 3316 2905 3370; x_wconf 77' lang='grc' dir='ltr'>οἴκοθεν</span> <span class='ocrx_word' id='word_1_654' title='bbox 2938 3318 3273 3389; x_wconf 88' lang='grc' dir='ltr'>όρμηθείσας</span> <span class='ocrx_word' id='word_1_655' title='bbox 3302 3317 3437 3389; x_wconf 86' lang='grc' dir='ltr'>πρὸς</span> <span class='ocrx_word' id='word_1_656' title='bbox 3466 3321 3607 3388; x_wconf 86' lang='grc' dir='ltr'>ἀγα-</span> 
     </span>
    </p>
   </div>
   <div class='ocr_carea' id='block_1_94' title="bbox 2033 3409 3606 3480">
    <p class='ocr_par' dir='ltr' id='par_1_94' title="bbox 2033 3409 3606 3480">
     <span class='ocr_line' id='line_1_96' title="bbox 2033 3409 3606 3480; baseline 0.001 -18"><span class='ocrx_word' id='word_1_657' title='bbox 2033 3411 2184 3480; x_wconf 90' lang='grc' dir='ltr'>μίαν,</span> <span class='ocrx_word' id='word_1_658' title='bbox 2209 3410 2344 3464; x_wconf 77' lang='grc' dir='ltr'>ἀλλά</span> <span class='ocrx_word' id='word_1_659' title='bbox 2372 3427 2424 3462; x_wconf 92' lang='grc' dir='ltr'><strong>τι</strong></span> <span class='ocrx_word' id='word_1_660' title='bbox 2452 3409 2700 3479; x_wconf 81' lang='grc' dir='ltr'>βιωτικδν</span> <span class='ocrx_word' id='word_1_661' title='bbox 2738 3411 2951 3477; x_wconf 75' lang='grc' dir='ltr'>ἑαυτοῖς</span> <span class='ocrx_word' id='word_1_662' title='bbox 2991 3409 3370 3480; x_wconf 88' lang='grc' dir='ltr'>διοικούμενοι.</span> <span class='ocrx_word' id='word_1_663' title='bbox 3408 3413 3510 3475; x_wconf 80' lang='grc' dir='ltr'>Ἀς</span> <span class='ocrx_word' id='word_1_664' title='bbox 3547 3413 3606 3465; x_wconf 84' lang='grc' dir='ltr'>οὐ</span> 
     </span>
    </p>
   </div>
   <div class='ocr_carea' id='block_1_95' title="bbox 2031 3497 3607 3571">
    <p class='ocr_par' dir='ltr' id='par_1_95' title="bbox 2031 3497 3607 3571">
     <span class='ocr_line' id='line_1_97' title="bbox 2031 3497 3607 3571; baseline 0 -19"><span class='ocrx_word' id='word_1_665' title='bbox 2031 3498 2229 3571; x_wconf 79' lang='grc' dir='ltr'>ῥᾳδίως</span> <span class='ocrx_word' id='word_1_666' title='bbox 2261 3497 2655 3570; x_wconf 78' lang='grc' dir='ltr'>προσδέχεσθαι</span> <span class='ocrx_word' id='word_1_667' title='bbox 2690 3499 2789 3566; x_wconf 83' lang='grc' dir='ltr'>δεῖ,</span> <span class='ocrx_word' id='word_1_668' title='bbox 2837 3499 2939 3563; x_wconf 75' lang='grc' dir='ltr'>ἕως</span> <span class='ocrx_word' id='word_1_669' title='bbox 2975 3500 3041 3553; x_wconf 84' lang='grc' dir='ltr'>ἂν</span> <span class='ocrx_word' id='word_1_670' title='bbox 3069 3499 3318 3571; x_wconf 84' lang='grc' dir='ltr'>φανερῶς</span> <span class='ocrx_word' id='word_1_671' title='bbox 3342 3500 3442 3571; x_wconf 82' lang='grc' dir='ltr'>τὴν</span> <span class='ocrx_word' id='word_1_672' title='bbox 3472 3501 3607 3555; x_wconf 85' lang='grc' dir='ltr'>ίδίαν</span> 
     </span>
    </p>
   </div>
   <div class='ocr_carea' id='block_1_96' title="bbox 2029 3592 2900 3664">
    <p class='ocr_par' dir='ltr' id='par_1_96' title="bbox 2029 3592 2900 3664">
     <span class='ocr_line' id='line_1_98' title="bbox 2029 3592 2900 3664; baseline 0.001 -19"><span class='ocrx_word' id='word_1_673' title='bbox 2029 3593 2208 3646; x_wconf 81' lang='grc' dir='ltr'>αὐτῶν</span> <span class='ocrx_word' id='word_1_674' title='bbox 2251 3593 2628 3664; x_wconf 80' lang='grc' dir='ltr'>έρευνήσωμεν</span> <span class='ocrx_word' id='word_1_675' title='bbox 2655 3592 2900 3664; x_wconf 87' lang='grc' dir='ltr'>γνώμην.</span> 
     </span>
    </p>
   </div>
   <div class='ocr_carea' id='block_1_97' title="bbox 2100 3681 3608 3755">
    <p class='ocr_par' dir='ltr' id='par_1_97' title="bbox 2100 3681 3608 3755">
     <span class='ocr_line' id='line_1_99' title="bbox 2100 3681 3608 3755; baseline 0.001 -19"><span class='ocrx_word' id='word_1_676' title='bbox 2100 3681 2202 3739; x_wconf 85' lang='grc' dir='ltr'><strong>ΙΘ’.</strong></span> <span class='ocrx_word' id='word_1_677' title='bbox 2245 3682 2478 3754; x_wconf 85' lang='grc' dir='ltr'>Ἀνδρῶν</span> <span class='ocrx_word' id='word_1_678' title='bbox 2524 3683 2580 3734; x_wconf 87' lang='grc' dir='ltr'>δὲ</span> <span class='ocrx_word' id='word_1_679' title='bbox 2607 3682 2897 3752; x_wconf 88' lang='grc' dir='ltr'>ὁμολογίας</span> <span class='ocrx_word' id='word_1_680' title='bbox 2937 3682 3038 3735; x_wconf 80' lang='grc' dir='ltr'>οὐκ</span> <span class='ocrx_word' id='word_1_681' title='bbox 3079 3681 3346 3754; x_wconf 77' lang='grc' dir='ltr'>ἔγνωμεν,</span> <span class='ocrx_word' id='word_1_682' title='bbox 3376 3683 3518 3755; x_wconf 81' lang='grc' dir='ltr'>πλὴν</span> <span class='ocrx_word' id='word_1_683' title='bbox 3561 3688 3608 3738; x_wconf 87' lang='grc' dir='ltr'><strong>εί</strong></span> 
     </span>
    </p>
   </div>
   <div class='ocr_carea' id='block_1_98' title="bbox 2033 3773 3610 3846">
    <p class='ocr_par' dir='ltr' id='par_1_98' title="bbox 2033 3773 3610 3846">
     <span class='ocr_line' id='line_1_100' title="bbox 2033 3773 3610 3846; baseline 0.003 -21"><span class='ocrx_word' id='word_1_684' title='bbox 2033 3774 2108 3845; x_wconf 87' lang='grc' dir='ltr'><strong>μή</strong></span> <span class='ocrx_word' id='word_1_685' title='bbox 2143 3791 2288 3837; x_wconf 89' lang='grc' dir='ltr'>τινες</span> <span class='ocrx_word' id='word_1_686' title='bbox 2308 3774 2534 3837; x_wconf 76' lang='grc' dir='ltr'>ἑαυτοὺς</span> <span class='ocrx_word' id='word_1_687' title='bbox 2566 3773 2642 3845; x_wconf 83' lang='grc' dir='ltr'>τῷ</span> <span class='ocrx_word' id='word_1_688' title='bbox 2654 3773 3013 3845; x_wconf 87' lang='grc' dir='ltr'>τάγματιτῶν</span> <span class='ocrx_word' id='word_1_689' title='bbox 3042 3775 3384 3844; x_wconf 81' lang='grc' dir='ltr'>μοναζόντων</span> <span class='ocrx_word' id='word_1_690' title='bbox 3411 3779 3610 3846; x_wconf 75' lang='grc' dir='ltr'>ἐγκατ-</span> 
     </span>
    </p>
   </div>
   <div class='ocr_carea' id='block_1_99' title="bbox 2028 3864 3608 3939">
    <p class='ocr_par' dir='ltr' id='par_1_99' title="bbox 2028 3864 3608 3939">
     <span class='ocr_line' id='line_1_101' title="bbox 2028 3864 3608 3939; baseline 0.001 -21"><span class='ocrx_word' id='word_1_691' title='bbox 2028 3865 2374 3938; x_wconf 86' lang='grc' dir='ltr'>ηρίθμησαν’</span> <span class='ocrx_word' id='word_1_692' title='bbox 2407 3865 2456 3919; x_wconf 86' lang='grc' dir='ltr'>οἳ</span> <span class='ocrx_word' id='word_1_693' title='bbox 2516 3865 2658 3918; x_wconf 80' lang='grc' dir='ltr'>κατὰ</span> <span class='ocrx_word' id='word_1_694' title='bbox 2697 3867 2757 3918; x_wconf 86' lang='grc' dir='ltr'>τὸ</span> <span class='ocrx_word' id='word_1_695' title='bbox 2785 3864 3141 3936; x_wconf 83' lang='grc' dir='ltr'>σιωπώμενον</span> <span class='ocrx_word' id='word_1_696' title='bbox 3175 3866 3392 3920; x_wconf 82' lang='grc' dir='ltr'>δοκοῦσι</span> <span class='ocrx_word' id='word_1_697' title='bbox 3430 3885 3608 3939; x_wconf 88' lang='grc' dir='ltr'>παρα-</span> 
     </span>
    </p>
   </div>
   <div class='ocr_carea' id='block_1_100' title="bbox 2029 3957 3609 4031">
    <p class='ocr_par' dir='ltr' id='par_1_100' title="bbox 2029 3957 3609 4031">
     <span class='ocr_line' id='line_1_102' title="bbox 2029 3957 3609 4031; baseline 0 -19"><span class='ocrx_word' id='word_1_698' title='bbox 2029 3957 2274 4028; x_wconf 85' lang='grc' dir='ltr'>δεδέχθαι</span> <span class='ocrx_word' id='word_1_699' title='bbox 2327 3958 2426 4031; x_wconf 83' lang='grc' dir='ltr'>τὴν</span> <span class='ocrx_word' id='word_1_700' title='bbox 2471 3959 2735 4029; x_wconf 82' lang='grc' dir='ltr'>ἀγαμίαν.</span> <span class='ocrx_word' id='word_1_701' title='bbox 2778 3957 2924 4027; x_wconf 85' lang='grc' dir='ltr'>Πλὴν</span> <span class='ocrx_word' id='word_1_702' title='bbox 2953 3957 3048 4012; x_wconf 79' lang='grc' dir='ltr'>καὶ</span> <span class='ocrx_word' id='word_1_703' title='bbox 3072 3959 3157 4010; x_wconf 79' lang='grc' dir='ltr'><strong>ἐπ’</strong></span> <span class='ocrx_word' id='word_1_704' title='bbox 3181 3959 3403 4014; x_wconf 81' lang='grc' dir='ltr'>ἐκείνων</span> <span class='ocrx_word' id='word_1_705' title='bbox 3433 3961 3609 4012; x_wconf 84' lang='grc' dir='ltr'>ἐκεῖνο</span> 
     </span>
    </p>
   </div>
   <div class='ocr_carea' id='block_1_101' title="bbox 2031 4050 3607 4122">
    <p class='ocr_par' dir='ltr' id='par_1_101' title="bbox 2031 4050 3607 4122">
     <span class='ocr_line' id='line_1_103' title="bbox 2031 4050 3607 4122; baseline 0 -18"><span class='ocrx_word' id='word_1_706' title='bbox 2031 4050 2272 4122; x_wconf 83' lang='grc' dir='ltr'>ἠγοῦμαι</span> <span class='ocrx_word' id='word_1_707' title='bbox 2339 4050 2697 4122; x_wconf 87' lang='grc' dir='ltr'>προηγεῖσθαι</span> <span class='ocrx_word' id='word_1_708' title='bbox 2748 4052 3046 4121; x_wconf 87' lang='grc' dir='ltr'>προσήκειν</span> <span class='ocrx_word' id='word_1_709' title='bbox 3098 4050 3244 4121; x_wconf 87' lang='grc'>(76),</span> <span class='ocrx_word' id='word_1_710' title='bbox 3298 4052 3607 4122; x_wconf 75' lang='grc' dir='ltr'>ἐρωτᾶσθαι</span> 
     </span>
    </p>
   </div>
   <div class='ocr_carea' id='block_1_102' title="bbox 2029 4142 3606 4215">
    <p class='ocr_par' dir='ltr' id='par_1_102' title="bbox 2029 4142 3606 4215">
     <span class='ocr_line' id='line_1_104' title="bbox 2029 4142 3606 4215; baseline -0.001 -15"><span class='ocrx_word' id='word_1_711' title='bbox 2029 4147 2247 4212; x_wconf 80' lang='grc' dir='ltr'>αὐτοὺς,</span> <span class='ocrx_word' id='word_1_712' title='bbox 2297 4147 2391 4199; x_wconf 81' lang='grc' dir='ltr'>καὶ</span> <span class='ocrx_word' id='word_1_713' title='bbox 2422 4144 2793 4215; x_wconf 79' lang='grc' dir='ltr'>λαμϐάνεσθαι</span> <span class='ocrx_word' id='word_1_714' title='bbox 2822 4145 2919 4214; x_wconf 82' lang='grc' dir='ltr'>τὴν</span> <span class='ocrx_word' id='word_1_715' title='bbox 2947 4144 3077 4212; x_wconf 86' lang='grc' dir='ltr'>παρ’</span> <span class='ocrx_word' id='word_1_716' title='bbox 3105 4142 3283 4195; x_wconf 81' lang='grc' dir='ltr'>αὐτῶν</span> <span class='ocrx_word' id='word_1_717' title='bbox 3316 4143 3606 4213; x_wconf 84' lang='grc' dir='ltr'>ὁμολογίαν</span> 
     </span>
    </p>
   </div>
   <div class='ocr_carea' id='block_1_103' title="bbox 2029 4231 3609 4309">
    <p class='ocr_par' dir='ltr' id='par_1_103' title="bbox 2029 4231 3609 4309">
     <span class='ocr_line' id='line_1_105' title="bbox 2029 4231 3609 4309; baseline -0.003 -19"><span class='ocrx_word' id='word_1_718' title='bbox 2029 4237 2254 4307; x_wconf 77' lang='grc' dir='ltr'>ἐναργῆ,</span> <span class='ocrx_word' id='word_1_719' title='bbox 2306 4235 2469 4300; x_wconf 85' lang='grc' dir='ltr'>ὥστε,</span> <span class='ocrx_word' id='word_1_720' title='bbox 2500 4234 2721 4288; x_wconf 79' lang='grc' dir='ltr'>ἐπειδὰν</span> <span class='ocrx_word' id='word_1_721' title='bbox 2759 4231 3141 4304; x_wconf 87' lang='grc' dir='ltr'>μετατίθενται</span> <span class='ocrx_word' id='word_1_722' title='bbox 3173 4231 3310 4309; x_wconf 79' lang='grc' dir='ltr'>πρὸς</span> <span class='ocrx_word' id='word_1_723' title='bbox 3334 4233 3426 4286; x_wconf 82' lang='grc' dir='ltr'>τὸν</span> <span class='ocrx_word' id='word_1_724' title='bbox 3461 4232 3609 4302; x_wconf 84' lang='grc' dir='ltr'>φιλό-</span> 
     </span>
    </p>
   </div>
   <div class='ocr_carea' id='block_1_104' title="bbox 2031 4324 3606 4401">
    <p class='ocr_par' dir='ltr' id='par_1_104' title="bbox 2031 4324 3606 4401">
     <span class='ocr_line' id='line_1_106' title="bbox 2031 4324 3606 4401; baseline -0.003 -18"><span class='ocrx_word' id='word_1_725' title='bbox 2031 4345 2232 4401; x_wconf 87' lang='grc' dir='ltr'>σαρκον</span> <span class='ocrx_word' id='word_1_726' title='bbox 2276 4329 2370 4382; x_wconf 79' lang='grc' dir='ltr'>καὶ</span> <span class='ocrx_word' id='word_1_727' title='bbox 2415 4326 2664 4397; x_wconf 83' lang='grc' dir='ltr'>ήδονικὸν</span> <span class='ocrx_word' id='word_1_728' title='bbox 2720 4324 2854 4395; x_wconf 86' lang='grc' dir='ltr'>βίον,</span> <span class='ocrx_word' id='word_1_729' title='bbox 2887 4324 3118 4393; x_wconf 86' lang='grc' dir='ltr'>ὑπάγειν</span> <span class='ocrx_word' id='word_1_730' title='bbox 3149 4325 3348 4389; x_wconf 80' lang='grc' dir='ltr'>αὐτοὺς</span> <span class='ocrx_word' id='word_1_731' title='bbox 3375 4325 3457 4396; x_wconf 80' lang='grc' dir='ltr'>τῷ</span> <span class='ocrx_word' id='word_1_732' title='bbox 3498 4325 3606 4379; x_wconf 85' lang='grc' dir='ltr'><strong>τῶν</strong></span> 
     </span>
    </p>
   </div>
   <div class='ocr_carea' id='block_1_105' title="bbox 2030 4420 2702 4493">
    <p class='ocr_par' dir='ltr' id='par_1_105' title="bbox 2030 4420 2702 4493">
     <span class='ocr_line' id='line_1_107' title="bbox 2030 4420 2702 4493; baseline -0.006 -18"><span class='ocrx_word' id='word_1_733' title='bbox 2030 4421 2398 4493; x_wconf 86' lang='grc' dir='ltr'>πορνευόντων</span> <span class='ocrx_word' id='word_1_734' title='bbox 2422 4420 2702 4490; x_wconf 73' lang='grc' dir='ltr'>ἐπιτιμίῳ.</span> 
     </span>
    </p>
   </div>
   <div class='ocr_carea' id='block_1_106' title="bbox 2102 4508 3606 4584">
    <p class='ocr_par' dir='ltr' id='par_1_106' title="bbox 2102 4508 3606 4584">
     <span class='ocr_line' id='line_1_108' title="bbox 2102 4508 3606 4584; baseline -0.001 -17"><span class='ocrx_word' id='word_1_735' title='bbox 2102 4516 2188 4567; x_wconf 84' lang='lat' dir='ltr'><strong>K&#39;.</strong></span> <span class='ocrx_word' id='word_1_736' title='bbox 2222 4514 2384 4566; x_wconf 87' lang='grc' dir='ltr'>Ὅσαι</span> <span class='ocrx_word' id='word_1_737' title='bbox 2436 4515 2714 4582; x_wconf 88' lang='grc' dir='ltr'>γυναῖκες,</span> <span class='ocrx_word' id='word_1_738' title='bbox 2755 4513 2812 4565; x_wconf 81' lang='grc' dir='ltr'>ὲν</span> <span class='ocrx_word' id='word_1_739' title='bbox 2856 4511 3063 4583; x_wconf 78' lang='grc' dir='ltr'>αἱρέσει</span> <span class='ocrx_word' id='word_1_740' title='bbox 3085 4508 3262 4579; x_wconf 85' lang='grc' dir='ltr'>οῦσαι,</span> <span class='ocrx_word' id='word_1_741' title='bbox 3308 4511 3606 4584; x_wconf 87' lang='grc' dir='ltr'>παρθενίαν</span> 
     </span>
    </p>
   </div>
   <div class='ocr_carea' id='block_1_107' title="bbox 2030 4601 3606 4680">
    <p class='ocr_par' dir='ltr' id='par_1_107' title="bbox 2030 4601 3606 4680">
     <span class='ocr_line' id='line_1_109' title="bbox 2030 4601 3606 4680; baseline -0.003 -19"><span class='ocrx_word' id='word_1_742' title='bbox 2030 4607 2410 4680; x_wconf 84' lang='grc' dir='ltr'>ὡμολόγησαν,</span> <span class='ocrx_word' id='word_1_743' title='bbox 2443 4601 2562 4661; x_wconf 82' lang='grc' dir='ltr'>εἶτα</span> <span class='ocrx_word' id='word_1_744' title='bbox 2597 4605 2735 4676; x_wconf 80' lang='grc' dir='ltr'>μετὰ</span> <span class='ocrx_word' id='word_1_745' title='bbox 2759 4603 2933 4658; x_wconf 90' lang='grc' dir='ltr'>ταῦτα</span> <span class='ocrx_word' id='word_1_746' title='bbox 2963 4605 3138 4675; x_wconf 89' lang='grc' dir='ltr'>γάμον</span> <span class='ocrx_word' id='word_1_747' title='bbox 3159 4603 3488 4672; x_wconf 90' lang='grc' dir='ltr'>ἀνθείλοντο,</span> <span class='ocrx_word' id='word_1_748' title='bbox 3510 4605 3606 4674; x_wconf 74' lang='grc' dir='ltr'>οὐχ</span> 
     </span>
    </p>
   </div>
   <div class='ocr_carea' id='block_1_108' title="bbox 2030 4697 3606 4772">
    <p class='ocr_par' dir='ltr' id='par_1_108' title="bbox 2030 4697 3606 4772">
     <span class='ocr_line' id='line_1_110' title="bbox 2030 4697 3606 4772; baseline -0.001 -18"><span class='ocrx_word' id='word_1_749' title='bbox 2030 4701 2270 4772; x_wconf 76' lang='grc' dir='ltr'>ἡγοῦμαι</span> <span class='ocrx_word' id='word_1_750' title='bbox 2318 4703 2514 4771; x_wconf 83' lang='grc' dir='ltr'>χρῆναι</span> <span class='ocrx_word' id='word_1_751' title='bbox 2543 4697 3001 4762; x_wconf 81' lang='grc' dir='ltr'>καταδικάζεσθαι</span> <span class='ocrx_word' id='word_1_752' title='bbox 3035 4697 3260 4761; x_wconf 89' lang='grc' dir='ltr'>ταύτας.</span> <span class='ocrx_word' id='word_1_753' title='bbox 3300 4698 3448 4752; x_wconf 85' lang='grc' dir='ltr'>Ὅσα</span> <span class='ocrx_word' id='word_1_754' title='bbox 3498 4697 3606 4768; x_wconf 74' lang='grc' dir='ltr'>γὰρ</span> 
     </span>
    </p>
   </div>
   <div class='ocr_carea' id='block_1_109' title="bbox 2032 4789 3604 4862">
    <p class='ocr_par' dir='ltr' id='par_1_109' title="bbox 2032 4789 3604 4862">
     <span class='ocr_line' id='line_1_111' title="bbox 2032 4789 3604 4862; baseline -0.001 -17"><span class='ocrx_word' id='word_1_755' title='bbox 2032 4795 2064 4845; x_wconf 87' lang='grc' dir='ltr'><strong>ό</strong></span> <span class='ocrx_word' id='word_1_756' title='bbox 2091 4792 2274 4860; x_wconf 80' lang='grc' dir='ltr'>νόμος</span> <span class='ocrx_word' id='word_1_757' title='bbox 2301 4789 2482 4860; x_wconf 68' lang='grc' dir='ltr'>λέγει,</span> <span class='ocrx_word' id='word_1_758' title='bbox 2511 4789 2636 4856; x_wconf 84' lang='grc' dir='ltr'>τοῖς</span> <span class='ocrx_word' id='word_1_759' title='bbox 2662 4789 2733 4842; x_wconf 84' lang='grc' dir='ltr'><strong>ἐν</strong></span> <span class='ocrx_word' id='word_1_760' title='bbox 2748 4789 2829 4854; x_wconf 80' lang='grc' dir='ltr'>τῷ</span> <span class='ocrx_word' id='word_1_761' title='bbox 2872 4791 3033 4858; x_wconf 75' lang='grc' dir='ltr'>νόμῳ</span> <span class='ocrx_word' id='word_1_762' title='bbox 3050 4790 3242 4843; x_wconf 75' lang='grc' dir='ltr'>λαλεῖ.</span> <span class='ocrx_word' id='word_1_763' title='bbox 3267 4790 3331 4842; x_wconf 80' lang='grc' dir='ltr'>Δί</span> <span class='ocrx_word' id='word_1_764' title='bbox 3358 4789 3414 4843; x_wconf 84' lang='grc' dir='ltr'>δὲ</span> <span class='ocrx_word' id='word_1_765' title='bbox 3439 4791 3604 4862; x_wconf 84' lang='grc' dir='ltr'>μήπω</span> 
     </span>
    </p>
   </div>
   <div class='ocr_carea' id='block_1_110' title="bbox 2032 4882 3606 4954">
    <p class='ocr_par' dir='ltr' id='par_1_110' title="bbox 2032 4882 3606 4954">
     <span class='ocr_line' id='line_1_112' title="bbox 2032 4882 3606 4954; baseline -0.001 -15"><span class='ocrx_word' id='word_1_766' title='bbox 2032 4885 2361 4939; x_wconf 86' lang='grc' dir='ltr'>ὑπελθοῦσαι</span> <span class='ocrx_word' id='word_1_767' title='bbox 2414 4885 2506 4937; x_wconf 83' lang='grc' dir='ltr'>τὸν</span> <span class='ocrx_word' id='word_1_768' title='bbox 2556 4883 2718 4954; x_wconf 77' lang='grc' dir='ltr'>ζυγὸν</span> <span class='ocrx_word' id='word_1_769' title='bbox 2767 4882 2862 4936; x_wconf 92' lang='grc' dir='ltr'><strong>τοῦ</strong></span> <span class='ocrx_word' id='word_1_770' title='bbox 2895 4882 3132 4954; x_wconf 83' lang='grc' dir='ltr'>Χριστοῦ</span> <span class='ocrx_word' id='word_1_771' title='bbox 3162 4883 3282 4936; x_wconf 78' lang='grc' dir='ltr'>οὐδὲ</span> <span class='ocrx_word' id='word_1_772' title='bbox 3325 4883 3424 4954; x_wconf 83' lang='grc' dir='ltr'>τὴν</span> <span class='ocrx_word' id='word_1_773' title='bbox 3450 4901 3606 4954; x_wconf 87' lang='grc' dir='ltr'>νομο-</span> 
     </span>
    </p>
   </div>
   <div class='ocr_carea' id='block_1_111' title="bbox 2033 4973 3605 5044">
    <p class='ocr_par' dir='ltr' id='par_1_111' title="bbox 2033 4973 3605 5044">
     <span class='ocr_line' id='line_1_113' title="bbox 2033 4973 3605 5044; baseline -0.003 -14"><span class='ocrx_word' id='word_1_774' title='bbox 2033 4975 2222 5030; x_wconf 89' lang='grc' dir='ltr'>θεσίαν</span> <span class='ocrx_word' id='word_1_775' title='bbox 2274 4974 2693 5044; x_wconf 82' lang='grc' dir='ltr'>ὲπιγινώσκουσι</span> <span class='ocrx_word' id='word_1_776' title='bbox 2749 4973 2845 5027; x_wconf 92' lang='grc' dir='ltr'><strong>τοῦ</strong></span> <span class='ocrx_word' id='word_1_777' title='bbox 2891 4975 3182 5028; x_wconf 86' lang='grc' dir='ltr'>Δεσπότου.</span> <span class='ocrx_word' id='word_1_778' title='bbox 3219 4974 3382 5028; x_wconf 86' lang='grc' dir='ltr'>Ὥστε</span> <span class='ocrx_word' id='word_1_779' title='bbox 3421 4974 3605 5029; x_wconf 88' lang='grc' dir='ltr'>δεκταί</span> 
     </span>
    </p>
   </div>
   <div class='ocr_carea' id='block_1_112' title="bbox 2034 5069 3604 5142">
    <p class='ocr_par' dir='ltr' id='par_1_112' title="bbox 2034 5069 3604 5142">
     <span class='ocr_line' id='line_1_114' title="bbox 2034 5069 3604 5142; baseline -0.001 -19"><span class='ocrx_word' id='word_1_780' title='bbox 2034 5073 2138 5124; x_wconf 85' lang='grc' dir='ltr'>είσι</span> <span class='ocrx_word' id='word_1_781' title='bbox 2169 5073 2234 5142; x_wconf 78' lang='grc' dir='ltr'><strong>τῇ</strong></span> <span class='ocrx_word' id='word_1_782' title='bbox 2268 5069 2582 5141; x_wconf 69' lang='grc' dir='ltr'>Ἐκκλησία,</span> <span class='ocrx_word' id='word_1_783' title='bbox 2613 5069 2751 5140; x_wconf 85' lang='grc' dir='ltr'><strong>μετά</strong></span> <span class='ocrx_word' id='word_1_784' title='bbox 2783 5070 2998 5123; x_wconf 83' lang='grc' dir='ltr'>πάντων</span> <span class='ocrx_word' id='word_1_785' title='bbox 3029 5070 3123 5123; x_wconf 77' lang='grc' dir='ltr'>καὶ</span> <span class='ocrx_word' id='word_1_786' title='bbox 3146 5070 3244 5140; x_wconf 82' lang='grc' dir='ltr'>τὴν</span> <span class='ocrx_word' id='word_1_787' title='bbox 3276 5071 3370 5124; x_wconf 72' lang='grc' dir='ltr'><strong>ἐπὶ</strong></span> <span class='ocrx_word' id='word_1_788' title='bbox 3399 5071 3604 5131; x_wconf 85' lang='grc' dir='ltr'>τούτοις</span> 
     </span>
    </p>
   </div>
   <div class='ocr_carea' id='block_1_113' title="bbox 2034 5162 3600 5236">
    <p class='ocr_par' dir='ltr' id='par_1_113' title="bbox 2034 5162 3600 5236">
     <span class='ocr_line' id='line_1_115' title="bbox 2034 5162 3600 5236; baseline -0.002 -16"><span class='ocrx_word' id='word_1_789' title='bbox 2034 5165 2227 5233; x_wconf 80' lang='grc' dir='ltr'>ἄφεσιν</span> <span class='ocrx_word' id='word_1_790' title='bbox 2261 5164 2482 5235; x_wconf 75' lang='grc' dir='ltr'>ἔχουσαι</span> <span class='ocrx_word' id='word_1_791' title='bbox 2508 5163 2622 5235; x_wconf 88' lang='lat'><strong>(77)</strong></span> <span class='ocrx_word' id='word_1_792' title='bbox 2645 5165 2709 5217; x_wconf 80' lang='grc' dir='ltr'>ὲκ</span> <span class='ocrx_word' id='word_1_793' title='bbox 2735 5163 2836 5232; x_wconf 82' lang='grc' dir='ltr'>τῆς</span> <span class='ocrx_word' id='word_1_794' title='bbox 2857 5162 3090 5226; x_wconf 86' lang='grc' dir='ltr'>πίστεως</span> <span class='ocrx_word' id='word_1_795' title='bbox 3109 5163 3210 5232; x_wconf 82' lang='grc' dir='ltr'>τῆς</span> <span class='ocrx_word' id='word_1_796' title='bbox 3238 5164 3317 5227; x_wconf 88' lang='grc' dir='ltr'><strong>είς</strong></span> <span class='ocrx_word' id='word_1_797' title='bbox 3349 5164 3600 5236; x_wconf 88' lang='grc' dir='ltr'>Χριστόν.</span> 
     </span>
    </p>
   </div>
   <div class='ocr_carea' id='block_1_114' title="bbox 2102 5428 3598 5503">
    <p class='ocr_par' dir='ltr' id='par_1_114' title="bbox 2102 5428 3598 5503">
     <span class='ocr_line' id='line_1_116' title="bbox 2102 5428 3598 5503; baseline 0.001 -17"><span class='ocrx_word' id='word_1_798' title='bbox 2102 5430 2215 5503; x_wconf 82' lang='lat'><strong>(76)</strong></span> <span class='ocrx_word' id='word_1_799' title='bbox 2249 5429 2606 5503; x_wconf 65' lang='lat' dir='ltr'><strong>Hpogﬁacew.</strong></span> <span class='ocrx_word' id='word_1_800' title='bbox 2631 5428 2781 5503; x_wconf 15' lang='lat' dir='ltr'><strong>iEditi</strong></span> <span class='ocrx_word' id='word_1_801' title='bbox 2813 5438 2868 5485; x_wconf 89' lang='lat' dir='ltr'><strong>et</strong></span> <span class='ocrx_word' id='word_1_802' title='bbox 2911 5447 3160 5489; x_wconf 75' lang='lat' dir='ltr'><strong>nonnum</strong></span> <span class='ocrx_word' id='word_1_803' title='bbox 3207 5449 3426 5490; x_wconf 75' lang='lat' dir='ltr'><strong>coerces</strong></span> <span class='ocrx_word' id='word_1_804' title='bbox 3469 5450 3598 5491; x_wconf 86' lang='lat' dir='ltr'><strong>mss.</strong></span> 
     </span>
    </p>
   </div>
   <div class='ocr_carea' id='block_1_115' title="bbox 2029 5500 3602 5576">
    <p class='ocr_par' dir='ltr' id='par_1_115' title="bbox 2029 5500 3602 5576">
     <span class='ocr_line' id='line_1_117' title="bbox 2029 5500 3602 5576; baseline 0.002 -21"><span class='ocrx_word' id='word_1_805' title='bbox 2029 5500 2329 5576; x_wconf 79' lang='grc' dir='ltr'>προσῆκεν.</span> <span class='ocrx_word' id='word_1_806' title='bbox 2364 5500 2471 5556; x_wconf 90' lang='lat' dir='ltr'><strong>Sed</strong></span> <span class='ocrx_word' id='word_1_807' title='bbox 2508 5501 2566 5556; x_wconf 90' lang='lat' dir='ltr'><strong>in</strong></span> <span class='ocrx_word' id='word_1_808' title='bbox 2593 5501 2844 5573; x_wconf 90' lang='lat' dir='ltr'><strong>pluribus</strong></span> <span class='ocrx_word' id='word_1_809' title='bbox 2873 5509 2928 5558; x_wconf 89' lang='lat' dir='ltr'><strong>et</strong></span> <span class='ocrx_word' id='word_1_810' title='bbox 2973 5503 3381 5574; x_wconf 87' lang='lat' dir='ltr'><strong>antiquioribus</strong></span> <span class='ocrx_word' id='word_1_811' title='bbox 3408 5505 3602 5576; x_wconf 86' lang='lat' dir='ltr'><strong>legitur</strong></span> 
     </span>
    </p>
   </div>
   <div class='ocr_carea' id='block_1_116' title="bbox 2029 5574 3598 5766">
    <p class='ocr_par' dir='ltr' id='par_1_116' title="bbox 2029 5574 3598 5766">
     <span class='ocr_line' id='line_1_118' title="bbox 2031 5574 3598 5656; baseline -0.04 -30"><span class='ocrx_word' id='word_1_812' title='bbox 2031 5574 2348 5645; x_wconf 88' lang='grc' dir='ltr'>προσήκειν.</span> <span class='ocrx_word' id='word_1_813' title='bbox 2647 5643 2657 5653; x_wconf 44' lang='grc'><strong>¹</strong></span> <span class='ocrx_word' id='word_1_814' title='bbox 3467 5574 3479 5576; x_wconf 98' lang='lat'>_</span> <span class='ocrx_word' id='word_1_815' title='bbox 3545 5644 3598 5656; x_wconf 44' lang='grc' dir='ltr'>Η</span> 
     </span>
     <span class='ocr_line' id='line_1_119' title="bbox 2029 5640 3598 5766; baseline -0.045 2"><span class='ocrx_word' id='word_1_816' title='bbox 2029 5640 2562 5766; x_wconf 58' lang='grc' dir='ltr'><strong>ἔγθῦέίνἝχουσαιο</strong></span> <span class='ocrx_word' id='word_1_817' title='bbox 2601 5641 2694 5698; x_wconf 75' lang='grc' dir='ltr'>διο</span> <span class='ocrx_word' id='word_1_818' title='bbox 2720 5658 2857 5699; x_wconf 69' lang='lat' dir='ltr'><strong>mss.</strong></span> <span class='ocrx_word' id='word_1_819' title='bbox 2897 5658 3111 5701; x_wconf 89' lang='lat' dir='ltr'><strong>summo</strong></span> <span class='ocrx_word' id='word_1_820' title='bbox 3138 5659 3430 5703; x_wconf 82' lang='lat' dir='ltr'><strong>consensu.</strong></span> <span class='ocrx_word' id='word_1_821' title='bbox 3463 5644 3598 5702; x_wconf 74' lang='lat' dir='ltr'><strong>Ediu</strong></span> 
     </span>
    </p>
   </div>
   <div class='ocr_carea' id='block_1_117' title="bbox 2057 5730 2240 5784">
    <p class='ocr_par' dir='ltr' id='par_1_117' title="bbox 2057 5730 2240 5784">
     <span class='ocr_line' id='line_1_120' title="bbox 2057 5730 2240 5784; baseline 0.005 -18"><span class='ocrx_word' id='word_1_822' title='bbox 2057 5730 2240 5784; x_wconf 88' lang='grc' dir='ltr'>χουσιν</span> 
     </span>
    </p>
   </div>
  </div>
