3948 6214
368 317 467 370 721

1215 309 1716 377 EPISTOLARUM
1752 320 2042 380 CLASSIS
2080 325 2146 380 Il.
2183 323 2404 381 EPIST.
2453 296 2687 380 CXCIX.

3534 319 3638 374 7‘22

364 429 482 485 Kal
498 426 727 483 καθόλου
750 425 822 480 τὰ
842 427 900 479 ἐν
923 423 1002 496 τῷ
1018 441 1256 496 κατηχου
1264 424 1411 496 μένῳ
1430 428 1537 500 βίῳ
1562 429 1830 501 γενόμενα
1849 430 1961 503 (78)

2089 450 2122 489 ιι
2167 432 2465 489 Christum.
2502 433 2582 487 Ac
2639 430 2865 486 omnino
2909 445 3033 500 quae
3076 428 3132 485 in
3186 428 3635 486 catechumenica

379 524 450 586 :lg
476 519 703 584 εὐθύνας
764 517 867 572 οὐκ
897 516 1113 587 ἄγεται.
1171 515 1412 585 Τούτους
1455 519 1513 573 δὲ
1546 520 1788 593 δηλονότι
1831 522 1960 576 ἄνευ

378 612 746 684 βαπτίσματος
793 612 829 683 ἠ
893 608 1193 681 Ἐκκλησία
1243 608 1306 662 οὐ
1375 612 1765 684 παραδέχεται.
1797 614 1960 668 Ὥστε

379 705 801 775 ἀναγκαιότατον
827 699 939 775 (79)
964 701 1058 755 ἐπὶ
1091 699 1303 764 τούτοις
1334 703 1407 758 τά
1447 704 1714 776 πρεσϐεῖα
1744 705 1846 777 τῆς
1871 723 1962 775 γε-

380 796 595 861 θέσεως.

443 889 575 943 KA'.
612 889 676 942 El
708 888 848 960 ἀνὴρ
880 886 994 959 (80)
1021 884 1250 957 γυναικὶ
1294 888 1578 955 συνοικῶν,
1607 888 1850 955 ὲπειδάν,
1886 888 1961 961 μὴ

378 980 663 1053 ἀρκεσθεὶς
708 979 787 1052 τῷ
844 981 1031 1051 γάμῳ,
1071 980 1151 1044 είς
1196 981 1458 1053 πορνείαν
1487 983 1718 1055 ἐκπέσῃ,
1764 983 1961 1054 πόρνῃ·

357 1071 635 1145 κρίνομεν
665 1072 757 1126 τὸν
785 1072 1029 1126 τοιοῦτον
1050 1088 1064 1103 ο
1107 1072 1207 1129 κα).
1240 1075 1424 1131 πλεῖον
1449 1076 1611 1130 αὐτὸν
1639 1078 1935 1148 παρατείνο

379 1181 480 1234 μεν
529 1165 590 1218 ὲν
635 1166 752 1228 τοῖς
802 1163 1100 1235 ἐπιτιμίοις
1123 1180 1139 1196 ⁸
1183 1166 1245 1220 οὐ
1278 1167 1462 1239 μέντοι
1500 1166 1697 1240 ἔχομεν
1741 1169 1960 1233 κανόνα,

378 1253 457 1325 τῷ
491 1256 592 1326 τῆς
640 1256 887 1327 μοιχείας
937 1256 1103 1313 αὐτὸν
1148 1260 1453 1330 ὑπαγαγεῖν
1494 1260 1606 1331 (81)
1635 1260 1959 1332 ἐγκλήματι,

378 1345 475 1399 ὲάν
505 1347 586 1410 είς
614 1345 907 1419 ἐλευθέραν
932 1348 1116 1420 γάμου
1150 1352 1185 1422 ἡ
1215 1350 1458 1425 ἁμαρτία
1482 1351 1707 1422 γένηται
1731 1368 1745 1382 ·
1770 1350 1900 1405 διότι
1929 1353 1963 1424 ἡ

382 1437 634 1509 μοιχαλὶς
668 1439 789 1509 μὲν,
823 1442 1216 1511 Μιαιννομένη,
1250 1443 1405 1513 φησὶ,
1426 1444 1842 1513 μιανθήσεται,
1871 1445 1964 1499 καὶ

378 1531 482 1583 οὐκ
509 1530 840 1602 ἀναστρέψει
858 1531 997 1603 πρὸς
1022 1532 1111 1587 τόν
1135 1533 1305 1606 ἄνδρα
1361 1534 1533 1605 αὐτῆς
1554 1550 1567 1564 ·
1597 1536 1693 1589 καὶ
1744 1536 1796 1588 '0
1835 1553 1966 1590 κατ-

380 1620 540 1690 έχων
561 1621 886 1690 μοιχαλίδα
919 1621 1125 1693 ἄφρων
1156 1622 1495 1691 καὶάσεσής
1514 1641 1527 1654 ·
1553 1626 1584 1677 ὁ
1620 1624 1803 1694 μέντοι
1829 1642 1964 1697 πορ-

383 1709 579 1774 νεύσας
605 1710 705 1764 οὐκ
732 1710 1223 1784 ἀποκλεισθήσεται
1239 1715 1338 1785 τῆς
1359 1714 1498 1785 πρὸς
1513 1717 1747 1783 γυναῖκα
1769 1714 1962 1768 ἑαυτοῦ

2068 526 2177 580 vita
2203 523 2348 580 facta
2404 533 2553 591 sunt,
2584 524 2639 578 in
2686 522 2956 593 judicium
2990 537 3102 578 non
3132 529 3423 578 vocantur.
3476 516 3634 576 Tale!

2068 625 2248 674 autem
2282 616 2535 672 videlicet
2565 616 2687 673 sine
2712 615 3040 686 baptismate
3062 613 3310 670 Ecclesia
3343 627 3456 669 non
3500 611 3634 667 reci-

2069 709 2164 779 pit.
2206 707 2390 775 Quare
2426 707 2797 780 generationis
2819 706 2948 778 jura
2974 714 3107 763 sunt
3138 706 3195 762 in
3224 704 3365 778 ipsis
3407 703 3634 758 maxime

2071 799 2403 856 necessaria.

2137 889 2279 946 XXI.
2323 888 2382 946 Si
2414 891 2497 947 vir
2536 906 2642 945 una
2697 905 2822 946 cum
2877 905 3049 946 uxore
3110 889 3363 945 habitans
3390 927 3407 953 ,
3452 893 3638 958 postea

2069 983 2424 1039 matrimonio
2456 999 2568 1037 non
2599 990 2913 1049 contentus,
2951 982 3007 1037 in
3051 980 3468 1037 fornicationem
3499 976 3613 1032 inci

2070 1074 2250 1141 derit;
2280 1073 2666 1129 fornicatorem
2696 1089 2822 1128 eum
2847 1072 3185 1144 iudicamus,
3210 1071 3500 1143 ipsumque
3528 1068 3640 1124 lon-

2074 1166 2190 1238 gius
2221 1165 2574 1236 producimus
2627 1164 2681 1218 in
2736 1165 3008 1235 impositis
3062 1162 3411 1235 poeniszsed
3456 1169 3639 1217 tamen

2070 1271 2335 1313 canonem
2365 1271 2474 1311 non
2500 1256 2809 1325 habemus,
2850 1256 2944 1326 qui
2988 1271 3114 1311 eum
3146 1255 3398 1310 adulterii
3428 1253 3641 1309 crimini

2076 1349 2340 1418 subjiciat
2366 1387 2381 1413 ,
2441 1349 2489 1404 si
2534 1349 2590 1402 in
2638 1348 2873 1404 solutam
2903 1362 2934 1401 a
2962 1348 3308 1402 matrimonio
3332 1345 3494 1417 293
3520 1360 3622 1416 pec

2073 1449 2258 1497 catum
2312 1442 2671 1497 commissum
2729 1441 2845 1497 sit:
2905 1441 3338 1512 proptereaquod
3398 1439 3644 1495 adultera

2070 1533 2291 1605 quidem
2322 1572 2338 1597 ,
2378 1534 2606 1605 inquit,
2656 1531 2882 1586 Polluta
2921 1531 3187 1600 polluetur
3239 1539 3294 1587 et
3346 1530 3418 1586 ad
3467 1530 3645 1585 virum

2073 1640 2231 1681 suum
2262 1641 2372 1680 non
2398 1633 2701 1681 revertetur
2724 1625 2790 1689 ⁸⁷,
2826 1633 2904 1690 et,
2963 1624 3069 1691 Qui
3100 1623 3401 1678 adulteram
3429 1621 3645 1688 detinet,

2071 1715 2266 1771 stultus
2297 1724 2457 1769 estet
2511 1715 2700 1783 impius
2736 1715 2781 1747 ⁸⁸
2831 1731 2847 1769 :
2905 1714 3001 1770 sed
3032 1714 3126 1784 qui
3171 1712 3475 1769 fornicatus
3522 1720 3646 1779 est,

383 1804 772 1875 συνοικήσεως.
811 1803 976 1857 Ὥστε
1017 1807 1051 1876 ἡ
1088 1805 1187 1876 μὲν
1224 1804 1360 1876 γυνὴ
1386 1806 1494 1860 ἀπὸ
1515 1807 1771 1879 πορνείας
1800 1809 1968 1861 ἐπαν-

2084 1824 2181 1864 [ιοιι
2255 1807 2580 1864 excludetur
2655 1807 2953 1878 quominus
3022 1822 3147 1861 cum
3207 1821 3378 1862 uxore
3421 1806 3645 1861 habitet.

386 1895 538 1949 ιόντα
578 1894 671 1947 τὸν
716 1894 888 1968 ἄνδρα
927 1896 1098 1968 αὐτῆς
1128 1896 1516 1969 παραδέξεται,
1552 1901 1582 1952 ό
1605 1899 1661 1952 δὲ
1681 1900 1818 1973 ἀνὴρ
1853 1898 1966 1971 (82)

383 1987 484 2058 τὴν
537 1985 859 2059 μιανθεῖσαν
900 1987 1010 2042 τῶν
1060 1989 1225 2042 οἴκων
1264 1989 1459 2044 ἑαυτοῦ
1487 1991 1824 2062 ἀποπέμψει.
1860 1991 1969 2044 Καὶ

383 2076 591 2133 τούτων
629 2077 687 2131 δὲ
727 2079 757 2132 ὁ
799 2078 958 2150 λόγος
1006 2080 1068 2133 οὐ
1120 2080 1334 2151 ῥᾴδιος·
1369 2083 1403 2153 ἡ
1430 2081 1488 2135 δὲ
1525 2081 1783 2152 συνήθεια
1828 2080 1970 2135 οὕτω

386 2168 701 2241 κεκράτηκε

459 2262 589 2319 KB’.
630 2263 772 2327 Τοὺς
817 2263 878 2329 ἐξ
920 2263 1178 2336 ἁρπαγῆς
1211 2262 1432 2335 ἔχοντας
1475 2265 1758 2333 γυναῖκας,
1790 2265 1838 2317 εἰ
1871 2264 1972 2335 μὲν

387 2353 571 2419 ἄλλοις
598 2357 1199 2428 προμεμνηστευμένας
1215 2353 1326 2411 εἷεν
1359 2358 1726 2430 ἀφῃρημένοι,
1749 2359 1809 2411 οὐ
1841 2359 1973 2429 πρό-

387 2462 545 2517 τερον
592 2446 701 2518 χρὴ
746 2447 1168 2519 παραδέχεσθαι,
1199 2449 1329 2519 πρὶν
1372 2448 1405 2520 ἢ
1445 2447 1736 2517 ἀφελέσθαι
1770 2448 1971 2516 αὐτῶν,

389 2537 487 2588 καὶ
519 2536 607 2591 ἐπ’
642 2533 862 2608 ἐξουσία⁴
895 2536 1010 2609 (85)
1049 2536 1159 2590 τῶν
1194 2537 1255 2602 ἐξ
1281 2538 1460 2609 ἀρχῆς
1485 2537 1973 2609 μνηστευσαμένων

391 2627 637 2699 ποιῆσαι,
681 2629 790 2683 εῐτε
837 2628 1110 2699 βούλοιντο
1158 2630 1347 2683 λαϐεῖν
1381 2630 1571 2693 αὐτὰς,
1603 2629 1714 2683 εἴτε
1735 2630 1975 2701 ἀποστῆ-

390 2737 511 2775 ναι·
546 2722 597 2773 εί
632 2720 689 2774 δὲ
732 2722 1099 2793 ηολάζουσάν
1139 2740 1226 2788 τις
1263 2722 1440 2788 λάϐοι,
1491 2723 1842 2796 ἀφαιρεῖσθαι
1873 2724 1973 2794 μὲν

388 2811 492 2877 δεῖ,
528 2812 622 2866 καὶ
649 2815 763 2879 τοῖς
789 2815 1011 2878 οἰκείοις
1048 2815 1446 2885 ἀποκαθιστᾷν,
1490 2815 1807 2886 ἐπιτρέπειν
1825 2816 1883 2869 δὲ
1905 2819 1973 2887 τῇ

389 2901 585 2975 γνώμῃ
630 2903 739 2958 τῶν
797 2907 1037 2971 οἰκείων,
1072 2908 1182 2963 εἴτε
1226 2910 1403 2975 γονεῖς
1435 2902 1566 2972 εἷεν,
1596 2906 1705 2960 εἴτε
1736 2906 1974 2975 ἀδελφοὶ,

390 2996 505 3050 εἴτε
550 2997 849 3052 οίτινεσοῦν
909 2999 1255 3071 προεστῶτες
1303 2999 1403 3070 τῆς
1468 3000 1671 3072 κόρης·
1722 2998 1826 3053 κᾶν
1878 3000 1976 3070 μὲν

392 3083 621 3138 ἱλωνται
650 3084 801 3156 αὐτῷ
828 3085 1185 3157 παραδοῦναι,
1229 3088 1482 3142 ἵστασθαι
1514 3089 1578 3142 τὸ
1611 3090 1940 3143 συνοικέσιον
1960 3107 1974 3123 ο

2071 1902 2253 1968 Quare
2306 1917 2445 1958 uxor
2501 1900 2723 1972 quidem
2788 1915 2819 1954 a
2865 1898 3230 1956 fornicatione
3284 1904 3648 1954 revertentem

2071 1995 2252 2049 virum
2302 2008 2463 2050 suum
2514 1992 2798 2064 excipiet:
2846 1993 2928 2046 vir
2958 2006 3089 2046 vero
3143 1990 3409 2060 pollutam
3457 2004 3489 2044 e
3532 1987 3648 2044 suis

2071 2087 2281 2142 aedibus
2320 2084 2522 2155 ejiciet.
2572 2084 2751 2152 Atque
2824 2083 3025 2138 horum
3076 2081 3296 2152 quidem
3348 2080 3491 2135 ratio
3537 2092 3648 2134 non

2087 2176 2290 2243 facilis,
2318 2174 2415 2232 sed
2449 2176 2788 2232 consuetudo
2820 2176 2903 2231 sic
2931 2173 3183 2228 invaluit.

2144 2266 2309 2323 XXII.
2350 2267 2457 2335 Qui
2517 2284 2582 2323 ex
2616 2275 2774 2338 raptu
2804 2267 3061 2323 mulieres
3112 2267 3349 2330 habent,
3381 2262 3649 2336 siquidem

2075 2361 2343 2433 aliisjam
2371 2361 2671 2431 desponsas
2726 2360 3106 2430 abripuerintf,
3144 2366 3274 2413 ante
3329 2356 3650 2412 admittendi

2075 2467 2185 2507 non
2229 2461 2377 2516 sunt,
2424 2468 2586 2522 quam
2617 2452 2685 2507 ab
2712 2452 2794 2509 eis
2825 2452 3022 2507 ablatae
3051 2452 3162 2506 sint
3186 2459 3242 2505 et
3292 2464 3485 2504 eorum
3530 2448 3650 2519 qui-

2075 2543 2179 2599 bus
2229 2542 2299 2598 ab
2346 2544 2503 2598 initio
2531 2541 2817 2613 desponsae
2861 2549 3039 2607 erant,
3097 2540 3357 2611 potestati
3403 2538 3651 2603 redditae,

2077 2644 2261 2690 utrum
2287 2649 2381 2691 eas
2411 2635 2578 2691 velint
2598 2635 2869 2705 accipere,
2894 2650 2962 2688 an
2994 2633 3282 2689 desistere.
3313 2629 3371 2685 Si
3400 2629 3527 2700 quis
3556 2644 3652 2684 au-

2078 2733 2185 2782 tem
2239 2734 2522 2783 vacantem
2559 2726 2856 2797 acceperit,
2895 2724 3113 2780 auferre
3143 2723 3364 2794 quidem
3400 2728 3653 2792 oportet,

2079 2819 2304 2888 suisque
2350 2817 2664 2883 restituere,
2721 2827 2777 2873 et
2835 2819 3078 2887 ipsorum
3106 2812 3377 2869 voluntati
3428 2811 3656 2882 permit-

2076 2915 2191 2964 tere
2213 2948 2229 2972 ,
2290 2908 2407 2964 sive
2451 2908 2565 2963 sint
2615 2916 2891 2979 parentes,
2928 2908 3043 2963 sive
3070 2905 3291 2970 fratres,
3328 2904 3444 2960 sive
3472 2902 3655 2974 quivis

2078 2999 2170 3053 alii
2218 2999 2411 3070 puella:
2460 2998 2879 3055 moderatores:
2919 3012 2985 3053 ac
3030 2998 3078 3053 si
3107 2997 3157 3053 ei
3189 2994 3409 3066 quidem
3443 2993 3656 3049 tradere

2081 3092 2292 3157 velint,
2352 3099 2570 3163 oportet
2644 3091 3059 3149 matrimonium
3117 3087 3511 3145 constituere:
3572 3086 3657 3142 sin

391 3178 489 3232 ἰὰν
535 3178 593 3231 δὲ
647 3178 985 3233 ἀνανεύσωσι
1019 3180 1155 3250 (84),
1200 3180 1275 3251 μὴ
1320 3178 1623 3249 βιάζεσθαι.
1660 3181 1764 3235 Τὸν
1796 3181 1974 3252 μέντοι

2084 3190 2270 3236 autem
2326 3182 2650 3248 renuerint,
2706 3195 3052 3252 nequaquam
3087 3180 3197 3235 vim
3232 3175 3459 3233 inferre.
3520 3176 3655 3233 Eum

469 3333 514 3365 "’
544 3331 747 3389 Jerem.
786 3349 871 3399 tu,
908 3333 959 3390 1.
1034 3333 1080 3366 ⁸⁸
1130 3333 1287 3388 Prov.
1329 3350 1483 3401 xvm,
1516 3333 1606 3393 2‘2.

469 3488 584 3560 (78)
600 3492 926 3559 Γενόμενα.
945 3488 1082 3544 Male
1099 3489 1255 3560 Angli
1283 3491 1338 3544 in
1365 3489 1655 3546 Pandectis
1679 3496 1734 3544 et
1763 3489 1855 3543 alii
1882 3490 1970 3544 in-

398 3567 668 3631 terpretes
700 3561 958 3631 reddunt,
986 3576 1101 3630 qua:
1130 3562 1184 3613 in
1217 3562 1639 3614 catechumenica
1675 3561 1785 3613 vita
1812 3560 1971 3629 ﬁunt.

398 3629 519 3686 Non
547 3630 691 3685 enim
720 3630 856 3685 dicit
897 3629 1136 3701 Basilius
1162 3646 1227 3684 ea
1266 3647 1373 3686 non
1404 3631 1586 3701 puniri
1618 3645 1738 3701 qua:
1764 3632 1819 3701 in
1872 3631 1976 3685 huc

400 3708 548 3754 statu
601 3710 920 3770 peccantur,
977 3700 1073 3755 sed
1107 3709 1315 3754 tantum
1364 3700 1587 3771 peccata
1632 3700 1758 3755 ante
1799 3700 1974 3769 bapti-

400 3785 583 3825 smum
610 3772 906 3826 commissa
933 3771 1203 3841 baptismo
1224 3771 1459 3841 expiari,
1487 3785 1590 3824 nec
1611 3772 1721 3839 jam
1740 3771 1976 3841 iesseju-

399 3840 549 3896 dicio
571 3842 948 3897 ecclesiastico
978 3841 1235 3895 obnoxia.
1279 3840 1416 3896 Hinc
1441 3841 1697 3896 observat
1737 3840 1980 3897 Zonaras

398 3925 515 3981 non
565 3926 810 3981 pugnare
862 3911 1011 3965 hunc
1057 3926 1320 3967 canonem
1356 3927 1481 3966 cum
1530 3925 1739 3966 canone
1786 3911 1981 3980 quinto

400 3979 851 4052 Neocaesariensi,
879 3982 938 4035 in
972 3997 1080 4052 quo
1108 3996 1283 4052 paena:
1303 3981 1712 4037 catechumenis
1746 3979 1981 4051 peccan-

403 4052 552 4107 tibus
578 4051 969 4105 decernuntur.

479 4122 594 4193 (79)
635 4122 1154 4193 Ἀναγκαιότατον.
1195 4122 1421 4193 Legitur
1450 4123 1504 4177 in
1541 4120 1714 4193 Regio
1745 4120 1981 4192 quodam

403 4192 601 4247 codice
634 4192 1065 4260 ἀναγκαιότατα.

474 4263 590 4334 (80)
615 4262 682 4316 El
717 4263 892 4334 ἀνήρ.
923 4262 1085 4334 Deest
1119 4261 1436 4334 conjunctio
1459 4261 1753 4334 induobus
1790 4275 1982 4334 recen—

404 4331 638 4388 tioribus
679 4332 983 4388 codicibus.
1016 4331 1238 4403 Legitur
1288 4332 1413 4403 Ἐὰν
1444 4333 1583 4403 ἀνήρ
1632 4332 1687 4387 in
1718 4332 1985 4403 antiquis-

405 4404 549 4459 sima
583 4403 906 4458 collectione
943 4402 1219 4457 canonum
1269 4402 1607 4458 Coisliniana
1649 4412 1704 4458 et
1736 4403 1791 4456 in
1838 4402 1984 4456 Pan-

404 4474 600 4529 dectis.
626 4471 982 4544 Commodius
1017 4488 1149 4528 sane
1166 4479 1258 4544 est
1286 4473 1733 4544 conjunctionem
1766 4472 1980 4544 tollere,

403 4559 581 4612 eoque
613 4543 848 4597 consilio
898 4543 1114 4599 videtur
1162 4543 1217 4597 in
1265 4541 1547 4598 codicibus
1593 4541 1757 4596 modo
1799 4542 1982 4597 citatis

405 4614 603 4736 delicta.
639 4612 747 4669 Sed
776 4624 960 4668 tamen
1008 4615 1132 4684 plus
1168 4612 1516 4669 tribuendum
1545 4619 1624 4666 tot
1666 4612 1790 4668 aliis
1830 4612 1981 4668 codi-

405 4699 455 4736 Cl
498 4700 584 4736 us.

404 4699 584 4741 CIDIIS.
765 4738 773 4746 _
790 4738 801 4745 ι

475 4753 591 4825 (81)
634 4753 1012 4825 Ὑπαγαγεῖν.
1048 4752 1500 4825 Consentinntin
1535 4754 1639 4809 hac
1672 4768 1820 4825 voce
1846 4769 1980 4825 mss.

406 4822 647 4880 codices.
681 4822 827 4878 Editi
860 4822 1115 4893 ὑπάγειν.
1149 4825 1327 4893 Supra
1356 4823 1619 4883 vidimus.
1650 4839 1773 4879 can.
1798 4823 1852 4888 9,
1879 4822 1984 4877 Ba-

408 4895 590 4949 silium
641 4895 699 4950 in
730 4896 800 4950 iis
832 4910 953 4965 quae
983 4895 1050 4949 ad
1075 4894 1363 4965 repudium
1389 4896 1644 4959 attinent,
1660 4895 1777 4965 duo
1804 4896 1983 4949 virum

408 4967 550 5020 inter
578 4964 969 5025 eLmulierem
1021 4964 1345 5035 discrimina
1389 4980 1612 5035 ponere.
1657 4964 1755 5019 llic
1801 4973 1983 5035 autem

408 5036 631 5089 tertium
667 5035 877 5104 adjicit,
903 5049 967 5089 ac
994 5037 1170 5089 virum
1208 5034 1428 5104 quidem
1461 5036 1516 5089 in
1550 5037 1670 5105 ipso
1698 5034 1986 5088 matrimo-

407 5106 520 5170 nio,
567 5105 615 5161 si
646 5120 774 5160 cum
827 5106 1004 5160 soluta
1036 5113 1092 5159 et
1141 5105 1315 5159 libera
1359 5106 1689 5175 peccaverit,
1733 5105 1984 5159 adulterii

410 5175 631 5231 nomine
658 5190 765 5230 non
794 5174 1144 5239 condemnat,
1177 5176 1273 5230 sed
1303 5174 1682 5231 fornicationis
1710 5193 1725 5230 :
1758 5190 1983 5229 uxorem

406 5254 588 5369 autem
629 5245 695 5368 tin
752 5247 944 5301 eodem
978 5256 1206 5315 peccato
1258 5245 1625 5302 certissimam
1681 5245 1983 5301 adulteram

442 5329 506 5369 ec
531 5330 622 5368 ara
657 5356 672 5369 .

442 5322 672 5371 celarat.

480 5384 591 5458 (82)
635 5387 690 5438 Ὀ
716 5385 785 5440 δὲ
817 5386 1042 5458 ἀνὴρ...
1072 5387 1437 5458 ἀποπέμψει.
1476 5385 1597 5458 Non
1631 5387 1782 5458 solus
1835 5384 1987 5458 Basi-

409 5455 517 5510 lius
540 5455 684 5510 lianc
716 5457 1171 5513 consuetudinem
1204 5455 1447 5513 secutus.
1480 5457 1687 5512 Auctor
1715 5456 1987 5512 Constitu-

409 5526 1059 5598 tionum‘apostolicarum
1092 5528 1173 5598 sic
1218 5528 1462 5598 loquitur
1507 5529 1601 5583 lib.
1627 5542 1702 5598 vt,
1728 5542 1849 5598 cap.
1878 5526 1943 5581 14
1970 5546 1983 5580 ;

504 5595 750 5667 κατέχων
779 5600 879 5667 τὴν
908 5595 1357 5668 παραφθαρεῖσαν
1391 5596 1606 5667 φύσεως
1648 5595 1849 5668 θεσμόῦ
1884 5615 1988 5650 πα-

408 5666 675 5739 ράνομος⁴
718 5666 959 5739 ,ἐπείπερ
991 5666 1036 5739 ’όγ
1057 5666 1302 5739 κατέχων
1340 5666 1622 5739 μοιχαλίδα
1660 5666 1848 5739 ἄφρων
1897 5670 1989 5720 καὶ

403 5736 633 5810 ἀσεϐής.
684 5736 947 5810 ’Δπότεμε
980 5738 1089 5809 γὰρ
1119 5736 1308 5811 αὐτὴν,
1343 5736 1525 5811 φησὶν,
1575 5739 1683 5793 ἀπὸ
1718 5736 1824 5791 τῶν
1854 5756 1982 5809 σαρ-

2074 3488 2191 3543 κῶν
2221 3504 2335 3541 σου.
2368 3486 2462 3558 υο
2484 3485 2594 3558 γάρ
2636 3487 2775 3558 ὲστιᾲ
2797 3484 3010 3558 βοηθὸς,
3041 3484 3155 3558 ἀλλῗ
3189 3484 3489 3548 ἐπίϐουλος,
3524 3484 3661 3558 πρὸς

2078 3558 2234 3613 ἄλλον
2267 3555 2604 3611 ἀποκλίνασα
2635 3555 2734 3626 τὴν
2758 3555 3019 3611 διάνοιαν.
3052 3555 3156 3621 Qui
3176 3567 3479 3626 corruptam
3531 3556 3659 3626 reti-

2081 3639 2189 3693 net,
2222 3638 2431 3682 natura:
2462 3627 2624 3696 legem
2647 3624 2808 3681 violat
2837 3642 2857 3681 :
2886 3624 3309 3698 quandoquidem
3336 3626 3444 3698 qui
3458 3624 3657 3698 retinet

2082 3699 2408 3759 adulteram,
2461 3694 2663 3751 stultus
2704 3704 2788 3751 est
2834 3694 2908 3751 et'
2932 3694 3151 3765 impius.
3205 3695 3482 3750 Abscinde
3510 3694 3657 3749 enim

2083 3784 2225 3833 eam,
2252 3768 2448 3838 inquit,
2478 3782 2508 3820 a
2531 3766 2792 3821 carnibus
2820 3767 2949 3821 tuis.
2985 3766 3130 3819 Nam
3163 3766 3405 3838 adjutria:
3424 3781 3527 3838 non
3555 3773 3659 3838 est,

2086 3839 2175 3892 sed
2213 3834 2554 3899 insidiatrix,
2600 3852 2719 3906 quae
2764 3846 2988 3890 mentem
3025 3840 3094 3890 ad
3149 3834 3315 3889 alium
3351 3834 3657 3889 declinarit.

2086 3909 2276 3965 Canon
2330 3909 2364 3963 8
2414 3906 2876 3962 Neocaesariensis
2933 3907 3111 3970 laicis,
3169 3920 3406 3975 quorum
3457 3918 3660 3960 uxores

2091 3979 2344 4034 adulterii
2394 3978 2681 4042 convictas,
2725 3977 2930 4031 aditum
2980 3976 3047 4030 ad
3084 3976 3449 4031 ministerium
3483 3975 3659 4029 eccle-

2091 4051 2376 4104 siasticum
2407 4048 2649 4115 claudit;
2691 4047 2907 4103 clericis
2945 4045 3305 4115 depositionis
3335 4044 3660 4115 pmnanLir-

2091 4129 2269 4189 rogat,
2294 4119 2343 4174 si
2373 4113 2674 4189 adulteram
2703 4118 2882 4189 nolint
2908 4113 3213 4189 dimittere.
3233 4113 3423 4189 Carioni
3448 4114 3524 4189 65
3544 4113 3658 4189 Eli-

2092 4184 2373 4244 beritanus
2419 4189 2500 4244 sic
2537 4188 2741 4242 habet:
2775 4187 2835 4243 Si
2882 4187 3033 4256 cujus
3088 4185 3266 4241 clerici
3310 4201 3448 4240 uxor
3498 4184 3661 4254 fuerit

2091 4260 2369 4324 mwchata,
2398 4268 2445 4313 et
2487 4258 2664 4311 scierit
2701 4275 2816 4312 eam
2859 4259 3085 4312 maritus
3134 4273 3262 4312 suus
3294 4256 3567 4318 maecltari,
3609 4265 3659 4309 et

2090 4347 2195 4384 non
2224 4346 2340 4384 eam
2374 4329 2557 4383 statim
2584 4328 2886 4397 projecerit,
2926 4344 3017 4383 nec
3055 4329 3109 4382 in
3109 4328 3236 4451 (line
3259 4328 3488 4397 accipiat
3517 4343 3660 4380 com-

2091 4402 2410 4451 munionem.
2441 4397 2672 4451 Hermas
2704 4400 2799 4451 lib.
2841 4416 2880 4451 ι.
2907 4416 2954 4451 c.
2987 4398 3043 4451 2.
3076 4414 3104 4451 a
3148 4399 3378 4451 ulteram
3419 4397 3545 4451 eiici
3578 4396 3660 4451 iu-

2091 4402 2410 4455 munionem.
2441 4396 2672 4454 Hermas
2704 4400 2799 4453 lib.
2841 4416 2880 4463 ι,
2907 4416 2954 4454 c.
2987 4398 3043 4458 2.
3076 4396 3381 4452 adulteram
3419 4397 3545 4466 ejici
3572 4396 3662 4465 ju-

2016 4456 2060 4512 Ι)
2088 4471 2200 4531 bet.
2243 4470 2340 4528 sed
2374 4477 2558 4524 tamen
2599 4456 2954 4539 pcenitentem
2995 4456 3183 4539 recipi.
3208 4468 3272 4539 rS.
3318 4456 3660 4538 Augustinus

2085 4538 2745 4609 adulleriumlcgitiinam
2780 4555 2902 4594 esse
2934 4538 3243 4594 dimittendi
3275 4553 3496 4609 causam
3527 4550 3657 4607 pro—

2083 4613 2320 4677 nuntiat,
2349 4607 2445 4665 sed
2488 4607 2598 4665 non
2646 4611 3035 4674 necessariam,
3079 4610 3176 4663 lib.
3204 4625 3243 4662 ιι
3286 4607 3366 4662 De
3423 4607 3655 4662 adulter.

2086 4683 2304 4751 nuptiis,
2343 4679 2553 4751 cap.p5,
2585 4697 2641 4734 ιι.
2684 4680 2771 4735 15.

2123 4744 2269 4875 ί(85)
2296 4744 2432 4805 Ἒπῖ
2464 4749 2737 4821 ἐξουσίᾳ.
2778 4749 2932 4806 Unus
2976 4747 3149 4805 codex
3198 4749 3331 4819 Reg.
3380 4748 3466 4802 ἐπ’
3508 4744 3660 4812 egos—

2141 4840 2225 4875 ας.

2086 4840 2225 4887 σιας.

2158 4894 2269 4965 (84)
2314 4896 2742 4965 Ἀνανεύσωσι.
2776 4890 3101 4965 Sicveteres
3135 4890 3263 4945 libri
3287 4901 3504 4965 summo
3523 4902 3655 4942 con-

2087 4960 2271 5020 sensu.
2299 4965 2441 5021 Editi
2463 4962 2780 5020 ἀνανεύωσι.
2814 4961 2996 5014 Mirari
3027 4967 3208 5014 autem
3232 4960 3380 5016 subit
3400 4972 3499 5014 cur
3520 4972 3660 5027 quos

2088 5036 2233 5116 leges
2264 5033 2701 5116 civiles_capitali
2728 5031 3003 5116 supplicio
3028 5029 3357 5116 puniebant,
3376 5034 3657 5116 necgrapto

2087 5096 2339 5177 sinebant
2360 5096 2588 5177 perfrui,
2611 5110 2670 5157 ut
2693 5096 2876 5177 videre
2897 5109 2981 5157 est
2999 5096 3120 5156 cod.
3142 5099 3442 5177 Theodos.,
3457 5096 3655 5164 libfix,
3679 5096 3694 5130 ὀ

2090 5176 2174 5229 tit.
2206 5175 2296 5239 25,
2323 5170 2390 5232 iis
2420 5177 2657 5231 Basilius
2697 5180 2806 5225 tam
2839 5174 2985 5226 leves
3017 5185 3207 5240 pmnas
3237 5170 3464 5239 irroget,
3496 5184 3598 5223 nec
3624 5184 3654 5221 a

2089 5248 2440 5302 matrimonio
2469 5242 2747 5303 excludat,
2771 5243 2816 5296 si
2853 5249 3140 5311 parentum
3172 5240 3401 5311 virginis
3426 5252 3660 5311 consen-

2090 5332 2185 5371 sus
2215 5317 2461 5379 accedat,
2487 5326 2546 5370 ut
2573 5314 2757 5369 videre
2779 5308 2870 5367 est
2895 5312 2951 5365 in
2988 5326 3200 5366 canone
3230 5308 3320 5363 29.
3359 5308 3467 5364 Sed
3492 5308 3658 5364 credo

2091 5395 2341 5441 sanctum
2374 5388 2653 5441 doctorem
2683 5397 2745 5436 ea
2771 5389 2953 5436 mente
2989 5383 3182 5437 leniter
3213 5382 3411 5451 egisse,
3441 5394 3510 5434 ne
3538 5379 3658 5448 qui-

2088 5457 2192 5512 bus
2213 5457 2343 5539 Iipsa
2368 5459 2523 5536 fuga-1
2532 5453 2913 5539 impunitatem
2955 5464 3012 5539 _e_t
3044 5450 3476 5539 licentiamdare
3506 5458 3659 5519 pote.—

2090 5538 2194 5592 rat,
2213 5520 2267 5580 bi
2291 5534 2346 5581 et
2368 5520 2698 5581 matrimonii
2722 5522 3174 5592 desperationeet
3199 5520 3466 5591 gravioris
3487 5533 3660 5589 paena:

2090 5590 2237 5651 metu
2270 5598 2326 5650 in
2361 5597 2565 5653 scelere
2618 5590 3067 5648 obdurescerent.
3102 5590 3239 5646 Hinc
3280 5591 3348 5646 de
3378 5605 3660 5645 sacrarum

2088 5668 2359 5737 virginum
2410 5674 2567 5736 raptu
2600 5679 2710 5718 non
2751 5662 3023 5737 loquitur,
3078 5662 3173 5737 sed
3215 5662 3284 5737 de
3319 5663 3389 5716 iis
3423 5668 3661 5729 tantum,

2092 5732 2324 5806 quorum
2360 5732 2584 5807 peccato
2607 5733 3016 5790 matrimonium
3048 5732 3254 5790 mederi
3285 5738 3522 5805 poterat.
