3948 6214
311 393 414 450 ηδ

1698 391 1755 445 S.
1800 389 2045 444 BASlLII
2086 386 2301 445 MAGNI

3452 382 3551 435 γει

309 515 490 562 autem
538 507 632 577 qui
663 523 729 564 ex
782 518 994 579 stupro,
1044 522 1159 564 srve
1196 518 1384 563 .atentr
1445 522 1561 564 srve
1620 506 1878 573 violento,

2009 526 2049 562 νκ
2084 507 2379 587 διαφθορβς
2401 506 2509 559 εἴτε
2542 501 2804 576 λαθραίας
2842 502 2952 556 εἴτε
2991 498 3292 572 βιαιοτέρας
3324 501 3553 569 γυναῖκα

314 614 540 655 uxorem
591 601 795 665 habet,
834 617 1060 657 necesse
1109 609 1194 656 est
1249 601 1630 671 fornicationis
1667 617 1884 674 poenam

316 707 633 762 agnoscere.
692 693 787 783 Est
832 702 1013 750 autem
1047 695 1102 748 in
1144 702 1383 764 quatuor
1415 695 1573 750 annis
1620 696 1885 765 prmﬁnita

318 782 715 840 fornicantibus
763 782 955 856 paena.
1008 785 1236 856 Oportet
1286 801 1383 841 eos
1442 802 1586 841 anno
1638 788 1816 858 primo
1855 803 1886 842 a

317 873 573 942 precibus
630 876 873 944 expelli,
922 883 976 930 et
1014 874 1145 930 ﬂere
1194 875 1263 929 ad
1303 875 1450 931 fores
1474 877 1763 931 ecclesias:
1797 892 1886 932 se-

317 964 497 1018 cundo
532 965 598 1019 ad
649 966 979 1022 auditionem
1026 968 1281 1033 admitti,
1331 969 1493 1024 tertio
1522 970 1587 1024 ad
1624 972 1889 1040 paeniten-

315 1057 448 1109 tiam
478 1073 490 1106 :
522 1065 719 1127 quarto
744 1057 811 1110 ad
834 1059 1089 1113 standum
1121 1075 1227 1113 una
1273 1074 1401 1113 eum
1431 1063 1632 1131 populo
1658 1102 1674 1125 ,
1719 1046 1890 1117 absti-

314 1155 511 1202 nentes
545 1147 614 1200 ah
642 1149 948 1217 oblatione;
978 1150 1175 1206 deinde
1202 1152 1282 1206 eis
1315 1154 1553 1221 permitti
1582 1154 1710 1208 boni
1740 1171 1890 1209 com-

317 1239 657 1294 munionem.

385 1328 573 1384 XXIII.
625 1332 702 1388 De
752 1334 820 1388 iis
871 1341 1052 1390 autem
1107 1337 1201 1405 qui
1236 1337 1374 1392 duas
1420 1353 1640 1394 sorores
1692 1354 1890 1395 uxores

315 1420 546 1487 ducunt,
573 1424 658 1477 vel
707 1424 775 1478 de
805 1424 885 1480 eis
913 1442 1034 1497 quae
1062 1428 1275 1484 duobus
1302 1429 1562 1487 fratribus
1594 1431 1827 1496 nubunt,
1859 1446 1891 1485 a

313 1512 476 1567 nobis
526 1513 674 1569 edita
733 1524 819 1571 est
845 1517 1112 1586 epistola,
1143 1520 1303 1588 cujus
1335 1521 1587 1577 misimus
1616 1522 1893 1591 exemplar

314 1610 424 1657 tua:
458 1604 664 1673 pietati.
717 1605 820 1673 Qui
849 1620 1030 1664 autem
1082 1611 1168 1664 sui
1206 1610 1391 1668 fratris
1420 1628 1643 1668 uxorem
1669 1628 1893 1684 accepe-

314 1696 409 1758 rit,
466 1711 575 1750 non
634 1698 786 1768 prius
832 1701 1164 1765 admittetur,
1196 1719 1358 1773 quam
1389 1705 1458 1759 ab
1490 1720 1553 1760 ea
1585 1707 1889 1763 recesserit.

385 1786 575 1845 XXIV.
623 1787 871 1856 Viduam,
900 1809 1022 1863 quae
1058 1794 1116 1848 in
1148 1795 1435 1850 viduarum
1465 1813 1751 1853 numerum
1805 1813 1893 1853 re-

314 1878 423 1932 lata
448 1886 553 1943 est,
583 1879 687 1936 hoc
725 1893 809 1937 est
833 1922 847 1944 .
883 1860 1006 1955 quae
1038 1886 1106 1939 ab
1146 1885 1392 1943 Ecclesia
1437 1888 1600 1942 alitur
1632 1932 1647 1952 ,
1677 1889 1892 1958 judica-
1921 1860 1964 1913 Β

313 1968 394 2021 vit
420 1967 713 2038 Apostolus
727 1974 1017 2028 nubentem
1043 1978 1318 2031 contemni
1347 1978 1616 2033 debere”.
1640 1977 1769 2034 Viro
1789 1995 1892 2034 au-

314 2063 427 2110 tem
455 2058 620 2113 viduo
671 2061 759 2115 lex
811 2063 1067 2133 imposita
1100 2081 1213 2121 non
1251 2075 1337 2122 est
1368 2110 1383 2134 ,
1424 2069 1518 2122 sed
1554 2070 1650 2123 tali
1695 2071 1892 2125 sullicit

314 2162 478 2218 pmna
512 2151 874 2222 digamorum.
928 2153 1099 2211 Porro
1152 2158 1316 2212 vidua
1373 2161 1657 2230 sexaginta
1715 2177 1892 2219 annos

315 2250 443 2295 nata
468 2282 484 2306 ,
521 2244 566 2299 si
612 2260 807 2301 rursus
859 2263 969 2301 una
1024 2263 1148 2302 cum
1178 2250 1299 2305 viro
1333 2251 1579 2307 habitare
1616 2254 1890 2319 voluerit,

314 2330 447 2386 boni
506 2338 894 2394 communione
924 2355 1035 2394 non
1071 2342 1388 2412 dignabitur
1417 2384 1433 2408 ,
1479 2345 1655 2400 donec
1684 2346 1754 2401 ab
1792 2348 1892 2401 im-

316 2426 576 2493 puritatis
630 2428 765 2484 vitio
821 2430 1117 2488 destiterit.
1193 2432 1297 2488 Sed
1330 2434 1375 2489 si
1434 2443 1562 2489 ante
1608 2436 1891 2506 sexaginta

317 2533 493 2574 annos
534 2535 652 2574 eam
680 2523 1124 2592 tascripserimus
1155 2567 1171 2591 ,
1205 2533 1394 2581 nostra
1424 2539 1507 2583 est
1532 2568 1547 2593 ,
1605 2544 1719 2584 non
1769 2546 1891 2585 mu-

317 2607 471 2665 lieris
509 2611 690 2682 culpa.

387 2788 554 2846 XXV.
595 2792 700 2859 Qui
729 2809 761 2848 a
787 2809 847 2850 se
875 2802 1175 2864 stupratam
1204 2812 1302 2866 pro
1333 2813 1505 2855 uxore
1533 2787 1758 2865 detinet,
1783 2811 1895 2857 stu-

317 2882 402 2952 pri
430 2883 649 2952 quidem
678 2900 894 2953 poenam
923 2888 1151 2953 subibit,
1188 2888 1283 2943 sed
1312 2889 1363 2944 ei
1390 2890 1576 2945 licebit
1609 2907 1726 2947 eam
1751 2910 1890 2949 uxo-

315 2989 431 3028 rem
457 2975 677 3030 habere.

388 3065 554 3137 294
592 3066 778 3120 XXVI.
818 3066 1134 3124 Fornicatio
1180 3071 1586 3127 matrimonium
1626 3091 1736 3130 non
1766 3086 1891 3144 est,

1985 596 2177 667 ἔχοντα
2208 590 2421 667 ἀνάγκη
2448 596 2507 650 τὸ
2534 596 2631 666 τῆς
2652 594 2903 666 πορνείας
2940 589 3233 660 ἐπιγνῶναι
3259 590 3550 660 ἐπιτίμιον.

1988 688 2146 742 Ἔστι
2202 672 2258 741 δὲ
2293 689 2350 741 ἐν
2400 688 2690 758 τέσσαρσιν
2743 684 2917 737 ἔτεσιν
2956 683 3231 755 ὡρισμένη
3265 684 3377 744 τοῖς
3419 699 3556 751 mp-

1986 779 2230 832 νεύουσιν
2260 781 2293 850 ἡ
2337 779 2673 850 ἐπιτίμησις.
2706 776 2826 848 Χρὴ
2850 774 2927 845 τῷ
2960 773 3161 846 πρώτῳ
3202 773 3557 827 ἐκϐάλλεσθαι

1986 871 2092 924 τῶν
2136 871 2475 942 προσευχῶν,
2532 871 2627 924 καὶ
2667 868 3018 941 προσκλαίειν
3057 867 3254 930 αὐτοὺς
3294 871 3361 938 τῇ
3408 866 3560 947 »θύρᾳ

1986 963 2084 1032 τῆς
2114 962 2409 1033 ἐκκλησίας
2428 980 2442 994 ο
2476 961 2555 1032 τῷ
2601 962 2836 1034 δευτέρῳ
2866 960 3119 1031 δεχθῆναι
3147 962 3227 1023 εἰς
3260 960 3519 1031 ἀκρόασιν
3542 975 3557 988 ·

1985 1053 2064 1124 τῷ
2109 1054 2276 1125 τρίτῳ
2306 1058 2385 1119 είς
2430 1056 2751 1125 μετάνοιανο
2786 1052 2862 1124 τῷ
2885 1053 3129 1125 τετάρτῳ
3173 1054 3253 1116 εἰς
3300 1053 3560 1105 σύστασιν

1992 1145 2131 1217 μετά
2178 1146 2271 1199 τοῦ
2321 1146 2472 1212 λαοῦ,
2534 1148 2900 1218 ἀπεχομένους
2927 1145 3025 1217 τῆς
3071 1144 3413 1216 προσφορᾶς
3442 1140 3561 1197 εἶτα

1990 1238 2185 1303 αὐτοὺς
2210 1238 2321 1310 (85)
2354 1239 2743 1310 ἐπιτρέπεσθαι
2771 1240 2869 1311 τὴν
2899 1238 3183 1293 κοινωνίαν
3204 1237 3297 1290 τοῦ
3331 1234 3560 1305 ἀγαθοῦ.

2060 1330 2152 1382 ΚΓ
2154 1336 2186 1383 ’.
2225 1331 2361 1402 Περὶ
2378 1331 2434 1384 δὲ
2465 1330 2571 1383 τῶν
2599 1329 2691 1383 δύο
2714 1329 2948 1399 ἀδελφὰς
2969 1328 3307 1401 γαμούντων,
3342 1327 3376 1398 ἢ
3412 1326 3564 1379 ἀδελ-

1993 1424 2113 1491 φοῖς
2172 1421 2291 1474 δυσὶ
2336 1420 2717 1492 γαμουμένων,
2766 1420 3114 1473 ὲπιστολίδισν
3147 1423 3278 1491 ἡμῖν
3309 1416 3561 1487 ἐκπεφώ-

1992 1530 2174 1583 νηται,
2221 1507 2283 1567 οὗ
2314 1513 2374 1566 τὸ
2399 1513 2730 1584 ἀντίγραφον
2786 1513 3187 1584 ἀπεστείλαμεν
3224 1512 3334 1582 (86)
3376 1529 3468 1564 σου
3494 1511 3561 1582 τῇ

1992 1604 2264 1676 εὐλαϐείᾳ.
2301 1606 2358 1657 '0
2378 1605 2431 1658 δὲ
2456 1605 2679 1674 ἀδελφοῦ
2711 1605 2839 1659 ἰδίου
2859 1609 3091 1673 γυναῖκα
3122 1606 3301 1659 λαϐὼν
3331 1607 3391 1659 ού
3427 1603 3557 1676 πρᾶο

1992 1713 2149 1767 τερον
2179 1695 2499 1767 δεχθήσεται
2536 1699 2664 1768 πρὶν
2688 1697 2985 1767 ἀποστῆναι
3011 1699 3198 1770 αὐτῆς.

2064 1790 2188 1841 ΚΔ’.
2240 1789 2450 1861 Χήραν,
2499 1788 2596 1859 τὴν
2665 1790 3051 1857 καταλεγεῖσαν
3092 1793 3173 1854 είς
3207 1792 3297 1845 τὸν
3335 1788 3565 1861 ἀριθμὸν

1993 1877 2101 1929 τῶν
2158 1877 2364 1949 χηρῶν,
2413 1878 2678 1941 τουτέστι,
2716 1878 2815 1949 τὴν
2861 1878 3282 1951 διακονουμένην
3321 1880 3430 1949 (87)
3461 1878 3565 1931 ὑπὸ

1993 1970 2091 2041 τῆς
2154 1968 2496 2039 Ἐκκλησίας,
2538 1969 2750 2040 ἔκρινεν
2792 1970 2820 2021 ὁ
2864 1969 3179 2033 Ἀπόστολος
3212 1971 3564 2040 γαμουμένην

1994 2061 2359 2134 παρορᾶσθαι.
2409 2062 2586 2133 Ἀνδρὶ
2621 2062 2678 2115 δὲ
2717 2061 3043 2133 χηρεύσαντι
3084 2062 3259 2126 οὐδεὶς
3296 2063 3565 2119 ἐπίκειται

1994 2155 2177 2226 νόμος,
2205 2154 2319 2209 ἀλλ’
2350 2156 2529 2208 ἰκανὸν
2562 2155 2640 2225 τῷ
2666 2154 2891 2223 τοιούτῳ
2913 2155 2972 2207 τὸ
2992 2156 3099 2209 τῶν
3121 2154 3366 2225 διγάμων
3389 2156 3566 2208 ἐπιτί-

1996 2263 2135 2316 μιον.
2181 2247 2245 2299 Ἠ
2287 2247 2467 2316 μέντοι
2496 2284 2499 2287 -
2524 2248 2689 2318 χήρα,
2725 2247 3116 2317 ἑξηκονταετὴς
3159 2250 3437 2315 γεγονυῖα,
3471 2246 3567 2299 ὲάν

1992 2338 2181 2408 ἕληται
2228 2337 2392 2391 πάλιν
2447 2338 2601 2409 ἀνδρὶ
2664 2340 2949 2399 συνοικεῖν,
2994 2338 3054 2390 οὐ
3102 2338 3569 2408 καταξιωθήσεται

1991 2431 2088 2499 τῆς
2138 2429 2228 2482 τοῦ
2263 2428 2466 2498 ἀγαθοῦ
2515 2431 2817 2496 κοινωνίας,
2857 2434 2960 2496 ἕως
2998 2432 3064 2485 ἂν
3095 2429 3188 2482 τοῦ
3234 2430 3437 2493 πάθους
3468 2429 3569 2498 τῆς

1993 2522 2333 2594 ἀκαθαρσίας
2385 2520 2684 2593 παύσηταιζ
2753 2526 2879 2578 Ἐὰν
2936 2526 3110 2596 μέντοι
3159 2522 3263 2595 πρὸ
3306 2522 3567 2593 ἑξήκοντα

1991 2607 2127 2661 ἐτῶν
2153 2609 2547 2680 ἀριθμήσωμεν
2564 2610 2672 2683 (88)
2699 2612 2887 2684 αὐτὴν,
2914 2614 3177 2684 ἡμέτερον
3197 2611 3258 2664 τὸ
3296 2610 3567 2681 ἔγκλημα,

1991 2700 2053 2752 οὐ
2082 2699 2175 2753 τοῦ
2199 2701 2442 2770 γυναίου.

2063 2790 2192 2842 ΚΕ’.
2241 2791 2298 2843 Ὀ
2332 2792 2430 2863 τὴν
2456 2792 2856 2864 διεφθαρμένην
2896 2795 2983 2863 ὑφ’
3009 2792 3201 2848 ἑαυτοῦ⁹
3229 2794 3311 2855 εἰς
3335 2796 3568 2860 γυναῖκα

1993 2881 2239 2950 κατέχων
2261 2883 2322 2934 τὸ
2344 2883 2440 2953 μὲν
2470 2884 2563 2937 ἐπὶ
2584 2887 2649 2955 τῇ
2678 2885 2853 2955 φθορᾷ
2880 2885 3152 2957 ἐπιτίμιον
3182 2889 3579 2961 ύποστήσεται,

1992 2973 2090 3043 τὴν
2124 2972 2180 3025 δὲ
2207 2976 2440 3042 γυναῖκα
2466 2974 2607 3045 ἔχειν
2642 2976 3144 3048 συγχωρηθήσεται.

2064 3066 2209 3132 KG".
2260 3066 2323 3119 'H
2376 3068 2600 3137 πορνεία
2649 3069 2824 3140 γάμος
2852 3071 2951 3123 οὐκ
2994 3070 3136 3124 ἔστιν
3158 3088 3170 3102 ο
3203 3071 3458 3125 ἀλλὀὐδὲ
3478 3072 3567 3139 rei.

318 3158 415 3210 sed
449 3172 517 3211 ne
566 3158 898 3213 matrimonii
928 3160 1149 3229 quidem
1204 3161 1443 3221 initium.
1484 3166 1665 3234 Quare
1697 3171 1742 3225 si
1773 3171 1889 3226 fieri

2009 3171 2100 3223 ιιου
2132 3156 2294 3227 ἀρχή.
2338 3158 2521 3223 Ὥστε,
2552 3157 2647 3210 ἐὰν
2737 3158 2959 3212 δυνατὸν
2988 3162 3114 3224 τοὺς
3136 3161 3277 3214 κατὰ
3316 3161 3556 3232 πορνεία·

318 3256 546 3319 potest,
617 3259 677 3304 ut
756 3253 855 3321 qui
926 3268 1024 3323 per
1108 3253 1526 3311 fornicationem
1610 3262 1947 3331 conjuncti'

315 3351 447 3396 sunt
478 3382 495 3407 ,
551 3352 914 3414 separentur,
966 3346 1017 3401 id
1054 3348 1274 3417 quidem
1329 3351 1596 3419 optimum
1643 3365 1745 3409 est.
1795 3355 1892 3411 Sin

319 3440 503 3487 autem
561 3434 644 3489 eis
689 3436 914 3489 omnino
966 3436 1178 3505 placeat
1228 3438 1543 3509 conjugium
1577 3482 1592 3505 ,
1654 3442 1894 3499 fornica-

320 3526 490 3581 tionis
519 3528 737 3598 quidem
770 3543 990 3597 ptenam
1024 3538 1325 3599 agnoscant
1356 3549 1373 3599 ;
1424 3533 1520 3588 sed
1552 3534 1776 3591 minime
1808 3552 1897 3592 se<

320 3628 605 3690 parentur,
639 3637 706 3677 ne
736 3622 865 3691 quid
894 3622 1136 3677 deterius
1160 3624 1396 3678 accidat.

394 3710 605 3765 XXVII.
647 3711 722 3767 De
751 3712 1101 3783 presbytero,
1151 3714 1244 3784 qui
1282 3714 1523 3771 insciens
1549 3716 1757 3773 illicitis
1789 3735 1896 3774 nu-

318 3805 454 3875 ptiis
487 3805 799 3875 implicatus
853 3814 969 3868 est,
1006 3806 1173 3860 statui
1212 3823 1333 3878 qua:
1361 3811 1669 3879 oportebat,
1703 3812 1893 3867 cathe-

318 3896 436 3950 dra:
484 3897 704 3973 quidem
740 3896 1058 3966 participem
1092 3911 1252 3959 esse,
1291 3899 1386 3954 sed
1434 3916 1465 3953 a
1516 3903 1743 3971 reliquis
1775 3920 1889 3957 mu-

322 3991 429 4044 niis
488 3989 784 4044 abstinere.
843 3987 980 4042 Nam
1044 3989 1181 4045 satis
1230 3997 1314 4045 est
1368 3992 1635 4062 ejusmodi
1685 3988 1916 4050 homini

322 4078 502 4132 venia.
551 4077 620 4131 Ut
648 4086 827 4133 autem
861 4079 1028 4134 alium
1077 4081 1388 4145 benedicat,
1425 4084 1518 4153 qui
1548 4086 1767 4154 propria
1797 4094 1896 4140 Cu-

320 4183 448 4222 rare
486 4166 657 4247 debet
686 4168 914 4223 vulnera
941 4210 955 4234 ,
1026 4172 1252 4227 minime
1302 4182 1753 4229 consentaneum.
1793 4175 1895 4231 Be-

320 4258 564 4314 nedictio
617 4258 764 4313 enim
806 4260 1261 4317 sanctificationis
1311 4265 1740 4318 communicatio
1787 4273 1890 4320 est.

318 4355 498 4420 Quam
554 4351 645 4421 qui
696 4366 807 4404 non
870 4352 1082 4417 habet,
1145 4357 1584 4426 proptereaquod
1655 4356 1896 4413 insciens

320 4445 513 4513 lapsus
551 4448 671 4499 est.
724 4440 1003 4510 quomodo
1045 4443 1168 4497 aliis
1221 4444 1533 4513 impertiet?
1565 4444 1751 4515 Itaque
1795 4463 1897 4503 nec

2002 3248 2438 3318 συναπτομὲνους
2487 3252 2833 3322 χωρίζεσθαι,
2881 3252 3038 3305 τοῦτο
3084 3254 3392 3323 κράτιστον.
3445 3254 3573 3307 Ἐὰν

1998 3338 2057 3391 δὲ
2092 3340 2389 3412 στέργωσιν
2443 3344 2507 3397 ἐκ
2564 3344 2758 3407 παντὸς
2783 3344 2984 3415 τρόπου
3025 3345 3087 3398 τὸ
3128 3345 3480 3407 συνοικέσιον,
3512 3345 3576 3398 τὸ

2004 3431 2103 3499 μὲν
2125 3432 2230 3501 τῆς,
2253 3434 2505 3503 πορνείας
2539 3436 2808 3505 ἐπιτίμιον
2826 3435 3265 3508 γνωριζέτωσαν·
3300 3435 3574 3505 ἀφιέσθω-

2003 3538 2099 3578 σαν
2125 3522 2202 3590 δὲ,
2236 3524 2320 3576 ἵνα
2344 3525 2417 3595 μὴ
2451 3525 2630 3596 χεῖρόν
2660 3542 2711 3579 τι
2738 3526 2980 3597 γένηται.

2071 3727 2198 3779 KZ'.
2258 3727 2394 3799 Περὶ
2446 3727 2540 3780 τοῦ
2590 3728 2983 3800 πρεσϐυτέρου,
3032 3728 3127 3781 τοῦ
3183 3730 3303 3781 κατ’
3352 3727 3578 3795 ἄγνοιαν

2003 3818 2225 3887 ἀθέσμῳ
2275 3819 2439 3890 γάμῳ
2493 3820 2604 3889 (89)
2653 3821 3070 3891 περιπαρέντος,
3106 3821 3281 3892 ὥρισα
3311 3820 3571 3892 ἆὲχρῆν·

2003 3910 2268 3980 καθέδρας
2320 3913 2417 3982 μὲν
2468 3913 2734 3982 μετέχειν.
2785 3914 2894 3967 τῶν
2926 3915 2981 3967 δὲ
3033 3915 3235 3969 λοιπῶν
3284 3915 3576 3987 ἐνεργειῶν

2003 4001 2319 4071 ἀπέχεσθαι.
2363 4004 2614 4075 Ἀρκετὸν
2661 4005 2769 4076 γὰρ
2802 4006 2878 4076 τῷ
2926 4006 3154 4077 τοιούτῳ
3185 4011 3217 4077 ἡ
3254 4008 3571 4077 συγγνώμη.

2002 4091 2260 4160 Εὐλογεῖν
2286 4094 2343 4147 δὲ
2377 4096 2582 4165 ἕτερον,
2610 4096 2701 4148 τὸν
2730 4097 2798 4150 τὰ
2818 4100 2994 4150 οἰκεία
3013 4100 3268 4167 τημελεῖν
3295 4100 3578 4168 ὀφείλοντα

2002 4181 2702 4253 τραύματα,ἁνακόλουθον.
2729 4187 2958 4255 Εὑλογία
2982 4188 3088 4259 γὰρ
3115 4189 3386 4258 ἀγιασμού
3412 4191 3575 4261 μετά-

2002 4273 2147 4337 δοσίς
2188 4276 2354 4329 ἐστιν.
2422 4276 2479 4329 '0
2511 4277 2569 4330 δὲ
2608 4278 2764 4331 τοῦτο
2794 4279 2865 4349 μὴ
2919 4279 3076 4349 ἔχων,
3132 4280 3221 4333 διὰ
3252 4280 3313 4333 τὸ
3364 4283 3428 4335 ἐκ
3474 4282 3576 4350 τῆς

2003 4363 2225 4431 ἀγνοίας
2264 4367 2615 4438 παράπτωμα
2659 4369 2775 4432 πῶς
2822 4372 2991 4441 ἑτέρῳ
3045 4371 3380 4441 μεταδώσει;
3419 4375 3574 4445 Μήτε

2004 4456 2179 4507 τοίνυν
2213 4455 2445 4527 δημοσίᾳ
2474 4460 2610 4527 μήτε
2648 4459 2752 4530 ἰδίᾳ
2794 4460 3101 4527 εὐλογείτω,
3136 4464 3269 4532 μήτε
3310 4462 3370 4515 τὸ
3414 4462 3576 4533 σῶμα

320 4535 543 4606 publice
578 4547 681 4586 nec
713 4531 967 4601 privatim
999 4532 1304 4599 benedicat,
1341 4552 1442 4591 nec
1469 4553 1673 4607 corpus
1693 4537 1895 4596 Christi

2009 4544 2096 4597 τοῦ
2133 4546 2367 4616 Χριστοῦ
2411 4549 2762 4619 κατανεμέτω
2797 4552 3021 4623 ἑτέροις,
3066 4531 3204 4623 μήτε
3230 4571 3283 4606 τι
3313 4554 3439 4607 ἄλλο
3465 4531 3569 4607 λει-

321 4628 620 4683 distribuat
648 4624 793 4687 aliis,
849 4640 951 4679 nec
982 4627 1217 4695 quodvis
1246 4628 1393 4682 aliud
1425 4644 1641 4684 sacrum
1697 4648 1896 4688 munus

319 4720 506 4781 obeat.
541 4717 658 4779 sed,
702 4716 1003 4771 honorifica
1039 4718 1168 4772 sede
1213 4727 1503 4775 contentus
1525 4760 1540 4781 .
1595 4728 1747 4792 roget
1772 4738 1896 4777 eum

323 4811 584 4884 lacrymis
634 4809 972 4876 Dominum,
1021 4816 1083 4863 ut
1114 4810 1223 4867 sibi
1268 4811 1589 4882 ignorantiae
1611 4822 1896 4884 peccatum

324 4907 656 4961 remittatur.

401 5040 502 5093 "1
548 5039 689 5096 Tim.
729 5056 783 5105 ν,
817 5040 905 5105 Η,
943 5040 1031 5098 12.

395 5196 692 5274 (85)_Efra_
716 5200 959 5266 αὐτούς.
994 5198 1189 5254 Plures
1227 5198 1446 5254 codices
1474 5212 1582 5253 non
1627 5200 1898 5270 antiquis-

323 5268 446 5327 simi
482 5268 599 5325 εἶτα
636 5272 840 5334 αὐτοῖς.

398 5341 508 5411 (86)
556 5342 1051 5411 Ἀπεστείλαμεν,
1094 5338 1188 5411 Sic
1230 5338 1450 5411 codices
1514 5356 1647 5395 mss.
1696 5355 1796 5410 pro
1837 5356 1903 5396 eo

328 5408 629 5481 quoderat
657 5412 713 5465 in
758 5408 921 5465 editis
949 5409 1266 5481 ἀπέστειλα.
1298 5408 1645 5480 Epistolium,
1689 5408 1757 5466 de
1794 5426 1903 5481 quo

326 5479 416 5535 hic
442 5480 699 5542 Basilius,
722 5493 809 5536 est
836 5481 1067 5548 epistola
1099 5480 1243 5535 160.-

401 5549 513 5621 (87)
543 5550 1047 5618 Διακονουμένην.
1080 5549 1156 5621 In
1204 5552 1306 5605 hac
1333 5566 1466 5605 voce
1489 5550 1904 5618 interpretanda

328 5619 554 5675 secutus
590 5637 713 5674 sum
748 5621 1044 5673 Zonaram.
1078 5619 1259 5675 Minus
1288 5622 1572 5687 eo‘Inmode
1610 5622 1697 5674 alii
1732 5621 1903 5674 inter-

330 5699 534 5757 pretes,
564 5707 680 5757 quae
705 5692 769 5743 ab
806 5689 1043 5759 Ecclesia
1074 5690 1129 5742 in
1158 5690 1498 5745 diaconatum
1529 5694 1767 5759 Suscepta
1806 5701 1902 5745 est.

329 5761 464 5815 Illud
494 5768 676 5814 autem
709 5758 1053 5829 παρορᾶσθαι
1081 5760 1221 5812 idem
1248 5777 1370 5815 esse
1392 5769 1613 5815 monent
1643 5758 1906 5829 interpre-

328 5839 411 5886 tes
441 5847 503 5885 ac
542 5828 841 5893 contemni,
878 5844 977 5882 nec
1008 5830 1119 5898 jam
1153 5828 1407 5884 Ecclesiae
1443 5832 1748 5899 sumptibus
1778 5828 1905 5888 sus-

2000 4637 2320 4707 τουργείτω,
2384 4638 2519 4692 ἀλλὰ
2590 4640 2924 4711 ἀρκούμενος
2973 4646 3038 4713 τῇ
3089 4645 3348 4716 προεδρίᾳ
3409 4663 3577 4717 προσ-

2002 4728 2235 4781 κλαιέτω
2267 4729 2376 4799 (90)
2405 4730 2482 4800 τῷ
2523 4732 2733 4804 Κυρίῳ,
2775 4735 3191 4809 συγχωρηθῆναι
3229 4738 3377 4809 αὐτῷ
3412 4738 3475 4792 τὸ
3510 4740 3577 4792 ὲκ

2000 4818 2100 4890 τῆς
2124 4820 2344 4890 ἀγνοίας
2370 4822 2646 4895 ἀνόμημα.

2002 5190 2224 5248 tentari.

2078 5263 2185 5329 (88)
2232 5260 2684 5332 Ἀριθμήσωμεν.
2738 5261 2828 5317 Sic
2879 5262 3124 5333 plerique
3165 5261 3384 5318 codices
3439 5278 3573 5318 mss.

2003 5333 2145 5388 Editi
2180 5333 2579 5403 ἀριθμήσομεν.

2078 5403 2498 5473 (89χἈθέσμῳ
2530 5403 2711 5473 γάμῳ.
2760 5403 2980 5458 .uicitas
3030 5405 3248 5473 nuptias
3308 5406 3577 5470 interpre-

2003 5482 2159 5529 tatur
2186 5472 2501 5538 Balsamon,
2535 5472 2580 5527 Si
2611 5474 2737 5543 quis
2760 5473 2928 5526 ducat
2968 5472 3117 5534 eam,
3138 5474 3301 5541 cujus
3332 5473 3415 5543 vel
3458 5476 3575 5540 ipse

2005 5553 2157 5600 tutor
2185 5552 2291 5605 est,
2325 5544 2408 5596 vel
2442 5542 2816 5613 ipsius’pater,
2854 5544 2938 5597 vel
2984 5545 3298 5605 monialem,
3330 5542 3579 5613 velcon-

2007 5615 2388 5682 sanguineam.
2417 5612 2661 5667 zonaras
2684 5614 3143 5683 consanguineam
3171 5614 3252 5666 vel
3284 5612 3575 5683 monialem

2009 5685 2285 5753 intelligit,
2321 5684 2547 5738 Alexius
2580 5683 2871 5738 Aristenus
2900 5682 3140 5746 viduam,
3174 5691 3270 5736 aut
3303 5682 3572 5745 insanam,

2008 5763 2104 5811 aut
2137 5771 2166 5809 e
2198 5755 2456 5815 scenicis,
2487 5763 2582 5807 aut
2612 5753 2723 5808 Deo
2752 5762 3151 5809 consecratam.

2085 5825 2196 5895 (90)
2236 5824 2673 5892 Προσκλαιέτω.
2721 5824 2942 5881 Addunt
2976 5825 3107 5880 editi
3140 5831 3192 5880 et
3236 5830 3347 5879 tres
3385 5836 3575 5877 recen-
