3948 6214
405 318 508 373 79.5

1286 312 1778 371 EPISTOLARUM
1815 310 2100 369 CLASSIS
2132 312 2198 370 II.
2241 315 2458 372 EPIST.
2484 315 2713 373 CXCIX.

3564 324 3668 382 726

471 429 602 484 KH’.
660 429 869 483 Ἑκεῖνό
926 444 990 497 γε
1051 429 1158 501 μὴν
1205 428 1411 498 γελοῖόν
1457 445 1548 500 μοι
1588 429 1889 500 κατεφάνη,
1919 427 1981 481 τὸ

2164 428 2400 486 XXVIII.
2452 429 2589 486 lllud
2616 429 2835 501 quidem
2865 430 2996 485 mihi
3040 431 3218 487 visum
3244 442 3327 488 est
3355 435 3665 506 ridiculum,

360 528 366 532 “
404 521 657 587 εὔξασθαί
690 539 811 576 τινα
837 521 1002 575 ὑείων
1043 521 1341 592 ἀπέχεσθαι
1380 522 1579 594 κρεῶν.
1616 522 1780 574 Ὥστε
1854 537 1987 573 κατ-

400 615 631 680 αξίωσον
652 611 1243 683 διδάσκειν(91)αύτοὺς
1264 613 1373 668 τῶν
1393 613 1731 668 ἀπαιδεύτων
1756 630 1987 685 προσευ-

403 700 513 772 χῶν
544 702 640 756 καὶ
689 699 1035 771 ἐπαγγελιῶν
1073 701 1409 772 ἀπέχεσθαι’
1444 704 1543 775 τὴν
1577 705 1761 776 μέντοι
1788 704 1985 775 χρῆσιν

405 794 695 866 ἀδιάφορον
717 791 854 848 εἶναι
885 794 1267 869 συγχώρησον.
1294 797 1459 850 Οὐδὲν
1485 797 1593 870 γὰρ
1621 797 1827 869 κτίσμα
1847 794 1983 850 Θεοῦ

404 888 712 962 ἀπόϐλητον
746 891 863 959 μετ’
909 889 1262 961 εὐχαριστίας
1306 889 1735 962 λαμϐανόμενον.
1763 891 1926 943 Ὥστε
1951 891 1985 960 ή

402 983 538 1056 εὐχὴ
567 983 995 1053 καταγέλαστος,
1024 982 1123 1053 οὐχ
1149 985 1183 1055 ή
1219 983 1398 1055 ἀποχὴ
1427 983 1718 1053 ἀναγκαία.

474 1155 604 1212 ΚΘ’.
642 1157 944 1230 Ἀρχοντας
963 1158 1146 1230 μέντοι
1186 1158 1429 1230 ὀμνύειν,
1467 1161 1559 1213 ἐπὶ
1590 1160 1650 1213 τὸ
1673 1164 1983 1217 κακοποιεῖν

401 1250 530 1312 τοὺς
574 1249 945 1321 ἀρχομένους,
998 1250 1093 1303 καὶ
1146 1250 1288 1305 πάνυ
1354 1252 1749 1323 θεραπεύεσθαι
1814 1272 1984 1327 προσ-

401 1341 658 1412 ῆκε(92).
709 1342 988 1413 Θεραπεία
1021 1342 1079 1395 δὲ
1117 1342 1322 1397 τούτων
1361 1344 1547 1417 διττήθ
1596 1347 1694 1417 μία
1743 1347 1860 1417 μὲν,
1908 1349 1982 1419 μὴ

402 1434 624 1504 ὀμνύειν
676 1435 874 1499 αὐτοὺς
916 1434 1265 1490 διδάσκεσθαι
1296 1438 1601 1510 προχείρως
1630 1454 1645 1466 ⁶
1700 1424 1862 1511 ἑτέρα
1904 1441 1981 1507 δὲ,

405 1526 483 1597 μὴ
505 1526 785 1597 ἐπιμένειν
810 1527 866 1579 ὲν
891 1528 1008 1590 ταῖς
1037 1529 1301 1597 πονηραῖς
1330 1529 1594 1600 κρίσεσιν.
1632 1532 1813 1596 Ὥστε,
1835 1533 1984 1603 ὅρκῳ

405 1617 739 1690 προληφθείς
771 1635 855 1682 τις
893 1620 975 1680 είς
1021 1619 1344 1673 κακοποιίαν
1384 1621 1593 1693 ἑτέρου,
1633 1623 1734 1696 τὴν
1767 1623 1864 1694 μὲν
1891 1624 1984 1677 ἐπὶ

400 1713 471 1783 τῇ
505 1710 804 1783 προπετείᾳ
832 1708 926 1763 τοῦ
956 1706 1119 1781 ὅρκου
1150 1711 1437 1781 μετάνοιαν
1464 1714 1875 1780 ἐπιδεικνύσθω,
1906 1717 1978 1789 μὴ

406 1801 592 1872 μέντοι
632 1802 982 1872 προσχήματι
1022 1801 1309 1866 εὐλαϐείας
1351 1803 1448 1875 τὴν
1492 1806 1757 1878 πονηρίαν
1786 1806 1978 1861 ἑαυτοῦ

404 1892 722 1963 βεϐαιούτω.
769 1892 903 1946 Οὐδὲ
957 1892 1065 1964 γὰρ
1125 1894 1339 1968 Ἡρώδῃ
1380 1897 1709 1966 συνήνεγκεν
1754 1899 1983 1971 εὐορκή-

402 2002 577 2045 σαντι,
614 1982 694 2048 ὃς,
730 1984 818 2037 ἵνα
864 1986 937 2056 μὴ
970 1986 1278 2059 ὲπιορκήσῃ
1324 1986 1507 2057 δῆθεν,
1544 1991 1739 2057 φονεὺς
1768 1991 1985 2061 ἐγένετο

399 2075 497 2130 τοῦ
528 2078 826 2148 προφήτου.
854 2076 1039 2141 Ἀπαξ
1061 2077 1119 2132 δὲ
1142 2078 1170 2130 ὀ
1193 2078 1353 2150 ὅρκος
1379 2080 1779 2154 ἀπηγόρευται·
1805 2083 1985 2156 πολλῷ

398 2169 457 2223 δὲ
487 2168 658 2240 δήπου
694 2170 844 2233 εἰκὸς
879 2169 971 2223 τὸν
1007 2172 1101 2223 ἐπὶ
1147 2171 1303 2243 κακῷ
1345 2174 1628 2245 γινόμενον
1656 2179 1986 2249 κατακεκρί-

403 2257 545 2312 σθαι.
599 2259 761 2312 ’Ὢστε
813 2262 1171 2332 μεταφρονεῖν
1221 2263 1311 2315 τὸν
1357 2262 1629 2334 ὀμνύοντα
1671 2265 1813 2337 χρὴ,
1864 2267 1986 2339 οὐχὶ

402 2353 724 2419 σπουδάζειν
779 2352 1030 2423 βεϐαιοῦν
1075 2355 1269 2409 ἑαυτοῦ
1290 2357 1352 2410 τὸ
1396 2357 1637 2412 ἀνόσιον.
1700 2360 1985 2427 Ἐξέτασον

400 2447 511 2520 γὰρ
566 2446 902 2520 πλατύτερον
950 2447 1049 2518 τὴν
1090 2448 1341 2503 ἀτοπίαν.
1385 2449 1455 2503 Εἴ
1488 2469 1572 2515 τις
1599 2452 1845 2522 ὀμόσειεν
1871 2454 1983 2528 (93)

401 2539 737 2613 ἑνεξορύξειν
794 2540 922 2605 τοὺς
967 2539 1279 2611 ὀφθαλμοὺς
1306 2540 1399 2594 τοῦ
1448 2542 1699 2612 ἀδελφοῦ,
1738 2547 1786 2598 εί
1821 2548 1985 2601 καλὸν

399 2631 463 2683 τὸ
506 2629 748 2684 τοιοῦτον
785 2633 866 2694 εἰς
917 2629 1076 2700 ἔργον
1107 2631 1333 2700 ἀγαγεῖν
1372 2632 1561 2704 αύτῷς
1596 2632 1757 2698 εἴτις
1788 2637 1984 2704 φονεύ-

402 2739 554 2788 σειν;
581 2723 635 2776 εί
653 2741 737 2787 τις
762 2723 897 2786 ὅλως
947 2722 1013 2776 δι’
1041 2722 1204 2793 ὅρκου
1248 2722 1465 2795 ἐντολήν
1510 2742 1632 2779 τινα
1665 2727 1984 2798 παραϐήσε-

402 2815 568 2881 σθαι;
605 2816 818 2886 Ὠμοσα
864 2815 973 2890 γὰρ
999 2814 1094 2868 καὶ
1133 2814 1359 2886 ἔστησα,
1391 2818 1512 2889 οὐχὶ
1549 2818 1646 2890 τὴν
1682 2820 1980 2894 ἁμαρτίαν,

1949 1776 2058 1831 ΞΒ

2090 529 2286 571 vovere
2313 517 2550 587 aliquem
2611 533 2671 572 se
2703 530 2734 570 a
2762 515 2942 572 suillis
2972 516 3233 572 carnibus
3264 517 3663 577 abstenturum.

2089 604 2456 672 Quamobrem
2508 606 2737 679 dignare
2799 623 2896 663 eos
2934 608 3181 674 docere,
3232 617 3295 663 ut
3339 611 3411 666 ab
3467 612 3696 683 ineptis.

2087 699 2233 754 votis
2280 706 2336 754 et
2374 699 2664 771 promissis
2721 700 3077 768 abstineant;
3132 700 3229 757 sed
3266 717 3429 757 usum
3464 703 3668 766 nihilo-

2087 788 2269 844 minus
2310 788 2711 845 indiﬁ‘erentem
2783 806 2909 847 esse
2963 791 3109 847 sine.
3172 790 3331 846 Nulla
3384 794 3530 846 enim
3569 792 3667 849 Dei

2087 886 2362 944 creatura,
2399 894 2522 949 quae
2565 894 2691 933 cum
2748 881 3048 951 gratiarum
3093 881 3311 938 actione
3341 883 3665 953 percipitur,

2086 972 2385 1042 rejicienda
2406 981 2491 1029 est
2512 974 2580 1027 ⁷⁸.
2612 974 2795 1040 Quare
2818 982 3006 1030 votum
3031 984 3115 1030 est
3136 975 3454 1041 ridiculum,
3493 975 3669 1039 absti-

2086 1065 2273 1119 nentia
2312 1079 2422 1118 non
2449 1068 2787 1122 necessaria.

2162 1154 2355 1210 XXIX.
2397 1154 2554 1222 Quod
2605 1159 2858 1214 homines
2890 1166 3160 1229 potestate
3204 1162 3420 1231 praediti
3449 1162 3665 1233 jurant,

2088 1263 2148 1305 se
2176 1248 2318 1303 male
2346 1248 2414 1304 iis
2439 1251 2642 1320 quibus
2684 1259 2931 1321 praesunt
2975 1250 3255 1319 facturos,
3290 1253 3425 1307 illud
3463 1260 3519 1307 et
3553 1268 3669 1306 ma-

2085 1343 2233 1399 xime
2277 1353 2530 1400 curatum
2584 1353 2820 1415 oportet.
2883 1344 3090 1401 Medela
3123 1352 3303 1400 autem
3337 1358 3529 1401 eorum
3582 1353 3669 1401 est

2085 1436 2332 1507 duplex:
2370 1451 2478 1492 una
2528 1436 2750 1508 quidem
2781 1477 2797 1501 ,
2863 1443 2923 1490 ut
2983 1436 3286 1491 doceantur
3340 1452 3450 1491 non
3508 1435 3669 1491 facile

2080 1526 2270 1597 iurare
2295 1571 2311 1597 ,
2370 1530 2540 1585 altera
2596 1544 2760 1592 vero,
2815 1544 2885 1584 ne
2916 1528 2970 1582 in
3005 1528 3168 1582 malis
3194 1528 3444 1584 consiliis
3491 1529 3667 1598 persi-

2086 1628 2254 1675 stant.
2294 1619 2504 1675 Idcirco
2552 1620 2648 1691 qui
2675 1619 3038 1691 jurejurando
3081 1618 3156 1674 ad
3206 1619 3432 1674 alterius
3459 1617 3669 1674 maleﬁ-

2086 1719 2232 1773 cium
2263 1727 2678 1788 praaoccupatus
2707 1727 2793 1773 εει
2813 1756 2828 1780 ,
2860 1717 2908 1772 is
2940 1732 3053 1771 sua:
3090 1716 3145 1770 in
3173 1713 3411 1786 jurando
3444 1713 3669 1768 temeri-

2088 1814 2220 1870 tatis
2257 1812 2638 1884 pmnitentiam
2665 1810 2942 1877 ostendat,
3000 1824 3111 1865 non
3156 1816 3340 1865 autem
3394 1822 3491 1878 per
3535 1821 3672 1861 cau-

2087 1914 2203 1962 s'am
2248 1905 2471 1977 pietatis
2498 1904 2906 1974 improbitatem
2935 1891 3091 1958 suam
3122 1899 3432 1957 conﬁrmet.
3481 1898 3671 1970 Neque

2086 1999 2230 2055 enim
2262 1997 2465 2054 Herodi
2505 1996 2892 2067 jusjurandum
2940 1997 3269 2050 observasse
3305 1992 3532 2063 profuit,
3573 1993 3669 2063 qui

2083 2091 2361 2154 videlicet,
2386 2105 2454 2143 ne
2513 2087 2818 2159 pejeraret,
2853 2087 3176 2157 prophetam
3214 2084 3414 2140 occidit
3439 2084 3506 2138 τί.
3542 2080 3671 2138 Om-

2085 2183 2220 2237 nino
2258 2182 2480 2252 quidem
2509 2181 2901 2252 jusjurandum
2947 2177 3288 2249 prohibitum
3338 2182 3422 2231 est
3440 2176 3488 2207 τ’
3524 2193 3539 2230 :
3572 2175 3671 2230 sed

2088 2274 2265 2329 multo
2310 2274 2487 2344 magis
2542 2280 2975 2328 consentaneum
3016 2277 3139 2336 est,
3178 2276 3237 2323 ut
3275 2268 3423 2339 quod
3447 2266 3515 2322 ad
3554 2282 3671 2321 ma-

2086 2367 2200 2421 lum
2252 2365 2620 2436 interponitur
2646 2406 2662 2431 ,
2700 2362 3117 2420 condemnetur.
3168 2359 3350 2427 Quare
3384 2360 3431 2414 is
3461 2359 3553 2428 qui
3579 2359 3671 2428 ju-

2084 2460 2258 2522 ravit,
2292 2458 2619 2515 sententiam
2646 2466 2859 2512 mutare
2897 2456 3083 2519 debet,
3117 2469 3228 2508 non
3262 2453 3317 2508 id
3348 2453 3533 2507 studio
3564 2451 3666 2503 ha-

2085 2553 2216 2609 bere
2236 2560 2296 2607 ut
2320 2552 2606 2623 pr0prium
2650 2550 2806 2606 nefas
2838 2548 3145 2605 conﬁrmet.
3186 2545 3299 2602 Fac
3326 2546 3472 2601 enim
3496 2544 3667 2600 latius

2085 2645 2404 2700 consideres
2453 2643 2872 2699 absurditatem.
2915 2638 2973 2695 Si
3003 2641 3127 2712 quis
3164 2637 3665 2710 jureteﬁ‘ossurum

2086 2750 2145 2790 se
2173 2736 2362 2791 oculos
2411 2734 2631 2798 fratris,
2659 2749 2729 2788 an
2757 2732 3081 2804 praeclarum
3109 2740 3193 2786 est
3228 2729 3498 2801 ejusmodi
3552 2728 3673 2798 jus?

2079 2828 2376 2899 jurandum
2418 2829 2482 2883 ad
2515 2843 2655 2898 opus
2700 2824 3046 2898 perducere?
3075 2824 3123 2879 si
3165 2824 3289 2895 quis
3340 2838 3400 2879 se
3442 2821 3669 2877 interfe-

399 2906 536 2961 ἀλλά
589 2907 684 2960 τοῦ
733 2906 1072 2976 φυλάξασθαι
1102 2907 1172 2961 τὰ
1210 2909 1454 2979 κρίματα
1504 2911 1602 2980 τῆς
1634 2912 1983 2986 δικαιοσύνης

2092 2928 2303 2976 cturum
2333 2921 2357 2974 ?
2391 2920 2437 2976 si
2467 2920 2592 2990 quis
2620 2918 2845 2973 omnino
2876 2916 3194 2971 mandatum
3227 2914 3453 2985 aliquod
3482 2921 3669 2969 trans-

402 3018 518 3055 σου.
552 3000 763 3070 Ὥσπερ
818 3000 875 3053 δὲ
932 3001 1030 3072 τὴν
1063 3000 1285 3072 ἐντολὴν
1337 3002 1701 3073 ἀμεταθέτοις
1752 3008 1982 3078 κρίμασι

2092 3012 2450 3084 gressurum?
2496 3011 2687 3066 Juravi
2733 3010 2877 3065 enim
2906 3015 2961 3064 et
3002 3007 3208 3071 statui,
3234 3021 3344 3061 non
3382 3011 3668 3075 peccatum

400 3093 645 3165 προσῆκε
688 3091 1060 3163 βεϐαιοῦσθαι,
1100 3092 1246 3147 οὕτω
1273 3093 1373 3164 τὴν
1414 3096 1688 3167 ἁμαρτίαν
1712 3100 1982 3164 παντοίως

2092 3112 2322 3175 patrare,
2360 3103 2455 3159 sed
2483 3116 2705 3158 servare
2729 3100 2938 3171 judicia
2975 3098 3208 3166 justitiae
3234 3105 3341 3153 tua:
3362 3098 3429 3149 ⁷³.
3466 3094 3670 3162 Quem-

399 3183 636 3256 καθήκει
672 3183 1010 3256 ἀκυροῦσθαι
1038 3185 1131 3238 καὶ
1160 3184 1538 3255 ἀφανίζεσθαι.

473 3466 552 3521 A'.
603 3466 739 3537 Περὶ
780 3465 889 3519 τῶν
941 3464 1295 3537 ἁρπαζόντων
1344 3466 1544 3521 κανόνα
1596 3468 1693 3537 μὲν
1754 3469 1982 3523 παλαιὸν

398 3559 503 3613 οὐκ
546 3557 762 3630 ἔχομεν,
812 3558 947 3611 ἰδίαν
1001 3558 1058 3611 δὲ
1105 3557 1329 3630 γνώμην
1389 3560 1799 3631 ἐποιησάμεθα·
1857 3564 1984 3635 τρία

401 3653 496 3724 ετη
524 3652 656 3721 (94),
680 3653 775 3707 καὶ
807 3653 1003 3715 αὐτοὺς
1042 3652 1136 3705 καὶ
1169 3652 1295 3716 τοὺς
1327 3654 1773 3726 συναρπάζοντας
1799 3657 1983 3723 αὐτοῖς

401 3744 507 3811 ἔξω
536 3743 644 3796 τῶν
682 3742 853 3814 εὐχῶν
887 3742 1153 3812 γίνεσθαι.
1192 3744 1266 3797 Τὸ
1302 3744 1358 3798 δὲ
1408 3746 1482 3816 μὴ
1537 3746 1723 3817 βιαίως
1763 3749 1979 3821 γινόμε-

344 3832 352 3838 ’
399 3854 492 3889 νον
533 3835 668 3908 (95),
721 3834 1007 3889 ἀνεύθυνόν
1051 3839 1216 3897 ἐστιν,
1265 3838 1396 3890 ὅταν
1442 3839 1516 3908 μὴ
1552 3838 1725 3910 φθορά
1847 3843 1982 3914 μηδὲ

400 3928 574 3999 κλοπὴ
618 3928 893 3998 ἡγουμένη
946 3925 1040 3980 τοῦ
1088 3929 1433 3999 πράγματος.
1473 3929 1803 3995 Αὑτεξουσία
1839 3933 1896 3986 δὲ
1946 3937 1978 4006 ή

399 4020 567 4091 χήρα,
596 4020 691 4072 καὶ
726 4021 810 4072 ἐπ’
845 4018 983 4089 αὐτῇ
1019 4021 1078 4071 τὸ
1112 4018 1492 4091 ἀκολουθῆσαι.
1524 4022 1684 4075 Ὥστε
1714 4023 1823 4078 τῶν
1856 4041 1985 4096 σχη-

404 4111 592 4182 μάτων
624 4112 751 4181 ἡμῖν
782 4112 841 4163 ού
872 4110 1238 4180 φροντιστέον.

2083 3196 2373 3251 admodum
2401 3194 2546 3249 enim
2575 3201 2910 3264 praeceptum
2947 3190 3386 3246 immutabilibus
3421 3189 3691 3243 consiliis’

2082 3287 2522 3343 conﬁrmandum
2552 3292 2676 3351 εει,
2714 3284 2789 3337 ita
2820 3290 3108 3354 peccatum
3133 3281 3360 3338 omnino
3389 3279 3670 3336 inﬁrmare

2086 3388 2141 3437 et
2176 3381 2362 3435 delere
2394 3377 2669 3434 convenit.
3592 3366 3597 3371 ’

2155 3470 2325 3526 XXX.
2368 3470 2444 3526 De
2477 3471 2546 3526 iis
2561 3470 2654 3541 qui
2686 3469 2928 3538 rapiunt,
2964 3464 3486 3539 canonem'quidem
3519 3465 3669 3519 anti-

2084 3582 2253 3638 quum
2279 3580 2389 3619 non
2420 3564 2708 3627 habemus,
2733 3564 2827 3619 sed
2850 3561 3126 3632 propriam
3159 3559 3484 3615 sententiam
3504 3556 3667 3628 295

2089 3656 2421 3729 proferimus
2441 3699 2456 3721 ,
2486 3662 2545 3708 ut
2575 3662 2630 3709 et
2659 3655 2764 3726 ipsi
2786 3653 2949 3724 etqui
2968 3667 3075 3707 una
3101 3667 3224 3707 cum
3258 3650 3394 3721 ipsis
3425 3651 3665 3718 rapiunt,

2088 3753 2267 3807 tribus
2294 3751 2453 3804 annis
2479 3749 2591 3805 sint
2617 3757 2772 3804 extra
2795 3762 3004 3817 preces.
3030 3744 3186 3813 Quod
3207 3755 3386 3799 autem
3402 3743 3670 3799 violenter

2088 3860 2198 3900 non
2232 3843 2318 3907 ﬁt,
2350 3858 2527 3913 paenae
2554 3841 2691 3896 nulli
2727 3841 3025 3895 obnoxium
3056 3846 3174 3899 est,
3202 3837 3247 3892 si
3279 3851 3383 3891 nec
3414 3842 3665 3905 stuprum

2090 3950 2191 3992 nec
2218 3935 2424 3989 furtum
2457 3949 2572 3989 rem
2620 3933 2988 4003 praecesserit.
3025 3931 3123 3987 Est
3170 3937 3352 3985 autem
3384 3926 3547 3983 vidua
3580 3929 3668 3981 sui

2085 4029 2230 4099 juris
2249 4068 2265 4091 ,
2292 4034 2347 4081 ει
2381 4025 2647 4096 sequendi
2677 4031 2926 4097 potestas
2949 4040 3115 4094 penes
3147 4014 3322 4095 ipsam
3350 4029 3454 4076 est.
3485 4018 3668 4087 Quare

2089 4117 2501 4174 simulationum
2530 4131 2594 4172 ac
2616 4125 2976 4187 praetextuum
3017 4128 3149 4168 cura
3176 4111 3327 4168 nulla
3365 4109 3525 4166 nobis
3568 4108 3667 4161 ha-

2087 4208 2263 4264 benda
2289 4215 2394 4262 est.

476 4288 520 4321 "
555 4287 574 4341 I
605 4288 745 4343 Tim.
782 4305 856 4351 iv,
902 4287 959 4343 4.
1033 4288 1077 4319 ⁷¹
1108 4287 1297 4342 Matth.
1349 4304 1459 4349 xw,
1502 4288 1588 4344 it).
1666 4292 1711 4322 ⁷⁸
1749 4291 1936 4351 Matth.
1968 4317 1983 4351 ι

2092 4300 2151 4356 «1.
2230 4301 2277 4332 ⁷³
2310 4300 2458 4357 Psal.
2489 4317 2680 4363 cxvur,
2712 4298 2835 4354 106.

403 4383 573 4454 tiores
611 4398 742 4437 mss.
772 4382 979 4454 ἑτέροις
1005 4384 1096 4437 καί
1108 4427 1119 4445 ,
1143 4392 1276 4448 ειε.,
1302 4385 1428 4452 ﬂeat
1455 4403 1634 4440 coram
1667 4391 1791 4445 aliis
1821 4403 1870 4445 et
1901 4412 1983 4448 co-

401 4470 520 4507 ram
557 4452 693 4515 Deo;
727 4452 917 4523 sicque
955 4455 1155 4522 legitur
1184 4454 1329 4524 apud
1379 4456 1756 4513 Balsamonem
1788 4468 1844 4515 et
1876 4464 1979 4518 Zo-

400 4539 615 4578 naram.
652 4524 756 4577 Sed
788 4525 902 4579 lnec
940 4525 1143 4578 desunt
1174 4526 1229 4579 in
1259 4527 1516 4581 omnibus
1543 4529 1665 4584 aliis
1692 4532 1978 4589 codicibus

401 4610 537 4648 mss.
571 4602 625 4646 et
662 4595 715 4647 in
749 4596 988 4647 concilio
1022 4594 1304 4659 Trullano,
1338 4597 1429 4651 ιιιιὶ
1469 4598 1557 4652 hic
1583 4614 1758 4653 canon
1791 4602 1983 4664 Basilii

400 4672 487 4718 est
521 4665 663 4717 inter
684 4680 923 4720 canones
950 4666 1164 4721 concilii
1195 4667 1491 4721 vicesimus
1512 4680 1720 4726 sextus.
1746 4670 1981 4730 Praeter-

400 4749 467 4789 ea
504 4742 769 4810 repugnat
803 4743 861 4810 ut
911 4735 1147 4791 Basilius
1196 4737 1373 4791 cidem
1416 4740 1739 4810 presbytero
1778 4753 1833 4797 et
1887 4747 1984 4799 ho-

401 4819 593 4878 norem
638 4806 910 4878 cathedrae
940 4815 1251 4869 conservet,
1278 4816 1333 4862 et
1362 4806 1431 4863 ad
1471 4806 1675 4878 januas
1735 4815 1984 4877 ecclesia:

400 4873 533 4930 ﬁere
571 4877 908 4944 praescribat.

620 4945 1100 5024 Δέδάσκεινλιμια-
1123 4947 1369 5024 plerique
1412 4964 1556 5024 mss.
1582 4950 1724 5005 Edili
1751 4954 1979 5024 διδάξαι.

478 5015 590 5103 (91')
631 5016 930 5087 Προσῆκε.
968 5016 1061 5072 Sic
1089 5015 1293 5089 legitur"
1312 5023 1367 5072 in
1388 5021 1651 5076 omnibus.
1672 5039 1807 5084 mss.
1840 5015 2001 5089 Editi'

401 5103 579 5156 προση
589 5104 693 5140 κει.

475 5155 586 5225 (95)
622 5158 964 5232 λοέιόσειεν.
1020 5158 1163 5232 Editi
1226 5159 1454 5232 ὀμόσει,
1515 5167 1571 5216 ει
1632 5165 1809 5232 paulo,
1856 5176 1983 5232 post

400 5225 575 5307 ἄγειν.
613 5226 844 5307 codices
895 5245 1030 5307 mss.
1084 5229 1172 5292 vix
1230 5225 1341 5284 ullo
1379 5225 1735 5297 dissentiente
1780 5225 2001 5297 habent.

401 5300 547 5367 utin
580 5305 727 5351 textu
763 5300 1072 5367 posuimus.

447 5365 583 5445 ,(94)
631 5365 924 5445 Τρίιίξτη.
955 5368 1091 5423 Tres
1133 5384 1306 5445 annos
1338 5379 1497 5445 extra
1546 5388 1747 5441 preces.
1792 5377 1984 5433 decer-

401 5438 505 5509 pit.
531 5452 594 5491 ac
630 5438 858 5505 proinde
887 5448 1121 5509 quartus
1152 5442 1383 5495 addetur
1417 5438 1561 5496 inter
1591 5446 1976 5501 consistentes.

399 5503 542 5587 153m.
571 5503 770 5587 supra,
800 5503 923 5587 can;
958 5510 1051 5573 22,
1101 5519 1340 5587 quatuor
1385 5528 1559 5566 annos
1603 5514 1873 5579 decernit,
1925 5527 1984 5572 ut

402 5574 850 5656 fornicatoribus.
881 5579 1017 5656 Tres
1045 5574 1227 5656 aufem
1247 5582 1371 5656 illos
1391 5591 1544 5656 exuli
1566 5600 1757 5653 preces
1783 5574 1979 5648 annos,

402 5647 548 5702 inter
580 5647 867 5705 audientes
897 5651 1109 5705 traduci
1142 5652 1461 5707 existimant
1497 5647 1741 5711 Zonaras
1769 5668 1824 5711 et
1859 5647 1982 5711 Bal;

405 5730 600 5770 samon
631 5718 774 5773 inter
807 5721 1123 5777 substratus
1160 5722 1470 5779 Aristenus.
1510 5723 1738 5779 Zonaras
1769 5740 1823 5781 et
1862 5728 1983 5781 Bal-

408 5788 651 5845 samonis
709 5792 976 5846 sententia
1009 5793 1135 5848 inde
1188 5792 1392 5849 ﬁrmari
1448 5798 1643 5865 possit,
1694 5796 1843 5867 quod
1872 5800 1982 5856 duo

2087 4413 2312 4469 precum
2369 4415 2569 4470 genera
2622 4399 2678 4455 in
2728 4397 2819 4455 his
2877 4394 3067 4470 Basilii
3114 4393 3417 4470 canonibus
3468 4392 3667 4470 distin-

2086 4463 2526 4539 ξςιιιιηιιιῐεἏιὶξε
2565 4472 2711 4523 enim
2760 4477 2888 4523 sunt
2927 4465 3190 4539 ﬁdelium,
3253 4465 3371 4539 aliae
3419 4463 3668 4518 substra-

2088 4536 2266 4594 torum
2315 4556 2526 4609 preces.
2580 4540 2736 4601 Nam,
2770 4555 2895 4592 can.
2940 4537 3030 4598 75,
3055 4536 3120 4590 de
3165 4551 3231 4590 eo
3264 4536 3357 4603 qui
3410 4548 3533 4586 cum
3565 4547 3666 4586 sua

2088 4626 2279 4671 sorore
2304 4612 2546 4679 pollutus
2561 4618 2646 4665 est
2669 4610 2935 4668 decernit,
2960 4618 3017 4661 ut
3040 4613 3329 4676 postquam
3357 4614 3468 4679 tres
3490 4617 3664 4679 annos

2087 4681 2229 4742 inter
2259 4672 2449 4754 ﬁentes
2487 4681 2810 4754 traduxerit,
2845 4672 3445 4754 postea'alio'lriennio
3481 4672 3663 4754 adso-

2088 4754 2194 4815 lum
2217 4752 2543 4807 auditionem
2574 4744 2913 4813 admittatur,
2950 4765 3012 4801 ac
3058 4746 3348 4813 Scripturis
3389 4744 3664 4815 doctrina-

2115 4813 2184 4883 με
2211 4823 2413 4881 auditis
2444 4823 2713 4891 ejiciatur,
2751 4837 2842 4874 nec
2879 4817 3379 4891 dignns_lzabeatur_
3403 4813 3658 4891 oratione.

2139 4893 2224 4955 ide
2285 4884 2525 4948 canones
2565 4893 2631 4945 5‘6
2668 4901 2721 4945 et
2751 4892 2839 4945 82.
2880 4884 3089 4959 Eipclli
3130 4903 3158 4940 a
3215 4884 3662 4959 precilius__idem

2084 4953 2172 5017 est
2199 4965 2253 5018 in
2278 4979 2489 5019 canone
2518 4962 2607 5026 22,
2633 4978 2698 5016 ac
2730 4963 2871 5015 inter
2911 4953 3102 5013 ﬁentes
3131 4953 3436 5010 amandari.
3478 4953 3535 5007 Si
3558 4964 3664 5026 Atao

2086 5048 2210 5088 men
2239 5049 2412 5103 pmnze
2442 5023 2760 5101 raptbribus
2803 5031 3006 5103 eaedem
3060 5029 3414 5103 imponantur
3441 5040 3521 5103 _ac
3551 5023 3663 5076 for--

2086 5095 2448 5165 nicalorihus,
2492 5095 2551 5157 ut
2602 5104 2803 5156 fatetur
2848 5095 3169 5163 Aristenus,
3208 5113 3316 5151 non
3367 5095 3530 5149 video
3562 5108 3662 5148 cur

2127 5185 2325 5237 uatuor
2354 5174 2483 5228 anni
2526 5189 2634 5228 non
2663 5171 2851 5226 eodem
2890 5170 3050 5223 modo
3088 5169 3142 5221 in
3173 5178 3405 5235 utroque
3434 5172 3662 5237 peccato

2127 5189 2325 5237 uatuor
2354 5191 2483 5228 anni
2526 5189 2634 5228 non
2663 5189 2851 5226 eouem
2890 5189 3050 5223 mouu
3088 5189 3142 5221 111
3173 5189 3405 5235 Utroque
3434 5189 3662 5234 PCCC'dLU

2086 5189 2465 5314 disponantur.
2499 5242 2632 5296 Nam
2653 5243 3132 5314 l'ornicatorcsper
3154 5237 3446 5314 triennium
3472 5236 3662 5314 exclu-

2084 5305 2290 5371 duntur
2324 5314 2377 5368 in
2413 5329 2624 5369 canone
2679 5312 2750 5365 Ἡ
2790 5326 2819 5364 a
2863 5305 3118 5381 precibus
3172 5308 3442 5381 fidelium,
3481 5305 3557 5359 ita
3605 5311 3664 5358 ut

2085 5386 2263 5454 primo
2305 5400 2450 5438 anno
2505 5385 2649 5437 inter
2687 5377 2881 5435 flentes
2923 5381 3056 5440 sint,
3090 5379 3333 5433 secundo
3377 5377 3523 5454 inter
3565 5390 3665 5428 au-

2085 5447 2318 5516 dientes,
2359 5455 2517 5509 tertio
2548 5456 2694 5507 inter
2736 5454 3083 5515 substratos,
3110 5457 3309 5518 quarto
3354 5447 3664 5506 consistant

2086 5540 2209 5579 cum
2241 5524 2508 5579 ﬁdelibus.

2156 5594 2268 5663 (95)
2308 5594 2679 5663 Fn-o‘yeror.
2706 5598 2897 5663 mures
2955 5590 3177 5663 codices
3205 5659 3217 5663 _
3241 5605 3372 5663 mss.
3440 5586 3667 5663 γενόμε-

2085 5659 2194 5717 νον.
2228 5659 2385 5730 Quod
2415 5659 2595 5719 autem
2649 5662 2717 5718 de
2760 5662 2925 5717 vidua
2967 5661 3160 5718 statuit
3205 5659 3312 5715 hoc
3359 5662 3480 5714 loco
3512 5660 3666 5712 Basi-

2086 5737 2214 5801 lius,
2250 5735 2303 5790 id
2333 5734 2534 5791 clarius
2566 5734 2685 5804 ipse
2718 5733 2974 5803 explanat
3009 5747 3133 5788 can.
3167 5730 3255 5786 5‘5.
