3948 6214
295 324 399 382 727

1596 329 1654 387 8.
1699 328 1947 386 BASILII
1979 327 2194 386 MAGNI

3452 321 3549 377 728

362 436 554 494 XXXI.
588 442 762 513 Cujus
787 461 872 500 vtr
903 444 1184 512 discessit,
1214 458 1316 500 nec
1344 451 1650 515 comparet,
1683 457 1746 498 ea
1769 458 1867 496 an-

2043 442 2167 497 AA'.
2203 441 2290 506 Ἦ,
2327 437 2785 509 ἀναχωρήσαντος
2806 434 2919 507 (96)
2941 432 3036 489 τοῦ
3063 428 3278 506 ἀνδρδς,
3308 433 3405 488 καὶ
3430 434 3552 502 ἀφαο

285 541 509 596 tequam
544 534 615 590 de
655 537 777 609 ejus
810 544 988 592 morte
1027 536 1231 593 certior
1270 535 1415 592 facta
1455 535 1530 592 sit
1551 575 1568 601 ,
1600 550 1712 590 una
1744 550 1870 590 cum

279 629 380 685 alio
408 631 669 689 habitans
710 629 1036 685 mmchatur.

365 720 585 782 AXXII.
619 717 905 775 Peccatum
942 719 1010 774 ad
1047 727 1281 776 mortem
1323 728 1614 791 peccantes
1649 719 1869 782 clerici,

287 812 354 869 de
387 812 554 885 gradu
574 805 734 874 dejici
744 819 930 876 untur,
952 827 983 865 a
1005 812 1268 866 laicorum
1287 819 1466 867 autem
1488 812 1874 867 communione

304 915 407 957 non
447 912 740 963 ,arcentur.
796 900 921 957 Non
963 905 1104 958 enim
1152 904 1448 958 vindicabis
1502 904 1579 957 bis
1626 903 1681 956 in
1735 902 1874 970 idipo

293 1007 413 1045 sum
429 984 501 1027 "°
1138 1034 1141 1038 .

363 1082 604 1140 XXXIII.
636 1083 831 1142 Mulier
865 1104 987 1158 qua:
1023 1090 1081 1143 in
1116 1090 1200 1143 via
1231 1090 1473 1161 peperit,
1513 1097 1568 1144 et
1613 1086 1755 1143 fetus
1786 1086 1872 1141 sui

291 1191 484 1232 curam
524 1193 635 1234 non
672 1182 944 1252 suscepit,
978 1184 1144 1239 credis
1172 1183 1391 1238 crimini
1420 1182 1766 1251 subjiciatur.

361 1350 605 1406 XXXIV.
641 1353 894 1412 Mulieres
924 1356 1202 1413 adulterio
1230 1359 1487 1429 pollutas,
1519 1367 1574 1414 et
1602 1360 1674 1414 ob
1701 1360 1874 1430 pieta-

290 1449 401 1498 tem
453 1445 811 1511 conﬁtentes.
858 1456 952 1504 aut
1000 1452 1386 1521 quoquomodo
1431 1453 1713 1509 convictas
1768 1469 1873 1523 pu-

292 1534 486 1589 blicari
512 1543 698 1606 patres
730 1539 908 1594 nostri
943 1542 1273 1607 noluerunt,
1312 1557 1382 1598 ne
1422 1558 1648 1598 causam
1680 1545 1874 1600 mortis

290 1628 634 1696 praebeamus
681 1631 985 1696 convictis;
1020 1635 1325 1690 consistere
1368 1642 1551 1690 autem
1598 1636 1720 1689 illas
1754 1637 1875 1691 sine

290 1721 680 1777 communione
727 1724 1051 1794 jusserunt,
1104 1726 1279 1783 donec
1324 1727 1615 1798 impleatur
1657 1735 1874 1800 tempus

290 1813 648 1881 pamitentiae.

364 1902 589 1961 XXXV.
618 1905 678 1961 In
710 1910 911 1965 marito
936 1910 1005 1966 ab
1035 1927 1203 1968 uxore
1234 1913 1499 1969 derelicto
1523 1915 1873 1972 consideran-

290 1991 362 2048 da
390 1994 767 2054 derelictionis
804 2014 972 2056 causa
997 2020 1011 2055 :
1052 2016 1118 2056 ac
1142 2003 1189 2057 si
1221 2018 1340 2058 eam
1370 2013 1571 2074 praeter
1599 2007 1872 2061 rationem

290 2087 586 2145 secessisse
611 2092 939 2155 constiterit,
970 2093 1062 2149 ille
1084 2095 1303 2165 quidem
1327 2095 1527 2167 dignus
1553 2098 1734 2162 venia,
1758 2098 1873 2155 haec

284 2192 421 2234 vero
447 2182 670 2239 mulcta.
703 2181 875 2238 Venia
899 2193 1081 2242 autem
1099 2189 1171 2251 ei,
1203 2194 1260 2242 ut
1293 2187 1551 2245 Ecclesiae
1565 2192 1875 2245 communi-

288 2278 397 2334 cet.
433 2271 673 2329 dabitur.

359 2360 605 2422 XXXVI.
640 2365 872 2422 Militum
920 2385 1153 2435 uxores,
1198 2387 1320 2443 qua:
1357 2375 1575 2431 maritis
1606 2377 1724 2434 suis
1761 2395 1872 2435 non

288 2459 758 2527 comparentibus,
786 2470 1114 2531 nupserunt,
1138 2465 1336 2520 rationi
1358 2465 1537 2521 eidem
1564 2469 1685 2538 subj
1698 2469 1875 2524 iciun-

288 2558 382 2604 tur
404 2589 419 2614 ,
454 2551 543 2607 cui
580 2562 635 2607 et
663 2554 801 2618 illa},
836 2570 958 2624 quae
988 2556 1060 2611 ob
1090 2558 1595 2629 peregrinationem
1644 2565 1873 2618 marito-

288 2656 452 2705 rum,
496 2644 733 2699 reditum
777 2662 885 2701 non
936 2660 1354 2718 exspectavere:
1405 2655 1502 2708 sed
1557 2661 1738 2710 tamen
1787 2671 1875 2711 res

290 2735 612 2792 nonnullam
666 2738 757 2792 hic
798 2740 1014 2795 veniam
1067 2741 1349 2810 admittit,
1397 2745 1542 2817 quod
1595 2748 1773 2820 major
1803 2749 1876 2805 sit

291 2831 488 2885 mortis
522 2832 785 2900 suspicio.

358 2919 627 2981 XXXVII.
654 2924 754 2991 Qui
787 2927 961 2981 aliena
1001 2929 1105 2984 sibi
1146 2930 1327 2985 ablata
1359 2948 1587 2988 uxorem
1617 2935 1794 3002 duxit,
1820 2938 1875 2996 in

290 3011 467 3082 prima
485 3015 702 3084 quidem
726 3017 979 3074 adulterii
997 3021 1204 3077 crimen
1223 3023 1539 3091 sustinebit,
1560 3027 1614 3081 in
1633 3029 1875 3085 secunda

290 3120 423 3161 vero
451 3121 581 3162 reus
612 3122 727 3164 non
753 3117 967 3179 agetur.

1979 532 2100 597 νοῦς
2129 532 2302 597 ὄντος,
2334 530 2443 602 πρὸ
2474 527 2568 581 τοῦ
2608 526 2897 597 πεισθῆναι
2930 526 3057 599 περὶ⁵
3088 524 3181 579 τοῦ
3205 523 3439 578 θανάτου
3464 525 3552 578 αὑ-

1977 622 2095 686 τοῦ,
2132 621 2305 695 ἑτέρῳ
2335 620 2704 691 συνοικήσασα
2737 618 3011 689 μοιχᾶται.

2049 717 2171 771 ΛΒν.
2205 716 2267 769 Οἱ
2297 714 2396 786 τὴν
2428 714 2566 786 πρὸς
2593 712 2823 767 θάνατον
2867 710 2981 777 (97)
3014 709 3286 782 ἁμαρτίαν
3307 710 3554 782 ἀμαρτάσ

1978 826 2160 871 νοντες
2180 808 2431 879 κληρικοὶ
2471 804 2566 859 τοῦ
2603 804 2812 876 βαθμοῦ
2845 805 3197 874 κατάγονται,
3237 803 3339 873 τῆς
3366 819 3529 855 κοινω

1978 902 2098 965 νίας
2121 900 2177 953 δὲ
2201 897 2308 953 τῶν
2332 897 2537 952 λαῖκῶν
2560 897 2661 950 οὐκ
2691 895 3046 967 ὲξείργονται.
3089 899 3173 951 οὐ
3195 894 3307 965 γὰρ
3326 891 3554 959 ἐκδική-

1979 1011 2108 1059 σεις
2134 992 2227 1059 δὶς
2255 993 2354 1045 ἐπὶ
2382 991 2449 1046 τὸ
2470 992 2640 1046 αὑτό.

2051 1088 2171 1140 AI".
2210 1086 2275 1139 Ἡ
2310 1084 2470 1155 γυνὴ,
2504 1085 2538 1155 ὴ
2578 1083 2667 1136 διὰ
2697 1081 2798 1153 τῆς
2834 1078 2955 1134 ὀδοῦ
2990 1082 3259 1153 κυήσασα,
3299 1081 3395 1133 καὶ
3427 1080 3555 1150 ἀμε-

1979 1181 2191 1250 λήσασα
2221 1177 2315 1232 τοῦ
2348 1178 2648 1248 κυήματος,
2669 1174 2747 1246 τῷ
2767 1173 2859 1228 τοῦ
2895 1174 3057 1245 φόνου
3090 1173 3397 1246 ἐγκλήματι
3422 1172 3557 1224 ὑπο-

1980 1270 2201 1326 κείσθω.

2047 1366 2168 1417 ΛΔ’.
2204 1362 2317 1425 Τὰς
2359 1360 2735 1433 μοιχευθείσας
2779 1362 3042 1428 γυναῖκας
3084 1357 3179 1410 καὶ
3213 1352 3558 1427 ἐξαγορευοὺ-

1981 1474 2078 1520 σας
2124 1455 2189 1509 δι’
2246 1454 2557 1520 εὐλάϐειαν,
2597 1453 2632 1523 ἢ
2673 1451 2922 1507 ὁπωσοῦν
2967 1449 3346 1520 ἐλεγχομένας,
3390 1449 3559 1518 δημο-

1981 1549 2182 1602 σιεύειν
2204 1548 2306 1601 οὐκ
2331 1547 2623 1602 ἐκέλευσαν
2652 1547 2700 1599 οἱ
2730 1545 2964 1615 πατέρες
3006 1541 3184 1613 ἡμῶν,
3219 1541 3308 1594 ἵνα
3348 1541 3424 1612 μὴ
3457 1540 3557 1593 θα-

1980 1642 2142 1695 νάτου
2194 1641 2375 1695 αἰτίαν
2431 1638 2804 1711 παράσχωμεν
2861 1634 3260 1706 ἐλεγχθείσαιςο
3306 1632 3558 1687 ἵστασθαι

1979 1734 2038 1787 δὲ
2093 1732 2265 1795 αὑτὰς
2322 1732 2450 1786 ἄνευ
2504 1730 2786 1792 κοινωνίας
2837 1725 3198 1800 προσέταξαν,
3247 1724 3408 1797 μέχρι
3462 1724 3558 1778 τοῦ

1904 1812 1948 1869 Β
1980 1825 2431 1899 συμπληροῦσθαι
2459 1824 2548 1878 τὸν
2574 1825 2765 1897 χρόνον
2787 1824 2885 1895 τῆς
2920 1822 3231 1894 μετανοίας.

2044 1916 2167 1974 ΛΕ’.
2216 1919 2338 1971 Ἐπὶ
2375 1917 2432 1971 δὲ
2474 1915 2570 1971 τοῦ
2602 1915 3055 1985 καταλειφθέντος
3092 1913 3283 1985 ἀνδρὸς
3324 1912 3429 1966 ὑπὸ
3456 1911 3560 1983 τῆς

1972 2010 2231 2079 γυναικὸς
2261 2009 2366 2081 χρὴ
2399 2011 2620 2063 σκοπεῖν
2645 2009 2744 2080 τὴν
2768 2007 2948 2062 αἰτίαν
2969 2008 3070 2077 τῆς
3097 2004 3557 2075 ὲγκαταλείψεως

1974 2099 2079 2153 κᾶν
2120 2103 2262 2171 φανῇ
2308 2099 2520 2167 ἀλόγως
2563 2099 2990 2169 ἀναχωρήσασα,
3021 2100 3050 2148 ὁ
3099 2097 3197 2167 μὲν
3231 2096 3562 2165 συγγνώμης

1974 2193 2120 2245 ἐστὶν
2149 2192 2321 2258 ἄξιος,
2349 2193 2383 2262 ἡ
2412 2192 2469 2244 δὲ
2506 2191 2807 2260 ἐπιτιμίου.
2845 2189 2911 2242 Ἠ
2940 2188 2998 2241 δὲ
3040 2187 3335 2259 συγγνώμη
3382 2185 3562 2257 τούτῳ

1975 2286 2110 2358 πρὸς
2150 2286 2212 2338 τὸ
2248 2287 2523 2363 κοινωνεῖν
2549 2287 2615 2355 τῇ
2651 2284 2948 2354 Ἐκκλησία
2969 2282 3273 2354 δοθήσεται.

2044 2379 2183 2445 ACf'.
2217 2375 2626 2449 Στρατιώτιδες,
2657 2377 2714 2428 αἱ
2738 2374 2846 2429 τῶν
2875 2374 3093 2446 ἀνδρῶν
3135 2372 3358 2442 ἀφανῶν
3387 2371 3563 2425 ὄντων

1974 2468 2328 2540 γαμηθεῖσαι,
2348 2468 2429 2540 τῷ
2451 2467 2600 2538 αὑτῷ
2630 2467 2945 2521 ὑπόκεινται
2967 2466 3128 2537 λόγῳ.
3174 2459 3327 2536 ᾧπερ
3357 2463 3423 2518 ἂν
3466 2462 3562 2516 καὶ

1972 2561 2145 2615 αἱδιά
2187 2560 2286 2632 τὴν
2325 2559 2634 2631 ἀποδημίαν
2669 2559 2779 2612 τῶν
2828 2557 3036 2630 ἀνδρῶν
3080 2557 3154 2629 μὴ
3195 2557 3562 2629 ἀναμείνασαι

1975 2657 2074 2725 τὴν
2102 2653 2381 2708 ἐπάνοδον·
2413 2653 2552 2723 πλὴν
2580 2651 2695 2723 ἔχει
2725 2650 2846 2704 τινὰ
2872 2648 3204 2721 συγγνώμην
3239 2649 3300 2702 τὸ
3331 2651 3563 2720 πρᾶγμα

1977 2744 2230 2810 ἐνταῦθα,
2259 2744 2347 2798 διὰ
2376 2744 2436 2797 τὸ
2478 2742 2678 2815 μᾶλλον
2709 2743 2847 2815 πρὸς
2878 2741 3106 2796 θάνατον
3134 2737 3273 2795 εἶναι
3299 2739 3396 2812 τὴν
3425 2739 3563 2794 61:6-

1977 2852 2147 2890 νοιαν.

2048 2928 2167 2981 ΛΖ’.
2197 2926 2352 3003 Μετά
2378 2928 2441 2980 τὸ
2462 2925 2821 2996 ἀφαιρεθῆναι
2852 2924 2952 2996 τὴν
2997 2921 3283 2993 ἀλλοτρίαν
3322 2922 3351 2974 ὁ
3378 2922 3563 2992 γαμή-

1979 3035 2097 3081 σας,
2130 3018 2221 3071 ἐπὶ
2255 3018 2352 3089 μὲν
2382 3019 2448 3088 τῇ
2486 3015 2677 3089 πρώτῃ
2717 3015 2962 3087 μοιχείαν
3011 3014 3405 3086 ὲγκληθήσεται
3425 3030 3438 3042 ·
3467 3013 3563 3066 ἐπὶ

1976 3111 2032 3167 δὲ
2050 3113 2115 3182 τῇ
2141 3110 2370 3182 δευτέρᾳ
2398 3109 2691 3173 ἀνεύθυνος
2717 3108 2891 3162 ἔσται.

360 3196 652 3254 XXXVIII.
686 3172 888 3258 Puella:
913 3241 933 3267 ,
961 3219 1083 3273 quae
1110 3214 1307 3275 praeter
1336 3208 1510 3276 patris
1539 3212 1872 3266 sententiam

2045 3172 2176 3256 Aul-1'.
2206 3203 2272 3255 Δί
2303 3172 2495 3274 ’κόραῃ
2532 3203 2589 3255 αί
2633 3201 2785 3273 παρά
2824 3200 3052 3272 γνώμην
3082 3199 3290 3269 πατρὸς
3329 3197 3563 3251 ἀκολου-

290 3296 493 3345 secutae
536 3298 692 3354 sunt,
731 3290 1110 3350 fornicamur:
1152 3299 1525 3354 reconciliatis
1562 3303 1759 3373 autem]
1786 3319 1875 3373 pa-

291 3382 545 3438 rentibus
577 3385 796 3441 videtur
841 3403 932 3443 res
971 3390 1277 3445 remedium
1323 3393 1611 3463 accipere;
1649 3411 1760 3449 non
1793 3404 1874 3450 ta-

290 3489 418 3529 men
476 3477 662 3531 statim
714 3479 770 3533 in
820 3481 1269 3538 communionem
1319 3486 1734 3553 restituuntur,
1776 3487 1872 3543 sed

293 3565 532 3621 triennio
562 3567 883 3645 punientur.

362 3656 606 3714 XXXIX.
640 3659 771 3728 Quae
816 3663 952 3718 vivit
1000 3679 1126 3719 cum
1177 3665 1448 3733 adultero,
1498 3668 1745 3727 adultera
1787 3680 1873 3728 est

289 3752 440 3807 omni
470 3761 738 3825 tempore.

358 3841 471 3899 XL.
502 3845 635 3912 Quae
664 3856 864 3918 praeter
904 3851 1022 3907 heri
1059 3856 1391 3910 sententiam
1439 3872 1499 3913 se
1528 3858 1648 3913 viro
1678 3860 1869 3926 tradit,

290 3936 564 3995 fornicata
593 3948 717 4010 est;
746 3959 870 4014 quae
901 3961 1029 4001 vero
1066 3956 1260 4016 postea
1293 3949 1650 4006 matrimonio
1696 3950 1872 4006 libero

359 4112 408 4145 ⁷⁸
433 4111 575 4170 Nah.
618 4132 656 4183 ι,
691 4116 743 4173 9.

363 4290 479 4377 (96).
506 4292 597 4377 ,Ἦ
615 4293 1141 4377 ἀναχωρήσαντος.
1200 4298 1418 4377 Synodi
1453 4302 1508 4355 in
1547 4299 1737 4358 Trullo
1776 4321 1873 4361 no~

291 4371 632 4444 nagesimus_
660 4371 854 4419 tertius
908 4382 1086 4421 canon
1115 4371 1362 4444 continet
1404 4371 1552 4427 hunc
1604 4389 1870 4431 canonem

291 4438 732 4511 cumjricesimo
757 4445 917 4511 sexto
938 4446 992 4490 et
1027 4438 1451 4511 quadragesimo
1482 4451 1656 4498 sexto.

1975 3294 2226 3366 θήσασαι,
2259 3295 2581 3366 πορνεύουσι
2602 3311 2615 3324 ·
2655 3294 3051 3364 διαλλαγέντων
3085 3293 3142 3346 δὲ
3175 3293 3285 3345 τῶν
3327 3291 3560 3360 γονέων,

1973 3387 2121 3441 δοκεῖ
2165 3388 2460 3461 θεραπείαν
2508 3388 2805 3460 λαμϐάνειν
2842 3386 2904 3440 τὸ
2949 3385 3193 3455 γεγονός·
3244 3385 3346 3438 οὐκ
3397 3384 3563 3449 εὐθὺς

1972 3480 2029 3533 δὲ
2062 3480 2142 3543 εἰς
2168 3479 2266 3552 τὴν
2296 3480 2581 3534 κοινωνίαν
2614 3478 3100 3544 ἀποκαθίστανται,
3150 3478 3264 3531 ἀλλ’
3304 3480 3564 3549 ἐπιτιμη-

1974 3569 2227 3640 θήσονται
2258 3570 2383 3643 τρία
2410 3570 2504 3643 ἔτη
2530 3571 2664 3641 (98).

2043 3662 2168 3721 AG’.
2212 3663 2274 3715 Ἦ
2298 3661 2376 3734 τῷ
2404 3662 2578 3735 μοιχῷ
2608 3662 2829 3728 συζῶσα
2859 3663 3104 3735 μοιχαλὶς
3133 3662 3442 3715 ὲστιπάντα
3466 3659 3565 3714 τὸν

1972 3757 2163 3828 χρόνον
2194 3757 2328 3826 (99).

2044 3848 2135 3901 M’.
2189 3849 2255 3901 Ἡ
2293 3845 2446 3918 παρά
2473 3844 2699 3917 γνώμην
2719 3845 2812 3900 τοῦ
2855 3845 3117 3899 δεσπότου
3162 3844 3316 3917 ἀνδρὶ
3360 3842 3563 3914 ἑαυτὴν

1973 3938 2253 3997 ἐκδιδοῦσα
2283 3937 2359 4007 (1)
2383 3937 2743 4009 ὲπόρνευσεν·
2795 3939 2829 4010 ἠ
2866 3938 2925 3993 δὲ
2966 3937 3104 4009 μετά
3143 3936 3317 3991 ταῦτα
3344 3938 3565 3990 πετταό-

1974 4303 2193 4373 ruinam
2224 4301 2424 4356 mortis
2450 4300 2738 4366 inciderit,
2769 4317 2930 4373 agere
2974 4302 3352 4373 pgenitentiam
3387 4301 3557 4359 debe-

1976 4371 2061 4438 re,
2090 4372 2187 4430 sed
2218 4376 2402 4443 potius
2436 4374 2579 4442 apud
2616 4371 2984 4443 episcopumJ
3006 4371 3281 4428 Diaconus
3312 4373 3560 4431 detectus

1976 4445 2030 4498 in
2087 4445 2318 4499 crimine
2369 4444 2565 4499 mortis
2608 4452 2736 4499 ante
2780 4443 3181 4498 ordinationem
3234 4445 3555 4509 commisso,

362 4500 642 4586 (9_7)_.T7‘17
673 4504 823 4572 πρὸς
847 4500 1128 4586 θάνατόνἒ
1154 4500 1385 4566 Ρθὲριιιο
1412 4513 1494 4586 ad!
1507 4524 1729 4586 mortem
1764 4517 1879 4573 sive
1909 4520 1955 4574 D
1984 4516 2316 4586 paenitentiae
2342 4514 2634 4586 subjicitur
2662 4530 2786 4569 can.
2817 4513 2886 4567 76
2917 4514 3173 4586 ejusdem
3198 4514 3410 4584 synodi.

290 4574 511 4651 mortali
547 4589 692 4643 sa'pe
716 4586 932 4651 veteres
971 4579 1218 4651 eamdem
1263 4596 1327 4634 ac
1356 4597 1458 4637 nos
1482 4584 1646 4638 hodie
1683 4587 1879 4651 adjun-

291 4643 493 4767 gimus,
531 4658 676 4726 saepe
719 4646 886 4699 aliam
941 4648 1220 4730 notionem
1264 4652 1589 4721 subjiciunt.
1632 4654 1724 4710 Sic
1750 4643 1879 4727 ipse

335 4715 529 4767 asnhus
563 4730 618 4767 In
646 4729 846 4767 can.1v
872 4714 1047 4767 Ιειῃεε.
1078 4735 1134 4767 n.
1167 4720 1289 4767 £57-
1319 4738 1371 4767 n-
1398 4722 1523 4767 ιπες,
1555 4737 1772 4767 ιιρρρειιη
1811 4730 1876 4767 οδ

335 4715 529 4770 asilius
563 4715 618 4770 in
646 4729 771 4787 cap.
792 4731 846 4770 tv
872 4714 1047 4780 Isaiae,
1078 4735 1134 4772 η.
1167 4720 1290 4789 I57,
1319 4714 1383 4792 p:
1398 4722 1526 4787 475,
1553 4714 1878 4794 peccata'ad

292 4796 524 4864 mortem
551 4795 798 4864 _voca_t,_
833 4802 956 4857 quae
1002 4797 1126 4858 post
1174 4802 1452 4862 acceptam
1506 4795 1875 4864 cognitionem

292 4855 600 4934 voluntarie
656 4855 1046 4934 admittuntur,
1108 4875 1179 4934 ac
1227 4855 1323 4917 ea'
1356 4855 1604 4933 Opponit"
1635 4870 1877 4934 peccatis

293 4924 636 5007 ignorantia
687 4929 843 5007 Atin
895 4930 1090 4985 eodem
1141 4924 1584 5000 Commentario,
1737 4924 1874 5007 166,

294 5011 349 5065 p.
372 4997 499 5074 497,
520 5007 741 5074 peccata
762 5000 834 5074 ad
846 5008 1078 5055 mortem
1101 5014 1263 5057 vocat
1278 4997 1617 5074 quaecunque
1634 5006 1689 5061 in
1708 4997 1875 5065 infer;

295 5082 425 5148 num
461 5067 1060 5148 deducunt._ngena_m
1096 5067 1334 5148 ergo_ad
1385 5067 1614 5148 mortem
1650 5090 1873 5147 peccata

294 5137 350 5189 in
382 5137 733 5217 hoccanone
772 5137 1287 5217 52_Aintel_ligit?'ild
1336 5147 1572 5217 perSpici
1598 5137 1779 5217 potest
1807 5167 1871 5206 cx

293 5209 597 5289 canonibus
641 5210 709 5266 69
747 5218 803 5266 et
839 5211 937 5289 70._
984 5209 1090 5268 Ibi'
1126 5216 1270 5289 enim
1319 5209 1644 5289 clericorum
1680 5234 1873 5288 pecca-

295 5284 386 5360 tis,
417 5295 538 5350 quae
565 5297 672 5336 non
709 5284 1307 5360 gravissimaqnidem.
1344 5285 1439 5360 sed
1494 5284 1694 5360 tamen
1728 5306 1875 5344 mor-

296 5348 450 5430 talia"
472 5361 650 5430 erant,
681 5348 737 5408 ei
775 5348 1097 5410 necessario
1125 5355 1459 5430 conﬁtenda,
1493 5359 1727 5414 leviores
1755 5377 1873 5430 poe-

281 5412 396 5508 ξρξε
416 5412 647 5508 indicit,
671 5438 838 5493 quam
877 5435 1111 5508 peccato
1163 5427 1233 5481 ad
1276 5412 1623 5508 mortemin
1661 5412 1872 5508 (Ῑρπῶιῇ

278 5488 397 5597 £52;
416 5488 645 5597 Videtur
689 5488 823 5597 ἔξεο
876 5488 1020 5551 banc
1065 5512 1252 5553 vocem
1305 5500 1470 5568 paulo
1526 5500 1776 5556 strictius
1814 5504 1867 5557 in

300 5576 325 5597 ll
505 5577 647 5597 nnnn
817 5580 1115 5597 ιιβιινηαθοη
1176 5584 1352 5597 nan-nn
1395 5572 1576 5597 ,ειη-,ζει
1620 5579 1841 5597 “nam”..-

299 5573 398 5614 uoc
436 5574 648 5619 canone
691 5564 780 5641 52-
817 5580 1136 5635 usurpasse,
1176 5564 1353 5641 neque
1393 5572 1579 5625 omnia
1620 5579 1865 5641 peccata,

289 5646 631 5753 summoque
676 5650 707 5687 a
748 5634 856 5691 Deo
895 5634 1174 5706 separant.
1213 5634 1309 5694 sed
1349 5634 1864 5708 graviora-tantum

327 5715 630 5753 emanasse.
655 5703 857 5753 Eodem
882 5720 1045 5753 sensu
1082 5709 1328 5753 “nudus
1356 5710 1686 5753 Flihprilnnn
1722 5721 1859 5753 volnt

327 5702 630 5780 esiggasse.
655 5702 1048 5780 Eodemseﬁsu
1082 5709 1328 5780 synodus
1351 5702 1688 5766 Eliberitana
1722 5721 1867 5767 vetat

288 5787 410 5826 can.
447 5771 516 5825 32
554 5775 696 5843 apud
741 5771 1151 5848 presbyterum)
1189 5779 1235 5834 si
1279 5780 1402 5850 quis
1432 5784 1581 5855 gravi
1614 5785 1768 5853 lapsu
1806 5785 1863 5841 in

2056 4586 2170 4656 (98)
2221 4583 2783 4656 Ἐπιτιμηθήσονται
2810 4586 2944 4653 τρία
2969 4584 3101 4653 ἐτη.
3138 4583 3401 4651 Zonaras,
3433 4584 3559 4638 Bal-

1983 4655 2175 4712 samon
2201 4663 2254 4710 et
2291 4656 2583 4711 Aristenus
2613 4655 2758 4708 hunc
2807 4671 3074 4710 canonem
3113 4655 3392 4724 accipiunt
3444 4670 3558 4709 non

1981 4727 2049 4781 de
2098 4727 2274 4796 raptis
2300 4725 2630 4796 virginibus,
2669 4727 2763 4781 sed
2806 4727 2874 4781 de
2909 4726 2978 4781 iis
3018 4740 3138 4796 quae
3165 4735 3360 4794 praeter
3382 4726 3557 4795 patris

1981 4795 2306 4852 sententiam
2342 4795 2571 4851 nubunt.
2604 4795 2716 4851 Illis
2748 4805 2927 4866 autem
2957 4795 3396 4849 communionem
3434 4804 3558 4866 post

1979 4875 2093 4921 tres
2124 4882 2301 4921 annos
2340 4867 2497 4922 reddi
2537 4866 2854 4921 existimant
2888 4865 3177 4921 Balsamon
3196 4875 3250 4921 et
3290 4865 3552 4922 Zonaras.

1978 4939 2047 4991 At
2069 4937 2358 5009 Aristemts
2380 4939 2455 4991 ait
2477 4956 2494 4993 :
2520 4937 2760 5009 τριετίαν
2779 4937 3154 4998 ὑποπιπτέτω,
3182 4938 3407 4992 triennio
3431 4936 3557 4991 sub-

1977 5018 2269 5063 sternatur.
2306 5006 2477 5064 Valde
2507 5006 2697 5062 dubito
2721 5024 2790 5063 an
2838 5025 2945 5063 non
2992 5016 3189 5078 praeter
3230 5015 3340 5064 tres
3383 5024 3555 5062 annos

1978 5079 2373 5149 substrationis
2413 5080 2555 5134 alius
2601 5079 2742 5133 inter
2793 5079 3156 5135 consistentes
3200 5079 3556 5149 praescriptus

1976 5148 2164 5205 fuerit.
2195 5147 2286 5203 Sic
2332 5149 2479 5205 enim
2521 5164 2688 5219 supra
2729 5161 2842 5205 tres
2873 5164 3048 5203 annos
3078 5147 3283 5217 irrogat
3313 5147 3552 5218 raptori-

1976 5219 2101 5283 bus,
2134 5219 2338 5291 quibus
2367 5231 2551 5275 tamen
2604 5235 2814 5275 canone
2850 5220 2922 5275 22
2953 5220 3140 5275 itidem
3165 5230 3225 5274 ut
3251 5220 3524 5275 fornicata

1974 5290 2128 5345 ribus
2154 5290 2397 5360 quatuor
2435 5305 2609 5345 annos
2654 5293 3010 5360 imposuerat.

2045 5359 2402 5432 (99,)Hdwa
2428 5359 2535 5415 τὸν
2584 5359 2806 5429 μόνον.
2854 5360 2944 5415 Sic
2980 5376 3116 5416 mss.
3168 5375 3383 5417 summo
3423 5374 3554 5414 con-

2045 5448 2163 5485 nsu.
2217 5430 2310 5485 Sic
2348 5432 2515 5485 etiam
2563 5378 2833 5485 amaras.
2887 5431 3177 5485 Balsamon
3229 5439 3285 5485 et
3332 5431 3553 5485 Alexius

1974 5430 2163 5487 sensu.
2217 5430 2310 5486 Sic
2348 5432 2515 5485 etiam
2565 5430 2833 5497 Zonaras,
2887 5431 3177 5487 Balsamon
3229 5439 3285 5485 et
3332 5431 3553 5486 Alexius

1970 5501 2285 5625 Aristenus.
2352 5500 2499 5557 Editi
2563 5517 2665 5572 pro
2722 5503 2808 5558 bis
2856 5503 3085 5558 vocibus
3141 5502 3345 5557 habent
3395 5500 3553 5554 παντὶ

1970 5588 2038 5625 το
2071 5590 2177 5625 πω.

1970 5588 2001 5622 τ
2007 5588 2156 5626 οοπω
2164 5612 2177 5626 .

2006 5590 2552 5711 ρῗίτίρέεκδιδοῦσα.
2597 5643 2688 5698 Sic
2740 5660 2873 5713 mss.
2902 5650 3156 5713 quatuor,
3188 5642 3333 5712 iique
3363 5640 3551 5697 melio—

1971 5714 2253 5785 rishnotte.
2282 5713 2422 5769 Editi
2459 5713 2713 5785 ὲκδοῦσα.
2747 5712 2930 5769 Paulo
2951 5723 3075 5785 post
3105 5713 3302 5785 legitur
3338 5714 3394 5768 in
3444 5726 3551 5766 uno

1970 5783 2160 5842 codice
2198 5784 2749 5854 πεπαρρησιασμένῃ.
