3948 6214
249 275 345 332 7Ξ9

250 388 587 463 ῥησιασμένφ
668 388 832 460 γάμῳ
906 389 1226 460 χρησαμένη

248 482 412 535 insito
439 481 537 551 μὲν
569 481 818 552 πορνεία.
851 480 1010 535 τοῦτο
1044 481 1101 535 δὲ
1140 483 1335 552 γάμος.
1369 484 1434 534 Αἱ
1472 482 1582 555 γὰρ
1615 483 1811 554 συνθῆ-

250 588 334 625 και
358 570 462 624 τῶν
492 570 828 636 ὑπεξουσίων
857 571 1011 625 οὐδὲν
1042 571 1223 642 έχουσι
1257 571 1492 642 βέϐαιον.

312 664 444 717 MA’.
492 664 556 717 Ἦ
595 666 655 719 ὲν
694 668 761 737 τῇ
819 665 1017 739 χηρείᾳ
1065 666 1266 737 ἑαυτῆς
1314 665 1564 732 ἐξουσίαν
1615 665 1814 737 ἔχουσα

249 755 393 826 ἀνδρὶ
416 759 678 811 συνοικεῖν
711 757 1065 828 ἀνέγκλητος,
1110 758 1160 810 εί
1205 756 1393 826 μηδείς
1439 759 1588 810 ὲστιν
1628 758 1658 810 ὁ
1696 757 1815 811 δια-

250 846 394 901 σπῶν
444 847 506 901 τὸ
549 848 914 903 συνοικέσιον·
978 846 1076 902 τοῦ
1149 848 1477 902 Ἀποστόλου
1537 848 1813 911 εἰπόντος·

260 938 395 992 Ἐὰν
428 937 499 991 δὲ
540 937 811 1009 ἀποθάνῃ
862 943 896 994 ὁ
932 938 1089 1008 ἀνὴρ
1110 979 1126 1003 ,
1176 940 1463 1008 ἐλευθέρα
1507 940 1678 994 ἐστὶν
1708 981 1724 1005 ,
1771 930 1820 1005 ᾧ

248 1028 421 1093 θέλει.
441 1030 810 1100 γαμηθῆναι·
836 1031 1029 1101 μόνον
1060 1032 1132 1085 ἐν
1164 1033 1379 1099 Κυρίῳ.

313 1120 445 1177 MB’.
490 1123 552 1175 Oi
583 1122 712 1177 ἄνευ
753 1122 863 1176 τῶν
900 1122 1244 1194 κρατούντων
1276 1124 1442 1194 γάμοι
1482 1123 1726 1194 πορνεῖαι
1745 1124 1823 1176 εἰ-

252 1230 351 1267 σιν.
395 1212 533 1267 Οὔτε
585 1210 678 1269 οὖν
733 1215 937 1284 πατρὸς
985 1214 1218 1279 ζῶντος,
1263 1215 1387 1269 οὗτε
1440 1215 1725 1281 δεσπότου,
1771 1216 1822 1268 οἱ

251 1304 514 1368 συνιόντες
545 1305 826 1360 ἀνεύθυνοί
870 1306 1039 1360 εἰσιν⁸
1091 1308 1187 1371 ὡς,
1226 1308 1320 1362 ἐὰν
1351 1306 1427 1375 (2)
1458 1307 1822 1361 ἐπινεύσωσιν

248 1399 295 1451 οἱ
324 1397 501 1469 κύριοι
522 1398 621 1469 τὴν
652 1399 981 1468 συνοίκησιν,
1025 1399 1146 1453 τότε
1190 1398 1455 1453 λαμϐάνει
1484 1399 1546 1452 τὸ
1587 1399 1685 1452 τοῦ
1724 1397 1825 1467 γά-

253 1506 350 1560 μου
379 1489 616 1559 βέϐαιον.

313 1676 442 1730 MI".
479 1678 577 1739 ’⁸ος
629 1674 861 1729 θανάτου
928 1675 1143 1746 πληγὴν
1202 1673 1280 1743 τῷ
1338 1672 1567 1744 πλησίον
1620 1671 1823 1733 ἔδωκε,

1071 274 1565 333 EPISTOLARUM
1604 275 1893 333 CLASSIS
1930 275 1999 333 II.
2042 275 2261 332 EI’IST.
2302 276 2532 333 CXCIX.

3380 282 3484 338 730

1315 390 1415 461 ὲγή
1425 407 1580 460 ματο.
1650 391 1815 444 ’Ὥστε

1951 389 2085 461 ιθθ
2112 405 2212 444 usa
2242 398 2348 455 est,
2379 391 2589 461 nupsit.
2626 389 2808 458 Quare
2836 391 2969 447 illud
2996 391 3214 463 quidem
3246 393 3485 450 fornica-

1914 483 1993 535 tio
2020 487 2140 535 est:
2175 480 2281 536 hoc
2307 497 2438 536 vero
2470 482 2903 538 matrimonium.
2927 482 3063 538 Nam
3092 492 3249 555 pacta
3271 500 3483 554 eorum,

1913 573 2007 644 qui
2048 581 2178 628 sunt
2215 575 2273 628 in
2314 571 2541 631 alterius
2571 583 2861 647 potestate,
2904 577 3046 631 nihil
3085 577 3289 632 habent
3321 577 3485 634 ﬂrmi.

1984 663 2122 720 XLI.
2152 664 2285 732 Quae
2312 666 2370 721 in
2401 667 2665 723 viduitate
2696 668 2857 724 habet
2886 669 2968 725 sui
2997 677 3340 739 potestatem,
3372 686 3483 725 una

1915 770 2043 810 cum
2093 757 2214 812 viro
2261 757 2514 814 habitare
2549 766 2729 829 potest
2773 761 2892 815 sine
2939 761 3397 831 reprehensione,
3434 760 3483 817 si

1916 863 2080 903 nemo
2109 856 2197 903 est
2263 849 2357 918 qui
2400 849 2715 920 coniugium
2743 850 3002 917 divellat,
3037 868 3161 907 cum
3193 853 3489 922 Apostolus

1917 938 2095 993 dicat:
2132 939 2195 995 Si
2226 949 2466 997 mortuus
2508 943 2581 996 sit
2614 945 2874 1009 maritus,
2912 944 3077 998 libera
3122 953 3200 999 est
3237 954 3293 998 ut
3328 944 3491 999 nubat

1919 1029 2006 1083 cui
2041 1030 2201 1095 velit;
2228 1040 2434 1086 tantum
2459 1034 2513 1086 in
2547 1033 2769 1089 Domino
2801 1037 2867 1089 ⁷³.

1995 1119 2157 1175 XLII.
2190 1121 2542 1179 Matrimonia
2566 1126 2685 1180 sine
2710 1127 2778 1181 iis
2806 1128 2898 1196 qui
2925 1135 3247 1197 potestatem
3266 1127 3491 1191 habent,

1922 1210 2320 1269 fornicationes
2360 1226 2505 1271 sunt.
2545 1216 2735 1288 Neque
2767 1234 2898 1288 ergo
2925 1220 3142 1274 vivente
3171 1228 3358 1290 patre,
3392 1237 3493 1277 ne-

1922 1318 2031 1373 que
2077 1304 2247 1369 hero,
2290 1307 2387 1376 qui
2431 1309 2765 1364 conveniunt
2816 1317 2972 1365 extra
3014 1311 3495 1380 reprehensionem

1924 1402 2097 1460 sunt,
2144 1396 2604 1465 quemadmodum
2662 1398 2708 1454 si
2767 1409 3012 1453 annuant
3067 1400 3494 1466 cohabitationi.

1926 1500 2069 1553 quos
2114 1501 2284 1554 penes
2313 1486 2479 1557 hujus
2508 1489 2587 1544 rei
2638 1496 2722 1543 est
2750 1490 3057 1555 arbitrium,
3096 1498 3227 1547 tunc
3266 1491 3497 1546 ﬁrmita-

1929 1584 2039 1630 tem
2069 1576 2311 1648 conjugii
2346 1579 2545 1650 accipit
2577 1580 2939 1639 cobabitatio.

2002 1667 2181 1724 XLIII.
2207 1669 2311 1736 Qui
2361 1672 2554 1726 mortis
2595 1671 2765 1726 ictum
2796 1672 2945 1728 dedit
2977 1675 3258 1744 proximo,
3287 1685 3373 1730 est
3400 1677 3502 1730 I10-

251 1765 435 1836 φονεύς
484 1766 659 1819 ἔστιν·
709 1766 821 1819 εἴτε
870 1761 1005 1837 ἦρξε
1054 1766 1157 1836 τῆς
1202 1764 1454 1835 πληγῆς,
1510 1764 1621 1817 εἴτε
1670 1765 1816 1835 ἠμύ-

1951 1760 2138 1826 aicida,
2161 1762 2277 1817 sive
2301 1770 2583 1831 percutere
2612 1758 2835 1834 incepit,
2867 1764 2982 1820 sive
3014 1764 3159 1821 ultus
3186 1773 3290 1820 est.

249 1874 393 1911 νατο.

313 1949 443 2006 MA'.
486 1949 551 2003 Ἦ
593 1949 837 2012 διάκονος
886 1950 921 2020 ή
974 1947 1052 2019 τῷ
1100 1947 1324 2018 ’Έλληνι
1369 1946 1823 2019 συμπορνεύσασα

248 2037 402 2112 δεκτή
431 2042 580 2095 ἐστιν
607 2042 686 2103 είς
722 2040 1011 2110 μετάνοιαν
1057 2039 1159 2110 (5),
1196 2039 1275 2102 εἰς
1302 2038 1359 2092 δὲ
1379 2038 1479 2110 τὴν
1511 2039 1824 2112 προσφορὰν

246 2128 561 2203 δεχθήσεται
606 2131 686 2203 τῷ
732 2132 944 2202 ὲόδόμῳ
993 2130 1137 2195 ἔτει,
1180 2131 1456 2203 δηλονότι,
1513 2131 1573 2185 ὲν
1631 2131 1826 2202 ἁγνείᾳ

249 2220 412 2285 ζῶσα.
455 2223 515 2276 '0
541 2222 598 2276 δὲ
633 2223 771 2293 μετὰ
812 2224 912 2293 τὴν
945 2222 1128 2276 πίστιν
1160 2223 1360 2294 Ἕλλην
1390 2222 1553 2277 πάλιν
1579 2225 1646 2293 τῇ
1682 2223 1824 2292 ἱερο-

251 2309 405 2381 συλίᾳ
431 2311 694 2384 προσιὼν,
743 2313 836 2366 ἐπὶ
863 2312 955 2367 τὸν
984 2312 1179 2384 ἔμετον
1218 2314 1570 2386 ὑποστρέφει.
1633 2314 1826 2383 Ἡμεῖς

247 2403 302 2457 δὲ
330 2405 426 2476 τῆς
450 2404 700 2459 διακόνου
736 2406 797 2459 τὸ
822 2407 1005 2476 σῶμα,
1048 2406 1125 2471 ὡς
1170 2408 1595 2479 καθιερωμένον,
1641 2405 1826 2461 οὐκέτι

250 2494 614 2567 ἐπιτρέπομεν
649 2498 707 2550 ὲν
753 2498 946 2569 χρήσει
967 2493 1108 2551 εἶναι
1139 2501 1404 2571 σαρκικῇ.

316 2671 451 2724 ME'.
487 2671 613 2726 Ἐάν
652 2689 757 2736 τις,
798 2673 860 2726 τὸ
899 2672 1071 2744 δνομα
1108 2672 1184 2743 (4)
1210 2670 1392 2726 λαϐὼν
1424 2671 1517 2725 τοῦ
1566 2672 1825 2744 Χριστια-

252 2762 467 2835 νισμοῦ,
508 2762 765 2836 ὲνυὸρίζῃ
807 2765 899 2819 τὸν
950 2764 1209 2837 Χριστὸν,
1261 2764 1414 2818 οὐδὲν
1456 2762 1647 2831 ὄφελος
1678 2760 1828 2833 αὐτῷ

251 2859 355 2914 ἀπὸ
374 2857 479 2928 τῆς
505 2857 896 2928 προσηγορίας.

318 2950 472 3016 Μαι.
496 2948 562 3000 Ἥ
588 2947 645 3002 δὲ
668 2947 747 3018 τῷ
772 2947 1185 3018 καταλειφθέντι
1211 2948 1346 3019 πρὸς
1370 2947 1561 3019 καιρὸν
1580 2948 1656 3019 (5)
1673 2948 1823 3019 παρὰ

252 3037 349 3109 τῆς
393 3036 655 3107 γυναικὸς
696 3037 838 3091 κατὰ
876 3037 1097 3106 ἄγνοιαν
1143 3037 1476 3108 γημαμένη,
1525 3032 1645 3090 εἶτα
1710 3038 1819 3107 ἀφ-

253 3130 456 3198 εθεῖσα,
484 3130 571 3184 διὰ
603 3130 664 3183 τὸ
700 3130 1016 3184 ἐπανελθεῖν
1048 3130 1185 3202 πρὸς
1212 3130 1373 3184 αὐτὸν
1393 3131 1492 3202 τὴν
1529 3129 1824 3202 προτέραν,

253 3224 546 3297 ὲπόρνευσε
581 3224 701 3294 μὲν,
740 3224 797 3277 ὲν
819 3223 1011 3295 ἀγνοίᾳ
1033 3224 1109 3278 δέ.
1142 3224 1323 3294 Γάμου
1353 3218 1448 3277 οὖν
1477 3223 1578 3276 οὐκ
1611 3222 1830 3295 εἱρχθή-

254 3331 422 3372 σεται.
452 3314 684 3369 Κάλλιον
716 3314 793 3381 δὲ,
824 3317 919 3369 ἐὰν
952 3315 1110 3389 μείνῃ
1137 3313 1331 3379 οὕτως.

321 3406 458 3462 MZ'.
497 3407 847 3478 Ἐγκρατῖται
879 3407 954 3477 (6)
1000 3408 1095 3460 καὶ
1145 3404 1473 3476 σακκοφόροι
1498 3445 1515 3468 ,
1558 3405 1652 3458 καὶ
1690 3404 1829 3457 ἀπο-

253 3502 503 3553 τακτῖται
529 3498 605 3570 τῷ
630 3499 778 3570 αὑτῷ
808 3499 884 3570 (7)
918 3498 1233 3552 ὑπόκεινται
1264 3496 1425 3569 λόγῳ,
1451 3491 1495 3566 ᾧ
1524 3498 1619 3551 καὶ
1647 3497 1831 3551 Ναυα-

324 3652 372 3685 ⁷⁸
406 3650 579 3708 ICor.
609 3668 706 3717 vn,
741 3652 827 3707 59.

325 3807 404 3880 (Ξ)
434 3809 553 3880 ,Ὦς
585 3808 712 3861 ἐάν.
765 3807 951 3880 Codex
979 3807 1185 3880 Regius
1223 3807 1364 3864 5027
1406 3806 1548 3860 ὥστε
1580 3804 1696 3861 ἐάν.
1728 3803 1832 3860 Le-

257 3877 404 3948 gitur
431 3878 490 3932 in
525 3877 818 3948 Pandectis
845 3877 1067 3948 Ewgﬁv.

327 3948 405 4074 S5)
440 3951 549 4013 Εὶς
574 3947 917 4017 μετάνοιαν.
945 3947 1100 4002 Hanc
1129 3946 1460 4016 scripturam
1495 3945 1741 4001 eruimus
1769 3961 1835 4002 ex

363 4018 452 4073 ice
470 4016 644 4074 Reaio
671 4018 812 4072 5027
840 4018 1068 4074 antiquo
1089 4026 1144 4072 et
1169 4018 1225 4071 in
1239 4017 1578 4072 membranis
1601 4017 1830 4074 scripto.

259 4016 452 4087 codice
470 4016 644 4087 Regio
671 4018 812 4072 5027
840 4018 1068 4087 antiquo
1089 4026 1144 4072 et
1169 4018 1225 4071 in
1239 4017 1578 4087 membranis
1601 4017 1830 4086 scripto.

263 4086 397 4142 Eam
425 4086 720 4142 continuat
740 4086 1307 4148 Alexius’Aristenus,
1336 4088 1429 4156 qui
1464 4086 1653 4142 Basilii
1678 4101 1841 4142 voces

260 4157 362 4213 hoc
391 4158 564 4212 verbo
595 4166 917 4218 commutat,
945 4157 1323 4219 ὑποπιπτέτω,
1354 4157 1576 4210 sitinter
1602 4158 1842 4211 substra-

262 4236 361 4283 tos.
397 4227 622 4297 Legitur
651 4228 707 4281 in
734 4229 995 4283 omnibus
1033 4228 1157 4283 aliis
1187 4226 1473 4297 codicibus
1502 4242 1636 4282 mss.
1677 4227 1840 4297 δεκτή

260 4297 409 4369 ἐστιν
460 4296 683 4369 είςᾼτὴν
725 4299 1033 4369 κοινωνίαν,
1069 4296 1476 4369 recipienda_est
1521 4297 1578 4350 in
1610 4296 1855 4369 commué.

260 4368 493 4422 nionem.
541 4366 649 4422 Sic'
670 4368 875 4424 habent
913 4368 1204 4422 Balsamon
1258 4374 1314 4420 et
1354 4366 1603 4422 Zonaras
1634 4366 1729 4436 qui
1762 4368 1844 4427 la-

263 4453 414 4506 psam
459 4438 832 4494 diaconissam
878 4437 945 4492 ad
987 4435 1430 4493 communionem
1481 4435 1704 4507 precum
1749 4436 1846 4491 ad-

262 4508 407 4562 mitti
456 4508 800 4571 existimant,
838 4508 1027 4578 eique,
1062 4507 1248 4563 itidem
1284 4514 1346 4560 ut
1368 4507 1606 4578 iclericis
1650 4507 1845 4578 lapsis,

261 4591 375 4650 non
417 4578 786 4650 aliamquam
819 4576 1185 4650 depositionis
1223 4591 1444 4650 poenam
1468 4576 1715 4650 imponi.
1749 4577 1850 4633 Le-

262 4647 413 4715 gitur
456 4649 513 4703 in
543 4646 971 4703 editionibus’S.
1006 4648 1195 4703 Basilii
1224 4646 1287 4701 οὐ
1324 4646 1485 4718 δεκτή
1515 4648 1686 4709 ἐστιν,
1716 4657 1802 4702 etc
1832 4691 1847 4711 ,

264 4731 369 4770 non
414 4717 718 4787 recipienda
767 4721 822 4772 in
873 4719 1314 4773 communionem.
1358 4716 1642 4787 Scriptura
1683 4732 1848 4787 quam

265 4789 576 4856 sequimur,
611 4797 812 4858 prater
845 4789 1233 4858 auctoritatem
1264 4787 1474 4842 codicis
1497 4803 1600 4842 ms.
1636 4796 1692 4842 et
1712 4788 1849 4858 Ari-

265 4859 435 4920 steni,
491 4856 688 4913 nititur
738 4859 905 4913 etiam
955 4857 1251 4913 manifesto
1305 4866 1650 4928 argumento.
1711 4856 1847 4910 Nam

266 4929 591 4982 communio
626 4929 767 4998 apud
804 4929 1069 4984 Basilium
1111 4945 1221 4983 non
1267 4928 1409 4983 idem
1448 4928 1593 4983 valet
1631 4943 1695 4983 ac
1726 4944 1848 4998 pre-

269 5011 396 5067 cum
427 5000 784 5066 communio;
813 5010 868 5055 et
902 5015 1026 5055 cum
1054 4998 1292 5053 Basilius
1324 4999 1493 5067 lapsae
1523 4999 1853 5053 diaconissee

271 5064 680 5139 Eucbaristiam
702 5064 810 5124 non
835 5070 1101 5125 concedat
1128 5069 1234 5123 nisi
1261 5064 1408 5122 anno
1431 5069 1685 5139 septimo,
1715 5083 1854 5139 quof

271 5136 441 5211 modo
474 5140 651 5195 videri
691 5140 871 5211 possit
901 5139 1181 5211 eademin
1215 5140 1367 5193 illam
1401 5136 1746 5211 indulgentia
1769 5137 1850 5211 uti

270 5219 337 5260 ac
385 5209 443 5262 in
488 5208 746 5281 clericos,
799 5209 1196 5281 quibusunihil
1252 5224 1541 5281 pinnarum
1595 5208 1850 5281 imponit,

272 5286 474 5345 praeter
515 5278 961 5351 depositioriem?
1010 5279 1206 5351 Melius
1256 5278 1430 5351 inulto
1456 5278 1696 5351 ‘Alexius
1729 5279 1853 5351 Arii-

270 5353 466 5422 stenus
502 5349 777 5421 duplicem
832 5366 1052 5422 ptenam
1096 5350 1223 5404 huic
1249 5349 1579 5422 diaconissa:
1612 5349 1850 5419 irrogari

269 5417 994 5492 observatfdepositionem
1035 5428 1089 5475 et
1121 5420 1532 5492 paenitentiam.

342 5487 426 5561 (4)
473 5490 616 5546 Ἐάν
646 5487 737 5558 iu;
766 5492 831 5546 τὸ
864 5492 1072 5561 ὄνομα.
1107 5487 1255 5545 Satis
1298 5492 1546 5560 apposite
1586 5487 1674 5561 ad_
1711 5487 1856 5561 hanc

272 5557 610 5615 sententiam
664 5557 902 5618 Basilius
960 5557 1016 5617 in
1070 5557 1484 5616 Commentario
1536 5562 1589 5613 in
1645 5557 1855 5613 Isaiam

271 5640 399 5702 pag.
433 5629 561 5702 δεῖ),
590 5647 646 5686 n.
674 5631 745 5690 64
778 5651 791 5686 :
829 5630 1000 5687 Nemo
1025 5648 1080 5689 se
1109 5633 1221 5702 ipse
1246 5632 1484 5694 scducat,
1515 5630 1714 5700 inquit,
1740 5630 1857 5682 ina-

270 5697 427 5754 nibus
462 5700 542 5756 his
568 5702 735 5757 verbis
764 5717 782 5758 :
812 5704 1020 5758 tametsi
1044 5697 1289 5771 peccator
1319 5718 1457 5769 sum,
1492 5697 1717 5765 atjerte
1740 5716 1857 5755 tum

1994 1933 2178 1992 XLIV.
2203 1937 2520 1994 Diaconissa
2548 1954 2671 2010 quae
2705 1956 2827 1996 cum
2862 1944 3054 1996 Grmco
3086 1940 3358 1998 fornicata
3391 1952 3500 2009 est,

1927 2028 1993 2082 ad
2024 2029 2408 2098 pmnitentiam
2430 2031 2763 2087 admittenda
2790 2039 2908 2087 est:
2934 2032 3000 2086 ad
3020 2034 3349 2088 oblationem
3374 2048 3504 2089 vero

1927 2115 2244 2174 admittetur
2275 2134 2419 2174 anno
2462 2122 2699 2189 septimo
2722 2159 2738 2185 ,
2785 2122 2834 2177 si
2868 2122 3123 2177 videlicet
3156 2124 3211 2177 in
3252 2123 3507 2178 castitate

1924 2210 2093 2263 vitam
2124 2218 2276 2281 agat.
2308 2209 2530 2268 Graecus
2563 2220 2748 2268 autem
2775 2214 2868 2283 qui
2891 2222 3016 2283 post
3043 2214 3200 2268 ﬁdem
3230 2221 3505 2282 receptam

1926 2317 2122 2357 rursus
2159 2300 2228 2355 ad
2275 2303 2623 2374 sacrilegium
2656 2305 2890 2369 accedit,
2928 2305 2994 2359 ad
3023 2306 3288 2359 vomitum
3321 2319 3507 2360 rever-

1925 2392 2083 2447 titur.
2127 2392 2240 2449 Nos
2275 2410 2441 2464 porro
2468 2396 2792 2452 diaconissai
2825 2412 3025 2467 corpus
3047 2439 3062 2463 ,
3094 2407 3282 2468 utpote
3310 2412 3507 2453 conse-

1926 2494 2162 2553 cratum,
2188 2501 2299 2541 non
2340 2488 2576 2557 amplius
2614 2489 2981 2558 permittimus
3020 2489 3075 2544 in
3106 2504 3209 2545 usu
3243 2503 3363 2545 esse
3387 2502 3507 2543 car-

1927 2579 2059 2632 nali.

1997 2668 2164 2725 XLV.
2203 2670 2260 2725 Si
2299 2671 2462 2742 quis,
2511 2680 2739 2743 accepto
2789 2675 3012 2730 nomine
3063 2674 3505 2740 Christianismi,

1929 2760 2211 2817 Christum
2242 2763 2576 2818 contumelia
2607 2762 2791 2830 allicit,
2825 2765 2960 2820 nihil
2989 2766 3040 2821 ei
3075 2766 3299 2837 prodest
3325 2766 3510 2838 appel-

1929 2854 2082 2910 latio.

1997 2946 2182 3002 XLVI.
2224 2946 2356 3014 Quae
2404 2949 2525 3004 viro
2567 2961 2634 3006 ad
2676 2960 2891 3022 tempus
2934 2952 3003 3007 ab
3036 2964 3208 3006 uxore
3249 2950 3512 3005 derelicto

1933 3039 2175 3095 insciens
2205 3042 2415 3111 nupsit,
2452 3056 2518 3096 ac
2557 3042 2756 3099 deinde
2782 3044 3009 3099 dimissa
3043 3050 3151 3107 est,
3184 3041 3329 3112 quod
3362 3044 3514 3120 prior

1929 3131 1997 3186 ad
2032 3131 2211 3201 ipsum
2238 3147 2459 3188 reversa
2486 3133 2581 3199 sit,
2609 3134 2880 3190 fornicata
2909 3134 3131 3205 quidem
3155 3142 3259 3198 est,
3285 3128 3514 3209 sedim-

1930 3223 2195 3293 prudens.
2236 3224 2280 3277 A
2327 3226 2681 3282 matrimonio
2730 3241 2863 3295 ergo
2908 3242 3021 3282 non
3068 3226 3376 3293 arcebitur,
3417 3224 3514 3281 sed

1931 3315 2129 3371 melius
2157 3321 2244 3371 est
2287 3314 2335 3371 si
2371 3316 2453 3372 sic
2488 3324 2826 3387 permaneat.

2003 3406 2213 3462 XLVII.
2247 3406 2545 3463 Encratita‘.
2568 3451 2583 3474 ,
2634 3417 2688 3463 et
2735 3407 3070 3478 Saccophori
3109 3418 3163 3462 et
3197 3405 3518 3476 Apotactite

1933 3512 2044 3552 non
2085 3496 2456 3567 subjiciuntur
2483 3498 2658 3554 eidem
2693 3497 2927 3559 rationi,
2970 3497 3060 3550 cui
3105 3502 3161 3550 et
3194 3494 3514 3559 Novatiani,

1941 3801 2280 3857 Christianus
2320 3817 2338 3854 :
2384 3817 2489 3855 non
2527 3801 2694 3868 igitur
2731 3799 2965 3853 incidam
2995 3798 3052 3852 in
3078 3798 3387 3868 gehennam,
3413 3798 3519 3868 abi

1943 3874 2265 3927 idololatrw.
2301 3871 2484 3938 Ipsum
2524 3866 2819 3925 Christiani
2854 3884 3041 3923 nomen
3069 3866 3168 3922 erit
3197 3869 3327 3922 mihi
3353 3866 3519 3938 adju-

1945 3954 2141 4005 mento,
2173 3944 2387 3996 etiamsi
2444 3952 2708 4010 prwcepta
2758 3939 2961 3994 Christi
3008 3938 3333 3993 violaverim.
3382 3938 3522 3994 Vide

1944 4013 2085 4084 Reg.
2107 4012 2137 4066 7
2166 4012 2382 4084 Moral.,
2415 4028 2538 4082 pag.
2569 4010 2697 4084 ato.

2020 4079 2097 4155 (5)
2127 4082 2284 4152 Πρὸς
2316 4079 2542 4155 καιρόῇι.
2579 4080 2889 4155 lli_c__canon
2923 4083 3064 4135 inter
3104 4079 3397 4155 Trullanos
3433 4085 3521 4134 est

1949 4150 2339 4221 nonagesiimus
2381 4152 2597 4205 tertius.
2638 4150 2938 4221 Diligenter
2986 4161 3164 4207 autem
3212 4151 3518 4221 observan—

1949 4226 2079 4279 dum
2103 4219 2190 4278 est
2221 4223 2379 4283 illud.
2411 4221 2479 4273 ad
2525 4219 2765 4292 tempus;
2797 4219 2932 4275 Nam
2968 4222 3012 4277 si
3056 4222 3274 4292 penitus
3315 4219 3405 4292 ille
3435 4219 3523 4272 vir

1952 4294 2218 4349 dimissus
2251 4303 2306 4348 et
2332 4292 2648 4361 repudiatus
2680 4291 2875 4361 fuisset
2904 4292 2972 4345 ab
3003 4290 3194 4361 ustore,
3232 4290 3519 4361 mulierem

1957 4366 2102 4418 illam
2132 4379 2238 4417 non
2272 4359 2693 4417 condemnasset
2720 4360 2777 4416 S.
2807 4360 2992 4415 Pater.
3027 4360 3120 4416 Sic
3146 4361 3291 4416 enim
3326 4359 3522 4415 statuit

1880 4421 1923 4477 Ῑ)
1950 4450 2072 4489 can.
2106 4435 2160 4489 9.
2194 4432 2300 4487 Sed
2332 4448 2453 4485 cum
2487 4432 2897 4486 matrimonium
2936 4433 3161 4488 minime
3192 4432 3520 4485 dissolutum

1950 4512 2227 4568 censeret,
2260 4503 2388 4572 quia
2422 4501 2597 4571 prima
2633 4517 2770 4556 uxor
2804 4501 2873 4574 ad
2907 4511 3124 4574 tempus
3157 4508 3367 4574 tantum
3401 4499 3520 4553 dis-

1950 4583 2230 4641 cesserat;
2254 4574 2550 4629 secundam
2576 4587 2804 4626 uxorem
2838 4572 2892 4626 in
2917 4572 3301 4626 fornicationis
3323 4583 3522 4639 pecca-

1952 4655 2066 4699 tum
2099 4646 2422 4699 inscientem
2456 4648 2511 4697 et
2540 4641 2943 4711 imprudentem
2975 4641 3239 4711 incidisse
3275 4653 3521 4709 pronun-

1953 4717 2072 4782 tiat.
2101 4713 2160 4768 In
2193 4714 2295 4769 bac
2332 4710 2787 4782 interpretatione
2818 4713 3178 4768 consentiunt
3202 4710 3519 4773 Balsamon,

1953 4784 2198 4839 Zonaras
2227 4794 2283 4839 et
2312 4781 2625 4837 Aristenus.

2024 4856 2099 4925 (6)
2142 4852 2669 4925 Ἐγκραεῖταιμθιο.
2703 4851 3174 4925 Quemadmodum
3209 4849 3308 4925 bas
3341 4854 3522 4905 sectas

1955 4919 2191 4981 Basilius
2210 4919 2477 4999 bocloco
2505 4921 2867 4999 Margariitis,
2888 4923 3075 4999 -vel_u_ti
3099 4919 3370 4999 quoddam
3396 4934 3522 4999 δειξ-
3570 4976 3573 4979 _

1955 5013 2100 5055 men.
2151 4993 2414 5058 ascribit,
2451 4993 2524 5047 ita
2568 5008 2599 5047 ιι
2631 4992 2940 5049 Theodosio
2988 4991 3300 5046 Manichteis
3349 4991 3524 5042 ascri-

1954 5067 2176 5125 buntur.
2221 5064 2349 5120 Cod.
2418 5062 2611 5120 Theod.
2670 5072 2803 5117 tom.
2838 5060 2929 5129 VI,
2966 5079 3021 5132 p.
3063 5060 3186 5115 121.
3217 5060 3352 5132 Cum
3375 5059 3521 5132 enim

1954 5136 2367 5207 duoiprincipia
2391 5134 2752 5207 admitterent
2780 5128 3092 5207 impiae'illae
3120 5137 3304 5207 sectae,
3337 5128 3524 5207 itidem

1956 5216 2016 5261 ut
2039 5199 2375 5261 Maircionitae
2396 5214 2451 5259 et
2473 5201 2780 5265 Manichaai,
2814 5199 3038 5256 minime
3072 5202 3274 5255 mirum
3310 5199 3354 5253 si
3379 5212 3525 5251 nunc

1956 5277 2023 5331 ad
2047 5278 2168 5331 illos
2193 5275 2522 5343 referuntur.
2555 5272 2886 5343 Saccophori
2909 5273 2965 5327 in
2992 5271 3117 5327 cod.
3138 5268 3527 5325 Tbeodosiano

1958 5354 2229 5420 vocantur
2263 5345 2430 5420 etiam
2462 5342 2964 5420 ﬂydroparastatte.
2994 5412 3006 5420 _
3085 5411 3098 5420 _
3232 5408 3245 5420 ε
3355 5407 3368 5420 ⁸

2028 5417 2105 5487 (7)
2137 5415 2221 5481 ’l'q‘i
2253 5412 2434 5478 αὐτῷ.
2473 5408 2729 5487 sanando
2779 5412 2974 5487 bujus_
2994 5411 3101 5487 loci
3154 5408 3373 5487 vulneri
3425 5421 3528 5461 nec

1957 5478 2200 5542 codices
2227 5501 2361 5541 mss.
2393 5483 2753 5557 conducunt.
2803 5478 2905 5557 nec
2939 5481 3253 5557 Balsamon,
3283 5478 3529 5557 Zonaras

1957 5566 2012 5612 et
2043 5558 2355 5612 Aristenus.
2383 5553 2690 5619 Quinetiam
2719 5552 2978 5608 Basilium
3004 5552 3141 5620 adeo
3169 5551 3331 5620 lippis
3350 5548 3526 5620 oculis

1960 5629 2209 5698 legerunt
2255 5617 2503 5698 Zonaras
2542 5630 2607 5698 Aet
2632 5623 2964 5698 ‘Aristenus,
3002 5630 3064 5675 ut
3098 5617 3430 5698 Novatianos
3472 5617 3529 5671 in

1961 5690 2065 5755 bdo
2116 5711 2330 5752 canone
2377 5693 2850 5750 Marcionistarum
2883 5708 3093 5758 germen
3119 5690 3382 5755 appellari
3427 5703 3531 5745 uu-
