3948 6214
474 347 570 403 731

1852 346 1911 401 S.
1953 345 2197 405 BASILII
2252 340 2469 400 MAGNI

3640 345 3743 397 7'33

468 466 599 535 quia
628 464 696 520 de
719 463 823 520 illis
847 463 1029 519 editus
1058 475 1235 517 canon
1258 501 1274 527 ,
1306 461 1409 518 etsi
1452 478 1639 518 vanus
1663 482 1678 531 ;
1715 478 1838 534 qua:
1869 471 2043 520 autem

2156 463 2347 525 τιανοὶ,
2383 462 2467 514 ὅτι
2515 461 2643 531 περὶ
2683 460 2779 530 μὲν
2820 475 3045 513 εκεινων
3090 456 3269 512 κανὼν
3310 457 3656 530 ὲξεφωνοηθη,
3692 460 3740 513 εί

467 557 536 611 ad
568 557 703 612 istos
733 554 1032 626 pertinent,
1077 555 1297 611 silentio
1339 564 1471 609 sunt
1510 557 1901 625 prmtermissa.
1940 556 2051 611 Nos

468 655 650 703 autem
703 663 811 701 una
859 648 1073 702 ratione
1128 648 1268 702 tales
1328 647 1751 716 rebaptizamus.
1792 649 1949 714 Quod
2005 649 2051 704 si

466 739 608 810 apud
640 754 737 795 vos
766 740 1039 810 prohibita
1074 746 1159 794 est
1199 739 1563 807 rebaptizatio
1588 780 1601 802 ,
1636 739 1779 794 sicut
1817 750 1871 794 et
1908 740 2052 809 apud

466 812 768 895 Romanos,
816 830 1136 884 mconomia:
1173 830 1334 900 297
1370 830 1604 899 alicujus
1638 832 1833 901 gratia,
1866 840 2051 886 nostra

466 933 646 978 tamen
694 923 835 977 ratio
886 924 994 976 vim
1044 923 1312 977 obtineat.
1362 922 1630 989 Quoniam
1684 925 1829 978 enim
1890 925 2051 978 veluti

466 1029 686 1083 germen
721 1014 1170 1066 Marcionitarum
1206 1023 1291 1068 est
1344 1028 1536 1068 eorum
1575 1013 1824 1076 lueresis,
1859 1021 1919 1067 ut
1955 1014 2049 1084 qui

464 1107 687 1176 nuptias
715 1107 1069 1170 abhorreant,
1103 1115 1158 1160 et
1191 1106 1376 1159 vinum
1409 1116 1749 1170 aversentur,
1774 1122 1837 1161 ac
1864 1106 2051 1161 dicant

462 1196 558 1251 Dei
607 1206 914 1251 creaturam
968 1197 1306 1267 inquinatam
1356 1213 1517 1259 esse,
1552 1197 1759 1252 idcirco
1792 1198 1943 1267 ipsos
1994 1198 2051 1252 in

462 1288 762 1344 Ecclesiam
800 1305 908 1343 non
944 1289 1310 1353 admittimus,
1350 1290 1456 1343 nisi
1510 1290 1564 1342 in
1597 1296 1848 1343 nostrum
1873 1289 2054 1360 bapti-

462 1394 580 1433 sma
614 1380 816 1433 iuerint
848 1381 1126 1450 haptizati.
1150 1379 1363 1435 Etenim
1390 1396 1461 1434 ne
1489 1380 1674 1435 dicant
1699 1400 1713 1435 :
1744 1380 1812 1435 In
1838 1380 2050 1436 Patrem

463 1480 511 1525 et
539 1470 742 1524 Filium
772 1481 821 1525 et
852 1470 1117 1541 Spiritum
1145 1482 1389 1525 sanctum
1419 1471 1681 1540 baptizati
1706 1488 1924 1536 sumus;
1954 1472 2049 1542 qui

464 1564 720 1618 videlicet
749 1563 918 1618 Deum
945 1579 1070 1619 esse
1094 1565 1361 1618 malorum
1386 1564 1693 1619 elIcctorem
1713 1565 2049 1632 existimant,

462 1658 711 1726 exemplo
741 1655 1040 1710 Marcionis
1071 1656 1484 1724 ct_reliquarum
1522 1658 1815 1711 Inercsum.
1842 1655 2042 1722 Quam-

462 1749 673 1813 obrem,
703 1748 750 1802 si
781 1749 885 1804 hoc
912 1749 1427 1818 placuerit,oportet
1454 1749 1742 1817 episcopos
1773 1749 1958 1818 plures
1991 1749 2047 1803 in

2153 556 2249 608 καὶ
2297 554 2584 625 διάφοροςο
2623 552 2693 606 τὰ
2727 552 2785 605 δὲ
2828 551 2968 604 κατά
3004 550 3224 613 τούτους
3268 549 3735 620 ἀποσεσιὼπηται.

2164 646 2358 715 Ἡμεῖς
2395 646 2579 716 μέντοι
2609 644 2690 696 ἐνὶ
2716 642 2859 713 λόγῳ
2890 641 3333 713 ἀναΰαπτίζομεν
3365 641 3443 711 (8)
3472 643 3602 706 τοὺς
3626 660 3736 695 τοι-

2152 736 2364 799 ούτους.
2393 736 2471 789 Ei.
2491 735 2549 788 δὲ
2574 735 2705 806 παρ’
2731 734 2861 805 ὑμῖν
2893 734 3268 806 ἀπηγόρευται
3300 734 3361 787 τὸ
3402 732 3497 787 τοῦ
3540 732 3741 786 ἀναϐα-

2153 827 2421 899 πτισμοῦ,
2458 826 2649 898 ὥσπερ
2690 822 2784 880 οὖν
2831 826 2925 878 καὶ
2959 825 3110 895 παρά
3162 825 3493 895 Ῥωμαίοις,
3536 826 3741 878 οἰκονο-

2155 921 2284 991 μίας
2307 920 2452 984 τινὸς
2477 920 2636 973 ἕνεκα
2656 935 2670 948 ’
2717 918 2831 971 ἀλλ’
2861 920 2890 971 ό
2920 918 3190 988 ἡμέτερος
3221 916 3380 982 λόγος
3431 917 3589 986 ἰσχὺν
3626 915 3741 984 ἐχέ-

2150 1030 2248 1065 τω.
2301 1013 2422 1066 ’Ότι
2467 1011 2678 1082 ἐπειδὴ,
2718 1009 2906 1080 ὥσπερ
2954 1007 3384 1078 Μαρκιωνιστῶν
3426 1008 3578 1059 ἐστιν
3610 1008 3740 1059 ἀπο-

2152 1104 2440 1176 6λάστημα
2471 1106 2505 1176 ἡ
2540 1104 2660 1157 κατ’
2692 1102 2889 1164 αὐτοὺς
2918 1101 3149 1171 αἵρεσις,
3181 1099 3632 1170 βδελυσσομένων
3653 1098 3740 1150 τὸν

2150 1194 2351 1266 γάμον,
2384 1195 2480 1248 καὶ
2510 1192 3007 1265 ἀποστρεφομένων
3034 1191 3124 1244 τὸν
3144 1187 3306 1255 οἶνον,
3350 1191 3449 1244 καὶ
3496 1190 3597 1257 τὴν
3630 1189 3739 1242 xtl-

2102 1320 2111 1329 -
2152 1304 2236 1339 σιν
2262 1283 2355 1339 τοῦ
2393 1284 2527 1338 Θεοῦ
2562 1283 2936 1355 μεμιασμένην
2971 1277 3108 1335 εἶναι
3146 1281 3438 1348 λεγόντων,
3484 1280 3550 1332 οὐ
3588 1279 3739 1348 6516-

2153 1376 2294 1447 μεθα
2321 1377 2518 1439 αὐτοὺς
2550 1378 2629 1440 εἰς
2661 1375 2761 1446 τὴν
2798 1374 3146 1445 Ἐκκλησίαν,
3183 1372 3279 1425 ὲάν
3316 1372 3392 1443 μὴ
3431 1370 3741 1440 βαπτισϐῶ-

2152 1483 2235 1520 σιν
2267 1469 2347 1529 εἰς
2374 1467 2437 1520 τὸ
2476 1467 2746 1538 ἡμέτερον
2798 1466 3104 1536 βάπτισμα.
3140 1464 3231 1535 Μὴ
3276 1464 3385 1535 γὰρ
3430 1463 3736 1530 λεγέτωσαν

2149 1557 2230 1609 ὄτι
2263 1558 2368 1621 Εἰς
2392 1557 2625 1623 Πατέρα
2645 1557 2742 1610 καὶ
2787 1556 2926 1610 Υἱὸν
2966 1558 3063 1610 καὶ
3110 1555 3287 1624 ἅγιον
3322 1554 3571 1623 Πνεῦμα
3607 1553 3734 1607 ὲόαο

2151 1649 2514 1717 πτίσθημεν,
2544 1649 2597 1702 οἵ
2616 1666 2701 1718 γε,
2739 1649 2927 1703 κακῶν
2968 1650 3198 1721 ποιητὴν
3232 1647 3619 1717 ὑποτιθέμενοι
3648 1647 3732 1700 τὸν

2149 1740 2303 1803 Θεὸν,
2328 1740 2643 1811 ἐφαμίλλως
2687 1741 2764 1812 τῷ
2795 1741 3081 1815 Μαρκίωνι
3128 1743 3222 1796 καὶ
3254 1744 3372 1806 ταῖς
3419 1740 3635 1802 λοιπαῖς
3660 1742 3721 1793 αἱ

464 1859 631 1896 unum
655 1842 970 1907 convenire,
1003 1849 1059 1895 et
1093 1842 1168 1894 ita
1198 1840 1418 1895 demum
1450 1855 1715 1895 canonem
1759 1841 1954 1906 edere,
1987 1848 2043 1894 ut

2155 1832 2384 1903 ρέσεσιν.
2420 1835 2604 1897 Ὥστε,
2629 1834 2724 1888 ἐὰν
2756 1835 2930 1908 ἀρέσῃ
2980 1833 3160 1898 τοῦτο,
3204 1834 3284 1886 δεῖ
3331 1833 3589 1895 πλείονας
3626 1834 3726 1884 ἐπι

461 1943 517 1989 et
548 1935 595 1989 is
633 1935 724 2004 qui
756 1936 906 2005 agit,
946 1932 1191 2004 periculo
1226 1940 1430 1997 careat,
1479 1941 1533 1988 et
1566 1933 1661 2002 qui
1705 1933 2000 2003 respondet
2025 1973 2041 1994 ,

462 2026 521 2080 in
560 2026 743 2080 dando
775 2024 1047 2094 ejusmodi
1088 2025 1486 2096 quaestionibus
1510 2039 1772 2095 responso
1801 2025 2042 2078 auctori-

462 2125 629 2173 tatem
664 2118 880 2172 habeat.

533 2293 766 2349 ἮΝΙΞΙ.
796 2295 928 2362 Quae
968 2311 999 2349 a
1033 2295 1232 2349 marito
1276 2296 1462 2350 relicta
1501 2304 1607 2358 est,
1660 2310 1777 2349 mea
1823 2295 2041 2367 quidem

462 2389 755 2451 sententia,
793 2402 1016 2441 manere
1045 2388 1226 2442 debet.
1282 2386 1339 2440 Si
1377 2388 1522 2441 enim
1570 2387 1837 2443 Dominus
1883 2389 2041 2453 dixit,

461 2479 524 2538 Si
550 2482 664 2551 quis
688 2481 946 2550 relinquat
971 2497 1207 2541 uxorem.
1232 2492 1445 2549 excepta
1465 2481 1837 2549 fornicationis
1861 2497 2041 2543 causa,

465 2572 592 2626 'acit
619 2590 735 2627 eam
766 2573 1011 2627 mwclmri
1029 2574 1105 2638 7";
1133 2589 1200 2627 ex
1217 2588 1283 2627 eo
1298 2573 1443 2643 quod
1471 2589 1589 2627 eam
1614 2572 1918 2627 adulteram
1947 2589 2045 2627 vo-

461 2673 577 2731 cet,
622 2665 900 2735 praeclusit
950 2666 1001 2720 ei
1054 2665 1498 2734 conjunctionem
1540 2680 1662 2719 cum
1712 2666 1842 2719 alio.
1893 2664 2047 2732 Quo-

462 2757 627 2811 modo
653 2757 797 2811 enim
824 2757 997 2826 possit
1030 2759 1113 2810 vir
1143 2758 1361 2826 quidem
1402 2773 1524 2812 esse
1558 2773 1707 2822 reus,
1741 2768 1801 2812 ut
1834 2758 2045 2813 adulte-

460 2847 530 2900 rii
569 2861 772 2905 causa.
808 2847 1001 2901 mulier
1033 2862 1163 2901 vero
1213 2848 1508 2917 inculpata,
1553 2864 1673 2918 qua:
1716 2848 1963 2903 adultera
2014 2862 2045 2901 a

463 2937 697 2996 Domino
726 2941 798 2997 ob
842 2940 1288 3010 conjunctioncm
1336 2957 1460 2995 cum
1490 2942 1599 2995 alio
1630 2942 1898 3012 appellata
1926 2942 2048 2996 est?

453 3212 458 3223 ‘
536 3207 723 3262 XLIX.
764 3207 958 3277 Stupra
989 3223 1110 3277 quae
1139 3224 1235 3278 per
1264 3207 1374 3261 vim
1410 3207 1723 3264 inferuntur
1746 3249 1760 3272 ,
1789 3225 1900 3265 non
1932 3212 2043 3265 sint

467 3300 808 3353 accusationi
839 3300 1095 3355 obnoxia.
1133 3302 1314 3366 Quare
1344 3304 1505 3357 etiam
1537 3318 1716 3363 serva,
1743 3303 1788 3358 si
1821 3304 1904 3358 vis
1931 3304 1977 3359 ei
2012 3320 2043 3359 a

468 3389 692 3458 proprio
716 3390 847 3443 hero
878 3392 1022 3444 illata
1050 3394 1141 3454 sit,
1180 3393 1348 3448 libera
1376 3404 1458 3447 est
1480 3409 1509 3446 a
1540 3395 1723 3463 culpa.

535 3476 601 3533 L.
644 3477 933 3548 Trigamize
965 3481 1049 3535 lex
1077 3496 1187 3535 non
1233 3490 1339 3536 est.
1381 3482 1561 3547 Quare
1612 3485 1727 3554 lege
1757 3485 2042 3541 matrimo-

461 3570 616 3625 nium
651 3572 870 3625 tertium
907 3588 1015 3627 non
1046 3574 1408 3628 contrahitur.
1447 3576 1521 3630 Ac
1548 3577 1675 3631 talia
1700 3578 1941 3647 quidem,
1982 3587 2042 3633 ut

465 3661 726 3717 Ecclesia:
755 3664 1201 3733 inquinamenta,
1249 3667 1532 3722 habemus.
1570 3666 1674 3723 Sed
1710 3670 2043 3724 condemna-

464 3755 708 3811 tionibus
737 3756 970 3826 publicis
993 3773 1100 3811 non
1131 3758 1457 3829 subjicimus
1486 3769 1546 3815 ut
1582 3762 1760 3816 soluta
1797 3749 2041 3817 fornica-

463 3847 615 3903 tione
648 3849 822 3918 magis
851 3850 1118 3920 eligenda.

534 4005 582 4037 ἠ
632 4004 826 4062 Matth.
877 4023 935 4073 ν,
979 4007 1067 4061 52.

464 4171 602 4235 teut.
629 4163 774 4219 Luce
805 4164 1010 4219 clarius
1054 4172 1138 4219 est
1178 4164 1469 4235 legendum
1511 4180 1635 4221 esse
1658 4166 1719 4218 οὐ
1754 4162 1833 4235 τῷ
1863 4164 2033 4235 αὐτῷ.

551 4217 695 4305 quod
725 4217 801 4287 in
854 4217 1468 4303 iltter‘prctand‘oﬂsu‘m‘
1805 4217 2035 4305 Vulgata

463 4304 631 4358 lectio
672 4304 799 4375 ferri
836 4321 943 4357 non
978 4315 1175 4372 potest.
1207 4305 1494 4371 Quomodo
1534 4309 1676 4360 enim
1718 4304 2037 4375 dicerepo-

464 4375 663 4428 tuissvt
700 4374 937 4447 Basilius
990 4375 1316 4447 Encratilas,
1372 4376 1753 4447 Sacc0phoros
1793 4385 1846 4431 et
1884 4374 2031 4445 Apo-

464 4449 686 4498 tactitas
721 4445 895 4497 eidem
951 4445 1146 4511 subjici
1191 4448 1410 4511 rationi,
1442 4450 1528 4501 cui
1554 4445 1632 4502 iet
1675 4447 2030 4509 Novatianos,

465 4516 594 4585 quia
628 4531 881 4583 magnum
917 4515 1058 4568 inter
1095 4524 1355 4584 utrosque
1383 4519 1701 4578 discrimen,
1737 4534 1799 4571 ac
1827 4519 1892 4573 de
1924 4517 2033 4571 Νο-

464 4586 703 4641 vatianis
737 4600 913 4639 canon
946 4586 1128 4639 editus
1165 4587 1263 4639 fuit
1292 4589 1414 4640 licet
1436 4591 1641 4646 varius.
1669 4589 1734 4640 de
1760 4589 1882 4643 aliis
1904 4604 2035 4642 vero

465 4656 854 4726 nequaquam?
890 4656 1264 4726 Coulirmalur
1292 4659 1405 4711 lt:th
1434 4659 1759 4713 erneudandi
1799 4661 1939 4711 ratio
1969 4676 2032 4713 cx

465 4725 679 4781 canone
698 4728 902 4799 primo,
938 4727 1029 4779 uhi
1056 4725 1289 4799 Basilius
1310 4728 1740 4781 Novatiauorum
1768 4730 2035 4799 baptisma

464 4808 643 4852 ratum
696 4797 879 4859 habet,
923 4798 1170 4865 quoniam
1218 4799 1484 4851 nonnullis
1531 4798 1783 4852 Asiaticis
1825 4797 2036 4853 omnino

464 4869 635 4922 visum
669 4876 767 4939 est.
809 4868 1391 4939 pluribusqconsnlendi
1437 4886 1601 4922 causa
1648 4870 2038 4939 suscipiendum

463 4955 576 4993 esse
604 4955 623 4992 :
659 4937 835 5005 rejicit
881 4954 1011 4991 vero
1065 4937 1490 4999 Eucratitarutn.
1534 4937 1948 5009 quoniam-nillil
1978 4941 2039 4994 de

463 5010 574 5064 illis
610 5020 788 5081 aperte
830 5009 1029 5062 dictum
1058 5019 1157 5081 est.
1212 5009 1576 5081 improbabile
1627 5025 1757 5079 ergo
1810 5026 2038 5081 prorsus

465 5088 571 5140 est.
601 5080 804 5152 quibus
834 5082 1019 5134 causis
1051 5079 1323 5152 adductus
1348 5082 1447 5133 fuit
1477 5080 1714 5134 Basilius
1746 5079 2041 5136 in'cauoue

468 5150 664 5220 primo,
701 5162 759 5202 ut
801 5151 1064 5220 baptisma
1113 5150 1538 5204 Novatian’orum
1581 5160 1760 5204 ratum
1793 5152 2036 5209 haberet.

467 5220 872 5274 Encratitarum
905 5232 1088 5276 autem
1125 5222 1399 5288 rejiceret,
1431 5222 1625 5276 iisdem
1660 5222 1812 5274 illum
1842 5223 2042 5277 adduci

467 5291 523 5345 in
553 5307 764 5345 canone
791 5292 881 5353 47,
915 5303 975 5346 ut
1006 5302 1299 5359 utrumque
1326 5294 1596 5361 baptisma
1628 5292 1861 5358 rcjiciat.

537 5361 615 5433 (8)
661 5362 1172 5431 Ἀναϐαπτίζομεν.
1202 5363 1423 5417 Dicebat
1456 5364 1512 5415 S.
1539 5363 1847 5433 Cyprianus
1871 5363 2044 5417 luere-

469 5431 615 5503 ticos
658 5448 765 5486 non
805 5435 1158 5501 rebaptizari,
1211 5436 1303 5487 sed
1354 5431 1642 5503 baptizari,
1685 5434 1848 5502 epist.
1887 5434 1949 5486 7|
1991 5441 2048 5487 et

471 5501 559 5556 75.
600 5502 752 5557 Unde
783 5503 1082 5571 Adelphius
1111 5522 1137 5557 a
1185 5501 1479 5559 Thasvalte
1528 5507 1583 5558 in
1630 5506 1868 5558 concilio
1909 5504 2046 5557 Car-

467 5573 781 5645 thaginensi
820 5592 833 5626 :
872 5575 998 5628 Sine
1022 5592 1188 5629 causa
1214 5575 1450 5643 quidam,
1481 5576 1680 5645 inquit,
1714 5575 1854 5643 {also
1884 5585 1932 5628 et
1961 5574 2047 5625 in-

472 5643 672 5716 vidioso
720 5646 870 5696 verbo
908 5646 1219 5716 impugnant
1262 5643 1569 5704 ceritatem,
1608 5656 1665 5698 ut
1720 5646 2048 5716 rebaptizare

472 5729 567 5766 nos
601 5712 805 5777 dicant,
841 5712 1074 5780 quando'
1100 5716 1336 5769 Ecclesia
1374 5717 1649 5770 haereticos
1684 5733 1785 5769 non
1819 5712 2049 5782 rebapti-

470 5793 572 5849 ηε,
610 5784 701 5837 sed
751 5783 1001 5851 baptizel,
1050 5803 1104 5856 p.
1142 5788 1248 5843 554
1294 5802 1447 5842 ποι-ιο
1478 5788 1611 5842 edit.
1663 5786 1798 5841 Cum
1848 5786 2048 5842 Basilio

2149 1924 2464 1989 σκόπουςὲν
2487 1926 2669 1998 ταυτῷ
2706 1926 2984 1995 γενέσθαι,
3018 1928 3113 1980 καὶ
3149 1926 3323 1990 οὕτως
3358 1924 3617 1979 ἐκθέσθαι
3646 1925 3731 1978 τὸν

2146 2017 2368 2082 κανόνα,
2399 2018 2487 2071 ἵνα
2532 2019 2625 2072 καὶ
2663 2017 2742 2088 τῷ
2775 2020 3058 2088 ποιήσαντι
3096 2018 3157 2071 τὺ
3200 2018 3482 2072 ἀκίνδυνον
3523 2013 3581 2090 ᾗ,
3640 2018 3732 2070 καὶ

2144 2109 2174 2158 ὁ
2207 2109 2637 2180 ἀποκρινόμενος
2671 2110 2732 2163 τὸ
2793 2110 3109 2177 ἀξιόπιστον
3142 2110 3241 2184 ἔχῃ
3270 2113 3329 2163 ὲν
3364 2113 3433 2181 τῇ
3473 2110 3602 2181 περὶ
3631 2108 3734 2163 τῶν

2145 2200 2402 2254 τοιούτων
2434 2202 2743 2271 ἀποκρίσει.

2217 2293 2360 2347 MH’.
2417 2294 2480 2346 Ἦ
2507 2294 2565 2347 δὲ
2618 2296 3109 2365 ἐγκαταλειφθεῖσα
3167 2288 3319 2368 παρὰ
3378 2296 3472 2351 τοῦ
3522 2296 3731 2364 ἀνδρὸς,

2148 2386 2289 2440 κατὰ
2320 2387 2420 2458 τὴν
2454 2388 2593 2459 ἐμὴν
2618 2386 2866 2459 γνώμην,
2894 2388 3075 2459 μένειν
3105 2388 3181 2458 (9)
3217 2388 3446 2457 ὀφείλει.
3477 2389 3543 2440 Εἰ
3576 2386 3684 2456 γὰρ
3704 2389 3731 2438 ό

2148 2476 2351 2548 Κύριος
2383 2474 2556 2540 εἶπεν,
2585 2480 2666 2532 ὃτι
2704 2479 2840 2531 Ἐάν
2885 2497 2976 2545 τις
3017 2481 3319 2546 καταλίπῃ
3353 2479 3613 2549 γυναῖκα
3638 2480 3723 2533 ἐκ·

2146 2569 2248 2634 τὸς
2269 2570 2454 2638 λόγου
2479 2572 2781 2638 πορνείας,
2828 2571 2988 2624 ποιεῖ
3014 2570 3211 2639 αὐτὴν
3245 2569 3615 2641 μοιχᾶσθαι’
3671 2575 3732 2629 ἐκ

2146 2659 2240 2710 τοῦ
2286 2659 2565 2729 μοιχαλίδα
2624 2660 2795 2732 αὐτὴν
2847 2662 3141 2732 ὀνομάσαι,
3194 2663 3525 2717 ἀπέκλεισεν
3566 2666 3729 2737 αἰτὴν

2149 2748 2247 2818 τῆς
2278 2750 2414 2820 πρὸς
2459 2750 2645 2822 ἓτερον
2679 2753 2982 2817 κοινωνίας.
3020 2753 3144 2817 Πῶς
3173 2756 3281 2824 γὰρ
3328 2755 3555 2809 δύναται
3582 2758 3611 2808 ὁ
3638 2757 3729 2826 μὲν

2150 2843 2289 2914 ἀνὴρ
2320 2844 2618 2908 ὑπεύθυνος
2647 2840 2807 2907 εἶναι,
2839 2846 2911 2909 ὡς
2937 2845 3181 2917 μοιχείας
3206 2845 3397 2911 αἴτιος,
3432 2850 3465 2918 ἡ
3510 2847 3568 2900 δὲ
3595 2850 3729 2916 γυνὴ

2149 2935 2476 3005 ἀνέγκλητος
2514 2931 2672 2999 εἶναι,
2706 2939 2738 3008 ἠ
2770 2936 3016 3007 μοιχαλὶς
3049 2939 3196 3009 παρὰ
3251 2938 3345 2992 τοῦ
3397 2941 3605 3009 Κυρίου
3646 2941 3728 2993 διὸ

2150 3027 2248 3098 τὴν
2321 3030 2458 3082 ποὺς
2514 3028 2701 3082 ἕτερον
2768 3029 2936 3084 ἀνδοα
3004 3032 3289 3085 κοινωνίαν
3356 3050 3700 3104 προσαγορευ

2154 3120 2307 3173 θεῖσα
2331 3164 2345 3187 ,

2218 3213 2353 3266 MO’.
2382 3214 2449 3265 Αἱ
2475 3214 2612 3285 πρὸς
2637 3214 2884 3285 ἀνάγκην
2910 3216 3021 3287 (10)
3045 3217 3334 3287 γενόμεναι
3351 3217 3550 3290 φθοραὶ
3580 3220 3709 3274 ἀνεὺ

2145 3303 2293 3357 θυνοι
2320 3304 2586 3359 ἔστωσαν.
2618 3307 2781 3360 Ὥστε
2811 3309 2903 3361 καὶ
2932 3311 2963 3380 ὴ
2990 3309 3173 3380 δούλη,
3212 3311 3261 3362 εί
3306 3311 3538 3383 ἐϐιάσθη
3584 3314 3723 3384 παρά

2142 3394 2235 3446 τοῦ
2272 3395 2473 3448 οίκείου
2505 3396 2788 3461 δεσπότου,
2824 3399 3115 3463 ἀνεύθυνός
3161 3404 3328 3455 ἐστιν.

2219 3487 2301 3541 N'.
2370 3488 2681 3559 Τριγαμίας
2726 3490 2889 3561 νόμος
2957 3494 3057 3545 οὐκ
3123 3492 3290 3550 ἐστιν.
3358 3496 3523 3549 Ὥστε
3582 3496 3721 3567 νόμῳ

2144 3578 2319 3649 γάμος
2350 3580 2533 3650 τρίτος
2562 3581 2661 3633 οὐκ
2689 3581 2901 3649 ἄγεται.
2932 3584 3012 3637 Τά
3049 3585 3231 3655 μέντοι
3268 3586 3495 3641 τοιαῦτα
3524 3588 3599 3653 ὡς
3631 3590 3721 3659 F51"

2150 3672 2412 3740 πάσματα
2444 3675 2541 3743 τῆς
2579 3674 2901 3747 Ἑκκλησίας
2927 3677 3175 3749 ὁρῶμεν*
3218 3680 3509 3752 δημοσίαις
3535 3681 3593 3735 δὲ
3628 3698 3721 3735 κα-

2147 3765 2390 3829 ταδίκαις
2435 3766 2543 3839 (Η)
2580 3770 2678 3838 οὐχ
2724 3768 3115 3842 ὑποϐάλλομεν,
3168 3772 3244 3837 ὡς
3282 3773 3383 3843 τῆς
3435 3774 3718 3845 ἀνειμένης

2151 3858 2405 3929 πορνείας
2434 3859 2791 3932 αἱρετώτερα.

2144 4166 2419 4236 consentit
2451 4180 2627 4219 canon
2657 4165 2722 4219 l9
2753 4165 3031 4227 Nicaenus,
3071 4165 3123 4219 in
3179 4184 3289 4236 quo
3333 4171 3594 4224 statuitur
3631 4187 3718 4228 eos

2144 4237 2237 4304 qui
2267 4252 2329 4289 ex
2367 4234 2651 4290 Pauliauis
2698 4236 2762 4289 ad
2810 4237 3111 4291 Ecclesiam
3157 4234 3487 4295 catholicam
3530 4242 3716 4297 conlu-

2144 4307 2321 4376 giunt,
2358 4306 2684 4374 rehaptizari
2719 4308 2939 4362 debere.

2212 4378 2288 4446 (9)
2320 4376 2556 4430 Μένειν.
2586 4376 2744 4449 Editi
2785 4377 2998 4449 ἄγαμος
3045 4379 3248 4449 μένειν,
3279 4379 3373 4434 sed
3414 4382 3589 4449 prima
3620 4399 3717 4438 vox

2143 4447 2195 4501 in
2232 4448 2385 4500 nullo
2422 4448 2693 4515 reperitur
2723 4463 2826 4502 rus.
2862 4447 3073 4511 codice,
3103 4467 3203 4506 nec
3238 4447 3554 4504 necessaria
3581 4462 3682 4508 est.

2222 4517 2336 4585 (lO)
2368 4518 2524 4585 Πρὸς
2566 4516 2860 4584 ἀνάγκην.
2902 4519 3148 4576 Zonaras
3184 4531 3377 4589 stupro
3404 4537 3499 4587 per
3535 4523 3638 4575 vim
3661 4524 3719 4577 il—

2143 4589 2254 4642 lato
2289 4589 2370 4641 sic
2403 4590 2615 4641 veniant
2666 4589 2889 4642 concedi
2945 4593 3241 4651 existimat.
3279 4601 3337 4643 ut
3384 4593 3715 4652 diaconissa.

2142 4661 2187 4713 si
2219 4659 2367 4732 hanc
2401 4659 2792 4712 Contumeliam
2827 4676 2988 4727 passa
3017 4662 3088 4732 sit
3112 4702 3126 4721 .
3156 4662 3489 4732 deponatur.
3523 4661 3717 4717 Probat

2141 4728 2454 4797 opinionem
2488 4744 2643 4800 suam
2676 4744 2741 4782 ex
2788 4743 3001 4785 canone
3037 4731 3108 4786 28
3154 4728 3339 4786 Basilii
3369 4740 3424 4786 ct
3455 4749 3521 4786 ex
3548 4734 3715 4800 primo

2142 4801 2455 4872 Ancyrano.
2489 4798 2593 4872 Sed
2631 4808 2808 4872 tamen
2848 4818 3102 4872 maguum
3138 4804 3353 4857 videtur
3377 4819 3499 4857 esse
3529 4798 3714 4855 discri-

2144 4886 2267 4922 men
2315 4870 2457 4922 inter
2495 4869 2887 4943 diacouissam,
2915 4869 3036 4941 quae
3084 4875 3291 4926 nullum
3330 4888 3563 4941 prorsus
3599 4889 3715 4943 pec-

2142 4950 2265 4992 cato
2293 4955 2623 5012 consensum
2654 4941 2932 5012 Apra‘buit,
2968 4953 3019 4998 et
3053 4944 3430 5012 presbyterum
3465 4944 3559 5012 qui
3600 4941 3717 4997 illc-

2145 5010 2350 5080 gititnis
2411 5011 2620 5078 nuptiis
2652 5010 2972 5080 imprudens
3040 5010 3349 5081 implicatus
3391 5010 3512 5075 est',
3553 5023 3611 5066 nt
3667 5015 3714 5066 in

2145 5081 2437 5135 canone28
2458 5081 2644 5135 Basilii
2681 5081 2909 5148 legitur;
2937 5092 3030 5136 aut
3053 5085 3408 5140 sacrificavit.
3437 5094 3491 5138 ct
3528 5093 3711 5152 postea

2145 5153 2447 5207 reluctatus
2484 5161 2590 5213 est,
2626 5158 2684 5204 ut
2718 5153 2956 5207 refertur
2994 5156 3049 5207 in
3088 5170 3303 5209 canone
3339 5155 3515 5224 primo
3546 5155 3718 5224 Ancy-
3762 5206 3765 5207 ν

2145 5237 2304 5277 rano.

2220 5291 2742 5361 (1Ι)Καταδ[καις.
2804 5294 2988 5348 Mirari
3038 5295 3187 5349 subit
3239 5309 3343 5348 cur
3388 5294 3441 5349 id
3494 5294 3717 5349 Basilius

2147 5364 2367 5433 publice
2419 5361 2773 5435 condemnari
2808 5373 2986 5435 neget,
3026 5365 3171 5433 quod
3220 5367 3273 5417 in
3299 5381 3426 5419 can.
3460 5365 3494 5418 αἱ
3520 5367 3589 5419 ab
3619 5365 3714 5417 Eu-

2150 5435 2412 5488 charistia
2445 5434 2897 5501 quinquennium
2921 5436 3140 5489 excludi
3176 5436 3445 5489 decernit.
3484 5435 3592 5489 Sed
3631 5436 3714 5489 ob-

2152 5505 2483 5574 servandum
2539 5513 2624 5556 est
2681 5506 2965 5574 trigamos,
3015 5507 3116 5560 etsi
3168 5506 3327 5560 annis
3363 5507 3611 5573 quinqu
3657 5504 3718 5558 ab

2154 5573 2494 5627 Eucharistia
2552 5573 2986 5635 removerentur.
3029 5593 3135 5629 non
3172 5585 3351 5629 tamen
3385 5578 3438 5628 in
3477 5575 3719 5629 ﬂentium

2152 5658 2246 5698 aut
2278 5646 2684 5715 substratorum
2711 5646 2911 5709 locum,
2940 5647 3089 5700 velut
3122 5648 3174 5700 in
3206 5648 3443 5714 graviori
3479 5657 3716 5715 peccato,

2154 5715 2475 5769 auiandatos
2536 5713 2727 5769 fuisse.
2772 5715 2937 5768 Erant
2974 5718 3119 5771 enim
3172 5713 3223 5770 hi
3254 5716 3363 5769 duo
3403 5713 3635 5771 ordines
3661 5715 3721 5769 ad

2155 5786 2491 5855 pmnitentiae
2530 5794 2714 5840 notam
2774 5788 3013 5842 maxime
3060 5787 3319 5858 insignes,
3364 5786 3438 5839 ita
3497 5796 3557 5839 ut
3601 5787 3722 5842 sebo
