3948 6214
429 366 534 422 735

1732 353 1792 410 S.
1831 350 2077 407 BASILII
2116 350 2334 407 MAGNI

3592 357 3704 411 736

425 490 523 532 eos
552 490 647 546 qui
690 488 797 529 una
837 488 964 528 cum
1015 480 1105 526 tua
1155 476 1450 527 sanctitate
1497 474 1663 534 sunt,
1692 476 1750 523 et
1795 468 2004 523 clerum

2116 469 2291 530 αὐτοῖς
2310 465 2470 521 τοῦτο
2494 466 2631 539 πρὸς
2663 467 2843 521 πᾶσαν
2870 467 3195 538 ἀσφάλειαν.
3235 468 3401 521 Ὦστε
3436 470 3533 522 καὶ
3568 473 3705 535 τοὺς

426 580 667 632 omnem,
700 565 1072 636 populumque
1104 565 1198 634 qui
1229 577 1261 617 a
1291 570 1344 618 te
1383 560 1652 632 pascitur,
1688 567 1745 616 et
1786 559 2008 631 religio-

427 652 681 708 sissimos
709 652 911 707 fratres
958 659 1182 707 nostros
1230 666 1295 705 ac
1337 649 1746 705 comministros
1778 649 2008 721 dignare

427 753 618 799 nostro
650 742 869 796 nomine
907 743 1172 797 salutare.
1212 739 1486 796 Memoriae
1522 738 1827 795 beatissimi
1858 754 2008 793 mar-

427 834 563 905 tyris
591 832 887 906 Eupsychii
927 832 1288 898 memineris,
1323 847 1427 887 nec
1472 841 1756 902 exspectes
1796 837 1855 884 ut
1887 845 2008 884 mo-

426 941 585 981 neam
628 934 681 982 te
722 927 955 982 iterum:
1004 940 1185 995 neque
1228 925 1326 982 des
1360 938 1583 995 operam
1627 932 1685 978 ut
1715 923 1782 978 ad
1823 923 2001 993 ipsum

425 1018 789 1087 praestitutum
825 1018 968 1074 diem
996 1018 1228 1073 accedas
1253 1037 1266 1072 :
1299 1017 1394 1072 sed
1426 1023 1485 1071 ut
1513 1016 1657 1070 hunc
1677 1014 2000 1086 praevenias,

423 1122 634 1178 nosque
654 1108 952 1173 exhilares,
973 1109 1020 1162 si
1047 1107 1207 1162 modo
1236 1107 1419 1162 adhuc
1441 1107 1497 1160 in
1525 1114 1998 1168 terragversemur.

422 1197 640 1254 interim
667 1201 856 1255 valens
888 1201 941 1254 in
970 1200 1225 1266 Domino,
1257 1214 1323 1254 ac
1355 1213 1453 1268 pro
1478 1198 1639 1252 nobis
1662 1210 1851 1262 orans,
1879 1212 1999 1252 ser-

423 1290 568 1345 vcris
601 1290 760 1347 nobis
798 1299 854 1346 et
886 1288 983 1345 Dei
1007 1289 1273 1345 Ecclesiis
1313 1288 1492 1345 sancti
1525 1288 1719 1359 gratia.

2112 559 2372 622 συνόντας
2414 560 2482 630 τῇ
2528 558 2770 629 ὁσιότητι
2818 576 2941 625 σου,
2988 560 3083 613 xa‘t
3139 560 3318 613 πάντα
3354 559 3449 612 τὸν
3475 560 3703 632 κλῆρον,

2110 648 2318 702 καὶτὸν
2354 647 2482 701 λαὸν
2516 647 2607 701 τὸν
2649 648 2756 701 ὑπὸ
2799 647 2893 701 σοῦ
2938 649 3388 719 ποιμαινόμενον,
3437 648 3534 700 καὶ
3570 649 3706 712 τοὺς

2110 738 2558 808 θεοφιλεστάτους
2594 739 2858 809 ἀδελφοὺς
2892 740 3051 813 ήμῶν
3080 742 3193 812 (l7)
3220 741 3316 794 καὶ
3355 739 3704 808 συλλειτουρ-

2108 833 2240 899 γοὺς
2273 834 2594 903 προσειπεῖν
2630 833 2761 904 παρ’
2795 833 2955 904 ήμῶν
2988 833 3348 898 καταξίωσον.
3390 834 3510 903 Τῆς
3562 834 3700 904 μνή-

2111 939 2219 992 μης
2248 922 2342 975 τοῦ
2372 925 2792 995 μακαριωτάτου
2825 926 3102 997 μάρτυρος
3129 925 3402 995 Εὑψυχίου
3430 925 3700 997 μέμνησο,

2108 1016 2204 1069 καὶ
2238 1018 2313 1088 μὴ
2342 1018 2642 1089 ἀναμείνῃς
2675 1018 2932 1090 δευτέραν
2962 1018 3289 1088 ὑπόμνησιν,
3324 1017 3465 1087 μηδὲ
3498 1017 3703 1087 ὲμπρὸ-

2107 1107 2307 1178 Θεσμον
2337 1108 2650 1182 σπουδάσῃς
2689 1109 3019 1179 ποιήσασθαι
3055 1109 3153 1178 τὴν
3193 1109 3529 1178 ἀπάντησιν,
3563 1106 3703 1159 ἀλλὰ

2111 1199 2400 1270 προλαϐεῖν
2428 1201 2524 1253 καὶ
2571 1201 2840 1272 εὐφρᾶναι
2890 1202 3061 1271 ἡμᾶς,
3118 1199 3215 1252 ἐὰν
3266 1199 3375 1270 ἄρα
3416 1197 3500 1250 ἔτι
3551 1190 3701 1267 ὦμεν

2115 1291 2207 1343 ἐπὶ
2223 1291 2322 1361 τῆς
2352 1291 2477 1363 γῆς.
2515 1292 2659 1356 Ἕως
2690 1292 2811 1345 τότε
2847 1291 3158 1364 ἐρρωμένος
3191 1293 3248 1342 ὲν
3288 1289 3500 1362 Κυρίῳ,
3536 1289 3703 1359 ὑπερ-

421 1382 710 1454 ευχόμενος
740 1383 853 1454 (18)
887 1384 1068 1454 ἡμῶν,
1106 1384 1525 1457 διαφυλαχθείης
1546 1389 1674 1459 ἡμῖν
1705 1390 1800 1444 καὶ
1837 1394 1956 1456 ταῖς
1990 1393 2085 1447 τοῦ
2113 1393 2250 1448 Θεοῦ
2289 1396 2639 1468 Ἐκκλησίαις
2666 1397 2851 1469 χάριτι
2875 1395 2968 1449 τοῦ
3007 1394 3181 1463 ἁγίου.

916 1544 1277 1613 ιΕΡιδτοιΑ
1318 1547 1473 1605 cer.

2643 1556 2989 1611 ΕΠΙΣΤΟΛΗ
3026 1555 3148 1608 ΣΑἎ

424 1658 657 1710 Pluribus
677 1658 739 1710 de
759 1658 921 1710 causis
943 1660 1173 1726 congredi
1198 1675 1308 1712 cum
1328 1662 1921 1738 Amphilochio_cupiebal
1946 1670 2161 1738 Basilius
2184 1687 2203 1734 ;
2240 1674 2327 1725 sed
2351 1688 2461 1738 cum
2483 1680 2739 1738 utrumque
2770 1672 2965 1723 morbus
3005 1668 3304 1730 detinuisset,
3346 1664 3540 1718 veniam
3579 1665 3700 1729 peti:

1654 1731 1868 1781 Basilius
1900 1746 1959 1782 ac
1990 1731 2205 1786 vicissim
2226 1736 2461 1788 concedit.

763 1831 1125 1901 Amphilochia
1146 1875 1161 1901 ,
1194 1834 1367 1890 lconii
1399 1839 1637 1910 episcopo

500 1943 681 2000 Multis
722 1944 791 2000 de
830 1948 1016 2004 causis
1066 1949 1231 2019 cupio
1283 1960 1464 2007 tecum
1514 1955 1798 2026 congredi,
1840 1967 1903 2011 ut
1948 1965 2005 2014 ct

429 2044 481 2091 te
515 2036 831 2093 consiliario
867 2046 992 2093 utar
1031 2039 1099 2095 de
1129 2041 1294 2097 rebus
1322 2059 1445 2112 quae
1484 2047 1539 2099 in
1570 2048 1822 2103 inanibus
1851 2057 2001 2115 sunt,

429 2143 493 2181 ac
525 2128 749 2183 omnino
785 2136 847 2182 ut
887 2139 943 2185 te
991 2130 1153 2203 longo
1183 2133 1375 2189 videns
1418 2136 1705 2194 intervallo
1746 2141 2004 2195 solatium

427 2218 650 2289 aliquod
686 2220 915 2275 habeam
961 2223 1246 2280 absentiae.
1278 2225 1386 2282 Sed
1417 2244 1542 2282 cum
1571 2230 1759 2285 eadem
1791 2242 2003 2287 utrum-

426 2325 535 2381 que
575 2311 953 2378 distinuerint,
996 2322 1112 2369 tum
1150 2334 1272 2387 quae
1308 2320 1408 2374 tibi
1450 2322 1643 2376 incidit
1687 2323 2000 2390 inﬁrmitas,

427 2410 542 2456 tum
590 2417 713 2458 mea
761 2404 854 2458 illa
903 2408 1170 2461 vetustior
1228 2412 1538 2479 aagrotatio,
1595 2430 1716 2484 qua:
1760 2416 2004 2471 nondum

426 2497 698 2553 abscessit
730 2498 985 2565 ;vcniam
1026 2501 1267 2571 utrique,
1315 2501 1362 2554 si
1408 2502 1609 2576 placet,
1643 2513 1879 2575 uterque
1909 2507 2006 2561 de-

428 2605 575 2655 mus,
619 2600 680 2645 ut
732 2606 829 2662 per
868 2594 1233 2664 nosmetipsos
1277 2594 1494 2665 cuipam
1536 2597 1769 2652 invicem
1818 2597 2005 2653 dimit-

428 2689 630 2738 tamus.

839 2839 1004 2911 299
1041 2839 1380 2895 EPISTOLA
1416 2839 1619 2895 CCII“.

2394 1847 2776 1918 Ἀμφιλοχίιχ),
2806 1844 3118 1908 ἑπισκόπῳ
3160 1849 3421 1896 ικονιου.

2181 1963 2398 2018 Πολλῶν
2416 1963 2604 2017 ἕνεκεν
2630 1959 2881 2031 ἐπιθυμῶ
2906 1957 3018 2030 (l9)
3044 1959 3323 2027 συντυχεῖν
3352 1971 3456 2020 σοι,
3483 1954 3572 2006 ἵνα
3603 1952 3695 2006 καὶ

2114 2056 2401 2128 συμόούλῳ
2432 2058 2725 2128 χρήσωμαι
2750 2053 2880 2125 περὶ
2912 2052 3021 2105 τῶν
3052 2052 3110 2104 ὲν
3139 2049 3299 2123 χερσὶ
3331 2046 3699 2119 πραγμάτων,

2111 2149 2207 2200 καὶ
2231 2147 2388 2212 ὅλως,
2418 2147 2506 2202 ἵνα
2535 2145 2625 2199 διὰ
2658 2142 2871 2216 μακροῦ
2904 2141 3240 2212 θεασάμενός
3273 2156 3354 2204 σε,
3385 2138 3497 2210 ἔχω
3523 2154 3700 2208 παρα-

2115 2238 2313 2309 μυθίαν
2350 2238 2472 2292 τινὰ
2512 2239 2614 2308 τῆς
2657 2234 3017 2303 ἀπολείψεως.
3068 2230 3289 2298 Ἐπειδὴ
3343 2231 3403 2284 δὲ
3443 2229 3515 2283 τὰ
3563 2228 3699 2283 αὐτὰ

2110 2327 2453 2399 ἀμφοτέρους
2496 2326 2747 2397 ἐπέσχεν,
2790 2326 2825 2396 ἦ
2870 2341 2931 2377 τε
2968 2325 3093 2395 ὑμῖν
3130 2321 3385 2394 συμᾶῑσα
3425 2320 3700 2383 ἀσθένεια,

2112 2419 2206 2471 καὶ
2255 2420 2288 2489 ἡ
2335 2417 2665 2488 παλαιοτέρα
2706 2415 2865 2486 ήμῶν
2912 2413 3220 2487 ἀρρωστία.
3272 2416 3440 2484 μήπω
3488 2410 3697 2464 ἀπολεί-

2109 2509 2279 2579 ψασα,
2315 2510 2645 2582 ἀμφοτέροις
2678 2509 2857 2580 δῶμεν
2890 2504 3241 2576 συγγνώμην,
3277 2507 3327 2556 εἰ
3360 2503 3565 2573 βούλει,
3594 2503 3698 2571 ἀμ-

2112 2600 2350 2672 φότεροι·
2376 2599 2518 2654 ὥστε
2537 2600 2605 2653 δι’
2631 2597 2839 2653 έαυτῶν
2861 2596 3123 2667 ἀλλήλους
3144 2595 3358 2665 ἀφεῖναι
3382 2591 3478 2645 τοῦ
3504 2590 3697 2660 ἐγκλή-

2116 2707 2303 2762 ματος.

2642 2845 2989 2900 ΕΠῙΣΤΟΛΗ
3025 2845 3143 2897 EB’.

427 2953 642 3007 Basilius
660 2954 816 3006 morbi
836 2953 1057 3019 reliquiis
1088 2955 1303 3007 detentus
1324 2955 1722 3068 AmpllllOC/ll'w‘lz‘
1737 2966 1893 3022 rogat,
1918 2967 1968 3009 ut
1989 2975 2006 3008 ε

737 3034 745 3041 ·
1724 3033 1903 3084 nquam
1922 3036 2006 3082 pra

2116 2960 2483 3075 dusuiliﬂerlulur
2502 2962 2551 3013 in
2570 2977 2751 3023 paucos
2774 2961 2883 3015 dies
2906 2978 2924 3014 :
2948 2968 3050 3024 aut,
3086 2958 3131 3012 si
3147 2963 3321 3025 urgent
3354 2954 3569 3023 negotia,
3593 2954 3694 3019 ipse

2116 3038 2139 3073 δ
2165 3038 2196 3074 η
2246 3038 2360 3076 nere
2380 3039 2458 3075 ur.
3280 3040 3285 3046 '

744 3125 1140 3194 Amphilochia,
1189 3125 1362 3181 Iconii
1411 3129 1672 3197 episcopo.

498 3237 564 3292 Et
613 3238 751 3295 alias
791 3239 1012 3308 quidem
1047 3254 1146 3309 pro
1192 3255 1391 3309 magno
1425 3240 1680 3295 ducerem
1722 3258 1847 3295 cum
1883 3258 2009 3312 gra-

428 3331 595 3385 vitate
640 3339 734 3384 lua
773 3331 1059 3400 congredi.
1113 3331 1209 3385 sed
1251 3347 1397 3385 nunc
1434 3332 1690 3397 maxime,
1720 3349 1844 3388 cum
1885 3335 2009 3389 talis

429 3424 514 3478 sit;
543 3423 905 3478 conveniendi
949 3437 1139 3477 causa.
1192 3419 1299 3476 Sed
1353 3424 1484 3491 quia
1532 3424 1780 3493 reliquiae
1828 3424 2006 3479 morbi

429 3514 536 3569 mei
564 3514 701 3570 tales
729 3523 879 3581 sunt,
926 3524 985 3567 ut
1030 3531 1097 3568 ne
1138 3514 1428 3567 minimum
1471 3514 1691 3583 quidem
1727 3515 1859 3568 mibi
1893 3530 2009 3568 mo-

428 3611 545 3658 tum
587 3605 930 3675 permittant,
978 3605 1179 3673 quippe
1229 3605 1345 3673 qui,
1399 3614 1689 3675 postquam
1725 3619 1889 3658 curru
1940 3602 2007 3657 ad

429 3704 699 3767 martyres
752 3712 927 3766 usque
987 3695 1269 3766 prolectus
1316 3711 1476 3759 sum,
1530 3712 1724 3753 rursus
1772 3698 1886 3752 fere
1952 3697 2006 3750 in

429 3789 679 3843 eumdem
722 3790 1015 3844 reciderim
1058 3788 1350 3853 morbum;
1391 3788 1512 3844 ideo
1559 3795 1774 3844 veniam
1815 3791 1947 3844 milii
1976 3806 2008 3843 a

434 3880 586 3936 vobis
615 3879 736 3935 dari
766 3896 996 3936 necesse
1036 3889 1141 3936 est.
1178 3882 1335 3948 Quod
1362 3883 1408 3939 si
1439 3883 1554 3938 ﬁeri
1601 3890 1782 3954 potest
1824 3891 1886 3937 ut
1918 3899 2007 3939 res

430 3973 486 4027 in
518 3988 723 4043 paucos
766 3973 883 4029 dies
905 3973 1209 4041 diﬂeratur,
1248 3986 1302 4031 et
1352 3977 1518 4031 adero
1556 3977 1865 4042 vobiscum,
1900 3976 2008 4031 Deo

430 4067 731 4138 largiente,
800 4074 856 4122 et
908 4067 1313 4124 sollicitudines
1375 4068 1611 4138 partiar.
1665 4066 1766 4122 Sin
1818 4077 2006 4123 autem

429 4166 626 4227 urgent
664 4161 903 4230 negotia,
955 4161 1220 4230 peragite,
1266 4159 1376 4215 Deo
1419 4161 1731 4230 adjuvante,
1795 4176 1918 4231 quae
1952 4161 2009 4214 in

429 4249 693 4304 manibus
756 4263 886 4306 sunt
948 4270 962 4304 :
1023 4266 1111 4306 me
1164 4258 1346 4306 autem
1403 4253 1546 4307 inter
1597 4268 1693 4308 vos
1746 4261 2004 4322 tanquam

433 4349 780 4411 praesentem,
848 4349 902 4396 et
948 4357 1164 4407 eorum,
1208 4357 1330 4412 quae
1391 4345 1655 4414 praeclare
1724 4353 2003 4414 gerentur,

433 4437 645 4492 socium
705 4447 1084 4493 annumerate.
1144 4436 1323 4493 Sanus
1383 4448 1439 4494 et
1500 4440 1555 4493 in
1621 4415 2007 4493 Domino'n‘la‘e—

2390 3137 2769 3207 Ἀμεοιλοχίῳ,
2804 3136 3118 3198 ἐπισκόπει)
3140 3132 3423 3189 Ἰκονίου.

2185 3249 2295 3303 Καὶ
2323 3250 2499 3315 ἄλλως
2528 3251 2627 3323 μέν
2664 3268 2753 3320 μοι
2790 3249 2987 3303 πολλοῦ
3026 3248 3175 3313 ἄξιον
3208 3248 3269 3300 τὸ
3314 3262 3697 3316 συντυγχανειν

2109 3342 2175 3410 τῇ
2206 3341 2492 3414 σεμνότητί
2520 3359 2644 3407 σου,
2677 3342 2774 3395 νῦν
2809 3340 2865 3393 δὲ
2899 3340 2993 3394 καὶ
3030 3339 3295 3411 μάλιστα,
3335 3338 3424 3390 ὅτε
3460 3335 3696 3389 τοιοῦτὸν

2110 3428 2227 3479 ἐστι
2261 3429 2320 3480 τὸ
2359 3429 2591 3496 συνάγον
2625 3431 2772 3500 ἡμᾶς
2809 3430 3063 3499 πρᾶγμα.
3106 3426 3243 3479 Ἀλλ’
3274 3426 3464 3497 ἐπειδὴ
3499 3426 3571 3479 τὰ

2108 3517 2252 3586 ψανα
2285 3517 2380 3587 τῆς
2414 3518 2725 3590 ἀρρωστίας
2760 3533 2862 3587 μου
2895 3516 3139 3579 τοιαῦτα,
3165 3514 3240 3578 ὡς
3274 3512 3411 3584 μηδὲ
3436 3512 3537 3582 τὴν
3561 3509 3687 3581 βρα-

2110 3607 2348 3678 χυτάτην
2378 3624 2467 3678 μοι
2501 3608 2710 3678 κίνησιν
2741 3608 3065 3676 συγχωρεῖν,
3092 3605 3151 3668 ὃς
3169 3620 3256 3673 γε,
3293 3602 3379 3655 ἵνα
3404 3602 3505 3672 τὴν
3532 3601 3690 3672 μέχρι

2109 3698 2216 3751 τῶν
2261 3697 2551 3770 μαρτύρων
2598 3698 2708 3770 (20)
2759 3697 2876 3751 ὁδὸν
2928 3697 3162 3768 ὀχήματι
3207 3692 3480 3764 πορευθῶ,
3539 3692 3691 3745 πάλιν

2114 3789 2311 3862 μικροῦ
2353 3791 2488 3863 πρὸς
2540 3790 2639 3862 τὴν
2685 3790 2853 3861 αὐτὴν
2898 3788 3217 3862 ὑπέστρεψα
3255 3788 3431 3851 νόσον,
3483 3785 3688 3855 ἀνάγκη

2112 3882 2441 3955 συγγνώμης
2486 3887 2666 3956 τυχεῖν
2704 3884 2836 3955 παρ’
2882 3882 3059 3955 ὑμῶν.
3098 3882 3216 3936 Κᾶν
3260 3882 3358 3951 μὲν
3476 3879 3691 3932 δυνατὸν

2111 3975 2473 4047 ὑπερτεθῆναι
2500 3975 2561 4028 τὸ
2589 3978 2820 4047 πρᾶγμα
2843 3975 3052 4044 ὀλίγαις
3070 3973 3293 4044 ὕστερον
3319 3972 3577 4045 ἡμέρας,
3602 3971 3689 4024 καὶ

2112 4066 2403 4137 συνέσομαι
2438 4067 2566 4137 ὑμῖν
2594 4069 2658 4138 τῇ
2695 4066 2787 4120 τοῦ
2821 4065 2957 4120 Θεοῦ
3001 4067 3213 4137 χάριτι,
3255 4064 3349 4116 καὶ
3382 4062 3690 4133 κοινωνήσω

2107 4156 2217 4209 τῶν
2268 4157 2581 4228 φροντίδων.
2621 4158 2747 4212 Ἐὰν
2785 4157 2842 4211 δὲ
2892 4156 3089 4227 ἐπείγῃ
3130 4156 3199 4208 τὰ
3248 4153 3687 4225 σπουδαζόμενα,

2111 4245 2351 4318 πράξατε
2406 4248 2505 4318 μὲν
2547 4250 2612 4318 τῇ
2652 4245 2746 4300 τοῦ
2792 4246 2927 4299 Θεοῦ
2981 4243 3243 4315 συνεργίᾳ
3293 4244 3363 4296 τὰ
3408 4245 3467 4297 ὲν
3518 4243 3684 4314 χερσί·

2112 4339 2552 4411 συναριθμήσατε
2585 4339 2641 4392 δέ
2681 4357 2746 4410 με
2778 4340 3011 4402 ἑαυτοῖς,
3046 4337 3123 4400 ὡς
3160 4336 3434 4409 παρόντα,
3465 4337 3561 4389 καὶ
3591 4335 3690 4389 τῶν

2111 4432 2290 4496 καλῶς
2329 4433 2630 4503 γινομένων
2674 4433 3168 4502 συνεφαπτόμενον.
3213 4418 3561 4502 Ἐρῤωμένος
3604 4429 3690 4483 καὶ

432 4538 544 4592 tus,
577 4536 630 4583 et
657 4544 756 4599 pro
792 4544 878 4584 me
913 4544 1081 4583 orans
1131 4530 1370 4585 serveris
1418 4529 1510 4584 Dei
1550 4529 1827 4596 Ecclesiis,
1875 4545 2005 4586 san-

2116 4525 2345 4596 εῦθυμος
2376 4528 2434 4579 ὲν
2472 4525 2687 4596 Κυρίῳ,
2725 4524 3159 4596 ὑπερευχόμενός
3195 4540 3327 4594 μου,
3370 4521 3691 4593 φυλαχθείης

431 4621 506 4676 cti
536 4622 727 4693 gratia.

518 4784 537 4800 '
560 4778 709 4835 Alias
733 4776 889 4834 CCII.
915 4779 1148 4849 Scripta
1179 4793 1326 4833 anno
1353 4776 1477 4831 575.

510 4852 545 4872 “
572 4845 1073 4920 AliasCCCXCVII
1106 4850 1320 4920 Scripta
1351 4862 1496 4920 anno
1530 4845 1655 4920 575.

505 4921 550 4992 (l
564 4918 620 4992 7),
656 4919 1010 4992 Ἀδελφοὺςη
1272 4920 1379 4972 Pro
1414 4918 1499 4971 his
1533 4915 1760 4992 vocibus
1813 4916 2014 4992 legitur

432 4986 762 5055 ἐπισκόπους
814 4986 1086 5045 incodice
1127 4991 1581 5044 Claromontano.
1629 4986 1843 5041 Revera
1878 4986 2013 5055 epi-

432 5078 628 5133 scopos
658 5062 909 5128 designat
932 5060 1207 5125 Basilius;
1243 5059 1339 5115 sed
1356 5059 1487 5133 inec
1517 5058 1793 5127 scriptura
1818 5071 2014 5112 emar-

433 5130 800 5204 ginevidetur
835 5133 891 5186 in
930 5140 1136 5204 textum
1175 5130 1485 5204 irrepsisse.

505 5202 1164 5275 (l8)f1‘:cepevxc5usroq.
1200 5196 1351 5254 lianc
1388 5212 1619 5275 voceml
1656 5211 1780 5275 quae
1820 5196 2013 5251 deerat

434 5273 489 5327 in
514 5269 705 5344 editis.
741 5269 1048 5344 reperimus
1079 5273 1134 5325 in
1168 5281 1301 5344 octo
1326 5285 1463 5344 mss.
1501 5269 1815 5323 codicibus.

505 5343 614 5412 (i9)
651 5339 964 5415 Ἐπιθυμῷ.
1004 5340 1129 5396 Vat.
1177 5339 1510 5415 ἐπεθύμουν.
1554 5408 1565 5415 ι
1621 5404 1726 5415 _____
1904 5406 1934 5415 γ’

504 5404 618 5483 (ἰώ
647 5414 835 5482 Μέχρι
853 5404 982 5467 τῶν
999 5412 1333 5483 μαρτύρων.
1353 5404 1595 5483 coniicit
1621 5404 2009 5483 Tillemgnlius

437 5476 696 5538 Basili'um
726 5476 893 5538 eam.
912 5476 1130 5538 vectum
1163 5476 1334 5539 fuisse
1363 5480 1431 5534 ad
1463 5476 1781 5534 Memoriam
1818 5477 1874 5531 S.
1897 5476 2006 5531 Eu-

436 5554 671 5626 psychii.
707 5552 811 5609 Sed
848 5568 955 5609 non
980 5555 1255 5624 quadram
1288 5561 1557 5622 tempora.
1606 5548 1825 5618 Scripta
1855 5548 2001 5603 enim

2108 4621 2177 4690 τῇ
2207 4618 2300 4671 τοῦ
2331 4616 2467 4670 Θεοῦ
2492 4617 2785 4687 Ἐκκλησία
2817 4617 2999 4687 χάριτι
3019 4614 3111 4668 τοῦ
3137 4615 3317 4683 ἁγίου.

2125 4774 2242 4829 liazc
2269 4773 2500 4844 epistola
2530 4780 2615 4828 est
2650 4771 2826 4844 multo
2857 4778 2985 4844 ante
3000 4768 3691 4844 1nenser_n__Septegnbrem,

2123 4860 2234 4912 quo
2288 4839 2474 4900 mense
2528 4845 2646 4898 dies
2687 4842 2864 4897 festus
2902 4840 2963 4897 S.
2997 4839 3297 4912 Eupsychii
3331 4841 3689 4912 rit-colebatur.

2127 4908 2308 4969 Multae
2337 4916 2457 4969 aliae
2481 4922 2638 4984 erant
2668 4920 2984 4984 martyrum
3016 4908 3292 4984 Memoria:
3325 4926 3500 4984 prope
3523 4908 3694 4984 (12537

2121 5002 2292 5049 ream,
2325 4986 2473 5039 velut
2504 4983 2562 5038 S.
2594 4981 2799 5038 Julitta:
2828 4978 2906 5037 ἐι
2940 4984 2999 5035 S.
3038 4982 3249 5047 Gordii,
3288 4978 3523 5039 tontfll,
3555 4980 3691 5050 p.3l

2119 5067 2174 5110 et
2212 5057 2333 5110 Ml.
2372 5054 2635 5111 Neutrum
2687 5062 2870 5108 tanien
2899 5069 2928 5106 a
2970 5052 3172 5108 Basilio
3215 5051 3496 5122 designari
3531 5060 3690 5122 puto;

2130 5127 2259 5197 quia
2292 5129 2579 5197 utriusque
2611 5125 3023 5197 anniversarius
3061 5124 3181 5197 dies
3217 5120 3405 5197 mense
3431 5120 3690 5197 Januario

2120 5192 2355 5252 redibat.
2395 5196 2501 5251 Sed
2530 5196 2755 5249 minime
2787 5196 3015 5249 dubium
3050 5193 3400 5263 quinplures
3431 5193 3572 5263 alios
3605 5192 3692 5263 ha-

2119 5267 2299 5321 buerit
2336 5269 2609 5321 Caasarea.
2661 5264 2797 5318 Nam
2827 5261 3127 5335 Gregorius
3166 5261 3455 5335 Nyssenus
3492 5262 3551 5315 in
3584 5261 3692 5335 epi-

2118 5340 2261 5392 stola
2290 5338 2357 5392 de
2386 5339 2454 5411 iis
2483 5337 2578 5410 qui
2599 5335 2805 5411 adeunt
2835 5333 3237 5411 Hierosolyma,
3256 5333 3517 5411 declarat
3544 5333 3691 5411 plura
3740 5358 3747 5367 -

2116 5403 2519 5478 propemodum
2550 5422 2674 5461 esse
2709 5409 2905 5460 altaria
2937 5406 3011 5478 in
3049 5403 3421 5478 (lappadocia,
3454 5419 3620 5472 quam
3643 5403 3693 5454 in

2117 5475 2237 5535 ioto
2272 5487 2546 5534 terrarum
2585 5480 2738 5541 orbe,
2771 5487 2901 5531 lout.
2936 5475 3023 5544 lll,
3057 5493 3109 5547 p.
3142 5475 3266 5529 6:35.
