3948 6214
229 292 329 346 741

1136 295 1630 354 EPISTOLABUM
1669 299 1957 357 CLASSIS
1993 302 2058 360 II.
2098 302 2316 360 EPIST.
2355 304 2538 361 CCIII.

3395 311 3495 365 τη

227 409 380 479 ἡμᾶς
426 407 670 473 διάϐολος
719 408 881 475 ἔστω,
934 410 1069 464 ἀλλὰ
1124 415 1453 485 κατήγορος·
1508 414 1711 486 μᾶλλον
1758 416 1799 469 δὲ

1918 432 2096 487 neque
2145 419 2491 474 accusatoris
2536 415 2774 487 accipiat
2808 432 3032 485 nomen,
3080 416 3177 474 sed
3221 418 3391 475 frater
3425 425 3495 477 sit

230 501 369 571 μηδὲ
393 499 454 553 τὸ
482 498 576 553 τοῦ
599 501 905 572 κατηγόρου
939 502 1175 573 δεχέσθω
1203 504 1395 576 ὄνομα,
1439 506 1554 560 ἀλλ’
1584 507 1811 577 ἀδελφὸς

226 591 371 644 εστω
399 591 456 643 ὲν
479 592 666 664 ἀγάπῃ
697 593 962 647 νουθετῶν
984 634 1000 657 ,
1037 595 1131 648 xui
1164 598 1254 650 ἐπὶ
1281 597 1562 669 διορθώσει
1588 600 1808 668 ἐπάγων

222 681 317 733 τὸν
367 680 607 752 ἔλεγχον
666 685 802 753 μήτε
857 685 1014 755 ὑμεῖς
1071 688 1350 760 λοιδοριῶν
1425 690 1655 762 γένησθε
1695 692 1806 762 (55)

223 774 516 844 ἀκροαταὶ,
585 775 699 829 ἀλλ’
756 777 992 847 ἐλέγχων
1044 779 1404 851 δοκιμασταί·
1453 787 1589 854 μήτε
1645 787 1807 855 ἡμεῖς

222 865 569 937 ἀνιάτρευτοι
602 868 1080 943 καταλειφθῶμεν,
1116 873 1191 944 μὴ
1224 876 1634 947 φανερουμένης
1670 880 1803 948 ἡμῖν

220 958 323 1027 τῆς
344 959 620 1029 ἁμαρτίας
669 962 702 1029 ἡ
710 960 848 1031 μῶν.

271 1051 348 1103 .5.
385 1050 477 1121 Μὴ
499 1050 608 1122 γάρ
646 1052 854 1117 ἐκεῖνος
878 1055 1021 1125 ὑμᾶς
1052 1055 1082 1106 ὁ
1108 1055 1365 1127 λογισμὸς
1390 1059 1687 1129 κατεχέτω,
1723 1061 1804 1113 ὃτι

220 1140 270 1209 οἱ
301 1141 404 1211 τὴν
428 1144 698 1213 παραλίαν
718 1146 993 1210 οἰκοῦντες
1019 1146 1124 1211 ἔξω
1152 1150 1317 1219 ἐσμὲν
1346 1150 1440 1204 τοῦ
1470 1153 1669 1216 πάθους
1698 1153 1805 1205 τῶν

220 1233 457 1298 πολλῶν,
484 1237 578 1289 xui
597 1237 749 1290 οὐδὲν
782 1241 880 1308 τῆς
922 1241 1049 1311 παρ’
1085 1241 1285 1312 ἐτέρων
1328 1244 1642 1316 ἐπικουρίας
1687 1246 1805 1299 δεό-

223 1323 387 1392 μεθα·
422 1324 561 1379 ὥστε
591 1327 673 1390 τίς
706 1330 835 1399 ἡμῖν
867 1331 1025 1401 χρεία
1061 1336 1157 1402 τῆς
1193 1334 1329 1405 πρὸς
1359 1336 1579 1407 ἐτέρους
1615 1354 1805 1391 κοινω-

220 1414 370 1479 νίας;
404 1416 462 1469 '0
486 1417 595 1489 γὰρ
618 1419 821 1491 Κύριος
842 1423 942 1485 τὰς
973 1424 1069 1494 μὲν
1093 1425 1290 1494 νήσους
1314 1427 1412 1496 τῆς
1441 1427 1548 1498 (56)
1575 1428 1827 1504 ἠπείρου,

218 1504 309 1558 διὰ
344 1505 619 1577 θαλάσσης
650 1511 917 1583 διέστησε,
944 1516 1070 1578 τοὺς
1099 1515 1154 1567 δὲ
1194 1516 1465 1586 νησιώτας
1501 1521 1612 1581 τοῖς
1649 1520 1805 1589 ἡπειυ

223 1597 428 1668 ρώταις
446 1600 532 1654 διὰ
546 1602 644 1672 τῆς
664 1603 885 1675 ἀγάπης
906 1606 1213 1677 συνέδησεν.
1235 1609 1399 1661 Οὐδὲν
1415 1612 1447 1679 ἡ
1459 1610 1562 1679 μᾶς
1583 1610 1805 1680 χωρίζει

220 1690 316 1742 ἀπ’
344 1690 611 1762 ἀλλήλων,
644 1694 884 1764 ἀδελφοὶ,
918 1697 1012 1749 ἐὰν
1040 1697 1112 1768 μὴ
1142 1700 1205 1769 τῇ
1237 1701 1550 1771 προαιρέσει
1583 1701 1671 1753 τὸν
1700 1719 1807 1770 χω-

1917 508 2225 565 admonens
2274 510 2333 564 in
2377 510 2669 573 cbaritate,
2720 519 2775 564 et
2817 510 2887 565 ad
2932 511 3368 566 emendationem
3402 528 3494 567 ar-

1916 616 2090 671 guens
2115 619 2130 668 ;
2156 617 2333 672 neque
2364 617 2462 657 vos
2501 603 2878 658 conviciorum
2914 603 3196 660 auditores
3227 605 3370 671 sitis,
3399 607 3493 664 sed

1916 702 2366 762 argumentorum
2394 693 2610 762 judices
2650 713 2664 749 :
2699 710 2880 765 neque
2917 711 3020 750 nos
3052 697 3291 750 incurati
3326 696 3495 752 relin-

1912 800 2171 854 quantur,
2204 794 2398 840 nostro
2422 787 2582 842 nobis
2619 801 2730 841 non
2751 789 2993 842 indicato
3023 788 3247 845 delicto.

1989 1068 2044 1121 '5.
2078 1065 2199 1122 Non
2230 1069 2375 1122 enim
2404 1085 2504 1123 vos
2538 1071 2626 1123 illa
2654 1073 2914 1143 cogitatio
2941 1073 3183 1129 detineat
3216 1093 3232 1131 ε
3263 1073 3373 1131 Nos
3398 1077 3492 1146 qui

1916 1157 2191 1212 maritima
2231 1160 2354 1213 loca
2399 1162 2712 1227 incolimus,
2754 1172 2911 1217 extra
2945 1168 3244 1220 multorum
3287 1170 3491 1222 malum

1915 1264 2127 1314 smnus,
2179 1265 2278 1304 nec
2326 1252 2559 1307 aliorum
2613 1255 2923 1324 indigemus
2978 1258 3186 1310 auxilio
3239 1276 3252 1311 :
3298 1274 3494 1327 quanio

1914 1340 2103 1395 obrem
2140 1341 2274 1411 quid
2319 1344 2482 1398 nobis
2516 1360 2655 1413 opus
2690 1356 2774 1399 est
2807 1362 2932 1399 cum
2972 1348 3093 1402 aliis
3133 1349 3493 1403 communio?

1916 1431 2183 1488 Dominus
2229 1434 2375 1489 enim
2426 1436 2638 1491 insulas
2682 1438 2904 1506 quidem
2958 1455 2987 1492 a
3037 1441 3353 1495 continente
3401 1457 3494 1511 per

1913 1539 2064 1578 mare
2094 1525 2285 1580 divisit
2316 1542 2329 1578 :
2378 1528 2680 1582 insularum
2712 1544 2839 1582 vero
2879 1530 3089 1585 incolas
3125 1547 3222 1601 per
3253 1533 3494 1588 charita-

1912 1625 2019 1671 tem
2054 1632 2179 1671 cum
2216 1619 2419 1675 incolis
2458 1621 2794 1676 continentis
2839 1621 3046 1690 junxit.
3093 1621 3238 1676 Nihil
3287 1640 3388 1680 nos
3427 1626 3494 1679 ab

1911 1709 2170 1774 invicem,
2229 1710 2450 1774 fratres,
2507 1720 2756 1781 separat,
2822 1714 2924 1767 nisi
2984 1715 3154 1768 animi
3212 1720 3495 1785 pmposito

220 1781 421 1850 ρισμὸν
443 1775 786 1854 ὑποστῶμεν.
812 1781 909 1849 Εἷς
936 1788 1092 1857 ήμῶν
1116 1789 1340 1862 Κύριος,
1367 1791 1464 1861 μία
1490 1790 1689 1857 πίστις,
1718 1791 1799 1843 ἐλ-

1911 1803 2303 1858 dissocientur.
2330 1803 2488 1859 Unus
2510 1806 2670 1860 nobis
2696 1812 2780 1860 est
2809 1804 3094 1874 Dominus,
3135 1824 3240 1862 una
3268 1810 3402 1865 fides
3424 1809 3492 1877 ⁸¹,

216 1873 311 1936 πὶς
341 1876 374 1944 ἡ
411 1876 571 1948 αὐτή.
604 1877 728 1930 Εἴτε
756 1880 997 1951 κεφαλὴν
1029 1883 1255 1947 ἑαυτοὺς
1285 1884 1383 1954 τῆς
1418 1885 1648 1938 καθόλου
1685 1887 1806 1938 Ἐκ-

216 1963 451 2033 κλησίας
477 1966 780 2035 λογίζεσθε,
809 1970 871 2022 οὐ
907 1969 1129 2026 δύναται
1169 1976 1201 2043 ἡ
1242 1974 1454 2046 κεφαλὴ
1487 1976 1659 2029 εἰπεῖν
1693 1978 1803 2039 τοῖς

215 2057 365 2121 ποσὶ,
408 2058 613 2129 Χρείαν
642 2061 796 2131 ὑμῶν
833 2063 933 2116 οὐκ
964 2063 1091 2134 ἔχω’
1119 2066 1229 2118 εἴτε
1269 2067 1361 2119 xui
1395 2068 1453 2119 ἐν
1481 2066 1614 2139 ἄλλῃ
1652 2068 1803 2134 τάξει

215 2147 325 2201 τῶν
354 2150 833 2221 ἐκκλησιαστικῶν
864 2155 1041 2225 μελῶν
1070 2157 1298 2222 ἑαυτοὺς
1328 2158 1588 2224 τάσσετε,
1616 2160 1677 2213 οὐ
1716 2160 1805 2213 δύ-

215 2241 382 2295 νασθε
412 2242 592 2312 λέγειν
620 2248 733 2309 τοῖς
762 2248 819 2299 ἐν
847 2247 927 2319 τῷ
955 2249 1105 2319 αὐτῷ
1145 2249 1355 2321 σώματι
1391 2253 1803 2323 κατατεταγμέ-

215 2352 326 2397 νοις
351 2335 464 2404 (57)
486 2338 618 2407 ἡμῖν
639 2337 721 2405 τὸ,
743 2339 948 2408 Χρείαν
978 2341 1131 2411 ὑμῶν
1163 2343 1262 2395 οὐκ
1290 2343 1501 2413 ἔχομεν.
1524 2345 1595 2397 Αἵ
1617 2362 1675 2396 τε
1695 2345 1804 2416 γάρ

211 2430 403 2497 χεῖρες
459 2427 706 2500 ἀλλήλων
764 2429 1006 2495 δέονται,
1071 2433 1165 2484 xui
1220 2433 1270 2486 οἱ
1324 2434 1484 2497 πόδες
1543 2434 1806 2505 ἀλλήλους

216 2518 563 2590 στηρίζουσι,
621 2521 715 2574 xui
766 2523 818 2574 οἰ
863 2522 1132 2595 ὀφθαλμοὶ⁵
1181 2527 1237 2578 ἐν
1284 2529 1351 2597 τῇ
1413 2528 1701 2599 συμφωνίᾳ
1744 2528 1806 2581 τὸ

212 2609 443 2680 ἐναργὲς
486 2611 586 2682 τῆς
622 2613 982 2686 καταλήψεως
1023 2615 1260 2687 ἔχουσιν.
1317 2618 1511 2688 Ἡμεῖς
1554 2619 1651 2689 μὲν
1695 2619 1805 2691 γὰρ

212 2701 583 2775 ὁμολογοῦμεν
624 2704 686 2757 τὸ
731 2706 941 2759 ἑαυτῶν
985 2708 1238 2772 ἀσθενές·
1294 2711 1387 2763 xui
1435 2709 1804 2780 ἐπιζητοῦμεν

214 2792 304 2863 τὴν
342 2792 650 2865 σύμπνοιαν
675 2797 848 2868 ὑμῶν.
880 2799 1112 2870 Οἴδαμεν
1135 2802 1263 2872 γὰρ,
1287 2802 1388 2864 ὅτι,
1413 2800 1515 2855 κᾶν
1549 2802 1624 2872 μὴ
1660 2819 1804 2872 παρ-

213 2882 308 2953 ῆτε
346 2884 430 2956 τῷ
468 2887 713 2958 σώματι,
754 2891 820 2961 τῇ
872 2890 959 2944 διὰ
996 2891 1105 2947 τῶν
1157 2894 1330 2964 εὐχῶν
1383 2894 1605 2966 βοηθείᾳ
1663 2894 1804 2965 μέγα

212 2976 477 3045 παρέξετε
509 2979 639 3050 ἡμῖν
664 2982 723 3033 ἐν
746 2984 858 3045 τοῖς
879 2983 1329 3052 ἀναγκαιοτάτοις
1358 2988 1568 3056 καιροῖς
1592 2985 1799 3054 ὄφελος.

217 3066 398 3137 ’Υμᾶς
428 3067 487 3122 δὲ
522 3070 623 3124 οὑκ
653 3071 799 3125 ἔστιν
830 3072 953 3127 οὔτε
985 3076 1137 3148 παρά
1169 3077 1475 3149 ἀνθρώποις
1507 3078 1798 3150 εὐπρεπὲς,

212 3156 331 3212 οὔτε
375 3160 456 3231 τῷ
500 3161 619 3233 Θεῷ
665 3164 957 3235 εὐάρεστον
1005 3171 1123 3232 ταῖς
1173 3169 1449 3235 τοιαύταις
1495 3171 1794 3242 κεχρῆσθαι

212 3254 443 3317 φωναῖς,
485 3248 571 3316 αἷς
611 3255 732 3308 οὐδέ
766 3256 835 3309 τά
877 3257 1005 3329 ἔθνη
1049 3259 1346 3332 κέχρηνται
1388 3261 1455 3314 τά
1499 3261 1573 3332 μὴ
1617 3262 1797 3315 εἰδότα

215 3339 298 3391 τὸν
349 3340 506 3395 Θεόν.
550 3343 712 3397 Ἀλλά
752 3346 981 3400 κάκεῖνα
1021 3349 1313 3420 ἀκούομεν,
1358 3351 1461 3405 κᾶν
1502 3353 1584 3414 εἰς
1619 3353 1798 3405 πάντα

209 3432 462 3504 αὐτάρκη
487 3433 585 3507 τὴν
617 3435 799 3507 χώραν
829 3439 1126 3509 νέμωνται,
1153 3442 1254 3512 τῆς
1281 3441 1411 3510 γοῦν
1440 3442 1548 3495 τῶν
1575 3444 1798 3514 μελλόν-

213 3538 312 3577 των
353 3524 542 3577 ἕνεκεν
588 3526 812 3597 ἀδηλίας
850 3529 946 3601 τὴν
997 3533 1131 3602 πρὸς
1174 3533 1436 3606 ἀλλήλους
1480 3535 1798 3607 συμμαχίαν

209 3616 572 3683 ἀσπάζεσθαι,
604 3620 699 3672 xui
726 3619 824 3691 τὴν
862 3620 1141 3693 ἐπιμιξίαν
1169 3625 1244 3689 ὡς
1273 3626 1500 3697 ἔχουσάν
1529 3646 1580 3681 τι
1607 3628 1799 3699 κέρδος

208 3708 586 3777 μεταδιώκειν.
611 3711 801 3782 Ἡμεῖς
829 3714 906 3779 δὲ,
943 3715 1167 3770 ἐκείνων
1199 3718 1365 3783 ὄντες
1381 3720 1490 3773 τῶν
1524 3722 1796 3794 πατέρων,

209 3798 253 3851 οἳ
282 3800 687 3874 ἐνομοθέτησαν
716 3805 803 3858 διὰ
838 3807 1050 3878 μικρῶν
1072 3813 1437 3883 χαρακτήρων
1464 3813 1533 3867 τὰ
1558 3814 1659 3884 τῆς
1688 3833 1800 3868 κοι-

209 3891 403 3954 νωνίας
430 3891 541 3962 (58)
570 3892 814 3964 σύμϐολα
837 3897 945 3949 ἀπὸ
971 3898 1223 3967 περάτων
1244 3901 1341 3972 τῆς
1365 3905 1467 3974 γῆς
1490 3906 1570 3968 εἰς
1590 3906 1800 3977 πέρατα

208 3982 626 4054 περιφέρεσθαι,
651 3986 745 4039 xui
776 3986 984 4053 πάντας
1019 3991 1155 4043 πᾶσι
1188 3993 1412 4057 πολίτας
1443 3995 1536 4048 xui
1567 3998 1799 4063 οἰκείους

208 4069 374 4142 εἶναι,
403 4075 500 4129 νῦν
533 4077 911 4150 ἀποτέμνομεν
943 4083 1168 4147 ἑαυτοὺς
1197 4086 1299 4155 τῆς
1325 4088 1679 4160 οἰκουμένης,
1703 4092 1799 4144 xui

208 4164 327 4220 abte
357 4168 797 4241 ἐπαισχυνόμεθα
826 4175 892 4242 τῇ
928 4173 1191 4244 μονώσει,
1225 4175 1347 4231 οὔτε
1381 4179 1583 4250 ζημίαν
1614 4181 1799 4253 φέρειν

210 4257 293 4311 τὸν
314 4257 664 4329 διασπασμὸν
689 4261 789 4331 τῆς
817 4264 1072 4333 ὁμονοίας
1104 4266 1385 4338 τιθέμεθα·
1424 4269 1548 4324 οὕτε
1576 4272 1800 4343 φρίσσο-

207 4366 330 4421 μεν,
358 4352 445 4404 ὅτι
468 4352 548 4414 εἰς
574 4354 721 4424 ἡμᾶς
745 4353 933 4425 φθάνει
962 4358 994 4428 ἡ
1020 4358 1227 4431 φοϐερά
1262 4360 1357 4413 τοῦ
1392 4364 1596 4435 Κυρίου
1644 4365 1799 4435 ἡμῶν

106 4484 113 4491 .
208 4444 540 4514 προφητεία,
572 4446 850 4512 εἰπόντος,
885 4448 967 4501 ὅτι
999 4451 1101 4504 Διὰ
1132 4452 1199 4505 τὸ
1221 4455 1640 4523 πληθυνθῆναι
1672 4456 1787 4526 τὴν

1907 4473 1983 4542 [ui
2015 4474 2153 4528 dixit
2183 4494 2196 4530 :
2233 4477 2496 4543 Quoniam
2532 4479 2821 4534 abundavit
2859 4483 3135 4552 iniquitas,

206 4534 479 4605 ἀνομίαν,
511 4539 851 4608 ψυγήσεται
886 4541 924 4608 ἡ
952 4541 1152 4611 ἀγάπη
1186 4545 1303 4599 τῶν
1328 4547 1595 4606 πολλῶν.

270 4624 325 4680 4.
360 4628 456 4697 Μὴ
486 4627 680 4697 ταῦτα,
711 4630 929 4701 ἀδελφοὶ
974 4634 1311 4706 τιμιώτατοι,
1366 4642 1442 4713 μὴ
1477 4642 1786 4716 ἀνάσχησθε

212 4717 359 4773 τοῦτο
391 4722 525 4792 (59),
554 4722 688 4776 ἀλλὰ
717 4725 809 4776 xui
846 4726 938 4779 ἐπὶ
969 4730 1085 4792 τοῖς
1110 4730 1438 4801 παρελθοῦσι
1477 4738 1790 4807 παρακαλέ-

210 4826 331 4863 σατε
370 4813 519 4883 ἡμᾶς
563 4816 889 4888 γράμμασιν
934 4822 1227 4892 εἰρηνικοῖς
1274 4825 1369 4877 xui
1416 4827 1788 4900 ἀγαπητικαῖς

196 4909 688 4994 ἒπροσεδοιιυνήσεσιν,
726 4913 890 4967 οἱονεὶ
938 4917 1139 4989 πραείᾳ
1182 4918 1291 4972 τινὶ
1344 4921 1528 4993 ἐπαφῇ
1578 4923 1639 4975 τὸ
1686 4924 1787 4994 τῆς

195 4982 432 5069 ’καρδίας
457 5000 613 5071 ήμῶν
634 5002 811 5069 ἕλκος,
838 5004 867 5058 δ
896 5008 960 5060 ἐκ
980 4982 1089 5078 ’τῆς
1112 4982 1787 5085 παρελθούσης-ἀμελείας

205 5088 552 5163 ὶνεποιήσατε
594 5096 747 5165 ἡμῖν,
778 5099 1281 5171 παραμυθούμενοι.
1326 5103 1436 5156 Kui
1486 5105 1594 5158 εἴτε
1633 5108 1788 5161 αὐτοὶ

1908 1910 2036 1964 spes
2065 1895 2279 1951 eadem.
2317 1896 2445 1951 Sive
2490 1905 2658 1967 caput
2691 1899 2947 1967 vosipsos
2991 1900 3266 1955 universae
3299 1900 3494 1955 Eccle-

1907 1991 2001 2043 siae
2034 1989 2392 2057 existimatis,
2421 2007 2531 2045 non
2572 2000 2756 2060 potest
2794 2003 2954 2061 caput
2983 1992 3167 2048 dicere
3195 1994 3431 2063 pedibus
3477 2013 3489 2047 :

1905 2077 2025 2133 Non
2079 2088 2165 2136 est
2189 2080 2324 2134 mihi
2376 2097 2517 2151 opus
2550 2084 2730 2137 vobis.
2774 2082 2901 2137 Sive
2931 2099 3031 2139 vos
3071 2085 3126 2138 in
3159 2086 3268 2139 alio
3317 2101 3492 2138 mem—

1906 2173 2136 2228 brorum
2191 2174 2700 2230 ecclesiasticorum
2756 2176 2947 2231 ordine
2999 2179 3287 2247 reponitis,
3334 2179 3493 2233 nobis

1906 2265 1962 2319 in
1990 2265 2183 2321 eodem
2218 2281 2453 2338 corpore
2481 2268 2807 2322 constitutis
2842 2284 2953 2321 non
2982 2270 3220 2339 potestis
3260 2271 3446 2325 dicere
3475 2289 3488 2325 :

1908 2356 2089 2412 Vestri
2126 2373 2237 2412 non
2284 2360 2592 2430 indigemus
2618 2362 2684 2415 ⁸³.
2715 2359 2850 2413 Nam
2892 2370 2946 2416 et
2993 2378 3190 2417 manus
3217 2363 3387 2417 altera
3414 2365 3492 2417 al—

1906 2450 2082 2504 terius
2130 2458 2271 2521 eget,
2315 2460 2370 2506 et
2421 2468 2517 2521 pes
2553 2453 2693 2507 alter
2739 2454 2973 2507 alterum
3024 2453 3224 2519 lii-mat,
3259 2463 3314 2509 et
3344 2457 3492 2509 oculi

1908 2557 2011 2613 per
2052 2544 2410 2597 concordiam
2459 2546 2608 2600 clare
2659 2560 2724 2600 ac
2768 2530 3059 2616 perspicue
3113 2547 3323 2604 vident.
3379 2547 3492 2603 Nos

1905 2633 2054 2687 enim
2088 2644 2336 2689 nostram
2371 2635 2622 2706 ipsorum
2657 2637 3095 2692 imbecillitatem
3138 2640 3489 2707 confitemur,

1908 2739 1973 2778 ac
2017 2726 2487 2794 conspirationem
2541 2735 2780 2782 vestram
2812 2729 3187 2798 exposcimus.
3227 2727 3490 2785 Novimus

1905 2819 2051 2873 enim
2100 2818 2237 2885 fore,
2261 2827 2322 2873 ut
2353 2821 2570 2875 etiamsi
2598 2835 2829 2890 corpore
2858 2838 2968 2877 non
3003 2822 3218 2884 adsitis,
3252 2839 3487 2893 precum

1906 2910 2162 2966 subsidio
2211 2928 2323 2967 non
2379 2928 2573 2982 parum
2617 2914 2778 2969 nobis
2800 2916 3180 2980 emolumenti,
3229 2917 3490 2986 tempori-

1904 3004 2008 3059 bus
2040 3005 2276 3061 maxime
2311 3006 2669 3072 necessariis,
2709 3006 2972 3061 alferatis.
3008 3006 3118 3062 Vos
3155 3014 3336 3062 autem
3387 3022 3490 3064 nec

1905 3112 2092 3151 coram
2134 3098 2453 3153 hominibus
2488 3101 2752 3153 decorum
2789 3109 2895 3165 est,
2934 3116 3038 3155 nec
3070 3100 3180 3154 Deo
3224 3102 3490 3171 placitqu

1904 3188 2179 3258 ejusmodi
2232 3190 2311 3243 uti
2338 3191 2599 3254 vocibus,
2652 3191 2853 3261 quibus
2909 3207 2979 3245 ne
3025 3200 3216 3262 gentes
3265 3193 3487 3262 quidem

1899 3289 2153 3345 utuntur,
2194 3297 2316 3351 quae
2358 3281 2531 3336 Deum
2569 3284 2844 3354 ignorant.
2883 3284 3025 3350 Quin
3072 3292 3127 3339 et
3173 3286 3296 3340 illas
3339 3285 3493 3339 audi-

1897 3390 2044 3437 mus,
2070 3374 2286 3429 etiamsi
2323 3376 2584 3430 ornnibus
2611 3377 2984 3431 abundantem
3016 3377 3294 3447 regionem
3330 3377 3489 3430 inco-

1899 3463 2035 3527 lant,
2068 3465 2262 3519 saltem
2295 3466 2368 3520 ob
2404 3467 2676 3521 incertum
2726 3468 3037 3521 futurorum
3070 3476 3349 3527 eventum,
3390 3465 3491 3522 fm-

1899 3553 2004 3610 dus
2043 3556 2187 3610 inter
2235 3572 2295 3610 se
2342 3558 2578 3612 libenter
2626 3560 2786 3623 inire,
2828 3574 2893 3615 ac
2935 3559 3327 3613 commercium
3366 3568 3489 3611 tan-

1898 3662 2064 3717 quam
2097 3648 2264 3701 alicui
2304 3650 2382 3703 rei
2421 3651 2555 3705 utile
2590 3652 2867 3721 persequi.
2900 3650 3013 3705 Nos
3045 3660 3229 3706 autem
3272 3666 3339 3705 ex
3378 3651 3488 3705 illis

1898 3736 2005 3789 orti
2028 3738 2299 3806 patribus,
2328 3739 2423 3808 qui
2452 3741 2623 3811 legem
2652 3742 2919 3805 tulerunt,
2956 3748 3014 3794 ut
3046 3741 3303 3795 brevibus
3339 3743 3487 3798 notis

1898 3830 2307 3884 communionis
2378 3833 2537 3902 signa
2600 3848 2630 3885 a
2690 3834 2940 3887 terminis
2998 3833 3150 3887 orbis
3210 3841 3486 3887 terrarum

1899 3937 2074 3992 usque
2109 3923 2176 3978 ad
2212 3926 2481 3981 terminos
2528 3926 3045 3992 circumferrentur,
3081 3936 3247 3997 atque
3290 3943 3485 3983 omnes

1896 4016 2160 4073 omnibus
2188 4019 2339 4073 cives
2370 4028 2424 4074 ct
2462 4021 2756 4090 propinqui
2799 4028 3029 4076 essent:
3066 4036 3215 4074 nunc
3244 4035 3347 4075 nos
3379 4021 3485 4090 ipsi

1899 4107 2283 4165 abseindimus
2341 4110 2411 4165 ab
2462 4111 2598 4165 orbe
2649 4120 2961 4175 terrarum,
3014 4126 3118 4165 nec
3167 4124 3269 4165 nos
3320 4113 3487 4180 pudet

1902 4199 2222 4256 solitudinis
2294 4220 2307 4256 :
2369 4218 2471 4256 nec
2528 4201 2791 4256 damnum
2856 4201 3003 4258 ferre
3059 4204 3480 4259 distractionem

1899 4293 2212 4347 concordia:
2253 4292 2507 4348 ducimus
2564 4313 2576 4348 :
2622 4311 2800 4363 neque
2846 4295 3155 4361 horremus,
3209 4298 3358 4366 quod
3416 4297 3485 4352 ad

1900 4397 2001 4438 nos
2027 4386 2340 4452 pervenerit
2363 4385 2711 4441 formidanda
2734 4388 3019 4457 prophetia
3039 4388 3255 4443 Domini
3284 4390 3480 4452 nostri,

3184 4483 3484 4555 refrigescet

1891 4564 2129 4619 Charitas
2152 4568 2443 4622 multorum
2460 4570 2526 4624 ⁸³.

1966 4645 2023 4712 ί.
2080 4656 2294 4724 Nolite,
2355 4661 2554 4717 fratres
2620 4664 3091 4728 reverendissimi,
3150 4666 3317 4721 nolite
3374 4667 3479 4722 hoc

1895 4745 2063 4810 ferre,
2106 4749 2203 4803 sed
2258 4766 2362 4807 nos
2408 4756 2594 4822 potius
2634 4755 2701 4809 de
2750 4757 3042 4825 prreteritis
3089 4759 3474 4821 consolemini,

1896 4841 2139 4909 pacificis
2195 4844 2392 4900 litteris
2442 4857 2498 4901 et
2555 4850 2748 4905 amicis
2813 4851 3253 4916 salutationibus,
3309 4853 3477 4906 veluti

1894 4931 2057 5002 302
2105 4935 2210 4989 leni
2261 4938 2498 5005 quodam
2534 4949 2818 5005 contactu,
2868 4945 3110 5012 pectoris
3138 4944 3315 4997 nostri
3359 4945 3478 4998 vul-

1894 5038 2021 5088 nus,
2051 5026 2196 5093 quod
2232 5028 2390 5081 nobis
2422 5044 2519 5098 per
2551 5036 2885 5100 praeteritam
2925 5032 3211 5102 incuriam.
3240 5034 3473 5100 fecistis,

1894 5111 2287 5171 demulcentes.
2330 5117 2410 5173 Ac
2448 5121 2566 5174 sive
2602 5121 2706 5191 ipsi
2738 5122 2904 5177 vultis
2939 5122 3006 5176 ad
3043 5139 3146 5179 nos
3192 5124 3473 5195 accedere,

270 5246 312 5278 ⁸¹
359 5247 561 5318 Ephes.
600 5267 676 5315 tv,
708 5253 762 5308 5.
837 5253 883 5285 ⁸³
923 5253 944 5307 1
988 5254 1118 5310 Cor.
1161 5272 1262 5320 xu,
1297 5257 1487 5315 14-21.
1559 5259 1817 5317 "Matth.
1848 5278 1999 5329 xxw,
2039 5267 2106 5320 l9.

417 5366 713 5443 ζένησθε.
746 5368 900 5443 Harl.
926 5380 980 5426 et
1010 5373 1149 5428 Med.
1181 5375 1421 5443 γίνεσθε.

272 5434 389 5511 (56)
431 5434 692 5511 Τὰς-ἠμὲν
730 5441 966 5511 νήσους
1013 5443 1143 5511 τῆς.
1193 5434 1273 5499 Ita
1321 5462 1419 5502 sex
1470 5461 1603 5503 mss.
1628 5447 1775 5503 Editi

202 5501 537 5580 ,τὰς-νήσους
549 5501 649 5578 μὲν
683 5501 804 5563 ἀπδ
822 5501 944 5580 τῆςξ

425 5574 1007 5661 ’Καὲαςεζςιγ-μένοις.
1056 5582 1150 5661 Ιῐξὶ⁸
1184 5600 1327 5661 ῐζιεε.⁸
1368 5593 1596 5661 septem.
1642 5587 1784 5644 Editi

206 5646 573 5737 τεταγμένοις.
612 5646 990 5737 Ιὶείάόιίιῌεξςιζ
1014 5664 1078 5737 .et
1275 5657 1387 5737 ob):
1407 5646 1539 5737 ἔχει).

279 5712 394 5785 (33)
418 5719 763 5788 Κοινωνίας.
802 5723 880 5778 Ita
897 5722 1069 5793 Harl.,
1110 5725 1249 5783 Med.
1274 5734 1328 5784 et
1347 5712 1517 5784 Coisl.
1541 5728 1777 5801 primus,

1884 5384 2464 5473 quiwtta‘m'emhabetIin
2494 5391 2741 5463 margine
2770 5394 3072 5473 ἐπιμιξίας,
3096 5404 3156 5449 ιιι
3184 5396 3338 5451 editi.

1955 5454 2067 5525 (59)
2106 5459 2306 5512 Τοῦτο.
2358 5458 2524 5532 Hane,
2564 5454 2752 5515 vocem
2814 5454 3172 5532 apposuimus
3219 5484 3288 5522 ex
3337 5484 3472 5523 mss.

1882 5536 2118 5594 septem,
2155 5543 2253 5599 pro
2285 5543 2348 5582 eo
2383 5531 2528 5599 quod
2589 5542 2706 5586 erat
2750 5535 2805 5587 in
2853 5531 3014 5590 editis
3063 5537 3256 5591 ταῦτα.
3310 5538 3472 5593 Deest

1889 5600 2128 5677 primum
2156 5598 2330 5681 ταῦτα
2352 5598 2415 5680 in
2440 5601 2655 5681 duobus
2684 5605 2972 5681 corticibus
3005 5623 3115 5660 non
3152 5609 3473 5681 antiquissi-

1889 5666 2015 5731 mis,
2047 5684 2242 5742 nempe
2276 5669 2446 5744 Regio
2479 5673 2658 5742 primo
2678 5684 2738 5746 et
2759 5676 2926 5732 Coisl.
2961 5679 3224 5735 secundo.
