3948 6214
230 377 337 433 ἷιῦ

1142 370 1633 430 EI’ISTOLAllUM
1665 366 1952 423 CLASSIS
1992 366 2055 422 II.
2099 365 2315 422 EPIST.
2345 366 2522 423 CCIV.

3373 370 3474 426 746

228 494 728 564 συμπαρεκτείυαι;
770 494 834 544 Ὃ
877 493 1006 562 περὶ
1049 494 1194 562 ἡμᾶς
1232 492 1377 546 ἐστιν
1421 491 1548 543 ίδεῖν
1582 487 1802 559 γινόμε-

1910 492 2119 540 aetatem
2159 485 2455 540 extendat?
2494 483 2648 551 Quod
2692 493 2871 540 tamen
2901 483 3086 540 videre
3119 493 3201 541 est
3236 501 3339 541 usu
3378 501 3479 540 no-

227 601 318 635 νον
360 583 599 653 (4647),
618 582 869 651 οὐδεμιᾶς
888 581 981 635 τοῦ
1004 582 1307 654 διεζεῦχθαι
1324 583 1537 644 δικαίας
1556 582 1807 654 ἀφορμῆς

226 678 598 749 ὑπαρχούσης,
622 677 814 732 οὐκοῦν
835 680 931 732 ἶσα
954 695 1017 746 γε
1050 677 1206 749 ἴσμεν
1230 677 1401 731 αὐτοί·
1430 677 1635 730 ἀλλάτὸ
1656 680 1810 731 ἐναν-

226 771 361 831 τίον,
380 769 586 825 πολλῶν
611 773 705 823 καὶ
730 772 977 841 μεγάλων
997 772 1133 841 πρὸς
1163 772 1260 843 τὴν
1281 772 1453 843 ἄκραν
1475 773 1603 841 ἡμῖν
1628 770 1808 840 φιλίαν

228 863 321 915 καὶ
349 862 540 916 ἕνωσιν
573 864 985 934 ἐνυπαρχόντων
1010 863 1072 915 τὸ
1104 863 1162 929 ἐξ
1195 865 1367 933 ἀρχῆς
1388 880 1401 893 ο
1430 864 1547 927 ἐνὸς
1581 862 1681 934 μὲν
1714 862 1806 915 τοῦ

229 956 485 1025 μεγίστου
521 957 612 1010 καὶ
650 956 888 1025 πρώτου,
921 956 1020 1026 τῆς
1052 956 1268 1027 ἐντολῆς
1301 957 1393 1009 τοῦ
1425 958 1630 1027 Κυρίου
1654 958 1806 1029 διαρ-

228 1048 399 1118 ρήδην
428 1048 688 1111 εἰπόντος,
718 1049 798 1102 ὅτι
840 1050 942 1101 Ἐν
974 1049 1161 1113 τούτῳ
1191 1048 1520 1116 γνώσονται
1563 1048 1803 1114 πάντες,

226 1137 316 1190 ὅτι
354 1138 482 1207 ἐμοὶ
517 1139 776 1207 μαθηταί
819 1140 980 1202 ἐστε,
1023 1139 1132 1192 ἐὰν
1160 1137 1426 1207 ἀγαπᾶτε
1457 1139 1802 1207 ἀλλήλους·

228 1227 323 1279 καὶ
370 1228 532 1282 πάλιν
577 1228 671 1282 τοῦ
712 1230 1033 1282 Ἀποστὸλου
1087 1230 1271 1299 σαφῶς
1325 1231 1383 1283 τὸ
1430 1231 1528 1301 τῆς
1586 1231 1805 1301 ἀγάπης

227 1320 391 1373 καλὸν
419 1320 788 1391 παριστῶντος
821 1323 973 1392 ἡμῖν,
1004 1320 1158 1374 τοῦτο
1190 1322 1287 1392 μὲν
1313 1323 1370 1374 ἐν
1401 1317 1481 1386 οἷς
1509 1323 1805 1391 ἀποφαίνε-

224 1426 315 1463 ται
378 1409 647 1481 πλήρωμα
694 1402 871 1481 νόμοιῗ
907 1406 1047 1463 εἶναι
1090 1412 1189 1481 τὴν
1239 1411 1492 1481 ἀγάπην,
1541 1412 1699 1464 τοῦτο
1747 1412 1805 1464 δὲ

225 1502 353 1555 ὅταν
380 1501 664 1573 προτίθησι
711 1503 925 1557 πάντων
975 1501 1110 1573 ὁμοῦ
1164 1502 1269 1556 τῶν
1316 1504 1565 1574 μεγάλων
1603 1505 1664 1558 τὸ
1704 1505 1805 1575 τῆς

226 1594 448 1664 ἀγάπης
482 1594 664 1659 καλὸν,
700 1595 756 1647 ὲν
792 1587 874 1656 οἷς
916 1611 1109 1664 φησιν·
1163 1594 1301 1648 Ἐὰν
1336 1594 1465 1660 ταῖς
1499 1594 1805 1665 γλώσσαις

226 1683 346 1737 τῶν
378 1685 699 1752 ἀνθρώπων
726 1684 892 1739 λαλῶ
945 1685 1042 1738 καὶ
1090 1683 1206 1738 τῶν
1239 1685 1526 1755 ἀγγέλων,
1561 1687 1805 1757 ἀγάπην

223 1776 293 1829 δὲ
329 1779 419 1846 μὴ
470 1780 609 1846 ἔχω,
656 1778 872 1847 γέγονα
913 1778 1141 1847 χαλκὸς
1185 1777 1371 1846 ἠχῶν,
1415 1779 1451 1848 ἢ
1495 1781 1803 1849 κύμϐαλον

222 1869 545 1931 ἀλαλάζον.
577 1872 683 1925 Καί
730 1871 840 1925 ἐὰν
866 1871 983 1940 ἔχω
1014 1873 1396 1940 προφητείαν,
1424 1872 1521 1925 καὶ
1558 1870 1693 1925 εἰδῶ
1732 1872 1805 1926 τὰ

216 1962 530 2031 μυστήρια
551 1963 766 2027 πάντα,
794 1963 893 2018 καὶ
920 1961 1127 2018 πᾶσαν
1152 1963 1267 2032 τὴν
1290 1964 1533 2035 γνῶσιν,
1561 1966 1660 2018 καὶ
1688 1966 1805 2034 ἔχω

223 2051 434 2109 πᾶσαν
466 2054 580 2121 τὴν
610 2057 819 2109 πίστιν
848 2054 1004 2109 ὥστε
1036 2055 1141 2124 ὅρη
1166 2055 1461 2127 μεθιστᾷν
1486 2056 1621 2128 (48),
1661 2058 1804 2127 ἁγά-

223 2160 346 2214 πην
375 2146 444 2201 δὲ
468 2148 555 2217 μὴ
590 2149 728 2217 ἔχω,
759 2149 938 2204 οὐδέν
965 2152 1101 2219 εἰμι.
1146 2149 1273 2204 Κᾶν
1313 2150 1563 2218 ψωμίσω
1609 2149 1806 2204 πάντα

222 2234 296 2288 τὰ
326 2237 677 2307 ὑπάρχοντά
696 2256 836 2307 μου,
873 2239 970 2293 καὶ
998 2238 1241 2307 παραδῶ
1268 2236 1335 2292 τὸ
1371 2237 1541 2308 σῶμά
1563 2256 1678 2307 μου
1705 2240 1806 2291 ἵνα

223 2324 441 2394 παυθῇ,
470 2326 709 2395 ἀγάπην
758 2324 828 2378 δὲ
874 2326 959 2395 μὴ
1016 2326 1153 2396 ἔχω,
1206 2326 1389 2380 οὐδὲν
1430 2326 1799 2396 ὡφελοῦμαιτ

222 2418 319 2488 οὐχ
347 2418 424 2481 ὡς
454 2417 748 2488 δυναμένου
776 2419 905 2471 ποτὲ
934 2418 1040 2473 τῶν
1077 2418 1546 2490 ἀπηριθμημένων
1572 2420 1802 2474 ἑκάστου

223 2508 347 2579 δίχα
372 2509 478 2580 τῆς
517 2510 734 2581 ἀγάπης
776 2509 1157 2582 ὲνεργηθῆναι,
1193 2511 1327 2566 ἀλλά
1358 2512 1680 2583 βουλομένου
1708 2511 1803 2564 τοῦ

224 2598 402 2667 ἁγίου,
448 2602 523 2666 ὼς
558 2603 719 2666 αὐτὸς
761 2599 915 2667 εἶπε,
961 2603 1041 2674 τῷ
1087 2603 1207 2657 καθ’
1266 2606 1569 2678 ὑπερϐολὴν
1620 2608 1804 2678 τρόπῳ

221 2690 319 2761 τὴν
366 2691 509 2745 κατά
537 2693 753 2747 πάντων
797 2696 1065 2755 ὑπεοογὴν
1104 2698 1591 2771 προσμαρτυρῆσαι
1620 2701 1685 2769 τῇ
1718 2702 1802 2751 ἐν-

223 2781 349 2853 τολῇ
358 2823 373 2836 .

289 2874 344 2927 2.
366 2874 629 2947 Δεύτερον
666 2877 743 2943 δὲ,
778 2880 881 2943 ὅτι,
928 2882 981 2933 εἴ
1005 2898 1056 2934 τι
1093 2882 1236 2951 μέγα
1272 2883 1636 2953 συμϐάλλεται
1669 2885 1801 2956 πρὸς

226 2967 523 3034 συνάφειαν
555 2971 733 3024 καὶτὸ
770 2972 875 3025 τῶν
913 2974 1092 3030 αὐτῶν
1124 2978 1411 3047 μετασχεῖν
1446 2976 1799 3040 διδασκάλων,

222 3058 271 3109 οἱ
314 3060 473 3113 αὐτοὶ
516 3062 642 3131 ὑμῖν
681 3063 740 3115 τέ
788 3067 891 3118 εἰσι
939 3066 1033 3118 καὶ
1085 3069 1216 3139 ἡμῖν
1258 3068 1565 3121 διδάσκαλοί
1611 3086 1668 3121 τε
1695 3070 1802 3122 τῶν

225 3152 542 3223 μυστηρίων
581 3153 674 3206 τοῦ
709 3155 877 3220 Θεοῦ,
928 3159 1023 3210 καὶ
1056 3160 1289 3229 πατέρες

222 3240 279 3293 ἐξ
309 3243 488 3313 ἀρχῆς
518 3245 613 3314 τὴν
664 3246 986 3319 Ἐκκλησίαν
1010 3249 1105 3321 τὴν
1143 3252 1410 3322 ὑμετέραν
1442 3251 1802 3322 θεμελιώσαν-

219 3349 334 3393 -.ες’
357 3333 656 3404 Γρηγόριον
669 3336 811 3404 λέγω
831 3339 919 3391 τὸν
946 3341 1106 3404 πάνυ,
1130 3342 1222 3393 καὶ
1244 3342 1356 3395 ὅσοι
1379 3343 1579 3413 ἐφεξῆς
1608 3344 1801 3415 ἐκείνῳ

222 3422 319 3493 τῆς
359 3425 492 3495 παρ’
525 3426 652 3495 ὑμῖν
696 3429 806 3497 (49)
842 3432 1147 3500 ἐπισκοπῆς
1192 3433 1280 3485 τὸν
1326 3434 1512 3504 θρόνον
1561 3434 1803 3501 διαδεξά-

225 3527 396 3579 μενοι,
432 3513 588 3578 ἄλλος
635 3517 719 3568 ἐπ’
748 3519 910 3589 ἄλλῳ,
940 3521 1127 3594 ὥσπερ
1160 3524 1299 3586 τινὲς
1346 3525 1572 3595 ἀστέρες
1597 3526 1800 3579 ἐπανα-

221 3604 521 3670 τὲλλοντες,
567 3610 708 3663 κατὰ
753 3613 861 3666 τῶν
899 3615 1076 3669 αὐτῶν
1124 3617 1284 3686 ἰχνῶν
1329 3618 1626 3689 ἐπέϐησαν,
1662 3619 1801 3672 ὥστε

222 3694 527 3765 διάγνωστα
543 3703 859 3758 καταλιπεῖν
882 3707 980 3777 τῆς
1013 3711 1135 3761 κατ’
1150 3710 1375 3779 οὐρανὸν
1392 3711 1501 3779 (50)
1529 3712 1803 3776 πολιτείας

223 3788 287 3839 τά
334 3794 536 3861 σημεῖα
572 3797 680 3859 τοῖς
725 3794 1086 3869 βουλομένοις.
1122 3801 1182 3853 Ei
1235 3803 1291 3855 δὲ
1332 3804 1426 3856 καὶ
1467 3808 1522 3857 αἱ
1567 3823 1804 3876 σωματι-

222 3881 316 3932 καὶ
343 3883 676 3953 οἰκειότητες
718 3888 817 3940 οὐκ
862 3890 1181 3961 ἀπόϐλητοι,
1210 3893 1346 3947 ἁλλά
1386 3897 1479 3948 καὶ⁵
1521 3898 1661 3967 μέγα
1691 3898 1801 3968 (5|)

226 3971 663 4045 συμϐαλλόμεναι
704 3980 837 4050 πρὸς
867 3982 1087 4053 ἀρραγῆ
1134 3986 1427 4055 συνάφειαν
1470 3988 1565 4042 καὶ
1612 4006 1802 4043 κοινω-

222 4062 338 4116 νίαν
375 4064 528 4133 βίου’
576 4070 669 4122 καὶ
713 4074 884 4124 ταῦτα
932 4075 1062 4143 ἡμῖν
1106 4076 1315 4148 ὑπῆρξε
1359 4079 1494 4149 πρὸς
1549 4082 1692 4150 ὑμᾶς
1736 4082 1806 4135 τὰ

174 4180 177 4185 ‹
222 4154 423 4210 δίκαια.
461 4160 614 4224 Τίνος
645 4158 737 4215 οὖν
784 4162 988 4228 ἕνεκεν,
1039 4162 1086 4220 ὦ
1127 4172 1425 4243 σεμνοτάτη
1471 4173 1675 4226 πόλεων
1718 4176 1804 4245 (δι’

224 4247 374 4339 ὑμῶν
413 4250 522 4321 γὰρ
568 4256 633 4322 τῇ
681 4256 830 4308 πόλει
873 4260 1023 4332 πάσῃ
1063 4260 1431 4333 διαλέγομαι),
1462 4266 1523 4319 οὐ
1570 4268 1805 4339 γράμμα

221 4338 428 4411 ἥμερον
455 4343 568 4413 (52)
613 4346 856 4414 αὐτόθεν,
892 4352 952 4403 οὐ
999 4352 1149 4423 φωνὴ
1187 4353 1367 4419 δεξιὰ,
1412 4356 1524 4409 ἀλλ’
1559 4359 1805 4427 ἡνοικται

225 4432 323 4499 μὲν
376 4434 533 4503 ὑμῶν
587 4439 656 4491 τὰ
705 4434 820 4493 ὦτα
875 4446 987 4503 τοῖς
1031 4444 1334 4499 διαϐάλλειν
1401 4452 1802 4522 ἐπιχειροῦσιν;

223 4519 360 4575 ὥστε
390 4526 645 4580 τοσοῦτον
680 4531 840 4584 πλέον
892 4536 1164 4598 στενάζειν
1199 4539 1398 4606 ὀφείλω
1421 4580 1433 4602 ,
1484 4544 1703 4615 ὅσῳπερ
1739 4545 1802 4598 ἂν

1910 4547 1977 4602 ad
2033 4519 2238 4603 exitum
2290 4519 2518 4618 perduci
2572 4547 2718 4618 quod
2777 4519 3070 4602 intendunt
3128 4564 3140 4599 :

297 4718 339 4746 "
371 4721 527 4780 lnau.
569 4744 689 4794 xm,
724 4731 812 4784 55.
889 4732 934 4763 ⁸⁸
971 4731 988 4783 l
1029 4732 1155 4787 Car.
1198 4752 1318 4798 xm,
1376 4739 1487 4793 1-5.

560 4922 917 5005 Fqugwqr.
954 4933 1030 5005 ita
1064 4941 1176 5005 tres
1199 4936 1559 4991 vetustissimi
1585 4937 1803 4995 codices

231 4990 626 5073 cumnpluribus
656 4990 965 5073 aliisLiiditi
996 5004 1305 5073 γενόμενον.

301 5057 753 5142 Μξθιοζτᾷν.
782 5065 873 5142 Sjc
904 5057 1142 5142 uterque
1165 5057 1359 5142 Coisl.,
1390 5073 1540 5129 Harl.
1571 5087 1624 5131 et
1651 5078 1796 5132 Med.

233 5125 371 5212 I'Iditi
394 5125 780 5212 ἐ.ι,εθιο’τάνειν.Δ
794 5125 1138 5212 Paulorpbst
1394 5125 1801 5202 ofﬁcialis;

231 5200 445 5287 candus
473 5202 576 5254 κᾶν
604 5200 1205 5287 παραδῷ-μοηηρηεο
1231 5213 1372 5270 Med.
1414 5222 1467 5270 et
1496 5217 1667 5271 Coisl.
1696 5200 1805 5287 pri-

232 5274 700 5350 musApugfqplmv
726 5275 819 5350 τοῦ
855 5279 1089 5350 Χριστοῦ
1101 5322 1113 5333 .

300 5339 585 5423 (49)..Τῆξ
615 5339 948 5423 παρς-ὺμ-ζῆη
974 5350 1257 5423 llahCoisl.
1298 5353 1512 5423 primus
1552 5366 1607 5410 et
1642 5355 1792 5412 Harl.

232 5412 508 5493 cummalii's,
525 5412 827 5493 nonnullis.
856 5416 1118 5493 Editiﬁ;
1139 5423 1269 5490 παρ’
1300 5412 1469 5493 ῦμῶν.

303 5480 415 5565 (ξφ)
458 5480 600 5565 Κατ’
650 5487 944 5565 οὺρςινιξνζ
969 5480 1236 5565 Sie'mss:
1296 5480 1619 5565 seixiproco
1648 5497 1793 5565 quod

232 5552 432 5635 gratio
460 5552 620 5634 editis
648 5557 767 5635 κατ’
806 5557 1005 5635 αὐτῶν.
1041 5558 1244 5615 Ibidem
1279 5552 1447 5635 editio
1494 5552 1703 5635 Hagan.
1740 5577 1794 5620 et

235 5614 559 5701 Pasileensis
598 5626 771 5693 prima
795 5634 852 5701 _et
881 5637 1086 5701 septem
1121 5614 1254 5686 mss.
1277 5614 1793 5701 δόήύωόξῖςέἇτᾶὶ

235 5686 429 5772 λιπεῖν,
456 5686 1196 5772 obscuracaelestis-instituti
1235 5686 1591 5759 monumenta.

235 5770 471 5817 erratum
498 5765 667 5818 miror
695 5765 752 5820 in
785 5774 864 5821 tot
894 5767 1110 5825 codices
1149 5772 1456 5840 irrepsisse.
1517 5765 1788 5832 Caeterum

594 5858 864 5923 ΡΑτιιοι..
894 5860 1013 5925 Gn.
1061 5862 1327 5927 XXXII.

1911 574 1995 630 bis
2023 577 2272 632 evenisse
2314 596 2327 631 :
2364 579 2616 647 quamvis
2652 578 2802 632 nulla
2845 578 2917 632 sit
2964 576 3117 647 justa
3150 577 3475 648 disiunctio-

1908 669 1997 723 nis
2048 683 2250 732 causa,
2298 668 2445 740 quod
2500 669 2721 739 quidem
2778 670 3067 736 sciamus;
3113 669 3210 726 sed
3262 678 3478 737 contra,

1908 760 2077 814 multa
2117 767 2169 815 et
2204 776 2399 831 magna
2454 762 2521 816 ad
2567 777 2835 817 summam
2888 763 3049 818 nobis
3086 763 3387 818 amicitiam
3424 772 3480 818 et

1866 851 2351 918 'conjunctionem
2386 854 2698 908 exstiterint
2754 854 2825 909 ab
2885 854 3084 917 initio;
3142 871 3312 909 unum
3358 856 3480 926 qui-

1906 941 2052 1008 dem,
2094 941 2340 1013 illudque
2372 945 2669 998 maximum
2702 951 2757 998 et
2788 944 3049 1014 primum,
3083 944 3297 1001 Domini
3340 962 3479 1017 prte-

1907 1040 2141 1106 ceptum'
2168 1036 2372 1091 diserte
2399 1035 2637 1091 dicentis
2665 1055 2679 1090 :
2711 1035 2773 1089 In
2798 1036 2892 1091 hoc
2927 1049 3236 1109 cognoscent
3276 1057 3476 1105 omnes,

1903 1124 2043 1197 quod
2084 1127 2333 1195 discipuli
2386 1128 2487 1181 mei
2523 1128 2670 1191 estis,
2706 1129 2753 1181 si
2789 1144 2877 1182 vos
2917 1140 3098 1184 mutuo
3145 1130 3369 1203 diligitis
3410 1132 3475 1188 ".

1905 1219 2062 1286 Quod
2104 1220 2324 1291 quidem
2363 1219 2651 1275 charitatis
2695 1220 2899 1275 bonum
2941 1238 3137 1279 rursus
3183 1224 3479 1294 Apostolus

1905 1311 2197 1381 perspicue
2238 1311 2399 1367 nobis
2434 1312 2678 1381 exponit,
2713 1311 2876 1366 modo
2908 1312 3155 1383 quidem,
3188 1331 3313 1370 cum
3349 1333 3477 1387 pro-

1905 1405 2123 1458 nuntiat
2148 1396 2609 1474 complementum
2636 1403 2770 1475 legis
2792 1420 2912 1460 esse
2942 1406 3290 1475 cbaritatem,
3316 1412 3478 1464 modo

1910 1510 2056 1562 vero,
2088 1510 2211 1550 cum
2245 1494 2534 1550 charitatis
2569 1494 2775 1550 bonum
2799 1496 3057 1551 omnibus
3078 1498 3241 1552 simul
3267 1500 3479 1569 magnis

1905 1587 2067 1642 bonis
2098 1585 2336 1657 praefert,
2370 1586 2499 1640 dum
2530 1587 2606 1667 ait
2636 1603 2651 1640 :
2690 1584 2753 1641 Si
2783 1586 2974 1656 linguis
3000 1588 3265 1641 hominum
3294 1589 3480 1659 loquar

1903 1688 1953 1734 et
1992 1679 2318 1747 angelorum,
2351 1680 2664 1733 charitatem
2690 1689 2865 1734 autem
2905 1696 3007 1734 non
3032 1679 3273 1746 habeam,
3306 1682 3480 1752 factus

1905 1788 2021 1824 sum
2055 1789 2126 1826 (es
2155 1787 2373 1835 sonans,
2399 1780 2456 1823 ut
2483 1769 2781 1841 cymbalum
2808 1772 3057 1827 tinniens.
3090 1771 3159 1826 Et
3185 1774 3230 1827 si
3255 1759 3481 1828 habeam

1905 1864 2252 1933 prophetiam,
2290 1873 2339 1917 et
2376 1864 2607 1918 noverim
2654 1866 2908 1933 mysteria
2952 1867 3152 1930 omnia,
3195 1875 3243 1920 et
3274 1884 3481 1922 onmem

1911 1957 2188 2011 scientiam
2227 1972 2246 2010 :
2273 1965 2322 2011 et
2343 1957 2391 2010 si
2410 1955 2631 2011 habeam
2660 1956 2818 2026 ﬁdem
2842 1974 3067 2023 omnem,
3092 1960 3167 2012 ita
3200 1968 3255 2012 ut
3279 1970 3481 2015 montes

1907 2050 2250 2119 transferam.
2272 2049 2585 2104 charitatem
2602 2060 2777 2104 autem
2799 2067 2900 2105 non
2923 2052 3162 2119 habeam,
3192 2054 3323 2107 nihil
3339 2070 3477 2109 sum.

1906 2139 1977 2195 Et
2010 2142 2073 2196 ‘si
2140 2142 2408 2195 insumam
2455 2142 2512 2194 in
2554 2142 2866 2195 alimoniam
2928 2160 3106 2198 omnes
3162 2144 3480 2213 facultates,

1905 2252 2049 2289 meas
2076 2241 2126 2290 et
2166 2235 2379 2289 tradam
2408 2251 2598 2304 corpus
2638 2251 2810 2289 meum
2840 2244 2896 2288 ut
2923 2236 3283 2304 comburatur,
3312 2237 3483 2291 chari-

1907 2340 2067 2384 tatem
2110 2338 2284 2383 autem
2327 2345 2430 2383 non
2466 2329 2709 2393 habeam,
2752 2327 2885 2382 nihil
2919 2329 3172 2383 utilitatis
3210 2330 3363 2400 capio
3392 2329 3478 2396 ⁸⁸;

1904 2436 2015 2474 non
2046 2420 2191 2491 quod
2224 2421 2440 2490 possint
2486 2418 2785 2488 aliquando
2825 2418 3060 2490 singula,
3096 2435 3218 2490 qua:
3256 2435 3481 2475 enume-

1903 2521 2021 2566 rata
2060 2519 2212 2577 sunt,
2261 2512 2379 2567 sine
2424 2511 2717 2566 dilectione
2749 2510 2935 2581 perlici
2971 2530 2983 2566 :
3015 2510 3112 2567 sed
3156 2511 3304 2582 quod
3341 2510 3480 2565 San-

1903 2612 2025 2658 ctus
2066 2603 2335 2667 voluerit,
2374 2610 2433 2658 ut
2488 2604 2605 2675 ipse
2650 2603 2808 2667 dixit,
2859 2602 3105 2658 adhibita
3168 2604 3478 2675 hyperbola:

1905 2695 2099 2766 ﬁgura,
2137 2696 2512 2766 praestantiam
2553 2695 2738 2751 omnia
2777 2706 3128 2765 superantem
3156 2696 3284 2752 huic
3318 2712 3479 2753 man-

1903 2789 2034 2844 dato
2065 2788 2333 2844 tribuere.

1971 2881 2024 2937 2.
2076 2883 2318 2937 Alterum
2370 2882 2477 2937 huc
2520 2882 2753 2951 accedit,
2806 2884 2977 2956 quod,
3033 2885 3081 2940 si
3122 2884 3253 2956 quid
3296 2887 3478 2955 magni

1902 2975 2059 3031 affert
2103 2977 2171 3031 ad
2218 2977 2691 3047 conjunctionem,
2728 2978 2893 3033 etiam
2935 2979 3129 3034 iisdem
3178 2980 3256 3034 uti
3303 2980 3479 3050 magi-

1904 3070 2057 3135 stris,
2087 3069 2249 3125 iidem
2285 3069 2445 3125 nobis
2486 3069 2597 3126 sint
2632 3085 2696 3125 ac
2732 3070 2884 3126 vobis
2916 3070 3165 3142 magistri
3193 3057 3481 3143 iinysicrio-

1342 3178 1472 3213 πνευ
1482 3162 1719 3230 ματικοὶ,
1750 3164 1798 3213 οἱ

1910 3177 2025 3216 rum
2051 3161 2168 3228 Dei,
2189 3170 2244 3217 et
2272 3172 2457 3233 patres
2489 3164 2831 3234 spiritbales,
2862 3164 2956 3235 qui
2986 3164 3144 3219 initio
3178 3163 3479 3219 Ecclesiam

1903 3264 2142 3310 vestram
2184 3254 2525 3310 fundarunt:
2560 3254 2885 3328 Gregorium
2927 3257 3051 3313 dico
3090 3273 3365 3313 summum
3409 3257 3477 3311 il-

1904 3348 2018 3406 lum
2060 3350 2260 3415 virum,
2307 3360 2361 3405 et
2400 3360 2674 3421 quotquot
2700 3360 2826 3422 post
2862 3368 2988 3408 eum
3037 3353 3153 3409 sedi
3193 3354 3339 3424 apud
3379 3370 3482 3410 vos

1902 3441 2199 3511 episcopali
2251 3444 2634 3511 succedentes,
2686 3445 2831 3501 alius
2879 3454 3006 3516 post
3057 3446 3249 3507 alium.
3311 3447 3482 3502 veluti

1905 3532 2076 3587 stella:
2118 3532 2366 3603 quaedam
2401 3535 2736 3600 exorientes,
2767 3534 2960 3590 iisdem
2986 3537 3233 3615 vestigiis
3260 3536 3481 3591 instite-

1904 3631 2053 3688 runt,
2096 3626 2234 3679 adeo
2265 3632 2326 3680 ut
2356 3627 2562 3681 nemini
2614 3627 2850 3683 obscura
2886 3628 3212 3697 reliquerint
3239 3628 3481 3685 cmlestis

1905 3717 2142 3771 instituti
2178 3728 2553 3773 monumenta.
2587 3719 2741 3785 Quod
2773 3719 2820 3773 si
2856 3727 2911 3774 et
2940 3734 3219 3790 corporea:
3246 3720 3484 3775 necessi-

1907 3809 2127 3864 tudines
2151 3812 2566 3867 contemnendae
2595 3827 2703 3865 non
2734 3819 2883 3876 sunt,
2926 3810 3024 3867 sed
3056 3812 3289 3866 multum
3315 3811 3480 3867 etiam

1905 3903 1972 3957 ad
2009 3903 2219 3957 ﬁrmam
2254 3903 2697 3974 conjunctionem
2728 3904 2966 3974 vitaeque
2996 3904 3315 3959 societatem
3345 3918 3448 3960 con

1905 3997 2138 4064 ducunt,
2190 3998 2307 4052 haec
2348 4014 2570 4068 quoque
2617 3996 2776 4053 nobis
2818 3997 2944 4066 jura
2987 3996 3271 4052 vobiscum
3309 3996 3479 4055 inter-

1905 4091 2127 4145 cedunt.
2177 4091 2357 4158 Quare
2405 4106 2558 4161 ergo,
2604 4106 2638 4146 ο
2680 4090 2899 4145 urbium
2942 4089 3297 4145 ornatissima
3350 4096 3481 4160 (per

1905 4193 2004 4234 vos
2059 4179 2205 4235 enim
2257 4181 2448 4235 urbem
2512 4188 2684 4234 totam
2741 4179 3059 4251 alloquor),
3120 4179 3285 4235 nullae
3318 4181 3481 4236 istinc

1906 4281 2212 4353 mansuetae
2248 4274 2461 4337 litterae,
2509 4274 2660 4328 nulla
2694 4288 2799 4327 vox
2842 4273 3122 4343 optabilis,
3155 4272 3251 4329 sed
3281 4285 3482 4344 aperta:

1907 4375 2039 4418 sunt
2077 4381 2239 4421 aures
2280 4375 2493 4430 vestrae,
2538 4367 2623 4421 his
2662 4366 2755 4436 qui
2804 4366 3132 4420 calumniari
3168 4367 3482 4422 conantur?

1907 4457 2054 4512 unde
2089 4470 2154 4512 eo
2185 4458 2310 4527 plus
2343 4458 2707 4527 ingemiscere
2747 4457 2947 4522 debeo,
2979 4473 3088 4527 quo
3119 4458 3292 4529 magis
3322 4457 3480 4513 video

3207 4545 3479 4615 siquidem

1912 4950 2058 4994 recte
2101 4938 2448 4994 emendatum
2477 4946 2562 4993 est
2588 4938 2643 4991 in
2670 4938 3002 4994 editionibus
3055 4938 3472 5003 recentioribus,

1910 5026 2048 5080 quas
2080 5010 2250 5064 secuti
2286 5024 2497 5080 sumus.

1982 5080 2093 5150 (51)
2123 5080 2235 5132 Καὶ
2254 5079 2429 5150 μέγα.
2475 5078 2551 5131 Ita
2603 5092 2696 5150 sex
2726 5092 2877 5150 _m_ss.
2917 5076 3059 5150 Editi
3114 5079 3208 5131 καὶ
3243 5078 3472 5150 μεγάλα.

1908 5146 2084 5203 Paulo
2127 5146 2425 5218 post'edili
2471 5149 2598 5218 ὑμῖν
2644 5148 2853 5219 ὑπῆρξε
2905 5148 3041 5218 πρὸς
3091 5146 3260 5219 ἡμᾶςζ
3308 5149 3473 5204 Iidem

1909 5235 2044 5274 mss.
2076 5227 2135 5271 ut
2163 5221 2215 5272 in
2251 5227 2422 5271 textu.

1981 5290 2090 5359 (52)
2124 5290 2397 5359 ΪΗμερον.
2435 5286 2697 5359 Quamvis
2737 5285 2907 5359 hanc“
2939 5287 3265 5358 scripturam
3324 5286 3475 5342 solus

1908 5356 2082 5414 codex
2131 5358 2261 5427 Reg.
2340 5357 2616 5412 secundus
2686 5356 3219 5425 suppeditet,'eam
3292 5367 3474 5412 tamen

1906 5431 2213 5484 adsciscere
2246 5428 2298 5480 in
2330 5436 2538 5481 textum
2579 5441 2686 5479 non
2720 5428 2984 5488 dubitavi,
3014 5437 3125 5481 tum
3152 5429 3278 5497 quia
3314 5427 3473 5487 illud.

1905 5501 2141 5570 γράμμα
2170 5497 2453 5570 ὑμέτερον,
2483 5497 2854 5570 quodhabent
2891 5498 3046 5570 editi,
3073 5499 3215 5570 idem
3246 5513 3475 5570 prorsus

1901 5566 2078 5624 sonat
2096 5583 2161 5621 ac
2211 5566 2455 5638 γράμμα
2493 5566 2738 5629 αὐτόθεν,
2764 5578 2898 5638 ptum
2926 5569 3050 5633 quia
3107 5566 3290 5623 favent
3323 5568 3472 5622 Harl.

1898 5648 1956 5694 et
1987 5650 2215 5711 uterque
2252 5636 2421 5692 Cois'l.
2445 5636 2499 5711 i_n
2530 5638 2727 5711 quibus
2763 5636 2962 5711 legitur
2998 5638 3237 5711 γράμμα
3273 5638 3479 5709 ἡμέτε-

1963 5725 2011 5762 ν.
2070 5706 2268 5763 lbidem
2325 5706 2516 5780 vocula
2570 5706 2910 5780 piyaddita
2954 5706 3476 5780 ex'septem'fmss.

1924 5779 2047 5835 dem
2083 5780 2218 5852 Reg.
2253 5779 2422 5834 codex
2456 5792 2567 5833 non
2593 5777 2763 5834 multo
2790 5788 2913 5848 post
2943 5777 3180 5851 τοσούτω
3223 5779 3406 5835 πλέον.

3044 5873 3122 5932 ‘23s
