3948 6214
481 408 579 464 7η

1796 407 1853 463 S.
1895 407 2136 464 BASILII
2190 407 2406 463 MAGNI

3625 412 3726 467 758

479 526 770 584 calumnia
813 540 954 597 Opus
996 531 1277 580 auctorem
1300 523 1652 581 manifestum
1689 525 1852 580 habet
1883 545 1896 581 :
1930 527 2040 597 qui1

2152 527 2351 598 μᾶλλον
2383 527 2477 581 ῐδω
2512 525 2575 579 τὸ
2619 524 3047 596 σπουδαζόμενον
3071 542 3083 557 ·
3113 524 3298 597 ἐπειδὴ
3334 525 3395 579 τὸ
3432 525 3530 596 τῆς
3552 525 3727 579 διαϐο-

478 635 604 674 cum
657 635 721 672 ex
776 616 965 671 multis
1012 614 1316 671 malefactis
1364 623 1527 672 notus
1574 617 1669 682 sit,
1709 626 1893 673 tamen
1949 618 2052 672 hac

478 709 715 764 maxime
776 706 1019 777 nequitia
1074 704 1435 777 dignoscitur.
1497 707 1573 761 ita
1634 715 1693 762 ut
1749 724 1946 764 nomen
2000 709 2049 762 ei

479 800 685 853 factum
746 799 912 853 fuerit
961 807 1264 868 peccatum.
1325 795 1433 853 Sed
1473 806 1656 853 tamen
1704 797 1839 853 ferte
1873 813 2048 853 meam

477 890 699 945 dicendi
741 891 1048 945 libertatem
1097 907 1112 943 :
1165 897 1457 959 utramque
1492 904 1680 945 aurem
1720 890 1855 946 meis
1889 906 2047 962 syco-

477 981 697 1053 phantis
752 982 1099 1052 aperientes,
1151 980 1336 1035 omnia
1399 981 1583 1035 animo
1639 982 1777 1035 citra
1819 996 2046 1037 examen

475 1074 750 1145 recipitis,
785 1091 886 1129 nec
924 1075 1213 1144 quisquam
1249 1072 1411 1145 304
1443 1080 1527 1128 est
1577 1074 1669 1143 qui
1705 1075 2046 1129 mendacium

475 1182 508 1221 a
540 1169 771 1222 veritate
802 1177 1070 1221 set-eruat.
1106 1164 1241 1231 Quis
1272 1181 1510 1234 unquam
1561 1167 1824 1220 malarum
1864 1167 2049 1220 crimi-

482 1257 771 1312 nationum
830 1256 1057 1325 penuria
1123 1255 1414 1318 laboravit,
1469 1256 1621 1310 solus
1672 1258 2049 1313 contendens?

475 1350 603 1422 quis
641 1352 913 1405 mentiens
951 1350 1259 1412 convictus,
1295 1351 1521 1403 absente
1548 1365 1612 1403 eo
1639 1349 1730 1419 qui
1758 1328 2047 1407 calumniis

475 1442 789 1512 appetitur?
815 1457 1063 1511 quaenam
1097 1442 1276 1494 oratio
1302 1456 1411 1493 non
1446 1441 1743 1511 probabilis
1775 1440 2047 1496 audienti-

475 1535 621 1598 bus,
677 1536 722 1589 si
773 1533 1073 1588 maledicus
1116 1541 1388 1587 asseveret
1432 1548 1544 1587 rem
1591 1533 1663 1586 ita
1708 1548 1768 1587 se
1823 1532 2044 1600 habere,

474 1626 525 1683 is
567 1633 748 1680 autem
812 1626 898 1679 cui
948 1625 1318 1688 maledicitur,
1366 1640 1470 1679 nec
1521 1622 1683 1688 adsit,
1727 1640 1827 1678 nec
1851 1634 2046 1678 contu-

473 1717 666 1773 melias
712 1717 934 1771 audiat?
981 1715 1173 1771 Nonne
1212 1725 1265 1770 et
1316 1716 1434 1785 ipsa
1484 1715 1666 1769 szeculi
1704 1717 2046 1771 consuetudo

474 1809 591 1865 haec
641 1824 736 1863 vos
789 1808 1002 1871 edocet,
1049 1822 1194 1870 eum,
1250 1808 1344 1876 qui
1387 1821 1577 1875 aequus
1632 1812 1687 1859 et
1735 1807 2044 1861 communis

2150 618 2246 690 λῆς
2277 618 2437 690 ἔργον
2466 617 2697 689 φανερὸν
2741 616 2853 687 ἔχει
2893 616 2984 670 τὸν
3027 615 3467 688 καθηγούμενον·
3505 617 3584 681 ὃς,
3619 618 3727 670 ἀπὸ

2151 710 2359 764 πολλῶν
2398 710 2655 780 ὑπάρχων
2700 708 3051 779 ἀδικημάτων
3096 707 3390 780 γνώριμος,
3448 708 3558 761 ἀπὸ
3598 709 3727 762 ταὺ-

2147 817 2245 870 της
2296 800 2527 870 μάλιστα
2580 800 2680 870 τῆς
2721 800 2982 872 πονηρίας
3042 800 3540 872 χαρακτηρίζεται,
3590 798 3726 852 ὥστε

2148 892 2242 945 καὶ
2272 892 2442 962 ὄνομα
2489 892 2636 961 αὑτῷ
2669 892 2919 960 γενέσθαι
2956 890 3053 962 τὴν
3096 891 3386 962 ἁμαρτίαν.
3437 892 3583 962 Πλὴν
3611 891 3726 944 ἀλλ’

2149 985 2304 1055 ὑμεῖς
2335 983 2634 1054 ἀνάσχεσθέ
2662 1000 2762 1054 μου
2793 983 2889 1054 τῆς
2914 984 3224 1053 παρρησίας
3243 1000 3257 1012 ·
3286 982 3607 1052 ἀμφοτέρας
3631 983 3727 1043 τὰς

2146 1080 2314 1141 ἀκοὰς
2342 1080 2454 1141 τοῖς
2484 1077 2855 1131 διαϐάλλουσιν
2884 1078 3028 1145 ἡμᾶς
3059 1076 3523 1136 ἀναπετάσαντες,
3555 1075 3728 1127 πάντα

2146 1170 2511 1238 ἀνεξετάστως
2528 1172 2647 1232 ταῖς
2662 1168 2858 1238 ψυχαῖς
2876 1164 3263 1237 παραδέχεσθε·
3286 1166 3379 1218 καὶ
3393 1166 3567 1228 οὐδεὶς
3594 1167 3624 1218 ὀ
3636 1165 3727 1218 τοῦ

2146 1263 2377 1333 ἀληθοῦς
2401 1261 2460 1314 τὸ
2484 1260 2674 1331 ψεῦδος
2703 1259 3036 1332 φυλοκρινῶν
3058 1259 3190 1326 (55).
3210 1258 3304 1321 Τίς
3328 1258 3579 1329 ἠπόρησέ
3601 1274 3728 1310 ποτε

2148 1354 2398 1426 πονηρῶν
2413 1352 2771 1423 ἐγκλημάτων
2812 1351 2971 1421 μόνος
3008 1350 3404 1439 ἀγωνιζόμενος
3424 1365 3438 1413 ;
3471 1349 3557 1412 τίς
3572 1347 3729 1418 ἠλέγ-

2146 1446 2249 1519 χθη
2278 1446 2624 1516 ψευδόμενος,
2656 1445 2729 1517 μὴ
2765 1443 3029 1516 παρόντος
3056 1442 3150 1494 τοῦ
3184 1439 3724 1510 συκοςαντουμένους

2148 1540 2297 1590 ποῖον
2332 1537 2481 1607 ρἧα
2515 1537 2613 1588 οὑκ
2653 1535 2767 1587 ἔστι
2818 1532 3040 1586 πιθανὸν
3081 1534 3190 1593 τοῖς
3233 1528 3544 1591 ἀκούουσιν,
3579 1527 3673 1580 ὲάν
3701 1528 3730 1579 ὁ

2150 1631 2247 1702 μὲν
2278 1630 2511 1700 λοίδορος
2547 1627 2899 1697 διατείνηται,
2948 1622 2983 1697 ἦ
3029 1624 3133 1695 μὴν
3182 1621 3354 1685 οὕτως
3409 1622 3576 1690 ἔχειν,
3609 1622 3640 1673 ὁ
3673 1620 3729 1673 δὲ

2146 1723 2549 1794 λοιδορούμενος
2587 1724 2723 1794 μήτε
2768 1724 2935 1791 παρῇ,
2974 1722 3107 1788 μήτε
3136 1716 3380 1786 ὲπακούῃ
3428 1716 3538 1768 τῶν
3567 1714 3728 1784 βλασ-

2149 1816 2399 1886 φημιῶνς
2453 1814 2587 1869 Οὐδὲ
2634 1815 2770 1885 αὑτὴ
2816 1810 2981 1885 ἠτοῦ
3020 1811 3133 1881 βίου
3183 1807 3445 1878 συνήθεια
3483 1805 3730 1859 παιδεύει

474 1899 693 1954 auditor
747 1899 963 1953 futurus
1011 1905 1118 1960 est,
1164 1913 1272 1951 non
1313 1897 1510 1951 debere
1548 1904 1722 1949 totum
1769 1897 1964 1951 abduci
2014 1911 2040 1948 a

2147 1910 2290 1977 ὑμᾶς
2324 1907 2457 1978 πρὸς
2486 1906 2677 1970 ταῦτα,
2709 1908 2789 1960 δτι
2818 1905 2898 1957 δεῖ
2937 1903 3025 1955 τὸν
3060 1901 3319 1972 μέλλοντα
3347 1897 3461 1950 ἴσον
3491 1897 3589 1951 καὶ
3620 1913 3731 1950 κοι-

472 2003 904 2062 przeoccupante,
931 1990 1025 2045 sed
1060 2000 1111 2045 et
1144 1989 1513 2044 defensionem
1541 1995 1863 2056 exspectare
1894 1988 2036 2057 ejus,

473 2084 564 2154 qui
616 2099 741 2138 reus
796 2084 995 2153 agitur,
1049 2089 1109 2135 ut
1168 2081 1247 2136 sic
1293 2095 1355 2134 ex
1403 2078 1695 2134 collatione
1751 2079 2042 2148 utriusque

473 2175 771 2236 sermonis,
814 2175 1013 2229 veritas
1042 2170 1358 2228 elucescat?
1398 2168 1614 2224 Iustum
1650 2170 1916 2240 judicium
1954 2170 2042 2238 ju-

472 2265 645 2319 dicate
678 2264 724 2297 “
758 2284 771 2319 :
801 2271 1132 2335 praeceptum
1163 2271 1254 2318 est
1293 2278 1462 2317 unum
1488 2278 1555 2318 ex
1586 2264 1818 2317 maxime
1851 2277 2041 2318 neces-

474 2358 639 2413 sariis
671 2358 736 2412 ad
772 2358 1025 2413 salutem.

529 2560 594 2612 '3.
632 2560 806 2630 Atque
840 2559 953 2614 hzec
995 2557 1140 2620 dico,
1172 2572 1278 2612 non
1322 2555 1527 2610 oblitus
1571 2552 1865 2608 verborum
1898 2551 2042 2622 Apo-

472 2651 623 2712 sto'li,
680 2651 772 2719 qui
830 2649 1042 2720 fugiens
1089 2648 1328 2701 humana
1373 2645 1603 2716 judicia,
1662 2652 1832 2698 totam
1886 2659 2040 2698 suam

470 2744 641 2797 vitam
692 2742 840 2797 illius
882 2740 1098 2810 iudicii,
1128 2739 1275 2809 quod
1321 2739 1495 2805 decipi
1537 2753 1647 2791 non
1683 2744 1883 2806 potest,
1913 2751 2043 2789 exa-

470 2837 607 2891 mini
651 2836 985 2895 reservahat,
1021 2834 1112 2886 ubi
1142 2833 1218 2885 ait
1262 2850 1276 2886 :
1320 2831 1451 2883 Mihi
1491 2841 1666 2883 autem
1700 2846 1794 2896 pro
1825 2830 2041 2882 minimo

467 2937 546 2981 est
575 2936 631 2981 ut
660 2944 691 2980 a
737 2926 878 2980 vobis
909 2924 1140 2993 judicer,
1186 2932 1276 2976 aut
1321 2922 1384 2974 ab
1436 2921 1665 2974 huntano
1709 2920 1793 2973 die
1836 2919 1903 2974 ⁸⁷.
1939 2917 2042 2973 Sed

469 3028 650 3073 tamen
690 3019 815 3087 quia
849 3032 1010 3071 aures
1039 3024 1253 3069 vestras
1281 3012 1430 3068 falsa:
1462 3012 1873 3066 criminationes
1905 3027 2043 3081 prmo

468 3117 839 3180 occuparunt,
888 3123 952 3162 ac
997 3106 1287 3160 calumniis
1340 3106 1511 3174 petita
1556 3102 1799 3159 est'vita
1828 3112 2040 3166 nostra,

468 3202 637 3272 petita
678 3200 840 3255 etiam
877 3211 1067 3252 nostra
1100 3198 1153 3250 in
1189 3195 1356 3249 Deum
1400 3194 1532 3249 ﬁdes
1562 3213 1576 3261 ;
1610 3194 1749 3248 baud
1785 3194 2043 3263 ignorans

469 3303 581 3348 tres
616 3293 777 3347 simul
828 3304 1090 3359 personas
1129 3303 1156 3340 a
1205 3287 1603 3340 calumniatore
1647 3287 1764 3341 laedi
1809 3306 1821 3340 :

466 3387 609 3441 enim
651 3392 705 3438 ct
747 3384 795 3438 ei
834 3397 994 3454 quem
1030 3382 1418 3442 calumniatur,
1449 3389 1503 3434 et
1545 3381 1612 3435 iis
1643 3396 1779 3451 quos
1805 3380 2038 3450 alloqui-

467 3486 577 3543 tur,
613 3488 665 3532 et
708 3476 813 3532 sibi
858 3477 973 3544 ipse
1011 3493 1023 3528 :
1066 3475 1134 3528 de
1166 3489 1288 3527 meo
1317 3473 1570 3543 equidem
1611 3474 1809 3528 damno
1840 3475 2040 3527 tacuis-

466 3582 605 3631 sem,
631 3569 801 3637 probe
842 3565 1056 3627 sciatis,
1086 3579 1196 3617 non
1222 3566 1364 3633 quod
1402 3571 1639 3617 vestram
1675 3564 2039 3618 existimatio-

465 3675 590 3715 nem
650 3666 996 3714 contemnam
1050 3654 1346 3728 (quomodo
1403 3655 1547 3709 enim
1602 3657 1731 3726 qui,
1792 3673 1861 3710 ne
1917 3671 2038 3710 eam

463 3756 733 3817 amittam,
768 3752 882 3813 hac
913 3751 1099 3806 scribo
1134 3758 1188 3804 et
1220 3765 1368 3804 nunc
1399 3749 1752 3812 contendo?),
1776 3750 1868 3804 sed
1895 3749 2037 3818 quod

463 3844 678 3899 videam
728 3861 793 3899 ex
839 3844 1015 3897 tribus
1056 3844 1148 3911 qui
1197 3843 1493 3905 laeduntur,
1545 3857 1669 3895 eum
1716 3842 1809 3911 qui
1856 3843 2040 3895 minus

464 3939 701 3999 lmditur,
739 3952 825 3992 me
859 3953 999 3992 esse.
1035 3934 1145 4005 Ego
1181 3935 1326 3990 enim
1357 3934 1526 3989 vestri
1562 3935 1833 4003 jacturam
1873 3933 2037 3996 facio,

462 4030 618 4086 vobis
647 4031 850 4086 veritas
887 4029 1120 4098 eripitur
1152 4046 1166 4095 ;
1229 4035 1283 4082 et
1333 4028 1427 4097 qui
1462 4027 1653 4099 borum
1701 4035 1893 4078 auctor
1930 4034 2035 4085 est.

464 4137 553 4177 me
598 4121 818 4192 quidem
860 4136 890 4173 a
922 4120 1078 4175 vobis
1129 4120 1390 4189 sejuugit.
1442 4119 1558 4187 ipse
1603 4133 1732 4172 vero
1767 4133 1826 4171 se
1860 4132 1890 4170 a
1930 4115 2038 4170 Do-

467 4214 616 4267 mino
671 4214 944 4268 abalienat
993 4228 1005 4263 :
1062 4211 1179 4265 fieri
1225 4212 1373 4266 enim
1429 4227 1537 4266 non
1589 4217 1772 4279 potest
1818 4216 1877 4261 ut
1913 4208 2037 4277 quis

464 4304 596 4368 Deo,
645 4304 811 4359 vetita
859 4304 1148 4373 patrando,
1198 4303 1583 4373 conjungatur.
1631 4299 1823 4355 Vestra
1873 4300 2038 4369 igitur

463 4413 628 4453 causa
666 4398 841 4465 magis
870 4413 1033 4467 quam
1071 4413 1191 4452 mea
1236 4399 1452 4466 loquor,
1496 4406 1547 4451 et
1596 4405 1655 4449 ut
1695 4411 1793 4450 vos
1834 4396 2035 4449 damno

464 4490 794 4545 intolerabili
847 4492 1101 4545 eximam.
1152 4491 1307 4556 Quod
1354 4491 1502 4545 enim
1560 4490 1738 4558 majus
1776 4488 2033 4557 cuiquam

464 4582 666 4636 malum
702 4581 939 4642 accidat,
973 4597 1134 4650 quam
1178 4582 1226 4636 si
1258 4597 1372 4636 rem
1405 4581 1649 4635 omnium
1696 4579 2032 4651 pretiosissi-

462 4687 607 4727 mam
635 4674 849 4727 amittat
871 4673 1154 4726 veritatem
1177 4672 1199 4712 9

532 4851 587 4906 ι.
629 4849 768 4918 Quid
805 4849 975 4920 igitur
1008 4850 1153 4912 dico,
1180 4849 1421 4904 fratres?
1455 4848 1572 4903 Non
1598 4849 1808 4919 peccati
1844 4863 2041 4918 exper-

461 4946 570 4995 tem
603 4955 689 4995 me
726 4954 872 5001 esse,
908 4954 1010 4993 nec
1045 4939 1211 4992 vitam
1259 4954 1436 4994 meam
1478 4939 1733 4993 refertam
1769 4954 1872 4992 non
1917 4955 2040 4995 esse

461 5033 765 5086 innumeris
796 5032 1032 5086 delictis.
1066 5030 1199 5083 Nam
1246 5047 1334 5085 me
1370 5031 1489 5101 ipse
1532 5031 1683 5095 novi,
1735 5045 1836 5086 nec
1883 5045 2041 5086 cesso

455 5123 731 5194 .lacrymas
773 5124 1100 5193 obpeccata
1149 5121 1504 5193 perfundere.
1549 5122 1595 5178 si
1633 5121 1775 5176 forte
1829 5124 2039 5192 possim

530 5296 576 5328 "
609 5295 768 5351 Joan.
809 5312 908 5360 vn,
939 5295 1031 5350 24.
1106 5298 1150 5329 ⁸³⁷
1200 5296 1219 5349 l
1267 5297 1395 5353 Cor.
1438 5312 1511 5351 tv.
1549 5297 1603 5351 5.

521 5455 643 5525 (53)
672 5457 1070 5527 Φυλοκρινῶν.
1105 5457 1183 5511 ita
1226 5466 1337 5512 tres
1382 5452 1749 5527 vetustissimi
1771 5450 2031 5527 codices,

459 5521 566 5582 nisi
594 5521 765 5609 quod
790 5521 1025 5609 ill-Med.
1060 5529 1257 5609 legitur
1286 5524 1697 5609 φυλλοκρινῶνλ
1710 5522 1852 5609 Editi
1884 5521 2035 5590 φιλο-

460 5598 679 5651 κινῶν.
733 5599 1014 5667 Scriptura
1070 5592 1319 5652 ciidicum
1385 5592 1517 5651 mss.
1559 5592 1913 5648 confirmatur
1966 5606 2034 5644 ex

460 5614 602 5723 liftro
631 5668 704 5721 De
732 5667 938 5723 Spiritu
971 5679 1153 5721 sancto
1180 5684 1230 5721 c.
1267 5668 1357 5723 29.
1391 5682 1443 5723 ι).
1491 5667 1577 5723 75,
1610 5673 1664 5719 ct
1692 5664 1851 5723 enist.
1904 5660 2030 5714 257.

460 5668 602 5724 libro
631 5668 704 5721 De
732 5668 938 5736 Spiritu
971 5679 1153 5721 sancto
1180 5684 1230 5721 c.
1267 5668 1357 5729 29,
1391 5682 1443 5736 p.
1491 5668 1577 5727 75,
1610 5673 1664 5719 ct
1692 5668 1851 5732 epist.
1904 5668 2030 5714 257.

531 5738 643 5806 (δι)
667 5736 1062 5803 Γεγήσεσθαι.
1098 5737 1235 5793 Med.
1261 5746 1315 5791 et
1342 5737 1508 5790 Coisl.
1532 5735 1739 5806 primus
1754 5731 2030 5806 γενέσθαι.

511 5798 644 5881 ’(55)
685 5798 966 5876 Τῆς-’παρ’
991 5806 1151 5876 ὑμῖν.
1178 5809 1256 5861 Ita
1284 5816 1396 5862 tres
1416 5798 1781 5861 vetustissimi
1808 5802 2031 5857 codices

2143 2000 2229 2053 νὺν
2275 2000 2547 2071 ἀκροατὴν
2575 1995 2901 2067 γενήσεσθαι
2949 1993 3092 2062 (54),
3136 1993 3210 2062 μὴ
3255 1990 3375 2044 ὅλον
3419 1988 3729 2059 ἀπάγεσθαι

2143 2090 2292 2161 παρά
2315 2090 2408 2143 τοῦ
2445 2089 2825 2161 προλαϐόντος,
2860 2084 2973 2137 ἀλλ’
3003 2083 3292 2153 ἀναμένειν
3335 2080 3431 2132 καὶ
3463 2082 3565 2148 τὴν
3597 2081 3732 2132 ἀπο-

2142 2182 2324 2251 λογίαν
2345 2182 2438 2235 τοῦ
2465 2181 2811 2251 ὲναγομενου,
2840 2180 2905 2231 ἵν’
2924 2177 3097 2238 οὕτως
3124 2178 3187 2227 ὲκ
3213 2174 3315 2243 τῆς
3341 2171 3727 2244 παραθέσεως,

2144 2276 2415 2347 ἑκατέρων
2451 2275 2557 2327 τῶν
2602 2273 2775 2341 λόγων
2829 2267 3103 2338 διαδειχθῇ
3151 2269 3184 2336 ἡ
3234 2263 3496 2335 ἀλήθεια;
3543 2260 3729 2329 Κρῖμα

2143 2367 2376 2421 δίκαιον
2429 2366 2697 2435 κρίνατε·
2739 2361 3063 2431 πρόσταγμα
3114 2361 3257 2411 ἐστιν
3302 2356 3359 2409 ἓν
3407 2355 3519 2409 τῶν
3561 2355 3729 2422 ἀναγ-

2145 2459 2443 2512 καιοτάτων
2478 2460 2555 2521 είς
2589 2457 2881 2527 σωτηρίαν.

2214 2551 2265 2606 ’5.
2304 2551 2412 2603 Καὶ
2444 2548 2614 2603 ταῦτα
2645 2547 2805 2616 λέγω,
2850 2547 2948 2599 οὑκ
3000 2541 3421 2613 ἐπιλελησμένος
3454 2540 3563 2593 τῶν
3594 2541 3727 2594 ἀπο-

2147 2643 2405 2697 πολικῶν
2456 2642 2734 2713 ῥημάτων,
2763 2641 2864 2701 ὅτι,
2906 2638 3119 2707 φεύγων
3157 2638 3362 2697 ἐκεῖνος
3403 2635 3472 2687 τά
3515 2632 3726 2704 ἀνθρὼ-

2145 2754 2275 2790 πινα
2323 2737 2596 2808 κριτήρια,
2626 2733 2745 2787 ὃλον
2786 2731 2979 2785 ἑαυτοῦ
3021 2730 3110 2785 τὸν
3164 2728 3276 2799 βίον
3318 2730 3438 2790 ταῖς
3479 2726 3729 2787 εὗθύναις

2143 2830 2237 2883 τοῦ
2266 2829 2673 2898 ἀνεξαπατήτου
2699 2824 3044 2895 δικαστηρίου
3078 2819 3394 2890 ὲταμιεύετο
3424 2819 3481 2870 ὲν
3511 2813 3593 2881 οἷς
3624 2833 3725 2885 φη-

2146 2938 2257 2974 σιν·
2303 2921 2464 2990 Ἐμοὶ
2495 2920 2562 2972 δὲ
2594 2921 2680 2984 εὶς
2717 2915 3046 2985 ἐλάχιστόν
3076 2914 3246 2966 ἐστιν
3277 2912 3377 2964 ἵνα
3422 2911 3525 2978 frg“
3562 2907 3728 2977 ὑμῶν

2145 3011 2463 3080 ἀνακριθῶ,
2499 3012 2536 3079 ἢ
2564 3010 2680 3064 ὑπὸ
2709 3007 3085 3075 ἀνθρωπίνης
3106 3002 3348 3072 ἡμέρας.
3392 2999 3535 3053 Ἀλλ’
3578 3000 3728 3068 ὅμως

2145 3105 2330 3174 ἐπειδὴ
2362 3102 2723 3173 προλαϐοῦσαι
2756 3097 2997 3152 διαϐολαὶ
3028 3097 3241 3165 ψευδεῖς
3275 3092 3539 3162 κατέσχον
3565 3091 3724 3160 ὑμῶν

2145 3198 2241 3260 τὰς
2271 3198 2456 3258 ἀκοάς,
2493 3194 2585 3246 καὶ
2624 3191 2974 3261 διαϐέϐληται
3015 3188 3113 3257 μὲν
3144 3185 3299 3257 ἡμῶν
3326 3186 3353 3237 ὁ
3388 3184 3523 3253 βίος,
3550 3182 3728 3236 διαϐέ-

1880 3295 2036 3340 uocet
2065 3279 2106 3336 C
2142 3286 2331 3357 ϐληται
2363 3288 2417 3339 δὲ
2451 3288 2483 3354 ἡ
2522 3287 2646 3356 περὶ
2695 3285 2784 3337 τὸν
2825 3282 2955 3334 Θεὸν
3004 3279 3161 3348 ἡμῶν
3189 3276 3391 3340 πίστις,
3439 3274 3618 3338 εἰδὼς,
3649 3275 3724 3326 ὅτι

2138 3381 2312 3453 τρισὶν
2355 3377 2489 3450 ὁμοῦ
2539 3374 2847 3447 προσώποις
2884 3373 2982 3443 τὴν
3023 3370 3223 3441 βλάϐην
3276 3366 3727 3436 προστρίϐεταιὸ

2138 3470 2465 3525 διαϐάλλων·
2508 3468 2600 3520 τόν
2629 3483 2686 3519 τε
2722 3464 2828 3534 γὰρ
2861 3456 3358 3528 συκοφαντούμενον
3396 3455 3595 3517 ἀδικεῖ,
3635 3453 3725 3506 καὶ

2142 3564 2276 3635 πρὸς
2305 3562 2397 3624 οὒς
2434 3564 2462 3614 ὁ
2512 3559 2665 3627 λόγος
2705 3555 2852 3608 ἐστὶν
2895 3552 3062 3621 αὑτῷ,
3107 3550 3197 3603 καὶ
3245 3547 3468 3601 ἑαυτόν·
3501 3546 3602 3615 τῆς
3631 3545 3726 3613 μὲν

2140 3649 2376 3722 ἐμαυτοῦ
2410 3648 2610 3718 βλάϐης
2650 3645 2750 3699 κᾶν
2779 3641 3159 3710 ἀπεσιώπησα,
3190 3634 3247 3691 εὖ
3282 3639 3416 3698 ἴστε,
3450 3635 3513 3687 οὑ
3559 3652 3725 3686 κατα-

2141 3741 2350 3814 φρονῶν
2382 3741 2481 3810 τῆς
2512 3740 2641 3808 παρ’
2668 3739 2796 3806 ὑμῖν
2829 3734 2939 3805 (55)
2966 3730 3304 3800 ὑπολήψεως,
3346 3727 3488 3798 (πῶς
3528 3726 3642 3797 γὰρ
3669 3727 3725 3786 ὃς

2139 3852 2223 3903 γε,
2272 3835 2359 3887 ἵνα
2408 3833 2481 3903 μὴ
2535 3830 2738 3899 ταύτην
2762 3824 3042 3897 ζημιωθῶ,
3082 3822 3255 3877 ταῦτα
3288 3818 3592 3872 ἐπιστέλλω
3632 3818 3724 3871 καὶ

2138 3924 2472 3995 ἀγωνίζομαι
2505 3922 2598 3975 νῦν
2624 3922 2661 3987 ;)
2696 3920 2808 3974 ἀλλ’
2835 3917 2995 3989 ὁρῶν,
3027 3916 3108 3968 ὅτι
3164 3916 3220 3965 ὲν
3254 3912 3400 3983 τρισὶ
3444 3912 3558 3971 τοῖς
3592 3908 3721 3978 βλα-

2140 4018 2466 4088 πτομένοιςὸ
2490 4015 2557 4068 τὰ
2587 4013 2843 4067 ἐλάττονα
2861 4007 3246 4080 ζημιούμενος,
3274 4001 3390 4072 εἰμὶ
3412 3999 3544 4068 ἐγώ.
3580 3998 3721 4066 Ἐγὼ

2142 4109 2241 4180 μὲν
2272 4108 2380 4178 γὰρ
2409 4108 2551 4177 ὑμᾶς
2594 4101 3019 4172 ἀποστεροῦμαι,
3049 4098 3206 4167 ὑμεῖς
3238 4094 3297 4146 δὲ
3326 4093 3427 4162 τὴν
3459 4089 3721 4160 ἀλήθειαν

2139 4198 2485 4272 ἀφαιρεῖσθε·
2525 4198 2618 4250 καί¹
2661 4199 2689 4249 ὁ
2735 4193 2938 4246 τούτων
2974 4190 3141 4250 αἴτιος
3170 4186 3266 4256 ἐμὲ
3310 4184 3406 4254 μὲν
3440 4180 3597 4252 ὑμῶν
3645 4181 3722 4233 δι-

2142 4293 2383 4364 ίστησιν,
2427 4289 2617 4343 ἑαυτὸν
2660 4287 2715 4339 δὲ
2744 4285 3011 4354 ἀλλοτριοῖ
3052 4279 3144 4333 τοῦ
3186 4277 3421 4348 Κυρίου·
3451 4275 3584 4327 διότι
3624 4274 3719 4327 οὐκ

2139 4366 2251 4438 ἔστί
2279 4382 2395 4453 Θεῷ
2425 4386 2489 4435 ὲκ
2513 4381 2621 4435 τῶν
2652 4375 3114 4449 ἀπηγορευμένων
3145 4368 3517 4438 οἱκειωθῆναι.
3535 4366 3719 4435 ’Υμῶν

2136 4475 2228 4532 οὖν
2265 4477 2461 4547 μᾶλλον
2494 4475 2677 4527 ἕνεκεν
2711 4474 2744 4542 ἢ
2778 4466 3014 4541 ἐμαυτοῦ
3050 4463 3309 4533 ποιοῦμαι
3343 4460 3476 4522 τοὺς
3507 4457 3716 4526 λόγους,

2138 4568 2349 4624 καὶτοῦ
2380 4569 2523 4638 ὑμᾶς
2557 4563 2830 4629 ἐξελέσθαι
2865 4558 3067 4631 βλάϐης
3095 4556 3194 4609 οὑκ
3233 4552 3485 4622 ἀνεκτῆς.
3511 4549 3577 4601 Τί
3614 4547 3721 4617 γὰρ

2137 4662 2203 4716 ἂν
2246 4663 2341 4715 καὶ⁵
2384 4658 2565 4731 μεῖζον
2611 4656 2770 4710 πάθοι
2811 4653 2921 4725 (56)
2960 4649 3127 4704 κακόν
3159 4664 3241 4710 τις
3282 4645 3345 4697 τὸ
3396 4639 3719 4710 τιμιώτατον

2137 4755 2246 4809 τῶν
2276 4752 2442 4806 ὄντων
2468 4748 2783 4822 ζημιωθεὶς,
2821 4746 2918 4815 τὴν
2947 4741 3240 4812 ἀλήθειαν;

2206 4845 2262 4899 4.
2290 4844 2355 4896 Τί
2397 4811 2493 4897 οὖν
2522 4811 2705 4912 ¹ιρημι,
2754 4811 3004 4905 ἀδελνφοίς
3041 4811 3173 4901 νυὺχ
3213 4830 3294 4881 ὅτι
3336 4811 3714 4912 ἀνοιξάρῖητός

2137 4955 2221 5001 τις
2251 4934 2383 5004 ἐγὼ,
2414 4932 2527 4988 οῠθ’
2682 4931 2713 4982 ὁ
2746 4902 2908 5000 βίος
2933 4925 3062 4996 ἐμὸς
3090 4920 3208 4987 οὐχὶ
3233 4902 3585 5007 πλήρης-ἐστὶ

2143 4995 2272 5101 ρίων
2292 4995 2714 5096 ’ἐλαττωμάτων
2734 4995 2756 5053 ’1
2785 5016 2899 5073 οἶδα
2938 5016 3047 5084 γὰρ
3079 5003 3335 5101 ἐμαυτὸν,
3374 4997 3471 5101 καὶ
3508 4995 3569 5046 οὑ
3598 4995 3711 5101 δια-

2362 5137 2427 5189 γε
2468 5081 2679 5180 στάζων
2710 5114 2767 5167 τὸ
2812 5081 3046 5181 δάκρυον
3081 5099 3219 5169 ὑπὲρ
3247 5092 3356 5147 τῶν
3387 5081 3712 5161 ἁμαρτημά-

2142 5455 2195 5501 ct
2230 5446 2363 5515 Reg.
2404 5446 2635 5515 primus.
2681 5440 2955 5515 Editi_-:ﬁ;
2980 5431 3340 5515 ﬁap‘nttltlavf
3392 5429 3515 5515 Mox
3552 5426 3710 5515 editio

2139 5519 2174 5570 2
2211 5505 2575 5586 Ρδτῖε.ἐἱμί.
2614 5511 2756 5580 Ἐγὼ
2800 5511 2896 5581 μὲν
2913 5505 3082 5578 ’γάρζ
3109 5505 3243 5557 Aliae
3287 5510 3341 5556 et
3382 5514 3521 5553 mss.
3566 5506 3623 5550 ut
3660 5510 3708 5547 m

2140 5596 2668 5728 teigfiiiﬂdaorjta
2695 5660 2806 5704 tres
2835 5644 3197 5728 vetustissimi
3219 5656 3365 5728 mss.
3390 5637 3711 5728 etua‘lii‘pon-

2140 5707 2468 5786 nu‘liile—diti
2493 5722 2663 5795 πάθῃ,
2697 5728 2927 5789 excepta
2950 5727 3133 5772 tamen
3167 5713 3410 5769 editione
3432 5707 3645 5780 Hagan.
