3948 6214
261 352 362 409 749

1176 341 1669 401 EPISTULARUM
1708 338 1996 396 CLASSIS
2036 339 2100 396 ll.
2144 337 2362 395 EPIST.
2404 334 2582 394 CCIV.

3411 330 3518 387 750

259 482 386 527 των,
446 464 499 517 ετ
534 480 650 527 πως
702 460 991 533 δυνηθείην
1039 458 1391 526 ἐξιλάσασθαι
1422 477 1523 532 μου
1557 459 1647 511 τὸν
1681 458 1835 520 Θεὸν,

1959 454 2111 509 )eum
2161 468 2343 508 meum
2391 450 2643 523 placare,
2691 454 2744 501 et
2798 444 3130 517 supplicium
3186 443 3517 499 intentatum

259 560 353 614 καὶ
370 559 651 628 διαφυγεῖν
671 557 770 628 τὴν
791 553 1174 625 ἀπειληθεῦαν
1197 554 1417 607 κόλασιν
1437 571 1450 583 ο
1488 551 1602 606 ἀλλ’
1626 551 1751 604 ὅτιὸ
1769 548 1835 601 τὰ

260 651 505 721 ἡμέτερα
534 648 757 720 κρίνων,
784 648 831 699 εί
858 646 956 717 μὲν
984 645 1224 717 καθαρὸν
1268 645 1409 715 ἔχειν
1438 642 1835 698 διαὸεϐαιοῦται

257 741 349 796 τὸν
408 740 705 810 ὀφθαλμὸν,
763 738 1163 810 καρφολογείτω
1206 737 1361 808 ἡμῶν
1410 736 1469 788 τὸ
1506 735 1659 805 ὄμμα
1699 730 1833 799 (57).

270 832 673 904 Ὀμολογοῦμεν
705 834 813 902 γὰρ
828 831 1035 884 δεῖσθαι
1069 829 1272 898 πολλῆς
1300 829 1400 898 τῆς
1433 829 1498 881 ὲκ
1524 827 1631 879 τῶν
1660 827 1838 893 ὑγιαι-

260 923 461 975 νόντων
508 921 857 991 ἐπιμελείας·
908 921 957 972 εί
1010 920 1065 972 δὲ
1114 919 1271 972 τοῦτο
1324 920 1421 990 μὲν
1454 919 1554 971 οὑκ
1584 916 1649 970 ἂν
1673 916 1835 977 είποι,

260 1015 356 1066 καὶ
384 1013 622 1083 τοσούτῳ
652 1029 716 1080 γε
766 1010 926 1063 πλέον
963 1012 1062 1064 οὑκ
1089 1013 1226 1081 ἐρεῖ,
1266 1012 1483 1080 ὅσῳπερ
1533 1007 1599 1061 ἂν
1641 1005 1839 1077 μᾶλλον

260 1096 295 1174 ᾖ
313 1100 552 1172 καθαρὸς
570 1102 723 1166 (διότι
743 1100 871 1153 ἴδιον
888 1098 994 1153 τῶν
1020 1099 1240 1152 τελείων
1257 1099 1316 1151 τὸ
1335 1100 1407 1169 μὴ
1427 1098 1651 1160 ἑαυτοὺς
1681 1097 1841 1166 ὑπερ-

262 1194 437 1267 αίρειν
460 1196 608 1246 ’ἐπεὶ
638 1194 857 1257 πάντως
887 1193 1129 1245 ὑπόδικοι
1152 1194 1216 1262 τῇ
1246 1190 1531 1259 ἀλαζονείᾳ
1556 1189 1647 1242 τοῦ
1676 1190 1842 1258 Φαρι-

263 1288 419 1343 σαίου
433 1292 773 1357 γενήσονται,
791 1285 869 1348 ὃς,
892 1284 1080 1337 ἑαυτὸν
1097 1282 1343 1345 δικαιῶν,
1359 1283 1647 1352 κατέκρινε
1658 1281 1749 1333 τὸν
1764 1296 1845 1331 τε·

259 1378 485 1452 λώνην),
504 1381 617 1449 μετ’
647 1377 780 1448 ἐμοῦ
802 1375 911 1443 (58)
935 1375 1166 1445 ζητείτω
1187 1374 1277 1428 τὸν
1301 1373 1505 1444 ἰατρὸν,
1532 1373 1626 1424 καὶ
1648 1371 1720 1441 μὴ
1739 1368 1844 1439 πρὸ

265 1472 460 1541 καιροῦ
486 1471 734 1542 κρινέτω,
762 1470 867 1533 ἕως
888 1469 952 1523 ἂν
974 1468 1102 1541 ἔλθῃ
1129 1470 1157 1520 ὁ
1188 1465 1407 1537 Κύριος,
1429 1465 1487 1527 ὃς
1502 1462 1843 1531 ἀποκαλύψει

261 1562 333 1616 τὰ
350 1562 567 1633 κρυπτὰ
586 1560 679 1613 τοῦ
700 1560 942 1624 σκότους,
973 1561 1066 1613 καὶ
1088 1557 1393 1629 φανερώσει
1410 1556 1507 1619 τὰς
1531 1554 1721 1626 βουλὰς
1738 1554 1845 1607 τῶν

262 1654 514 1727 καρδιῶν.
545 1654 860 1725 Μεμνήσοω
874 1653 929 1706 δὲ
957 1651 1159 1705 καὶτοῦ
1179 1651 1442 1712 εἰπόντος·
1475 1652 1531 1703 Μ
1540 1649 1571 1715 ἡ
1592 1649 1843 1716 κρίνετε,

265 1749 368 1802 ἵνα
391 1748 478 1817 μὴ
519 1745 788 1815 κριθῆτε-ν
842 1747 966 1808 καὶ,
1012 1744 1107 1813 Μὴ
1149 1741 1587 1805 καταδικάζετε,
1618 1742 1719 1793 ἵνα
1759 1738 1844 1809 μὴ

1941 543 2201 614 eﬁ‘ugere.
2250 542 2356 598 Sed
2392 542 2498 597 hoc
2542 540 2706 595 dico:
2741 539 2790 593 is
2837 537 2929 607 qui
2978 543 3169 591 nostra
3201 534 3436 606 iudicat,
3462 534 3519 588 si

1944 652 2140 706 purum
2176 634 2396 706 quidem
2424 633 2626 688 habere
2656 647 2716 687 se
2745 631 2963 685 oculum
2995 628 3248 693 allirmat,
3278 627 3521 683 festucas

1944 730 1999 782 in
2026 730 2232 784 nostris
2271 727 2447 783 oculis
2490 726 2799 795 investiget.
2852 724 3195 778 Conﬁtemur
3230 721 3377 777 enim
3422 733 3523 773 nos

1946 820 2178 890 plurima
2206 821 2343 876 bene
2370 820 2668 875 valentium
2700 835 2833 874 cura
2861 817 3126 889 indigere.
3155 817 3310 885 Quod
3343 816 3389 872 si
3419 816 3523 869 hoc

1945 928 2054 966 non
2086 912 2285 967 dixerit
2315 921 2368 968 et
2396 921 2545 969 certe
2574 922 2729 967 tanto
2765 913 2947 967 minus
2983 911 3149 976 dicet,
3182 919 3389 982 quanto
3415 926 3522 982 pu-

1947 1002 2061 1056 rior
2086 1002 2248 1057 fuerit
2274 1004 2568 1074 (siquidem
2594 1005 2875 1074 proprium
2903 1012 2986 1059 est
3006 1003 3375 1074 perfectorum
3401 1017 3526 1057 sese

1947 1111 2058 1150 non
2089 1095 2317 1161 efferre;
2358 1098 2602 1168 alioquin
2648 1096 2878 1151 omnino
2922 1098 3147 1152 obnoxii
3193 1095 3526 1166 arrogantia:

1947 1186 2207 1244 Pharisaei
2257 1197 2463 1254 essent,
2515 1190 2612 1260 qui
2663 1205 2788 1245 sese
2829 1190 3144 1260 justificans
3171 1189 3526 1261 publicanum

1949 1279 2396 1349 condemnabat),
2425 1295 2638 1334 mecum
2676 1289 2887 1349 quaerat
2923 1280 3229 1343 medicum;
3269 1294 3369 1333 nec
3400 1285 3529 1333 ante
3620 1288 3629 1295 '

1949 1378 2167 1440 tempus
2190 1371 2425 1440 judicet,
2460 1372 2635 1427 donec
2664 1375 2847 1427 veniat
2883 1372 3169 1434 Dominus,
3196 1370 3289 1440 qui
3318 1368 3528 1423 revela-

1951 1463 2032 1517 bit
2077 1464 2296 1518 occulta
2349 1467 2724 1533 tenebrarum,
2776 1474 2830 1519 et
2875 1464 3086 1535 deteget
3133 1462 3363 1517 consilia
3406 1475 3527 1513 cor—

1951 1556 2100 1610 dium
2120 1556 2187 1609 '3.
2224 1556 2533 1613 Meminerit
2577 1566 2757 1612 autem
2789 1565 2843 1614 et
2872 1557 3043 1623 illius,
3077 1556 3170 1627 qui
3199 1554 3334 1608 dixit
3363 1573 3376 1607 :
3411 1551 3525 1607 No-

1954 1648 2043 1703 lite
2058 1648 2307 1718 judicare
2336 1660 2393 1703 ut
2417 1668 2521 1705 non
2552 1652 2862 1719 iudicemini
2885 1652 2929 1684 ⁸⁹
2968 1671 2980 1705 :
3007 1651 3158 1716 item,
3194 1646 3374 1702 Nolite
3402 1663 3527 1700 con-

1952 1741 2223 1807 demnare,
2270 1753 2327 1798 ut
2377 1761 2481 1798 non
2527 1743 3034 1799 condemnemini”.
3086 1740 3323 1796 Omnino
3370 1736 3530 1809 305

265 1837 757 1904 καταδικασθῆτε.
813 1837 987 1899 ’Ὀλως
1036 1836 1113 1899 δὲ,
1145 1834 1386 1902 ἀδελφοὶ,
1435 1831 1611 1902 εἰμὲν
1656 1831 1847 1899 ἰάσιμα

1959 1844 2157 1896 autem,
2197 1833 2420 1898 fratres,
2456 1835 2729 1906 siquidem
2757 1836 3027 1892 sanabilia
3060 1842 3191 1889 sunt
3221 1840 3413 1887 nostra
3445 1829 3532 1884 de-

266 1931 425 2004 ημῶν
458 1933 573 1983 ἐστι
602 1930 669 1984 τά
713 1926 1181 1999 πλημμελήματα,
1218 1925 1271 1978 τί
1316 1924 1437 1994 οὑχὶ
1470 1922 1710 1975 πείθεται
1736 1918 1847 1991 (59)

263 2025 343 2096 τῷ
377 2024 687 2092 διδασκάλῳ
739 2022 847 2074 τῶν
869 2018 1206 2090 Ἐκκλησιῶν
1241 2018 1452 2086 λέγοντι
1474 2034 1487 2049 ’
1541 2014 1846 2085 Ἔλεγξον,

262 2119 649 2187 ἐπιτίμησον,
711 2113 1179 2183 παρακάλεσον;
1248 2112 1311 2164 Εἰ
1355 2110 1411 2163 δὲ
1444 2110 1664 2170 ἀνίατος
1690 2106 1850 2177 ἡμῶν

265 2210 301 2280 ἡ
326 2206 619 2278 ἀνομία,τί
648 2206 769 2275 οὑχλ.
801 2207 879 2267 είς
908 2203 1199 2274 πρόσωπον
1226 2204 1357 2272 ἡμῖν
1375 2199 1847 2261 ἀντικαθίσταται,

267 2300 365 2354 καὶ
397 2297 765 2370 δημοσιεύσας
792 2300 824 2367 ἠ
836 2295 952 2367 μῶν
980 2294 1050 2347 τὰ
1083 2296 1432 2365 ἀνομήματα,
1459 2292 1733 2363 ἐλευθεροῖ
1752 2290 1852 2360 τῆς

266 2391 401 2462 παρ’
437 2391 593 2463 ἡμῶν
624 2390 827 2462 βλάϐης
874 2389 973 2453 τὰς
998 2388 1357 2459 Ἐκκλησίας;
1383 2388 1474 2458 Μὴ
1510 2386 1687 2439 τοίνυν
1720 2386 1850 2437 ἀνά-

268 2485 475 2557 σχησθε
507 2486 604 2555 τῆς
635 2485 725 2537 ὑπ’
754 2484 941 2537 ὀδόντα
991 2482 1328 2553 λαλουμένης
1358 2481 1480 2534 καθ’
1512 2478 1668 2550 ἡμῶν
1691 2478 1854 2530 λοιδο-

267 2577 414 2650 ρίας.
460 2576 630 2629 Τοῦτο
652 2575 762 2647 γάρ
817 2575 921 2628 κᾶν
961 2574 1221 2639 παιδίσκη
1249 2573 1345 2644 μία
1373 2572 1481 2625 τῶν
1514 2573 1575 2624 ὲκ
1614 2570 1854 2641 μύλωνος

269 2673 551 2743 ποιήσειε,
603 2668 706 2721 κᾶν
750 2667 860 2721 τῶν
910 2667 1186 2737 ἀγοραίων
1244 2683 1329 2729 τις
1383 2665 1498 2735 μεθ’
1549 2662 1855 2734 ὑπερϐολῆς

269 2764 623 2828 ἐπιδείξαιτο,
675 2756 754 2827 οἷς
806 2764 839 2833 ὴ
891 2760 1113 2829 γλῶσσα
1175 2759 1312 2830 πρὸς
1362 2760 1546 2811 πᾶσαν
1593 2756 1855 2827 ὴκὸνηται

266 2856 562 2927 λοιδορίαν.
630 2853 769 2906 Ἀλλ’
829 2853 968 2905 εἰσὶν
1033 2853 1357 2905 ἐπίσκοποι·
1416 2849 1689 2921 κληθῶσιν
1776 2851 1855 2911 εἰς

268 2951 557 3023 ἀκρόασιν.
610 2948 764 3000 Ἔστι
796 2946 997 3018 κλῆρος
1020 2946 1160 3000 κατά
1186 2947 1362 2998 πᾶσαν
1382 2943 1473 2996 τοῦ
1508 2942 1640 2996 Θεοῦ
1676 2958 1857 3012 παροι-

268 3047 394 3102 κίαν
424 3065 439 3078 ·
467 3043 890 3114 συναχθήτωταν
938 3043 989 3094 οἱ
1033 3037 1418 3108 δοκιμώτατοι.
1463 3035 1682 3103 Λεγέτω
1719 3033 1857 3101 μετά

268 3134 583 3207 παρρησίας
602 3134 630 3185 ὁ
672 3131 1013 3202 βουλόμενος,
1045 3129 1132 3181 ἵνα
1156 3128 1375 3197 ἐλεγχος
1461 3125 1522 3177 τὺ
1550 3123 1852 3192 γινόμενον,

268 3225 362 3278 καὶ
393 3225 469 3295 μὴ
495 3223 748 3293 λοιδορία.
797 3221 919 3273 ’Υπ’
951 3219 1072 3288 ὄψιν
1102 3218 1283 3287 ἀγέτω
1311 3217 1375 3270 τὰ
1398 3212 1727 3268 λανθάνοντα
1754 3229 1853 3283 μου

268 3317 370 3388 τῆς
420 3315 683 3388 πονηρίας
709 3330 721 3343 ·
781 3315 1012 3385 μισείτω
1054 3313 1109 3365 δὲ
1151 3311 1285 3383 μηδὲ
1319 3307 1631 3373 τότε,,ἀλλά
1671 3306 1857 3360 νουθε-

268 3412 433 3464 τείτω
464 3410 539 3473 ὡς
576 3408 822 3476 ἀδελφόν.
891 3406 1188 3460 Ἑλεεῖσοαί
1212 3424 1314 3459 που
1343 3402 1668 3475 δικαιότεροί
1691 3405 1857 3473 ἐσμεν

270 3500 425 3572 παρὰ
490 3500 597 3553 τῶν
644 3498 930 3570 μακαρίων
980 3495 1188 3566 ἀνδρῶν
1238 3495 1332 3548 καὶ
1370 3493 1769 3563 ἀναμαρτήτων
1806 3493 1855 3543 οἱ

270 3591 587 3663 ἁμαρτωλοὶ
619 3592 729 3659 (60)
758 3590 916 3659 ἡμεῖς
949 3587 1147 3657 μᾶλλον
1176 3586 1209 3657 ἢ
1235 3584 1678 3657 χαλεπαίνεσθαι.

344 3684 396 3737 5.
424 3684 485 3735 Εἰ
514 3683 568 3735 δὲ
599 3682 725 3753 περὶ
759 3682 942 3733 πίστιν
981 3680 1042 3732 τὸ
1090 3677 1333 3747 σφάλμα,
1368 3676 1637 3746 δειχθήτω
1664 3678 1853 3745 ἡμῖνή

274 3777 601 3847 συγγραφή·
659 3773 820 3827 πάλιν
877 3772 991 3824 ἴσον
1040 3772 1131 3824 καὶ
1174 3771 1350 3823 κοινὸν
1388 3771 1670 3839 κριτήριον
1721 3766 1857 3821 καθ-

274 3870 466 3921 ισοῖτω.
509 3863 933 3935 Ἀναγνωσθήτω
968 3863 1028 3915 τὸ
1066 3861 1333 3932 ἔγκλημα.
1356 3860 1772 3931 Δοκιμασθήτω,
1810 3862 1859 3912 εί

276 3964 350 4035 μὴ
418 3961 611 4032 ἀγνοίᾳ
662 3959 755 4013 τοῦ
818 3956 1176 4027 ἐγκαλοῦντος
1228 3955 1477 4026 ἔγκλημα
1528 3950 1668 4006 εἶναι
1716 3953 1862 4008 δοκεῖ

274 4054 559 4130 μᾶλλον,ἢ
598 4056 665 4124 τῇ
699 4052 894 4107 ἑαυτοῦ
942 4051 1101 4119 φύσει
1154 4047 1602 4118 κατεγνωσμένον
1647 4046 1763 4098 ἐστὶ
1799 4046 1859 4097 τὸ

273 4148 529 4220 γράμμα.
560 4143 736 4197 Πολλὰ
750 4144 859 4215 γὰρ
885 4141 993 4195 τῶν
1015 4140 1195 4195 καλῶν
1220 4140 1281 4192 οὐ
1314 4138 1462 4191 δοκεῖ
1481 4132 1616 4190 εἶναι
1637 4136 1861 4193 τοιαῦτα

272 4243 385 4302 τοῖς
434 4238 495 4290 τὸ
542 4237 823 4307 κριτήριον
870 4235 967 4304 τῆς
1007 4231 1245 4295 διανοίας
1284 4231 1385 4283 οὑκ
1416 4229 1644 4301 ἀκριϐὲς
1670 4245 1863 4299 κεκτη-

278 4333 479 4403 μένοις.
510 4330 661 4382 Ἐπεὶ
686 4328 780 4381 καὶ¹
801 4327 869 4380 τά
898 4325 1124 4399 ἰσοϐαρῆ
1152 4325 1259 4377 τῶν
1285 4324 1464 4393 ὄγκων
1487 4323 1586 4376 οὑκ
1617 4322 1705 4374 ίσα
1721 4318 1860 4375 εἶναι

273 4424 441 4486 δοκεῖ,
480 4422 604 4474 ὅταν
655 4421 731 4490 μὴ
783 4418 1087 4490 ἰσορρόπως
1138 4416 1301 4487 ἔχωσι
1347 4416 1482 4487 πρὸς
1538 4414 1771 4486 ἀλλήλας
1806 4415 1860 4471 αί

1953 1926 2117 1992 licta;
2163 1943 2262 1983 cur
2288 1944 2495 1985 morem
2544 1945 2654 1984 non
2710 1924 2849 1999 gerit
2900 1927 3115 1981 doctori
3157 1925 3530 1981 Ecclesiarum

1951 2019 2175 2084 dicenti,
2213 2021 2406 2091 Argue,
2442 2023 2677 2091 increpa,
2702 2021 2918 2075 obsecra
2943 2021 3028 2074 "‘2
3076 2018 3172 2073 Sin
3217 2027 3399 2072 autem
3447 2016 3534 2069 in-

1954 2113 2217 2166 sanabilis
2254 2122 2448 2167 nestra
2485 2114 2770 2184 iniquitas,
2806 2130 2905 2167 cur
2935 2120 3126 2167 contra
3157 2128 3265 2166 non
3297 2118 3406 2165 stat
3439 2108 3535 2163 ad-

1954 2220 2112 2260 versa
2158 2205 2334 2262 fronte
2369 2217 2419 2261 et
2459 2207 2723 2277 evulgans
2761 2217 2948 2263 nostra
2998 2207 3221 2271 delicta,
3257 2204 3456 2258 liberat
3501 2217 3533 2254 a

1955 2296 2215 2366 pernicie,
2247 2314 2408 2368 quam
2438 2298 2752 2362 inferimus,
2790 2298 3107 2354 Ecclesias?
3139 2297 3328 2367 Itaque
3354 2311 3423 2351 ne
3454 2294 3535 2350 fe-

1954 2389 2092 2443 ratis
2114 2390 2386 2458 prolatum
2419 2391 2564 2444 intra
2598 2389 2793 2447 dentes
2827 2400 3021 2445 contra
3060 2406 3162 2446 nos
3193 2389 3529 2445 convicium.

1954 2481 2013 2535 Id
2040 2484 2186 2536 enim
2225 2484 2305 2537 vel
2341 2499 2445 2538 una
2486 2484 2670 2555 aliqua
2700 2500 2765 2538 ex
2798 2484 3035 2554 pistrino
3070 2483 3271 2537 ancilla
3308 2481 3532 2546 fecerit;

1958 2574 2011 2627 in
2046 2575 2147 2629 hoc
2184 2591 2348 2646 supra
2385 2576 2603 2630 modum
2637 2576 2896 2632 enituerit
2929 2592 3072 2630 unus
3108 2575 3309 2646 aliquis
3339 2591 3406 2628 ex
3438 2575 3537 2627 ho-

1958 2667 2198 2722 minibus
2258 2669 2671 2738 abjectissimis,
2719 2685 2955 2739 quorum
3009 2669 3195 2740 lingua
3250 2669 3316 2723 ad
3372 2682 3537 2721 omne

1957 2770 2185 2815 exacuta
2234 2762 2567 2815 convicium.
2621 2760 2727 2815 Sed
2770 2769 2898 2815 sunt
2954 2761 3236 2831 episcopi:
3270 2767 3537 2816 vocentur

1959 2851 2024 2905 ad
2056 2852 2410 2907 audiendum.
2446 2853 2541 2908 Est
2571 2855 2755 2909 clerus
2779 2854 2834 2907 in
2872 2869 3202 2924 unaquaque
3229 2852 3323 2908 Dei
3355 2868 3543 2923 ραι-ων

1959 2943 2042 2998 cia
2078 2964 2090 2999 :
2124 2955 2529 3015 congregemur
2578 2947 2996 3016 spectatissimi.
3035 2947 3232 3002 Libere
3276 2948 3539 3017 loquatur

1959 3037 2054 3106 qui
2086 3036 2252 3098 volet,
2305 3046 2364 3090 ut
2409 3038 2555 3106 quod
2606 3037 2695 3091 ﬁet
2736 3037 2993 3106 probat-io
3037 3038 3132 3102 sit,
3191 3053 3301 3093 non
3343 3037 3538 3094 convi-

1960 3128 2126 3183 cium.
2169 3129 2357 3183 Oculis
2389 3129 2723 3199 subjiciatnr
2752 3132 2968 3186 occulta
3009 3146 3129 3185 mea
3165 3130 3491 3201 improbitas
3522 3149 3536 3186 :

1960 3223 2136 3278 oderit
2160 3232 2342 3278 autem
2369 3240 2437 3278 ne
2460 3232 2593 3278 tunc
2621 3226 2861 3294 quidem,
2886 3226 2981 3281 sed
3023 3226 3311 3280 admoneat
3342 3236 3401 3280 ut
3432 3226 3542 3282 fra-

1959 3323 2119 3369 trem.
2169 3316 2410 3387 Aunum
2474 3328 2558 3373 est
2609 3326 2668 3375 ut
2726 3298 3164 3375 misericordiam
3224 3319 3541 3375 hominibus

1959 3408 2137 3466 beatis
2183 3420 2236 3465 et
2283 3411 2493 3481 peccati
2528 3413 2849 3482 expertibus
2895 3429 2996 3468 nos
3053 3422 3372 3485 peccatores
3424 3432 3543 3470 mo-

1960 3518 2208 3566 veamus,
2246 3506 2421 3575 magis
2452 3521 2617 3574 quam
2656 3504 3114 3576 indignationem.

2032 3680 2086 3734 5.
2139 3679 2294 3751 Quod
2338 3681 2384 3735 si
2434 3681 2583 3735 circa
2629 3682 2789 3737 tidem
2846 3699 3005 3739 error
3047 3693 3174 3749 est,
3217 3686 3544 3741 ostendatur

1958 3770 2119 3826 nobis
2162 3772 2426 3841 scriptum
2459 3790 2472 3826 :
2503 3788 2700 3827 rursus
2732 3789 2944 3845 mquum
2971 3784 3025 3829 et
3075 3791 3367 3831 commune
3390 3776 3542 3847 judi-

1960 3861 2107 3915 cium
2142 3862 2349 3916 sedeat.
2377 3860 2615 3933 Legatur
2661 3866 2894 3920 crimen.
2930 3864 3289 3937 Expendatnr‘
3318 3884 3385 3922 an
3430 3885 3541 3926 non

1960 3952 2139 4022 magis
2173 3954 2491 4009 accusantis
2542 3955 2888 4026 ignoratione
2942 3961 3153 4013 crimen
3198 3976 3321 4016 esse
3352 3960 3544 4016 videa-

1962 4051 2084 4108 tur,
2127 4061 2290 4113 quam
2339 4047 2608 4117 scriptum
2668 4064 2769 4103 sua
2820 4059 3017 4119 sponte
3064 4052 3542 4108 condemnandum

1962 4131 2055 4190 sit.
2084 4134 2251 4189 Multa
2284 4136 2431 4189 enim
2455 4153 2523 4193 ex
2554 4138 2639 4193 bis
2675 4154 2797 4208 qua:
2823 4140 3087 4209 praeclare
3121 4156 3180 4195 se
3204 4140 3431 4205 habent,
3463 4151 3545 4195 ta-

1959 4228 2036 4282 lia
2067 4244 2188 4283 esse
2221 4245 2330 4283 non
2364 4230 2619 4285 videntur
2652 4231 2972 4288 hominibus
3025 4242 3345 4289 accuratum
3390 4249 3544 4291 men-

1962 4320 2035 4374 tis
2059 4321 2329 4389 judicium
2368 4338 2477 4377 non
2515 4324 2867 4380 habentibus.
2899 4324 3035 4379 Nam
3073 4334 3126 4382 et
3148 4329 3378 4398 aequalis
3408 4343 3545 4399 pon-

1962 4412 2112 4468 deris
2146 4416 2317 4470 moles
2361 4432 2472 4469 non
2505 4418 2759 4472 videntur
2805 4435 2930 4474 esse
2961 4419 3227 4490 aequales,
3269 4421 3314 4476 si
3356 4421 3543 4478 lances

277 4518 628 4584 πλάστιγγες.
664 4514 776 4567 Καὶ
803 4513 862 4566 τὸ
898 4511 1017 4582 μέλι
1052 4511 1151 4580 ἤδη
1184 4507 1381 4579 πικρόν
1411 4522 1521 4560 τισι
1556 4509 1852 4579 κατεφάνη,

1964 4505 2106 4561 inter
2157 4524 2216 4562 se
2261 4510 2576 4578 mquilibres
2622 4526 2730 4565 non
2791 4513 2921 4567 sint.
2981 4512 3163 4583 Ipsum
3218 4516 3386 4569 etiam
3436 4518 3544 4571 mel

274 4611 373 4683 τὴν
424 4608 715 4680 γευστικὴν
753 4604 1003 4674 αἴσθησιν
1035 4603 1140 4657 ὑπὸ
1162 4601 1253 4656 τοῦ
1285 4600 1491 4664 πάθους
1523 4599 1858 4672 διεφθαρμέ-

276 4721 408 4767 νοις.
458 4698 617 4754 Ἀλλά
663 4701 756 4753 καὶ
809 4695 1086 4766 ὀφθαλμὸς
1136 4694 1236 4765 οὑχ
1286 4692 1456 4761 ὑγιῶς
1498 4691 1637 4762 ἔχων
1686 4691 1859 4747 πολλὰ

283 4791 382 4862 μὲν
430 4795 535 4848 τῶν
570 4795 737 4846 ὄντων
777 4792 877 4843 οὑκ
924 4784 1054 4850 εἶδε,
1104 4786 1273 4840 πολλά
1316 4787 1372 4839 δὲ
1404 4786 1511 4839 τῶν
1550 4786 1649 4838 οὑκ
1688 4785 1858 4838 ὄντων

280 4883 530 4938 ὑπέθετο.
577 4886 682 4935 Καὶ
723 4883 900 4937 τοίνυν
938 4882 1031 4935 καὶ
1071 4882 1163 4933 ἐπὶ
1207 4879 1307 4948 τῆς
1343 4879 1450 4930 τῶν
1488 4878 1661 4946 λόγων
1700 4877 1860 4931 δυνά-

281 4993 428 5048 μεως
458 4973 520 5028 τὸ
554 4972 664 5025 ίσον
707 4974 818 5043 ὁρῶ
844 4974 1103 5035 πολλάκις
1132 4971 1435 5040 γινόμενον,
1470 4970 1598 5022 ὅταν
1618 4986 1716 5039 της
1747 4967 1854 5021 τῶν

347 5128 442 5183 ⁸⁸1
474 5128 602 5183 Cor.
636 5144 708 5191 Iv,
744 5127 795 5182 5.
874 5129 919 5161 ”
976 5126 1169 5180 Matth.
1222 5142 1316 5183 vn.
1362 5124 1413 5177 1.

354 5290 468 5360 (57)
511 5286 703 5360 Ἡμῷν
739 5287 807 5360 τὸ
843 5276 1018 5354 δμμᾶ.
1045 5284 1216 5360 (_I_o_isl.
1245 5282 1466 5360 primus
1497 5279 1733 5360 _el_Med.
1765 5281 1865 5334 ha-

284 5351 415 5415 bent
446 5351 597 5430 ἧμῖνῖ
635 5357 804 5411 Paulo
846 5351 970 5426 post
1002 5354 1134 5410 editi
1166 5352 1406 5423 καθαρὸς
1450 5351 1632 5415 αὑτός.
1661 5351 1866 5406 Omnes

284 5446 418 5486 mss.
453 5440 508 5484 ut
542 5431 597 5483 in
630 5436 805 5483 textu.

355 5500 471 5567 (58)
511 5499 646 5554 Μετ’
691 5496 860 5567 ἐμοῦ.
899 5493 1150 5567 Sic_lib_ri
1181 5501 1414 5567 veteres,
1459 5505 1679 5567 pr_o_eo
1717 5488 1863 5567 quod

284 5560 403 5624 erat
434 5560 486 5623 in
520 5569 690 5636 editis
719 5560 854 5637 μήτ’
896 5564 1053 5637 ἐμοῦ.
1095 5563 1266 5637 Paulo
1278 5569 1423 5637 post
1465 5560 1596 5615 editi
1636 5560 1864 5633 κριθῆτε

285 5641 379 5693 καὶ
400 5633 528 5693 τοῦ(
544 5639 706 5694 Deest
730 5633 1005 5691 articulus
1034 5636 1087 5688 in
1120 5633 1379 5687 omnibus
1412 5647 1547 5686 mss.

356 5709 469 5780 (59)
494 5704 1070 5780 ΠείθεταιηεὶοΜειί.
1098 5712 1152 5758 et
1170 5702 1336 5780 _Harl.
1359 5717 1483 5780 cum
1512 5701 1689 5757 tribus
1714 5698 1857 5754 aliis.

289 5772 429 5835 Ed‘iti
450 5772 733 5833 'mlOmGe.
774 5776 1146 5831 Contlrmatur
1170 5772 1284 5828 haec
1311 5772 1606 5842 scriptura,
1639 5779 1755 5826 tum
1788 5784 1855 5825 ex

1967 4600 2254 4654 nonnullis
2315 4600 2490 4654 visum
2546 4615 2630 4656 est
2700 4618 2989 4671 amarum,
3051 4621 3287 4675 quorum
3350 4616 3547 4677 gustus

1968 4695 2163 4748 morbo
2200 4702 2518 4765 corruptus.
2554 4695 2659 4750 Sed
2695 4707 2749 4752 et
2794 4700 2989 4753 oculus
3021 4714 3131 4753 non
3167 4716 3337 4756 sanus
3373 4703 3545 4755 multa

1966 4800 2157 4841 eorum
2190 4802 2313 4855 qua:
2343 4795 2473 4842 sunt
2501 4803 2609 4843 non
2644 4788 2813 4850 videt,
2848 4799 2900 4843 et
2925 4791 3096 4843 multa
3120 4806 3242 4862 qua:
3275 4806 3386 4845 non
3416 4799 3543 4846 sunt

1965 4878 2426 4933 comminiscitur.
2467 4879 2647 4949 Atque
2678 4880 2840 4934 etiam
2878 4880 2931 4933 in
2968 4881 3178 4950 judicio
3218 4882 3288 4936 de
3325 4882 3547 4951 scriptis

1968 4967 2195 5023 ferendo
2224 4969 2366 5023 idem
2411 4972 2734 5041 plerumque
2782 4971 2939 5027 video
2970 4972 3108 5036 ﬁeri,
3159 4988 3284 5029 cum
3332 4988 3545 5038 eorum,

1490 5125 1536 5157 ’θ
1572 5122 1706 5179 Luc.
1752 5138 1826 5189 vi,
1872 5124 1959 5179 '57.
2039 5125 2079 5155 ⁹¹
2120 5122 2161 5177 ll
2202 5123 2342 5181 Tim.
2385 5141 2460 5189 iv,
2500 5126 2554 5182 2.

1976 5281 2064 5335 his
2089 5296 2208 5349 qua:
2247 5291 2576 5349 sequuntur,
2622 5290 2734 5336 tum
2762 5283 2926 5337 etiam
2971 5298 3039 5337 ex
3076 5284 3201 5338 aliis
3235 5285 3300 5337 ad
3331 5283 3551 5340 Nectar-

1975 5351 2253 5407 sarienses
2290 5352 2557 5420 epistolis,
2594 5352 2647 5406 in
2685 5354 2885 5421 quibus
2931 5353 3166 5409 Basilius
3214 5356 3323 5407 odii
3357 5364 3408 5409 et
3439 5359 3546 5409 dis-

1975 5422 2252 5494 sensionis
2279 5436 2478 5494 causas
2512 5422 2565 5475 in
2598 5438 2801 5494 eorum
2835 5424 3151 5493 episcopum
3196 5425 3411 5479 videtur
3457 5444 3553 5494 po-

1974 5492 2255 5567 tissimuul
2282 5490 2553 5567 conferre.
2591 5489 2697 5547 Sed
2730 5509 2794 5548 ea
2843 5489 2910 5549 de
2956 5489 3280 5551 re‘uberius
3326 5489 3553 5567 agemus

1972 5560 2028 5613 in
2063 5560 2187 5615 Vita
2215 5559 2276 5626 _S.
2302 5561 2517 5617 Basilii.

1969 5629 2159 5757 wgf???
2193 5635 2255 5686 θλ
2282 5632 2643 5702 ἁμαρτωλοί.
2683 5631 2775 5690 Sic
2805 5648 2937 5692 mss.
2973 5650 3087 5691 sex.
3123 5633 3265 5691 Editi
3297 5637 3343 5690 εἰ
3372 5637 3554 5711 ἁμαρ.
