3948 6214
446 381 541 441 751

1669 376 1725 431 S.
1768 373 2011 430 BASlLll
2051 370 2266 427 MAGNI

3582 376 3691 431 752

445 506 542 578 qui
589 507 953 577 scripserunt,
989 499 1431 570 facultatejudex
1472 498 1698 555 inferior
1736 507 1841 555 est.
1876 494 2012 550 Nam

2124 494 2588 567 συγγραψαμένων
2624 493 2789 558 ἕξεως
2821 494 2851 547 δ
2890 493 3079 564 κριτὴς
3106 495 3569 565 άπολιμπάνῃται.
3599 504 3691 553 Δεῖ

449 600 644 656 iisdem
698 598 809 653 fere
856 594 1125 667 prmsidiis
1174 594 1476 647 instructos
1513 608 1635 645 esse
1684 598 1920 661 oportet,
1962 598 2016 643 et

448 694 541 762 qui
574 693 641 747 de
672 690 1146 760 scriptisjudicat,
1177 695 1231 741 et
1266 687 1357 756 qui
1390 686 1603 739 scribit.
1632 684 1748 738 Nisi
1790 683 1926 737 forte
1951 684 2018 737 de

450 786 802 854 agricultura:
844 782 1102 851 operibus
1136 794 1242 832 non
1287 777 1735 848 potestjudicare
1765 779 1856 843 qui
1908 792 2017 830 non

449 886 527 930 est
555 876 831 946 agricola;
861 883 915 927 et
938 871 1069 943 quid
1096 871 1382 925 dissonum
1404 884 1781 924 consonumve
1808 869 1860 921 in
1899 883 2017 921 mu-

450 967 581 1021 sicis
623 966 799 1020 modis
842 981 950 1019 non
1007 963 1292 1033 dignoscct
1330 962 1554 1016 musica:
1602 976 1711 1014 non
1762 962 2011 1030 peritus:

451 1059 634 1116 statim
677 1074 806 1113 vero
844 1071 1159 1113 sermonum
1203 1056 1306 1109 erit
1349 1053 1540 1123 judex,
1577 1055 1893 1124 quicunque
1925 1068 2018 1106 vo-

450 1151 648 1216 luerit;
680 1151 771 1220 qui
815 1155 997 1202 tamen
1054 1163 1154 1201 nec
1188 1155 1579 1217 prmecptorem
1630 1161 1788 1200 suum
1840 1152 2018 1214 potest

449 1243 761 1306 ostendere,
795 1257 896 1295 nec
934 1250 1148 1309 tempus
1186 1255 1298 1309 quo
1342 1237 1557 1303 didicit,
1588 1253 1689 1292 nec
1718 1236 2015 1307 quidquam

449 1336 675 1391 omnino
730 1333 909 1403 majus
960 1333 1209 1387 minusve
1262 1332 1329 1386 de
1380 1330 1582 1385 litteris
1630 1329 1853 1385 audivit.
1895 1327 2016 1383 Jam

450 1440 582 1482 vero
624 1441 724 1492 ego
768 1424 896 1478 novi
947 1432 1002 1478 et
1042 1423 1097 1475 in
1136 1420 1376 1491 Spiritus
1408 1420 1649 1476 oraculis
1696 1436 1803 1475 non
1852 1421 2019 1475 licere

451 1517 678 1572 cuilibet
720 1529 947 1570 examen
1011 1514 1228 1584 aggredi
1279 1513 1609 1578 verborum;
1663 1511 1758 1567 sed
1803 1511 1875 1577 ei,
1923 1512 2017 1581 qui

452 1605 715 1679 Spiritum
756 1606 920 1660 habet
968 1602 1352 1669 discernendi;
1406 1600 1869 1675 quemadmodum
1918 1602 2019 1658 do-

450 1700 566 1753 cuit
603 1715 703 1754 nos
745 1698 1058 1769 Apostolus,
1088 1697 1182 1768 qui
1228 1696 1283 1750 in
1335 1694 1605 1750 donorum
1654 1695 2017 1751 divisionibus

453 1789 591 1845 dixit.
625 1807 640 1843 :
698 1787 837 1843 Huic
857 1788 1066 1860 quidem
1104 1803 1193 1857 per
1234 1787 1493 1857 Spiritum
1521 1784 1682 1839 datur
1720 1802 1894 1841 sermo
1928 1803 2018 1840 sa-

449 1884 680 1953 pientiae,
712 1882 809 1935 alii
840 1898 958 1935 vero
988 1898 1156 1935 sermo
1189 1880 1422 1935 scientia:
1455 1877 1741 1932 secundum
1776 1879 2015 1933 eumdem

450 1974 707 2045 Spiritum
738 1990 756 2027 :
790 1975 885 2028 alii
915 1973 1045 2045 fides
1098 1975 1151 2027 in
1195 1975 1371 2026 eodeni
1406 1970 1608 2039 Spiritu
1640 1986 1658 2024 :
1691 1970 1788 2025 alii
1832 1987 2017 2041 opera-

450 2072 615 2125 tiones
669 2070 921 2124 virtutum
963 2084 980 2122 :
1025 2068 1120 2121 alii
1168 2067 1463 2137 prophetia,
1525 2067 1623 2120 alii
1674 2065 2016 2119 discretione:

447 2163 730 2232 spirituum
751 2163 817 2216 θ’.
876 2160 1059 2225 Quare
1111 2160 1157 2215 si
1197 2169 1389 2215 nostra
1432 2157 1653 2228 quidem
1708 2157 2018 2227 spiritualia

449 2261 598 2321 sunt,
622 2253 877 2307 ostendat
908 2267 968 2307 se
999 2251 1202 2307 habere
1229 2252 1434 2305 donum
1464 2249 1818 2305 discretionis
1850 2248 2017 2318 spiri-

448 2346 700 2408 tualium,
731 2346 825 2415 qui
872 2352 1063 2399 nostra
1104 2344 1353 2413 judicare
1391 2343 1526 2397 vult.
1571 2340 1667 2396 Sin
1719 2349 1925 2402 autem,
1960 2347 2019 2393 ut

448 2438 566 2509 ipse
611 2437 968 2499 conviciator,
1019 2450 1047 2488 a
1091 2434 1254 2505 306
1288 2433 1557 2504 sapientia
1608 2433 1774 2501 hujus
1828 2431 2017 2486 mundi

449 2530 908 2601 proﬁciscuntur;
957 2528 1209 2583 ostendat
1238 2528 1475 2597 peritum
1520 2542 1642 2581 sese
1694 2526 1881 2579 mundi
1926 2541 2018 2579 sa-

451 2622 691 2693 pientiae,
732 2630 785 2676 et
811 2630 941 2674 tunc
970 2621 1018 2674 ei
1059 2619 1319 2690 sull'ragia
1350 2618 1546 2688 judicii
1580 2618 2014 2673 cominittemus.

449 2713 558 2768 Nec
583 2713 875 2784 quisquam
908 2719 1059 2780 putet
1091 2711 1205 2764 lure
1248 2711 1314 2765 ad
1349 2709 1637 2781 fugiendas
1668 2708 2020 2778 probationes

450 2819 479 2859 a
514 2820 599 2859 me
622 2804 940 2875 excogitari.
965 2800 1227 2856 Permitto
1251 2803 1397 2857 enim
1428 2801 1604 2867 vobis,
1639 2801 1838 2855 fratres
1867 2811 2020 2871 opta-

449 2896 672 2962 tissimi,
707 2905 766 2948 ut
792 2910 1003 2960 eorum,
1041 2894 1107 2949 de
1136 2894 1335 2963 quibus
1364 2910 1617 2959 accusor,
1663 2910 1892 2949 examen
1927 2910 2021 2964 pe-

450 3003 547 3042 nes
577 3004 673 3041 vos
707 2988 797 3042 sit.
832 2988 915 3040 An
953 3002 1128 3055 usque
1158 2986 1294 3041 adeo
1325 2987 1484 3041 tardo
1515 2988 1649 3042 estis
1686 2987 1928 3053 ingenio,
1961 2995 2021 3040 ut

449 3079 706 3134 omnibus
729 3079 975 3149 patronis
1003 3078 1296 3147 indigeatis
1326 3079 1391 3133 ad
1417 3079 1702 3133 veritatem
1734 3078 2020 3133 invenien-

449 3169 610 3223 dam?
644 3168 752 3224 Sed
792 3171 836 3224 si
869 3185 966 3240 per
1000 3186 1059 3225 se
1099 3170 1325 3224 minime
1358 3179 1714 3225 controversa
1744 3171 1901 3224 vobis
1932 3171 2015 3222 vi-
2045 3179 2085 3236 c

448 3261 701 3324 deantur,
756 3263 1079 3330 persuadete
1124 3260 1508 3331 nugatoribus,
1547 3269 1604 3313 ut
1648 3259 2017 3314 contentionis

450 3354 691 3408 studium
724 3354 1021 3408 dimittant.
1055 3352 1115 3408 Si
1158 3370 1287 3409 vero
1328 3370 1436 3408 non
1484 3355 1617 3409 nihil
1656 3354 1869 3407 videtur
1897 3368 2019 3408 esse

448 3446 710 3516 ambigui,
744 3447 1074 3517 interrogate
1110 3461 1211 3501 nos
1244 3462 1337 3516 per
1376 3448 1591 3516 aliquos
1625 3446 2016 3508 internuntios,

449 3539 544 3609 qui
586 3547 773 3594 nostra
820 3540 1132 3594 ministrare
1179 3539 1410 3594 lldeliter
1439 3540 1650 3609 possint
1678 3559 1689 3592 :
1717 3547 1811 3592 aut
1853 3540 2017 3593 etiam

449 3630 704 3701 scriptas,
738 3632 783 3687 si
820 3632 892 3685 ita
924 3633 1216 3696 videbitur,
1247 3633 1525 3701 exposcite
1564 3647 1593 3686 a
1636 3632 1793 3686 nobis
1830 3633 2018 3701 expla-

450 3724 722 3779 nationes.
753 3722 987 3779 Omnino
1015 3733 1193 3778 autem
1226 3725 1374 3777 omni
1411 3725 1571 3778 modo
1612 3735 1822 3789 curate,
1858 3734 1919 3777 ut
1952 3739 2020 3778 ne

450 3815 554 3872 ista
584 3817 719 3872 citra
745 3833 975 3873 examen
1009 3819 1355 3887 relinquatis.

560 4114 574 4127 .
617 4071 824 4126 Nostrae
858 4081 1038 4127 autem
1079 4071 1200 4126 ﬁdei
1235 4086 1356 4140 qua:
1395 4071 1569 4139 possit
1597 4069 1862 4123 illustrior
1900 4086 2022 4124 esse

450 4165 720 4233 probatio,
751 4179 911 4235 quam
946 4164 1090 4233 quod
1123 4162 1338 4217 educati
1366 4179 1556 4217 sumus
1584 4163 1686 4218 sub
1718 4163 1836 4216 avia
1860 4162 2020 4216 beata

452 4254 697 4317 muliere,
741 4269 808 4309 ex
837 4256 991 4309 vobis
1021 4254 1178 4308 orta?
1222 4253 1519 4309 Macrinam
1554 4255 1677 4309 dico
1724 4256 2022 4311 celeberri-

455 4360 597 4400 mam
626 4346 792 4409 illum,
822 4362 850 4399 a
882 4362 988 4416 qua
1025 4347 1200 4401 edocti
1232 4363 1421 4402 smnus
1446 4348 1744 4403 beatissimi
1771 4349 2018 4419 Gregorii

452 4439 636 4506 verba,
681 4452 1017 4509 quaecunque
1046 4454 1217 4508 usque
1260 4440 1326 4493 ad
1360 4440 1533 4508 ipsam
1574 4442 1851 4495 memoriae
1884 4455 2021 4495 con-

518 4595 563 4627 ⁹¹
603 4591 621 4647 Ι
651 4593 776 4647 Cor.
828 4608 923 4656 χιι,
956 4592 1110 4647 8-10.

521 4749 631 4818 (6i)
677 4751 757 4802 Οὐ
784 4748 1060 4813 δυνατός.
1093 4745 1242 4818 llarl.
1275 4754 1329 4818 e_t
1364 4746 1473 4799 duo
1506 4746 1595 4799 alii
1628 4747 1905 4818 ἀδύνατος.

518 4815 628 4884 (62)
648 4818 1093 4887 Ὀβουλόμενος
1106 4815 1380 4871 ἐσται.1ιιι
1397 4816 1799 4887 mss.sex.Editi
1815 4817 2015 4870 ἔσεται.

520 4890 633 4961 (65)
688 4886 923 4957 Λογίοιςὲ
962 4887 1471 4961 [οῦηιῖνεύματος.
1523 4886 1597 4961 lta
1634 4902 1766 4961 mss.
1814 4894 1869 4961 et
1918 4903 2013 4961 ve-

451 4957 612 5015 tustae
648 4961 937 5015 editiones.
973 4957 1302 5011 Basileensis
1329 4958 1568 5011 secunda
1606 4964 1661 5010 et
1704 4957 1882 5011 Paris.
1917 4958 2018 5010 ba-

453 5031 581 5085 bent
608 5032 785 5098 λόγοις
815 5027 1131 5098 Πνεύματος
1170 5028 1346 5094 άγίου.

524 5101 632 5170 (iii)
673 5094 991 5170 ῙΙνεὺματι.
1022 5098 1243 5170 {Addunt
1272 5096 1401 5152 editi
1427 5094 1588 5170 ﬁliai
1613 5095 1671 5147 δὲ
1701 5095 2017 5170 χαρίσματα

454 5166 695 5240 ἰαμάτων
724 5171 780 5222 ἐν
806 5166 882 5238 τῷ
911 5167 1057 5237 αὐτῷ
1092 5167 1388 5238 Πνεύματι.
1424 5166 1529 5220 Sed
1564 5166 1690 5220 haec
1722 5169 1921 5220 desunt
1960 5168 2016 5220 in

451 5242 707 5294 omnibus
743 5240 949 5293 nostris
980 5255 1110 5292 mss.

522 5310 636 5376 (65)
670 5310 779 5363 Τοῦ
807 5311 1057 5377 κόσμου.
1088 5306 1226 5360 Editi
1250 5305 1456 5359 addunt
1478 5305 1669 5360 τούτου
1692 5306 1838 5376 quod
1862 5305 2017 5377 deest

452 5380 505 5432 in
541 5396 636 5434 sex
685 5380 890 5434 nostris
920 5376 1068 5432 mss.
1113 5378 1230 5431 Non
1261 5377 1478 5431 ditlicile
1516 5384 1601 5431 est
1639 5392 1702 5431 es
1752 5378 1856 5430 hoc
1896 5376 2019 5429 loco

451 5449 781 5517 perspicere,
812 5450 1136 5520 episcOpum
1175 5445 1888 5520 illumrNeocgesariensem,
1919 5446 2014 5520 qui

451 5516 654 5574 Basilio
681 5516 892 5573 tantum
930 5516 1190 5573 molestize
1220 5517 1493 5580 exhibuit,
1523 5517 1803 5571 indoctum
1837 5516 2014 5568 homi-

452 5604 576 5643 nem
615 5590 803 5644 luissc.
839 5590 1013 5656 Atque
1057 5589 1110 5642 id
1140 5587 1498 5642 conﬁrmatur
1525 5603 1591 5643 ex
1622 5588 1852 5656 epistola
1882 5585 2012 5647 207,

451 5662 585 5721 n.1,
619 5659 710 5713 ubi
755 5676 879 5713 eum
918 5659 1156 5713 Basilius
1197 5659 1274 5710 ait
1314 5657 1498 5725 lingua
1547 5664 1922 5725 perstrepere,
1960 5664 2014 5708 et

452 5730 889 5784 cavillationibus
929 5731 1043 5784 suis
1081 5727 1576 5783 verisimilitudinis
1618 5729 1857 5782 colorem
1900 5726 2011 5780 illi-

450 5815 581 5856 nere
606 5813 716 5854 non
744 5813 921 5869 posse.

2117 586 2224 658 γὰρ
2257 587 2443 656 σχεδὸν
2482 590 2545 640 ἐκ
2572 587 2668 658 τῆς
2714 585 2884 655 αὐτῆς
2911 587 3265 657 παρασκευῆς
3289 585 3580 659 ὡρμῆσθαι
3600 593 3692 644 τόν

2116 694 2173 729 τε
2226 678 2479 747 κρίνοντα
2518 678 2643 738 τοὺς
2687 676 2880 743 λόγους
2924 677 3017 729 καὶ
3052 678 3141 729 τὸν
3188 678 3593 748 συγγράφοντα.
3619 683 3689 734 Ἦ

2116 769 2184 821 τὰ
2228 770 2325 839 μὲν
2349 768 2621 839 γεωργίας
2658 766 2793 837 ἔργα
2832 767 2891 819 οὺ
2922 766 3140 828 δυνατός
3181 766 3292 836 (61)
3326 768 3446 821 ἐστι
3486 769 3691 840 κρίνειν

2116 860 2221 927 ὅγε
2253 859 2329 931 μὴ
2360 860 2662 931 γεωργικὸς
2686 898 2701 919 ,
2729 859 2823 911 καὶ
2872 858 2931 910 τὸ
2980 857 3210 927 ἐκμελές
3237 876 3296 911 τε
3322 861 3418 912 κα)⁵
3456 861 3692 931 ἐμμελὲς

2117 950 2223 1003 τῶν
2249 952 2386 1004 κατὰ
2414 953 2677 1022 μουσικὴν
2710 948 2928 1020 ῥυθμῶν
2958 950 3020 1001 οὑ
3045 948 3402 1016 διαγνώσεται
3436 951 3465 1001 δ
3496 949 3570 1021 μὴ
3594 950 3693 1021 τὴν

2116 1042 2423 1115 ἐπιστήμην
2480 1042 2618 1113 ἔχων
2669 1042 2767 1112 τῆς
2817 1042 3119 1113 μουσικῆςο
3168 1040 3341 1109 λόγων
3384 1040 3441 1094 δὲ
3500 1041 3692 1113 κριτὴς

2116 1136 2275 1198 εὐθὺς
2316 1136 2344 1187 ὁ
2400 1135 2721 1206 βουλόμενος
2753 1134 2903 1187 ἔσται
2950 1134 3084 1204 (ιιὲι,
3123 1136 3151 1187 ὁ
3196 1134 3333 1204 μήτε
3373 1133 3692 1189 διδάσκαλον

2117 1228 2253 1300 ἔχων
2278 1227 2470 1281 ἑαυτοῦ
2501 1228 2793 1287 δεικνύναι,
2830 1226 2953 1281 οὗτε
2981 1228 3169 1297 χρόνον
3201 1219 3317 1294 ἐνῷ
3349 1227 3690 1298 μεμάθηκεν,

2115 1317 2236 1371 οὔτε
2263 1318 2397 1382 ὅλως
2447 1319 2650 1371 ἐπαΐων
2690 1335 2740 1370 τι
2795 1316 2985 1387 μικρδν
3031 1316 3063 1387 ἢ
3108 1318 3289 1386 μεῖζον
3318 1317 3426 1370 τῶν
3452 1317 3580 1389 περὶ
3608 1318 3697 1371 λό-

2116 1425 2263 1476 γους.
2309 1408 2451 1477 Ἐγὼ
2469 1410 2525 1461 δὲ
2549 1408 2678 1480 δρῶ,
2715 1408 2795 1462 ὅτι
2823 1409 2917 1462 καὶ
2941 1408 2999 1459 ἐν
3022 1410 3135 1469 τοῖς
3163 1406 3364 1475 λογίοις
3391 1405 3487 1459 τοῦ
3526 1406 3697 1460 lived-

2120 1518 2286 1571 ματος
2335 1501 2446 1571 (65)
2504 1500 2564 1553 οὐ
2614 1500 2775 1554 παντὶ
2819 1499 2946 1568 ἐξῆν
2994 1498 3303 1551 ἐπιϐάλλειν
3340 1502 3408 1569 τῇ
3450 1499 3695 1566 ἐξετάσει

2115 1590 2223 1643 τῶν
2243 1590 2570 1662 εἰρημένων,
2620 1590 2754 1644 ἀλλὰ
2787 1588 2863 1660 τῷ
2910 1589 3084 1660 ἔχοντι
3124 1589 3185 1643 τὸ
3212 1587 3439 1661 Πνεῦμα
3460 1592 3558 1662 τῆς
3586 1592 3699 1645 δια-

2116 1683 2367 1754 κρίσεως,
2402 1681 2582 1745 καθὼς
2610 1681 2847 1748 ἐδίδαξεν
2875 1683 3021 1752 ἡμᾶς
3049 1683 3076 1735 ὁ
3120 1682 3459 1747 Ἀπόστολος,
3497 1686 3555 1735 ἐν
3575 1685 3698 1747 ταῖς

2117 1774 2412 1846 διαιρέσεσι
2440 1774 2546 1827 τῶν
2603 1775 2954 1844 χαρισμάτων
2998 1773 3194 1827 εἰπών·
3223 1770 3291 1846 ᾯ
3320 1774 3441 1844 μὲν
3463 1774 3574 1847 γάρ
3599 1774 3698 1828 διὰ

2118 1872 2224 1927 τοῦ
2271 1873 2619 1941 Πνεύματος
2667 1870 2895 1924 δίδοται
2937 1874 3118 1941 λογος
3162 1874 3406 1941 σοφίης,
3437 1874 3611 1939 ἄλλῳ
3629 1872 3698 1927 δὲ

2116 1966 2297 2034 λόγιος
2318 1963 2615 2033 γνώσεως.
2654 1964 2805 2017 κατὰ
2839 1963 2903 2017 τὸ
2934 1965 3080 2017 αὐτὸ
3115 1965 3359 2035 Πνεῦμα
3380 1984 3392 1996 ·
3417 1965 3597 2036 ἑτέρῳ
3629 1966 3699 2018 δὲ

2117 2059 2322 2124 πίστις
2348 2057 2418 2111 ἐν
2448 2056 2529 2123 τῷ
2550 2054 2710 2121 αὐτῷ
2746 2058 3039 2126 Πνεύματι
3058 2056 3166 2129 (64)
3187 2074 3200 2087 ⁸
3229 2057 3400 2125 ἄλλῳ
3431 2058 3502 2112 δε
3530 2061 3698 2115 ἐνεο-

2117 2149 2348 2220 γήματα
2396 2148 2743 2219 δυνάμεων
2773 2150 2939 2215 ἄλλῳ
2980 2152 3327 2218 προφητεία,
3366 2152 3538 2220 ἄλλῳ
3574 2152 3700 2207 δια-

2119 2243 2348 2309 κρίσεις
2395 2240 2769 2311 πνευμάτων.
2801 2241 2962 2295 Ὥστε
3015 2245 3063 2295 εἰ
3114 2243 3211 2313 μὲν
3253 2246 3605 2313 πνευματικὰ
3632 2247 3699 2298 τά

2118 2331 2386 2403 ἡμέτερα,
2417 2329 2680 2383 δεικνύτω
2747 2331 2937 2383 ἑαυτὸν
2996 2330 3186 2401 ἔχοντα
3228 2332 3289 2384 τὸ
3324 2332 3572 2403 χάρισμα
3602 2336 3700 2402 τῆς

2117 2421 2439 2492 διακρίσεως
2471 2421 2579 2474 τῶν
2624 2421 3006 2491 πνευματικῶν
3041 2422 3155 2476 ea
3206 2423 3447 2494 ἡμέτερα
3492 2425 3701 2495 κρίνειν

2120 2513 2470 2583 βουλόμενος·
2514 2514 2561 2565 εἰ
2604 2511 2682 2573 δὲ,
2729 2512 2804 2576 ὡς
2858 2513 3020 2577 αὐτὸς
3054 2512 3305 2585 λοιδορεῖ,
3341 2515 3449 2567 άπὸ
3474 2514 3578 2585 τῆς
3615 2533 3703 2569 σο-

2119 2604 2247 2673 φίας
2266 2606 2381 2657 ἐστὶ
2412 2604 2504 2657 τοῦ
2556 2604 2758 2675 κόσμου
2789 2604 2997 2668 τούτου,
3035 2604 3260 2672 δειξάτω
3289 2608 3481 2660 ἑαυτὸν
3503 2608 3700 2678 ἐμπει-

2122 2713 2211 2767 ρον
2232 2697 2329 2766 τῆς
2360 2696 2549 2764 σοφίας
2590 2695 2683 2748 τοῦ
2733 2696 2938 2766 κόσμου
2981 2696 3114 2766 (65),
3146 2699 3241 2750 καὶ
3267 2698 3389 2751 τότε
3429 2697 3577 2769 αὑτῴ
3602 2700 3702 2762 τὰς

2117 2787 2329 2858 ψήφους
2355 2786 2455 2856 τῆς
2472 2784 2705 2858 κρίσεως
2734 2786 3122 2858 ἐπιτρέψομεν.
3150 2787 3256 2841 Καὶ
3290 2789 3480 2859 μηδεὶς
3503 2790 3704 2843 οῐέσῦω

2120 2877 2289 2931 ταῦτα
2315 2877 2450 2948 πρὸς
2480 2877 2767 2947 ἀποφυγὴν
2796 2878 2903 2931 τῶν
2933 2879 3167 2949 ἐλέγχων
3206 2880 3538 2933 ἐπινοεῖσθαι
3571 2878 3703 2949 παρ’

2119 2968 2293 3039 ἡμῶν.
2356 2969 2514 3038 Ὑμῖν
2559 2968 2668 3041 γὰρ
2714 2972 3010 3041 ἐπιτρέπω,
3056 2970 3423 3024 ποθεινότατοι
3458 2971 3701 3047 ἀδελφοὶ..

2122 3065 2205 3134 ἐφ’
2229 3064 2434 3117 ἑαυτῶν
2480 3063 2808 3136 ποιήσασθαι
2847 3065 2955 3118 τῶν
2990 3065 3405 3136 ἐγκαλουμένων
3441 3069 3573 3137 ἡμῖν
3608 3068 3705 3136 τήν

2119 3155 2383 3220 ἐξέτασιν.
2446 3156 2632 3220 Οὕτως
2683 3156 2807 3209 ἐστὲ
2866 3156 3082 3227 βραδεῖς
3127 3156 3223 3227 τὴν
3262 3156 3520 3221 διάιοιαν,
3560 3156 3703 3209 ὥστε

2122 3247 2338 3299 πάντων
2389 3246 2597 3299 δεῖσθαι
2630 3246 2742 3316 (66)
2767 3246 2875 3299 τῶν
2923 3248 3237 3317 συνηγόρων
3287 3248 3424 3318 πρὸς
3476 3248 3573 3318 τὴν
3614 3248 3706 3301 τοῦ

2121 3336 2354 3406 ἁ).ηοοὖς
2413 3336 2660 3408 εὖρεσιν;
2702 3339 2839 3390 Ἀλλ’
2886 3340 2982 3392 ἐὰν
3031 3338 3128 3408 μὲν
3175 3339 3545 3411 ἀναντίρρητα
3574 3340 3707 3410 ὑμῖν

2122 3432 2260 3499 φανῇ
2301 3430 2385 3497 ἐφ’
2429 3428 2660 3492 ἑαυτῶν,
2698 3429 2918 3483 πείσατε
2960 3430 3083 3493 τοὺς
3123 3430 3548 3500 ἐρεσχελοῦντας
3594 3433 3705 3499 ὰφ-

2122 3521 2275 3605 έσθαι
2297 3522 2476 3585 πάσης
2499 3521 2828 3590 φιλονεικίας
2855 3539 2868 3551 °
2894 3522 2987 3575 ἐὰν
3010 3522 3065 3575 δέ
3088 3540 3140 3574 τι
3164 3522 3311 3576 δοκεῖ
3338 3522 3447 3592 (67)
3473 3524 3569 3575 καὶ
3594 3523 3704 3592 άμο

2124 3613 2339 3682 φίὸολον
2386 3613 2549 3685 ἔχειν,
2602 3615 2913 3685 ἐρωτήσατε
2953 3616 3100 3684 ἡμᾶς
3130 3614 3218 3668 διὰ
3255 3632 3416 3668 τινων
3444 3617 3704 3685 μεσιτῶν,

2120 3705 2430 3775 δυναμένων
2463 3706 2666 3769 πιστῶς
2695 3706 3116 3776 διακονήσασθαι
3140 3708 3207 3759 τά
3237 3708 3483 3777 ἡμέτερα
3508 3726 3520 3737 ·
3551 3708 3583 3778 ἢ
3612 3707 3707 3761 καὶ

2123 3798 2450 3865 ἐγγράφους,
2497 3802 2545 3849 εἰ
2575 3799 2742 3861 δοκεῖ,
2787 3799 3125 3869 άπαιτήσατε
3166 3800 3311 3868 ἡμᾶς
3354 3800 3453 3863 τὰς
3493 3800 3706 3853 ἀποδεῖ-

2125 3888 2254 3952 ξεις.
2288 3888 2511 3950 Πάντως
2540 3884 2595 3939 δῖε
2623 3888 2782 3940 παντὶ
2819 3889 3004 3961 τρόπῳ
3045 3889 3380 3943 σπουδάσατε
3431 3891 3508 3961 μὴ
3545 3890 3703 3955 ἀνεξ-

2124 3978 2325 4031 έταστα
2345 3977 2519 4031 ταῦτα
2541 3979 2887 4034 καταλιπεῖν.

2193 4072 2244 4126 6.
2278 4074 2519 4136 Πίστεως
2539 4074 2594 4125 δὲ
2616 4073 2715 4143 τῆς
2739 4075 3011 4145 ἡμετέρας
3044 4074 3127 4135 τίς
3150 4073 3215 4127 ἃν
3238 4075 3331 4127 καὶ
3353 4075 3567 4144 γένοιτο
3591 4075 3701 4146 (68)

2125 4166 2489 4235 ἐναργεστέρα
2540 4166 2814 4230 ἀπόδειξις
2867 4166 2901 4237 ἦ
2951 4166 3030 4218 ὅτι
3071 4167 3371 4237 τραφέντες
3409 4170 3572 4238 ἡμεῖς
3600 4169 3704 4221 ὑπὸ

2124 4256 2275 4326 τίτθῃ
2308 4258 2556 4328 μακαρίᾳ
2593 4260 2832 4326 γυναικὶ,
2876 4259 3002 4329 παρ’
3036 4258 3189 4329 ὑμῶν
3212 4259 3556 4331 ὼρμημὲνῃς
3585 4263 3706 4314 Μα-

2126 4349 2315 4419 κρίναν
2358 4349 2502 4417 λέγω
2523 4350 2619 4421 τὴν
2652 4352 2997 4421 περιϐόητον,
3021 4353 3149 4420 παρ’
3171 4346 3234 4421 ἧς
3262 4352 3619 4423 ἐδιδάχθημεν
3639 4353 3703 4405 τά

2126 4441 2217 4493 τοῦ
2285 4442 2705 4512 μακαριωτάτου
2751 4443 3051 4514 Γρηγορίου
3115 4445 3366 4514 ῥήματα,
3422 4445 3525 4498 ὅσα
3568 4445 3702 4516 πρὸς

2219 4746 2309 4815 66)
2349 4746 2598 4800 Πάντων
2618 4748 2871 4801 δεῖσθαι.
2898 4748 3075 4803 Editio
3104 4748 3436 4805 Basilcensis
3459 4746 3696 4806 secunda

2124 4831 2178 4871 et
2208 4817 2544 4871 Parisiensis
2576 4819 2791 4881 πάντως
2836 4818 3066 4881 δεῖσθαι,
3110 4830 3167 4871 ut
3199 4822 3412 4873 omnino
3455 4828 3693 4883 patronis

2123 4887 2426 4955 indigeatis.
2464 4886 2577 4957 Etsi
2620 4890 2731 4942 haec
2760 4892 3034 4957 scriptura
3060 4889 3272 4943 videtur
3306 4886 3479 4952 prima
3516 4889 3694 4952 specie

2124 4958 2264 5011 satis
2291 4956 2577 5011 commode
2612 4960 2812 5026 posita,
2855 4956 3035 5011 tamen
3067 4960 3223 5025 longe
3251 4958 3593 5024 praeferenda
3615 4966 3695 5011 est

2123 5042 2185 5080 ea
2222 5043 2384 5095 quam
2421 5026 2474 5079 in
2505 5034 2712 5080 textum
2746 5031 3071 5097 recepimus.
3103 5027 3473 5097 Nititurenim
3512 5036 3694 5079 auclo-

2122 5097 2284 5151 ritate
2313 5112 2409 5150 sex
2438 5097 2688 5151 codicum
2716 5095 3076 5160 mss.,’llarl.,
3103 5096 3265 5156 Med.,
3295 5095 3464 5150 Coisl.
3498 5098 3693 5151 utrius-

2123 5182 2231 5236 que
2275 5176 2327 5219 et
2366 5168 2653 5235 utriusque
2705 5166 2898 5236 Regii,
2931 5176 2985 5219 et
3029 5169 3332 5221 editionum
3387 5166 3595 5235 llagan.
3633 5183 3691 5221 ac

2124 5234 2698 5307 Basileensis‘primm.
2747 5234 3013 5307 Praeterea
3056 5237 3249 5307 melius
3278 5234 3543 5307 conducit
3576 5253 3693 5307 pro.

2124 5306 2304 5375 posito
2336 5305 2542 5361 Basilii.
2576 5308 2667 5375 qui
2698 5316 2952 5375 peracute
2982 5306 3223 5360 declarat
3255 5306 3496 5361 absurde
3527 5305 3694 5361 factu-

2123 5390 2215 5428 ros
2244 5375 2801 5447 Neocwsarienses.si
2839 5391 2937 5447 per,
2962 5390 3020 5429 se
3044 5375 3475 5447 ipsidijudicare
3500 5379 3691 5437 nolint,

2122 5448 2279 5514 quasi
2311 5461 2503 5500 omnes
2538 5446 2753 5515 patroni
2788 5445 2854 5500 eti
2892 5445 3162 5515 ejusmodi
3202 5445 3475 5515 judicium
3512 5456 3692 5504 essent

2123 5515 2449 5568 advocandi.

2194 5584 2305 5655 (67)
2345 5584 2532 5639 Δοκεῖ.
2581 5584 2674 5640 Sic
2713 5593 2824 5640 tres
2853 5585 3217 5641 vetustissimi
3262 5585 3494 5645 codices.
3551 5588 3688 5643 Editi

2119 5654 2275 5725 δοκῇ.
2300 5668 2526 5779 excepta
2556 5664 2738 5710 tamen
2775 5656 3020 5711 editione
3049 5655 3417 5728 Haganoensi.

2193 5725 2303 5779 l68l
2345 5722 2435 5779 Ka
2490 5724 2737 5779 γένοιτο.
2765 5724 3094 5779 Coniunctio
3119 5728 3300 5779 addita
3334 5744 3399 5779 ex

2193 5722 2303 5781 l68l
2345 5722 2457 5779 Kal
2490 5724 2737 5794 γένοιτο.
2765 5724 3094 5795 Conjunctio
3119 5722 3300 5782 addita
3334 5744 3399 5783 ex
3434 5745 3532 5784 sex
3564 5744 3691 5785 mss.
