3948 6214
483 336 590 398 735

1781 355 1837 411 S.
1883 358 2127 416 BASlLll
2165 363 2377 421 MAGNI

3629 377 3719 432 756

486 458 776 513 sinceritas
806 466 986 516 vestra
1019 462 1233 517 noverit
1260 478 1383 519 eum
1424 481 1545 529 sese
1585 484 1616 523 a
1651 475 1763 524 tota
1807 469 2052 528 Ecclesia

2160 481 2189 532 ὁ
2220 478 2319 550 τὴν
2348 480 2485 551 πρὸς
2513 482 2660 551 ἡμᾶς
2688 480 2971 535 κοινωνίαν
2999 483 3405 556 ἀποδιδράσκων
3433 490 3505 558 μὴ
3543 489 3718 543 λανθα-

486 566 762 619 separare.
801 550 1248 623 Circumspicite,
1283 555 1506 624 fratres,
1540 561 1867 631 quibuscum
1903 567 2059 623 vobis

485 643 557 697 sit
607 646 967 699 communio:
1001 648 1044 701 si
1098 664 1217 704 eam
1257 666 1288 705 a
1332 653 1489 709 nobis
1546 671 1654 709 non
1710 659 2057 728 suscipiatis,

484 734 608 802 quis
640 734 751 804 jam
784 751 880 791 vos
907 740 1193 808 agniturus
1223 743 1340 797 est?
1369 744 1480 801 Nos
1520 763 1585 802 eo
1613 750 1961 805 necessitatis
1993 769 2061 808 ne

486 827 819 895 perducatis,
855 837 913 883 ut
943 832 1098 887 triste
1128 835 1407 905 quidpiam
1438 838 1505 894 de
1542 841 1865 897 charissima
1902 846 2059 901 nobis

486 916 730 972 Ecclesia
773 929 1100 978 statuamus.
1140 925 1216 981 Nc
1252 931 1629 997 committatis,
1662 942 1720 988 ut
1750 952 1871 1004 quae
1915 954 2059 992 nunc

484 1008 649 1063 corde
692 1026 902 1079 premo,
957 1031 1171 1069 mecum
1227 1018 1613 1089 ingemiscens,
1666 1034 1719 1079 et
1764 1027 2059 1096 deplorans

482 1100 794 1157 luctuosum
829 1112 1063 1175 tempus,
1094 1125 1204 1179 quo
1246 1112 1383 1166 citra
1419 1115 1583 1168 ullam
1620 1132 1838 1171 causam
1869 1119 2058 1175 Eccle-

482 1191 578 1246 sia:
604 1194 872 1258 maximae,
912 1206 964 1253 ct
996 1200 1106 1268 jam
1133 1204 1261 1257 olim
1294 1205 1436 1260 inter
1467 1224 1524 1262 se
1561 1209 1817 1267 fraternis
1858 1215 2058 1269 animis

481 1284 809 1352 conjunctae,
866 1306 1019 1359 nunc
1079 1293 1387 1362 dissident;
1441 1316 1509 1354 ne
1552 1307 1929 1367 committatis,
1974 1307 2059 1361 in-

480 1393 665 1445 quam,
701 1388 760 1434 ut
799 1381 912 1437 haec
955 1386 1097 1453 apud
1140 1402 1329 1444 omnes
1367 1392 1528 1446 simul
1566 1398 2057 1453 communicatores

480 1467 777 1537 deplorem.
810 1471 888 1525 Ne
918 1478 1128 1545 cogatis
1160 1494 1243 1533 me
1273 1496 1434 1537 voces
1466 1500 1735 1552 promere,
1766 1504 1903 1556 quas
1935 1492 2057 1544 hae-

480 1569 641 1616 tenus
687 1565 915 1620 rationis
952 1567 1107 1623 freno
1135 1573 1445 1630 occultatas
1486 1577 1631 1645 apud
1667 1594 1751 1633 me
1776 1583 2050 1637 contineo.

482 1652 670 1708 Satius
700 1664 785 1709 est
818 1673 919 1714 nos
961 1675 991 1715 e
1037 1664 1215 1717 medio
1251 1665 1362 1718 tolli
1409 1676 1461 1721 et
1507 1668 1777 1725 Ecclesias
1810 1672 1953 1725 inter
1997 1690 2055 1729 se

480 1749 813 1812 consentire,
844 1767 1003 1820 quam
1027 1764 1247 1823 propter
1283 1761 1520 1826 pueriles
1557 1771 1779 1818 nostras
1806 1766 2054 1819 simulta-

2164 570 2301 623 νέτω
2324 570 2476 641 ὑμῶν
2504 573 2602 643 τὴν
2630 573 2936 644 ἀκρίϐειαν,
2975 572 3157 645 πάσης
3183 576 3371 629 ἑαυτὸν
3393 578 3492 646 τῆς
3521 580 3711 649 Ἐκκλη-

2164 663 2283 726 σίας
2321 666 2669 736 ἀποῤῥηγνύς
2713 667 2846 736 (75).
2889 667 3295 739 Περιδλέῲασθε
3329 669 3464 737 (74),
3500 671 3715 741 ἀδελφοὶ.

2163 756 2299 826 πρὸς
2338 757 2489 820 τίνας
2538 758 2686 810 ἐστὶν
2739 759 2865 829 ὑμῖν
2906 761 2938 829 ή
2990 761 3276 814 κοινωνία·
3337 762 3559 814 ἐπειδὰν
3604 767 3717 834 παρ’

2161 848 2318 918 ἡμῶν
2367 849 2439 918 μὴ
2489 849 2734 918 δεχθῆτε,
2770 850 2854 913 τίς
2905 852 3090 905 λοιπὸν
3149 854 3291 923 ὑμᾶς
3339 853 3717 921 ἐπιγνώσεταις

2160 940 2250 1011 Μὴ
2285 941 2529 1011 ἀγάγητε
2552 944 2699 1012 ἡμᾶς
2718 944 2797 1005 εἰς
2824 944 3067 1014 ἀνάγκην
3094 944 3415 1016 σκυθρωπόν
3444 964 3497 999 τι
3526 948 3716 1017 βουλεύ·

2163 1031 2356 1083 σασθαι
2414 1032 2540 1101 περὶ
2596 1033 2694 1102 τῆς
2734 1033 2994 1104 φιλτάτης
3063 1036 3197 1105 ἡμῖν
3258 1036 3601 1106 Ἐκκλησίας.
3639 1037 3717 1111 Mi;

2162 1122 2422 1191 ποιήσι]τέ
2460 1140 2547 1193 με,
2575 1122 2610 1176 ἃ.
2668 1123 2761 1176 νῦν
2789 1126 2846 1176 ἐν
2894 1127 2959 1195 τῇ
3000 1126 3197 1196 καρδίᾳ
3223 1128 3537 1199 κρύαστωτῇ
3568 1132 3719 1199 ἐμαυ.

2158 1213 2275 1275 τοῦ,
2312 1216 2428 1266 κατ’
2464 1215 2697 1286 ἐμαυτὸν
2725 1218 2992 1281 στενάζων
3026 1220 3118 1271 καὶ
3142 1220 3465 1291 ὀδυρόμενος
3496 1221 3585 1273 τοῦ
3611 1240 3716 1274 και-

2162 1304 2255 1376 ροῦ
2286 1305 2380 1375 τὴν
2403 1308 2698 1375 κακότητα,
2723 1309 2824 1372 ὅτι,
2853 1310 3029 1372 αἰτίας
3053 1310 3153 1362 οὐκ
3180 1310 3369 1383 οὔσης,
3400 1316 3456 1366 αἱ
3483 1313 3715 1382 μέγισται

2157 1395 2265 1446 τῶν
2315 1394 2667 1463 Ἐκκλησιῶν,
2698 1398 2788 1450 καὶ
2812 1400 2875 1449 ἐκ
2909 1399 3137 1452 παλαιοῦ
3165 1401 3298 1471 πρὸς
3331 1400 3564 1472 ἀλλήλας
3585 1402 3716 1454 ἀδελ-

2159 1487 2274 1556 φῶν
2300 1486 2449 1550 τάξιν
2472 1488 2763 1557 ἐπέχουσαι
2793 1490 2925 1558 (75),
2958 1487 3116 1544 αὗται
3140 1491 3231 1542 νῦν
3259 1493 3613 1561 διεστήκασι·
3649 1497 3713 1565 μή

2160 1597 2224 1649 με
2263 1582 2522 1651 ποιήσητε
2571 1580 2741 1634 ταῦτα
2774 1582 2910 1651 πρὸς
2938 1584 3145 1646 πάντας
3174 1584 3308 1654 ὁμοῦ
3348 1586 3475 1648 τοὺς
3501 1603 3715 1638 τιιοινωνι⁸

2155 1670 2286 1733 κους
2327 1669 2716 1741 ἀποδύρασθαι.
2772 1671 2863 1741 Μὴ
2904 1672 3233 1743 ὲκϐιάσησθέ
3279 1691 3347 1743 με
3387 1675 3598 1741 ἀψεῖναι
3628 1675 3715 1744 ῥή-

2158 1778 2326 1831 ματα,
2363 1761 2398 1815 ἂ
2444 1762 2608 1831 μέχρι
2654 1760 2747 1814 τοῦ
2774 1761 2867 1814 νῦν
2891 1763 2965 1833 τῷ
3011 1764 3073 1815 ἐκ
3110 1763 3203 1816 τοῦ
3233 1764 3495 1834 λογισμοῦ
3535 1764 3715 1833 χαλινῷ

478 1843 563 1925 tes
606 1845 819 1893 tantum
852 1844 980 1896 mali
1015 1848 1228 1914 populis
1274 1847 1367 1902 Dei
1400 1851 1608 1907 inferri.
1650 1853 2052 1911 Percontamini

2159 1853 2517 1923 κεκρυμμένα
2572 1853 2680 1922 ἔχω
2731 1857 2858 1924 παρ’
2894 1855 3133 1925 ἐμαυτῷ.
3167 1854 3385 1907 Βέλτιόν
3411 1857 3556 1908 ἐστιν
3585 1856 3713 1925 ἡμᾶς

480 1922 667 1981 Patres
716 1941 948 1993 vestros,
986 1943 1038 1989 et
1086 1941 1489 1995 annuntiabunt
1534 1945 1713 2007 vobis,
1763 1948 2055 2015 parmeias,

476 2017 582 2071 etsi
628 2018 871 2076 locorum
920 2026 1027 2079 situ
1076 2029 1402 2085 videbantur
1448 2035 1591 2089 inter
1638 2052 1697 2091 se
1745 2038 1955 2101 divisa‘,
2004 2048 2059 2093 at

476 2115 663 2168 animo
694 2133 861 2171 unum
896 2120 1089 2185 fuisse,
1122 2139 1338 2193 unoque
1369 2128 1603 2181 consilio
1641 2129 1831 2182 solitas
1867 2132 2060 2199 guber-

478 2207 619 2261 nari.
650 2206 1117 2278 Frequentissime
1142 2217 1377 2284 populus
1402 2218 1767 2283 miscebatur;
1798 2219 2053 2290 frequen-

477 2298 689 2356 tissime
722 2317 752 2357 e
790 2304 939 2358 clero
974 2306 1065 2359 alii
1104 2307 1169 2360 ad
1222 2309 1360 2363 alios
1394 2310 1720 2375 veniebant;
1759 2313 1891 2381 ipsis
1922 2329 2053 2367 vero

475 2392 793 2458 pastoribus
822 2404 1034 2449 tantum
1061 2398 1236 2450 inerat
1268 2399 1441 2451 mutui
1476 2400 1700 2462 amoris,
1736 2409 1794 2453 ut
1827 2411 2055 2468 uterque

473 2482 650 2536 altero
683 2484 736 2538 in
772 2486 860 2549 iis,
902 2502 1024 2556 quae
1055 2487 1123 2542 ad
1173 2488 1466 2544 Dominum
1500 2493 1751 2555 attinent,
1792 2494 2055 2562 magistro

473 2585 538 2623 ac
567 2570 706 2627 duce
733 2583 999 2630 uteretur.

2161 1949 2224 1998 ἐκ
2252 1946 2425 1998 ποδῶν
2456 1947 2727 2013 γενέσθαι,
2754 1946 2849 2010 τὰς
2875 1947 2930 1999 δὲ
2970 1947 3293 2015 Ἐκκλησίας
3324 1950 3569 2017 ὁμονοεῖν
3595 1946 3713 2016 πρὸς

2158 2038 2409 2109 ἀλλήλας,
2445 2037 2475 2107 ἦ
2527 2039 2615 2091 διὰ
2654 2040 2751 2102 τὰς
2776 2039 3151 2110 μειρακιώδεις
3182 2041 3338 2111 ἡμῶν
3369 2041 3713 2111 μικροψυχίας

2156 2129 2323 2181 κακδν
2352 2127 2914 2196 τοσοῦτονὲπάγεσοαι
2942 2133 3050 2192 τοῖς
3077 2130 3224 2192 λαοῖς
3251 2130 3345 2181 τοῦ
3376 2130 3532 2183 Θεοῦ.
3567 2130 3713 2198 Ἐρωο

2154 2216 2358 2284 τήσατε
2383 2215 2507 2277 τοὺς
2540 2216 2788 2282 Πιητέρας
2824 2217 2996 2285 ὑμῶν,
3036 2218 3128 2271 καὶ
3163 2218 3553 2287 ἀναγγελοῦσιν
3581 2219 3711 2284 ὑμῖν,

2153 2306 2254 2364 ὅτι,
2308 2309 2355 2357 εἰ
2402 2306 2495 2359 καὶ
2541 2310 2606 2377 τῇ
2665 2307 2812 2359 θέσει
2841 2307 2934 2360 τοῦ
2968 2309 3130 2361 τόπου
3172 2310 3466 2381 διῃρῆσθαι
3519 2308 3715 2362 ἐδόκουν

2152 2399 2206 2450 αἱ
2242 2396 2524 2468 παροικίαι
2578 2397 2714 2467 (76),
2759 2397 2894 2451 ἀλλά
2941 2398 3017 2470 τῷ
3054 2416 3116 2468 γε
3149 2403 3463 2471 φρονήματι
3492 2394 3711 2470 ἐνῆσαν,

2153 2490 2245 2541 καὶ
2279 2492 2376 2560 μιᾷ
2402 2489 2595 2563 γνώμῃ
2643 2492 3035 2562 ὲκυϐερνῶντο.
3073 2493 3321 2563 Συνεχεῖς
3350 2494 3451 2563 μὲν
3482 2493 3571 2545 τοῦ
3598 2489 3711 2544 λαοῦ

2154 2585 2208 2635 αἱ
2249 2582 2553 2652 ἐπιμιξίαι·
2604 2587 2847 2653 συνεχεῖς
2908 2585 2963 2637 δὲ
3022 2584 3116 2637 τοῦ
3166 2585 3373 2656 κλήρου
3410 2584 3709 2655 ἐπιδημίαι·

472 2664 658 2729 αὐτοῖς
702 2666 758 2720 δὲ
808 2672 921 2732 τοῖς
982 2688 1206 2741 ποιμεσι
1272 2673 1524 2726 τοσοῦτον
1570 2675 1765 2744 περιῆν
1831 2675 1929 2745 τῆς
1983 2675 2117 2745 πρὸς
2186 2675 2447 2746 ἀλλήλους
2500 2677 2752 2748 ἀγάπης,
2814 2678 2953 2731 ὥστε
3014 2677 3271 2748 ἑκάτερον
3331 2677 3510 2729 αὐτῶν
3575 2676 3711 2729 διδα-

475 2759 659 2831 σκάλῳ
696 2761 773 2833 τῷ
826 2762 998 2835 ἑτέρῳ
1050 2766 1142 2818 καὶ
1171 2766 1398 2836 ἡγεμόνι
1438 2767 1668 2839 χρῆσθαι
1703 2770 1782 2830 εἰς
1815 2768 1881 2820 τὰ
1918 2768 2053 2839 πρὸς
2093 2766 2311 2839 Κύριον.

868 2918 1031 2990 303
1067 2917 1405 2973 EPISTOLA
1444 2919 1617 2974 CCV".

2716 2923 3058 2977 ΕΠΙΣΤΟΛΗ
3096 2925 3211 2977 ΣΕ’.

472 3053 719 3118 llpidium
745 3064 899 3121 rogat,
922 3054 1070 3106 misso
1098 3056 1271 3107 iterum
1299 3055 1488 3107 Meletio
1511 3059 1900 3171 prcsbytergibttlt,
1926 3076 1985 3171 εὗ
2000 3069 2166 3123 aqente
2191 3076 2301 3174 citur
2337 3062 2575 3174 episcopis
2600 3060 2874 3120 maritimis,
2900 3063 3031 3112 locus
3055 3068 3098 3113 cl
3120 3070 3303 3125 tempus
3337 3065 3402 3112 ad
3429 3060 3710 3112 concordiam

1731 3135 1753 3170 ε
1837 3137 1948 3174 neu
1988 3139 2067 3173 um
2106 3138 2218 3174 cons
2240 3134 2370 3174 mum
2392 3139 2467 3174 ur.

1731 3134 2067 3174 διαυιιιειιιιιιηι
2106 3134 2467 3175 constituantur.

1016 3245 1228 3315 Elpidio
1259 3248 1517 3317 episcopo.

548 3362 766 3419 Rursus
805 3362 1067 3418 dilectum
1116 3372 1171 3418 et
1206 3368 1712 3437 compresbyterum
1773 3367 2048 3424 Meletium

473 3455 818 3525 impulimus,
854 3462 912 3509 ut
941 3463 1048 3509 tua:
1067 3455 1352 3511 dilectioni
1384 3467 1631 3513 nostram
1660 3460 2047 3517 salutationem

474 3547 734 3618 perferat.
784 3548 880 3602 Cui
931 3564 1245 3618 quanquam
1300 3551 1524 3605 omnino
1573 3558 1872 3605 statueram
1924 3569 2051 3623 par-

472 3653 598 3693 cere
630 3638 701 3693 ob
749 3638 1147 3702 infirmitatem,
1185 3653 1347 3707 quam
1386 3648 1583 3709 sponte
1616 3641 1719 3695 sibi
1763 3641 2054 3711 ipse'asci-

471 3732 571 3792 vit,
606 3730 861 3799 redigens
892 3744 1112 3784 carnem
1151 3730 1204 3783 in
1237 3735 1556 3787 servitutem
1593 3733 1663 3787 ob
1695 3732 2049 3804 Evangelium

471 3820 713 3885 Christi;
745 3831 925 3875 tamen
958 3836 1082 3875 cum
1110 3820 1241 3872 mihi
1276 3820 1379 3889 ipsi
1416 3821 1672 3875 decorum
1714 3836 1838 3876 esse
1862 3822 2054 3877 existi-

472 3925 628 3965 mans
679 3911 920 3966 salutare
969 3921 1020 3967 te
1077 3927 1171 3981 per
1220 3911 1490 3978 eiusmodi
1527 3911 1707 3972 viros,
1744 3913 1874 3982 qui,
1905 3928 2053 3981 quae-

471 4015 691 4072 cunque
721 4003 937 4059 litteras
968 4002 1279 4074 effugerint,
1306 4017 1401 4072 per
1431 4018 1491 4057 se
1521 4004 1741 4057 valeant
1772 4007 2048 4072 supplere,

469 4100 525 4146 et
573 4093 743 4147 veluti
785 4094 908 4149 loco
958 4095 1203 4164 epistola:
1248 4095 1384 4148 viva:
1425 4110 1547 4149 esse
1602 4104 1656 4149 et
1706 4094 1967 4148 scribenti
2001 4105 2054 4148 et

471 4183 761 4253 epistolam
790 4187 1077 4255 recipienti
1110 4207 1122 4240 :
1157 4196 1268 4240 tum
1305 4187 1468 4242 etiam
1507 4188 1682 4256 ipsius
1714 4186 2049 4241 desiderium

471 4276 719 4345 explens.
754 4293 864 4346 quo
897 4293 1112 4347 semper
1162 4289 1309 4331 tuam
1358 4278 1730 4348 praestantiam
1767 4276 2054 4347 prosequi-

474 4374 584 4431 tur,
624 4381 689 4421 ex
733 4382 841 4436 quo
885 4368 1154 4423 bonorum
1195 4367 1398 4437 quibus
1432 4365 1694 4435 praeditus
1723 4382 1803 4429 es,
1838 4367 2054 4436 pericu-

472 4459 584 4512 lum
613 4457 776 4524 fecit;
811 4461 989 4531 ipsum
1023 4461 1184 4513 etiam
1220 4476 1366 4514 nunc
1396 4471 1457 4514 ut
1488 4461 1555 4514 ad
1585 4467 1638 4514 te
1673 4460 2055 4528 proﬁciscatur

472 4553 714 4614 exoravi,
779 4568 841 4606 ac
882 4568 979 4621 per
1008 4569 1130 4605 eum
1178 4561 1231 4606 et
1275 4553 1609 4607 visitationis
1646 4553 1909 4607 solvimus
1955 4550 2050 4605 de-

2634 3249 2910 3316 Ἐ.1πιδι’ῳ
2940 3252 3267 3313 ἐπισκόπῳ.

2224 3364 2392 3417 Πάλιν
2416 3365 2574 3434 ἡμεῖς
2591 3363 2680 3415 τὸν
2705 3362 2986 3432 ἀγαπητὸν
3007 3362 3101 3414 καὶ
3118 3360 3505 3431 συμπρεσϐύτε
3514 3378 3597 3432 ρον
3613 3359 3710 3427 (77)

2151 3453 2413 3509 Μελέτιον
2439 3454 2794 3522 ὲκινήσαμεν,
2823 3452 2915 3504 ἐπὶ
2949 3451 3046 3519 τὴν
3074 3452 3172 3520 σὴν
3204 3450 3428 3519 ἀγάππιν
3460 3464 3708 3520 προσηγο-

2157 3547 2274 3617 ρίας
2309 3543 2465 3614 ἡμῶν
2497 3539 2901 3613 διακομίζοντα.
2930 3535 3005 3594 υἷι
3036 3542 3083 3593 εἰ
3113 3541 3208 3593 καὶ
3236 3541 3376 3593 πάνυ
3398 3540 3710 3609 ἐγνώκειμεν

2155 3636 2430 3707 φείδεσθαι
2471 3634 2560 3689 διὰ
2610 3635 2710 3706 τὴν
2764 3633 3085 3693 ἀσθένειαν,
3131 3633 3199 3702 ἢν
3243 3634 3508 3688 ἑκουσίως
3556 3626 3709 3698 ἐαυτῷ

2154 3730 2485 3800 ἐπηγάγετο,
2521 3726 2880 3795 δουλαγωγῶν
2919 3726 3018 3796 τὴν
3053 3713 3232 3795 σάρκα
3270 3724 3358 3777 διὰ
3393 3726 3458 3777 τὸ
3488 3721 3710 3789 Εὐαγγέ-

2153 3822 2266 3875 λιον
2317 3821 2411 3874 τοῦ
2468 3819 2741 3891 Χριστοῦ,
2771 3820 2919 3889 ὅμως
2965 3817 3060 3871 καὶ
3110 3819 3240 3887 ἡμῖν
3281 3817 3468 3881 at’aro't;
3524 3830 3709 3887 πρεπον

2153 3910 2293 3966 εἶναι
2344 3912 2627 3984 κρίναντες
2663 3911 2775 3982 (78)
2823 3910 2911 3963 διὰ
2953 3910 3207 3963 τοιούτων
3256 3904 3708 3979 προσφθέγγεσθιιί

2158 4023 2237 4069 σε,
2266 4006 2376 4058 τῶν
2418 4005 2735 4075 δυναμένων
2772 4006 2872 4057 ὅσα
2912 4002 3196 4073 διαφεύγει
3242 4002 3304 4054 τὸ
3331 4002 3565 4074 γράμμα
3596 3996 3705 4068 παρ’

2158 4097 2367 4152 ἑαυτῶν
2402 4096 2600 4168 ῥαδίως
2640 4095 3065 4166 ἀναπληρῶσαι,
3100 4094 3194 4148 καὶ
3240 4095 3403 4147 οἱονεὶ
3454 4092 3562 4146 ἀντ’
3603 4092 3706 4141 ἐπι-

2158 4190 2353 4260 στολῆς
2396 4187 2642 4259 ὲμψύχου
2694 4186 2949 4254 γενέσθαι
2989 4186 3064 4257 τῷ
3113 4204 3172 4239 τε
3219 4188 3489 4258 γράφοντι
3533 4179 3705 4247 καὶτῷ

2157 4279 2460 4349 δεχομένῳ·
2498 4278 2593 4330 καὶ
2636 4277 2725 4330 τὸν
2765 4276 2929 4329 αὑτοῦ
2973 4276 3028 4329 δὲ
3065 4276 3229 4329 πόθον
3270 4274 3702 4345 ἀναπληροῦντες.

2154 4371 2213 4423 ὃν
2248 4371 2358 4440 ἔχει
2387 4371 2473 4423 ἀεὶ
2512 4372 2639 4442 περὶ
2673 4371 2771 4439 τὴν
2811 4369 2909 4439 σὴν
2941 4370 3274 4438 τελειότητα,
3300 4370 3393 4437 ἀφ’
3423 4364 3483 4423 οὗ
3510 4371 3582 4429 εἰς
3608 4365 3707 4418 πεῖν

2161 4479 2257 4533 ραν
2285 4461 2509 4528 ἀφίκετο
2542 4461 2649 4512 τῶν
2684 4462 2742 4511 ὲν
2773 4460 2856 4513 σοὶ
2878 4460 3089 4513 καλὼν-
3127 4462 3221 4512 καὶ
3246 4461 3339 4512 νῦν
3373 4461 3535 4513 αὐτὸν
3558 4455 3703 4509 ἐλθεῖν

2156 4556 2233 4618 ὡς
2273 4555 2331 4607 σὲ
2361 4554 2470 4625 (79)
2518 4553 2967 4623 ὲδυσωπήσαμεν,
2998 4551 3063 4604 δι’
3108 4548 3170 4604 οὗ
3218 4553 3312 4603 καὶ
3358 4552 3419 4603 τὸ
3465 4552 3559 4619 τῆς
3603 4550 3698 4599 ἐπι-

472 4644 673 4707 bitum,
714 4655 767 4699 et
816 4661 1074 4715 rogamus
1117 4655 1174 4698 ut
1203 4662 1299 4715 pro
1340 4646 1500 4700 nobis
1552 4660 1616 4700 ac
1668 4660 1768 4714 pro
1810 4643 2049 4697 Ecclesia

2162 4645 2406 4714 σκέψεως
2452 4643 2877 4714 ἁποπληροῦμεν
2921 4643 3113 4714 χρέος,
3162 4644 3255 4697 καὶ
3306 4640 3702 4713 παρακαλοῦμεν

597 4799 748 4870 Alias
780 4799 1080 4855 CCCXXII.
1119 4800 1341 4870 Scripta
1372 4815 1516 4853 anno
1544 4800 1669 4870 575.

545 4869 657 4939 (75)
708 4871 1130 4940 Ἀποῤῥηγνύς.
1162 4869 1328 4925 Vetus
1355 4879 1437 4924 est
1467 4869 1610 4938 apud
1643 4870 2053 4924 ecclesiasticos

473 4943 773 5009 scriptores
811 4943 1058 5002 elfatum,
1096 4957 1221 4995 eum
1257 4941 1574 4996 schismatis
1624 4940 1832 4993 crimen
1867 4940 2053 4993 incur-

473 5026 615 5071 rere,
649 5011 741 5079 qui
778 5013 946 5065 alium
984 5023 1183 5081 praeter
1218 5011 1300 5067 fas
1329 5020 1383 5065 et
1426 5010 1551 5076 jura
1586 5010 2049 5081 excommunicat.

473 5081 581 5135 Sed
630 5088 813 5135 tamen
864 5079 1141 5148 ejusmodi
1186 5080 1526 5136 schismatici
1563 5095 1673 5132 non
1718 5079 1922 5133 idcirco
1981 5081 2051 5132 ab

470 5152 745 5206 exteriore
800 5152 1060 5207 Ecclesia:
1111 5153 1497 5206 communione
1541 5148 1915 5204 discedebant.
1979 5150 2049 5203 At

473 5220 708 5277 Basilius
758 5221 1002 5292 loquitur
1049 5222 1117 5275 de
1176 5222 1278 5275 hac
1318 5221 1588 5275 exteriore
1624 5220 2047 5292 communione,

470 5307 642 5362 eaque
672 5291 945 5347 carituros
984 5293 1263 5354 declarat,
1309 5292 1403 5361 qui
1438 5306 1467 5345 a
1519 5306 1617 5362 sua
1666 5291 2046 5362 discesserint.

470 5360 627 5426 Quod
658 5362 879 5431 quidem
925 5380 1034 5417 non
1072 5360 1491 5416 accuratiSsimc
1513 5360 1718 5415 dictum
1749 5360 2046 5424 videretur,

472 5433 576 5503 nisi
611 5435 885 5503 praecipue
935 5433 1003 5488 de
1049 5432 1594 5503 Neocaesariensihus
1625 5431 1835 5485 dictum
1875 5438 2046 5503 esset.

470 5499 627 5556 Nam‘
652 5499 915 5559 Paulinus
961 5503 1345 5558 Antiochenus
1392 5502 1617 5556 carebat
1665 5502 2049 5556 communione

471 5571 695 5632 Basilii.
758 5590 860 5628 nec
917 5584 1103 5628 tamen
1166 5573 1540 5629 Ecclesiarum
1610 5570 2048 5626 Occidentalium

469 5643 911 5699 communionem
954 5646 1237 5699 amiserat.
1281 5646 1349 5697 At
1389 5642 1861 5698 Neocaesarienses
1902 5641 1950 5695 si
1992 5642 2046 5695 in

472 5712 671 5784 injuria
716 5713 920 5767 Basilio
949 5714 1195 5770 facienda
1241 5716 1631 5784 perstitissent,
1673 5727 1909 5781 eumque
1951 5728 2046 5784 co-

471 5783 710 5851 egissent
751 5784 889 5851 apud
938 5783 1441 5839 communicatores
1474 5799 1605 5838 suos
1655 5786 1907 5851 querelas
1944 5783 2040 5837 dc-

2160 4799 2323 4862 l'erre,
2358 4814 2466 4852 non
2506 4798 2727 4871 dubium
2757 4799 2894 4871 quin
2914 4812 3106 4854 omnes
3146 4797 3315 4871 illius
3347 4811 3528 4871 causa:
3559 4789 3699 4871 favi?

2158 4878 2301 4932 sent,
2332 4877 2386 4922 et
2423 4869 2732 4937 justissima
2762 4870 2818 4922 in
2853 4866 3327 4924 Neocwsarienses
3359 4866 3700 4935 indignatione

2165 4938 2533 4995 exarsissent.

2229 5009 2342 5077 (74)
2382 5009 2857 5077 Περιϐλέψασθε.
2896 5007 3042 5063 Editi
3076 5005 3286 5062 addunt
3327 5000 3443 5071 οὖν,
3481 5016 3593 5073 quae
3622 5011 3699 5049 vo-

2157 5082 2281 5134 cula
2313 5080 2467 5134 deest
2496 5082 2552 5132 in
2585 5079 2843 5132 erunibus
2862 5080 3084 5134 .nostris
3108 5093 3243 5132 mss.

2227 5149 2343 5219 (75)
2391 5148 2776 5217 Ἐπέχουσαι.
2808 5151 2979 5219 (ioisl.
3013 5150 3223 5219 primus
3254 5143 3587 5213 κατέχουσι-ιι.

2230 5204 2343 5288 (76)
2376 5223 2445 5274 ΑΙ
2470 5204 2790 5287 πάροικίαι.
2817 5204 3101 5273 Editiones
3130 5204 3462 5288 Basilcens'ts
3490 5204 3695 5288 secunda

2156 5297 2210 5343 et
2238 5282 2570 5345 Parisiensis
2599 5288 2807 5342 addunt
2834 5288 3284 5357 καὶἘκκλησίαι,
3308 5286 3403 5340 sed
3433 5282 3697 5354 repugnant

2158 5369 2365 5430 septem
2387 5376 2535 5430 mss.
2567 5367 2629 5430 et;
2651 5361 2993 5428 antiquiores
3026 5361 3319 5415 editiones.

2230 5428 2342 5501 (77)
2382 5429 2521 5501 Ytde
2553 5428 2838 5501 Addenda.

2230 5489 2347 5569 (78)
2387 5498 2736 5569 Κρίναντες.
2778 5500 2869 5553 Sic
2905 5499 3061 5553 multi
3095 5498 3318 5553 codices
3348 5512 3481 5552 mss.
3504 5489 3599 5548 Sed
3625 5499 3692 5538 η’

2157 5572 2434 5627 centiores
2467 5572 2666 5642 habent
2704 5571 3001 5642 κρίνοντες.
3106 5639 3116 5642 _
3347 5640 3356 5642 _
3529 5633 3556 5642 η
3593 5629 3603 5639 ,

2228 5644 2341 5713 (79)
2395 5641 2629 5713 *gaoezr
2673 5628 2756 5708 ὠξ
2786 5640 2880 5696 σέ.
2923 5628 3046 5695 u'aec
3088 5639 3290 5695 desunt
3345 5640 3398 5692 in
3447 5628 3692 5690 codicibus

2157 5710 2292 5771 Med.
2326 5710 2384 5769 et
2409 5710 2558 5767 Harl.
