3948 6214
249 229 343 285 757
1150 240 1641 304 EPISTOLARUM
1676 251 1967 309 CLASSIS
1998 255 2064 311 ll.
2105 256 2324 317 EPIST.
2362 260 2537 320 CCVI.

3390 282 3490 340 758

249 340 644 414 ςπροσεύχεσθαί
678 361 737 398 σε
767 345 906 418 ὑπὲρ
934 346 1090 419 ἡμῶν
1120 353 1213 404 καὶ
1240 353 1338 424 τῆς
1377 355 1701 428 Ἐκκλησίας
1726 360 1818 414 τοῦ

249 434 376 460 Δ--Π
397 451 409 460 .
437 435 520 460 9....
551 435 618 460 ἓξ.
653 436 761 460 [om
797 440 927 460 1.--!“
963 442 977 460 ι
1008 442 1048 460 Ir
1073 442 1085 456 ⁸
1242 445 1264 460 ιν
1546 451 1558 460 .
1608 454 1619 460 .
1682 453 1694 460 .

1928 367 2018 460 Dei
2071 374 2345 442 preceris,
2383 385 2440 431 ut
2490 376 2754 438 Dominus
2812 382 2904 439 det
2960 387 3119 446 nobis
3170 391 3239 445 ab
3291 391 3489 460 injuria

247 434 379 488 Θεοῦ
397 451 409 463 ·
437 435 523 489 ἴνα
548 435 621 507 δῷ
651 436 762 508 (80)
796 440 928 509 ἡμῖν
956 442 984 494 ό
1008 442 1208 514 Κύριος
1239 445 1441 518 ἡρεμον
1478 451 1569 504 καὶ
1597 453 1815 525 ἡσύχιον

248 526 359 597 βίον
397 527 637 596 διάγειν,
676 530 777 599 τῆς
818 531 884 583 ἐκ
934 532 1044 586 τῶν
1096 535 1304 607 ἐχθρῶν
1352 539 1447 592 τοῦ
1481 542 1813 612 Εὑαγγελίου

244 618 501 687 ἐπηρείας
523 619 933 689 ἀπαλλαγέντας
952 623 1084 694 (81).
1109 624 1168 677 Εἰ
1199 626 1255 679 δὲ
1290 631 1382 683 καὶ
1418 634 1484 702 τῇ
1518 636 1584 704 σῇ
1604 635 1814 689 συνέσει

245 708 532 762 ἀκόλουθον
580 713 675 765 καὶ
720 714 1015 781 ἀναγκαῖον
1066 720 1461 788 καταφαίνεται
1502 728 1581 789 εἰς
1618 728 1815 782 ταυτὸν

245 800 388 868 ἡμᾶς
416 799 678 871 ἀλλήλους
703 802 898 870 ἐλθεῖν,
924 807 1017 858 καὶ
1047 813 1325 880 συντυχεῖν
1354 814 1449 866 καὶ
1476 820 1582 880 τοῖς
1611 817 1815 884 λοιποῖς

242 893 589 962 τιμιωτάτοις
619 895 865 965 ἀδελφοῖς
897 902 1009 963 τοῖς
1038 902 1138 973 τὴν
1168 904 1434 975 παραλίαν
1473 911 1815 966 κατοικοῦσιν

245 987 579 1051 ἐπισκόποις,
607 990 767 1054 αὐτός
792 993 884 1045 καὶ
919 996 1048 1063 ἡμῖν
1080 996 1361 1064 ἀπόδειξον
1384 999 1545 1055 τόπον
1576 1005 1669 1057 καὶ
1698 1022 1815 1060 και-

245 1079 334 1149 ρὸν
365 1078 485 1132 καθ’
519 1080 577 1133 ὃν
610 1081 761 1136 ἔσται
796 1083 976 1151 τοῦτο,
1013 1088 1105 1140 καὶ
1138 1092 1250 1154 τοῖς
1294 1090 1542 1161 ἀδελφοῖς
1580 1098 1816 1151 ἐπέστει-

243 1169 349 1235 λον,
382 1172 489 1237 ἵνα,
525 1174 616 1226 ἐπὶ
648 1175 973 1247 ὡρισμένοις
1013 1180 1402 1247 καταλιπόντες
1441 1185 1669 1253 ἕκαστος
1716 1191 1813 1260 τὴν

242 1263 299 1315 ἐν
325 1265 512 1334 χερσὶν
539 1266 811 1337 ἀσχολίαν,
846 1269 1163 1342 δυνηθῶμέν
1191 1268 1243 1325 τί
1268 1274 1377 1328 τῶν
1411 1279 1491 1342 είς
1528 1281 1815 1355 οἰκοδομὴν

242 1356 337 1426 τῆς
371 1357 696 1430 Ἑκκλησίας
739 1363 832 1414 τοῦ
881 1363 1016 1416 Θεοῦ
1046 1365 1287 1435 ποιῆσαι,
1328 1368 1420 1420 καὶ
1466 1370 1675 1425 ἀνελεῖν
1717 1375 1815 1444 μὲν

240 1448 337 1511 τὰς
366 1448 424 1516 ἐξ
460 1452 722 1507 ὑπονοιῶν
758 1454 850 1508 νῦν
883 1458 1014 1527 ἡμῖν
1058 1458 1194 1529 πρὸς
1225 1458 1482 1531 ἀλλήλους
1529 1466 1814 1536 ἐγγινομέ-

243 1558 337 1605 νας
376 1541 571 1608 λύπας,
604 1547 850 1616 κυρῶσαι
895 1549 951 1602 δὲ
980 1550 1079 1622 τὴν
1126 1552 1367 1621 ἀγάπην.
1397 1551 1465 1625 ἧς
1495 1557 1622 1611 ἀνευ
1650 1559 1812 1630 ἀτελῆ

241 1630 377 1687 εἶναι
416 1636 599 1706 πάσης
629 1630 847 1711 ἐντολῆς
887 1642 1147 1713 ἐργασίαν
1186 1643 1347 1706 αὐτὸς
1379 1649 1510 1717 ἡμῖν
1542 1653 1568 1702 ό
1614 1650 1815 1723 Κύριος

241 1723 551 1797 διωρίσατο.

768 1896 1112 1952 summa
1150 1899 1283 1966 squ

1925 459 2269 519 inimicorum
2301 464 2579 539 Evangelii
2611 470 2852 531 liberatis
2873 479 3221 548 tranquillam
3248 497 3312 537 ac
3338 459 3492 552 quie-

1925 560 2031 606 tam
2066 555 2231 609 vitam
2276 571 2456 628 agere.
2487 559 2643 625 Quod
2687 562 2735 618 si
2767 574 2822 618 et
2872 574 2979 623 tuae
3010 569 3311 638 prudentiae
3361 586 3489 626 οοη-

1924 652 2243 702 sentaneum
2285 659 2339 705 et
2388 655 2759 710 necessarium
2807 658 3096 726 videbitur,
3131 664 3276 717 utin
3323 677 3489 718 unum

1924 738 2240 804 veniamus,
2285 745 2816 818 congrediamurque
2865 753 3028 805 etiam
3080 768 3204 807 cum
3263 755 3490 823 reliquis

1923 831 2398 889 reverendissimis
2448 835 2710 894 fratribus
2756 842 3155 897 maritimarum
3203 846 3490 899 civitatum

1921 922 2200 995 episc0pis
2222 968 2236 991 ,
2272 928 2388 998 ipse
2417 930 2581 984 etiam
2619 933 2774 987 nobis
2805 934 3027 1006 designa
3064 938 3241 991 locum
3270 948 3324 992 et
3354 946 3487 993 tem-

1921 1031 2054 1085 pus,
2084 1033 2194 1086 quo
2225 1020 2336 1074 haec
2370 1020 2519 1086 fient,
2544 1030 2598 1076 et
2641 1027 2821 1080 scribe
2854 1026 3117 1084 fratribus
3138 1068 3152 1091 ,
3187 1037 3245 1083 ut
3280 1031 3490 1100 praesti-

1921 1116 2041 1163 tuto
2084 1120 2329 1181 tempore
2374 1114 2743 1184 relinquentes
2774 1122 3151 1191 unusquisque
3179 1138 3241 1177 ea
3271 1139 3391 1192 quae
3435 1124 3488 1177 in

1923 1202 2177 1258 manibus
2225 1207 2463 1273 negotia.
2498 1209 2771 1276 possimus
2801 1213 3010 1281 aliquid
3060 1215 3128 1268 ad
3171 1216 3488 1270 aedificatio-

1924 1306 2044 1345 nem
2079 1292 2337 1348 Ecclesia
2375 1310 2596 1361 navare,
2625 1312 2688 1353 ac
2723 1301 2914 1355 tollere
2942 1303 3136 1359 insitas
3166 1305 3323 1360 nobis
3346 1322 3491 1363 nunc

1920 1399 1985 1437 ex
2021 1384 2427 1454 suspicionibus
2456 1389 2597 1443 inter
2623 1406 2724 1445 nos
2754 1393 3053 1459 molestias,
3082 1411 3145 1449 ac
3171 1397 3489 1452 charitatem

1922 1473 2175 1537 firmare,
2229 1477 2349 1532 sine
2393 1494 2499 1547 qua
2540 1496 2791 1535 mancam
2845 1492 2899 1537 et
2952 1484 3322 1555 imperfectam
3369 1502 3492 1543 esse

1921 1567 2164 1637 cujusvis
2194 1571 2449 1642 praerepti
2482 1572 2917 1631 observationem
2950 1577 3065 1648 ipse
3111 1579 3270 1635 nobis
3313 1577 3494 1636 Domi-

1922 1675 2026 1714 nus
2062 1660 2380 1719 declaravit.
3516 1664 3525 1679 ’

2433 1906 2766 1963 EPISTOLA
2804 1908 2978 1964 CCVI‘

519 2004 799 2056 Consolatur
824 2007 1089 2071 Elpidium,
1115 2008 1300 2073 nepotis
1328 2018 1480 2063 morte
1499 2011 1745 2078 amictum,
1770 2028 1845 2077 ac,
1871 2022 2127 2079 speratum
2141 2030 2449 2080 congressum
2484 2034 2541 2071 ne
2561 2021 2701 2071 dolor
2722 2021 3003 2085 interpellet,
3029 2023 3264 2076 hortatur.

393 2107 669 2175 Ἐλπιδίῳ
694 2110 1002 2177 ἐπισκόπῳ
1041 2114 1150 2185 (82)
1198 2117 1672 2185 παραμυθητική.

312 2219 426 2275 Νῦν
469 2220 702 2291 μάλιστα
741 2224 842 2293 τῆς
879 2226 970 2278 τοῦ
1018 2226 1266 2298 σώματος
1314 2230 1597 2295 ἀσθενείας
1630 2233 1818 2286 αἰσθά-

244 2329 425 2382 νομαι,
463 2314 552 2366 ὅτε
598 2314 711 2385 ὁρῶ
757 2333 846 2385 μοι
898 2318 1150 2372 τοσοῦτον
1186 2322 1578 2391 ἐμποδίζουσαν
1609 2327 1673 2395 τῇ
1721 2326 1817 2395 τῆς

243 2405 414 2475 ψυχῆς
451 2405 710 2478 ὠφελείᾳ.
754 2409 816 2460 Ei
868 2411 975 2482 γάρ
1014 2430 1103 2482 μοι
1147 2414 1289 2465 κατὰ
1330 2413 1454 2466 νοῦν
1481 2414 1591 2482 (85)
1622 2415 1817 2485 ἐχώρει

243 2499 307 2550 τὰ
335 2500 658 2570 πράγματα,
690 2501 791 2554 οὐκ
824 2502 887 2556 ἀν
917 2504 982 2556 δι’
1014 2506 1334 2571 ἐπιστολῶν,
1369 2507 1491 2559 οὐδὲ
1523 2505 1613 2559 διὰ
1640 2508 1818 2576 μέσων

245 2588 549 2660 ἀνθρώπων
598 2594 1089 2666 προσειροεγγόμην
1152 2599 1334 2667 ὑμᾶς’
1386 2599 1499 2651 ἀλλ’
1545 2599 1705 2662 αὐτὸς
1756 2598 1821 2652 ἂν

243 2679 308 2732 δι’
350 2680 592 2752 ἐμαυτοῦ
629 2683 721 2735 καὶ
766 2683 824 2734 τὸ
858 2685 955 2754 τῆς
1005 2687 1226 2757 ἀγάπης
1256 2688 1609 2758 ἀπεπλήρουν
1640 2688 1818 2758 χρέος,

244 2772 335 2823 καὶ
361 2771 593 2839 ἐγγύθεν
618 2772 887 2825 ἀπέλαυον
920 2775 1013 2827 τοῦ
1039 2778 1412 2847 πνευματικοῦ
1436 2780 1545 2847 (84)
1574 2778 1816 2850 κέρδους.

243 2862 353 2915 Νῦν
380 2862 437 2915 δὲ
471 2862 616 2915 οὕτω
646 2864 948 2935 διάκειμαι,
980 2868 1056 2931 ὡς
1106 2869 1404 2942 ἀγαπητῶς
1440 2873 1533 2922 καὶ
1572 2871 1671 2935 τὰς
1718 2870 1817 2940 τῆς

245 2954 498 3027 πατρίδος
530 2959 770 3026 κινήσεις
805 2958 1152 3026 ὑφίστασθαι,
1187 2961 1252 3025 ἀς
1284 2964 1598 3032 ἀναγκαίως
1631 2966 1815 3018 ποιού-

2263 2124 2474 2192 Elpidio
2503 2128 2744 2195 episcopo
2772 2130 3153 2184 consolataria.

1992 2232 2149 2289 Nunc
2179 2236 2416 2292 maxime
2453 2240 2699 2308 corporis
2730 2240 3101 2296 infirmitatem
3147 2242 3341 2307 sentio,
3367 2256 3491 2298 cum

1924 2341 2043 2381 eam
2072 2328 2230 2383 video
2259 2330 2391 2384 mihi
2437 2337 2721 2401 tantopere
2761 2334 2985 2388 obstare
3015 2334 3211 2389 anima:
3250 2334 3490 2390 utilitati.

1927 2417 1984 2471 Si
2018 2419 2165 2473 enim
2206 2420 2339 2473 mihi
2387 2435 2475 2476 res
2519 2424 2878 2478 succederent
2918 2441 2984 2480 ex
3032 2426 3303 2481 sententia
3328 2466 3342 2489 ,
3382 2441 3492 2481 non

1922 2523 2019 2562 vos
2048 2524 2145 2578 per
2174 2510 2408 2574 litteras,
2435 2528 2613 2582 neque
2641 2528 2737 2583 per
2768 2515 3141 2571 internuntios
3165 2516 3490 2586 alloquerer,

1923 2601 2016 2654 sed
2059 2600 2175 2671 ipse
2217 2618 2313 2672 per
2341 2618 2428 2658 me
2453 2611 2508 2658 et
2542 2604 2828 2660 cliaritatis
2860 2608 3194 2663 exsolverem
3226 2608 3491 2671 debitum,

1921 2698 1974 2745 et
2002 2692 2251 2748 cominus
2272 2694 2584 2763 perfruerer
2619 2696 2892 2764 spirituali
2925 2699 3315 2751 emolumento.
3339 2694 3493 2751 Nunc

1921 2790 2102 2837 autem
2132 2784 2208 2838 ita
2228 2801 2314 2839 me
2341 2786 2533 2852 habeo,
2563 2797 2620 2841 ut
2647 2788 2907 2857 praeclare
2932 2803 3146 2843 mecum
3168 2791 3252 2859 agi
3280 2796 3470 2858 putem

1924 2879 1969 2932 si
2009 2879 2092 2934 vel
2122 2879 2175 2932 in
2210 2880 2383 2949 patria
2423 2888 2603 2933 motus
2632 2880 2904 2935 sustinuere
2935 2881 3163 2949 possim,
3189 2894 3330 2950 quos
3359 2879 3487 2933 mih

1924 2986 2148 3027 necesse
2175 2982 2260 3027 est
2305 2982 2507 3029 nostra:
2552 2975 2803 3042 parmcize
2847 2990 3016 3044 pagos
3044 2974 3288 3029 visitanti
3318 2976 3461 3029 susd

247 3047 882 3120 μεθαὲπισκεπτόμενοιτ
906 3052 968 3116 ἀς
994 3054 1136 3107 κατά
1158 3054 1255 3126 τὴν
1278 3056 1461 3128 χώραν
1495 3057 1653 3128 ἡμῶν
1678 3075 1751 3110 πα
1762 3075 1818 3129 ρ-

1927 3076 2071 3131 pere.
2107 3060 2212 3117 Sed
2243 3072 2298 3118 et
2344 3064 2500 3120 vobis
2545 3063 2807 3119 Dominus
2840 3066 3010 3119 robur
3049 3072 3103 3119 et
3136 3065 3472 3123 alacritatem

243 3141 434 3205 οικίας.
483 3142 645 3195 Ἀλλά
696 3144 967 3217 παράσχοι
1014 3149 1041 3200 ὁ
1084 3148 1287 3218 Κύριος
1348 3151 1442 3202 καὶ
1480 3150 1606 3221 ὑμῖν
1667 3151 1817 3220 ἰσχὺν

244 3237 334 3289 καὶ
382 3235 715 3308 προθυμίαν,
759 3238 852 3290 καὶ
898 3239 1025 3308 ἐμοὶ
1085 3240 1221 3309 πρὸς
1254 3242 1320 3311 τῇ
1371 3240 1571 3313 σπουδῇ
1605 3240 1716 3310 (85)
1754 3241 1819 3311 ἢν

244 3328 347 3399 ιχω
366 3328 481 3383 νῦν.
505 3331 600 3383 καὶ
621 3330 872 3401 δύναμιν,
890 3331 1052 3395 ὥστε,
1078 3330 1259 3394 καθὼς
1279 3331 1627 3402 παρεκάλεσα
1653 3334 1816 3403 ὑμᾶς,

246 3420 775 3490 πραγματεύσασθαι
819 3424 950 3494 ἡμῖν
996 3424 1095 3493 τὴν
1139 3423 1472 3487 ἀπόλαυσιν,
1508 3424 1821 3494 γενομένοις

247 3514 333 3565 ἐπὶ
360 3515 459 3584 τῆς
509 3516 826 3586 Κομανικῆς
856 3516 1091 3585 ὲνορίας.
1136 3516 1410 3587 Φοϐοῦμαι
1455 3517 1511 3570 δὲ
1566 3518 1821 3589 περὶτῆς

249 3608 343 3676 σῆς
366 3609 745 3678 κοσμιότητος,
774 3609 952 3679 μήπου
984 3625 1068 3662 σοι
1093 3610 1349 3679 ἐμπόδιον
1379 3609 1601 3679 γένηται
1629 3613 1661 3680 ἡ
1696 3612 1822 3679 περὶ

245 3698 350 3753 τῶν
396 3701 615 3753 οἰκείων
648 3693 816 3769 λύπη.
862 3702 972 3752 Καὶ
1005 3702 1113 3770 γὰρ
1164 3699 1386 3770 ἔμαθον,
1426 3702 1508 3753 ὃτι
1550 3718 1609 3753 σε
1638 3701 1818 3769 ἑθλιψε

252 3792 459 3846 παιδίου
496 3792 717 3863 τελευτή
742 3810 753 3822 ·
790 3787 850 3847 οῦ
899 3792 997 3863 τὴν
1028 3792 1305 3863 στέρησιν,
1342 3792 1416 3856 ὼς
1449 3793 1545 3862 μὲν
1588 3793 1819 3863 πάππῳ,

248 3884 494 3954 λυπηρὰν
529 3885 674 3947 εἰκὸς
706 3880 866 3941 εἶναι.
899 3884 974 3947 ὼς
1008 3884 1065 3936 δὲ
1093 3884 1246 3954 ἀνδρὶ
1276 3884 1410 3955 πρὸς
1441 3883 1692 3937 τοσοῦτον
1720 3883 1820 3955 ήδη

248 3975 595 4047 διαϐεϐηκότι
618 3976 715 4045 τῆς
736 3975 957 4046 ἀρετῆς,
988 3976 1080 4028 καὶ
1105 3975 1453 4045 ἐπισταμένῳ
1476 3973 1582 4027 τῶν
1610 3973 1823 4045 ἀνθρω-

250 4068 415 4121 πίνων
452 4068 556 4139 τὴν
591 4066 751 4136 φύσιν
782 4068 845 4120 ἐκ
868 4068 968 4137 τῆς
1000 4068 1141 4120 κῖτά
1176 4068 1265 4120 τὸν
1295 4067 1483 4138 χρόνον
1510 4067 1820 4139 ἐμπειρίας,

249 4160 340 4213 καὶ
366 4161 429 4213 ἐκ
465 4160 566 4230 τῆς
597 4160 976 4231 πνευματικῆς
1010 4160 1378 4225 διδασκαλίας,
1418 4159 1711 4213 ἀκόλουθον
1747 4161 1820 4231 μὴ

247 4254 422 4323 πάντη
467 4254 735 4325 δύσφορον
779 4250 921 4308 εἶναι
965 4254 1074 4306 τῶν
1122 4255 1473 4307 οἰκειοτάτων
1522 4255 1609 4307 τὸν
1655 4270 1820 4324 χωρι-

251 4344 402 4414 σμόν.
451 4346 565 4398 Καὶ
605 4345 713 4417 γὰρ
755 4346 817 4397 οὐ
864 4345 931 4397 τά
979 4345 1119 4398 αὺτά
1170 4346 1394 4398 ἀπαιτεῖ
1440 4347 1586 4416 ἡμᾶς
1630 4363 1689 4397 τε
1729 4345 1823 4397 καὶ

250 4437 372 4498 τοὺς
397 4436 658 4507 τυχόντας
683 4437 792 4489 τῶν
819 4436 1122 4507 ἀνθρώπων
1154 4440 1183 4491 ὁ
1223 4436 1447 4508 Κύριος.
1480 4438 1543 4490 Οἱ
1577 4437 1676 4507 μὲν
1713 4435 1821 4507 γὰρ

255 4528 510 4599 συνηθείᾳ
554 4528 748 4592 ζῶσιν·
780 4531 942 4599 ἡμεῖς
983 4529 1039 4582 δὲ
1085 4531 1269 4583 κανόνι
1303 4530 1403 4599 τῆς
1451 4530 1722 4594 πολιτείας
1755 4534 1819 4603 τῇ

252 4618 437 4691 ἐντολῇ
474 4620 568 4672 τοῦ
609 4621 810 4692 Κυρίου
844 4621 1181 4693 κεχρήμεθα,
1218 4622 1310 4674 καὶ
1348 4624 1459 4684 τοῖς
1494 4622 1821 4692 προλαϐοῦσι

478 4771 588 4847 ῥῷ.
622 4773 880 4847 Nonnulli
913 4791 1047 4832 mss.
1077 4776 1208 4847 δῴη.

322 4841 434 4913 (⁷81)
481 4845 984 4914 Ἀπαλλαγέντας.
1021 4849 1097 4900 ita

256 5050 517 5119 λαγεῖσιν,
548 5063 609 5106 ut
643 5055 844 5109 habent
876 5057 1027 5110 editi.

325 5121 438 5195 (82)
485 5124 764 5192 ’ωπιδίφ
788 5126 1119 5195 ἐπισκόπῳ.
1155 5127 1314 5184 Hunc
1349 5131 1568 5184 titulum
1609 5134 1689 5185 sic
1729 5149 1819 5187 re-

258 5194 581 5268 posuimus1
609 5196 746 5268 quia
784 5196 837 5249 in
883 5194 1073 5251 tribus
1105 5201 1505 5268 antiquissimis
1536 5202 1821 5258 codicibus

259 5263 492 5337 tegimur
502 5264 592 5335 Τῷ
609 5265 755 5335 αὐτῷ
771 5268 1219 5337 παραμυθητική·
1240 5263 1421 5324 Eidem
1441 5274 1817 5327 consolatorie.

260 5329 523 5410 Praecedit
541 5329 747 5410 _'a_u_te_ni
791 5329 979 5410 inlhis
1007 5329 1289 5395 codicibus
1326 5343 1557 5410 epistola
1603 5342 1712 5398 205
1752 5344 1820 5397 ad

260 5404 831 5480 eumdemﬁlpidium.
858 5405 1018 5480 Deest
1045 5410 1289 5480 episcopi
1327 5404 1429 5464 vox
1456 5412 1511 5465 in
1541 5411 1722 5467 editis.
1754 5412 1827 5468 At.

262 5472 317 5562 ira
357 5472 642 5562 codicibus
667 5474 812 5562 'Vat.
837 5485 891 5559 et
938 5472 1278 5562 Regfpri‘mo
1310 5481 1774 5562 legitur_tantu_m
1805 5506 1816 5537 ;

261 5543 725 5618 μαραμυθητική,
755 5548 963 5602 omisso
999 5543 1196 5618 Elpidii
1242 5543 1483 5605 nomine.
1523 5549 1582 5605 ln
1627 5553 1820 5607 codice

264 5613 429 5691 ειεςξσ
453 5613 1112 5691 secundolegiturszépqi
1133 5622 1294 5691 ὁμοία
1324 5623 1415 5675 ἐπὶ
1434 5621 1658 5691 ἐκγόνου
1684 5624 1821 5676 ἀπο-

264 5637 427 5682 magno
453 5637 693 5670 secundo
718 5637 910 5688 regitur
938 5637 1112 5690 ετερῳ
1133 5637 1294 5746 οὲοια
1324 5637 1415 5675 επι
1434 5637 1658 5691 εκγονου
1684 5637 1814 5676 απο-

264 5681 413 5755 6ολῇ,
437 5694 492 5741 et
516 5686 570 5741 in
588 5686 775 5744 codice
809 5687 1136 5747 Parisiensis
1212 5692 1454 5748 cclesiz:
1478 5692 1814 5765 Παραμυθη-

1183 4848 1270 4921 ed.
1297 4857 1351 4902 et
1378 4848 1527 4902 Harl.
1556 4864 1676 4919 quae
1701 4851 1822 4921 qui-

257 4910 374 4966 dem
401 4910 676 4984 scriptura
701 4910 903 4970 Basilio
925 4910 1122 4971 usitata
1147 4927 1201 4972 et
1225 4918 1536 4984 familiaris,
1561 4910 1654 4975 sed
1680 4910 1823 4976 a're-

256 4983 595 5038 centioribus
624 4986 860 5040 librariis
884 4986 1096 5042 videtur
1117 4988 1289 5045 fuisse
1322 4998 1529 5044 mutata
1561 4994 1621 5045 in
1654 4993 1823 5045 ἀπαλ-

1921 3164 1974 3208 et
2009 3154 2139 3208 mihi
2176 3163 2372 3225 praeter
2409 3156 2686 3223 studium,
2715 3158 2862 3227 quod
2909 3171 3051 3211 nunc
3083 3156 3247 3227 309
3289 3156 3467 3213 habeo

1924 3245 2187 3317 largiatur
2215 3256 2267 3302 et
2300 3250 2479 3313 vires,
2528 3258 2609 3313 ut,
2642 3250 3107 3319 quemadmodum
3152 3265 3249 3304 vos
3288 3250 3493 3320 rogavi,

1924 3342 2016 3395 fiat
2046 3343 2178 3397 mihi
2219 3343 2376 3412 copia
2420 3346 2573 3399 vobis
2602 3345 2816 3401 fruendi
2838 3386 2852 3410 ,
2893 3361 3018 3400 cum
3052 3348 3106 3400 in
3145 3345 3280 3402 lines
3303 3345 3500 3402 Coma-

1923 3435 2076 3490 nicos
2102 3450 2319 3490 venero.
2352 3434 2530 3491 Metuo
2562 3447 2743 3492 autem
2769 3447 2875 3493 tum
2903 3437 3178 3509 dignitati,
3212 3453 3280 3493 ne
3312 3448 3365 3493 te
3397 3438 3469 3492 do

1920 3528 2185 3583 mesticus
2214 3528 2372 3582 dolor
2403 3528 2736 3599 interpellet.
2774 3529 2946 3585 Didici
2979 3546 3214 3601 namque
3237 3529 3495 3586 afﬂictum

1922 3626 1975 3673 te
2010 3619 2180 3673 fuisse
2215 3619 2364 3674 ﬁlioli
2409 3621 2632 3675 interitu
2669 3640 2682 3675 :
2721 3620 2884 3690 cujus
2922 3622 3229 3690 jacturam,
3281 3633 3341 3676 ut
3373 3636 3494 3684 avo.

1925 3709 2210 3763 molestam
2251 3711 2473 3781 quidem
2503 3727 2629 3768 esse
2659 3728 2757 3783 par
2789 3722 2906 3774 est;
2946 3714 3041 3768 sed
3076 3720 3136 3767 ut
3167 3714 3286 3767 viro
3315 3722 3496 3770 tantos

1919 3795 2029 3865 jam
2075 3796 2130 3850 in
2178 3798 2382 3853 virtute
2427 3816 2753 3871 progressus
2786 3802 3016 3871 adepto,
3052 3814 3109 3858 et
3156 3811 3499 3873 perspectam

1924 3887 2143 3943 habenti
2174 3907 2355 3946 rerum
2398 3893 2760 3949 humanarum
2806 3903 3060 3948 naturam
3100 3903 3213 3948 tum
3257 3908 3325 3948 ex
3363 3902 3501 3948 tem‘

1924 3981 2074 4050 poris
2100 3984 2459 4051 experientia,
2492 3993 2605 4038 tum
2637 4000 2703 4040 ex
2747 3985 3019 4054 spirituali
3060 3985 3330 4049 doctrina,
3364 4000 3471 4040 con

1925 4081 2248 4128 sentaneum
2281 4084 2367 4128 est
2393 4075 2791 4130 intolerabilem
2824 4092 2934 4131 non
2956 4092 3079 4131 esse
3103 4075 3495 4147 propinquissi-

1925 4178 2140 4217 morum
2195 4164 2645 4233 disjunctionem.
2698 4164 2816 4221 Non
2866 4166 3011 4221 enim
3065 4166 3204 4221 idem
3255 4181 3287 4221 a
3342 4165 3513 4222 nobis

1925 4255 2190 4313 Dominus
2217 4259 2495 4327 exposcit,
2535 4258 2684 4329 quod
2718 4274 2749 4312 a
2775 4260 3114 4329 quibuslibet
3157 4258 3494 4315 hominibus.

1926 4345 1994 4401 Hi
2046 4349 2191 4402 enim
2236 4350 2429 4402 vivunt
2477 4363 2543 4404 ex
2599 4349 3000 4405 consuetudine
3043 4368 3054 4403 :
3098 4348 3260 4404 nobis
3315 4357 3512 4404 autem-

1926 4438 2143 4493 vivendi
2192 4441 2410 4510 regula,
2466 4440 2681 4494 Domini
2728 4451 3060 4512 praeceptum
3111 4457 3176 4496 ac
3224 4441 3518 4510 praeteritam

1926 4532 2209 4588 beatorum
2265 4534 2507 4587 virorum
2566 4534 2842 4604 exempla,
2894 4548 3127 4603 quorum
3179 4532 3507 4601 magnitudo

1926 4624 2094 4678 animi
2145 4624 2392 4681 adversis
2432 4626 2771 4696 temporibus
2800 4626 3039 4680 maxime
3083 4623 3362 4679 declarata
3390 4630 3495 4676 est.

1925 4784 2050 4861 τική
2080 4800 2185 4836 τινι
2214 4784 2310 4836 ἐπὶ
2337 4784 2570 4861 ἐκγόνου.
2596 4783 2858 4855 ἀποϐολῇ·
2890 4782 3115 4861 Cnidum
3141 4781 3522 4861 consolatoriis

1926 4853 1988 4905 ob
2028 4857 2501 4932 mortem__nepotis.
2538 4854 2739 4909 Praeter
2774 4853 3154 4932 auctoritatem
3187 4853 3499 4932 vetustissi-

1925 4937 2139 5001 morum
2169 4924 2636 5001 codicum._tanta
2670 4933 2774 5001 est_
2802 4925 3149 5001 necessitudo
3202 4921 3329 4975 huic
3376 4921 3497 5001 epi-

1926 4995 2079 5073 stolae
2115 5009 2239 5073 cum
2270 4996 2617 5073 praecedenti,
2645 5003 2703 5048 ut
2745 4994 2972 5073 dubium
3003 5008 3126 5073 esse
3158 5007 3262 5045 non
3297 4990 3493 5061 possit,

1924 5063 2154 5135 quinﬂad
2183 5064 2450 5133 Elpidium
2477 5068 2791 5135 episcopum
2824 5066 3028 5135 scripta
3059 5066 3149 5117 sit.

1998 5134 2108 5204 (85)
2149 5137 2310 5189 Κατὰ
2336 5133 2680 5189 νοῦν-[Πανί.
2717 5135 2857 5187 κατά
2890 5133 3034 5204 ῥοῦν.

1995 5199 2548 5274 (84μ)Πνευματικο-ῦ.
2569 5199 2935 5258 Editiaddunt
2955 5204 3148 5256 τούτου
3174 5199 3321 5271 quod
3342 5200 3497 5255 deest

1924 5290 1980 5328 In
2010 5290 2105 5328 sex
2142 5290 2275 5329 mss.

1994 5344 2105 5414 (85)
2146 5347 2301 5413 Πρὸς
2330 5344 2404 5413 τῇ
2436 5343 2701 5412 σπουδῇ.
2738 5343 2816 5414 l_ta
2851 5352 2965 5398 tres
2996 5341 3360 5397 vetustissimi
3382 5356 3495 5414 co-

1923 5411 2095 5484 dices
2119 5411 2242 5468 cuin
2282 5411 2526 5483 pluribus
2563 5416 2705 5469 aliis.
2736 5411 2879 5466 Editi
2928 5414 3063 5484 πρὸς
3100 5412 3494 5484 τὴνίσπουδῄν.

1922 5482 2092 5537 Paulo
2122 5481 2461 5563 pust_iidenL
2473 5485 2605 5563 editi
2625 5481 3181 5563 ’πραγματεύσασθαι
3208 5481 3499 5563 ὑμῖν.“ῌοτ

1923 5569 2045 5676 vim
2079 5551 2212 5609 mss.
2240 5555 2377 5676 ἑῆυῖν
2429 5553 2676 5610 Subinde
2696 5551 2965 5609 'sex'mss.
2994 5554 3067 5625 μή
3096 5570 3201 5606 που
3224 5551 3327 5607 σοί.
3353 5551 3496 5607 Editi

1926 5641 1965 5676 u.
2030 5640 2145 5676 πως
2176 5641 2236 5676 σο
2263 5665 2276 5676 .

1925 5624 1999 5696 μή
2030 5640 2145 5696 πως
2176 5624 2276 5696 σοξέ

2055 5695 2206 5751 Alias
2230 5690 2592 5753 CCCXLVIII.
2629 5694 2847 5767 Scripta
2868 5710 3011 5751 anno
3036 5695 3160 5752 575.
