3948 6214
297 326 390 380 τοι
1205 290 1696 383 EPISTOLARUM
1737 326 1869 382 CLA

1977 326 2029 383 lS
2067 326 2130 383 ll.
2171 326 2390 383 EPIST.
2433 326 2637 383 CCVII.
3449 327 3552 383 76?.

294 446 386 498 ἐπὶ
406 447 518 508 τοῖς
543 447 794 515 πονηροῖς
824 443 1084 515 δόγμασιν
1129 446 1337 500 ἑαυτῶν
1365 448 1474 519 (91)
1508 446 1726 518 ἔλεγχον
1771 447 1869 515 ὑφ-

1978 449 2485 512 comminiscantur,
2541 446 2850 502 doctrinam
2884 456 3129 500 nostram
3175 454 3236 499 ut
3279 445 3552 515 pernicio-

292 533 594 605 ορώμενοι·;
625 536 691 589 Οἵ
713 552 777 604 γε
804 534 897 586 ἐπὶ
935 534 1189 589 τοσοῦτον
1219 537 1374 608 ἡμῶν
1400 537 1869 608 κατηναισχύντη-

294 646 413 688 σαν,
443 627 585 681 ὥστε
620 628 714 681 καὶ
759 627 1002 699 ὀνείρους
1030 631 1181 693 τινὰς
1222 631 1306 699 ἐφ’
1344 632 1490 701 ἡμᾶς
1530 630 1867 700 συμπλάσαι,

290 717 667 782 διαϐάλλοντες
700 718 855 789 ἡμῶν
890 718 988 783 τὰς
1040 718 1413 785 διδασκαλίας,
1442 721 1516 784 ὡς
1565 720 1831 791 βλαϐεράς
1852 736 1866 750 ·

291 812 363 873 vi,
397 812 501 865 κᾶν
531 813 707 866 πάντα
734 813 801 866 τὰ
837 813 944 865 τῶν
989 813 1297 883 φυλλοχόων
1330 815 1515 886 μηνῶν
1547 816 1868 885 φαντάσμα-

287 921 361 958 τα
416 908 539 968 ταῖς
594 906 801 958 ἑαυτῶν
852 906 1116 975 κεφαλαῖς
1167 905 1567 970 ὑποδέξωνται,
1613 906 1868 975 οὐδεμίαν

1978 555 2094 595 sam
2140 540 2539 594 calumniantes
2579 558 2591 592 :
2627 539 2720 609 qui
2768 539 2984 593 etiamsi
3029 539 3211 592 omnia
3260 539 3550 599 mensium,

1978 631 2176 700 quibus
2210 629 2337 683 folia
2369 631 2607 693 cadunt,
2651 629 2863 683 somnia
2904 637 2957 683 et
2986 629 3101 683 visa
3133 628 3405 697 capitibus
3438 628 3554 683 suis

1977 723 2257 790 colligant,
2290 721 2499 774 nullum
2530 721 2689 774 nobis
2728 721 2987 789 probrum
3018 727 3273 789 poterunt
3312 719 3550 780 inurere,

1977 827 2100 866 cum
2138 812 2321 881 plures
2355 813 2464 866 sint
2507 812 2563 864 in
2613 826 2942 881 unaquaque
2975 811 3251 875 Ecclesia,
3280 811 3372 880 qui
3402 811 3555 866 testi-

1979 905 2223 958 monium
2260 904 2391 956 dent
2419 904 2654 958 veritati.

292 999 425 1070 ἡμῖν
453 1000 796 1071 βλασφημίαν
823 1000 1140 1071 δυνήσονται
1163 1001 1622 1074 προστρίψασθαι,
1655 1002 1865 1055 πολλῶν
1898 1001 2068 1054 ὄντων
2117 999 2224 1053 τῶν
2283 1000 2394 1069 (92)
2431 1000 2514 1068 ἐφ’
2544 1000 2780 1071 ἑκάστης
2841 1000 3164 1071 Ἐκκλησίας
3219 1000 3555 1071 μαρτυρούν-

289 1106 402 1143 των
432 1095 498 1162 τῇ
528 1090 774 1163 ἀληθείᾳ.

366 1181 420 1235 Ξ.
453 1182 571 1237 Κᾶν
594 1183 691 1253 τὴν
716 1186 894 1239 αἰτίαν
923 1186 1240 1257 ὲρωτηθῶσι
1281 1187 1377 1241 τοῦ
1408 1188 1721 1259 ἀκηρύκτου
1752 1188 1872 1242 τοὺ-

293 1288 388 1325 του
443 1272 538 1325 καὶ
577 1274 841 1327 ἀσπόνδου
894 1277 1154 1347 πολέμου,
1203 1278 1452 1349 ψαλμοὺς
1505 1279 1721 1346 λέγουσι
1782 1281 1875 1333 καὶ

294 1362 497 1433 τρόπον
546 1366 811 1437 μελῳδίας
843 1370 940 1438 τῆς
983 1372 1114 1440 παρ’
1161 1372 1287 1441 ὑμῖν
1328 1371 1436 1441 (95)
1470 1372 1873 1443 κεκρατηκυίας

299 1455 588 1529 συνηθείας
631 1459 1103 1529 παρηλλαγμένον,
1135 1463 1227 1516 καὶ
1252 1462 1474 1516 τοιαῦτά
1500 1481 1640 1527 τινα,
1677 1465 1759 1531 ἐφ’
1793 1457 1874 1527 οἷς

296 1547 466 1618 ἐχρῆν
494 1549 691 1613 αὐτοὺς
732 1550 1187 1614 ὲγκαλύπτεσθαι.
1223 1553 1633 1625 Ἐγκαλούμεθα
1676 1554 1754 1617 δὲ,
1793 1556 1873 1607 ὅτι

296 1638 394 1692 καὶ
423 1639 739 1711 ἀνθρώπους
776 1643 973 1714 ἔχομεν
996 1644 1095 1714 τῆς
1126 1644 1409 1709 εὐσεϐείας
1444 1646 1709 1717 ἀσκητάς,
1736 1647 1869 1699 ἀπο-

294 1727 633 1800 ταξαμένους
665 1731 742 1802 τῷ
774 1733 997 1804 κόσμῳ,
1040 1737 1134 1789 καὶ
1183 1739 1383 1809 πάσαις
1417 1740 1539 1800 ταῖς
1592 1737 1869 1806 βιωτικαῖς

2041 1182 2096 1236 2.
2131 1181 2284 1248 Quod
2337 1197 2381 1235 sn
2429 1196 2652 1236 causam
2700 1189 2959 1251 rogentur
3010 1181 3366 1251 implacabilis
3406 1183 3554 1239 illius

1972 1282 2027 1330 et
2074 1275 2426 1344 inexpiabilis
2463 1273 2617 1337 belli,
2671 1276 2911 1343 psalmos
2940 1274 3160 1337 dicunt,
3212 1284 3264 1329 et
3308 1276 3555 1331 melodiae

1975 1369 2196 1423 modum
2246 1383 2275 1421 a
2327 1366 2761 1429 consuetudine,
2808 1383 2928 1436 qum
2959 1366 3099 1436 apud
3148 1384 3245 1423 vos
3292 1368 3551 1435 invaluit,

1975 1460 2283 1521 diversum,
2313 1466 2367 1510 ct
2417 1458 2664 1526 qumdam
2707 1456 3014 1526 ejusmodi,
3056 1473 3287 1526 quorum
3332 1474 3427 1514 eos
3457 1476 3555 1529 par

1974 1560 2093 1605 erat
2139 1550 2363 1619 pudere.
2419 1547 2747 1602 lncusamur
2799 1557 3015 1607 autem.
3066 1548 3210 1618 quod
3259 1551 3420 1603 etiam
3457 1552 3555 1606 ho-

1978 1642 2152 1696 mines
2201 1641 2503 1695 habeamus
2552 1639 2777 1709 pietatis
2828 1640 3102 1702 cultores,
3154 1641 3245 1709 qui
3297 1642 3553 1695 nuntium

1976 1736 2310 1789 remiserunt
2356 1733 2560 1787 mundo
2608 1741 2661 1786 et
2703 1733 2960 1786 omnibus
2991 1734 3174 1787 saeculi
3204 1734 3386 1792 curis.
3417 1750 3555 1804 quas

299 1820 592 1891 μερίμναις
622 1862 636 1882 ,
682 1822 748 1885 ἀς
799 1823 1063 1888 ἀκάνθαις
1104 1827 1429 1897 παρεικάζει
1470 1831 1497 1880 ό
1530 1828 1761 1898 Κύριος,
1797 1829 1869 1890 εἰς

1979 1826 2152 1895 spinis
2206 1832 2491 1894 comparat
2549 1823 2852 1889 Dominus,
2912 1824 3137 1878 verbum
3190 1825 3256 1878 ad
3315 1823 3553 1877 fructum

296 1914 676 1983 καρποφορίαν
706 1915 878 1968 ἐλθεῖν
905 1916 1012 1988 (94)
1036 1918 1124 1970 τὸν
1146 1918 1302 1987 λόγον
1337 1919 1411 1991 μὴ
1441 1919 1869 1991 συγχωρούσαις.

294 2005 361 2057 Ol
391 2004 624 2058 τοιοῦτοι
656 2006 753 2079 τὴν
782 2011 1079 2080 νεκρότητα
1111 2010 1204 2063 τοῦ
1249 2011 1424 2082 Ἰησοῦ
1452 2014 1508 2064 ὲν
1548 2011 1626 2082 τῷ
1662 2010 1873 2080 σώματι

294 2096 688 2168 περιφέρουσιο
746 2100 841 2153 καὶ
893 2101 1125 2172 ἄραντες
1178 2103 1268 2155 τὸν
1321 2104 1532 2157 ἑαυτῶν
1597 2105 1869 2172 σταυρὸν,

292 2184 520 2240 ἕπονται
561 2187 639 2258 τῷ
688 2189 825 2259 Θεῷ.
861 2191 1003 2259 Ἐγὼ
1053 2192 1110 2245 δὲ
1160 2194 1359 2257 παντὸς
1409 2193 1473 2246 ἂν
1529 2195 1872 2265 τιμησαίμην

291 2277 391 2329 τοῦ
430 2280 667 2348 ἐμαυτοῦ
700 2278 838 2349 βίου,
888 2283 997 2352 ὲμά
1033 2279 1170 2336 εἶναι
1204 2285 1272 2336 τὰ
1315 2284 1628 2355 ἀδικήματα
1675 2284 1871 2349 ταῦτα,

292 2367 391 2419 καὶ
420 2367 564 2437 ἔχειν
605 2370 805 2442 ἄνδρας
835 2374 965 2443 παρ’
993 2373 1235 2443 ἐμαυτῷ,
1281 2375 1369 2426 ὑπ’
1396 2376 1518 2444 ἐμοὶ
1546 2374 1870 2444 διδασκάλῳ,

289 2458 395 2528 τὴν
448 2460 680 2528 ἄσκησιν
723 2462 926 2535 ταύτην
961 2462 1380 2533 προελομένους.
1428 2463 1542 2516 Νῦν
1580 2464 1635 2516 δὲ
1671 2466 1726 2516 ὲν
1776 2466 1872 2516 Αί-

290 2548 487 2620 γύπτῳ
522 2552 621 2620 μὲν
664 2553 848 2608 ἀκούω
891 2553 1148 2624 τοιαῦτην
1195 2551 1334 2608 εἶναι
1377 2555 1587 2627 ἀνδρῶν
1632 2557 1868 2628 ἀρετήν·

283 2641 391 2692 τεαὶ
427 2644 565 2712 τάχα
602 2645 746 2708 τινὲς
776 2648 873 2698 καὶ
905 2647 997 2699 ἐπὶ
1044 2650 1141 2719 τῆς
1190 2646 1549 2717 Παλαιστίνης
1594 2647 1691 2718 τὴν
1733 2646 1873 2700 κατὰ

288 2732 357 2784 τὸ
406 2733 735 2802 Εὐαγγέλιον
792 2736 1063 2789 πολιτείαν
1115 2737 1492 2804 κατορθοῦσιν.
1555 2737 1763 2791 Ἀκούω
1814 2738 1872 2791 δέ

287 2839 450 2886 τινας
480 2825 574 2875 καὶ
599 2824 692 2877 ἐπὶ
730 2829 828 2897 τῆς
860 2826 1047 2896 Μέσης
1069 2827 1179 2879 τῶν
1218 2828 1479 2898 ποταμῶν
1508 2827 1745 2889 τελείους
1776 2826 1872 2880 καὶ

293 2913 602 2983 μακαρίους
637 2913 860 2983 ἄνδρας.
896 2915 1085 2986 Ἡμεῖς
1132 2915 1189 2968 δὲ
1219 2916 1404 2978 παῖδές
1439 2918 1604 2987 ἐσμεν
1644 2916 1779 2988 πρός
1806 2933 1870 2984 γε

287 2998 396 3071 τήν
443 3002 553 3055 τῶν
600 3003 820 3057 τελείων
876 3003 1183 3076 σύγκρισιν.
1234 3005 1297 3056 Εἰ
1354 3005 1409 3057 δὲ
1469 3007 1563 3059 καὶ
1611 3009 1871 3073 γυναῖκες

286 3092 664 3161 εὖαγγελικῶς
691 3093 790 3167 ζῇν
817 3095 1201 3168 προελόμεναι,
1235 3097 1528 3170 παρθενίαν
1558 3099 1654 3168 μὲν
1689 3098 1869 3169 γάμου

288 3185 662 3257 πρατιμῶσαι,
695 3166 1138 3257 δουλαγωγοῦσαι
1167 3188 1276 3259 (95)
1307 3166 1365 3242 δὲ
1402 3190 1464 3243 τὸ
1496 3166 1748 3261 φρόνημα
1770 3166 1869 3259 τῆς
1896 3166 1942 3227 C

289 3277 532 3349 σαρκὸς,
582 3278 677 3331 καὶ
725 3281 783 3332 ὲν
819 3279 1005 3333 πένθει
1055 3280 1227 3344 ζῶσαι
1272 3280 1350 3351 τῷ
1408 3279 1869 3351 μακαριζομένῳ,

290 3372 568 3444 μακάριαι
600 3374 697 3445 τῆς
732 3374 1104 3445 προαιρέσεως
1126 3415 1141 3439 ,
1180 3375 1314 3427 ὅπου
1357 3373 1421 3427 ἂν
1454 3367 1554 3427 ὦσι
1602 3374 1700 3445 τῆς
1746 3375 1869 3443 γῆς.

288 3464 454 3536 Παρά
482 3465 537 3518 δὲ
568 3467 699 3537 ἡμῖν
725 3466 837 3537 (96)
898 3467 1072 3537 μικρὰ
1104 3465 1298 3531 ταῦτα,
1350 3466 1747 3537 στοιχουμένων
1785 3466 1866 3519 ἔτι

287 3557 388 3610 καὶ
444 3558 811 3629 εἰσαγομένων
855 3558 990 3627 πρὸς
1040 3558 1138 3629 τὴν
1182 3558 1484 3612 εὐσέϐειαν.
1510 3560 1595 3612 ‘Ei
1645 3559 1702 3612 δέ
1744 3576 1867 3613 τινα

285 3650 573 3721 ἀκοσμίαν
612 3653 690 3721 τῷ
736 3650 834 3721 βίῳ
861 3650 969 3717 τῶν
994 3650 1271 3720 γυναικῶν
1312 3653 1701 3723 ἐπιφέρουσιν,
1734 3653 1870 3706 ἀπο-

286 3744 574 3812 λογεῖσθαι
626 3743 725 3814 μὲν
762 3744 901 3814 ὑπὲρ
932 3742 1113 3796 αὐτῶν
1150 3743 1212 3795 οὐ
1263 3743 1662 3815 καταδέχομαι·
1696 3745 1873 3797 έκεῖνο

285 3836 350 3890 δὲ
380 3837 507 3905 ὑμῖν
535 3834 998 3907 διαμαρτύρομαι,
1028 3835 1112 3887 ὅτι
1145 3835 1181 3888 ἃ
1225 3834 1387 3905 μέχρι
1431 3834 1526 3887 νῦν
1566 3836 1593 3888 ὁ
1626 3835 1872 3897 Σατανᾶς

286 3929 321 3979 ὁ
351 3926 535 3998 πατὴρ
576 3926 671 3979 τοῦ
719 3926 946 3995 ψεύδους
975 3928 1148 3979 εἰπεῖν
1197 3928 1257 3980 οὐ
1304 3925 1652 3990 κατεδέξατο,
1696 3927 1872 3980 ταῦτα

288 4020 351 4071 αἱ
411 4017 604 4086 ἄφοϐοι
661 4019 918 4088 καρδίαι,
979 4019 1074 4072 καὶ
1128 4017 1196 4071 τὰ
1262 4018 1571 4088 ἀχαλίνωτα
1628 4018 1871 4089 στόματα

287 4111 381 4163 ἀεὶ
409 4109 521 4180 (97)
556 4109 854 4177 φθέγγεται
900 4109 1092 4173 ἀδεῶς.
1133 4109 1428 4162 Γινώσκειν
1470 4110 1527 4162 δὲ
1570 4110 1714 4180 ὑμᾶς
1746 4108 1869 4179 βού-

285 4200 477 4272 λομαι,
511 4201 594 4258 ὅτι
626 4202 787 4271 ἡμεῖς
815 4201 1088 4270 εὐχόμεθα
1121 4201 1216 4255 καὶ
1243 4200 1454 4272 ἀνδρῶν
1480 4200 1868 4269 καὶγυναικῶν
1894 4242 1895 4245 η

290 4289 651 4361 συντάγματα
686 4290 797 4360 (98)
833 4290 1010 4362 ἔχειν·
1052 4284 1127 4344 ὧν
1158 4291 1219 4344 τὸ
1272 4291 1579 4362 πολίτευμά
1623 4293 1767 4344 ἐστιν
1809 4293 1868 4344 ὲν

284 4383 560 4455 οὐρανοῖς,
609 4382 719 4435 τῶν
747 4383 846 4454 τὴν
906 4383 1087 4453 σάρκα
1139 4385 1568 4455 σταυρωσάντων
1616 4385 1711 4437 σὺν
1757 4386 1868 4445 τοῖς

287 4474 583 4545 παθήμασι
632 4476 728 4528 καὶ
777 4478 898 4538 ταῖς
948 4475 1298 4545 ἐπιθυμίαις·
1348 4475 1395 4528 οἳ
1451 4476 1510 4528 οὐ
1564 4475 1867 4546 μεριμνῶσι

287 4568 423 4637 περὶ
457 4566 763 4637 βρωμάτων
793 4569 889 4619 καὶ
923 4567 1234 4637 ἐνδυμάτων
1258 4584 1270 4597 ·
1310 4568 1424 4622 ἀλλ’
1463 4568 1866 4638 ἀπερίσπαστοι

286 4657 445 4722 ὕντες
479 4661 575 4712 καὶ
602 4659 927 4731 εὐπάρεδροι
953 4659 1032 4730 τῷ
1061 4661 1273 4731 Κυρίῳ,
1307 4661 1503 4723 νυκτὸς
1533 4660 1626 4713 καὶ
1654 4660 1868 4730 ἡμέρας

290 4752 660 4822 προσμένουσι
686 4753 807 4815 ταῖς
830 4752 1098 4822 δεήσεσιν.
1124 4745 1224 4804 ’Ὧν
1252 4752 1311 4804 τὸ
1342 4752 1516 4825 στόμα
1539 4752 1598 4805 οὐ
1622 4752 1773 4805 λαλεῖ
1799 4749 1868 4802 τὰ

287 4844 430 4914 ἔργα
460 4842 568 4896 τῶν
594 4842 925 4913 ἀνθρώπων
956 4843 1092 4897 ἀλλά
1113 4843 1405 4912 ψάλλουσιν
1430 4843 1631 4913 ὕμνους
1659 4844 1767 4914 (99)
1789 4842 1867 4912 τῷ

287 4937 413 5007 Θεῷ
449 4936 607 5006 ἡμῶν
638 4935 922 5006 διηνεκῶς,
950 4936 1310 5008 ἐργαζόμενοι
1340 4938 1463 4998 ταῖς
1497 4935 1706 4988 ἑαυτῶν
1739 4952 1866 5006 χερ-

289 5028 403 5092 σὶν,
437 5027 525 5080 ἵνα
550 5025 717 5097 ἔχωσι
750 5027 1088 5097 μεταδιδόναι
1112 5030 1225 5089 τοῖς
1252 5026 1439 5097 χρείαν
1469 5025 1670 5096 ἔχουσι.

366 5140 486 5209 (91)
527 5141 824 5209 Δόγμασιν
852 5138 1098 5192 ἑαυτῶν.
1150 5139 1242 5193 Sic
1271 5151 1381 5192 tres
1414 5139 1576 5191 iidem
1608 5140 1866 5209 vetustis-

289 5210 419 5268 simi
469 5206 714 5265 codices.
785 5208 926 5262 Editi
987 5209 1195 5262 ἑαυτῶν
1256 5209 1603 5278 διδάγμασιν.
1660 5206 1863 5264 Ibidem

289 5282 535 5352 quinque
590 5280 807 5334 codices
842 5296 973 5352 _non
1030 5281 1101 5332 ita
1159 5279 1489 5352 vetustifcov
1524 5280 1751 5352 sumi;

363 5347 476 5423 (92)
518 5352 746 5403 Ὄντων
794 5347 930 5411 τῶν,
965 5357 1097 5423 etc.
1144 5348 1318 5423 Deest
1365 5350 1454 5403 hic
1500 5348 1764 5403 articolus
1808 5350 1863 5404 in

288 5420 532 5493 quatuor
559 5434 691 5493 mss.
721 5436 828 5474 non
865 5420 1287 5493 antiquissimis.
1382 5490 1415 5493 __
1449 5488 1461 5493 _
1500 5468 1503 5469 ν

365 5491 479 5561 (95)
514 5490 627 5559 Τῆς
658 5493 792 5557 παρ’
832 5487 1309 5561 ὑμῖνρΡρειθιῖοι·
1334 5488 1499 5561 editio
1534 5487 1863 5561 Parisiensis

286 5570 345 5616 et
384 5559 537 5619 Bezii
573 5565 680 5615 duo
721 5561 941 5615 codices
963 5576 1027 5614 ac
1071 5559 1240 5614 Coisl.
1288 5559 1564 5614 secundus
1613 5568 1668 5613 et
1704 5559 1858 5613 Harl.

288 5633 531 5688 secunda
557 5646 723 5685 manu
751 5632 849 5698 τῆς
876 5631 1002 5700 παρ’
1034 5632 1183 5700 ἡμῖν.

358 5701 474 5773 (94)
523 5700 774 5755 Ἐλθεῖν.
817 5700 891 5773 Ita
919 5698 1125 5773 septeni
1163 5715 1296 5755 mss.
1322 5698 1470 5773 Edili
1495 5700 1753 5773 ἀνελθεῖν.

363 5767 1030 5836 (95’1Δουλανωγόῦσαι.
1081 5767 1211 5842 Reg.
1271 5771 1545 5827 secundus
1602 5771 1862 5839 δουλαγω-

1976 1916 2259 1972 ferendum
2336 1916 2620 1986 pervenire
2688 1931 2795 1968 non
2871 1916 3202 1970 sinentibus.
3271 1914 3552 1984 Ejusmodi

1976 2008 2224 2063 homines
2262 2005 2739 2060 mortittcationem
2784 2003 2913 2058 Jesu
2965 2005 3017 2057 in
3050 2020 3281 2075 corpore
3318 2006 3554 2059 circum-

1976 2098 2189 2159 ferunt,
2232 2106 2285 2151 et
2313 2111 2533 2150 crucem
2567 2111 2723 2149 suam
2769 2102 3071 2164 portantes,
3108 2094 3276 2148 Deum
3311 2111 3554 2165 sequun—

1975 2196 2084 2242 tur.
2141 2186 2253 2256 Ego
2300 2200 2427 2240 vero
2480 2193 2593 2239 tota
2645 2201 2766 2238 mea
2820 2185 2931 2238 vita
2982 2199 3277 2251 mercarer,
3325 2194 3381 2239 ut
3434 2200 3551 2240 mea

1973 2288 2159 2334 essent
2202 2279 2314 2331 hmo
2361 2276 2599 2342 delicta,
2650 2277 3017 2345 traheremque
3067 2275 3220 2345 apud.
3243 2292 3328 2331 me
3371 2276 3549 2341 viros,

1975 2387 2058 2423 me
2086 2370 2333 2433 doctore,
2367 2370 2511 2424 hanc
2557 2370 2774 2439 pietatis
2805 2369 3254 2423 exercitationem
3292 2369 3552 2438 profiten-

1974 2473 2076 2518 tes.
2114 2462 2269 2517 Nunc
2317 2472 2496 2516 autem
2551 2462 2608 2515 in
2662 2460 2899 2531 Egypto
2945 2461 3163 2530 quidem
3196 2461 3359 2514 audio
3388 2461 3550 2515 talem

1972 2571 2095 2610 esse
2120 2557 2359 2611 virorum
2394 2555 2651 2609 virtutem
2697 2573 2708 2607 :
2754 2569 2816 2607 ac
2851 2553 3087 2609 fortasse
3124 2554 3375 2607 nonnulli
3410 2560 3464 2607 et
3492 2553 3549 2606 in

1974 2647 2261 2702 Palmstina
2292 2646 2663 2715 evangelicam
2686 2646 2852 2699 vitam
2886 2647 3148 2702 excolunt
3182 2660 3195 2696 :
3229 2645 3393 2699 audio
3427 2660 3551 2699 rur-

1973 2755 2067 2795 sus
2100 2740 2314 2808 aliquos
2345 2748 2399 2794 et
2442 2739 2497 2791 in
2530 2737 2921 2807 Mesopotamia
2956 2736 3231 2807 perfectos
3268 2751 3332 2790 ac
3363 2737 3550 2790 beatos

1971 2830 2144 2885 viros.
2172 2829 2280 2886 Nos
2312 2838 2493 2884 autem
2538 2830 2694 2898 pueri
2730 2844 2942 2890 sumus,
2986 2828 3256 2899 siquidem
3284 2842 3407 2880 cum
3433 2842 3552 2896 per-

1974 2922 2129 2977 fectis
2164 2936 2566 2991 comparemur.
2610 2918 2764 2984 Quod
2800 2918 2847 2973 si
2890 2926 2944 2973 et
2985 2919 3242 2973 mulieres
3269 2917 3547 2988 evangeli-

1972 3029 2096 3067 cum
2130 3013 2348 3068 vivendi
2373 3028 2547 3082 genus
2575 3011 2922 3079 profitentur,
2955 3009 3322 3080 virginitatem
3352 3008 3546 3079 praefe-

1972 3111 2155 3159 rentes
2204 3103 2447 3173 nuptiis,
2496 3102 2852 3172 petulantiam
2903 3101 3087 3155 carnis
3136 3100 3442 3172 redigentes
3492 3099 3549 3152 in

1973 3197 2288 3251 servitutem
2356 3202 2409 3249 et
2464 3195 2518 3248 in
2564 3195 2717 3269 luctu
2768 3194 2864 3248 illo
2908 3190 3166 3262 degentes
3218 3191 3311 3261 qui
3358 3190 3550 3244 beatus

1971 3288 2330 3357 praedicatur,
2365 3285 2538 3341 beatae
2574 3293 2702 3341 sunt
2737 3285 2806 3340 ob
2843 3282 3182 3355 propositum
3212 3295 3396 3343 suum,
3431 3277 3552 3332 ubi-

1972 3395 2191 3448 cunque
2248 3379 2451 3434 fuerint
2506 3388 2799 3432 terrarum.
2849 3376 3007 3447 Apud
3052 3390 3153 3430 nos
3204 3382 3383 3427 autem
3436 3371 3549 3424 haec

1972 3487 2139 3542 parva
2182 3479 2236 3526 et
2265 3471 2424 3526 exilia
2455 3478 2609 3535 sunt,
2653 3485 2717 3524 ac
2754 3469 3033 3522 hominum
3072 3465 3249 3518 adhuc
3278 3463 3550 3519 elementa

1971 3562 2326 3626 discentium,
2349 3563 2552 3633 quique
2576 3560 3001 3615 introducuntnr
3024 3557 3091 3612 ad
3130 3558 3401 3627 pietatem.
3427 3552 3548 3608 Jam

1973 3656 2019 3710 si
2043 3655 2174 3725 quid
2221 3653 2510 3709 dedecoris
2537 3655 2661 3707 vitae
2692 3652 2982 3705 mulierum
3032 3649 3296 3712 inferunt,
3325 3660 3420 3701 eas
3451 3643 3548 3699 de-

1973 3742 2200 3799 fendere
2221 3759 2332 3798 non
2362 3744 2519 3799 libet.
2551 3741 2689 3797 Illud
2722 3749 2902 3795 tamen
2932 3740 3087 3794 vobis
3116 3737 3398 3795 testificor.
3423 3750 3547 3805 qua:

1972 3836 2239 3890 hactenus
2269 3843 2422 3905 pater
2453 3832 2724 3887 mendacii
2751 3830 2985 3885 Satanas
3022 3830 3209 3883 dicere
3240 3843 3346 3881 non
3375 3842 3546 3882 ausus

1971 3937 2085 3992 est,
2135 3944 2198 3983 ea
2247 3942 2462 3996 semper
2511 3942 2541 3978 a
2596 3925 2859 3979 cordibus
2908 3930 3085 3977 metus
3130 3919 3446 3991 expertibus
3491 3926 3546 3973 et

1970 4020 2251 4076 effrenatis
2280 4020 2481 4089 linguis
2516 4019 2778 4071 audacter
2817 4016 3019 4070 efferri.
3055 4012 3210 4067 Scire
3245 4018 3424 4065 autem
3448 4026 3546 4065 vos

1970 4112 2113 4174 volo,
2149 4127 2250 4166 nos
2284 4111 2429 4163 laudi
2458 4110 2682 4171 ducere,
2720 4107 2865 4176 quod
2898 4107 3140 4159 virorum
3168 4114 3221 4159 et
3255 4102 3541 4155 mulierum

1969 4215 2148 4258 coetus
2171 4203 2495 4267 habeamus,
2527 4215 2760 4271 quorum
2792 4196 3136 4254 conversatio
3162 4198 3215 4250 in
3240 4194 3396 4249 caelis
3424 4201 3541 4249 est:

1969 4297 2061 4367 qui
2096 4312 2252 4351 suam
2302 4310 2524 4349 carnem
2557 4309 2665 4346 una
2694 4308 2819 4346 cum
2865 4289 3249 4344 atTectionibus
3293 4303 3357 4341 ac
3390 4287 3548 4357 cupi-

1969 4389 2235 4444 ditatibus
2274 4386 2668 4442 crucitixerunt
2696 4404 2709 4438 :
2742 4384 2900 4455 311
2930 4384 3021 4452 qui
3051 4397 3152 4435 nec
3180 4381 3247 4436 de
3273 4381 3412 4435 cibis
3445 4395 3546 4433 nec

1970 4483 2038 4537 de
2070 4479 2410 4535 indumentis
2446 4471 2576 4533 sunt
2612 4476 2858 4538 solliciti,
2895 4474 2988 4529 scd
3018 4474 3241 4527 minime
3271 4470 3542 4533 distracti,

1971 4579 2026 4629 et
2056 4572 2290 4628 Domino
2323 4572 2670 4625 continenter
2699 4576 2968 4628 astantes,
2999 4571 3162 4618 noctu
3193 4562 3395 4631 diuque
3421 4575 3547 4630 per-

1972 4672 2226 4720 severant
2268 4664 2324 4716 in
2364 4662 2730 4718 orationibus.
2766 4658 3013 4725 Quorum
3047 4671 3110 4710 os
3154 4670 3263 4708 non
3304 4651 3546 4721 loquitur

1969 4772 2135 4826 opera
2184 4756 2506 4820 hominum;
2557 4753 2650 4808 scd
2700 4752 2931 4823 hymnos
2967 4749 3076 4803 lleo
3122 4753 3312 4801 nostro
3360 4742 3545 4797 conci-

1971 4858 2105 4901 nunt
2151 4848 2517 4909 continenter,
2551 4854 2842 4915 Operantes
2871 4841 3123 4895 manibus
3167 4838 3302 4901 suis,
3348 4846 3409 4891 ut
3448 4834 3545 4888 ha-

1969 4942 2134 4997 beant
2163 4940 2309 4995 unde
2342 4939 2661 5009 impertiant
2690 4935 3082 5006 indigentibus.

1966 5156 2142 5210 γουσι,
2168 5146 2220 5193 et
2250 5137 2414 5207 paulo
2443 5143 2589 5210 post_
2617 5133 2770 5197 ζῶσι.
2803 5130 2917 5210 ⁵5οὰ
2959 5129 3159 5182 frustra
3187 5123 3537 5210 librariorum

1966 5195 2166 5279 aliquis
2188 5195 2483 5279 emendare
2508 5195 2679 5279 volant
2708 5204 3164 5279 scripturamhon
3192 5195 3462 5279 vitiosam:

2041 5264 2151 5350 (96)
2213 5282 2379 5350 Παρὰ
2424 5275 2736 5350 διιέηήιιῖν.¹
2767 5264 3186 5350 Ειίιρῃιιιινίιιιιιε
3245 5281 3369 5350 ιη)εᾷ
3402 5264 3538 5350 μετέ

1965 5333 2146 5404 ιωεὶιι(
2169 5333 2375 5401 codicis
2401 5355 2456 5400 et
2500 5333 2739 5397 Méilicaei
2776 5341 2921 5409 quod
2952 5333 3451 5409 minus_commode
3484 5336 3539 5387 in

1965 5421 2089 5475 aliis
2111 5428 2164 5474 et
2194 5420 2248 5471 in
2279 5417 2440 5471 editis
2478 5415 2756 5484 legebatur
2784 5405 2942 5484 Παρὰ
2964 5408 3020 5484 δὲ
3052 5405 3226 5484 ἡμῶν..

2036 5491 2148 5559 (97)
2174 5488 2328 5559 (Ἀεί.
2351 5485 2510 5540 Deest
2530 5477 2604 5559 'ea
2637 5499 2740 5539 vox
2778 5485 2833 5536 in
2869 5477 3153 5543 Vaticano,
3181 5477 3312 5548 Reg.
3342 5489 3540 5530 secun-

1965 5554 2117 5615 do'et
2160 5557 2329 5612 Coisl.
2370 5554 2633 5609 secundo.

2034 5629 2144 5701 (98)
2183 5625 2591 5695 Συντάγματα.
2660 5623 2737 5677 lta
2779 5637 2913 5677 mss.
2961 5630 3104 5675 octo.
3162 5616 3303 5672 Editi
3343 5617 3540 5686 συστή-

1968 5718 2147 5841 Im(909.)
2183 5771 2469 5839 ⁸Υμνους.
2496 5769 2569 5823 Ita
2597 5774 2809 5821 veteres
2846 5763 2972 5818 libri
2994 5774 3206 5819 summo
3240 5772 3535 5814 consensu.
