  <div class='ocr_page' id='page_1' title='image "/cluster/home/n/w/nwhite01/storage/ocr_20150623/32/mdp.39015011915462/395.png"; bbox 0 0 3948 6214; ppageno 0'>
   <div class='ocr_carea' id='block_1_1' title="bbox 438 253 542 310">
    <p class='ocr_par' dir='ltr' id='par_1_1' title="bbox 438 253 542 310">
     <span class='ocr_line' id='line_1_1' title="bbox 438 253 542 310; baseline 0.019 -2"><span class='ocrx_word' id='word_1_1' title='bbox 438 253 542 310; x_wconf 75' lang='grc' dir='ltr'><strong>’ἵδὸ</strong></span> 
     </span>
    </p>
   </div>
   <div class='ocr_carea' id='block_1_2' title="bbox 1768 241 2359 302">
    <p class='ocr_par' dir='ltr' id='par_1_2' title="bbox 1768 241 2359 302">
     <span class='ocr_line' id='line_1_2' title="bbox 1768 241 2359 302; baseline -0.01 0"><span class='ocrx_word' id='word_1_2' title='bbox 1768 246 1825 302; x_wconf 91' lang='lat' dir='ltr'><strong>S.</strong></span> <span class='ocrx_word' id='word_1_3' title='bbox 1864 242 2109 300; x_wconf 84' lang='lat' dir='ltr'><strong>BASlLll</strong></span> <span class='ocrx_word' id='word_1_4' title='bbox 2147 241 2359 297; x_wconf 82' lang='lat' dir='ltr'><strong>MAGNI</strong></span> 
     </span>
    </p>
   </div>
   <div class='ocr_carea' id='block_1_3' title="bbox 3590 236 3688 291">
    <p class='ocr_par' dir='ltr' id='par_1_3' title="bbox 3590 236 3688 291">
     <span class='ocr_line' id='line_1_3' title="bbox 3590 236 3688 291; baseline 0 0"><span class='ocrx_word' id='word_1_5' title='bbox 3590 236 3688 291; x_wconf 69' lang='grc' dir='ltr'><strong>τοι</strong></span> 
     </span>
    </p>
   </div>
   <div class='ocr_carea' id='block_1_4' title="bbox 506 348 2002 438">
    <p class='ocr_par' dir='ltr' id='par_1_4' title="bbox 506 363 2002 438">
     <span class='ocr_line' id='line_1_4' title="bbox 506 363 2002 438; baseline -0.005 -17"><span class='ocrx_word' id='word_1_6' title='bbox 506 367 561 421; x_wconf 80' lang='lat'><strong>3.</strong></span> <span class='ocrx_word' id='word_1_7' title='bbox 598 365 754 432; x_wconf 86' lang='lat' dir='ltr'><strong>Quod</strong></span> <span class='ocrx_word' id='word_1_8' title='bbox 803 375 982 422; x_wconf 85' lang='lat' dir='ltr'><strong>autem</strong></span> <span class='ocrx_word' id='word_1_9' title='bbox 1031 374 1239 438; x_wconf 84' lang='lat' dir='ltr'><strong>spectat</strong></span> <span class='ocrx_word' id='word_1_10' title='bbox 1273 365 1338 419; x_wconf 87' lang='lat' dir='ltr'><strong>ad</strong></span> <span class='ocrx_word' id='word_1_11' title='bbox 1390 365 1705 435; x_wconf 74' lang='lat' dir='ltr'><strong>psalmodize</strong></span> <span class='ocrx_word' id='word_1_12' title='bbox 1752 363 2002 417; x_wconf 89' lang='lat' dir='ltr'><strong>crimina-</strong></span> 
     </span>
    </p>
   </div>
   <div class='ocr_carea' id='block_1_5' title="bbox 2108 348 3688 438">
    <p class='ocr_par' dir='ltr' id='par_1_5' title="bbox 2187 348 3688 435">
     <span class='ocr_line' id='line_1_5' title="bbox 2187 348 3688 435; baseline -0.004 -24"><span class='ocrx_word' id='word_1_13' title='bbox 2187 358 2240 412; x_wconf 74' lang='grc' dir='ltr'>ὅ.</span> <span class='ocrx_word' id='word_1_14' title='bbox 2280 355 2441 435; x_wconf 81' lang='grc' dir='ltr'>Πρὸς</span> <span class='ocrx_word' id='word_1_15' title='bbox 2466 354 2522 408; x_wconf 86' lang='grc' dir='ltr'>δὲ</span> <span class='ocrx_word' id='word_1_16' title='bbox 2572 351 2633 406; x_wconf 82' lang='grc' dir='ltr'>τὸ</span> <span class='ocrx_word' id='word_1_17' title='bbox 2667 351 2758 406; x_wconf 81' lang='grc' dir='ltr'>ἐπὶ</span> <span class='ocrx_word' id='word_1_18' title='bbox 2804 354 2924 415; x_wconf 91' lang='grc' dir='ltr'>ταῖς</span> <span class='ocrx_word' id='word_1_19' title='bbox 2962 350 3304 423; x_wconf 78' lang='grc' dir='ltr'>ψαλμῳδίαις</span> <span class='ocrx_word' id='word_1_20' title='bbox 3350 350 3614 420; x_wconf 73' lang='grc' dir='ltr'>ἔγκλημα.</span> <span class='ocrx_word' id='word_1_21' title='bbox 3644 348 3688 419; x_wconf 82' lang='grc' dir='ltr'>ᾧ</span> 
     </span>
    </p>
   </div>
   <div class='ocr_carea' id='block_1_6' title="bbox 436 453 2010 528">
    <p class='ocr_par' dir='ltr' id='par_1_6' title="bbox 436 453 2010 528">
     <span class='ocr_line' id='line_1_6' title="bbox 436 453 2010 528; baseline -0.003 -19"><span class='ocrx_word' id='word_1_22' title='bbox 436 455 667 521; x_wconf 79' lang='lat' dir='ltr'><strong>tionem,</strong></span> <span class='ocrx_word' id='word_1_23' title='bbox 712 473 820 528; x_wconf 85' lang='lat' dir='ltr'><strong>qua</strong></span> <span class='ocrx_word' id='word_1_24' title='bbox 862 455 1102 511; x_wconf 75' lang='lat' dir='ltr'><strong>maxime</strong></span> <span class='ocrx_word' id='word_1_25' title='bbox 1140 457 1502 527; x_wconf 82' lang='lat' dir='ltr'><strong>simpliciores</strong></span> <span class='ocrx_word' id='word_1_26' title='bbox 1535 456 1790 510; x_wconf 78' lang='lat' dir='ltr'><strong>territant</strong></span> <span class='ocrx_word' id='word_1_27' title='bbox 1817 454 1875 515; x_wconf 89' lang='lat' dir='ltr'><strong>ii,</strong></span> <span class='ocrx_word' id='word_1_28' title='bbox 1917 453 2010 522; x_wconf 87' lang='lat' dir='ltr'><strong>qui</strong></span> 
     </span>
    </p>
   </div>
   <div class='ocr_carea' id='block_1_7' title="bbox 437 547 2014 616">
    <p class='ocr_par' dir='ltr' id='par_1_7' title="bbox 437 547 2014 616">
     <span class='ocr_line' id='line_1_7' title="bbox 437 547 2014 616; baseline -0.003 -13"><span class='ocrx_word' id='word_1_29' title='bbox 437 567 539 605; x_wconf 91' lang='lat' dir='ltr'><strong>nos</strong></span> <span class='ocrx_word' id='word_1_30' title='bbox 567 550 992 616; x_wconf 76' lang='lat' dir='ltr'><strong>calumniantur,</strong></span> <span class='ocrx_word' id='word_1_31' title='bbox 1024 547 1155 603; x_wconf 91' lang='lat' dir='ltr'><strong>illud</strong></span> <span class='ocrx_word' id='word_1_32' title='bbox 1189 549 1370 603; x_wconf 86' lang='lat' dir='ltr'><strong>dicere</strong></span> <span class='ocrx_word' id='word_1_33' title='bbox 1403 549 1595 611; x_wconf 85' lang='lat' dir='ltr'><strong>habeo,</strong></span> <span class='ocrx_word' id='word_1_34' title='bbox 1628 554 1841 616; x_wconf 85' lang='lat' dir='ltr'><strong>recepta</strong></span> <span class='ocrx_word' id='word_1_35' title='bbox 1868 560 2014 600; x_wconf 90' lang='lat' dir='ltr'><strong>nunc</strong></span> 
     </span>
    </p>
   </div>
   <div class='ocr_carea' id='block_1_8' title="bbox 439 640 2014 697">
    <p class='ocr_par' dir='ltr' id='par_1_8' title="bbox 439 640 2014 697">
     <span class='ocr_line' id='line_1_8' title="bbox 439 640 2014 697; baseline -0.002 -2"><span class='ocrx_word' id='word_1_36' title='bbox 439 643 688 697; x_wconf 81' lang='lat' dir='ltr'><strong>instituta</strong></span> <span class='ocrx_word' id='word_1_37' title='bbox 716 642 972 697; x_wconf 77' lang='lat' dir='ltr'><strong>omnibus</strong></span> <span class='ocrx_word' id='word_1_38' title='bbox 999 641 1091 695; x_wconf 85' lang='lat' dir='ltr'><strong>Dei</strong></span> <span class='ocrx_word' id='word_1_39' title='bbox 1115 640 1374 696; x_wconf 80' lang='lat' dir='ltr'><strong>Eeclesiis</strong></span> <span class='ocrx_word' id='word_1_40' title='bbox 1397 656 1638 695; x_wconf 88' lang='lat' dir='ltr'><strong>consona</strong></span> <span class='ocrx_word' id='word_1_41' title='bbox 1664 656 1785 695; x_wconf 89' lang='lat' dir='ltr'><strong>esse</strong></span> <span class='ocrx_word' id='word_1_42' title='bbox 1810 648 1862 694; x_wconf 81' lang='lat' dir='ltr'><strong>et</strong></span> <span class='ocrx_word' id='word_1_43' title='bbox 1881 655 2014 693; x_wconf 80' lang='lat' dir='ltr'><strong>con-</strong></span> 
     </span>
    </p>
   </div>
   <div class='ocr_carea' id='block_1_9' title="bbox 439 732 2012 803">
    <p class='ocr_par' dir='ltr' id='par_1_9' title="bbox 439 732 2012 803">
     <span class='ocr_line' id='line_1_9' title="bbox 439 732 2012 803; baseline -0.001 -16"><span class='ocrx_word' id='word_1_44' title='bbox 439 735 753 790; x_wconf 82' lang='lat' dir='ltr'><strong>sentientia.</strong></span> <span class='ocrx_word' id='word_1_45' title='bbox 800 732 872 788; x_wconf 90' lang='lat' dir='ltr'><strong>De</strong></span> <span class='ocrx_word' id='word_1_46' title='bbox 908 745 1066 787; x_wconf 91' lang='lat' dir='ltr'><strong>nocte</strong></span> <span class='ocrx_word' id='word_1_47' title='bbox 1112 732 1383 803; x_wconf 82' lang='lat' dir='ltr'><strong>siquidem</strong></span> <span class='ocrx_word' id='word_1_48' title='bbox 1424 734 1706 801; x_wconf 81' lang='lat' dir='ltr'><strong>consurgit</strong></span> <span class='ocrx_word' id='word_1_49' title='bbox 1740 733 1879 802; x_wconf 86' lang='lat' dir='ltr'><strong>apud</strong></span> <span class='ocrx_word' id='word_1_50' title='bbox 1914 748 2012 786; x_wconf 87' lang='lat' dir='ltr'><strong>nos</strong></span> 
     </span>
    </p>
   </div>
   <div class='ocr_carea' id='block_1_10' title="bbox 437 825 2011 894">
    <p class='ocr_par' dir='ltr' id='par_1_10' title="bbox 437 825 2011 894">
     <span class='ocr_line' id='line_1_10' title="bbox 437 825 2011 894; baseline 0.001 -17"><span class='ocrx_word' id='word_1_51' title='bbox 437 826 670 893; x_wconf 85' lang='lat' dir='ltr'><strong>populus</strong></span> <span class='ocrx_word' id='word_1_52' title='bbox 718 825 786 879; x_wconf 87' lang='lat' dir='ltr'><strong>ad</strong></span> <span class='ocrx_word' id='word_1_53' title='bbox 838 827 1058 879; x_wconf 90' lang='lat' dir='ltr'><strong>domum</strong></span> <span class='ocrx_word' id='word_1_54' title='bbox 1111 826 1477 894; x_wconf 86' lang='lat' dir='ltr'><strong>precationis,</strong></span> <span class='ocrx_word' id='word_1_55' title='bbox 1514 835 1567 879; x_wconf 89' lang='lat' dir='ltr'><strong>et</strong></span> <span class='ocrx_word' id='word_1_56' title='bbox 1604 826 1655 879; x_wconf 90' lang='lat' dir='ltr'><strong>in</strong></span> <span class='ocrx_word' id='word_1_57' title='bbox 1701 826 1917 885; x_wconf 87' lang='lat' dir='ltr'><strong>labore,</strong></span> <span class='ocrx_word' id='word_1_58' title='bbox 1957 827 2011 879; x_wconf 92' lang='lat' dir='ltr'><strong>in</strong></span> 
     </span>
    </p>
   </div>
   <div class='ocr_carea' id='block_1_11' title="bbox 436 916 2009 988">
    <p class='ocr_par' dir='ltr' id='par_1_11' title="bbox 436 916 2009 988">
     <span class='ocr_line' id='line_1_11' title="bbox 436 916 2009 988; baseline 0.001 -20"><span class='ocrx_word' id='word_1_59' title='bbox 436 916 785 970; x_wconf 73' lang='lat' dir='ltr'><strong>aillictatione</strong></span> <span class='ocrx_word' id='word_1_60' title='bbox 831 932 893 970; x_wconf 90' lang='lat' dir='ltr'><strong>ac</strong></span> <span class='ocrx_word' id='word_1_61' title='bbox 939 917 1163 986; x_wconf 86' lang='lat' dir='ltr'><strong>jngibus</strong></span> <span class='ocrx_word' id='word_1_62' title='bbox 1208 918 1464 988; x_wconf 84' lang='lat' dir='ltr'><strong>lacrymis</strong></span> <span class='ocrx_word' id='word_1_63' title='bbox 1504 919 1827 971; x_wconf 83' lang='lat' dir='ltr'><strong>conﬁtcntes</strong></span> <span class='ocrx_word' id='word_1_64' title='bbox 1872 916 2009 978; x_wconf 86' lang='lat' dir='ltr'><strong>Deo,</strong></span> 
     </span>
    </p>
   </div>
   <div class='ocr_carea' id='block_1_12' title="bbox 434 1006 2009 1079">
    <p class='ocr_par' dir='ltr' id='par_1_12' title="bbox 434 1006 2009 1079">
     <span class='ocr_line' id='line_1_12' title="bbox 434 1006 2009 1079; baseline 0.002 -21"><span class='ocrx_word' id='word_1_65' title='bbox 434 1006 652 1061; x_wconf 81' lang='lat' dir='ltr'><strong>tandem</strong></span> <span class='ocrx_word' id='word_1_66' title='bbox 709 1022 739 1060; x_wconf 91' lang='lat' dir='ltr'><strong>a</strong></span> <span class='ocrx_word' id='word_1_67' title='bbox 785 1010 1099 1076; x_wconf 70' lang='lat' dir='ltr'><strong>precatione</strong></span> <span class='ocrx_word' id='word_1_68' title='bbox 1148 1019 1475 1078; x_wconf 80' lang='lat' dir='ltr'><strong>surgentes,</strong></span> <span class='ocrx_word' id='word_1_69' title='bbox 1530 1009 1595 1062; x_wconf 87' lang='lat' dir='ltr'><strong>ad</strong></span> <span class='ocrx_word' id='word_1_70' title='bbox 1656 1010 2009 1079; x_wconf 86' lang='lat' dir='ltr'><strong>psalmodiam</strong></span> 
     </span>
    </p>
   </div>
   <div class='ocr_carea' id='block_1_13' title="bbox 432 1101 2009 1171">
    <p class='ocr_par' dir='ltr' id='par_1_13' title="bbox 432 1101 2009 1171">
     <span class='ocr_line' id='line_1_13' title="bbox 432 1101 2009 1171; baseline 0.003 -20"><span class='ocrx_word' id='word_1_71' title='bbox 432 1107 746 1155; x_wconf 88' lang='lat' dir='ltr'><strong>transeunt.</strong></span> <span class='ocrx_word' id='word_1_72' title='bbox 796 1101 858 1152; x_wconf 71' lang='lat' dir='ltr'><strong>lit</strong></span> <span class='ocrx_word' id='word_1_73' title='bbox 892 1117 1038 1153; x_wconf 89' lang='lat' dir='ltr'><strong>nunc</strong></span> <span class='ocrx_word' id='word_1_74' title='bbox 1070 1101 1289 1169; x_wconf 80' lang='lat' dir='ltr'><strong>quidem</strong></span> <span class='ocrx_word' id='word_1_75' title='bbox 1328 1102 1380 1153; x_wconf 88' lang='lat' dir='ltr'><strong>in</strong></span> <span class='ocrx_word' id='word_1_76' title='bbox 1415 1101 1554 1155; x_wconf 89' lang='lat' dir='ltr'><strong>duas</strong></span> <span class='ocrx_word' id='word_1_77' title='bbox 1601 1112 1784 1171; x_wconf 87' lang='lat' dir='ltr'><strong>partes</strong></span> <span class='ocrx_word' id='word_1_78' title='bbox 1813 1101 2009 1164; x_wconf 88' lang='lat' dir='ltr'><strong>divisi,</strong></span> 
     </span>
    </p>
   </div>
   <div class='ocr_carea' id='block_1_14' title="bbox 432 1193 2005 1261">
    <p class='ocr_par' dir='ltr' id='par_1_14' title="bbox 432 1193 2005 1261">
     <span class='ocr_line' id='line_1_14' title="bbox 432 1193 2005 1261; baseline 0.003 -20"><span class='ocrx_word' id='word_1_79' title='bbox 432 1193 657 1245; x_wconf 77' lang='lat' dir='ltr'><strong>alternis</strong></span> <span class='ocrx_word' id='word_1_80' title='bbox 689 1193 1039 1247; x_wconf 84' lang='lat' dir='ltr'><strong>succinentes</strong></span> <span class='ocrx_word' id='word_1_81' title='bbox 1088 1193 1359 1261; x_wconf 81' lang='lat' dir='ltr'><strong>psallunt,</strong></span> <span class='ocrx_word' id='word_1_82' title='bbox 1397 1209 1461 1246; x_wconf 86' lang='lat' dir='ltr'><strong>ac</strong></span> <span class='ocrx_word' id='word_1_83' title='bbox 1503 1194 1664 1248; x_wconf 90' lang='lat' dir='ltr'><strong>simul</strong></span> <span class='ocrx_word' id='word_1_84' title='bbox 1697 1202 1751 1246; x_wconf 87' lang='lat' dir='ltr'><strong>et</strong></span> <span class='ocrx_word' id='word_1_85' title='bbox 1786 1193 2005 1245; x_wconf 79' lang='lat' dir='ltr'><strong>medita-</strong></span> 
     </span>
    </p>
   </div>
   <div class='ocr_carea' id='block_1_15' title="bbox 430 1284 2008 1353">
    <p class='ocr_par' dir='ltr' id='par_1_15' title="bbox 430 1284 2008 1353">
     <span class='ocr_line' id='line_1_15' title="bbox 430 1284 2008 1353; baseline 0.001 -18"><span class='ocrx_word' id='word_1_86' title='bbox 430 1284 633 1336; x_wconf 86' lang='lat' dir='ltr'><strong>tionem</strong></span> <span class='ocrx_word' id='word_1_87' title='bbox 673 1284 1080 1353; x_wconf 71' lang='lat' dir='ltr'><strong>Si-ripturarum</strong></span> <span class='ocrx_word' id='word_1_88' title='bbox 1115 1287 1239 1339; x_wconf 88' lang='lat' dir='ltr'><strong>inde</strong></span> <span class='ocrx_word' id='word_1_89' title='bbox 1268 1288 1649 1349; x_wconf 84' lang='lat' dir='ltr'><strong>corroborant,</strong></span> <span class='ocrx_word' id='word_1_90' title='bbox 1683 1293 1737 1339; x_wconf 90' lang='lat' dir='ltr'><strong>et</strong></span> <span class='ocrx_word' id='word_1_91' title='bbox 1768 1287 2008 1339; x_wconf 87' lang='lat' dir='ltr'><strong>animum</strong></span> 
     </span>
    </p>
   </div>
   <div class='ocr_carea' id='block_1_16' title="bbox 432 1378 2009 1447">
    <p class='ocr_par' dir='ltr' id='par_1_16' title="bbox 432 1378 2009 1447">
     <span class='ocr_line' id='line_1_16' title="bbox 432 1378 2009 1447; baseline -0.001 -18"><span class='ocrx_word' id='word_1_92' title='bbox 432 1384 701 1430; x_wconf 85' lang='lat' dir='ltr'><strong>attentum</strong></span> <span class='ocrx_word' id='word_1_93' title='bbox 748 1386 799 1431; x_wconf 73' lang='lat' dir='ltr'><strong>et</strong></span> <span class='ocrx_word' id='word_1_94' title='bbox 830 1393 924 1430; x_wconf 90' lang='lat' dir='ltr'><strong>cor</strong></span> <span class='ocrx_word' id='word_1_95' title='bbox 957 1378 1295 1446; x_wconf 84' lang='lat' dir='ltr'><strong>evagatiOuis</strong></span> <span class='ocrx_word' id='word_1_96' title='bbox 1340 1394 1537 1447; x_wconf 76' lang='lat' dir='ltr'><strong>expers</strong></span> <span class='ocrx_word' id='word_1_97' title='bbox 1584 1379 1686 1432; x_wconf 88' lang='lat' dir='ltr'><strong>sibi</strong></span> <span class='ocrx_word' id='word_1_98' title='bbox 1724 1378 1825 1447; x_wconf 85' lang='lat' dir='ltr'><strong>ipsi</strong></span> <span class='ocrx_word' id='word_1_99' title='bbox 1858 1392 2009 1429; x_wconf 84' lang='lat' dir='ltr'><strong>com-</strong></span> 
     </span>
    </p>
   </div>
   <div class='ocr_carea' id='block_1_17' title="bbox 432 1472 2010 1542">
    <p class='ocr_par' dir='ltr' id='par_1_17' title="bbox 432 1472 2010 1542">
     <span class='ocr_line' id='line_1_17' title="bbox 432 1472 2010 1542; baseline -0.001 -17"><span class='ocrx_word' id='word_1_100' title='bbox 432 1482 645 1542; x_wconf 88' lang='lat' dir='ltr'><strong>parant.</strong></span> <span class='ocrx_word' id='word_1_101' title='bbox 696 1472 888 1527; x_wconf 83' lang='lat' dir='ltr'><strong>Postea</strong></span> <span class='ocrx_word' id='word_1_102' title='bbox 928 1488 1117 1526; x_wconf 57' lang='lat' dir='ltr'><strong>l‘lll&#39;sllS</strong></span> <span class='ocrx_word' id='word_1_103' title='bbox 1161 1473 1253 1525; x_wconf 91' lang='lat' dir='ltr'><strong>nni</strong></span> <span class='ocrx_word' id='word_1_104' title='bbox 1299 1474 1737 1532; x_wconf 83' lang='lat' dir='ltr'><strong>committentes,</strong></span> <span class='ocrx_word' id='word_1_105' title='bbox 1771 1481 1827 1525; x_wconf 93' lang='lat' dir='ltr'><strong>ut</strong></span> <span class='ocrx_word' id='word_1_106' title='bbox 1862 1472 2010 1541; x_wconf 80' lang='lat' dir='ltr'><strong>ptior</strong></span> 
     </span>
    </p>
   </div>
   <div class='ocr_carea' id='block_1_18' title="bbox 430 1565 2007 1634">
    <p class='ocr_par' dir='ltr' id='par_1_18' title="bbox 430 1565 2007 1634">
     <span class='ocr_line' id='line_1_18' title="bbox 430 1565 2007 1634; baseline -0.003 -13"><span class='ocrx_word' id='word_1_107' title='bbox 430 1579 626 1629; x_wconf 85' lang='lat' dir='ltr'><strong>canat,</strong></span> <span class='ocrx_word' id='word_1_108' title='bbox 687 1568 885 1634; x_wconf 88' lang='lat' dir='ltr'><strong>reliqui</strong></span> <span class='ocrx_word' id='word_1_109' title='bbox 942 1566 1269 1630; x_wconf 90' lang='lat' dir='ltr'><strong>succinunt;</strong></span> <span class='ocrx_word' id='word_1_110' title='bbox 1330 1574 1383 1620; x_wconf 92' lang='lat' dir='ltr'><strong>et</strong></span> <span class='ocrx_word' id='word_1_111' title='bbox 1435 1566 1514 1619; x_wconf 90' lang='lat' dir='ltr'><strong>sic</strong></span> <span class='ocrx_word' id='word_1_112' title='bbox 1554 1575 1906 1634; x_wconf 79' lang='lat' dir='ltr'><strong>posteaquam</strong></span> <span class='ocrx_word' id='word_1_113' title='bbox 1954 1565 2007 1617; x_wconf 91' lang='lat' dir='ltr'><strong>in</strong></span> 
     </span>
    </p>
   </div>
   <div class='ocr_carea' id='block_1_19' title="bbox 432 1657 2008 1723">
    <p class='ocr_par' dir='ltr' id='par_1_19' title="bbox 432 1657 2008 1723">
     <span class='ocr_line' id='line_1_19' title="bbox 432 1657 2008 1723; baseline -0.001 -13"><span class='ocrx_word' id='word_1_114' title='bbox 432 1657 746 1723; x_wconf 76' lang='lat' dir='ltr'><strong>psalmodia:</strong></span> <span class='ocrx_word' id='word_1_115' title='bbox 782 1657 1044 1712; x_wconf 74' lang='lat' dir='ltr'><strong>varietate</strong></span> <span class='ocrx_word' id='word_1_116' title='bbox 1081 1666 1292 1711; x_wconf 77' lang='lat' dir='ltr'><strong>nectent</strong></span> <span class='ocrx_word' id='word_1_117' title='bbox 1341 1657 1630 1711; x_wconf 77' lang='lat' dir='ltr'><strong>traduxere</strong></span> <span class='ocrx_word' id='word_1_118' title='bbox 1688 1657 2008 1710; x_wconf 89' lang='lat' dir='ltr'><strong>intermistis</strong></span> 
     </span>
    </p>
   </div>
   <div class='ocr_carea' id='block_1_20' title="bbox 430 1746 2007 1817">
    <p class='ocr_par' dir='ltr' id='par_1_20' title="bbox 430 1746 2007 1817">
     <span class='ocr_line' id='line_1_20' title="bbox 430 1746 2007 1817; baseline 0 -20"><span class='ocrx_word' id='word_1_119' title='bbox 430 1748 689 1817; x_wconf 84' lang='lat' dir='ltr'><strong>precibus</strong></span> <span class='ocrx_word' id='word_1_120' title='bbox 713 1784 726 1810; x_wconf 93' lang='lat'><strong>,</strong></span> <span class='ocrx_word' id='word_1_121' title='bbox 760 1746 845 1801; x_wconf 92' lang='lat' dir='ltr'><strong>dic</strong></span> <span class='ocrx_word' id='word_1_122' title='bbox 875 1748 987 1815; x_wconf 87' lang='lat' dir='ltr'><strong>jam</strong></span> <span class='ocrx_word' id='word_1_123' title='bbox 1024 1748 1379 1801; x_wconf 87' lang='lat' dir='ltr'><strong>illucescente</strong></span> <span class='ocrx_word' id='word_1_124' title='bbox 1399 1789 1413 1809; x_wconf 93' lang='lat'><strong>,</strong></span> <span class='ocrx_word' id='word_1_125' title='bbox 1446 1761 1637 1801; x_wconf 86' lang='lat' dir='ltr'><strong>omnes</strong></span> <span class='ocrx_word' id='word_1_126' title='bbox 1668 1746 1829 1800; x_wconf 87' lang='lat' dir='ltr'><strong>simul</strong></span> <span class='ocrx_word' id='word_1_127' title='bbox 1864 1746 2007 1799; x_wconf 90' lang='lat' dir='ltr'><strong>velut</strong></span> 
     </span>
    </p>
   </div>
   <div class='ocr_carea' id='block_1_21' title="bbox 430 1836 2007 1906">
    <p class='ocr_par' dir='ltr' id='par_1_21' title="bbox 430 1836 2007 1906">
     <span class='ocr_line' id='line_1_21' title="bbox 430 1836 2007 1906; baseline 0.001 -18"><span class='ocrx_word' id='word_1_128' title='bbox 430 1850 495 1888; x_wconf 79' lang='lat' dir='ltr'><strong>ex</strong></span> <span class='ocrx_word' id='word_1_129' title='bbox 549 1849 656 1887; x_wconf 90' lang='lat' dir='ltr'><strong>uno</strong></span> <span class='ocrx_word' id='word_1_130' title='bbox 707 1850 801 1888; x_wconf 90' lang='lat' dir='ltr'><strong>ore</strong></span> <span class='ocrx_word' id='word_1_131' title='bbox 853 1844 907 1888; x_wconf 87' lang='lat' dir='ltr'><strong>et</strong></span> <span class='ocrx_word' id='word_1_132' title='bbox 955 1852 1063 1890; x_wconf 73' lang='lat' dir='ltr'><strong>uno</strong></span> <span class='ocrx_word' id='word_1_133' title='bbox 1112 1837 1279 1890; x_wconf 85' lang='lat' dir='ltr'><strong>corde</strong></span> <span class='ocrx_word' id='word_1_134' title='bbox 1325 1837 1594 1906; x_wconf 85' lang='lat' dir='ltr'><strong>psalmum</strong></span> <span class='ocrx_word' id='word_1_135' title='bbox 1644 1836 2007 1890; x_wconf 80' lang='lat' dir='ltr'><strong>confessionis</strong></span> 
     </span>
    </p>
   </div>
   <div class='ocr_carea' id='block_1_22' title="bbox 432 1921 2006 1994">
    <p class='ocr_par' dir='ltr' id='par_1_22' title="bbox 432 1921 2006 1994">
     <span class='ocr_line' id='line_1_22' title="bbox 432 1921 2006 1994; baseline 0.001 -19"><span class='ocrx_word' id='word_1_136' title='bbox 432 1921 660 1977; x_wconf 88' lang='lat' dir='ltr'><strong>Domino</strong></span> <span class='ocrx_word' id='word_1_137' title='bbox 688 1925 1018 1987; x_wconf 78' lang='lat' dir='ltr'><strong>concinnat,</strong></span> <span class='ocrx_word' id='word_1_138' title='bbox 1062 1927 1281 1994; x_wconf 88' lang='lat' dir='ltr'><strong>propria</strong></span> <span class='ocrx_word' id='word_1_139' title='bbox 1312 1926 1413 1978; x_wconf 89' lang='lat' dir='ltr'><strong>sibi</strong></span> <span class='ocrx_word' id='word_1_140' title='bbox 1444 1924 1821 1994; x_wconf 86' lang='lat' dir='ltr'><strong>unusquisque</strong></span> <span class='ocrx_word' id='word_1_141' title='bbox 1847 1924 2006 1977; x_wconf 74' lang='lat' dir='ltr'><strong>verba</strong></span> 
     </span>
    </p>
   </div>
   <div class='ocr_carea' id='block_1_23' title="bbox 429 2016 2005 2087">
    <p class='ocr_par' dir='ltr' id='par_1_23' title="bbox 429 2016 2005 2087">
     <span class='ocr_line' id='line_1_23' title="bbox 429 2016 2005 2087; baseline 0.003 -18"><span class='ocrx_word' id='word_1_142' title='bbox 429 2016 763 2087; x_wconf 60' lang='lat' dir='ltr'><strong>poenitentia</strong></span> <span class='ocrx_word' id='word_1_143' title='bbox 795 2017 1075 2071; x_wconf 78' lang='lat' dir='ltr'><strong>facientes.</strong></span> <span class='ocrx_word' id='word_1_144' title='bbox 1112 2018 1377 2072; x_wconf 70' lang='lat' dir='ltr'><strong>Caeterum</strong></span> <span class='ocrx_word' id='word_1_145' title='bbox 1413 2018 1606 2070; x_wconf 88' lang='lat' dir='ltr'><strong>horum</strong></span> <span class='ocrx_word' id='word_1_146' title='bbox 1639 2018 1814 2086; x_wconf 88' lang='lat' dir='ltr'><strong>gratia</strong></span> <span class='ocrx_word' id='word_1_147' title='bbox 1837 2018 1880 2070; x_wconf 87' lang='lat' dir='ltr'><strong>si</strong></span> <span class='ocrx_word' id='word_1_148' title='bbox 1908 2033 2005 2073; x_wconf 87' lang='lat' dir='ltr'><strong>nos</strong></span> 
     </span>
    </p>
   </div>
   <div class='ocr_carea' id='block_1_24' title="bbox 428 2106 2005 2179">
    <p class='ocr_par' dir='ltr' id='par_1_24' title="bbox 428 2106 2005 2179">
     <span class='ocr_line' id='line_1_24' title="bbox 428 2106 2005 2179; baseline 0.003 -22"><span class='ocrx_word' id='word_1_149' title='bbox 428 2107 637 2176; x_wconf 74' lang='lat' dir='ltr'><strong>fugitis.</strong></span> <span class='ocrx_word' id='word_1_150' title='bbox 678 2106 899 2177; x_wconf 77' lang='lat' dir='ltr'><strong>fugietis</strong></span> <span class='ocrx_word' id='word_1_151' title='bbox 930 2108 1216 2179; x_wconf 63' lang='lat' dir='ltr'><strong>Egyplios</strong></span> <span class='ocrx_word' id='word_1_152' title='bbox 1237 2151 1250 2173; x_wconf 95' lang='lat'><strong>,</strong></span> <span class='ocrx_word' id='word_1_153' title='bbox 1288 2107 1506 2178; x_wconf 79' lang='lat' dir='ltr'><strong>fugietis</strong></span> <span class='ocrx_word' id='word_1_154' title='bbox 1536 2116 1591 2163; x_wconf 89' lang='lat' dir='ltr'><strong>et</strong></span> <span class='ocrx_word' id='word_1_155' title='bbox 1625 2116 1886 2177; x_wconf 88' lang='lat' dir='ltr'><strong>utrosque</strong></span> <span class='ocrx_word' id='word_1_156' title='bbox 1917 2108 2005 2161; x_wconf 88' lang='lat' dir='ltr'><strong>Li-</strong></span> 
     </span>
    </p>
   </div>
   <div class='ocr_carea' id='block_1_25' title="bbox 426 2197 2006 2270">
    <p class='ocr_par' dir='ltr' id='par_1_25' title="bbox 426 2197 2006 2270">
     <span class='ocr_line' id='line_1_25' title="bbox 426 2197 2006 2270; baseline -0.001 -17"><span class='ocrx_word' id='word_1_157' title='bbox 426 2198 581 2270; x_wconf 77' lang='lat' dir='ltr'><strong>byes,</strong></span> <span class='ocrx_word' id='word_1_158' title='bbox 613 2198 897 2260; x_wconf 68' lang='lat' dir='ltr'><strong>Thcbmos.</strong></span> <span class='ocrx_word' id='word_1_159' title='bbox 925 2199 1265 2264; x_wconf 62' lang='lat' dir='ltr'><strong>Palaestinos,</strong></span> <span class='ocrx_word' id='word_1_160' title='bbox 1298 2200 1529 2261; x_wconf 84' lang='lat' dir='ltr'><strong>Arabes,</strong></span> <span class='ocrx_word' id='word_1_161' title='bbox 1560 2197 1869 2259; x_wconf 68' lang='lat' dir='ltr'><strong>Phoenices,</strong></span> <span class='ocrx_word' id='word_1_162' title='bbox 1905 2198 2006 2269; x_wconf 77' lang='lat' dir='ltr'><strong>Sy-</strong></span> 
     </span>
    </p>
   </div>
   <div class='ocr_carea' id='block_1_26' title="bbox 424 2290 2005 2362">
    <p class='ocr_par' dir='ltr' id='par_1_26' title="bbox 424 2290 2005 2362">
     <span class='ocr_line' id='line_1_26' title="bbox 424 2290 2005 2362; baseline 0.003 -19"><span class='ocrx_word' id='word_1_163' title='bbox 424 2305 547 2358; x_wconf 93' lang='lat' dir='ltr'><strong>ros,</strong></span> <span class='ocrx_word' id='word_1_164' title='bbox 589 2301 642 2345; x_wconf 91' lang='lat' dir='ltr'><strong>et</strong></span> <span class='ocrx_word' id='word_1_165' title='bbox 675 2308 769 2348; x_wconf 91' lang='lat' dir='ltr'><strong>eos</strong></span> <span class='ocrx_word' id='word_1_166' title='bbox 797 2294 891 2362; x_wconf 90' lang='lat' dir='ltr'><strong>qui</strong></span> <span class='ocrx_word' id='word_1_167' title='bbox 924 2293 990 2346; x_wconf 85' lang='lat' dir='ltr'><strong>ad</strong></span> <span class='ocrx_word' id='word_1_168' title='bbox 1028 2290 1360 2361; x_wconf 85' lang='lat' dir='ltr'><strong>Euphratem</strong></span> <span class='ocrx_word' id='word_1_169' title='bbox 1402 2291 1684 2353; x_wconf 86' lang='lat' dir='ltr'><strong>habitant,</strong></span> <span class='ocrx_word' id='word_1_170' title='bbox 1722 2306 1785 2344; x_wconf 91' lang='lat' dir='ltr'><strong>ac</strong></span> <span class='ocrx_word' id='word_1_171' title='bbox 1816 2307 2005 2346; x_wconf 89' lang='lat' dir='ltr'><strong>omnes</strong></span> 
     </span>
    </p>
   </div>
   <div class='ocr_carea' id='block_1_27' title="bbox 423 2382 2005 2452">
    <p class='ocr_par' dir='ltr' id='par_1_27' title="bbox 423 2382 2005 2452">
     <span class='ocr_line' id='line_1_27' title="bbox 423 2382 2005 2452; baseline -0.001 -17"><span class='ocrx_word' id='word_1_172' title='bbox 423 2397 534 2437; x_wconf 89' lang='lat' dir='ltr'><strong>uno</strong></span> <span class='ocrx_word' id='word_1_173' title='bbox 559 2384 728 2437; x_wconf 85' lang='lat' dir='ltr'><strong>verbo</strong></span> <span class='ocrx_word' id='word_1_174' title='bbox 758 2383 899 2452; x_wconf 89' lang='lat' dir='ltr'><strong>apud</strong></span> <span class='ocrx_word' id='word_1_175' title='bbox 926 2397 1065 2452; x_wconf 91' lang='lat' dir='ltr'><strong>quos</strong></span> <span class='ocrx_word' id='word_1_176' title='bbox 1096 2382 1294 2449; x_wconf 67' lang='lat' dir='ltr'><strong>vigiliae</strong></span> <span class='ocrx_word' id='word_1_177' title='bbox 1321 2396 1623 2451; x_wconf 83' lang='lat' dir='ltr'><strong>precesque</strong></span> <span class='ocrx_word' id='word_1_178' title='bbox 1678 2387 1732 2434; x_wconf 89' lang='lat' dir='ltr'><strong>et</strong></span> <span class='ocrx_word' id='word_1_179' title='bbox 1760 2396 2005 2434; x_wconf 84' lang='lat' dir='ltr'><strong>commu-</strong></span> 
     </span>
    </p>
   </div>
   <div class='ocr_carea' id='block_1_28' title="bbox 423 2476 1350 2545">
    <p class='ocr_par' dir='ltr' id='par_1_28' title="bbox 423 2476 1350 2545">
     <span class='ocr_line' id='line_1_28' title="bbox 423 2476 1350 2545; baseline -0.003 -14"><span class='ocrx_word' id='word_1_180' title='bbox 423 2490 523 2531; x_wconf 89' lang='lat' dir='ltr'><strong>nes</strong></span> <span class='ocrx_word' id='word_1_181' title='bbox 554 2476 874 2545; x_wconf 73' lang='lat' dir='ltr'><strong>psalmodia:</strong></span> <span class='ocrx_word' id='word_1_182' title='bbox 908 2477 962 2529; x_wconf 92' lang='lat' dir='ltr'><strong>in</strong></span> <span class='ocrx_word' id='word_1_183' title='bbox 995 2476 1167 2542; x_wconf 72' lang='lat' dir='ltr'><strong>preLio</strong></span> <span class='ocrx_word' id='word_1_184' title='bbox 1202 2482 1350 2529; x_wconf 92' lang='lat' dir='ltr'><strong>sunt.</strong></span> 
     </span>
    </p>
   </div>
   <div class='ocr_carea' id='block_1_29' title="bbox 490 2716 2001 2787">
    <p class='ocr_par' dir='ltr' id='par_1_29' title="bbox 490 2716 2001 2787">
     <span class='ocr_line' id='line_1_29' title="bbox 490 2716 2001 2787; baseline -0.003 -14"><span class='ocrx_word' id='word_1_185' title='bbox 490 2719 545 2774; x_wconf 71' lang='grc'>4.</span> <span class='ocrx_word' id='word_1_186' title='bbox 585 2718 690 2774; x_wconf 86' lang='lat' dir='ltr'><strong>Sed</strong></span> <span class='ocrx_word' id='word_1_187' title='bbox 724 2719 875 2782; x_wconf 65' lang='lat' dir='ltr'><strong>haec,</strong></span> <span class='ocrx_word' id='word_1_188' title='bbox 926 2717 1137 2787; x_wconf 90' lang='lat' dir='ltr'><strong>inquit,</strong></span> <span class='ocrx_word' id='word_1_189' title='bbox 1191 2732 1297 2770; x_wconf 86' lang='lat' dir='ltr'><strong>non</strong></span> <span class='ocrx_word' id='word_1_190' title='bbox 1332 2724 1488 2770; x_wconf 86' lang='lat' dir='ltr'><strong>erant</strong></span> <span class='ocrx_word' id='word_1_191' title='bbox 1534 2725 1778 2785; x_wconf 88' lang='lat' dir='ltr'><strong>tempore</strong></span> <span class='ocrx_word' id='word_1_192' title='bbox 1821 2716 2001 2785; x_wconf 70' lang='lat' dir='ltr'><strong>magni</strong></span> 
     </span>
    </p>
   </div>
   <div class='ocr_carea' id='block_1_30' title="bbox 420 2807 2004 2881">
    <p class='ocr_par' dir='ltr' id='par_1_30' title="bbox 420 2807 2004 2881">
     <span class='ocr_line' id='line_1_30' title="bbox 420 2807 2004 2881; baseline -0.003 -17"><span class='ocrx_word' id='word_1_193' title='bbox 420 2810 685 2881; x_wconf 79' lang='lat' dir='ltr'><strong>Gregorii.</strong></span> <span class='ocrx_word' id='word_1_194' title='bbox 724 2810 829 2864; x_wconf 88' lang='lat' dir='ltr'><strong>Sed</strong></span> <span class='ocrx_word' id='word_1_195' title='bbox 882 2825 1059 2879; x_wconf 89' lang='lat' dir='ltr'><strong>neque</strong></span> <span class='ocrx_word' id='word_1_196' title='bbox 1091 2810 1317 2869; x_wconf 66' lang='lat' dir='ltr'><strong>litaniae,</strong></span> <span class='ocrx_word' id='word_1_197' title='bbox 1347 2824 1485 2877; x_wconf 89' lang='lat' dir='ltr'><strong>quas</strong></span> <span class='ocrx_word' id='word_1_198' title='bbox 1518 2824 1663 2861; x_wconf 86' lang='lat' dir='ltr'><strong>nunc</strong></span> <span class='ocrx_word' id='word_1_199' title='bbox 1698 2808 1880 2862; x_wconf 86' lang='lat' dir='ltr'><strong>studio</strong></span> <span class='ocrx_word' id='word_1_200' title='bbox 1907 2807 2004 2859; x_wconf 80' lang='lat' dir='ltr'><strong>ha-</strong></span> 
     </span>
    </p>
   </div>
   <div class='ocr_carea' id='block_1_31' title="bbox 420 2901 1999 2971">
    <p class='ocr_par' dir='ltr' id='par_1_31' title="bbox 420 2901 1999 2971">
     <span class='ocr_line' id='line_1_31' title="bbox 420 2901 1999 2971; baseline -0.005 -12"><span class='ocrx_word' id='word_1_201' title='bbox 420 2904 582 2959; x_wconf 84' lang='lat' dir='ltr'><strong>belis.</strong></span> <span class='ocrx_word' id='word_1_202' title='bbox 626 2902 811 2971; x_wconf 84' lang='lat' dir='ltr'><strong>Neque</strong></span> <span class='ocrx_word' id='word_1_203' title='bbox 854 2903 906 2955; x_wconf 90' lang='lat' dir='ltr'><strong>id</strong></span> <span class='ocrx_word' id='word_1_204' title='bbox 955 2902 1113 2965; x_wconf 85' lang='lat' dir='ltr'><strong>dico,</strong></span> <span class='ocrx_word' id='word_1_205' title='bbox 1146 2910 1205 2955; x_wconf 93' lang='lat' dir='ltr'><strong>ut</strong></span> <span class='ocrx_word' id='word_1_206' title='bbox 1237 2917 1335 2955; x_wconf 87' lang='lat' dir='ltr'><strong>vos</strong></span> <span class='ocrx_word' id='word_1_207' title='bbox 1372 2902 1731 2969; x_wconf 82' lang='lat' dir='ltr'><strong>redarguam;</strong></span> <span class='ocrx_word' id='word_1_208' title='bbox 1765 2901 1999 2968; x_wconf 81' lang='lat' dir='ltr'><strong>optarim</strong></span> 
     </span>
    </p>
   </div>
   <div class='ocr_carea' id='block_1_32' title="bbox 419 2993 1995 3063">
    <p class='ocr_par' dir='ltr' id='par_1_32' title="bbox 419 2993 1995 3063">
     <span class='ocr_line' id='line_1_32' title="bbox 419 2993 1995 3063; baseline -0.003 -14"><span class='ocrx_word' id='word_1_209' title='bbox 419 2996 565 3049; x_wconf 90' lang='lat' dir='ltr'><strong>enim</strong></span> <span class='ocrx_word' id='word_1_210' title='bbox 583 3010 680 3051; x_wconf 85' lang='lat' dir='ltr'><strong>vos</strong></span> <span class='ocrx_word' id='word_1_211' title='bbox 694 3010 883 3049; x_wconf 91' lang='lat' dir='ltr'><strong>omnes</strong></span> <span class='ocrx_word' id='word_1_212' title='bbox 897 2996 952 3048; x_wconf 90' lang='lat' dir='ltr'><strong>in</strong></span> <span class='ocrx_word' id='word_1_213' title='bbox 974 2994 1230 3063; x_wconf 82' lang='lat' dir='ltr'><strong>lacrymis</strong></span> <span class='ocrx_word' id='word_1_214' title='bbox 1246 3001 1298 3047; x_wconf 90' lang='lat' dir='ltr'><strong>et</strong></span> <span class='ocrx_word' id='word_1_215' title='bbox 1319 2993 1431 3062; x_wconf 87' lang='lat' dir='ltr'><strong>jugi</strong></span> <span class='ocrx_word' id='word_1_216' title='bbox 1462 2993 1779 3061; x_wconf 74' lang='lat' dir='ltr'><strong>pmnitentia</strong></span> <span class='ocrx_word' id='word_1_217' title='bbox 1801 2993 1995 3045; x_wconf 78' lang='lat' dir='ltr'><strong>vivere.</strong></span> 
     </span>
    </p>
   </div>
   <div class='ocr_carea' id='block_1_33' title="bbox 2119 442 3689 521">
    <p class='ocr_par' dir='ltr' id='par_1_33' title="bbox 2119 442 3689 521">
     <span class='ocr_line' id='line_1_33' title="bbox 2119 442 3689 521; baseline -0.004 -19"><span class='ocrx_word' id='word_1_218' title='bbox 2119 450 2355 521; x_wconf 71' lang='grc' dir='ltr'>μάλιστα</span> <span class='ocrx_word' id='word_1_219' title='bbox 2376 447 2503 510; x_wconf 80' lang='grc' dir='ltr'>τοὺς</span> <span class='ocrx_word' id='word_1_220' title='bbox 2531 445 2930 516; x_wconf 79' lang='grc' dir='ltr'><strong>ἁπλουστέρους</strong></span> <span class='ocrx_word' id='word_1_221' title='bbox 2956 444 3211 514; x_wconf 78' lang='grc' dir='ltr'>φοδούσιν</span> <span class='ocrx_word' id='word_1_222' title='bbox 3237 447 3287 498; x_wconf 75' lang='lat' dir='ltr'><strong>oi</strong></span> <span class='ocrx_word' id='word_1_223' title='bbox 3316 442 3689 507; x_wconf 79' lang='grc' dir='ltr'>διαϐάλλοντες</span> 
     </span>
    </p>
   </div>
   <div class='ocr_carea' id='block_1_34' title="bbox 2116 536 3687 611">
    <p class='ocr_par' dir='ltr' id='par_1_34' title="bbox 2116 536 3687 611">
     <span class='ocr_line' id='line_1_34' title="bbox 2116 536 3687 611; baseline -0.003 -18"><span class='ocrx_word' id='word_1_224' title='bbox 2116 541 2284 611; x_wconf 83' lang='grc' dir='ltr'>ἡμᾶς,</span> <span class='ocrx_word' id='word_1_225' title='bbox 2317 542 2496 592; x_wconf 88' lang='grc' dir='ltr'>ἐκεῖνο</span> <span class='ocrx_word' id='word_1_226' title='bbox 2543 539 2718 591; x_wconf 81' lang='grc' dir='ltr'>εἰπεῖν</span> <span class='ocrx_word' id='word_1_227' title='bbox 2763 537 2899 607; x_wconf 78' lang='grc' dir='ltr'><strong>ἔχω’</strong></span> <span class='ocrx_word' id='word_1_228' title='bbox 2926 537 3008 589; x_wconf 84' lang='grc' dir='ltr'><strong>ὅτι</strong></span> <span class='ocrx_word' id='word_1_229' title='bbox 3055 536 3123 591; x_wconf 83' lang='grc' dir='ltr'>τὰ</span> <span class='ocrx_word' id='word_1_230' title='bbox 3174 537 3270 590; x_wconf 82' lang='grc' dir='ltr'>νῦν</span> <span class='ocrx_word' id='word_1_231' title='bbox 3310 536 3687 607; x_wconf 77' lang='grc' dir='ltr'><strong>κεκρατηκότα</strong></span> 
     </span>
    </p>
   </div>
   <div class='ocr_carea' id='block_1_35' title="bbox 2116 627 3689 703">
    <p class='ocr_par' dir='ltr' id='par_1_35' title="bbox 2116 627 3689 703">
     <span class='ocr_line' id='line_1_35' title="bbox 2116 627 3689 703; baseline -0.004 -18"><span class='ocrx_word' id='word_1_232' title='bbox 2116 631 2216 703; x_wconf 79' lang='grc' dir='ltr'><strong>ἔθη</strong></span> <span class='ocrx_word' id='word_1_233' title='bbox 2255 631 2458 694; x_wconf 77' lang='grc' dir='ltr'>πάσαις</span> <span class='ocrx_word' id='word_1_234' title='bbox 2490 633 2610 693; x_wconf 89' lang='grc' dir='ltr'>ταῖς</span> <span class='ocrx_word' id='word_1_235' title='bbox 2650 629 2744 682; x_wconf 81' lang='grc' dir='ltr'>τοῦ</span> <span class='ocrx_word' id='word_1_236' title='bbox 2765 627 2900 681; x_wconf 81' lang='grc' dir='ltr'>Θεοῦ</span> <span class='ocrx_word' id='word_1_237' title='bbox 2932 628 3279 699; x_wconf 83' lang='grc' dir='ltr'>Ἐκκλησίαις</span> <span class='ocrx_word' id='word_1_238' title='bbox 3320 628 3530 697; x_wconf 67' lang='grc' dir='ltr'>συνῳδὰ</span> <span class='ocrx_word' id='word_1_239' title='bbox 3572 630 3689 680; x_wconf 85' lang='grc' dir='ltr'>ἐστι</span> 
     </span>
    </p>
   </div>
   <div class='ocr_carea' id='block_1_36' title="bbox 2115 718 3689 794">
    <p class='ocr_par' dir='ltr' id='par_1_36' title="bbox 2115 718 3689 794">
     <span class='ocr_line' id='line_1_36' title="bbox 2115 718 3689 794; baseline -0.004 -18"><span class='ocrx_word' id='word_1_240' title='bbox 2115 725 2209 777; x_wconf 72' lang='grc' dir='ltr'><strong>καὶ</strong></span> <span class='ocrx_word' id='word_1_241' title='bbox 2244 723 2526 794; x_wconf 80' lang='grc' dir='ltr'>σύμφωνα.</span> <span class='ocrx_word' id='word_1_242' title='bbox 2576 722 2671 775; x_wconf 86' lang='grc' dir='ltr'>Ἐκ</span> <span class='ocrx_word' id='word_1_243' title='bbox 2697 720 2890 780; x_wconf 82' lang='grc' dir='ltr'>νυκτὸς</span> <span class='ocrx_word' id='word_1_244' title='bbox 2918 720 3025 790; x_wconf 80' lang='grc' dir='ltr'><strong>γὰρ</strong></span> <span class='ocrx_word' id='word_1_245' title='bbox 3054 719 3294 789; x_wconf 69' lang='grc' dir='ltr'>ὀρθρίςει</span> <span class='ocrx_word' id='word_1_246' title='bbox 3339 718 3469 790; x_wconf 77' lang='grc' dir='ltr'>παρ’</span> <span class='ocrx_word' id='word_1_247' title='bbox 3496 720 3628 788; x_wconf 74' lang='grc' dir='ltr'>ἡμῖν</span> <span class='ocrx_word' id='word_1_248' title='bbox 3661 720 3689 770; x_wconf 83' lang='grc' dir='ltr'>ὁ</span> 
     </span>
    </p>
   </div>
   <div class='ocr_carea' id='block_1_37' title="bbox 2114 808 3687 881">
    <p class='ocr_par' dir='ltr' id='par_1_37' title="bbox 2114 808 3687 881">
     <span class='ocr_line' id='line_1_37' title="bbox 2114 808 3687 881; baseline -0.004 -15"><span class='ocrx_word' id='word_1_249' title='bbox 2114 813 2240 877; x_wconf 83' lang='grc' dir='ltr'>λαὸς</span> <span class='ocrx_word' id='word_1_250' title='bbox 2271 815 2361 865; x_wconf 68' lang='grc' dir='ltr'>ἐπὶ</span> <span class='ocrx_word' id='word_1_251' title='bbox 2383 813 2473 865; x_wconf 81' lang='grc' dir='ltr'><strong>τὸν</strong></span> <span class='ocrx_word' id='word_1_252' title='bbox 2506 808 2654 865; x_wconf 80' lang='grc' dir='ltr'>οἷκον</span> <span class='ocrx_word' id='word_1_253' title='bbox 2686 811 2785 879; x_wconf 81' lang='grc' dir='ltr'>τῆς</span> <span class='ocrx_word' id='word_1_254' title='bbox 2814 809 3140 881; x_wconf 82' lang='grc' dir='ltr'><strong>προσευχῆς,</strong></span> <span class='ocrx_word' id='word_1_255' title='bbox 3173 810 3266 861; x_wconf 76' lang='grc' dir='ltr'><strong>καὶ</strong></span> <span class='ocrx_word' id='word_1_256' title='bbox 3310 812 3368 863; x_wconf 83' lang='grc' dir='ltr'><strong>ἐν</strong></span> <span class='ocrx_word' id='word_1_257' title='bbox 3406 809 3550 877; x_wconf 77' lang='grc' dir='ltr'>πόνῳ</span> <span class='ocrx_word' id='word_1_258' title='bbox 3596 808 3687 861; x_wconf 77' lang='grc' dir='ltr'>καὶ</span> 
     </span>
    </p>
   </div>
   <div class='ocr_carea' id='block_1_38' title="bbox 2114 899 3686 974">
    <p class='ocr_par' dir='ltr' id='par_1_38' title="bbox 2114 899 3686 974">
     <span class='ocr_line' id='line_1_38' title="bbox 2114 899 3686 974; baseline -0.004 -16"><span class='ocrx_word' id='word_1_259' title='bbox 2114 904 2290 974; x_wconf 61' lang='grc' dir='ltr'>θλίψει</span> <span class='ocrx_word' id='word_1_260' title='bbox 2316 906 2408 958; x_wconf 82' lang='grc' dir='ltr'><strong>καὶ</strong></span> <span class='ocrx_word' id='word_1_261' title='bbox 2435 907 2637 974; x_wconf 82' lang='grc' dir='ltr'>συνοχῇ</span> <span class='ocrx_word' id='word_1_262' title='bbox 2673 902 2921 973; x_wconf 76' lang='grc' dir='ltr'><strong>δακρύων</strong></span> <span class='ocrx_word' id='word_1_263' title='bbox 2945 900 3419 972; x_wconf 76' lang='grc' dir='ltr'>ἐξομολογούμενοι</span> <span class='ocrx_word' id='word_1_264' title='bbox 3448 901 3526 970; x_wconf 85' lang='grc' dir='ltr'><strong>τῷ</strong></span> <span class='ocrx_word' id='word_1_265' title='bbox 3546 899 3686 969; x_wconf 80' lang='grc' dir='ltr'><strong>Θεῷ,</strong></span> 
     </span>
    </p>
   </div>
   <div class='ocr_carea' id='block_1_39' title="bbox 2114 989 3688 1065">
    <p class='ocr_par' dir='ltr' id='par_1_39' title="bbox 2114 989 3688 1065">
     <span class='ocr_line' id='line_1_39' title="bbox 2114 989 3688 1065; baseline -0.004 -18"><span class='ocrx_word' id='word_1_266' title='bbox 2114 995 2424 1048; x_wconf 81' lang='grc' dir='ltr'>τελευταῖον</span> <span class='ocrx_word' id='word_1_267' title='bbox 2479 993 2872 1060; x_wconf 75' lang='grc' dir='ltr'>ἐξαναστάντες</span> <span class='ocrx_word' id='word_1_268' title='bbox 2905 992 3012 1044; x_wconf 86' lang='grc' dir='ltr'><strong>τῶν</strong></span> <span class='ocrx_word' id='word_1_269' title='bbox 3055 990 3407 1065; x_wconf 83' lang='grc' dir='ltr'>προσευχῶν,</span> <span class='ocrx_word' id='word_1_270' title='bbox 3456 992 3535 1053; x_wconf 83' lang='grc' dir='ltr'><strong>είς</strong></span> <span class='ocrx_word' id='word_1_271' title='bbox 3589 989 3688 1060; x_wconf 80' lang='grc' dir='ltr'>τὴν</span> 
     </span>
    </p>
   </div>
   <div class='ocr_carea' id='block_1_40' title="bbox 2112 1079 3690 1154">
    <p class='ocr_par' dir='ltr' id='par_1_40' title="bbox 2112 1079 3690 1154">
     <span class='ocr_line' id='line_1_40' title="bbox 2112 1079 3690 1154; baseline -0.004 -17"><span class='ocrx_word' id='word_1_272' title='bbox 2112 1085 2434 1154; x_wconf 69' lang='grc' dir='ltr'>ψαλμῳδίαν</span> <span class='ocrx_word' id='word_1_273' title='bbox 2461 1083 2837 1135; x_wconf 81' lang='grc' dir='ltr'>καθίστανται.</span> <span class='ocrx_word' id='word_1_274' title='bbox 2881 1082 2989 1135; x_wconf 76' lang='grc' dir='ltr'><strong>Καὶ</strong></span> <span class='ocrx_word' id='word_1_275' title='bbox 3030 1081 3125 1134; x_wconf 78' lang='grc' dir='ltr'>νῦν</span> <span class='ocrx_word' id='word_1_276' title='bbox 3176 1080 3295 1151; x_wconf 87' lang='grc' dir='ltr'>μὲν,</span> <span class='ocrx_word' id='word_1_277' title='bbox 3347 1079 3468 1149; x_wconf 84' lang='grc' dir='ltr'>διχῆ</span> <span class='ocrx_word' id='word_1_278' title='bbox 3514 1079 3690 1131; x_wconf 74' lang='grc' dir='ltr'>διανεο</span> 
     </span>
    </p>
   </div>
   <div class='ocr_carea' id='block_1_41' title="bbox 2116 1170 3690 1247">
    <p class='ocr_par' dir='ltr' id='par_1_41' title="bbox 2116 1170 3690 1247">
     <span class='ocr_line' id='line_1_41' title="bbox 2116 1170 3690 1247; baseline -0.003 -20"><span class='ocrx_word' id='word_1_279' title='bbox 2116 1175 2417 1247; x_wconf 68' lang='grc' dir='ltr'>μυηθέντες,</span> <span class='ocrx_word' id='word_1_280' title='bbox 2473 1174 2886 1243; x_wconf 74' lang='grc' dir='ltr'>ἁντιψάλλουσιν</span> <span class='ocrx_word' id='word_1_281' title='bbox 2924 1172 3190 1241; x_wconf 78' lang='grc' dir='ltr'>ἀλλήλοις,</span> <span class='ocrx_word' id='word_1_282' title='bbox 3239 1170 3375 1241; x_wconf 83' lang='grc' dir='ltr'>ὁμοῦ</span> <span class='ocrx_word' id='word_1_283' title='bbox 3436 1171 3540 1240; x_wconf 84' lang='grc' dir='ltr'>μὲν</span> <span class='ocrx_word' id='word_1_284' title='bbox 3590 1171 3690 1240; x_wconf 78' lang='grc' dir='ltr'>τὴν</span> 
     </span>
    </p>
   </div>
   <div class='ocr_carea' id='block_1_42' title="bbox 2115 1261 3689 1337">
    <p class='ocr_par' dir='ltr' id='par_1_42' title="bbox 2115 1261 3689 1337">
     <span class='ocr_line' id='line_1_42' title="bbox 2115 1261 3689 1337; baseline -0.004 -18"><span class='ocrx_word' id='word_1_285' title='bbox 2115 1267 2348 1337; x_wconf 71' lang='grc' dir='ltr'>μελέτην</span> <span class='ocrx_word' id='word_1_286' title='bbox 2380 1266 2490 1318; x_wconf 88' lang='grc' dir='ltr'><strong>τῶν</strong></span> <span class='ocrx_word' id='word_1_287' title='bbox 2524 1264 2721 1332; x_wconf 80' lang='grc' dir='ltr'>λογίων</span> <span class='ocrx_word' id='word_1_288' title='bbox 2763 1262 3010 1316; x_wconf 78' lang='grc' dir='ltr'>ἐντεῦθεν</span> <span class='ocrx_word' id='word_1_289' title='bbox 3043 1263 3423 1333; x_wconf 86' lang='grc' dir='ltr'>κρατύνοντες,</span> <span class='ocrx_word' id='word_1_290' title='bbox 3457 1261 3596 1332; x_wconf 79' lang='grc' dir='ltr'>ὁμοῦ</span> <span class='ocrx_word' id='word_1_291' title='bbox 3632 1261 3689 1314; x_wconf 67' lang='grc' dir='ltr'>δὲ</span> 
     </span>
    </p>
   </div>
   <div class='ocr_carea' id='block_1_43' title="bbox 2111 1353 3692 1429">
    <p class='ocr_par' dir='ltr' id='par_1_43' title="bbox 2111 1353 3692 1429">
     <span class='ocr_line' id='line_1_43' title="bbox 2111 1353 3692 1429; baseline -0.003 -20"><span class='ocrx_word' id='word_1_292' title='bbox 2111 1360 2207 1411; x_wconf 78' lang='grc' dir='ltr'><strong>καὶ</strong></span> <span class='ocrx_word' id='word_1_293' title='bbox 2228 1357 2326 1428; x_wconf 87' lang='grc' dir='ltr'>τὴν</span> <span class='ocrx_word' id='word_1_294' title='bbox 2355 1356 2628 1429; x_wconf 76' lang='grc' dir='ltr'>προσοχὴν</span> <span class='ocrx_word' id='word_1_295' title='bbox 2666 1356 2760 1409; x_wconf 73' lang='grc' dir='ltr'><strong>καὶ</strong></span> <span class='ocrx_word' id='word_1_296' title='bbox 2788 1356 2848 1408; x_wconf 81' lang='grc' dir='ltr'><strong>τὸ</strong></span> <span class='ocrx_word' id='word_1_297' title='bbox 2882 1355 3281 1425; x_wconf 83' lang='grc' dir='ltr'>ἀμετεῶριστον</span> <span class='ocrx_word' id='word_1_298' title='bbox 3310 1354 3420 1406; x_wconf 88' lang='grc' dir='ltr'><strong>τῶν</strong></span> <span class='ocrx_word' id='word_1_299' title='bbox 3452 1353 3692 1423; x_wconf 77' lang='grc' dir='ltr'>καρδιῶν</span> 
     </span>
    </p>
   </div>
   <div class='ocr_carea' id='block_1_44' title="bbox 2112 1444 3690 1519">
    <p class='ocr_par' dir='ltr' id='par_1_44' title="bbox 2112 1444 3690 1519">
     <span class='ocr_line' id='line_1_44' title="bbox 2112 1444 3690 1519; baseline -0.004 -17"><span class='ocrx_word' id='word_1_300' title='bbox 2112 1451 2323 1512; x_wconf 80' lang='grc' dir='ltr'>ἑαυτοῖς</span> <span class='ocrx_word' id='word_1_301' title='bbox 2352 1448 2712 1519; x_wconf 82' lang='grc' dir='ltr'>διοικούμενοι</span> <span class='ocrx_word' id='word_1_302' title='bbox 2736 1448 2810 1516; x_wconf 85' lang='grc'><strong>(1)</strong></span> <span class='ocrx_word' id='word_1_303' title='bbox 2831 1464 2844 1476; x_wconf 75' lang='grc'><strong>⁸</strong></span> <span class='ocrx_word' id='word_1_304' title='bbox 2874 1447 3062 1500; x_wconf 69' lang='grc' dir='ltr'>ἔπειτα</span> <span class='ocrx_word' id='word_1_305' title='bbox 3093 1446 3252 1498; x_wconf 84' lang='grc' dir='ltr'>πάλιν</span> <span class='ocrx_word' id='word_1_306' title='bbox 3296 1444 3690 1515; x_wconf 73' lang='grc' dir='ltr'>ἐπιτρέψαντες</span> 
     </span>
    </p>
   </div>
   <div class='ocr_carea' id='block_1_45' title="bbox 2110 1535 3693 1611">
    <p class='ocr_par' dir='ltr' id='par_1_45' title="bbox 2110 1535 3693 1611">
     <span class='ocr_line' id='line_1_45' title="bbox 2110 1535 3693 1611; baseline -0.004 -18"><span class='ocrx_word' id='word_1_307' title='bbox 2110 1542 2191 1593; x_wconf 68' lang='grc' dir='ltr'>ὲν).</span> <span class='ocrx_word' id='word_1_308' title='bbox 2229 1542 2525 1611; x_wconf 83' lang='grc' dir='ltr'>κατάρχειν</span> <span class='ocrx_word' id='word_1_309' title='bbox 2566 1540 2660 1592; x_wconf 80' lang='grc' dir='ltr'>τοῦ</span> <span class='ocrx_word' id='word_1_310' title='bbox 2698 1539 2912 1611; x_wconf 80' lang='grc' dir='ltr'>μέλους,</span> <span class='ocrx_word' id='word_1_311' title='bbox 2958 1540 3007 1590; x_wconf 82' lang='grc' dir='ltr'>οἱ</span> <span class='ocrx_word' id='word_1_312' title='bbox 3033 1537 3210 1590; x_wconf 77' lang='grc' dir='ltr'>λοιποὶ</span> <span class='ocrx_word' id='word_1_313' title='bbox 3250 1536 3561 1607; x_wconf 80' lang='grc' dir='ltr'>ύπηχοῦσι·</span> <span class='ocrx_word' id='word_1_314' title='bbox 3598 1535 3693 1589; x_wconf 74' lang='grc' dir='ltr'>καὶ</span> 
     </span>
    </p>
   </div>
   <div class='ocr_carea' id='block_1_46' title="bbox 2110 1628 3691 1703">
    <p class='ocr_par' dir='ltr' id='par_1_46' title="bbox 2110 1628 3691 1703">
     <span class='ocr_line' id='line_1_46' title="bbox 2110 1628 3691 1703; baseline -0.004 -18"><span class='ocrx_word' id='word_1_315' title='bbox 2110 1632 2282 1696; x_wconf 72' lang='grc' dir='ltr'>οὕτως</span> <span class='ocrx_word' id='word_1_316' title='bbox 2325 1634 2383 1685; x_wconf 89' lang='grc' dir='ltr'><strong>ἐν</strong></span> <span class='ocrx_word' id='word_1_317' title='bbox 2435 1634 2501 1703; x_wconf 81' lang='grc' dir='ltr'>τῇ</span> <span class='ocrx_word' id='word_1_318' title='bbox 2555 1631 2798 1702; x_wconf 77' lang='grc' dir='ltr'>ποικιλίᾳ</span> <span class='ocrx_word' id='word_1_319' title='bbox 2842 1630 2942 1699; x_wconf 78' lang='grc' dir='ltr'>τῆς</span> <span class='ocrx_word' id='word_1_320' title='bbox 2995 1629 3310 1699; x_wconf 68' lang='grc' dir='ltr'>ψαλμῳδίας</span> <span class='ocrx_word' id='word_1_321' title='bbox 3358 1629 3458 1699; x_wconf 80' lang='grc' dir='ltr'>τὴν</span> <span class='ocrx_word' id='word_1_322' title='bbox 3521 1628 3691 1680; x_wconf 82' lang='grc' dir='ltr'>νύκτα</span> 
     </span>
    </p>
   </div>
   <div class='ocr_carea' id='block_1_47' title="bbox 2108 1720 3691 1794">
    <p class='ocr_par' dir='ltr' id='par_1_47' title="bbox 2108 1720 3691 1794">
     <span class='ocr_line' id='line_1_47' title="bbox 2108 1720 3691 1794; baseline -0.004 -17"><span class='ocrx_word' id='word_1_323' title='bbox 2108 1723 2498 1792; x_wconf 80' lang='grc' dir='ltr'>διενεγκόντες,</span> <span class='ocrx_word' id='word_1_324' title='bbox 2547 1723 2750 1794; x_wconf 81' lang='grc' dir='ltr'>μεταξὺ</span> <span class='ocrx_word' id='word_1_325' title='bbox 2808 1722 3271 1793; x_wconf 75' lang='grc' dir='ltr'>προσευχόμενοι,</span> <span class='ocrx_word' id='word_1_326' title='bbox 3321 1720 3543 1791; x_wconf 77' lang='grc' dir='ltr'>ἡμέρας</span> <span class='ocrx_word' id='word_1_327' title='bbox 3589 1720 3691 1791; x_wconf 69' lang='grc' dir='ltr'><strong>ήδη</strong></span> 
     </span>
    </p>
   </div>
   <div class='ocr_carea' id='block_1_48' title="bbox 2110 1811 3695 1882">
    <p class='ocr_par' dir='ltr' id='par_1_48' title="bbox 2110 1811 3695 1882">
     <span class='ocr_line' id='line_1_48' title="bbox 2110 1811 3695 1882; baseline -0.002 -17"><span class='ocrx_word' id='word_1_328' title='bbox 2110 1812 2561 1882; x_wconf 81' lang='grc' dir='ltr'>ύπολαμπούσης,</span> <span class='ocrx_word' id='word_1_329' title='bbox 2594 1813 2796 1875; x_wconf 84' lang='grc' dir='ltr'>πάντες</span> <span class='ocrx_word' id='word_1_330' title='bbox 2827 1814 3001 1881; x_wconf 80' lang='grc' dir='ltr'>κοινῇ,</span> <span class='ocrx_word' id='word_1_331' title='bbox 3042 1813 3117 1874; x_wconf 80' lang='grc' dir='ltr'>ὡς</span> <span class='ocrx_word' id='word_1_332' title='bbox 3161 1811 3219 1876; x_wconf 78' lang='grc' dir='ltr'>ἐξ</span> <span class='ocrx_word' id='word_1_333' title='bbox 3261 1812 3379 1874; x_wconf 82' lang='grc' dir='ltr'>ἐνὸς</span> <span class='ocrx_word' id='word_1_334' title='bbox 3418 1811 3695 1880; x_wconf 83' lang='grc' dir='ltr'>στόματος</span> 
     </span>
    </p>
   </div>
   <div class='ocr_carea' id='block_1_49' title="bbox 2109 1899 3690 1973">
    <p class='ocr_par' dir='ltr' id='par_1_49' title="bbox 2109 1899 3690 1973">
     <span class='ocr_line' id='line_1_49' title="bbox 2109 1899 3690 1973; baseline -0.001 -18"><span class='ocrx_word' id='word_1_335' title='bbox 2109 1902 2200 1955; x_wconf 74' lang='grc' dir='ltr'><strong>καὶ</strong></span> <span class='ocrx_word' id='word_1_336' title='bbox 2233 1904 2362 1971; x_wconf 82' lang='grc' dir='ltr'>μιᾶς</span> <span class='ocrx_word' id='word_1_337' title='bbox 2393 1902 2641 1973; x_wconf 78' lang='grc' dir='ltr'>καρδίας,</span> <span class='ocrx_word' id='word_1_338' title='bbox 2664 1901 2757 1954; x_wconf 82' lang='grc' dir='ltr'><strong>τὸν</strong></span> <span class='ocrx_word' id='word_1_339' title='bbox 2782 1902 2882 1970; x_wconf 76' lang='grc' dir='ltr'>τῆς</span> <span class='ocrx_word' id='word_1_340' title='bbox 2903 1900 3196 1971; x_wconf 80' lang='grc' dir='ltr'>ἐξομολογή</span> <span class='ocrx_word' id='word_1_341' title='bbox 3208 1918 3343 1964; x_wconf 67' lang='lat' dir='ltr'><strong>asto;</strong></span> <span class='ocrx_word' id='word_1_342' title='bbox 3371 1901 3589 1971; x_wconf 71' lang='grc' dir='ltr'>ψαλμὸν</span> <span class='ocrx_word' id='word_1_343' title='bbox 3614 1899 3690 1968; x_wconf 69' lang='grc'><strong>(2)</strong></span> 
     </span>
    </p>
   </div>
   <div class='ocr_carea' id='block_1_50' title="bbox 2106 1999 3691 2071">
    <p class='ocr_par' dir='ltr' id='par_1_50' title="bbox 2106 1999 3691 2071">
     <span class='ocr_line' id='line_1_50' title="bbox 2106 1999 3691 2071; baseline 0.003 -23"><span class='ocrx_word' id='word_1_344' title='bbox 2106 2000 2442 2070; x_wconf 74' lang='grc' dir='ltr'>ἀναφέρουσι</span> <span class='ocrx_word' id='word_1_345' title='bbox 2492 2000 2567 2069; x_wconf 81' lang='grc' dir='ltr'><strong>τῷ</strong></span> <span class='ocrx_word' id='word_1_346' title='bbox 2599 2000 2810 2071; x_wconf 82' lang='grc' dir='ltr'>Κυρίῳ,</span> <span class='ocrx_word' id='word_1_347' title='bbox 2849 1999 2953 2052; x_wconf 83' lang='grc' dir='ltr'>ἴδια</span> <span class='ocrx_word' id='word_1_348' title='bbox 2985 2000 3191 2052; x_wconf 80' lang='grc' dir='ltr'>ἑαυτῶν</span> <span class='ocrx_word' id='word_1_349' title='bbox 3224 2000 3454 2062; x_wconf 73' lang='grc' dir='ltr'>ἕκαστος</span> <span class='ocrx_word' id='word_1_350' title='bbox 3487 2000 3554 2051; x_wconf 81' lang='grc' dir='ltr'><strong>τὰ</strong></span> <span class='ocrx_word' id='word_1_351' title='bbox 3594 2000 3691 2071; x_wconf 64' lang='lat' dir='ltr'><strong>pf,-</strong></span> 
     </span>
    </p>
   </div>
   <div class='ocr_carea' id='block_1_51' title="bbox 2110 2091 3695 2162">
    <p class='ocr_par' dir='ltr' id='par_1_51' title="bbox 2110 2091 3695 2162">
     <span class='ocr_line' id='line_1_51' title="bbox 2110 2091 3695 2162; baseline 0.001 -19"><span class='ocrx_word' id='word_1_352' title='bbox 2110 2109 2255 2162; x_wconf 87' lang='grc' dir='ltr'>ματα</span> <span class='ocrx_word' id='word_1_353' title='bbox 2289 2092 2387 2162; x_wconf 77' lang='grc' dir='ltr'><strong>τῆς</strong></span> <span class='ocrx_word' id='word_1_354' title='bbox 2421 2091 2711 2162; x_wconf 76' lang='grc' dir='ltr'>μετανοίας</span> <span class='ocrx_word' id='word_1_355' title='bbox 2743 2093 3073 2162; x_wconf 75' lang='grc' dir='ltr'>ποιούμενοι.</span> <span class='ocrx_word' id='word_1_356' title='bbox 3111 2093 3232 2144; x_wconf 78' lang='grc' dir='ltr'>Ἐπὶ</span> <span class='ocrx_word' id='word_1_357' title='bbox 3259 2091 3473 2155; x_wconf 79' lang='grc' dir='ltr'>τούτοις</span> <span class='ocrx_word' id='word_1_358' title='bbox 3508 2091 3695 2145; x_wconf 77' lang='grc' dir='ltr'>λοιπὸν</span> 
     </span>
    </p>
   </div>
   <div class='ocr_carea' id='block_1_52' title="bbox 2106 2179 3689 2251">
    <p class='ocr_par' dir='ltr' id='par_1_52' title="bbox 2106 2179 3689 2251">
     <span class='ocr_line' id='line_1_52' title="bbox 2106 2179 3689 2251; baseline 0.001 -21"><span class='ocrx_word' id='word_1_359' title='bbox 2106 2182 2153 2230; x_wconf 82' lang='grc' dir='ltr'>εἰ</span> <span class='ocrx_word' id='word_1_360' title='bbox 2186 2181 2333 2249; x_wconf 81' lang='grc' dir='ltr'>ἡμᾶς</span> <span class='ocrx_word' id='word_1_361' title='bbox 2360 2180 2729 2248; x_wconf 58' lang='grc' dir='ltr'>ἁποψεύγετε,</span> <span class='ocrx_word' id='word_1_362' title='bbox 2770 2179 3032 2250; x_wconf 75' lang='grc' dir='ltr'>φεύξεσθε</span> <span class='ocrx_word' id='word_1_363' title='bbox 3064 2181 3140 2249; x_wconf 79' lang='lat'><strong>(3)</strong></span> <span class='ocrx_word' id='word_1_364' title='bbox 3187 2182 3284 2251; x_wconf 89' lang='grc' dir='ltr'><strong>μέν</strong></span> <span class='ocrx_word' id='word_1_365' title='bbox 3318 2181 3689 2248; x_wconf 73' lang='grc' dir='ltr'>Αἰγυπτίους·</span> 
     </span>
    </p>
   </div>
   <div class='ocr_carea' id='block_1_53' title="bbox 2106 2270 3689 2342">
    <p class='ocr_par' dir='ltr' id='par_1_53' title="bbox 2106 2270 3689 2342">
     <span class='ocr_line' id='line_1_53' title="bbox 2106 2270 3689 2342; baseline 0.001 -21"><span class='ocrx_word' id='word_1_366' title='bbox 2106 2270 2367 2337; x_wconf 78' lang='grc' dir='ltr'>φεύξεσθε</span> <span class='ocrx_word' id='word_1_367' title='bbox 2424 2272 2481 2323; x_wconf 77' lang='grc' dir='ltr'><strong>δὲ</strong></span> <span class='ocrx_word' id='word_1_368' title='bbox 2551 2272 2644 2324; x_wconf 71' lang='grc' dir='ltr'><strong>καὶ</strong></span> <span class='ocrx_word' id='word_1_369' title='bbox 2708 2273 2914 2334; x_wconf 72' lang='grc' dir='ltr'>Λίϐυας</span> <span class='ocrx_word' id='word_1_370' title='bbox 2970 2272 3347 2342; x_wconf 65' lang='grc' dir='ltr'>ἀμφοτέρους,</span> <span class='ocrx_word' id='word_1_371' title='bbox 3395 2271 3689 2341; x_wconf 72' lang='grc' dir='ltr'>Θηϐαίους,</span> 
     </span>
    </p>
   </div>
   <div class='ocr_carea' id='block_1_54' title="bbox 2106 2362 3694 2433">
    <p class='ocr_par' dir='ltr' id='par_1_54' title="bbox 2106 2362 3694 2433">
     <span class='ocr_line' id='line_1_54' title="bbox 2106 2362 3694 2433; baseline -0.001 -18"><span class='ocrx_word' id='word_1_372' title='bbox 2106 2362 2519 2426; x_wconf 76' lang='grc' dir='ltr'>Παλαιστίνους,</span> <span class='ocrx_word' id='word_1_373' title='bbox 2557 2363 2825 2433; x_wconf 71' lang='grc' dir='ltr'>Ἄραϐας,</span> <span class='ocrx_word' id='word_1_374' title='bbox 2860 2364 3134 2426; x_wconf 82' lang='grc' dir='ltr'>Φοίνικας,</span> <span class='ocrx_word' id='word_1_375' title='bbox 3165 2363 3392 2433; x_wconf 85' lang='grc' dir='ltr'>Σύρους,</span> <span class='ocrx_word' id='word_1_376' title='bbox 3436 2363 3694 2427; x_wconf 73' lang='grc' dir='ltr'>καὶτοὺς</span> 
     </span>
    </p>
   </div>
   <div class='ocr_carea' id='block_1_55' title="bbox 2106 2450 3690 2525">
    <p class='ocr_par' dir='ltr' id='par_1_55' title="bbox 2106 2450 3690 2525">
     <span class='ocr_line' id='line_1_55' title="bbox 2106 2450 3690 2525; baseline 0 -21"><span class='ocrx_word' id='word_1_377' title='bbox 2106 2453 2242 2522; x_wconf 74' lang='grc' dir='ltr'>πρὸς</span> <span class='ocrx_word' id='word_1_378' title='bbox 2264 2452 2341 2522; x_wconf 84' lang='grc' dir='ltr'>τῷ</span> <span class='ocrx_word' id='word_1_379' title='bbox 2367 2453 2630 2525; x_wconf 74' lang='grc' dir='ltr'>Εὐφράτῃ</span> <span class='ocrx_word' id='word_1_380' title='bbox 2659 2454 3124 2523; x_wconf 84' lang='grc' dir='ltr'>κατῳκισμένους,</span> <span class='ocrx_word' id='word_1_381' title='bbox 3148 2454 3241 2505; x_wconf 66' lang='grc' dir='ltr'><strong>καῖ⁵</strong></span> <span class='ocrx_word' id='word_1_382' title='bbox 3274 2453 3482 2515; x_wconf 77' lang='grc' dir='ltr'>πάντας</span> <span class='ocrx_word' id='word_1_383' title='bbox 3512 2450 3690 2517; x_wconf 80' lang='grc' dir='ltr'>ἁπαξ-</span> 
     </span>
    </p>
   </div>
   <div class='ocr_carea' id='block_1_56' title="bbox 2104 2537 3688 2613">
    <p class='ocr_par' dir='ltr' id='par_1_56' title="bbox 2104 2537 3688 2613">
     <span class='ocr_line' id='line_1_56' title="bbox 2104 2537 3688 2613; baseline -0.001 -18"><span class='ocrx_word' id='word_1_384' title='bbox 2104 2541 2309 2604; x_wconf 80' lang='grc' dir='ltr'>απλῶς,</span> <span class='ocrx_word' id='word_1_385' title='bbox 2345 2543 2474 2613; x_wconf 84' lang='grc' dir='ltr'>παρ’</span> <span class='ocrx_word' id='word_1_386' title='bbox 2515 2537 2595 2604; x_wconf 75' lang='grc' dir='ltr'>οἷς</span> <span class='ocrx_word' id='word_1_387' title='bbox 2636 2543 2938 2613; x_wconf 80' lang='grc' dir='ltr'>ἀγρυπνίαι</span> <span class='ocrx_word' id='word_1_388' title='bbox 2987 2542 3082 2594; x_wconf 74' lang='grc' dir='ltr'><strong>καὶ</strong></span> <span class='ocrx_word' id='word_1_389' title='bbox 3126 2542 3460 2613; x_wconf 80' lang='grc' dir='ltr'>προσευχαὶ,</span> <span class='ocrx_word' id='word_1_390' title='bbox 3490 2541 3589 2594; x_wconf 68' lang='grc' dir='ltr'><strong>καὶ</strong></span> <span class='ocrx_word' id='word_1_391' title='bbox 3634 2542 3688 2593; x_wconf 78' lang='grc' dir='ltr'>αἱ</span> 
     </span>
    </p>
   </div>
   <div class='ocr_carea' id='block_1_57' title="bbox 2105 2633 2977 2703">
    <p class='ocr_par' dir='ltr' id='par_1_57' title="bbox 2105 2633 2977 2703">
     <span class='ocr_line' id='line_1_57' title="bbox 2105 2633 2977 2703; baseline -0.003 -15"><span class='ocrx_word' id='word_1_392' title='bbox 2105 2635 2281 2689; x_wconf 74' lang='grc' dir='ltr'>κοιναὶ</span> <span class='ocrx_word' id='word_1_393' title='bbox 2308 2633 2617 2703; x_wconf 72' lang='grc' dir='ltr'>ψαλμῳδίαι</span> <span class='ocrx_word' id='word_1_394' title='bbox 2639 2634 2977 2703; x_wconf 86' lang='grc' dir='ltr'>τετίμηνται.</span> 
     </span>
    </p>
   </div>
   <div class='ocr_carea' id='block_1_58' title="bbox 2173 2720 3688 2793">
    <p class='ocr_par' dir='ltr' id='par_1_58' title="bbox 2173 2720 3688 2793">
     <span class='ocr_line' id='line_1_58' title="bbox 2173 2720 3688 2793; baseline -0.003 -13"><span class='ocrx_word' id='word_1_395' title='bbox 2173 2727 2227 2780; x_wconf 72' lang='grc'>4.</span> <span class='ocrx_word' id='word_1_396' title='bbox 2270 2725 2410 2777; x_wconf 82' lang='grc' dir='ltr'>Ἀλλ’</span> <span class='ocrx_word' id='word_1_397' title='bbox 2460 2726 2560 2776; x_wconf 77' lang='grc' dir='ltr'><strong>οὐκ</strong></span> <span class='ocrx_word' id='word_1_398' title='bbox 2601 2720 2690 2792; x_wconf 83' lang='grc' dir='ltr'>ἦν,</span> <span class='ocrx_word' id='word_1_399' title='bbox 2742 2724 2895 2793; x_wconf 69' lang='grc' dir='ltr'>φησι,</span> <span class='ocrx_word' id='word_1_400' title='bbox 2948 2723 3122 2775; x_wconf 73' lang='grc' dir='ltr'>ταῦτα</span> <span class='ocrx_word' id='word_1_401' title='bbox 3176 2724 3269 2775; x_wconf 72' lang='grc' dir='ltr'>ἐπὶ</span> <span class='ocrx_word' id='word_1_402' title='bbox 3301 2722 3396 2775; x_wconf 78' lang='grc' dir='ltr'>τοῦ</span> <span class='ocrx_word' id='word_1_403' title='bbox 3446 2722 3688 2793; x_wconf 79' lang='grc' dir='ltr'>μεγάλου</span> 
     </span>
    </p>
   </div>
   <div class='ocr_carea' id='block_1_59' title="bbox 2104 2811 3689 2885">
    <p class='ocr_par' dir='ltr' id='par_1_59' title="bbox 2104 2811 3689 2885">
     <span class='ocr_line' id='line_1_59' title="bbox 2104 2811 3689 2885; baseline 0.001 -20"><span class='ocrx_word' id='word_1_404' title='bbox 2104 2814 2425 2885; x_wconf 76' lang='grc' dir='ltr'>Γρηγορίου.</span> <span class='ocrx_word' id='word_1_405' title='bbox 2463 2814 2601 2866; x_wconf 81' lang='grc' dir='ltr'>Ἀλλ’</span> <span class='ocrx_word' id='word_1_406' title='bbox 2634 2814 2753 2867; x_wconf 76' lang='grc' dir='ltr'>οὐδὲ</span> <span class='ocrx_word' id='word_1_407' title='bbox 2786 2817 2842 2866; x_wconf 89' lang='grc' dir='ltr'><strong>αί</strong></span> <span class='ocrx_word' id='word_1_408' title='bbox 2882 2812 3139 2865; x_wconf 83' lang='grc' dir='ltr'>λιτανεῖαι</span> <span class='ocrx_word' id='word_1_409' title='bbox 3170 2812 3268 2881; x_wconf 70' lang='grc'><strong>(4),</strong></span> <span class='ocrx_word' id='word_1_410' title='bbox 3304 2811 3371 2875; x_wconf 78' lang='grc' dir='ltr'>ἃς</span> <span class='ocrx_word' id='word_1_411' title='bbox 3404 2813 3567 2882; x_wconf 82' lang='grc' dir='ltr'>ὑμεῖς</span> <span class='ocrx_word' id='word_1_412' title='bbox 3593 2812 3689 2866; x_wconf 80' lang='grc' dir='ltr'>νῦν</span> 
     </span>
    </p>
   </div>
   <div class='ocr_carea' id='block_1_60' title="bbox 2104 2900 3691 2973">
    <p class='ocr_par' dir='ltr' id='par_1_60' title="bbox 2104 2900 3691 2973">
     <span class='ocr_line' id='line_1_60' title="bbox 2104 2900 3691 2973; baseline 0.001 -21"><span class='ocrx_word' id='word_1_413' title='bbox 2104 2900 2472 2970; x_wconf 84' lang='grc' dir='ltr'>ἐπιτηδεύετε.</span> <span class='ocrx_word' id='word_1_414' title='bbox 2511 2902 2621 2953; x_wconf 78' lang='grc' dir='ltr'>Καὶ</span> <span class='ocrx_word' id='word_1_415' title='bbox 2655 2903 2714 2954; x_wconf 80' lang='grc' dir='ltr'><strong>ού</strong></span> <span class='ocrx_word' id='word_1_416' title='bbox 2752 2901 3071 2971; x_wconf 64' lang='grc' dir='ltr'>κατηγορῶν</span> <span class='ocrx_word' id='word_1_417' title='bbox 3120 2902 3272 2969; x_wconf 85' lang='grc' dir='ltr'>ὑμῶν</span> <span class='ocrx_word' id='word_1_418' title='bbox 3317 2901 3489 2969; x_wconf 85' lang='grc' dir='ltr'>λέγω·</span> <span class='ocrx_word' id='word_1_419' title='bbox 3525 2903 3691 2973; x_wconf 75' lang='grc' dir='ltr'>ηὐχόο</span> 
     </span>
    </p>
   </div>
   <div class='ocr_carea' id='block_1_61' title="bbox 2108 2994 3690 3066">
    <p class='ocr_par' dir='ltr' id='par_1_61' title="bbox 2108 2994 3690 3066">
     <span class='ocr_line' id='line_1_61' title="bbox 2108 2994 3690 3066; baseline 0.001 -21"><span class='ocrx_word' id='word_1_420' title='bbox 2108 3011 2213 3065; x_wconf 85' lang='grc' dir='ltr'><strong>μην</strong></span> <span class='ocrx_word' id='word_1_421' title='bbox 2246 2995 2353 3066; x_wconf 81' lang='grc' dir='ltr'>γὰρ</span> <span class='ocrx_word' id='word_1_422' title='bbox 2390 2994 2598 3057; x_wconf 83' lang='grc' dir='ltr'>πάντας</span> <span class='ocrx_word' id='word_1_423' title='bbox 2630 2995 2773 3065; x_wconf 81' lang='grc' dir='ltr'>ὑμᾶς</span> <span class='ocrx_word' id='word_1_424' title='bbox 2800 2996 2858 3046; x_wconf 86' lang='grc' dir='ltr'><strong>ἐν</strong></span> <span class='ocrx_word' id='word_1_425' title='bbox 2894 2995 3125 3064; x_wconf 81' lang='grc' dir='ltr'>δάκρυσι</span> <span class='ocrx_word' id='word_1_426' title='bbox 3154 2994 3271 3064; x_wconf 75' lang='grc' dir='ltr'>ζῇν,</span> <span class='ocrx_word' id='word_1_427' title='bbox 3305 2995 3399 3047; x_wconf 73' lang='grc' dir='ltr'>καὶ</span> <span class='ocrx_word' id='word_1_428' title='bbox 3430 2996 3690 3065; x_wconf 75' lang='grc' dir='ltr'>μετανοίᾳ</span> 
     </span>
    </p>
   </div>
   <div class='ocr_carea' id='block_1_62' title="bbox 418 3060 2002 3157">
    <p class='ocr_par' dir='ltr' id='par_1_62' title="bbox 418 3060 1972 3151">
     <span class='ocr_line' id='line_1_62' title="bbox 418 3060 1972 3151; baseline -0.004 -10"><span class='ocrx_word' id='word_1_429' title='bbox 418 3084 556 3141; x_wconf 86' lang='lat' dir='ltr'><strong>Nam</strong></span> <span class='ocrx_word' id='word_1_430' title='bbox 591 3094 644 3140; x_wconf 88' lang='lat' dir='ltr'><strong>et</strong></span> <span class='ocrx_word' id='word_1_431' title='bbox 673 3101 773 3140; x_wconf 91' lang='lat' dir='ltr'><strong>nos</strong></span> <span class='ocrx_word' id='word_1_432' title='bbox 805 3085 939 3139; x_wconf 88' lang='lat' dir='ltr'><strong>nihil</strong></span> <span class='ocrx_word' id='word_1_433' title='bbox 971 3060 1119 3139; x_wconf 85' lang='lat' dir='ltr'><strong>aliud</strong></span> <span class='ocrx_word' id='word_1_434' title='bbox 1152 3060 1405 3148; x_wconf 67' lang='lat' dir='ltr'><strong>facimus,</strong></span> <span class='ocrx_word' id='word_1_435' title='bbox 1441 3060 1546 3137; x_wconf 89' lang='lat' dir='ltr'><strong>nisi</strong></span> <span class='ocrx_word' id='word_1_436' title='bbox 1576 3081 1719 3151; x_wconf 89' lang='lat' dir='ltr'><strong>quod</strong></span> <span class='ocrx_word' id='word_1_437' title='bbox 1753 3098 1849 3151; x_wconf 87' lang='lat' dir='ltr'><strong>pro</strong></span> <span class='ocrx_word' id='word_1_438' title='bbox 1877 3096 1972 3150; x_wconf 90' lang='lat' dir='ltr'><strong>pec</strong></span> 
     </span>
    </p>
   </div>
   <div class='ocr_carea' id='block_1_63' title="bbox 2108 3060 3691 3157">
    <p class='ocr_par' dir='ltr' id='par_1_63' title="bbox 2108 3060 3691 3157">
     <span class='ocr_line' id='line_1_63' title="bbox 2108 3060 3691 3157; baseline -0.001 -19"><span class='ocrx_word' id='word_1_439' title='bbox 2108 3060 2361 3157; x_wconf 56' lang='grc' dir='ltr'>διήνεκεῖ.</span> <span class='ocrx_word' id='word_1_440' title='bbox 2393 3086 2545 3139; x_wconf 79' lang='grc' dir='ltr'>Ἐπεὶ</span> <span class='ocrx_word' id='word_1_441' title='bbox 2582 3060 2679 3139; x_wconf 62' lang='grc' dir='ltr'><strong>και</strong></span> <span class='ocrx_word' id='word_1_442' title='bbox 2696 3088 2856 3156; x_wconf 81' lang='grc' dir='ltr'>ἡμεῖς</span> <span class='ocrx_word' id='word_1_443' title='bbox 2875 3060 3027 3139; x_wconf 80' lang='grc' dir='ltr'>οὐδὲν</span> <span class='ocrx_word' id='word_1_444' title='bbox 3053 3060 3238 3156; x_wconf 69' lang='grc' dir='ltr'>ἕτερον</span> <span class='ocrx_word' id='word_1_445' title='bbox 3269 3086 3301 3155; x_wconf 84' lang='grc' dir='ltr'><strong>ῆ</strong></span> <span class='ocrx_word' id='word_1_446' title='bbox 3329 3060 3691 3157; x_wconf 69' lang='grc' dir='ltr'>λιτανεύομεν</span> 
     </span>
    </p>
   </div>
   <div class='ocr_carea' id='block_1_64' title="bbox 420 3175 1996 3245">
    <p class='ocr_par' dir='ltr' id='par_1_64' title="bbox 420 3175 1996 3245">
     <span class='ocr_line' id='line_1_64' title="bbox 420 3175 1996 3245; baseline -0.003 -15"><span class='ocrx_word' id='word_1_447' title='bbox 420 3176 562 3230; x_wconf 81' lang='lat' dir='ltr'><strong>catis</strong></span> <span class='ocrx_word' id='word_1_448' title='bbox 602 3177 804 3231; x_wconf 89' lang='lat' dir='ltr'><strong>nostris</strong></span> <span class='ocrx_word' id='word_1_449' title='bbox 838 3176 1252 3245; x_wconf 81' lang='lat' dir='ltr'><strong>supplicamus;</strong></span> <span class='ocrx_word' id='word_1_450' title='bbox 1286 3176 1381 3229; x_wconf 88' lang='lat' dir='ltr'><strong>sed</strong></span> <span class='ocrx_word' id='word_1_451' title='bbox 1434 3175 1504 3228; x_wconf 89' lang='lat' dir='ltr'><strong>ita</strong></span> <span class='ocrx_word' id='word_1_452' title='bbox 1554 3185 1754 3237; x_wconf 87' lang='lat' dir='ltr'><strong>tamen,</strong></span> <span class='ocrx_word' id='word_1_453' title='bbox 1799 3181 1996 3226; x_wconf 91' lang='lat' dir='ltr'><strong>utnon</strong></span> 
     </span>
    </p>
   </div>
   <div class='ocr_carea' id='block_1_65' title="bbox 421 3264 1995 3336">
    <p class='ocr_par' dir='ltr' id='par_1_65' title="bbox 421 3264 1995 3336">
     <span class='ocr_line' id='line_1_65' title="bbox 421 3264 1995 3336; baseline -0.003 -15"><span class='ocrx_word' id='word_1_454' title='bbox 421 3268 677 3323; x_wconf 85' lang='lat' dir='ltr'><strong>humanis</strong></span> <span class='ocrx_word' id='word_1_455' title='bbox 698 3268 899 3333; x_wconf 87' lang='lat' dir='ltr'><strong>verbis,</strong></span> <span class='ocrx_word' id='word_1_456' title='bbox 932 3269 1009 3321; x_wconf 92' lang='lat' dir='ltr'><strong>uti</strong></span> <span class='ocrx_word' id='word_1_457' title='bbox 1040 3284 1153 3329; x_wconf 86' lang='lat' dir='ltr'><strong>vos,</strong></span> <span class='ocrx_word' id='word_1_458' title='bbox 1177 3268 1271 3322; x_wconf 88' lang='lat' dir='ltr'><strong>sed</strong></span> <span class='ocrx_word' id='word_1_459' title='bbox 1298 3268 1537 3322; x_wconf 89' lang='lat' dir='ltr'><strong>oraculis</strong></span> <span class='ocrx_word' id='word_1_460' title='bbox 1572 3264 1807 3336; x_wconf 89' lang='lat' dir='ltr'><strong>Spiritus</strong></span> <span class='ocrx_word' id='word_1_461' title='bbox 1832 3264 1995 3318; x_wconf 87' lang='lat' dir='ltr'><strong>Deum</strong></span> 
     </span>
    </p>
   </div>
   <div class='ocr_carea' id='block_1_66' title="bbox 421 3354 1999 3429">
    <p class='ocr_par' dir='ltr' id='par_1_66' title="bbox 421 3354 1999 3429">
     <span class='ocr_line' id='line_1_66' title="bbox 421 3354 1999 3429; baseline -0.002 -16"><span class='ocrx_word' id='word_1_462' title='bbox 421 3371 671 3413; x_wconf 86' lang='lat' dir='ltr'><strong>nostrum</strong></span> <span class='ocrx_word' id='word_1_463' title='bbox 725 3360 1023 3429; x_wconf 82' lang='lat' dir='ltr'><strong>placemus.</strong></span> <span class='ocrx_word' id='word_1_464' title='bbox 1080 3358 1203 3413; x_wconf 57' lang='lat' dir='ltr'><strong>llaec</strong></span> <span class='ocrx_word' id='word_1_465' title='bbox 1263 3367 1443 3413; x_wconf 90' lang='lat' dir='ltr'><strong>autem</strong></span> <span class='ocrx_word' id='word_1_466' title='bbox 1506 3374 1615 3411; x_wconf 89' lang='lat' dir='ltr'><strong>non</strong></span> <span class='ocrx_word' id='word_1_467' title='bbox 1670 3356 1840 3411; x_wconf 77' lang='lat' dir='ltr'><strong>fuisse</strong></span> <span class='ocrx_word' id='word_1_468' title='bbox 1894 3354 1999 3410; x_wconf 90' lang='lat' dir='ltr'><strong>sub</strong></span> 
     </span>
    </p>
   </div>
   <div class='ocr_carea' id='block_1_67' title="bbox 421 3448 1998 3521">
    <p class='ocr_par' dir='ltr' id='par_1_67' title="bbox 421 3448 1998 3521">
     <span class='ocr_line' id='line_1_67' title="bbox 421 3448 1998 3521; baseline -0.002 -18"><span class='ocrx_word' id='word_1_469' title='bbox 421 3450 744 3504; x_wconf 89' lang='lat' dir='ltr'><strong>admirando</strong></span> <span class='ocrx_word' id='word_1_470' title='bbox 780 3450 1075 3521; x_wconf 79' lang='lat' dir='ltr'><strong>Gregorio,</strong></span> <span class='ocrx_word' id='word_1_471' title='bbox 1107 3466 1370 3520; x_wconf 87' lang='lat' dir='ltr'><strong>quosnam</strong></span> <span class='ocrx_word' id='word_1_472' title='bbox 1402 3449 1615 3502; x_wconf 87' lang='lat' dir='ltr'><strong>habetis</strong></span> <span class='ocrx_word' id='word_1_473' title='bbox 1649 3456 1815 3502; x_wconf 88' lang='lat' dir='ltr'><strong>testes</strong></span> <span class='ocrx_word' id='word_1_474' title='bbox 1838 3487 1853 3509; x_wconf 94' lang='lat'><strong>,</strong></span> <span class='ocrx_word' id='word_1_475' title='bbox 1904 3448 1998 3516; x_wconf 90' lang='lat' dir='ltr'><strong>qui</strong></span> 
     </span>
    </p>
   </div>
   <div class='ocr_carea' id='block_1_68' title="bbox 421 3541 1998 3613">
    <p class='ocr_par' dir='ltr' id='par_1_68' title="bbox 421 3541 1998 3613">
     <span class='ocr_line' id='line_1_68' title="bbox 421 3541 1998 3613; baseline 0 -21"><span class='ocrx_word' id='word_1_476' title='bbox 421 3541 640 3613; x_wconf 85' lang='lat' dir='ltr'><strong>quidem</strong></span> <span class='ocrx_word' id='word_1_477' title='bbox 685 3541 821 3596; x_wconf 91' lang='lat' dir='ltr'><strong>nihil</strong></span> <span class='ocrx_word' id='word_1_478' title='bbox 861 3557 926 3597; x_wconf 80' lang='lat' dir='ltr'><strong>ex</strong></span> <span class='ocrx_word' id='word_1_479' title='bbox 976 3542 1123 3597; x_wconf 91' lang='lat' dir='ltr'><strong>illius</strong></span> <span class='ocrx_word' id='word_1_480' title='bbox 1173 3543 1439 3597; x_wconf 88' lang='lat' dir='ltr'><strong>institutis</strong></span> <span class='ocrx_word' id='word_1_481' title='bbox 1474 3542 1739 3596; x_wconf 88' lang='lat' dir='ltr'><strong>hactenus</strong></span> <span class='ocrx_word' id='word_1_482' title='bbox 1772 3554 1998 3595; x_wconf 86' lang='lat' dir='ltr'><strong>conser-</strong></span> 
     </span>
    </p>
   </div>
   <div class='ocr_carea' id='block_1_69' title="bbox 421 3693 1996 3766">
    <p class='ocr_par' dir='ltr' id='par_1_69' title="bbox 421 3693 1996 3766">
     <span class='ocr_line' id='line_1_69' title="bbox 421 3693 1996 3766; baseline 0.001 -19"><span class='ocrx_word' id='word_1_483' title='bbox 421 3693 563 3749; x_wconf 82' lang='lat' dir='ltr'><strong>Edili</strong></span> <span class='ocrx_word' id='word_1_484' title='bbox 593 3694 780 3766; x_wconf 78' lang='grc' dir='ltr'>ὖμνον.</span> <span class='ocrx_word' id='word_1_485' title='bbox 825 3696 954 3753; x_wconf 87' lang='lat' dir='ltr'><strong>Mss.</strong></span> <span class='ocrx_word' id='word_1_486' title='bbox 987 3706 1120 3760; x_wconf 87' lang='lat' dir='ltr'><strong>tres,</strong></span> <span class='ocrx_word' id='word_1_487' title='bbox 1155 3712 1349 3765; x_wconf 90' lang='lat' dir='ltr'><strong>nempe</strong></span> <span class='ocrx_word' id='word_1_488' title='bbox 1384 3696 1534 3750; x_wconf 86' lang='lat' dir='ltr'><strong>llarl.</strong></span> <span class='ocrx_word' id='word_1_489' title='bbox 1558 3704 1611 3750; x_wconf 91' lang='lat' dir='ltr'><strong>et</strong></span> <span class='ocrx_word' id='word_1_490' title='bbox 1640 3695 1806 3751; x_wconf 84' lang='lat' dir='ltr'><strong>Coisl.</strong></span> <span class='ocrx_word' id='word_1_491' title='bbox 1847 3705 1996 3751; x_wconf 88' lang='lat' dir='ltr'><strong>nter-</strong></span> 
     </span>
    </p>
   </div>
   <div class='ocr_carea' id='block_1_70' title="bbox 422 3767 2001 3837">
    <p class='ocr_par' dir='ltr' id='par_1_70' title="bbox 422 3767 2001 3837">
     <span class='ocr_line' id='line_1_70' title="bbox 422 3767 2001 3837; baseline 0.001 -18"><span class='ocrx_word' id='word_1_492' title='bbox 422 3781 548 3837; x_wconf 77' lang='lat' dir='ltr'><strong>que,</strong></span> <span class='ocrx_word' id='word_1_493' title='bbox 593 3768 1056 3836; x_wconf 84' lang='lat' dir='ltr'><strong>interpunctionis</strong></span> <span class='ocrx_word' id='word_1_494' title='bbox 1096 3776 1277 3820; x_wconf 74' lang='lat' dir='ltr'><strong>notam</strong></span> <span class='ocrx_word' id='word_1_495' title='bbox 1320 3776 1602 3836; x_wconf 88' lang='lat' dir='ltr'><strong>apponunt</strong></span> <span class='ocrx_word' id='word_1_496' title='bbox 1656 3777 1776 3837; x_wconf 91' lang='lat' dir='ltr'><strong>post</strong></span> <span class='ocrx_word' id='word_1_497' title='bbox 1822 3767 2001 3836; x_wconf 83' lang='grc' dir='ltr'>διηνε-</span> 
     </span>
    </p>
   </div>
   <div class='ocr_carea' id='block_1_71' title="bbox 422 3835 1997 3908">
    <p class='ocr_par' dir='ltr' id='par_1_71' title="bbox 422 3835 1997 3908">
     <span class='ocr_line' id='line_1_71' title="bbox 422 3835 1997 3908; baseline 0.002 -20"><span class='ocrx_word' id='word_1_498' title='bbox 422 3835 552 3900; x_wconf 86' lang='grc' dir='ltr'>κῶς,</span> <span class='ocrx_word' id='word_1_499' title='bbox 606 3835 751 3907; x_wconf 85' lang='lat' dir='ltr'><strong>qttod</strong></span> <span class='ocrx_word' id='word_1_500' title='bbox 799 3839 929 3891; x_wconf 82' lang='lat' dir='ltr'><strong>editi</strong></span> <span class='ocrx_word' id='word_1_501' title='bbox 967 3839 1105 3891; x_wconf 85' lang='lat' dir='ltr'><strong>male</strong></span> <span class='ocrx_word' id='word_1_502' title='bbox 1136 3835 1539 3907; x_wconf 82' lang='lat' dir='ltr'><strong>(:onjungehant</strong></span> <span class='ocrx_word' id='word_1_503' title='bbox 1588 3835 1712 3890; x_wconf 70' lang='lat' dir='ltr'><strong>cum</strong></span> <span class='ocrx_word' id='word_1_504' title='bbox 1769 3835 1997 3908; x_wconf 77' lang='grc' dir='ltr'>ἐργαζό-</span> 
     </span>
    </p>
   </div>
   <div class='ocr_carea' id='block_1_72' title="bbox 423 3907 1998 3976">
    <p class='ocr_par' dir='ltr' id='par_1_72' title="bbox 423 3907 1998 3976">
     <span class='ocr_line' id='line_1_72' title="bbox 423 3907 1998 3976; baseline 0.002 -19"><span class='ocrx_word' id='word_1_505' title='bbox 423 3923 591 3976; x_wconf 89' lang='grc' dir='ltr'>μενοι.</span> <span class='ocrx_word' id='word_1_506' title='bbox 627 3913 738 3961; x_wconf 78' lang='lat' dir='ltr'><strong>Non</strong></span> <span class='ocrx_word' id='word_1_507' title='bbox 765 3910 908 3961; x_wconf 80' lang='lat' dir='ltr'><strong>enim</strong></span> <span class='ocrx_word' id='word_1_508' title='bbox 941 3909 1236 3960; x_wconf 86' lang='lat' dir='ltr'><strong>continuus</strong></span> <span class='ocrx_word' id='word_1_509' title='bbox 1258 3918 1373 3961; x_wconf 85' lang='lat' dir='ltr'><strong>erat</strong></span> <span class='ocrx_word' id='word_1_510' title='bbox 1399 3924 1654 3960; x_wconf 85' lang='lat' dir='ltr'><strong>manuum</strong></span> <span class='ocrx_word' id='word_1_511' title='bbox 1699 3907 1871 3970; x_wconf 88' lang='lat' dir='ltr'><strong>labor,</strong></span> <span class='ocrx_word' id='word_1_512' title='bbox 1904 3908 1998 3961; x_wconf 85' lang='lat' dir='ltr'><strong>sed</strong></span> 
     </span>
    </p>
   </div>
   <div class='ocr_carea' id='block_1_73' title="bbox 420 3978 1996 4047">
    <p class='ocr_par' dir='ltr' id='par_1_73' title="bbox 420 3978 1996 4047">
     <span class='ocr_line' id='line_1_73' title="bbox 420 3978 1996 4047; baseline 0.001 -18"><span class='ocrx_word' id='word_1_513' title='bbox 420 3978 681 4031; x_wconf 88' lang='lat' dir='ltr'><strong>continua</strong></span> <span class='ocrx_word' id='word_1_514' title='bbox 740 3979 1064 4047; x_wconf 89' lang='lat' dir='ltr'><strong>psalmodia,</strong></span> <span class='ocrx_word' id='word_1_515' title='bbox 1126 3994 1288 4046; x_wconf 85' lang='lat' dir='ltr'><strong>quam</strong></span> <span class='ocrx_word' id='word_1_516' title='bbox 1336 3994 1402 4031; x_wconf 89' lang='lat' dir='ltr'><strong>ne</strong></span> <span class='ocrx_word' id='word_1_517' title='bbox 1449 3979 1563 4046; x_wconf 88' lang='lat' dir='ltr'><strong>ipse</strong></span> <span class='ocrx_word' id='word_1_518' title='bbox 1592 3979 1811 4045; x_wconf 88' lang='lat' dir='ltr'><strong>quidem</strong></span> <span class='ocrx_word' id='word_1_519' title='bbox 1844 3980 1996 4032; x_wconf 85' lang='lat' dir='ltr'><strong>labor</strong></span> 
     </span>
    </p>
   </div>
   <div class='ocr_carea' id='block_1_74' title="bbox 420 4046 1997 4118">
    <p class='ocr_par' dir='ltr' id='par_1_74' title="bbox 420 4046 1997 4118">
     <span class='ocr_line' id='line_1_74' title="bbox 420 4046 1997 4118; baseline 0.001 -18"><span class='ocrx_word' id='word_1_520' title='bbox 420 4046 818 4117; x_wconf 82' lang='lat' dir='ltr'><strong>interpellabat.</strong></span> <span class='ocrx_word' id='word_1_521' title='bbox 852 4048 1018 4102; x_wconf 71' lang='lat' dir='ltr'><strong>Paulo</strong></span> <span class='ocrx_word' id='word_1_522' title='bbox 1044 4059 1163 4116; x_wconf 85' lang='lat' dir='ltr'><strong>post</strong></span> <span class='ocrx_word' id='word_1_523' title='bbox 1185 4048 1314 4100; x_wconf 85' lang='lat' dir='ltr'><strong>editi</strong></span> <span class='ocrx_word' id='word_1_524' title='bbox 1339 4050 1395 4099; x_wconf 87' lang='grc' dir='ltr'><strong>ἐν</strong></span> <span class='ocrx_word' id='word_1_525' title='bbox 1419 4048 1777 4118; x_wconf 75' lang='grc' dir='ltr'>ψαλμῳδίαις.</span> <span class='ocrx_word' id='word_1_526' title='bbox 1798 4046 1997 4102; x_wconf 88' lang='lat' dir='ltr'><strong>Omnes</strong></span> 
     </span>
    </p>
   </div>
   <div class='ocr_carea' id='block_1_75' title="bbox 421 4118 1998 4186">
    <p class='ocr_par' dir='ltr' id='par_1_75' title="bbox 421 4118 1998 4186">
     <span class='ocr_line' id='line_1_75' title="bbox 421 4118 1998 4186; baseline 0.001 -19"><span class='ocrx_word' id='word_1_527' title='bbox 421 4132 555 4172; x_wconf 86' lang='lat' dir='ltr'><strong>mss.</strong></span> <span class='ocrx_word' id='word_1_528' title='bbox 591 4128 647 4171; x_wconf 88' lang='lat' dir='ltr'><strong>ut</strong></span> <span class='ocrx_word' id='word_1_529' title='bbox 678 4120 731 4171; x_wconf 92' lang='lat' dir='ltr'><strong>in</strong></span> <span class='ocrx_word' id='word_1_530' title='bbox 768 4127 942 4173; x_wconf 75' lang='lat' dir='ltr'><strong>textu.</strong></span> <span class='ocrx_word' id='word_1_531' title='bbox 977 4118 1091 4171; x_wconf 85' lang='lat' dir='ltr'><strong>Non</strong></span> <span class='ocrx_word' id='word_1_532' title='bbox 1122 4120 1278 4186; x_wconf 73' lang='lat' dir='ltr'><strong>longe</strong></span> <span class='ocrx_word' id='word_1_533' title='bbox 1314 4119 1502 4171; x_wconf 82' lang='lat' dir='ltr'><strong>iisdem</strong></span> <span class='ocrx_word' id='word_1_534' title='bbox 1530 4118 1845 4170; x_wconf 75' lang='lat' dir='ltr'><strong>auctoribus</strong></span> <span class='ocrx_word' id='word_1_535' title='bbox 1880 4134 1998 4169; x_wconf 88' lang='lat' dir='ltr'><strong>mu-</strong></span> 
     </span>
    </p>
   </div>
   <div class='ocr_carea' id='block_1_76' title="bbox 418 4186 1997 4259">
    <p class='ocr_par' dir='ltr' id='par_1_76' title="bbox 418 4186 1997 4259">
     <span class='ocr_line' id='line_1_76' title="bbox 418 4186 1997 4259; baseline 0.003 -23"><span class='ocrx_word' id='word_1_536' title='bbox 418 4188 654 4242; x_wconf 87' lang='lat' dir='ltr'><strong>tavimus</strong></span> <span class='ocrx_word' id='word_1_537' title='bbox 686 4194 827 4257; x_wconf 87' lang='lat' dir='ltr'><strong>quod</strong></span> <span class='ocrx_word' id='word_1_538' title='bbox 885 4192 936 4242; x_wconf 93' lang='lat' dir='ltr'><strong>in</strong></span> <span class='ocrx_word' id='word_1_539' title='bbox 992 4189 1153 4244; x_wconf 87' lang='lat' dir='ltr'><strong>editis</strong></span> <span class='ocrx_word' id='word_1_540' title='bbox 1207 4188 1486 4259; x_wconf 81' lang='lat' dir='ltr'><strong>legebatur</strong></span> <span class='ocrx_word' id='word_1_541' title='bbox 1518 4190 1575 4240; x_wconf 87' lang='grc' dir='ltr'><strong>ἐν</strong></span> <span class='ocrx_word' id='word_1_542' title='bbox 1608 4186 1783 4255; x_wconf 65' lang='grc' dir='ltr'>θλίψει</span> <span class='ocrx_word' id='word_1_543' title='bbox 1813 4188 1908 4240; x_wconf 80' lang='grc' dir='ltr'><strong>καὶ</strong></span> <span class='ocrx_word' id='word_1_544' title='bbox 1940 4191 1997 4241; x_wconf 81' lang='grc' dir='ltr'><strong>ἐν</strong></span> 
     </span>
    </p>
   </div>
   <div class='ocr_carea' id='block_1_77' title="bbox 421 4260 1057 4328">
    <p class='ocr_par' dir='ltr' id='par_1_77' title="bbox 421 4260 1057 4328">
     <span class='ocr_line' id='line_1_77' title="bbox 421 4260 1057 4328; baseline 0.005 -20"><span class='ocrx_word' id='word_1_545' title='bbox 421 4261 686 4328; x_wconf 80' lang='grc' dir='ltr'>συνοχῇ...</span> <span class='ocrx_word' id='word_1_546' title='bbox 708 4260 1057 4322; x_wconf 76' lang='grc' dir='ltr'>ἀναστάντες.</span> 
     </span>
    </p>
   </div>
   <div class='ocr_carea' id='block_1_78' title="bbox 490 4326 1996 4448">
    <p class='ocr_par' dir='ltr' id='par_1_78' title="bbox 490 4326 1996 4448">
     <span class='ocr_line' id='line_1_78' title="bbox 490 4326 1996 4448; baseline 0.001 -68"><span class='ocrx_word' id='word_1_547' title='bbox 490 4327 566 4448; x_wconf 52' lang='lat' dir='ltr'><strong>gi</strong></span> <span class='ocrx_word' id='word_1_548' title='bbox 594 4326 1017 4396; x_wconf 44' lang='lat' dir='ltr'><strong>immaduerat.</strong></span> <span class='ocrx_word' id='word_1_549' title='bbox 1046 4333 1119 4382; x_wconf 90' lang='lat' dir='ltr'><strong>lla</strong></span> <span class='ocrx_word' id='word_1_550' title='bbox 1172 4337 1299 4383; x_wconf 89' lang='lat' dir='ltr'><strong>octo</strong></span> <span class='ocrx_word' id='word_1_551' title='bbox 1329 4343 1463 4382; x_wconf 88' lang='lat' dir='ltr'><strong>mss.</strong></span> <span class='ocrx_word' id='word_1_552' title='bbox 1516 4326 1793 4383; x_wconf 76' lang='lat' dir='ltr'><strong>Editiones</strong></span> <span class='ocrx_word' id='word_1_553' title='bbox 1828 4326 1996 4383; x_wconf 89' lang='lat' dir='ltr'><strong>Basil.</strong></span> 
     </span>
     <span class='ocr_line' id='line_1_79' title="bbox 541 4397 1746 4448; baseline 0 0"><span class='ocrx_word' id='word_1_554' title='bbox 541 4400 671 4448; x_wconf 91' lang='lat' dir='ltr'><strong>aris.</strong></span> <span class='ocrx_word' id='word_1_555' title='bbox 702 4398 1125 4448; x_wconf 67' lang='grc' dir='ltr'>διακονούμενοι.</span> <span class='ocrx_word' id='word_1_556' title='bbox 1155 4399 1361 4448; x_wconf 75' lang='lat' dir='ltr'><strong>llaoan.</strong></span> <span class='ocrx_word' id='word_1_557' title='bbox 1382 4397 1746 4448; x_wconf 73' lang='grc' dir='ltr'>διακούιιενοι.</span> 
     </span>
    </p>
   </div>
   <div class='ocr_carea' id='block_1_79' title="bbox 418 4397 1746 4468">
    <p class='ocr_par' dir='ltr' id='par_1_79' title="bbox 418 4397 1746 4468">
     <span class='ocr_line' id='line_1_80' title="bbox 418 4397 1746 4468; baseline -0.002 -17"><span class='ocrx_word' id='word_1_558' title='bbox 418 4404 469 4451; x_wconf 81' lang='lat' dir='ltr'><strong>et</strong></span> <span class='ocrx_word' id='word_1_559' title='bbox 497 4397 671 4459; x_wconf 87' lang='lat' dir='ltr'><strong>Paris,</strong></span> <span class='ocrx_word' id='word_1_560' title='bbox 702 4398 1125 4468; x_wconf 80' lang='grc' dir='ltr'>διακονούμενοι.</span> <span class='ocrx_word' id='word_1_561' title='bbox 1155 4399 1361 4467; x_wconf 83' lang='lat' dir='ltr'><strong>llagan.</strong></span> <span class='ocrx_word' id='word_1_562' title='bbox 1382 4397 1746 4468; x_wconf 83' lang='grc' dir='ltr'>διοικούμενοι.</span> 
     </span>
    </p>
   </div>
   <div class='ocr_carea' id='block_1_80' title="bbox 486 4466 1994 4538">
    <p class='ocr_par' dir='ltr' id='par_1_80' title="bbox 486 4466 1994 4538">
     <span class='ocr_line' id='line_1_81' title="bbox 486 4466 1994 4538; baseline 0 -17"><span class='ocrx_word' id='word_1_563' title='bbox 486 4468 562 4536; x_wconf 74' lang='grc'><strong>(2)</strong></span> <span class='ocrx_word' id='word_1_564' title='bbox 600 4469 711 4522; x_wconf 74' lang='grc' dir='ltr'><strong>Τὸν</strong></span> <span class='ocrx_word' id='word_1_565' title='bbox 738 4469 845 4535; x_wconf 73' lang='grc' dir='ltr'>τῆς</span> <span class='ocrx_word' id='word_1_566' title='bbox 878 4466 1371 4538; x_wconf 69' lang='grc' dir='ltr'>ἐξομολογήοῖεως</span> <span class='ocrx_word' id='word_1_567' title='bbox 1408 4468 1673 4536; x_wconf 66' lang='grc' dir='ltr'>ψαλμόν.</span> <span class='ocrx_word' id='word_1_568' title='bbox 1700 4466 1761 4538; x_wconf 84' lang='lat' dir='ltr'><strong>in</strong></span> <span class='ocrx_word' id='word_1_569' title='bbox 1788 4483 1897 4538; x_wconf 85' lang='lat' dir='ltr'><strong>uno</strong></span> <span class='ocrx_word' id='word_1_570' title='bbox 1927 4483 1994 4523; x_wconf 78' lang='lat' dir='ltr'><strong>ex</strong></span> 
     </span>
    </p>
   </div>
   <div class='ocr_carea' id='block_1_81' title="bbox 417 4537 1994 4608">
    <p class='ocr_par' dir='ltr' id='par_1_81' title="bbox 417 4537 1994 4608">
     <span class='ocr_line' id='line_1_82' title="bbox 417 4537 1994 4608; baseline 0.001 -19"><span class='ocrx_word' id='word_1_571' title='bbox 417 4539 700 4608; x_wconf 82' lang='lat' dir='ltr'><strong>codicibus</strong></span> <span class='ocrx_word' id='word_1_572' title='bbox 730 4538 914 4607; x_wconf 78' lang='lat' dir='ltr'><strong>Regiis</strong></span> <span class='ocrx_word' id='word_1_573' title='bbox 954 4537 1020 4591; x_wconf 81' lang='lat' dir='ltr'><strong>ad</strong></span> <span class='ocrx_word' id='word_1_574' title='bbox 1060 4537 1356 4608; x_wconf 80' lang='lat' dir='ltr'><strong>marginem</strong></span> <span class='ocrx_word' id='word_1_575' title='bbox 1400 4539 1617 4607; x_wconf 76' lang='lat' dir='ltr'><strong>legitur,</strong></span> <span class='ocrx_word' id='word_1_576' title='bbox 1663 4537 1742 4608; x_wconf 71' lang='grc' dir='ltr'><strong>το,</strong></span> <span class='ocrx_word' id='word_1_577' title='bbox 1771 4537 1909 4602; x_wconf 77' lang='grc' dir='ltr'>Δόξα</span> <span class='ocrx_word' id='word_1_578' title='bbox 1936 4542 1994 4591; x_wconf 83' lang='grc' dir='ltr'><strong>ἐν</strong></span> 
     </span>
    </p>
   </div>
   <div class='ocr_carea' id='block_1_82' title="bbox 418 4605 1995 4676">
    <p class='ocr_par' dir='ltr' id='par_1_82' title="bbox 418 4605 1995 4676">
     <span class='ocr_line' id='line_1_83' title="bbox 418 4605 1995 4676; baseline 0.002 -17"><span class='ocrx_word' id='word_1_579' title='bbox 418 4605 682 4675; x_wconf 80' lang='grc' dir='ltr'>ὑψίστοις,</span> <span class='ocrx_word' id='word_1_580' title='bbox 727 4605 892 4676; x_wconf 83' lang='grc' dir='ltr'>λέγει.</span> <span class='ocrx_word' id='word_1_581' title='bbox 951 4608 1137 4663; x_wconf 75' lang='lat' dir='ltr'><strong>Gloria</strong></span> <span class='ocrx_word' id='word_1_582' title='bbox 1182 4605 1257 4663; x_wconf 53' lang='grc' dir='ltr'>ἳιι</span> <span class='ocrx_word' id='word_1_583' title='bbox 1320 4605 1639 4676; x_wconf 66' lang='lat' dir='ltr'><strong>altissimis,</strong></span> <span class='ocrx_word' id='word_1_584' title='bbox 1677 4606 1825 4661; x_wconf 81' lang='lat' dir='ltr'><strong>dicit.</strong></span> <span class='ocrx_word' id='word_1_585' title='bbox 1888 4609 1995 4662; x_wconf 72' lang='lat' dir='ltr'><strong>Sed</strong></span> 
     </span>
    </p>
   </div>
   <div class='ocr_carea' id='block_1_83' title="bbox 418 4675 1995 4750">
    <p class='ocr_par' dir='ltr' id='par_1_83' title="bbox 418 4675 1995 4750">
     <span class='ocr_line' id='line_1_84' title="bbox 418 4675 1995 4750; baseline 0.002 -21"><span class='ocrx_word' id='word_1_586' title='bbox 418 4677 583 4750; x_wconf 86' lang='lat' dir='ltr'><strong>hujus</strong></span> <span class='ocrx_word' id='word_1_587' title='bbox 623 4675 816 4732; x_wconf 86' lang='lat' dir='ltr'><strong>scholii</strong></span> <span class='ocrx_word' id='word_1_588' title='bbox 865 4696 972 4733; x_wconf 90' lang='lat' dir='ltr'><strong>non</strong></span> <span class='ocrx_word' id='word_1_589' title='bbox 1013 4697 1205 4750; x_wconf 88' lang='lat' dir='ltr'><strong>magna</strong></span> <span class='ocrx_word' id='word_1_590' title='bbox 1260 4681 1582 4733; x_wconf 86' lang='lat' dir='ltr'><strong>auctoritas.</strong></span> <span class='ocrx_word' id='word_1_591' title='bbox 1624 4675 1815 4747; x_wconf 85' lang='lat' dir='ltr'><strong>Liquet</strong></span> <span class='ocrx_word' id='word_1_592' title='bbox 1850 4680 1995 4734; x_wconf 86' lang='lat' dir='ltr'><strong>enim</strong></span> 
     </span>
    </p>
   </div>
   <div class='ocr_carea' id='block_1_84' title="bbox 423 4749 1557 4819">
    <p class='ocr_par' dir='ltr' id='par_1_84' title="bbox 423 4749 1557 4819">
     <span class='ocr_line' id='line_1_85' title="bbox 423 4749 1557 4819; baseline 0.005 -22"><span class='ocrx_word' id='word_1_593' title='bbox 423 4749 691 4819; x_wconf 79' lang='lat' dir='ltr'><strong>psalmum</strong></span> <span class='ocrx_word' id='word_1_594' title='bbox 717 4749 1229 4819; x_wconf 81' lang='lat' dir='ltr'><strong>qninquagesimum</strong></span> <span class='ocrx_word' id='word_1_595' title='bbox 1261 4751 1557 4817; x_wconf 78' lang='lat' dir='ltr'><strong>designari.</strong></span> 
     </span>
    </p>
   </div>
   <div class='ocr_carea' id='block_1_85' title="bbox 487 4818 1996 4889">
    <p class='ocr_par' dir='ltr' id='par_1_85' title="bbox 487 4818 1996 4889">
     <span class='ocr_line' id='line_1_86' title="bbox 487 4818 1996 4889; baseline 0.001 -18"><span class='ocrx_word' id='word_1_596' title='bbox 487 4818 563 4889; x_wconf 69' lang='grc' dir='ltr'><strong>(ξ)</strong></span> <span class='ocrx_word' id='word_1_597' title='bbox 597 4818 915 4880; x_wconf 73' lang='grc' dir='ltr'>Φεύξεσθε.</span> <span class='ocrx_word' id='word_1_598' title='bbox 950 4819 1077 4889; x_wconf 77' lang='lat' dir='ltr'><strong>lleg.</strong></span> <span class='ocrx_word' id='word_1_599' title='bbox 1119 4820 1394 4875; x_wconf 77' lang='lat' dir='ltr'><strong>secundus</strong></span> <span class='ocrx_word' id='word_1_600' title='bbox 1425 4830 1477 4873; x_wconf 89' lang='lat' dir='ltr'><strong>et</strong></span> <span class='ocrx_word' id='word_1_601' title='bbox 1506 4822 1676 4876; x_wconf 81' lang='lat' dir='ltr'><strong>Coisl.</strong></span> <span class='ocrx_word' id='word_1_602' title='bbox 1720 4818 1996 4874; x_wconf 76' lang='lat' dir='ltr'><strong>Secundus</strong></span> 
     </span>
    </p>
   </div>
   <div class='ocr_carea' id='block_1_86' title="bbox 417 4886 1996 4962">
    <p class='ocr_par' dir='ltr' id='par_1_86' title="bbox 417 4886 1996 4962">
     <span class='ocr_line' id='line_1_87' title="bbox 417 4886 1996 4962; baseline 0.003 -23"><span class='ocrx_word' id='word_1_603' title='bbox 417 4886 706 4962; x_wconf 46' lang='lat' dir='ltr'><strong>spatiantia.</strong></span> <span class='ocrx_word' id='word_1_604' title='bbox 737 4889 903 4943; x_wconf 84' lang='lat' dir='ltr'><strong>Paulo</strong></span> <span class='ocrx_word' id='word_1_605' title='bbox 937 4886 1059 4962; x_wconf 67' lang='lat' dir='ltr'><strong>post</strong></span> <span class='ocrx_word' id='word_1_606' title='bbox 1076 4892 1249 4962; x_wconf 80' lang='lat' dir='ltr'><strong>iidem</strong></span> <span class='ocrx_word' id='word_1_607' title='bbox 1279 4889 1496 4945; x_wconf 84' lang='lat' dir='ltr'><strong>codices</strong></span> <span class='ocrx_word' id='word_1_608' title='bbox 1531 4890 1996 4962; x_wconf 81' lang='grc' dir='ltr'>συνεπιτηδεύετε.</span> 
     </span>
    </p>
   </div>
   <div class='ocr_carea' id='block_1_87' title="bbox 416 4957 1559 5032">
    <p class='ocr_par' dir='ltr' id='par_1_87' title="bbox 416 4957 1559 5032">
     <span class='ocr_line' id='line_1_88' title="bbox 416 4957 1559 5032; baseline 0.004 -21"><span class='ocrx_word' id='word_1_609' title='bbox 416 4957 695 5032; x_wconf 78' lang='lat' dir='ltr'><strong>Mox__e.liti</strong></span> <span class='ocrx_word' id='word_1_610' title='bbox 725 4957 1017 5032; x_wconf 74' lang='grc' dir='ltr'>Εὐφράτει.</span> <span class='ocrx_word' id='word_1_611' title='bbox 1045 4961 1172 5014; x_wconf 84' lang='lat' dir='ltr'><strong>Mss.</strong></span> <span class='ocrx_word' id='word_1_612' title='bbox 1219 4970 1275 5014; x_wconf 94' lang='lat' dir='ltr'><strong>ut</strong></span> <span class='ocrx_word' id='word_1_613' title='bbox 1305 4963 1359 5015; x_wconf 91' lang='lat' dir='ltr'><strong>in</strong></span> <span class='ocrx_word' id='word_1_614' title='bbox 1388 4969 1559 5016; x_wconf 65' lang='lat' dir='ltr'><strong>textu.</strong></span> 
     </span>
    </p>
   </div>
   <div class='ocr_carea' id='block_1_88' title="bbox 489 5029 2001 5100">
    <p class='ocr_par' dir='ltr' id='par_1_88' title="bbox 489 5029 2001 5100">
     <span class='ocr_line' id='line_1_89' title="bbox 489 5029 2001 5100; baseline 0.003 -17"><span class='ocrx_word' id='word_1_615' title='bbox 489 5029 564 5099; x_wconf 74' lang='grc'><strong>(4)</strong></span> <span class='ocrx_word' id='word_1_616' title='bbox 601 5029 921 5085; x_wconf 11' lang='grc' dir='ltr'>Λιτιινεήῐᾰι.</span> <span class='ocrx_word' id='word_1_617' title='bbox 963 5031 1073 5086; x_wconf 88' lang='lat' dir='ltr'><strong>Hac</strong></span> <span class='ocrx_word' id='word_1_618' title='bbox 1104 5048 1235 5085; x_wconf 87' lang='lat' dir='ltr'><strong>voce</strong></span> <span class='ocrx_word' id='word_1_619' title='bbox 1259 5047 1368 5085; x_wconf 91' lang='lat' dir='ltr'><strong>non</strong></span> <span class='ocrx_word' id='word_1_620' title='bbox 1408 5035 1838 5100; x_wconf 81' lang='lat' dir='ltr'><strong>supplicationes</strong></span> <span class='ocrx_word' id='word_1_621' title='bbox 1884 5034 2001 5087; x_wconf 86' lang='lat' dir='ltr'><strong>sive</strong></span> 
     </span>
    </p>
   </div>
   <div class='ocr_carea' id='block_1_89' title="bbox 417 5102 1999 5173">
    <p class='ocr_par' dir='ltr' id='par_1_89' title="bbox 417 5102 1999 5173">
     <span class='ocr_line' id='line_1_90' title="bbox 417 5102 1999 5173; baseline 0.003 -23"><span class='ocrx_word' id='word_1_622' title='bbox 417 5102 797 5169; x_wconf 83' lang='lat' dir='ltr'><strong>processiones</strong></span> <span class='ocrx_word' id='word_1_623' title='bbox 833 5103 1210 5165; x_wconf 74' lang='lat' dir='ltr'><strong>designantur,</strong></span> <span class='ocrx_word' id='word_1_624' title='bbox 1271 5114 1329 5154; x_wconf 92' lang='grc' dir='ltr'><strong>ιιι</strong></span> <span class='ocrx_word' id='word_1_625' title='bbox 1361 5103 1413 5155; x_wconf 88' lang='lat' dir='ltr'><strong>ili</strong></span> <span class='ocrx_word' id='word_1_626' title='bbox 1467 5102 1800 5173; x_wconf 77' lang='lat' dir='ltr'><strong>Eucliologio</strong></span> <span class='ocrx_word' id='word_1_627' title='bbox 1847 5104 1999 5157; x_wconf 63' lang='lat' dir='ltr'><strong>Grai-</strong></span> 
     </span>
    </p>
   </div>
   <div class='ocr_carea' id='block_1_90' title="bbox 413 5173 1999 5242">
    <p class='ocr_par' dir='ltr' id='par_1_90' title="bbox 413 5173 1999 5242">
     <span class='ocr_line' id='line_1_91' title="bbox 413 5173 1999 5242; baseline 0.004 -20"><span class='ocrx_word' id='word_1_628' title='bbox 413 5186 605 5242; x_wconf 68' lang='lat' dir='ltr'><strong>eorum</strong></span> <span class='ocrx_word' id='word_1_629' title='bbox 631 5209 647 5242; x_wconf 83' lang='lat'><strong>,</strong></span> <span class='ocrx_word' id='word_1_630' title='bbox 679 5173 774 5225; x_wconf 91' lang='lat' dir='ltr'><strong>sed</strong></span> <span class='ocrx_word' id='word_1_631' title='bbox 809 5188 997 5242; x_wconf 87' lang='lat' dir='ltr'><strong>preces</strong></span> <span class='ocrx_word' id='word_1_632' title='bbox 1033 5174 1098 5225; x_wconf 89' lang='lat' dir='ltr'><strong>ad</strong></span> <span class='ocrx_word' id='word_1_633' title='bbox 1137 5173 1509 5241; x_wconf 68' lang='lat' dir='ltr'><strong>pmoitentiam</strong></span> <span class='ocrx_word' id='word_1_634' title='bbox 1542 5173 1999 5227; x_wconf 67' lang='lat' dir='ltr'><strong>accommodatas.</strong></span> 
     </span>
    </p>
   </div>
   <div class='ocr_carea' id='block_1_91' title="bbox 417 5239 2003 5311">
    <p class='ocr_par' dir='ltr' id='par_1_91' title="bbox 417 5239 2003 5311">
     <span class='ocr_line' id='line_1_92' title="bbox 417 5239 2003 5311; baseline 0.003 -18"><span class='ocrx_word' id='word_1_635' title='bbox 417 5239 529 5311; x_wconf 68' lang='grc' dir='ltr'>μοι)</span> <span class='ocrx_word' id='word_1_636' title='bbox 564 5241 709 5294; x_wconf 87' lang='lat' dir='ltr'><strong>enim</strong></span> <span class='ocrx_word' id='word_1_637' title='bbox 751 5239 961 5296; x_wconf 79' lang='lat' dir='ltr'><strong>tantum</strong></span> <span class='ocrx_word' id='word_1_638' title='bbox 996 5239 1332 5297; x_wconf 77' lang='lat' dir='ltr'><strong>discriminis</strong></span> <span class='ocrx_word' id='word_1_639' title='bbox 1368 5245 1520 5311; x_wconf 84' lang='lat' dir='ltr'><strong>ponit</strong></span> <span class='ocrx_word' id='word_1_640' title='bbox 1573 5243 1806 5297; x_wconf 78' lang='lat' dir='ltr'><strong>Basilius</strong></span> <span class='ocrx_word' id='word_1_641' title='bbox 1861 5244 2003 5297; x_wconf 86' lang='lat' dir='ltr'><strong>inter</strong></span> 
     </span>
    </p>
   </div>
   <div class='ocr_carea' id='block_1_92' title="bbox 414 5308 2005 5383">
    <p class='ocr_par' dir='ltr' id='par_1_92' title="bbox 414 5308 2005 5383">
     <span class='ocr_line' id='line_1_93' title="bbox 414 5308 2005 5383; baseline 0.003 -20"><span class='ocrx_word' id='word_1_642' title='bbox 414 5308 939 5383; x_wconf 65' lang='lat' dir='ltr'><strong>Neocaasaricnsium</strong></span> <span class='ocrx_word' id='word_1_643' title='bbox 976 5314 1135 5365; x_wconf 87' lang='lat' dir='ltr'><strong>ritum</strong></span> <span class='ocrx_word' id='word_1_644' title='bbox 1172 5324 1224 5367; x_wconf 90' lang='lat' dir='ltr'><strong>et</strong></span> <span class='ocrx_word' id='word_1_645' title='bbox 1248 5308 1689 5377; x_wconf 63' lang='lat' dir='ltr'><strong>(laesai-iensinm,</strong></span> <span class='ocrx_word' id='word_1_646' title='bbox 1720 5313 1864 5383; x_wconf 93' lang='lat' dir='ltr'><strong>quod</strong></span> <span class='ocrx_word' id='word_1_647' title='bbox 1899 5315 2005 5382; x_wconf 90' lang='lat' dir='ltr'><strong>pri-</strong></span> 
     </span>
    </p>
   </div>
   <div class='ocr_carea' id='block_1_93' title="bbox 415 5380 2003 5453">
    <p class='ocr_par' dir='ltr' id='par_1_93' title="bbox 415 5380 2003 5453">
     <span class='ocr_line' id='line_1_94' title="bbox 415 5380 2003 5453; baseline 0.004 -22"><span class='ocrx_word' id='word_1_648' title='bbox 415 5380 489 5453; x_wconf 86' lang='lat' dir='ltr'><strong>mi</strong></span> <span class='ocrx_word' id='word_1_649' title='bbox 527 5380 783 5453; x_wconf 89' lang='lat' dir='ltr'><strong>humanis</strong></span> <span class='ocrx_word' id='word_1_650' title='bbox 802 5384 1020 5453; x_wconf 75' lang='lat' dir='ltr'><strong>verbis,</strong></span> <span class='ocrx_word' id='word_1_651' title='bbox 1053 5384 1422 5453; x_wconf 66' lang='lat' dir='ltr'><strong>Ca&#39;sarieiises</strong></span> <span class='ocrx_word' id='word_1_652' title='bbox 1454 5399 1582 5437; x_wconf 84' lang='lat' dir='ltr'><strong>vero</strong></span> <span class='ocrx_word' id='word_1_653' title='bbox 1607 5380 1847 5438; x_wconf 79' lang='lat' dir='ltr'><strong>oraculis</strong></span> <span class='ocrx_word' id='word_1_654' title='bbox 1878 5380 2003 5453; x_wconf 88' lang='lat' dir='ltr'><strong>Spi-</strong></span> 
     </span>
    </p>
   </div>
   <div class='ocr_carea' id='block_1_94' title="bbox 415 5451 2003 5524">
    <p class='ocr_par' dir='ltr' id='par_1_94' title="bbox 415 5451 2003 5524">
     <span class='ocr_line' id='line_1_95' title="bbox 415 5451 2003 5524; baseline 0.004 -22"><span class='ocrx_word' id='word_1_655' title='bbox 415 5451 557 5524; x_wconf 82' lang='lat' dir='ltr'><strong>ritus</strong></span> <span class='ocrx_word' id='word_1_656' title='bbox 585 5452 761 5524; x_wconf 79' lang='lat' dir='ltr'><strong>sancti</strong></span> <span class='ocrx_word' id='word_1_657' title='bbox 791 5452 955 5507; x_wconf 88' lang='lat' dir='ltr'><strong>Deum</strong></span> <span class='ocrx_word' id='word_1_658' title='bbox 986 5455 1222 5521; x_wconf 84' lang='lat' dir='ltr'><strong>placent.</strong></span> <span class='ocrx_word' id='word_1_659' title='bbox 1252 5452 1421 5524; x_wconf 83' lang='lat' dir='ltr'><strong>Porro</strong></span> <span class='ocrx_word' id='word_1_660' title='bbox 1438 5455 1657 5524; x_wconf 84' lang='lat' dir='ltr'><strong>nullum</strong></span> <span class='ocrx_word' id='word_1_661' title='bbox 1692 5451 2003 5524; x_wconf 86' lang='lat' dir='ltr'><strong>processio-</strong></span> 
     </span>
    </p>
   </div>
   <div class='ocr_carea' id='block_1_95' title="bbox 417 5520 2001 5593">
    <p class='ocr_par' dir='ltr' id='par_1_95' title="bbox 417 5520 2001 5593">
     <span class='ocr_line' id='line_1_96' title="bbox 417 5520 2001 5593; baseline 0.004 -21"><span class='ocrx_word' id='word_1_662' title='bbox 417 5520 504 5574; x_wconf 88' lang='lat' dir='ltr'><strong>nis</strong></span> <span class='ocrx_word' id='word_1_663' title='bbox 530 5522 818 5592; x_wconf 79' lang='lat' dir='ltr'><strong>vestigium</strong></span> <span class='ocrx_word' id='word_1_664' title='bbox 874 5525 928 5577; x_wconf 90' lang='lat' dir='ltr'><strong>in</strong></span> <span class='ocrx_word' id='word_1_665' title='bbox 959 5520 1052 5577; x_wconf 86' lang='lat' dir='ltr'><strong>illo</strong></span> <span class='ocrx_word' id='word_1_666' title='bbox 1087 5523 1278 5593; x_wconf 86' lang='lat' dir='ltr'><strong>psalmi</strong></span> <span class='ocrx_word' id='word_1_667' title='bbox 1317 5520 1708 5580; x_wconf 61' lang='lat' dir='ltr'><strong>confessionis</strong></span> <span class='ocrx_word' id='word_1_668' title='bbox 1741 5524 2001 5580; x_wconf 88' lang='lat' dir='ltr'><strong>cantandi</strong></span> 
     </span>
    </p>
   </div>
   <div class='ocr_carea' id='block_1_96' title="bbox 420 5595 1363 5660">
    <p class='ocr_par' dir='ltr' id='par_1_96' title="bbox 420 5595 1363 5660">
     <span class='ocr_line' id='line_1_97' title="bbox 420 5595 1363 5660; baseline 0.003 -16"><span class='ocrx_word' id='word_1_669' title='bbox 420 5597 552 5648; x_wconf 75' lang='lat' dir='ltr'><strong>ritu,</strong></span> <span class='ocrx_word' id='word_1_670' title='bbox 595 5608 687 5660; x_wconf 85' lang='lat' dir='ltr'><strong>qui</strong></span> <span class='ocrx_word' id='word_1_671' title='bbox 723 5595 986 5649; x_wconf 69' lang='lat' dir='ltr'><strong>Cresarea:</strong></span> <span class='ocrx_word' id='word_1_672' title='bbox 1016 5596 1363 5649; x_wconf 80' lang='lat' dir='ltr'><strong>observatur.</strong></span> 
     </span>
    </p>
   </div>
   <div class='ocr_carea' id='block_1_97' title="bbox 492 5662 1999 5734">
    <p class='ocr_par' dir='ltr' id='par_1_97' title="bbox 492 5662 1999 5734">
     <span class='ocr_line' id='line_1_98' title="bbox 492 5662 1999 5734; baseline 0.005 -20"><span class='ocrx_word' id='word_1_673' title='bbox 609 5663 946 5731; x_wconf 66' lang='grc' dir='ltr'>Μάρτιοριις.</span> <span class='ocrx_word' id='word_1_674' title='bbox 1036 5665 1109 5719; x_wconf 84' lang='lat' dir='ltr'><strong>lla</strong></span> <span class='ocrx_word' id='word_1_675' title='bbox 1167 5674 1277 5719; x_wconf 81' lang='lat' dir='ltr'><strong>tres</strong></span> <span class='ocrx_word' id='word_1_676' title='bbox 1346 5666 1699 5721; x_wconf 84' lang='lat' dir='ltr'><strong>vetustissimi</strong></span> <span class='ocrx_word' id='word_1_677' title='bbox 1760 5666 1999 5733; x_wconf 89' lang='lat' dir='ltr'><strong>codices,</strong></span> 
     </span>
    </p>
   </div>
   <div class='ocr_carea' id='block_1_98' title="bbox 2101 3174 3690 3248">
    <p class='ocr_par' dir='ltr' id='par_1_98' title="bbox 2101 3174 3690 3248">
     <span class='ocr_line' id='line_1_99' title="bbox 2101 3174 3690 3248; baseline -0.001 -20"><span class='ocrx_word' id='word_1_678' title='bbox 2101 3176 2240 3247; x_wconf 80' lang='grc' dir='ltr'>ὑπὲρ</span> <span class='ocrx_word' id='word_1_679' title='bbox 2279 3177 2387 3228; x_wconf 88' lang='grc' dir='ltr'><strong>τῶν</strong></span> <span class='ocrx_word' id='word_1_680' title='bbox 2426 3176 2711 3247; x_wconf 84' lang='grc' dir='ltr'>ἁμαρτιῶν</span> <span class='ocrx_word' id='word_1_681' title='bbox 2738 3174 2927 3246; x_wconf 76' lang='grc' dir='ltr'>ἡμῶν·</span> <span class='ocrx_word' id='word_1_682' title='bbox 2966 3175 3107 3245; x_wconf 79' lang='grc' dir='ltr'>πλὴν</span> <span class='ocrx_word' id='word_1_683' title='bbox 3154 3176 3278 3228; x_wconf 82' lang='grc' dir='ltr'>ὅσον</span> <span class='ocrx_word' id='word_1_684' title='bbox 3330 3177 3433 3229; x_wconf 78' lang='grc' dir='ltr'>οὐκ</span> <span class='ocrx_word' id='word_1_685' title='bbox 3473 3175 3690 3248; x_wconf 81' lang='grc' dir='ltr'><strong>ἀνθρω-</strong></span> 
     </span>
    </p>
   </div>
   <div class='ocr_carea' id='block_1_99' title="bbox 2102 3266 3690 3340">
    <p class='ocr_par' dir='ltr' id='par_1_99' title="bbox 2102 3266 3690 3340">
     <span class='ocr_line' id='line_1_100' title="bbox 2102 3266 3690 3340; baseline 0.001 -20"><span class='ocrx_word' id='word_1_686' title='bbox 2102 3269 2276 3331; x_wconf 88' lang='grc' dir='ltr'>πίνοις</span> <span class='ocrx_word' id='word_1_687' title='bbox 2311 3270 2574 3340; x_wconf 76' lang='grc' dir='ltr'>ῥήμασιν,</span> <span class='ocrx_word' id='word_1_688' title='bbox 2605 3268 2793 3340; x_wconf 83' lang='grc' dir='ltr'>ὥσπερ</span> <span class='ocrx_word' id='word_1_689' title='bbox 2824 3268 3002 3337; x_wconf 83' lang='grc' dir='ltr'>ὑμεῖς,</span> <span class='ocrx_word' id='word_1_690' title='bbox 3041 3266 3177 3320; x_wconf 86' lang='grc' dir='ltr'>ἀλλὰ</span> <span class='ocrx_word' id='word_1_691' title='bbox 3208 3269 3320 3329; x_wconf 85' lang='grc' dir='ltr'>τοῖς</span> <span class='ocrx_word' id='word_1_692' title='bbox 3351 3267 3556 3335; x_wconf 87' lang='grc' dir='ltr'>λογίοις</span> <span class='ocrx_word' id='word_1_693' title='bbox 3592 3266 3690 3321; x_wconf 73' lang='grc' dir='ltr'>τοῦ</span> 
     </span>
    </p>
   </div>
   <div class='ocr_carea' id='block_1_100' title="bbox 2100 3358 3691 3431">
    <p class='ocr_par' dir='ltr' id='par_1_100' title="bbox 2100 3358 3691 3431">
     <span class='ocr_line' id='line_1_101' title="bbox 2100 3358 3691 3431; baseline -0.003 -16"><span class='ocrx_word' id='word_1_694' title='bbox 2100 3361 2417 3431; x_wconf 84' lang='grc' dir='ltr'>Πνεύματος</span> <span class='ocrx_word' id='word_1_695' title='bbox 2451 3361 2543 3413; x_wconf 70' lang='grc' dir='ltr'><strong>τὸν</strong></span> <span class='ocrx_word' id='word_1_696' title='bbox 2582 3360 2715 3413; x_wconf 85' lang='grc' dir='ltr'>Θεὸν</span> <span class='ocrx_word' id='word_1_697' title='bbox 2746 3360 2904 3429; x_wconf 77' lang='grc' dir='ltr'>ἡμῶν</span> <span class='ocrx_word' id='word_1_698' title='bbox 2946 3358 3317 3429; x_wconf 78' lang='grc' dir='ltr'>ἐξιλεούμεθα.</span> <span class='ocrx_word' id='word_1_699' title='bbox 3351 3359 3476 3412; x_wconf 85' lang='grc' dir='ltr'>Ὅτι</span> <span class='ocrx_word' id='word_1_700' title='bbox 3503 3359 3559 3413; x_wconf 82' lang='grc' dir='ltr'>δὲ</span> <span class='ocrx_word' id='word_1_701' title='bbox 3589 3361 3691 3412; x_wconf 68' lang='grc' dir='ltr'><strong>οὐκ</strong></span> 
     </span>
    </p>
   </div>
   <div class='ocr_carea' id='block_1_101' title="bbox 2097 3447 3691 3521">
    <p class='ocr_par' dir='ltr' id='par_1_101' title="bbox 2097 3447 3691 3521">
     <span class='ocr_line' id='line_1_102' title="bbox 2097 3447 3691 3521; baseline 0.001 -18"><span class='ocrx_word' id='word_1_702' title='bbox 2097 3447 2165 3521; x_wconf 83' lang='grc' dir='ltr'>ἦν</span> <span class='ocrx_word' id='word_1_703' title='bbox 2192 3450 2363 3503; x_wconf 78' lang='grc' dir='ltr'>ταῦτα</span> <span class='ocrx_word' id='word_1_704' title='bbox 2396 3452 2488 3503; x_wconf 76' lang='grc' dir='ltr'><strong>ἐπὶ</strong></span> <span class='ocrx_word' id='word_1_705' title='bbox 2529 3450 2623 3503; x_wconf 83' lang='grc' dir='ltr'>τοῦ</span> <span class='ocrx_word' id='word_1_706' title='bbox 2653 3449 2966 3520; x_wconf 77' lang='grc' dir='ltr'>θαυμαστοῦ</span> <span class='ocrx_word' id='word_1_707' title='bbox 3001 3450 3324 3521; x_wconf 74' lang='grc' dir='ltr'>Γρηγορίου,</span> <span class='ocrx_word' id='word_1_708' title='bbox 3350 3451 3498 3514; x_wconf 83' lang='grc' dir='ltr'>τίνας</span> <span class='ocrx_word' id='word_1_709' title='bbox 3535 3451 3691 3521; x_wconf 75' lang='grc' dir='ltr'>ἔχετε</span> 
     </span>
    </p>
   </div>
   <div class='ocr_carea' id='block_1_102' title="bbox 2104 3542 3691 3616">
    <p class='ocr_par' dir='ltr' id='par_1_102' title="bbox 2104 3542 3691 3616">
     <span class='ocr_line' id='line_1_103' title="bbox 2104 3542 3691 3616; baseline -0.002 -19"><span class='ocrx_word' id='word_1_710' title='bbox 2104 3545 2385 3616; x_wconf 77' lang='grc' dir='ltr'>μάρτυρας</span> <span class='ocrx_word' id='word_1_711' title='bbox 2408 3544 2481 3613; x_wconf 84' lang='grc'><strong>(5)</strong></span> <span class='ocrx_word' id='word_1_712' title='bbox 2507 3586 2520 3607; x_wconf 89' lang='grc'><strong>,</strong></span> <span class='ocrx_word' id='word_1_713' title='bbox 2555 3543 2610 3596; x_wconf 81' lang='grc' dir='ltr'><strong>οἵ</strong></span> <span class='ocrx_word' id='word_1_714' title='bbox 2639 3560 2699 3611; x_wconf 87' lang='grc' dir='ltr'><strong>γε</strong></span> <span class='ocrx_word' id='word_1_715' title='bbox 2725 3542 2879 3595; x_wconf 78' lang='grc' dir='ltr'>οὐδὲν</span> <span class='ocrx_word' id='word_1_716' title='bbox 2912 3542 3020 3596; x_wconf 90' lang='grc' dir='ltr'><strong>τῶν</strong></span> <span class='ocrx_word' id='word_1_717' title='bbox 3050 3544 3259 3597; x_wconf 83' lang='grc' dir='ltr'>ἐκείνου</span> <span class='ocrx_word' id='word_1_718' title='bbox 3287 3544 3363 3612; x_wconf 78' lang='grc'><strong>(6)</strong></span> <span class='ocrx_word' id='word_1_719' title='bbox 3394 3544 3559 3614; x_wconf 81' lang='grc' dir='ltr'>μέχρι</span> <span class='ocrx_word' id='word_1_720' title='bbox 3596 3542 3691 3595; x_wconf 78' lang='grc' dir='ltr'>νῦν</span> 
     </span>
    </p>
   </div>
   <div class='ocr_carea' id='block_1_103' title="bbox 2101 3697 3686 3768">
    <p class='ocr_par' dir='ltr' id='par_1_103' title="bbox 2101 3697 3686 3768">
     <span class='ocr_line' id='line_1_104' title="bbox 2101 3697 3686 3768; baseline -0.002 -14"><span class='ocrx_word' id='word_1_721' title='bbox 2101 3701 2253 3755; x_wconf 79' lang='lat' dir='ltr'><strong>llarl.</strong></span> <span class='ocrx_word' id='word_1_722' title='bbox 2285 3740 2300 3761; x_wconf 91' lang='lat'><strong>,</strong></span> <span class='ocrx_word' id='word_1_723' title='bbox 2359 3698 2497 3753; x_wconf 84' lang='lat' dir='ltr'><strong>Med.</strong></span> <span class='ocrx_word' id='word_1_724' title='bbox 2543 3706 2598 3752; x_wconf 91' lang='lat' dir='ltr'><strong>et</strong></span> <span class='ocrx_word' id='word_1_725' title='bbox 2652 3698 2818 3753; x_wconf 82' lang='lat' dir='ltr'><strong>Coisl.</strong></span> <span class='ocrx_word' id='word_1_726' title='bbox 2890 3699 3120 3768; x_wconf 86' lang='lat' dir='ltr'><strong>primus.</strong></span> <span class='ocrx_word' id='word_1_727' title='bbox 3159 3697 3299 3750; x_wconf 87' lang='lat' dir='ltr'><strong>Editi</strong></span> <span class='ocrx_word' id='word_1_728' title='bbox 3350 3697 3686 3768; x_wconf 80' lang='grc' dir='ltr'>μαρτυρίας.</span> 
     </span>
    </p>
   </div>
   <div class='ocr_carea' id='block_1_104' title="bbox 2100 3767 3689 3838">
    <p class='ocr_par' dir='ltr' id='par_1_104' title="bbox 2100 3767 3689 3838">
     <span class='ocr_line' id='line_1_105' title="bbox 2100 3767 3689 3838; baseline -0.003 -13"><span class='ocrx_word' id='word_1_729' title='bbox 2100 3771 2299 3825; x_wconf 84' lang='lat' dir='ltr'><strong>Ibidem</strong></span> <span class='ocrx_word' id='word_1_730' title='bbox 2353 3770 2483 3823; x_wconf 87' lang='lat' dir='ltr'><strong>editi</strong></span> <span class='ocrx_word' id='word_1_731' title='bbox 2547 3777 2669 3838; x_wconf 87' lang='lat' dir='ltr'><strong>post</strong></span> <span class='ocrx_word' id='word_1_732' title='bbox 2724 3770 2863 3822; x_wconf 82' lang='lat' dir='ltr'><strong>hanc</strong></span> <span class='ocrx_word' id='word_1_733' title='bbox 2895 3767 3079 3821; x_wconf 74' lang='lat' dir='ltr'><strong>vorem</strong></span> <span class='ocrx_word' id='word_1_734' title='bbox 3128 3769 3337 3820; x_wconf 87' lang='lat' dir='ltr'><strong>addunt</strong></span> <span class='ocrx_word' id='word_1_735' title='bbox 3361 3767 3555 3830; x_wconf 75' lang='grc' dir='ltr'>εἰπεῖν,</span> <span class='ocrx_word' id='word_1_736' title='bbox 3586 3767 3689 3823; x_wconf 75' lang='lat' dir='ltr'><strong>sed</strong></span> 
     </span>
    </p>
   </div>
   <div class='ocr_carea' id='block_1_105' title="bbox 2103 3838 3689 3906">
    <p class='ocr_par' dir='ltr' id='par_1_105' title="bbox 2103 3838 3689 3906">
     <span class='ocr_line' id='line_1_106' title="bbox 2103 3838 3689 3906; baseline -0.002 -11"><span class='ocrx_word' id='word_1_737' title='bbox 2103 3845 2201 3895; x_wconf 81' lang='lat' dir='ltr'><strong>hoc</strong></span> <span class='ocrx_word' id='word_1_738' title='bbox 2241 3842 2460 3892; x_wconf 84' lang='lat' dir='ltr'><strong>verbum</strong></span> <span class='ocrx_word' id='word_1_739' title='bbox 2490 3840 2641 3892; x_wconf 83' lang='lat' dir='ltr'><strong>deest</strong></span> <span class='ocrx_word' id='word_1_740' title='bbox 2678 3842 2730 3892; x_wconf 92' lang='lat' dir='ltr'><strong>in</strong></span> <span class='ocrx_word' id='word_1_741' title='bbox 2758 3851 2881 3893; x_wconf 85' lang='lat' dir='ltr'><strong>octo</strong></span> <span class='ocrx_word' id='word_1_742' title='bbox 2909 3838 3111 3892; x_wconf 81' lang='lat' dir='ltr'><strong>nostris</strong></span> <span class='ocrx_word' id='word_1_743' title='bbox 3134 3838 3438 3900; x_wconf 82' lang='lat' dir='ltr'><strong>codicibus,</strong></span> <span class='ocrx_word' id='word_1_744' title='bbox 3471 3854 3535 3890; x_wconf 76' lang='lat' dir='ltr'><strong>ex</strong></span> <span class='ocrx_word' id='word_1_745' title='bbox 3561 3840 3689 3906; x_wconf 89' lang='lat' dir='ltr'><strong>qui-</strong></span> 
     </span>
    </p>
   </div>
   <div class='ocr_carea' id='block_1_106' title="bbox 2099 3908 3686 3978">
    <p class='ocr_par' dir='ltr' id='par_1_106' title="bbox 2099 3908 3686 3978">
     <span class='ocr_line' id='line_1_107' title="bbox 2099 3908 3686 3978; baseline -0.003 -12"><span class='ocrx_word' id='word_1_746' title='bbox 2099 3914 2202 3967; x_wconf 87' lang='lat' dir='ltr'><strong>bus</strong></span> <span class='ocrx_word' id='word_1_747' title='bbox 2230 3912 2429 3964; x_wconf 89' lang='lat' dir='ltr'><strong>ihidem</strong></span> <span class='ocrx_word' id='word_1_748' title='bbox 2453 3909 2764 3963; x_wconf 83' lang='lat' dir='ltr'><strong>addidimus</strong></span> <span class='ocrx_word' id='word_1_749' title='bbox 2797 3910 2849 3961; x_wconf 83' lang='grc' dir='ltr'><strong>οῖ</strong></span> <span class='ocrx_word' id='word_1_750' title='bbox 2867 3925 2953 3973; x_wconf 87' lang='grc' dir='ltr'><strong>γε,</strong></span> <span class='ocrx_word' id='word_1_751' title='bbox 2993 3925 3113 3978; x_wconf 78' lang='lat' dir='ltr'><strong>qua:</strong></span> <span class='ocrx_word' id='word_1_752' title='bbox 3147 3910 3352 3961; x_wconf 83' lang='lat' dir='ltr'><strong>vocula:</strong></span> <span class='ocrx_word' id='word_1_753' title='bbox 3375 3908 3608 3962; x_wconf 83' lang='lat' dir='ltr'><strong>deerant</strong></span> <span class='ocrx_word' id='word_1_754' title='bbox 3630 3909 3686 3961; x_wconf 85' lang='lat' dir='ltr'><strong>in</strong></span> 
     </span>
    </p>
   </div>
   <div class='ocr_carea' id='block_1_107' title="bbox 2099 3984 2285 4037">
    <p class='ocr_par' dir='ltr' id='par_1_107' title="bbox 2099 3984 2285 4037">
     <span class='ocr_line' id='line_1_108' title="bbox 2099 3984 2285 4037; baseline -0.032 0"><span class='ocrx_word' id='word_1_755' title='bbox 2099 3984 2285 4037; x_wconf 89' lang='lat' dir='ltr'><strong>editis.</strong></span> 
     </span>
    </p>
   </div>
   <div class='ocr_carea' id='block_1_108' title="bbox 2171 4047 3686 4119">
    <p class='ocr_par' dir='ltr' id='par_1_108' title="bbox 2171 4047 3686 4119">
     <span class='ocr_line' id='line_1_109' title="bbox 2171 4047 3686 4119; baseline -0.003 -15"><span class='ocrx_word' id='word_1_756' title='bbox 2171 4052 2248 4119; x_wconf 87' lang='grc'><strong>(6)</strong></span> <span class='ocrx_word' id='word_1_757' title='bbox 2294 4049 2485 4103; x_wconf 80' lang='grc' dir='ltr'>Οὐδὲν</span> <span class='ocrx_word' id='word_1_758' title='bbox 2505 4048 2621 4102; x_wconf 74' lang='grc' dir='ltr'><strong>τῶν</strong></span> <span class='ocrx_word' id='word_1_759' title='bbox 2657 4049 2918 4104; x_wconf 84' lang='grc' dir='ltr'>ἐκείνου.</span> <span class='ocrx_word' id='word_1_760' title='bbox 2960 4047 3228 4101; x_wconf 75' lang='lat' dir='ltr'><strong>Videntur</strong></span> <span class='ocrx_word' id='word_1_761' title='bbox 3264 4047 3465 4119; x_wconf 71' lang='lat' dir='ltr'><strong>prima</strong></span> <span class='ocrx_word' id='word_1_762' title='bbox 3500 4047 3686 4119; x_wconf 68' lang='lat' dir='ltr'><strong>specie</strong></span> 
     </span>
    </p>
   </div>
   <div class='ocr_carea' id='block_1_109' title="bbox 2102 4116 3687 4189">
    <p class='ocr_par' dir='ltr' id='par_1_109' title="bbox 2102 4116 3687 4189">
     <span class='ocr_line' id='line_1_110' title="bbox 2102 4116 3687 4189; baseline -0.003 -15"><span class='ocrx_word' id='word_1_763' title='bbox 2102 4116 2239 4175; x_wconf 79' lang='lat' dir='ltr'><strong>cum</strong></span> <span class='ocrx_word' id='word_1_764' title='bbox 2261 4121 2363 4173; x_wconf 83' lang='lat' dir='ltr'><strong>hac.</strong></span> <span class='ocrx_word' id='word_1_765' title='bbox 2410 4124 2640 4189; x_wconf 84' lang='lat' dir='ltr'><strong>epistola</strong></span> <span class='ocrx_word' id='word_1_766' title='bbox 2675 4136 2936 4189; x_wconf 79' lang='lat' dir='ltr'><strong>pugnare.</strong></span> <span class='ocrx_word' id='word_1_767' title='bbox 2962 4188 2967 4189; x_wconf 18' lang='grc' dir='ltr'><em>ν</em></span> <span class='ocrx_word' id='word_1_768' title='bbox 2991 4135 3111 4187; x_wconf 72' lang='lat' dir='ltr'><strong>qua:</strong></span> <span class='ocrx_word' id='word_1_769' title='bbox 3144 4120 3220 4189; x_wconf 26' lang='lat' dir='ltr'><strong>Ain</strong></span> <span class='ocrx_word' id='word_1_770' title='bbox 3260 4118 3402 4189; x_wconf 79' lang='lat' dir='ltr'><strong>libro</strong></span> <span class='ocrx_word' id='word_1_771' title='bbox 3434 4116 3508 4170; x_wconf 87' lang='lat' dir='ltr'><strong>De</strong></span> <span class='ocrx_word' id='word_1_772' title='bbox 3561 4116 3687 4189; x_wconf 61' lang='lat' dir='ltr'><strong>Spi-</strong></span> 
     </span>
    </p>
   </div>
   <div class='ocr_carea' id='block_1_110' title="bbox 2101 4186 3684 4259">
    <p class='ocr_par' dir='ltr' id='par_1_110' title="bbox 2101 4186 3684 4259">
     <span class='ocr_line' id='line_1_111' title="bbox 2101 4186 3684 4259; baseline -0.003 -15"><span class='ocrx_word' id='word_1_773' title='bbox 2101 4194 2408 4245; x_wconf 80' lang='lat' dir='ltr'><strong>ritusunclo</strong></span> <span class='ocrx_word' id='word_1_774' title='bbox 2445 4186 2713 4259; x_wconf 77' lang='lat' dir='ltr'><strong>leguntur</strong></span> <span class='ocrx_word' id='word_1_775' title='bbox 2753 4186 2873 4257; x_wconf 82' lang='lat' dir='ltr'><strong>cap.</strong></span> <span class='ocrx_word' id='word_1_776' title='bbox 2913 4186 3017 4247; x_wconf 70' lang='grc'><strong>29,</strong></span> <span class='ocrx_word' id='word_1_777' title='bbox 3044 4205 3100 4241; x_wconf 90' lang='lat' dir='ltr'><strong>n.</strong></span> <span class='ocrx_word' id='word_1_778' title='bbox 3143 4187 3336 4259; x_wconf 22' lang='lat' dir='ltr'><strong>“sibi</strong></span> <span class='ocrx_word' id='word_1_779' title='bbox 3369 4187 3529 4239; x_wconf 87' lang='lat' dir='ltr'><strong>docet</strong></span> <span class='ocrx_word' id='word_1_780' title='bbox 3576 4186 3684 4239; x_wconf 77' lang='lat' dir='ltr'><strong>Ba-</strong></span> 
     </span>
    </p>
   </div>
   <div class='ocr_carea' id='block_1_111' title="bbox 2102 4258 3679 4327">
    <p class='ocr_par' dir='ltr' id='par_1_111' title="bbox 2102 4258 3679 4327">
     <span class='ocr_line' id='line_1_112' title="bbox 2102 4258 3679 4327; baseline -0.003 -12"><span class='ocrx_word' id='word_1_781' title='bbox 2102 4266 2259 4316; x_wconf 86' lang='lat' dir='ltr'><strong>silius</strong></span> <span class='ocrx_word' id='word_1_782' title='bbox 2296 4270 2504 4312; x_wconf 87' lang='lat' dir='ltr'><strong>tantum</strong></span> <span class='ocrx_word' id='word_1_783' title='bbox 2554 4275 2677 4314; x_wconf 85' lang='lat' dir='ltr'><strong>esse</strong></span> <span class='ocrx_word' id='word_1_784' title='bbox 2728 4259 2977 4327; x_wconf 74' lang='lat' dir='ltr'><strong>Gregorii</strong></span> <span class='ocrx_word' id='word_1_785' title='bbox 3028 4261 3169 4327; x_wconf 82' lang='lat' dir='ltr'><strong>apud</strong></span> <span class='ocrx_word' id='word_1_786' title='bbox 3199 4258 3679 4311; x_wconf 61' lang='lat' dir='ltr'><strong>Neocmsarienses</strong></span> 
     </span>
    </p>
   </div>
   <div class='ocr_carea' id='block_1_112' title="bbox 2102 4327 3682 4397">
    <p class='ocr_par' dir='ltr' id='par_1_112' title="bbox 2102 4327 3682 4397">
     <span class='ocr_line' id='line_1_113' title="bbox 2102 4327 3682 4397; baseline -0.004 -13"><span class='ocrx_word' id='word_1_787' title='bbox 2102 4333 2539 4389; x_wconf 81' lang='lat' dir='ltr'><strong>admirationem,</strong></span> <span class='ocrx_word' id='word_1_788' title='bbox 2575 4339 2631 4382; x_wconf 87' lang='lat' dir='ltr'><strong>ut</strong></span> <span class='ocrx_word' id='word_1_789' title='bbox 2669 4346 2771 4382; x_wconf 86' lang='lat' dir='ltr'><strong>non</strong></span> <span class='ocrx_word' id='word_1_790' title='bbox 2816 4331 3017 4397; x_wconf 78' lang='lat' dir='ltr'><strong>factum</strong></span> <span class='ocrx_word' id='word_1_791' title='bbox 3051 4327 3296 4396; x_wconf 74' lang='lat' dir='ltr'><strong>aliquod,</strong></span> <span class='ocrx_word' id='word_1_792' title='bbox 3322 4344 3427 4380; x_wconf 84' lang='lat' dir='ltr'><strong>non</strong></span> <span class='ocrx_word' id='word_1_793' title='bbox 3456 4328 3682 4397; x_wconf 69' lang='lat' dir='ltr'><strong>ditium,</strong></span> 
     </span>
    </p>
   </div>
   <div class='ocr_carea' id='block_1_113' title="bbox 2033 4391 3689 4469">
    <p class='ocr_par' dir='ltr' id='par_1_113' title="bbox 2033 4391 3689 4469">
     <span class='ocr_line' id='line_1_114' title="bbox 2033 4391 3689 4469; baseline -0.004 -14"><span class='ocrx_word' id='word_1_794' title='bbox 2033 4391 2204 4455; x_wconf 80' lang='lat' dir='ltr'><strong>Dnon</strong></span> <span class='ocrx_word' id='word_1_795' title='bbox 2256 4401 2415 4452; x_wconf 80' lang='lat' dir='ltr'><strong>ritum</strong></span> <span class='ocrx_word' id='word_1_796' title='bbox 2460 4401 2627 4452; x_wconf 83' lang='lat' dir='ltr'><strong>ullum</strong></span> <span class='ocrx_word' id='word_1_797' title='bbox 2681 4391 2979 4469; x_wconf 71' lang='lat' dir='ltr'><strong>mysticum,</strong></span> <span class='ocrx_word' id='word_1_798' title='bbox 3030 4391 3173 4451; x_wconf 66' lang='lat' dir='ltr'><strong>ultra</strong></span> <span class='ocrx_word' id='word_1_799' title='bbox 3227 4414 3381 4466; x_wconf 87' lang='lat' dir='ltr'><strong>quam</strong></span> <span class='ocrx_word' id='word_1_800' title='bbox 3436 4396 3525 4450; x_wconf 78' lang='lat' dir='ltr'><strong>ille</strong></span> <span class='ocrx_word' id='word_1_801' title='bbox 3564 4396 3689 4451; x_wconf 81' lang='lat' dir='ltr'><strong>reli-</strong></span> 
     </span>
    </p>
   </div>
   <div class='ocr_carea' id='block_1_114' title="bbox 2095 4468 3686 4541">
    <p class='ocr_par' dir='ltr' id='par_1_114' title="bbox 2095 4468 3686 4541">
     <span class='ocr_line' id='line_1_115' title="bbox 2095 4468 3686 4541; baseline -0.003 -18"><span class='ocrx_word' id='word_1_802' title='bbox 2095 4476 2226 4541; x_wconf 83' lang='lat' dir='ltr'><strong>quit,</strong></span> <span class='ocrx_word' id='word_1_803' title='bbox 2264 4469 2512 4523; x_wconf 72' lang='lat' dir='ltr'><strong>Ecclesia:</strong></span> <span class='ocrx_word' id='word_1_804' title='bbox 2536 4468 2842 4538; x_wconf 31' lang='lat' dir='ltr'><strong>adjecer’int.</strong></span> <span class='ocrx_word' id='word_1_805' title='bbox 2871 4468 3022 4523; x_wconf 89' lang='lat' dir='ltr'><strong>Unde</strong></span> <span class='ocrx_word' id='word_1_806' title='bbox 3045 4470 3119 4522; x_wconf 91' lang='lat' dir='ltr'><strong>ait</strong></span> <span class='ocrx_word' id='word_1_807' title='bbox 3147 4476 3513 4541; x_wconf 25' lang='lat' dir='ltr'><strong>evenisseput</strong></span> <span class='ocrx_word' id='word_1_808' title='bbox 3540 4470 3686 4519; x_wconf 88' lang='lat' dir='ltr'><strong>mul-</strong></span> 
     </span>
    </p>
   </div>
   <div class='ocr_carea' id='block_1_115' title="bbox 2097 4539 3683 4608">
    <p class='ocr_par' dir='ltr' id='par_1_115' title="bbox 2097 4539 3683 4608">
     <span class='ocr_line' id='line_1_116' title="bbox 2097 4539 3683 4608; baseline -0.003 -13"><span class='ocrx_word' id='word_1_809' title='bbox 2097 4539 2148 4595; x_wconf 87' lang='lat' dir='ltr'><strong>ta</strong></span> <span class='ocrx_word' id='word_1_810' title='bbox 2193 4543 2335 4608; x_wconf 87' lang='lat' dir='ltr'><strong>apud</strong></span> <span class='ocrx_word' id='word_1_811' title='bbox 2373 4543 2495 4593; x_wconf 92' lang='lat' dir='ltr'><strong>illos</strong></span> <span class='ocrx_word' id='word_1_812' title='bbox 2545 4555 2738 4592; x_wconf 85' lang='lat' dir='ltr'><strong>manca</strong></span> <span class='ocrx_word' id='word_1_813' title='bbox 2797 4551 2983 4593; x_wconf 89' lang='lat' dir='ltr'><strong>essent</strong></span> <span class='ocrx_word' id='word_1_814' title='bbox 3010 4547 3065 4592; x_wconf 92' lang='lat' dir='ltr'><strong>et</strong></span> <span class='ocrx_word' id='word_1_815' title='bbox 3096 4540 3371 4608; x_wconf 75' lang='lat' dir='ltr'><strong>inchoata.</strong></span> <span class='ocrx_word' id='word_1_816' title='bbox 3410 4539 3521 4591; x_wconf 78' lang='lat' dir='ltr'><strong>Cur</strong></span> <span class='ocrx_word' id='word_1_817' title='bbox 3548 4552 3683 4607; x_wconf 77' lang='lat' dir='ltr'><strong>ergo</strong></span> 
     </span>
    </p>
   </div>
   <div class='ocr_carea' id='block_1_116' title="bbox 2101 4606 3685 4680">
    <p class='ocr_par' dir='ltr' id='par_1_116' title="bbox 2101 4606 3685 4680">
     <span class='ocr_line' id='line_1_117' title="bbox 2101 4606 3685 4680; baseline -0.004 -15"><span class='ocrx_word' id='word_1_818' title='bbox 2101 4614 2154 4665; x_wconf 91' lang='lat' dir='ltr'><strong>in</strong></span> <span class='ocrx_word' id='word_1_819' title='bbox 2205 4606 2306 4665; x_wconf 77' lang='lat' dir='ltr'><strong>liae</strong></span> <span class='ocrx_word' id='word_1_820' title='bbox 2359 4613 2591 4680; x_wconf 87' lang='lat' dir='ltr'><strong>epistola</strong></span> <span class='ocrx_word' id='word_1_821' title='bbox 2625 4612 2885 4663; x_wconf 88' lang='lat' dir='ltr'><strong>nonnulla</strong></span> <span class='ocrx_word' id='word_1_822' title='bbox 2919 4624 3112 4663; x_wconf 84' lang='lat' dir='ltr'><strong>recens</strong></span> <span class='ocrx_word' id='word_1_823' title='bbox 3153 4610 3207 4662; x_wconf 92' lang='lat' dir='ltr'><strong>in</strong></span> <span class='ocrx_word' id='word_1_824' title='bbox 3260 4606 3564 4680; x_wconf 70' lang='lat' dir='ltr'><strong>Eoelesiam</strong></span> <span class='ocrx_word' id='word_1_825' title='bbox 3594 4606 3685 4680; x_wconf 79' lang='lat' dir='ltr'><strong>in-</strong></span> 
     </span>
    </p>
   </div>
   <div class='ocr_carea' id='block_1_117' title="bbox 2100 4677 3682 4748">
    <p class='ocr_par' dir='ltr' id='par_1_117' title="bbox 2100 4677 3682 4748">
     <span class='ocr_line' id='line_1_118' title="bbox 2100 4677 3682 4748; baseline -0.003 -14"><span class='ocrx_word' id='word_1_826' title='bbox 2100 4685 2264 4735; x_wconf 88' lang='lat' dir='ltr'><strong>ducta</strong></span> <span class='ocrx_word' id='word_1_827' title='bbox 2298 4677 2713 4741; x_wconf 82' lang='lat' dir='ltr'><strong>commemorat,</strong></span> <span class='ocrx_word' id='word_1_828' title='bbox 2753 4681 2861 4733; x_wconf 91' lang='lat' dir='ltr'><strong>imo</strong></span> <span class='ocrx_word' id='word_1_829' title='bbox 2893 4696 2989 4733; x_wconf 91' lang='lat' dir='ltr'><strong>eos</strong></span> <span class='ocrx_word' id='word_1_830' title='bbox 3021 4688 3182 4748; x_wconf 84' lang='lat' dir='ltr'><strong>negat</strong></span> <span class='ocrx_word' id='word_1_831' title='bbox 3214 4694 3278 4731; x_wconf 85' lang='lat' dir='ltr'><strong>ex</strong></span> <span class='ocrx_word' id='word_1_832' title='bbox 3312 4677 3557 4747; x_wconf 79' lang='lat' dir='ltr'><strong>Gregorii</strong></span> <span class='ocrx_word' id='word_1_833' title='bbox 3593 4678 3682 4730; x_wconf 89' lang='lat' dir='ltr'><strong>in-</strong></span> 
     </span>
    </p>
   </div>
   <div class='ocr_carea' id='block_1_118' title="bbox 2101 4749 3678 4820">
    <p class='ocr_par' dir='ltr' id='par_1_118' title="bbox 2101 4749 3678 4820">
     <span class='ocr_line' id='line_1_119' title="bbox 2101 4749 3678 4820; baseline -0.005 -15"><span class='ocrx_word' id='word_1_834' title='bbox 2101 4753 2306 4806; x_wconf 76' lang='lat' dir='ltr'><strong>stitutis</strong></span> <span class='ocrx_word' id='word_1_835' title='bbox 2332 4752 2630 4820; x_wconf 84' lang='lat' dir='ltr'><strong>quidquam</strong></span> <span class='ocrx_word' id='word_1_836' title='bbox 2690 4753 2923 4804; x_wconf 73' lang='lat' dir='ltr'><strong>retinere</strong></span> <span class='ocrx_word' id='word_1_837' title='bbox 2952 4751 2975 4803; x_wconf 88' lang='lat'><strong>?</strong></span> <span class='ocrx_word' id='word_1_838' title='bbox 3008 4749 3133 4803; x_wconf 63' lang='lat' dir='ltr'><strong>llaec</strong></span> <span class='ocrx_word' id='word_1_839' title='bbox 3165 4758 3218 4801; x_wconf 87' lang='lat' dir='ltr'><strong>ut</strong></span> <span class='ocrx_word' id='word_1_840' title='bbox 3276 4750 3678 4820; x_wconf 64' lang='lat' dir='ltr'><strong>concilientur,</strong></span> 
     </span>
    </p>
   </div>
   <div class='ocr_carea' id='block_1_119' title="bbox 2100 4816 3682 4887">
    <p class='ocr_par' dir='ltr' id='par_1_119' title="bbox 2100 4816 3682 4887">
     <span class='ocr_line' id='line_1_120' title="bbox 2100 4816 3682 4887; baseline -0.003 -12"><span class='ocrx_word' id='word_1_841' title='bbox 2100 4816 2499 4875; x_wconf 77' lang='lat' dir='ltr'><strong>observandum</strong></span> <span class='ocrx_word' id='word_1_842' title='bbox 2557 4831 2683 4883; x_wconf 86' lang='lat' dir='ltr'><strong>est,</strong></span> <span class='ocrx_word' id='word_1_843' title='bbox 2724 4821 2790 4871; x_wconf 81' lang='grc' dir='ltr'><strong>1ο</strong></span> <span class='ocrx_word' id='word_1_844' title='bbox 2866 4820 2998 4885; x_wconf 68' lang='lat' dir='ltr'><strong>Qua:</strong></span> <span class='ocrx_word' id='word_1_845' title='bbox 3037 4822 3295 4887; x_wconf 86' lang='lat' dir='ltr'><strong>leguntur</strong></span> <span class='ocrx_word' id='word_1_846' title='bbox 3346 4820 3400 4870; x_wconf 92' lang='lat' dir='ltr'><strong>in</strong></span> <span class='ocrx_word' id='word_1_847' title='bbox 3430 4818 3572 4871; x_wconf 87' lang='lat' dir='ltr'><strong>libro</strong></span> <span class='ocrx_word' id='word_1_848' title='bbox 3606 4816 3682 4870; x_wconf 80' lang='lat' dir='ltr'><strong>De</strong></span> 
     </span>
    </p>
   </div>
   <div class='ocr_carea' id='block_1_120' title="bbox 2104 4887 3682 4959">
    <p class='ocr_par' dir='ltr' id='par_1_120' title="bbox 2104 4887 3682 4959">
     <span class='ocr_line' id='line_1_121' title="bbox 2104 4887 3682 4959; baseline -0.004 -14"><span class='ocrx_word' id='word_1_849' title='bbox 2104 4892 2307 4959; x_wconf 80' lang='lat' dir='ltr'><strong>Spiritu</strong></span> <span class='ocrx_word' id='word_1_850' title='bbox 2350 4900 2535 4945; x_wconf 83' lang='lat' dir='ltr'><strong>sancto</strong></span> <span class='ocrx_word' id='word_1_851' title='bbox 2586 4892 2758 4957; x_wconf 86' lang='lat' dir='ltr'><strong>accipi</strong></span> <span class='ocrx_word' id='word_1_852' title='bbox 2805 4891 2873 4945; x_wconf 75' lang='lat' dir='ltr'><strong>de</strong></span> <span class='ocrx_word' id='word_1_853' title='bbox 2942 4891 3250 4959; x_wconf 83' lang='lat' dir='ltr'><strong>insignibus</strong></span> <span class='ocrx_word' id='word_1_854' title='bbox 3292 4887 3682 4959; x_wconf 63' lang='lat' dir='ltr'><strong>etpraicipuis</strong></span> 
     </span>
    </p>
   </div>
   <div class='ocr_carea' id='block_1_121' title="bbox 2104 4957 3680 5023">
    <p class='ocr_par' dir='ltr' id='par_1_121' title="bbox 2104 4957 3680 5023">
     <span class='ocr_line' id='line_1_122' title="bbox 2104 4957 3680 5023; baseline -0.004 -8"><span class='ocrx_word' id='word_1_855' title='bbox 2104 4957 2367 5016; x_wconf 86' lang='lat' dir='ltr'><strong>institutis</strong></span> <span class='ocrx_word' id='word_1_856' title='bbox 2428 4962 2644 5014; x_wconf 88' lang='lat' dir='ltr'><strong>debere.</strong></span> <span class='ocrx_word' id='word_1_857' title='bbox 2700 4960 2796 5015; x_wconf 87' lang='lat' dir='ltr'><strong>His</strong></span> <span class='ocrx_word' id='word_1_858' title='bbox 2846 4960 2981 5013; x_wconf 89' lang='lat' dir='ltr'><strong>nihil</strong></span> <span class='ocrx_word' id='word_1_859' title='bbox 3042 4957 3210 5023; x_wconf 81' lang='lat' dir='ltr'><strong>addi,</strong></span> <span class='ocrx_word' id='word_1_860' title='bbox 3267 4958 3402 5011; x_wconf 82' lang='lat' dir='ltr'><strong>nihil</strong></span> <span class='ocrx_word' id='word_1_861' title='bbox 3465 4957 3680 5011; x_wconf 83' lang='lat' dir='ltr'><strong>detrahi</strong></span> 
     </span>
    </p>
   </div>
   <div class='ocr_carea' id='block_1_122' title="bbox 2104 5028 3679 5102">
    <p class='ocr_par' dir='ltr' id='par_1_122' title="bbox 2104 5028 3679 5102">
     <span class='ocr_line' id='line_1_123' title="bbox 2104 5028 3679 5102; baseline -0.002 -19"><span class='ocrx_word' id='word_1_862' title='bbox 2104 5035 2249 5102; x_wconf 84' lang='lat' dir='ltr'><strong>passi</strong></span> <span class='ocrx_word' id='word_1_863' title='bbox 2291 5040 2418 5085; x_wconf 91' lang='lat' dir='ltr'><strong>sunt</strong></span> <span class='ocrx_word' id='word_1_864' title='bbox 2448 5030 2940 5102; x_wconf 64' lang='lat' dir='ltr'><strong>Neocaesarienses.</strong></span> <span class='ocrx_word' id='word_1_865' title='bbox 2999 5028 3137 5102; x_wconf 82' lang='lat' dir='ltr'><strong>llinc</strong></span> <span class='ocrx_word' id='word_1_866' title='bbox 3188 5030 3337 5102; x_wconf 81' lang='lat' dir='ltr'><strong>nulla</strong></span> <span class='ocrx_word' id='word_1_867' title='bbox 3358 5028 3679 5102; x_wconf 83' lang='lat' dir='ltr'><strong>_apud_eos</strong></span> 
     </span>
    </p>
   </div>
   <div class='ocr_carea' id='block_1_123' title="bbox 2105 5096 3675 5169">
    <p class='ocr_par' dir='ltr' id='par_1_123' title="bbox 2105 5096 3675 5169">
     <span class='ocr_line' id='line_1_124' title="bbox 2105 5096 3675 5169; baseline -0.004 -14"><span class='ocrx_word' id='word_1_868' title='bbox 2105 5096 2459 5166; x_wconf 85' lang='lat' dir='ltr'><strong>inonasteria,</strong></span> <span class='ocrx_word' id='word_1_869' title='bbox 2507 5117 2605 5155; x_wconf 83' lang='lat' dir='ltr'><strong>nec</strong></span> <span class='ocrx_word' id='word_1_870' title='bbox 2638 5101 2876 5169; x_wconf 84' lang='lat' dir='ltr'><strong>liturgia,</strong></span> <span class='ocrx_word' id='word_1_871' title='bbox 2907 5107 2958 5153; x_wconf 91' lang='lat' dir='ltr'><strong>ut</strong></span> <span class='ocrx_word' id='word_1_872' title='bbox 2988 5098 3131 5168; x_wconf 88' lang='lat' dir='ltr'><strong>apud</strong></span> <span class='ocrx_word' id='word_1_873' title='bbox 3185 5099 3325 5169; x_wconf 75' lang='lat' dir='ltr'><strong>alias</strong></span> <span class='ocrx_word' id='word_1_874' title='bbox 3355 5096 3629 5169; x_wconf 62' lang='lat' dir='ltr'><strong>Ecclesias</strong></span> <span class='ocrx_word' id='word_1_875' title='bbox 3661 5135 3675 5157; x_wconf 91' lang='lat'><strong>,</strong></span> 
     </span>
    </p>
   </div>
   <div class='ocr_carea' id='block_1_124' title="bbox 2104 5167 3676 5240">
    <p class='ocr_par' dir='ltr' id='par_1_124' title="bbox 2104 5167 3676 5240">
     <span class='ocr_line' id='line_1_125' title="bbox 2104 5167 3676 5240; baseline -0.005 -14"><span class='ocrx_word' id='word_1_876' title='bbox 2104 5174 2260 5226; x_wconf 88' lang='lat' dir='ltr'><strong>novis</strong></span> <span class='ocrx_word' id='word_1_877' title='bbox 2313 5173 2506 5225; x_wconf 70' lang='lat' dir='ltr'><strong>ritilius</strong></span> <span class='ocrx_word' id='word_1_878' title='bbox 2561 5167 2906 5240; x_wconf 76' lang='lat' dir='ltr'><strong>locupletato.</strong></span> <span class='ocrx_word' id='word_1_879' title='bbox 2967 5167 3239 5222; x_wconf 68' lang='lat' dir='ltr'><strong>Doctrina:</strong></span> <span class='ocrx_word' id='word_1_880' title='bbox 3289 5167 3534 5240; x_wconf 66' lang='lat' dir='ltr'><strong>Gregorii</strong></span> <span class='ocrx_word' id='word_1_881' title='bbox 3566 5169 3676 5240; x_wconf 21' lang='lat' dir='ltr'><strong>“ita</strong></span> 
     </span>
    </p>
   </div>
   <div class='ocr_carea' id='block_1_125' title="bbox 2103 5237 3676 5309">
    <p class='ocr_par' dir='ltr' id='par_1_125' title="bbox 2103 5237 3676 5309">
     <span class='ocr_line' id='line_1_126' title="bbox 2103 5237 3676 5309; baseline -0.006 -13"><span class='ocrx_word' id='word_1_882' title='bbox 2103 5252 2262 5297; x_wconf 82' lang='lat' dir='ltr'><strong>erant</strong></span> <span class='ocrx_word' id='word_1_883' title='bbox 2292 5242 2517 5303; x_wconf 86' lang='lat' dir='ltr'><strong>addicti,</strong></span> <span class='ocrx_word' id='word_1_884' title='bbox 2547 5249 2606 5294; x_wconf 95' lang='lat' dir='ltr'><strong>ut</strong></span> <span class='ocrx_word' id='word_1_885' title='bbox 2656 5237 2779 5294; x_wconf 84' lang='lat' dir='ltr'><strong>cum</strong></span> <span class='ocrx_word' id='word_1_886' title='bbox 2830 5255 3017 5294; x_wconf 86' lang='lat' dir='ltr'><strong>eorum</strong></span> <span class='ocrx_word' id='word_1_887' title='bbox 3058 5241 3351 5309; x_wconf 74' lang='lat' dir='ltr'><strong>epist-opus</strong></span> <span class='ocrx_word' id='word_1_888' title='bbox 3417 5237 3676 5291; x_wconf 85' lang='lat' dir='ltr'><strong>Sabellia-</strong></span> 
     </span>
    </p>
   </div>
   <div class='ocr_carea' id='block_1_126' title="bbox 2104 5309 3677 5377">
    <p class='ocr_par' dir='ltr' id='par_1_126' title="bbox 2104 5309 3677 5377">
     <span class='ocr_line' id='line_1_127' title="bbox 2104 5309 3677 5377; baseline -0.007 -11"><span class='ocrx_word' id='word_1_889' title='bbox 2104 5316 2343 5367; x_wconf 87' lang='lat' dir='ltr'><strong>nismum</strong></span> <span class='ocrx_word' id='word_1_890' title='bbox 2394 5314 2653 5365; x_wconf 80' lang='lat' dir='ltr'><strong>indm-ere</strong></span> <span class='ocrx_word' id='word_1_891' title='bbox 2707 5319 2956 5374; x_wconf 88' lang='lat' dir='ltr'><strong>tentaret,</strong></span> <span class='ocrx_word' id='word_1_892' title='bbox 3013 5309 3261 5377; x_wconf 86' lang='lat' dir='ltr'><strong>Gregorii</strong></span> <span class='ocrx_word' id='word_1_893' title='bbox 3312 5310 3500 5377; x_wconf 80' lang='lat' dir='ltr'><strong>verbis</strong></span> <span class='ocrx_word' id='word_1_894' title='bbox 3528 5319 3677 5359; x_wconf 85' lang='lat' dir='ltr'><strong>erro-</strong></span> 
     </span>
    </p>
   </div>
   <div class='ocr_carea' id='block_1_127' title="bbox 2107 5376 3671 5453">
    <p class='ocr_par' dir='ltr' id='par_1_127' title="bbox 2107 5376 3671 5453">
     <span class='ocr_line' id='line_1_128' title="bbox 2107 5376 3671 5453; baseline -0.006 -17"><span class='ocrx_word' id='word_1_895' title='bbox 2107 5400 2218 5436; x_wconf 85' lang='lat' dir='ltr'><strong>rem</strong></span> <span class='ocrx_word' id='word_1_896' title='bbox 2253 5390 2553 5453; x_wconf 67' lang='lat' dir='ltr'><strong>prmtexere</strong></span> <span class='ocrx_word' id='word_1_897' title='bbox 2581 5379 3054 5453; x_wconf 10' lang='lat' dir='ltr'><strong>cogeretur._r§ed</strong></span> <span class='ocrx_word' id='word_1_898' title='bbox 3084 5376 3264 5432; x_wconf 69' lang='lat' dir='ltr'><strong>tamen</strong></span> <span class='ocrx_word' id='word_1_899' title='bbox 3307 5376 3364 5430; x_wconf 93' lang='lat' dir='ltr'><strong>in</strong></span> <span class='ocrx_word' id='word_1_900' title='bbox 3404 5379 3567 5453; x_wconf 82' lang='lat' dir='ltr'><strong>rebus</strong></span> <span class='ocrx_word' id='word_1_901' title='bbox 3595 5376 3671 5427; x_wconf 86' lang='lat' dir='ltr'><strong>le-</strong></span> 
     </span>
    </p>
   </div>
   <div class='ocr_carea' id='block_1_128' title="bbox 2105 5449 3673 5523">
    <p class='ocr_par' dir='ltr' id='par_1_128' title="bbox 2105 5449 3673 5523">
     <span class='ocr_line' id='line_1_129' title="bbox 2105 5449 3673 5523; baseline -0.006 -17"><span class='ocrx_word' id='word_1_902' title='bbox 2105 5449 2273 5508; x_wconf 61' lang='lat' dir='ltr'><strong>vioris</strong></span> <span class='ocrx_word' id='word_1_903' title='bbox 2304 5452 2559 5505; x_wconf 87' lang='lat' dir='ltr'><strong>momenti</strong></span> <span class='ocrx_word' id='word_1_904' title='bbox 2588 5449 2697 5504; x_wconf 84' lang='lat' dir='ltr'><strong>non</strong></span> <span class='ocrx_word' id='word_1_905' title='bbox 2752 5452 2823 5523; x_wconf 89' lang='lat' dir='ltr'><strong>ita</strong></span> <span class='ocrx_word' id='word_1_906' title='bbox 2869 5449 3112 5504; x_wconf 81' lang='lat' dir='ltr'><strong>dilIiciles</strong></span> <span class='ocrx_word' id='word_1_907' title='bbox 3145 5458 3320 5523; x_wconf 69' lang='lat' dir='ltr'><strong>erant,</strong></span> <span class='ocrx_word' id='word_1_908' title='bbox 3374 5451 3470 5502; x_wconf 89' lang='lat' dir='ltr'><strong>sed</strong></span> <span class='ocrx_word' id='word_1_909' title='bbox 3538 5460 3673 5523; x_wconf 69' lang='lat' dir='ltr'><strong>non-</strong></span> 
     </span>
    </p>
   </div>
   <div class='ocr_carea' id='block_1_129' title="bbox 2106 5516 3673 5590">
    <p class='ocr_par' dir='ltr' id='par_1_129' title="bbox 2106 5516 3673 5590">
     <span class='ocr_line' id='line_1_130' title="bbox 2106 5516 3673 5590; baseline -0.008 -13"><span class='ocrx_word' id='word_1_910' title='bbox 2106 5526 2253 5578; x_wconf 88' lang='lat' dir='ltr'><strong>nulla</strong></span> <span class='ocrx_word' id='word_1_911' title='bbox 2286 5526 2353 5577; x_wconf 87' lang='lat' dir='ltr'><strong>ad</strong></span> <span class='ocrx_word' id='word_1_912' title='bbox 2389 5538 2523 5576; x_wconf 89' lang='lat' dir='ltr'><strong>usus</strong></span> <span class='ocrx_word' id='word_1_913' title='bbox 2566 5538 2699 5578; x_wconf 86' lang='lat' dir='ltr'><strong>suos</strong></span> <span class='ocrx_word' id='word_1_914' title='bbox 2751 5522 3157 5590; x_wconf 75' lang='lat' dir='ltr'><strong>adjunxerunt;</strong></span> <span class='ocrx_word' id='word_1_915' title='bbox 3195 5516 3673 5590; x_wconf 83' lang='lat' dir='ltr'><strong>quales_erant_li-</strong></span> 
     </span>
    </p>
   </div>
   <div class='ocr_carea' id='block_1_130' title="bbox 2105 5584 3673 5662">
    <p class='ocr_par' dir='ltr' id='par_1_130' title="bbox 2105 5584 3673 5662">
     <span class='ocr_line' id='line_1_131' title="bbox 2105 5584 3673 5662; baseline -0.007 -15"><span class='ocrx_word' id='word_1_916' title='bbox 2105 5597 2268 5648; x_wconf 69' lang='lat' dir='ltr'><strong>taniaa</strong></span> <span class='ocrx_word' id='word_1_917' title='bbox 2332 5612 2343 5646; x_wconf 94' lang='lat'>:</span> <span class='ocrx_word' id='word_1_918' title='bbox 2407 5592 2568 5662; x_wconf 89' lang='lat' dir='ltr'><strong>quale</strong></span> <span class='ocrx_word' id='word_1_919' title='bbox 2620 5600 2705 5647; x_wconf 91' lang='lat' dir='ltr'><strong>est</strong></span> <span class='ocrx_word' id='word_1_920' title='bbox 2746 5584 2908 5646; x_wconf 75' lang='lat' dir='ltr'><strong>etiam</strong></span> <span class='ocrx_word' id='word_1_921' title='bbox 2960 5592 3102 5662; x_wconf 88' lang='lat' dir='ltr'><strong>quod</strong></span> <span class='ocrx_word' id='word_1_922' title='bbox 3146 5584 3351 5662; x_wconf 64' lang='lat' dir='ltr'><strong>narrat</strong></span> <span class='ocrx_word' id='word_1_923' title='bbox 3379 5584 3673 5662; x_wconf 82' lang='lat' dir='ltr'><strong>Gregorius</strong></span> 
     </span>
    </p>
   </div>
   <div class='ocr_carea' id='block_1_131' title="bbox 2106 5656 3674 5736">
    <p class='ocr_par' dir='ltr' id='par_1_131' title="bbox 2106 5656 3674 5736">
     <span class='ocr_line' id='line_1_132' title="bbox 2106 5656 3674 5736; baseline -0.008 -17"><span class='ocrx_word' id='word_1_924' title='bbox 2106 5656 2441 5736; x_wconf 43' lang='lat' dir='ltr'><strong>Nyssenusf</strong></span> <span class='ocrx_word' id='word_1_925' title='bbox 2466 5663 2863 5719; x_wconf 84' lang='lat' dir='ltr'><strong>oblectamenta</strong></span> <span class='ocrx_word' id='word_1_926' title='bbox 2907 5656 3153 5731; x_wconf 69' lang='lat' dir='ltr'><strong>quaedam</strong></span> <span class='ocrx_word' id='word_1_927' title='bbox 3189 5676 3219 5713; x_wconf 84' lang='lat' dir='ltr'><strong>a</strong></span> <span class='ocrx_word' id='word_1_928' title='bbox 3250 5656 3514 5729; x_wconf 79' lang='lat' dir='ltr'><strong>Gregorio</strong></span> <span class='ocrx_word' id='word_1_929' title='bbox 3547 5671 3674 5709; x_wconf 84' lang='lat' dir='ltr'><strong>con-</strong></span> 
     </span>
    </p>
   </div>
  </div>
