3948 6214
256 390 362 444 773

1168 379 1659 438 EPISTOLARUM
1696 382 1979 441 CLASSIS
2016 384 2079 441 ll.
2122 386 2344 444 EPIST.
2385 388 2540 445 CCX.

3391 396 3497 450 774

251 527 344 574 τος
377 506 644 580 ἡμετέρου
680 506 818 559 είσὶν
847 505 896 557 οἱ
932 503 1142 568 τούτοις
1182 504 1353 575 ἔνοχοι
1374 546 1387 567 ,
1424 507 1517 559 καὶ
1568 522 1833 558 καταστε-

1949 510 2226 580 sanguinei
2263 512 2435 565 nostri
2471 518 2621 574 sunt,
2661 512 2756 581 qui
2806 510 2894 566 his
2942 512 3322 583 implicantur,
3363 526 3415 567 et
3445 515 3513 570 de

252 601 400 665 νάζω
434 600 534 672 τῆς
564 596 803 669 ἐμαυτοῦ
834 597 1008 668 ψυχῆς
1030 637 1043 659 ,
1078 597 1161 649 δτι
1195 596 1575 666 ἀναγκάζομαι
1601 638 1615 661 ,
1646 596 1834 668 ὥσπερ

252 696 302 748 οἱ
349 693 484 765 πρδς
516 691 610 744 δύο
647 688 1006 753 πυκτεύοντες
1031 732 1045 752 ,
1088 688 1186 750 τὰς
1219 688 1303 755 ἐφ’
1344 688 1579 759 ἑκάτερα
1612 687 1706 740 τοῦ
1749 689 1835 741 λό-

252 803 350 855 γου
387 782 750 857 παρατροπὰς
805 780 1018 852 κρούων
1066 786 1177 844 τοῖς
1214 781 1485 850 ἐλέγχοις,
1540 781 1633 834 καὶ
1667 798 1834 833 κατα-

253 880 463 934 ϐάλλων
486 919 501 943 ,
528 878 628 948 τὴν
663 879 1045 948 προσήκουσαν
1080 877 1231 945 ἰσχὺν
1260 874 1568 928 ἀποδιδόναι
1606 878 1671 945 τῇ
1712 874 1837 946 ἀλη-

253 971 394 1042 θεία.
444 968 723 1024 Ἐντεῦθεν
760 969 867 1038 γάρ
904 970 932 1020 6
975 968 1249 1037 Ἀνὸμοιος
1300 969 1445 1037 ἡμᾶς
1491 966 1831 1036 σπαράσσει·

253 1063 520 1135 ἑτέρωθεν
553 1063 611 1117 δὲ
636 1102 651 1126 ,
701 1062 776 1124 ὡς
811 1060 985 1113 ἔοικεν
1012 1100 1026 1121 ,
1079 1062 1106 1113 ὀ
1155 1059 1461 1121 Σαδέλλιος.
1519 1058 1657 1111 Ἀλλ’
1692 1060 1835 1129 ὑμᾶς

254 1152 561 1225 παρακαλῶ
586 1196 599 1219 ,
646 1155 759 1215 τοῖς
803 1151 1075 1221 βδελυροῖς
1108 1150 1316 1213 τούτοις
1362 1150 1453 1203 καὶ
1497 1149 1700 1219 μηδένα
1732 1166 1835 1203 πα·-

257 1246 524 1316 ρατρέψαι
557 1244 872 1314 δυναμένοις
919 1245 1215 1311 σοφίσμασι
1271 1242 1342 1312 μὴ
1402 1243 1688 1311 προσέχειν
1742 1239 1835 1292 τὸν

254 1337 380 1391 νοῦν
400 1355 414 1368 ’
446 1337 645 1390 εἰδέναι
680 1336 755 1396 δὲ,
789 1336 870 1388 ὅτι
902 1333 1019 1388 ἔστι
1048 1334 1109 1387 τὸ
1137 1334 1308 1403 ὄνομα
1334 1333 1425 1385 τοῦ
1459 1332 1694 1402 Χριστοῦ
1724 1332 1833 1401 (55)

253 1430 315 1483 τὸ
352 1430 494 1499 ὑπὲρ
546 1431 654 1480 πᾶν
696 1427 864 1497 ὄνομα
892 1468 904 1487 ,
942 1426 1071 1479 αὐτὸ
1104 1425 1163 1478 τὸ
1204 1424 1487 1478 καλεῖσθαι
1526 1426 1637 1493 (34)
1676 1424 1837 1477 αὐτὸν

256 1520 383 1573 Υἱδν
415 1519 508 1573 τοῦ
543 1519 708 1583 Θεοῦ,
742 1518 836 1570 καὶ
881 1517 1023 1570 κατά
1056 1517 1145 1570 τὺν
1194 1517 1402 1586 Πέτρου
1450 1516 1606 1584 λόγον
1632 1533 1645 1546 °
1687 1516 1837 1570 Οὐδέ

253 1612 427 1665 ἐστιν
458 1609 664 1677 ἕτερον
701 1609 885 1677 ὄνομα
928 1609 1047 1663 ὑπὸ
1092 1609 1197 1661 τὸν
1243 1609 1536 1675 οίξρανὸν,
1575 1608 1641 1661 τὸ
1673 1607 1837 1662 δεδο-

249 1700 444 1770 μένον
499 1702 568 1753 ἐν
617 1700 951 1766 ἀνθρώποις
988 1698 1097 1768 (55)
1128 1739 1141 1759 ,
1198 1699 1268 1752 ἐν
1325 1691 1373 1764 ᾧ
1425 1698 1521 1752 δεῖ
1570 1699 1839 1767 σωθῆναι

254 1790 433 1862 ἡμᾶς.
478 1791 621 1861 Πρδς
653 1789 708 1841 δὲ
738 1789 830 1851 τὸ,
862 1792 944 1841 ὅτε
996 1788 1138 1858 Ἐγὼ
1173 1784 1366 1857 ἦλθον
1396 1789 1465 1842 ἐν
1492 1786 1572 1853 τῷ
1594 1789 1838 1857 ὀνόματι

1937 602 2132 657 anima:
2166 619 2298 658 meae
2342 603 2449 658 situ
2492 602 2791 673 ingemisco
2813 643 2828 666 ,
2860 604 3005 672 quod
3048 619 3214 674 cogar
3240 647 3252 669 ,
3293 605 3441 659 velut
3470 605 3509 659 ii

1936 695 2028 764 qui
2059 703 2245 749 contra
2272 696 2410 749 duos
2440 693 2982 764 pugnant,doctrin:e
3007 711 3072 750 ex
3102 704 3331 766 utraque
3362 704 3513 766 parte

1936 785 2272 852 corruptelas
2305 785 2639 854 argumentis
2682 785 2906 853 pulsans
2950 792 3003 837 et
3050 793 3337 849 evertens,
3381 799 3512 839 con-

1937 884 2253 930 sentaneum
2297 876 2509 930 veritati
2558 877 2727 930 robur
2772 877 3015 929 reddere.
3065 876 3201 930 llinc
3230 877 3375 931 enim
3408 890 3511 932 nos

1936 964 2198 1018 dilacerat
2226 965 2556 1019 Anomueus:
2600 965 2784 1027 illinc,
2824 974 2881 1017 ut
2919 974 3139 1034 apparet
3165 1006 3178 1024 ,
3219 964 3509 1021 Sabellius.

1937 1053 2137 1109 Verum
2173 1055 2403 1109 obsecro
2429 1071 2546 1117 vos,
2571 1064 2629 1110 ut
2660 1071 2725 1110 ne
2751 1056 3103 1109 exsecrandis
3133 1057 3219 1111 his
3251 1072 3314 1111 ac
3337 1058 3511 1111 nemi-

1937 1161 2059 1199 nem
2094 1147 2410 1199 subvertere
2446 1147 2749 1199 valentibus
2784 1147 3216 1214 sophismatibus
3260 1148 3510 1202 animum

1940 1237 2267 1292 intendatis:
2305 1238 2398 1292 sed
2429 1239 2638 1299 sciatis,
2671 1237 2877 1294 Christi
2910 1255 3105 1293 nomen
3131 1241 3274 1309 quod
3302 1249 3385 1295 est
3415 1256 3511 1296 sn-

1937 1343 2033 1397 per
2067 1345 2227 1382 omne
2260 1345 2482 1390 nomen,
2519 1329 2621 1382 hoc
2652 1330 2827 1398 ipsum
2856 1346 2997 1392 esse,
3035 1332 3181 1400 quod
3216 1330 3384 1386 Filius
3418 1329 3511 1384 Dei

1937 1430 2194 1487 vocatur;
2245 1430 2297 1476 et
2341 1423 2638 1477 secundum
2691 1421 2836 1476 Petri
2884 1425 3132 1491 dictum,
3177 1423 3356 1494 Neque
3400 1441 3516 1478 esse

1937 1523 2086 1577 aliud
2118 1542 2302 1578 nomen
2331 1526 2423 1579 sub
2453 1525 2578 1579 coelo
2610 1525 2794 1578 datum
2825 1526 3144 1592 hominibus,
3173 1530 3227 1581 in
3249 1546 3346 1594 quo
3366 1545 3514 1597 opor-

1938 1624 2043 1669 teat
2070 1633 2162 1669 nos
2193 1617 2365 1670 salvos
2393 1617 2509 1685 ﬁeri
2538 1617 2575 1670 ³.
2608 1616 2763 1681 Quod
2804 1627 2983 1672 autem
3015 1618 3206 1672 attinet
3236 1619 3303 1672 ad
3341 1620 3498 1681 illud,

1940 1706 2051 1777 Ego
2077 1708 2188 1760 veni
2220 1709 2276 1760 in
2313 1710 2522 1761 nomine
2556 1707 2738 1763 Patris
2767 1711 2888 1771 mei,
2928 1710 3211 1764 sciendum
3240 1719 3324 1766 est
3355 1727 3501 1774 eum,

1938 1814 2059 1853 Cum
2101 1799 2310 1855 Patrem
2363 1801 2710 1870 proﬁteretur
2751 1802 2833 1856 sui
2872 1802 3045 1872 ipsius
3076 1804 3401 1873 principium
3450 1819 3516 1858 ac

255 1882 363 1936 τοῦ
403 1882 635 1949 Πατρός
673 1899 826 1950 μου,
879 1882 1053 1932 ἐκεῖνο
1095 1880 1291 1932 εἰδέναι
1317 1881 1422 1950 χρὴ
1448 1921 1462 1943 ,
1501 1880 1619 1946 ὅτι,
1669 1881 1842 1952 ἀρχὴν

1949 1905 2165 1943 causam
2190 1931 2204 1953 ,
2238 1891 2351 1945 ha3c
2379 1892 2601 1946 dixisse.
2637 1893 2791 1958 Quod
2835 1894 2881 1948 si
2918 1894 3125 1948 dictum
3164 1905 3277 1951 eSt:
3317 1896 3514 1952 Euntes

255 1973 455 2028 ἑαυτοῦ
482 1973 576 2025 καὶ
599 1973 778 2026 αἰτίαν
807 1972 1246 2042 ἐπιγραφόμενος
1271 1973 1361 2025 τὸν
1392 1974 1637 2044 Πατέρα.
1665 1973 1836 2025 ταῦτα

254 2065 425 2132 λέγει.
457 2065 526 2117 Ἐξ
565 2065 621 2117 δὲ
674 2049 888 2134 εἴρηται
914 2104 928 2120 ,
965 2064 1366 2130 Πορευθέντες
1394 2063 1708 2127 ,ϐαπτίζετε
1751 2067 1838 2129 εἰς

255 2156 322 2210 τὸ
353 2156 543 2225 ὄνομα
574 2155 681 2208 τοῦ
704 2156 933 2222 Πατρός
967 2155 1067 2207 καὶ
1094 2155 1201 2209 τοῦ
1239 2156 1376 2209 Υἱοῦ
1400 2157 1499 2209 καὶ
1534 2156 1639 2209 τοῦ
1664 2157 1837 2224 ἁγίου

255 2250 605 2318 Πνεύματος
624 2248 734 2317 (36)
757 2289 770 2311 ,
796 2247 858 2299 οὐ
876 2247 1026 2318 παρά
1056 2248 1213 2301 τοῦτο
1232 2247 1336 2318 χρὴ
1361 2247 1603 2317 νομίζειν
1624 2246 1681 2299 ἓν
1706 2248 1839 2317 ἡμῖν

255 2340 431 2411 δνομα
462 2338 875 2412 παραδεδόσθαι.
920 2340 1006 2402 Ὠς
1053 2339 1161 2410 γὰρ
1197 2340 1226 2390 6
1271 2337 1439 2390 εἰπὼν
1463 2377 1476 2399 ,
1508 2338 1718 2401 Παῦλος
1744 2339 1839 2390 καὶ

257 2432 545 2495 Σιλουανδς
584 2432 678 2484 καὶ
723 2430 1021 2500 Τιμόθεος,
1055 2431 1182 2501 τρία
1230 2430 1329 2499 μὲν
1379 2426 1530 2482 εἶπεν
1578 2431 1834 2503 ὀνόματα.

259 2522 518 2591 συνέδησε
545 2520 600 2573 δὲ
625 2520 762 2573 αὐτὰ
792 2519 1040 2589 ἀλλήλοις
1068 2519 1157 2573 διὰ
1189 2521 1287 2590 τῆς
1314 2559 1327 2581 ,
1362 2520 1454 2571 καὶ
1483 2559 1498 2583 ,
1536 2518 1801 2589 συλλαϐῆς
1822 2538 1833 2550 ο

258 2614 437 2678 οὕτως
469 2617 497 2666 6
535 2612 704 2666 εἰπὼν
749 2613 919 2683 ὄνομα
959 2612 1175 2682 Πατρὸς
1231 2613 1324 2664 καὶ
1364 2612 1495 2663 Υἰοῦ
1538 2613 1629 2663 καὶ
1684 2613 1838 2679 ἁγίου

259 2704 579 2775 Πνεύμάτος
602 2746 614 2765 ,
644 2704 771 2775 τρία
819 2700 1023 2766 εἰπὼν,
1079 2700 1402 2766 συνέπλεξεν
1437 2702 1577 2754 αὐτὰ
1607 2700 1683 2769 τῷ
1720 2718 1840 2752 συν-

256 2797 478 2867 δέσμῳ,
510 2797 722 2864 ἑκάστῳ
774 2795 996 2864 ὀνόματι
1057 2793 1185 2845 ἴδιον
1223 2792 1623 2862 ὑποϐεὸλῆσθαι
1654 2792 1714 2845 τὸ
1747 2810 1843 2859 ση-

262 2888 591 2962 μαινόμενον
619 2888 951 2941 ὲκδιδάσκων
973 2904 985 2915 ·
1019 2887 1151 2940 διότι
1187 2884 1531 2956 πραγμάτων
1578 2886 1693 2938 ἐστὶ
1743 2903 1841 2955 ση-

264 2980 504 3053 μαντικά
558 2980 623 3034 τά
671 2962 929 3050 ὀνόματα.
969 2980 1048 3032 Τά
1096 2979 1152 3030 δὲ
1194 2979 1494 3048 πράγματα
1537 2977 1842 3040 ἰδιάζουσαν

261 3076 354 3127 καὶ
382 3074 643 3143 αὐτοτελῆ
675 3072 771 3141 τὴν
812 3069 1047 3141 ὓπαρξιν
1091 3070 1234 3140 ἔχειν
1274 3070 1445 3130 οὐδεὶς
1479 3069 1587 3120 τῶν
1622 3070 1716 3120 καὶ
1753 3087 1841 3137 μι-

262 3165 396 3234 κρὸν
439 3166 769 3233 μετεχόντων
822 3160 913 3213 τοῦ
969 3163 1184 3230 φρονεῖν
1231 3159 1580 3229 ἀμφιϐάλλει.
1633 3160 1845 3227 Πατρὸς

1943 1983 2204 2050 baptizale
2234 1985 2284 2036 in
2312 1985 2517 2037 nomine
2540 1983 2717 2037 Patris
2739 1995 2788 2038 et
2820 1983 2948 2037 Filii
2968 1996 3016 2038 et
3042 1985 3277 2055 Spiritus
3313 1989 3508 2050 sancti,

1945 2089 2052 2128 non
2084 2075 2287 2128 idcirco
2317 2074 2614 2142 putandum
2645 2083 2726 2128 est
2753 2090 2950 2130 nomen
2976 2094 3139 2131 unum
3163 2080 3321 2134 nobis
3349 2078 3518 2136 fuisse

1946 2164 2228 2217 lraditum.
2262 2163 2729 2228 Quemadmodum
2759 2165 2900 2218 enim
2936 2166 3030 2235 qui
3061 2167 3215 2231 dicit,
3239 2166 3440 2223 Paulus
3462 2177 3518 2223 et.

1948 2253 2201 2309 Silvanus
2242 2262 2295 2308 et
2337 2252 2678 2321 Timotheus,
2729 2256 2832 2309 tria
2877 2255 3096 2324 quidem
3145 2259 3518 2327 pronuntiavit

1945 2347 2186 2408 nomina,
2215 2347 2308 2400 sed
2339 2362 2399 2399 ea
2435 2347 2577 2399 inter
2617 2363 2674 2400 se
2706 2363 2802 2417 per
2830 2358 2877 2400 et
2907 2349 3168 2419 syllabam
3198 2350 3472 2420 colligavit
3497 2393 3513 2415 ,

1947 2440 2026 2492 sic
2051 2441 2139 2508 qui
2166 2439 2296 2491 dicit
2320 2453 2517 2491 nomen
2548 2436 2726 2494 Patris
2751 2450 2801 2494 et
2828 2438 2947 2492 Filii
2978 2450 3029 2494 et
3055 2438 3293 2510 Spiritus
3320 2446 3521 2509 sancti,

1946 2532 2049 2584 tria
2079 2532 2288 2591 dicens,
2319 2533 2616 2584 connexuit
2639 2532 2754 2600 ipsa
2784 2548 2877 2600 per
2900 2533 3366 2601 coniunctionem.
3394 2538 3519 2589 uni-

1947 2626 2143 2692 cuique
2166 2624 2371 2677 nomini
2400 2624 2678 2693 proprium
2712 2624 2937 2679 subesse
2968 2624 3331 2694 signiﬁcatum
3355 2627 3523 2699 316

1946 2719 2182 2781 docens;
2220 2731 2343 2769 nam
2377 2732 2463 2768 res
2500 2717 2644 2785 ipsas
2676 2716 2984 2785 signiﬁcant
3014 2716 3255 2770 nomina.
3288 2716 3394 2772 Res
3420 2733 3519 2771 au-

1947 2816 2053 2861 tem
2093 2805 2367 2875 propriam
2398 2805 2773 2858 evsistentiam
2798 2818 2861 2856 ac
2890 2819 2983 2871 per
3012 2817 3070 2856 se
3100 2802 3394 2872 perfectam
3424 2804 3521 2858 ha-

1949 2900 2114 2961 bere,
2164 2911 2323 2950 nemo
2375 2895 2454 2949 vel
2503 2910 2693 2963 parum
2745 2894 3052 2963 inteiligens
3103 2893 3335 2948 dubitat.
3386 2893 3522 2948 Nam

1949 2989 2124 3044 Patris
2158 2998 2211 3043 et
2244 2986 2360 3040 Filii
2391 2995 2444 3041 et
2481 2984 2717 3059 Spiritus
2748 2986 2922 3039 saneti
2957 2994 3148 3038 natura
3182 2985 3399 3054 quidem
3429 3002 3524 3039 ea-

1951 3080 2073 3134 dem
2118 3088 2171 3132 et
2209 3079 2469 3132 divinitas
2510 3092 2649 3129 una:
2689 3077 2908 3128 nomina
2947 3091 3077 3129 vero
3111 3075 3329 3128 diversa
3354 3118 3367 3137 ,
3414 3075 3525 3128 cir-

1952 3171 2312 3240 cumscriptas
2333 3177 2386 3223 et
2413 3169 2691 3243 absolutas
2720 3168 2974 3221 notiones
3000 3168 3157 3222 nobis
3187 3167 3520 3222 exhibentie.

261 3257 373 3327 γὰρ
432 3256 521 3308 καὶ
563 3255 689 3306 Υίοῦ
738 3255 832 3306 καὶ
882 3253 1035 3321 ἁγίου
1081 3251 1396 3322 Πνεῦματος
1458 3252 1617 3318 φύσις
1659 3252 1759 3320 μὲν
1810 3254 1842 3320 ἡ

1951 3260 2091 3315 Fieri
2114 3261 2258 3314 enim
2289 3276 2396 3314 non
2430 3268 2629 3329 potest,
2660 3267 2718 3313 ut
2744 3276 2917 3322 mens,
2947 3261 3052 3313 nisi
3087 3262 3139 3314 in
3170 3260 3525 3329 uniuscujus-

262 3347 440 3414 αὑτὴ,
501 3346 594 3398 καὶ
639 3344 829 3414 θεότης
872 3346 1006 3413 μία·
1061 3344 1300 3413 ὀνόματα
1347 3344 1402 3395 δὲ
1447 3344 1709 3413 διάφορα,
1751 3361 1847 3395 πε-

265 3436 637 3510 ριωρισμένας
686 3437 787 3489 καὶ
843 3434 1256 3506 ἀπηρτισμένας
1308 3433 1406 3497 τὰς
1453 3434 1660 3496 ἐννοίας
1714 3437 1844 3501 ἡμῖν

264 3528 639 3601 παριστῶντα.
697 3529 1001 3598 Ἀμήχανον
1036 3526 1180 3596 γὰρ,
1223 3526 1296 3596 μὴ
1350 3528 1407 3577 ὲν
1455 3529 1566 3590 τοῖς
1612 3526 1844 3579 ἑκάστου

267 3621 528 3691 [animum
573 3622 671 3690 τὴν
706 3621 943 3673 διάνοιαν
979 3619 1280 3689 γενομένην
1318 3618 1654 3687 ἀσύγχυτον.
1683 3619 1843 3688 δυνη-

265 3711 433 3780 θῆναι
469 3711 643 3779 [largi
674 3711 770 3762 καὶ
806 3707 918 3778 Υἱῷ
958 3709 1053 3762 καὶ
1078 3710 1220 3777 ἁγίῳ
1253 3709 1531 3778 Πνεύματι
1572 3708 1670 3779 τὴν
1701 3707 1847 3771 δοξο-

265 3802 457 3869 λογίαν
485 3800 902 3870 ἀποπληρῶσαι.
943 3800 1067 3851 Ἐἀν
1099 3801 1195 3870 μὲν
1227 3796 1319 3852 οῦν
1354 3799 1626 3870 ἀρνῶνται
1656 3798 1729 3868 μὴ
1765 3798 1849 3849 λέ-

265 3911 386 3963 γειν
412 3894 586 3948 ταῦτα
608 3934 621 3955 ,
656 3892 787 3963 μηδὲ
819 3892 1086 3945 διδάσκειν
1115 3891 1258 3944 οῦτω
1279 3931 1292 3953 ,
1335 3890 1690 3960 κατώρθωται
1715 3892 1848 3960 ἡμῖν

265 3987 337 4039 τὰ
364 3984 797 4055 σπουδαζόμενα.
828 3984 1016 4037 Καίτοι
1049 3984 1289 4053 χαλεπὴν
1330 3985 1512 4045 αὐτοῖς
1543 3978 1708 4036 οὖσαν
1736 3983 1849 4053 δρῶ

264 4079 369 4149 τὴν
414 4076 673 4149 ἄρνησιν.
704 4076 793 4129 διά
823 4076 885 4128 τὸ
933 4074 1161 4138 πολλοὺς
1203 4074 1348 4144 ἔχειν
1378 4073 1484 4126 τῶν
1513 4074 1685 4141 λόγων
1727 4073 1850 4125 τού-

265 4187 378 4223 των
430 4171 555 4231 τοὺς
595 4168 897 4239 μάρτυρας.
950 4168 1092 4238 Πλὴν
1151 4167 1266 4220 ἀλλ’
1317 4167 1378 4219 οὐ
1428 4166 1738 4237 σκοποῦμεν
1782 4166 1852 4219 τὰ

268 4262 608 4334 παρελθόντα
631 4303 644 4323 ,
676 4262 742 4314 τὰ
777 4260 1019 4331 παρόντα
1063 4260 1222 4329 μόνον
1264 4260 1677 4327 ὑγιαινέτωσαν.
1727 4258 1850 4310 Ἐὰν

265 4351 326 4404 δὲ
364 4355 478 4414 τοῖς
514 4353 695 4414 αὐτοῖς
741 4352 1105 4420 ἐπιμένωσιν.
1143 4352 1354 4422 ἀνάγκη
1390 4354 1484 4406 καὶ
1523 4353 1659 4423 πρὸς
1687 4351 1851 4414 ἄλλας

270 4440 601 4512 Ἐκκλησίας
640 4442 898 4510 ἐκϐοῆσαι
927 4443 1073 4510 ἡμᾶς
1090 4443 1187 4513 τὴν
1218 4441 1338 4495 καθ’
1373 4445 1517 4513 ὑμᾶς
1541 4461 1602 4494 συ
1612 4443 1848 4514 μφοράν,

269 4530 368 4581 καὶ
408 4529 630 4598 ποιῆσαι
682 4530 837 4599 παρὰ
886 4530 1145 4584 πλειόνων
1199 4533 1514 4586 ἐπισκόπων
1547 4534 1851 4605 γράμματα

1949 3367 2054 3421 que
2095 3351 2522 3420 proprietatibus
2577 3351 2696 3404 sine
2740 3349 3065 3405 confusione
3113 3350 3526 3406 considerandis

1949 3450 2216 3503 versetur,
2257 3440 2403 3493 Patri
2434 3448 2488 3494 et
2520 3440 2657 3494 Filio
2687 3448 2741 3494 et
2776 3438 3004 3509 Spiritui
3032 3448 3222 3493 sancto
3252 3438 3528 3508 gloriﬁca-

1951 3535 2152 3588 tionem
2187 3534 2481 3603 persolvat.
2511 3532 2629 3585 Jam
2663 3533 2707 3586 si
2741 3539 2939 3600 negent
2971 3546 3029 3584 se
3060 3531 3172 3584 hate
3199 3531 3402 3594 dicere,
3432 3537 3528 3584 aut

1951 3623 2022 3673 ita
2056 3620 2273 3681 docere,
2318 3623 2654 3690 propositum
2689 3636 2878 3674 sumus
2910 3621 3167 3674 assecuti.
3205 3619 3525 3689 Quanquam

1948 3713 2168 3766 difficile
2201 3713 2306 3767 illis
2338 3728 2461 3765 esse
2495 3712 2651 3764 video
2686 3726 2904 3777 negare,
2950 3710 3382 3779 proptereaquod
3413 3724 3525 3763 non

1950 3803 2108 3871 pauci
2140 3809 2268 3855 sttnt
2292 3800 2486 3852 horum
2511 3815 2825 3854 sermonum
2859 3809 3047 3853 testes.
3076 3798 3179 3852 Sed
3213 3808 3390 3852 tamen
3420 3814 3529 3854 non

1952 3902 2265 3964 spectamus
2297 3894 2607 3961 praaterita,
2654 3892 3030 3944 tantummodo
3070 3906 3201 3944 sana
3237 3892 3349 3943 sint
3389 3905 3529 3959 prae-

1954 3987 2152 4041 sentia.
2196 3983 2351 4050 Quod
2387 3983 2432 4038 si
2463 3984 2516 4037 in
2552 3983 2743 4037 iisdem
2778 3981 3274 4051 perseveraverint,
3304 3996 3529 4036 necesse

1953 4077 2274 4131 habebimus
2295 4082 2348 4127 et
2370 4075 2434 4128 ad
2459 4074 2593 4126 alias
2610 4072 2883 4127 Ecclesias
2906 4072 3263 4125 calamitatem
3294 4082 3529 4125 vestram

1951 4168 2253 4229 clamitare,
2285 4180 2346 4218 ac
2387 4164 2647 4232 perlicere
2673 4172 2729 4215 ut
2760 4163 2825 4217 ad
2853 4178 2950 4217 vos
2976 4163 3198 4216 veniant
3219 4177 3251 4217 a
3280 4163 3527 4231 pluribus

1950 4257 2223 4328 episcopis
2259 4257 2453 4309 litterae
2474 4296 2487 4320 ,
2527 4270 2646 4323 qua:
2675 4255 2813 4309 hanc
2846 4254 3193 4325 assurgentis
3225 4255 3529 4324 impietatis

1954 4352 2149 4404 molem
2207 4348 2564 4419 perfringam.
2624 4347 2717 4401 Vel
2771 4348 2915 4401 enim
2966 4348 3016 4401 id
3068 4348 3136 4401 ad
3190 4349 3527 4418 propositum

1955 4452 2201 4495 nostrum
2236 4440 2508 4510 proderit.
2567 4439 2649 4492 vel
2701 4455 2832 4494 sane
2864 4440 2977 4493 hac
3025 4440 3320 4495 obtestatio
3350 4455 3453 4494 nos
3497 4455 3528 4491 a

1955 4534 2113 4601 culpa
2147 4532 2199 4583 in
2220 4530 2430 4600 judicio
2458 4529 2729 4584 liberabit.

271 4618 404 4688 ὑμῖν
444 4620 773 4688 ἀφικέσθαι,
821 4622 880 4673 τὸ
934 4622 1161 4691 μέγεθος
1209 4624 1368 4677 τοῦτο
1420 4626 1518 4694 τῆς
1573 4625 2231 4695 ὑποκατασκευαζομένης
2283 4623 2395 4693 (37)
2451 4621 2705 4685 ἀσεϐείας
2756 4622 3232 4694 καταρῤηγνύντα.
3296 4623 3365 4674 Ἢ
3419 4621 3529 4689 γὰρ

272 4711 551 4784 προύργου
599 4731 651 4765 τι
685 4713 836 4766 ἔσται
896 4716 975 4778 εἰς
1006 4715 1105 4786 τὴν
1161 4717 1427 4788 σπουδὴν,
1473 4719 1504 4788 ἢ
1568 4719 1787 4783 πάντως
1837 4722 1869 4789 ἠ
1912 4718 2162 4791 παροῦσα
2206 4715 2575 4787 διαμαρτυρία
2626 4715 2825 4786 ἀφήσει
2874 4716 3021 4785 ἡμᾶς
3072 4715 3170 4785 τῆς
3217 4715 3395 4776 αἰτίας
3437 4713 3530 4766 ἐπὶ

272 4802 369 4855 τοῦ
400 4803 703 4873 κριτηρίου.

344 4894 547 4963 5.*Ἡδη
574 4894 630 4946 δὲ
660 4896 751 4947 καὶ
787 4896 844 4948 ὲν
863 4898 1231 4968 συντάγμασιν
1252 4900 1472 4964 οἰκείοις
1506 4901 1862 4955 κατεδάλοντο

272 4985 401 5046 τοὺς
435 4982 628 5050 λόγους
672 4983 893 5049 τούτους
916 5005 930 5017 θ
964 4986 1173 5059 οὕσπερ
1212 4991 1305 5043 καὶ
1348 4991 1675 5046 ἀπέστειλαν
1704 4994 1855 5063 πρῶ-

345 5094 364 5123 ¹
401 5093 521 5146 Act.
556 5106 629 5153 tv,
656 5092 740 5143 12.

2029 4895 2081 4948 5.
2110 4892 2229 4946 Jam
2268 4902 2447 4945 autem
2487 4900 2540 4945 et
2578 4892 2631 4945 in
2675 4892 2912 4961 propriis
2954 4891 3177 4959 scriptis
3226 4890 3530 4958 iniecerunt

1959 4988 2061 5041 hos
2096 4999 2402 5047 sermones,
2436 4999 2574 5053 quos
2615 4985 2850 5054 primum
2881 4982 3103 5052 quidem
3140 4982 3409 5037 miserunt
3439 4984 3530 5039 bo-

341 5206 461 5276 (35)
483 5206 758 5273 Χριστοῦ.
785 5205 949 5259 Addit
968 5206 1136 5260 editio
1152 5205 1352 5270 Paris...
1371 5207 1569 5278 Ἰησοῦ,
1589 5208 1683 5263 sed
1702 5209 1842 5264 deest

1956 5208 2024 5259 τά
2051 5206 2308 5274 ὀνόματα.
2358 5206 2461 5261 Sed
2507 5215 2811 5276 repugnant
2855 5215 2980 5278 octo
3012 5206 3229 5261 codices
3263 5208 3435 5262 nostri
3479 5218 3532 5262 et

273 5275 330 5331 in
359 5275 487 5329 octo
515 5292 645 5331 mss.
674 5285 727 5330 et
756 5278 999 5345 antiquis
1028 5278 1388 5332 editionibus.

345 5345 459 5414 ('54)
506 5345 574 5398 Τὸ
611 5345 944 5404 καλεῖσθαι,
982 5358 1086 5400 etc.
1125 5346 1304 5401 Editio
1350 5347 1521 5402 Puris.
1558 5347 1714 5401 τοῦτο
1750 5365 1848 5400 κα-

270 5413 483 5468 λεῖσθαι
510 5416 669 5468 αὑτὸν
701 5416 829 5469 Υἱὸν
863 5414 954 5468 τοῦ
989 5416 1145 5478 Θεοῦ,
1167 5418 1307 5471 κατὰ
1334 5419 1423 5470 τὸν
1454 5417 1572 5479 τοῦ.
1607 5428 1716 5474 etc.
1750 5418 1850 5472 Co-

273 5487 429 5565 dices
462 5488 632 5539 nostri
662 5497 714 5540 et
749 5487 988 5555 antiqua:
1027 5487 1297 5542 editiones
1326 5503 1541 5543 Summo
1569 5504 1846 5542 consensu

276 5564 336 5607 ut
367 5563 420 5607 in
456 5563 627 5608 textu.

346 5626 459 5693 {55)
497 5626 594 5677 Ἐν
636 5627 985 5696 ἀνθρώποις.
1031 5626 1190 5683 Deest
1222 5628 1537 5698 praepositio
1577 5628 1631 5681 in
1682 5626 1846 5692 Med.,

278 5691 425 5745 Harl.
460 5709 515 5745 et
553 5712 663 5745 uno
701 5714 762 5745 ex
800 5699 1000 5745 Regiis-
1378 5704 1381 5705 ⁷

327 5700 425 5745 art.
460 5709 515 5749 et
553 5712 663 5749 uno
701 5714 763 5750 ex
798 5700 1000 5767 Regiis.
1378 5704 1381 5705 ⁷

352 5764 461 5835 (56)
495 5767 860 5835 Πνεὺματος.
900 5768 1077 5823 Editio
1117 5767 1293 5822 Paris.
1326 5766 1474 5822 addit
1503 5767 1597 5822 καὶ
1635 5768 1736 5821 οὐκ
1770 5770 1851 5831 εἰς

1960 5287 2186 5331 vetustte
2226 5277 2519 5338 editiones,
2569 5280 2621 5330 in
2660 5278 2859 5346 quibus
2901 5276 3019 5331 hinc
3062 5279 3283 5331 desunt.
3334 5279 3530 5333 iisdem

1954 5347 2240 5417 codicibus
2270 5347 2747 5417 fretimutavinius
2779 5349 2922 5415 quod
2950 5346 3095 5417 infra
3120 5348 3171 5400 in
3198 5349 3359 5417 editis
3390 5353 3531 5417 tege-

1951 5417 2113 5471 batur
2141 5414 2316 5488 ταῦτα
2363 5414 2614 5488 ἀλλήλοις
2640 5429 2693 5470 et
2725 5414 2807 5486 τῷ
2840 5417 2932 5469 καὶ
2982 5416 3282 5488 συνδέσμῳ.
3318 5414 3531 5473 Habent

1951 5488 2117 5541 etiam
2153 5484 2227 5553 τῷ
2263 5484 2542 5555 συνδέσμῳ
2570 5484 2797 5540 vetustae
2830 5488 3121 5541 editiones.

2026 5555 2139 5627 (57)
2182 5555 2946 5627 ’Υξςιοκατίυκευαζομένηᾳ
2980 5555 3056 5609 Ita
3081 5564 3206 5627 octo
3229 5572 3362 5613 mss.
3389 5556 3531 5613 [diti

1954 5622 2481 5697 ὑποσκευαζομένης.
2534 5628 2704 5680 Paulo
2737 5622 3074 5697 post'editio
3119 5625 3294 5681 Paris.
3343 5630 3406 5681 ὲκ
3432 5629 3532 5697 τῆς

1958 5695 2214 5765 σπουδῆς.
2254 5694 2666 5754 lidentcodiccs
2716 5694 2769 5752 et
2818 5697 3088 5753 editiones
3127 5705 3357 5754 vetustae
3389 5694 3531 5754 utin

1956 5773 2131 5822 textu.
