3900 6208
427 311 532 368 775

1757 326 1812 380 S.
1857 325 1940 380 BA
1950 323 2100 380 SlLll
2141 328 2354 387 MAGNI

3585 349 3683 403 776

428 433 562 486 mini
592 432 682 488 Dei
716 434 928 492 Meletio
951 439 1239 510 episcopc:
1275 441 1471 498 deinde
1500 446 1739 516 acceptis
1775 448 1845 502 ab
1877 447 1960 518 ips

2100 467 2190 503 τον
2237 451 2314 522 τῷ
2357 453 2630 526 ἀνθρώπῳ
2677 455 2769 510 τοῦ
2805 457 2941 510 Θεοῦ
2971 458 3216 531 Μελετίῳ
3260 459 3339 532 τῷ
3381 462 3679 536 ἐπισκόπῳ,

427 525 876 584 convenientibus
907 532 1210 601 responsis,
1235 533 1692 603 quemadmodum
1723 547 2001 593 monstro-

426 629 547 669 rum
571 627 774 674 matres
804 620 1009 688 pudore
1033 622 1253 679 suﬂ'usae
1278 626 1350 680 ob
1373 635 1584 683 natura;
1605 629 1756 695 vitia,
1791 629 1864 684 ita
1897 629 2000 700 ipsi

424 719 641 776 quoque
681 719 866 780 turpes
909 728 1039 769 suos
1071 713 1239 771 foetus
1283 719 1338 770 in
1380 722 1812 790 congruentibus
1849 731 2001 778 tene—

424 797 538 886 bris
569 801 782 856 abditos
818 807 1118 861 enutriunt.
1156 807 1437 866 Immisere
1471 814 1636 865 etiam
1674 829 1770 883 per
1796 816 2000 884 episto-

424 888 528 942 lam
557 900 888 950 tentamenta
931 899 1178 966 quaedam
1227 903 1472 956 unanimi
1520 913 1709 958 nostro
1739 905 1998 960 Antliimo

421 979 732 1052 Tyanorum
761 988 1041 1059 episcopo,
1077 993 1236 1062 quasi
1266 992 1564 1064 Gregorius
1606 997 1658 1050 in
1689 998 1811 1053 ﬁdei
1838 1014 1999 1068 expo-

420 1075 618 1130 sitione
665 1077 860 1135 dixerit
908 1081 1124 1140 Patrem
1174 1094 1227 1140 et
1273 1085 1468 1142 Filium
1524 1092 1722 1145 mentis
1768 1093 1996 1161 quidem

417 1167 748 1238 cogitatione
791 1172 900 1227 duo
949 1190 1105 1239 esse,
1156 1177 1252 1232 sed
1310 1179 1590 1250 hypostasi
1639 1199 1826 1236 unum.
1881 1185 1996 1238 Hoc

417 1266 599 1312 autem
626 1276 732 1316 non
755 1263 986 1318 docendi
1011 1282 1197 1332 causa,
1225 1269 1318 1325 sed
1345 1271 1661 1328 decertandi
1693 1275 1747 1328 in
1779 1272 2019 1346 dialogo'

416 1367 542 1406 cum
565 1351 786 1410 Eliano
816 1357 1022 1413 dictum
1051 1377 1194 1426 esse,
1219 1363 1519 1434 intelligere
1541 1381 1647 1420 non
1674 1374 1991 1437 potuerunt,

413 1445 508 1514 qui
535 1445 639 1500 sibi
673 1447 772 1515 ipsi
795 1449 865 1504 ob
897 1449 1100 1522 ingenii
1132 1455 1492 1510 subtilitatem
1531 1457 1673 1511 beati
1711 1458 1986 1513 videntur.

413 1535 530 1601 Qua
556 1537 610 1591 in
634 1539 998 1608 disputatione
1031 1545 1200 1598 multa
1229 1554 1358 1600 sunt
1387 1546 1738 1603 librariorum
1767 1559 1945 1605 errata
1971 1593 1986 1616 ,

413 1637 473 1680 ut
494 1643 560 1684 ex
583 1629 715 1699 ipsis
737 1633 918 1690 verbis
946 1637 1317 1703 ostendemus,
1343 1639 1390 1694 si
1419 1639 1560 1697 Deus
1586 1643 1751 1698 volet.
1783 1644 1989 1700 Deinde

413 1735 544 1775 vero
573 1724 828 1792 gentilem
857 1727 1117 1784 erudiens
1143 1747 1252 1786 non
1289 1733 1639 1790 existimabat
1671 1739 1986 1795 accuratius

409 1809 825 1881 disceptandum
856 1833 979 1872 esse
1007 1819 1075 1875 de
1118 1822 1333 1889 verbis;
1385 1824 1481 1879 sed
1524 1827 1774 1881 nonnihil
1817 1833 1980 1883 etiam

409 1902 577 1956 indoli
612 1905 778 1970 illius,
823 1909 916 1977 qui
949 1909 1420 1980 introducebatur,
1453 1915 1884 1980 concedendum,
1925 1928 1982 1974 ut

407 2007 476 2048 ne
513 1995 582 2050 iis
617 1997 708 2066 qui
741 1999 1014 2070 praecipua
1053 2011 1205 2068 sunt,
1253 2014 1603 2076 repugnaret.
1639 2007 1984 2080 Quapropter

405 2095 460 2140 et
493 2089 693 2145 multas
724 2091 834 2148 illic
857 2093 1104 2150 invenias
1131 2113 1316 2164 voces,
1354 2115 1474 2168 quae
1500 2117 1647 2155 nunc
1669 2103 1840 2156 robur
1864 2118 1980 2158 ma-

405 2178 612 2233 ximum
643 2179 914 2240 haereticis
944 2188 1224 2256 praebent,
1257 2191 1448 2260 quales
1478 2203 1608 2248 sunt
1651 2205 1894 2250 creatura
1925 2205 1982 2250 et

403 2267 635 2337 factum,
678 2281 732 2328 et
761 2275 810 2330 si
863 2277 992 2346 quid
1045 2279 1336 2349 ejusmodi.
1396 2283 1563 2338 Multa
1609 2293 1791 2341 autem
1823 2295 1877 2342 et
1912 2288 1980 2343 de

401 2357 790 2429 conjunctione
820 2378 946 2420 cum
981 2367 1205 2426 homine
1253 2370 1401 2427 dicta
1447 2374 1513 2430 ad
1555 2375 1859 2433 divinitatis
1888 2395 1979 2434 ra-

400 2450 603 2507 tionem
637 2455 901 2520 referunt,
929 2461 1022 2528 qui
1047 2461 1243 2517 inscite
1277 2465 1484 2536 scripta
1515 2467 1605 2520 illa
1639 2468 1972 2542 intelligunt,

398 2545 561 2612 quale
591 2553 678 2600 est
705 2555 757 2602 et
788 2550 892 2604 hoc
922 2554 1134 2622 ipsum,
1165 2558 1310 2626 quod
1351 2561 1420 2615 ab
1460 2561 1596 2631 ipsis
1633 2565 1974 2622 decantalur.

397 2632 495 2690 Est
519 2639 664 2691 enim
699 2641 868 2709 probe
897 2645 1181 2702 sciendum
1203 2688 1216 2713 ,
1261 2653 1717 2720 quemadmodum
1749 2657 1844 2727 qui
1886 2675 1975 2714 es-

397 2730 586 2783 sentite
615 2735 1056 2791 communionem
1109 2754 1220 2794 non
1271 2741 1568 2798 conﬁtetur
1591 2785 1605 2809 ,
1640 2746 1694 2799 in
1727 2763 1970 2805 errorem

397 2819 691 2874 multorum
725 2823 952 2879 deorum
989 2828 1200 2894 incidit,
1229 2830 1302 2884 ita
1330 2834 1423 2903 qui
1449 2834 1822 2906 liypostasewn
1852 2856 1974 2910 pro-

396 2910 678 2980 prietatem
713 2931 820 2970 non
857 2919 1118 2988 admittit,
1151 2921 1206 2974 in
1231 2921 1576 2981 Judaismum
1617 2928 1765 2986 ferri.
1795 2929 1970 3001 Opor-

394 3011 471 3057 lci.
491 3006 636 3060 enim
667 3015 728 3062 ut
756 3025 910 3066 mens
931 3023 1118 3068 nostra
1149 3016 1294 3070 velut
1319 3017 1504 3088 aliquo
1535 3019 1669 3074 fulta
1699 3025 1964 3094 subjecto,

2105 545 2198 597 καὶ
2231 543 2485 608 λαὸόντες
2523 549 2656 618 παρ’
2695 549 2862 603 αὐτοῦ
2897 549 2996 614 τὰς
3043 553 3430 622 προσηκούσας
3461 555 3683 626 ἀποκρί-

2105 654 2256 702 σεις,
2299 637 2376 701 ὡς
2408 639 2464 691 αἱ
2507 638 2617 692 τῶν
2653 641 2897 710 τεράτων
2944 643 3178 714 μητέρες
3222 645 3680 716 ἐπαισχυνόμεναι

2101 731 2212 792 τοῖς
2243 728 2542 799 πηρώμασι
2572 731 2672 800 τῆς
2711 731 2928 800 φύσεως
2947 773 2962 796 ,
2998 731 3139 785 οὕτω
3170 732 3265 786 καὶ
3297 734 3452 788 αὐτοὶ
3475 734 3574 796 τὰς
3599 738 3679 787 αἰ-

2103 821 2272 893 σχρὰς
2325 823 2534 876 ἑαυτῶν
2565 823 2762 886 ὠδῖνας
2793 823 2872 894 τῷ
2915 826 3244 896 προσήκοντι
3293 826 3470 897 σκότῳ
3515 843 3682 881 κατα-

2100 913 2407 983 κρύψαντες
2438 915 2804 986 τιθηνοῦνται.
2852 918 3107 987 Καθῆκεν
3134 918 3192 971 δέ
3227 936 3349 972 τινα
3383 923 3580 990 πεῖραν
3611 919 3677 973 δι’

2098 1007 2388 1078 ἐπιστολῆς
2439 1009 2534 1060 καὶ
2569 1009 2705 1080 πρὸς
2751 1012 2844 1064 τὸν
2895 1011 3170 1082 ὁμόψυχον
3216 1012 3373 1083 ἡμῶν
3421 1011 3680 1082 Ἂνθιμον

2096 1100 2188 1151 τὸν
2217 1101 2440 1154 Τυάνων
2472 1102 2771 1155 ἐπίσκοπον
2795 1119 2808 1132 ·
2843 1102 2918 1166 ὡς
2957 1103 3066 1174 ἄρα
3096 1103 3401 1174 Γρηγορίου
3433 1103 3678 1168 eludare;

2097 1192 2156 1244 ἐν
2191 1191 2402 1245 ἐκθέσει
2447 1193 2692 1257 Πίστεως
2733 1195 2954 1265 Πατέρα
2997 1197 3092 1248 καὶ
3130 1195 3258 1248 Υίὸν
3306 1195 3524 1265 ἐπινοίᾳ.
3581 1197 3677 1266 μὲν

2095 1278 2234 1336 εἶναι
2261 1283 2376 1346 δύο,
2398 1285 2695 1338 ὑποστάσει
2709 1285 2766 1336 δέ
2783 1285 2842 1338 ἐν
2857 1285 2988 1355 (58).
3023 1285 3192 1338 Τοῦτο
3210 1285 3268 1338 δέ
3287 1286 3369 1339 ὅτι
3395 1287 3458 1338 οὐ
3474 1285 3676 1356 δογμα-

2093 1376 2260 1440 τικῶς
2297 1379 2532 1448 εἴρηται,
2565 1377 2682 1430 ἀλλ’
2711 1379 3086 1445 ἀγωνιστικῶς
3126 1383 3182 1433 ὲν
3210 1383 3275 1450 τῇ
3320 1379 3462 1450 πρὸς
3493 1379 3676 1432 Allia-

2092 1470 2180 1524 νὺν
2231 1469 2343 1540 (59)
2386 1469 2653 1537 διαλέξει,
2699 1471 2799 1524 οὐκ
2827 1470 3172 1542 ἠδυνήθησαν
3227 1471 3460 1524 συνιδεῖν
3501 1473 3553 1523 οἱ
3584 1473 3672 1524 ἐπὶ

2091 1563 2380 1632 λεπτότητι
2424 1563 2530 1616 τῶν
2580 1563 2794 1635 φρενῶν
2835 1563 3062 1628 ἑαυτοὺς
3110 1563 3529 1634 μακαρίζοντες.
3586 1563 3672 1615 Ἐν

2089 1651 2122 1731 ᾖ
2155 1656 2327 1710 πολλὰ
2369 1656 2480 1708 τῶν
2514 1656 2998 1728 ἀπογραψαμένων
3039 1655 3157 1708 ἐστὶ
3215 1654 3513 1724 σφάλματα
3537 1696 3552 1720 ,
3598 1654 3671 1718 ὡς

2087 1751 2176 1802 ἐπ’
2205 1747 2388 1802 αὐτῶν
2433 1747 2541 1802 τῶν
2579 1747 2778 1814 λέξεων
2823 1747 3072 1816 δείξομεν
3111 1748 3272 1818 ἡμεῖς
3295 1786 3311 1810 ,
3347 1747 3444 1800 ἐὰν
3483 1749 3514 1800 ό
3540 1745 3669 1808 Θεὸς

2087 1843 2240 1914 θέλῃ.
2297 1844 2529 1896 Ἔπειτα
2586 1842 2770 1912 μέντοι
2824 1840 2915 1894 τὸν
2967 1841 3207 1912 ’Ἕλληνα
3263 1839 3471 1894 πείθων
3497 1880 3513 1903 ,
3572 1840 3670 1910 οὐχ

2085 1939 2270 2006 ἡγεῖτο
2296 1937 2490 2008 χρῆναι
2513 1934 2986 2008 ἀκριϐολογεῖσθαι
3013 1933 3142 2004 περὶ
3171 1931 3241 1985 τὰ
3269 1934 3525 2004 ῥήματα·
3553 1930 3666 1984 ἀλλ’

2083 2029 2229 2082 ἐστιν
2261 2029 2366 2098 ὅπη
2400 2027 2496 2081 καὶ
2529 2026 2840 2080 συνδιδόντα
2869 2025 2981 2097 (40)
3015 2024 3091 2095 τῷ
3129 2023 3241 2077 ἔθει
3268 2023 3363 2077 τοῦ
3399 2023 3668 2092 ἐναγομέ-

2081 2135 2174 2172 νου
2197 2159 2210 2184 ,
2241 2118 2318 2181 ὡς
2371 2117 2437 2170 ἂν
2485 2116 2561 2188 μὴ
2612 2117 2898 2170 ἀντιτείνοι
2945 2115 3084 2187 πρὸς
3113 2115 3182 2168 τὰ
3219 2113 3434 2178 καίρια.
3477 2113 3572 2166 Διὸ
3602 2112 3666 2184 δὴ

2082 2212 2176 2264 καὶ
2205 2209 2403 2274 πολλὰς
2439 2207 2506 2263 ἂν
2545 2208 2722 2282 εὕροις
2763 2210 2878 2262 ἐκεῖ
2919 2207 3134 2277 φωνὰς,
3170 2207 3270 2270 τὰς
3301 2207 3398 2259 νῦν
3433 2209 3552 2268 τοῖς
3582 2208 3662 2260 αξ-

2084 2303 2316 2374 ρετικοῖς
2368 2301 2630 2370 μεγίστην
2680 2299 2832 2370 ἰσχὺν
2867 2298 3272 2368 παρεχομένας·
3320 2296 3396 2360 ὡς
3431 2297 3498 2350 τὸ
3540 2299 3664 2350 κτί-

2078 2408 2224 2460 σμα,
2260 2391 2354 2443 καὶ
2387 2390 2452 2443 τὸ
2489 2389 2734 2458 ποίημα,
2772 2389 2868 2441 καὶ
2904 2389 2958 2442 εἴ
2994 2406 3046 2440 τι
3087 2385 3350 2442 τοιοῦτον.
3390 2387 3576 2439 Πολλά
3605 2385 3660 2439 δὲ

2077 2484 2171 2536 καὶ
2211 2485 2340 2554 περὶ
2383 2483 2485 2549 τῆς
2529 2482 2664 2552 πρὸς
2713 2482 2805 2534 τὸν
2845 2481 3132 2553 ἄνθρωπον
3179 2483 3477 2548 συναφείας
3505 2481 3660 2550 εξρη-

2079 2575 2216 2644 μένα
2255 2575 2336 2636 εἰς
2375 2574 2466 2627 τὸν
2513 2573 2641 2644 περὶ
2677 2572 2778 2642 τῆς
2809 2571 3063 2643 θεότητος
3103 2571 3437 2643 ἀναφέρουσι
3474 2570 3656 2638 λόγον,

2074 2671 2122 2722 οἱ
2154 2666 2492 2730 ἀπαιδεύτως
2520 2667 2628 2720 τῶν
2661 2666 3064 2736 γεγραμμένων
3108 2664 3400 2728 ἀκούοντες
3424 2682 3438 2694 ·
3472 2665 3656 2718 ὁποῖόν

2073 2761 2188 2813 ἐστι
2219 2762 2312 2814 καὶ
2349 2759 2538 2823 τοῦτο,
2568 2759 2628 2811 τὸ
2671 2758 2824 2830 παρὰ
2845 2758 3050 2811 τούτων
3086 2756 3544 2828 περιφερόμενον.
3580 2753 3652 2810 Εὖ

2072 2853 2181 2922 γὰρ
2223 2853 2336 2922 (41)
2367 2851 2562 2904 εἰδέναι
2592 2852 2736 2922 χρὴ,
2779 2851 2894 2915 ὅτι,
2945 2849 3133 2920 ὥσπερ
3175 2852 3204 2902 ὁ
3252 2849 3312 2901 τὸ
3347 2849 3526 2902 κοινὸν
3555 2849 3653 2918 τῆς

2071 2943 2258 3005 οὐσίας
2291 2942 2365 3013 μὴ
2409 2941 2686 3012 ὁμολογῶν
2723 2943 2804 3004 είς
2840 2939 3126 2993 πολυθεῖαν
3155 2939 3446 3001 ἐκπίπτει,
3476 2938 3651 3002 οὕτως

2071 3036 2100 3087 ὁ
2127 3035 2186 3088 τὸ
2220 3035 2418 3098 ἰδιάζον
2451 3033 2559 3087 τῶν
2587 3033 2934 3086 ὑποστάσεων
2969 3031 3044 3103 μὴ
3075 3031 3249 3094 διδους
3271 3032 3351 3093 εἰς
3383 3031 3475 3084 τὸν
3518 3031 3654 3083 Ἰου-

393 3105 448 3150 et
497 3097 642 3154 illius
691 3103 1050 3161 considerans
1101 3109 1488 3178 proprietates,
1537 3113 1611 3166 ita
1657 3115 1877 3170 demum
1911 3119 1963 3172 in

2073 3127 2291 3196 δαῖσμὸν
2318 3127 2648 3196 ὑποφέρεται
2675 3125 2805 3196 (42).
2829 3126 2921 3176 Δεῖ
3094 3123 3191 3192 τὴν
3217 3120 3458 3174 διάνοιαν
3489 3121 3650 3191 ἡμῶν

395 3188 574 3254 illius,
607 3208 767 3262 quem
818 3196 979 3267 317
1009 3199 1322 3268 desiderat,
1356 3205 1665 3275 cognitione
1696 3219 1961 3266 versetur.

395 3277 450 3335 Si
495 3283 640 3338 enim
687 3291 1069 3355 paternitatem
1117 3308 1222 3346 non
1278 3294 1737 3364 intellexerimus,
1788 3318 1965 3372 neque

390 3374 538 3428 circa
569 3390 731 3444 quem
777 3377 896 3434 haec
925 3383 1232 3452 proprietas
1276 3385 1496 3440 deﬁnita
1529 3391 1630 3458 sit,
1664 3393 1963 3448 adverteri-

391 3478 550 3530 mus;
585 3467 862 3534 quomodo
892 3474 1197 3540 poterimus
1221 3475 1316 3530 Dci
1347 3475 1528 3556 Patris
1563 3483 1842 3538 notionem
1870 3500 1962 3540 ac-

391 3553 617 3624 cipere?
654 3556 769 3612 Non
806 3562 953 3614 enim
991 3563 1124 3617 satis
1158 3573 1242 3620 est
1277 3553 1638 3636 personarum
1674 3589 1961 3630 numerare

387 3643 758 3704 diﬂerentias:
796 3651 893 3706 sed
929 3668 1373 3728 unamquamque
1409 3677 1700 3730 personam
1734 3665 1789 3719 in
1833 3683 1958 3721 vera

385 3736 668 3808 hypostasi
701 3745 971 3801 exsistere
1012 3746 1296 3804 fatendum
1341 3761 1450 3808 est.
1503 3753 1638 3810 Illud
1671 3759 1816 3811 enim
1859 3761 1958 3830 hy-

383 3836 592 3902 postasi
619 3851 816 3892 carens
849 3855 1207 3907 personarum
1248 3855 1622 3900 commentum
1659 3864 1725 3902 ne
1763 3847 1954 3904 Sabel-

383 3926 488 3980 lius
531 3927 750 3998 quidem
804 3931 1026 4001 rejecit;
1079 3935 1281 4004 quippe
1332 3952 1455 3990 cum
1499 3938 1650 3994 dicat
1701 3944 1952 3997 eumdem

381 4016 572 4082 Deum,
612 4036 736 4075 cum
767 4024 1020 4092 subjecto
1051 4042 1193 4082 unus
1225 4029 1334 4095 sit,
1381 4046 1480 4100 pro
1529 4038 1952 4094 occurrentibus

379 4109 611 4166 subinde
641 4115 1028 4170 occasionibus
1063 4118 1537 4190 transformatum,
1571 4127 1734 4182 modo
1765 4138 1822 4182 ut
1847 4129 1953 4184 Pa-

378 4209 541 4265 trem,
575 4203 736 4258 modo
771 4213 828 4259 ut
857 4205 1079 4272 Filium,
1113 4211 1278 4266 modo
1309 4223 1366 4266 ut
1394 4213 1658 4284 Spiritum
1691 4231 1947 4277 sanctum

378 4293 548 4362 loqui.
604 4292 762 4350 Hunc
806 4299 935 4352 olim
987 4302 1323 4358 exstinctum
1380 4323 1623 4363 errorem
1675 4323 1946 4368 renovant

375 4400 523 4440 nunc
560 4385 788 4457 hujusce
832 4389 1184 4448 innominata:
1228 4395 1452 4454 haeresis
1483 4403 1817 4474 inventores,
1850 4409 1942 4478 qui

443 4521 556 4590 (58)
583 4523 1075 4612 .⁹Υπο¹ο’τ,άσει“ὃὲ
1121 4531 1208 4586 ἕν.
1268 4534 1501 4612 ρηοιὶοιδθ
1555 4556 1665 4612 non
1715 4560 1936 4612 possum

368 4587 693 4672 Gregorium
723 4595 928 4672 dixisse
955 4599 1181 4672 Patrem
1207 4613 1261 4656 et
1287 4587 1506 4670 Filium.
1534 4611 1578 4664 si
1613 4587 1773 4667 sim'ul

369 4660 704 4748 siderentur,
740 4667 1074 4748 cogitatione
1101 4671 1210 4748 duo
1239 4660 1932 4748 esse,_hypostasiwunuuvni.

370 4729 494 4786 Haec
529 4729 930 4825 enirnﬁeniella
954 4750 1140 4822 essent
1173 4729 1734 4825 haeresi'Sa'bclliame,

367 4816 542 4882 supra
579 4804 810 4882 Dasilius
841 4808 1086 4882 Gregorii
1117 4816 1411 4871 traditione
1457 4804 1932 4882 etstiiicta'mI—do:

363 4870 472 4953 cet.
507 4870 612 4928 Sed
651 4874 834 4962 his'in
873 4870 1175 4962 vefbisnvel
1221 4870 1932 4962 erratum:

365 4942 593 5027 ir-‘io‘ruln,
627 4954 702 5027 ιιι.
713 4947 890 5027 placet
930 4949 1152 5027 Basilio,
1175 4942 1584 5026 'suspicanduni
1604 4942 1730 5027 ’ἐέίζ

364 5009 524 5068 Patre
549 5023 599 5068 et
627 5009 764 5098 Filio
790 5021 1086 5104 separatim.
1109 5009 1344 5104 siunptis

364 5096 532 5166 sensu
562 5088 822 5166 magister
843 5089 1088 5166 Gregorii
1115 5088 1378 5166 Origenes
1409 5088 1546 5154 dix'it
1567 5105 1634 5156 de
1668 5088 1923 5163 emisit}?

359 5151 981 5239 To‘p‘év‘bjtoxsipevov'
1003 5162 1076 5239 -ἐν
1129 5151 1263 5239 ἐστῖ,
1285 5151 1414 5233 ταῖς
1448 5171 1505 5223 δὲ
1547 5175 1810 5239 ἐπινοίαις
1857 5179 1926 5232 τὰ

574 5221 828 5314 dia-opaci
860 5229 952 5314 ἐπῖ
997 5221 1286 5314 διαφόρων.
1338 5221 1925 5314 διὶρρὸεἷείὶῆι⁷ἦὶὶῖτιεῐ

360 5307 522 5372 unum
559 5306 658 5364 est,
691 5299 790 5374 sed
819 5299 1131 5374 cogitatione
1149 5299 1317 5374 plura
1347 5299 1560 5367 noiriina
1586 5299 1746 5369 variis
1773 5299 1923 5374 relies

359 5361 718 5448 inipﬂiunt-ur,
751 5361 945 5448 Hom-il“.
985 5372 1101 5448 _8_in
1122 5361 1318 5446 Jerem.

354 5435 542 5557 λιέῗόξί)
567 5440 872 5493 Αἱλιανόν.
905 5438 1076 5496 Coisl.
1129 5435 1446 5519 utei‘Que.cl
1487 5453 1596 5509 duo
1641 5455 1794 5528 Regii
1826 5461 1922 5513 Γε-

388 5517 551 5558 ιανον.

425 5576 546 5662 (ῥυ)
576 5578 683 5632 Καὶ
703 5580 1100 5662 ’συγδιό-ῥντρ.
1127 5585 1203 5662 lla
1227 5587 1398 5662 poisl.
1429 5594 1658 5662 primus,
1691 5595 1838 5652 Harl.
1864 5609 1918 5654 et

353 5641 502 5726 Med:
518 5641 652 5726 'cu_u_i
686 5649 1124 5726 duobiisiﬁegiis.
1162 5641 1456 5714 Εάίιίἆάιτ
1467 5641 1784 5721 ἱτέᾷξὲἑιέὶηῖᾶιῖξ

418 5715 531 5787 (41)
566 5713 652 5772 Εὖ
685 5719 814 5788 γάρ.
850 5713 1227 5781 Ειιὶιίνοᾱθιιηι
1253 5713 1345 5784 καί
1367 5713 1914 5806 τοῦτοέῖμῖξενόξειιιιι

2067 3219 2228 3272 οίονεὶ
2254 3217 2665 3288 ἐπερεισθεῖσαν
2704 3215 3048 3285 ὑποκειμένῳ
3080 3213 3223 3276 τινὶ,
3261 3213 3356 3266 καὶ
3394 3215 3650 3284 ἐναργεῖς

2066 3312 2229 3366 αὑτοῦ
2265 3313 2724 3381 ἐντυπωσαμένην
2767 3311 2893 3372 τοὺς
2938 3309 3327 3380 χαρακτῆρας,
3365 3307 3544 3370 οὕτως
3591 3309 3650 3360 ἐν

2067 3405 2314 3476 περινοίᾳ
2345 3403 2602 3471 γενέσθαι
2629 3402 2722 3454 τοῦ
2753 3401 3111 3470 ποθουμένου.
3151 3401 3244 3468 Μὴ
3276 3403 3386 3468 γὰρ
3413 3400 3649 3468 νοήσαν-

2061 3513 2152 3560 τες
2186 3496 2296 3567 (45)
2329 3496 2426 3566 τὴν
2455 3512 2560 3548 πατ
2573 3495 2772 3566 ρότητα
2793 3534 2806 3558 ,
2837 3493 2972 3564 μηδὲ
3000 3493 3127 3560 περὶ
3158 3491 3217 3544 ὃν
3247 3489 3560 3560 ἀφώρισται
3584 3487 3648 3542 τὸ

2065 3588 2260 3658 ἰδίωμα
2289 3588 2446 3640 τοῦτο
2479 3586 2878 3658 ἐνθυμηθέντες
2903 3626 2918 3649 ,
2949 3584 3064 3648 πῶς
3093 3583 3318 3637 δυνατὸν
3352 3583 3487 3636 Θεοῦ
3523 3585 3643 3636 Πα-

2058 3681 2323 3752 τρὺςωιί)
2382 3680 2587 3734 ἔννοιαν
2640 3679 3084 3752 παραδέξασθαι;
3129 3677 3204 3728 Οὐ
3255 3675 3364 3746 γὰρ
3414 3675 3644 3747 ἐξαρκεῖ
3732 3734 3736 3735 ί

2057 3774 2317 3846 διαφορὰς
2380 3774 2704 3846 προσώπων.
2745 3771 3274 3843 ἀπαριθμήσασθαι,
3330 3769 3468 3824 ἀλλὰ
3532 3769 3640 3841 χρὴ

2057 3867 2283 3920 ἕκαστον
2345 3869 2636 3939 πρόσωπον
2699 3868 2756 3918 ἐν
2813 3865 3105 3920 ὑποστάσει
3170 3862 3396 3933 ἀληθινῇ
3457 3863 3638 3933 ὑπάρ-

2053 3979 2146 4031 χον
2171 3962 2280 4030 (45)
2318 3961 2619 4031 ὁμολογεῖν.
2669 3959 2820 4012 Ἐπεὶ
2865 3957 2955 4011 τόν
2998 3975 3061 4025 γε
3107 3957 3479 4008 ἀνυπόστατον
3521 3952 3632 4006 τῶν

2053 4053 2361 4123 προσώπων
2385 4051 2736 4122 ἀναπλασμὸν
2757 4051 2876 4104 οὐδὲ
2897 4051 2924 4102 ὁ
2945 4048 3229 4111 Σαὸέλλιος
3251 4047 3631 4118 παρῃτήσατο,

2051 4141 2220 4195 εἰπὼν
2249 4144 2338 4196 τὸν
2372 4143 2532 4196 αὐτὸν
2563 4142 2722 4206 Θεὸν,
2745 4143 2842 4195 ἐνα
2866 4141 2944 4212 τῷ
2967 4139 3312 4210 ὑποκειμένῳ
3339 4139 3447 4208 (46)
3474 4138 3626 4198 όντσ,

2051 4238 2186 4308 πρὸς
2249 4237 2346 4302 τὰς
2401 4238 2658 4290 ἑκάστοτε
2715 4234 3167 4307 παραπιπτούσας
3206 4228 3408 4304 ¹χρείας
3461 4248 3628 4302 μετα-

2052 4330 2426 4400 μορφούμενον
2449 4368 2462 4390 ,
2497 4328 2592 4381 νῦν
2629 4327 2726 4398 μὲν
2753 4328 2828 4392 ὡς
2864 4326 3116 4398 Πατέρα,
3155 4324 3248 4378 νῦν
3279 4324 3336 4377 δὲ
3361 4323 3436 4386 ώς
3473 4323 3621 4386 Υἰὸν,

2047 4421 2140 4474 νῦν
2173 4421 2228 4473 δέ
2267 4421 2340 4484 ὡς
2367 4421 2590 4490 Πνεῦμα
2624 4420 2776 4489 ἆγιον
2808 4417 3169 4487 διαλέγεσθαι.
3201 4417 3416 4486 Ταύτην
3455 4415 3622 4467 πάλαι.

2047 4556 2103 4612 in
2133 4566 2259 4635 octo
2295 4559 2481 4635 ηοεινί⁸
2498 4573 2629 4611 mss.
2689 4626 2704 4635 _
3087 4625 3127 4635 __

2119 4627 2228 4697 (42)
2260 4627 2662 4706 Ὑπρφὲρεται,
2686 4626 2906 4706 Intaocto
2935 4641 3067 4706 mss.
3087 4623 3228 4680 Editi
3256 4623 3612 4706 ἀποιρέρεται.

2120 4699 2232 4766 (45)
2264 4699 2633 4763 Νοήσιιντες.
2678 4697 2846 4751 Coisl.
2900 4697 3108 4765 primus
3143 4709 3265 4750 cum
3287 4696 3440 4766 ‘aliis
3476 4709 3612 4762 qua-

2043 4761 2166 4822 tuor
2195 4761 2490 4845 νοήσαντας
2536 4761 2600 4822 et,
2630 4785 2754 4821 mox
2800 4761 3218 4845 ἐνθυμηθέντας.
3283 4761 3390 4818 Sed
3431 4761 3611 4845 tamen

2042 4833 2640 4917 vulgatamdectionem
2682 4846 2893 4917 mutare
2932 4833 3102 4917 nolui,
3149 4851 3271 4917 ane
3301 4850 3444 4903 saepe
3475 4833 3609 4890 alias

2041 4911 2094 4963 in
2128 4905 2263 4962 locis
2296 4909 2567 4987 similibus
2600 4909 2842 4987 occurrit
2866 4907 3007 4987 apud
3040 4905 3323 4968 Basilium,
3357 4919 3607 4987 adrepe-

2038 4981 2180 5060 ritur
2204 4977 2258 5030 in
2281 4977 2570 5060 codicibus
2603 4978 2752 5032 llarl.
2787 4973 3016 5060 ctua-led.
3053 4987 3105 5031 et
3128 4990 3248 5060 _uno
3288 4990 3356 5060 ex
3399 4973 3601 5060 Regiis.

2037 5047 2740 5126 Habent“illi‘quidemtres
2768 5050 2986 5126 codices
3017 5049 3180 5126 paulo
3211 5053 3350 5126 post_
3375 5046 3598 5126 1213;35:3-

2036 5118 2204 5172 ναιντ’
2236 5119 2319 5174 ἄν.
2361 5119 2468 5172 Sed
2497 5119 2660 5172 credo
2701 5119 2976 5173 inductam
3009 5117 3036 5171 a
3067 5117 3303 5172 librariis
3337 5117 3477 5169 hanc
3503 5117 3600 5168 im-

2035 5189 2389 5242 mutationem
2415 5190 2584 5242 nimio
2608 5190 2976 5258 grammaticae
3004 5190 3207 5254 studio,
3241 5185 3598 5258 quemadmo-

2033 5259 2160 5312 dum
2195 5259 2248 5312 in
2289 5259 2409 5312 aliis
2460 5255 2704 5328 quinque
2749 5261 3034 5314 codicibus
3085 5259 3274 5313 eadem
3317 5255 3388 5310 de
3431 5271 3596 5311 causa

2031 5328 2400 5383 nominativus
2423 5329 2477 5382 in
2503 5329 2872 5384 accusativum
2897 5331 3241 5384 immutatus.

2101 5399 2212 5472 (Η)
2247 5397 2396 5472 Θεοῦ
2436 5401 2684 5472 Πατρός.
2717 5399 2806 5472 Sic
2837 5415 3030 5454 novem
3064 5415 3198 5456 mss.
3233 5417 3334 5471 pro
3356 5417 3422 5457 eo
3449 5402 3591 5472 quod

2028 5477 2145 5522 crat
2177 5471 2228 5522 in
2259 5470 2418 5521 editis
2447 5469 2582 5539 πρὸς
2611 5469 2768 5522 Θεοῦ.

2099 5539 2208 5614 (iii)
2245 5538 2562 5614 ἠτᾲρχοη
2599 5539 2689 5614 Sic
2736 5538 3072 5614 iid_en_rms§.
3122 5540 3263 5614 Editi
3305 5542 3583 5614 ὑπάρχειν.

2097 5610 2206 5674 (46)
2245 5609 2327 5674 Τῷ
2358 5610 2745 5680 ὑποκειμένῳ.
2785 5608 2974 5664 Editio.
3017 5610 3180 5666 Basil.
3238 5608 3488 5668 secunda
3535 5620 3586 5664 et

2023 5677 2198 5732 Paris.
2249 5680 2356 5732 τῶν
2405 5677 2804 5751 ὑποκειμένων,
2854 5683 3284 5750 repugnantibus
3334 5683 3584 5740 omnibus

2023 5766 2156 5804 mss.
2199 5759 2251 5806 et
2283 5751 2676 5809 vetustioribus
2704 5750 3059 5808 cditionibus.
