  <div class='ocr_page' id='page_1' title='image "/cluster/home/n/w/nwhite01/storage/ocr_20150623/32/mdp.39015011915462/402.png"; bbox 0 0 3900 6208; ppageno 0'>
   <div class='ocr_carea' id='block_1_1' title="bbox 326 324 424 378">
    <p class='ocr_par' dir='ltr' id='par_1_1' title="bbox 326 324 424 378">
     <span class='ocr_line' id='line_1_1' title="bbox 326 324 424 378; baseline 0.01 -2"><span class='ocrx_word' id='word_1_1' title='bbox 326 324 424 378; x_wconf 79' lang='grc' dir='ltr'><strong>ἳ77</strong></span> 
     </span>
    </p>
   </div>
   <div class='ocr_carea' id='block_1_2' title="bbox 1243 316 2625 379">
    <p class='ocr_par' dir='ltr' id='par_1_2' title="bbox 1243 316 2625 379">
     <span class='ocr_line' id='line_1_2' title="bbox 1243 316 2625 379; baseline 0.001 -4"><span class='ocrx_word' id='word_1_2' title='bbox 1243 317 1739 376; x_wconf 74' lang='grc' dir='ltr'>ΕΡιεΤοιΑιιωι</span> <span class='ocrx_word' id='word_1_3' title='bbox 1777 316 2064 374; x_wconf 76' lang='lat' dir='ltr'><strong>CLASSIS</strong></span> <span class='ocrx_word' id='word_1_4' title='bbox 2101 318 2165 375; x_wconf 83' lang='lat' dir='ltr'><strong>II.</strong></span> <span class='ocrx_word' id='word_1_5' title='bbox 2206 320 2425 379; x_wconf 82' lang='lat' dir='ltr'><strong>EPIST.</strong></span> <span class='ocrx_word' id='word_1_6' title='bbox 2468 322 2625 378; x_wconf 78' lang='lat' dir='ltr'><strong>CCX.</strong></span> 
     </span>
    </p>
   </div>
   <div class='ocr_carea' id='block_1_3' title="bbox 324 431 1908 507">
    <p class='ocr_par' dir='ltr' id='par_1_3' title="bbox 324 431 1907 505">
     <span class='ocr_line' id='line_1_3' title="bbox 324 431 1907 505; baseline -0.004 -15"><span class='ocrx_word' id='word_1_7' title='bbox 324 432 790 490; x_wconf 73' lang='grc' dir='ltr'>κατασϐεσθεϊσαν</span> <span class='ocrx_word' id='word_1_8' title='bbox 821 433 922 505; x_wconf 80' lang='grc' dir='ltr'>τὴν</span> <span class='ocrx_word' id='word_1_9' title='bbox 964 431 1179 504; x_wconf 80' lang='grc' dir='ltr'>πλάνην</span> <span class='ocrx_word' id='word_1_10' title='bbox 1206 432 1562 488; x_wconf 75' lang='grc' dir='ltr'><strong>ἀνανεοῦνται</strong></span> <span class='ocrx_word' id='word_1_11' title='bbox 1593 431 1689 486; x_wconf 92' lang='grc' dir='ltr'><strong>νῦν</strong></span> <span class='ocrx_word' id='word_1_12' title='bbox 1725 433 1776 485; x_wconf 75' lang='lat' dir='ltr'><strong>oi</strong></span> <span class='ocrx_word' id='word_1_13' title='bbox 1807 433 1907 504; x_wconf 82' lang='grc' dir='ltr'>τῆς</span> 
     </span>
    </p>
   </div>
   <div class='ocr_carea' id='block_1_4' title="bbox 2017 431 3572 507">
    <p class='ocr_par' dir='ltr' id='par_1_4' title="bbox 2017 431 3572 507">
     <span class='ocr_line' id='line_1_4' title="bbox 2017 431 3572 507; baseline 0.006 -24"><span class='ocrx_word' id='word_1_14' title='bbox 2017 433 2334 504; x_wconf 74' lang='lat' dir='ltr'><strong>laypostases</strong></span> <span class='ocrx_word' id='word_1_15' title='bbox 2362 435 2683 507; x_wconf 88' lang='lat' dir='ltr'><strong>repudiant,</strong></span> <span class='ocrx_word' id='word_1_16' title='bbox 2717 439 2773 490; x_wconf 91' lang='lat' dir='ltr'><strong>et</strong></span> <span class='ocrx_word' id='word_1_17' title='bbox 2811 447 3011 489; x_wconf 87' lang='lat' dir='ltr'><strong>nomen</strong></span> <span class='ocrx_word' id='word_1_18' title='bbox 3050 431 3175 489; x_wconf 88' lang='lat' dir='ltr'><strong>Filii</strong></span> <span class='ocrx_word' id='word_1_19' title='bbox 3212 432 3307 490; x_wconf 86' lang='lat' dir='ltr'><strong>Dei</strong></span> <span class='ocrx_word' id='word_1_20' title='bbox 3352 445 3572 507; x_wconf 83' lang='lat' dir='ltr'><strong>negant.</strong></span> 
     </span>
    </p>
   </div>
   <div class='ocr_carea' id='block_1_5' title="bbox 324 524 1901 599">
    <p class='ocr_par' dir='ltr' id='par_1_5' title="bbox 324 524 1901 599">
     <span class='ocr_line' id='line_1_5' title="bbox 324 524 1901 599; baseline -0.002 -19"><span class='ocrx_word' id='word_1_21' title='bbox 324 524 606 596; x_wconf 78' lang='grc' dir='ltr'>ἀνωνύμου</span> <span class='ocrx_word' id='word_1_22' title='bbox 638 524 750 597; x_wconf 66' lang='grc'><strong>(47)</strong></span> <span class='ocrx_word' id='word_1_23' title='bbox 784 524 988 597; x_wconf 82' lang='grc' dir='ltr'>ταύτης</span> <span class='ocrx_word' id='word_1_24' title='bbox 1039 525 1303 599; x_wconf 80' lang='grc' dir='ltr'>αἱρέσεως</span> <span class='ocrx_word' id='word_1_25' title='bbox 1349 524 1673 597; x_wconf 80' lang='grc' dir='ltr'>ὲφευρεταί’</span> <span class='ocrx_word' id='word_1_26' title='bbox 1716 525 1766 578; x_wconf 89' lang='grc' dir='ltr'><strong>οί</strong></span> <span class='ocrx_word' id='word_1_27' title='bbox 1802 524 1901 587; x_wconf 65' lang='grc' dir='ltr'><strong>τὰς</strong></span> 
     </span>
    </p>
   </div>
   <div class='ocr_carea' id='block_1_6' title="bbox 324 615 1901 692">
    <p class='ocr_par' dir='ltr' id='par_1_6' title="bbox 324 615 1901 692">
     <span class='ocr_line' id='line_1_6' title="bbox 324 615 1901 692; baseline -0.001 -20"><span class='ocrx_word' id='word_1_28' title='bbox 324 619 651 682; x_wconf 71' lang='grc' dir='ltr'>ὒποστάσεις</span> <span class='ocrx_word' id='word_1_29' title='bbox 680 615 1038 682; x_wconf 83' lang='grc' dir='ltr'><strong>ἀθετοῦντες,</strong></span> <span class='ocrx_word' id='word_1_30' title='bbox 1085 620 1182 673; x_wconf 79' lang='grc' dir='ltr'>καὶ</span> <span class='ocrx_word' id='word_1_31' title='bbox 1212 619 1275 673; x_wconf 86' lang='grc' dir='ltr'>τὸ</span> <span class='ocrx_word' id='word_1_32' title='bbox 1312 619 1485 692; x_wconf 74' lang='grc' dir='ltr'>ὄνομα</span> <span class='ocrx_word' id='word_1_33' title='bbox 1519 617 1614 672; x_wconf 88' lang='grc' dir='ltr'><strong>τοῦ</strong></span> <span class='ocrx_word' id='word_1_34' title='bbox 1648 616 1781 672; x_wconf 86' lang='grc' dir='ltr'>Υίοῦ</span> <span class='ocrx_word' id='word_1_35' title='bbox 1806 616 1901 671; x_wconf 87' lang='grc' dir='ltr'><strong>τοῦ</strong></span> 
     </span>
    </p>
   </div>
   <div class='ocr_carea' id='block_1_7' title="bbox 325 708 1905 783">
    <p class='ocr_par' dir='ltr' id='par_1_7' title="bbox 325 708 1905 783">
     <span class='ocr_line' id='line_1_7' title="bbox 325 708 1905 783; baseline 0 -19"><span class='ocrx_word' id='word_1_36' title='bbox 325 709 458 764; x_wconf 84' lang='grc' dir='ltr'>Θεοῦ</span> <span class='ocrx_word' id='word_1_37' title='bbox 488 709 912 781; x_wconf 77' lang='grc' dir='ltr'><strong>ἀπαρνούμενοι.</strong></span> <span class='ocrx_word' id='word_1_38' title='bbox 949 708 1077 775; x_wconf 76' lang='grc' dir='ltr'>Οὓς,</span> <span class='ocrx_word' id='word_1_39' title='bbox 1107 710 1203 765; x_wconf 70' lang='grc' dir='ltr'><strong>ἐὰν</strong></span> <span class='ocrx_word' id='word_1_40' title='bbox 1235 711 1313 783; x_wconf 82' lang='grc' dir='ltr'>μὴ</span> <span class='ocrx_word' id='word_1_41' title='bbox 1344 711 1661 766; x_wconf 82' lang='grc' dir='ltr'>παύσωνται</span> <span class='ocrx_word' id='word_1_42' title='bbox 1689 711 1905 766; x_wconf 90' lang='grc' dir='ltr'>λαλοῦν-</span> 
     </span>
    </p>
   </div>
   <div class='ocr_carea' id='block_1_8' title="bbox 327 798 1905 876">
    <p class='ocr_par' dir='ltr' id='par_1_8' title="bbox 327 798 1905 876">
     <span class='ocr_line' id='line_1_8' title="bbox 327 798 1905 876; baseline 0.002 -24"><span class='ocrx_word' id='word_1_43' title='bbox 327 816 416 863; x_wconf 84' lang='grc' dir='ltr'><strong>τες</strong></span> <span class='ocrx_word' id='word_1_44' title='bbox 466 799 610 854; x_wconf 85' lang='grc' dir='ltr'><strong>κατά</strong></span> <span class='ocrx_word' id='word_1_45' title='bbox 652 798 747 853; x_wconf 86' lang='grc' dir='ltr'><strong>τοῦ</strong></span> <span class='ocrx_word' id='word_1_46' title='bbox 792 798 930 854; x_wconf 87' lang='grc' dir='ltr'>Θεοῦ</span> <span class='ocrx_word' id='word_1_47' title='bbox 966 800 1181 855; x_wconf 84' lang='grc' dir='ltr'>ἀδικίαν</span> <span class='ocrx_word' id='word_1_48' title='bbox 1207 841 1224 869; x_wconf 92' lang='grc'><strong>,</strong></span> <span class='ocrx_word' id='word_1_49' title='bbox 1275 801 1564 874; x_wconf 85' lang='grc' dir='ltr'>ὀδύρεσθαι</span> <span class='ocrx_word' id='word_1_50' title='bbox 1612 802 1720 876; x_wconf 82' lang='grc' dir='ltr'>χρὴ</span> <span class='ocrx_word' id='word_1_51' title='bbox 1765 801 1905 874; x_wconf 88' lang='grc' dir='ltr'><strong>μετά</strong></span> 
     </span>
    </p>
   </div>
   <div class='ocr_carea' id='block_1_9' title="bbox 326 891 928 963">
    <p class='ocr_par' dir='ltr' id='par_1_9' title="bbox 326 891 928 963">
     <span class='ocr_line' id='line_1_9' title="bbox 326 891 928 963; baseline 0.002 -19"><span class='ocrx_word' id='word_1_52' title='bbox 326 891 433 945; x_wconf 81' lang='grc' dir='ltr'><strong>τῶν</strong></span> <span class='ocrx_word' id='word_1_53' title='bbox 468 892 928 963; x_wconf 88' lang='grc' dir='ltr'>ἀρνησιχρίστων.</span> 
     </span>
    </p>
   </div>
   <div class='ocr_carea' id='block_1_10' title="bbox 393 981 1904 1057">
    <p class='ocr_par' dir='ltr' id='par_1_10' title="bbox 393 981 1904 1057">
     <span class='ocr_line' id='line_1_10' title="bbox 393 981 1904 1057; baseline 0 -19"><span class='ocrx_word' id='word_1_54' title='bbox 393 983 448 1038; x_wconf 85' lang='lat'><strong>6.</strong></span> <span class='ocrx_word' id='word_1_55' title='bbox 484 983 669 1038; x_wconf 87' lang='grc' dir='ltr'>Ταῦτα</span> <span class='ocrx_word' id='word_1_56' title='bbox 698 981 1014 1053; x_wconf 83' lang='grc' dir='ltr'><strong>ἀναγκαίως</strong></span> <span class='ocrx_word' id='word_1_57' title='bbox 1059 983 1190 1055; x_wconf 81' lang='grc' dir='ltr'>ὑμῖν</span> <span class='ocrx_word' id='word_1_58' title='bbox 1220 984 1656 1057; x_wconf 81' lang='grc' dir='ltr'><strong>διεστειλάμεθα,</strong></span> <span class='ocrx_word' id='word_1_59' title='bbox 1685 985 1772 1038; x_wconf 76' lang='grc' dir='ltr'>ἵνα</span> <span class='ocrx_word' id='word_1_60' title='bbox 1805 984 1904 1048; x_wconf 85' lang='grc' dir='ltr'><strong>τὰς</strong></span> 
     </span>
    </p>
   </div>
   <div class='ocr_carea' id='block_1_11' title="bbox 325 1075 1901 1149">
    <p class='ocr_par' dir='ltr' id='par_1_11' title="bbox 325 1075 1901 1149">
     <span class='ocr_line' id='line_1_11' title="bbox 325 1075 1901 1149; baseline 0.001 -20"><span class='ocrx_word' id='word_1_61' title='bbox 325 1076 435 1129; x_wconf 84' lang='grc' dir='ltr'>ἀπὸ</span> <span class='ocrx_word' id='word_1_62' title='bbox 480 1075 590 1132; x_wconf 88' lang='grc' dir='ltr'><strong>τῶν</strong></span> <span class='ocrx_word' id='word_1_63' title='bbox 645 1075 900 1147; x_wconf 84' lang='grc' dir='ltr'>πονηρῶν</span> <span class='ocrx_word' id='word_1_64' title='bbox 946 1076 1293 1149; x_wconf 85' lang='grc' dir='ltr'>διδαγμάτων</span> <span class='ocrx_word' id='word_1_65' title='bbox 1325 1076 1529 1147; x_wconf 82' lang='grc' dir='ltr'>βλάὸας</span> <span class='ocrx_word' id='word_1_66' title='bbox 1567 1076 1901 1148; x_wconf 79' lang='grc' dir='ltr'><strong>φυλάξησθε.</strong></span> 
     </span>
    </p>
   </div>
   <div class='ocr_carea' id='block_1_12' title="bbox 334 1167 1904 1241">
    <p class='ocr_par' dir='ltr' id='par_1_12' title="bbox 334 1167 1904 1241">
     <span class='ocr_line' id='line_1_12' title="bbox 334 1167 1904 1241; baseline 0 -20"><span class='ocrx_word' id='word_1_67' title='bbox 334 1167 417 1237; x_wconf 77' lang='grc' dir='ltr'><strong>[ᾧ</strong></span> <span class='ocrx_word' id='word_1_68' title='bbox 448 1168 562 1221; x_wconf 78' lang='grc' dir='ltr'>ὄντι</span> <span class='ocrx_word' id='word_1_69' title='bbox 596 1169 725 1240; x_wconf 81' lang='grc' dir='ltr'>γάρ,</span> <span class='ocrx_word' id='word_1_70' title='bbox 761 1170 811 1222; x_wconf 80' lang='grc' dir='ltr'><strong>εί</strong></span> <span class='ocrx_word' id='word_1_71' title='bbox 844 1168 950 1241; x_wconf 85' lang='grc' dir='ltr'>χρὴ</span> <span class='ocrx_word' id='word_1_72' title='bbox 991 1167 1093 1233; x_wconf 89' lang='grc' dir='ltr'><strong>τάς</strong></span> <span class='ocrx_word' id='word_1_73' title='bbox 1139 1169 1381 1241; x_wconf 83' lang='grc' dir='ltr'>πονηρὰς</span> <span class='ocrx_word' id='word_1_74' title='bbox 1417 1169 1767 1233; x_wconf 76' lang='grc' dir='ltr'>διδασκαλίας</span> <span class='ocrx_word' id='word_1_75' title='bbox 1789 1171 1904 1234; x_wconf 83' lang='grc' dir='ltr'>τοῖς</span> 
     </span>
    </p>
   </div>
   <div class='ocr_carea' id='block_1_13' title="bbox 324 1260 1906 1334">
    <p class='ocr_par' dir='ltr' id='par_1_13' title="bbox 324 1260 1906 1334">
     <span class='ocr_line' id='line_1_13' title="bbox 324 1260 1906 1334; baseline 0.001 -20"><span class='ocrx_word' id='word_1_76' title='bbox 324 1260 591 1332; x_wconf 71' lang='grc' dir='ltr'>ὀλεθρίοις</span> <span class='ocrx_word' id='word_1_77' title='bbox 611 1261 922 1333; x_wconf 87' lang='grc' dir='ltr'>φαρμάκοις</span> <span class='ocrx_word' id='word_1_78' title='bbox 950 1260 1253 1333; x_wconf 76' lang='grc' dir='ltr'>ἐξομοιοῦν,</span> <span class='ocrx_word' id='word_1_79' title='bbox 1277 1261 1354 1326; x_wconf 82' lang='grc' dir='ltr'>ὡς</span> <span class='ocrx_word' id='word_1_80' title='bbox 1379 1264 1428 1316; x_wconf 81' lang='grc' dir='ltr'>οἱ</span> <span class='ocrx_word' id='word_1_81' title='bbox 1458 1264 1587 1334; x_wconf 86' lang='grc' dir='ltr'>παρ’</span> <span class='ocrx_word' id='word_1_82' title='bbox 1620 1264 1746 1334; x_wconf 84' lang='grc' dir='ltr'>ὑμῖν</span> <span class='ocrx_word' id='word_1_83' title='bbox 1767 1263 1906 1317; x_wconf 77' lang='grc' dir='ltr'>ὀνει-</span> 
     </span>
    </p>
   </div>
   <div class='ocr_carea' id='block_1_14' title="bbox 326 1352 1903 1424">
    <p class='ocr_par' dir='ltr' id='par_1_14' title="bbox 326 1352 1903 1424">
     <span class='ocr_line' id='line_1_14' title="bbox 326 1352 1903 1424; baseline 0.002 -19"><span class='ocrx_word' id='word_1_84' title='bbox 326 1353 585 1424; x_wconf 86' lang='grc' dir='ltr'>ροσκόποι</span> <span class='ocrx_word' id='word_1_85' title='bbox 618 1354 771 1422; x_wconf 82' lang='grc' dir='ltr'>φασὶ,</span> <span class='ocrx_word' id='word_1_86' title='bbox 784 1352 959 1407; x_wconf 90' lang='grc' dir='ltr'>ταῦτά</span> <span class='ocrx_word' id='word_1_87' title='bbox 979 1354 1095 1407; x_wconf 77' lang='grc' dir='ltr'>ἐστι</span> <span class='ocrx_word' id='word_1_88' title='bbox 1122 1353 1217 1406; x_wconf 75' lang='grc' dir='ltr'>καὶ</span> <span class='ocrx_word' id='word_1_89' title='bbox 1244 1352 1489 1420; x_wconf 85' lang='grc' dir='ltr'>κώνειον,</span> <span class='ocrx_word' id='word_1_90' title='bbox 1515 1354 1608 1409; x_wconf 72' lang='grc' dir='ltr'>καὶ</span> <span class='ocrx_word' id='word_1_91' title='bbox 1637 1354 1903 1420; x_wconf 82' lang='grc' dir='ltr'>ἀκόνιτον,</span> 
     </span>
    </p>
   </div>
   <div class='ocr_carea' id='block_1_15' title="bbox 326 1444 1905 1519">
    <p class='ocr_par' dir='ltr' id='par_1_15' title="bbox 326 1444 1905 1519">
     <span class='ocr_line' id='line_1_15' title="bbox 326 1444 1905 1519; baseline 0.002 -22"><span class='ocrx_word' id='word_1_92' title='bbox 326 1445 420 1497; x_wconf 79' lang='grc' dir='ltr'>καὶ</span> <span class='ocrx_word' id='word_1_93' title='bbox 443 1444 496 1498; x_wconf 85' lang='grc' dir='ltr'>εῐ</span> <span class='ocrx_word' id='word_1_94' title='bbox 508 1462 561 1498; x_wconf 88' lang='grc' dir='ltr'><strong>τι</strong></span> <span class='ocrx_word' id='word_1_95' title='bbox 591 1444 778 1517; x_wconf 74' lang='grc' dir='ltr'>ἕτερον</span> <span class='ocrx_word' id='word_1_96' title='bbox 808 1445 1099 1517; x_wconf 86' lang='grc' dir='ltr'>φάρμακον</span> <span class='ocrx_word' id='word_1_97' title='bbox 1121 1445 1460 1519; x_wconf 80' lang='grc' dir='ltr'>ἀνδροφόνον.</span> <span class='ocrx_word' id='word_1_98' title='bbox 1503 1445 1689 1501; x_wconf 87' lang='grc' dir='ltr'>Ταῦτα</span> <span class='ocrx_word' id='word_1_99' title='bbox 1718 1447 1905 1519; x_wconf 73' lang='grc' dir='ltr'>ψυχῶν</span> 
     </span>
    </p>
   </div>
   <div class='ocr_carea' id='block_1_16' title="bbox 325 1532 1907 1609">
    <p class='ocr_par' dir='ltr' id='par_1_16' title="bbox 325 1532 1907 1609">
     <span class='ocr_line' id='line_1_16' title="bbox 325 1532 1907 1609; baseline 0.003 -23"><span class='ocrx_word' id='word_1_100' title='bbox 325 1532 648 1605; x_wconf 78' lang='grc' dir='ltr'>δηλητήρια,</span> <span class='ocrx_word' id='word_1_101' title='bbox 703 1535 806 1609; x_wconf 81' lang='grc' dir='ltr'>οὐχ</span> <span class='ocrx_word' id='word_1_102' title='bbox 847 1536 898 1587; x_wconf 77' lang='lat' dir='ltr'><strong>oi.</strong></span> <span class='ocrx_word' id='word_1_103' title='bbox 952 1534 1211 1607; x_wconf 82' lang='grc' dir='ltr'>ἡμέτεροι</span> <span class='ocrx_word' id='word_1_104' title='bbox 1261 1535 1430 1604; x_wconf 74' lang='grc' dir='ltr'>λόγοι,</span> <span class='ocrx_word' id='word_1_105' title='bbox 1487 1536 1632 1608; x_wconf 76' lang='grc' dir='ltr'>ἅπερ</span> <span class='ocrx_word' id='word_1_106' title='bbox 1672 1538 1728 1590; x_wconf 78' lang='grc' dir='ltr'>αἱ</span> <span class='ocrx_word' id='word_1_107' title='bbox 1770 1537 1907 1591; x_wconf 88' lang='grc' dir='ltr'>οἰνό-</span> 
     </span>
    </p>
   </div>
   <div class='ocr_carea' id='block_1_17' title="bbox 327 1624 1907 1699">
    <p class='ocr_par' dir='ltr' id='par_1_17' title="bbox 327 1624 1907 1699">
     <span class='ocr_line' id='line_1_17' title="bbox 327 1624 1907 1699; baseline 0.003 -21"><span class='ocrx_word' id='word_1_108' title='bbox 327 1626 558 1695; x_wconf 84' lang='grc' dir='ltr'>πληκτοι</span> <span class='ocrx_word' id='word_1_109' title='bbox 585 1625 696 1698; x_wconf 71' lang='grc'><strong>(48)</strong></span> <span class='ocrx_word' id='word_1_110' title='bbox 722 1629 983 1699; x_wconf 82' lang='grc' dir='ltr'>μήνιγγες</span> <span class='ocrx_word' id='word_1_111' title='bbox 1018 1626 1273 1691; x_wconf 78' lang='grc' dir='ltr'>ὲκόοῶσι,</span> <span class='ocrx_word' id='word_1_112' title='bbox 1296 1627 1730 1699; x_wconf 85' lang='grc' dir='ltr'>πολυφάνταστοι</span> <span class='ocrx_word' id='word_1_113' title='bbox 1753 1624 1907 1682; x_wconf 80' lang='grc' dir='ltr'>οὖσαι</span> 
     </span>
    </p>
   </div>
   <div class='ocr_carea' id='block_1_18' title="bbox 325 1715 1905 1792">
    <p class='ocr_par' dir='ltr' id='par_1_18' title="bbox 325 1715 1905 1792">
     <span class='ocr_line' id='line_1_18' title="bbox 325 1715 1905 1792; baseline 0.003 -23"><span class='ocrx_word' id='word_1_114' title='bbox 325 1715 413 1770; x_wconf 87' lang='grc' dir='ltr'><strong>διά</strong></span> <span class='ocrx_word' id='word_1_115' title='bbox 442 1719 504 1771; x_wconf 85' lang='grc' dir='ltr'>τὸ</span> <span class='ocrx_word' id='word_1_116' title='bbox 534 1717 706 1783; x_wconf 85' lang='grc' dir='ltr'>πάθος</span> <span class='ocrx_word' id='word_1_117' title='bbox 729 1736 743 1750; x_wconf 78' lang='grc'><em>’</em></span> <span class='ocrx_word' id='word_1_118' title='bbox 775 1717 889 1783; x_wconf 75' lang='grc' dir='ltr'>οὓς,</span> <span class='ocrx_word' id='word_1_119' title='bbox 913 1718 1072 1791; x_wconf 74' lang='grc' dir='ltr'>εἴπερ</span> <span class='ocrx_word' id='word_1_120' title='bbox 1102 1718 1468 1791; x_wconf 80' lang='grc' dir='ltr'>ἐσωφρόνουν,</span> <span class='ocrx_word' id='word_1_121' title='bbox 1496 1720 1665 1792; x_wconf 78' lang='grc' dir='ltr'>ἐχρῆν</span> <span class='ocrx_word' id='word_1_122' title='bbox 1685 1720 1905 1783; x_wconf 78' lang='grc' dir='ltr'>εἰδέναι,</span> 
     </span>
    </p>
   </div>
   <div class='ocr_carea' id='block_1_19' title="bbox 326 1806 1907 1881">
    <p class='ocr_par' dir='ltr' id='par_1_19' title="bbox 326 1806 1907 1881">
     <span class='ocr_line' id='line_1_19' title="bbox 326 1806 1907 1881; baseline 0.002 -22"><span class='ocrx_word' id='word_1_123' title='bbox 326 1806 407 1859; x_wconf 74' lang='grc' dir='ltr'>ὅτι</span> <span class='ocrx_word' id='word_1_124' title='bbox 427 1810 550 1871; x_wconf 81' lang='grc' dir='ltr'>ταῖς</span> <span class='ocrx_word' id='word_1_125' title='bbox 580 1808 871 1879; x_wconf 75' lang='grc' dir='ltr'>ἀκράντοις</span> <span class='ocrx_word' id='word_1_126' title='bbox 892 1809 987 1862; x_wconf 79' lang='grc' dir='ltr'>κα).</span> <span class='ocrx_word' id='word_1_127' title='bbox 1015 1808 1193 1880; x_wconf 82' lang='grc' dir='ltr'><strong>πάσης</strong></span> <span class='ocrx_word' id='word_1_128' title='bbox 1221 1809 1437 1881; x_wconf 85' lang='grc' dir='ltr'>κηλῖδος</span> <span class='ocrx_word' id='word_1_129' title='bbox 1467 1810 1907 1881; x_wconf 82' lang='grc' dir='ltr'>κεκαθαρμέναις</span> 
     </span>
    </p>
   </div>
   <div class='ocr_carea' id='block_1_20' title="bbox 326 1897 1907 1971">
    <p class='ocr_par' dir='ltr' id='par_1_20' title="bbox 326 1897 1907 1971">
     <span class='ocr_line' id='line_1_20' title="bbox 326 1897 1907 1971; baseline 0.003 -24"><span class='ocrx_word' id='word_1_130' title='bbox 326 1897 522 1967; x_wconf 62' lang='grc' dir='ltr'>ψυχαῖς</span> <span class='ocrx_word' id='word_1_131' title='bbox 553 1897 614 1951; x_wconf 79' lang='grc' dir='ltr'><strong>τὺ</strong></span> <span class='ocrx_word' id='word_1_132' title='bbox 646 1898 983 1971; x_wconf 68' lang='grc' dir='ltr'>προφητικὸν</span> <span class='ocrx_word' id='word_1_133' title='bbox 1008 1897 1300 1968; x_wconf 79' lang='grc' dir='ltr'>ὲναυγάζει</span> <span class='ocrx_word' id='word_1_134' title='bbox 1326 1900 1590 1970; x_wconf 85' lang='grc' dir='ltr'>χάρισμα.</span> <span class='ocrx_word' id='word_1_135' title='bbox 1626 1898 1765 1953; x_wconf 76' lang='grc' dir='ltr'>Οὔτε</span> <span class='ocrx_word' id='word_1_136' title='bbox 1795 1898 1907 1971; x_wconf 85' lang='grc' dir='ltr'><strong>γὰρ</strong></span> 
     </span>
    </p>
   </div>
   <div class='ocr_carea' id='block_1_21' title="bbox 326 1989 1908 2063">
    <p class='ocr_par' dir='ltr' id='par_1_21' title="bbox 326 1989 1908 2063">
     <span class='ocr_line' id='line_1_21' title="bbox 326 1989 1908 2063; baseline 0.001 -19"><span class='ocrx_word' id='word_1_137' title='bbox 326 1991 616 2063; x_wconf 82' lang='grc' dir='ltr'>κατόπτρῳ</span> <span class='ocrx_word' id='word_1_138' title='bbox 668 1990 911 2062; x_wconf 82' lang='grc' dir='ltr'>ῥυπῶντι</span> <span class='ocrx_word' id='word_1_139' title='bbox 967 1991 1191 2045; x_wconf 85' lang='grc' dir='ltr'>δυνατὸν</span> <span class='ocrx_word' id='word_1_140' title='bbox 1244 1990 1354 2045; x_wconf 86' lang='grc' dir='ltr'><strong>τῶν</strong></span> <span class='ocrx_word' id='word_1_141' title='bbox 1396 1991 1620 2045; x_wconf 82' lang='grc' dir='ltr'>εἰκόνων</span> <span class='ocrx_word' id='word_1_142' title='bbox 1657 1989 1908 2057; x_wconf 80' lang='grc' dir='ltr'>δέξασθαι</span> 
     </span>
    </p>
   </div>
   <div class='ocr_carea' id='block_1_22' title="bbox 326 2081 1910 2155">
    <p class='ocr_par' dir='ltr' id='par_1_22' title="bbox 326 2081 1910 2155">
     <span class='ocr_line' id='line_1_22' title="bbox 326 2081 1910 2155; baseline 0.009 -18"><span class='ocrx_word' id='word_1_143' title='bbox 326 2085 427 2149; x_wconf 73' lang='grc' dir='ltr'><strong>τὰς</strong></span> <span class='ocrx_word' id='word_1_144' title='bbox 451 2085 737 2155; x_wconf 78' lang='grc' dir='ltr'>ἐμφάσεις,</span> <span class='ocrx_word' id='word_1_145' title='bbox 781 2082 907 2138; x_wconf 77' lang='grc' dir='ltr'>οὔτε</span> <span class='ocrx_word' id='word_1_146' title='bbox 943 2081 1121 2155; x_wconf 70' lang='grc' dir='ltr'>ψυχὴν</span> <span class='ocrx_word' id='word_1_147' title='bbox 1149 2083 1271 2146; x_wconf 82' lang='grc' dir='ltr'>ταῖς</span> <span class='ocrx_word' id='word_1_148' title='bbox 1312 2082 1591 2154; x_wconf 77' lang='grc' dir='ltr'>βιωτικαῖς</span> <span class='ocrx_word' id='word_1_149' title='bbox 1622 2083 1910 2154; x_wconf 81' lang='grc' dir='ltr'>προειλημ-</span> 
     </span>
    </p>
   </div>
   <div class='ocr_carea' id='block_1_23' title="bbox 330 2174 1909 2249">
    <p class='ocr_par' dir='ltr' id='par_1_23' title="bbox 330 2174 1909 2249">
     <span class='ocr_line' id='line_1_23' title="bbox 330 2174 1909 2249; baseline -0.001 -19"><span class='ocrx_word' id='word_1_150' title='bbox 330 2177 502 2249; x_wconf 81' lang='grc' dir='ltr'>μένην</span> <span class='ocrx_word' id='word_1_151' title='bbox 562 2176 876 2249; x_wconf 84' lang='grc' dir='ltr'>μερίμναις,</span> <span class='ocrx_word' id='word_1_152' title='bbox 911 2176 1007 2230; x_wconf 73' lang='grc' dir='ltr'>καὶ</span> <span class='ocrx_word' id='word_1_153' title='bbox 1043 2178 1157 2239; x_wconf 85' lang='grc' dir='ltr'>τοῖς</span> <span class='ocrx_word' id='word_1_154' title='bbox 1201 2176 1267 2229; x_wconf 81' lang='grc' dir='ltr'>ὲκ</span> <span class='ocrx_word' id='word_1_155' title='bbox 1307 2174 1402 2228; x_wconf 90' lang='grc' dir='ltr'><strong>τοῦ</strong></span> <span class='ocrx_word' id='word_1_156' title='bbox 1439 2177 1785 2247; x_wconf 85' lang='grc' dir='ltr'>φρονήματος</span> <span class='ocrx_word' id='word_1_157' title='bbox 1811 2176 1909 2247; x_wconf 81' lang='grc' dir='ltr'>τῆς</span> 
     </span>
    </p>
   </div>
   <div class='ocr_carea' id='block_1_24' title="bbox 328 2265 1908 2342">
    <p class='ocr_par' dir='ltr' id='par_1_24' title="bbox 328 2265 1908 2342">
     <span class='ocr_line' id='line_1_24' title="bbox 328 2265 1908 2342; baseline -0.001 -20"><span class='ocrx_word' id='word_1_158' title='bbox 328 2270 534 2342; x_wconf 76' lang='grc' dir='ltr'>σαρκὸς</span> <span class='ocrx_word' id='word_1_159' title='bbox 556 2270 842 2323; x_wconf 85' lang='grc' dir='ltr'>ὲπισκοτου</span> <span class='ocrx_word' id='word_1_160' title='bbox 852 2267 1019 2340; x_wconf 84' lang='grc' dir='ltr'>μένην</span> <span class='ocrx_word' id='word_1_161' title='bbox 1053 2266 1274 2331; x_wconf 90' lang='grc' dir='ltr'>πάθεσι,</span> <span class='ocrx_word' id='word_1_162' title='bbox 1299 2266 1525 2321; x_wconf 87' lang='grc' dir='ltr'>δυνατὸν</span> <span class='ocrx_word' id='word_1_163' title='bbox 1547 2265 1908 2333; x_wconf 78' lang='grc' dir='ltr'>ὑποδέξασθαι</span> 
     </span>
    </p>
   </div>
   <div class='ocr_carea' id='block_1_25' title="bbox 326 2358 1909 2432">
    <p class='ocr_par' dir='ltr' id='par_1_25' title="bbox 326 2358 1909 2432">
     <span class='ocr_line' id='line_1_25' title="bbox 326 2358 1909 2432; baseline -0.003 -17"><span class='ocrx_word' id='word_1_164' title='bbox 326 2360 424 2415; x_wconf 87' lang='grc' dir='ltr'><strong>τοῦ</strong></span> <span class='ocrx_word' id='word_1_165' title='bbox 479 2361 634 2430; x_wconf 83' lang='grc' dir='ltr'>ἁγίου</span> <span class='ocrx_word' id='word_1_166' title='bbox 688 2360 1005 2432; x_wconf 82' lang='grc' dir='ltr'>Πνεύματος</span> <span class='ocrx_word' id='word_1_167' title='bbox 1051 2358 1150 2425; x_wconf 77' lang='grc' dir='ltr'><strong>τὰς</strong></span> <span class='ocrx_word' id='word_1_168' title='bbox 1203 2358 1519 2430; x_wconf 73' lang='grc' dir='ltr'>ἐλλάμψεις.</span> <span class='ocrx_word' id='word_1_169' title='bbox 1557 2359 1630 2413; x_wconf 77' lang='grc' dir='ltr'><strong>Οὐ</strong></span> <span class='ocrx_word' id='word_1_170' title='bbox 1654 2358 1763 2431; x_wconf 83' lang='grc' dir='ltr'><strong>γάρ</strong></span> <span class='ocrx_word' id='word_1_171' title='bbox 1801 2359 1909 2411; x_wconf 81' lang='grc' dir='ltr'>πᾶν</span> 
     </span>
    </p>
   </div>
   <div class='ocr_carea' id='block_1_26' title="bbox 326 2449 1908 2524">
    <p class='ocr_par' dir='ltr' id='par_1_26' title="bbox 326 2449 1908 2524">
     <span class='ocr_line' id='line_1_26' title="bbox 326 2449 1908 2524; baseline -0.001 -17"><span class='ocrx_word' id='word_1_172' title='bbox 326 2452 581 2507; x_wconf 76' lang='grc' dir='ltr'>ἐνύπνιον</span> <span class='ocrx_word' id='word_1_173' title='bbox 614 2452 777 2516; x_wconf 74' lang='grc' dir='ltr'>εὐθὺς</span> <span class='ocrx_word' id='word_1_174' title='bbox 812 2450 1139 2524; x_wconf 79' lang='grc' dir='ltr'>προφητεία,</span> <span class='ocrx_word' id='word_1_175' title='bbox 1173 2449 1248 2515; x_wconf 85' lang='grc' dir='ltr'><strong>ῶς</strong></span> <span class='ocrx_word' id='word_1_176' title='bbox 1289 2468 1420 2522; x_wconf 85' lang='grc' dir='ltr'>φησι</span> <span class='ocrx_word' id='word_1_177' title='bbox 1445 2450 1755 2522; x_wconf 84' lang='grc' dir='ltr'>Ζαχαρίας·</span> <span class='ocrx_word' id='word_1_178' title='bbox 1789 2453 1908 2507; x_wconf 79' lang='grc' dir='ltr'><strong>Κύ-</strong></span> 
     </span>
    </p>
   </div>
   <div class='ocr_carea' id='block_1_27' title="bbox 325 2542 1909 2615">
    <p class='ocr_par' dir='ltr' id='par_1_27' title="bbox 325 2542 1909 2615">
     <span class='ocr_line' id='line_1_27' title="bbox 325 2542 1909 2615; baseline -0.001 -15"><span class='ocrx_word' id='word_1_179' title='bbox 325 2564 459 2615; x_wconf 86' lang='grc' dir='ltr'>ριος</span> <span class='ocrx_word' id='word_1_180' title='bbox 496 2546 752 2614; x_wconf 77' lang='grc' dir='ltr'>ἐποίησε</span> <span class='ocrx_word' id='word_1_181' title='bbox 791 2545 1157 2614; x_wconf 72' lang='grc' dir='ltr'>φαντασίαν,</span> <span class='ocrx_word' id='word_1_182' title='bbox 1191 2542 1290 2597; x_wconf 81' lang='grc' dir='ltr'>καὶ</span> <span class='ocrx_word' id='word_1_183' title='bbox 1329 2543 1509 2599; x_wconf 84' lang='grc' dir='ltr'>ὑετὸν</span> <span class='ocrx_word' id='word_1_184' title='bbox 1553 2543 1909 2614; x_wconf 79' lang='grc' dir='ltr'>χειμερινόν,</span> 
     </span>
    </p>
   </div>
   <div class='ocr_carea' id='block_1_28' title="bbox 326 2632 1909 2705">
    <p class='ocr_par' dir='ltr' id='par_1_28' title="bbox 326 2632 1909 2705">
     <span class='ocr_line' id='line_1_28' title="bbox 326 2632 1909 2705; baseline -0.001 -15"><span class='ocrx_word' id='word_1_185' title='bbox 326 2637 481 2692; x_wconf 72' lang='grc' dir='ltr'>διότι</span> <span class='ocrx_word' id='word_1_186' title='bbox 517 2640 570 2691; x_wconf 87' lang='grc' dir='ltr'>οἱ</span> <span class='ocrx_word' id='word_1_187' title='bbox 621 2635 1134 2705; x_wconf 59' lang='grc' dir='ltr'>ἀποφθεγγόμενοι</span> <span class='ocrx_word' id='word_1_188' title='bbox 1185 2632 1501 2702; x_wconf 77' lang='grc' dir='ltr'>ἐλάλησαν</span> <span class='ocrx_word' id='word_1_189' title='bbox 1539 2635 1787 2701; x_wconf 76' lang='grc' dir='ltr'>κόπους,</span> <span class='ocrx_word' id='word_1_190' title='bbox 1810 2635 1909 2689; x_wconf 79' lang='grc' dir='ltr'>καὶ</span> 
     </span>
    </p>
   </div>
   <div class='ocr_carea' id='block_1_29' title="bbox 329 2717 1914 2795">
    <p class='ocr_par' dir='ltr' id='par_1_29' title="bbox 329 2717 1914 2795">
     <span class='ocr_line' id='line_1_29' title="bbox 329 2717 1914 2795; baseline 0.001 -15"><span class='ocrx_word' id='word_1_191' title='bbox 329 2726 405 2782; x_wconf 79' lang='grc' dir='ltr'>τὰ</span> <span class='ocrx_word' id='word_1_192' title='bbox 460 2727 717 2781; x_wconf 80' lang='grc' dir='ltr'>ἐνύπνια</span> <span class='ocrx_word' id='word_1_193' title='bbox 781 2724 980 2795; x_wconf 66' lang='grc' dir='ltr'>ψευδῆ</span> <span class='ocrx_word' id='word_1_194' title='bbox 1041 2725 1328 2781; x_wconf 73' lang='grc' dir='ltr'>ἐλάλουν.</span> <span class='ocrx_word' id='word_1_195' title='bbox 1378 2717 1538 2779; x_wconf 73' lang='grc' dir='ltr'>Οὗτοι</span> <span class='ocrx_word' id='word_1_196' title='bbox 1588 2725 1647 2780; x_wconf 84' lang='grc' dir='ltr'>δὲ</span> <span class='ocrx_word' id='word_1_197' title='bbox 1694 2727 1914 2782; x_wconf 82' lang='grc' dir='ltr'>κάκεῖνο</span> 
     </span>
    </p>
   </div>
   <div class='ocr_carea' id='block_1_30' title="bbox 328 2816 1913 2887">
    <p class='ocr_par' dir='ltr' id='par_1_30' title="bbox 328 2816 1913 2887">
     <span class='ocr_line' id='line_1_30' title="bbox 328 2816 1913 2887; baseline 0.001 -16"><span class='ocrx_word' id='word_1_198' title='bbox 328 2817 636 2885; x_wconf 84' lang='grc' dir='ltr'>ἀγνοοῦσιν,</span> <span class='ocrx_word' id='word_1_199' title='bbox 671 2818 885 2870; x_wconf 85' lang='grc' dir='ltr'>οἱκατά</span> <span class='ocrx_word' id='word_1_200' title='bbox 909 2816 1002 2870; x_wconf 85' lang='grc' dir='ltr'>τὸν</span> <span class='ocrx_word' id='word_1_201' title='bbox 1045 2816 1273 2871; x_wconf 80' lang='grc' dir='ltr'>Ἡσαΐαν</span> <span class='ocrx_word' id='word_1_202' title='bbox 1304 2817 1749 2887; x_wconf 76' lang='grc' dir='ltr'>ἐνυπνιαζόμενοι</span> <span class='ocrx_word' id='word_1_203' title='bbox 1818 2820 1913 2872; x_wconf 72' lang='grc' dir='ltr'>καὶ</span> 
     </span>
    </p>
   </div>
   <div class='ocr_carea' id='block_1_31' title="bbox 330 2907 1913 2983">
    <p class='ocr_par' dir='ltr' id='par_1_31' title="bbox 330 2907 1913 2983">
     <span class='ocr_line' id='line_1_31' title="bbox 330 2907 1913 2983; baseline 0.001 -20"><span class='ocrx_word' id='word_1_204' title='bbox 330 2909 522 2981; x_wconf 88' lang='grc' dir='ltr'>κοίτην</span> <span class='ocrx_word' id='word_1_205' title='bbox 577 2907 856 2980; x_wconf 86' lang='grc' dir='ltr'>φιλοῦντες</span> <span class='ocrx_word' id='word_1_206' title='bbox 909 2907 1192 2974; x_wconf 80' lang='grc' dir='ltr'>νυστάξαι,</span> <span class='ocrx_word' id='word_1_207' title='bbox 1242 2908 1324 2963; x_wconf 81' lang='grc' dir='ltr'>ὅτι</span> <span class='ocrx_word' id='word_1_208' title='bbox 1365 2909 1631 2974; x_wconf 87' lang='grc' dir='ltr'>πολλάκις</span> <span class='ocrx_word' id='word_1_209' title='bbox 1662 2911 1913 2983; x_wconf 76' lang='grc' dir='ltr'>ἐνέργεια</span> 
     </span>
    </p>
   </div>
   <div class='ocr_carea' id='block_1_32' title="bbox 332 2999 1909 3072">
    <p class='ocr_par' dir='ltr' id='par_1_32' title="bbox 332 2999 1909 3072">
     <span class='ocr_line' id='line_1_32' title="bbox 332 2999 1909 3072; baseline 0.003 -18"><span class='ocrx_word' id='word_1_210' title='bbox 332 3000 544 3071; x_wconf 80' lang='grc' dir='ltr'>πλάνης</span> <span class='ocrx_word' id='word_1_211' title='bbox 571 2999 958 3054; x_wconf 80' lang='grc' dir='ltr'>ἀποστέλλεται</span> <span class='ocrx_word' id='word_1_212' title='bbox 992 3000 1086 3053; x_wconf 78' lang='grc' dir='ltr'><strong>ἐπὶ</strong></span> <span class='ocrx_word' id='word_1_213' title='bbox 1124 3001 1250 3065; x_wconf 81' lang='grc' dir='ltr'>τοὺς</span> <span class='ocrx_word' id='word_1_214' title='bbox 1284 3000 1437 3070; x_wconf 73' lang='grc' dir='ltr'>υἱοὺς</span> <span class='ocrx_word' id='word_1_215' title='bbox 1469 3004 1568 3072; x_wconf 81' lang='grc' dir='ltr'>τῆς</span> <span class='ocrx_word' id='word_1_216' title='bbox 1609 3002 1909 3066; x_wconf 85' lang='grc' dir='ltr'>ἀπειθείας.</span> 
     </span>
    </p>
   </div>
   <div class='ocr_carea' id='block_1_33' title="bbox 2005 523 3575 598">
    <p class='ocr_par' dir='ltr' id='par_1_33' title="bbox 2005 523 3575 598">
     <span class='ocr_line' id='line_1_33' title="bbox 2005 523 3575 598; baseline 0.002 -19"><span class='ocrx_word' id='word_1_217' title='bbox 2005 523 2216 590; x_wconf 83' lang='lat' dir='ltr'><strong>Quibus</strong></span> <span class='ocrx_word' id='word_1_218' title='bbox 2243 527 2489 598; x_wconf 91' lang='lat' dir='ltr'><strong>quidem,</strong></span> <span class='ocrx_word' id='word_1_219' title='bbox 2525 527 2633 584; x_wconf 87' lang='lat' dir='ltr'><strong>nisi</strong></span> <span class='ocrx_word' id='word_1_220' title='bbox 2663 526 2922 582; x_wconf 80' lang='lat' dir='ltr'><strong>desinant</strong></span> <span class='ocrx_word' id='word_1_221' title='bbox 2944 526 3094 598; x_wconf 87' lang='lat' dir='ltr'><strong>loqui</strong></span> <span class='ocrx_word' id='word_1_222' title='bbox 3113 526 3377 583; x_wconf 82' lang='lat' dir='ltr'><strong>adversus</strong></span> <span class='ocrx_word' id='word_1_223' title='bbox 3404 527 3575 582; x_wconf 82' lang='lat' dir='ltr'><strong>Deum</strong></span> 
     </span>
    </p>
   </div>
   <div class='ocr_carea' id='block_1_34' title="bbox 2004 617 3575 691">
    <p class='ocr_par' dir='ltr' id='par_1_34' title="bbox 2004 617 3575 691">
     <span class='ocr_line' id='line_1_34' title="bbox 2004 617 3575 691; baseline 0.003 -22"><span class='ocrx_word' id='word_1_224' title='bbox 2004 617 2348 688; x_wconf 76' lang='lat' dir='ltr'><strong>iniquitatem</strong></span> <span class='ocrx_word' id='word_1_225' title='bbox 2382 622 2426 686; x_wconf 78' lang='grc'>⁸,</span> <span class='ocrx_word' id='word_1_226' title='bbox 2458 618 2752 690; x_wconf 88' lang='lat' dir='ltr'><strong>lugendum</strong></span> <span class='ocrx_word' id='word_1_227' title='bbox 2791 626 2876 675; x_wconf 86' lang='lat' dir='ltr'><strong>est</strong></span> <span class='ocrx_word' id='word_1_228' title='bbox 2906 634 3030 674; x_wconf 91' lang='lat' dir='ltr'><strong>cum</strong></span> <span class='ocrx_word' id='word_1_229' title='bbox 3065 619 3137 675; x_wconf 92' lang='lat' dir='ltr'><strong>iis</strong></span> <span class='ocrx_word' id='word_1_230' title='bbox 3165 620 3260 691; x_wconf 88' lang='lat' dir='ltr'><strong>qui</strong></span> <span class='ocrx_word' id='word_1_231' title='bbox 3292 618 3575 675; x_wconf 86' lang='lat' dir='ltr'><strong>Christum</strong></span> 
     </span>
    </p>
   </div>
   <div class='ocr_carea' id='block_1_35' title="bbox 2003 717 2224 780">
    <p class='ocr_par' dir='ltr' id='par_1_35' title="bbox 2003 717 2224 780">
     <span class='ocr_line' id='line_1_35' title="bbox 2003 717 2224 780; baseline 0.014 -17"><span class='ocrx_word' id='word_1_232' title='bbox 2003 717 2224 780; x_wconf 88' lang='lat' dir='ltr'><strong>negant.</strong></span> 
     </span>
    </p>
   </div>
   <div class='ocr_carea' id='block_1_36' title="bbox 2076 974 3573 1049">
    <p class='ocr_par' dir='ltr' id='par_1_36' title="bbox 2076 974 3573 1049">
     <span class='ocr_line' id='line_1_36' title="bbox 2076 974 3573 1049; baseline 0.002 -18"><span class='ocrx_word' id='word_1_233' title='bbox 2076 975 2130 1031; x_wconf 91' lang='lat'><strong>6.</strong></span> <span class='ocrx_word' id='word_1_234' title='bbox 2171 974 2297 1030; x_wconf 72' lang='lat' dir='ltr'><strong>Hmc</strong></span> <span class='ocrx_word' id='word_1_235' title='bbox 2336 976 2491 1032; x_wconf 84' lang='lat' dir='ltr'><strong>vobis</strong></span> <span class='ocrx_word' id='word_1_236' title='bbox 2540 977 2853 1034; x_wconf 87' lang='lat' dir='ltr'><strong>necessario</strong></span> <span class='ocrx_word' id='word_1_237' title='bbox 2894 978 3237 1049; x_wconf 83' lang='lat' dir='ltr'><strong>scripsimus,</strong></span> <span class='ocrx_word' id='word_1_238' title='bbox 3272 987 3331 1033; x_wconf 91' lang='lat' dir='ltr'><strong>ut</strong></span> <span class='ocrx_word' id='word_1_239' title='bbox 3375 979 3573 1035; x_wconf 88' lang='lat' dir='ltr'><strong>damna</strong></span> 
     </span>
    </p>
   </div>
   <div class='ocr_carea' id='block_1_37' title="bbox 2005 1067 3577 1140">
    <p class='ocr_par' dir='ltr' id='par_1_37' title="bbox 2005 1067 3577 1140">
     <span class='ocr_line' id='line_1_37' title="bbox 2005 1067 3577 1140; baseline 0.003 -17"><span class='ocrx_word' id='word_1_240' title='bbox 2005 1085 2035 1123; x_wconf 91' lang='lat' dir='ltr'><strong>a</strong></span> <span class='ocrx_word' id='word_1_241' title='bbox 2063 1067 2247 1140; x_wconf 84' lang='lat' dir='ltr'><strong>pravis</strong></span> <span class='ocrx_word' id='word_1_242' title='bbox 2270 1068 2617 1123; x_wconf 83' lang='lat' dir='ltr'><strong>documentis</strong></span> <span class='ocrx_word' id='word_1_243' title='bbox 2645 1069 3011 1139; x_wconf 83' lang='lat' dir='ltr'><strong>impendentia</strong></span> <span class='ocrx_word' id='word_1_244' title='bbox 3036 1072 3294 1126; x_wconf 83' lang='lat' dir='ltr'><strong>caveatis.</strong></span> <span class='ocrx_word' id='word_1_245' title='bbox 3320 1071 3456 1126; x_wconf 81' lang='lat' dir='ltr'><strong>Nam</strong></span> <span class='ocrx_word' id='word_1_246' title='bbox 3490 1087 3577 1127; x_wconf 89' lang='lat' dir='ltr'><strong>re-</strong></span> 
     </span>
    </p>
   </div>
   <div class='ocr_carea' id='block_1_38' title="bbox 2003 1158 3578 1229">
    <p class='ocr_par' dir='ltr' id='par_1_38' title="bbox 2003 1158 3578 1229">
     <span class='ocr_line' id='line_1_38' title="bbox 2003 1158 3578 1229; baseline 0.001 -14"><span class='ocrx_word' id='word_1_247' title='bbox 2003 1175 2156 1223; x_wconf 89' lang='lat' dir='ltr'><strong>vera,</strong></span> <span class='ocrx_word' id='word_1_248' title='bbox 2200 1158 2248 1213; x_wconf 88' lang='lat' dir='ltr'><strong>si</strong></span> <span class='ocrx_word' id='word_1_249' title='bbox 2292 1173 2476 1229; x_wconf 71' lang='lat' dir='ltr'><strong>pravae</strong></span> <span class='ocrx_word' id='word_1_250' title='bbox 2502 1159 2771 1214; x_wconf 74' lang='lat' dir='ltr'><strong>doctrinae</strong></span> <span class='ocrx_word' id='word_1_251' title='bbox 2817 1174 2943 1214; x_wconf 90' lang='lat' dir='ltr'><strong>cum</strong></span> <span class='ocrx_word' id='word_1_252' title='bbox 2981 1160 3294 1229; x_wconf 87' lang='lat' dir='ltr'><strong>pharmacis</strong></span> <span class='ocrx_word' id='word_1_253' title='bbox 3326 1161 3578 1216; x_wconf 84' lang='lat' dir='ltr'><strong>exitiosis</strong></span> 
     </span>
    </p>
   </div>
   <div class='ocr_carea' id='block_1_39' title="bbox 2004 1248 3578 1320">
    <p class='ocr_par' dir='ltr' id='par_1_39' title="bbox 2004 1248 3578 1320">
     <span class='ocr_line' id='line_1_39' title="bbox 2004 1248 3578 1320; baseline -0.001 -16"><span class='ocrx_word' id='word_1_254' title='bbox 2004 1248 2405 1320; x_wconf 68' lang='lat' dir='ltr'><strong>comparandae,</strong></span> <span class='ocrx_word' id='word_1_255' title='bbox 2435 1248 2893 1318; x_wconf 85' lang='lat' dir='ltr'><strong>quemadmodum</strong></span> <span class='ocrx_word' id='word_1_256' title='bbox 2929 1250 3072 1320; x_wconf 91' lang='lat' dir='ltr'><strong>apud</strong></span> <span class='ocrx_word' id='word_1_257' title='bbox 3109 1265 3206 1305; x_wconf 91' lang='lat' dir='ltr'><strong>vos</strong></span> <span class='ocrx_word' id='word_1_258' title='bbox 3237 1250 3578 1305; x_wconf 85' lang='lat' dir='ltr'><strong>somniorum</strong></span> 
     </span>
    </p>
   </div>
   <div class='ocr_carea' id='block_1_40' title="bbox 2005 1340 3575 1411">
    <p class='ocr_par' dir='ltr' id='par_1_40' title="bbox 2005 1340 3575 1411">
     <span class='ocr_line' id='line_1_40' title="bbox 2005 1340 3575 1411; baseline -0.002 -14"><span class='ocrx_word' id='word_1_259' title='bbox 2005 1342 2334 1411; x_wconf 82' lang='lat' dir='ltr'><strong>interpretes</strong></span> <span class='ocrx_word' id='word_1_260' title='bbox 2354 1340 2575 1407; x_wconf 89' lang='lat' dir='ltr'><strong>dicunt,</strong></span> <span class='ocrx_word' id='word_1_261' title='bbox 2604 1341 2720 1396; x_wconf 78' lang='lat' dir='ltr'><strong>haec</strong></span> <span class='ocrx_word' id='word_1_262' title='bbox 2743 1348 2874 1396; x_wconf 79' lang='lat' dir='ltr'><strong>sunt</strong></span> <span class='ocrx_word' id='word_1_263' title='bbox 2906 1349 2962 1397; x_wconf 92' lang='lat' dir='ltr'><strong>et</strong></span> <span class='ocrx_word' id='word_1_264' title='bbox 2990 1341 3170 1396; x_wconf 89' lang='lat' dir='ltr'><strong>cicuta</strong></span> <span class='ocrx_word' id='word_1_265' title='bbox 3195 1350 3249 1396; x_wconf 88' lang='lat' dir='ltr'><strong>et</strong></span> <span class='ocrx_word' id='word_1_266' title='bbox 3276 1341 3575 1405; x_wconf 88' lang='lat' dir='ltr'><strong>aconitum,</strong></span> 
     </span>
    </p>
   </div>
   <div class='ocr_carea' id='block_1_41' title="bbox 2004 1432 3570 1505">
    <p class='ocr_par' dir='ltr' id='par_1_41' title="bbox 2004 1432 3570 1505">
     <span class='ocr_line' id='line_1_41' title="bbox 2004 1432 3570 1505; baseline -0.001 -16"><span class='ocrx_word' id='word_1_267' title='bbox 2004 1440 2060 1489; x_wconf 90' lang='lat' dir='ltr'><strong>et</strong></span> <span class='ocrx_word' id='word_1_268' title='bbox 2088 1433 2296 1505; x_wconf 91' lang='lat' dir='ltr'><strong>siquod</strong></span> <span class='ocrx_word' id='word_1_269' title='bbox 2325 1433 2473 1489; x_wconf 87' lang='lat' dir='ltr'><strong>aliud</strong></span> <span class='ocrx_word' id='word_1_270' title='bbox 2505 1433 2707 1489; x_wconf 87' lang='lat' dir='ltr'><strong>lethale</strong></span> <span class='ocrx_word' id='word_1_271' title='bbox 2740 1432 3119 1503; x_wconf 86' lang='lat' dir='ltr'><strong>pbarmacum.</strong></span> <span class='ocrx_word' id='word_1_272' title='bbox 3155 1432 3282 1488; x_wconf 82' lang='lat' dir='ltr'><strong>Haec</strong></span> <span class='ocrx_word' id='word_1_273' title='bbox 3299 1442 3428 1489; x_wconf 90' lang='lat' dir='ltr'><strong>sunt</strong></span> <span class='ocrx_word' id='word_1_274' title='bbox 3457 1435 3570 1488; x_wconf 81' lang='lat' dir='ltr'><strong>ani-</strong></span> 
     </span>
    </p>
   </div>
   <div class='ocr_carea' id='block_1_42' title="bbox 2006 1525 3577 1589">
    <p class='ocr_par' dir='ltr' id='par_1_42' title="bbox 2006 1525 3577 1589">
     <span class='ocr_line' id='line_1_42' title="bbox 2006 1525 3577 1589; baseline -0.001 -10"><span class='ocrx_word' id='word_1_275' title='bbox 2006 1541 2218 1580; x_wconf 88' lang='lat' dir='ltr'><strong>marum</strong></span> <span class='ocrx_word' id='word_1_276' title='bbox 2248 1540 2480 1589; x_wconf 88' lang='lat' dir='ltr'><strong>venena,</strong></span> <span class='ocrx_word' id='word_1_277' title='bbox 2512 1540 2622 1581; x_wconf 91' lang='lat' dir='ltr'><strong>non</strong></span> <span class='ocrx_word' id='word_1_278' title='bbox 2651 1527 2827 1582; x_wconf 85' lang='lat' dir='ltr'><strong>nostri</strong></span> <span class='ocrx_word' id='word_1_279' title='bbox 2857 1540 3162 1589; x_wconf 87' lang='lat' dir='ltr'><strong>sermones,</strong></span> <span class='ocrx_word' id='word_1_280' title='bbox 3200 1534 3258 1581; x_wconf 88' lang='lat' dir='ltr'><strong>ut</strong></span> <span class='ocrx_word' id='word_1_281' title='bbox 3284 1525 3577 1581; x_wconf 88' lang='lat' dir='ltr'><strong>temulenta</strong></span> 
     </span>
    </p>
   </div>
   <div class='ocr_carea' id='block_1_43' title="bbox 2003 1618 3580 1684">
    <p class='ocr_par' dir='ltr' id='par_1_43' title="bbox 2003 1618 3580 1684">
     <span class='ocr_line' id='line_1_43' title="bbox 2003 1618 3580 1684; baseline 0 -12"><span class='ocrx_word' id='word_1_282' title='bbox 2003 1618 2101 1673; x_wconf 88' lang='lat' dir='ltr'><strong>illa</strong></span> <span class='ocrx_word' id='word_1_283' title='bbox 2132 1619 2529 1675; x_wconf 88' lang='lat' dir='ltr'><strong>cerebellorum</strong></span> <span class='ocrx_word' id='word_1_284' title='bbox 2557 1619 2843 1674; x_wconf 86' lang='lat' dir='ltr'><strong>involucra</strong></span> <span class='ocrx_word' id='word_1_285' title='bbox 2876 1619 3186 1684; x_wconf 88' lang='lat' dir='ltr'><strong>clamitant,</strong></span> <span class='ocrx_word' id='word_1_286' title='bbox 3217 1618 3351 1675; x_wconf 86' lang='lat' dir='ltr'><strong>visis</strong></span> <span class='ocrx_word' id='word_1_287' title='bbox 3393 1618 3580 1673; x_wconf 86' lang='lat' dir='ltr'><strong>multis</strong></span> 
     </span>
    </p>
   </div>
   <div class='ocr_carea' id='block_1_44' title="bbox 2007 1711 3579 1784">
    <p class='ocr_par' dir='ltr' id='par_1_44' title="bbox 2007 1711 3579 1784">
     <span class='ocr_line' id='line_1_44' title="bbox 2007 1711 3579 1784; baseline -0.001 -18"><span class='ocrx_word' id='word_1_288' title='bbox 2007 1712 2081 1767; x_wconf 87' lang='lat' dir='ltr'><strong>ob</strong></span> <span class='ocrx_word' id='word_1_289' title='bbox 2125 1713 2380 1768; x_wconf 85' lang='lat' dir='ltr'><strong>morbum</strong></span> <span class='ocrx_word' id='word_1_290' title='bbox 2434 1712 2687 1768; x_wconf 82' lang='lat' dir='ltr'><strong>referta:</strong></span> <span class='ocrx_word' id='word_1_291' title='bbox 2724 1728 2865 1784; x_wconf 92' lang='lat' dir='ltr'><strong>quos</strong></span> <span class='ocrx_word' id='word_1_292' title='bbox 2911 1711 3155 1783; x_wconf 83' lang='lat' dir='ltr'><strong>quidem,</strong></span> <span class='ocrx_word' id='word_1_293' title='bbox 3206 1711 3253 1766; x_wconf 89' lang='lat' dir='ltr'><strong>si</strong></span> <span class='ocrx_word' id='word_1_294' title='bbox 3302 1719 3579 1782; x_wconf 89' lang='lat' dir='ltr'><strong>saperent,</strong></span> 
     </span>
    </p>
   </div>
   <div class='ocr_carea' id='block_1_45' title="bbox 2007 1804 3582 1877">
    <p class='ocr_par' dir='ltr' id='par_1_45' title="bbox 2007 1804 3582 1877">
     <span class='ocr_line' id='line_1_45' title="bbox 2007 1804 3582 1877; baseline 0 -17"><span class='ocrx_word' id='word_1_295' title='bbox 2007 1821 2173 1862; x_wconf 91' lang='lat' dir='ltr'><strong>nosse</strong></span> <span class='ocrx_word' id='word_1_296' title='bbox 2215 1805 2523 1877; x_wconf 87' lang='lat' dir='ltr'><strong>oportebat,</strong></span> <span class='ocrx_word' id='word_1_297' title='bbox 2571 1805 2915 1862; x_wconf 88' lang='lat' dir='ltr'><strong>intaminatis</strong></span> <span class='ocrx_word' id='word_1_298' title='bbox 2961 1812 3018 1861; x_wconf 91' lang='lat' dir='ltr'><strong>et</strong></span> <span class='ocrx_word' id='word_1_299' title='bbox 3062 1805 3132 1860; x_wconf 89' lang='lat' dir='ltr'><strong>ab</strong></span> <span class='ocrx_word' id='word_1_300' title='bbox 3168 1805 3316 1860; x_wconf 90' lang='lat' dir='ltr'><strong>omni</strong></span> <span class='ocrx_word' id='word_1_301' title='bbox 3364 1804 3582 1860; x_wconf 79' lang='lat' dir='ltr'><strong>macula</strong></span> 
     </span>
    </p>
   </div>
   <div class='ocr_carea' id='block_1_46' title="bbox 2006 1899 3578 1972">
    <p class='ocr_par' dir='ltr' id='par_1_46' title="bbox 2006 1899 3578 1972">
     <span class='ocr_line' id='line_1_46' title="bbox 2006 1899 3578 1972; baseline -0.001 -16"><span class='ocrx_word' id='word_1_302' title='bbox 2006 1900 2325 1972; x_wconf 77' lang='lat' dir='ltr'><strong>expurgatis</strong></span> <span class='ocrx_word' id='word_1_303' title='bbox 2365 1899 2644 1955; x_wconf 78' lang='lat' dir='ltr'><strong>ruentibus</strong></span> <span class='ocrx_word' id='word_1_304' title='bbox 2674 1900 3054 1971; x_wconf 79' lang='lat' dir='ltr'><strong>pmpheticum</strong></span> <span class='ocrx_word' id='word_1_305' title='bbox 3081 1900 3288 1955; x_wconf 91' lang='lat' dir='ltr'><strong>donum</strong></span> <span class='ocrx_word' id='word_1_306' title='bbox 3330 1900 3578 1957; x_wconf 88' lang='lat' dir='ltr'><strong>illucerc.</strong></span> 
     </span>
    </p>
   </div>
   <div class='ocr_carea' id='block_1_47' title="bbox 2006 1989 3580 2063">
    <p class='ocr_par' dir='ltr' id='par_1_47' title="bbox 2006 1989 3580 2063">
     <span class='ocr_line' id='line_1_47' title="bbox 2006 1989 3580 2063; baseline 0.001 -18"><span class='ocrx_word' id='word_1_307' title='bbox 2006 1990 2195 2062; x_wconf 87' lang='lat' dir='ltr'><strong>Neque</strong></span> <span class='ocrx_word' id='word_1_308' title='bbox 2250 1991 2392 2046; x_wconf 88' lang='lat' dir='ltr'><strong>enim</strong></span> <span class='ocrx_word' id='word_1_309' title='bbox 2451 1990 2678 2061; x_wconf 90' lang='lat' dir='ltr'><strong>speculo</strong></span> <span class='ocrx_word' id='word_1_310' title='bbox 2737 1989 2961 2047; x_wconf 87' lang='lat' dir='ltr'><strong>sordido</strong></span> <span class='ocrx_word' id='word_1_311' title='bbox 3004 1999 3237 2062; x_wconf 89' lang='lat' dir='ltr'><strong>possunt</strong></span> <span class='ocrx_word' id='word_1_312' title='bbox 3281 1991 3580 2063; x_wconf 76' lang='lat' dir='ltr'><strong>imaginum</strong></span> 
     </span>
    </p>
   </div>
   <div class='ocr_carea' id='block_1_48' title="bbox 2006 2082 3581 2154">
    <p class='ocr_par' dir='ltr' id='par_1_48' title="bbox 2006 2082 3581 2154">
     <span class='ocr_line' id='line_1_48' title="bbox 2006 2082 3581 2154; baseline -0.001 -15"><span class='ocrx_word' id='word_1_313' title='bbox 2006 2082 2187 2153; x_wconf 77' lang='lat' dir='ltr'><strong>excipi</strong></span> <span class='ocrx_word' id='word_1_314' title='bbox 2237 2082 2485 2153; x_wconf 89' lang='lat' dir='ltr'><strong>species;</strong></span> <span class='ocrx_word' id='word_1_315' title='bbox 2527 2097 2705 2152; x_wconf 87' lang='lat' dir='ltr'><strong>neque</strong></span> <span class='ocrx_word' id='word_1_316' title='bbox 2748 2083 2931 2138; x_wconf 89' lang='lat' dir='ltr'><strong>anima</strong></span> <span class='ocrx_word' id='word_1_317' title='bbox 2981 2083 3338 2139; x_wconf 67' lang='lat' dir='ltr'><strong>saecularibus</strong></span> <span class='ocrx_word' id='word_1_318' title='bbox 3371 2099 3581 2154; x_wconf 82' lang='lat' dir='ltr'><strong>praeoc—</strong></span> 
     </span>
    </p>
   </div>
   <div class='ocr_carea' id='block_1_49' title="bbox 2008 2174 3582 2246">
    <p class='ocr_par' dir='ltr' id='par_1_49' title="bbox 2008 2174 3582 2246">
     <span class='ocr_line' id='line_1_49' title="bbox 2008 2174 3582 2246; baseline 0.001 -16"><span class='ocrx_word' id='word_1_319' title='bbox 2008 2182 2207 2246; x_wconf 90' lang='lat' dir='ltr'><strong>cupata</strong></span> <span class='ocrx_word' id='word_1_320' title='bbox 2238 2174 2409 2239; x_wconf 89' lang='lat' dir='ltr'><strong>curis,</strong></span> <span class='ocrx_word' id='word_1_321' title='bbox 2455 2180 2511 2229; x_wconf 91' lang='lat' dir='ltr'><strong>et</strong></span> <span class='ocrx_word' id='word_1_322' title='bbox 2543 2175 2633 2228; x_wconf 92' lang='lat' dir='ltr'><strong>cui</strong></span> <span class='ocrx_word' id='word_1_323' title='bbox 2668 2174 2908 2230; x_wconf 81' lang='lat' dir='ltr'><strong>carnalis</strong></span> <span class='ocrx_word' id='word_1_324' title='bbox 2951 2190 3148 2231; x_wconf 90' lang='lat' dir='ltr'><strong>sensus</strong></span> <span class='ocrx_word' id='word_1_325' title='bbox 3182 2174 3401 2230; x_wconf 78' lang='lat' dir='ltr'><strong>aﬂ‘ectio</strong></span> <span class='ocrx_word' id='word_1_326' title='bbox 3430 2185 3582 2231; x_wconf 86' lang='lat' dir='ltr'><strong>tene-</strong></span> 
     </span>
    </p>
   </div>
   <div class='ocr_carea' id='block_1_50' title="bbox 2006 2264 3584 2338">
    <p class='ocr_par' dir='ltr' id='par_1_50' title="bbox 2006 2264 3584 2338">
     <span class='ocr_line' id='line_1_50' title="bbox 2006 2264 3584 2338; baseline 0.001 -16"><span class='ocrx_word' id='word_1_327' title='bbox 2006 2268 2138 2323; x_wconf 85' lang='lat' dir='ltr'><strong>bras</strong></span> <span class='ocrx_word' id='word_1_328' title='bbox 2175 2264 2432 2329; x_wconf 82' lang='lat' dir='ltr'><strong>oﬂ‘undit,</strong></span> <span class='ocrx_word' id='word_1_329' title='bbox 2480 2264 2903 2322; x_wconf 86' lang='lat' dir='ltr'><strong>illustrationem</strong></span> <span class='ocrx_word' id='word_1_330' title='bbox 2951 2264 3188 2338; x_wconf 87' lang='lat' dir='ltr'><strong>Spiritus</strong></span> <span class='ocrx_word' id='word_1_331' title='bbox 3219 2269 3397 2323; x_wconf 86' lang='lat' dir='ltr'><strong>sancti</strong></span> <span class='ocrx_word' id='word_1_332' title='bbox 3438 2270 3584 2324; x_wconf 85' lang='lat' dir='ltr'><strong>reci-</strong></span> 
     </span>
    </p>
   </div>
   <div class='ocr_carea' id='block_1_51' title="bbox 2009 2355 3583 2432">
    <p class='ocr_par' dir='ltr' id='par_1_51' title="bbox 2009 2355 3583 2432">
     <span class='ocr_line' id='line_1_51' title="bbox 2009 2355 3583 2432; baseline 0.002 -19"><span class='ocrx_word' id='word_1_333' title='bbox 2009 2372 2138 2430; x_wconf 88' lang='lat' dir='ltr'><strong>pere</strong></span> <span class='ocrx_word' id='word_1_334' title='bbox 2163 2364 2360 2428; x_wconf 84' lang='lat' dir='ltr'><strong>potest.</strong></span> <span class='ocrx_word' id='word_1_335' title='bbox 2389 2355 2509 2412; x_wconf 88' lang='lat' dir='ltr'><strong>Non</strong></span> <span class='ocrx_word' id='word_1_336' title='bbox 2540 2358 2686 2413; x_wconf 88' lang='lat' dir='ltr'><strong>enim</strong></span> <span class='ocrx_word' id='word_1_337' title='bbox 2730 2372 2893 2414; x_wconf 90' lang='lat' dir='ltr'><strong>omne</strong></span> <span class='ocrx_word' id='word_1_338' title='bbox 2921 2359 3198 2414; x_wconf 90' lang='lat' dir='ltr'><strong>somnium</strong></span> <span class='ocrx_word' id='word_1_339' title='bbox 3234 2360 3418 2416; x_wconf 87' lang='lat' dir='ltr'><strong>statim</strong></span> <span class='ocrx_word' id='word_1_340' title='bbox 3451 2377 3583 2432; x_wconf 77' lang='lat' dir='ltr'><strong>pro-</strong></span> 
     </span>
    </p>
   </div>
   <div class='ocr_carea' id='block_1_52' title="bbox 2011 2447 3585 2522">
    <p class='ocr_par' dir='ltr' id='par_1_52' title="bbox 2011 2447 3585 2522">
     <span class='ocr_line' id='line_1_52' title="bbox 2011 2447 3585 2522; baseline 0.002 -18"><span class='ocrx_word' id='word_1_341' title='bbox 2011 2450 2195 2520; x_wconf 87' lang='lat' dir='ltr'><strong>phetia</strong></span> <span class='ocrx_word' id='word_1_342' title='bbox 2229 2458 2334 2515; x_wconf 89' lang='lat' dir='ltr'><strong>est,</strong></span> <span class='ocrx_word' id='word_1_343' title='bbox 2365 2456 2426 2503; x_wconf 92' lang='lat' dir='ltr'><strong>ut</strong></span> <span class='ocrx_word' id='word_1_344' title='bbox 2447 2449 2525 2503; x_wconf 88' lang='lat' dir='ltr'><strong>ait</strong></span> <span class='ocrx_word' id='word_1_345' title='bbox 2549 2447 2845 2506; x_wconf 85' lang='lat' dir='ltr'><strong>Zacharias</strong></span> <span class='ocrx_word' id='word_1_346' title='bbox 2874 2467 2890 2505; x_wconf 92' lang='lat'><strong>:</strong></span> <span class='ocrx_word' id='word_1_347' title='bbox 2918 2448 3179 2505; x_wconf 78' lang='lat' dir='ltr'><strong>Dominus</strong></span> <span class='ocrx_word' id='word_1_348' title='bbox 3208 2451 3329 2521; x_wconf 82' lang='lat' dir='ltr'><strong>fecit</strong></span> <span class='ocrx_word' id='word_1_349' title='bbox 3362 2452 3585 2522; x_wconf 71' lang='lat' dir='ltr'><strong>phanta-</strong></span> 
     </span>
    </p>
   </div>
   <div class='ocr_carea' id='block_1_53' title="bbox 2010 2539 3580 2611">
    <p class='ocr_par' dir='ltr' id='par_1_53' title="bbox 2010 2539 3580 2611">
     <span class='ocr_line' id='line_1_53' title="bbox 2010 2539 3580 2611; baseline 0.001 -15"><span class='ocrx_word' id='word_1_350' title='bbox 2010 2542 2182 2606; x_wconf 84' lang='lat' dir='ltr'><strong>siam,</strong></span> <span class='ocrx_word' id='word_1_351' title='bbox 2233 2548 2282 2595; x_wconf 88' lang='lat' dir='ltr'><strong>et</strong></span> <span class='ocrx_word' id='word_1_352' title='bbox 2336 2539 2568 2610; x_wconf 82' lang='lat' dir='ltr'><strong>pluviam</strong></span> <span class='ocrx_word' id='word_1_353' title='bbox 2617 2540 2925 2605; x_wconf 79' lang='lat' dir='ltr'><strong>hibernam,</strong></span> <span class='ocrx_word' id='word_1_354' title='bbox 2978 2541 3103 2611; x_wconf 82' lang='lat' dir='ltr'><strong>quia</strong></span> <span class='ocrx_word' id='word_1_355' title='bbox 3166 2543 3580 2598; x_wconf 79' lang='lat' dir='ltr'><strong>sermocinantes</strong></span> 
     </span>
    </p>
   </div>
   <div class='ocr_carea' id='block_1_54' title="bbox 2012 2633 3582 2705">
    <p class='ocr_par' dir='ltr' id='par_1_54' title="bbox 2012 2633 3582 2705">
     <span class='ocr_line' id='line_1_54' title="bbox 2012 2633 3582 2705; baseline 0.003 -18"><span class='ocrx_word' id='word_1_356' title='bbox 2012 2634 2174 2688; x_wconf 76' lang='lat' dir='ltr'><strong>locuti</strong></span> <span class='ocrx_word' id='word_1_357' title='bbox 2218 2642 2340 2688; x_wconf 85' lang='lat' dir='ltr'><strong>sunt</strong></span> <span class='ocrx_word' id='word_1_358' title='bbox 2385 2633 2612 2698; x_wconf 81' lang='lat' dir='ltr'><strong>labores,</strong></span> <span class='ocrx_word' id='word_1_359' title='bbox 2663 2640 2713 2687; x_wconf 87' lang='lat' dir='ltr'><strong>et</strong></span> <span class='ocrx_word' id='word_1_360' title='bbox 2749 2634 2961 2688; x_wconf 84' lang='lat' dir='ltr'><strong>somnia</strong></span> <span class='ocrx_word' id='word_1_361' title='bbox 2993 2634 3138 2704; x_wconf 79' lang='lat' dir='ltr'><strong>falsa</strong></span> <span class='ocrx_word' id='word_1_362' title='bbox 3169 2634 3516 2705; x_wconf 85' lang='lat' dir='ltr'><strong>loquebantur</strong></span> <span class='ocrx_word' id='word_1_363' title='bbox 3536 2636 3582 2692; x_wconf 87' lang='grc'>³.</span> 
     </span>
    </p>
   </div>
   <div class='ocr_carea' id='block_1_55' title="bbox 2012 2724 3586 2798">
    <p class='ocr_par' dir='ltr' id='par_1_55' title="bbox 2012 2724 3586 2798">
     <span class='ocr_line' id='line_1_55' title="bbox 2012 2724 3586 2798; baseline 0.001 -18"><span class='ocrx_word' id='word_1_364' title='bbox 2012 2726 2079 2782; x_wconf 92' lang='lat' dir='ltr'><strong>IIi</strong></span> <span class='ocrx_word' id='word_1_365' title='bbox 2107 2734 2291 2783; x_wconf 89' lang='lat' dir='ltr'><strong>autem</strong></span> <span class='ocrx_word' id='word_1_366' title='bbox 2316 2731 2409 2798; x_wconf 93' lang='lat' dir='ltr'><strong>qui</strong></span> <span class='ocrx_word' id='word_1_367' title='bbox 2445 2724 2746 2782; x_wconf 80' lang='lat' dir='ltr'><strong>secundum</strong></span> <span class='ocrx_word' id='word_1_368' title='bbox 2768 2725 2962 2782; x_wconf 85' lang='lat' dir='ltr'><strong>Isaiam</strong></span> <span class='ocrx_word' id='word_1_369' title='bbox 2989 2728 3265 2782; x_wconf 89' lang='lat' dir='ltr'><strong>somniant</strong></span> <span class='ocrx_word' id='word_1_370' title='bbox 3295 2737 3349 2783; x_wconf 92' lang='lat' dir='ltr'><strong>et</strong></span> <span class='ocrx_word' id='word_1_371' title='bbox 3381 2727 3586 2784; x_wconf 84' lang='lat' dir='ltr'><strong>dormi-</strong></span> 
     </span>
    </p>
   </div>
   <div class='ocr_carea' id='block_1_56' title="bbox 2012 2817 3588 2890">
    <p class='ocr_par' dir='ltr' id='par_1_56' title="bbox 2012 2817 3588 2890">
     <span class='ocr_line' id='line_1_56' title="bbox 2012 2817 3588 2890; baseline 0.001 -16"><span class='ocrx_word' id='word_1_372' title='bbox 2012 2829 2132 2875; x_wconf 87' lang='lat' dir='ltr'><strong>tare</strong></span> <span class='ocrx_word' id='word_1_373' title='bbox 2159 2826 2346 2875; x_wconf 89' lang='lat' dir='ltr'><strong>amant</strong></span> <span class='ocrx_word' id='word_1_374' title='bbox 2388 2819 2445 2874; x_wconf 90' lang='lat' dir='ltr'><strong>in</strong></span> <span class='ocrx_word' id='word_1_375' title='bbox 2489 2818 2656 2873; x_wconf 88' lang='lat' dir='ltr'><strong>cubili</strong></span> <span class='ocrx_word' id='word_1_376' title='bbox 2680 2818 2723 2884; x_wconf 66' lang='grc' dir='ltr'>δ,</span> <span class='ocrx_word' id='word_1_377' title='bbox 2751 2817 2888 2873; x_wconf 91' lang='lat' dir='ltr'><strong>illud</strong></span> <span class='ocrx_word' id='word_1_378' title='bbox 2935 2819 3099 2873; x_wconf 90' lang='lat' dir='ltr'><strong>etiam</strong></span> <span class='ocrx_word' id='word_1_379' title='bbox 3133 2819 3411 2889; x_wconf 88' lang='lat' dir='ltr'><strong>ignorant,</strong></span> <span class='ocrx_word' id='word_1_380' title='bbox 3442 2835 3588 2890; x_wconf 68' lang='lat' dir='ltr'><strong>saepe</strong></span> 
     </span>
    </p>
   </div>
   <div class='ocr_carea' id='block_1_57' title="bbox 2012 2910 3583 2981">
    <p class='ocr_par' dir='ltr' id='par_1_57' title="bbox 2012 2910 3583 2981">
     <span class='ocr_line' id='line_1_57' title="bbox 2012 2910 3583 2981; baseline 0.002 -15"><span class='ocrx_word' id='word_1_381' title='bbox 2012 2911 2387 2981; x_wconf 82' lang='lat' dir='ltr'><strong>operationem</strong></span> <span class='ocrx_word' id='word_1_382' title='bbox 2430 2912 2638 2968; x_wconf 87' lang='lat' dir='ltr'><strong>erroris</strong></span> <span class='ocrx_word' id='word_1_383' title='bbox 2667 2910 2890 2966; x_wconf 86' lang='lat' dir='ltr'><strong>immitti</strong></span> <span class='ocrx_word' id='word_1_384' title='bbox 2934 2910 2991 2966; x_wconf 91' lang='lat' dir='ltr'><strong>in</strong></span> <span class='ocrx_word' id='word_1_385' title='bbox 3032 2911 3176 2967; x_wconf 78' lang='lat' dir='ltr'><strong>ﬁlios</strong></span> <span class='ocrx_word' id='word_1_386' title='bbox 3208 2911 3523 2969; x_wconf 69' lang='lat' dir='ltr'><strong>dimdentire</strong></span> <span class='ocrx_word' id='word_1_387' title='bbox 3539 2913 3583 2969; x_wconf 83' lang='lat'><strong>&#39;.</strong></span> 
     </span>
    </p>
   </div>
   <div class='ocr_carea' id='block_1_58' title="bbox 2014 3000 3588 3078">
    <p class='ocr_par' dir='ltr' id='par_1_58' title="bbox 2014 3000 3588 3078">
     <span class='ocr_line' id='line_1_58' title="bbox 2014 3000 3588 3078; baseline 0.003 -22"><span class='ocrx_word' id='word_1_388' title='bbox 2014 3002 2105 3059; x_wconf 86' lang='lat' dir='ltr'><strong>Est</strong></span> <span class='ocrx_word' id='word_1_389' title='bbox 2140 3010 2195 3058; x_wconf 91' lang='lat' dir='ltr'><strong>et</strong></span> <span class='ocrx_word' id='word_1_390' title='bbox 2231 3003 2459 3074; x_wconf 90' lang='lat' dir='ltr'><strong>spiritus</strong></span> <span class='ocrx_word' id='word_1_391' title='bbox 2488 3002 2748 3070; x_wconf 84' lang='lat' dir='ltr'><strong>mendax,</strong></span> <span class='ocrx_word' id='word_1_392' title='bbox 2779 3002 2872 3072; x_wconf 90' lang='lat' dir='ltr'><strong>qui</strong></span> <span class='ocrx_word' id='word_1_393' title='bbox 2917 3016 3041 3057; x_wconf 90' lang='lat' dir='ltr'><strong>cum</strong></span> <span class='ocrx_word' id='word_1_394' title='bbox 3074 3002 3129 3057; x_wconf 91' lang='lat' dir='ltr'><strong>in</strong></span> <span class='ocrx_word' id='word_1_395' title='bbox 3165 3000 3316 3060; x_wconf 78' lang='lat' dir='ltr'><strong>falsis</strong></span> <span class='ocrx_word' id='word_1_396' title='bbox 3347 3006 3588 3078; x_wconf 80' lang='lat' dir='ltr'><strong>praphe-</strong></span> 
     </span>
    </p>
   </div>
   <div class='ocr_carea' id='block_1_59' title="bbox 330 3089 1908 3176">
    <p class='ocr_par' dir='ltr' id='par_1_59' title="bbox 330 3089 1908 3165">
     <span class='ocr_line' id='line_1_59' title="bbox 330 3089 1908 3165; baseline -0.001 -20"><span class='ocrx_word' id='word_1_397' title='bbox 330 3092 446 3147; x_wconf 77' lang='grc' dir='ltr'><strong>Καὶ</strong></span> <span class='ocrx_word' id='word_1_398' title='bbox 502 3091 618 3145; x_wconf 82' lang='grc' dir='ltr'>ἔστι</span> <span class='ocrx_word' id='word_1_399' title='bbox 679 3091 898 3162; x_wconf 87' lang='grc' dir='ltr'>πνεῦμα</span> <span class='ocrx_word' id='word_1_400' title='bbox 951 3089 1163 3161; x_wconf 76' lang='grc' dir='ltr'>ψευδὲς,</span> <span class='ocrx_word' id='word_1_401' title='bbox 1207 3090 1256 3156; x_wconf 83' lang='grc' dir='ltr'>ὃ,</span> <span class='ocrx_word' id='word_1_402' title='bbox 1295 3092 1353 3144; x_wconf 81' lang='grc' dir='ltr'>ὲν</span> <span class='ocrx_word' id='word_1_403' title='bbox 1402 3092 1513 3156; x_wconf 88' lang='grc' dir='ltr'>τοῖς</span> <span class='ocrx_word' id='word_1_404' title='bbox 1538 3090 1908 3165; x_wconf 82' lang='grc' dir='ltr'>ψευδοπροφή-</span> 
     </span>
    </p>
   </div>
   <div class='ocr_carea' id='block_1_60' title="bbox 2017 3089 3590 3176">
    <p class='ocr_par' dir='ltr' id='par_1_60' title="bbox 2017 3096 3590 3170">
     <span class='ocr_line' id='line_1_60' title="bbox 2017 3096 3590 3170; baseline 0.001 -17"><span class='ocrx_word' id='word_1_405' title='bbox 2017 3100 2090 3154; x_wconf 90' lang='lat' dir='ltr'><strong>tis</strong></span> <span class='ocrx_word' id='word_1_406' title='bbox 2122 3110 2288 3163; x_wconf 80' lang='lat' dir='ltr'><strong>esset,</strong></span> <span class='ocrx_word' id='word_1_407' title='bbox 2322 3096 2514 3153; x_wconf 84' lang='lat' dir='ltr'><strong>Achab</strong></span> <span class='ocrx_word' id='word_1_408' title='bbox 2538 3096 2757 3168; x_wconf 90' lang='lat' dir='ltr'><strong>decepit</strong></span> <span class='ocrx_word' id='word_1_409' title='bbox 2774 3099 2816 3151; x_wconf 75' lang='grc'>⁵.</span> <span class='ocrx_word' id='word_1_410' title='bbox 2852 3096 2979 3153; x_wconf 67' lang='lat' dir='ltr'><strong>Haec</strong></span> <span class='ocrx_word' id='word_1_411' title='bbox 3007 3097 3249 3154; x_wconf 86' lang='lat' dir='ltr'><strong>scientes</strong></span> <span class='ocrx_word' id='word_1_412' title='bbox 3284 3115 3394 3154; x_wconf 89' lang='lat' dir='ltr'><strong>non</strong></span> <span class='ocrx_word' id='word_1_413' title='bbox 3424 3114 3590 3170; x_wconf 90' lang='lat' dir='ltr'><strong>opor-</strong></span> 
     </span>
    </p>
   </div>
   <div class='ocr_carea' id='block_1_61' title="bbox 330 3178 1915 3254">
    <p class='ocr_par' dir='ltr' id='par_1_61' title="bbox 330 3178 1915 3254">
     <span class='ocr_line' id='line_1_61' title="bbox 330 3178 1915 3254; baseline 0 -19"><span class='ocrx_word' id='word_1_414' title='bbox 330 3199 456 3245; x_wconf 88' lang='grc' dir='ltr'>ταις</span> <span class='ocrx_word' id='word_1_415' title='bbox 493 3181 603 3254; x_wconf 74' lang='grc'><strong>(49)</strong></span> <span class='ocrx_word' id='word_1_416' title='bbox 626 3180 939 3252; x_wconf 85' lang='grc' dir='ltr'>γενόμενον,</span> <span class='ocrx_word' id='word_1_417' title='bbox 984 3180 1077 3233; x_wconf 84' lang='grc' dir='ltr'>τὸν</span> <span class='ocrx_word' id='word_1_418' title='bbox 1123 3178 1327 3251; x_wconf 77' lang='grc' dir='ltr'>Ἀχαάὃ</span> <span class='ocrx_word' id='word_1_419' title='bbox 1368 3179 1701 3252; x_wconf 80' lang='grc' dir='ltr'>ἐξηπάτησε.</span> <span class='ocrx_word' id='word_1_420' title='bbox 1730 3181 1915 3239; x_wconf 83' lang='grc' dir='ltr'>Ταῦτα</span> 
     </span>
    </p>
   </div>
   <div class='ocr_carea' id='block_1_62' title="bbox 332 3272 1914 3346">
    <p class='ocr_par' dir='ltr' id='par_1_62' title="bbox 332 3272 1914 3346">
     <span class='ocr_line' id='line_1_62' title="bbox 332 3272 1914 3346; baseline 0.001 -18"><span class='ocrx_word' id='word_1_421' title='bbox 332 3275 536 3339; x_wconf 87' lang='grc' dir='ltr'>εἰδότες</span> <span class='ocrx_word' id='word_1_422' title='bbox 587 3274 722 3346; x_wconf 79' lang='grc'><strong>(50),</strong></span> <span class='ocrx_word' id='word_1_423' title='bbox 757 3273 864 3328; x_wconf 69' lang='grc' dir='ltr'>ἔδει</span> <span class='ocrx_word' id='word_1_424' title='bbox 924 3273 1001 3345; x_wconf 85' lang='grc' dir='ltr'>μὴ</span> <span class='ocrx_word' id='word_1_425' title='bbox 1051 3272 1308 3327; x_wconf 87' lang='grc' dir='ltr'>τοσοῦτον</span> <span class='ocrx_word' id='word_1_426' title='bbox 1346 3272 1746 3346; x_wconf 85' lang='grc' dir='ltr'>ὑπεραρθῆναι,</span> <span class='ocrx_word' id='word_1_427' title='bbox 1771 3273 1914 3330; x_wconf 84' lang='grc' dir='ltr'>ὥστε</span> 
     </span>
    </p>
   </div>
   <div class='ocr_carea' id='block_1_63' title="bbox 334 3363 1915 3436">
    <p class='ocr_par' dir='ltr' id='par_1_63' title="bbox 334 3363 1915 3436">
     <span class='ocr_line' id='line_1_63' title="bbox 334 3363 1915 3436; baseline 0.001 -18"><span class='ocrx_word' id='word_1_428' title='bbox 334 3367 548 3429; x_wconf 77' lang='grc' dir='ltr'>ἑαυτοῖς</span> <span class='ocrx_word' id='word_1_429' title='bbox 575 3363 911 3436; x_wconf 83' lang='grc' dir='ltr'>προφητείαν</span> <span class='ocrx_word' id='word_1_430' title='bbox 944 3366 1410 3434; x_wconf 82' lang='grc' dir='ltr'>προσμαρτυρεῖν,</span> <span class='ocrx_word' id='word_1_431' title='bbox 1442 3363 1496 3417; x_wconf 78' lang='grc' dir='ltr'>οἵ</span> <span class='ocrx_word' id='word_1_432' title='bbox 1526 3380 1589 3431; x_wconf 88' lang='grc' dir='ltr'><strong>γε</strong></span> <span class='ocrx_word' id='word_1_433' title='bbox 1611 3363 1915 3421; x_wconf 80' lang='grc' dir='ltr'>δείκνυνται</span> 
     </span>
    </p>
   </div>
   <div class='ocr_carea' id='block_1_64' title="bbox 333 3454 1916 3527">
    <p class='ocr_par' dir='ltr' id='par_1_64' title="bbox 333 3454 1916 3527">
     <span class='ocr_line' id='line_1_64' title="bbox 333 3454 1916 3527; baseline 0.001 -16"><span class='ocrx_word' id='word_1_434' title='bbox 333 3458 430 3511; x_wconf 76' lang='grc' dir='ltr'>καὶ</span> <span class='ocrx_word' id='word_1_435' title='bbox 451 3454 545 3511; x_wconf 91' lang='grc' dir='ltr'><strong>τοῦ</strong></span> <span class='ocrx_word' id='word_1_436' title='bbox 570 3455 936 3510; x_wconf 84' lang='grc' dir='ltr'>οίωνοσκόπου</span> <span class='ocrx_word' id='word_1_437' title='bbox 970 3454 1199 3524; x_wconf 86' lang='grc' dir='ltr'>Βαλαὰμ</span> <span class='ocrx_word' id='word_1_438' title='bbox 1233 3457 1333 3527; x_wconf 82' lang='grc' dir='ltr'>τῆς</span> <span class='ocrx_word' id='word_1_439' title='bbox 1380 3455 1668 3527; x_wconf 76' lang='grc' dir='ltr'>ἀκριϐείας</span> <span class='ocrx_word' id='word_1_440' title='bbox 1698 3458 1916 3514; x_wconf 80' lang='grc' dir='ltr'>ἀπολει-</span> 
     </span>
    </p>
   </div>
   <div class='ocr_carea' id='block_1_65' title="bbox 335 3544 1916 3617">
    <p class='ocr_par' dir='ltr' id='par_1_65' title="bbox 335 3544 1916 3617">
     <span class='ocr_line' id='line_1_65' title="bbox 335 3544 1916 3617; baseline 0.003 -18"><span class='ocrx_word' id='word_1_441' title='bbox 335 3546 588 3617; x_wconf 85' lang='grc' dir='ltr'>πόμενοι.</span> <span class='ocrx_word' id='word_1_442' title='bbox 626 3546 743 3611; x_wconf 82' lang='grc' dir='ltr'>Ὃς,</span> <span class='ocrx_word' id='word_1_443' title='bbox 776 3545 882 3599; x_wconf 83' lang='grc' dir='ltr'><strong>ὑπὸ</strong></span> <span class='ocrx_word' id='word_1_444' title='bbox 915 3544 1009 3599; x_wconf 87' lang='grc' dir='ltr'><strong>τοῦ</strong></span> <span class='ocrx_word' id='word_1_445' title='bbox 1044 3545 1308 3616; x_wconf 85' lang='grc' dir='ltr'>βασιλέως</span> <span class='ocrx_word' id='word_1_446' title='bbox 1344 3544 1454 3600; x_wconf 89' lang='grc' dir='ltr'><strong>τῶν</strong></span> <span class='ocrx_word' id='word_1_447' title='bbox 1487 3548 1793 3605; x_wconf 78' lang='grc' dir='ltr'>Μωαϐιτῶν</span> <span class='ocrx_word' id='word_1_448' title='bbox 1821 3551 1916 3603; x_wconf 73' lang='grc' dir='ltr'><strong>ἐπὶ</strong></span> 
     </span>
    </p>
   </div>
   <div class='ocr_carea' id='block_1_66' title="bbox 337 3633 1914 3711">
    <p class='ocr_par' dir='ltr' id='par_1_66' title="bbox 337 3633 1914 3711">
     <span class='ocr_line' id='line_1_66' title="bbox 337 3633 1914 3711; baseline 0.003 -24"><span class='ocrx_word' id='word_1_449' title='bbox 337 3635 627 3707; x_wconf 85' lang='grc' dir='ltr'>μεγίσταις</span> <span class='ocrx_word' id='word_1_450' title='bbox 672 3635 902 3707; x_wconf 83' lang='grc' dir='ltr'>δωρεαῖς</span> <span class='ocrx_word' id='word_1_451' title='bbox 942 3633 1324 3706; x_wconf 79' lang='grc' dir='ltr'>μετακληθεὶς,</span> <span class='ocrx_word' id='word_1_452' title='bbox 1377 3636 1476 3689; x_wconf 82' lang='grc' dir='ltr'>οὐκ</span> <span class='ocrx_word' id='word_1_453' title='bbox 1517 3637 1774 3708; x_wconf 74' lang='grc' dir='ltr'>ἠνέσχετο</span> <span class='ocrx_word' id='word_1_454' title='bbox 1802 3638 1914 3711; x_wconf 78' lang='grc'><strong>(51)</strong></span> 
     </span>
    </p>
   </div>
   <div class='ocr_carea' id='block_1_67' title="bbox 333 3724 1918 3800">
    <p class='ocr_par' dir='ltr' id='par_1_67' title="bbox 333 3724 1918 3800">
     <span class='ocr_line' id='line_1_67' title="bbox 333 3724 1918 3800; baseline 0.003 -22"><span class='ocrx_word' id='word_1_455' title='bbox 333 3726 554 3794; x_wconf 84' lang='grc' dir='ltr'>ἀφεῖναι</span> <span class='ocrx_word' id='word_1_456' title='bbox 586 3725 767 3797; x_wconf 76' lang='grc' dir='ltr'>φωνὴν</span> <span class='ocrx_word' id='word_1_457' title='bbox 798 3724 948 3797; x_wconf 82' lang='grc' dir='ltr'>παρὰ</span> <span class='ocrx_word' id='word_1_458' title='bbox 977 3726 1038 3779; x_wconf 81' lang='grc' dir='ltr'>τὸ</span> <span class='ocrx_word' id='word_1_459' title='bbox 1065 3724 1310 3797; x_wconf 83' lang='grc' dir='ltr'>βούλημα</span> <span class='ocrx_word' id='word_1_460' title='bbox 1335 3725 1425 3779; x_wconf 84' lang='grc' dir='ltr'><strong>τοῦ</strong></span> <span class='ocrx_word' id='word_1_461' title='bbox 1450 3726 1607 3792; x_wconf 84' lang='grc' dir='ltr'>Θεοῦ,</span> <span class='ocrx_word' id='word_1_462' title='bbox 1630 3728 1750 3781; x_wconf 79' lang='grc' dir='ltr'>οὐδὲ</span> <span class='ocrx_word' id='word_1_463' title='bbox 1780 3730 1918 3800; x_wconf 88' lang='grc' dir='ltr'>ἀρά-</span> 
     </span>
    </p>
   </div>
   <div class='ocr_carea' id='block_1_68' title="bbox 336 3815 1938 3890">
    <p class='ocr_par' dir='ltr' id='par_1_68' title="bbox 336 3815 1938 3890">
     <span class='ocr_line' id='line_1_68' title="bbox 336 3815 1938 3890; baseline 0.003 -21"><span class='ocrx_word' id='word_1_464' title='bbox 336 3815 534 3870; x_wconf 88' lang='grc' dir='ltr'>σασθαι</span> <span class='ocrx_word' id='word_1_465' title='bbox 572 3816 661 3869; x_wconf 84' lang='grc' dir='ltr'>τὸν</span> <span class='ocrx_word' id='word_1_466' title='bbox 713 3815 948 3888; x_wconf 81' lang='grc' dir='ltr'>Ἰσραὴλ,</span> <span class='ocrx_word' id='word_1_467' title='bbox 1007 3816 1065 3869; x_wconf 82' lang='grc' dir='ltr'>ὃν</span> <span class='ocrx_word' id='word_1_468' title='bbox 1094 3817 1195 3870; x_wconf 82' lang='grc' dir='ltr'>οὐκ</span> <span class='ocrx_word' id='word_1_469' title='bbox 1227 3817 1425 3888; x_wconf 82' lang='grc' dir='ltr'>ἀρᾶται</span> <span class='ocrx_word' id='word_1_470' title='bbox 1466 3816 1687 3888; x_wconf 83' lang='grc' dir='ltr'>Κύριος.</span> <span class='ocrx_word' id='word_1_471' title='bbox 1718 3819 1780 3873; x_wconf 78' lang='lat' dir='ltr'><strong>Ei</strong></span> <span class='ocrx_word' id='word_1_472' title='bbox 1816 3821 1938 3890; x_wconf 81' lang='grc' dir='ltr'>μὲν</span> 
     </span>
    </p>
   </div>
   <div class='ocr_carea' id='block_1_69' title="bbox 333 3904 1917 3981">
    <p class='ocr_par' dir='ltr' id='par_1_69' title="bbox 333 3904 1917 3981">
     <span class='ocr_line' id='line_1_69' title="bbox 333 3904 1917 3981; baseline 0.003 -18"><span class='ocrx_word' id='word_1_473' title='bbox 333 3904 431 3963; x_wconf 78' lang='grc' dir='ltr'><strong>οῦν</strong></span> <span class='ocrx_word' id='word_1_474' title='bbox 446 3912 567 3974; x_wconf 85' lang='grc' dir='ltr'>ταῖς</span> <span class='ocrx_word' id='word_1_475' title='bbox 610 3909 846 3973; x_wconf 76' lang='grc' dir='ltr'>ἐντολαῖς</span> <span class='ocrx_word' id='word_1_476' title='bbox 876 3910 970 3963; x_wconf 89' lang='grc' dir='ltr'><strong>τοῦ</strong></span> <span class='ocrx_word' id='word_1_477' title='bbox 998 3910 1210 3981; x_wconf 84' lang='grc' dir='ltr'>Κυρίου</span> <span class='ocrx_word' id='word_1_478' title='bbox 1241 3911 1298 3963; x_wconf 78' lang='grc' dir='ltr'>αἱ</span> <span class='ocrx_word' id='word_1_479' title='bbox 1332 3909 1475 3965; x_wconf 89' lang='grc' dir='ltr'><strong>κατά</strong></span> <span class='ocrx_word' id='word_1_480' title='bbox 1504 3910 1594 3964; x_wconf 79' lang='grc' dir='ltr'><strong>τόν</strong></span> <span class='ocrx_word' id='word_1_481' title='bbox 1628 3910 1795 3967; x_wconf 78' lang='grc' dir='ltr'>ὕπνον</span> <span class='ocrx_word' id='word_1_482' title='bbox 1818 3916 1917 3968; x_wconf 85' lang='grc' dir='ltr'><strong>αὐ-</strong></span> 
     </span>
    </p>
   </div>
   <div class='ocr_carea' id='block_1_70' title="bbox 335 4000 1916 4075">
    <p class='ocr_par' dir='ltr' id='par_1_70' title="bbox 335 4000 1916 4075">
     <span class='ocr_line' id='line_1_70' title="bbox 335 4000 1916 4075; baseline 0.004 -20"><span class='ocrx_word' id='word_1_483' title='bbox 335 4000 446 4056; x_wconf 87' lang='grc' dir='ltr'><strong>τῶν</strong></span> <span class='ocrx_word' id='word_1_484' title='bbox 534 4003 826 4071; x_wconf 78' lang='grc' dir='ltr'>φαντασίαι</span> <span class='ocrx_word' id='word_1_485' title='bbox 876 4003 1298 4075; x_wconf 80' lang='grc' dir='ltr'>συντρέχουσιν,</span> <span class='ocrx_word' id='word_1_486' title='bbox 1355 4003 1735 4073; x_wconf 81' lang='grc' dir='ltr'>ἀρκείσθωσαν</span> <span class='ocrx_word' id='word_1_487' title='bbox 1803 4011 1916 4072; x_wconf 86' lang='grc' dir='ltr'>τοῖς</span> 
     </span>
    </p>
   </div>
   <div class='ocr_carea' id='block_1_71' title="bbox 336 4094 1915 4170">
    <p class='ocr_par' dir='ltr' id='par_1_71' title="bbox 336 4094 1915 4170">
     <span class='ocr_line' id='line_1_71' title="bbox 336 4094 1915 4170; baseline 0.004 -24"><span class='ocrx_word' id='word_1_488' title='bbox 336 4094 716 4163; x_wconf 78' lang='grc' dir='ltr'>Εὐαγγελίοις,</span> <span class='ocrx_word' id='word_1_489' title='bbox 755 4094 1012 4166; x_wconf 69' lang='grc' dir='ltr'>οὐδεμιᾶς</span> <span class='ocrx_word' id='word_1_490' title='bbox 1061 4094 1312 4166; x_wconf 82' lang='grc' dir='ltr'>βοηθείας</span> <span class='ocrx_word' id='word_1_491' title='bbox 1351 4096 1415 4149; x_wconf 83' lang='grc' dir='ltr'>ὲκ</span> <span class='ocrx_word' id='word_1_492' title='bbox 1442 4095 1551 4149; x_wconf 88' lang='grc' dir='ltr'><strong>τῶν</strong></span> <span class='ocrx_word' id='word_1_493' title='bbox 1582 4096 1807 4170; x_wconf 72' lang='grc' dir='ltr'>ὀνείρων</span> <span class='ocrx_word' id='word_1_494' title='bbox 1836 4100 1915 4163; x_wconf 80' lang='grc' dir='ltr'><strong>εἰς</strong></span> 
     </span>
    </p>
   </div>
   <div class='ocr_carea' id='block_1_72' title="bbox 334 4184 1916 4261">
    <p class='ocr_par' dir='ltr' id='par_1_72' title="bbox 334 4184 1916 4261">
     <span class='ocr_line' id='line_1_72' title="bbox 334 4184 1916 4261; baseline 0.003 -23"><span class='ocrx_word' id='word_1_495' title='bbox 334 4184 435 4256; x_wconf 77' lang='grc' dir='ltr'><strong>τὴν</strong></span> <span class='ocrx_word' id='word_1_496' title='bbox 475 4185 817 4250; x_wconf 78' lang='grc' dir='ltr'>ἀξιοπιστίαν</span> <span class='ocrx_word' id='word_1_497' title='bbox 852 4186 1303 4258; x_wconf 80' lang='grc' dir='ltr'>προσδεομένοις·</span> <span class='ocrx_word' id='word_1_498' title='bbox 1346 4189 1395 4240; x_wconf 85' lang='grc' dir='ltr'><strong>εί</strong></span> <span class='ocrx_word' id='word_1_499' title='bbox 1428 4186 1483 4240; x_wconf 87' lang='grc' dir='ltr'>δὲ</span> <span class='ocrx_word' id='word_1_500' title='bbox 1517 4188 1545 4240; x_wconf 90' lang='grc' dir='ltr'><strong>ό</strong></span> <span class='ocrx_word' id='word_1_501' title='bbox 1576 4189 1674 4259; x_wconf 86' lang='grc' dir='ltr'>μὲν</span> <span class='ocrx_word' id='word_1_502' title='bbox 1711 4190 1916 4261; x_wconf 79' lang='grc' dir='ltr'>Κύριος</span> 
     </span>
    </p>
   </div>
   <div class='ocr_carea' id='block_1_73' title="bbox 333 4276 1914 4354">
    <p class='ocr_par' dir='ltr' id='par_1_73' title="bbox 333 4276 1914 4354">
     <span class='ocr_line' id='line_1_73' title="bbox 333 4276 1914 4354; baseline 0.005 -25"><span class='ocrx_word' id='word_1_503' title='bbox 333 4276 435 4347; x_wconf 82' lang='grc' dir='ltr'>τὴν</span> <span class='ocrx_word' id='word_1_504' title='bbox 461 4277 653 4331; x_wconf 78' lang='grc' dir='ltr'>ἑαυτοῦ</span> <span class='ocrx_word' id='word_1_505' title='bbox 670 4279 892 4350; x_wconf 79' lang='grc' dir='ltr'>εἰρήνην</span> <span class='ocrx_word' id='word_1_506' title='bbox 921 4277 1132 4349; x_wconf 75' lang='grc' dir='ltr'>ἀφῆκεν</span> <span class='ocrx_word' id='word_1_507' title='bbox 1160 4280 1311 4349; x_wconf 79' lang='grc' dir='ltr'>ἡμῖν,</span> <span class='ocrx_word' id='word_1_508' title='bbox 1350 4278 1446 4333; x_wconf 75' lang='grc' dir='ltr'><strong>καὶ</strong></span> <span class='ocrx_word' id='word_1_509' title='bbox 1477 4279 1697 4351; x_wconf 80' lang='grc' dir='ltr'>ἐντολὴν</span> <span class='ocrx_word' id='word_1_510' title='bbox 1724 4281 1914 4354; x_wconf 76' lang='grc' dir='ltr'>καινὴν</span> 
     </span>
    </p>
   </div>
   <div class='ocr_carea' id='block_1_74' title="bbox 334 4366 1914 4444">
    <p class='ocr_par' dir='ltr' id='par_1_74' title="bbox 334 4366 1914 4444">
     <span class='ocr_line' id='line_1_74' title="bbox 334 4366 1914 4444; baseline 0.004 -24"><span class='ocrx_word' id='word_1_511' title='bbox 334 4366 537 4422; x_wconf 70' lang='grc' dir='ltr'>ἔδωκεν</span> <span class='ocrx_word' id='word_1_512' title='bbox 563 4370 715 4439; x_wconf 79' lang='grc' dir='ltr'>ἡμῖν,</span> <span class='ocrx_word' id='word_1_513' title='bbox 737 4368 825 4423; x_wconf 86' lang='grc' dir='ltr'><strong>ἴνα</strong></span> <span class='ocrx_word' id='word_1_514' title='bbox 850 4369 1152 4440; x_wconf 86' lang='grc' dir='ltr'>ἀγαπῶμεν</span> <span class='ocrx_word' id='word_1_515' title='bbox 1177 4368 1459 4440; x_wconf 81' lang='grc' dir='ltr'>ἀλλήλους,</span> <span class='ocrx_word' id='word_1_516' title='bbox 1476 4370 1546 4424; x_wconf 80' lang='grc' dir='ltr'><strong>τὰ</strong></span> <span class='ocrx_word' id='word_1_517' title='bbox 1571 4370 1627 4424; x_wconf 79' lang='grc' dir='ltr'>δὲ</span> <span class='ocrx_word' id='word_1_518' title='bbox 1659 4371 1914 4444; x_wconf 89' lang='grc' dir='ltr'>ὀνείρατα</span> 
     </span>
    </p>
   </div>
   <div class='ocr_carea' id='block_1_75' title="bbox 2015 3187 3589 3259">
    <p class='ocr_par' dir='ltr' id='par_1_75' title="bbox 2015 3187 3589 3259">
     <span class='ocr_line' id='line_1_75' title="bbox 2015 3187 3589 3259; baseline -0.001 -15"><span class='ocrx_word' id='word_1_519' title='bbox 2015 3189 2164 3245; x_wconf 88' lang='lat' dir='ltr'><strong>tebat</strong></span> <span class='ocrx_word' id='word_1_520' title='bbox 2193 3187 2331 3244; x_wconf 90' lang='lat' dir='ltr'><strong>adeo</strong></span> <span class='ocrx_word' id='word_1_521' title='bbox 2359 3187 2666 3259; x_wconf 83' lang='lat' dir='ltr'><strong>superbire,</strong></span> <span class='ocrx_word' id='word_1_522' title='bbox 2695 3194 2754 3241; x_wconf 92' lang='lat' dir='ltr'><strong>ut</strong></span> <span class='ocrx_word' id='word_1_523' title='bbox 2778 3187 3022 3255; x_wconf 90' lang='lat' dir='ltr'><strong>sibiipsis</strong></span> <span class='ocrx_word' id='word_1_524' title='bbox 3055 3188 3356 3259; x_wconf 71' lang='lat' dir='ltr'><strong>prophetiae</strong></span> <span class='ocrx_word' id='word_1_525' title='bbox 3383 3188 3589 3244; x_wconf 90' lang='lat' dir='ltr'><strong>donum</strong></span> 
     </span>
    </p>
   </div>
   <div class='ocr_carea' id='block_1_76' title="bbox 2016 3279 3592 3351">
    <p class='ocr_par' dir='ltr' id='par_1_76' title="bbox 2016 3279 3592 3351">
     <span class='ocr_line' id='line_1_76' title="bbox 2016 3279 3592 3351; baseline -0.002 -16"><span class='ocrx_word' id='word_1_526' title='bbox 2016 3280 2357 3337; x_wconf 87' lang='lat' dir='ltr'><strong>ascriberent</strong></span> <span class='ocrx_word' id='word_1_527' title='bbox 2390 3297 2404 3334; x_wconf 90' lang='lat'><strong>:</strong></span> <span class='ocrx_word' id='word_1_528' title='bbox 2433 3279 2527 3350; x_wconf 92' lang='lat' dir='ltr'><strong>qui</strong></span> <span class='ocrx_word' id='word_1_529' title='bbox 2573 3293 2644 3334; x_wconf 89' lang='lat' dir='ltr'><strong>ne</strong></span> <span class='ocrx_word' id='word_1_530' title='bbox 2684 3279 2908 3351; x_wconf 76' lang='lat' dir='ltr'><strong>auguris</strong></span> <span class='ocrx_word' id='word_1_531' title='bbox 2937 3279 3156 3350; x_wconf 90' lang='lat' dir='ltr'><strong>quidem</strong></span> <span class='ocrx_word' id='word_1_532' title='bbox 3205 3279 3426 3334; x_wconf 88' lang='lat' dir='ltr'><strong>Balaam</strong></span> <span class='ocrx_word' id='word_1_533' title='bbox 3464 3280 3592 3335; x_wconf 85' lang='lat' dir='ltr'><strong>dili-</strong></span> 
     </span>
    </p>
   </div>
   <div class='ocr_carea' id='block_1_77' title="bbox 2017 3369 3590 3443">
    <p class='ocr_par' dir='ltr' id='par_1_77' title="bbox 2017 3369 3590 3443">
     <span class='ocr_line' id='line_1_77' title="bbox 2017 3369 3590 3443; baseline -0.002 -15"><span class='ocrx_word' id='word_1_534' title='bbox 2017 3373 2256 3443; x_wconf 76' lang='lat' dir='ltr'><strong>gentiam</strong></span> <span class='ocrx_word' id='word_1_535' title='bbox 2280 3371 2502 3442; x_wconf 84' lang='lat' dir='ltr'><strong>assequi</strong></span> <span class='ocrx_word' id='word_1_536' title='bbox 2530 3369 3037 3441; x_wconf 89' lang='lat' dir='ltr'><strong>deprehenduntur.</strong></span> <span class='ocrx_word' id='word_1_537' title='bbox 3063 3370 3113 3427; x_wconf 87' lang='lat' dir='ltr'><strong>ls</strong></span> <span class='ocrx_word' id='word_1_538' title='bbox 3143 3371 3290 3427; x_wconf 91' lang='lat' dir='ltr'><strong>enim</strong></span> <span class='ocrx_word' id='word_1_539' title='bbox 3320 3387 3352 3427; x_wconf 77' lang='grc' dir='ltr'><strong>ιι</strong></span> <span class='ocrx_word' id='word_1_540' title='bbox 3380 3371 3590 3427; x_wconf 85' lang='lat' dir='ltr'><strong>Moabi-</strong></span> 
     </span>
    </p>
   </div>
   <div class='ocr_carea' id='block_1_78' title="bbox 2015 3462 3589 3534">
    <p class='ocr_par' dir='ltr' id='par_1_78' title="bbox 2015 3462 3589 3534">
     <span class='ocr_line' id='line_1_78' title="bbox 2015 3462 3589 3534; baseline 0.001 -17"><span class='ocrx_word' id='word_1_541' title='bbox 2015 3472 2195 3519; x_wconf 88' lang='lat' dir='ltr'><strong>tarum</strong></span> <span class='ocrx_word' id='word_1_542' title='bbox 2239 3478 2389 3534; x_wconf 90' lang='lat' dir='ltr'><strong>rege,</strong></span> <span class='ocrx_word' id='word_1_543' title='bbox 2418 3464 2633 3533; x_wconf 80' lang='lat' dir='ltr'><strong>magnis</strong></span> <span class='ocrx_word' id='word_1_544' title='bbox 2659 3462 2982 3519; x_wconf 83' lang='lat' dir='ltr'><strong>muneribus</strong></span> <span class='ocrx_word' id='word_1_545' title='bbox 3011 3462 3231 3528; x_wconf 88' lang='lat' dir='ltr'><strong>oblatis,</strong></span> <span class='ocrx_word' id='word_1_546' title='bbox 3261 3465 3589 3529; x_wconf 86' lang='lat' dir='ltr'><strong>accersitus,</strong></span> 
     </span>
    </p>
   </div>
   <div class='ocr_carea' id='block_1_79' title="bbox 2017 3552 3589 3625">
    <p class='ocr_par' dir='ltr' id='par_1_79' title="bbox 2017 3552 3589 3625">
     <span class='ocr_line' id='line_1_79' title="bbox 2017 3552 3589 3625; baseline -0.001 -16"><span class='ocrx_word' id='word_1_547' title='bbox 2017 3554 2216 3610; x_wconf 88' lang='lat' dir='ltr'><strong>adduci</strong></span> <span class='ocrx_word' id='word_1_548' title='bbox 2246 3568 2358 3608; x_wconf 91' lang='lat' dir='ltr'><strong>non</strong></span> <span class='ocrx_word' id='word_1_549' title='bbox 2386 3553 2589 3625; x_wconf 90' lang='lat' dir='ltr'><strong>potuit,</strong></span> <span class='ocrx_word' id='word_1_550' title='bbox 2643 3563 2703 3608; x_wconf 93' lang='lat' dir='ltr'><strong>ut</strong></span> <span class='ocrx_word' id='word_1_551' title='bbox 2732 3567 2923 3609; x_wconf 87' lang='lat' dir='ltr'><strong>vocem</strong></span> <span class='ocrx_word' id='word_1_552' title='bbox 2970 3562 3168 3623; x_wconf 62' lang='lat' dir='ltr'><strong>praeter</strong></span> <span class='ocrx_word' id='word_1_553' title='bbox 3201 3552 3295 3608; x_wconf 91' lang='lat' dir='ltr'><strong>Dei</strong></span> <span class='ocrx_word' id='word_1_554' title='bbox 3329 3553 3589 3608; x_wconf 80' lang='lat' dir='ltr'><strong>volunta-</strong></span> 
     </span>
    </p>
   </div>
   <div class='ocr_carea' id='block_1_80' title="bbox 2014 3642 3584 3714">
    <p class='ocr_par' dir='ltr' id='par_1_80' title="bbox 2014 3642 3584 3714">
     <span class='ocr_line' id='line_1_80' title="bbox 2014 3642 3584 3714; baseline -0.002 -12"><span class='ocrx_word' id='word_1_555' title='bbox 2014 3656 2125 3702; x_wconf 89' lang='lat' dir='ltr'><strong>tem</strong></span> <span class='ocrx_word' id='word_1_556' title='bbox 2153 3647 2447 3713; x_wconf 86' lang='lat' dir='ltr'><strong>emitteret,</strong></span> <span class='ocrx_word' id='word_1_557' title='bbox 2492 3652 2588 3699; x_wconf 91' lang='lat' dir='ltr'><strong>aut</strong></span> <span class='ocrx_word' id='word_1_558' title='bbox 2617 3642 2809 3700; x_wconf 86' lang='lat' dir='ltr'><strong>Israeli</strong></span> <span class='ocrx_word' id='word_1_559' title='bbox 2834 3644 3225 3714; x_wconf 66' lang='lat' dir='ltr'><strong>(malediceret,</strong></span> <span class='ocrx_word' id='word_1_560' title='bbox 3265 3646 3354 3699; x_wconf 90' lang='lat' dir='ltr'><strong>cui</strong></span> <span class='ocrx_word' id='word_1_561' title='bbox 3393 3642 3584 3699; x_wconf 85' lang='lat' dir='ltr'><strong>Domi-</strong></span> 
     </span>
    </p>
   </div>
   <div class='ocr_carea' id='block_1_81' title="bbox 2015 3733 3591 3805">
    <p class='ocr_par' dir='ltr' id='par_1_81' title="bbox 2015 3733 3591 3805">
     <span class='ocr_line' id='line_1_81' title="bbox 2015 3733 3591 3805; baseline -0.003 -12"><span class='ocrx_word' id='word_1_562' title='bbox 2015 3754 2121 3793; x_wconf 89' lang='lat' dir='ltr'><strong>nus</strong></span> <span class='ocrx_word' id='word_1_563' title='bbox 2150 3753 2261 3792; x_wconf 91' lang='lat' dir='ltr'><strong>non</strong></span> <span class='ocrx_word' id='word_1_564' title='bbox 2293 3735 2653 3792; x_wconf 87' lang='lat' dir='ltr'><strong>maledicebat</strong></span> <span class='ocrx_word' id='word_1_565' title='bbox 2672 3734 2715 3789; x_wconf 83' lang='grc'>⁷.</span> <span class='ocrx_word' id='word_1_566' title='bbox 2759 3733 2949 3805; x_wconf 89' lang='lat' dir='ltr'><strong>Itaque</strong></span> <span class='ocrx_word' id='word_1_567' title='bbox 2972 3735 3019 3791; x_wconf 89' lang='lat' dir='ltr'><strong>si</strong></span> <span class='ocrx_word' id='word_1_568' title='bbox 3051 3736 3342 3805; x_wconf 64' lang='lat' dir='ltr'><strong>praeceptis</strong></span> <span class='ocrx_word' id='word_1_569' title='bbox 3372 3734 3591 3790; x_wconf 87' lang='lat' dir='ltr'><strong>Domini</strong></span> 
     </span>
    </p>
   </div>
   <div class='ocr_carea' id='block_1_82' title="bbox 2015 3827 3592 3899">
    <p class='ocr_par' dir='ltr' id='par_1_82' title="bbox 2015 3827 3592 3899">
     <span class='ocr_line' id='line_1_82' title="bbox 2015 3827 3592 3899; baseline -0.004 -13"><span class='ocrx_word' id='word_1_570' title='bbox 2015 3831 2200 3886; x_wconf 88' lang='lat' dir='ltr'><strong>oblata</strong></span> <span class='ocrx_word' id='word_1_571' title='bbox 2240 3829 2352 3884; x_wconf 91' lang='lat' dir='ltr'><strong>illis</strong></span> <span class='ocrx_word' id='word_1_572' title='bbox 2383 3844 2479 3899; x_wconf 90' lang='lat' dir='ltr'><strong>per</strong></span> <span class='ocrx_word' id='word_1_573' title='bbox 2510 3841 2766 3883; x_wconf 88' lang='lat' dir='ltr'><strong>somnum</strong></span> <span class='ocrx_word' id='word_1_574' title='bbox 2792 3828 2911 3883; x_wconf 89' lang='lat' dir='ltr'><strong>visa</strong></span> <span class='ocrx_word' id='word_1_575' title='bbox 2942 3827 3315 3887; x_wconf 86' lang='lat' dir='ltr'><strong>consentiunt.</strong></span> <span class='ocrx_word' id='word_1_576' title='bbox 3345 3828 3592 3883; x_wconf 83' lang='lat' dir='ltr'><strong>contenti</strong></span> 
     </span>
    </p>
   </div>
   <div class='ocr_carea' id='block_1_83' title="bbox 2016 3920 3589 3992">
    <p class='ocr_par' dir='ltr' id='par_1_83' title="bbox 2016 3920 3589 3992">
     <span class='ocr_line' id='line_1_83' title="bbox 2016 3920 3589 3992; baseline -0.003 -15"><span class='ocrx_word' id='word_1_577' title='bbox 2016 3923 2127 3977; x_wconf 89' lang='lat' dir='ltr'><strong>sint</strong></span> <span class='ocrx_word' id='word_1_578' title='bbox 2154 3921 2487 3992; x_wconf 85' lang='lat' dir='ltr'><strong>Evangeliis,</strong></span> <span class='ocrx_word' id='word_1_579' title='bbox 2518 3935 2642 3990; x_wconf 82' lang='lat' dir='ltr'><strong>quae</strong></span> <span class='ocrx_word' id='word_1_580' title='bbox 2671 3921 3012 3977; x_wconf 81' lang='lat' dir='ltr'><strong>somniorum</strong></span> <span class='ocrx_word' id='word_1_581' title='bbox 3044 3920 3303 3991; x_wconf 70' lang='lat' dir='ltr'><strong>prmsidio</strong></span> <span class='ocrx_word' id='word_1_582' title='bbox 3330 3920 3398 3974; x_wconf 87' lang='lat' dir='ltr'><strong>ad</strong></span> <span class='ocrx_word' id='word_1_583' title='bbox 3428 3920 3589 3975; x_wconf 79' lang='lat' dir='ltr'><strong>fidem</strong></span> 
     </span>
    </p>
   </div>
   <div class='ocr_carea' id='block_1_84' title="bbox 2017 4010 3631 4083">
    <p class='ocr_par' dir='ltr' id='par_1_84' title="bbox 2017 4010 3631 4083">
     <span class='ocr_line' id='line_1_84' title="bbox 2017 4010 3631 4083; baseline 0.001 -17"><span class='ocrx_word' id='word_1_584' title='bbox 2017 4010 2323 4067; x_wconf 83' lang='lat' dir='ltr'><strong>faciendam</strong></span> <span class='ocrx_word' id='word_1_585' title='bbox 2347 4026 2455 4067; x_wconf 91' lang='lat' dir='ltr'><strong>non</strong></span> <span class='ocrx_word' id='word_1_586' title='bbox 2478 4012 2745 4082; x_wconf 78' lang='lat' dir='ltr'><strong>indigent.</strong></span> <span class='ocrx_word' id='word_1_587' title='bbox 2775 4011 2941 4083; x_wconf 76' lang='lat'><strong>318</strong></span> <span class='ocrx_word' id='word_1_588' title='bbox 2961 4010 3116 4077; x_wconf 87' lang='lat' dir='ltr'><strong>Quod</strong></span> <span class='ocrx_word' id='word_1_589' title='bbox 3139 4013 3185 4068; x_wconf 88' lang='lat' dir='ltr'><strong>si</strong></span> <span class='ocrx_word' id='word_1_590' title='bbox 3211 4026 3400 4083; x_wconf 86' lang='lat' dir='ltr'><strong>pacem</strong></span> <span class='ocrx_word' id='word_1_591' title='bbox 3433 4027 3593 4068; x_wconf 83' lang='lat' dir='ltr'><strong>suam</strong></span> <span class='ocrx_word' id='word_1_592' title='bbox 3626 4030 3631 4041; x_wconf 69' lang='grc' dir='ltr'><strong>ι</strong></span> 
     </span>
    </p>
   </div>
   <div class='ocr_carea' id='block_1_85' title="bbox 2005 4103 3589 4174">
    <p class='ocr_par' dir='ltr' id='par_1_85' title="bbox 2005 4103 3589 4174">
     <span class='ocr_line' id='line_1_85' title="bbox 2005 4103 3589 4174; baseline -0.001 -16"><span class='ocrx_word' id='word_1_593' title='bbox 2005 4103 2177 4159; x_wconf 86' lang='lat' dir='ltr'><strong>nobis</strong></span> <span class='ocrx_word' id='word_1_594' title='bbox 2217 4103 2439 4174; x_wconf 85' lang='lat' dir='ltr'><strong>reliquit</strong></span> <span class='ocrx_word' id='word_1_595' title='bbox 2478 4103 2764 4169; x_wconf 91' lang='lat' dir='ltr'><strong>Dominus,</strong></span> <span class='ocrx_word' id='word_1_596' title='bbox 2807 4118 3123 4174; x_wconf 84' lang='lat' dir='ltr'><strong>novumque</strong></span> <span class='ocrx_word' id='word_1_597' title='bbox 3167 4103 3326 4160; x_wconf 90' lang='lat' dir='ltr'><strong>nobis</strong></span> <span class='ocrx_word' id='word_1_598' title='bbox 3365 4104 3589 4159; x_wconf 59' lang='lat' dir='ltr'><strong>manda.</strong></span> 
     </span>
    </p>
   </div>
   <div class='ocr_carea' id='block_1_86' title="bbox 2018 4193 3595 4265">
    <p class='ocr_par' dir='ltr' id='par_1_86' title="bbox 2018 4193 3595 4265">
     <span class='ocr_line' id='line_1_86' title="bbox 2018 4193 3595 4265; baseline 0 -16"><span class='ocrx_word' id='word_1_599' title='bbox 2018 4203 2132 4249; x_wconf 90' lang='lat' dir='ltr'><strong>tum</strong></span> <span class='ocrx_word' id='word_1_600' title='bbox 2182 4194 2357 4259; x_wconf 82' lang='lat' dir='ltr'><strong>dedit,</strong></span> <span class='ocrx_word' id='word_1_601' title='bbox 2388 4202 2450 4249; x_wconf 92' lang='lat' dir='ltr'><strong>ut</strong></span> <span class='ocrx_word' id='word_1_602' title='bbox 2472 4193 2768 4265; x_wconf 84' lang='lat' dir='ltr'><strong>diligamus</strong></span> <span class='ocrx_word' id='word_1_603' title='bbox 2799 4194 3058 4259; x_wconf 89' lang='lat' dir='ltr'><strong>invicem,</strong></span> <span class='ocrx_word' id='word_1_604' title='bbox 3096 4196 3307 4250; x_wconf 89' lang='lat' dir='ltr'><strong>somnia</strong></span> <span class='ocrx_word' id='word_1_605' title='bbox 3343 4211 3472 4251; x_wconf 90' lang='lat' dir='ltr'><strong>vero</strong></span> <span class='ocrx_word' id='word_1_606' title='bbox 3501 4210 3595 4265; x_wconf 59' lang='lat' dir='ltr'><strong>pu.</strong></span> 
     </span>
    </p>
   </div>
   <div class='ocr_carea' id='block_1_87' title="bbox 2018 4286 3594 4360">
    <p class='ocr_par' dir='ltr' id='par_1_87' title="bbox 2018 4286 3594 4360">
     <span class='ocr_line' id='line_1_87' title="bbox 2018 4286 3594 4360; baseline -0.003 -17"><span class='ocrx_word' id='word_1_607' title='bbox 2018 4304 2178 4360; x_wconf 86' lang='lat' dir='ltr'><strong>gnam</strong></span> <span class='ocrx_word' id='word_1_608' title='bbox 2211 4303 2275 4342; x_wconf 89' lang='lat' dir='ltr'><strong>ac</strong></span> <span class='ocrx_word' id='word_1_609' title='bbox 2314 4286 2604 4343; x_wconf 81' lang='lat' dir='ltr'><strong>dissidium</strong></span> <span class='ocrx_word' id='word_1_610' title='bbox 2638 4297 2692 4341; x_wconf 89' lang='lat' dir='ltr'><strong>et</strong></span> <span class='ocrx_word' id='word_1_611' title='bbox 2727 4287 3018 4343; x_wconf 86' lang='lat' dir='ltr'><strong>cbaritatis</strong></span> <span class='ocrx_word' id='word_1_612' title='bbox 3043 4287 3467 4343; x_wconf 84' lang='lat' dir='ltr'><strong>exstinctionem</strong></span> <span class='ocrx_word' id='word_1_613' title='bbox 3507 4287 3594 4340; x_wconf 89' lang='lat' dir='ltr'><strong>in-</strong></span> 
     </span>
    </p>
   </div>
   <div class='ocr_carea' id='block_1_88' title="bbox 2016 4373 3588 4447">
    <p class='ocr_par' dir='ltr' id='par_1_88' title="bbox 2016 4373 3588 4447">
     <span class='ocr_line' id='line_1_88' title="bbox 2016 4373 3588 4447; baseline -0.006 -13"><span class='ocrx_word' id='word_1_614' title='bbox 2016 4379 2263 4447; x_wconf 90' lang='lat' dir='ltr'><strong>ducunt;</strong></span> <span class='ocrx_word' id='word_1_615' title='bbox 2317 4392 2429 4432; x_wconf 89' lang='lat' dir='ltr'><strong>non</strong></span> <span class='ocrx_word' id='word_1_616' title='bbox 2484 4376 2616 4431; x_wconf 88' lang='lat' dir='ltr'><strong>dent</strong></span> <span class='ocrx_word' id='word_1_617' title='bbox 2667 4376 3014 4432; x_wconf 83' lang='lat' dir='ltr'><strong>occasionem</strong></span> <span class='ocrx_word' id='word_1_618' title='bbox 3071 4374 3292 4431; x_wconf 90' lang='lat' dir='ltr'><strong>diabolo</strong></span> <span class='ocrx_word' id='word_1_619' title='bbox 3345 4373 3588 4444; x_wconf 87' lang='lat' dir='ltr'><strong>ipsorum</strong></span> 
     </span>
    </p>
   </div>
   <div class='ocr_carea' id='block_1_89' title="bbox 337 4455 1908 4541">
    <p class='ocr_par' dir='ltr' id='par_1_89' title="bbox 337 4459 1908 4536">
     <span class='ocr_line' id='line_1_89' title="bbox 337 4459 1908 4536; baseline -0.01 -21"><span class='ocrx_word' id='word_1_620' title='bbox 337 4459 520 4530; x_wconf 81' lang='grc' dir='ltr'>μάχην</span> <span class='ocrx_word' id='word_1_621' title='bbox 566 4461 659 4514; x_wconf 79' lang='grc' dir='ltr'><strong>καὶ</strong></span> <span class='ocrx_word' id='word_1_622' title='bbox 699 4461 980 4515; x_wconf 88' lang='grc' dir='ltr'>διάστασιν</span> <span class='ocrx_word' id='word_1_623' title='bbox 1025 4462 1121 4515; x_wconf 70' lang='grc' dir='ltr'>καὶ</span> <span class='ocrx_word' id='word_1_624' title='bbox 1169 4461 1390 4531; x_wconf 86' lang='grc' dir='ltr'>ἀγάπης</span> <span class='ocrx_word' id='word_1_625' title='bbox 1437 4462 1750 4534; x_wconf 74' lang='grc' dir='ltr'>ἀφανισμὸν</span> <span class='ocrx_word' id='word_1_626' title='bbox 1817 4466 1908 4536; x_wconf 69' lang='grc' dir='ltr'>ὑφ,</span> 
     </span>
    </p>
   </div>
   <div class='ocr_carea' id='block_1_90' title="bbox 2017 4455 3592 4541">
    <p class='ocr_par' dir='ltr' id='par_1_90' title="bbox 2022 4463 3592 4541">
     <span class='ocr_line' id='line_1_90' title="bbox 2022 4463 3592 4541; baseline -0.006 -14"><span class='ocrx_word' id='word_1_627' title='bbox 2022 4475 2233 4527; x_wconf 86' lang='lat' dir='ltr'><strong>animas</strong></span> <span class='ocrx_word' id='word_1_628' title='bbox 2260 4485 2357 4541; x_wconf 89' lang='lat' dir='ltr'><strong>per</strong></span> <span class='ocrx_word' id='word_1_629' title='bbox 2385 4483 2637 4525; x_wconf 90' lang='lat' dir='ltr'><strong>somnum</strong></span> <span class='ocrx_word' id='word_1_630' title='bbox 2660 4467 2974 4534; x_wconf 88' lang='lat' dir='ltr'><strong>invadendi,</strong></span> <span class='ocrx_word' id='word_1_631' title='bbox 3006 4482 3109 4523; x_wconf 89' lang='lat' dir='ltr'><strong>nec</strong></span> <span class='ocrx_word' id='word_1_632' title='bbox 3140 4466 3258 4522; x_wconf 81' lang='lat' dir='ltr'><strong>suis</strong></span> <span class='ocrx_word' id='word_1_633' title='bbox 3286 4463 3592 4521; x_wconf 83' lang='lat' dir='ltr'><strong>visionibus</strong></span> 
     </span>
    </p>
   </div>
   <div class='ocr_carea' id='block_1_91' title="bbox 333 4552 1908 4636">
    <p class='ocr_par' dir='ltr' id='par_1_91' title="bbox 333 4552 1908 4626">
     <span class='ocr_line' id='line_1_91' title="bbox 333 4552 1908 4626; baseline 0.007 -24"><span class='ocrx_word' id='word_1_634' title='bbox 333 4554 548 4621; x_wconf 83' lang='grc' dir='ltr'>ηγεῖται</span> <span class='ocrx_word' id='word_1_635' title='bbox 575 4553 685 4623; x_wconf 69' lang='grc'><strong>(52)</strong></span> <span class='ocrx_word' id='word_1_636' title='bbox 706 4570 720 4584; x_wconf 72' lang='grc'><strong><em>⁸</em></strong></span> <span class='ocrx_word' id='word_1_637' title='bbox 750 4553 823 4624; x_wconf 81' lang='grc' dir='ltr'>μὴ</span> <span class='ocrx_word' id='word_1_638' title='bbox 862 4553 1152 4607; x_wconf 87' lang='grc' dir='ltr'>διδότωσαν</span> <span class='ocrx_word' id='word_1_639' title='bbox 1199 4552 1391 4624; x_wconf 82' lang='grc' dir='ltr'>καιρὸν</span> <span class='ocrx_word' id='word_1_640' title='bbox 1441 4553 1519 4624; x_wconf 83' lang='grc' dir='ltr'><strong>τῷ</strong></span> <span class='ocrx_word' id='word_1_641' title='bbox 1559 4553 1789 4626; x_wconf 75' lang='grc' dir='ltr'>διαϐόλῳ</span> <span class='ocrx_word' id='word_1_642' title='bbox 1828 4556 1908 4614; x_wconf 76' lang='grc' dir='ltr'>διὰ</span> 
     </span>
    </p>
   </div>
   <div class='ocr_carea' id='block_1_92' title="bbox 2017 4552 3414 4636">
    <p class='ocr_par' dir='ltr' id='par_1_92' title="bbox 2024 4557 3414 4636">
     <span class='ocr_line' id='line_1_92' title="bbox 2024 4557 3414 4636; baseline -0.006 -17"><span class='ocrx_word' id='word_1_643' title='bbox 2024 4565 2146 4636; x_wconf 92' lang='lat' dir='ltr'><strong>plus</strong></span> <span class='ocrx_word' id='word_1_644' title='bbox 2175 4563 2442 4627; x_wconf 88' lang='lat' dir='ltr'><strong>tribuant,</strong></span> <span class='ocrx_word' id='word_1_645' title='bbox 2475 4575 2639 4633; x_wconf 87' lang='lat' dir='ltr'><strong>quam</strong></span> <span class='ocrx_word' id='word_1_646' title='bbox 2671 4559 3010 4617; x_wconf 85' lang='lat' dir='ltr'><strong>salutaribus</strong></span> <span class='ocrx_word' id='word_1_647' title='bbox 3046 4557 3414 4613; x_wconf 90' lang='lat' dir='ltr'><strong>documentis.</strong></span> 
     </span>
    </p>
   </div>
   <div class='ocr_carea' id='block_1_93' title="bbox 332 4644 3590 4731">
    <p class='ocr_par' dir='ltr' id='par_1_93' title="bbox 332 4644 3590 4731">
     <span class='ocr_line' id='line_1_93' title="bbox 332 4644 3590 4731; baseline -0.003 -20"><span class='ocrx_word' id='word_1_648' title='bbox 332 4645 430 4699; x_wconf 67' lang='grc' dir='ltr'><strong>τοῦ</strong></span> <span class='ocrx_word' id='word_1_649' title='bbox 466 4644 635 4700; x_wconf 71' lang='grc' dir='ltr'>ὕπνου</span> <span class='ocrx_word' id='word_1_650' title='bbox 663 4651 781 4711; x_wconf 74' lang='grc' dir='ltr'>ταῖς</span> <span class='ocrx_word' id='word_1_651' title='bbox 829 4648 1027 4719; x_wconf 71' lang='grc' dir='ltr'>ψυχαῖς</span> <span class='ocrx_word' id='word_1_652' title='bbox 1067 4647 1246 4700; x_wconf 68' lang='grc' dir='ltr'>αὐτῶν</span> <span class='ocrx_word' id='word_1_653' title='bbox 1285 4646 1584 4701; x_wconf 65' lang='grc' dir='ltr'><strong>ὲπιδαίνιειν</strong></span> <span class='ocrx_word' id='word_1_654' title='bbox 1612 4666 1625 4680; x_wconf 88' lang='lat'>&#39;</span> <span class='ocrx_word' id='word_1_655' title='bbox 1660 4649 1795 4721; x_wconf 79' lang='grc' dir='ltr'>μηδὲ</span> <span class='ocrx_word' id='word_1_656' title='bbox 1839 4659 2147 4731; x_wconf 85' lang='grc' dir='ltr'>κυριώτερα</span> <span class='ocrx_word' id='word_1_657' title='bbox 2184 4659 2508 4715; x_wconf 86' lang='grc' dir='ltr'>ποιείτωσαν</span> <span class='ocrx_word' id='word_1_658' title='bbox 2546 4656 2617 4711; x_wconf 86' lang='grc' dir='ltr'><strong>τά</strong></span> <span class='ocrx_word' id='word_1_659' title='bbox 2654 4658 2782 4729; x_wconf 81' lang='grc' dir='ltr'>παρ’</span> <span class='ocrx_word' id='word_1_660' title='bbox 2814 4654 3021 4710; x_wconf 76' lang='grc' dir='ltr'>ἑαυτῶν</span> <span class='ocrx_word' id='word_1_661' title='bbox 3063 4653 3176 4727; x_wconf 77' lang='lat'><strong>(53)</strong></span> <span class='ocrx_word' id='word_1_662' title='bbox 3230 4651 3590 4723; x_wconf 84' lang='grc' dir='ltr'>φαντάσματα</span> 
     </span>
    </p>
   </div>
   <div class='ocr_carea' id='block_1_94' title="bbox 334 4740 1156 4814">
    <p class='ocr_par' dir='ltr' id='par_1_94' title="bbox 334 4740 1156 4814">
     <span class='ocr_line' id='line_1_94' title="bbox 334 4740 1156 4814; baseline 0.001 -20"><span class='ocrx_word' id='word_1_663' title='bbox 334 4740 449 4794; x_wconf 87' lang='grc' dir='ltr'><strong>τῶν</strong></span> <span class='ocrx_word' id='word_1_664' title='bbox 485 4743 765 4814; x_wconf 81' lang='grc' dir='ltr'>σωτηρίων</span> <span class='ocrx_word' id='word_1_665' title='bbox 790 4743 1156 4813; x_wconf 86' lang='grc' dir='ltr'>διδαγμάτων.</span> 
     </span>
    </p>
   </div>
   <div class='ocr_carea' id='block_1_95' title="bbox 410 4870 1489 4942">
    <p class='ocr_par' dir='ltr' id='par_1_95' title="bbox 410 4870 1489 4942">
     <span class='ocr_line' id='line_1_95' title="bbox 410 4870 1489 4942; baseline -0.005 -12"><span class='ocrx_word' id='word_1_666' title='bbox 410 4884 432 4912; x_wconf 77' lang='grc'>²</span> <span class='ocrx_word' id='word_1_667' title='bbox 463 4876 607 4933; x_wconf 88' lang='lat' dir='ltr'><strong>Psal.</strong></span> <span class='ocrx_word' id='word_1_668' title='bbox 634 4890 821 4942; x_wconf 77' lang='lat' dir='ltr'><strong>Lntv,</strong></span> <span class='ocrx_word' id='word_1_669' title='bbox 848 4874 902 4929; x_wconf 86' lang='lat'><strong>6.</strong></span> <span class='ocrx_word' id='word_1_670' title='bbox 981 4875 1002 4905; x_wconf 85' lang='grc'><strong><em>⁸</em></strong></span> <span class='ocrx_word' id='word_1_671' title='bbox 1027 4870 1194 4928; x_wconf 86' lang='lat' dir='ltr'><strong>Zach.</strong></span> <span class='ocrx_word' id='word_1_672' title='bbox 1240 4889 1297 4936; x_wconf 70' lang='grc' dir='ltr'>χ,</span> <span class='ocrx_word' id='word_1_673' title='bbox 1337 4872 1389 4938; x_wconf 75' lang='grc'>1,</span> <span class='ocrx_word' id='word_1_674' title='bbox 1433 4870 1489 4925; x_wconf 72' lang='grc'>2.</span> 
     </span>
    </p>
   </div>
   <div class='ocr_carea' id='block_1_96' title="bbox 334 4947 726 5017">
    <p class='ocr_par' dir='ltr' id='par_1_96' title="bbox 334 4947 726 5017">
     <span class='ocr_line' id='line_1_96' title="bbox 334 4947 726 5017; baseline -0.015 -12"><span class='ocrx_word' id='word_1_675' title='bbox 334 4967 477 5011; x_wconf 72' lang='lat' dir='ltr'><strong>xxii,</strong></span> <span class='ocrx_word' id='word_1_676' title='bbox 511 4947 570 5001; x_wconf 82' lang='grc'><strong>11</strong></span> <span class='ocrx_word' id='word_1_677' title='bbox 604 4961 726 5017; x_wconf 86' lang='lat' dir='ltr'><strong>sqq.</strong></span> 
     </span>
    </p>
   </div>
   <div class='ocr_carea' id='block_1_97' title="bbox 409 5054 1911 5130">
    <p class='ocr_par' dir='ltr' id='par_1_97' title="bbox 409 5054 1911 5130">
     <span class='ocr_line' id='line_1_97' title="bbox 409 5054 1911 5130; baseline -0.002 -14"><span class='ocrx_word' id='word_1_678' title='bbox 409 5063 523 5128; x_wconf 77' lang='grc'><strong>(47)</strong></span> <span class='ocrx_word' id='word_1_679' title='bbox 568 5060 683 5130; x_wconf 84' lang='grc' dir='ltr'><strong>Τῆς</strong></span> <span class='ocrx_word' id='word_1_680' title='bbox 724 5060 1065 5130; x_wconf 77' lang='grc' dir='ltr'>ἀνωνύμου.</span> <span class='ocrx_word' id='word_1_681' title='bbox 1096 5056 1325 5130; x_wconf 78' lang='lat' dir='ltr'><strong>Videtur</strong></span> <span class='ocrx_word' id='word_1_682' title='bbox 1372 5054 1608 5112; x_wconf 87' lang='lat' dir='ltr'><strong>Basilius</strong></span> <span class='ocrx_word' id='word_1_683' title='bbox 1660 5057 1911 5130; x_wconf 69' lang='lat' dir='ltr'><strong>haeresim</strong></span> 
     </span>
    </p>
   </div>
   <div class='ocr_carea' id='block_1_98' title="bbox 333 5127 1909 5195">
    <p class='ocr_par' dir='ltr' id='par_1_98' title="bbox 333 5127 1909 5195">
     <span class='ocr_line' id='line_1_98' title="bbox 333 5127 1909 5195; baseline -0.001 -9"><span class='ocrx_word' id='word_1_684' title='bbox 333 5136 488 5186; x_wconf 72' lang='lat' dir='ltr'><strong>illam</strong></span> <span class='ocrx_word' id='word_1_685' title='bbox 525 5127 941 5194; x_wconf 71' lang='lat' dir='ltr'><strong>innotninatam,</strong></span> <span class='ocrx_word' id='word_1_686' title='bbox 987 5129 1104 5184; x_wconf 86' lang='lat' dir='ltr'><strong>sive</strong></span> <span class='ocrx_word' id='word_1_687' title='bbox 1146 5127 1365 5182; x_wconf 90' lang='lat' dir='ltr'><strong>nomine</strong></span> <span class='ocrx_word' id='word_1_688' title='bbox 1394 5136 1674 5181; x_wconf 88' lang='lat' dir='ltr'><strong>carentem</strong></span> <span class='ocrx_word' id='word_1_689' title='bbox 1701 5127 1909 5195; x_wconf 89' lang='lat' dir='ltr'><strong>dicere,</strong></span> 
     </span>
    </p>
   </div>
   <div class='ocr_carea' id='block_1_99' title="bbox 333 5196 1813 5275">
    <p class='ocr_par' dir='ltr' id='par_1_99' title="bbox 333 5196 1813 5275">
     <span class='ocr_line' id='line_1_99' title="bbox 333 5196 1813 5275; baseline -0.002 -20"><span class='ocrx_word' id='word_1_690' title='bbox 333 5205 464 5275; x_wconf 80' lang='lat' dir='ltr'><strong>quia</strong></span> <span class='ocrx_word' id='word_1_691' title='bbox 491 5217 701 5275; x_wconf 69' lang='lat' dir='ltr'><strong>nottten</strong></span> <span class='ocrx_word' id='word_1_692' title='bbox 735 5199 858 5275; x_wconf 82' lang='lat' dir='ltr'><strong>Filii</strong></span> <span class='ocrx_word' id='word_1_693' title='bbox 887 5199 1136 5275; x_wconf 75' lang='lat' dir='ltr'><strong>tollebat,</strong></span> <span class='ocrx_word' id='word_1_694' title='bbox 1169 5212 1234 5250; x_wconf 90' lang='lat' dir='ltr'><strong>ac</strong></span> <span class='ocrx_word' id='word_1_695' title='bbox 1261 5196 1522 5275; x_wconf 72' lang='lat' dir='ltr'><strong>traditum</strong></span> <span class='ocrx_word' id='word_1_696' title='bbox 1556 5198 1813 5267; x_wconf 87' lang='lat' dir='ltr'><strong>negabat.</strong></span> 
     </span>
    </p>
   </div>
   <div class='ocr_carea' id='block_1_100' title="bbox 407 5265 1913 5343">
    <p class='ocr_par' dir='ltr' id='par_1_100' title="bbox 407 5265 1913 5343">
     <span class='ocr_line' id='line_1_100' title="bbox 407 5265 1913 5343; baseline -0.001 -18"><span class='ocrx_word' id='word_1_697' title='bbox 407 5273 521 5343; x_wconf 75' lang='grc'><strong>(48)</strong></span> <span class='ocrx_word' id='word_1_698' title='bbox 555 5272 732 5340; x_wconf 79' lang='grc' dir='ltr'>’Ἀπερ</span> <span class='ocrx_word' id='word_1_699' title='bbox 795 5272 856 5325; x_wconf 81' lang='grc' dir='ltr'>αἱ</span> <span class='ocrx_word' id='word_1_700' title='bbox 903 5270 1329 5343; x_wconf 35' lang='grc' dir='ltr'>οίνόπᾼῃκτοικ</span> <span class='ocrx_word' id='word_1_701' title='bbox 1355 5265 1447 5320; x_wconf 89' lang='lat' dir='ltr'><strong>Sic</strong></span> <span class='ocrx_word' id='word_1_702' title='bbox 1498 5265 1714 5343; x_wconf 68' lang='lat' dir='ltr'><strong>omnes</strong></span> <span class='ocrx_word' id='word_1_703' title='bbox 1739 5269 1913 5323; x_wconf 88' lang='lat' dir='ltr'><strong>nostri</strong></span> 
     </span>
    </p>
   </div>
   <div class='ocr_carea' id='block_1_101' title="bbox 331 5336 1907 5409">
    <p class='ocr_par' dir='ltr' id='par_1_101' title="bbox 331 5336 1907 5409">
     <span class='ocr_line' id='line_1_101' title="bbox 331 5336 1907 5409; baseline -0.001 -14"><span class='ocrx_word' id='word_1_704' title='bbox 331 5336 580 5403; x_wconf 59' lang='lat' dir='ltr'><strong>cortices,</strong></span> <span class='ocrx_word' id='word_1_705' title='bbox 609 5336 718 5396; x_wconf 83' lang='grc' dir='ltr'>ιιιιό</span> <span class='ocrx_word' id='word_1_706' title='bbox 736 5349 983 5409; x_wconf 80' lang='lat' dir='ltr'><strong>excepto,</strong></span> <span class='ocrx_word' id='word_1_707' title='bbox 1014 5338 1109 5406; x_wconf 88' lang='lat' dir='ltr'><strong>qui</strong></span> <span class='ocrx_word' id='word_1_708' title='bbox 1127 5337 1442 5407; x_wconf 71' lang='lat' dir='ltr'><strong>habetansp</strong></span> <span class='ocrx_word' id='word_1_709' title='bbox 1468 5338 1523 5389; x_wconf 80' lang='grc' dir='ltr'>αἱ</span> <span class='ocrx_word' id='word_1_710' title='bbox 1549 5336 1907 5407; x_wconf 82' lang='grc' dir='ltr'>οίνόφλυκτοι.</span> 
     </span>
    </p>
   </div>
   <div class='ocr_carea' id='block_1_102' title="bbox 331 5409 1261 5482">
    <p class='ocr_par' dir='ltr' id='par_1_102' title="bbox 331 5409 1261 5482">
     <span class='ocr_line' id='line_1_102' title="bbox 331 5409 1261 5482; baseline -0.008 -16"><span class='ocrx_word' id='word_1_711' title='bbox 331 5413 477 5466; x_wconf 85' lang='lat' dir='ltr'><strong>Editi</strong></span> <span class='ocrx_word' id='word_1_712' title='bbox 514 5412 629 5467; x_wconf 87' lang='grc' dir='ltr'>ἀλλ’</span> <span class='ocrx_word' id='word_1_713' title='bbox 662 5412 804 5482; x_wconf 75' lang='grc' dir='ltr'>ἅπερ</span> <span class='ocrx_word' id='word_1_714' title='bbox 823 5411 878 5462; x_wconf 90' lang='grc' dir='ltr'>αἱ</span> <span class='ocrx_word' id='word_1_715' title='bbox 902 5409 1261 5482; x_wconf 68' lang='grc' dir='ltr'>οίνόφλυκτοι.</span> 
     </span>
    </p>
   </div>
   <div class='ocr_carea' id='block_1_103' title="bbox 408 5475 1909 5554">
    <p class='ocr_par' dir='ltr' id='par_1_103' title="bbox 408 5475 1909 5554">
     <span class='ocr_line' id='line_1_103' title="bbox 408 5475 1909 5554; baseline -0.003 -16"><span class='ocrx_word' id='word_1_716' title='bbox 408 5484 520 5554; x_wconf 70' lang='grc'><strong>(49)</strong></span> <span class='ocrx_word' id='word_1_717' title='bbox 560 5475 1109 5549; x_wconf 67' lang='grc' dir='ltr'>Ψευδοέτρρφήταις.</span> <span class='ocrx_word' id='word_1_718' title='bbox 1166 5478 1335 5533; x_wconf 83' lang='lat' dir='ltr'><strong>Coisl.</strong></span> <span class='ocrx_word' id='word_1_719' title='bbox 1388 5476 1600 5548; x_wconf 82' lang='lat' dir='ltr'><strong>primus</strong></span> <span class='ocrx_word' id='word_1_720' title='bbox 1651 5484 1709 5532; x_wconf 84' lang='lat' dir='ltr'><strong>et</strong></span> <span class='ocrx_word' id='word_1_721' title='bbox 1769 5475 1909 5533; x_wconf 84' lang='lat' dir='ltr'><strong>Med.</strong></span> 
     </span>
    </p>
   </div>
   <div class='ocr_carea' id='block_1_104' title="bbox 331 5570 667 5614">
    <p class='ocr_par' dir='ltr' id='par_1_104' title="bbox 331 5570 667 5614">
     <span class='ocr_line' id='line_1_104' title="bbox 331 5570 667 5614; baseline -0.012 -7"><span class='ocrx_word' id='word_1_722' title='bbox 331 5570 667 5614; x_wconf 78' lang='grc' dir='ltr'>προφηταις.</span> 
     </span>
    </p>
   </div>
   <div class='ocr_carea' id='block_1_105' title="bbox 378 5555 1915 5694">
    <p class='ocr_par' dir='ltr' id='par_1_105' title="bbox 378 5555 1915 5694">
     <span class='ocr_line' id='line_1_105' title="bbox 378 5555 1129 5637; baseline -0.009 -30"><span class='ocrx_word' id='word_1_723' title='bbox 378 5555 667 5637; x_wconf 43' lang='grc' dir='ltr'>ροφήταιςζ</span> <span class='ocrx_word' id='word_1_724' title='bbox 1117 5619 1129 5630; x_wconf 43' lang='grc'><strong>⁹</strong></span> 
     </span>
     <span class='ocr_line' id='line_1_106' title="bbox 408 5615 1915 5694; baseline -0.003 -17"><span class='ocrx_word' id='word_1_725' title='bbox 408 5629 522 5694; x_wconf 73' lang='grc' dir='ltr'>(ου)</span> <span class='ocrx_word' id='word_1_726' title='bbox 558 5628 748 5677; x_wconf 83' lang='grc' dir='ltr'>Ταυτα</span> <span class='ocrx_word' id='word_1_727' title='bbox 760 5634 1010 5694; x_wconf 50' lang='grc' dir='ltr'><strong>Δειοοετεςς.</strong></span> <span class='ocrx_word' id='word_1_728' title='bbox 1037 5617 1490 5694; x_wconf 60' lang='lat' dir='ltr'><strong>Corsl.__u_t_erque,</strong></span> <span class='ocrx_word' id='word_1_729' title='bbox 1521 5615 1660 5671; x_wconf 85' lang='lat' dir='ltr'><strong>Med.</strong></span> <span class='ocrx_word' id='word_1_730' title='bbox 1689 5623 1743 5671; x_wconf 87' lang='lat' dir='ltr'><strong>et</strong></span> <span class='ocrx_word' id='word_1_731' title='bbox 1773 5632 1915 5694; x_wconf 76' lang='lat' dir='ltr'><strong>unus</strong></span> 
     </span>
    </p>
   </div>
   <div class='ocr_carea' id='block_1_106' title="bbox 330 5686 1914 5763">
    <p class='ocr_par' dir='ltr' id='par_1_106' title="bbox 330 5686 1914 5763">
     <span class='ocr_line' id='line_1_107' title="bbox 330 5686 1914 5763; baseline -0.004 -14"><span class='ocrx_word' id='word_1_732' title='bbox 330 5686 427 5749; x_wconf 29' lang='lat' dir='ltr'><strong>ex.</strong></span> <span class='ocrx_word' id='word_1_733' title='bbox 455 5686 640 5763; x_wconf 67' lang='lat' dir='ltr'><strong>Ilrgiis</strong></span> <span class='ocrx_word' id='word_1_734' title='bbox 685 5689 860 5763; x_wconf 79' lang='grc' dir='ltr'>ταῦτα</span> <span class='ocrx_word' id='word_1_735' title='bbox 893 5688 1124 5751; x_wconf 77' lang='grc' dir='ltr'>εἰδότας.</span> <span class='ocrx_word' id='word_1_736' title='bbox 1161 5686 1308 5742; x_wconf 85' lang='lat' dir='ltr'><strong>Nihil</strong></span> <span class='ocrx_word' id='word_1_737' title='bbox 1359 5686 1569 5763; x_wconf 84' lang='lat' dir='ltr'><strong>tamen_</strong></span> <span class='ocrx_word' id='word_1_738' title='bbox 1590 5687 1914 5763; x_wconf 75' lang='lat' dir='ltr'><strong>mutandum</strong></span> 
     </span>
    </p>
   </div>
   <div class='ocr_carea' id='block_1_107' title="bbox 333 5756 1910 5836">
    <p class='ocr_par' dir='ltr' id='par_1_107' title="bbox 333 5756 1910 5836">
     <span class='ocr_line' id='line_1_108' title="bbox 333 5756 1910 5836; baseline -0.004 -18"><span class='ocrx_word' id='word_1_739' title='bbox 333 5756 678 5836; x_wconf 70' lang='lat' dir='ltr'><strong>putavimus.</strong></span> <span class='ocrx_word' id='word_1_740' title='bbox 735 5760 807 5814; x_wconf 89' lang='lat' dir='ltr'><strong>ob</strong></span> <span class='ocrx_word' id='word_1_741' title='bbox 863 5774 959 5829; x_wconf 81' lang='lat' dir='ltr'><strong>cas</strong></span> <span class='ocrx_word' id='word_1_742' title='bbox 1009 5771 1210 5813; x_wconf 86' lang='lat' dir='ltr'><strong>causas</strong></span> <span class='ocrx_word' id='word_1_743' title='bbox 1253 5773 1394 5827; x_wconf 83' lang='lat' dir='ltr'><strong>quas</strong></span> <span class='ocrx_word' id='word_1_744' title='bbox 1445 5756 1609 5812; x_wconf 90' lang='lat' dir='ltr'><strong>modo</strong></span> <span class='ocrx_word' id='word_1_745' title='bbox 1646 5756 1910 5811; x_wconf 80' lang='lat' dir='ltr'><strong>diximus.</strong></span> 
     </span>
    </p>
   </div>
   <div class='ocr_carea' id='block_1_108' title="bbox 658 5845 1413 5908">
    <p class='ocr_par' dir='ltr' id='par_1_108' title="bbox 658 5845 1413 5908">
     <span class='ocr_line' id='line_1_109' title="bbox 658 5845 1413 5908; baseline -0.004 0"><span class='ocrx_word' id='word_1_746' title='bbox 658 5850 932 5908; x_wconf 65' lang='grc' dir='ltr'>Ριτιιοι..</span> <span class='ocrx_word' id='word_1_747' title='bbox 979 5847 1097 5907; x_wconf 83' lang='lat' dir='ltr'><strong>Gn.</strong></span> <span class='ocrx_word' id='word_1_748' title='bbox 1146 5845 1413 5906; x_wconf 69' lang='lat' dir='ltr'><strong>XXXII.</strong></span> 
     </span>
    </p>
   </div>
   <div class='ocr_carea' id='block_1_109' title="bbox 1589 4872 2562 4944">
    <p class='ocr_par' dir='ltr' id='par_1_109' title="bbox 1589 4872 2562 4944">
     <span class='ocr_line' id='line_1_110' title="bbox 1589 4872 2562 4944; baseline 0 -18"><span class='ocrx_word' id='word_1_749' title='bbox 1589 4872 1610 4903; x_wconf 79' lang='grc'><strong>⁸</strong></span> <span class='ocrx_word' id='word_1_750' title='bbox 1636 4874 1744 4928; x_wconf 82' lang='lat' dir='ltr'><strong>Isa.</strong></span> <span class='ocrx_word' id='word_1_751' title='bbox 1787 4890 1940 4942; x_wconf 77' lang='lat' dir='ltr'><strong>xm,</strong></span> <span class='ocrx_word' id='word_1_752' title='bbox 1974 4875 2027 4930; x_wconf 90' lang='lat'><strong>8.</strong></span> <span class='ocrx_word' id='word_1_753' title='bbox 2116 4876 2137 4907; x_wconf 85' lang='lat'><strong>&#39;</strong></span> <span class='ocrx_word' id='word_1_754' title='bbox 2168 4874 2367 4944; x_wconf 86' lang='lat' dir='ltr'><strong>Ephes.</strong></span> <span class='ocrx_word' id='word_1_755' title='bbox 2409 4890 2470 4936; x_wconf 85' lang='lat' dir='ltr'><strong>ll,</strong></span> <span class='ocrx_word' id='word_1_756' title='bbox 2506 4872 2562 4927; x_wconf 71' lang='grc' dir='ltr'>ξ’..</span> 
     </span>
    </p>
   </div>
   <div class='ocr_carea' id='block_1_110' title="bbox 2669 4868 3591 4941">
    <p class='ocr_par' dir='ltr' id='par_1_110' title="bbox 2669 4868 3591 4941">
     <span class='ocr_line' id='line_1_111' title="bbox 2669 4868 3591 4941; baseline 0.008 -17"><span class='ocrx_word' id='word_1_757' title='bbox 2669 4872 2689 4902; x_wconf 81' lang='grc'>⁸</span> <span class='ocrx_word' id='word_1_758' title='bbox 2728 4869 2797 4924; x_wconf 93' lang='lat' dir='ltr'><strong>III</strong></span> <span class='ocrx_word' id='word_1_759' title='bbox 2827 4868 2961 4941; x_wconf 82' lang='lat' dir='ltr'><strong>Reg.</strong></span> <span class='ocrx_word' id='word_1_760' title='bbox 3014 4885 3149 4936; x_wconf 82' lang='lat' dir='ltr'><strong>mr,</strong></span> <span class='ocrx_word' id='word_1_761' title='bbox 3175 4868 3265 4924; x_wconf 74' lang='lat'><strong>22.</strong></span> <span class='ocrx_word' id='word_1_762' title='bbox 3370 4873 3391 4904; x_wconf 83' lang='lat'>&#39;</span> <span class='ocrx_word' id='word_1_763' title='bbox 3426 4871 3591 4932; x_wconf 84' lang='lat' dir='ltr'><strong>Num.</strong></span> 
     </span>
    </p>
   </div>
   <div class='ocr_carea' id='block_1_111' title="bbox 2018 5054 3592 5130">
    <p class='ocr_par' dir='ltr' id='par_1_111' title="bbox 2018 5054 3592 5130">
     <span class='ocr_line' id='line_1_112' title="bbox 2018 5054 3592 5130; baseline -0.004 -14"><span class='ocrx_word' id='word_1_764' title='bbox 2018 5060 2205 5130; x_wconf 87' lang='lat' dir='ltr'><strong>Neque</strong></span> <span class='ocrx_word' id='word_1_765' title='bbox 2233 5064 2377 5115; x_wconf 85' lang='lat' dir='ltr'><strong>enim</strong></span> <span class='ocrx_word' id='word_1_766' title='bbox 2423 5066 2692 5127; x_wconf 87' lang='lat' dir='ltr'><strong>repugnat</strong></span> <span class='ocrx_word' id='word_1_767' title='bbox 2738 5055 2973 5130; x_wconf 72' lang='lat' dir='ltr'><strong>vulgata</strong></span> <span class='ocrx_word' id='word_1_768' title='bbox 3005 5054 3279 5130; x_wconf 71' lang='lat' dir='ltr'><strong>scriptura</strong></span> <span class='ocrx_word' id='word_1_769' title='bbox 3312 5054 3458 5125; x_wconf 88' lang='lat' dir='ltr'><strong>stylo</strong></span> <span class='ocrx_word' id='word_1_770' title='bbox 3486 5056 3592 5130; x_wconf 68' lang='lat' dir='ltr'><strong>Ba-</strong></span> 
     </span>
    </p>
   </div>
   <div class='ocr_carea' id='block_1_112' title="bbox 2020 5122 3595 5200">
    <p class='ocr_par' dir='ltr' id='par_1_112' title="bbox 2020 5122 3595 5200">
     <span class='ocr_line' id='line_1_113' title="bbox 2020 5122 3595 5200; baseline -0.002 -15"><span class='ocrx_word' id='word_1_771' title='bbox 2020 5122 2152 5192; x_wconf 80' lang='lat' dir='ltr'><strong>silii,</strong></span> <span class='ocrx_word' id='word_1_772' title='bbox 2206 5144 2271 5185; x_wconf 91' lang='lat' dir='ltr'><strong>ac</strong></span> <span class='ocrx_word' id='word_1_773' title='bbox 2322 5122 2591 5200; x_wconf 63' lang='lat' dir='ltr'><strong>prater-ea</strong></span> <span class='ocrx_word' id='word_1_774' title='bbox 2649 5122 2923 5196; x_wconf 69' lang='lat' dir='ltr'><strong>reperitur</strong></span> <span class='ocrx_word' id='word_1_775' title='bbox 2959 5125 3013 5179; x_wconf 88' lang='lat' dir='ltr'><strong>in</strong></span> <span class='ocrx_word' id='word_1_776' title='bbox 3045 5122 3333 5179; x_wconf 47' lang='lat' dir='ltr'><strong>I-Ia&#39;rlteano</strong></span> <span class='ocrx_word' id='word_1_777' title='bbox 3369 5122 3427 5179; x_wconf 80' lang='lat' dir='ltr'><strong>et</strong></span> <span class='ocrx_word' id='word_1_778' title='bbox 3471 5128 3595 5183; x_wconf 87' lang='lat' dir='ltr'><strong>aliis</strong></span> 
     </span>
    </p>
   </div>
   <div class='ocr_carea' id='block_1_113' title="bbox 2017 5200 2326 5257">
    <p class='ocr_par' dir='ltr' id='par_1_113' title="bbox 2017 5200 2326 5257">
     <span class='ocr_line' id='line_1_114' title="bbox 2017 5200 2326 5257; baseline -0.019 1"><span class='ocrx_word' id='word_1_779' title='bbox 2017 5200 2326 5257; x_wconf 85' lang='lat' dir='ltr'><strong>codicibus.</strong></span> 
     </span>
    </p>
   </div>
   <div class='ocr_carea' id='block_1_114' title="bbox 2090 5263 3592 5341">
    <p class='ocr_par' dir='ltr' id='par_1_114' title="bbox 2090 5263 3592 5341">
     <span class='ocr_line' id='line_1_115' title="bbox 2090 5263 3592 5341; baseline -0.001 -19"><span class='ocrx_word' id='word_1_780' title='bbox 2090 5268 2200 5341; x_wconf 84' lang='lat' dir='ltr'><strong>(5i)</strong></span> <span class='ocrx_word' id='word_1_781' title='bbox 2248 5267 2581 5341; x_wconf 56' lang='grc' dir='ltr'>Ἠιςέσχετο.</span> <span class='ocrx_word' id='word_1_782' title='bbox 2613 5263 2980 5341; x_wconf 75' lang='lat' dir='ltr'><strong>S‘ic_pl_et_-ique</strong></span> <span class='ocrx_word' id='word_1_783' title='bbox 3008 5263 3228 5341; x_wconf 68' lang='lat' dir='ltr'><strong>codices</strong></span> <span class='ocrx_word' id='word_1_784' title='bbox 3267 5280 3404 5321; x_wconf 92' lang='lat' dir='ltr'><strong>mss.</strong></span> <span class='ocrx_word' id='word_1_785' title='bbox 3448 5263 3592 5341; x_wconf 68' lang='lat' dir='ltr'><strong>Editi</strong></span> 
     </span>
    </p>
   </div>
   <div class='ocr_carea' id='block_1_115' title="bbox 2015 5333 3592 5411">
    <p class='ocr_par' dir='ltr' id='par_1_115' title="bbox 2015 5333 3592 5411">
     <span class='ocr_line' id='line_1_116' title="bbox 2015 5333 3592 5411; baseline -0.004 -16"><span class='ocrx_word' id='word_1_786' title='bbox 2015 5333 2279 5411; x_wconf 73' lang='grc' dir='ltr'>ἠνείχετο.</span> <span class='ocrx_word' id='word_1_787' title='bbox 2316 5333 2485 5411; x_wconf 76' lang='lat' dir='ltr'><strong>Paulo</strong></span> <span class='ocrx_word' id='word_1_788' title='bbox 2517 5344 2640 5411; x_wconf 78' lang='lat' dir='ltr'><strong>post</strong></span> <span class='ocrx_word' id='word_1_789' title='bbox 2669 5335 2799 5411; x_wconf 44' lang='lat' dir='ltr'><strong>ednﬂi</strong></span> <span class='ocrx_word' id='word_1_790' title='bbox 2826 5333 2886 5411; x_wconf 64' lang='grc' dir='ltr'>ὃν</span> <span class='ocrx_word' id='word_1_791' title='bbox 2913 5334 2973 5386; x_wconf 81' lang='grc' dir='ltr'>οὐ</span> <span class='ocrx_word' id='word_1_792' title='bbox 3003 5335 3328 5404; x_wconf 84' lang='grc' dir='ltr'>καταρᾶται,</span> <span class='ocrx_word' id='word_1_793' title='bbox 3366 5346 3419 5390; x_wconf 88' lang='lat' dir='ltr'><strong>et</strong></span> <span class='ocrx_word' id='word_1_794' title='bbox 3448 5334 3592 5389; x_wconf 82' lang='lat' dir='ltr'><strong>infra</strong></span> 
     </span>
    </p>
   </div>
   <div class='ocr_carea' id='block_1_116' title="bbox 2021 5402 3593 5481">
    <p class='ocr_par' dir='ltr' id='par_1_116' title="bbox 2021 5402 3593 5481">
     <span class='ocr_line' id='line_1_117' title="bbox 2021 5402 3593 5481; baseline -0.003 -17"><span class='ocrx_word' id='word_1_795' title='bbox 2021 5402 2172 5481; x_wconf 72' lang='grc' dir='ltr'>πρὸξ</span> <span class='ocrx_word' id='word_1_796' title='bbox 2216 5409 2321 5481; x_wconf 30' lang='grc' dir='ltr'>τὴν,</span> <span class='ocrx_word' id='word_1_797' title='bbox 2363 5402 2724 5473; x_wconf 74' lang='grc' dir='ltr'>ἀξιοπιστίαν.</span> <span class='ocrx_word' id='word_1_798' title='bbox 2756 5402 2987 5460; x_wconf 86' lang='lat' dir='ltr'><strong>Codices</strong></span> <span class='ocrx_word' id='word_1_799' title='bbox 3026 5402 3159 5459; x_wconf 71' lang='lat' dir='ltr'><strong>mss.</strong></span> <span class='ocrx_word' id='word_1_800' title='bbox 3208 5418 3427 5460; x_wconf 89' lang='lat' dir='ltr'><strong>summo</strong></span> <span class='ocrx_word' id='word_1_801' title='bbox 3456 5421 3593 5460; x_wconf 89' lang='lat' dir='ltr'><strong>con-</strong></span> 
     </span>
    </p>
   </div>
   <div class='ocr_carea' id='block_1_117' title="bbox 2019 5477 2567 5537">
    <p class='ocr_par' dir='ltr' id='par_1_117' title="bbox 2019 5477 2567 5537">
     <span class='ocr_line' id='line_1_118' title="bbox 2019 5477 2567 5537; baseline -0.015 0"><span class='ocrx_word' id='word_1_802' title='bbox 2019 5477 2184 5537; x_wconf 79' lang='lat' dir='ltr'><strong>sensu</strong></span> <span class='ocrx_word' id='word_1_803' title='bbox 2221 5487 2280 5531; x_wconf 85' lang='lat' dir='ltr'><strong>ut</strong></span> <span class='ocrx_word' id='word_1_804' title='bbox 2311 5477 2363 5530; x_wconf 88' lang='lat' dir='ltr'><strong>in</strong></span> <span class='ocrx_word' id='word_1_805' title='bbox 2394 5483 2567 5530; x_wconf 79' lang='lat' dir='ltr'><strong>textu.</strong></span> 
     </span>
    </p>
   </div>
   <div class='ocr_carea' id='block_1_118' title="bbox 2092 5542 3592 5618">
    <p class='ocr_par' dir='ltr' id='par_1_118' title="bbox 2092 5542 3592 5618">
     <span class='ocr_line' id='line_1_119' title="bbox 2092 5542 3592 5618; baseline -0.002 -13"><span class='ocrx_word' id='word_1_806' title='bbox 2092 5551 2205 5618; x_wconf 70' lang='lat'><strong>(52)</strong></span> <span class='ocrx_word' id='word_1_807' title='bbox 2242 5546 2600 5618; x_wconf 44' lang='lat' dir='ltr'><strong>&#39;I&#39;gnreitatL</strong></span> <span class='ocrx_word' id='word_1_808' title='bbox 2618 5543 2918 5618; x_wconf 80' lang='lat' dir='ltr'><strong>lta_uovem</strong></span> <span class='ocrx_word' id='word_1_809' title='bbox 2950 5559 3086 5600; x_wconf 90' lang='lat' dir='ltr'><strong>mss.</strong></span> <span class='ocrx_word' id='word_1_810' title='bbox 3117 5542 3258 5618; x_wconf 79' lang='lat' dir='ltr'><strong>Editi</strong></span> <span class='ocrx_word' id='word_1_811' title='bbox 3281 5545 3592 5618; x_wconf 80' lang='grc' dir='ltr'>ἀφηγεῖται.</span> 
     </span>
    </p>
   </div>
   <div class='ocr_carea' id='block_1_119' title="bbox 2095 5613 3590 5690">
    <p class='ocr_par' dir='ltr' id='par_1_119' title="bbox 2095 5613 3590 5690">
     <span class='ocr_line' id='line_1_120' title="bbox 2095 5613 3590 5690; baseline -0.001 -16"><span class='ocrx_word' id='word_1_812' title='bbox 2095 5613 2205 5690; x_wconf 78' lang='grc'><strong>(55)</strong></span> <span class='ocrx_word' id='word_1_813' title='bbox 2243 5613 2668 5690; x_wconf 44' lang='grc' dir='ltr'>Παρίέιιρτῶν.</span> <span class='ocrx_word' id='word_1_814' title='bbox 2693 5614 2785 5671; x_wconf 88' lang='lat' dir='ltr'><strong>Sic</strong></span> <span class='ocrx_word' id='word_1_815' title='bbox 2811 5624 2924 5673; x_wconf 89' lang='lat' dir='ltr'><strong>tres</strong></span> <span class='ocrx_word' id='word_1_816' title='bbox 2954 5613 3590 5673; x_wconf 33' lang='lat' dir='ltr'><strong>vetustissimi’codices.</strong></span> 
     </span>
    </p>
   </div>
   <div class='ocr_carea' id='block_1_120' title="bbox 2022 5685 2549 5761">
    <p class='ocr_par' dir='ltr' id='par_1_120' title="bbox 2022 5685 2549 5761">
     <span class='ocr_line' id='line_1_121' title="bbox 2022 5685 2549 5761; baseline -0.008 -14"><span class='ocrx_word' id='word_1_817' title='bbox 2022 5685 2164 5747; x_wconf 88' lang='lat' dir='ltr'><strong>Editi</strong></span> <span class='ocrx_word' id='word_1_818' title='bbox 2189 5685 2327 5761; x_wconf 63' lang='grc' dir='ltr'>’παρ’</span> <span class='ocrx_word' id='word_1_819' title='bbox 2361 5685 2549 5743; x_wconf 80' lang='grc' dir='ltr'>αὐτοῦ.</span> 
     </span>
    </p>
   </div>
   <div class='ocr_carea' id='block_1_121' title="bbox 3277 5839 3357 5902">
    <p class='ocr_par' dir='ltr' id='par_1_121' title="bbox 3277 5839 3357 5902">
     <span class='ocr_line' id='line_1_122' title="bbox 3277 5839 3357 5902; baseline 0.038 -3"><span class='ocrx_word' id='word_1_820' title='bbox 3277 5839 3357 5902; x_wconf 81' lang='lat'><strong>25</strong></span> 
     </span>
    </p>
   </div>
   <div class='ocr_carea' id='block_1_122' title="bbox 3468 322 3689 390">
    <p class='ocr_par' dir='ltr' id='par_1_122' title="bbox 3468 322 3689 390">
     <span class='ocr_line' id='line_1_123' title="bbox 3468 322 3689 390; baseline 0.005 -13"><span class='ocrx_word' id='word_1_821' title='bbox 3468 322 3689 390; x_wconf 73' lang='grc' dir='ltr'><strong>πε,</strong></span> 
     </span>
    </p>
   </div>
  </div>
