3900 6208
292 368 380 420 781

1225 368 1716 426 EPISTOLARUM
1757 369 2043 425 (ILASSIS
2076 371 2144 426 il.
2189 372 2404 427 EPIST.
2446 372 2653 428 CCXII.

3433 380 3538 434 782

285 484 561 553 τονμένων
584 504 599 516 ο
622 487 683 538 ού
720 487 1042 557 γράμμασιν
1073 483 1301 555 ἀψύχοις
1333 485 1854 547 καταπιστεύσαντα,

1969 485 2167 539 litteris
2195 485 2454 542 inanimis
2479 485 2849 549 committens,
2879 486 2974 542 scd
3009 502 3104 557 per
3133 503 3219 543 me
3245 489 3360 558 ipse
3389 492 3536 545 clare

297 577 399 628 ἈΥ
433 577 595 630 αὑτὸν
620 578 684 631 δι’
713 577 949 647 ἐμαυτοῦ
977 575 1220 648 ἐναργῶς
1251 576 1478 646 λέγοντα
1508 577 1735 640 ἕκαστα,
1770 577 1863 629 καὶ

283 666 590 732 ἐπεξιόντα.
643 670 708 722 Οἱ
757 668 868 740 γὰρ
931 668 1162 739 ἕμψυχοι
1231 668 1380 738 λόγοι
1425 668 1863 742 δραστικωτέραν

285 759 469 829 ἔχουσι
492 761 589 831 τὴν
614 760 784 814 πειθὼ
802 778 814 790 ·
845 761 977 832 πρός
994 777 1052 814 τε
1070 759 1132 812 τὸ
1160 760 1572 831 εὐεπιχείρητον
1603 763 1698 814 καὶ
1726 761 1862 832 πρὸς

287 851 652 920 συκοφαντίαν
673 851 941 905 εὐάλωτον
969 851 1152 904 οὐκέτι
1194 853 1370 922 ὅμοιοι
1397 855 1510 916 τοῖς
1539 853 1863 923 γεγραμμέ-

283 961 399 1008 νοις
445 944 570 998 εἰσί.
620 945 729 998 Καὶ
777 945 884 1015 γὰρ
923 944 1074 997 οὐδὲν
1103 944 1407 1015 ἀτόλμητον
1438 944 1624 998 λοιπὸν
1667 945 1860 1008 οὐδενὶ,

282 1036 418 1088 ὅπου
443 1053 507 1104 γε
540 1035 633 1088 καὶ
668 1037 715 1089 οἱ
750 1035 818 1089 τὰ
854 1035 1084 1106 μέγιστα
1117 1035 1246 1105 παρ’
1277 1035 1432 1105 ἡμῶν
1462 1035 1862 1097 πιστευθέντες,

279 1125 380 1191 οὓς
413 1127 782 1199 ᾐσθανόμεθα,
836 1127 973 1198 μετά
1013 1127 1122 1180 τῶν
1157 1125 1459 1197 ἀνθρώπων
1508 1126 1761 1198 ὁρῶντες,
1789 1125 1865 1188 ὼς

286 1219 471 1290 μεῖζόν
496 1237 546 1272 τι
582 1219 798 1291 ὄνταςῆ
834 1218 976 1273 κατά
1006 1217 1310 1290 ἄνθρωπον,
1339 1211 1484 1271 οῦτοι
1513 1218 1865 1283 κατεδέξαντο

283 1311 695 1382 συγγράμματά
745 1327 886 1373 τινος
941 1309 1008 1362 τὰ
1053 1312 1212 1364 ὁποῖα
1263 1309 1464 1381 δήποτε
1511 1309 1588 1372 ῶς
1621 1308 1865 1380 ἡμέτερα

283 1404 710 1474 παραπέμπειν·
756 1403 848 1456 κα)¹
878 1403 964 1455 ἐπ’
996 1403 1180 1466 αὐτοῖς
1233 1401 1344 1473 (65)
1402 1401 1708 1455 διαϐάλλειν
1744 1403 1864 1464 ταῖς

281 1495 656 1565 ἀδελφότησιν,
689 1495 764 1558 ὡς
791 1494 956 1566 μηδὲν
979 1493 1163 1547 λοιπὸν
1187 1493 1280 1546 τοῦ
1306 1493 1576 1564 ἡμετέρου
1599 1493 1864 1564 ὀνόματος

280 1588 641 1659 φευκτότερον
680 1583 818 1639 εἶναι
849 1589 962 1649 τοῖς
993 1584 1261 1639 εύλαϐέσι.
1295 1584 1368 1638 Τὸ
1397 1584 1505 1654 γὰρ
1530 1584 1863 1654 ἀγνοηθῆναι

277 1679 572 1750 γενόμενος
600 1677 658 1744 ἐξ
687 1678 863 1749 ἀρχῆς
907 1675 1287 1747 ἐπιτηδεύσας,
1317 1675 1391 1738 ὡς
1413 1675 1512 1728 οὐκ
1547 1671 1665 1730 οῖδα
1694 1675 1747 1728 εἴ
1778 1692 1862 1738 τις

276 1770 438 1834 ἄλλος
464 1771 570 1824 τῶν
596 1768 1024 1840 ἐπεσκεμμένων
1056 1767 1156 1840 τὴν
1198 1767 1548 1839 ἀνθρωπίνην
1576 1766 1858 1821 ἀσθένειαν

1969 594 2250 648 exponens
2298 579 2552 649 singula,
2606 593 2669 632 ac
2715 580 3052 636 edisserens.
3098 580 3339 635 Animati
3392 583 3536 636 enim

1967 685 2248 724 sermones
2297 669 2655 723 eliicaciorem
2706 669 2909 724 habent
2951 671 3389 740 persuasionem,
3438 689 3535 727 nec

1967 768 2075 813 tam
2112 759 2271 816 facile
2299 777 2462 830 quam
2501 762 2716 832 scripti,
2749 761 3059 832 impugnari
3085 771 3320 834 possunt
3361 772 3418 818 et
3448 779 3532 820 ca-

1967 851 2192 907 lumniis
2215 853 2417 921 appeti.
2441 851 2587 906 Nihil
2616 853 2762 908 enim
2784 854 2896 922 jam
2921 854 3182 925 cuiquam
3206 855 3535 910 intentatum

1969 940 2222 995 relictum
2264 949 2380 1008 est;
2419 942 2687 1012 siquidem
2718 943 2757 997 ii
2785 942 2987 1012 quibus
3029 943 3266 999 maxima
3309 962 3539 1015 quaeque

1965 1032 2404 1101 credideramus,
2437 1049 2688 1106 quosque
2715 1035 2843 1090 dum
2869 1036 3016 1091 inter
3047 1036 3301 1092 homines
3325 1037 3538 1092 videre.

1964 1140 2110 1187 mus,
2147 1125 2324 1193 majus
2353 1125 2634 1195 quidpiam
2679 1140 2802 1180 esse
2835 1125 3220 1190 credebamus,
3261 1141 3427 1197 quam
3462 1125 3539 1182 fe-

1963 1221 2048 1265 rat
2081 1211 2319 1265 humana
2354 1222 2569 1277 natura,
2619 1213 2672 1266 hi
2712 1213 3116 1282 adductisunt,
3148 1223 3208 1270 ut
3249 1217 3535 1285 cujusdam

1963 1303 2193 1372 scripta,
2248 1303 2652 1372 qualiacunque
2707 1305 2799 1357 illa
2848 1308 2978 1372 sint,
3036 1314 3298 1377 tanquam
3347 1318 3538 1362 nostra

1967 1397 2428 1460 transmitterent,
2455 1405 2506 1452 et
2532 1398 2603 1452 ob
2621 1413 2684 1453 ea
2713 1399 2974 1454 invidiam
3002 1402 3144 1470 apud
3169 1401 3365 1458 fratres
3387 1418 3542 1457 crea-

1964 1498 2108 1553 rent,
2152 1489 2290 1544 adeo
2329 1497 2388 1542 ut
2429 1490 2563 1544 nihil
2590 1491 2702 1559 jam
2750 1499 2943 1547 nostro
2996 1495 3218 1548 nomine
3250 1495 3542 1550 detestabi-

1965 1580 2073 1634 lius
2119 1580 2192 1634 sit
2231 1581 2374 1649 apud
2417 1581 2558 1649 pios.
2592 1579 2726 1635 Nam
2765 1597 2889 1636 cum
2940 1583 3009 1637 ab
3045 1584 3202 1638 initio
3227 1585 3396 1640 latere
3431 1593 3540 1640 stu-

1962 1671 2200 1737 duerim,
2247 1671 2393 1726 haud
2440 1674 2556 1728 scio
2605 1688 2674 1728 an
2707 1676 2883 1746 magis
2916 1692 3080 1746 quam
3111 1678 3404 1747 quisquam
3446 1694 3540 1732 eo-

1925 1819 1942 1841 ,
1962 1779 2110 1828 rum,
2133 1764 2224 1834 qui
2244 1763 2671 1819 imbecillitatem
2696 1767 2989 1822 humanam
3014 1769 3536 1836 consideraverunt;

275 1860 396 1924 νῦν,
429 1861 680 1933 καθάπερ
710 1861 771 1914 τὸ
803 1860 1043 1914 ἐναντίον
1062 1858 1422 1932 προελόμενος
1456 1860 1620 1912 πᾶσιν
1653 1856 1854 1927 ἀνθρὼ-

1965 1868 2113 1908 nunc
2141 1855 2298 1923 quasi
2325 1863 2514 1909 contra
2539 1857 2877 1926 pr0positum
2903 1860 3035 1914 mihi
3071 1860 3265 1916 fuisset
3290 1862 3534 1916 omnium

277 1968 402 2015 ποις
434 1951 711 2025 γνώριμον
737 1946 974 2024 ἐμαυτὸν
1007 1950 1368 2020 καταστῆσαι,
1399 1949 1541 2003 οὕτω
1580 1950 1854 2020 πανταχοῦ

274 2047 400 2114 γῆς,
449 2044 745 2115 προσθήσω
791 2044 868 2107 δὲ,
907 2043 1108 2096 ὃτικαὶ
1139 2042 1432 2112 θαλάσσης,
1474 2041 1859 2112 διατεθρύλλη-

277 2151 397 2204 μαι.
433 2135 501 2187 Ui
530 2152 589 2186 τε
621 2135 728 2206 γὰρ
763 2134 854 2188 τὸν
887 2134 1112 2204 ἔσχατον
1148 2134 1272 2204 ὅρον
1307 2134 1405 2204 τῆς
1440 2133 1694 2197 ἀσεϐείας
1735 2135 1856 2186 ἐπι-

273 2225 615 2295 τηδεύοντες,
658 2225 753 2278 καὶ
809 2225 868 2278 τὸ
921 2225 1078 2280 ἄθεον
1113 2226 1212 2294 τῆς
1259 2225 1644 2296 ἀνομοιότητος
1681 2224 1860 2295 δόγμα

273 2317 397 2380 ταῖς
430 2315 786 2387 Ἐκκλησίαις
825 2316 1119 2385 ἐπάγοντες
1142 2313 1276 2386 (66),
1301 2315 1436 2386 πρὸς
1464 2316 1562 2387 ἐμὲ
1585 2315 1674 2369 τὸν
1703 2316 1860 2369 πόλε-

277 2425 376 2478 μον
414 2408 630 2478 ἔχουσιν
654 2425 666 2438 ·
686 2409 741 2462 οἵ
756 2425 814 2460 τε
835 2408 933 2478 τὴν
963 2409 1132 2479 μέσην
1159 2406 1494 2473 ἐλαύνοντες,
1525 2408 1601 2471 ὡς
1630 2408 1856 2471 οἴονται,

273 2501 370 2555 καὶ
393 2501 502 2554 ἀπὸ
537 2502 632 2572 μὲν
654 2501 762 2555 τῶν
785 2501 963 2556 αὐτῶν
995 2501 1219 2555 ἐκείνων
1257 2500 1368 2573 (67)
1392 2501 1575 2572 ἀρχῶν
1593 2501 1859 2572 ὡρμημέ-

274 2611 374 2655 νοι,
400 2596 467 2664 τῇ
498 2594 555 2646 δὲ
583 2593 692 2646 τῶν
734 2593 1009 2663 λογισμῶν
1053 2593 1345 2664 ἀκολουθίᾳ
1371 2593 1444 2663 μὴ
1479 2593 1726 2662 ἐφιέντες
1770 2591 1859 2645 διὰ

271 2685 334 2738 τὸ
366 2685 686 2739 ὑπεναντίον
715 2689 836 2750 ταῖς
875 2689 1064 2749 ἀκοαῖς
1089 2687 1199 2740 τῶν
1228 2686 1458 2750 πολλῶν,
1495 2687 1644 2756 ἡμᾶς
1667 2685 1857 2755 δυσχε-

274 2775 522 2846 ραίνουσι
582 2777 677 2830 καὶ
709 2776 966 2830 πλύνουσι
1001 2777 1098 2848 μὲν
1130 2779 1250 2840 ταῖς
1279 2775 1592 2848 λοιδορίαις,
1623 2778 1708 2845 ἐφ’
1733 2778 1859 2829 ὅσον

271 2865 550 2932 δύνανται,
607 2869 862 2939 οὐδεμιᾶς
891 2869 948 2921 δὲ
987 2868 1278 2938 ἀπέχονται
1311 2869 1410 2939 τῆς
1449 2869 1739 2940 ἐπιϐουλῆς
1760 2886 1774 2899 °
1809 2871 1858 2922 εί

272 2959 364 3012 καὶ
394 2961 480 3013 ὅτι
524 2961 552 3012 ὁ
602 2960 806 3031 Κύριος
839 2960 1152 3032 ἀπράκτους
1179 2960 1358 3014 αὐτῶν
1389 2961 1489 3023 τὰς
1516 2961 1858 3030 ἐγχειρήσεις

272 3053 521 3124 ἐποίησε.
557 3051 744 3107 Ταῦτα
772 3053 890 3118 πῶς
917 3053 976 3107 οὐ
1013 3053 1234 3126 λυπηρά
1257 3071 1270 3119 ;
1305 3053 1422 3118 πῶς
1445 3054 1564 3123 ο⁶ὑχὶ
1589 3051 1856 3123 ὀδυνηρὰν

275 3161 364 3213 μοι
395 3145 498 3214 τὴν
529 3145 670 3216 ζωὴν
724 3145 1202 3210 κατασκευάζοντα
1233 3145 1382 3217 (68);
1421 3147 1478 3208 ὃς
1511 3163 1574 3214 γε
1606 3145 1732 3216 μίαν
1773 3145 1856 3198 τί-

271 3235 433 3306 θεμιαι
499 3236 604 3290 τῶν
635 3238 822 3292 κακῶν
873 3239 1248 3310 παραμυθίαν,
1289 3240 1388 3309 τὴν
1438 3238 1724 3291 ἀσθένειαν
1752 3239 1852 3308 τῆς
1883 3217 1926 3275 C

273 3328 496 3398 σαρκὸς,
553 3329 640 3397 ὑφ’
687 3325 756 3402 ἧς
795 3329 1097 3400 πέπεισμαι
1140 3330 1215 3402 μὴ
1248 3329 1415 3382 πολὺν
1454 3329 1645 3400 χρόνον
1670 3347 1851 3398 παρα-ο

273 3419 457 3489 μένειν
489 3421 555 3489 τῇ
582 3419 827 3490 δυστήνῳ
858 3419 1031 3492 ταύτῃ
1083 3419 1217 3490 ζωῇ.
1260 3420 1368 3473 Καὶ
1413 3419 1585 3473 ταῦτα
1625 3419 1724 3491 μὲν
1771 3421 1852 3482 είς

273 3510 546 3564 τοσοῦτον.
576 3511 644 3563 Σὲ
676 3511 733 3564 δὲ
788 3511 882 3565 ἐπὶ
915 3514 1029 3575 τοῖς
1054 3510 1252 3564 πάθεσι
1279 3509 1373 3564 τοῦ
1398 3510 1650 3582 σώματος
1673 3528 1852 3582 παρα-

273 3601 421 3654 ⁸ιιαλῶ
468 3601 820 3672 μεγαλοφυῶς
871 3603 975 3656 καὶ·
993 3603 1155 3670 ἀξίως
1197 3602 1288 3655 τοῦ
1343 3602 1670 3667 καλέσαντος
1705 3605 1853 3674 ἡμᾶς

272 3690 404 3744 Θεοῦ
431 3691 778 3746 διακεῖσθαι·
812 3693 890 3758 ὃς,
937 3693 1033 3747 ἐὰν
1066 3695 1150 3766 ἴδῃ
1172 3695 1320 3766 ἡμᾶς
1353 3697 1470 3765 μετ’
1501 3695 1853 3767 εὐχαριστίας

271 3781 598 3855 δεξαμένους
627 3787 694 3840 τὰ
752 3787 1018 3858 παρόντα,
1066 3787 1099 3858 ἢ
1137 3789 1397 3857 ἐπανήσει
1440 3787 1510 3842 τὰ
1557 3786 1854 3849 λυποῦντα,

273 3875 344 3940 ὥς
371 3876 470 3930 ἐπὶ
491 3877 584 3932 τοῦ
616 3877 766 3945 Ἰὼϐ,
796 3879 829 3950 ἢ
864 3882 973 3944 τοῖς
998 3878 1252 3950 μεγάλοις
1288 3879 1572 3949 στεφάνοις
1590 3877 1687 3948 τῆς
1717 3879 1854 3931 ὑπο-

273 3968 440 4038 μονῆς
469 3967 756 4039 ἀμείψεται
790 3971 848 4022 ἐν
883 3973 953 4041 τῇ
999 3969 1138 4025 μετά
1179 3967 1382 4040 ταύτην
1401 3967 1499 4040 τὴν
1525 3967 1668 4040 ζωὴν
1695 3967 1852 4040 ἡμῶν

274 4060 626 4114 καταστάσει.
1597 4081 1601 4085 ’

337 4235 454 4306 (65)
497 4237 624 4306 Ἐπ’
650 4234 874 4300 αὐτοῖς.
908 4234 987 4288 lla
1013 4249 1146 4290 mss.
1165 4243 1280 4306 tres
1313 4248 1423 4287 non
1451 4231 1848 4306 antiquissimi.

273 4303 378 4360 Sed
405 4303 652 4376 profecto
690 4309 806 4360 haec
839 4306 1114 4375 scriptura
1164 4305 1322 4374 longe
1359 4303 1696 4374 prafereuda
1728 4305 1852 4357 vul-

275 4383 407 4446 gata:
438 4377 524 4429 ἐπ’
549 4377 756 4446 αὐταῖς.

342 4446 455 4515 (66)
499 4445 874 4514 Ἐπάγοντες.
917 4443 1008 4498 Sic
1043 4460 1176 4500 mss.
1203 4458 1417 4510 omnes,
1449 4457 1588 4514 quos
1624 4441 1845 4512 quidem

277 4515 592 4570 viderimus.
626 4516 768 4570 Editi
803 4515 1193 4582 ἐπαγαγόντες.

1962 1943 2243 1998 hominum
2279 1942 2422 1998 fama
2448 1945 2741 2009 celebrari,
2780 1947 2861 2003 sic
2894 1948 3094 2018 ubique
3116 1959 3404 2014 terrarum,
3438 1950 3537 2004 ad-

1958 2033 2083 2089 dam
2117 2045 2172 2092 et
2213 2036 2468 2099 marium,
2515 2038 2840 2095 decantatus
2889 2056 3033 2096 sum.
3067 2040 3204 2096 Nam
3247 2049 3302 2097 et
3343 2043 3437 2113 qui
3483 2044 3537 2096 in

1959 2138 2206 2184 extremo
2234 2129 2534 2199 impietatis
2576 2132 2814 2186 termino
2851 2148 2973 2189 sese
3019 2144 3298 2198 exercent,
3338 2144 3392 2190 et
3435 2137 3538 2190 iiu-

1960 2222 2110 2291 pium
2134 2220 2609 2280 dissimilitudinis
2638 2223 2835 2295 dogma
2876 2225 2932 2278 in
2954 2227 3228 2283 licclesias
3251 2227 3534 2289 invehunt,

1960 2313 2162 2367 bellum
2199 2329 2412 2369 mecum
2466 2315 2688 2371 habent.
2733 2315 2799 2370 Et
2843 2317 2936 2386 qui
2975 2317 3120 2372 viam
3171 2317 3426 2385 mediam,
3479 2327 3538 2372 ut

1961 2404 2064 2460 sibi
2099 2406 2376 2471 videntur,
2415 2407 2698 2473 incedunt,
2739 2417 2794 2464 ct
2837 2409 2906 2466 ab
2936 2410 3129 2466 iisdem
3181 2411 3291 2468 illis
3331 2413 3537 2482 princi-

1961 2497 2065 2566 piis
2095 2498 2348 2567 profccti,
2373 2499 2857 2556 ratiocinationum
2877 2504 3254 2558 consecutioni
3282 2519 3391 2559 non
3415 2505 3540 2560 sub-

1961 2589 2234 2654 scribunt,
2269 2605 2335 2645 eo
2368 2592 2514 2662 quod
2551 2593 2846 2648 abhorreat
2881 2609 2910 2647 a
2955 2595 3248 2650 multorum
3283 2597 3535 2661 auribus,

1959 2682 2016 2737 hi
2068 2683 2230 2738 nobis
2281 2683 2482 2740 infensi
2533 2696 2661 2741 sunt
2719 2700 2784 2740 ac
2865 2687 3129 2743 conviciis
3177 2688 3534 2758 perfundunt,

1961 2782 2230 2845 quantum
2280 2787 2532 2846 possunt,
2584 2792 2686 2832 nec
2743 2778 2884 2834 ullas
2932 2781 3362 2849 przetermittunt
3409 2782 3539 2836 insi-

1959 2868 2102 2931 dias,
2133 2867 2384 2936 quamvis
2413 2866 2678 2924 Dominus
2718 2884 2910 2924 eorum
2940 2883 3170 2925 conatus
3192 2871 3379 2927 irritos
3409 2873 3537 2927 red.

1959 2957 2180 3013 diderit.
2225 2959 2513 3024 Quomodo
2561 2960 2676 3014 haac
2719 2961 2950 3018 molesta
3003 2978 3112 3016 non
3144 2961 3359 3018 forent?
3395 2979 3531 3035 quo-

1960 3050 2125 3104 modo
2162 3065 2272 3104 non
2307 3051 2558 3105 acerbam
2593 3051 2726 3106 mihi
2770 3052 2939 3107 vitam
2972 3052 3256 3109 facerent?
3284 3056 3378 3126 qui
3411 3071 3536 3126 pro-

1961 3137 2104 3194 fecto
2161 3141 2389 3196 unicum
2447 3141 2625 3197 habeo
2675 3143 2947 3199 malorum
3007 3145 3300 3209 solatium,
3352 3147 3536 3202 carnis

1960 3233 2351 3301 infirmitatem,
2383 3252 2503 3306 qua:
2525 3235 2657 3290 mihi
2681 3235 2971 3307 persuadet
2999 3252 3108 3292 non
3138 3238 3369 3292 multum
3397 3248 3537 3294 teni-

1961 3321 2112 3389 poris
2144 3337 2230 3376 me
2265 3324 2320 3377 in
2369 3324 2474 3379 hac
2505 3325 2712 3380 infelici
2752 3326 2860 3379 vita
2891 3341 3235 3382 mansurum.
3275 3325 3399 3383 Haec
3436 3344 3536 3382 au-

1958 3418 2068 3465 tem
2101 3410 2387 3467 hactenus.
2421 3412 2499 3468 Te
2537 3421 2718 3468 autem
2753 3415 2809 3468 in
2838 3416 3086 3484 corporis
3125 3416 3536 3474 infirmitatibus

1959 3503 2241 3565 adhortor,
2285 3513 2345 3558 ut
2387 3514 2706 3560 constanter
2734 3516 2790 3561 et
2827 3507 2991 3578 digne
3028 3507 3157 3571 Deo,
3188 3510 3280 3578 qui
3315 3526 3416 3565 nos
3444 3527 3537 3564 vo-

1959 3597 2124 3660 cavit,
2162 3607 2213 3652 te
2255 3613 2414 3667 geras
2446 3616 2458 3651 :
2491 3599 2614 3668 qui,
2645 3598 2689 3653 si
2726 3615 2829 3653 nos
2861 3599 3060 3655 viderit
3094 3617 3216 3655 cum
3236 3604 3534 3672 gratiarum

1959 3687 2178 3741 actione
2222 3690 2514 3757 praesentia
2547 3689 2851 3758 suscipere,
2888 3697 2982 3744 aut
3032 3691 3244 3746 sedabit
3289 3693 3531 3756 dolores,

1959 3779 2038 3832 uti
2072 3779 2126 3832 in
2157 3777 2320 3846 Jobo,
2352 3791 2444 3834 aut
2489 3783 2698 3852 magnis
2728 3783 3006 3852 patientiae
3037 3787 3259 3841 coronis
3291 3801 3535 3843 remune-

1956 3871 2170 3926 rabitur
2200 3871 2255 3926 in
2283 3871 2466 3929 futuro
2493 3885 2617 3944 post
2651 3874 2791 3929 hanc
2823 3876 2992 3929 vitam
3023 3885 3192 3932 statu.

1955 4235 2362 4304 potentioribus
2387 4234 2609 4288 Arianis
2640 4235 2928 4290 catholicis
2959 4237 3132 4290 videri
3171 4237 3350 4291 vellet.
3382 4235 3528 4291 Non-

1955 4306 2085 4378 dum
2103 4312 2303 4378 aperte
2358 4319 2491 4378 cum)
2532 4305 2753 4360 Arianis
2801 4306 3153 4378 conjunctus,
3187 4321 3287 4361 nec
3330 4323 3529 4378 negare

1956 4374 2192 4448 audebat
2212 4389 2326 4448 _nec
2376 4376 2608 4448 probare
2638 4391 2760 4444 quae
2798 4374 3220 4448 ipsi—a‘Basilio
3259 4374 3529 4448 propone-

1956 4444 2175 4516 bantur.
2196 4446 2264 4497 At
2282 4460 2421 4516 quos
2458 4445 2542 4497 hie
2567 4444 2959 4499 commemorat
2989 4444 3320 4514 Basilius—hi
3341 4444 3529 4501 catho-

1956 4515 2366 4586 iicaedoctrinae
2397 4515 2596 4586 bellum
2626 4525 2874 4585 apertum
2901 4517 3232 4581 indixerant,
3255 4525 3308 4570 et
3332 4534 3527 4586 quam-

343 4585 452 4668 (6j)
485 4587 790 4668 :Ex'et’rw:
830 4569 978 4666 satis
999 4569 1287 4668 commode
1303 4584 1434 4639 editi
1610 4582 1708 4664 μέν
1733 4581 1848 4665 τῶν

1959 4585 2541 4668 vis_dissimilitudiuis
2585 4569 2918 4667 impietatem
2953 4569 3520 4668 i‘iigerevidereiit_ui',

275 4653 450 4709 αὐτῶν
482 4656 713 4727 ἐκείνοις
760 4655 970 4727 ἀρχῶν,
1013 4655 1078 4707 ab
1128 4653 1316 4727 iisdem
1357 4653 1539 4727 achilgli
1572 4653 1846 4727 principiis

276 4727 512 4795 profecti.
566 4725 672 4780 Sed
709 4727 764 4779 in
801 4724 1076 4795 omnibus
1100 4726 1306 4795 nostris
1335 4724 1622 4778 codicibus
1649 4725 1848 4795 legitur

276 4793 520 4866 ἐκείνων,
571 4797 714 4866 quod
754 4797 944 4850 eodem
989 4794 1149 4866 redit.
1185 4793 1620 4866 Videturprima
1660 4794 1845 4866 specie

277 4863 604 4921 Eustathius
649 4867 983 4920 Sebastenus
1047 4865 1133 4919 his
1178 4865 1358 4920 verbis
1411 4863 1708 4932 designari,
1755 4865 1846 4932 qui

275 4940 409 4989 viam
437 4937 688 4998 mediam,
725 4945 780 4988 ut
803 4935 904 4988 sibi
925 4935 1181 4997 videntur,
1215 4936 1481 4987 incedunt.
1513 4934 1671 4987 Hunc
1696 4934 1841 4986 enim

279 5007 512 5061 Basilius
555 5008 609 5059 in
661 5008 821 5074 epist.
856 5006 960 5058 H8
992 5007 1227 5058 medium
1271 5020 1394 5060 esse
1429 5006 1525 5074 ait,
1556 5018 1656 5074 nec
1680 5002 1844 5074 quid-_-

275 5092 437 5145 quam
484 5077 649 5130 medii
689 5071 928 5129 hominis
970 5083 1117 5129 statu
1156 5075 1434 5142 antiquius
1483 5071 1709 5145 habere.
1736 5071 1843 5126 Sed

277 5141 478 5208 tamen,
533 5146 578 5201 si
631 5161 719 5200 res
771 5145 1036 5200 attentius
1080 5141 1482 5208 consideretur,
1510 5157 1618 5196 non
1653 5141 1844 5196 Eusta-

277 5217 448 5268 thium
481 5217 700 5285 proprie
724 5217 826 5268 hoc
859 5216 997 5279 loco,
1030 5215 1124 5285 sed
1149 5213 1448 5285 generatim
1479 5212 1705 5285 eosdem
1731 5213 1838 5264 lue-

277 5282 498 5344 reticos;
520 5282 660 5355 quos
682 5295 875 5340 contra
911 5286 1045 5339 liber
1068 5282 1374 5355 Dei—Spiritu
1399 5294 1580 5355 sancto
1599 5282 1840 5355 scriptus

279 5363 378 5418 cst,
408 5351 754 5426 perspicuum
776 5356 880 5409 erit
913 5357 1108 5408 notari.
1141 5352 1274 5407 Nam
1301 5354 1513 5426 medius
1533 5351 1842 5426 ille_Eu_sta-

279 5428 373 5479 thii
408 5421 584 5480 Status
614 5428 759 5480 ineo
791 5427 1002 5494 positus
1037 5433 1177 5490 erat,
1211 5423 1356 5493 quod
1393 5438 1494 5478 nec
1541 5421 1840 5478 catholicus

1953 4654 2146 4710 iisdem
2181 4664 2384 4718 tamen,
2417 4670 2482 4726 ac
2512 4654 2786 4726 Anon’itei,
2817 4654 3101 4726 principiis
3140 4659 3378 4711 stabant.
3411 4656 3523 4710 lloc

1951 4725 2030 4778 eis
2065 4726 2367 4794 exprobrat
2428 4724 2664 4780 Basilius
2706 4728 2758 4780 in
2802 4727 2940 4780 libro
2977 4724 3053 4778 De
3073 4725 3274 4792 Spiritu
3311 4738 3514 4785 sancio.

1949 4809 2071 4864 cap.
2108 4797 2162 4856 2,
2185 4795 2275 4848 ubi
2305 4796 2497 4864 impias
2525 4810 2714 4849 eorum
2733 4797 2803 4866 de
2830 4794 2968 4849 Filio
2996 4812 3058 4850 ac
3094 4797 3299 4866 Spiritu
3330 4807 3521 4850 sancto

1949 4880 2122 4936 nugas
2151 4882 2212 4919 ex
2240 4866 2527 4935 principiis
2549 4866 2686 4920 Aetii
2708 4865 2970 4936 deductas
3002 4865 3516 4920 esse'demonstrat.

1949 4935 2113 4990 Iidem
2154 4936 2398 4990 hieretici
2433 4950 2542 4989 non
2575 4937 2857 4990 desierunt
2881 4935 3088 4989 nefaria
3120 4935 3306 4988 Basilii
3341 4939 3520 5004 expel-

1949 5005 2094 5060 lendi
2141 5005 2369 5060 consilia
2417 5006 2575 5060 inire.
2623 5006 2824 5059 Eorum
2865 5005 3111 5058 convicia
3144 5006 3198 5059 in
3232 5005 3514 5064 Basilium,

1947 5075 2178 5131 insidias
2211 5084 2265 5129 et
2295 5075 2536 5130 nefarias
2569 5075 2904 5132 molitiones,
2953 5072 3190 5128 furorem
3223 5091 3286 5128 ac
3313 5075 3512 5128 bellum

1945 5146 2745 5216 inexpiabiletvide_inAlibro
2771 5145 2848 5198 De
2885 5144 3088 5213 Spiritu
3126 5157 3332 5208 sancto,
3359 5161 3510 5198 lllllll.

1946 5217 2034 5277 15,
2063 5214 2154 5279 ‘25,
2187 5217 2278 5277 54,
2309 5215 2398 5276 5‘2,
2434 5214 2522 5268 60.
2559 5214 2648 5277 69,
2684 5215 2770 5269 75.

2016 5287 2126 5355 (68)
2155 5283 2703 5355 Κατασκευιὶζοντα.
2752 5285 2846 5355 Sic
2899 5283 3066 5340 Cois].
3115 5293 3345 5355 uterque
3391 5298 3516 5338 cum

1943 5353 2118 5411 tribus
2143 5358 2285 5409 aliis.
2322 5353 2459 5408 Editi
2488 5353 3009 5419 κατασκευάζονται.
