3900 6208
388 352 498 411 780
860 445 1194 501 EPISTOLA
1236 444 1437 500 CCXlt.
1468 485 1481 498 .

1726 350 1786 409 S.
1824 352 1973 410 BASI

2112 352 2333 408 MAG.“
3100 368 3108 378 '
3542 357 3630 413 78l

2604 445 2947 502 ΕΠΙΣΤΟΛΙΙ
2988 449 3106 501 Si!"

390 539 583 603 Gratias
603 535 702 603 agit
723 535 851 603 quod
874 535 1076 588 seinter
1096 536 1338 603 molestias
1363 549 1670 603 enumerasti
1691 535 1939 603 hominum
1969 536 2275 590 multitudine
2303 549 2564 603 emittitque
2593 537 2874 603 ductoribus
2898 546 3119 603 acceptas
3144 537 3314 603 litteris
3344 542 3632 592 recrearerit.

457 597 691 673 Implofat
715 597 851 673 illius
862 612 1039 673 preces
1064 611 1164 673 pro
1190 598 1455 673 miserabili
1473 612 1583 673 rsua
1623 597 1744 673 vita.
1763 602 1806 647 Ν
1810 606 1950 673 εῖναι
1974 613 2025 673 se
2055 608 2338 670 aspectare
2377 597 2503 673 dimi
2534 600 2582 673 in
2600 599 2787 668 _aulam
2821 597 3099 673 accersfitur
3123 612 3139 669 ς
3161 600 3345 673 sibique
3377 615 3637 673 cp;qu

451 659 727 732 qm'ntdam,
751 660 832 709 ubi
854 659 956 711 ἠως
977 659 1181 732 audiuit,
1202 668 1444 732 auctorem
1466 659 1777 732 {uisse-utin
1796 662 2202 732 “Mesopotamiam
2220 676 2272 712 se
2288 661 2521 721 conferat,
2544 660 2705 724 ibique
2726 660 2904 712 coactis
2924 660 3161 727 episcopis
3172 659 3301 714 idem
3322 659 3634 725 ceruicalibus,

454 720 793 787 imperatorem
814 734 916 770 una
941 734 1052 770 cum
1085 720 1186 772 illis
1205 723 1366 771 adeat.
1394 720 1544 782 Rogat
1564 721 1681 787 quid
1707 720 1987 785 faciendum
2014 722 2093 772 sit.

691 803 814 859 Sine
839 804 1203 872 inscriptione,
1244 804 1343 857 viri
1379 804 1453 872 pii
1480 821 1666 857 causa.

466 920 518 974 Ι.
559 917 842 980 Dominus,
887 916 982 986 qui
1033 916 1268 972 celerem
1316 917 1446 970 mihi
1496 916 1549 969 in
1582 914 1966 971 alllictionibus

393 1025 548 1079 opem
574 1016 814 1080 praestat,
841 1008 957 1080 ipse
988 1008 1085 1064 tibi
1109 1009 1473 1069 allevationis.
1502 1023 1609 1077 qua
1634 1023 1719 1062 me
1744 1008 1796 1060 in
1825 1022 1968 1077 prte-

395 1100 536 1157 senti
575 1117 669 1171 per
698 1102 908 1156 litteras
948 1100 1260 1155 visitatione
1281 1099 1445 1170 320
1468 1100 1749 1165 recreasti,
1795 1099 1966 1154 vicem

378 1193 674 1263 rependat.
715 1208 838 1249 vera
864 1207 928 1247 ac
952 1206 1147 1262 magna
1174 1191 1405 1261 spiritus
1435 1191 1619 1246 laetitia
1661 1189 1967 1245 mercedem

388 1289 463 1343 ob
511 1287 944 1343 consolationem
1000 1286 1332 1342 humilitatis
1390 1292 1594 1340 nostra!
1639 1285 1967 1359 adimplens.

389 1374 549 1434 Eram
603 1379 750 1433 enim
805 1377 1207 1448 quodammodo
1268 1377 1411 1431 male
1454 1377 1685 1432 allectus
1741 1376 1967 1444 animo,

367 1485 512 1524 reum
537 1469 591 1524 in
618 1484 815 1539 magna
843 1468 1128 1523 hominum
1150 1468 1502 1523 multitudine
1524 1467 1752 1523 ferinam
1775 1482 1970 1537 quam-

390 1558 515 1610 dam
554 1572 619 1611 ac
653 1556 884 1612 rationis
916 1556 1142 1611 omnino
1169 1564 1449 1626 expertem
1478 1556 1663 1627 pepuli
1703 1555 1967 1611 vidissem

391 1647 726 1709 socordiam.
757 1655 812 1703 et
834 1647 1133 1703 ductorum
1169 1648 1526 1704 inveteratam
1554 1649 1752 1718 vixque
1778 1662 1968 1702 emen-

390 1740 625 1795 dabilem
662 1739 791 1793 mali
820 1737 1302 1795 consuetudinem.
1351 1739 1420 1794 At
1459 1738 1550 1793 ubi
1583 1738 1694 1794 vidi
1733 1738 1968 1805 litteras,

391 1840 447 1887 et
494 1832 837 1887 reconditum
892 1831 950 1887 in
1019 1831 1213 1888 iisdem
1275 1831 1562 1888 charitatis
1617 1831 1967 1896 thesaurum,

390 1922 585 1992 agnovi
634 1921 884 1979 illuxisse
936 1921 1097 1978 nobis
1146 1923 1202 1976 in
1244 1921 1617 1976 amaritudine
1661 1920 1970 1976 viventibus

388 2015 551 2069 dulce
583 2014 836 2069 solatium
866 2013 937 2069 ab
957 2028 1026 2069 eo
1062 2012 1159 2084 qui
1192 2022 1383 2070 nostra
1412 2012 1749 2067 moderatur.
1785 2010 1970 2078 Quare

391 2105 740 2161 sanctitatem
770 2112 922 2160 tuam
950 2105 1229 2168 resaluto,
1283 2104 1443 2160 solita
1469 2119 1637 2174 prece
1691 2117 1879 2167 orans,
1909 2107 1970 2155 ut

1998 809 2048 865 Α

2331 804 2786 873 Ἀνεπίγρτιφος,
2816 803 2912 858 ἐπὶ
2937 803 3109 873 ἀνδρὶ
3149 804 3409 860 εὐσεϐεῖ.

2140 914 2191 969 Ι.
2218 914 2421 987 Κύριος
2466 916 2496 967 ό
2529 914 2946 985 παρασχόμενός
2988 932 3078 985 μοι
3124 919 3349 988 ταχεῖαν
3397 917 3491 970 ἐπὶ
3530 922 3638 983 ταῖς

2068 1006 2287 1077 θλίψεσι
2335 1007 2434 1079 τὴν
2468 1006 2771 1079 ἀντίληψιν,
2826 1008 2991 1073 αὐτός
3022 1026 3105 1063 σοι
3141 1011 3240 1080 τῆς
3273 1009 3637 1076 ἀναπαύσεως,

2068 1100 2135 1170 ἢν
2156 1098 2472 1161 ἀνέπαυσας
2495 1099 2640 1169 ἡμᾶς
2670 1099 2729 1150 ὲν
2761 1100 2826 1169 τῇ
2859 1097 3108 1171 παρούσῃ
3142 1099 3233 1152 διὰ
3264 1098 3359 1152 τοῦ
3390 1099 3638 1170 γράμμα-

2067 1208 2160 1255 τος
2185 1189 2496 1260 ἐπισκέψει,
2526 1190 2863 1263 παράσχοιτο
2883 1192 2981 1264 τὴν
3005 1191 3313 1263 ἀντίληψιν,
3334 1195 3403 1262 τῇ
3428 1191 3643 1264 ἀληθινῇ

2068 1284 2164 1337 καὶ
2206 1283 2417 1356 μεγάλῃ
2469 1282 2775 1355 εὐφροσύνῃ
2808 1282 2904 1337 τοῦ
2951 1284 3263 1355 πνεύματος
3315 1284 3410 1336 τὸν
3450 1286 3541 1337 ἐπὶ
3578 1287 3637 1355 τῇ

2069 1375 2415 1447 παρακλήσει
2448 1373 2638 1446 μισθὸν
2659 1373 2761 1444 τῆς
2790 1372 3174 1437 ταπεινώσεως
3207 1373 3368 1445 ἡμῶν
3402 1371 3639 1443 ἀποπλη-

2072 1466 2203 1539 ρῶν.
2242 1468 2477 1538 Ἔτυχον
2521 1466 2631 1536 γάρ
2662 1482 2780 1530 πως
2811 1466 2911 1537 τὴν
2937 1465 3113 1536 ψυχὴν
3152 1466 3559 1534 κεκακωμένος,
3588 1467 3640 1517 ἐν

2069 1557 2480 1629 πολυανθρὼπῳ
2515 1557 2775 1629 συλλήψει
2821 1556 3070 1629 κτηνώδη
3097 1557 3220 1610 τινὰ
3250 1558 3347 1611 καὶ
3376 1556 3640 1620 παντελῶς

2068 1650 2263 1719 ἄλογον
2290 1649 2384 1704 τοῦ
2409 1648 2538 1702 λαοῦ
2566 1646 2903 1721 καταμαθὼν
2920 1649 3055 1720 ῥᾳθυ
3064 1648 3214 1719 μίαν,
3244 1649 3341 1702 καὶ
3366 1649 3474 1701 τῶν
3497 1648 3641 1717 ἀγόν-

2068 1759 2176 1796 των
2204 1742 2403 1805 αὐτοὺς
2423 1741 2661 1796 παλαιὰν
2698 1741 2792 1795 καὶ
2821 1740 3209 1812 δυσδιόρθωτον
3244 1741 3529 1811 συνήθειαν
3557 1738 3640 1793 τοῦ

2069 1833 2264 1887 κακοῦ.
2309 1833 2462 1887 Ἐπεὶ
2509 1833 2567 1887 δὲ
2593 1829 2734 1887 εἶδον
2774 1832 2841 1886 τὰ
2870 1834 3194 1905 γράμματα,
3227 1835 3327 1888 καὶ
3355 1833 3447 1887 τὸν
3479 1835 3533 1886 ἐν
3556 1834 3643 1885 αὑ-

2067 1927 2183 1989 τοῖς
2207 1925 2308 1996 τῆς
2334 1925 2556 1997 ἀγάπης
2596 1925 2891 1997 θησαυρὸν.
2939 1925 3207 1994 ἐπέγνων,
3230 1927 3314 1979 ὃτι
3340 1923 3643 1993 ἐπέλαμψεν

2070 2015 2200 2087 ἡμῖν
2237 2017 2351 2079 τοῖς
2400 2017 2459 2069 έν
2518 2015 2715 2086 πικρίᾳ
2765 2014 2900 2079 ζῶσι
2932 2014 3191 2083 γλυκεῖαν
3243 2013 3593 2086 παραμυθίαν
3618 2016 3645 2067 ό

2068 2105 2367 2176 οἰκονομῶν
2411 2106 2482 2161 τὰ
2516 2106 2781 2178 ἡμέτερα.
2834 2106 2928 2160 Διὸ
2957 2107 3052 2160 καὶ
3092 2105 3529 2177 ἀντιφθέγγομαί
3561 2121 3644 2158 σου

389 2211 491 2265 pro
535 2197 848 2253 miseranda
888 2212 1009 2252 mea
1059 2197 1173 2252 vita
1216 2197 1430 2268 precari
1481 2211 1590 2251 non
1635 2184 1848 2259 cesses,
1899 2210 1969 2249 ne

2077 2198 2170 2270 τὴν
2198 2166 2458 2270 ὁσιότητα
2485 2166 2597 2270 (εὖ)
2631 2166 2965 2272 παρακαλῶν
3009 2199 3109 2270 τὴν
3140 2166 3345 2270 συνήθη
3373 2166 3646 2267 cepam.

390 2286 536 2342 forte
566 2285 755 2341 mundi
788 2286 956 2357 hujus
991 2286 1176 2357 specie
1207 2285 1525 2344 immersus.
1550 2285 1848 2341 obliviscar
1875 2284 1972 2338 Dei

389 2377 484 2447 qui
513 2392 742 2445 egenum
775 2385 973 2433 eterra
1001 2377 1163 2447 erigit
1184 2376 1231 2441 ⁸,
1260 2385 1315 2431 et
1348 2376 1532 2446 aliqua
1561 2375 1743 2430 elatus
1779 2389 1974 2445 super-

391 2468 479 2522 hia
505 2468 558 2522 in
577 2466 848 2537 judicium
879 2466 1119 2523 incidam
1149 2467 1390 2522 diaboli’
1415 2483 1430 2522 :
1459 2474 1554 2521 aut
1599 2466 1851 2538 neglecta
1878 2465 1975 2521 ad-

389 2559 793 2614 ministratione
815 2557 1097 2616 dormiens
1128 2574 1158 2613 a
1180 2558 1414 2615 Domino
1444 2559 1849 2631 deprehendar,
1875 2565 1972 2614 aut

302 2676 313 2687 ι
387 2667 489 2722 per
523 2653 687 2706 noxia
721 2666 889 2721 opera
916 2650 1068 2706 illam
1104 2666 1322 2722 gerens.
1345 2663 1401 2708 et
1426 2667 1817 2707 conservorum
1843 2666 1970 2722 per-

382 2746 608 2800 cutiens
635 2743 1029 2801 conscientiam
1052 2744 1118 2805 ιο.
1157 2751 1251 2798 aut
1291 2744 1456 2800 etiam
1497 2759 1622 2798 cum
1655 2742 1824 2799 ebriis
1870 2743 1976 2797 im-

391 2850 638 2897 moraus.
675 2837 732 2891 in
764 2836 921 2906 justo
945 2834 1041 2892 Dei
1074 2836 1287 2904 judicio
1319 2850 1512 2907 pinnas
1540 2834 1699 2889 malis
1738 2831 1975 2889 admini-

391 2927 726 2981 stratoribus
786 2927 1092 2983 intentatas
1146 2927 1472 2983 sustineam.
1530 2927 1720 2998 Itaque
1765 2924 1972 2990 Deum,

392 3034 600 3089 quaso,
648 3019 706 3074 in
753 3017 1011 3074 omnibus
1050 3019 1313 3090 precibus
1342 3033 1493 3083 ores,
1544 3028 1604 3073 ut
1645 3016 1863 3088 vigilem
1915 3017 1972 3072 iu

391 3110 686 3175 omnibus,
749 3124 819 3166 ne
870 3110 1111 3167 dedecus
1168 3126 1232 3165 ac
1287 3111 1550 3180 probrum
1594 3111 1697 3165 sim
1760 3110 1973 3165 nomini

392 3196 623 3262 Christi,
650 3198 704 3253 in
733 3198 1068 3255 revelatione
1101 3214 1430 3254 arcanorum
1459 3199 1648 3255 cordis
1687 3200 1884 3265 nostri,
1916 3200 1971 3255 in

395 3306 595 3361 magno
639 3291 732 3346 illo
777 3291 865 3348 die
917 3292 1188 3349 adventus
1250 3292 1556 3349 Salvatoris
1614 3293 1791 3348 nostri
1836 3291 1971 3351 Jesu

393 3382 622 3437 Christi.

2072 2309 2181 2357 σιν,
2216 2291 2291 2364 μὴ
2346 2292 2613 2347 διαλιπεῖν
2647 2310 2708 2346 σε
2755 2293 3049 2363 εὐχόμενον
3093 2291 3233 2364 ὑπὲρ
3278 2290 3383 2359 τῆς
3424 2289 3644 2360 ἐλεεινῆς

2077 2403 2180 2457 μου
2240 2384 2385 2455 ζωῆς
2407 2401 2421 2414 ·
2458 2384 2691 2456 μήποτε,
2751 2386 2818 2455 τῇ
2853 2383 3123 2455 φαντασίᾳ
3176 2381 3272 2435 τοῦ
3320 2382 3439 2453 βίου
3470 2379 3643 2434 τούτου

2074 2476 2555 2540 καταϐαπτισθεὶς,
2578 2475 2923 2546 ἐπιλάθωμαι
2956 2474 3053 2545 μὲν
3083 2472 3179 2527 τοῦ
3211 2471 3349 2526 Θεοῦ
3380 2471 3475 2525 τοῦ
3516 2470 3645 2539 ὲγεί-

2079 2585 2265 2640 ροντος
2284 2566 2394 2640 (70)
2422 2567 2531 2621 ἀπὸ
2559 2568 2661 2638 γῆς
2696 2566 2930 2637 πτωχὸν,
2959 2564 3189 2636 ἔπαρσιν
3217 2563 3275 2617 δέ
3295 2581 3424 2618 τινα
3449 2561 3643 2620 παθὼν,

2074 2660 2155 2722 είς
2186 2661 2363 2729 κρῖμα
2409 2657 2636 2728 ἐμπέσω
2668 2656 2764 2710 τοῦ
2791 2656 3039 2710 διαϐόλου
3063 2672 3077 2685 ·
3110 2655 3445 2727 ρᾳθυμήσας
3470 2653 3525 2706 δὲ
3557 2652 3644 2721 τῆς

2074 2748 2409 2818 οἰκονομίας,
2442 2747 2717 2801 καθεύδων
2746 2746 2850 2800 ὑπὸ
2875 2746 2968 2799 τοῦ
2991 2746 3260 2800 Δεσπότου
3294 2743 3642 2814 καταληφθὼς

2075 2839 2110 2910 ἢ
2157 2840 2252 2892 καὶ
2304 2838 2393 2892 διὰ
2455 2839 2564 2893 τῶν
2618 2839 2898 2912 βλαϐερῶν
2947 2838 3126 2910 ἔργων
3182 2836 3516 2910 προστιθεὶς,
3560 2835 3643 2888 καὶ

2076 2929 2295 2984 τύπτων
2323 2931 2421 3002 τὴν
2466 2929 2768 3001 συνείδησιν
2814 2929 2920 2982 τῶν
2963 2928 3285 2992 συνδούλων,
3320 2928 3356 2999 ἢ
3398 2927 3492 2981 καὶ
3520 2926 3645 2997 μετι

2076 3022 2186 3075 τῶν
2225 3020 2532 3092 μεθυόντων
2589 3021 2892 3092 γινόμενος,
2943 3021 3003 3073 ὲν
3053 3023 3118 3091 τῇ
3151 3018 3518 3091 δικαιοκρισίᾳ.
3563 3012 3643 3069 τοῦ

2077 3111 2213 3167 Θεοῦ
2237 3113 2398 3167 πάθω
2422 3112 2490 3166 τὰ
2522 3115 2636 3174 τοῖς
2665 3115 2921 3182 πονηροῖς
2956 3111 3064 3165 τῶν
3095 3111 3398 3182 οἰκονόμων
3431 3107 3642 3179 ἠπειλη-

2079 3206 2236 3278 μένα.
2268 3203 2580 3277 Παρακαλῶ
2624 3200 2717 3258 οὖν
2742 3221 2801 3256 σε
2827 3204 2919 3256 ἐπὶ
2950 3202 3098 3275 πάσῃ
3142 3205 3426 3274 προσευχῇ
3447 3199 3645 3254 δέεσθαι

2072 3297 2166 3352 τοῦ
2191 3296 2326 3351 Θεοῦ
2364 3298 2556 3368 νήφειν
2589 3298 2737 3368 ἡμᾶς
2773 3298 2829 3350 ὲν
2858 3298 3022 3350 πᾶσιν
3043 3313 3056 3327 ·
3092 3297 3180 3349 ἵνα
3211 3295 3286 3367 μὴ
3312 3294 3548 3366 αἰσχύνη
3572 3309 3649 3360 γι»

2076 3387 2301 3460 νώμεθα
2350 3388 2446 3441 καὶ
2491 3387 2695 3452 ὀνειδος
2732 3387 2819 3458 τῷ
2840 3389 3065 3459 ὀνόματι
3092 3387 3187 3442 τοῦ
3221 3388 3480 3459 Χριστοῦ,
3506 3387 3559 3438 ἐν
3585 3386 3643 3454 τῇ

393 3476 731 3548 ᾲποκαλύψει
778 3478 887 3533 τῶν
937 3480 1192 3552 κρυπτῶν
1220 3480 1317 3553 τῆς
1350 3480 1575 3552 καρδίας
1603 3480 1781 3552 ἡμῶν,
1829 3483 1971 3535 κατὰ
2007 3481 2105 3555 τὴν
2148 3482 2394 3555 μεγάλην
2456 3483 2674 3555 ἡμέραν
2730 3482 2832 3553 τῆς
2873 3482 3198 3554 ἐπιφανείας
3244 3480 3341 3534 τοῦ
3408 3478 3645 3548 Σωτῆρος

396 3572 553 3646 ἡμῶν
599 3573 772 3647 Ἰησοῦ
800 3575 1035 3648 Χριστοῦ
1062 3576 1197 3649 (71).

464 3667 520 3721 2.
560 3664 843 3738 Cognosce
868 3674 1049 3725 autem
1084 3685 1170 3725 me
1202 3676 1543 3740 exspectare.
1576 3670 1705 3725 dum
1735 3685 1831 3740 per
1859 3670 1973 3725 hae-

2147 3661 2201 3716 2.
2236 3662 2475 3719 Γίνωσκε
2506 3660 2563 3714 δέ
2585 3678 2651 3732 με
2682 3662 2740 3713 ἐν
2773 3659 3071 3731 προσδοκίᾳ
3100 3656 3238 3714 εἶναι
3264 3659 3359 3713 τοῦ
3397 3662 3513 3715 κατ’
3530 3661 3644 3729 ἐπή-

393 3758 693 3813 reticorum
735 3757 1136 3829 improbitatem
1193 3759 1258 3813 ad
1311 3760 1494 3813 aulam
1551 3774 1832 3822 accersar,
1885 3760 1979 3815 ob.

394 3857 546 3904 teutu
578 3853 729 3921 pacis
760 3853 1021 3908 videlicet
1048 3872 1061 3906 :
1088 3860 1142 3907 et
1171 3853 1493 3923 episcopum
1527 3851 1704 3917 illum,
1738 3852 1826 3906 ubi
1858 3852 1974 3907 haec

394 3943 626 4009 audivit,
659 3944 791 3999 mihi
832 3945 1152 4016 scripsisse.
1186 3953 1247 4000 ut
1282 3945 1609 4001 festinanter
1632 3959 1721 3999 me
1762 3944 1822 3999 in
1870 3943 1976 3998 Me-

395 4037 758 4106 sopotamiam
792 4036 1095 4101 conferam,
1120 4040 1342 4109 illicque
1368 4054 1467 4094 eos
1492 4040 1586 4109 qui
1615 4037 1756 4093 idem
1782 4051 1848 4091 ac
1871 4051 1976 4091 nos

395 4129 640 4186 sentiunt
668 4144 734 4185 ac
778 4129 1055 4187 Ecclesias
1083 4129 1432 4194 confirmant,
1457 4131 1513 4184 in
1551 4144 1719 4183 unum
1747 4143 1976 4197 cogens,

398 4235 505 4272 una
535 4234 659 4273 cum
691 4221 825 4291 ipsis
843 4222 1161 4292 proficiscar
1186 4222 1252 4276 ad
1277 4222 1687 4292 imperatorem.
1724 4219 1852 4274 Mihi
1882 4235 1980 4273 au-

395 4313 506 4360 tem
551 4307 689 4363 forte
739 4325 807 4364 ne
848 4310 1026 4379 ipsum
1078 4312 1299 4378 quidem
1350 4324 1554 4381 corpus
1606 4308 1674 4362 ad
1722 4308 1829 4363 hoc
1875 4307 1980 4361 iter

397 4396 579 4452 hieme
608 4399 856 4455 sulliciet.
885 4399 1071 4470 Neque
1099 4402 1364 4457 hactenus
1388 4418 1480 4458 res
1511 4401 1629 4455 visa
1670 4407 1755 4456 est
1785 4413 1977 4453 neces-

397 4491 569 4554 saria,
622 4492 730 4546 nisi
780 4493 898 4562 ipse
943 4492 1148 4563 aliquid
1206 4494 1471 4548 suaseris.
1526 4491 1658 4546 Nam
1709 4499 1765 4546 et
1812 4498 1970 4545 tuum

396 4584 730 4651 exspectabo
769 4583 1084 4655 consilium,
1112 4591 1171 4637 ut
1200 4585 1472 4639 sententia
1515 4583 1780 4638 ﬁrmetur.
1814 4580 1966 4647 Qua-

374 4682 620 4743 .propter
648 4688 802 4745 rogo,
838 4681 898 4729 ut
926 4673 1041 4728 cito
1067 4675 1230 4730 nobis
1261 4690 1356 4744 per
1405 4675 1641 4743 aliquem
1687 4687 1753 4727 ex
1786 4672 1975 4742 probis

397 4763 683 4827 fratribus,
708 4764 840 4835 quid
871 4765 1047 4820 visum
1081 4763 1242 4818 fuerit
1266 4773 1372 4818 tuae
1396 4762 1717 4833 perfectioni
1751 4777 1815 4816 ac
1838 4762 1977 4815 divi-

396 4854 546 4908 nitus
575 4864 733 4910 motae
755 4855 1078 4926 prudentiae.
1105 4854 1404 4925 signiﬁces.

2083 3770 2234 3826 ρειαν
2261 3752 2369 3805 τῶν
2414 3750 2707 3823 αἰρετικῶν
2757 3750 3229 3822 ἀνακληθήσεσθαι
3264 3752 3346 3814 εἰς
3402 3755 3463 3804 τὸ
3497 3767 3638 3819 cupa-

2079 3845 2323 3909 τόπεδον,
2365 3845 2456 3898 ἐπὶ
2502 3845 2771 3915 προφάσει
2828 3844 2892 3914 δὴ
2941 3845 3039 3914 τῆς
3076 3845 3331 3915 εἰρήνης⁹
3372 3846 3467 3898 καὶ
3502 3842 3642 3897 τοῦτο

2078 3936 2386 3991 ἀκούσαντα
2413 3936 2526 4005 (72)
2558 3938 2651 3989 κα)¹
2682 3936 2770 3989 τὸν
2804 3936 3097 3989 ἐπίσκοπον
3133 3934 3282 3989 τόνδε
3333 3934 3642 3989 ἐπεσταλκὲ-

2079 4047 2168 4084 ναι
2196 4031 2330 4100 ἡμῖν
2352 4030 2651 4083 σπουδάσαι
2671 4029 2798 4099 περὶ
2819 4027 2915 4098 τὴν
2936 4028 3361 4097 Μεσοποταμίαν
3383 4027 3636 4097 γενέσθαι,

2080 4121 2174 4174 καὶ
2201 4120 2308 4172 τῶν
2338 4121 2454 4173 ἐκεῖ
2476 4121 2601 4182 τοὺς
2632 4119 2915 4188 ὁμοδόξους
2940 4119 3033 4172 καὶ
3056 4118 3517 4187 ὲπικρατύνοντας
3542 4118 3637 4186 (ἷό)

2077 4210 2147 4264 τὰ
2180 4209 2289 4263 τῶν
2327 4211 2664 4276 Ἐκκλησιῶν
2692 4210 3084 4280 συναγαγόντα,
3125 4212 3240 4280 μετ’
3276 4211 3457 4264 αὐτῶν
3483 4210 3639 4280 ὁρμῆ-

2081 4318 2172 4354 σαι
2219 4301 2357 4373 πρὸς
2415 4302 2506 4355 τὸν
2566 4302 2810 4372 βασιλέα.
2871 4303 3022 4373 Ἐμοὶ
3048 4302 3105 4355 δὲ
3136 4301 3275 4372 τάχα
3315 4301 3415 4372 μὲν
3440 4299 3639 4354 οὐδὲτὸ

2080 4394 2240 4467 σῶμα
2261 4396 2392 4449 αὐτὸ
2426 4395 2561 4467 πρδς
2602 4395 2701 4464 τὴν
2735 4396 2793 4446 ἐν
2829 4391 2909 4463 τῷ
2953 4393 3181 4463 χειμῶνι
3221 4392 3526 4464 ὁδοιπορίαν
3550 4392 3637 4461 ἀρ-

2079 4487 2264 4539 κέσει·
2301 4487 2440 4550 τέως
2485 4487 2542 4540 δὲ
2593 4485 2717 4538 οὐδὲ
2760 4485 3055 4551 ἀναγκαῖον
3085 4482 3148 4535 τὸ
3189 4485 3421 4554 πρᾶγμα
3460 4480 3633 4551 ἐφάνη.

2075 4578 2213 4650 πλὴν
2247 4580 2294 4631 εί
2324 4577 2399 4650 μὴ
2430 4578 2595 4640 αὐτὸς
2617 4574 3027 4647 συμῦουλεύσῃς
3060 4574 3194 4646 (74).
3236 4575 3513 4647 Ἀναμενῶ
3538 4572 3633 4640 γὰρ

2075 4671 2171 4723 καὶ
2215 4670 2314 4741 τὴν
2363 4668 2515 4741 παρὰ
2561 4670 2660 4739 τῆς
2687 4667 2995 4731 θεοσεϐείας
3027 4683 3120 4719 σου
3151 4667 3478 4737 συμϐουλὴν,
3512 4665 3634 4717 ῶστε

2076 4762 2446 4831 κρατυνθῆναι
2496 4761 2598 4830 τὴν
2657 4758 2905 4831 γνώμην.
2963 4758 3056 4812 Διὸ
3108 4758 3413 4830 παρακαλῶ
3461 4758 3633 4811 θᾶττον

2078 4855 2210 4923 ἡμῖν
2271 4851 2360 4905 διά
2400 4868 2544 4915 τινος
2591 4850 2699 4903 τῶν
2747 4849 3057 4904 σπουδαίων
3099 4850 3347 4919 ἀδελφῶν
3376 4851 3437 4903 τὸ
3478 4864 3634 4919 παρα·

398 4947 530 4999 στὰν
564 4951 631 5018 τῇ
677 4924 973 5020 τελειότητι
1013 4965 1105 5002 σου
1136 4924 1231 5001 καὶ
1268 4947 1437 5017 ὲνθέῳ
1483 4924 1692 5000 συνέδει
1727 4934 2127 5015 φανερωθῆναι.

466 5064 652 5120 'Psal.
684 5079 819 5130 cm,
852 5062 906 5119 7.
977 5063 998 5094 ⁸
1029 5062 1048 5116 l
1086 5062 1228 5118 Tim.
1267 5077 1347 5126 Ill,
1378 5060 1431 5144 Ε.
1504 5060 1550 5091 ¹⁰
1578 5060 1593 5113 l
1623 5055 1751 5113 Cor.
1784 5074 1904 5121 vm,
1941 5056 2035 5112 12.

469 5176 684 5248 finias
698 5173 949 5248 οεωιιι.
993 5176 1207 5248 Scripta
1243 5191 1387 5231 anno
1420 5173 1547 5248 575.

468 5245 583 5317 (69)
642 5245 771 5311 Τὴν
799 5242 1132 5315 ὁσιότητα(
1152 5248 1283 5317 Reg.
1311 5245 1638 5317 _secundus.
1676 5242 1869 5317 Paris.
1918 5251 1975 5297 et

395 5313 572 5388 Ceisl.
593 5317 882 5388 secundus
899 5319 966 5388 τῇ
994 5313 1258 5386 όσιότητιῖ
1310 5315 1482 5371 Paulo
1511 5321 1635 5385 post
1675 5313 1841 5368 iidem
1879 5327 1976 5367 co-

397 5385 551 5457 dices
568 5385 727 5457 ὑπὲρ
757 5385 1048 5457 εὐχόμενον
1076 5385 1197 5457 τῆξ.

473 5453 583 5525 (70)
624 5450 734 5509 Τοῦ
755 5450 1108 5526 ἐγείροντος.
1134 5450 1313 5512 Όοὶεἰ.
1346 5455 1553 5527 primus
1584 5462 1637 5508 et
1663 5450 1843 5508 Paris.
1876 5450 1971 5504 τοῦ

396 5524 724 5579 ιγείοαντος.

428 5539 724 5593 γειραντος.

472 5592 583 5664 (7|)
651 5594 839 5663 Ἠμῶν
887 5594 1079 5663 Ἰησοῦ
1140 5592 1416 5660 Χριστοῦ.
1470 5592 1546 5647 Ita
1587 5606 1778 5646 omnes
1834 5606 1970 5646 mss.

396 5663 541 5737 Editi
575 5663 732 5737 ἠῲν
758 5666 825 5737 τῇ
852 5665 948 5737 τοῦ
978 5665 1237 5737 Χριστοῦ.
1296 5663 1501 5718 Ibidem
1536 5664 1677 5720 male
1713 5664 1769 5716 in
1801 5661 1964 5716 editis

397 5733 723 5809 nauseat
755 5733 853 5809 μή.
887 5733 1109 5809 Μεείρι
1142 5736 1384 5809 in_textu.

470 5803 584 5874 (72)
629 5799 1008 5857 Ἀκοῦάαντα.
1040 5801 1153 5874 Ope
1182 5804 1313 5875 Reg.
1342 5801 1570 5860 secundi
1599 5810 1655 5857 et
1678 5799 1846 5857 Coisl.
1875 5814 1966 5857 se-

2012 5178 2058 5236 ι)
2085 5168 2251 5224 eundi
2287 5168 2705 5226 emendavimus
2730 5169 2874 5239 quod
2913 5169 3163 5239 pravein,
3182 5167 3345 5223 editis
3373 5163 3629 5236 legebatur

2082 5238 2434 5302 ἀκούσαντες.
2467 5239 2667 5294 Ibidem
2699 5238 2829 5294 editi
2854 5238 3279 5293 ἀπεσταλκέναι.
3306 5239 3473 5292 Coisl.
3499 5246 3627 5286 uter-

2077 5324 2202 5377 que.
2232 5307 2367 5378 Reg.
2402 5309 2704 5373 secundus,
2735 5310 2907 5364 Paris.
2938 5317 2992 5364 et
3028 5309 3271 5362 Clarum.
3305 5317 3367 5378 ut
3393 5308 3447 5361 in
3475 5310 3625 5378 test".

2078 5372 2387 5448 Ενῖεευρῑιε
2421 5380 2513 5449 qui
2549 5380 2663 5437 haec
2692 5372 2905 5435 Basilio
2951 5379 3198 5449 scripsit.
3235 5377 3453 5432 videtur
3480 5372 3624 5449 male:

2078 5438 2189 5502 tius
2215 5438 2408 5509 fuisse,
2440 5438 2606 5517 idque
2635 5451 2917 5519 colligitur
2965 5463 3030 5503 ex
3068 5438 3233 5502 initio
3260 5448 3501 5517 epistnlm
3517 5438 3623 5519 2H3.

2147 5519 2259 5583 (75)
2299 5509 2854 5586 Ἐπικράτύνοντᾶς.
2884 5518 2958 5573 Ita
2989 5534 3124 5574 mss.
3157 5534 3251 5573 sex
3290 5509 3389 5588 pro
3418 5531 3481 5571 eo
3500 5509 3624 5582 (μιοά

2074 5597 2199 5660 erat
2217 5589 2281 5660 in
2314 5588 2478 5660 editis
2508 5589 2962 5660 ἐπικρατοῦντας.

2146 5650 2259 5725 (74)
2283 5650 2775 5726 Συμὸουλεύὰῃς.
2806 5650 2994 5727 καθίει.
3037 5665 3271 5727 uterque
3301 5665 3357 5712 et
3399 5654 3623 5727 Πομ-ξο-

2072 5718 2765 5798 ςιιίηίιίεσῦμῦουλεύσεῖξ.
2796 5726 2912 5782 Sub
2936 5728 3095 5782 linem
3132 5718 3260 5782 editi
3294 5728 3351 5784 έν
3378 5718 3622 5781 Θεῶ.Μο-

2073 5796 2184 5854 lius
2211 5796 2667 5869 Coisl.'uterque,
2700 5813 2842 5869 quos
2860 5798 3036 5855 secuti
3070 5813 3286 5854 sumus.
