3900 6208
389 319 491 377 787

1698 324 1769 381 S..
1803 323 2049 381 BASILH
2083 322 2298 380 MAGNI

3515 325 3606 380 ἶεὸ

382 410 587 491 habere
612 436 883 505 cupimus,
916 445 970 493 et
1011 438 1251 494 maxime
1276 455 1403 511 erga
1437 438 1773 496 domesticos
1810 440 1954 504 ﬁdei,

2068 436 2303 512 ἀκριϐῶς
2330 437 2714 510 διηγήσασθαι,
2736 434 3158 509 παρακαλοῦμεν
3183 436 3275 489 ὑπ’
3295 435 3466 488 αὑτῶν
3487 435 3609 506 πλη-

385 526 722 595 gratulamur
750 527 817 584 iis
847 529 939 599 qui
965 529 1177 586 litteras
1199 529 1369 585 Roma
1399 539 1749 602 acceperunt.
1776 532 1954 601 Atque

384 615 603 671 etiamsi
634 617 782 687 quod
832 618 1197 675 honoriﬁcum
1239 626 1294 675 et
1338 636 1595 692 magnum
1627 622 1807 677 ferant
1848 622 1957 677 illis

386 708 785 775 testimonium,
817 721 1071 782 optamus
1102 727 1289 767 verum
1331 713 1469 768 illud
1507 728 1652 776 esse,
1692 723 1746 770 et
1778 715 1960 784 operi-

384 799 489 855 bus
538 801 672 871 ipsis
718 803 1123 857 conﬁrmatum.
1168 802 1287 858 Non
1334 804 1542 860 idcirco
1587 815 1765 859 tamen
1824 804 1957 859 mihi

386 888 504 958 ipse
545 906 784 961 unquam
828 894 1158 963 persuadere
1189 894 1417 964 possim,
1456 902 1516 948 ut
1551 903 1646 949 aut
1679 894 1957 950 Meletium

384 981 650 1052 ignorem,
690 980 797 1038 aut
831 982 1086 1041 Ecclesia
1132 987 1224 1040 cui
1257 994 1449 1056 praeest
1494 986 1815 1051 obliviscar,
1866 995 1961 1040 aut

384 1071 738 1141 qumstiones,
793 1075 860 1131 de
917 1079 1119 1147 quibus
1165 1079 1234 1132 ab
1284 1078 1443 1133 initio
1479 1087 1607 1132 nata
1656 1077 1958 1143 dissensio,

383 1163 553 1219 exiles
583 1173 792 1234 putem,
823 1175 878 1220 et
908 1170 1061 1238 parvi
1100 1168 1169 1223 ad
1208 1170 1426 1239 pictatis
1454 1170 1797 1240 propositum
1834 1185 1959 1226 mo-

384 1256 573 1313 menti.
606 1256 720 1329 Ego
758 1260 913 1314 enim
939 1275 1049 1315 non
1100 1262 1301 1325 solum,
1343 1261 1391 1316 si
1419 1262 1646 1331 quisoh
1676 1268 1961 1333 acceptam

384 1342 455 1397 ab
474 1344 787 1403 hominibus
811 1349 1095 1418 epistolam
1134 1349 1413 1414 ederatur,
1445 1365 1554 1405 non
1584 1351 1790 1406 idcirco
1820 1351 1960 1406 abs-

382 1433 527 1487 trahi
580 1452 666 1491 nie
694 1453 936 1507 unquam
966 1448 1020 1494 et
1043 1440 1274 1496 subduci
1306 1442 1484 1511 patiar
1518 1460 1531 1496 :
1563 1442 1657 1497 sed
1689 1458 1884 1513 neque,
1909 1443 1960 1497 si

381 1538 448 1577 ex
482 1524 618 1595 ipsis
654 1530 820 1584 missa
852 1529 924 1584 sit
952 1531 1130 1595 oculis,
1164 1547 1268 1587 nec
1296 1546 1487 1587 sanam
1521 1532 1617 1587 ille
1638 1532 1959 1603 proﬁteatur

382 1616 511 1673 ﬁdei
542 1620 872 1686 doctrinam.
916 1640 1139 1695 possum
1168 1627 1322 1681 illum
1353 1635 1672 1683 sanctorum
1710 1642 1959 1683 commu-

383 1709 566 1768 nionis
587 1714 910 1786 participem
940 1717 1277 1774 existimare.

2060 531 2424 605 ροφορηοῆναι
2458 529 2589 602 (81).
2613 530 2759 601 Πλὴν
2786 528 2899 583 ἀλλ’
2929 528 3117 600 ἐπειδὴ
3144 528 3356 592 οὐδενὸς
3396 544 3609 597 κατηγο-

2058 622 2280 694 ροῦμεν,
2311 620 2421 694 (82)
2446 619 2583 693 πρὸς
2608 621 2813 686 πάντας
2832 621 2888 675 δὲ
2913 620 3057 691 ἔχειν
3081 618 3346 690 εὐχόμεθα
3373 618 3468 689 τὴν
3488 616 3608 685 ἀγά-

2056 730 2187 785 πην,
2208 713 2302 767 καὶ
2327 712 2561 784 μάλιστα
2573 712 2708 784 πρὸς
2721 713 2847 777 τοὺς
2861 712 3095 774 οἰκείους
3114 711 3214 781 τῆς
3224 710 3473 774 πίττεως,
3491 727 3610 778 συγ-

2056 805 2320 875 χαίρομεν
2363 806 2475 869 τοῖς
2523 803 2912 876 κομισαμένοις
2957 804 3025 858 τὰ
3064 804 3172 857 ἀπὸ
3200 802 3419 874 Ῥώμης
3444 802 3611 873 γράμ-

2060 913 2208 966 ματα
2289 895 2405 949 Κᾶν
2455 912 2575 948 τινα
2624 898 2828 967 σεμνὴν
2891 895 2986 948 καὶ
3024 894 3266 965 μεγάλην
3310 892 3409 964 ἔχῃ
3446 893 3613 954 αὐτοῖς

2066 986 2394 1058 μαρτυρίαν,
2446 985 2719 1056 εὐχόμεθα
2765 984 2941 1055 ἀληθῆ
2992 978 3134 1038 εἶναι
3182 982 3410 1051 ταύτην,
3444 983 3533 1035 καὶ
3552 982 3611 1034 δι’

2058 1077 2240 1131 αὐτῶν
2289 1077 2400 1145 (85)
2443 1076 2553 1131 τῶν
2606 1078 2784 1151 ἔργων
2841 1076 3257 1148 βεϐαιουμένην.
3307 1076 3384 1129 Οὐ
3449 1074 3614 1146 μέντοι

2057 1168 2248 1224 τούτου
2301 1186 2367 1238 γε
2428 1168 2618 1223 ἕνεκεν
2653 1168 2932 1240 δυνάμεθὰ
2967 1185 3096 1223 ποτε
3131 1168 3362 1230 ἑαυτοὺς
3392 1164 3613 1235 πεῖσαιῆ

2056 1260 2317 1316 Μελέτιον
2348 1261 2634 1331 ἀγνοῆσαι,
2659 1260 2812 1332 ἢτῆς
2840 1260 2930 1314 ὑπ’
2963 1260 3126 1315 αὑτὸν
3166 1257 3490 1328 Ἐκκλησίας
3506 1258 3616 1309 ἐπι-

2056 1350 2337 1416 λαθέσθαι,
2369 1349 2501 1422 ἢτὰ
2526 1349 2835 1421 ζητήματα,
2869 1349 3013 1419 ὑπὲρ
3045 1343 3122 1402 ὧν
3159 1348 3217 1415 ἐξ
3244 1348 3421 1418 ἀρχῆς
3453 1348 3487 1417 ἡ
3516 1344 3617 1398 διά-

2059 1457 2250 1505 στασις
2293 1441 2509 1510 γέγονε,
2557 1440 2730 1512 μικρὰ
2759 1440 3094 1512 ἡγήσασθαι,
3141 1439 3236 1494 καὶ
3264 1439 3454 1511 ὀλίγην
3489 1438 3618 1508 ἔχειν

2055 1531 2318 1605 διαφορὰν
2374 1532 2595 1602 νομίσαι
2644 1533 2782 1605 πρὸς
2810 1533 2904 1587 τὸν
2944 1533 3043 1604 τῆς
3086 1532 3372 1594 εὐσεϐείας
3409 1531 3615 1584 σκοπόν.

2070 1624 2211 1694 Ἐγὼ
2273 1625 2402 1697 γὰρ,
2435 1626 2533 1696 οὐχ
2584 1627 2734 1691 ὅπως
2781 1628 2831 1679 εί
2883 1626 3170 1696 ἐπιστολήν
3208 1642 3299 1688 τις
3332 1621 3620 1695 ἀνθρώπων

2057 1716 2371 1787 δεξάμενος,
2396 1718 2482 1770 ἐπ’
2502 1717 2640 1789 αὐτῇ
2673 1717 2816 1789 μέγα
2834 1720 3044 1788 φρονεῖ,
3068 1716 3258 1770 τούτου
3289 1716 3474 1769 ἕνεκεν
3502 1715 3623 1767 ὑπο-

386 1805 646 1878 σταλῆναί
683 1827 814 1864 ποτε
841 1812 1230 1884 καταδέξομαι·
1272 1814 1391 1867 ἀλλ’
1427 1812 1537 1868 οὐδ’
1575 1813 1641 1868 ἂν
1672 1813 1733 1881 ἐξ
1770 1813 1958 1867 αὑτῶν.
1987 1814 2100 1887 ἥκῃ
2125 1813 2235 1866 τῶν
2258 1811 2524 1885 οὐρανῶν,
2558 1812 2634 1885 μὴ
2698 1814 2882 1885 στοιχῇ
2915 1812 2972 1867 δὲ
3029 1811 3108 1885 τῷ
3149 1813 3446 1882 ὑγιαίνοντι
3490 1812 3623 1886 λόγῳ

382 1894 482 1964 τῆς
505 1897 762 1967 πίστεως,
787 1902 1020 1975 δύναμαι
1048 1904 1211 1959 αὑτὸν
1231 1906 1485 1960 κοινωνὸν
1515 1905 1824 1978 ἡγήσασθαι
1846 1906 1954 1961 τῶν
1992 1907 2186 1975 ἁγίων.

451 2016 506 2070 5.
537 2016 700 2087 322
729 2016 867 2075 Illud
896 2020 1042 2075 enim
1073 2023 1284 2091 cogita,
1317 2022 1403 2076 vir
1429 2024 1785 2089 admirando,
1814 2024 1960 2078 veri-

2130 2023 2185 2078 5.
2232 2021 2591 2096 Ἐνθυμήθητι
2622 2022 2751 2095 γὰρ,
2791 2040 2836 2075 ω
2863 2019 3152 2091 θαυμάσιε,
3190 2022 3273 2075 ὅτι
3306 2021 3359 2073 oi
3387 2038 3624 2093 παραχα-

382 2106 511 2162 tatis
548 2119 902 2180 corruptores
927 2151 941 2176 ,
973 2112 1067 2183 qui
1098 2112 1363 2169 Arianum
1407 2115 1646 2170 schisma
1675 2114 1732 2169 in
1763 2129 1956 2170 sanam

380 2206 596 2267 patrum
621 2201 888 2257 inducunt
918 2202 1099 2270 ﬁdem,
1131 2205 1335 2259 nullam
1366 2207 1529 2261 aliam
1556 2206 1805 2276 proferre
1828 2220 1960 2261 cau-

381 2297 499 2338 sam
519 2327 534 2353 ,
567 2302 669 2342 cur
693 2289 843 2359 pium
871 2299 1087 2363 patrum
1117 2293 1311 2363 dogma
1346 2309 1455 2349 non
1484 2296 1786 2366 recipiant,
1818 2311 1959 2367 prae-

384 2383 467 2430 ter
505 2379 995 2439 consubstantialis
1024 2385 1325 2452 notionem,
1364 2401 1528 2458 quam
1560 2403 1725 2457 prave
1769 2387 1873 2458 ipsi
1902 2396 1959 2443 et

381 2467 449 2523 ad
478 2468 602 2526 lidei
628 2472 798 2529 totius
827 2474 1158 2530 calumniam
1189 2485 1505 2547 exponunt,
1537 2481 1667 2534 dum
1699 2477 1894 2535 Filium
1927 2496 1959 2535 a

380 2561 543 2616 nobis
579 2562 836 2619 dictitant
876 2567 1179 2622 secundum
1220 2568 1559 2640 hypostasim
1591 2571 1957 2627 consubstan-

381 2651 567 2707 tialem
599 2657 930 2712 asseverari.
968 2656 1067 2713 llis
1094 2658 1141 2714 si
1173 2674 1338 2730 quam
1367 2661 1715 2717 occasionem
1743 2659 1961 2718 dederi-

382 2759 529 2810 mus,
561 2746 692 2801 dum
724 2747 793 2804 ab
822 2749 891 2803 iis
922 2748 1250 2821 abripimur,
1280 2750 1376 2822 qui
1407 2752 1760 2822 simplicitate
1786 2751 1959 2823 magis

383 2852 546 2906 quam
578 2839 790 2893 malitia
820 2839 935 2896 haec
957 2849 1052 2895 aut
1079 2841 1167 2897 his
1207 2842 1410 2898 similia
1434 2844 1626 2899 dicunt
1647 2884 1660 2908 ,
1689 2844 1824 2899 nihil
1858 2845 1960 2899 im-

382 2929 533 2999 pedit
562 2930 860 3000 quominus
890 2932 1275 2992 iueluctabiles
1306 2936 1362 2990 in
1393 2951 1495 2992 nos
1523 2952 1687 2991 ansas
1718 2937 1963 3007 praebea-

2058 2114 2256 2187 ράκται
2298 2113 2401 2184 τῆς
2447 2112 2726 2185 ἀληθείας,
2784 2115 2834 2166 οἱ
2874 2112 2935 2166 τὸ
2985 2112 3259 2184 Ἀρειανὸν
3318 2112 3523 2184 σχίσμα
3560 2114 3627 2182 τῇ¹

2057 2203 2201 2271 ὑγιεῖ
2229 2201 2337 2257 τῶν
2366 2202 2617 2275 πατέρων
2638 2202 3097 2272 ἐπεισαγαγόντες
3125 2202 3235 2273 (84)
3259 2202 3463 2268 πίστει,
3487 2201 3624 2255 οὐδε-

2060 2295 2188 2365 μίαν
2248 2292 2417 2365 ἄλλην
2472 2295 2650 2348 αἰτίαν
2711 2294 3108 2367 προϐάλλονται
3171 2296 3266 2350 τοῦ
3323 2295 3402 2367 μὴ
3459 2313 3623 2368 παρα-

2055 2383 2302 2455 δέχεσθαι
2329 2384 2389 2437 τὸ
2423 2384 2643 2448 εὐσεϐὲς
2667 2385 2776 2437 τῶν
2798 2385 3049 2457 πατέρων
3089 2385 3288 2456 δόγμα,
3323 2386 3358 2457 ἦ
3399 2384 3496 2457 τὴν
3537 2384 3622 2438 τοῦ

2055 2476 2343 2547 όμοουσίου
2359 2476 2616 2542 διάνοιαν,
2643 2476 2711 2548 ἦν
2736 2476 2890 2530 αὑτοὶ
2912 2476 3165 2547 πονηρῶς
3185 2477 3280 2530 καὶ
3305 2478 3400 2530 ἐπὶ
3418 2475 3622 2545 διαϐολῇ

2056 2568 2159 2638 τῆς
2197 2567 2327 2638 ὅλης
2377 2567 2490 2642 (85)
2542 2568 2779 2632 πίστεως
2828 2566 3184 2639 ἐξηγοῦνται,
3228 2568 3488 2637 λέγοντες
3541 2567 3625 2620 τὸν

2058 2661 2187 2714 Υίδν
2222 2660 2366 2714 κατὰ
2394 2660 2497 2733 τὴν
2546 2660 2846 2714 ὑπόστασιν
2884 2659 3167 2730 όμοούσιον
3210 2659 3467 2729 λέγεσθαι
3505 2657 3626 2730 παρ’

2057 2754 2239 2827 ἡμῶν.
2276 2748 2372 2817 Οἷς
2411 2753 2508 2808 ἐάν
2537 2770 2660 2807 τινα
2709 2753 2888 2825 δῶμεν
2919 2752 3193 2824 ἀφορμὴν,
3239 2754 3304 2806 ἐκ
3351 2751 3449 2806 τοῦ
3488 2768 3627 2822 περι-

2060 2846 2321 2918 φέρεσθαι
2363 2848 2481 2909 τοῖς,
2516 2845 2583 2898 δι’
2621 2845 2901 2916 ἁπλότητα
2954 2843 3239 2916 μᾶλλον,ῆ
3291 2844 3384 2898 διὰ
3441 2843 3626 2898 κακίαν

2056 2936 2232 2990 ταῦτα
2276 2936 2311 3006 ἦ
2358 2936 2428 2989 τὰ
2474 2935 2688 2999 τούτοις
2736 2936 3092 3007 παραπλήσια
3145 2935 3431 3004 λέγουσιν,
3485 2933 3630 2987 οὐδὲν

383 3035 545 3087 inus,
587 3036 888 3093 eorumque
931 3025 1254 3082 roboremus
1282 3027 1565 3096 haeresim,
1609 3028 1811 3098 quibus
1842 3028 1960 3085 haec

2068 3028 2258 3083 κωλύει
2279 3032 2375 3082 καὶ
2400 3029 2548 3099 ἡμεῖς
2574 3029 3001 3099 ἁναντιρῤήτους
3025 3028 3122 3098 μὲν
3149 3027 3332 3082 δοῦναι
3356 3026 3479 3081 καθ’
3512 3029 3626 3079 ἐαυ-

382 3126 492 3165 una
515 3112 837 3169 exercitatio
862 3125 966 3182 est,
991 3117 1119 3172 dum
1143 3119 1197 3173 in
1229 3117 1477 3175 Ecclesia
1501 3121 1826 3192 loquuntur,
1850 3137 1959 3176 non

2068 3121 2168 3175 τῶν
2198 3121 2298 3185 τὰς
2327 3120 2519 3184 λαϐὰς,
2569 3119 2794 3191 ἰσχυρὰν
2846 3119 2905 3173 δὲ
2950 3119 3183 3183 ἐκείνοις
3226 3120 3627 3172 κατασκευάσαι

384 3221 484 3262 sua
504 3207 770 3274 stabilire,
796 3210 890 3267 sed
915 3221 1107 3269 nostra
1125 3215 1471 3270 calumniari.
1493 3215 1754 3284 Quaenam
1776 3226 1959 3273 autem

2068 3214 2157 3286 τὴν
2187 3214 2420 3286 αἵρεσιν,
2453 3207 2535 3276 οἷς
2570 3213 2670 3284 μία
2704 3211 2904 3283 μελέτη
2946 3212 3113 3276 ἐστὶν,
3173 3211 3231 3263 ὲν
3252 3214 3369 3274 τοῖς
3406 3210 3499 3263 ἐπὶ
3537 3210 3628 3279 τῆς

382 3298 487 3354 hac
534 3301 809 3358 calumnia
856 3306 1076 3374 gravior
1122 3322 1244 3363 esse
1289 3308 1487 3377 possit,
1531 3315 1586 3364 et
1632 3307 1702 3363 ad
1754 3311 1960 3364 multos

2075 3306 2402 3377 Ἐκκλησίας
2432 3306 2681 3374 λόγοιςοὺ
2698 3304 2766 3358 τὰ
2791 3303 2999 3357 ἑαυτῶν
3025 3301 3479 3367 κατασκευάζειν,
3503 3300 3628 3354 ἀλλὰ

383 3395 808 3452 commovendos
836 3397 1035 3465 aptior,
1061 3414 1224 3469 quam
1257 3401 1303 3456 si
1333 3404 1427 3471 qui
1458 3416 1527 3456 ex
1550 3402 1711 3458 nobis
1737 3402 1960 3459 videan-

2068 3399 2132 3454 τὰ
2158 3400 2402 3471 ἡμέτερα
2424 3397 2748 3452 διαϐάλλειν.
2783 3396 2880 3461 Τίς
2903 3396 2948 3450 δ’
2976 3395 3042 3450 ἂν
3072 3396 3283 3465 γένοιτο
3323 3398 3426 3465 τῆς
3458 3393 3626 3449 διαδο-

384 3488 476 3535 tur
512 3479 694 3540 Patris
736 3492 791 3540 et
822 3484 947 3543 Filii
978 3496 1034 3543 et
1062 3487 1301 3560 Spiritus
1349 3493 1530 3547 sancti
1578 3508 1742 3547 unam
1790 3494 1962 3565 hypo-

383 3574 579 3629 stasim
626 3575 832 3643 dicere,
884 3578 1002 3648 qui,
1049 3580 1269 3636 etiamsi
1323 3583 1549 3638 omnino
1598 3598 1960 3653 personarum

385 3666 745 3724 differentiam
777 3678 964 3740 aperte
988 3672 1251 3741 doceant:
1277 3675 1403 3745 quia
1431 3682 1613 3731 tamen
1643 3675 1749 3731 hoc
1782 3676 1959 3747 ipsum

385 3761 539 3830 prius
571 3775 894 3833 usurpatum
926 3774 1012 3820 est
1040 3781 1071 3819 a
1104 3766 1363 3833 Sabellio,
1408 3784 1575 3823 unum
1606 3768 1829 3839 quidem
1861 3769 1962 3841 by-

384 3852 594 3920 postasi
621 3850 791 3907 Deum
819 3868 944 3910 esse
968 3855 1207 3921 dicente,
1242 3856 1336 3912 sed
1373 3858 1475 3913 sub
1510 3856 1745 3915 diversis
1767 3874 1960 3929 perso-

385 3945 476 3998 nis
501 3959 533 3998 a
561 3943 846 4017 Scriptura
870 3950 1275 4018 repraesentari,
1299 3966 1398 4021 pro
1422 3953 1642 4022 prapria
1664 3966 1963 4007 occurren-

387 4035 459 4090 tis
491 4036 726 4093 subinde
751 4055 884 4095 usus
911 4041 1124 4096 ratione
1147 4059 1162 4108 ;
1192 4056 1257 4096 ac
1278 4058 1424 4097 nunc
1450 4043 1670 4113 quidem
1702 4051 1961 4115 paternas

387 4126 541 4181 illum
579 4129 682 4183 sibi
724 4131 1146 4187 accommodare
1166 4147 1350 4198 voces,
1373 4148 1497 4188 cum
1522 4133 1690 4203 hujus
1711 4149 1963 4204 persona:

388 4220 546 4274 adest
578 4222 837 4277 occasio:
880 4238 1028 4279 nunc
1061 4240 1192 4280 vero
1219 4239 1315 4281 eas
1355 4241 1479 4296 quae
1516 4224 1716 4281 Filium
1746 4225 1960 4291 decent,

387 4325 514 4364 cum
548 4311 614 4365 ad
656 4312 829 4366 nostri
870 4314 1278 4384 suscipiendam
1323 4330 1547 4381 curam,
1579 4325 1674 4371 aut
1722 4320 1791 4371 ad
1827 4318 1963 4373 alias

387 4403 655 4474 quasdam
679 4406 1051 4461 oeconomicas
1083 4407 1436 4478 operationes
1463 4408 1748 4464 descendit
1772 4428 1786 4463 :
1815 4423 1964 4465 nunc

389 4494 613 4551 tandem
666 4494 907 4567 Spiritus
954 4497 1180 4554 induere
1209 4514 1542 4570 personam,
1586 4515 1712 4555 cum
1749 4508 1964 4570 tempus

386 4588 644 4660 proprias
675 4588 841 4660 hujus
863 4604 1113 4659 persona:
1136 4605 1300 4647 voces
1322 4594 1607 4662 exposcit;
1636 4592 1684 4647 si
1713 4593 1806 4663 qui
1834 4608 1965 4663 ergo

386 4679 553 4735 etiam
586 4681 731 4750 apud
759 4695 858 4736 nos
892 4696 1062 4736 unum
1090 4681 1336 4752 subjecto
1356 4682 1575 4739 Patrem
1600 4691 1654 4737 et
1684 4682 1883 4739 Filium
1910 4693 1964 4738 et

300 4788 306 4795 α
389 4770 656 4841 Spiritum
680 4782 933 4827 sanctum
960 4772 1146 4829 dicere
1167 4772 1672 4843 deprehendantur,
1695 4783 1810 4829 tres
1833 4790 1964 4831 vero

388 4880 653 4936 personas
676 4864 949 4936 perfectas
972 4866 1255 4921 conﬁteri:
1282 4867 1556 4936 quomodo
1580 4882 1687 4923 non
1714 4879 1962 4937 apertum

387 5074 775 5135 Athanasium.
829 5080 889 5128 ut
933 5073 1200 5130 scriberet
1240 5073 1489 5132 Paulino.
1538 5074 1810 5131 Prazterea
1849 5091 1961 5131 non

390 5146 638 5209 dubium,
688 5144 841 5215 quin
875 5143 993 5215 haec,
1037 5144 1277 5215 epistola
1315 5142 1603 5215 Paulinum
1646 5146 1962 5215 episcopum

392 5213 717 5286 salutaverit
749 5234 762 5268 :
795 5213 999 5286 alioqui
1049 5214 1184 5268 nihil
1234 5214 1285 5269 ei
1330 5214 1648 5286 profuisset.
1678 5213 1749 5269 At
1782 5213 1965 5271 causa:

390 5281 606 5339 Paulini
636 5281 972 5355 Athanasius
997 5295 1189 5355 aperte
1214 5281 1347 5339 ηοη’
1364 5284 1517 5350 lavit,
1542 5294 1835 5355 antequam
1870 5301 1964 5340 ve-

394 5353 945 5425 n_irethntiochiam.
996 5352 1151 5410 Tunc
1200 5356 1344 5425 enim
1395 5352 1717 5425 prepensior
1748 5366 1867 5410 erat
1907 5356 1963 5408 in

395 5423 693 5486 Mcletium,
726 5437 790 5493 ac
833 5425 1045 5478 omnino
1082 5424 1317 5493 optabat,
1351 5423 1409 5478 ut
1449 5423 1551 5480 sibi
1579 5442 1698 5480 cum
1728 5441 1788 5479 eo
1817 5441 1963 5480 com-

396 5494 576 5547 munio
615 5492 1011 5547 conciliaretur.

470 5563 580 5632 (81)
614 5562 1173 5632 Πληροερορηθῆναι.
1199 5562 1291 5619 Sic
1314 5564 1672 5622 vetustissimi
1694 5571 1806 5621 tres
1832 5580 1963 5623 mss.

397 5642 449 5686 et
479 5633 570 5704 alii
599 5632 730 5704 duo.
764 5632 903 5704 Editi
934 5633 1268 5704 διδαχθῆναι.

469 5703 578 5774 (82)
614 5701 746 5756 Vide
776 5701 1056 5758 Addenda.

2061 3492 2160 3563 λῆς
2184 3490 2383 3561 ταύτης
2415 3487 2793 3561 χαλεπωτέρα,
2835 3487 2931 3542 καὶ
2967 3486 3168 3558 μᾶλλον
3211 3486 3487 3559 δυναμένη
3514 3486 3627 3547 τοὺς

2063 3583 2291 3646 πολλοὺς
2331 3580 2703 3644 διασαλεῦσαι,
2753 3580 2788 3652 ἢ
2823 3584 2872 3635 εί
2909 3580 3019 3654 (86)
3061 3580 3361 3651 φανείησαν
3402 3596 3548 3642 τινες
3575 3578 3628 3644 ἐξ

2062 3676 2094 3746 ἡ
2104 3674 2220 3745 μῶν
2254 3672 2470 3745 Πατρδς
2517 3673 2610 3726 καὶ
2648 3671 2779 3724 Υίοῦ
2828 3671 2923 3724 καὶ
2964 3670 3121 3739 ἁγίου
3155 3670 3476 3743 Πνεύματος
3512 3669 3628 3741 μίαν

2063 3767 2363 3819 ὑπόστασιν
2387 3764 2658 3834 λέγοντες,
2696 3762 2767 3827 οἳ,
2803 3761 2906 3816 κᾶν
2939 3762 3079 3817 πάνυ
3101 3761 3163 3814 τὸ
3192 3759 3302 3814 τῶν
3329 3760 3627 3833 προσώπων

2061 3859 2316 3931 διάφορον
2343 3856 2590 3928 ἐναργῶς
2618 3854 3038 3927 δογματίζωσιν,
3070 3854 3187 3908 ἀλλ’
3227 3850 3321 3907 οὖν
3362 3853 3443 3923 τῷ
3485 3851 3627 3918 παρὶ

2061 3950 2153 4004 τοῦ
2180 3948 2468 4004 Σαϐελλίου
2494 3945 2854 4021 προειλῆφθαι
2880 3945 2942 3999 τὺ
2977 3943 3110 3998 αὑτὸ
3151 3943 3310 3997 τοῦτο
3351 3943 3626 4013 λέγοντοςσ

2062 4042 2160 4097 ἕνα
2216 4042 2314 4113 μὲν
2362 4037 2502 4094 εἶναι
2544 4042 2612 4111 τῇ
2652 4039 2952 4093 ὑποστάσει
2994 4037 3087 4092 τὸν
3129 4035 3262 4089 Θεὸν
3288 4076 3304 4101 ,
3353 4052 3629 4106 προσωπο·

2064 4132 2332 4188 ποιεῖσθαι
2372 4131 2430 4185 δὲ
2479 4130 2584 4184 ὑπὸ
2620 4130 2720 4201 τῆς
2762 4128 2983 4202 Γραφῆς
3031 4126 3335 4198 διαφόρως,
3389 4125 3529 4180 κατὰ
3572 4124 3630 4176 τὶ

2067 4225 2263 4296 ἰδίωμα
2294 4224 2392 4294 τῆς
2419 4221 2792 4294 ὑποκειμένης
2833 4222 3093 4276 ἑκάστοτε
3145 4222 3363 4294 χρείας*
3410 4221 3503 4275 καὶ
3540 4220 3628 4270 νῦν

2067 4317 2166 4385 μὲν
2209 4315 2310 4379 τὰς
2349 4314 2622 4386 πατρικὰς
2679 4311 2860 4384 ἑαυτῷ
2918 4312 3250 4383 περιτιθέναι
3283 4312 3487 4381 φωνὰς,
3512 4311 3628 4363 ὅταν

2062 4407 2255 4460 τούτου
2298 4405 2489 4477 καιρὸς
2618 4404 2715 4457 τοῦ
2771 4404 3060 4475 προσώπου
3083 4420 3097 4434 ·
3139 4403 3236 4480 νύν
3280 4403 3335 4456 δὲ
3381 4404 3481 4467 τὰς
3523 4400 3628 4471 Tit?

2066 4499 2405 4573 πρεπούσας,
2453 4477 2581 4552 ὅταν
2608 4498 2746 4570 πρὸς
2793 4498 2891 4570 τὴν
2936 4477 3210 4569 ἡμετέραν
3248 4497 3560 4567 ἐπιμέλειαν
3597 4493 3627 4566 ἢ

2066 4592 2202 4662 πρὸς
2231 4590 2397 4654 ἄλλας
2426 4590 2579 4654 τινὰς
2614 4589 2964 4661 οἰκονομικὰς
3022 4591 3302 4661 ἐνεργείας
3350 4589 3628 4659 ὑποϐαίνῃ.

1997 4721 2038 4775 D
2067 4682 2162 4736 νῦν
2181 4682 2314 4737 δὲτὸ
2337 4680 2430 4734 τοῦ
2461 4680 2779 4753 Πνεύματος
2805 4680 3130 4735 ὑποδύεσθαι
3148 4684 3489 4753 προσωπεῖον
3504 4680 3628 4751 (87},

2068 4777 2197 4830 ὅταν
2226 4776 2253 4827 ὁ
2281 4774 2471 4845 καιρὸς
2500 4774 2599 4839 τὰς
2639 4772 2747 4827 ἀπὸ
2792 4770 2885 4826 τοῦ
2916 4771 3159 4826 τοιούτου
3199 4772 3492 4843 προσώπου
3530 4790 3629 4841 φω-

2070 4866 2169 4930 νὰς
2199 4868 2404 4937 ἀπαιτῇ
2422 4883 2436 4896 ο
2463 4865 2558 4920 ἐὰν
2595 4862 2688 4920 οὖν
2721 4867 2817 4920 καὶ
2836 4868 2965 4938 παρ’
2995 4867 3133 4937 ἡμῖν⁵
3160 4866 3373 4936 φανῶσί
3411 4883 3551 4928 τινες
3579 4863 3628 4916 ἓν

2140 5075 2253 5146 (8'5)
2284 5076 2395 5130 Καὶ
2430 5075 2504 5129 δι’
2545 5075 2765 5130 αὐτῶν.
2802 5074 3130 5146 Gonjnnctio
3168 5071 3449 5146 additae:
3483 5073 3630 5141 quin-

2067 5139 2176 5216 que
2221 5139 2383 5211 mss.,
2414 5162 2648 5216 quorum
2698 5139 3236 5216 tres‘vetustissimi.
3266 5139 3470 5197 Ibidem
3499 5139 3629 5197 non-

2069 5213 2373 5287 nullihmss.
2398 5213 2687 5287 ἀληθεύειν
2718 5213 2902 5287 αὑτὴν.
2918 5215 2984 5267 δι’
3019 5215 3218 5270 αὐτῶν.

2141 5285 2250 5356 (84)
2294 5283 2853 5357 Ἐπειάαγαγρντες.
2881 5283 2970 5357 ita
3005 5292 3126 5357 tres
3150 5285 3507 5357 vetustissimi
3540 5300 3626 5338 co—

2071 5353 2378 5410 dicescum
2407 5372 2518 5412 uno
2545 5353 2628 5409 ex’
2646 5354 2851 5424 Regiis.
2879 5353 3019 5408 Editi
3045 5354 3445 5421 ἐπεισάγοντες.

2144 5425 2256 5494 (85)
2290 5426 2493 5493 Ὄλης.
2544 5425 2708 5480 Deest.
2753 5425 2807 5479 in
2853 5426 3094 5495 quinque
3129 5440 3286 5490 mss.,
3311 5440 3417 5479 non
3459 5431 3625 5481 tantm

2073 5495 2481 5551 vetustissimis.

2144 5563 2256 5633 (86)
2294 5567 2362 5619 Ἦ
2386 5569 2458 5619 ει.
2489 5564 2672 5619 Prima
2704 5564 2899 5633 vocula
2924 5562 3107 5617 addita
3134 5580 3199 5619 ex
3236 5571 3441 5631 septem
3465 5577 3590 5614 mss.

2146 5631 2259 5705 (87)
2284 5634 2688 5705 Προσωπεῒογ.
2712 5631 2957 5698 Quatuor
2977 5650 3110 5689 mss.
3135 5634 3462 5689 recentiores
3479 5633 3628 5700 1:965-

2074 5721 2239 5759 ωπον.
