3900 6208
319 316 422 371 789
1243 312 1737 372 EPlSTOLABUM
1776 314 1909 371 CLA

2015 312 2066 368 lS
2106 302 2167 368 ii.
2211 310 2431 370 EPIST.
2470 314 2676 372 CCXV.
3473 311 3582 369 790

309 433 387 503 τῷ
409 431 758 505 ὑποκειμένῳ
787 432 1008 502 Πατέρα
1033 431 1128 485 καὶ
1156 431 1284 485 Υίὺν
1332 433 1425 486 καὶ
1468 434 1622 501 ἆγιον
1670 433 1895 504 Πνεῦμα

2015 442 2046 488 ει
2109 433 2486 504 insuperabile
2530 432 2866 490 videbuntur
2914 430 3111 488 ali'erre
3158 439 3579 504 argumentum,

310 525 585 593 λέγοντες,
632 525 759 596 τρία
803 524 861 578 δὲ
895 524 1169 596 πρόσωπα
1206 524 1389 579 τέλεια
1425 526 1536 596 (88)
1567 527 1892 596 ὁμολογοῦν-

2015 543 2106 580 cur
2140 540 2269 581 vera
2301 526 2414 581 sint
2447 541 2569 595 quae
2597 524 2666 581 de
2695 525 2854 581 nobis
2880 524 3176 580 dicuntur?

310 636 422 684 τες
461 619 577 684 πῶς
611 622 734 692 οὐχ)¹
764 621 909 692 σαφῆ
968 621 1063 674 καὶ
1115 621 1506 693 ἀναντίρρητον
1549 621 1783 685 δόξουσι
1830 621 2163 694 παρέχεσθαι
2205 621 2304 693 τὴν
2335 619 2615 685 ἀπόδειξιν
2644 619 2742 673 τοῦ
2811 619 2984 692 ἀληθῆ
3019 614 3166 673 εἶναι
3209 617 3278 671 τὰ
3316 617 3580 687 λεγόμενα

312 710 443 782 περὶ
479 710 669 782 fw.th

381 804 437 857 4.
478 803 614 873 Περὶ
636 802 692 856 δὲ
719 801 845 867 τοῦ,
868 803 950 856 ὅτι
984 802 1283 866 ὑπόστασις
1305 804 1399 857 καὶ
1430 803 1591 856 οὐσία
1621 803 1681 857 οὐ
1707 804 1901 858 ταυτόν

316 899 459 962 ἐστι,
493 898 586 952 καὶ
615 898 791 957 αὐτοὶ,
840 898 916 963 ὡς
966 899 1196 970 νομίζω,
1234 900 1666 971 ὑπεσημήναντο
1700 901 1749 953 oi.
1793 898 1903 953 ἀπὸ

326 990 428 1059 τῆς
464 988 677 1055 Δύσεως
708 990 946 1060 ἀδελφοὶ,
998 992 1065 1044 ἐν
1089 986 1172 1055 οἷς
1216 991 1283 1044 τὸ
1312 991 1497 1045 στενὸν
1550 993 1649 1062 τῆς
1696 990 1904 1044 ἑαυτῶν

326 1082 577 1154 γλώττης
599 1081 963 1154 ὑφορώμενοι,
990 1083 1051 1138 τὸ
1076 1083 1177 1156 τῆς
1197 1084 1382 1147 οὐσίας
1403 1084 1575 1154 ὄνομα
1596 1087 1661 1156 τῇ
1694 1083 1904 1137 Ἐλλάδι

329 1176 483 1244 φωνῇ
513 1173 991 1245 παραδεδώκασιν*
1038 1176 1155 1241 ἵνα,
1183 1176 1237 1230 el
1276 1193 1360 1239 τις
1388 1174 1474 1247 εἴη
1525 1174 1757 1246 διαφορά
1803 1174 1905 1245 τῆς

323 1263 557 1331 ἐννοίας,
590 1263 817 1328 σώζοιτο
840 1265 980 1337 αὐτὴ
1012 1266 1071 1319 ὲν
1108 1267 1175 1336 τῇ
1208 1265 1449 1336 εὐκρινεῖ
1488 1264 1584 1317 καὶ
1612 1262 1905 1334 ἀσυγχὺτῳ

312 1355 595 1410 διαστάσει
640 1357 752 1410 τῶν
796 1357 1097 1428 ὀνομάτων.
1153 1359 1216 1411 Ei
1266 1358 1324 1411 δὲ
1376 1356 1459 1410 δεῖ
1503 1357 1600 1410 καὶ
1646 1358 1795 1428 ἡμᾶς
1842 1356 1904 1409 τὸ

312 1447 509 1502 δοκοῦν
538 1450 670 1521 ημῖν
707 1452 766 1504 ὲν
798 1450 991 1521 βραχεί
1015 1452 1222 1513 εἰπεῖν,
1243 1452 1421 1504 ἐκεῖνο
1447 1449 1704 1523 ἐροῦμεν,
1727 1450 1809 1502 ὅτι
1836 1448 1896 1502 ὃν

2015 1433 2242 1490 nendum
2263 1473 2278 1499 ,
2310 1432 2455 1488 illud
2475 1432 2653 1488 dicam
2676 1473 2691 1498 ,
2724 1447 2848 1502 qua:
2873 1433 3015 1487 ratio
3039 1439 3123 1488 est
3153 1436 3429 1488 communi
3457 1448 3581 1490 cum

315 1536 430 1609 ἔχει
462 1539 619 1609 λόγον
646 1542 709 1595 τὸ
740 1543 917 1597 κοινὸν
958 1542 1103 1614 πρὸς
1127 1542 1187 1596 τὸ
1230 1541 1383 1607 ἴδιον,
1429 1542 1616 1596 τοῦτον
1646 1539 1756 1612 (89)
1785 1539 1896 1611 ἔχει

2015 1541 2071 1582 eo
2098 1525 2247 1597 quod
2281 1525 2585 1597 proprium,
2613 1525 2863 1580 eamdem
2897 1540 3020 1580 esse
3049 1524 3305 1581 essentize
3333 1539 3459 1580 cum
3487 1526 3584 1598 by-

316 1631 351 1702 ή
392 1631 550 1685 οὐσία
574 1632 710 1704 πρὸς
737 1632 843 1704 τὴν
856 1633 1171 1688 ὑπόστασιν.
1197 1634 1468 1697 Ἕκαστος
1492 1631 1607 1704 γὰρ
1619 1631 1777 1704 ἡμῶν
1804 1632 1898 1685 καὶ

2015 1617 2228 1689 postasi.
2262 1614 2803 1686 Namunusquisque
2833 1622 3088 1671 nostrum
3119 1624 3174 1671 et
3211 1628 3309 1685 per
3339 1630 3584 1669 commu-

313 1723 397 1795 τῷ
417 1723 582 1795 κοινῷ
613 1702 711 1796 τῆς
738 1702 925 1790 οὐσίας
946 1725 1090 1797 λόγῳ
1113 1722 1209 1779 τοῦ
1234 1720 1374 1779 εἶναι
1409 1702 1650 1795 μετέχει,
1663 1702 1757 1778 καὶ
1785 1725 1900 1787 τοῖς

2015 1722 2125 1762 lem
2151 1707 2405 1762 essentia:
2433 1706 2700 1760 rationem
2730 1720 2857 1760 esse
2888 1702 3199 1775 participat,
3240 1714 3295 1758 et
3326 1718 3425 1773 per
3446 1717 3577 1757 suas

2076 799 2130 853 4.
2171 799 2329 865 Quod
2360 805 2543 853 autem
2580 797 2897 869 hypostasis
2936 804 2989 873 et
3019 797 3258 852 essentia
3298 796 3436 852 idem
3474 812 3580 852 non

2006 900 2157 954 sunt,
2198 891 2251 946 id
2295 897 2351 945 et
2401 890 2531 960 ipsi,
2571 897 2637 944 ut
2668 899 2820 959 puto,
2855 887 3278 949 subindicarunt
3308 886 3581 943 Occiden-

2005 981 2153 1035 tales
2189 979 2422 1043 lratres,
2452 979 2582 1034 dum
2615 978 2814 1049 linguae
2844 994 2956 1033 suae
2982 978 3264 1048 angustias
3286 977 3578 1041 subveriti.

2006 1071 2260 1126 essentia;
2291 1086 2489 1125 nomen
2532 1070 2720 1140 lingua
2759 1068 2948 1125 Graeca
2994 1068 3375 1138 tradiderunt;
3409 1077 3469 1124 ut
3504 1080 3579 1137 et,

2006 1162 2053 1218 si
2077 1176 2197 1230 qua.
2215 1168 2365 1215 esset
2393 1162 2680 1216 sententiae
2702 1159 3094 1229 discrepantia,
3122 1159 3215 1213 illa
3248 1159 3366 1231 ipsa
3397 1175 3582 1215 serva-

2006 1260 2159 1307 retur
2198 1254 2253 1306 in
2282 1253 2433 1307 clara
2464 1258 2519 1306 et
2558 1252 2789 1306 minime
2819 1249 3054 1305 confusa
3084 1251 3367 1306 nominum
3399 1252 3583 1308 diver-

2007 1344 2190 1399 sitate.
2236 1342 2392 1408 Quod
2428 1343 2475 1397 si
2507 1346 2563 1395 et
2600 1340 2731 1394 mihi
2766 1341 2898 1411 quid
2931 1343 3165 1397 sentiam
3208 1342 3448 1399 breviter
3498 1344 3581 1399 di-

316 1793 450 1887 περὶ
470 1793 634 1869 αὑτὸν
668 1793 958 1887 ίδιώμασιν
988 1793 1189 1870 ὁδείνά
1201 1819 1317 1870 ἐστι
1358 1793 1453 1870 καὶ
1483 1819 1512 1870 6
1536 1793 1706 1869 δεῖνα.
1750 1813 1908 1867 Οὕτω

2015 1797 2376 1870 proprietates
2402 1797 2495 1853 ille
2520 1807 2575 1852 et
2601 1796 2691 1851 ille
2712 1795 2946 1852 exsistit.
2975 1793 3052 1850 ita
3076 1803 3130 1851 et
3160 1795 3271 1849 illic
3303 1795 3442 1849 ratio
3463 1795 3586 1865 qui-

316 1908 483 1960 κάκεῖ
502 1910 531 1962 6
557 1908 656 1980 μὲν
690 1908 788 1980 τῆς
819 1907 1005 1972 οὐσίας
1025 1908 1399 1977 λόγος-κοινός·
1419 1903 1531 1962 οἷον
1551 1910 1584 1978 ἡ
1614 1905 1917 1977 ἀγαθότης,

315 2002 349 2071 ἡ
387 2000 580 2074 θεότης
609 2002 746 2074 (90),
771 2003 803 2075 ἦ
833 2003 955 2056 εἴτι
982 2002 1110 2057 ἄλλο
1142 2004 1313 2057 νοοῖτο
1331 2020 1343 2033 ·
1378 2003 1412 2073 ἡ
1435 2001 1493 2056 δὲ
1522 2001 1817 2064 ὑπόστασις
1848 2000 1908 2053 ὲν

316 2093 401 2166 τῷ
434 2096 686 2167 ἰδιώματι
719 2097 823 2166 τῆς
848 2096 1211 2167 πατρότητος,
1239 2094 1272 2166 ἢ
1307 2096 1405 2165 τῆς
1436 2095 1701 2165 υίότητος,
1736 2092 1770 2164 ἢ
1807 2092 1907 2163 τῆς

316 2189 645 2258 ἀγιαστικῆς
675 2188 961 2260 δυνάμεως
998 2187 1309 2261 θεωρεῖται.
1333 2186 1397 2239 El
1429 2184 1529 2256 μὲν
1574 2180 1667 2239 οὖν
1706 2183 1908 2238 ἀνυπόο

315 2299 491 2336 στατα
532 2282 751 2351 λέγουσι
802 2281 874 2335 τά
925 2281 1215 2352 πρόσωπα,
1267 2279 1495 2334 αὐτόθεν
1540 2277 1651 2350 ἔχει
1689 2280 1717 2331 6
1749 2277 1907 2346 λόγος

311 2377 419 2448 τὴν
461 2375 692 2429 ἀτοπίαν
716 2392 730 2407 ο
785 2372 847 2428 εί
883 2374 941 2427 δὲ
985 2375 1043 2428 ὲν
1078 2371 1374 2427 ὑποστάσει
1423 2368 1560 2425 εἶναι
1611 2371 1757 2425 αὑτά
1782 2370 1911 2443 ἀληε

316 2469 441 2540 θινῇ
471 2466 845 2539 συγχωροῦσιν
877 2464 1012 2537 (9|),
1034 2466 1063 2520 ὃ
1084 2454 1542 2537 ὁμολογοῦσι,καὶ
1574 2458 1906 2534 ἀριθμείτω-

323 2577 449 2621 σαν,
483 2559 571 2613 ἵνα
620 2558 715 2613 καὶ
757 2560 786 2611 ὁ
809 2556 905 2611 τοῦ
942 2557 1237 2630 ὁμοουσίου-
1271 2557 1432 2626 λόγος
1477 2554 1817 2628 διαφυλαχθῇ
1847 2557 1905 2609 ἐν

325 2654 411 2724 τῇ
428 2650 642 2720 ἑνότητι
672 2650 771 2721 τῆς
814 2648 1086 2720 θεότητος,
1133 2647 1228 2702 καὶ
1273 2648 1308 2717 ἡ
1348 2646 1449 2717 τῆς
1479 2644 1761 2709 εὐσεϐείας
1784 2644 1906 2698 ὲπί-

323 2759 547 2814 γνωσις,
584 2741 798 2813 Πατρὸς
827 2739 924 2794 καὶ
962 2737 1094 2793 Υίοῦ
1124 2741 1223 2792 καὶ
1254 2738 1411 2808 ἁγίου
1464 2736 1803 2808 Πνεῦματος,
1849 2738 1906 2789 ἐν

323 2840 392 2908 τῇ
440 2834 824 2906 ἀπηρτισμένη
864 2833 969 2887 καὶ
1003 2830 1238 2886 ὁλοτελεί
1286 2828 1517 2884 ἑκάστου
1564 2828 1673 2882 τῶν
1713 2828 1909 2899 ὀνομα-

315 2928 566 3001 ζομένων
632 2918 929 2981 ὑποστάσει
1004 2923 1370 2996 κηρύσσηται..
1440 2922 1634 2994 Ὅμως
1688 2920 1799 2991 (92)
1850 2919 1908 2972 δὲ

316 3023 499 3074 ἐκεῖνο
534 3019 794 3091 βούλομαι
850 3015 1144 3071 πεπεῖσθαι
1173 3015 1274 3088 τὴν
1318 3014 1629 3087 σεμνότητά
1663 3030 1781 3076 σου,
1817 3012 1904 3065 ὃτι

314 3113 413 3168 κα)⁸
436 3114 499 3167 σὲ
528 3113 623 3166 καὶ
645 3111 821 3165 πάντα
846 3109 938 3164 τὸν
976 3106 1374 3179 παραπλησίως
1409 3122 1492 3158 σοι
1512 3105 1613 3177 τῆς
1639 3102 1900 3175 ἀληθείας

317 3202 699 3277 φροντίζοντα,
723 3203 819 3256 καὶ
852 3203 980 3266 τοὺς
1004 3201 1145 3272 ὑπὲρ
1182 3200 1281 3271 τῆς
1321 3196 1605 3262 εὐσεϐείας
1638 3192 1902 3265 ἀγωνιζο-

318 3296 518 3368 μένους
545 3296 619 3368 μὴ
643 3292 999 3366 ἀτιμάζοντα,
1034 3292 1326 3364 ἀναμένειν
1362 3290 1444 3344 δεῖ
1484 3287 1905 3360 καθηγήσασθαι

315 3390 420 3459 τῆς
446 3389 740 3459 συναφείας
766 3387 969 3458 ταύτης
997 3387 1094 3441 καὶ
1118 3386 1217 3456 τῆς
1256 3383 1482 3457 είρήνης
1509 3381 1638 3444 τοὺς
1668 3378 1908 3451 προστά-

315 3498 419 3546 τας
446 3476 555 3534 τῶν
600 3480 959 3552 Ἐκκλησιῶν,
992 3479 1085 3543 οὓς
1111 3477 1223 3547 ἐγὼ
1257 3476 1478 3538 στύλους
1505 3474 1599 3528 καὶ
1631 3471 1910 3544 ἑδραίωμα

212 3596 217 3599 ι
316 3573 420 3644 τῆς
472 3571 729 3643 ἀληθείας
783 3571 879 3625 καὶ
935 3570 1036 3640 τῆς
1106 3566 1433 3639 Ἐκκλησίας
1497 3562 1751 3634 τίθεμαι,
1817 3559 1912 3613 καὶ

317 3665 567 3736 τοσούτῳ
598 3664 762 3718 πλέον
789 3663 986 3726 αὐτοὺς
1014 3660 1289 3730 αἰδοῦμαι,
1320 3659 1430 3728 ὅσῳ
1472 3650 1539 3709 ἀν
1572 3652 1913 3725 μακρότερον

319 3756 720 3822 ὲξοικισθῶσιν,
749 3756 874 3810 ἀντὶ
918 3744 1192 3825 τιμωρίας
1224 3750 1409 3814 αὐτοῖς
1448 3747 1787 3817 ἐπαγομένου
1818 3741 1911 3797 τοῦ

316 3846 630 3918 χωρισμοῦ.
688 3842 1002 3919 Παρακαλῶ
1052 3836 1166 3906 οὖν,
1216 3838 1452 3909 φύλαξον
1497 3838 1632 3907 ἡμῖν
1685 3832 1912 3887 σεαυτὸν

2005 1892 2129 1947 dem
2163 1891 2419 1947 essentia:
2449 1889 2761 1944 communis
2783 1927 2800 1952 ,
2841 1889 3000 1944 velut
3024 1888 3267 1952 bonitas,
3299 1888 3585 1950 divinitas.

2007 1992 2099 2037 aut
2128 1984 2174 2038 si
2194 1981 2327 2054 quid
2360 1980 2508 2037 aliud
2535 1980 2845 2052 cogitatur:
2881 1980 3197 2052 hypostasis
3226 1994 3353 2036 vero
3380 1982 3434 2034 in
3462 1994 3589 2050 pro-

2007 2077 2242 2148 prietate
2298 2074 2650 2147 paternitatis
2675 2116 2691 2140 ,
2728 2081 2822 2128 aut
2852 2073 3167 2138 ﬁliationis,
3204 2084 3298 2128 aut
3330 2074 3590 2145 polentia:

2005 2169 2404 2227 sanetilicantis
2437 2166 2795 2238 perspicitur.
2842 2167 2901 2222 Si
2935 2180 3068 2237 ergo
3096 2180 3363 2236 personas
3394 2165 3588 2220 dicunt

2006 2279 2116 2318 non
2152 2261 2458 2318 subsistere
2483 2302 2499 2327 ,
2532 2278 2630 2335 per
2659 2276 2720 2317 se
2764 2258 3005 2317 absurda
3033 2259 3150 2313 haec
3182 2258 3430 2314 doctrina
3456 2277 3469 2313 :
3499 2260 3586 2312 sin

2005 2351 2318 2408 concedunt
2347 2351 2477 2407 illas
2498 2365 2620 2408 esse
2647 2352 2715 2406 in'
2733 2365 2858 2406 vera
2886 2348 3197 2421 bypostasi,
3232 2349 3379 2419 quod
3412 2348 3588 2403 faten-

2004 2450 2127 2503 tur.
2158 2445 2263 2499 hoc
2307 2443 2471 2502 etiam
2514 2452 2847 2507 numerent,
2882 2450 2944 2497 ut
2993 2448 3049 2497 et
3099 2441 3587 2497 consubstantialis

2008 2535 2147 2590 ratio
2163 2542 2411 2591 servetur
2433 2533 2487 2587 in
2508 2533 2718 2588 unitate
2745 2530 3073 2596 divinitatis,
3092 2537 3147 2585 et
3171 2529 3391 2600 pietatis
3417 2529 3467 2601 3
3477 2529 3588 2600 23

2004 2626 2277 2698 cognitio,
2306 2625 2485 2681 Patris
2513 2633 2568 2680 et
2602 2622 2729 2678 Filii
2770 2632 2825 2680 et
2859 2621 3099 2692 Spiritus
3125 2622 3335 2687 sancti,
3378 2623 3430 2676 in
3462 2639 3589 2693 per-

2008 2718 2151 2774 fecta
2175 2724 2230 2774 et
2256 2717 2467 2789 integra
2489 2717 2926 2788 uniuscujusque
2949 2732 3161 2783 eorum,
3185 2717 3278 2788 qui
3304 2716 3584 2769 nominau-

2008 2819 2120 2876 tuc,
2150 2811 2430 2883 byp‘ostasi
2469 2809 2815 2882 prmdicetur.
2858 2808 2996 2866 Illud
3044 2818 3228 2865 tamen
3262 2817 3372 2864 tuae
3399 2806 3583 2879 digni-

2013 2905 2113 2958 tati
2147 2918 2473 2974 pcrsuasum
2504 2902 2651 2968 volo,
2678 2910 2733 2956 et
2762 2908 2818 2957 te
2847 2908 2903 2957 et
2926 2901 3178 2974 quisquis
3204 2901 3370 2957 srmili
3392 2900 3592 2955 verita-

2008 2998 2078 3052 tis
2111 3011 2242 3051 cura
2276 2996 2560 3069 tangitur.
2598 3010 2701 3051 nec
2741 3011 2838 3051 eos
2868 2994 3177 3051 contemnit
3215 2994 3307 3064 qui
3342 3008 3442 3064 pro
3471 2993 3590 3064 pic-

2009 3095 2117 3143 tate
2146 3088 2449 3153 decertant,
2482 3096 2807 3159 exspectare
2839 3087 3062 3155 debere,
3101 3087 3232 3143 dum
3274 3086 3446 3143 duces
3481 3086 3594 3140 sint

2008 3186 2061 3232 et
2095 3185 2349 3234 auctores
2398 3177 2563 3248 hujus
2596 3178 3011 3248 coniunctionis
3056 3192 3121 3234 ac
3169 3178 3320 3249 pacis
3348 3177 3593 3249 praefecti

2010 3268 2409 3335 Eccicsiarum,
2438 3286 2581 3341 quos
2623 3286 2725 3342 ego
2753 3272 3042 3327 columnas
3084 3284 3151 3324 ac
3192 3269 3594 3325 ﬁrmamentum

2011 3361 2264 3418 veritatis
2294 3369 2350 3417 et
2382 3359 2646 3418 Ecclesiae
2677 3377 2801 3417 esse
2833 3377 2997 3433 pono,
3034 3367 3088 3417 et
3124 3374 3190 3414 eo
3233 3360 3406 3429 magis
3441 3373 3594 3413 reve-

2023 3470 2172 3519 reor,
2203 3460 2314 3525 quo
2338 3454 2557 3525 longius
2585 3455 2818 3526 ablegati
2854 3461 3003 3520 sunt,
3040 3452 3246 3509 inﬂicto
3273 3452 3382 3508 illis
3398 3448 3597 3508 exsilio

2012 3549 2068 3604 in
2095 3563 2270 3620 poena:
2296 3548 2439 3602 loco.
2467 3546 2622 3618 Rogo
2646 3547 2853 3617 itaque,
2879 3561 3041 3601 serva
3073 3554 3127 3601 te
3161 3544 3322 3601 nobis
3355 3545 3425 3599 ab
3452 3546 3596 3598 anti-

2013 3641 2192 3711 cipata
2220 3639 2479 3709 Opinione
2510 3638 2768 3702 liberum,
2794 3647 2853 3693 ut
2875 3639 2927 3693 in
2960 3645 3013 3693 te
3036 3638 3389 3707 acquiescere
3413 3637 3596 3691 valea-

2010 3748 2161 3804 (mus,
2193 3747 2355 3802 quem
2391 3732 2446 3786 in
2480 3731 2740 3787 omnibus
2776 3730 3033 3785 baculum
3067 3729 3227 3784 nobis
3260 3716 3317 3785 et
3357 3727 3594 3783 fulcrum

2017 3824 2161 3880 Deus
2191 3823 2423 3893 largitus
2451 3830 2556 3878 est.

320 3911 910 4012 ἀπρόληπτον(9ξ²›),ἵν’
934 3933 1146 4007 ἔχωμεν
1184 3949 1269 3986 σοι
1305 3930 1438 4000 γοῦν
1488 3923 1964 3986 ὲπαναπαὺεσθαι,
2023 3918 2082 3972 ὃν
2137 3918 2194 3970 ὲν
2253 3918 2389 3970 πᾶσι
2446 3915 2752 3987 βακτηρίαν
2798 3917 2929 3986 ἡμῖν
2981 3914 3074 3967 καὶ
3123 3913 3357 3985 ἔρεισμα
3396 3916 3425 3967 6
3460 3911 3595 3977 Θεὸς

320 4030 638 4103 ἐχαρίσατο.

852 4113 1202 4173 ΕΠΙΣΤΟΛΗ
1240 4113 1390 4168 ΣΙΕ¹.

2475 4107 2815 4164 EPISTOLA
2857 4105 3060 4163 CCXV.

323 4214 532 4268 Nuntiat
557 4211 768 4264 Basilius
788 4224 838 4260 se
860 4207 1085 4260 Terentio
1118 4202 1336 4268 protinus
1360 4199 1623 4268 scripsisse
1644 4186 1989 4268 :_dehort_atur
2012 4199 2307 4268 Duratium);
2335 4201 2396 4250 ab
2420 4198 2591 4268 itinere
2610 4202 2820 4268 _l_l_oma1r_t
2842 4196 3150 4268 suscipiendo
3168 4236 3183 4260 ,
3209 4196 3465 4268 nisiLmari
3488 4205 3595 4251 uta-

572 4259 894 4326 turrvditbitat
909 4259 976 4321 an
995 4259 1146 4333 βαιοὶ
1167 4264 1430 4330 Gregorius
1452 4259 1698 4330 ejusmodi
1735 4262 2021 4328 legationem
2042 4262 2177 4314 obire
2202 4260 2333 4325 velit,
2356 4263 2528 4329 aut‘ad
2551 4261 2735 4312 utiliter
2764 4259 3033 4311 obeundum
3053 4259 3252 4311 idoneus
3271 4260 3351 4311 sit.

762 4351 1033 4421 Δωροθέῳ
1054 4346 1460 4418 πρεσϐυτέρῳ.

2489 4343 2756 4399 Dorotheo
2786 4342 3109 4414 presbytero.

396 4458 574 4530 Εὐθὺς
609 4460 881 4533 ἐπιτυχὼν
912 4459 1187 4533 ἀφορμῆς,
1230 4455 1523 4511 ἐπέστειλα
1562 4454 1641 4527 τῷ
1690 4454 1905 4526 θαυμα-

2087 4457 2284 4514 Statim
2312 4457 2660 4514 occasionem
2692 4464 2908 4523 nactus,
2938 4455 3141 4527 scripsi
3164 4456 3282 4510 viro
3312 4456 3368 4509 in
3399 4455 3589 4524 primis

328 4557 580 4628 σιωτάτῳ
622 4548 777 4626 ἀνδρῖ
817 4550 1089 4624 Τερεντίῳ
1134 4547 1211 4619 τῷ
1259 4548 1492 4620 κόμητιο
1551 4546 1909 4617 λογισάμενος

326 4647 766 4717 ἀνυποπτότερον
792 4640 933 4698 εἶναι
960 4638 1022 4696 τδ
1043 4640 1141 4695 διά·
1160 4636 1326 4706 ξένων
1347 4634 1497 4710 αὐτῷ
1519 4638 1754 4711 γράφειν
1784 4639 1912 4710 περὶ

326 4740 441 4796 τῶν
490 4735 899 4811 προκειμένοιν,
943 4732 1038 4788 καὶ
1097 4731 1215 4803 ἅμα
1269 4729 1593 4802 βουλόμενος
1644 4730 1911 4800 μηδεμίαν

329 4831 648 4903 ἐγγενέσθαι
676 4826 956 4901 διατριϐὴν
987 4823 1067 4896 τῷ
1091 4824 1377 4896 πράγματι
1407 4822 1499 4877 τὸν
1534 4820 1912 4876 ποθεινότατον

330 4922 560 4993 ἀδελφὸν
623 4920 907 4975 Ἀκάκιον.
963 4912 1054 4987 Τῷ
1126 4913 1460 4989 διαψηφιστῇ
1534 4911 1637 4983 τῆς
1706 4912 1913 4976 τάξεως

329 5015 441 5069 τῶν
468 5014 723 5085 ἐπάρχων
768 5010 944 5066 ἔδωκα
984 5002 1078 5062 οὖν
1108 5007 1220 5080 (94)
1262 5007 1363 5077 τὴν
1407 5005 1700 5077 ἐπιστολὴν
1745 5004 1913 5075 δημοδ

405 5121 519 5194 (88‘)
552 5119 777 5194 (suam.
811 5118 972 5173 Deest
1021 5116 1076 5171 in
1122 5114 1410 5171 codicibus
1461 5108 1636 5181 llarl.,
1683 5115 1823 5171 Med.
1860 5125 1916 5173 et

335 5189 450 5246 uno
477 5209 543 5246 ex
578 5189 782 5260 Regiis.

407 5263 524 5334 (89)
562 5255 801 5334 Τοῦτον.
836 5256 976 5334 Editi
1011 5265 1064 5310 et
1096 5255 1317 5334 codices
1345 5255 1704 5334 vetustissimi
1733 5255 1913 5313 τοῦτο.

337 5325 447 5390 Sed
474 5325 669 5387 melius
695 5331 1030 5385 recentiores
1060 5341 1195 5380 mss.
1224 5325 1471 5395 quinque
1494 5325 1705 5380 τοῦτον.

407 5400 524 5477 (90)
558 5402 798 5477 ρςόζης.
832 5399 947 5477 Pro
971 5398 1073 5451 hac
1110 5393 1255 5477 voce
1283 5393 1480 5477 legitur
1509 5396 1784 5477 in__codice
1808 5395 1918 5452 Me-

338 5464 516 5529 diczeo
549 5464 809 5539 ἀὶδιότης.
836 5469 1040 5524 Ibidem
1063 5466 1195 5521 editi
1227 5464 1323 5519 καὶ
1343 5464 1407 5518 εί
1426 5482 1499 5519 τι.
1536 5464 1669 5520 Mss.
1701 5481 1918 5522 summo

339 5557 619 5600 consensu
650 5549 712 5594 ut
738 5542 791 5595 in
823 5546 996 5593 textu.

417 5611 529 5683 (9|)
560 5608 1006 5680 Συγχωροῦσιν.
1039 5607 1270 5676 Quidam
1311 5606 1648 5661 recentiores
1699 5606 1918 5662 codices

348 5684 813 5754 συγχωρήσουσιν.

421 5746 773 5825 ι’ῡίγὍμως.
816 5751 892 5810 Ita
920 5766 1111 5809 omnes
1145 5747 1321 5805 nostri
1353 5754 1564 5807 veteres
1594 5746 1740 5805 libri.
1775 5746 1919 5803 Editi

2011 4549 2332 4606 admirando
2401 4549 2591 4605 comiti
2656 4548 2949 4611 Terentio,
3020 4547 3204 4602 minus
3275 4556 3592 4616 suspectum

2011 4657 2136 4697 esse
2163 4641 2486 4697 existimans
2524 4655 2621 4711 per
2662 4640 2879 4711 ignotos
2911 4639 2978 4694 ad
3007 4655 3132 4694 eum
3184 4637 3251 4693 de
3298 4639 3595 4708 prOpositis

2013 4734 2178 4791 rebus
2210 4733 2487 4797 scribere,
2524 4733 2795 4801 simulthe
2827 4731 2906 4787 rei
2940 4742 3148 4784 moram
3179 4728 3361 4784 alTerri
3394 4730 3589 4782 nolens

2015 4843 2044 4882 a
2070 4826 2397 4882 cbarissimo
2419 4822 3155 4880 fratreAcacio.Numerario
3185 4821 3353 4876 ofﬁcii
3385 4820 3578 4891 praesi-

2014 4923 2101 4977 dis
2123 4919 2251 4975 dedi
2269 4919 2434 4990 igitur
2450 4918 2921 4989 epistolamcursu
2943 4917 3164 4988 publico
3183 4914 3553 4985 proﬁciscenti
3577 4931 3591 4967 :

2017 5013 2108 5066 cui
2135 5010 2298 5065 etiam
2330 5009 2559 5080 praecepi
2595 5015 2654 5063 ut
2684 5009 2839 5064 vobis
2881 5010 3033 5079 prius
3079 5008 3292 5063 litteras
3324 5004 3585 5061 ostende-

2017 5121 2175 5194 ὁμοῦ.
2207 5121 2376 5177 Paulo
2406 5132 2529 5194 post
2561 5121 2721 5176 iidem
2744 5121 2875 5176 editi
2903 5120 2968 5175 ἂν
2993 5120 3204 5192 μένειν.
3229 5119 3432 5175 Omnes
3457 5136 3590 5175 mss.

2023 5201 2085 5247 ut
2117 5195 2170 5245 in
2204 5202 2377 5248 textu.

2090 5262 2203 5332 (95)
2238 5261 2501 5332 Σεαυτρν
2546 5262 2959 5332 ἀπρόληπτον.
2988 5259 3201 5332 (Plures
3244 5274 3379 5332 mss.
3411 5260 3594 5332 Adin)»:

2021 5329 2396 5403 ἀπ’ρόληπτον.
2435 5329 2527 5384 Sic
2555 5331 2773 5403 exhibet
2808 5331 3167 5403 hunculoeum
3198 5330 3366 5403 codex
3385 5329 3588 5403 Claru-

2020 5399 2317 5456 montanus
2350 5421 2364 5456 :
2397 5400 2620 5471 σεαυτὸν
2672 5400 3199 5471 ἀπροσωπόληπτον,
3250 5400 3334 5453 ἵνα
3381 5399 3594 5471 ἔχωμεν

2021 5488 2104 5524 σοι
2137 5471 2376 5539 γνησίως
2404 5470 2478 5539 ὡς
2504 5469 2613 5539 υἱῷ
2637 5469 3105 5526 ἐπαναπαύεσθαι.

2093 5546 2110 5610 ἦ
2134 5538 2284 5594 Alias
2310 5538 2463 5594 CCL.
2493 5538 2710 5610 scripta
2736 5555 2881 5593 anno
2906 5541 3031 5595 575.

2093 5609 2206 5729 (94)
2234 5610 2470 5664 Ἐδωκα
2497 5605 2636 5665 οὖνξ
2676 5608 3017 5665 Postremam
3049 5625 3234 5664 vocem
3264 5611 3377 5664 erui
3404 5627 3466 5663 ex
3497 5626 3594 5663 co-

2093 5696 2145 5729 [ξε
2178 5679 2454 5729 -ledimzo-
2499 5679 2658 5729 Deest
2704 5680 2817 5729 haec
2864 5680 3094 5729 enistola
3134 5683 3188 5729 in
3222 5681 3502 5729 llarlamnu
3543 5688 3594 5729 et

2021 5679 2454 5760 dicenMedicfeo.
2499 5679 2658 5737 Deest
2704 5680 2817 5735 haec
2864 5680 3095 5752 epistola
3134 5683 3189 5736 in
3220 5681 3502 5735 llarlwuno
3543 5688 3594 5735 et

2025 5750 2272 5817 pluribus
2298 5750 2439 5806 aliis.
