3900 6208
269 319 370 377 791

1575 324 1635 380 S.
1674 320 1921 380 BASILH
1959 324 2173 380 MAGNI

3398 324 3506 381 ’ἱξδί

266 465 368 515 ret.
402 457 509 514 lter
535 467 717 517 autem
746 462 973 517 Romam
1000 462 1190 520 nescio
1218 462 1494 534 quomodo
1518 478 1682 520 nemo
1707 481 1831 537 pru-

1960 471 2037 541 τίῳ
2090 470 2275 543 δρόμῳ
2333 470 2591 537 ὁδεύοντι,
2636 467 2682 541 ᾧ
2734 472 2830 526 καὶ
2873 439 3226 541 ἐνετειλάμην
3276 465 3512 537 πρῶτος

265 549 465 606 dentiae
504 558 611 606 tuae
649 553 984 609 nuntiaverit
1027 554 1207 612 hieme
1238 557 1464 611 omnino
1492 556 1686 613 conﬁci
1721 572 1833 613 non

266 656 463 712 posse;
492 658 617 698 cum
650 644 936 715 interjecta
965 661 997 701 a
1027 646 1507 720 Constantinopoli
1546 664 1723 720 usque
1764 650 1835 705 ad

267 735 405 791 ﬁnes
448 748 670 793 nostros
715 739 865 809 regio
904 740 1157 796 hostibus
1203 741 1402 801 referta
1450 741 1540 796 sit.
1583 740 1740 809 Quod
1787 742 1836 796 si

200 844 203 849 λ
269 826 540 903 utendum.
559 834 644 882 est
664 828 825 894 mari,
855 829 963 884 erit
994 836 1248 900 tempus;
1284 831 1448 887 modo
1481 844 1592 886 non
1624 839 1839 887 recuset

266 919 679 989 navigationem
706 930 761 975 et
789 920 857 975 de
880 921 1152 990 ejusmodi
1180 922 1346 977 rebus
1376 921 1701 992 legationem
1746 936 1838 977 re-

267 1010 651 1079 ligiosissimus
676 1011 967 1082 episcopus
993 1010 1161 1068 frater
1188 1011 1506 1084 Gregorius.
1540 1012 1654 1085 Ego
1670 1012 1838 1075 enim,

267 1119 369 1157 nec
396 1103 492 1173 qui
514 1118 638 1158 cum
668 1104 786 1175 ipso
811 1104 1236 1175 proﬁciscantur
1260 1104 1442 1170 video,
1469 1113 1524 1160 et
1546 1105 1723 1175 ipsum
1747 1119 1842 1159 ne-

269 1194 544 1261 gotiorum
574 1194 1083 1251 ecclesiasticorum
1113 1211 1344 1267 prorsus
1375 1196 1717 1266 inexpertum
1747 1210 1843 1250 co-

268 1300 515 1356 gnosco;
551 1302 618 1342 ac
670 1287 822 1344 illius
855 1288 1074 1359 quidem
1114 1304 1471 1360 congressum
1515 1288 1752 1358 benigno
1779 1303 1845 1344 ac

268 1378 385 1432 miti
430 1379 548 1433 viro
592 1381 958 1437 venerabilem
1003 1389 1058 1436 et
1091 1380 1148 1435 in
1195 1380 1431 1450 plurimo
1459 1380 1635 1450 pretio
1687 1379 1841 1446 fore;

269 1467 364 1524 sed
393 1483 522 1523 cum
550 1469 696 1525 elato
738 1480 793 1526 et
819 1471 1045 1527 sublimi
1072 1478 1126 1527 et
1163 1471 1331 1526 altius
1374 1470 1608 1535 sedenti,
1638 1471 1845 1542 quique

271 1562 559 1626 propterea
589 1558 874 1615 veritatem
922 1560 1076 1615 humi
1113 1560 1475 1631 praedicantes
1506 1560 1699 1616 audire
1734 1577 1844 1617 non

270 1646 470 1717 possit,
504 1647 637 1718 quid
680 1651 844 1707 rebus
887 1652 1275 1709 communibus
1305 1652 1480 1723 prosit
1511 1652 1612 1706 viri
1644 1651 1841 1723 hujus-

1935 562 2066 632 ὑμῖν
2119 560 2413 632 ἐμφανίσαι
2458 563 2521 616 τὸ
2558 563 2816 635 γράμμα.
2880 562 2994 634 Τὴν
3033 562 3091 616 δὲ
3140 560 3245 615 ἐπὶε
3294 557 3515 629 Ῥώμην

1933 653 2055 706 ὁδὸν
2098 654 2199 707 οὐκ
2244 649 2359 707 οῖδα
2409 655 2557 718 ὅπως
2605 654 2779 718 οὐδεὶς
2837 653 3127 726 ἀνήγγειλε
3175 654 3245 723 τῇ
3302 649 3517 703 συνέσει

1938 746 2113 818 ὑμῶν,
2153 747 2235 801 ὅτι
2275 749 2334 801 έν
2378 764 2456 819 τῳ
2501 747 2731 819 χειμῶνι
2782 746 3063 810 παντελῶς
3104 748 3252 798 ἐστιν
3290 742 3515 814 ἄπορος,

1936 837 2038 908 τῆς
2073 836 2276 909 μεταξὺ
2311 836 2495 910 χώρας
2532 837 2641 893 ἀπὸ
2674 834 3297 898 Κωνσταντινουπόλεως
3355 832 3518 904 μέχρι

1936 927 2047 982 τῶν
2089 928 2212 983 καθ’
2244 931 2395 1000 ἡμᾶς
2435 929 2579 1001 ὅρων
2627 929 2902 1001 πολεμίων
2957 926 3415 997 πεπληρωμένης.
3453 924 3519 976 Εἰ

1938 1019 1997 1074 δὲ
2019 1020 2102 1073 δεῖ
2122 1019 2368 1092 θαλάσσῃ
2390 1019 2718 1092 χρήσασθαι,
2755 1019 2908 1073 ἔσται
2951 1018 3144 1090 καιρός
3165 1032 3180 1049 ’
3234 1015 3394 1086 μόνον
3423 1014 3522 1067 ἐὰν

1941 1109 2299 1181 καταδέξηται
2319 1111 2413 1164 ml.
2448 1111 2541 1164 τὸν
2563 1110 2751 1175 πλοῦν,
2785 1110 2882 1165 καὶ
2900 1109 2999 1181 τὴν
3031 1108 3175 1180 ὑπὲρ
3209 1105 3319 1159 τῶν
3356 1103 3527 1158 τοιού-

1940 1219 2049 1256 των
2080 1202 2423 1273 πραγμάτων
2459 1202 2758 1274 πρεσϐείαν
2798 1203 2827 1255 ό
2864 1200 3275 1270 θεοφιλέστατος
3304 1198 3528 1251 ἐπίσκο-

1946 1308 2048 1357 πος
2073 1293 2373 1365 Γρηγόριος
2400 1294 2430 1347 ό
2471 1292 2719 1363 ἀδελφός.
2772 1290 2914 1362 Ἐγὼ
2952 1291 3052 1363 μὲν
3089 1291 3197 1362 γὰρ
3227 1290 3352 1343 οὔτε
3399 1290 3529 1351 τοὺς

1948 1382 2458 1456 συναπερχομένους
2508 1382 2659 1454 αὑτῷ
2710 1382 2863 1455 ὁρῶ,
2915 1383 3012 1437 καὶ
3059 1382 3223 1436 αὐτὸν
3272 1379 3531 1450 γινώσκω

1949 1475 2227 1539 παντελῶς
2282 1475 2509 1547 ἄπειρον
2575 1475 2706 1529 ὄντα
2764 1473 2872 1528 τῶν
2943 1474 3087 1529 κατά
3138 1472 3239 1536 τὰς
3302 1472 3533 1539 Ἐκκλη-

1948 1567 2072 1631 σίας
2102 1566 2235 1638 (95)’
2269 1566 2367 1620 καὶ
2395 1566 2697 1638 εὐγνώμονι
2724 1567 2824 1639 μὲν
2854 1566 3010 1638 ἀνδρὶ
3053 1563 3331 1632 αἰδέσιμον
3364 1557 3533 1615 αὑτοῦ

1947 1658 2044 1712 καὶ⁹
2073 1655 2268 1710 πολλοῦ
2299 1655 2455 1724 ἀξίαν
2486 1657 2585 1728 τὴν
2623 1658 2934 1729 συντυχίαν,
2979 1652 3168 1726 ὑψηλῷ
3196 1653 3254 1705 δὲ
3276 1652 3371 1705 καὶ
3395 1666 3530 1721 μετ-

270 1737 421 1793 modi
450 1753 814 1812 congressus,
849 1744 1011 1815 cujus
1045 1759 1229 1801 mores
1254 1745 1323 1799 ab
1348 1743 1603 1799 illiLerali
1642 1744 1837 1799 adula-

1960 1748 2129 1821 εὼρῳ,
2188 1748 2303 1803 ἄνω
2331 1764 2436 1801 που
2472 1748 2788 1820 καθημένῳ,
2835 1749 2932 1802 καὶ
2981 1746 3069 1801 διὰ
3121 1743 3296 1843 τοῦτο.
3313 1742 3536 1843 ἀκούειν

269 1828 419 1884 tione
450 1830 616 1887 alieni
636 1833 660 1885 ?

1939 1840 2049 1894 τῶν
2079 1838 2317 1912 χαμόθεν
2361 1838 2512 1910 αὐτῷ
2557 1839 2658 1911 τὴν
2699 1838 2960 1910 ἀλήθειαν
3020 1832 3405 1908 φθεγγομένων
3462 1831 3539 1903 μὴ

268 1925 568 1996 δυναμένῳ,
633 1928 689 1981 τί
729 1927 796 1984 ἂν
835 1929 1048 1999 γένοιτο
1086 1931 1277 2001 δφελος
1310 1932 1426 1997 τοῖς
1457 1932 1657 1997 κοινοῖς
1697 1931 1850 2003 παρά
1901 1935 2002 2009 τῆς
2036 1935 2133 1990 τοῦ
2166 1933 2416 1990 τοιούτου
2463 1933 2658 2005 ἀνδρὸς
2697 1933 2936 2005 ὁμιλίας,
2981 1932 3040 1998 ὃς
3081 1932 3362 2006 ἀλλότριον
3420 1929 3537 2000 ἔχει

271 2014 510 2082 θωπείας
538 2018 890 2091 ἀνελευθέρου
913 2021 974 2074 τὸ
1003 2018 1168 2093 ἦθος-ς

726 2214 1065 2271 EPISTULA
1101 2216 1352 2276 CCXVI’.

1960 2050 1973 2065 κ

2470 2209 2818 2266 ΕΠΙΣΤΟΛΗ
2850 2204 3011 2275 Σῐεῗ.

271 2372 460 2423 Narrat
480 2371 696 2424 Basilius
724 2370 1148 2440 peregrinationes
1170 2388 1204 2424 a
1238 2389 1292 2427 se
1317 2383 1586 2440 susceptas,
1609 2388 1753 2440 seque
1790 2375 1856 2440 ait
1885 2371 2161 2440 Terentium
2180 2368 2347 2440 statuit
2367 2372 2489 2440 post
2510 2359 3023 2440 νεάὶξμηιεσζξησξεξξε
3045 2366 3098 2411 ια
3130 2371 3299 2411 eorum
3326 2353 3534 2423 [νηίδα

231 2452 236 2461 ·
724 2424 736 2437 ”
757 2424 994 2497 edoceret,
1017 2424 1101 2502 qui
1116 2424 1257 2488 hunc
1268 2424 1765 2491 ἒοὴιῖἱὲιῖι-ἷὶίέιέὶίο
1785 2424 2084 2496 abstrahere,
2108 2441 2154 2487 et
2175 2431 2228 2485 in
2260 2424 2428 2496 partes
2450 2442 2563 2480 suas
2583 2424 2783 2477 allicere
2802 2424 3037 2475 volebant.

632 2578 871 2646 Heletio,
902 2583 1193 2638 Antiochia:
1221 2585 1482 2655 episcopo.

347 2695 530 2752 Multae
558 2711 661 2751 nos
686 2704 742 2751 et
769 2696 889 2751 aliae
929 2699 1395 2770 peregrinationes
1425 2715 1456 2754 a
1502 2700 1677 2771 patria
1716 2716 1850 2757 avo-

276 2797 493 2847 carunt.
521 2788 656 2844 Nam
679 2796 733 2845 et
758 2789 815 2844 in
836 2788 1097 2846 Pisidiam
1124 2807 1301 2862 usque
1331 2793 1604 2858 venimus,
1635 2800 1695 2847 ut
1724 2808 1848 2848 cum

277 2884 522 2954 ejusdem
556 2882 798 2954 regionis
842 2883 1118 2954 episcopis
1160 2901 1282 2955 quae
1328 2885 1492 2957 325
1534 2886 1601 2940 ad
1647 2884 1848 2941 fratres

281 2972 502 3028 Isauriae
536 2980 805 3043 spectant,
843 2988 1320 3044 componeremus.
1356 2976 1535 3046 Atque
1586 2976 1713 3045 inde
1746 2992 1848 3032 nos

279 3062 336 3115 in
382 3062 609 3116 Pontum
637 3063 850 3133 excepit
893 3064 1294 3135 peregrinatio,
1326 3080 1450 3120 cum
1496 3066 1844 3121 Dazimonem

281 3152 418 3207 satis
449 3152 827 3221 perturbasset
858 3151 1181 3210 Eustathius
1206 3196 1222 3222 ,
1253 3156 1565 3226 multosque
1592 3155 1707 3211 illic
1750 3155 1849 3211 ad-

279 3242 569 3307 duxisset,
600 3253 661 3298 ut
691 3258 750 3299 se
793 3244 862 3298 ab
912 3244 1159 3302 Ecclesia
1206 3255 1395 3303 nostra
1445 3248 1849 3303 abscinderent.

284 3335 393 3391 Sed
418 3344 472 3390 et
495 3350 669 3405 usque
703 3334 772 3389 ad
805 3333 956 3389 Petri
982 3337 1085 3391 mei
1119 3336 1303 3392 fratris
1328 3337 1472 3393 aedes
1495 3354 1581 3393 me
1603 3337 1807 3393 contuli
1837 3358 1848 3392 :

282 3443 403 3499 qua!
432 3442 556 3483 cum
605 3425 960 3483 Neocaesarea
988 3443 1098 3483 non
1154 3430 1314 3501 longe
1348 3430 1576 3494 distent,
1607 3430 1856 3500 plurimae

286 3519 716 3590 perturbationis
734 3517 1268 3577 Neocaesariensibus
1287 3535 1511 3577 causam
1530 3521 1854 3583 attulerunt,

285 3612 418 3666 mihi
443 3626 574 3667 vero
604 3610 851 3682 plurimae
871 3613 1216 3668 contumelia:
1245 3613 1528 3669 materiam
1551 3612 1854 3684 praebuere.

286 3699 350 3754 lii
380 3701 525 3754 enim
559 3698 838 3771 fugerunt,
872 3702 1091 3756 nemine
1113 3713 1507 3772 persequente:
1544 3718 1645 3757 nos
1675 3709 1856 3756 autem

284 3788 602 3844 videbamur
625 3789 922 3859 cupiditate
949 3789 1170 3844 laudum
1194 3791 1263 3845 ab
1288 3790 1422 3861 ipsis
1445 3790 1860 3861 consequenda-

285 3894 406 3933 rnm
431 3879 597 3934 etiam
624 3878 865 3935 invocati
886 3895 989 3935 nos
1013 3879 1331 3937 obtrudcre.
1354 3880 1651 3952 Postquam
1675 3888 1857 3936 autem

284 3968 604 4036 redivimus,
635 3986 703 4026 ex
734 3970 1005 4029 imbribus
1041 3987 1107 4028 ac
1139 3973 1409 4028 molestiis
1434 3973 1670 4044 plurima
1704 3972 1861 4027 infir-

287 4060 477 4115 unitate
501 4062 756 4129 collecta,
792 4062 980 4119 statim
1014 4078 1116 4120 nos
1140 4064 1207 4118 ab
1227 4063 1448 4121 Oriente
1477 4065 1672 4120 litterae
1699 4080 1859 4121 exce-

288 4161 478 4222 perunt
539 4153 736 4225 quibus
753 4155 1185 4227 signiﬁcabatur,
1206 4155 1438 4212 Paulino
1458 4157 1528 4212 ab
1557 4156 1853 4213 Occidente

286 4244 497 4299 litteras
531 4245 820 4315 quasdam,
849 4247 1018 4301 veluti
1055 4248 1345 4318 cujusdam
1374 4248 1713 4319 principatus
1748 4256 1861 4304 tes-

290 4349 498 4400 seram,
530 4336 728 4393 allatas
762 4337 957 4404 fuisse,
988 4340 1255 4411 valdeque
1278 4341 1461 4398 eﬁ'erri
1490 4341 1655 4412 hujus
1687 4342 1859 4412 partis

2201 2584 2493 2649 Μελετιῳ,
2542 2592 2857 2642 επισκοπῳ
2911 2573 3281 2643 Ἀντιοχείας.

2023 2699 2223 2755 Πολλαὶ
2258 2698 2357 2770 μὲν
2396 2697 2549 2769 ἡμᾶς
2582 2693 2677 2748 καὶ
2717 2689 2874 2745 ἄλλαι
2920 2686 3028 2760 (96)
3076 2685 3377 2757 ἀποδημίαι
3423 2683 3527 2755 τῆς

1955 2791 2215 2864 πατρίδος
2252 2790 2557 2861 ἀπήγαγον.
2612 2784 2723 2838 Καὶ
2766 2782 2876 2853 γὰρ
2931 2780 3093 2851 μέχρι
3136 2778 3238 2847 τῆς
3285 2776 3529 2840 Πισιδίας

1951 2884 2229 2955 διέϐημεν,
2269 2880 2409 2934 ὥστε
2447 2878 2584 2950 μετά
2625 2876 2733 2931 τῶν
2771 2876 2888 2929 ἐκεῖ
2923 2870 3236 2925 ἐπισκόπων
3284 2869 3352 2923 τὰ
3390 2867 3534 2923 κατά

1952 2974 2081 3037 τοὺς
2110 2974 2166 3025 ὲν
2192 2974 2258 3042 τῇ
2300 2967 2543 3041 Ἱσαυρίᾳ
2585 2966 2849 3037 ἀδελφοὺς
2877 2962 3146 3019 τυπῶσαι.
3186 2960 3454 3014 Κάκεῖθεν
3495 2961 3531 3029 ἡ

1954 3066 2048 3120 ἐπὶ
2081 3065 2173 3121 τὸν
2224 3064 2425 3119 Πόντον
2469 3063 2619 3133 ἡμᾶς
2663 3058 2936 3123 διεδέξατο
2986 3055 3283 3126 ἀποδημία,
3332 3052 3533 3117 ἱκανῶς

1951 3157 2042 3210 τὸν
2072 3153 2363 3226 Δαζιμῶνα
2414 3149 2752 3223 ταράξαντος
2780 3146 2876 3201 τοῦ
2916 3144 3234 3208 Εὐσταθίου,
3273 3143 3370 3197 καὶ
3403 3142 3531 3195 πολ-

1953 3247 2078 3313 λοὺς
2107 3245 2503 3307 ἀναπείσαντος
2540 3242 2651 3296 τῶν
2686 3242 2803 3294 ἐκεῖ
2838 3236 3236 3308 ἀποσχισθῆναι
3267 3235 3367 3305 τῆς
3411 3234 3534 3288 Ἐκ.

1954 3338 2185 3409 κλησίας
2207 3336 2386 3408 ήμῶν.
2426 3332 2759 3404 Ἐγενόμεθα
2798 3331 2856 3384 δὲ
2879 3331 2972 3384 καὶ
3001 3329 3162 3400 μέχρι
3193 3325 3288 3380 τοῦ
3309 3326 3535 3380 οίκιδῖου

1956 3431 2161 3502 Πέτρου
2192 3427 2284 3482 τοῦ
2303 3426 2532 3497 ἀδελφοῦ
2549 3424 2730 3497 ἡμῶν,
2753 3422 2803 3486 δ,
2829 3421 2916 3477 διὰ
2930 3420 2993 3474 τὸ
3020 3420 3127 3491 (97)
3152 3418 3535 3491 προσεγγίζειν

1954 3527 2066 3587 τοῖς
2106 3521 2253 3576 κατὰ
2294 3519 2725 3590 Νεοκαισάρειαν
2771 3515 2993 3577 τόποις,
3036 3511 3238 3582 πολλῆς
3284 3510 3383 3581 μὲν
3421 3511 3533 3571 τοῖς

1956 3615 2074 3667 ἐκεῖ
2124 3611 2367 3683 ταραχῆς
2416 3609 2686 3680 παρέσχεν
2739 3605 2942 3668 αἰτίαν,
2986 3602 3191 3673 πολλῆς
3235 3601 3293 3656 δὲ
3327 3600 3536 3672 ὕϐρεως

1955 3705 2089 3775 ἡμῖν
2142 3701 2399 3756 ὑπόθεσιν
2453 3697 2833 3770 προεξένησεν.
2876 3696 2940 3748 Oi
2992 3692 3091 3763 μὲν
3128 3691 3237 3763 γὰρ
3285 3690 3533 3759 ἔφευγον,

1954 3794 2167 3858 οὐδενὸς
2195 3791 2511 3853 διώκοντος·
2563 3789 2724 3860 ἡμεῖς
2765 3786 2823 3839 δὲ
2868 3783 3235 3855 ὲνομιζόμεθα
3270 3779 3537 3853 ἐπιθυμίᾳ

1956 3887 2064 3942 τῶν
2094 3887 2221 3958 παρ’
2246 3886 2430 3946 αὐτοῖς
2465 3881 2706 3935 ἐπαίνων
2742 3878 2835 3932 καὶ
2863 3876 3090 3947 ἄκλητοι
3132 3871 3532 3939 είσωθίζεσθαι.

1967 3979 2120 4033 Ἐπεὶ
2146 3978 2205 4031 δὲ
2227 3972 2622 4047 ἐπανήλθομεν,
2657 3973 2723 4025 ὲκ
2748 3968 2858 4023 τῶν
2882 3968 3105 4040 ὄμϐρων
3136 3967 3232 4020 καὶ
3261 3964 3373 4017 τῶν
3406 3961 3538 4016 ἀθυ-

1962 4068 2100 4140 μιῶν
2135 4065 2336 4137 πολλὴν
2374 4060 2688 4135 ἀρρωστίαν
2730 4057 3146 4127 συναγαγόντες,
3200 4054 3360 4117 εὐθὺς
3392 4053 3537 4123 ἡμᾶς

1962 4159 2027 4210 ἐκ
2066 4154 2170 4225 τῆς
2203 4152 2494 4222 Ἀνατολῆς
2522 4147 2787 4203 κατέλαϐε
2813 4145 3122 4217 γράμματα
3142 4184 3158 4207 ,
3203 4143 3538 4213 σημαίνοντα

1958 4248 2072 4310 τοῖς
2102 4245 2230 4316 περὶ
2255 4240 2518 4298 Παυλῖνον
2541 4239 2648 4293 ἀπὸ
2681 4239 2782 4308 τῆς
2809 4236 3032 4300 Δύσεως
3050 4234 3339 4296 ἐπιστολάς
3365 4248 3534 4294 τινας,

1959 4335 2146 4408 ὥσπερ
2167 4334 2311 4399 τινὸς
2332 4332 2506 4405 ἀρχῆς
2539 4330 2880 4401 συνθήματα,
2904 4324 3250 4398 κεκομίσθαι,
3274 4324 3370 4377 καὶ
3395 4322 3537 4394 μέγα

288 4424 457 4479 duces
502 4433 559 4480 et
600 4425 826 4497 gloriari
873 4426 942 4483 de
975 4429 1214 4494 litteris;
1250 4429 1448 4485 deinde
1494 4431 1660 4486 etiam
1696 4430 1852 4487 ﬁdem

1965 4431 2181 4500 φρονεῖν
2220 4427 2346 4490 τοὺς
2397 4421 2727 4485 στασιαστὰς
2781 4418 2876 4473 τοῦ
2920 4418 3121 4490 μέρους
3162 4415 3394 4479 ἐκείνου,
3443 4413 3539 4466 καὶ

290 4530 618 4586 proponere,
645 4532 710 4572 ac
725 4533 789 4573 ea
810 4520 1124 4575 conditione
1145 4530 1367 4592 paratos
1384 4538 1504 4578 esse
1527 4538 1650 4578 cum
1675 4532 1860 4579 nostra

288 4605 533 4661 Ecclesia
556 4606 838 4679 conjungi.
864 4607 947 4663 Ad
987 4607 1105 4664 hare
1140 4609 1273 4663 mibi
1296 4617 1351 4665 et
1387 4609 1522 4664 illud
1553 4610 1861 4664 nuntiatum

358 4746 378 4765 '
408 4742 561 4811 Alias
583 4739 884 4797 CCLXXII.
910 4740 1129 4811 Scripta
1154 4758 1299 4796 anno
1322 4742 1448 4811 5'15.

358 4812 471 4885 (95)
496 4810 620 4885 Τῶν
648 4811 797 4885 κατὰ
817 4813 936 4885 ,τὰς
958 4810 1340 4885 Ἐκκλησίας.
1371 4810 1447 4866 Ex
1468 4813 1864 4885 quatuor_c_odi-

288 4881 466 4947 cibus,
497 4882 553 4936 in
583 4882 785 4951 quibus
817 4882 929 4937 haec
970 4881 1200 4950 epistola
1238 4889 1439 4946 exstat,
1471 4881 1666 4951 nempe
1696 4881 1862 4951 Med.,

288 4953 458 5007 Coisl.
495 4949 692 5021 primo,
726 4949 861 5021 Reg.
896 4949 1139 5007 secundo
1170 4960 1225 5007 et
1260 4952 1524 5014 Clarom.,
1564 4949 1717 5007 solus
1757 4949 1864 5009 Reé

288 5023 411 5093 gius
460 5021 668 5093 profuit
713 5023 791 5093 ad
831 5022 1226 5093 emendandain
1268 5022 1556 5077 lectionem
1589 5022 1861 5092 vulgatam

286 5090 397 5145 τῶν
430 5090 572 5145 κατὰ
598 5090 697 5160 τῆς
735 5090 1085 5160 Ἐκκλησίας.
1207 5159 1212 5160 ί
1331 5147 1336 5154 ,

361 5111 397 5145 ιν
430 5110 572 5145 κατα
598 5110 697 5160 της
740 5110 901 5144 ικκΛ
944 5110 1085 5154 σιας.
1331 5147 1336 5154 ,

361 5162 471 5232 (96)
504 5161 613 5217 Kal
655 5159 861 5232 ἄλλαι.
900 5110 1057 5227 διιοά
1098 5162 1175 5215 ait
1200 5159 1439 5232 Basilius
1481 5175 1541 5216 se
1578 5162 1782 5218 multas
1813 5173 1864 5217 et

291 5232 428 5313 alias
455 5231 927 5313 peregrinationes
970 5233 1301 5313 suscepisse,
1346 5231 1400 5285 id
1424 5241 1746 5299 argumento
1780 5241 1865 5313 est

292 5303 531 5373 aliquam
548 5302 605 5373 ei
639 5309 839 5373 praeter
860 5316 976 5365 eas,
992 5317 1139 5373 _quas
1161 5302 1864 5373 janrexegerat,proposi-

292 5318 528 5371 anquam
556 5318 605 5356 ei
639 5318 835 5370 praeter
860 5318 976 5365 eas,
1041 5318 1139 5356 uas
1161 5318 1274 5370 jam
1304 5318 1580 5371 exegerat,

290 5380 401 5424 tam
442 5387 471 5423 a
517 5370 730 5424 Ileletio
765 5369 956 5424 fuisse.
992 5318 1147 5424 ﬁnde
1175 5371 1486 5424 colligimus
1521 5372 1604 5424 eni

291 5442 409 5510 qui,
446 5448 504 5494 ut
533 5448 617 5510 est
646 5441 701 5493 in
733 5440 891 5508 epist.
918 5439 1046 5505 215,
1089 5441 1291 5494 Basilio
1313 5439 1529 5495 'auctor
1556 5439 1762 5507 fuerat,
1807 5452 1865 5496 ut

290 5508 545 5580 celeriter
559 5508 1009 5580 Mesopotamiam
1034 5519 1261 5579 peteret,
1284 5511 1467 5580 ibique
1491 5513 1699 5567 coactis
1721 5513 1865 5566 idem

292 5579 671 5650 sentientibus
718 5579 994 5650 episcopis
1050 5579 1434 5650 imperatorem
1492 5583 1688 5646 adiret,
1751 5598 1860 5636 non

289 5651 452 5703 alium
500 5647 713 5703 Meletio
746 5647 936 5703 fuisse}
968 5647 1228 5715 Quamvis
1266 5659 1447 5706 autem
1479 5650 1713 5707 Basilius
1754 5666 1863 5706 non

289 5720 526 5775 declaret
560 5719 612 5773 iu
661 5718 762 5774 hac
801 5719 1059 5780 epistola,
1105 5720 1237 5779 quid
1284 5721 1352 5778 de
1392 5721 1588 5778 lllelelii
1630 5723 1864 5778 consilio

1043 5372 1147 5442 nde
1175 5371 1486 5442 colligimus
1521 5371 1861 5442 episcopum.

1968 4514 2366 4586 ὲπαγάλλεσθαι
2401 4516 2514 4576 τοῖς
2540 4510 2885 4584 γράμμασιν,
2911 4505 3030 4562 εἶτα
3070 4506 3165 4561 καὶ
3198 4505 3380 4559 πίστιν
3409 4519 3540 4574 προ-

1964 4606 2258 4672 τείνεσθαι,
2302 4604 2396 4660 καὶ
2431 4607 2522 4659 ἐπὶ
2565 4603 2738 4676 ταύτῃ
2770 4601 2880 4674 (98)
2935 4599 3168 4672 ἑτοίμως
3198 4597 3341 4669 ἔχειν
3425 4613 3540 4649 συν-

1967 4741 2204 4807 sentiat;
2234 4755 2345 4795 non
2378 4739 2583 4793 idcirco
2614 4737 2811 4807 mutila
2840 4736 3015 4807 videri
3044 4735 3226 4791 debet.
3258 4733 3365 4789 llos
3394 4733 3537 4788 enim

1967 4806 2195 4867 maximi
2227 4810 2491 4863 momenti
2517 4815 2659 4871 erat,
2690 4823 2755 4861 ac
2783 4806 2981 4860 litteris
3009 4821 3118 4859 non
3149 4812 3353 4858 temere
3389 4819 3538 4858 com-

1966 4880 2255 4936 mittenda.
2283 4879 2423 4933 Hinc
2446 4878 2682 4933 Basilius
2708 4877 2763 4930 in
2787 4877 2948 4946 epist.
2971 4875 3079 4928 215
3095 4882 3539 4946 _au_ctorem_con-

1968 4952 2078 5006 silii
2109 4966 2218 5005 non
2247 4950 2512 5005 nominat.
2546 4942 2911 5013 Quamobrem
2942 4943 3241 4999 verisimile
3268 4950 3352 4998 est
3382 4942 3537 4997 Basi-

1967 5021 2101 5075 lium
2136 5020 2279 5075 idem
2320 5020 2377 5073 in
2412 5020 2514 5072 hac
2543 5017 2795 5086 epistola,
2840 5030 2904 5069 ac
2933 5015 3005 5086 in;
3035 5014 3305 5086 pluribus
3332 5015 3541 5086 aliis_et

1968 5092 2271 5162 praesertim
2301 5090 2354 5143 in
2385 5081 2615 5159 epislola
2650 5085 2721 5162 §7_
2750 5086 2816 5140 ad
2847 5081 3098 5140 eumdem
3127 5082 3427 5162 Meletium,
3462 5081 3539 5135 fe~

1968 5156 2134 5224 cisse,
2170 5169 2230 5214 ut
2258 5175 2379 5230 qua:
2409 5156 2528 5213 tuto
2556 5156 2723 5230 scribi
2752 5171 2861 5230 non
2893 5159 3162 5224 poterant,
3190 5167 3255 5208 ea
3291 5156 3345 5206 in
3388 5167 3540 5205 arca-

1968 5224 2917 5302 nisgmanda'ti's_daret_perferenda.
2959 5293 2985 5302 Α
3022 5293 3035 5302 _
3140 5291 3162 5302 _
3240 5291 3265 5302 _
3299 5291 3312 5302 _
3413 5292 3426 5302 Δ
3506 5293 3518 5302 _

2043 5300 2156 5371 (9'7)
2183 5299 2403 5371 ‘0,_§w‘r
2423 5301 2510 5353 τό.
2542 5291 2708 5371 L'egit
2746 5291 3197 5371 Combeﬁsiusﬂd;
3236 5291 3449 5371 διὰ-τό,
3501 5293 3542 5343 is

1968 5361 2107 5441 quod
2128 5361 2647 5441 loca'Neoca’sareiej
2661 5368 2834 5441 vicina
2856 5381 3017 5436 prope
3052 5363 3208 5418 adiit.
3243 5361 3349 5418 Sed
3381 5377 3543 5433 repu.

1970 5436 2138 5510 gnant
2163 5456 2297 5496 mss.
2337 5455 2401 5493 ac
2435 5440 2553 5507 ipsa
2585 5436 2834 5492 historia.

2045 5510 2155 5582 (98)
2199 5510 2325 5582 Ἐπί
2371 5502 2577 5582 ταῦτῃ.
2613 5510 2698 5562 Εα
2730 5507 3054 5582 conditione,
3101 5504 3153 5560 id
3187 5510 3287 5582 est_
3312 5503 3358 5559 si
3406 5502 3542 5557 nihil

1970 5572 2208 5651 am‘pli’us
2232 5580 2301 5651 ab
2341 5579 2433 5651 eis
2453 5572 2721 5648 exigatur.
2755 5575 2892 5651 Nam
2941 5575 3044 5632 etsi
3078 5588 3241 5651 unam
3274 5572 3540 5651 liyposta-

1969 5642 2080 5705 sim'
2105 5650 2378 5708 dicebant.
2424 5642 2572 5703 hanc
2592 5657 2772 5702 tamen
2797 5647 3014 5718 ~legem
3040 5660 3149 5718 non
3184 5642 3539 5713 imponebant

1968 5721 2116 5777 aliis.
2153 5720 2266 5774 lino
2297 5720 2549 5775 videntur
2580 5715 2910 5788 persuadere
2931 5715 3174 5772 voluisse
3206 5721 3376 5769 totam
3415 5730 3537 5770 rem

3032 5794 3051 5817 9
