3900 6208
184 315 311 372 ἳ9ῗ

1084 322 1579 380 ΕΡΙΞΤΟΙΑΒΗΜ
1617 324 1912 385 CLASSIS
1942 329 2007 385 II.
2049 329 2267 387 EPIST.
2309 333 2558 389 CCXVII.

3375 344 3471 406 793

179 428 466 501 κληρικοὶ
503 430 561 483 δὲ
593 430 769 498 ὄντες,
811 432 907 491 τοῦ
954 433 1165 507 βαθμοῦ
1207 437 1615 512 καθαιροῦνται.
1668 440 1795 508 Πᾶς

1899 444 2123 511 clerici,
2156 460 2186 498 a
2230 447 2403 516 gradu
2438 447 2803 516 'dejiciuntur.
2866 448 3121 521 Quisquis
3166 456 3336 514 enim.
3387 474 3466 512 ιιι-

176 524 338 589 γὰρ,
380 522 565 593 φησὶν,
609 525 643 577 ό
684 523 886 579 λαϐὼν
917 524 1220 598 μάχαιραν
1253 530 1323 585 ἐν
1358 533 1621 602 μαχαίρᾳ
1651 534 1797 588 ἁπο-

179 613 495 669 θανεῖται.

261 706 426 774 NG’.
464 709 524 761 ὐ
551 708 817 774 ἑκουσίως
845 710 1135 780 φονεύσας,
1173 714 1313 788 μετά
1345 716 1404 770 δὲ
1425 716 1588 772 τοῦτο
1628 735 1798 791 μετα-

186 796 503 868 μεληθεὶς,
562 799 771 855 εἴκοσιν
820 801 1000 858 ἔτεσιν
1063 805 1429 881 ἀκοινώνητος
1480 808 1633 864 ἔσται
1682 813 1796 874 τοῖς

180 889 536 961 ἀγιάσμασι.
585 891 667 945 Τά
715 891 775 947 δὲ
825 892 1032 950 εἴκοσιν
1068 896 1163 969 ἔτη
1213 897 1389 964 οὕτως
1434 901 1796 975 οἰκονομηθή-

183 996 365 1035 σεται
419 983 507 1035 ἐπ’
544 983 719 1055 αὐτῷ.
773 985 861 1040 Ἐν
912 987 1208 1061 τέσσαρσιν
1245 989 1395 1045 ἔτεσι
1443 994 1795 1064 προσκλαίειν

180 1073 436 1143 ὀφείλει,
476 1076 582 1142 ἔξω
617 1077 721 1149 τῆς
750 1078 920 1151 θύρας
951 1080 1126 1147 ἑστὼς
1160 1082 1256 1137 τοῦ
1288 1085 1582 1157 εὐκτηρίου
1619 1085 1791 1152 οίκου,

183 1166 296 1219 καὶ
331 1166 447 1222 τῶν
477 1170 757 1225 εἰσιόντων
794 1171 1005 1226 πιστῶν
1033 1173 1286 1247 δεόμενος
1322 1177 1488 1249 εὐχὴν
1521 1178 1663 1250 ὑπὲρ
1693 1179 1794 1231 αὐ-

180 1258 295 1312 τοῦ
349 1260 660 1329 ποιεῖσθαι,
706 1263 1047 1338 ἐξαγορεύων
1095 1267 1196 1339 τὴν
1251 1268 1389 1323 ἰδίαν
1425 1271 1792 1342 παρανομίαν.

182 1351 363 1407 Μετὰ
392 1352 451 1406 δὲ
476 1352 548 1407 τὰ
569 1354 815 1426 τέσσαρα
857 1356 951 1429 ἔτη
998 1360 1079 1423 είς
1115 1359 1245 1424 τοὺς
1276 1361 1665 1432 ἀκροωμένους
1703 1362 1792 1415 δε·-

183 1443 470 1516 χθήσεται
491 1464 506 1477 ·
540 1449 635 1501 καὶ
678 1449 749 1501 ὲν»
779 1449 943 1505 πέντε
991 1450 1136 1504 ἔτεσι
1183 1450 1306 1524 μετ’
1347 1452 1529 1507 αὐτῶν
1578 1454 1793 1519 ἐξελεύ-

184 1552 383 1591 σεται.
412 1538 502 1592 Ἐν
536 1538 678 1593 ἑπτὰ
703 1539 849 1595 ἔτεσι
888 1541 1028 1613 μετά
1056 1542 1166 1597 τῶν
1196 1544 1255 1597 ὲν
1284 1544 1596 1599 ὑποπτώσει
1625 1563 1797 1618 προσ-

185 1629 502 1702 ευχόμενος
530 1631 644 1705 (12)
666 1632 1028 1700 ἐξελεύσεται.
1054 1636 1144 1693 Ἐν
1168 1635 1435 1710 τέσσαρσι
1461 1640 1792 1710 συστήσεται

189 1722 370 1793 μόνον
415 1726 539 1789 τοῖς
562 1728 796 1792 πιστοῖς,
833 1730 1152 1801 προσφορᾶς
1186 1730 1245 1784 δὲ
1284 1731 1347 1784 ού
1398 1731 1786 1803 μεταλήψεται.

1896 538 2053 608 quit,
2084 537 2325 609 gladium
2358 541 2591 609 accepit,
2626 541 2805 611 gladio
2833 544 3023 611 peribit
3053 546 3116 600 “.

1972 710 2102 769 LVI.
2132 712 2237 778 Qui
2266 714 2576 769 voluntarie
2626 715 2938 779 interiecit,
2965 728 3022 773 et
3065 732 3251 790 postea
3299 724 3463 793 ι)ωυί-

1898 806 2063 860 tentia
2126 808 2329 861 ductus
2370 815 2492 874 est,
2546 810 2705 863 annis
2754 811 2947 882 viginti
3006 825 3470 871 sacramentorum

1895 913 2009 953 non
2058 899 2167 953 erit
2223 900 2524 971 particeps.
2556 899 2758 972 Viginti
2795 912 2981 959 autem
3027 907 3155 961 anni
3191 909 3275 964 sic
3319 908 3375 963 in
3407 926 3470 964 eo

1895 991 2389 1060 dispensabuntur.
2433 993 2611 1049 Annis
2646 1004 2888 1065 quatuor
2917 997 3048 1053 flere
3090 1000 3279 1063 debet,
3318 1010 3471 1057 stans

1894 1093 2051 1139 extra
2082 1083 2229 1140 fores
2269 1084 2466 1142 domus
2499 1089 2769 1144 orationis
2792 1131 2807 1157 ,
2840 1099 2895 1145 et
2938 1091 3305 1163 ingredientes
3341 1093 3470 1148 Iide-

1894 1176 1976 1232 Ies
2006 1192 2207 1248 rogans
2230 1218 2246 1244 ,
2277 1185 2339 1232 ut
2371 1193 2470 1249 pro
2493 1181 2613 1250 ipso
2637 1190 2948 1250 precentur,
2977 1199 3243 1254 suamque
3269 1184 3463 1255 iniqui-

1894 1276 2061 1324 tatem
2098 1271 2390 1326 contitens.
2442 1269 2575 1327 Post
2615 1283 2853 1343 quatuor
2897 1284 3079 1329 autem
3128 1292 3301 1332 annos
3331 1278 3469 1333 inter

1893 1359 2185 1415 audientes
2217 1361 2534 1431 recipietur,
2571 1370 2626 1416 et
2659 1363 2905 1435 quinque
2952 1365 3113 1420 annis
3163 1381 3287 1420 cum
3336 1367 3470 1437 ipsis

1891 1448 2084 1504 exibit.
2117 1450 2312 1506 Annos
2339 1460 2547 1521 septem
2583 1467 2693 1507 una
2722 1468 2848 1509 cum
2889 1455 2982 1519 iis,
3014 1456 3107 1525 qui
3137 1455 3190 1509 iu
3222 1458 3459 1511 substra-

1891 1540 2045 1596 tione
2073 1548 2224 1607 sunt,
2255 1556 2425 1597 orans
2455 1543 2790 1614 egredietur.
2823 1544 3015 1601 Annos
3044 1554 3283 1616 quatuor
3307 1549 3468 1604 stabit

1893 1630 2076 1686 solum
2116 1645 2250 1685 cum
2284 1630 2573 1698 fidelibus,
2603 1633 2700 1690 sed
2730 1634 3026 1691 oblationis
3062 1651 3170 1691 non
3203 1637 3309 1691 erit
3346 1654 3460 1708 par-

1898 1724 2097 1795 ticeps.
2134 1723 2235 1782 His
2260 1734 2443 1783 autem
2472 1727 2706 1798 expletis
2733 1729 3010 1801 particeps
3028 1731 3135 1805 erit
3162 1745 3473 1788 sacramen-

185 1815 611 1888 Πληρωθέντων
643 1819 701 1872 δὲ
744 1819 951 1874 τούτων
999 1821 1215 1892 μεθέξει
1256 1823 1367 1877 τῶν
1410 1825 1787 1896 ἀγιασμάτων.
1821 1813 1869 1867 Β
1893 1826 2100 1873 torum-

261 1907 401 1963 NZ'.
444 1906 502 1963 '0
549 1908 824 1974 ἀκουσίως
867 1911 1135 1980 φονεύσας
1173 1915 1232 1968 ὲν
1276 1914 1409 1969 δέκα
1454 1915 1631 1971 ἐτεσιν
1677 1918 1789 1990 (15)

185 1995 573 2068 ἀκοινώνητος
619 1997 779 2055 ἔσται
832 1999 941 2056 τῶν
984 2002 1367 2074 ἀγιασμάτων.
1415 2007 1793 2083 Οἰκονομηθή-

189 2104 356 2143 σεται
384 2089 444 2142 δὲ
479 2090 552 2145 τά
596 2091 733 2146 δέκα.
771 2093 869 2165 ἐτη
905 2094 992 2147 ἐπ’
1028 2094 1178 2167 αὐτῷ
1210 2095 1374 2150 οὕτω.
1408 2097 1514 2152 Δύο
1562 2099 1662 2170 μὲν
1694 2099 1789 2173 ἐτη

187 2182 608 2253 προσχλαύσει’
639 2184 768 2255 τρία
800 2185 858 2239 δὲ
894 2186 991 2258 ἔτη
1020 2188 1132 2259 (14)
1171 2190 1229 2242 ὲν
1259 2190 1632 2263 ἀκροωμένοις
1674 2192 1794 2247 δια-

186 2274 452 2342 τελέσει,
490 2275 784 2349 τέσσαρσιν
818 2278 1162 2347 ὑποπίπτων,
1197 2285 1293 2334 καὶ
1318 2283 1557 2355 ἐνιαυτῷ
1590 2302 1791 2340 συστα-

188 2365 431 2437 ϐήσεται
492 2366 683 2438 μόνον·
728 2369 825 2422 καὶ
862 2369 942 2441 τῷ
993 2370 1120 2442 ἑξῆς
1170 2372 1253 2436 εἰς
1294 2373 1371 2427 τὰ
1420 2373 1551 2444 am
1594 2375 1791 2449 δεχθή-

191 2471 383 2508 σεται.

263 2547 409 2602 NH'.
448 2546 508 2601 '0
537 2547 834 2619 μοιχεύσας
865 2551 925 2604 ἐν
947 2556 1006 2603 ιε’
1034 2549 1213 2606 ἐτεσιν
1238 2552 1603 2624 ἀκοινώνητος
1633 2554 1789 2612 ἔσται

191 2638 310 2691 τῶν
346 2638 713 2710 ἀγιασμάτων
743 2640 858 2713 (15)
880 2656 894 2672 ·
936 2642 996 2695 ὲν
1023 2642 1289 2716 τέσσαρσι
1322 2643 1420 2716 μὲν
1441 2645 1789 2718 προσκλαίων

191 2729 405 2796 ἔτεσιν,
428 2733 487 2784 ὲν
514 2731 678 2786 πέντε
715 2732 774 2787 δὲ
805 2733 1158 2807 ἀκροώμενος
1177 2750 1193 2767 ⁸
1230 2738 1289 2791 ἐν
1330 2737 1624 2810 τέσσαρσιν
1659 2740 1790 2794 ὐπο-

194 2823 443 2892 πίπτων,
468 2826 527 2881 ὲν
552 2826 675 2880 δυσὶ
706 2824 979 2890 συνεστὼς
1006 2826 1138 2881 ἄνευ
1167 2829 1470 2893 κοινωνίας.

266 2917 402 2970 ΝΘ.
433 2918 493 2971 '0
526 2919 731 2991 πόρνος
778 2920 839 2972 ἐν
882 2918 1027 2973 ἑπτά
1059 2919 1239 2975 ἐτεσιν
1264 2922 1387 2991 (16)-
1427 2923 1797 2997 ἀκοινώνητος

194 3005 354 3062 ἔσται
391 3009 498 3065 τῶν
550 3012 912 3083 ἀγιασμάτων
936 3030 950 3044 ο
986 3012 1081 3066 δύο
1122 3014 1471 3086 προσκλαίων
1497 3056 1514 3083 ,
1567 3020 1663 3073 καὶ
1696 3019 1792 3074 δύο

194 3102 591 3212 ἀκροώμενος
614 3106 730 3212 οκαὶ.
761 3104 870 3212 δύα
885 3105 1235 3173 ὑποπίπτων,
1267 3108 1363 3162 καὶ
1393 3109 1474 3162 ἐνὶ
1518 3110 1790 3176 συνεστὼς
1817 3151 1863 3212 C

199 3193 367 3266 μόνον
388 3212 403 3226 ⁶
434 3195 514 3269 τῷ
541 3196 715 3268 ὀγδόῳ
747 3196 1073 3270 δεχθήσεται
1101 3200 1182 3261 εἰς
1206 3198 1306 3269 τὴν
1334 3202 1646 3258 κοινωνίαν.

266 3285 348 3342 Ξ¹.
396 3287 461 3340 Ἡ
488 3288 795 3361 παρθενίαν
808 3288 1217 3360 ὁμολογήσασα,
1243 3292 1340 3344 καὶ
1361 3293 1670 3349 ἐκπεσοῦσα
1693 3295 1794 3367 τῆς

195 3378 541 3448 ἐπαγγελίας
564 3419 580 3445 ,
618 3380 714 3433 τὸν
757 3381 950 3453 χρόνον
979 3380 1077 3435 τοῦ
1109 3383 1204 3435 ἐπὶ
1243 3381 1345 3453 τῆς
1397 3385 1643 3455 μοιχείας
1679 3385 1791 3457 (17)

270 3517 314 3548 ¹¹
359 3515 554 3571 Matth.
592 3534 754 3583 τινι,
792 3518 917 3574 52.~

197 3650 330 3723 dum
392 3650 710 3723 pronuntiat
744 3649 1110 3723 Contbeﬁsitts
1164 3652 1266 3722 τῆς
1322 3652 1695 3723 Ἐκκλησίας,
1736 3662 1792 3709 et

197 3721 497 3776 delendum
535 3720 636 3790 τῆς
659 3721 964 3783 κοινωνίας.
1008 3720 1299 3776 Consentit
1323 3720 1548 3777 Alexiu's
1579 3727 1792 3779 Ariste-

198 3806 306 3848 nus
336 3807 465 3845 cum
497 3793 760 3847 omnibus
789 3793 998 3847 nostris
1021 3794 1309 3848 codicnhus
1349 3809 1485 3849 mss.
1522 3802 1577 3848 et
1602 3795 1786 3849 editis.

200 3861 429 3936 tegitur
453 3871 640 3936 tamen
690 3863 907 3936 inhuno
945 3864 1260 3936 autgaltero
1303 3863 1499 3936 codice
1534 3863 1638 3936 ego
1690 3867 1792 3936 μὲν

197 3930 355 3996 ὄντες
372 3975 388 3998 ,
420 3930 697 4004 εἴργονται
728 3933 829 4004 τῆς
854 3933 1140 3998 κοινωνίας
1168 3933 1261 3987 τοῦ
1289 3933 1520 4002 ἀγαθοῦ.
1546 3933 1649 3990 Sed
1677 3930 1790 3990 haec

203 4004 716 4075 scripturaeodem
756 4004 901 4058 redit
958 4020 1021 4075 ac
1055 4006 1301 4075 vulgata.
1332 4005 1601 4059 Caeterum
1650 4011 1791 4060 hanc

202 4072 378 4144 legem
423 4072 715 4127 Balsamon
755 4075 925 4129 variis
958 4072 1515 4144 interpretationibus
1567 4076 1789 4132 demiti-

202 4153 316 4214 gat,
346 4159 506 4213 aequo
538 4144 820 4199 duriorem
851 4145 1131 4199 existimat
1162 4144 1439 4210 Zonaras;
1475 4147 1608 4199 nihil
1646 4149 1699 4200 in
1726 4164 1791 4201 ea

204 4214 958 4286 animadvertit_Aristenus,
1015 4216 1162 4286 quod
1192 4223 1288 4270 aut
1336 4216 1640 4271 obscurum
1695 4231 1786 4271 aut

202 4283 722 4355 reprehendendum
751 4285 1025 4340 videatur.

272 4355 388 4427 (I2)
429 4358 971 4427 ῃροσευχόμενος.
1019 4355 1113 4410 Sic
1172 4372 1310 4411 mss.
1375 4372 1591 4411 summo
1655 4372 1792 4412 con-

208 4423 398 4498 sensu.
429 4423 612 4498 Edit'tn,
660 4423 908 4498 exceptis
945 4426 1275 4490 Pandectis,
1311 4428 1785 4498 προσευχομὲνων.

207 4495 407 4580 Lenior
445 4504 530 4579 est
561 4494 814 4580 Basilius
843 4512 1008 4566 quam
1060 4498 1304 4578 synodus
1343 4494 1631 4580 Ancyrana
1665 4516 1788 4580 qua:
1823 4496 1865 4554 D

205 4567 540 4624 voluntariis
602 4567 848 4623 caedibus
905 4569 1349 4623 communionem
1402 4567 1475 4622 in
1509 4570 1614 4624 line
1664 4567 1790 4623 vitae

209 4639 484 4691 concedit.

275 4708 390 4778 (I5)
418 4709 537 4779 (Ἐν
557 4705 705 4761 δέκα
726 4708 912 4763 ἔτεσι.
946 4705 1204 4779 Synodus
1226 4707 1519 4778 Ancyrana
1544 4709 1791 4778 quinque

209 4792 380 4832 annos
412 4778 650 4848 imponit
697 4780 828 4834 huic
877 4778 1149 4849 peceato:
1195 4786 1403 4900 segtem
1453 4794 1484 4831 a
1541 4781 1789 4847 patribus

209 4847 494 4900 Imaositos
537 4857 793 4900 testatur.
832 4847 1093 4900 Severior
1121 4848 1207 4900 his
1293 4848 1491 4900 asilius
1521 4863 1535 4899 :
1567 4864 1677 4900 non
1707 4859 1788 4900 ta-

207 4847 506 4918 impositos’
537 4857 793 4904 testatur.
832 4847 1093 4902 severior
1121 4848 1207 4902 his
1247 4847 1491 4903 Basilius
1521 4863 1535 4899 :
1567 4864 1677 4903 non
1707 4859 1788 4903 ta-

207 4935 329 4975 men
362 4920 585 4974 videtur
623 4921 816 4975 eadem
842 4932 1007 4987 paena
1030 4934 1228 4973 omnes
1255 4919 1663 4975 involuntarias
1683 4935 1789 4974 cae-

207 4990 299 5045 des
326 4990 829 5060 comprehendere,
858 5004 1000 5058 quas
1029 5002 1242 5043 canone
1279 4988 1313 5042 8
1343 4990 1665 5060 recensuit,
1689 4991 1786 5045 sed

208 5075 297 5116 eas
324 5059 537 5114 tantum
557 5102 574 5128 ,
600 5075 740 5130 quas
778 5061 981 5115 ibidem
1008 5060 1078 5113 ad
1111 5059 1487 5114 voluntarium
1523 5061 1789 5117 accedere

208 5132 472 5185 declarat.

275 5200 573 5325 (ἐξ)ὲῖίέξῇ
601 5199 671 5253 δὲ
705 5200 831 5269 ἔτη.
870 5200 965 5256 Sic
1013 5214 1150 5255 mss.
1193 5198 1390 5256 melius
1437 5214 1604 5270 quam
1652 5201 1785 5255 editi

207 5286 326 5325 τοία
353 5286 449 5325 μεν
479 5286 571 5325 ετη
584 5309 595 5320 .

240 5288 979 5413 ρῇδῗᾙᾷγιασμάτων.
1009 5339 1155 5413 Editi
1184 5339 1394 5413 addunt
1425 5339 1786 5413 οᾲίκθνομηθή-

212 5425 352 5484 σεται
370 5410 450 5466 ⁷τά
480 5418 541 5466 ιε’
573 5410 669 5484 ἐτη
695 5412 782 5465 ἐπ’
816 5410 1198 5484 αὐτῴοὒτως,
1218 5410 1516 5484 quindecim
1546 5410 1785 5484 anni’sic

212 5482 259 5534 in
280 5500 337 5537 eo
373 5480 849 5553 dispensab'untur.
870 5480 987 5553 Sed
1018 5481 1275 5553 haecinon
1308 5480 1567 5553 leguntur
1594 5482 1701 5537 nisi
1727 5483 1783 5537 in

214 5554 610 5610 recentioribus
650 5552 934 5607 nonnullis
958 5552 1265 5607 codicibus.

278 5624 388 5694 (I6)
440 5627 545 5679 Ἐν
586 5624 737 5678 ἑπτὰ
784 5623 1005 5677 ἐτεσιν.
1050 5621 1329 5694 Laborant
1385 5620 1681 5694 Balsamon
1728 5630 1783 5678 et

216 5688 449 5749 Zonaras
484 5694 541 5749 in
583 5695 686 5749 hoc
718 5708 931 5749 canone
960 5692 1311 5747 conciliando
1344 5707 1470 5747 cum
1514 5692 1780 5748 vicesimo

217 5766 466 5832 secundo,
504 5773 668 5835 atque
700 5765 756 5822 id
790 5778 973 5821 causa:
1004 5761 1273 5831 alterunt,
1305 5779 1407 5820 cur
1435 5762 1490 5817 in
1517 5762 1779 5823 vicesimo

1964 1907 2125 1965 LVII.
2169 1907 2275 1975 Qui
2320 1925 2431 1965 non
2460 1913 2773 1968 voluntarie
2813 1913 3126 1978 interfecit,
3161 1928 3257 1982 per
3281 1912 3471 1968 decem

1892 2013 2075 2069 annos
2122 2009 2600 2056 sacramentorum
2654 2017 2765 2056 non
2811 2004 2919 2057 erit
2977 2002 3274 2073 particeps.
3328 2001 3472 2055 Anni

1892 2097 2078 2145 autem
2108 2092 2300 2147 decem
2337 2091 2500 2147 sicin
2535 2106 2603 2147 eo
2633 2091 3125 2163 dispensabuntur.
3165 2089 3313 2145 Duos
3352 2091 3475 2161 qui-

1892 2181 2016 2237 dem
2046 2196 2228 2237 annos
2265 2181 2450 2249 ﬂebit,
2484 2191 2597 2238 tres
2622 2191 2806 2238 autem
2841 2197 3017 2237 annos
3065 2182 3210 2236 inter
3247 2181 3473 2237 audien-

1890 2283 1977 2331 tes
2007 2276 2423 2346 perseverabit,
2450 2286 2690 2348 quatuor
2723 2278 3059 2341 substratus,
3087 2284 3142 2331 et
3177 2291 3322 2332 anno
3364 2292 3474 2331 uno

1891 2369 2162 2425 consistet
2211 2375 2463 2437 tantum;
2493 2376 2548 2424 et
2605 2369 2868 2441 deinceps
2903 2369 2968 2423 ad
3026 2377 3219 2424 sancta
3276 2367 3474 2422 admit-

1891 2468 2057 2515 tetur.

1962 2550 2148 2609 LVIII.
2182 2551 2288 2620 Qui
2335 2552 2649 2608 moechatus
2671 2562 2786 2618 est,
2821 2569 2919 2624 per
2947 2552 3259 2624 quindecim
3300 2567 3475 2610 annos

1892 2655 2369 2701 sacramentorum
2397 2661 2508 2699 non
2539 2630 2647 2699 erit
2680 2645 2957 2716 particeps
2990 2664 3004 2699 ;
3033 2652 3273 2716 quatuor
3314 2645 3474 2701 annis

1892 2736 2063 2801 ﬂens,
2100 2736 2347 2807 quinque
2398 2736 2667 2801 audiens,
2701 2746 2940 2807 quatuor
2984 2736 3305 2791 substratus
3329 2775 3344 2800 ,
3381 2752 3474 2806 per

1891 2824 2034 2878 deos
2067 2826 2382 2880 consistens
2406 2828 2526 2880 sine
2551 2827 2962 2881 communione.

1966 2914 2103 2972 LIX.
2167 2916 2495 2974 Fornieator
2542 2926 2751 2990 septem
2799 2921 2961 2975 annis
3006 2928 3476 2975 sacramentorum

1891 3022 2002 3062 non
2054 3007 2163 3063 erit
2197 3010 2474 3079 particeps
2499 3049 2516 3075 ,
2552 3009 2771 3066 duobus
2809 3009 2947 3067 fletis
2970 3051 2985 3075 ,
3024 3019 3079 3066 et
3118 3010 3333 3065 duobus
3379 3025 3474 3063 au-

1893 3098 2088 3165 diens,
2123 3107 2189 3156 et.
2231 3100 2450 3158 duobus
2508 3102 2848 3170 substratus,
2899 3110 2955 3159 et
3001 3118 3110 3158 uno
3164 3102 3481 3158 consistens

1895 3202 2109 3245 tantum
2132 3211 2145 3247 :
2172 3193 2468 3267 octavoIad
2490 3195 2950 3269 communionem.
2972 3194 3311 3249 admittetur.

1964 3280 2078 3339 LX.
2143 3280 2276 3348 Quae
2329 3283 2705 3353 virginitatem
2758 3281 3053 3354 professa,
3105 3298 3136 3337 a
3202 3299 3302 3337 suo
3350 3299 3479 3353 pro-

1893 3376 2067 3431 misso
2097 3375 2251 3446 lapsa
2285 3385 2370 3433 est
2394 3417 2408 3440 ,
2451 3376 2665 3448 peccati
2711 3375 2971 3430 adulterii
3001 3386 3217 3446 tempus
3252 3377 3307 3429 in
3338 3390 3474 3430 con-

1893 3653 2138 3709 secundo
2163 3662 2405 3777 quatuor
2428 3653 2556 3706 anni
2579 3691 2594 3715 ,
2621 3662 2826 3722 septem
2861 3653 2916 3706 in
2954 3654 3128 3708 altero
3157 3652 3466 3709 decernan-

1893 3732 2004 3777 tur.
2049 3737 2160 3777 auo
2239 3722 2478 3777 Basilius
2534 3723 2588 3777 in
2639 3723 2901 3777 vicesimo
2950 3724 3193 3777 secundo
3246 3724 3466 3777 antinua

1892 3732 2004 3784 tur,
2049 3722 2195 3792 quod
2239 3722 2478 3778 Basilius
2534 3723 2588 3777 in
2639 3723 2901 3779 vicesimo
2950 3724 3193 3779 secundo
3246 3724 3477 3792 antiqua

1893 3792 2115 3848 Patrum
2147 3793 2346 3861 placita
2382 3801 2678 3863 sequatur,
2695 3808 2851 3847 suam
2894 3795 2949 3847 in
2981 3796 3156 3848 altero
3193 3794 3471 3863 propriam

1893 3864 2222 3919 sententiam
2295 3871 2557 3932 exponat.
2641 3862 2905 3918 Eumtletn
2988 3864 3135 3918 hunc
3195 3862 3473 3917 canonum

1892 3934 2120 3989 Alexius
2148 3934 2442 3988 Aristonus
2465 3974 2480 3999 ,
2504 3940 2584 4004 ut
2623 3935 2918 4004 clarumet
2954 3935 3304 4004 perspicuum
3331 3973 3345 3996 ,
3375 3947 3477 3986 ne-

1894 4014 1985 4084 gat
2009 4004 2375 4084 explicatione
2399 4003 2671 4084 indigere.
2705 4002 2936 4084 Videbat
2966 4002 3224 4084 nimirum
3245 4002 3474 4084 doctis-

1894 4072 2341 4143 sitnusscriptor
2386 4072 2664 4143 duplicem
2699 4090 2729 4129 a
2764 4074 2967 4127 Basilio
2994 4073 3261 4142 distingui
3307 4072 3455 4126 forni

1893 4145 2166 4198 cationem
2193 4186 2207 4206 ,
2255 4144 2514 4198 leviorem
2550 4144 2779 4199 alteram
2809 4186 2823 4208 ,
2870 4145 3098 4198 alteram
3141 4144 3472 4213 graviorem.

1893 4214 2095 4270 Levior
2127 4216 2351 4277 dicitur,
2385 4229 2508 4284 quae
2530 4214 2673 4267 inter
2702 4229 2965 4284 personas
2998 4213 3353 4269 matrimonio
3377 4217 3473 4268 so-
3511 4275 3515 4278 ,

1894 4287 2041 4356 tutas
2075 4287 2479 4356 connnittitur:
2509 4285 2748 4356 gravior,
2781 4299 2911 4339 cunt
2933 4284 3211 4356 conjugati
3233 4285 3475 4356 hominis

1895 4354 2064 4410 libido
2110 4355 2166 4409 in
2216 4355 2502 4410 mulierem
2551 4355 2789 4408 solutam
2826 4354 3304 4425 erumpitfPriori
3342 4356 3474 4409 anni

1895 4435 2154 4497 quatuor,
2188 4433 2397 4495 septem
2435 4425 2595 4497 alteri
2636 4424 3019 4497 imponuntur.
3049 4424 3339 4481 Manifesta
3383 4441 3474 4480 res

1893 4496 1977 4551 est
2006 4513 2073 4551 ex
2097 4512 2309 4551 canone
2345 4496 2438 4559 2|,
2468 4496 2563 4550 ubi
2592 4496 2873 4566 conjugati
2912 4507 3201 4566 peccatum
3230 4512 3357 4551 cum
3382 4511 3476 4551 so-

1898 4570 2008 4621 luta
2042 4568 2465 4621 fornicationem
2507 4566 2745 4636 appellat
2786 4565 3059 4629 Basilius,
3097 4581 3161 4621 ac
3209 4566 3474 4636 longiori-

1892 4638 1998 4692 bus
2024 4638 2202 4706 ρωιιίε
2251 4637 2537 4701 coerceri,
2586 4651 2697 4690 non
2744 4644 2928 4706 tamen
2974 4638 3150 4693 instar
3178 4636 3470 4699 adulterii,

1892 4705 2148 4762 testatur.
2186 4705 2245 4761 In
2295 4721 2507 4762 canone
2550 4717 2736 4762 autem
2781 4705 2849 4759 77
2881 4722 3006 4777 eum
3036 4708 3131 4777 qui
3173 4706 3470 4777 legitimam

1894 4793 2121 4832 uxorem
2167 4778 2436 4840 dimittit,
2470 4786 2525 4831 et
2568 4778 2731 4831 aliam
2773 4776 2962 4840 ducit,
2992 4776 3300 4831 adulterum
3348 4776 3469 4844 qui-

1892 4848 2015 4903 dem
2045 4863 2169 4902 esse
2196 4864 2262 4902 ex
2298 4846 2521 4902 Domini
2562 4848 2834 4902 sententia
2864 4855 3123 4912 testatur,
3149 4847 3246 4902 sed
3284 4854 3467 4900 tamen

1890 4934 1955 4973 ex
1984 4918 2290 4972 canonibus
2326 4917 2552 4972 Patrum
2596 4932 2771 4972 annos
2800 4927 3005 4987 septem
3036 4917 3314 4980 decernit,
3357 4931 3469 4970 non

1890 4988 2244 5059 quindecim,
2276 4996 2334 5042 ut
2359 4989 2413 5042 in
2457 4987 2730 5042 adulterio
2761 5002 2884 5041 cum
2917 4987 3096 5041 aliena
3122 5000 3299 5059 uxore
3318 5001 3468 5059 com:

1891 5056 2084 5113 misso.
2123 5057 2324 5112 Secum
2370 5074 2499 5128 ergo
2545 5074 2653 5112 non
2697 5064 2898 5127 pugnat
2932 5072 3083 5128 cum,
3114 5056 3467 5128 fornicationi

1888 5143 2040 5183 nunc
2071 5143 2246 5183 annos
2266 5126 2527 5198 quatuor,
2560 5126 2717 5198 nunc,
2740 5136 2990 5198 septem,
3023 5126 3295 5198 adulterio
3321 5143 3466 5182 nunc

1889 5207 2096 5269 septem
2117 5239 2133 5266 ,
2166 5196 2315 5253 nunc
2363 5197 2678 5269 quindecim
2709 5196 2921 5251 indicit.
2950 5196 3209 5251 Eamdem
3240 5197 3299 5269 in
3342 5214 3466 5254 sen-

1889 5267 2116 5324 tentiam
2146 5269 2361 5324 videtur
2383 5267 2941 5337 accipiendusicanon
2963 5276 3195 5337 quartus
3224 5268 3466 5337 epistola:

1891 5338 2080 5393 Sancti
2109 5339 2354 5408 Gregorii
2377 5336 2613 5410 Nysseni
2644 5337 2713 5392 ad
2739 5336 3173 5410 Letoium._Nant
3199 5336 3324 5393 cum
3357 5338 3466 5392 fora
3526 5348 3529 5349 '

1887 5410 2156 5464 nicationi
2207 5407 2659 5471 novem‘annos,
2698 5407 2972 5461 adulterio
3006 5407 3194 5462 decem
3238 5416 3296 5463 et
3341 5423 3367 5462 ς
3413 5417 3464 5461 to

1886 5479 2156 5550 imponit,
2185 5480 2404 5548 gravior
2443 5478 2535 5550 illa
2567 5477 2917 5550 intelligenda
2962 5477 3279 5550 fornicatio,
3300 5493 3461 5548 quam

1885 5546 2220 5622 conjugatus
2251 5565 2376 5622 cum
2411 5549 2598 5622 soluta.
2613 5546 2927 5622 committit.
2960 5546 3101 5622 Hinc
3126 5546 3462 5622 illamadul-

1886 5618 2084 5676 teriuni
2118 5619 2292 5674 videri
2320 5620 2521 5674 fatetur
2550 5618 2635 5672 his
2660 5618 2751 5688 qui
2783 5620 3101 5673 accuratius
3125 5619 3463 5673 examinant.

1957 5692 2071 5763 (i7)
2118 5690 2231 5758 Τῆς
2265 5690 2558 5763 μοιχείας.
2612 5688 3159 5763 Ilmc__con_scntanea
3208 5699 3339 5745 sunt
3367 5708 3464 5744 ca-

1884 5757 2014 5820 noni
2052 5757 2155 5829 '18,
2185 5757 2243 5817 in
2267 5757 2402 5831 'quo
2447 5760 2693 5817 decernit
2734 5757 2971 5816 Basilius
3006 5759 3311 5818 adulteram
3341 5776 3464 5819 esse
