3900 6208
464 324 571 379 805

1808 313 1866 371 S.
1908 307 2152 367 BASILII
2197 307 2416 363 MAG.“
3594 307 3674 362 8οί

464 462 574 518 quo
620 461 652 501 e
682 445 794 501 vita
828 447 1080 513 excedit,
1133 451 1487 502 sacramento
1526 442 1730 513 dignus
1775 440 2034 494 habeatur

2152 430 2368 501 γεῖσθαι
2398 433 2683 504 χρεωστεῖ,
2712 432 2772 483 ὲν
2796 429 2876 501 τῷ
2913 428 3094 501 καιρῷ
3120 421 3173 498 ᾧ
3200 427 3438 482 ἐκϐαίνει
3457 427 3541 480 τοῦ
3566 427 3674 497 βίον,

464 539 543 592 ὁ
574 535 817 592 ﬁde-lin
849 535 1333 592 Deielementim.

539 711 775 767 LXXIV.
798 707 953 778 Quod
986 711 1030 766 si
1065 710 1449 781 unusquisque
1469 707 1800 778 eorum,qui
1833 705 1888 760 in
1915 720 2049 776 pra:-

467 807 633 861 mctis
669 806 908 876 peccatis
965 803 1153 867 fuere,
1194 802 1579 872 paenitentiam
1631 815 1824 871 agens,
1860 799 2043 854 bonus

466 902 741 968 evaserit,
785 901 832 953 is
871 898 960 955 cui
1010 915 1037 952 a
1087 897 1183 954 Dei
1230 896 1566 967 benignitate
1617 891 1825 964 ligandi
1880 901 2047 961 atque

467 992 713 1047 solvendi
774 992 981 1046 credita
1043 998 1291 1061 potestas
1327 1029 1343 1052 ,
1406 989 1455 1043 si
1520 985 1850 1042 clementior
1912 984 2043 1050 ﬁat,

466 1092 759 1154 perspecta
790 1083 939 1138 illius
986 1083 1080 1152 qni
1115 1080 1366 1151 peccavit
1410 1078 1751 1150 pcenitentiae
1780 1076 2048 1145 magnitu-

466 1177 594 1231 dine
615 1220 630 1244 ,
658 1178 724 1232 ad
752 1175 1164 1232 diminuendum
1198 1188 1485 1245 ρωποι-ωτι
1522 1179 1740 1241 tempus
1759 1208 1776 1236 ,
1808 1184 1916 1224 non
1941 1167 2045 1222 erit

465 1267 665 1337 dignus
695 1266 1170 1328 condemnatione,
1192 1280 1317 1317 cum
1343 1278 1406 1316 ea
1439 1276 1559 1332 quae
1584 1267 1669 1315 est
1706 1260 1759 1313 in
1799 1256 2046 1327 Scriptu-

464 1358 563 1421 ris,
594 1356 821 1411 historia
850 1371 952 1410 nos
981 1354 1196 1420 doceat,
1221 1369 1317 1409 eos
1351 1352 1444 1423 qui
1474 1366 1600 1406 cum
1624 1349 1833 1420 majore
1856 1348 2044 1403 labore

462 1448 840 1517 paenitentiam
877 1456 1077 1517 agunt,
1110 1446 1223 1500 cito
1275 1445 1372 1500 Dei
1417 1441 1858 1499 misericordiam
1909 1455 2044 1495 con-

463 1540 641 1608 ωιιυί.

535 1627 743 1683 LXXV.
777 1628 878 1696 Qui
909 1645 1034 1686 cum
1076 1646 1175 1687 sua
1219 1645 1288 1685 ex
1330 1637 1485 1701 patre
1516 1628 1603 1685 vel
1640 1642 1707 1683 ex
1736 1635 1915 1681 matre
1957 1639 2043 1681 so-

462 1734 589 1775 rore
611 1721 850 1791 pollutus
880 1730 963 1777 est
983 1761 997 1786 ,
1029 1722 1084 1775 in
1112 1722 1337 1777 domum
1367 1720 1636 1776 orationis
1665 1735 1736 1774 ne
1760 1717 2041 1789 permitta-

2154 523 2247 576 τοῦ
2287 524 2628 594 ἀγιάσματος
2659 522 3002 593 ἀξιούμενος,
3031 522 3215 575 πίστει
3252 520 3351 591 τῆς
3392 520 3528 591 παρὰ
3569 521 3676 574 Usa-3

2156 614 2591 686 φιλανθρωπίας.

2223 708 2342 761 οΔ’.
2385 706 2515 760 Ἐὰν
2548 705 2800 777 μέντοιγε
2850 705 3082 768 ἕκαστος
3127 703 3237 757 τῶν
3266 702 3325 757 ὲν
3364 704 3477 766 τοῖς
3516 717 3674 772 apo}:-

2152 799 2494 870 γραμμένοις
2522 798 2887 869 ἁμαρτήμασι
2908 796 3224 867 γενομέναν
3253 794 3527 857 micis:
3554 795 3666 865 γένη·

2150 907 2268 955 ται,
2315 891 2844 963 ὲξομολογυτῖιρενος⁴
2881 891 2911 944 ό
2950 888 3264 952 πιστευθεὶς
3310 887 3460 960 παρὰ
3501 887 3679 958 τῆςτώ

2150 983 2286 1037 Θεοῦ
2318 983 2732 1057 φιλανθρωπίας
2763 982 2913 1037 λύειν
2948 983 3044 1036 καὶ
3078 982 3322 1053 δεσμεῖν,
3344 982 3395 1034 εί
3428 979 3671 1052 φιλανθρω-

2151 1075 2390 1147 πότερος
2414 1077 2647 1145 γένοιτο,
2683 1076 2744 1130 τὸ
2781 1075 3125 1148 ὑπερόάλλον
3159 1073 3262 1145 τῆς
3296 1072 3679 1144 {Meam

2120 1186 2125 1192 ’
2149 1166 2292 1241 ὁρῶν
2320 1168 2416 1223 τοῦ
2444 1168 2854 1240 ἡμαρτηκότος,
2885 1169 2966 1232 εἰς
2996 1167 3059 1220 τὸ
3088 1165 3389 1221 ἐλαττῶσαι
3422 1165 3507 1218 τον
3529 1163 3679 1235 χρόνον

2149 1261 2262 1316 τῶν
2293 1261 2608 1333 ἐπιτιμίων,
2640 1262 2741 1314 οὐκ
2786 1260 2938 1313 ἔσται
2978 1257 3379 1328 καταγνώσεως
3414 1256 3575 1324 ἄξιος·
3606 1257 3681 1327 τῆς

2153 1356 2211 1408 ἐν
2234 1355 2357 1417 ταῖς
2384 1353 2629 1425 Γραφαῖς
2655 1350 3037 1424 (28⁸)ὶστορίας
3059 1348 3431 1422 γνωριζούσης
3454 1350 3571 1419 ἡμῖν
3584 1347 3681 1409 τοὺς

2154 1445 2294 1518 μετὰ
2324 1445 2571 1517 μείζονος
2610 1443 2777 1496 πόνου
2823 1441 3144 1514 ὲξομολογου
3153 1440 3350 1511 μένους
3392 1437 3581 1509 ταχέως
3609 1436 3682 1490 τὶν

2148 1538 2244 1593 τοῦ
2275 1520 2643 1606 Θεοῦηφιλανθ
2654 1535 2863 1607 ρωπίαν
2894 1532 3363 1604 καταλαμϐάνειν.

2219 1631 2340 1685 ΟΕ’.
2371 1631 2429 1684 ’0
2457 1629 2659 1701 ἀδελφῇ
2689 1628 2796 1700 ἰδίᾳ
2821 1628 2888 1681 ὲκ
2921 1624 3128 1699 πατρὸς
3162 1624 3196 1696 ἢ
3241 1625 3306 1677 ὲκ
3348 1620 3540 1694 μητρὸς
3578 1636 3687 1690 συμ-

2151 1720 2399 1792 μιανθεὶς
2428 1723 2509 1785 είς
2538 1715 2687 1775 οἶκον
2721 1718 3033 1791 προσευχῆς
3076 1717 3154 1788 μὴ
3191 1713 3557 1786 ὲπιτρεπὲσθω
3581 1729 3687 1781 παρ-

463 1825 554 1866 tur
600 1813 897 1878 accedere,
926 1815 1103 1869 donec
1134 1815 1203 1868 ab
1249 1814 1439 1885 iniqua
1476 1821 1530 1868 et
1581 1811 1796 1867 nefaria
1828 1811 2034 1864 actione

2148 1817 2308 1876 εἶναι,
2336 1813 2445 1877 ἕως
2483 1813 2553 1867 ἂν
2586 1815 2799 1884 ἀποστῇ
2833 1809 2938 1881 τῆς
2972 1808 3299 1882 παρανόμου
3345 1808 3440 1860 καὶ
3468 1805 3686 1876 ἀθεμίτου

460 1905 712 1960 desistat.
753 1903 1048 1975 Postquam
1080 1914 1261 1959 autem
1299 1908 1356 1962 in
1390 1904 1651 1961 horrendi
1687 1903 1895 1974 peccati
1921 1919 2043 1957 sen-

461 2014 581 2053 sum
626 2007 682 2054 et
723 1998 1261 2054 animadversionem
1302 1999 1548 2063 venerit,
1592 1997 1834 2052 triennio
1879 1994 2035 2061 ﬂeat,

459 2099 613 2144 stans
637 2104 860 2161 prepter
893 2091 1039 2147 fores
1067 2091 1267 2147 domus
1297 2091 1593 2156 orationis,
1624 2100 1678 2146 et
1717 2103 1921 2161 rogans
1942 2102 2043 2159 po-

457 2182 646 2252 pulum
682 2181 1078 2253 ingredientem
1112 2183 1179 2239 ad
1209 2184 1514 2240 orationem
1536 2224 1552 2249 ,
1580 2192 1637 2238 nt
1663 2182 2045 2253 unusquisque

456 2273 891 2329 misericorditer
965 2290 1066 2345 pro
1122 2276 1242 2345 ipso
1307 2275 1556 2329 intensas
1618 2273 1687 2328 ad
1747 2271 2041 2326 Dominum

456 2378 648 2433 preces
697 2364 908 2421 fundat.
960 2365 1158 2421 Postea
1202 2373 1387 2421 autem
1419 2366 1531 2420 alio
1563 2364 1805 2420 triennio
1854 2364 1922 2418 ad
1959 2378 2043 2418 so-

456 2457 565 2511 lam
599 2456 935 2513 auditionem
987 2458 1344 2523 admittatur,
1391 2466 1464 2525 et,
1491 2456 1797 2533 Scripturis
1835 2456 2042 2511 doctrio

456 2563 638 2619 naque
667 2550 896 2614 auditis,
937 2551 1220 2620 ejiciatur,
1258 2565 1361 2605 nec
1396 2549 1597 2620 dignus
1624 2547 1890 2603 habeatur
1923 2561 2043 2602 ora-

455 2645 627 2700 tione.
664 2643 905 2710 Deinde,
944 2645 992 2700 si
1054 2644 1220 2699 modo
1258 2644 1408 2698 illam
1470 2659 1597 2698 cum
1635 2642 1895 2713 lacrymis
1943 2656 2038 2695 ex-

455 2737 743 2805 quisierit,
790 2744 846 2792 et
893 2735 1127 2791 Domino
1177 2750 1303 2789 cum
1353 2734 1540 2789 cordis
1597 2733 1933 2788 contritione
1985 2740 2039 2785 ct

456 2829 638 2886 valida
685 2829 1071 2885 bumiliatione
1114 2828 1342 2900 supplex
1404 2825 1743 2897 procidcrit,
1787 2823 1948 2880 detur
1986 2823 2037 2877 ei

455 2923 755 2978 substratio
785 2938 880 2993 per
912 2921 1052 2977 alios
1082 2929 1197 2976 tres
1244 2935 1441 2974 annos.
1478 2918 1879 2988 Et,postquam
1921 2930 2037 2986 pm-

454 3015 696 3069 nitentiae
732 3014 945 3069 fructus
975 3013 1170 3085 dignos
1195 3012 1537 3077 ostenderit,
1569 3027 1716 3067 anno
1737 3010 1953 3066 decimo
1981 3011 2035 3063 in

456 3108 697 3164 ﬁdelium
751 3106 1031 3163 orationes
1064 3106 1403 3177 suscipiatur
1455 3105 1576 3160 sine
1627 3103 1944 3159 oblatione:
1982 3110 2036 3156 et

453 3199 548 3257 ubi
574 3200 734 3256 annis
759 3200 975 3255 duobus
1002 3215 1107 3252 una
1135 3213 1260 3253 cum
1291 3196 1545 3252 ﬁdelibus
1576 3195 1794 3251 steterit
1817 3194 1885 3250 ad
1911 3209 2036 3249 ora-

452 3288 657 3343 tionem
680 3329 696 3355 ,
723 3291 799 3344 ita
827 3289 1046 3345 demum
1087 3289 1287 3361 dignus
1315 3288 1582 3344 habeatur
1611 3286 1745 3341 boni
1793 3300 2039 3343 commu-

454 3393 639 3436 πιοιιε.

526 3555 760 3611 LXXVI.
793 3556 998 3613 Eadem
1032 3566 1117 3614 est
1150 3558 1291 3613 ratio
1329 3558 1398 3614 de
1426 3557 1495 3614 iis
1533 3572 1754 3629 quoque
1781 3556 1873 3629 qui
1906 3572 2037 3624 suas

452 3665 629 3706 nurus
657 3651 960 3721 accipiunt.

524 3743 691 3814 329
718 3741 972 3799 LXXVII.
998 3741 1102 3809 Qui
1134 3742 1397 3813 relinquit
1417 3741 1661 3814 legitime
1683 3742 1791 3798 sibi
1813 3743 2036 3813 copula-

448 3837 565 3887 tam
603 3832 922 3899 mulierem,
957 3843 1011 3890 et
1044 3830 1206 3889 aliaui
1233 3835 1417 3893 ducit.
1449 3850 1518 3889 ex
1565 3832 1779 3888 Domini
1815 3843 2038 3890 senten-

526 3963 664 4036 {28‘)
703 3964 819 4034 Τῆς
866 3967 936 4021 ἐν
970 3964 1100 4033 ταῖς
1143 3965 1434 4036 Γραφαῒς.
1467 3963 2037 4036 ΟῢεοννοιίΖοηπειε

452 4035 706 4107 sanctum
740 4036 959 4091 Patrem
982 4037 1050 4092 ad
1078 4053 1165 4101 ea,
1188 4035 1312 4107 qua:
1333 4044 1634 4091 narrantur
1655 4036 1724 4091 de
1757 4035 2034 4107 Manasse,

454 4105 686 4159 Ezechia
713 4118 767 4161 et
795 4108 918 4161 aliis
948 4105 1242 4177 ejusmodi,
1275 4107 1507 4177 digitum
1535 4107 1843 4177 intendere.
1882 4106 2035 4161 Hanc

454 4183 637 4230 autem
658 4178 886 4232 canonis
917 4176 1041 4234 esse
1063 4176 1389 4233 sententiain
1408 4177 1695 4231 contendit
1715 4176 2032 4241 Balsamon,

455 4255 517 4299 ut
568 4243 838 4316 episc0pi'
868 4264 977 4302 non
1016 4249 1194 4303 solum
1243 4262 1531 4318 poenarum
1594 4248 2036 4318 tempusimmi-

454 4325 652 4388 nuant,
687 4318 780 4388 sed
813 4318 960 4386 ipsas
993 4321 1157 4372 etiam
1189 4317 1383 4388 pinnas
1411 4317 1755 4373 commutent
1782 4338 1796 4373 :
1835 4317 1889 4372 in
1918 4333 2030 4387 quo

453 4386 675 4458 quidem
736 4387 839 4441 sibi
887 4386 1293 4443 nonnullos’ait
1326 4403 1437 4443 non
1475 4387 1757 4443 assentiri.
1796 4388 1919 4458 Ipse
1938 4386 2036 4442 ita-

456 4472 580 4511 men
609 4456 807 4528 fatetur
839 4473 1091 4528 magnam
1121 4473 1246 4513 esse
1279 4459 1480 4514 debere
1508 4456 1848 4514 cautionem.
1889 4457 2027 4512 Nar-

456 4535 545 4580 rat
594 4526 739 4581 eniin
766 4542 890 4580 cum
938 4526 1104 4583 miles
1156 4528 1450 4583 voluntarii
1496 4528 1778 4582 homicidii
1826 4544 1954 4584 reus
1994 4544 2025 4583 a

454 4596 689 4666 quodam
716 4598 972 4668 episcopo
1006 4606 1131 4668 post
1173 4599 1335 4654 breve
1366 4598 1658 4669 admodum
1692 4598 2026 4669 pmoitentiaa

455 4675 670 4739 tempus
702 4666 987 4739 absolutus
1006 4666 1198 4724 i‘uisset
1224 4679 1328 4723 tem
1339 4685 1468 4739 pore
1492 4666 1652 4722 Lucae
1675 4666 2022 4739 patriarchae,

455 4736 723 4808 synodum
775 4737 936 4806 jussu
989 4736 1351 4809 imperatoris
1386 4740 1629 4809 graviter
1678 4736 1745 4792 id
1798 4737 2025 4793 ferentis

454 4812 848 4879 convocatam,
899 4809 969 4879 de
1021 4808 1266 4879 episcopi
1324 4808 1471 4879 [acto
1523 4808 1880 4863 deliberasse.
1946 4808 2026 4864 Ac

453 4877 772 4947 episcopum
804 4878 1023 4948 quidem
1057 4877 1406 4948 seseihujus
1440 4879 1669 4932 canonis
1691 4885 1753 4948 et
1784 4879 2018 4932 aliorum

455 4945 715 5002 similium
771 4945 1099 5004 auctoritate
1139 4945 1474 5009 defendisse,
1505 4948 1603 5002 scd
1639 4945 1707 5000 ad
1743 4956 1959 5018 tempus
1993 4966 2024 5002 a

455 5018 764 5073 ministerio
794 5029 1062 5075 remotum
1103 5020 1293 5081 fuisse,
1326 5028 1381 5074 et
1416 5019 1642 5074 militem
1685 5033 1881 5089 rursus
1908 5034 2026 5089 po:-

455 5089 700 5160 nitentiae
759 5091 1067 5160 subjectum
1107 5089 1546 5160 :pronum‘tiante
1596 5086 1809 5158 synodo
1858 5086 2024 5144 licere

455 5158 674 5227 quidem
726 5158 1003 5229 episcopis
1039 5158 1336 5214 canonicas
1370 5174 1561 5229 poenas
1602 5173 1801 5229 augere
1830 5168 1885 5213 et
1917 5161 2023 5212 mi-

457 5244 646 5300 nuere,
672 5228 775 5300 sed
802 5228 1127 5286 aranearum
1181 5232 1285 5284 ﬁlis
1326 5228 1519 5300 ligare,
1542 5243 1664 5299 qua:
1692 5228 1894 5284 debent
1926 5230 2025 5282 tri-

457 5297 571 5371 bus
590 5297 909 5371 rudentibus
938 5301 1172 5371 alligari,
1200 5315 1309 5371 non
1337 5297 1525 5371 licere:

457 5436 469 5448 .
519 5366 1165 5448 .(29)1_(at_a,1mxdt:wr.
1196 5369 1465 5448 Loquitur
1495 5367 1554 5423 S.
1600 5366 1763 5448 Pater
1785 5368 1854 5448 de
1903 5368 2022 5448 viro

456 5436 659 5509 injuste
693 5436 987 5509 legitimam
1013 5456 1236 5496 uxorem
1267 5436 1593 5496 dimittente.
1617 5436 1752 5493 Nam
1780 5437 1830 5494 si
1864 5439 2022 5493 adul-

455 5508 652 5561 terium
703 5508 1097 5581 in’tercessiset,
1129 5526 1238 5566 non
1267 5510 1381 5580 jam
1432 5510 1672 5581 legitima
1712 5524 1849 5581 uxor
1875 5518 2022 5565 esset

453 5593 521 5632 ex
555 5581 823 5650 sententia
855 5579 1062 5643 Basilii,
1090 5583 1183 5650 qui
1215 5578 1519 5636 adulteram
1545 5578 1669 5650 ejici
1701 5580 1875 5646 jubet,
1908 5596 2019 5635 non

454 5646 618 5721 modo
648 5650 931 5721 permittit.
988 5646 1167 5720 Atque
1199 5652 1300 5705 hoc
1333 5651 1555 5721 quidem
1576 5646 1882 5721 'peccatum
1918 5652 2019 5704 ho-

454 5718 620 5771 minis
678 5718 971 5786 legitimam
1008 5718 1231 5774 uxorem
1266 5718 1590 5775 dimittentis
1622 5728 1676 5773 et
1717 5719 1880 5773 aliam
1915 5721 2019 5775 du-

455 5787 668 5851 cetltis,
733 5788 1060 5844 adulterium
1106 5789 1305 5846 fatetur
1350 5806 1494 5858 esse,
1525 5790 1572 5844 si
1626 5789 1841 5845 Domini
1884 5808 2014 5848 seu-

2147 1904 2420 1976 πράξεως.
2473 1902 2630 1958 Μετὰ
2659 1900 2715 1955 δὲ
2765 1900 2827 1955 τὸ
2874 1896 3054 1954 ἐλθεῖν
3100 1898 3182 1962 εἷς
3232 1894 3572 1965 συναίσθησιν
3608 1892 3686 1961 τῆς

2150 1996 2392 2067 φοϐερᾶς
2431 1993 2708 2067 ἁμαρτίας
2751 1990 2990 2062 ἐκείνης,
3033 1988 3277 2062 τριετίαν
3329 1984 3685 2061 προσκλαιέτω,

2143 2090 2210 2160 τῇ
2238 2085 2381 2158 θύρᾳ
2408 2085 2518 2141 τῶν
2544 2086 2712 2157 εὐκτη
2725 2083 2854 2156 ρίων
2878 2080 3047 2136 οἴκων
3076 2078 3460 2153 παρεστηκὼς,
3484 2077 3573 2131 καὶ
3593 2077 3686 2129 656-

2147 2195 2306 2250 μενος
2347 2178 2442 2232 τοῦ
2476 2175 2608 2231 λαοῦ
2652 2175 2919 2239 εἰσιόντος
2955 2173 3051 2248 ἐπὶ
3084 2172 3184 2245 τὴν
3220 2172 3541 2247 προσευχὴν,
3576 2168 3688 2224 ὥστε

2142 2274 2371 2327 ἕκαστον
2394 2270 2531 2343 μετὰ
2552 2269 2894 2341 συμπαθείας
2918 2266 3060 2338 ὑπὲρ
3097 2263 3263 2320 αὐτοῦ
3284 2266 3525 2327 ἐκτενεῖς
3558 2265 3691 2316 ποιεῖ⁸

2144 2363 2268 2418 σθαι
2319 2365 2456 2435 πρὸς
2491 2363 2582 2417 τὸν
2614 2361 2821 2433 Κύριον
2853 2359 2952 2423 τὰς
3000 2359 3233 2431 δεήσεις.
3288 2357 3447 2411 Μετὰ
3484 2356 3537 2410 δὲ
3562 2353 3689 2408 τοῦτο

2142 2454 2312 2526 ἄλλην
2356 2452 2601 2524 τριετίαν
2643 2453 2728 2515 είς
2762 2449 3031 2521 ἀκρόασιν
3081 2448 3249 2520 μόνην
3300 2444 3688 2518 παραδεχθήτω,

2142 2549 2238 2602 καὶ
2275 2545 2489 2600 ἁκούων
2553 2543 2666 2597 τῶν
2706 2541 2943 2614 Γραφῶν
2984 2542 3081 2594 καὶ
3118 2542 3219 2611 τῆς
3252 2538 3589 2602 διδασκαλίας
3623 2536 3692 2590 ἐκ·

2142 2639 2452 2705 ϐαλλέσθω,
2480 2637 2578 2691 καὶ
2606 2638 2681 2709 μὴ
2710 2634 3086 2703 καταξιούσθω
3119 2634 3450 2708 προσευχῆς.
3477 2632 3689 2694 Ἔπειτα,

2141 2733 2300 2803 εἴπερ
2337 2730 2476 2802 μετὰ
2517 2729 2772 2800 δακρύων
2817 2729 3143 2801 ὲξεζήτησεν
3192 2727 3392 2800 αὐτὴν,
3431 2725 3523 2779 καὶ
3552 2739 3693 2796 προσ·

2142 2823 2305 2876 ἐπεσε
2356 2822 2434 2893 τῷ
2483 2821 2673 2893 Κυρίῳ
2727 2820 2866 2893 μετὰ
2920 2818 3265 2892 συντριμμοῦ
3328 2817 3550 2890 καρδίας
3615 2814 3693 2869 καὶ

2140 2916 2527 2982 ταπεινώσεως
2575 2918 2838 2988 ἰσχυρᾶς,
2873 2914 3101 2970 διδόσθω
3145 2913 3300 2986 αὐτῷ
3339 2917 3373 2986 ἡ
3419 2913 3693 2971 ὑπόπτωςις

2141 3011 2200 3062 ἐν
2248 3009 2428 3075 ἄλλοις
2478 3008 2657 3082 τρισὶν
2705 3008 2869 3062 ἔτεσι.
2918 3008 3026 3062 Καὶ
3069 3007 3276 3072 οὕτως,
3331 3004 3549 3059 ἐπειδὰν
3592 3004 3694 3064 τοὺς

2143 3100 2392 3172 καρποὺς
2430 3097 2533 3170 τῆς
2581 3096 2871 3169 μετανοίας
2910 3097 3094 3164 ἀξίους
3128 3095 3488 3167 ἐπιδείξηται,
3525 3092 3594 3162 τῷ
3624 3090 3692 3142 δε-

2142 3192 2292 3262 κάτῳ
2321 3190 2432 3243 ἔτει
2459 3192 2541 3253 εἰς
2577 3190 2678 3262 τὴν
2714 3188 2824 3242 τῶν
2855 3187 3064 3242 πιστῶν
3091 3186 3256 3258 εὐχὴν
3285 3185 3531 3257 δεχθήτω
3557 3180 3694 3254 χωρὶς

2142 3282 2459 3355 προσφορᾶς
2479 3297 2493 3311 ·
2546 3281 2642 3334 καὶ
2672 3281 2767 3334 δύο
2796 3278 2890 3351 ἐτη
2921 3277 3123 3342 συστὰς
3168 3279 3249 3342 είς
3284 3276 3388 3348 τὴν
3419 3275 3574 3346 εὐχὴν
3603 3275 3693 3333 τοῖς

2143 3377 2375 3439 πιστοῖς,
2412 3372 2556 3427 οὕτω
2590 3373 2781 3427 λοιπὸν
2826 3370 3204 3437 καταξιούσθω
3243 3370 3350 3441 τῆς
3382 3364 3479 3423 τοῦ
3521 3362 3695 3429 ἁγαθοῦ

2141 3467 2448 3527 κοινωνίας.

2210 3559 2348 3626 (ΜΤ.
2398 3558 2457 3611 Ὀ
2503 3557 2665 3621 αὐτὸς
2704 3557 2876 3622 τύπος
2907 3555 3005 3611 καὶ
3031 3554 3164 3626 περὶ
3199 3553 3313 3610 τῶν
3361 3552 3464 3617 τὰς
3511 3549 3696 3622 νύμφας

2138 3650 2346 3703 ἑαυτῶν
2367 3648 2781 3721 λαμϐανόντων.

2210 3741 2334 3794 ΟΖ’.
2380 3741 2443 3793 '0
2478 3739 2662 3811 μέντοι
2693 3738 3128 3811 καταλιμπάνων
3163 3734 3277 3808 (29)
3334 3734 3438 3806 τὴν
3480 3730 3696 3803 νομίμως

2137 3830 2287 3902 αὐτῷ
2315 3830 2676 3900 συναφθεῖσαν
2705 3834 2960 3900 γυναῖκα,
2983 3829 3078 3884 καὶ
3097 3829 3295 3900 ἑτέραν
3329 3822 3694 3895 συναγόμενος,

2138 3968 2308 4022 tentia
2339 3974 2638 4037 spectetur,
2668 3981 2852 4032 secus,
2874 3967 2922 4023 si
2951 3980 3194 4021 canones
3232 3962 3697 4037 Patrum.‘Q_uant-

2136 4040 2325 4094 obrem
2370 4032 2627 4093 eamdem
2660 4052 2878 4108 pinnam
2910 4037 3145 4108 imponit
3174 4049 3240 4089 ac
3266 4032 3510 4108 graviori
3536 4032 3694 4108 forni-

2140 4109 2347 4163 cationi
2402 4108 2459 4161 in
2506 4102 2721 4163 canone
2748 4106 2840 4171 59,
2878 4102 3006 4163 cuni
3035 4108 3141 4161 hoc
3171 4102 3358 4160 tamen
3382 4102 3487 4159 levi
3518 4102 3694 4156 discri-

2138 4180 2285 4234 mine
2325 4177 2473 4247 quod
2530 4179 2587 4232 in
2629 4192 2840 4233 canone
2897 4177 2966 4233 59
3010 4179 3122 4233 duo
3167 4176 3299 4230 anni
3342 4176 3489 4230 inter
3530 4172 3695 4247 ﬂentes

2136 4244 2513 4320 assignantur,
2536 4263 2681 4303 unus
2702 4263 2830 4303 vero
2846 4248 2903 4302 in
2923 4249 3026 4302 hoc
3045 4247 3453 4320 septuagesimo
3468 4244 3691 4320 septimo.

2137 4312 2459 4375 Hoc'autem'
2486 4312 2922 4389 matrimonium,
2951 4312 3126 4389 quod'
3145 4312 3393 4389 legitima
3430 4312 3592 4389 uxore
3622 4312 3688 4365 di-

2136 4392 2307 4445 missa
2339 4390 2709 4453 contrahitur,
2730 4389 2832 4444 etsi
2857 4384 3098 4445 Basilius
3113 4384 3289 4443 instar
3316 4384 3569 4440 adulterii
3597 4395 3691 4435 non

2131 4462 2288 4530 jubet
2316 4461 2524 4531 puniri,
2556 4460 2782 4516 minime
2811 4469 2994 4514 tamen
3027 4456 3280 4520 dubium,
3312 4458 3447 4527 quin
3498 4462 3692 4531 penitus

2061 4514 2103 4568 ι)
2131 4514 2550 4587 ἶιξέοιῧεηάυιῖι
2610 4545 2736 4586 esse
2764 4514 3045 4597 duxerit,
3097 4544 3201 4585 nec
3243 4514 3374 4582 ant'e
3422 4514 3694 4597 restituerit

2135 4602 2607 4668 communionem,
2627 4615 2790 4670 quam
2811 4594 3095 4671 illegitima
3132 4613 3270 4654 uxor
3291 4607 3448 4671 esset
3465 4594 3689 4671 dimissa.

2134 4671 2270 4726 Illud
2310 4679 2494 4727 autent
2547 4665 2824 4726 diﬂicilius
2869 4665 2954 4726 est
3006 4679 3277 4738 statuere,
3315 4667 3451 4738 quid
3490 4665 3557 4720 de
3591 4678 3686 4716 ma-

2133 4743 2393 4797 trimonio
2439 4753 2565 4812 post
2638 4741 2869 4808 ejectum
2928 4756 3160 4812 uxorem
3213 4710 3688 4812 adu‘iteratnfon-

2135 4820 2314 4866 tracto
2371 4804 2629 4867 senserit.
2667 4804 2867 4865 Ratun]
2910 4826 2942 4865 a
3000 4810 3202 4865 Basilio
3238 4810 3486 4863 habitum
3541 4804 3689 4859 fuisse

2133 4882 2405 4948 ejusmodi
2431 4881 2841 4936 matrimonium
2863 4881 3182 4951 pronuntiat
3196 4879 3512 4951 Aristenus.
3533 4877 3688 4951 Atque

2133 4954 2186 5004 nt
2216 4951 2438 5021 quidem
2484 4951 2722 5007 Basilius
2759 4948 3042 5021 conceptis
3075 4951 3260 5006 verbis
3291 4965 3403 5004 non
3435 4948 3686 5021 declarat;

2133 5017 2249 5077 sed’
2282 5030 2465 5077 tamen
2516 5023 2734 5076 videtur
2766 5022 2867 5075 hac
2911 5017 2965 5075 in
3002 5036 3063 5075 re
3102 5037 3133 5075 a
3166 5021 3377 5075 saniori
3408 5035 3475 5074 ac
3500 5017 3686 5072 melior:

2134 5091 2411 5147 sententia
2460 5091 2810 5147 discessisse.
2849 5088 2986 5145 Nam
3022 5092 3080 5143 io
3108 5094 3362 5145 maritum
3395 5090 3592 5158 injuste
3611 5084 3683 5158 di-

2132 5163 2363 5216 missum
2394 5163 2464 5217 ab
2494 5162 2603 5215 alio
2640 5162 2994 5215 matrimonio
3044 5176 3154 5214 noo
3185 5156 3467 5223 excludit,“
3483 5167 3535 5213 ut
3567 5156 3686 5210 vidi-

2132 5247 2256 5287 mus
2289 5231 2344 5285 in
2370 5232 2679 5288 canonibus
2720 5232 2753 5286 9
2791 5241 2846 5287 et
2878 5231 2967 5286 55.
2996 5229 3172 5286 Porro
3195 5247 3305 5287 non
3343 5231 3560 5285 videtur
3581 5227 3687 5294 jure

2130 5303 2428 5373 dimittenti
2468 5302 2791 5373 denegasse,
2822 5302 2967 5372 quod
3011 5302 3213 5373 injuste
3256 5302 3688 5373 dimissoconcc-

2130 5370 2316 5442 debat.
2352 5374 2410 5424 νὶο
2457 5371 2596 5427 Cum
2614 5369 3081 5442 'jobeat‘uxoreni
3109 5373 3419 5442 adulteram
3439 5369 3583 5438 ejici,
3613 5369 3679 5416 vix

2129 5440 2360 5496 dubium
2409 5451 2495 5497 est
2543 5440 2679 5512 quin
2722 5442 3136 5512 matrimonium
3192 5441 3480 5512 adulterio_
3522 5450 3681 5512 uxorts

2129 5513 2461 5567 dissolutum
2488 5508 2911 5568 existimaverit.
2939 5511 3211 5569 Praeterea
3250 5513 3387 5568 dura
3416 5508 3684 5565 admodum

2130 5582 2325 5654 inisset
2354 5582 2665 5654 mariti,ac
2708 5586 2880 5639 multo
2922 5583 3133 5651 durior,
3165 5598 3330 5654 quam
3347 5580 3549 5654 uxoris
3576 5590 3687 5631 cou-

2127 5650 2288 5718 ditio,
2319 5653 2367 5708 si
2401 5666 2501 5707 nec
2532 5653 2838 5709 adulteram
2871 5649 3134 5722 retinere,
3181 5649 3285 5711 nec
3310 5653 3477 5707 aliam
3506 5649 3686 5705 ducere

2128 5722 2399 5796 integrum
2432 5722 2628 5778 fuisset
