3900 6208
175 298 281 357 ωδ

1057 297 1546 358 EPISTOLARUM
1587 300 1875 358 CLASSIS
1911 302 1975 357 II.
2009 303 2228 361 EPIST.
2272 306 2525 364 CCXVII.

3331 308 3436 365 806

175 412 317 466 κατὰ
347 410 447 484 τὴν
487 411 583 466 τοῦ
632 413 840 486 Κυρίου
887 411 1188 483 ἀπόφασιν,
1236 415 1316 488 τῷ
1359 418 1458 489 τῆς
1506 418 1754 489 μοιχείας

1863 427 1931 473 tia
1984 421 2237 477 adulterii
2277 423 2570 492 subjicitur
2600 424 2830 494 judicio.
2880 423 2987 480 Sed
3045 431 3310 480 statutum
3341 414 3430 478 es‘

175 502 465 557 ὑπόκειται
498 502 750 575 κρίματι.
789 505 1180 560 Κεκανόνισται
1224 506 1281 560 δὲ
1312 508 1465 580 παρὰ
1502 510 1613 563 τῶν
1651 512 1755 564 Πα-

176 594 350 665 τέρων
394 593 552 664 ἡμῶν
594 596 720 660 τοὺς
758 595 1033 662 τοιούτους
1076 598 1324 654 ἐνιαυτὸν
1377 601 1749 672 προσκλαίειν,

171 684 378 739 διετίαν
417 685 837 756 ἐπακροᾶσθαι,
876 688 1120 759 τριετίαν
1172 691 1531 745 ὑποπίπτειν·
1580 691 1657 763 τῷ
1697 692 1754 745 δὲ

174 773 393 847 ἑϐδόμῳ
447 777 805 832 συνίστασθαι
854 782 968 844 τοῖς
1021 785 1265 846 πιστοίςο
1314 782 1407 836 καὶ
1454 782 1600 838 οὕτω
1655 783 1755 854 τῆς

176 872 495 940 προσφορᾶς
533 870 943 939 καταξιώσθαι,
991 875 1088 931 ἐὰν
1127 875 1268 948 μετὰ
1307 877 1559 950 δακρύων
1590 896 1747 949 μετα-

176 958 476 1028 νοήσωσιν.

248 1055 378 1109 ΟΗ¹.
425 1055 484 1109 '0
506 1055 565 1111 δὲ
589 1056 753 1122 αὐτὸς
781 1059 955 1124 τύπος
982 1062 1255 1132 κρατείτω
1272 1062 1366 1119 καὶ
1393 1063 1486 1120 ἐπὶ
1517 1063 1626 1120 τῶν
1652 1063 1753 1129 τὰς

174 1145 269 1198 δύο
324 1146 565 1217 ἀδελφὰς
612 1148 996 1220 λαμϐανόντων
1046 1153 1126 1217 εἰς
1183 1153 1515 1211 συνοικέσιον
1563 1157 1612 1209 εί
1659 1157 1754 1210 καὶ

176 1237 319 1291 κατά
348 1238 644 1310 διαφόρους
672 1242 920 1312 χρόνους.

244 1329 367 1386 ΟΘ’.
409 1333 474 1385 Oi
501 1331 559 1386 δὲ
596 1335 720 1403 ταῖς
750 1337 1041 1407 μητρυιαῖς
1066 1339 1186 1400 ταῖς
1225 1337 1435 1391 ἑαυτῶν
1473 1340 1755 1408 ὲπιμαινό-

178 1438 329 1493 μενοι
356 1422 439 1493 τῷ
466 1423 617 1495 αὐτῷ
644 1425 959 1481 ὑπόκεινται
983 1427 1186 1488 κανόνι,
1216 1422 1261 1497 ᾧ
1289 1428 1384 1483 καὶ
1413 1431 1461 1482 oi
1481 1432 1603 1493 ταῖς
1626 1430 1755 1484 ἑαυ-

174 1512 283 1566 τῶν
309 1514 572 1585 ἀδελφαῖς
596 1515 708 1587 (50)
739 1518 1174 1590 ὲπιμαινόμενοι.

228 1606 432 1679 Π⁹.Τὴν
449 1607 507 1660 δὲ
524 1608 864 1680 πολυγαμίαν
874 1610 1061 1681 (50³)οἱ
1076 1611 1317 1684 Πατέρες
1335 1612 1751 1684 ἁπεσιὼτι-ησαν,

172 1697 249 1762 ὡς
293 1699 545 1771 κτηνώδη
565 1738 582 1764 ,
628 1700 725 1756 καὶ
774 1701 1059 1766 παντελῶς
1103 1702 1388 1775 ἀλλοτρίαν
1426 1703 1521 1757 τοῦ
1565 1704 1753 1773 γένους

173 1787 281 1841 τῶν
307 1788 637 1861 ἀνθρώπων.
677 1791 838 1862 Ἡμῖν
870 1791 927 1850 δὲ
965 1770 1301 1862 παρίσταται
1331 1792 1497 1847 πλέον
1524 1770 1587 1847 τι⁷
1622 1812 1755 1865 πορ-
1787 1770 1829 1825 Β

173 1880 321 1944 νείας
345 1875 492 1935 εἶναι
525 1882 586 1936 τὸ
613 1883 937 1955 ἁμάρτημα.
962 1883 1055 1937 Διὸ
1086 1882 1305 1953 εὔλογον
1333 1885 1458 1948 τοὺς
1480 1885 1755 1947 τοιούτους

175 1973 574 2029 ὑποϐάλλεσθαι
606 1978 720 2038 τοῖς
747 1976 935 2031 κανόσι
955 1993 968 2008 ο
1005 1976 1249 2049 δηλονότι
1293 1978 1542 2032 ἐνιαυτὸν
1582 1996 1753 2050 προσ-

175 2064 545 2131 κλαύσαντας.
581 2068 677 2123 καὶ
722 2067 781 2121 ὲν
833 2068 1011 2138 τρισὶν
1059 2068 1453 2133 ὑποπεσόντας,
1479 2068 1621 2124 οὕτω
1665 2069 1754 2123 δε-

175 2158 337 2221 κτοὺς
368 2151 513 2212 εἶναι
535 2156 670 2229 (51).

242 2249 348 2301 ΠΛ¹
397 2248 613 2320 Ἐπειδὴ
644 2249 703 2302 δὲ
732 2232 919 2304 πολλοὶ
945 2251 1004 2304 ὲν
1027 2253 1096 2322 τῇ
1120 2250 1230 2305 τῶν
1256 2250 1548 2323 βαρὸἀρων
1582 2269 1753 2306 κατα-

173 2339 347 2411 δρομῇ
377 2340 702 2411 παρέϐησαν
744 2339 844 2411 τὴν
884 2342 964 2404 είς
997 2340 1130 2395 Θεὸν
1168 2340 1372 2403 πίστιν,
1401 2341 1598 2413 ὅρκους
1621 2340 1758 2394 ἐθνι-

173 2431 303 2495 κοίις
342 2431 792 2496 ἐπιτελέσαντες,
838 2432 931 2486 καὶ
977 2431 1251 2503 ἀθεμίτων
1289 2430 1451 2486 τινῶν
1483 2432 1756 2503 γευσάμε-

173 2537 275 2581 νοι,
310 2519 423 2574 τῶν
470 2521 530 2573 ὲν
562 2521 674 2583 τοῖς
713 2517 952 2582 εἰδώλοις
984 2518 1098 2587 (52)
1141 2521 1252 2582 τοῖς
1290 2520 1547 2589 μαγικοῖς
1588 2534 1756 2590 προσ-

174 2610 504 2680 ενεχοέντων
536 2612 742 2674 αὐτοῖς,
772 2603 920 2664 οὗτοι
968 2608 1111 2664 κατὰ
1156 2610 1284 2673 τοὺς
1311 2609 1410 2682 ἠδη
1461 2608 1614 2679 παρὰ
1645 2609 1754 2663 τῶν

175 2704 435 2774 Πατέρων
466 2703 622 2774 ἡμῶν
661 2705 768 2774 (55)
803 2700 1182 2773 ἐξενεχθέντας
1215 2701 1444 2764 κανόνας
1475 2700 1586 2771 (δι)
1620 2701 1758 2753 οίκο-

174 2794 572 2865 νομείσθωσαν.
598 2796 661 2850 Οί
694 2795 794 2864 μὲν
817 2794 926 2865 γὰρ
955 2794 1201 2863 ἀνάγκην
1231 2791 1471 2864 χαλεπὴν
1494 2795 1558 2847 ὲκ
1586 2791 1754 2862 βασὰι-

175 2905 279 2940 νων
313 2888 745 2959 ὑπομείναντες,
800 2887 895 2939 καὶ
941 2884 1014 2958 μὴ
1050 2884 1307 2956 φέροντες
1356 2885 1482 2948 τοὺς
1524 2884 1752 2947 πόνους,

176 2979 268 3033 καὶ
299 2978 656 3041 ἑλκυσθέντες
689 2977 827 3049 πρὸς
854 2977 952 3050 τὴν
987 2976 1236 3047 ἄρνησιν.
1266 2978 1324 3029 ὲν
1361 2977 1541 3047 τρισὶν
1579 2975 1753 3029 ἐτεσιν

1857 509 2080 565 Patrum
2129 522 2443 568 nostrorum
2476 516 2818 583 canonibus,
2848 524 2911 571 ut
2964 516 3005 570 ii
3036 530 3183 571 anno
3230 513 3433 578 “eam.

1854 601 2080 657 biennio
2114 605 2382 673 audiant,
2422 608 2662 664 triennio
2704 610 3151 677 substernant'u.,
3195 608 3435 679 septimo

1852 695 2160 750 consistant
2184 712 2309 752 cum
2346 698 2619 768 ﬁdelibus,
2651 708 2706 757 et
2735 701 2809 755 ita
2838 701 3116 755 oblatione
3146 700 3299 771 digni
3333 699 3431 753 ha«

1854 783 2110 851 beantur,
2148 788 2195 845 si
2219 803 2344 843 cum
2376 791 2634 862 lacrymis
2654 791 3033 862 pmnit‘entiam
3054 793 3289 862 egerint.

1926 1064 2210 1122 LXXVIII.
2246 1066 2445 1124 Eadem
2477 1079 2657 1126 autem
2705 1070 2879 1126 forma
2927 1072 3251 1128 observetur
3291 1080 3347 1127 et
3376 1073 3432 1127 in

1853 1170 1950 1211 eos
1972 1156 2067 1226 qui
2101 1172 2319 1213 sorores
2359 1157 2497 1214 duas
2527 1160 2582 1214 in
2606 1162 3017 1216 matrimonium
3042 1161 3289 1227 ducunt,
3324 1163 3433 1219 etsi

1852 1247 2091 1305 diversis
2122 1249 2481 1318 temporibus.

1926 1335 2164 1393 LXXIX.
2215 1337 2320 1403 Qui
2353 1347 2533 1393 autem
2562 1339 2615 1393 in
2653 1356 2783 1396 suas
2810 1356 3077 1399 novercas
3109 1344 3429 1410 insaniunt,

1855 1439 1984 1481 sunt
2030 1428 2206 1482 eidem
2238 1431 2440 1484 canoni
2483 1431 2750 1497 obnoxii,
2783 1433 2870 1487 cui
2913 1444 2967 1490 et
3032 1434 3105 1501 ii,
3138 1436 3231 1506 qui
3282 1437 3433 1493 insa-

1853 1517 2016 1570 niunt
2050 1517 2105 1571 in
2139 1533 2271 1573 suas
2303 1534 2547 1575 sorores.

1928 1606 2141 1662 LXXX.
2195 1607 2567 1680 Polygamiam
2617 1611 2811 1670 Patres
2860 1613 3081 1669 silentio
3134 1615 3436 1684 praetermi-

1855 1714 1980 1756 sere
2000 1741 2016 1767 ,
2046 1711 2106 1755 ut
2146 1702 2446 1757 belluinam
2467 1745 2484 1771 ,
2516 1719 2857 1775 prorsusque
2908 1707 2978 1761 ab
3030 1706 3311 1761 hominum
3342 1723 3432 1778 ge-

1853 1807 1987 1847 nere
2038 1793 2294 1848 alienam.
2342 1793 2420 1848 Ea
2462 1803 2644 1851 autem
2676 1797 2836 1852 nobis
2874 1796 3097 1852 videtur
3144 1805 3432 1867 peccatum

1853 1899 1982 1939 esse
2009 1883 2378 1940 fornicatione
2405 1887 2606 1956 majus.
2632 1886 2976 1959 Quapropter
3004 1896 3433 1943 consentaneum

1853 1982 1940 2031 est
1970 1990 2069 2032 eos
2113 1976 2316 2044 subjici
2379 1978 2720 2043 canonibus,
2767 1986 2827 2033 ut
2880 1979 3091 2034 scilicet
3137 1987 3432 2049 postquam

1854 2082 2002 2124 anno
2032 2067 2302 2133 ﬂeveriut,
2321 2076 2377 2123 et
2397 2069 2578 2126 tribus
2603 2070 2868 2127 substrati
2891 2071 3098 2126 fuerint
3116 2111 3132 2137 ,
3157 2073 3237 2127 sic
3264 2073 3436 2128 susci-

1852 2159 2094 2230 piantur.

1923 2244 2164 2301 LXXXI.
2223 2246 2493 2314 Quoniam
2546 2257 2726 2305 autem
2776 2252 2933 2305 inulti
2980 2252 3037 2306 in
3076 2252 3431 2307 barbarorum

1853 2334 2175 2394 incursione
2222 2339 2384 2395 {idem
2422 2341 2476 2394 in
2528 2339 2700 2396 Deum
2732 2342 3050 2407 violarunt,
3086 2352 3433 2398 sacramenta

1854 2429 2078 2499 gentilia
2115 2430 2371 2509 jurantes
2394 2472 2409 2496 ,
2442 2440 2499 2489 et
2535 2433 2772 2489 nefanda
2811 2435 3061 2504 quaedam
3111 2443 3431 2505 gustantes,

1855 2536 1977 2591 qua:
2030 2522 2166 2592 ipsis
2212 2523 2268 2579 In
2315 2524 2544 2595 magicis
2592 2525 2865 2579 idolorum
2923 2526 3140 2596 templis
3185 2526 3434 2596 apposita

1855 2613 2008 2670 fuere
2027 2656 2043 2681 ,
2081 2615 2118 2669 ii
2160 2616 2461 2671 secundum
2482 2631 2726 2673 canones
2744 2618 2855 2687 jam
2883 2633 2913 2672 a
2944 2618 3198 2674 Patribus
3227 2619 3434 2674 nostris

1853 2707 2034 2765 editos
2068 2709 2484 2779 dispensentur.
2520 2709 2656 2764 Nam
2685 2710 2776 2780 qui
2806 2711 2915 2764 vim
2946 2726 3165 2781 gravem
3200 2727 3296 2782 per
3319 2719 3435 2765 tor-

1855 2806 2037 2853 menta
2077 2800 2395 2855 sustinuere
2417 2839 2433 2864 ,
2462 2815 2566 2855 nec
2616 2799 2856 2855 ferentes
2886 2800 3104 2856 labores
3125 2841 3140 2867 ,
3173 2801 3240 2856 ad
3269 2816 3434 2871 nega-

1855 2888 2060 2944 tionem
2095 2892 2254 2945 tracti
2305 2899 2436 2947 sunt
2459 2933 2475 2959 ,
2504 2892 2688 2947 tribus
2718 2891 2880 2946 annis
2912 2906 3021 2946 non
3067 2891 3430 2962 recipiantur,

1854 2989 1909 3034 et
1943 2981 2159 3037 duobus
2212 2981 2474 3049 audiant,
2509 2991 2565 3038 et
2613 2983 2707 3036 ubi
2737 2983 2900 3039 annis
2944 2982 3124 3037 tribus
3168 2984 3431 3039 substrati

174 3072 436 3134 ἀδέκτους
465 3067 628 3136 εἶναι,
654 3072 751 3126 καὶ
780 3072 840 3125 ὲν
867 3071 1018 3125 δυσὶν
1056 3068 1395 3141 ἀκροᾶσθαι·
1428 3070 1521 3125 καὶ
1554 3070 1614 3122 ὲν
1640 3087 1752 3141 τρι-

1863 3071 2092 3151 fuerint,
2141 3073 2224 3128 sic
2271 3075 2339 3130 ad
2390 3076 2837 3130 communionem
2891 3074 3268 3134 admittantur.
3325 3078 3431 3145 Qui

176 3159 259 3213 σὶν
313 3160 713 3224 ὑποπεσόντας,
764 3159 909 3213 οὕτω
961 3159 1183 3223 δεκτοὺς
1225 3157 1479 3228 γενέσθαι
1535 3161 1615 3224 είς
1656 3161 1755 3233 τὴν

174 3253 493 3307 κοινωνίαν·
539 3255 586 3306 οἱ
632 3253 689 3306 δὲ
731 3252 860 3307 ἄνευ
896 3251 1143 3323 ἀνάγκης
1189 3250 1430 3323 μεγάλης
1469 3252 1756 3324 προδόντες

172 3342 269 3413 τὴν
293 3345 374 3408 εἰς
402 3342 537 3398 Θεὸν
567 3345 772 3407 πίστιν,
796 3344 889 3397 καὶ
919 3344 1188 3415 ἁψάμενοι
1225 3344 1325 3413 τῆς
1350 3343 1628 3415 τραπέζης
1646 3343 1755 3399 τῶν

175 3433 489 3505 δαιμονίων,
530 3437 625 3489 καὶ
667 3436 968 3507 ὀμόσαντες
1007 3436 1204 3507 ὅρκους
1244 3434 1607 3506 Ἑλληνικοὺς,
1648 3438 1756 3489 ὲκ-

176 3524 469 3580 6άλλεσθαι
510 3526 610 3598 μὲν
650 3528 709 3579 ὲν
751 3533 800 3596 γ’
830 3526 997 3592 ἔτεσι,
1034 3526 1131 3579 καὶ
1163 3526 1221 3579 ὲν
1250 3526 1293 3596 β’
1326 3526 1661 3599 ἀκροᾶσθαιο
1693 3527 1753 3581 ἐν

245 3660 358 3730 (50)
393 3659 531 3726 Ταῖς
555 3660 785 3715 ἑαυτῶν
825 3661 1140 3731 ἀδελφαῖς.
1195 3659 1374 3715 Prima
1415 3663 1594 3731 specie
1641 3678 1750 3718 non

179 3731 404 3784 omnino
438 3733 788 3800 perspicuum
823 3741 907 3786 est
937 3741 1116 3785 utrum
1151 3746 1370 3786 sorores
1420 3741 1752 3801 exiutroque

180 3810 401 3872 parente
429 3801 719 3872 intelligat,
737 3816 804 3857 an
828 3810 1040 3855 tantum
1068 3818 1134 3856 ex
1157 3802 1437 3855 alterutro.
1468 3800 1599 3855 Nam
1623 3800 1747 3856 cum

179 3870 230 3922 in
261 3884 478 3942 canone
508 3871 575 3926 79
604 3870 700 3927 eos
733 3873 824 3942 qui
858 3886 986 3927 suas
1017 3887 1189 3929 nurus
1221 3872 1495 3940 accipiunt
1524 3888 1628 3924 non
1663 3887 1750 3926 sc-

177 3939 360 3995 verius
389 3942 605 4010 puniat,
647 3939 810 4011 quam
837 3942 924 3995 cui
971 3956 1095 3995 cum
1125 3958 1315 3997 sorore
1340 3939 1412 3995 ex
1462 3952 1635 4011 matre
1664 3942 1748 3996 vel

178 4022 239 4060 ex
266 4019 425 4082 patre
460 4027 572 4065 rem
604 4010 826 4076 habent,
856 4011 996 4066 forte
1024 4011 1197 4066 videri
1236 4019 1423 4082 posset
1442 4010 1597 4082 idem
1629 4018 1748 4066 sta-

180 4087 329 4133 tuere
354 4081 425 4135 de
460 4082 526 4135 iis
552 4082 644 4149 qui
695 4083 748 4137 in
780 4096 1043 4137 novercas
1087 4079 1391 4136 insaniunt.
1436 4079 1542 4135 Sed
1567 4093 1748 4136 tamen

181 4150 349 4222 multo
373 4151 713 4220 probabilius
741 4160 827 4208 est
864 4152 1110 4207 eamdem
1145 4152 1250 4208 illis
1272 4164 1488 4222 ptenam
1519 4151 1745 4221 imponi,

182 4232 243 4269 ac
276 4219 342 4271 iis
366 4219 612 4291 quicum
646 4236 836 4276 sorore
857 4238 923 4277 ex
955 4231 1185 4291 utroque
1230 4219 1457 4291 parente
1482 4219 1750 4291 contami-

181 4298 398 4342 nantur.
432 4288 551 4345 Non
582 4294 725 4345 enim
753 4288 1112 4347 distinctione
1136 4288 1306 4345 utitur
1340 4290 1573 4346 Basilius
1602 4299 1661 4344 ut
1694 4292 1747 4345 in

182 4373 388 4432 canone
415 4360 516 4427 75;
545 4375 647 4417 nec
695 4362 892 4416 tnirum
944 4363 990 4417 si
1023 4371 1303 4432 peccatum
1349 4376 1471 4432 cum
1513 4376 1744 4432 noverca

183 4429 588 4549 grsvinsnuam
618 4446 743 4486 cum
766 4447 929 4491 nuru.
956 4429 1250 4487 ob’factam
1290 4431 1431 4501 patri
1464 4431 1742 4513 injuriam,

186 4511 235 4549 ιιι
280 4510 458 4549 ερενιι.

178 4501 458 4563 judicavit.
1688 4508 1693 4513 ’

251 4567 385 4631 (50")
419 4568 637 4642 Τὴν-δὲ
691 4570 1092 4640 πολυγαμίαν.
1152 4569 1478 4642 Polygamiaa
1531 4570 1751 4627 nomine

185 4634 423 4710 Zonaras
453 4634 508 4693 et
541 4639 831 4696 Balsamon
859 4634 981 4696 ’non
1033 4634 1339 4710 trigamiar'n
1385 4643 1749 4710 interpretan—

185 4716 288 4781 tur,
320 4708 419 4762 sed
460 4711 858 4780 tetragamiam.
892 4708 1221 4781 Trigainiam
1250 4708 1555 4767 canonibns
1585 4722 1638 4766 et
1670 4713 1750 4767 le-

180 4776 337 4844 gibus
370 4776 693 4851 permissam
718 4796 867 4851 esse,
899 4776 1121 4836 vetitam
1166 4789 1344 4836 autem
1373 4781 1748 4851 tetragamiam

185 4854 471 4919 testantur.
501 4850 652 4904 l‘nde
672 4850 811 4905 nihil
845 4852 899 4905 in
918 4852 1019 4906 hoc
1042 4866 1251 4905 canone
1271 4851 1462 4907 durius
1485 4850 1579 4904 aut
1596 4852 1747 4919 justo

183 4918 425 4973 severius
449 4919 904 4976 animadvertunt.
932 4919 1158 4975 Videtur
1192 4920 1331 4974 idem
1381 4918 1603 4978 sentire
1624 4922 1748 4974 Ari-

182 4998 392 5051 stenus,
423 4990 515 5062 qui
538 4990 919 5062 polygamiam,
952 4993 1021 5046 de
1049 5005 1155 5062 qua
1184 4991 1238 5044 in
1262 4991 1365 5062 hoc
1395 5006 1605 5062 canone
1631 4993 1746 5062 agi-

183 5063 288 5119 tur,
323 5060 506 5113 scelus
535 5058 790 5129 appellat.
825 5058 991 5116 Valde
1026 5058 1157 5114 mihi
1192 5060 1396 5115 arridet
1425 5062 1538 5115 haec
1572 5058 1743 5114 inter-

182 5128 448 5200 pr’etatjo;
486 5129 770 5200 demitigat
805 5132 949 5184 enim
996 5130 1159 5200 hujus
1210 5133 1437 5185 canonis
1480 5131 1745 5199 asperita-

148 5251 160 5263 ,
184 5203 307 5250 tem.
334 5194 441 5252 Sed
472 5208 651 5270 tamen
678 5194 898 5270 magnis
936 5200 1045 5256 illis
1066 5194 1454 5270 interpretibus
1488 5194 1744 5255 assentiri

184 5279 285 5341 non
324 5267 731 5341 possum._N:_tm
753 5267 932 5341 ipsam
959 5267 1266 5341 trigamiain
1296 5272 1741 5341 polygamitano-

184 5336 322 5391 mine
350 5341 524 5409 notari
548 5339 625 5394 ait
642 5336 878 5395 Basilius
900 5340 957 5395 in
975 5336 1187 5396 canone
1209 5340 1265 5402 4,
1294 5336 1521 5409 eamque
1538 5355 1601 5394 ex
1628 5340 1743 5409 lege

185 5407 431 5461 contrahi
461 5415 622 5477 negat
650 5410 705 5462 in
740 5424 950 5465 canone
979 5410 1067 5466 50.
1098 5409 1366 5465 Praeterea
1399 5407 1743 5464 animadver-

188 5477 519 5550 tentlumest
555 5477 742 5535 Basilii
790 5481 1153 5549 propositum.
1190 5479 1304 5535 Cur
1343 5481 1487 5534 enim
1525 5481 1743 5550 polyga-

190 5547 375 5620 gnosia
407 5547 512 5620 hoc
540 5563 748 5620 canone
793 5547 1128 5619 octngesimo
1169 5550 1392 5620 subiicit
1415 5547 1737 5613 canenibus,

185 5612 233 5665 id
256 5623 363 5695 .est
406 5616 554 5695 iuter_
577 5617 767 5695 ﬂentes
797 5612 1176 5695 penitentiam
1224 5612 1596 5695 agerejubet,
1631 5612 1738 5674 nisi

183 5688 307 5753 quia
342 5700 436 5747 eos
466 5688 696 5758 publicis
720 5688 1488 5757 condemnatioaibus'subjici
1518 5706 1626 5745 non
1651 5705 1739 5746 so-

1854 3176 1986 3217 vero
2034 3162 2154 3219 sine
2204 3178 2401 3234 magna
2434 3163 2485 3218 vi
2532 3163 2693 3229 Iidem
2725 3164 2782 3217 in
2827 3163 2996 3219 Deum
3027 3167 3427 3236 prodiderunt,

1854 3269 2210 3325 mensamque
2257 3256 2558 3326 attigerunt
2589 3255 2983 3310 daemoniorum
3005 3295 3023 3323 ,
3054 3264 3109 3312 et
3137 3258 3428 3328 gentilium

1853 3351 2194 3399 sacramenta
2219 3343 2479 3414 iurarunt
2498 3383 2513 3408 .
2537 3343 2835 3414 ejiciantur
2863 3345 3084 3414 quidem
3120 3347 3301 3404 tribus
3332 3363 3431 3404 an-

1851 3436 1961 3499 nis,
1996 3434 2212 3493 duobus
2245 3436 2514 3493 audiant:
2548 3436 2642 3490 ubi
2673 3452 2805 3492 vero
2831 3438 2993 3491 annis
3019 3437 3192 3494 tribus
3224 3437 3278 3493 in
3304 3439 3432 3494 sub-

1851 3527 2118 3583 stratione
2171 3530 2451 3584 oraverint
2473 3567 2489 3593 ,
2523 3535 2578 3583 et
2627 3544 2725 3598 per
2750 3529 2915 3599 33o
2950 3530 3095 3586 alios
3149 3538 3262 3587 tres
3290 3546 3423 3587 cum

1849 3662 1962 3718 lere
1987 3662 2197 3717 dixerat
2225 3664 2278 3717 in
2316 3679 2526 3719 canone
2550 3665 2667 3720 50?
2700 3664 2771 3718 At
2793 3680 2971 3720 canon
2996 3666 3086 3722 ille
3113 3666 3183 3722 50
3214 3668 3282 3724 de
3325 3669 3427 3723 tri-

1886 3735 2034 3805 amis
2048 3734 2370 3787 nominatim
2394 3735 2537 3805 agit.
2574 3735 2802 3805 Videtur
2829 3751 2958 3805 ergo
2985 3736 3051 3791 ad
3084 3738 3303 3793 eosdem
3332 3755 3424 3793 re-

1886 3748 2022 3788 amis
2048 3748 2370 3787 nommatuu
2406 3748 2537 3804 agit.
2580 3748 2802 3790 Videtur
2829 3751 2958 3805 ergo
2985 3748 3051 3791 ad
3084 3748 3303 3793 eosdem
3332 3755 3424 3793 re-

1848 3748 2110 3874 ferendus
2166 3803 2552 3874 octogesimus.
2578 3873 2588 3874 ί
2613 3803 2773 3859 Justo
2829 3820 2962 3860 sane
3012 3808 3256 3861 severior
3307 3807 3424 3863 haec

1847 3872 2097 3945 doctrina
2148 3872 2463 3945 videbitur:
2498 3873 2593 3945 sed
2641 3876 2713 3928 ita
2760 3876 2828 3930 de
2861 3875 3106 3945 trigamis
3162 3877 3425 3934 statuisse

1848 3940 2111 4016 Basilium
2153 3943 2376 4016 ntinime
2432 3940 3017 4016 mirabiturgquisqt'tis
3052 3946 3259 4016 similia
3288 3948 3420 4016 plu-

1849 4015 1990 4064 rium
2017 4010 2234 4065 Patrum
2267 4013 2410 4066 dicta
2434 4015 2703 4082 pensabit,
2737 4010 3005 4084 imprimis
3038 4010 3423 4084 Gregorii-Na-

1848 4084 2091 4157 zianzeni
2124 4083 2266 4157 apud
2293 4098 2451 4157 quem
2476 4084 2528 4137 iu
2553 4085 2776 4157 orat_._5l
2815 4083 2988 4157 tertia:
3019 4085 3222 4157 nuptiae
3245 4103 3426 4157 παρα-

1847 4151 2027 4223 νομία,
2070 4151 2324 4223 iniquitas
2353 4154 2631 4223 dit'tlnllﬂ}
2668 4154 2800 4223 Vide
2826 4151 3109 4210 Addenda.

1922 4222 2033 4293 (5t)
2069 4223 2231 4294 Οὕτω
2268 4222 2517 4294 δεκτοὺς
2567 4220 2962 4294 εἷιοσικΒεεὶρί
3006 4240 3103 4280 eos
3135 4225 3189 4279 in
3240 4227 3424 4280 consi-

1849 4294 2135 4344 stentium'
2160 4293 2339 4346 locum
2387 4293 2705 4347 existimant
2740 4293 3028 4348 Balsamon
3062 4303 3117 4348 et
3156 4295 3421 4357 Zonaras,

1849 4361 1904 4414 in
1932 4362 2103 4430 ipsam
2125 4363 2562 4418 communionem
2585 4365 2893 4427 Aristenus,
2919 4364 3010 4434 qui
3035 4374 3272 4434 quatuor
3292 4373 3420 4418 tan-

1853 4439 1963 4483 tum
1994 4446 2167 4486 annos
2201 4439 2470 4495 numerat,
2514 4434 2655 4488 hanc
2697 4442 2879 4490 tamen
2923 4434 3285 4490 conditionem
3328 4436 3425 4490 ad-

1850 4499 2021 4574 dens;
2051 4511 2108 4554 ut
2150 4502 2555 4574 matrimonium
2586 4503 2937 4559 dissolvatur.
2967 4503 3292 4559 Conlirmari
3325 4520 3423 4574 po-

1850 4576 1955 4624 test
1986 4570 2213 4624 Zonara:
2246 4581 2299 4624 et
2331 4571 2666 4627 Balsamonis
2721 4573 2989 4629 sententia
3021 4589 3086 4629 ex
3130 4570 3342 4628 canone
3362 4574 3447 4638 4,’

1848 4640 1942 4693 ubi
1970 4641 2212 4711 quinque
2249 4642 2376 4695 anni
2411 4642 2659 4711 trigamis
2684 4644 3071 4698 decernuntur.
3101 4643 3178 4699 De
3207 4645 3308 4697 hac
3332 4659 3421 4698 se-

1846 4712 2078 4766 veritate
2105 4728 2220 4783 non
2236 4713 2452 4783 videtur
2481 4712 2766 4783 detrahere
2815 4714 2902 4768 hic
2929 4729 3106 4767 canon
3152 4715 3422 4783 octogesi—

1848 4795 1993 4852 nms,
2032 4781 2125 4850 qui
2157 4780 2222 4835 ad
2254 4781 2617 4836 intendendas
2646 4783 2828 4852 pozius
2864 4798 3027 4852 quam
3064 4780 3421 4839 remittendas

1846 4849 2200 4921 trigamorum
2232 4866 2424 4921 poenas
2449 4849 2736 4907 institutus
2762 4860 2866 4907 est.

1917 4920 2029 4991 (δί)
2059 4919 2360 4993 maniam.
2410 4923 2552 4993 Lego
2581 4938 2703 4977 cum
2734 4921 3063 4993 Combeftsio
3104 4919 3415 4993 είόωλείοις.

1904 4990 2029 5061 (55)
2062 4990 2338 5059 Πατέρων
2362 4990 2548 5060 ἡμῶὦρ.
2582 4993 2909 5062 Ancyranos
2936 4990 3126 5062 Patres
3141 4992 3417 5062 designat,

1846 5060 2078 5129 qucrum
2116 5075 2308 5130 magna
2329 5061 2545 5115 videtur
2572 5060 2741 5116 fuisse
2766 5062 2821 5115 in
2848 5060 3189 5130 Cappadocia
3212 5060 3387 5115 et’lini
3405 5091 3419 5102 -

1844 5131 1995 5185 tumis
2020 5131 2319 5199 provinciis
2351 5132 2671 5186 auctoritas.
2704 5131 3026 5199 Quanquam
3057 5130 3113 5183 in
3147 5131 3250 5185 hoc
3291 5138 3418 5185 tan-

1845 5209 1959 5254 tum
1992 5215 2089 5271 eos
2125 5201 2393 5271 sequitur,
2428 5201 2575 5270 quod
2603 5215 2792 5254 eorum
2842 5200 3092 5268 exemplo
3120 5200 3415 5255 discrimen

1918 5278 2012 5322 nat
2037 5270 2179 5324 inter
2200 5270 2316 5334 eos,
2343 5271 2432 5340 qui
2461 5270 2746 5340 tormentis
2777 5276 3083 5340 cesserunt.
3118 5278 3171 5324 et
3200 5286 3296 5326 eos
3323 5272 3416 5339 qui

1918 5284 2012 5322 nat
2037 5284 2179 5324 inter
2200 5285 2316 5334 eos,
2343 5286 2432 5340 qui
2461 5284 2746 5324 tormentis
2777 5284 3083 5330 cesserunt.
3118 5284 3171 5324 et
3200 5286 3296 5326 eos
3323 5287 3416 5339 qui

1843 5284 2060 5394 Faenius
2091 5341 2332 5411 superati
2362 5347 2508 5411 sunt.
2542 5338 3206 5411 l‘amiAncyraniPatres
3247 5342 3419 5395 multo

1844 5417 1973 5465 sunt
2003 5410 2259 5473 leniores,
2291 5424 2355 5462 ac
2376 5410 2445 5462 iis
2470 5409 2563 5478 qui
2595 5410 2728 5466 solis
2757 5408 3009 5479 supplicii
3030 5418 3123 5463 aut
3149 5408 3417 5463 bonormn

1842 5480 2162 5550 direptionis
2215 5487 2307 5533 aut
2365 5479 2513 5533 exilii
2546 5480 2710 5550 minis
2740 5485 3044 5545 cesserunt,
3074 5494 3187 5550 non
3218 5480 3422 5550 longio-

1840 5548 2248 5604 rem—sexennio
2277 5548 2656 5620 paenitentiam
2690 5550 2975 5620 imponunt
3004 5564 3125 5604 can.
3152 5549 3217 5620 β,

1914 5620 2029 5690 (54)
2058 5620 2352 5690 Κανόνας.
2387 5618 2477 5676 Sic
2516 5621 2692 5676 nostri
2720 5618 2937 5676 cddices
2972 5634 3105 5675 mss.
3149 5618 3295 5674 Editi
3326 5619 3415 5672 νό-

1845 5688 1977 5762 μους
2006 5688 2101 5743 καὶ
2127 5688 2371 5753 κανόνας.
