  <div class='ocr_page' id='page_1' title='image "/cluster/home/n/w/nwhite01/storage/ocr_20150623/32/mdp.39015011915462/417.png"; bbox 0 0 3900 6208; ppageno 0'>
   <div class='ocr_carea' id='block_1_1' title="bbox 483 296 587 352">
    <p class='ocr_par' dir='ltr' id='par_1_1' title="bbox 483 296 587 352">
     <span class='ocr_line' id='line_1_1' title="bbox 483 296 587 352; baseline -0.019 0"><span class='ocrx_word' id='word_1_1' title='bbox 483 296 587 352; x_wconf 81' lang='lat'><strong>807</strong></span> 
     </span>
    </p>
   </div>
   <div class='ocr_carea' id='block_1_2' title="bbox 1816 301 2421 363">
    <p class='ocr_par' dir='ltr' id='par_1_2' title="bbox 1816 301 2421 363">
     <span class='ocr_line' id='line_1_2' title="bbox 1816 301 2421 363; baseline 0.012 -6"><span class='ocrx_word' id='word_1_2' title='bbox 1816 303 1872 357; x_wconf 91' lang='lat' dir='ltr'><strong>S.</strong></span> <span class='ocrx_word' id='word_1_3' title='bbox 1915 301 2163 359; x_wconf 84' lang='lat' dir='ltr'><strong>BASILII</strong></span> <span class='ocrx_word' id='word_1_4' title='bbox 2202 304 2421 363; x_wconf 75' lang='lat' dir='ltr'><strong>MAGNI</strong></span> 
     </span>
    </p>
   </div>
   <div class='ocr_carea' id='block_1_3' title="bbox 3638 312 3734 371">
    <p class='ocr_par' dir='ltr' id='par_1_3' title="bbox 3638 312 3734 371">
     <span class='ocr_line' id='line_1_3' title="bbox 3638 312 3734 371; baseline 0 0"><span class='ocrx_word' id='word_1_5' title='bbox 3638 312 3734 371; x_wconf 71' lang='lat'><strong>803</strong></span> 
     </span>
    </p>
   </div>
   <div class='ocr_carea' id='block_1_4' title="bbox 482 418 2047 503">
    <p class='ocr_par' dir='ltr' id='par_1_4' title="bbox 482 418 2046 486">
     <span class='ocr_line' id='line_1_4' title="bbox 482 418 2046 486; baseline 0.005 -14"><span class='ocrx_word' id='word_1_6' title='bbox 482 418 737 474; x_wconf 82' lang='lat' dir='ltr'><strong>ﬁdelibus</strong></span> <span class='ocrx_word' id='word_1_7' title='bbox 778 419 846 475; x_wconf 84' lang='lat' dir='ltr'><strong>ad</strong></span> <span class='ocrx_word' id='word_1_8' title='bbox 879 420 1186 476; x_wconf 88' lang='lat' dir='ltr'><strong>orationem</strong></span> <span class='ocrx_word' id='word_1_9' title='bbox 1236 422 1527 486; x_wconf 88' lang='lat' dir='ltr'><strong>steterint,</strong></span> <span class='ocrx_word' id='word_1_10' title='bbox 1559 423 1640 477; x_wconf 87' lang='lat' dir='ltr'><strong>sic</strong></span> <span class='ocrx_word' id='word_1_11' title='bbox 1672 423 2046 480; x_wconf 74' lang='lat' dir='ltr'><strong>admittuntur</strong></span> 
     </span>
    </p>
   </div>
   <div class='ocr_carea' id='block_1_5' title="bbox 2157 418 3721 503">
    <p class='ocr_par' dir='ltr' id='par_1_5' title="bbox 2157 424 3721 503">
     <span class='ocr_line' id='line_1_5' title="bbox 2157 424 3721 503; baseline 0.004 -23"><span class='ocrx_word' id='word_1_12' title='bbox 2157 424 2463 484; x_wconf 73' lang='grc' dir='ltr'>ὗποπτὼσει</span> <span class='ocrx_word' id='word_1_13' title='bbox 2494 428 2551 483; x_wconf 83' lang='grc' dir='ltr'>δὲ</span> <span class='ocrx_word' id='word_1_14' title='bbox 2585 429 2918 503; x_wconf 79' lang='grc' dir='ltr'>εὐξαμένους</span> <span class='ocrx_word' id='word_1_15' title='bbox 2957 432 3017 485; x_wconf 84' lang='grc' dir='ltr'>ὲν</span> <span class='ocrx_word' id='word_1_16' title='bbox 3051 440 3099 500; x_wconf 67' lang='grc' dir='ltr'>τ</span> <span class='ocrx_word' id='word_1_17' title='bbox 3131 431 3299 496; x_wconf 78' lang='grc' dir='ltr'>ἔτεσι,</span> <span class='ocrx_word' id='word_1_18' title='bbox 3329 432 3427 487; x_wconf 75' lang='grc' dir='ltr'><strong>καὶ</strong></span> <span class='ocrx_word' id='word_1_19' title='bbox 3453 433 3511 485; x_wconf 82' lang='grc' dir='ltr'>ὲν</span> <span class='ocrx_word' id='word_1_20' title='bbox 3552 432 3721 499; x_wconf 71' lang='grc' dir='ltr'>ἄλλοις</span> 
     </span>
    </p>
   </div>
   <div class='ocr_carea' id='block_1_6' title="bbox 483 511 1207 568">
    <p class='ocr_par' dir='ltr' id='par_1_6' title="bbox 483 511 1207 568">
     <span class='ocr_line' id='line_1_6' title="bbox 483 511 1207 568; baseline 0.004 -5"><span class='ocrx_word' id='word_1_21' title='bbox 483 511 550 565; x_wconf 83' lang='lat' dir='ltr'><strong>ad</strong></span> <span class='ocrx_word' id='word_1_22' title='bbox 584 511 713 567; x_wconf 86' lang='lat' dir='ltr'><strong>boni</strong></span> <span class='ocrx_word' id='word_1_23' title='bbox 743 512 1207 568; x_wconf 86' lang='lat' dir='ltr'><strong>communionem.</strong></span> 
     </span>
    </p>
   </div>
   <div class='ocr_carea' id='block_1_7' title="bbox 555 681 2067 764">
    <p class='ocr_par' dir='ltr' id='par_1_7' title="bbox 555 681 2067 764">
     <span class='ocr_line' id='line_1_7' title="bbox 555 681 2067 764; baseline 0.008 -28"><span class='ocrx_word' id='word_1_24' title='bbox 555 681 815 738; x_wconf 78' lang='lat' dir='ltr'><strong>LXXXII.</strong></span> <span class='ocrx_word' id='word_1_25' title='bbox 863 682 941 738; x_wconf 83' lang='lat' dir='ltr'><strong>De</strong></span> <span class='ocrx_word' id='word_1_26' title='bbox 973 684 1043 739; x_wconf 87' lang='lat' dir='ltr'><strong>iis</strong></span> <span class='ocrx_word' id='word_1_27' title='bbox 1071 685 1236 740; x_wconf 91' lang='lat' dir='ltr'><strong>etiam</strong></span> <span class='ocrx_word' id='word_1_28' title='bbox 1270 686 1362 755; x_wconf 88' lang='lat' dir='ltr'><strong>qui</strong></span> <span class='ocrx_word' id='word_1_29' title='bbox 1391 686 1711 757; x_wconf 85' lang='lat' dir='ltr'><strong>pejerarunt</strong></span> <span class='ocrx_word' id='word_1_30' title='bbox 1734 729 1750 751; x_wconf 84' lang='lat'><strong>,</strong></span> <span class='ocrx_word' id='word_1_31' title='bbox 1783 689 1828 747; x_wconf 91' lang='lat' dir='ltr'><strong>si</strong></span> <span class='ocrx_word' id='word_1_32' title='bbox 1861 693 1911 746; x_wconf 95' lang='lat' dir='ltr'><strong>vi</strong></span> <span class='ocrx_word' id='word_1_33' title='bbox 1942 696 2067 764; x_wconf 87' lang='lat' dir='ltr'><strong>qui-</strong></span> 
     </span>
    </p>
   </div>
   <div class='ocr_carea' id='block_1_8' title="bbox 481 774 2062 853">
    <p class='ocr_par' dir='ltr' id='par_1_8' title="bbox 481 774 2062 853">
     <span class='ocr_line' id='line_1_8' title="bbox 481 774 2062 853; baseline 0.009 -26"><span class='ocrx_word' id='word_1_34' title='bbox 481 774 604 831; x_wconf 87' lang='lat' dir='ltr'><strong>dem</strong></span> <span class='ocrx_word' id='word_1_35' title='bbox 636 785 803 844; x_wconf 89' lang='lat' dir='ltr'><strong>atque</strong></span> <span class='ocrx_word' id='word_1_36' title='bbox 832 777 1169 831; x_wconf 89' lang='lat' dir='ltr'><strong>necessitate</strong></span> <span class='ocrx_word' id='word_1_37' title='bbox 1192 777 1505 848; x_wconf 89' lang='lat' dir='ltr'><strong>juramenta</strong></span> <span class='ocrx_word' id='word_1_38' title='bbox 1536 785 1868 851; x_wconf 75' lang='lat' dir='ltr'><strong>transgressi</strong></span> <span class='ocrx_word' id='word_1_39' title='bbox 1901 794 2062 853; x_wconf 90' lang='lat' dir='ltr'><strong>sunt,</strong></span> 
     </span>
    </p>
   </div>
   <div class='ocr_carea' id='block_1_9' title="bbox 482 867 2066 942">
    <p class='ocr_par' dir='ltr' id='par_1_9' title="bbox 482 867 2066 942">
     <span class='ocr_line' id='line_1_9' title="bbox 482 867 2066 942; baseline 0.008 -23"><span class='ocrx_word' id='word_1_40' title='bbox 482 867 664 937; x_wconf 83' lang='lat' dir='ltr'><strong>poenis</strong></span> <span class='ocrx_word' id='word_1_41' title='bbox 711 867 1014 922; x_wconf 79' lang='lat' dir='ltr'><strong>levioribus</strong></span> <span class='ocrx_word' id='word_1_42' title='bbox 1047 868 1445 937; x_wconf 85' lang='lat' dir='ltr'><strong>subjiciuntur,</strong></span> <span class='ocrx_word' id='word_1_43' title='bbox 1483 870 1565 925; x_wconf 91' lang='lat' dir='ltr'><strong>sic</strong></span> <span class='ocrx_word' id='word_1_44' title='bbox 1596 882 1655 925; x_wconf 88' lang='lat' dir='ltr'><strong>ut</strong></span> <span class='ocrx_word' id='word_1_45' title='bbox 1686 882 1809 942; x_wconf 89' lang='lat' dir='ltr'><strong>post</strong></span> <span class='ocrx_word' id='word_1_46' title='bbox 1837 891 1932 931; x_wconf 78' lang='lat' dir='ltr'><strong>sex</strong></span> <span class='ocrx_word' id='word_1_47' title='bbox 1963 891 2066 932; x_wconf 84' lang='lat' dir='ltr'><strong>an-</strong></span> 
     </span>
    </p>
   </div>
   <div class='ocr_carea' id='block_1_10' title="bbox 482 957 2065 1032">
    <p class='ocr_par' dir='ltr' id='par_1_10' title="bbox 482 957 2065 1032">
     <span class='ocr_line' id='line_1_10' title="bbox 482 957 2065 1032; baseline 0.008 -24"><span class='ocrx_word' id='word_1_48' title='bbox 482 972 581 1011; x_wconf 91' lang='lat' dir='ltr'><strong>nos</strong></span> <span class='ocrx_word' id='word_1_49' title='bbox 611 957 824 1025; x_wconf 88' lang='lat' dir='ltr'><strong>possint</strong></span> <span class='ocrx_word' id='word_1_50' title='bbox 858 958 1088 1029; x_wconf 83' lang='lat' dir='ltr'><strong>suscipi.</strong></span> <span class='ocrx_word' id='word_1_51' title='bbox 1140 958 1236 1012; x_wconf 91' lang='lat' dir='ltr'><strong>Sin</strong></span> <span class='ocrx_word' id='word_1_52' title='bbox 1285 970 1468 1014; x_wconf 90' lang='lat' dir='ltr'><strong>autem</strong></span> <span class='ocrx_word' id='word_1_53' title='bbox 1492 999 1509 1025; x_wconf 89' lang='lat'><strong>,</strong></span> <span class='ocrx_word' id='word_1_54' title='bbox 1543 960 1593 1015; x_wconf 97' lang='lat' dir='ltr'><strong>vi</strong></span> <span class='ocrx_word' id='word_1_55' title='bbox 1643 978 1753 1017; x_wconf 90' lang='lat' dir='ltr'><strong>non</strong></span> <span class='ocrx_word' id='word_1_56' title='bbox 1787 963 1970 1032; x_wconf 91' lang='lat' dir='ltr'><strong>illata,</strong></span> <span class='ocrx_word' id='word_1_57' title='bbox 2001 967 2065 1021; x_wconf 89' lang='lat' dir='ltr'><strong>Ii-</strong></span> 
     </span>
    </p>
   </div>
   <div class='ocr_carea' id='block_1_11' title="bbox 479 1049 2064 1120">
    <p class='ocr_par' dir='ltr' id='par_1_11' title="bbox 479 1049 2064 1120">
     <span class='ocr_line' id='line_1_11' title="bbox 479 1049 2064 1120; baseline 0.008 -18"><span class='ocrx_word' id='word_1_58' title='bbox 479 1049 602 1103; x_wconf 88' lang='lat' dir='ltr'><strong>dem</strong></span> <span class='ocrx_word' id='word_1_59' title='bbox 652 1064 808 1103; x_wconf 82' lang='lat' dir='ltr'><strong>suam</strong></span> <span class='ocrx_word' id='word_1_60' title='bbox 860 1051 1256 1120; x_wconf 89' lang='lat' dir='ltr'><strong>prodiderunt,</strong></span> <span class='ocrx_word' id='word_1_61' title='bbox 1307 1053 1398 1107; x_wconf 90' lang='lat' dir='ltr'><strong>ubi</strong></span> <span class='ocrx_word' id='word_1_62' title='bbox 1450 1053 1667 1111; x_wconf 90' lang='lat' dir='ltr'><strong>duobus</strong></span> <span class='ocrx_word' id='word_1_63' title='bbox 1698 1058 1861 1113; x_wconf 89' lang='lat' dir='ltr'><strong>annis</strong></span> <span class='ocrx_word' id='word_1_64' title='bbox 1902 1058 2064 1115; x_wconf 83' lang='lat' dir='ltr'><strong>ﬂeve-</strong></span> 
     </span>
    </p>
   </div>
   <div class='ocr_carea' id='block_1_12' title="bbox 478 1141 2064 1223">
    <p class='ocr_par' dir='ltr' id='par_1_12' title="bbox 478 1141 2064 1223">
     <span class='ocr_line' id='line_1_12' title="bbox 478 1141 2064 1223; baseline 0.009 -29"><span class='ocrx_word' id='word_1_65' title='bbox 478 1142 592 1195; x_wconf 87' lang='lat' dir='ltr'><strong>rint</strong></span> <span class='ocrx_word' id='word_1_66' title='bbox 644 1149 697 1197; x_wconf 90' lang='lat' dir='ltr'><strong>et</strong></span> <span class='ocrx_word' id='word_1_67' title='bbox 745 1141 964 1197; x_wconf 90' lang='lat' dir='ltr'><strong>duobus</strong></span> <span class='ocrx_word' id='word_1_68' title='bbox 1014 1145 1176 1199; x_wconf 90' lang='lat' dir='ltr'><strong>annis</strong></span> <span class='ocrx_word' id='word_1_69' title='bbox 1230 1145 1547 1213; x_wconf 85' lang='lat' dir='ltr'><strong>audierint,</strong></span> <span class='ocrx_word' id='word_1_70' title='bbox 1591 1155 1645 1201; x_wconf 90' lang='lat' dir='ltr'><strong>et</strong></span> <span class='ocrx_word' id='word_1_71' title='bbox 1690 1165 1788 1219; x_wconf 91' lang='lat' dir='ltr'><strong>per</strong></span> <span class='ocrx_word' id='word_1_72' title='bbox 1819 1152 2064 1223; x_wconf 86' lang='lat' dir='ltr'><strong>quinque</strong></span> 
     </span>
    </p>
   </div>
   <div class='ocr_carea' id='block_1_13' title="bbox 479 1234 2063 1309">
    <p class='ocr_par' dir='ltr' id='par_1_13' title="bbox 479 1234 2063 1309">
     <span class='ocr_line' id='line_1_13' title="bbox 479 1234 2063 1309; baseline 0.009 -23"><span class='ocrx_word' id='word_1_73' title='bbox 479 1235 763 1289; x_wconf 85' lang='lat' dir='ltr'><strong>oraverint</strong></span> <span class='ocrx_word' id='word_1_74' title='bbox 816 1234 872 1287; x_wconf 90' lang='lat' dir='ltr'><strong>in</strong></span> <span class='ocrx_word' id='word_1_75' title='bbox 920 1235 1301 1292; x_wconf 78' lang='lat' dir='ltr'><strong>substratione</strong></span> <span class='ocrx_word' id='word_1_76' title='bbox 1323 1278 1339 1303; x_wconf 89' lang='lat'><strong>,</strong></span> <span class='ocrx_word' id='word_1_77' title='bbox 1370 1245 1424 1293; x_wconf 88' lang='lat' dir='ltr'><strong>et</strong></span> <span class='ocrx_word' id='word_1_78' title='bbox 1452 1255 1550 1309; x_wconf 90' lang='lat' dir='ltr'><strong>per</strong></span> <span class='ocrx_word' id='word_1_79' title='bbox 1581 1241 1722 1297; x_wconf 90' lang='lat' dir='ltr'><strong>alios</strong></span> <span class='ocrx_word' id='word_1_80' title='bbox 1755 1242 1895 1299; x_wconf 84' lang='lat' dir='ltr'><strong>duos</strong></span> <span class='ocrx_word' id='word_1_81' title='bbox 1940 1246 2063 1300; x_wconf 90' lang='lat' dir='ltr'><strong>siue</strong></span> 
     </span>
    </p>
   </div>
   <div class='ocr_carea' id='block_1_14' title="bbox 479 1323 2062 1393">
    <p class='ocr_par' dir='ltr' id='par_1_14' title="bbox 479 1323 2062 1393">
     <span class='ocr_line' id='line_1_14' title="bbox 479 1323 2062 1393; baseline 0.008 -16"><span class='ocrx_word' id='word_1_82' title='bbox 479 1324 760 1378; x_wconf 88' lang='lat' dir='ltr'><strong>oblatione</strong></span> <span class='ocrx_word' id='word_1_83' title='bbox 819 1323 887 1378; x_wconf 89' lang='lat' dir='ltr'><strong>ad</strong></span> <span class='ocrx_word' id='word_1_84' title='bbox 950 1326 1287 1393; x_wconf 85' lang='lat' dir='ltr'><strong>precationis</strong></span> <span class='ocrx_word' id='word_1_85' title='bbox 1350 1330 1793 1387; x_wconf 87' lang='lat' dir='ltr'><strong>communionem</strong></span> <span class='ocrx_word' id='word_1_86' title='bbox 1855 1332 2062 1389; x_wconf 82' lang='lat' dir='ltr'><strong>fuerint</strong></span> 
     </span>
    </p>
   </div>
   <div class='ocr_carea' id='block_1_15' title="bbox 480 1413 2061 1494">
    <p class='ocr_par' dir='ltr' id='par_1_15' title="bbox 480 1413 2061 1494">
     <span class='ocr_line' id='line_1_15' title="bbox 480 1413 2061 1494; baseline 0.01 -28"><span class='ocrx_word' id='word_1_87' title='bbox 480 1413 745 1479; x_wconf 86' lang='lat' dir='ltr'><strong>admissi,</strong></span> <span class='ocrx_word' id='word_1_88' title='bbox 790 1415 867 1470; x_wconf 88' lang='lat' dir='ltr'><strong>ita</strong></span> <span class='ocrx_word' id='word_1_89' title='bbox 910 1416 1131 1471; x_wconf 91' lang='lat' dir='ltr'><strong>demum</strong></span> <span class='ocrx_word' id='word_1_90' title='bbox 1160 1457 1175 1482; x_wconf 91' lang='lat'><strong>,</strong></span> <span class='ocrx_word' id='word_1_91' title='bbox 1220 1417 1384 1488; x_wconf 76' lang='lat' dir='ltr'><strong>digna</strong></span> <span class='ocrx_word' id='word_1_92' title='bbox 1431 1420 1689 1477; x_wconf 87' lang='lat' dir='ltr'><strong>videlicet</strong></span> <span class='ocrx_word' id='word_1_93' title='bbox 1732 1426 2061 1494; x_wconf 69' lang='lat' dir='ltr'><strong>paenitentia</strong></span> 
     </span>
    </p>
   </div>
   <div class='ocr_carea' id='block_1_16' title="bbox 479 1508 2060 1579">
    <p class='ocr_par' dir='ltr' id='par_1_16' title="bbox 479 1508 2060 1579">
     <span class='ocr_line' id='line_1_16' title="bbox 479 1508 2060 1579; baseline 0.009 -19"><span class='ocrx_word' id='word_1_94' title='bbox 479 1516 698 1561; x_wconf 87' lang='lat' dir='ltr'><strong>ostensa</strong></span> <span class='ocrx_word' id='word_1_95' title='bbox 721 1547 737 1572; x_wconf 96' lang='lat'><strong>,</strong></span> <span class='ocrx_word' id='word_1_96' title='bbox 772 1508 827 1561; x_wconf 91' lang='lat' dir='ltr'><strong>in</strong></span> <span class='ocrx_word' id='word_1_97' title='bbox 863 1509 1115 1579; x_wconf 88' lang='lat' dir='ltr'><strong>corporis</strong></span> <span class='ocrx_word' id='word_1_98' title='bbox 1163 1509 1371 1566; x_wconf 87' lang='lat' dir='ltr'><strong>Christi</strong></span> <span class='ocrx_word' id='word_1_99' title='bbox 1403 1516 1848 1572; x_wconf 87' lang='lat' dir='ltr'><strong>communionem</strong></span> <span class='ocrx_word' id='word_1_100' title='bbox 1894 1521 2060 1576; x_wconf 89' lang='lat' dir='ltr'><strong>resti-</strong></span> 
     </span>
    </p>
   </div>
   <div class='ocr_carea' id='block_1_17' title="bbox 480 1608 724 1655">
    <p class='ocr_par' dir='ltr' id='par_1_17' title="bbox 480 1608 724 1655">
     <span class='ocr_line' id='line_1_17' title="bbox 480 1608 724 1655; baseline 0.008 -2"><span class='ocrx_word' id='word_1_101' title='bbox 480 1608 606 1654; x_wconf 89' lang='lat' dir='ltr'><strong>tuen</strong></span> <span class='ocrx_word' id='word_1_102' title='bbox 615 1608 724 1655; x_wconf 87' lang='lat' dir='ltr'><strong>tur.</strong></span> 
     </span>
    </p>
   </div>
   <div class='ocr_carea' id='block_1_18' title="bbox 554 1689 2063 1762">
    <p class='ocr_par' dir='ltr' id='par_1_18' title="bbox 554 1689 2063 1762">
     <span class='ocr_line' id='line_1_18' title="bbox 554 1689 2063 1762; baseline 0.011 -20"><span class='ocrx_word' id='word_1_103' title='bbox 554 1689 836 1746; x_wconf 76' lang='lat' dir='ltr'><strong>LXXXIII.</strong></span> <span class='ocrx_word' id='word_1_104' title='bbox 891 1690 999 1758; x_wconf 85' lang='lat' dir='ltr'><strong>Qui</strong></span> <span class='ocrx_word' id='word_1_105' title='bbox 1035 1699 1189 1748; x_wconf 88' lang='lat' dir='ltr'><strong>vates</strong></span> <span class='ocrx_word' id='word_1_106' title='bbox 1235 1695 1576 1762; x_wconf 85' lang='lat' dir='ltr'><strong>consulunt,</strong></span> <span class='ocrx_word' id='word_1_107' title='bbox 1609 1705 1666 1753; x_wconf 88' lang='lat' dir='ltr'><strong>et</strong></span> <span class='ocrx_word' id='word_1_108' title='bbox 1711 1702 2063 1758; x_wconf 86' lang='lat' dir='ltr'><strong>consuetudi-</strong></span> 
     </span>
    </p>
   </div>
   <div class='ocr_carea' id='block_1_19' title="bbox 2162 519 3733 595">
    <p class='ocr_par' dir='ltr' id='par_1_19' title="bbox 2162 519 3733 595">
     <span class='ocr_line' id='line_1_19' title="bbox 2162 519 3733 595; baseline 0.005 -24"><span class='ocrx_word' id='word_1_109' title='bbox 2162 525 2210 588; x_wconf 88' lang='grc' dir='ltr'>γ’</span> <span class='ocrx_word' id='word_1_110' title='bbox 2238 519 2540 585; x_wconf 81' lang='grc' dir='ltr'><strong>συστάντας</strong></span> <span class='ocrx_word' id='word_1_111' title='bbox 2568 523 2684 585; x_wconf 88' lang='grc' dir='ltr'>τοῖς</span> <span class='ocrx_word' id='word_1_112' title='bbox 2717 525 2930 587; x_wconf 81' lang='grc' dir='ltr'>πιστοῖς</span> <span class='ocrx_word' id='word_1_113' title='bbox 2974 524 3056 586; x_wconf 90' lang='grc' dir='ltr'>εἰς</span> <span class='ocrx_word' id='word_1_114' title='bbox 3090 524 3192 595; x_wconf 78' lang='grc' dir='ltr'>τὴν</span> <span class='ocrx_word' id='word_1_115' title='bbox 3234 523 3453 592; x_wconf 83' lang='grc' dir='ltr'>δέησιν,</span> <span class='ocrx_word' id='word_1_116' title='bbox 3486 523 3626 577; x_wconf 75' lang='grc' dir='ltr'>οὕτω</span> <span class='ocrx_word' id='word_1_117' title='bbox 3653 525 3733 579; x_wconf 84' lang='grc' dir='ltr'>δε-</span> 
     </span>
    </p>
   </div>
   <div class='ocr_carea' id='block_1_20' title="bbox 2163 604 3258 685">
    <p class='ocr_par' dir='ltr' id='par_1_20' title="bbox 2163 604 3258 685">
     <span class='ocr_line' id='line_1_20' title="bbox 2163 604 3258 685; baseline 0.005 -25"><span class='ocrx_word' id='word_1_118' title='bbox 2163 611 2328 671; x_wconf 81' lang='grc' dir='ltr'>κτοὺς</span> <span class='ocrx_word' id='word_1_119' title='bbox 2349 604 2490 663; x_wconf 78' lang='grc' dir='ltr'>εἶναι</span> <span class='ocrx_word' id='word_1_120' title='bbox 2515 614 2582 682; x_wconf 84' lang='grc' dir='ltr'>τῇ</span> <span class='ocrx_word' id='word_1_121' title='bbox 2613 611 2708 666; x_wconf 86' lang='grc' dir='ltr'><strong>τοῦ</strong></span> <span class='ocrx_word' id='word_1_122' title='bbox 2740 612 2947 681; x_wconf 85' lang='grc' dir='ltr'>ἀγαθοῦ</span> <span class='ocrx_word' id='word_1_123' title='bbox 2984 613 3258 685; x_wconf 81' lang='grc' dir='ltr'>κοινωνίᾳ.</span> 
     </span>
    </p>
   </div>
   <div class='ocr_carea' id='block_1_21' title="bbox 2235 698 3737 775">
    <p class='ocr_par' dir='ltr' id='par_1_21' title="bbox 2235 698 3737 775">
     <span class='ocr_line' id='line_1_21' title="bbox 2235 698 3737 775; baseline 0.003 -21"><span class='ocrx_word' id='word_1_124' title='bbox 2235 698 2492 755; x_wconf 77' lang='grc' dir='ltr'>ΠΒ’.Καὶ</span> <span class='ocrx_word' id='word_1_125' title='bbox 2522 703 2652 774; x_wconf 72' lang='grc' dir='ltr'>περὶ</span> <span class='ocrx_word' id='word_1_126' title='bbox 2677 701 2787 756; x_wconf 87' lang='grc' dir='ltr'><strong>τῶν</strong></span> <span class='ocrx_word' id='word_1_127' title='bbox 2820 704 3293 775; x_wconf 87' lang='grc' dir='ltr'>ὲπιορκησάντων,</span> <span class='ocrx_word' id='word_1_128' title='bbox 3333 704 3383 756; x_wconf 83' lang='grc' dir='ltr'>εἱ</span> <span class='ocrx_word' id='word_1_129' title='bbox 3414 702 3517 773; x_wconf 83' lang='grc' dir='ltr'><strong>μὲν</strong></span> <span class='ocrx_word' id='word_1_130' title='bbox 3542 703 3606 757; x_wconf 84' lang='grc' dir='ltr'>ὲκ</span> <span class='ocrx_word' id='word_1_131' title='bbox 3629 703 3737 774; x_wconf 77' lang='grc' dir='ltr'><strong>βῖας</strong></span> 
     </span>
    </p>
   </div>
   <div class='ocr_carea' id='block_1_22' title="bbox 2162 793 3738 868">
    <p class='ocr_par' dir='ltr' id='par_1_22' title="bbox 2162 793 3738 868">
     <span class='ocr_line' id='line_1_22' title="bbox 2162 793 3738 868; baseline 0.001 -22"><span class='ocrx_word' id='word_1_132' title='bbox 2162 793 2259 846; x_wconf 77' lang='grc' dir='ltr'><strong>καὶ</strong></span> <span class='ocrx_word' id='word_1_133' title='bbox 2291 793 2537 866; x_wconf 81' lang='grc' dir='ltr'><strong>ἀνάγκης</strong></span> <span class='ocrx_word' id='word_1_134' title='bbox 2571 794 2889 868; x_wconf 77' lang='grc' dir='ltr'>παρέϐησαν</span> <span class='ocrx_word' id='word_1_135' title='bbox 2927 796 3056 859; x_wconf 82' lang='grc' dir='ltr'>τοὺς</span> <span class='ocrx_word' id='word_1_136' title='bbox 3103 796 3333 866; x_wconf 85' lang='grc' dir='ltr'>ὅρκους.</span> <span class='ocrx_word' id='word_1_137' title='bbox 3394 796 3738 868; x_wconf 77' lang='grc' dir='ltr'>κουφοτέροις</span> 
     </span>
    </p>
   </div>
   <div class='ocr_carea' id='block_1_23' title="bbox 2166 882 3740 957">
    <p class='ocr_par' dir='ltr' id='par_1_23' title="bbox 2166 882 3740 957">
     <span class='ocr_line' id='line_1_23' title="bbox 2166 882 3740 957; baseline 0.003 -21"><span class='ocrx_word' id='word_1_138' title='bbox 2166 883 2481 938; x_wconf 79' lang='grc' dir='ltr'>ὑπόκεινται</span> <span class='ocrx_word' id='word_1_139' title='bbox 2509 885 2826 955; x_wconf 81' lang='grc' dir='ltr'>ἐπιτιμίοις,</span> <span class='ocrx_word' id='word_1_140' title='bbox 2849 887 2990 940; x_wconf 82' lang='grc' dir='ltr'>ὥστε</span> <span class='ocrx_word' id='word_1_141' title='bbox 3019 885 3156 956; x_wconf 87' lang='grc' dir='ltr'><strong>μετά</strong></span> <span class='ocrx_word' id='word_1_142' title='bbox 3178 891 3232 951; x_wconf 79' lang='grc' dir='ltr'>ς’</span> <span class='ocrx_word' id='word_1_143' title='bbox 3261 885 3356 957; x_wconf 75' lang='grc' dir='ltr'>ἐτη</span> <span class='ocrx_word' id='word_1_144' title='bbox 3388 882 3534 938; x_wconf 74' lang='grc' dir='ltr'>εἶναι</span> <span class='ocrx_word' id='word_1_145' title='bbox 3557 886 3740 948; x_wconf 67' lang='grc' dir='ltr'>αὐτοὺς</span> 
     </span>
    </p>
   </div>
   <div class='ocr_carea' id='block_1_24' title="bbox 2162 972 3739 1046">
    <p class='ocr_par' dir='ltr' id='par_1_24' title="bbox 2162 972 3739 1046">
     <span class='ocr_line' id='line_1_24' title="bbox 2162 972 3739 1046; baseline 0.001 -19"><span class='ocrx_word' id='word_1_146' title='bbox 2162 972 2383 1039; x_wconf 80' lang='grc' dir='ltr'>δεκτούς</span> <span class='ocrx_word' id='word_1_147' title='bbox 2403 990 2418 1005; x_wconf 78' lang='grc' dir='ltr'><strong><em>ο</em></strong></span> <span class='ocrx_word' id='word_1_148' title='bbox 2449 976 2499 1027; x_wconf 85' lang='grc' dir='ltr'><strong>εί</strong></span> <span class='ocrx_word' id='word_1_149' title='bbox 2537 973 2595 1026; x_wconf 84' lang='grc' dir='ltr'><strong>δὲ</strong></span> <span class='ocrx_word' id='word_1_150' title='bbox 2623 973 2751 1028; x_wconf 80' lang='grc' dir='ltr'>ἄνευ</span> <span class='ocrx_word' id='word_1_151' title='bbox 2788 974 3034 1046; x_wconf 82' lang='grc' dir='ltr'><strong>ἀνάγκης</strong></span> <span class='ocrx_word' id='word_1_152' title='bbox 3067 975 3358 1046; x_wconf 78' lang='grc' dir='ltr'>προδόντες</span> <span class='ocrx_word' id='word_1_153' title='bbox 3396 974 3500 1046; x_wconf 84' lang='grc' dir='ltr'>τὴν</span> <span class='ocrx_word' id='word_1_154' title='bbox 3540 975 3739 1029; x_wconf 77' lang='grc' dir='ltr'>ἑαυτῶν</span> 
     </span>
    </p>
   </div>
   <div class='ocr_carea' id='block_1_25' title="bbox 2165 1067 3739 1140">
    <p class='ocr_par' dir='ltr' id='par_1_25' title="bbox 2165 1067 3739 1140">
     <span class='ocr_line' id='line_1_25' title="bbox 2165 1067 3739 1140; baseline -0.001 -18"><span class='ocrx_word' id='word_1_155' title='bbox 2165 1069 2370 1132; x_wconf 88' lang='grc' dir='ltr'>πίστιν,</span> <span class='ocrx_word' id='word_1_156' title='bbox 2395 1070 2455 1123; x_wconf 86' lang='grc' dir='ltr'>ὲν</span> <span class='ocrx_word' id='word_1_157' title='bbox 2485 1068 2637 1122; x_wconf 75' lang='grc' dir='ltr'>δυσὶν</span> <span class='ocrx_word' id='word_1_158' title='bbox 2668 1068 2814 1122; x_wconf 75' lang='grc' dir='ltr'>ἔτεσι</span> <span class='ocrx_word' id='word_1_159' title='bbox 2848 1067 3350 1140; x_wconf 81' lang='grc' dir='ltr'>προσκλαύσαντες,</span> <span class='ocrx_word' id='word_1_160' title='bbox 3389 1069 3490 1120; x_wconf 75' lang='grc' dir='ltr'><strong>καὶ</strong></span> <span class='ocrx_word' id='word_1_161' title='bbox 3522 1070 3583 1121; x_wconf 82' lang='grc' dir='ltr'><strong>ἐν</strong></span> <span class='ocrx_word' id='word_1_162' title='bbox 3601 1067 3739 1121; x_wconf 76' lang='grc' dir='ltr'>δυσὶν</span> 
     </span>
    </p>
   </div>
   <div class='ocr_carea' id='block_1_26' title="bbox 2163 1158 3739 1230">
    <p class='ocr_par' dir='ltr' id='par_1_26' title="bbox 2163 1158 3739 1230">
     <span class='ocr_line' id='line_1_26' title="bbox 2163 1158 3739 1230; baseline -0.001 -19"><span class='ocrx_word' id='word_1_163' title='bbox 2163 1158 2602 1230; x_wconf 73' lang='grc' dir='ltr'>ἀκροασάμενοι,</span> <span class='ocrx_word' id='word_1_164' title='bbox 2654 1159 2751 1214; x_wconf 77' lang='grc' dir='ltr'>καὶ</span> <span class='ocrx_word' id='word_1_165' title='bbox 2808 1162 2867 1213; x_wconf 84' lang='grc' dir='ltr'>ὲν</span> <span class='ocrx_word' id='word_1_166' title='bbox 2916 1159 3080 1213; x_wconf 82' lang='grc' dir='ltr'>πέντε</span> <span class='ocrx_word' id='word_1_167' title='bbox 3126 1159 3266 1230; x_wconf 83' lang='grc'><strong>(55)</strong></span> <span class='ocrx_word' id='word_1_168' title='bbox 3317 1160 3376 1211; x_wconf 85' lang='grc' dir='ltr'>ὲν</span> <span class='ocrx_word' id='word_1_169' title='bbox 3433 1159 3739 1213; x_wconf 78' lang='grc' dir='ltr'>ὑποπτώσει</span> 
     </span>
    </p>
   </div>
   <div class='ocr_carea' id='block_1_27' title="bbox 2163 1250 3737 1323">
    <p class='ocr_par' dir='ltr' id='par_1_27' title="bbox 2163 1250 3737 1323">
     <span class='ocr_line' id='line_1_27' title="bbox 2163 1250 3737 1323; baseline -0.001 -20"><span class='ocrx_word' id='word_1_170' title='bbox 2163 1251 2473 1322; x_wconf 79' lang='grc' dir='ltr'>εὐξάμενοι,</span> <span class='ocrx_word' id='word_1_171' title='bbox 2508 1252 2604 1307; x_wconf 76' lang='grc' dir='ltr'><strong>καὶ</strong></span> <span class='ocrx_word' id='word_1_172' title='bbox 2644 1255 2703 1307; x_wconf 84' lang='grc' dir='ltr'>ὲν</span> <span class='ocrx_word' id='word_1_173' title='bbox 2751 1253 2904 1308; x_wconf 73' lang='grc' dir='ltr'>δυσὶν</span> <span class='ocrx_word' id='word_1_174' title='bbox 2933 1251 3114 1315; x_wconf 74' lang='grc' dir='ltr'>ἄλλοις</span> <span class='ocrx_word' id='word_1_175' title='bbox 3143 1252 3272 1306; x_wconf 76' lang='grc' dir='ltr'>ἄνευ</span> <span class='ocrx_word' id='word_1_176' title='bbox 3309 1253 3633 1323; x_wconf 77' lang='grc' dir='ltr'>προσφορᾶς</span> <span class='ocrx_word' id='word_1_177' title='bbox 3666 1250 3737 1312; x_wconf 82' lang='grc' dir='ltr'>εἰς</span> 
     </span>
    </p>
   </div>
   <div class='ocr_carea' id='block_1_28' title="bbox 2161 1337 3740 1413">
    <p class='ocr_par' dir='ltr' id='par_1_28' title="bbox 2161 1337 3740 1413">
     <span class='ocr_line' id='line_1_28' title="bbox 2161 1337 3740 1413; baseline 0.001 -22"><span class='ocrx_word' id='word_1_178' title='bbox 2161 1337 2261 1409; x_wconf 76' lang='grc' dir='ltr'>τὴν</span> <span class='ocrx_word' id='word_1_179' title='bbox 2289 1339 2574 1393; x_wconf 80' lang='grc' dir='ltr'>κοινωνίαν</span> <span class='ocrx_word' id='word_1_180' title='bbox 2615 1341 2716 1413; x_wconf 83' lang='grc' dir='ltr'><strong>τῆς</strong></span> <span class='ocrx_word' id='word_1_181' title='bbox 2762 1341 3074 1413; x_wconf 77' lang='grc' dir='ltr'>προσευχῆς</span> <span class='ocrx_word' id='word_1_182' title='bbox 3119 1340 3581 1412; x_wconf 84' lang='grc' dir='ltr'>παραδεχθέντες,</span> <span class='ocrx_word' id='word_1_183' title='bbox 3610 1338 3740 1393; x_wconf 75' lang='grc' dir='ltr'>οὕτω</span> 
     </span>
    </p>
   </div>
   <div class='ocr_carea' id='block_1_29' title="bbox 2162 1430 3740 1505">
    <p class='ocr_par' dir='ltr' id='par_1_29' title="bbox 2162 1430 3740 1505">
     <span class='ocr_line' id='line_1_29' title="bbox 2162 1430 3740 1505; baseline 0.003 -23"><span class='ocrx_word' id='word_1_184' title='bbox 2162 1430 2470 1485; x_wconf 82' lang='grc' dir='ltr'>τελευταῖον</span> <span class='ocrx_word' id='word_1_185' title='bbox 2505 1430 2814 1501; x_wconf 80' lang='grc' dir='ltr'>ἀξιόλογον,</span> <span class='ocrx_word' id='word_1_186' title='bbox 2864 1432 3093 1505; x_wconf 81' lang='grc' dir='ltr'>δηλαδὴ,</span> <span class='ocrx_word' id='word_1_187' title='bbox 3145 1435 3244 1504; x_wconf 84' lang='grc' dir='ltr'>τὴν</span> <span class='ocrx_word' id='word_1_188' title='bbox 3290 1434 3589 1505; x_wconf 82' lang='grc' dir='ltr'>μετάνοιαν</span> <span class='ocrx_word' id='word_1_189' title='bbox 3628 1434 3740 1486; x_wconf 75' lang='grc' dir='ltr'>ἐπι-</span> 
     </span>
    </p>
   </div>
   <div class='ocr_carea' id='block_1_30' title="bbox 2161 1518 3737 1596">
    <p class='ocr_par' dir='ltr' id='par_1_30' title="bbox 2161 1518 3737 1596">
     <span class='ocr_line' id='line_1_30' title="bbox 2161 1518 3737 1596; baseline 0.005 -24"><span class='ocrx_word' id='word_1_190' title='bbox 2161 1518 2488 1591; x_wconf 78' lang='grc' dir='ltr'>δειξάμενοι,</span> <span class='ocrx_word' id='word_1_191' title='bbox 2520 1523 3067 1596; x_wconf 86' lang='grc' dir='ltr'>ἀποκαταστήσονται</span> <span class='ocrx_word' id='word_1_192' title='bbox 3095 1525 3176 1589; x_wconf 88' lang='grc' dir='ltr'><strong>είς</strong></span> <span class='ocrx_word' id='word_1_193' title='bbox 3202 1525 3303 1596; x_wconf 81' lang='grc' dir='ltr'><strong>τὴν</strong></span> <span class='ocrx_word' id='word_1_194' title='bbox 3334 1525 3629 1580; x_wconf 79' lang='grc' dir='ltr'>κοινωνίαν</span> <span class='ocrx_word' id='word_1_195' title='bbox 3653 1524 3737 1580; x_wconf 81' lang='grc' dir='ltr'><strong>τοῦ</strong></span> 
     </span>
    </p>
   </div>
   <div class='ocr_carea' id='block_1_31' title="bbox 2163 1610 2840 1686">
    <p class='ocr_par' dir='ltr' id='par_1_31' title="bbox 2163 1610 2840 1686">
     <span class='ocr_line' id='line_1_31' title="bbox 2163 1610 2840 1686; baseline 0.006 -22"><span class='ocrx_word' id='word_1_196' title='bbox 2163 1610 2413 1682; x_wconf 84' lang='grc' dir='ltr'>σώματος</span> <span class='ocrx_word' id='word_1_197' title='bbox 2442 1612 2538 1667; x_wconf 90' lang='grc' dir='ltr'><strong>τοῦ</strong></span> <span class='ocrx_word' id='word_1_198' title='bbox 2577 1615 2840 1686; x_wconf 81' lang='grc' dir='ltr'>Χριστοῦ.</span> 
     </span>
    </p>
   </div>
   <div class='ocr_carea' id='block_1_32' title="bbox 2232 1704 3740 1779">
    <p class='ocr_par' dir='ltr' id='par_1_32' title="bbox 2232 1704 3740 1779">
     <span class='ocr_line' id='line_1_32' title="bbox 2232 1704 3740 1779; baseline 0.004 -22"><span class='ocrx_word' id='word_1_199' title='bbox 2232 1704 2357 1760; x_wconf 81' lang='lat' dir='ltr'><strong>III&quot;.</strong></span> <span class='ocrx_word' id='word_1_200' title='bbox 2396 1705 2460 1758; x_wconf 76' lang='lat' dir='ltr'><strong>Oi</strong></span> <span class='ocrx_word' id='word_1_201' title='bbox 2490 1709 3068 1779; x_wconf 82' lang='grc' dir='ltr'>καταμαντευόμενοι,</span> <span class='ocrx_word' id='word_1_202' title='bbox 3127 1707 3227 1762; x_wconf 82' lang='grc' dir='ltr'>καὶ</span> <span class='ocrx_word' id='word_1_203' title='bbox 3270 1710 3393 1772; x_wconf 85' lang='grc' dir='ltr'>ταῖς</span> <span class='ocrx_word' id='word_1_204' title='bbox 3437 1709 3740 1779; x_wconf 74' lang='grc' dir='ltr'>συνηθείαις</span> 
     </span>
    </p>
   </div>
   <div class='ocr_carea' id='block_1_33' title="bbox 480 1785 2047 1873">
    <p class='ocr_par' dir='ltr' id='par_1_33' title="bbox 480 1785 2047 1861">
     <span class='ocr_line' id='line_1_33' title="bbox 480 1785 2047 1861; baseline 0.009 -23"><span class='ocrx_word' id='word_1_205' title='bbox 480 1799 582 1839; x_wconf 87' lang='lat' dir='ltr'><strong>nes</strong></span> <span class='ocrx_word' id='word_1_206' title='bbox 613 1785 858 1853; x_wconf 78' lang='lat' dir='ltr'><strong>gentium</strong></span> <span class='ocrx_word' id='word_1_207' title='bbox 891 1794 1232 1856; x_wconf 89' lang='lat' dir='ltr'><strong>sequuntur,</strong></span> <span class='ocrx_word' id='word_1_208' title='bbox 1266 1796 1361 1842; x_wconf 90' lang='lat' dir='ltr'><strong>aut</strong></span> <span class='ocrx_word' id='word_1_209' title='bbox 1409 1791 1625 1861; x_wconf 88' lang='lat' dir='ltr'><strong>aliquos</strong></span> <span class='ocrx_word' id='word_1_210' title='bbox 1658 1793 1713 1848; x_wconf 88' lang='lat' dir='ltr'><strong>in</strong></span> <span class='ocrx_word' id='word_1_211' title='bbox 1763 1810 1895 1851; x_wconf 87' lang='lat' dir='ltr'><strong>suas</strong></span> <span class='ocrx_word' id='word_1_212' title='bbox 1918 1796 2047 1852; x_wconf 70' lang='lat' dir='ltr'><strong>aede:</strong></span> 
     </span>
    </p>
   </div>
   <div class='ocr_carea' id='block_1_34' title="bbox 2157 1785 3740 1873">
    <p class='ocr_par' dir='ltr' id='par_1_34' title="bbox 2165 1795 3740 1873">
     <span class='ocr_line' id='line_1_34' title="bbox 2165 1795 3740 1873; baseline 0.005 -25"><span class='ocrx_word' id='word_1_213' title='bbox 2165 1795 2276 1850; x_wconf 87' lang='grc' dir='ltr'>τῶν</span> <span class='ocrx_word' id='word_1_214' title='bbox 2316 1796 2485 1851; x_wconf 74' lang='grc' dir='ltr'>ἐθνῶν</span> <span class='ocrx_word' id='word_1_215' title='bbox 2530 1799 2978 1865; x_wconf 74' lang='grc' dir='ltr'>ἀκολουθοῦντες,</span> <span class='ocrx_word' id='word_1_216' title='bbox 3019 1802 3052 1873; x_wconf 83' lang='grc' dir='ltr'>ἢ</span> <span class='ocrx_word' id='word_1_217' title='bbox 3105 1803 3419 1871; x_wconf 70' lang='grc' dir='ltr'>εἰσάγοντες</span> <span class='ocrx_word' id='word_1_218' title='bbox 3462 1820 3625 1867; x_wconf 87' lang='grc' dir='ltr'>τινας</span> <span class='ocrx_word' id='word_1_219' title='bbox 3668 1806 3740 1867; x_wconf 73' lang='grc' dir='ltr'><strong>εἰς</strong></span> 
     </span>
    </p>
   </div>
   <div class='ocr_carea' id='block_1_35' title="bbox 481 1874 2063 1953">
    <p class='ocr_par' dir='ltr' id='par_1_35' title="bbox 481 1874 2063 1953">
     <span class='ocr_line' id='line_1_35' title="bbox 481 1874 2063 1953; baseline 0.009 -24"><span class='ocrx_word' id='word_1_220' title='bbox 481 1874 845 1931; x_wconf 86' lang='lat' dir='ltr'><strong>introducunt</strong></span> <span class='ocrx_word' id='word_1_221' title='bbox 896 1877 964 1931; x_wconf 87' lang='lat' dir='ltr'><strong>ad</strong></span> <span class='ocrx_word' id='word_1_222' title='bbox 1013 1878 1385 1934; x_wconf 88' lang='lat' dir='ltr'><strong>remediorum</strong></span> <span class='ocrx_word' id='word_1_223' title='bbox 1439 1882 1849 1953; x_wconf 80' lang='lat' dir='ltr'><strong>inventionem,</strong></span> <span class='ocrx_word' id='word_1_224' title='bbox 1881 1898 1936 1944; x_wconf 86' lang='lat' dir='ltr'><strong>et</strong></span> <span class='ocrx_word' id='word_1_225' title='bbox 1971 1903 2063 1943; x_wconf 79' lang='lat' dir='ltr'><strong>ex-</strong></span> 
     </span>
    </p>
   </div>
   <div class='ocr_carea' id='block_1_36' title="bbox 484 1968 2060 2037">
    <p class='ocr_par' dir='ltr' id='par_1_36' title="bbox 484 1968 2060 2037">
     <span class='ocr_line' id='line_1_36' title="bbox 484 1968 2060 2037; baseline 0.01 -17"><span class='ocrx_word' id='word_1_226' title='bbox 484 1968 782 2036; x_wconf 84' lang='lat' dir='ltr'><strong>piationem</strong></span> <span class='ocrx_word' id='word_1_227' title='bbox 803 2009 819 2034; x_wconf 92' lang='lat'><strong>,</strong></span> <span class='ocrx_word' id='word_1_228' title='bbox 852 1969 905 2023; x_wconf 88' lang='lat' dir='ltr'><strong>hi</strong></span> <span class='ocrx_word' id='word_1_229' title='bbox 949 1970 1001 2023; x_wconf 91' lang='lat' dir='ltr'><strong>in</strong></span> <span class='ocrx_word' id='word_1_230' title='bbox 1033 1985 1298 2027; x_wconf 90' lang='lat' dir='ltr'><strong>canonem</strong></span> <span class='ocrx_word' id='word_1_231' title='bbox 1330 1975 1533 2030; x_wconf 87' lang='lat' dir='ltr'><strong>cadant</strong></span> <span class='ocrx_word' id='word_1_232' title='bbox 1576 1980 1847 2036; x_wconf 79' lang='lat' dir='ltr'><strong>sexennii.</strong></span> <span class='ocrx_word' id='word_1_233' title='bbox 1898 1980 2060 2037; x_wconf 90' lang='lat' dir='ltr'><strong>Post-</strong></span> 
     </span>
    </p>
   </div>
   <div class='ocr_carea' id='block_1_37' title="bbox 479 2060 2059 2135">
    <p class='ocr_par' dir='ltr' id='par_1_37' title="bbox 479 2060 2059 2135">
     <span class='ocr_line' id='line_1_37' title="bbox 479 2060 2059 2135; baseline 0.009 -21"><span class='ocrx_word' id='word_1_234' title='bbox 479 2076 645 2130; x_wconf 93' lang='lat' dir='ltr'><strong>quam</strong></span> <span class='ocrx_word' id='word_1_235' title='bbox 673 2077 817 2116; x_wconf 89' lang='lat' dir='ltr'><strong>anno</strong></span> <span class='ocrx_word' id='word_1_236' title='bbox 846 2060 1130 2127; x_wconf 82' lang='lat' dir='ltr'><strong>ﬂeverint,</strong></span> <span class='ocrx_word' id='word_1_237' title='bbox 1169 2071 1223 2118; x_wconf 90' lang='lat' dir='ltr'><strong>et</strong></span> <span class='ocrx_word' id='word_1_238' title='bbox 1271 2081 1420 2120; x_wconf 87' lang='lat' dir='ltr'><strong>anno</strong></span> <span class='ocrx_word' id='word_1_239' title='bbox 1450 2068 1763 2135; x_wconf 90' lang='lat' dir='ltr'><strong>audierint,</strong></span> <span class='ocrx_word' id='word_1_240' title='bbox 1796 2081 1851 2127; x_wconf 87' lang='lat' dir='ltr'><strong>et</strong></span> <span class='ocrx_word' id='word_1_241' title='bbox 1893 2075 2059 2129; x_wconf 88' lang='lat' dir='ltr'><strong>annis</strong></span> 
     </span>
    </p>
   </div>
   <div class='ocr_carea' id='block_1_38' title="bbox 478 2153 2062 2221">
    <p class='ocr_par' dir='ltr' id='par_1_38' title="bbox 478 2153 2062 2221">
     <span class='ocr_line' id='line_1_38' title="bbox 478 2153 2062 2221; baseline 0.009 -15"><span class='ocrx_word' id='word_1_242' title='bbox 478 2153 658 2209; x_wconf 87' lang='lat' dir='ltr'><strong>tribus</strong></span> <span class='ocrx_word' id='word_1_243' title='bbox 690 2153 891 2208; x_wconf 84' lang='lat' dir='ltr'><strong>fuerint</strong></span> <span class='ocrx_word' id='word_1_244' title='bbox 913 2156 1176 2211; x_wconf 87' lang='lat' dir='ltr'><strong>substrati</strong></span> <span class='ocrx_word' id='word_1_245' title='bbox 1199 2196 1214 2221; x_wconf 88' lang='lat'><strong>,</strong></span> <span class='ocrx_word' id='word_1_246' title='bbox 1245 2166 1300 2214; x_wconf 88' lang='lat' dir='ltr'><strong>et</strong></span> <span class='ocrx_word' id='word_1_247' title='bbox 1329 2174 1476 2214; x_wconf 88' lang='lat' dir='ltr'><strong>anno</strong></span> <span class='ocrx_word' id='word_1_248' title='bbox 1505 2175 1630 2216; x_wconf 92' lang='lat' dir='ltr'><strong>cum</strong></span> <span class='ocrx_word' id='word_1_249' title='bbox 1667 2162 1925 2221; x_wconf 90' lang='lat' dir='ltr'><strong>Iidelihus</strong></span> <span class='ocrx_word' id='word_1_250' title='bbox 1955 2174 2062 2221; x_wconf 89' lang='lat' dir='ltr'><strong>ste-</strong></span> 
     </span>
    </p>
   </div>
   <div class='ocr_carea' id='block_1_39' title="bbox 480 2244 1197 2306">
    <p class='ocr_par' dir='ltr' id='par_1_39' title="bbox 480 2244 1197 2306">
     <span class='ocr_line' id='line_1_39' title="bbox 480 2244 1197 2306; baseline 0.008 -8"><span class='ocrx_word' id='word_1_251' title='bbox 480 2244 675 2306; x_wconf 87' lang='lat' dir='ltr'><strong>terint,</strong></span> <span class='ocrx_word' id='word_1_252' title='bbox 709 2245 791 2300; x_wconf 88' lang='lat' dir='ltr'><strong>sic</strong></span> <span class='ocrx_word' id='word_1_253' title='bbox 822 2247 1197 2304; x_wconf 86' lang='lat' dir='ltr'><strong>admittantur.</strong></span> 
     </span>
    </p>
   </div>
   <div class='ocr_carea' id='block_1_40' title="bbox 550 2334 2059 2414">
    <p class='ocr_par' dir='ltr' id='par_1_40' title="bbox 550 2334 2059 2414">
     <span class='ocr_line' id='line_1_40' title="bbox 550 2334 2059 2414; baseline 0.012 -27"><span class='ocrx_word' id='word_1_254' title='bbox 550 2334 832 2392; x_wconf 76' lang='lat' dir='ltr'><strong>LXXXIV.</strong></span> <span class='ocrx_word' id='word_1_255' title='bbox 876 2336 1004 2394; x_wconf 63' lang='lat' dir='ltr'><strong>Haec</strong></span> <span class='ocrx_word' id='word_1_256' title='bbox 1037 2349 1218 2396; x_wconf 87' lang='lat' dir='ltr'><strong>autem</strong></span> <span class='ocrx_word' id='word_1_257' title='bbox 1251 2343 1437 2399; x_wconf 89' lang='lat' dir='ltr'><strong>omnia</strong></span> <span class='ocrx_word' id='word_1_258' title='bbox 1470 2345 1791 2414; x_wconf 84' lang='lat' dir='ltr'><strong>scribimus,</strong></span> <span class='ocrx_word' id='word_1_259' title='bbox 1826 2355 1886 2403; x_wconf 89' lang='lat' dir='ltr'><strong>ut</strong></span> <span class='ocrx_word' id='word_1_260' title='bbox 1942 2349 2059 2405; x_wconf 88' lang='lat' dir='ltr'><strong>fru-</strong></span> 
     </span>
    </p>
   </div>
   <div class='ocr_carea' id='block_1_41' title="bbox 478 2429 2059 2503">
    <p class='ocr_par' dir='ltr' id='par_1_41' title="bbox 478 2429 2059 2503">
     <span class='ocr_line' id='line_1_41' title="bbox 478 2429 2059 2503; baseline 0.011 -23"><span class='ocrx_word' id='word_1_261' title='bbox 478 2432 603 2481; x_wconf 88' lang='lat' dir='ltr'><strong>ctus</strong></span> <span class='ocrx_word' id='word_1_262' title='bbox 653 2429 959 2497; x_wconf 86' lang='lat' dir='ltr'><strong>probentur</strong></span> <span class='ocrx_word' id='word_1_263' title='bbox 1011 2433 1375 2503; x_wconf 61' lang='lat' dir='ltr'><strong>paenitentiae.</strong></span> <span class='ocrx_word' id='word_1_264' title='bbox 1448 2435 1568 2491; x_wconf 89' lang='lat' dir='ltr'><strong>Non</strong></span> <span class='ocrx_word' id='word_1_265' title='bbox 1624 2438 1771 2492; x_wconf 89' lang='lat' dir='ltr'><strong>enim</strong></span> <span class='ocrx_word' id='word_1_266' title='bbox 1830 2443 2059 2497; x_wconf 89' lang='lat' dir='ltr'><strong>omnino</strong></span> 
     </span>
    </p>
   </div>
   <div class='ocr_carea' id='block_1_42' title="bbox 478 2520 2055 2598">
    <p class='ocr_par' dir='ltr' id='par_1_42' title="bbox 478 2520 2055 2598">
     <span class='ocr_line' id='line_1_42' title="bbox 478 2520 2055 2598; baseline 0.011 -26"><span class='ocrx_word' id='word_1_267' title='bbox 478 2526 725 2590; x_wconf 86' lang='lat' dir='ltr'><strong>tempore</strong></span> <span class='ocrx_word' id='word_1_268' title='bbox 751 2520 1120 2593; x_wconf 88' lang='lat' dir='ltr'><strong>dijudicamus</strong></span> <span class='ocrx_word' id='word_1_269' title='bbox 1147 2543 1237 2583; x_wconf 92' lang='lat' dir='ltr'><strong>res</strong></span> <span class='ocrx_word' id='word_1_270' title='bbox 1267 2529 1539 2598; x_wconf 88' lang='lat' dir='ltr'><strong>ejusmodi</strong></span> <span class='ocrx_word' id='word_1_271' title='bbox 1564 2569 1579 2596; x_wconf 86' lang='lat'><strong>,</strong></span> <span class='ocrx_word' id='word_1_272' title='bbox 1606 2531 1703 2587; x_wconf 90' lang='lat' dir='ltr'><strong>sed</strong></span> <span class='ocrx_word' id='word_1_273' title='bbox 1736 2532 1802 2587; x_wconf 90' lang='lat' dir='ltr'><strong>ad</strong></span> <span class='ocrx_word' id='word_1_274' title='bbox 1834 2538 2055 2590; x_wconf 91' lang='lat' dir='ltr'><strong>modum</strong></span> 
     </span>
    </p>
   </div>
   <div class='ocr_carea' id='block_1_43' title="bbox 478 2611 2057 2691">
    <p class='ocr_par' dir='ltr' id='par_1_43' title="bbox 478 2611 2057 2691">
     <span class='ocr_line' id='line_1_43' title="bbox 478 2611 2057 2691; baseline 0.011 -28"><span class='ocrx_word' id='word_1_275' title='bbox 478 2611 815 2679; x_wconf 69' lang='lat' dir='ltr'><strong>paenitentiae</strong></span> <span class='ocrx_word' id='word_1_276' title='bbox 849 2614 1209 2672; x_wconf 88' lang='lat' dir='ltr'><strong>attendimus.</strong></span> <span class='ocrx_word' id='word_1_277' title='bbox 1235 2617 1394 2684; x_wconf 87' lang='lat' dir='ltr'><strong>Quod</strong></span> <span class='ocrx_word' id='word_1_278' title='bbox 1429 2620 1477 2675; x_wconf 88' lang='lat' dir='ltr'><strong>si</strong></span> <span class='ocrx_word' id='word_1_279' title='bbox 1505 2621 1599 2691; x_wconf 90' lang='lat' dir='ltr'><strong>qui</strong></span> <span class='ocrx_word' id='word_1_280' title='bbox 1644 2622 1866 2680; x_wconf 87' lang='lat' dir='ltr'><strong>dilIiciIe</strong></span> <span class='ocrx_word' id='word_1_281' title='bbox 1906 2627 2057 2681; x_wconf 85' lang='lat' dir='ltr'><strong>avel-</strong></span> 
     </span>
    </p>
   </div>
   <div class='ocr_carea' id='block_1_44' title="bbox 477 2701 2056 2785">
    <p class='ocr_par' dir='ltr' id='par_1_44' title="bbox 477 2701 2056 2785">
     <span class='ocr_line' id='line_1_44' title="bbox 477 2701 2056 2785; baseline 0.013 -33"><span class='ocrx_word' id='word_1_282' title='bbox 477 2701 662 2754; x_wconf 86' lang='lat' dir='ltr'><strong>lantur</strong></span> <span class='ocrx_word' id='word_1_283' title='bbox 693 2717 724 2756; x_wconf 92' lang='lat' dir='ltr'><strong>a</strong></span> <span class='ocrx_word' id='word_1_284' title='bbox 755 2705 992 2774; x_wconf 89' lang='lat' dir='ltr'><strong>propriis</strong></span> <span class='ocrx_word' id='word_1_285' title='bbox 1038 2709 1310 2772; x_wconf 82' lang='lat' dir='ltr'><strong>moribus.</strong></span> <span class='ocrx_word' id='word_1_286' title='bbox 1343 2713 1643 2783; x_wconf 87' lang='lat' dir='ltr'><strong>carnisque</strong></span> <span class='ocrx_word' id='word_1_287' title='bbox 1674 2715 2056 2785; x_wconf 78' lang='lat' dir='ltr'><strong>voluptatibus</strong></span> 
     </span>
    </p>
   </div>
   <div class='ocr_carea' id='block_1_45' title="bbox 478 2792 2054 2866">
    <p class='ocr_par' dir='ltr' id='par_1_45' title="bbox 478 2792 2054 2866">
     <span class='ocr_line' id='line_1_45' title="bbox 478 2792 2054 2866; baseline 0.01 -20"><span class='ocrx_word' id='word_1_288' title='bbox 478 2792 687 2847; x_wconf 79' lang='lat' dir='ltr'><strong>servire</strong></span> <span class='ocrx_word' id='word_1_289' title='bbox 721 2793 916 2848; x_wconf 86' lang='lat' dir='ltr'><strong>malint</strong></span> <span class='ocrx_word' id='word_1_290' title='bbox 955 2811 1119 2865; x_wconf 87' lang='lat' dir='ltr'><strong>quam</strong></span> <span class='ocrx_word' id='word_1_291' title='bbox 1159 2797 1423 2866; x_wconf 91' lang='lat' dir='ltr'><strong>Domino,</strong></span> <span class='ocrx_word' id='word_1_292' title='bbox 1459 2809 1514 2856; x_wconf 88' lang='lat' dir='ltr'><strong>et</strong></span> <span class='ocrx_word' id='word_1_293' title='bbox 1552 2803 1719 2857; x_wconf 90' lang='lat' dir='ltr'><strong>vitam</strong></span> <span class='ocrx_word' id='word_1_294' title='bbox 1752 2807 2054 2862; x_wconf 88' lang='lat' dir='ltr'><strong>secundum</strong></span> 
     </span>
    </p>
   </div>
   <div class='ocr_carea' id='block_1_46' title="bbox 476 2882 2052 2958">
    <p class='ocr_par' dir='ltr' id='par_1_46' title="bbox 476 2882 2052 2958">
     <span class='ocr_line' id='line_1_46' title="bbox 476 2882 2052 2958; baseline 0.011 -23"><span class='ocrx_word' id='word_1_295' title='bbox 476 2882 833 2955; x_wconf 80' lang='lat' dir='ltr'><strong>Evangelium</strong></span> <span class='ocrx_word' id='word_1_296' title='bbox 874 2886 1166 2945; x_wconf 89' lang='lat' dir='ltr'><strong>instituere</strong></span> <span class='ocrx_word' id='word_1_297' title='bbox 1200 2893 1415 2958; x_wconf 91' lang='lat' dir='ltr'><strong>nolint,</strong></span> <span class='ocrx_word' id='word_1_298' title='bbox 1452 2895 1605 2949; x_wconf 90' lang='lat' dir='ltr'><strong>nulla</strong></span> <span class='ocrx_word' id='word_1_299' title='bbox 1626 2905 1711 2951; x_wconf 89' lang='lat' dir='ltr'><strong>est</strong></span> <span class='ocrx_word' id='word_1_300' title='bbox 1735 2900 1896 2955; x_wconf 89' lang='lat' dir='ltr'><strong>nobis</strong></span> <span class='ocrx_word' id='word_1_301' title='bbox 1925 2915 2052 2954; x_wconf 90' lang='lat' dir='ltr'><strong>cum</strong></span> 
     </span>
    </p>
   </div>
   <div class='ocr_carea' id='block_1_47' title="bbox 476 2976 2056 3059">
    <p class='ocr_par' dir='ltr' id='par_1_47' title="bbox 476 2976 2056 3059">
     <span class='ocr_line' id='line_1_47' title="bbox 476 2976 2056 3059; baseline 0.012 -30"><span class='ocrx_word' id='word_1_302' title='bbox 476 2976 588 3032; x_wconf 88' lang='lat' dir='ltr'><strong>illis</strong></span> <span class='ocrx_word' id='word_1_303' title='bbox 632 2978 943 3034; x_wconf 89' lang='lat' dir='ltr'><strong>communis</strong></span> <span class='ocrx_word' id='word_1_304' title='bbox 974 2981 1138 3037; x_wconf 87' lang='lat' dir='ltr'><strong>ratio.</strong></span> <span class='ocrx_word' id='word_1_305' title='bbox 1171 2982 1282 3039; x_wconf 86' lang='lat' dir='ltr'><strong>Nos</strong></span> <span class='ocrx_word' id='word_1_306' title='bbox 1324 2987 1472 3040; x_wconf 89' lang='lat' dir='ltr'><strong>enim</strong></span> <span class='ocrx_word' id='word_1_307' title='bbox 1509 2987 1563 3042; x_wconf 91' lang='lat' dir='ltr'><strong>in</strong></span> <span class='ocrx_word' id='word_1_308' title='bbox 1596 2991 1802 3059; x_wconf 85' lang='lat' dir='ltr'><strong>populo</strong></span> <span class='ocrx_word' id='word_1_309' title='bbox 1842 2990 2056 3048; x_wconf 86' lang='lat' dir='ltr'><strong>inobse-</strong></span> 
     </span>
    </p>
   </div>
   <div class='ocr_carea' id='block_1_48' title="bbox 475 3070 2053 3139">
    <p class='ocr_par' dir='ltr' id='par_1_48' title="bbox 475 3070 2053 3139">
     <span class='ocr_line' id='line_1_48' title="bbox 475 3070 2053 3139; baseline 0.011 -18"><span class='ocrx_word' id='word_1_310' title='bbox 475 3070 666 3136; x_wconf 91' lang='lat' dir='ltr'><strong>quenti</strong></span> <span class='ocrx_word' id='word_1_311' title='bbox 698 3077 753 3123; x_wconf 89' lang='lat' dir='ltr'><strong>et</strong></span> <span class='ocrx_word' id='word_1_312' title='bbox 781 3072 1188 3128; x_wconf 91' lang='lat' dir='ltr'><strong>contradicenti</strong></span> <span class='ocrx_word' id='word_1_313' title='bbox 1215 3075 1394 3132; x_wconf 86' lang='lat' dir='ltr'><strong>edocti</strong></span> <span class='ocrx_word' id='word_1_314' title='bbox 1436 3094 1631 3136; x_wconf 90' lang='lat' dir='ltr'><strong>sumus</strong></span> <span class='ocrx_word' id='word_1_315' title='bbox 1658 3082 1888 3138; x_wconf 86' lang='lat' dir='ltr'><strong>audire:</strong></span> <span class='ocrx_word' id='word_1_316' title='bbox 1927 3084 2053 3139; x_wconf 83' lang='lat' dir='ltr'><strong>Ser-</strong></span> 
     </span>
    </p>
   </div>
   <div class='ocr_carea' id='block_1_49' title="bbox 475 3139 2122 3242">
    <p class='ocr_par' dir='ltr' id='par_1_49' title="bbox 475 3139 2122 3242">
     <span class='ocr_line' id='line_1_49' title="bbox 475 3139 2122 3242; baseline 0.013 -34"><span class='ocrx_word' id='word_1_317' title='bbox 475 3169 601 3208; x_wconf 74' lang='lat' dir='ltr'><strong>vans</strong></span> <span class='ocrx_word' id='word_1_318' title='bbox 625 3171 774 3209; x_wconf 76' lang='lat' dir='ltr'><strong>serva</strong></span> <span class='ocrx_word' id='word_1_319' title='bbox 804 3160 1038 3213; x_wconf 84' lang='lat' dir='ltr'><strong>animam</strong></span> <span class='ocrx_word' id='word_1_320' title='bbox 1062 3172 1210 3215; x_wconf 80' lang='lat' dir='ltr'><strong>tuam</strong></span> <span class='ocrx_word' id='word_1_321' title='bbox 1234 3165 1298 3219; x_wconf 70' lang='grc' dir='ltr'><strong><em>η.</em></strong></span> <span class='ocrx_word' id='word_1_322' title='bbox 1322 3165 1401 3221; x_wconf 89' lang='lat' dir='ltr'><strong>Ne</strong></span> <span class='ocrx_word' id='word_1_323' title='bbox 1427 3167 1594 3238; x_wconf 80' lang='lat' dir='ltr'><strong>igitur</strong></span> <span class='ocrx_word' id='word_1_324' title='bbox 1615 3173 2046 3242; x_wconf 89' lang='lat' dir='ltr'><strong>committamus,</strong></span> <span class='ocrx_word' id='word_1_325' title='bbox 2080 3139 2122 3196; x_wconf 62' lang='grc' dir='ltr'>ϐ</span> 
     </span>
    </p>
   </div>
   <div class='ocr_carea' id='block_1_50' title="bbox 477 3249 2048 3331">
    <p class='ocr_par' dir='ltr' id='par_1_50' title="bbox 477 3249 2048 3331">
     <span class='ocr_line' id='line_1_50' title="bbox 477 3249 2048 3331; baseline 0.015 -34"><span class='ocrx_word' id='word_1_326' title='bbox 477 3254 538 3298; x_wconf 90' lang='grc' dir='ltr'><strong>υι</strong></span> <span class='ocrx_word' id='word_1_327' title='bbox 570 3259 692 3299; x_wconf 91' lang='lat' dir='ltr'><strong>cum</strong></span> <span class='ocrx_word' id='word_1_328' title='bbox 717 3249 916 3303; x_wconf 88' lang='lat' dir='ltr'><strong>talibus</strong></span> <span class='ocrx_word' id='word_1_329' title='bbox 946 3267 1238 3322; x_wconf 88' lang='lat' dir='ltr'><strong>pereamus</strong></span> <span class='ocrx_word' id='word_1_330' title='bbox 1268 3275 1281 3309; x_wconf 90' lang='lat'><strong>:</strong></span> <span class='ocrx_word' id='word_1_331' title='bbox 1317 3257 1413 3311; x_wconf 91' lang='lat' dir='ltr'><strong>sed</strong></span> <span class='ocrx_word' id='word_1_332' title='bbox 1446 3274 1612 3328; x_wconf 81' lang='lat' dir='ltr'><strong>grave</strong></span> <span class='ocrx_word' id='word_1_333' title='bbox 1635 3261 1906 3331; x_wconf 87' lang='lat' dir='ltr'><strong>judicium</strong></span> <span class='ocrx_word' id='word_1_334' title='bbox 1933 3264 2048 3321; x_wconf 85' lang='lat' dir='ltr'><strong>Ior-</strong></span> 
     </span>
    </p>
   </div>
   <div class='ocr_carea' id='block_1_51' title="bbox 474 3337 2048 3411">
    <p class='ocr_par' dir='ltr' id='par_1_51' title="bbox 474 3337 2048 3411">
     <span class='ocr_line' id='line_1_51' title="bbox 474 3337 2048 3411; baseline 0.015 -23"><span class='ocrx_word' id='word_1_335' title='bbox 474 3337 747 3393; x_wconf 87' lang='lat' dir='ltr'><strong>midantes</strong></span> <span class='ocrx_word' id='word_1_336' title='bbox 767 3379 783 3402; x_wconf 90' lang='lat'><strong>,</strong></span> <span class='ocrx_word' id='word_1_337' title='bbox 810 3351 865 3394; x_wconf 90' lang='lat' dir='ltr'><strong>et</strong></span> <span class='ocrx_word' id='word_1_338' title='bbox 894 3342 1200 3399; x_wconf 85' lang='lat' dir='ltr'><strong>terribilem</strong></span> <span class='ocrx_word' id='word_1_339' title='bbox 1229 3348 1609 3406; x_wconf 86' lang='lat' dir='ltr'><strong>retributionis</strong></span> <span class='ocrx_word' id='word_1_340' title='bbox 1650 3351 1866 3408; x_wconf 88' lang='lat' dir='ltr'><strong>Domini</strong></span> <span class='ocrx_word' id='word_1_341' title='bbox 1902 3356 2048 3411; x_wconf 90' lang='lat' dir='ltr'><strong>diem</strong></span> 
     </span>
    </p>
   </div>
   <div class='ocr_carea' id='block_1_52' title="bbox 475 3427 2048 3504">
    <p class='ocr_par' dir='ltr' id='par_1_52' title="bbox 475 3427 2048 3504">
     <span class='ocr_line' id='line_1_52' title="bbox 475 3427 2048 3504; baseline 0.013 -24"><span class='ocrx_word' id='word_1_342' title='bbox 475 3427 548 3481; x_wconf 87' lang='lat' dir='ltr'><strong>ob</strong></span> <span class='ocrx_word' id='word_1_343' title='bbox 579 3429 772 3486; x_wconf 87' lang='lat' dir='ltr'><strong>oculos</strong></span> <span class='ocrx_word' id='word_1_344' title='bbox 820 3430 1089 3489; x_wconf 86' lang='lat' dir='ltr'><strong>habentes</strong></span> <span class='ocrx_word' id='word_1_345' title='bbox 1109 3474 1125 3499; x_wconf 91' lang='lat'><strong>,</strong></span> <span class='ocrx_word' id='word_1_346' title='bbox 1157 3451 1227 3489; x_wconf 89' lang='lat' dir='ltr'><strong>ne</strong></span> <span class='ocrx_word' id='word_1_347' title='bbox 1254 3438 1488 3495; x_wconf 84' lang='lat' dir='ltr'><strong>velimus</strong></span> <span class='ocrx_word' id='word_1_348' title='bbox 1519 3456 1630 3495; x_wconf 90' lang='lat' dir='ltr'><strong>una</strong></span> <span class='ocrx_word' id='word_1_349' title='bbox 1678 3457 1802 3497; x_wconf 92' lang='lat' dir='ltr'><strong>cum</strong></span> <span class='ocrx_word' id='word_1_350' title='bbox 1854 3446 2048 3504; x_wconf 88' lang='lat' dir='ltr'><strong>alienis</strong></span> 
     </span>
    </p>
   </div>
   <div class='ocr_carea' id='block_1_53' title="bbox 476 3519 2049 3592">
    <p class='ocr_par' dir='ltr' id='par_1_53' title="bbox 476 3519 2049 3592">
     <span class='ocr_line' id='line_1_53' title="bbox 476 3519 2049 3592; baseline 0.013 -21"><span class='ocrx_word' id='word_1_351' title='bbox 476 3519 721 3587; x_wconf 88' lang='lat' dir='ltr'><strong>peccatis</strong></span> <span class='ocrx_word' id='word_1_352' title='bbox 766 3522 967 3591; x_wconf 88' lang='lat' dir='ltr'><strong>perire.</strong></span> <span class='ocrx_word' id='word_1_353' title='bbox 1010 3522 1068 3579; x_wconf 90' lang='lat' dir='ltr'><strong>Si</strong></span> <span class='ocrx_word' id='word_1_354' title='bbox 1093 3526 1239 3581; x_wconf 89' lang='lat' dir='ltr'><strong>enim</strong></span> <span class='ocrx_word' id='word_1_355' title='bbox 1271 3543 1374 3584; x_wconf 88' lang='lat' dir='ltr'><strong>nos</strong></span> <span class='ocrx_word' id='word_1_356' title='bbox 1436 3545 1547 3586; x_wconf 92' lang='lat' dir='ltr'><strong>non</strong></span> <span class='ocrx_word' id='word_1_357' title='bbox 1585 3534 1909 3589; x_wconf 88' lang='lat' dir='ltr'><strong>erudierunt</strong></span> <span class='ocrx_word' id='word_1_358' title='bbox 1940 3546 2049 3592; x_wconf 86' lang='lat' dir='ltr'><strong>ter-</strong></span> 
     </span>
    </p>
   </div>
   <div class='ocr_carea' id='block_1_54' title="bbox 473 3608 2048 3694">
    <p class='ocr_par' dir='ltr' id='par_1_54' title="bbox 473 3608 2048 3694">
     <span class='ocr_line' id='line_1_54' title="bbox 473 3608 2048 3694; baseline 0.016 -34"><span class='ocrx_word' id='word_1_359' title='bbox 473 3608 657 3663; x_wconf 80' lang='lat' dir='ltr'><strong>ribilia</strong></span> <span class='ocrx_word' id='word_1_360' title='bbox 695 3610 910 3667; x_wconf 90' lang='lat' dir='ltr'><strong>Domini</strong></span> <span class='ocrx_word' id='word_1_361' title='bbox 945 3653 961 3680; x_wconf 96' lang='lat'><strong>,</strong></span> <span class='ocrx_word' id='word_1_362' title='bbox 1018 3631 1121 3672; x_wconf 90' lang='lat' dir='ltr'><strong>nec</strong></span> <span class='ocrx_word' id='word_1_363' title='bbox 1171 3619 1310 3675; x_wconf 89' lang='lat' dir='ltr'><strong>tales</strong></span> <span class='ocrx_word' id='word_1_364' title='bbox 1353 3622 1525 3693; x_wconf 64' lang='lat' dir='ltr'><strong>plagae</strong></span> <span class='ocrx_word' id='word_1_365' title='bbox 1572 3625 1953 3694; x_wconf 84' lang='lat' dir='ltr'><strong>adduxerunt,</strong></span> <span class='ocrx_word' id='word_1_366' title='bbox 1988 3637 2048 3685; x_wconf 92' lang='lat' dir='ltr'><strong>ut</strong></span> 
     </span>
    </p>
   </div>
   <div class='ocr_carea' id='block_1_55' title="bbox 472 3699 2047 3786">
    <p class='ocr_par' dir='ltr' id='par_1_55' title="bbox 472 3699 2047 3786">
     <span class='ocr_line' id='line_1_55' title="bbox 472 3699 2047 3786; baseline 0.015 -33"><span class='ocrx_word' id='word_1_367' title='bbox 472 3715 575 3754; x_wconf 89' lang='lat' dir='ltr'><strong>nos</strong></span> <span class='ocrx_word' id='word_1_368' title='bbox 600 3716 632 3754; x_wconf 92' lang='lat' dir='ltr'><strong>a</strong></span> <span class='ocrx_word' id='word_1_369' title='bbox 663 3699 891 3759; x_wconf 88' lang='lat' dir='ltr'><strong>Domino</strong></span> <span class='ocrx_word' id='word_1_370' title='bbox 935 3717 1158 3778; x_wconf 87' lang='lat' dir='ltr'><strong>propter</strong></span> <span class='ocrx_word' id='word_1_371' title='bbox 1191 3718 1440 3767; x_wconf 90' lang='lat' dir='ltr'><strong>nostram</strong></span> <span class='ocrx_word' id='word_1_372' title='bbox 1488 3715 1841 3786; x_wconf 83' lang='lat' dir='ltr'><strong>iniquitatem</strong></span> <span class='ocrx_word' id='word_1_373' title='bbox 1889 3721 2047 3777; x_wconf 84' lang='lat' dir='ltr'><strong>dere-</strong></span> 
     </span>
    </p>
   </div>
   <div class='ocr_carea' id='block_1_56' title="bbox 471 3791 2047 3869">
    <p class='ocr_par' dir='ltr' id='par_1_56' title="bbox 471 3791 2047 3869">
     <span class='ocr_line' id='line_1_56' title="bbox 471 3791 2047 3869; baseline 0.014 -25"><span class='ocrx_word' id='word_1_374' title='bbox 471 3791 667 3856; x_wconf 85' lang='lat' dir='ltr'><strong>lictos,</strong></span> <span class='ocrx_word' id='word_1_375' title='bbox 700 3793 1174 3869; x_wconf 87' lang='lat' dir='ltr'><strong>barbarorumque</strong></span> <span class='ocrx_word' id='word_1_376' title='bbox 1201 3800 1256 3854; x_wconf 89' lang='lat' dir='ltr'><strong>in</strong></span> <span class='ocrx_word' id='word_1_377' title='bbox 1299 3817 1497 3861; x_wconf 85' lang='lat' dir='ltr'><strong>manus</strong></span> <span class='ocrx_word' id='word_1_378' title='bbox 1540 3808 1777 3864; x_wconf 90' lang='lat' dir='ltr'><strong>traditos</strong></span> <span class='ocrx_word' id='word_1_379' title='bbox 1809 3809 2047 3866; x_wconf 89' lang='lat' dir='ltr'><strong>sentire-</strong></span> 
     </span>
    </p>
   </div>
   <div class='ocr_carea' id='block_1_57' title="bbox 470 3888 2042 3967">
    <p class='ocr_par' dir='ltr' id='par_1_57' title="bbox 470 3888 2042 3967">
     <span class='ocr_line' id='line_1_57' title="bbox 470 3888 2042 3967; baseline 0.014 -32"><span class='ocrx_word' id='word_1_380' title='bbox 470 3899 629 3951; x_wconf 86' lang='lat' dir='ltr'><strong>mus,</strong></span> <span class='ocrx_word' id='word_1_381' title='bbox 664 3892 719 3939; x_wconf 90' lang='lat' dir='ltr'><strong>et</strong></span> <span class='ocrx_word' id='word_1_382' title='bbox 762 3888 1023 3957; x_wconf 86' lang='lat' dir='ltr'><strong>populum</strong></span> <span class='ocrx_word' id='word_1_383' title='bbox 1052 3892 1197 3959; x_wconf 91' lang='lat' dir='ltr'><strong>apud</strong></span> <span class='ocrx_word' id='word_1_384' title='bbox 1226 3892 1416 3950; x_wconf 89' lang='lat' dir='ltr'><strong>hostes</strong></span> <span class='ocrx_word' id='word_1_385' title='bbox 1448 3899 1722 3967; x_wconf 87' lang='lat' dir='ltr'><strong>captivum</strong></span> <span class='ocrx_word' id='word_1_386' title='bbox 1748 3900 2042 3957; x_wconf 89' lang='lat' dir='ltr'><strong>abductum</strong></span> 
     </span>
    </p>
   </div>
   <div class='ocr_carea' id='block_1_58' title="bbox 468 3977 2045 4058">
    <p class='ocr_par' dir='ltr' id='par_1_58' title="bbox 468 3977 2045 4058">
     <span class='ocr_line' id='line_1_58' title="bbox 468 3977 2045 4058; baseline 0.012 -29"><span class='ocrx_word' id='word_1_387' title='bbox 468 3989 592 4030; x_wconf 84' lang='lat' dir='ltr'><strong>esse</strong></span> <span class='ocrx_word' id='word_1_388' title='bbox 612 4014 626 4039; x_wconf 91' lang='lat'><strong>,</strong></span> <span class='ocrx_word' id='word_1_389' title='bbox 668 3990 732 4029; x_wconf 91' lang='lat' dir='ltr'><strong>ac</strong></span> <span class='ocrx_word' id='word_1_390' title='bbox 775 3977 1106 4048; x_wconf 89' lang='lat' dir='ltr'><strong>dispersioni</strong></span> <span class='ocrx_word' id='word_1_391' title='bbox 1136 3982 1396 4040; x_wconf 88' lang='lat' dir='ltr'><strong>traditum</strong></span> <span class='ocrx_word' id='word_1_392' title='bbox 1421 4026 1437 4052; x_wconf 92' lang='lat'><strong>,</strong></span> <span class='ocrx_word' id='word_1_393' title='bbox 1472 3988 1602 4058; x_wconf 89' lang='lat' dir='ltr'><strong>quia</strong></span> <span class='ocrx_word' id='word_1_394' title='bbox 1630 3988 1745 4045; x_wconf 69' lang='lat' dir='ltr'><strong>haec</strong></span> <span class='ocrx_word' id='word_1_395' title='bbox 1771 3991 2045 4048; x_wconf 84' lang='lat' dir='ltr'><strong>audebant</strong></span> 
     </span>
    </p>
   </div>
   <div class='ocr_carea' id='block_1_59' title="bbox 470 4069 2042 4154">
    <p class='ocr_par' dir='ltr' id='par_1_59' title="bbox 470 4069 2042 4154">
     <span class='ocr_line' id='line_1_59' title="bbox 470 4069 2042 4154; baseline 0.015 -33"><span class='ocrx_word' id='word_1_396' title='bbox 470 4071 562 4136; x_wconf 89' lang='lat' dir='ltr'><strong>qui</strong></span> <span class='ocrx_word' id='word_1_397' title='bbox 586 4069 793 4127; x_wconf 89' lang='lat' dir='ltr'><strong>Christi</strong></span> <span class='ocrx_word' id='word_1_398' title='bbox 827 4090 1026 4131; x_wconf 83' lang='lat' dir='ltr'><strong>nomen</strong></span> <span class='ocrx_word' id='word_1_399' title='bbox 1058 4079 1461 4137; x_wconf 80' lang='lat' dir='ltr'><strong>circumferunt</strong></span> <span class='ocrx_word' id='word_1_400' title='bbox 1491 4102 1505 4138; x_wconf 90' lang='lat'><strong>:</strong></span> <span class='ocrx_word' id='word_1_401' title='bbox 1539 4084 1586 4139; x_wconf 92' lang='lat' dir='ltr'><strong>si</strong></span> <span class='ocrx_word' id='word_1_402' title='bbox 1614 4101 1724 4141; x_wconf 90' lang='lat' dir='ltr'><strong>non</strong></span> <span class='ocrx_word' id='word_1_403' title='bbox 1752 4098 2042 4154; x_wconf 89' lang='lat' dir='ltr'><strong>noverunt,</strong></span> 
     </span>
    </p>
   </div>
   <div class='ocr_carea' id='block_1_60' title="bbox 468 4160 2044 4242">
    <p class='ocr_par' dir='ltr' id='par_1_60' title="bbox 468 4160 2044 4242">
     <span class='ocr_line' id='line_1_60' title="bbox 468 4160 2044 4242; baseline 0.015 -30"><span class='ocrx_word' id='word_1_404' title='bbox 468 4175 649 4229; x_wconf 89' lang='lat' dir='ltr'><strong>neque</strong></span> <span class='ocrx_word' id='word_1_405' title='bbox 704 4160 1099 4224; x_wconf 82' lang='lat' dir='ltr'><strong>Intellexerunt</strong></span> <span class='ocrx_word' id='word_1_406' title='bbox 1134 4209 1150 4235; x_wconf 93' lang='lat'><strong>,</strong></span> <span class='ocrx_word' id='word_1_407' title='bbox 1205 4180 1495 4242; x_wconf 90' lang='lat' dir='ltr'><strong>propterea</strong></span> <span class='ocrx_word' id='word_1_408' title='bbox 1562 4177 1783 4234; x_wconf 88' lang='lat' dir='ltr'><strong>venisse</strong></span> <span class='ocrx_word' id='word_1_409' title='bbox 1836 4179 1891 4234; x_wconf 90' lang='lat' dir='ltr'><strong>in</strong></span> <span class='ocrx_word' id='word_1_410' title='bbox 1943 4197 2044 4237; x_wconf 86' lang='lat' dir='ltr'><strong>nos</strong></span> 
     </span>
    </p>
   </div>
   <div class='ocr_carea' id='block_1_61' title="bbox 472 4246 2045 4327">
    <p class='ocr_par' dir='ltr' id='par_1_61' title="bbox 472 4246 2045 4327">
     <span class='ocr_line' id='line_1_61' title="bbox 472 4246 2045 4327; baseline 0.017 -28"><span class='ocrx_word' id='word_1_411' title='bbox 472 4246 613 4302; x_wconf 89' lang='lat' dir='ltr'><strong>iram</strong></span> <span class='ocrx_word' id='word_1_412' title='bbox 652 4249 744 4307; x_wconf 89' lang='lat' dir='ltr'><strong>Dei</strong></span> <span class='ocrx_word' id='word_1_413' title='bbox 770 4271 785 4320; x_wconf 91' lang='lat'><strong>;</strong></span> <span class='ocrx_word' id='word_1_414' title='bbox 809 4270 931 4324; x_wconf 64' lang='lat' dir='ltr'><strong>quae</strong></span> <span class='ocrx_word' id='word_1_415' title='bbox 957 4274 1048 4313; x_wconf 89' lang='lat' dir='ltr'><strong>res</strong></span> <span class='ocrx_word' id='word_1_416' title='bbox 1087 4262 1247 4317; x_wconf 90' lang='lat' dir='ltr'><strong>nobis</strong></span> <span class='ocrx_word' id='word_1_417' title='bbox 1286 4280 1411 4318; x_wconf 91' lang='lat' dir='ltr'><strong>cum</strong></span> <span class='ocrx_word' id='word_1_418' title='bbox 1442 4265 1528 4321; x_wconf 90' lang='lat' dir='ltr'><strong>his</strong></span> <span class='ocrx_word' id='word_1_419' title='bbox 1560 4270 1869 4327; x_wconf 90' lang='lat' dir='ltr'><strong>communis</strong></span> <span class='ocrx_word' id='word_1_420' title='bbox 1915 4272 2045 4327; x_wconf 82' lang='lat' dir='ltr'><strong>est?</strong></span> 
     </span>
    </p>
   </div>
   <div class='ocr_carea' id='block_1_62' title="bbox 471 4336 2043 4431">
    <p class='ocr_par' dir='ltr' id='par_1_62' title="bbox 471 4336 2043 4431">
     <span class='ocr_line' id='line_1_62' title="bbox 471 4336 2043 4431; baseline 0.016 -40"><span class='ocrx_word' id='word_1_421' title='bbox 471 4336 577 4393; x_wconf 88' lang='lat' dir='ltr'><strong>Sed</strong></span> <span class='ocrx_word' id='word_1_422' title='bbox 609 4347 789 4398; x_wconf 88' lang='lat' dir='ltr'><strong>tamen</strong></span> <span class='ocrx_word' id='word_1_423' title='bbox 814 4346 1079 4403; x_wconf 90' lang='lat' dir='ltr'><strong>obtestari</strong></span> <span class='ocrx_word' id='word_1_424' title='bbox 1111 4365 1208 4407; x_wconf 91' lang='lat' dir='ltr'><strong>eos</strong></span> <span class='ocrx_word' id='word_1_425' title='bbox 1231 4362 1285 4407; x_wconf 91' lang='lat' dir='ltr'><strong>et</strong></span> <span class='ocrx_word' id='word_1_426' title='bbox 1312 4366 1480 4410; x_wconf 90' lang='lat' dir='ltr'><strong>noctu</strong></span> <span class='ocrx_word' id='word_1_427' title='bbox 1506 4364 1561 4411; x_wconf 91' lang='lat' dir='ltr'><strong>et</strong></span> <span class='ocrx_word' id='word_1_428' title='bbox 1589 4357 1852 4426; x_wconf 90' lang='lat' dir='ltr'><strong>interdiu,</strong></span> <span class='ocrx_word' id='word_1_429' title='bbox 1877 4367 1930 4416; x_wconf 90' lang='lat' dir='ltr'><strong>et</strong></span> <span class='ocrx_word' id='word_1_430' title='bbox 1951 4378 2043 4431; x_wconf 91' lang='lat' dir='ltr'><strong>pu-</strong></span> 
     </span>
    </p>
   </div>
   <div class='ocr_carea' id='block_1_63' title="bbox 466 4430 2038 4511">
    <p class='ocr_par' dir='ltr' id='par_1_63' title="bbox 466 4430 2038 4511">
     <span class='ocr_line' id='line_1_63' title="bbox 466 4430 2038 4511; baseline 0.017 -26"><span class='ocrx_word' id='word_1_431' title='bbox 466 4430 611 4486; x_wconf 89' lang='lat' dir='ltr'><strong>bliee</strong></span> <span class='ocrx_word' id='word_1_432' title='bbox 661 4441 716 4488; x_wconf 92' lang='lat' dir='ltr'><strong>et</strong></span> <span class='ocrx_word' id='word_1_433' title='bbox 767 4437 1025 4507; x_wconf 87' lang='lat' dir='ltr'><strong>privatim</strong></span> <span class='ocrx_word' id='word_1_434' title='bbox 1081 4441 1395 4509; x_wconf 85' lang='lat' dir='ltr'><strong>debemus;</strong></span> <span class='ocrx_word' id='word_1_435' title='bbox 1455 4464 1559 4504; x_wconf 92' lang='lat' dir='ltr'><strong>nos</strong></span> <span class='ocrx_word' id='word_1_436' title='bbox 1628 4459 1811 4507; x_wconf 89' lang='lat' dir='ltr'><strong>autem</strong></span> <span class='ocrx_word' id='word_1_437' title='bbox 1875 4430 2038 4511; x_wconf 85' lang='lat' dir='ltr'><strong>simul</strong></span> 
     </span>
    </p>
   </div>
   <div class='ocr_carea' id='block_1_64' title="bbox 466 4523 1036 4591">
    <p class='ocr_par' dir='ltr' id='par_1_64' title="bbox 466 4523 1036 4591">
     <span class='ocr_line' id='line_1_64' title="bbox 466 4523 1036 4591; baseline 0.012 -15"><span class='ocrx_word' id='word_1_438' title='bbox 466 4548 481 4583; x_wconf 69' lang='grc' dir='ltr'><strong>ξ</strong></span> <span class='ocrx_word' id='word_1_439' title='bbox 542 4524 586 4555; x_wconf 79' lang='grc'>⁸²</span> <span class='ocrx_word' id='word_1_440' title='bbox 623 4523 759 4579; x_wconf 88' lang='lat' dir='ltr'><strong>Cen.</strong></span> <span class='ocrx_word' id='word_1_441' title='bbox 785 4543 906 4591; x_wconf 77' lang='lat' dir='ltr'><strong>xix,</strong></span> <span class='ocrx_word' id='word_1_442' title='bbox 949 4531 1036 4583; x_wconf 82' lang='lat' dir='ltr'><strong>I7.</strong></span> 
     </span>
    </p>
   </div>
   <div class='ocr_carea' id='block_1_65' title="bbox 540 4615 2039 4689">
    <p class='ocr_par' dir='ltr' id='par_1_65' title="bbox 540 4615 2039 4689">
     <span class='ocr_line' id='line_1_65' title="bbox 540 4615 2039 4689; baseline 0.016 -23"><span class='ocrx_word' id='word_1_443' title='bbox 540 4615 659 4689; x_wconf 13' lang='grc' dir='ltr'>(σε),</span> <span class='ocrx_word' id='word_1_444' title='bbox 697 4617 797 4689; x_wconf 78' lang='grc' dir='ltr'><strong>Ἑν</strong></span> <span class='ocrx_word' id='word_1_445' title='bbox 818 4619 1017 4674; x_wconf 79' lang='grc' dir='ltr'>πέντε.</span> <span class='ocrx_word' id='word_1_446' title='bbox 1054 4619 1145 4676; x_wconf 93' lang='lat' dir='ltr'><strong>Sic</strong></span> <span class='ocrx_word' id='word_1_447' title='bbox 1172 4625 1388 4681; x_wconf 89' lang='lat' dir='ltr'><strong>codices</strong></span> <span class='ocrx_word' id='word_1_448' title='bbox 1417 4628 1660 4685; x_wconf 88' lang='lat' dir='ltr'><strong>melioris</strong></span> <span class='ocrx_word' id='word_1_449' title='bbox 1694 4640 1855 4686; x_wconf 82' lang='lat' dir='ltr'><strong>notae.</strong></span> <span class='ocrx_word' id='word_1_450' title='bbox 1889 4632 2039 4689; x_wconf 84' lang='lat' dir='ltr'><strong>Nun-</strong></span> 
     </span>
    </p>
   </div>
   <div class='ocr_carea' id='block_1_66' title="bbox 465 4686 2037 4769">
    <p class='ocr_par' dir='ltr' id='par_1_66' title="bbox 465 4686 2037 4769">
     <span class='ocr_line' id='line_1_66' title="bbox 465 4686 2037 4769; baseline 0.013 -31"><span class='ocrx_word' id='word_1_451' title='bbox 465 4686 600 4767; x_wconf 71' lang='lat' dir='ltr'><strong>nulli</strong></span> <span class='ocrx_word' id='word_1_452' title='bbox 644 4688 849 4769; x_wconf 72' lang='lat' dir='ltr'><strong>habent</strong></span> <span class='ocrx_word' id='word_1_453' title='bbox 879 4691 937 4742; x_wconf 78' lang='grc' dir='ltr'>ἐν</span> <span class='ocrx_word' id='word_1_454' title='bbox 966 4691 1221 4769; x_wconf 65' lang='grc' dir='ltr'>πέμπτῳ,</span> <span class='ocrx_word' id='word_1_455' title='bbox 1256 4696 1308 4748; x_wconf 79' lang='lat' dir='ltr'><strong>in</strong></span> <span class='ocrx_word' id='word_1_456' title='bbox 1339 4698 1545 4769; x_wconf 71' lang='lat' dir='ltr'><strong>quinta.</strong></span> <span class='ocrx_word' id='word_1_457' title='bbox 1584 4698 1674 4755; x_wconf 91' lang='lat' dir='ltr'><strong>Sic</strong></span> <span class='ocrx_word' id='word_1_458' title='bbox 1707 4686 1919 4756; x_wconf 83' lang='lat' dir='ltr'><strong>videtur</strong></span> <span class='ocrx_word' id='word_1_459' title='bbox 1947 4686 2037 4760; x_wconf 71' lang='lat' dir='ltr'><strong>ié-</strong></span> 
     </span>
    </p>
   </div>
   <div class='ocr_carea' id='block_1_67' title="bbox 463 4756 2036 4842">
    <p class='ocr_par' dir='ltr' id='par_1_67' title="bbox 463 4756 2036 4842">
     <span class='ocr_line' id='line_1_67' title="bbox 463 4756 2036 4842; baseline 0.013 -34"><span class='ocrx_word' id='word_1_460' title='bbox 463 4757 610 4842; x_wconf 48' lang='lat' dir='ltr'><strong>{tisse</strong></span> <span class='ocrx_word' id='word_1_461' title='bbox 643 4756 932 4842; x_wconf 55' lang='lat' dir='ltr'><strong>interpres.</strong></span> <span class='ocrx_word' id='word_1_462' title='bbox 964 4756 1070 4816; x_wconf 82' lang='lat' dir='ltr'><strong>Sed</strong></span> <span class='ocrx_word' id='word_1_463' title='bbox 1106 4756 1221 4842; x_wconf 64' lang='lat' dir='ltr'><strong>huic</strong></span> <span class='ocrx_word' id='word_1_464' title='bbox 1250 4756 1523 4842; x_wconf 70' lang='lat' dir='ltr'><strong>scriptura</strong></span> <span class='ocrx_word' id='word_1_465' title='bbox 1559 4770 1796 4842; x_wconf 87' lang='lat' dir='ltr'><strong>_minime</strong></span> <span class='ocrx_word' id='word_1_466' title='bbox 1836 4756 2036 4842; x_wconf 72' lang='lat' dir='ltr'><strong>proha-</strong></span> 
     </span>
    </p>
   </div>
   <div class='ocr_carea' id='block_1_68' title="bbox 464 4824 2035 4907">
    <p class='ocr_par' dir='ltr' id='par_1_68' title="bbox 464 4824 2035 4907">
     <span class='ocr_line' id='line_1_68' title="bbox 464 4824 2035 4907; baseline 0.013 -30"><span class='ocrx_word' id='word_1_467' title='bbox 464 4824 610 4907; x_wconf 77' lang='lat' dir='ltr'><strong>bilis.</strong></span> <span class='ocrx_word' id='word_1_468' title='bbox 649 4825 749 4907; x_wconf 71' lang='lat' dir='ltr'><strong>Vix</strong></span> <span class='ocrx_word' id='word_1_469' title='bbox 788 4824 1191 4907; x_wconf 68' lang='lat' dir='ltr'><strong>enim_gravius</strong></span> <span class='ocrx_word' id='word_1_470' title='bbox 1221 4824 1507 4904; x_wconf 71' lang='lat' dir='ltr'><strong>puniretur</strong></span> <span class='ocrx_word' id='word_1_471' title='bbox 1550 4824 2035 4907; x_wconf 45' lang='lat' dir='ltr'><strong>jusjurandrum&#39;li-</strong></span> 
     </span>
    </p>
   </div>
   <div class='ocr_carea' id='block_1_69' title="bbox 462 4895 2033 4980">
    <p class='ocr_par' dir='ltr' id='par_1_69' title="bbox 462 4895 2033 4980">
     <span class='ocr_line' id='line_1_69' title="bbox 462 4895 2033 4980; baseline 0.015 -33"><span class='ocrx_word' id='word_1_472' title='bbox 462 4895 591 4980; x_wconf 70' lang='lat' dir='ltr'><strong>bere</strong></span> <span class='ocrx_word' id='word_1_473' title='bbox 633 4906 687 4951; x_wconf 90' lang='lat' dir='ltr'><strong>et</strong></span> <span class='ocrx_word' id='word_1_474' title='bbox 728 4907 921 4967; x_wconf 89' lang='lat' dir='ltr'><strong>sponte</strong></span> <span class='ocrx_word' id='word_1_475' title='bbox 954 4895 1271 4980; x_wconf 56' lang='lat' dir='ltr'><strong>infractum,</strong></span> <span class='ocrx_word' id='word_1_476' title='bbox 1305 4921 1469 4980; x_wconf 72' lang='lat' dir='ltr'><strong>quam</strong></span> <span class='ocrx_word' id='word_1_477' title='bbox 1499 4895 2033 4980; x_wconf 48' lang='lat' dir='ltr'><strong>vict-impressione</strong></span> 
     </span>
    </p>
   </div>
   <div class='ocr_carea' id='block_1_70' title="bbox 461 4966 2030 5049">
    <p class='ocr_par' dir='ltr' id='par_1_70' title="bbox 461 4966 2030 5049">
     <span class='ocr_line' id='line_1_70' title="bbox 461 4966 2030 5049; baseline 0.013 -32"><span class='ocrx_word' id='word_1_478' title='bbox 461 4966 887 5049; x_wconf 33' lang='lat' dir='ltr'><strong>violatumanec</strong></span> <span class='ocrx_word' id='word_1_479' title='bbox 940 4971 1087 5049; x_wconf 75' lang='lat' dir='ltr'><strong>aliud</strong></span> <span class='ocrx_word' id='word_1_480' title='bbox 1134 4966 1286 5049; x_wconf 75' lang='lat' dir='ltr'><strong>esset</strong></span> <span class='ocrx_word' id='word_1_481' title='bbox 1323 4966 1470 5030; x_wconf 79' lang='lat' dir='ltr'><strong>inter</strong></span> <span class='ocrx_word' id='word_1_482' title='bbox 1522 4966 1835 5049; x_wconf 78' lang='lat' dir='ltr'><strong>utrumque,</strong></span> <span class='ocrx_word' id='word_1_483' title='bbox 1867 4966 2030 5049; x_wconf 70' lang='lat' dir='ltr'><strong>quam</strong></span> 
     </span>
    </p>
   </div>
   <div class='ocr_carea' id='block_1_71' title="bbox 461 5036 2029 5120">
    <p class='ocr_par' dir='ltr' id='par_1_71' title="bbox 461 5036 2029 5120">
     <span class='ocr_line' id='line_1_71' title="bbox 461 5036 2029 5120; baseline 0.013 -33"><span class='ocrx_word' id='word_1_484' title='bbox 461 5036 625 5120; x_wconf 73' lang='lat' dir='ltr'><strong>unius</strong></span> <span class='ocrx_word' id='word_1_485' title='bbox 649 5037 792 5120; x_wconf 42' lang='lat' dir='ltr'><strong>anni.</strong></span> <span class='ocrx_word' id='word_1_486' title='bbox 813 5038 1128 5120; x_wconf 61' lang='lat' dir='ltr'><strong>discrimen.</strong></span> <span class='ocrx_word' id='word_1_487' title='bbox 1162 5040 1382 5120; x_wconf 61' lang='lat' dir='ltr'><strong>Legitur</strong></span> <span class='ocrx_word' id='word_1_488' title='bbox 1415 5049 1473 5098; x_wconf 87' lang='grc' dir='ltr'>ὲν</span> <span class='ocrx_word' id='word_1_489' title='bbox 1504 5036 1740 5120; x_wconf 75' lang='grc' dir='ltr'>πέμπτῴ</span> <span class='ocrx_word' id='word_1_490' title='bbox 1786 5036 1841 5105; x_wconf 76' lang='lat' dir='ltr'><strong>in</strong></span> <span class='ocrx_word' id='word_1_491' title='bbox 1884 5036 2029 5107; x_wconf 64' lang='lat' dir='ltr'><strong>Pan:</strong></span> 
     </span>
    </p>
   </div>
   <div class='ocr_carea' id='block_1_72' title="bbox 457 5105 2026 5179">
    <p class='ocr_par' dir='ltr' id='par_1_72' title="bbox 457 5105 2026 5179">
     <span class='ocr_line' id='line_1_72' title="bbox 457 5105 2026 5179; baseline 0.013 -21"><span class='ocrx_word' id='word_1_492' title='bbox 457 5105 652 5179; x_wconf 79' lang='lat' dir='ltr'><strong>dectis.</strong></span> <span class='ocrx_word' id='word_1_493' title='bbox 688 5106 794 5161; x_wconf 86' lang='lat' dir='ltr'><strong>Sed</strong></span> <span class='ocrx_word' id='word_1_494' title='bbox 857 5108 1146 5165; x_wconf 85' lang='lat' dir='ltr'><strong>Balsamon</strong></span> <span class='ocrx_word' id='word_1_495' title='bbox 1192 5105 1266 5168; x_wconf 71' lang='grc' dir='ltr'><strong>ρι’</strong></span> <span class='ocrx_word' id='word_1_496' title='bbox 1288 5112 1530 5172; x_wconf 79' lang='lat' dir='ltr'><strong>zonaras</strong></span> <span class='ocrx_word' id='word_1_497' title='bbox 1555 5105 1610 5171; x_wconf 69' lang='lat' dir='ltr'><strong>et</strong></span> <span class='ocrx_word' id='word_1_498' title='bbox 1636 5105 2026 5179; x_wconf 27' lang='lat' dir='ltr'><strong>Ar&#39;istenusﬁin</strong></span> 
     </span>
    </p>
   </div>
   <div class='ocr_carea' id='block_1_73' title="bbox 460 5176 2025 5254">
    <p class='ocr_par' dir='ltr' id='par_1_73' title="bbox 460 5176 2025 5254">
     <span class='ocr_line' id='line_1_73' title="bbox 460 5176 2025 5254; baseline 0.015 -28"><span class='ocrx_word' id='word_1_499' title='bbox 460 5176 578 5254; x_wconf 56' lang='lat' dir='ltr'><strong>suis</strong></span> <span class='ocrx_word' id='word_1_500' title='bbox 612 5178 1487 5254; x_wconf 76' lang='lat' dir='ltr'><strong>interpretationibusagnoscunt</strong></span> <span class='ocrx_word' id='word_1_501' title='bbox 1530 5189 1780 5244; x_wconf 90' lang='lat' dir='ltr'><strong>undecim</strong></span> <span class='ocrx_word' id='word_1_502' title='bbox 1830 5176 2025 5249; x_wconf 65' lang='lat' dir='ltr'><strong>annos.</strong></span> 
     </span>
    </p>
   </div>
   <div class='ocr_carea' id='block_1_74' title="bbox 456 5243 2025 5327">
    <p class='ocr_par' dir='ltr' id='par_1_74' title="bbox 456 5243 2025 5327">
     <span class='ocr_line' id='line_1_74' title="bbox 456 5243 2025 5327; baseline 0.013 -31"><span class='ocrx_word' id='word_1_503' title='bbox 456 5243 724 5327; x_wconf 66' lang='lat' dir='ltr'><strong>Praeterea</strong></span> <span class='ocrx_word' id='word_1_504' title='bbox 754 5243 950 5327; x_wconf 73' lang='lat' dir='ltr'><strong>decem</strong></span> <span class='ocrx_word' id='word_1_505' title='bbox 992 5253 1120 5305; x_wconf 90' lang='lat' dir='ltr'><strong>anni</strong></span> <span class='ocrx_word' id='word_1_506' title='bbox 1162 5243 1517 5327; x_wconf 54' lang='lat' dir='ltr'><strong>imvponuntur</strong></span> <span class='ocrx_word' id='word_1_507' title='bbox 1569 5243 1805 5327; x_wconf 85' lang='lat' dir='ltr'><strong>perjuris</strong></span> <span class='ocrx_word' id='word_1_508' title='bbox 1833 5243 2025 5317; x_wconf 63' lang='grc' dir='ltr'><strong>ἷὶῖἷεῖᾇ</strong></span> 
     </span>
    </p>
   </div>
   <div class='ocr_carea' id='block_1_75' title="bbox 456 5314 2023 5395">
    <p class='ocr_par' dir='ltr' id='par_1_75' title="bbox 456 5314 2023 5395">
     <span class='ocr_line' id='line_1_75' title="bbox 456 5314 2023 5395; baseline 0.012 -28"><span class='ocrx_word' id='word_1_509' title='bbox 456 5330 601 5395; x_wconf 71' lang='lat' dir='ltr'><strong>none</strong></span> <span class='ocrx_word' id='word_1_510' title='bbox 615 5314 703 5381; x_wconf 75' lang='grc'><strong>64,</strong></span> <span class='ocrx_word' id='word_1_511' title='bbox 722 5317 808 5370; x_wconf 91' lang='lat' dir='ltr'><strong>cui</strong></span> <span class='ocrx_word' id='word_1_512' title='bbox 822 5317 1041 5395; x_wconf 84' lang='lat' dir='ltr'><strong>quidem</strong></span> <span class='ocrx_word' id='word_1_513' title='bbox 1059 5314 1254 5395; x_wconf 76' lang='lat' dir='ltr'><strong>canoni</strong></span> <span class='ocrx_word' id='word_1_514' title='bbox 1276 5325 1455 5395; x_wconf 86' lang='lat' dir='ltr'><strong>aliqua</strong></span> <span class='ocrx_word' id='word_1_515' title='bbox 1477 5314 1691 5382; x_wconf 70' lang='lat' dir='ltr'><strong>videtur</strong></span> <span class='ocrx_word' id='word_1_516' title='bbox 1705 5314 2023 5387; x_wconf 35' lang='lat' dir='ltr'><strong>inesse—curn</strong></span> 
     </span>
    </p>
   </div>
   <div class='ocr_carea' id='block_1_76' title="bbox 456 5383 2024 5472">
    <p class='ocr_par' dir='ltr' id='par_1_76' title="bbox 456 5383 2024 5472">
     <span class='ocr_line' id='line_1_76' title="bbox 456 5383 2024 5472; baseline 0.013 -36"><span class='ocrx_word' id='word_1_517' title='bbox 456 5383 561 5464; x_wconf 68' lang='lat' dir='ltr'><strong>hoc</strong></span> <span class='ocrx_word' id='word_1_518' title='bbox 597 5383 929 5472; x_wconf 57' lang='lat' dir='ltr'><strong>octogesiiiio</strong></span> <span class='ocrx_word' id='word_1_519' title='bbox 983 5383 1635 5472; x_wconf 35' lang='lat' dir='ltr'><strong>secundm-discrepantia</strong></span> <span class='ocrx_word' id='word_1_520' title='bbox 1665 5417 1679 5466; x_wconf 92' lang='lat'><strong>;</strong></span> <span class='ocrx_word' id='word_1_521' title='bbox 1709 5383 2024 5472; x_wconf 58' lang='lat' dir='ltr'><strong>toi-tequid</strong></span> 
     </span>
    </p>
   </div>
   <div class='ocr_carea' id='block_1_77' title="bbox 454 5453 2025 5527">
    <p class='ocr_par' dir='ltr' id='par_1_77' title="bbox 454 5453 2025 5527">
     <span class='ocr_line' id='line_1_77' title="bbox 454 5453 2025 5527; baseline 0.014 -21"><span class='ocrx_word' id='word_1_522' title='bbox 454 5453 510 5506; x_wconf 92' lang='lat' dir='ltr'><strong>in</strong></span> <span class='ocrx_word' id='word_1_523' title='bbox 542 5453 903 5527; x_wconf 60' lang='lat' dir='ltr'><strong>priore&#39;nulla</strong></span> <span class='ocrx_word' id='word_1_524' title='bbox 940 5463 1196 5517; x_wconf 82' lang='lat' dir='ltr'><strong>statuitur</strong></span> <span class='ocrx_word' id='word_1_525' title='bbox 1223 5453 1506 5521; x_wconf 75' lang='lat' dir='ltr'><strong>distinctio</strong></span> <span class='ocrx_word' id='word_1_526' title='bbox 1543 5453 1722 5523; x_wconf 71' lang='lat' dir='ltr'><strong>coacti</strong></span> <span class='ocrx_word' id='word_1_527' title='bbox 1749 5453 2025 5527; x_wconf 42' lang='lat' dir='ltr'><strong>etvolju—n:</strong></span> 
     </span>
    </p>
   </div>
   <div class='ocr_carea' id='block_1_78' title="bbox 454 5524 856 5592">
    <p class='ocr_par' dir='ltr' id='par_1_78' title="bbox 454 5524 856 5592">
     <span class='ocr_line' id='line_1_78' title="bbox 454 5524 856 5592; baseline 0.012 -18"><span class='ocrx_word' id='word_1_528' title='bbox 454 5527 578 5575; x_wconf 88' lang='lat' dir='ltr'><strong>tarii</strong></span> <span class='ocrx_word' id='word_1_529' title='bbox 614 5524 856 5592; x_wconf 89' lang='lat' dir='ltr'><strong>perjurii.</strong></span> 
     </span>
    </p>
   </div>
   <div class='ocr_carea' id='block_1_79' title="bbox 525 5593 2022 5680">
    <p class='ocr_par' dir='ltr' id='par_1_79' title="bbox 525 5593 2022 5680">
     <span class='ocr_line' id='line_1_79' title="bbox 525 5593 2022 5680; baseline 0.015 -35"><span class='ocrx_word' id='word_1_530' title='bbox 525 5593 636 5663; x_wconf 79' lang='grc'>(56)</span> <span class='ocrx_word' id='word_1_531' title='bbox 666 5596 1059 5680; x_wconf 56' lang='grc' dir='ltr'>Φαρμααιῷν.</span> <span class='ocrx_word' id='word_1_532' title='bbox 1084 5601 1266 5672; x_wconf 84' lang='lat' dir='ltr'><strong>Longe</strong></span> <span class='ocrx_word' id='word_1_533' title='bbox 1284 5606 1391 5680; x_wconf 76' lang='lat' dir='ltr'><strong>alio</strong></span> <span class='ocrx_word' id='word_1_534' title='bbox 1413 5623 1574 5662; x_wconf 89' lang='lat' dir='ltr'><strong>sensu</strong></span> <span class='ocrx_word' id='word_1_535' title='bbox 1595 5620 1891 5680; x_wconf 85' lang='lat' dir='ltr'><strong>usurpatur</strong></span> <span class='ocrx_word' id='word_1_536' title='bbox 1916 5612 2022 5668; x_wconf 90' lang='lat' dir='ltr'><strong>hoc</strong></span> 
     </span>
    </p>
   </div>
   <div class='ocr_carea' id='block_1_80' title="bbox 452 5660 2019 5748">
    <p class='ocr_par' dir='ltr' id='par_1_80' title="bbox 452 5660 2019 5748">
     <span class='ocr_line' id='line_1_80' title="bbox 452 5660 2019 5748; baseline 0.015 -34"><span class='ocrx_word' id='word_1_537' title='bbox 452 5660 667 5744; x_wconf 35' lang='lat' dir='ltr'><strong>Ioc‘o&#39;en</strong></span> <span class='ocrx_word' id='word_1_538' title='bbox 717 5660 819 5745; x_wconf 40' lang='lat' dir='ltr'><strong>von</strong></span> <span class='ocrx_word' id='word_1_539' title='bbox 862 5682 924 5720; x_wconf 89' lang='lat' dir='ltr'><strong>ac</strong></span> <span class='ocrx_word' id='word_1_540' title='bbox 954 5670 1009 5723; x_wconf 92' lang='lat' dir='ltr'><strong>in</strong></span> <span class='ocrx_word' id='word_1_541' title='bbox 1041 5660 1253 5748; x_wconf 71' lang='lat' dir='ltr'><strong>canone</strong></span> <span class='ocrx_word' id='word_1_542' title='bbox 1299 5676 1397 5748; x_wconf 56' lang='grc' dir='ltr'>ϐξ,</span> <span class='ocrx_word' id='word_1_543' title='bbox 1424 5660 1622 5748; x_wconf 69' lang='lat' dir='ltr'><strong>inquo</strong></span> <span class='ocrx_word' id='word_1_544' title='bbox 1676 5660 1911 5736; x_wconf 58' lang='lat' dir='ltr'><strong>veirelica</strong></span> <span class='ocrx_word' id='word_1_545' title='bbox 1952 5684 2019 5738; x_wconf 89' lang='lat' dir='ltr'><strong>ad</strong></span> 
     </span>
    </p>
   </div>
   <div class='ocr_carea' id='block_1_81' title="bbox 454 5732 2176 5813">
    <p class='ocr_par' dir='ltr' id='par_1_81' title="bbox 454 5732 2176 5813">
     <span class='ocr_line' id='line_1_81' title="bbox 454 5732 2176 5813; baseline 0.013 -29"><span class='ocrx_word' id='word_1_546' title='bbox 454 5732 751 5802; x_wconf 80' lang='lat' dir='ltr'><strong>perniciem</strong></span> <span class='ocrx_word' id='word_1_547' title='bbox 786 5737 1002 5792; x_wconf 89' lang='lat' dir='ltr'><strong>inventa</strong></span> <span class='ocrx_word' id='word_1_548' title='bbox 1024 5742 1307 5813; x_wconf 80' lang='lat' dir='ltr'><strong>designat:</strong></span> <span class='ocrx_word' id='word_1_549' title='bbox 1350 5732 1437 5801; x_wconf 82' lang='lat' dir='ltr'><strong>hic</strong></span> <span class='ocrx_word' id='word_1_550' title='bbox 1476 5732 1654 5804; x_wconf 58' lang='lat' dir='ltr'><strong>alitem</strong></span> <span class='ocrx_word' id='word_1_551' title='bbox 1688 5732 1923 5807; x_wconf 65' lang='lat' dir='ltr'><strong>remedia</strong></span> <span class='ocrx_word' id='word_1_552' title='bbox 1951 5755 2018 5809; x_wconf 83' lang='lat' dir='ltr'><strong>ad</strong></span> <span class='ocrx_word' id='word_1_553' title='bbox 2120 5758 2176 5808; x_wconf 88' lang='lat' dir='ltr'><strong>et</strong></span> 
     </span>
    </p>
   </div>
   <div class='ocr_carea' id='block_1_82' title="bbox 2160 1887 3737 1966">
    <p class='ocr_par' dir='ltr' id='par_1_82' title="bbox 2160 1887 3737 1966">
     <span class='ocr_line' id='line_1_82' title="bbox 2160 1887 3737 1966; baseline 0.006 -27"><span class='ocrx_word' id='word_1_554' title='bbox 2160 1887 2285 1950; x_wconf 77' lang='grc' dir='ltr'>τοὺς</span> <span class='ocrx_word' id='word_1_555' title='bbox 2316 1889 2526 1942; x_wconf 79' lang='grc' dir='ltr'>ἑαυτῶν</span> <span class='ocrx_word' id='word_1_556' title='bbox 2554 1890 2738 1956; x_wconf 79' lang='grc' dir='ltr'>οἴκους</span> <span class='ocrx_word' id='word_1_557' title='bbox 2777 1892 2871 1945; x_wconf 80' lang='grc' dir='ltr'>ἐπὶ</span> <span class='ocrx_word' id='word_1_558' title='bbox 2895 1893 3179 1963; x_wconf 86' lang='grc' dir='ltr'>ἀνευρέσει</span> <span class='ocrx_word' id='word_1_559' title='bbox 3204 1894 3578 1966; x_wconf 78' lang='grc' dir='ltr'>φαρμακειῶν</span> <span class='ocrx_word' id='word_1_560' title='bbox 3610 1894 3737 1961; x_wconf 77' lang='grc'><strong>(56),</strong></span> 
     </span>
    </p>
   </div>
   <div class='ocr_carea' id='block_1_83' title="bbox 2160 1978 3740 2057">
    <p class='ocr_par' dir='ltr' id='par_1_83' title="bbox 2160 1978 3740 2057">
     <span class='ocr_line' id='line_1_83' title="bbox 2160 1978 3740 2057; baseline 0.005 -26"><span class='ocrx_word' id='word_1_561' title='bbox 2160 1978 2256 2033; x_wconf 75' lang='grc' dir='ltr'>καὶ</span> <span class='ocrx_word' id='word_1_562' title='bbox 2288 1978 2573 2052; x_wconf 87' lang='grc' dir='ltr'>καθάρσει,</span> <span class='ocrx_word' id='word_1_563' title='bbox 2601 1982 2707 2035; x_wconf 78' lang='grc' dir='ltr'>ὑπὸ</span> <span class='ocrx_word' id='word_1_564' title='bbox 2727 1983 2822 2036; x_wconf 84' lang='grc' dir='ltr'><strong>τὸν</strong></span> <span class='ocrx_word' id='word_1_565' title='bbox 2870 1984 3072 2038; x_wconf 86' lang='grc' dir='ltr'>κανόνα</span> <span class='ocrx_word' id='word_1_566' title='bbox 3109 1986 3460 2040; x_wconf 76' lang='grc' dir='ltr'>πιπτέτωσαν</span> <span class='ocrx_word' id='word_1_567' title='bbox 3488 1986 3595 2057; x_wconf 79' lang='grc' dir='ltr'>τῆς</span> <span class='ocrx_word' id='word_1_568' title='bbox 3623 1986 3740 2050; x_wconf 74' lang='grc' dir='ltr'><strong>ἑξα-</strong></span> 
     </span>
    </p>
   </div>
   <div class='ocr_carea' id='block_1_84' title="bbox 2160 2068 3741 2151">
    <p class='ocr_par' dir='ltr' id='par_1_84' title="bbox 2160 2068 3741 2151">
     <span class='ocr_line' id='line_1_84' title="bbox 2160 2068 3741 2151; baseline 0.008 -31"><span class='ocrx_word' id='word_1_569' title='bbox 2160 2068 2330 2132; x_wconf 88' lang='grc' dir='ltr'>ετίας.</span> <span class='ocrx_word' id='word_1_570' title='bbox 2349 2070 2625 2125; x_wconf 82' lang='grc' dir='ltr'>Ἐνιαυτὸν</span> <span class='ocrx_word' id='word_1_571' title='bbox 2647 2074 3150 2144; x_wconf 84' lang='grc' dir='ltr'>προσκλαύσαντες,</span> <span class='ocrx_word' id='word_1_572' title='bbox 3167 2078 3264 2131; x_wconf 77' lang='grc' dir='ltr'><strong>καὶ</strong></span> <span class='ocrx_word' id='word_1_573' title='bbox 3283 2078 3533 2132; x_wconf 76' lang='grc' dir='ltr'>ἐνιαυτὸν</span> <span class='ocrx_word' id='word_1_574' title='bbox 3545 2080 3741 2151; x_wconf 84' lang='grc' dir='ltr'>ἀκροα-</span> 
     </span>
    </p>
   </div>
   <div class='ocr_carea' id='block_1_85' title="bbox 2162 2157 3741 2231">
    <p class='ocr_par' dir='ltr' id='par_1_85' title="bbox 2162 2157 3741 2231">
     <span class='ocr_line' id='line_1_85' title="bbox 2162 2157 3741 2231; baseline 0.009 -22"><span class='ocrx_word' id='word_1_575' title='bbox 2162 2157 2407 2228; x_wconf 89' lang='grc' dir='ltr'>σάμενοι,</span> <span class='ocrx_word' id='word_1_576' title='bbox 2439 2161 2534 2214; x_wconf 80' lang='grc' dir='ltr'>καὶ</span> <span class='ocrx_word' id='word_1_577' title='bbox 2566 2163 2624 2215; x_wconf 82' lang='grc' dir='ltr'>ὲν</span> <span class='ocrx_word' id='word_1_578' title='bbox 2656 2168 2705 2231; x_wconf 91' lang='grc' dir='ltr'>γ’</span> <span class='ocrx_word' id='word_1_579' title='bbox 2730 2162 2908 2218; x_wconf 80' lang='grc' dir='ltr'>ἔτεσιν</span> <span class='ocrx_word' id='word_1_580' title='bbox 2932 2166 3355 2231; x_wconf 85' lang='grc' dir='ltr'>ὑποπίπτοντες,</span> <span class='ocrx_word' id='word_1_581' title='bbox 3379 2171 3479 2223; x_wconf 78' lang='grc' dir='ltr'>καὶ</span> <span class='ocrx_word' id='word_1_582' title='bbox 3501 2168 3741 2223; x_wconf 74' lang='grc' dir='ltr'>ἐνιαυτὸν</span> 
     </span>
    </p>
   </div>
   <div class='ocr_carea' id='block_1_86' title="bbox 2162 2248 3455 2330">
    <p class='ocr_par' dir='ltr' id='par_1_86' title="bbox 2162 2248 3455 2330">
     <span class='ocr_line' id='line_1_86' title="bbox 2162 2248 3455 2330; baseline 0.009 -29"><span class='ocrx_word' id='word_1_583' title='bbox 2162 2248 2458 2314; x_wconf 82' lang='grc' dir='ltr'>συστάντες</span> <span class='ocrx_word' id='word_1_584' title='bbox 2489 2254 2606 2316; x_wconf 87' lang='grc' dir='ltr'>τοῖς</span> <span class='ocrx_word' id='word_1_585' title='bbox 2641 2257 2872 2319; x_wconf 85' lang='grc' dir='ltr'>πιστοῖς,</span> <span class='ocrx_word' id='word_1_586' title='bbox 2906 2255 3050 2310; x_wconf 75' lang='grc' dir='ltr'>οὕτω</span> <span class='ocrx_word' id='word_1_587' title='bbox 3081 2256 3455 2330; x_wconf 87' lang='grc' dir='ltr'>δεχθήτωσαν.</span> 
     </span>
    </p>
   </div>
   <div class='ocr_carea' id='block_1_87' title="bbox 2230 2340 3742 2423">
    <p class='ocr_par' dir='ltr' id='par_1_87' title="bbox 2230 2340 3742 2423">
     <span class='ocr_line' id='line_1_87' title="bbox 2230 2340 3742 2423; baseline 0.01 -32"><span class='ocrx_word' id='word_1_588' title='bbox 2230 2340 2353 2394; x_wconf 86' lang='grc' dir='ltr'><strong>ΠΔ’.</strong></span> <span class='ocrx_word' id='word_1_589' title='bbox 2390 2342 2575 2396; x_wconf 88' lang='grc' dir='ltr'>Πάντα</span> <span class='ocrx_word' id='word_1_590' title='bbox 2613 2343 2672 2397; x_wconf 82' lang='grc' dir='ltr'>δὲ</span> <span class='ocrx_word' id='word_1_591' title='bbox 2698 2344 2871 2399; x_wconf 90' lang='grc' dir='ltr'>ταῦτα</span> <span class='ocrx_word' id='word_1_592' title='bbox 2898 2347 3206 2421; x_wconf 80' lang='grc' dir='ltr'>γράφομεν,</span> <span class='ocrx_word' id='word_1_593' title='bbox 3250 2349 3395 2403; x_wconf 85' lang='grc' dir='ltr'>ὥστε</span> <span class='ocrx_word' id='word_1_594' title='bbox 3441 2351 3577 2416; x_wconf 77' lang='grc' dir='ltr'>τοὺς</span> <span class='ocrx_word' id='word_1_595' title='bbox 3607 2369 3742 2423; x_wconf 87' lang='grc' dir='ltr'>καρ-</span> 
     </span>
    </p>
   </div>
   <div class='ocr_carea' id='block_1_88' title="bbox 2158 2432 3742 2514">
    <p class='ocr_par' dir='ltr' id='par_1_88' title="bbox 2158 2432 3742 2514">
     <span class='ocr_line' id='line_1_88' title="bbox 2158 2432 3742 2514; baseline 0.008 -29"><span class='ocrx_word' id='word_1_596' title='bbox 2158 2433 2297 2497; x_wconf 76' lang='grc' dir='ltr'>ποὺς</span> <span class='ocrx_word' id='word_1_597' title='bbox 2335 2432 2728 2506; x_wconf 77' lang='grc' dir='ltr'>δοκιμάζεσθαι</span> <span class='ocrx_word' id='word_1_598' title='bbox 2761 2437 2863 2508; x_wconf 79' lang='grc' dir='ltr'>τῆς</span> <span class='ocrx_word' id='word_1_599' title='bbox 2914 2442 3225 2510; x_wconf 78' lang='grc' dir='ltr'>μετανοίας.</span> <span class='ocrx_word' id='word_1_600' title='bbox 3256 2443 3331 2494; x_wconf 80' lang='grc' dir='ltr'><strong>Οὐ</strong></span> <span class='ocrx_word' id='word_1_601' title='bbox 3372 2441 3487 2514; x_wconf 77' lang='grc' dir='ltr'>γὰρ</span> <span class='ocrx_word' id='word_1_602' title='bbox 3527 2444 3742 2508; x_wconf 83' lang='grc' dir='ltr'>πάντως</span> 
     </span>
    </p>
   </div>
   <div class='ocr_carea' id='block_1_89' title="bbox 2157 2524 3740 2604">
    <p class='ocr_par' dir='ltr' id='par_1_89' title="bbox 2157 2524 3740 2604">
     <span class='ocr_line' id='line_1_89' title="bbox 2157 2524 3740 2604; baseline 0.004 -26"><span class='ocrx_word' id='word_1_603' title='bbox 2157 2524 2237 2596; x_wconf 85' lang='grc' dir='ltr'>τῷ</span> <span class='ocrx_word' id='word_1_604' title='bbox 2269 2525 2444 2596; x_wconf 88' lang='grc' dir='ltr'>χρόνῳ</span> <span class='ocrx_word' id='word_1_605' title='bbox 2478 2527 2736 2599; x_wconf 88' lang='grc' dir='ltr'>κρίνομεν</span> <span class='ocrx_word' id='word_1_606' title='bbox 2764 2528 2835 2582; x_wconf 84' lang='grc' dir='ltr'>τὰ</span> <span class='ocrx_word' id='word_1_607' title='bbox 2869 2529 3119 2594; x_wconf 86' lang='grc' dir='ltr'>τοιαῦτα,</span> <span class='ocrx_word' id='word_1_608' title='bbox 3153 2531 3288 2586; x_wconf 83' lang='grc' dir='ltr'><strong>ἀλλά</strong></span> <span class='ocrx_word' id='word_1_609' title='bbox 3317 2533 3396 2604; x_wconf 82' lang='grc' dir='ltr'>τῷ</span> <span class='ocrx_word' id='word_1_610' title='bbox 3429 2533 3622 2604; x_wconf 79' lang='grc' dir='ltr'>τρόπῳ</span> <span class='ocrx_word' id='word_1_611' title='bbox 3650 2533 3740 2603; x_wconf 69' lang='grc' dir='ltr'>τῆς</span> 
     </span>
    </p>
   </div>
   <div class='ocr_carea' id='block_1_90' title="bbox 2160 2617 3739 2692">
    <p class='ocr_par' dir='ltr' id='par_1_90' title="bbox 2160 2617 3739 2692">
     <span class='ocr_line' id='line_1_90' title="bbox 2160 2617 3739 2692; baseline 0.009 -24"><span class='ocrx_word' id='word_1_612' title='bbox 2160 2617 2451 2687; x_wconf 81' lang='grc' dir='ltr'>μετανοίας</span> <span class='ocrx_word' id='word_1_613' title='bbox 2523 2620 2890 2692; x_wconf 85' lang='grc' dir='ltr'>προσέχομεν.</span> <span class='ocrx_word' id='word_1_614' title='bbox 2954 2623 3081 2678; x_wconf 83' lang='grc' dir='ltr'><strong>Ἐὰν</strong></span> <span class='ocrx_word' id='word_1_615' title='bbox 3153 2625 3212 2678; x_wconf 79' lang='grc' dir='ltr'><strong>δὲ</strong></span> <span class='ocrx_word' id='word_1_616' title='bbox 3271 2625 3739 2691; x_wconf 81' lang='grc' dir='ltr'>δυσαποσπάστως</span> 
     </span>
    </p>
   </div>
   <div class='ocr_carea' id='block_1_91' title="bbox 2157 2707 3740 2790">
    <p class='ocr_par' dir='ltr' id='par_1_91' title="bbox 2157 2707 3740 2790">
     <span class='ocr_line' id='line_1_91' title="bbox 2157 2707 3740 2790; baseline 0.007 -30"><span class='ocrx_word' id='word_1_617' title='bbox 2157 2707 2322 2778; x_wconf 77' lang='grc' dir='ltr'>ἔχωσι</span> <span class='ocrx_word' id='word_1_618' title='bbox 2347 2708 2456 2762; x_wconf 80' lang='grc' dir='ltr'><strong>τῶν</strong></span> <span class='ocrx_word' id='word_1_619' title='bbox 2488 2709 2633 2764; x_wconf 79' lang='grc' dir='ltr'>ἰδίων</span> <span class='ocrx_word' id='word_1_620' title='bbox 2659 2711 2821 2777; x_wconf 77' lang='grc' dir='ltr'>ἐθῶν,</span> <span class='ocrx_word' id='word_1_621' title='bbox 2862 2715 2959 2768; x_wconf 77' lang='grc' dir='ltr'>καὶ</span> <span class='ocrx_word' id='word_1_622' title='bbox 2986 2717 3109 2780; x_wconf 87' lang='grc' dir='ltr'>ταῖς</span> <span class='ocrx_word' id='word_1_623' title='bbox 3137 2716 3357 2786; x_wconf 82' lang='grc' dir='ltr'>ἡδοναῖς</span> <span class='ocrx_word' id='word_1_624' title='bbox 3397 2718 3502 2789; x_wconf 82' lang='grc' dir='ltr'>τῆς</span> <span class='ocrx_word' id='word_1_625' title='bbox 3544 2718 3740 2790; x_wconf 77' lang='grc' dir='ltr'>σαρκὸς</span> 
     </span>
    </p>
   </div>
   <div class='ocr_carea' id='block_1_92' title="bbox 2159 2800 3739 2881">
    <p class='ocr_par' dir='ltr' id='par_1_92' title="bbox 2159 2800 3739 2881">
     <span class='ocr_line' id='line_1_92' title="bbox 2159 2800 3739 2881; baseline 0.015 -30"><span class='ocrx_word' id='word_1_626' title='bbox 2159 2800 2360 2870; x_wconf 84' lang='grc' dir='ltr'>μᾶλλον</span> <span class='ocrx_word' id='word_1_627' title='bbox 2405 2803 2678 2858; x_wconf 82' lang='grc' dir='ltr'>δουλεύειν</span> <span class='ocrx_word' id='word_1_628' title='bbox 2721 2804 2948 2861; x_wconf 83' lang='grc' dir='ltr'>θέλωσιν</span> <span class='ocrx_word' id='word_1_629' title='bbox 3004 2808 3039 2879; x_wconf 76' lang='grc' dir='ltr'>ἢ</span> <span class='ocrx_word' id='word_1_630' title='bbox 3086 2807 3166 2879; x_wconf 82' lang='grc' dir='ltr'><strong>τῷ</strong></span> <span class='ocrx_word' id='word_1_631' title='bbox 3208 2810 3439 2881; x_wconf 80' lang='grc' dir='ltr'>Κυρίῳ,</span> <span class='ocrx_word' id='word_1_632' title='bbox 3496 2812 3595 2864; x_wconf 79' lang='grc' dir='ltr'><strong>καὶ</strong></span> <span class='ocrx_word' id='word_1_633' title='bbox 3650 2810 3739 2881; x_wconf 72' lang='grc' dir='ltr'>τὴν</span> 
     </span>
    </p>
   </div>
   <div class='ocr_carea' id='block_1_93' title="bbox 2156 2893 3738 2971">
    <p class='ocr_par' dir='ltr' id='par_1_93' title="bbox 2156 2893 3738 2971">
     <span class='ocr_line' id='line_1_93' title="bbox 2156 2893 3738 2971; baseline 0.006 -25"><span class='ocrx_word' id='word_1_634' title='bbox 2156 2893 2298 2947; x_wconf 86' lang='grc' dir='ltr'>κατὰ</span> <span class='ocrx_word' id='word_1_635' title='bbox 2334 2894 2395 2948; x_wconf 88' lang='grc' dir='ltr'><strong>τὸ</strong></span> <span class='ocrx_word' id='word_1_636' title='bbox 2424 2896 2758 2964; x_wconf 83' lang='grc' dir='ltr'>Εὑαγγέλιον</span> <span class='ocrx_word' id='word_1_637' title='bbox 2796 2897 2942 2970; x_wconf 81' lang='grc' dir='ltr'>ζωὴν</span> <span class='ocrx_word' id='word_1_638' title='bbox 2983 2900 3058 2971; x_wconf 85' lang='grc' dir='ltr'>μὴ</span> <span class='ocrx_word' id='word_1_639' title='bbox 3092 2900 3527 2971; x_wconf 80' lang='grc' dir='ltr'>καταδέχωνται,</span> <span class='ocrx_word' id='word_1_640' title='bbox 3567 2902 3738 2965; x_wconf 67' lang='grc' dir='ltr'>οὐδεὶς</span> 
     </span>
    </p>
   </div>
   <div class='ocr_carea' id='block_1_94' title="bbox 2155 2985 3738 3061">
    <p class='ocr_par' dir='ltr' id='par_1_94' title="bbox 2155 2985 3738 3061">
     <span class='ocr_line' id='line_1_94' title="bbox 2155 2985 3738 3061; baseline 0.002 -24"><span class='ocrx_word' id='word_1_641' title='bbox 2155 2985 2286 3056; x_wconf 81' lang='grc' dir='ltr'>ἡμῖν</span> <span class='ocrx_word' id='word_1_642' title='bbox 2327 2985 2464 3057; x_wconf 74' lang='grc' dir='ltr'>πρὸς</span> <span class='ocrx_word' id='word_1_643' title='bbox 2494 2987 2692 3050; x_wconf 75' lang='grc' dir='ltr'>αὐτοὺς</span> <span class='ocrx_word' id='word_1_644' title='bbox 2723 2986 2903 3051; x_wconf 73' lang='grc' dir='ltr'>κοινὸς</span> <span class='ocrx_word' id='word_1_645' title='bbox 2933 2988 3111 3056; x_wconf 90' lang='grc' dir='ltr'>λόγος.</span> <span class='ocrx_word' id='word_1_646' title='bbox 3151 2989 3347 3058; x_wconf 86' lang='grc' dir='ltr'>Ἡμεῖς</span> <span class='ocrx_word' id='word_1_647' title='bbox 3386 2989 3500 3061; x_wconf 80' lang='grc' dir='ltr'>γὰρ</span> <span class='ocrx_word' id='word_1_648' title='bbox 3538 2993 3598 3043; x_wconf 84' lang='grc' dir='ltr'>ὲν</span> <span class='ocrx_word' id='word_1_649' title='bbox 3632 2988 3738 3059; x_wconf 74' lang='grc' dir='ltr'><strong>λαῷ</strong></span> 
     </span>
    </p>
   </div>
   <div class='ocr_carea' id='block_1_95' title="bbox 2154 3076 3736 3151">
    <p class='ocr_par' dir='ltr' id='par_1_95' title="bbox 2154 3076 3736 3151">
     <span class='ocr_line' id='line_1_95' title="bbox 2154 3076 3736 3151; baseline 0.004 -23"><span class='ocrx_word' id='word_1_650' title='bbox 2154 3076 2370 3129; x_wconf 84' lang='grc' dir='ltr'>ἀπειθεῖ</span> <span class='ocrx_word' id='word_1_651' title='bbox 2407 3079 2504 3130; x_wconf 74' lang='grc' dir='ltr'>καὶ</span> <span class='ocrx_word' id='word_1_652' title='bbox 2553 3078 2891 3148; x_wconf 81' lang='grc' dir='ltr'>ἀντιλέγοντι</span> <span class='ocrx_word' id='word_1_653' title='bbox 2943 3080 3303 3151; x_wconf 87' lang='grc' dir='ltr'>δεδιδάγμεθα</span> <span class='ocrx_word' id='word_1_654' title='bbox 3352 3081 3617 3146; x_wconf 76' lang='grc' dir='ltr'>ἀκούειν,</span> <span class='ocrx_word' id='word_1_655' title='bbox 3662 3082 3736 3135; x_wconf 79' lang='grc' dir='ltr'>ὅτι</span> 
     </span>
    </p>
   </div>
   <div class='ocr_carea' id='block_1_96' title="bbox 2156 3164 3737 3244">
    <p class='ocr_par' dir='ltr' id='par_1_96' title="bbox 2156 3164 3737 3244">
     <span class='ocr_line' id='line_1_96' title="bbox 2156 3164 3737 3244; baseline 0.004 -24"><span class='ocrx_word' id='word_1_656' title='bbox 2156 3164 2360 3227; x_wconf 81' lang='grc' dir='ltr'>Σώζων</span> <span class='ocrx_word' id='word_1_657' title='bbox 2386 3166 2536 3229; x_wconf 79' lang='grc' dir='ltr'>σῶζε</span> <span class='ocrx_word' id='word_1_658' title='bbox 2557 3169 2675 3238; x_wconf 79' lang='grc' dir='ltr'>τὴν</span> <span class='ocrx_word' id='word_1_659' title='bbox 2704 3170 2966 3225; x_wconf 84' lang='grc' dir='ltr'>σεαυτοῦ</span> <span class='ocrx_word' id='word_1_660' title='bbox 2992 3171 3223 3241; x_wconf 75' lang='grc' dir='ltr'><strong>ψυχήν.</strong></span> <span class='ocrx_word' id='word_1_661' title='bbox 3248 3173 3340 3244; x_wconf 84' lang='grc' dir='ltr'><strong>Μὴ</strong></span> <span class='ocrx_word' id='word_1_662' title='bbox 3363 3173 3548 3226; x_wconf 84' lang='grc' dir='ltr'>τοίνυν</span> <span class='ocrx_word' id='word_1_663' title='bbox 3573 3190 3737 3227; x_wconf 79' lang='grc' dir='ltr'>κατα·</span> 
     </span>
    </p>
   </div>
   <div class='ocr_carea' id='block_1_97' title="bbox 2154 3255 3732 3335">
    <p class='ocr_par' dir='ltr' id='par_1_97' title="bbox 2154 3255 3732 3335">
     <span class='ocr_line' id='line_1_97' title="bbox 2154 3255 3732 3335; baseline 0.006 -26"><span class='ocrx_word' id='word_1_664' title='bbox 2154 3255 2431 3328; x_wconf 82' lang='grc' dir='ltr'>δεξώμεθα</span> <span class='ocrx_word' id='word_1_665' title='bbox 2463 3261 2897 3316; x_wconf 85' lang='grc' dir='ltr'>συναπόλλυσθαι</span> <span class='ocrx_word' id='word_1_666' title='bbox 2925 3265 3039 3327; x_wconf 84' lang='grc' dir='ltr'>τοῖς</span> <span class='ocrx_word' id='word_1_667' title='bbox 3077 3263 3365 3328; x_wconf 73' lang='grc' dir='ltr'>τοιούτοιςο</span> <span class='ocrx_word' id='word_1_668' title='bbox 3391 3263 3533 3320; x_wconf 83' lang='grc' dir='ltr'><strong>ἀλλά</strong></span> <span class='ocrx_word' id='word_1_669' title='bbox 3568 3265 3732 3335; x_wconf 74' lang='grc' dir='ltr'>φοϐη-</span> 
     </span>
    </p>
   </div>
   <div class='ocr_carea' id='block_1_98' title="bbox 2156 3348 3734 3429">
    <p class='ocr_par' dir='ltr' id='par_1_98' title="bbox 2156 3348 3734 3429">
     <span class='ocr_line' id='line_1_98' title="bbox 2156 3348 3734 3429; baseline 0.005 -27"><span class='ocrx_word' id='word_1_670' title='bbox 2156 3348 2341 3414; x_wconf 81' lang='grc' dir='ltr'>θέντες</span> <span class='ocrx_word' id='word_1_671' title='bbox 2371 3351 2434 3404; x_wconf 81' lang='grc' dir='ltr'><strong>τὸ</strong></span> <span class='ocrx_word' id='word_1_672' title='bbox 2460 3351 2599 3422; x_wconf 74' lang='grc' dir='ltr'>βαρὺ</span> <span class='ocrx_word' id='word_1_673' title='bbox 2634 3356 2831 3424; x_wconf 86' lang='grc' dir='ltr'>κρῖμα,</span> <span class='ocrx_word' id='word_1_674' title='bbox 2865 3354 2959 3408; x_wconf 81' lang='grc' dir='ltr'><strong>καὶ</strong></span> <span class='ocrx_word' id='word_1_675' title='bbox 2996 3353 3094 3426; x_wconf 82' lang='grc' dir='ltr'><strong>τὴν</strong></span> <span class='ocrx_word' id='word_1_676' title='bbox 3123 3355 3357 3426; x_wconf 75' lang='grc' dir='ltr'>φοϐερὰν</span> <span class='ocrx_word' id='word_1_677' title='bbox 3390 3357 3611 3429; x_wconf 83' lang='grc' dir='ltr'>ἡμέραν</span> <span class='ocrx_word' id='word_1_678' title='bbox 3642 3357 3734 3427; x_wconf 71' lang='grc' dir='ltr'>τῆς</span> 
     </span>
    </p>
   </div>
   <div class='ocr_carea' id='block_1_99' title="bbox 2155 3441 3734 3519">
    <p class='ocr_par' dir='ltr' id='par_1_99' title="bbox 2155 3441 3734 3519">
     <span class='ocr_line' id='line_1_99' title="bbox 2155 3441 3734 3519; baseline 0.003 -25"><span class='ocrx_word' id='word_1_679' title='bbox 2155 3441 2571 3508; x_wconf 88' lang='grc' dir='ltr'>ἀνταποδόσεως</span> <span class='ocrx_word' id='word_1_680' title='bbox 2589 3443 2683 3497; x_wconf 86' lang='grc' dir='ltr'><strong>τοῦ</strong></span> <span class='ocrx_word' id='word_1_681' title='bbox 2712 3445 2918 3518; x_wconf 84' lang='grc' dir='ltr'>Κυρίου</span> <span class='ocrx_word' id='word_1_682' title='bbox 2957 3446 3063 3518; x_wconf 79' lang='grc' dir='ltr'><strong>πρὸ</strong></span> <span class='ocrx_word' id='word_1_683' title='bbox 3095 3446 3205 3500; x_wconf 84' lang='grc' dir='ltr'><strong>τῶν</strong></span> <span class='ocrx_word' id='word_1_684' title='bbox 3227 3447 3525 3519; x_wconf 77' lang='grc' dir='ltr'>ὀφθαλμῶν</span> <span class='ocrx_word' id='word_1_685' title='bbox 3549 3448 3734 3501; x_wconf 75' lang='grc' dir='ltr'>λαϐόν-</span> 
     </span>
    </p>
   </div>
   <div class='ocr_carea' id='block_1_100' title="bbox 2152 3533 3732 3611">
    <p class='ocr_par' dir='ltr' id='par_1_100' title="bbox 2152 3533 3732 3611">
     <span class='ocr_line' id='line_1_100' title="bbox 2152 3533 3732 3611; baseline 0.005 -26"><span class='ocrx_word' id='word_1_686' title='bbox 2152 3549 2264 3597; x_wconf 85' lang='grc' dir='ltr'>τες,</span> <span class='ocrx_word' id='word_1_687' title='bbox 2304 3535 2379 3607; x_wconf 78' lang='grc' dir='ltr'>μὴ</span> <span class='ocrx_word' id='word_1_688' title='bbox 2414 3533 2731 3606; x_wconf 84' lang='grc' dir='ltr'>θελήσωμεν</span> <span class='ocrx_word' id='word_1_689' title='bbox 2767 3538 3068 3610; x_wconf 82' lang='grc' dir='ltr'>ἁμαρτίαις</span> <span class='ocrx_word' id='word_1_690' title='bbox 3114 3538 3425 3611; x_wconf 85' lang='grc' dir='ltr'>ἀλλοτρίαις</span> <span class='ocrx_word' id='word_1_691' title='bbox 3470 3540 3732 3594; x_wconf 82' lang='grc' dir='ltr'>συναπόλ-</span> 
     </span>
    </p>
   </div>
   <div class='ocr_carea' id='block_1_101' title="bbox 2153 3624 3729 3703">
    <p class='ocr_par' dir='ltr' id='par_1_101' title="bbox 2153 3624 3729 3703">
     <span class='ocr_line' id='line_1_101' title="bbox 2153 3624 3729 3703; baseline 0.006 -26"><span class='ocrx_word' id='word_1_692' title='bbox 2153 3624 2364 3680; x_wconf 89' lang='grc' dir='ltr'>λυσθαι.</span> <span class='ocrx_word' id='word_1_693' title='bbox 2390 3627 2452 3679; x_wconf 73' lang='lat' dir='ltr'><strong>Ei</strong></span> <span class='ocrx_word' id='word_1_694' title='bbox 2490 3626 2600 3699; x_wconf 86' lang='grc' dir='ltr'>γὰρ</span> <span class='ocrx_word' id='word_1_695' title='bbox 2635 3629 2710 3699; x_wconf 84' lang='grc' dir='ltr'>μὴ</span> <span class='ocrx_word' id='word_1_696' title='bbox 2745 3631 3061 3685; x_wconf 79' lang='grc' dir='ltr'>ἐπαίδευσεν</span> <span class='ocrx_word' id='word_1_697' title='bbox 3099 3632 3247 3702; x_wconf 81' lang='grc' dir='ltr'>ἡμᾶς</span> <span class='ocrx_word' id='word_1_698' title='bbox 3293 3632 3362 3685; x_wconf 80' lang='grc' dir='ltr'><strong>τά</strong></span> <span class='ocrx_word' id='word_1_699' title='bbox 3397 3632 3609 3703; x_wconf 77' lang='grc' dir='ltr'>φοϐερὰ</span> <span class='ocrx_word' id='word_1_700' title='bbox 3641 3631 3729 3686; x_wconf 76' lang='grc' dir='ltr'><strong>τοῦ</strong></span> 
     </span>
    </p>
   </div>
   <div class='ocr_carea' id='block_1_102' title="bbox 2152 3716 3730 3795">
    <p class='ocr_par' dir='ltr' id='par_1_102' title="bbox 2152 3716 3730 3795">
     <span class='ocr_line' id='line_1_102' title="bbox 2152 3716 3730 3795; baseline 0.006 -28"><span class='ocrx_word' id='word_1_701' title='bbox 2152 3716 2382 3787; x_wconf 84' lang='grc' dir='ltr'>Κυρίου,</span> <span class='ocrx_word' id='word_1_702' title='bbox 2413 3718 2545 3789; x_wconf 84' lang='grc' dir='ltr'>μηδὲ</span> <span class='ocrx_word' id='word_1_703' title='bbox 2598 3722 2653 3772; x_wconf 85' lang='grc' dir='ltr'>αἱ</span> <span class='ocrx_word' id='word_1_704' title='bbox 2707 3720 3037 3790; x_wconf 83' lang='grc' dir='ltr'>τηλικαῦται</span> <span class='ocrx_word' id='word_1_705' title='bbox 3092 3723 3299 3795; x_wconf 62' lang='grc' dir='ltr'><strong>πληγαὶ⁹</strong></span> <span class='ocrx_word' id='word_1_706' title='bbox 3346 3725 3430 3788; x_wconf 81' lang='grc' dir='ltr'><strong>είς</strong></span> <span class='ocrx_word' id='word_1_707' title='bbox 3482 3723 3730 3795; x_wconf 78' lang='grc' dir='ltr'>αἴσθησιν</span> 
     </span>
    </p>
   </div>
   <div class='ocr_carea' id='block_1_103' title="bbox 2152 3808 3729 3887">
    <p class='ocr_par' dir='ltr' id='par_1_103' title="bbox 2152 3808 3729 3887">
     <span class='ocr_line' id='line_1_103' title="bbox 2152 3808 3729 3887; baseline 0.004 -25"><span class='ocrx_word' id='word_1_708' title='bbox 2152 3808 2299 3878; x_wconf 81' lang='grc' dir='ltr'>ἡμᾶς</span> <span class='ocrx_word' id='word_1_709' title='bbox 2337 3809 2542 3880; x_wconf 76' lang='grc' dir='ltr'>ἤγαγον</span> <span class='ocrx_word' id='word_1_710' title='bbox 2569 3810 2701 3882; x_wconf 86' lang='grc'>(57),</span> <span class='ocrx_word' id='word_1_711' title='bbox 2728 3813 2808 3866; x_wconf 84' lang='grc' dir='ltr'>ὅτι</span> <span class='ocrx_word' id='word_1_712' title='bbox 2834 3813 2920 3866; x_wconf 80' lang='grc' dir='ltr'><strong>διὰ</strong></span> <span class='ocrx_word' id='word_1_713' title='bbox 2940 3815 3039 3885; x_wconf 83' lang='grc' dir='ltr'>τὴν</span> <span class='ocrx_word' id='word_1_714' title='bbox 3063 3816 3291 3886; x_wconf 78' lang='grc' dir='ltr'>ἀνομίαν</span> <span class='ocrx_word' id='word_1_715' title='bbox 3321 3817 3481 3887; x_wconf 80' lang='grc' dir='ltr'>ἡμῶν</span> <span class='ocrx_word' id='word_1_716' title='bbox 3504 3818 3729 3886; x_wconf 76' lang='grc' dir='ltr'>ἐγκατέ-</span> 
     </span>
    </p>
   </div>
   <div class='ocr_carea' id='block_1_104' title="bbox 2151 3896 3727 3980">
    <p class='ocr_par' dir='ltr' id='par_1_104' title="bbox 2151 3896 3727 3980">
     <span class='ocr_line' id='line_1_104' title="bbox 2151 3896 3727 3980; baseline 0.008 -31"><span class='ocrx_word' id='word_1_717' title='bbox 2151 3896 2306 3951; x_wconf 89' lang='grc' dir='ltr'>λιπεν</span> <span class='ocrx_word' id='word_1_718' title='bbox 2367 3900 2518 3970; x_wconf 80' lang='grc' dir='ltr'>ἡμᾶς</span> <span class='ocrx_word' id='word_1_719' title='bbox 2576 3903 2604 3953; x_wconf 87' lang='grc' dir='ltr'>ὁ</span> <span class='ocrx_word' id='word_1_720' title='bbox 2645 3901 2881 3974; x_wconf 83' lang='grc' dir='ltr'>Κύριος,</span> <span class='ocrx_word' id='word_1_721' title='bbox 2916 3904 3011 3958; x_wconf 82' lang='grc' dir='ltr'>καὶ</span> <span class='ocrx_word' id='word_1_722' title='bbox 3064 3906 3383 3978; x_wconf 81' lang='grc' dir='ltr'>παρέδωκεν</span> <span class='ocrx_word' id='word_1_723' title='bbox 3434 3909 3517 3972; x_wconf 81' lang='grc' dir='ltr'><strong>εἰς</strong></span> <span class='ocrx_word' id='word_1_724' title='bbox 3546 3912 3727 3980; x_wconf 79' lang='grc' dir='ltr'>χεῖρας</span> 
     </span>
    </p>
   </div>
   <div class='ocr_carea' id='block_1_105' title="bbox 2153 3985 3727 4066">
    <p class='ocr_par' dir='ltr' id='par_1_105' title="bbox 2153 3985 3727 4066">
     <span class='ocr_line' id='line_1_105' title="bbox 2153 3985 3727 4066; baseline 0.008 -26"><span class='ocrx_word' id='word_1_725' title='bbox 2153 3985 2469 4059; x_wconf 79' lang='grc' dir='ltr'>βαρϐάρων,</span> <span class='ocrx_word' id='word_1_726' title='bbox 2502 3990 2598 4044; x_wconf 72' lang='grc' dir='ltr'>καὶ</span> <span class='ocrx_word' id='word_1_727' title='bbox 2641 3992 2863 4065; x_wconf 85' lang='grc' dir='ltr'>ἀπήχθη</span> <span class='ocrx_word' id='word_1_728' title='bbox 2902 3996 3245 4066; x_wconf 73' lang='grc' dir='ltr'>αἰχμάλωτος</span> <span class='ocrx_word' id='word_1_729' title='bbox 3288 4000 3368 4061; x_wconf 80' lang='grc' dir='ltr'>εἰς</span> <span class='ocrx_word' id='word_1_730' title='bbox 3406 4000 3538 4064; x_wconf 75' lang='grc' dir='ltr'>τοὺς</span> <span class='ocrx_word' id='word_1_731' title='bbox 3582 3999 3727 4052; x_wconf 83' lang='grc' dir='ltr'>πολε-</span> 
     </span>
    </p>
   </div>
   <div class='ocr_carea' id='block_1_106' title="bbox 2153 4079 3724 4163">
    <p class='ocr_par' dir='ltr' id='par_1_106' title="bbox 2153 4079 3724 4163">
     <span class='ocr_line' id='line_1_106' title="bbox 2153 4079 3724 4163; baseline 0.01 -34"><span class='ocrx_word' id='word_1_732' title='bbox 2153 4079 2311 4148; x_wconf 85' lang='grc' dir='ltr'>μίους</span> <span class='ocrx_word' id='word_1_733' title='bbox 2333 4079 2362 4130; x_wconf 89' lang='grc' dir='ltr'>ὁ</span> <span class='ocrx_word' id='word_1_734' title='bbox 2381 4079 2530 4144; x_wconf 86' lang='grc' dir='ltr'>λαὸς,</span> <span class='ocrx_word' id='word_1_735' title='bbox 2555 4081 2650 4135; x_wconf 74' lang='grc' dir='ltr'>καὶ</span> <span class='ocrx_word' id='word_1_736' title='bbox 2678 4084 2951 4157; x_wconf 84' lang='grc' dir='ltr'>παρεδόθη</span> <span class='ocrx_word' id='word_1_737' title='bbox 2978 4089 3043 4157; x_wconf 85' lang='grc' dir='ltr'>τῇ</span> <span class='ocrx_word' id='word_1_738' title='bbox 3073 4087 3371 4163; x_wconf 71' lang='grc' dir='ltr'><strong>διασπορᾷι</strong></span> <span class='ocrx_word' id='word_1_739' title='bbox 3391 4089 3530 4143; x_wconf 83' lang='grc' dir='ltr'>διότι</span> <span class='ocrx_word' id='word_1_740' title='bbox 3561 4089 3724 4144; x_wconf 82' lang='grc' dir='ltr'>ταῦτα</span> 
     </span>
    </p>
   </div>
   <div class='ocr_carea' id='block_1_107' title="bbox 2150 4164 3722 4255">
    <p class='ocr_par' dir='ltr' id='par_1_107' title="bbox 2150 4164 3722 4255">
     <span class='ocr_line' id='line_1_107' title="bbox 2150 4164 3722 4255; baseline 0.011 -34"><span class='ocrx_word' id='word_1_741' title='bbox 2150 4169 2393 4241; x_wconf 78' lang='grc' dir='ltr'>ἐτόλμων</span> <span class='ocrx_word' id='word_1_742' title='bbox 2424 4174 2472 4225; x_wconf 80' lang='grc' dir='ltr'>οἱ</span> <span class='ocrx_word' id='word_1_743' title='bbox 2506 4172 2567 4226; x_wconf 84' lang='grc' dir='ltr'><strong>τὸ</strong></span> <span class='ocrx_word' id='word_1_744' title='bbox 2600 4174 2772 4246; x_wconf 78' lang='grc' dir='ltr'>ὄνομα</span> <span class='ocrx_word' id='word_1_745' title='bbox 2798 4177 2895 4230; x_wconf 90' lang='grc' dir='ltr'><strong>τοῦ</strong></span> <span class='ocrx_word' id='word_1_746' title='bbox 2938 4164 3174 4252; x_wconf 75' lang='grc' dir='ltr'>Χριστοῦ</span> <span class='ocrx_word' id='word_1_747' title='bbox 3211 4182 3635 4255; x_wconf 80' lang='grc' dir='ltr'>περιφέροντες·</span> <span class='ocrx_word' id='word_1_748' title='bbox 3677 4186 3722 4236; x_wconf 84' lang='grc' dir='ltr'>εἰ</span> 
     </span>
    </p>
   </div>
   <div class='ocr_carea' id='block_1_108' title="bbox 2152 4261 3721 4349">
    <p class='ocr_par' dir='ltr' id='par_1_108' title="bbox 2152 4261 3721 4349">
     <span class='ocr_line' id='line_1_108' title="bbox 2152 4261 3721 4349; baseline 0.007 -33"><span class='ocrx_word' id='word_1_749' title='bbox 2152 4261 2226 4333; x_wconf 84' lang='grc' dir='ltr'>μὴ</span> <span class='ocrx_word' id='word_1_750' title='bbox 2256 4263 2501 4333; x_wconf 82' lang='grc' dir='ltr'>ἔγνωσαν</span> <span class='ocrx_word' id='word_1_751' title='bbox 2529 4266 2661 4338; x_wconf 76' lang='grc'><strong>(58),</strong></span> <span class='ocrx_word' id='word_1_752' title='bbox 2690 4269 2827 4341; x_wconf 79' lang='grc' dir='ltr'>μηδὲ</span> <span class='ocrx_word' id='word_1_753' title='bbox 2858 4272 3119 4342; x_wconf 78' lang='grc' dir='ltr'>συνῆκαν,</span> <span class='ocrx_word' id='word_1_754' title='bbox 3149 4274 3233 4327; x_wconf 84' lang='grc' dir='ltr'><strong>ὅτι</strong></span> <span class='ocrx_word' id='word_1_755' title='bbox 3254 4274 3343 4328; x_wconf 81' lang='grc' dir='ltr'>διὰ</span> <span class='ocrx_word' id='word_1_756' title='bbox 3371 4274 3548 4330; x_wconf 83' lang='grc' dir='ltr'>ταῦτα</span> <span class='ocrx_word' id='word_1_757' title='bbox 3567 4273 3721 4349; x_wconf 79' lang='grc' dir='ltr'>ἦλθεν</span> 
     </span>
    </p>
   </div>
   <div class='ocr_carea' id='block_1_109' title="bbox 2148 4357 3720 4439">
    <p class='ocr_par' dir='ltr' id='par_1_109' title="bbox 2148 4357 3720 4439">
     <span class='ocr_line' id='line_1_109' title="bbox 2148 4357 3720 4439; baseline 0.008 -31"><span class='ocrx_word' id='word_1_758' title='bbox 2148 4357 2234 4425; x_wconf 75' lang='grc' dir='ltr'><strong>ἐφ’</strong></span> <span class='ocrx_word' id='word_1_759' title='bbox 2268 4358 2417 4428; x_wconf 73' lang='grc' dir='ltr'>ἡμᾶς</span> <span class='ocrx_word' id='word_1_760' title='bbox 2461 4359 2494 4430; x_wconf 83' lang='grc' dir='ltr'>ἡ</span> <span class='ocrx_word' id='word_1_761' title='bbox 2550 4361 2689 4432; x_wconf 85' lang='grc' dir='ltr'>ὀργὴ</span> <span class='ocrx_word' id='word_1_762' title='bbox 2736 4362 2832 4415; x_wconf 89' lang='grc' dir='ltr'><strong>τοῦ</strong></span> <span class='ocrx_word' id='word_1_763' title='bbox 2871 4363 3037 4416; x_wconf 82' lang='grc' dir='ltr'>Θεοῦ·</span> <span class='ocrx_word' id='word_1_764' title='bbox 3063 4365 3149 4429; x_wconf 88' lang='grc' dir='ltr'><strong>τίς</strong></span> <span class='ocrx_word' id='word_1_765' title='bbox 3188 4367 3320 4437; x_wconf 80' lang='grc' dir='ltr'>ἡμῖν</span> <span class='ocrx_word' id='word_1_766' title='bbox 3354 4369 3536 4432; x_wconf 70' lang='grc' dir='ltr'>κοινὸς</span> <span class='ocrx_word' id='word_1_767' title='bbox 3592 4370 3720 4439; x_wconf 82' lang='grc' dir='ltr'>πρὸς</span> 
     </span>
    </p>
   </div>
   <div class='ocr_carea' id='block_1_110' title="bbox 2146 4446 3719 4528">
    <p class='ocr_par' dir='ltr' id='par_1_110' title="bbox 2146 4446 3719 4528">
     <span class='ocr_line' id='line_1_110' title="bbox 2146 4446 3719 4528; baseline 0.01 -31"><span class='ocrx_word' id='word_1_768' title='bbox 2146 4446 2371 4511; x_wconf 79' lang='grc' dir='ltr'>τούτους</span> <span class='ocrx_word' id='word_1_769' title='bbox 2412 4447 2604 4518; x_wconf 81' lang='grc' dir='ltr'>λόγος;</span> <span class='ocrx_word' id='word_1_770' title='bbox 2662 4450 2824 4506; x_wconf 82' lang='grc' dir='ltr'>Ἀλλὰ</span> <span class='ocrx_word' id='word_1_771' title='bbox 2873 4454 3343 4528; x_wconf 81' lang='grc' dir='ltr'>διαμαρτύρεσθαι</span> <span class='ocrx_word' id='word_1_772' title='bbox 3401 4461 3587 4524; x_wconf 76' lang='grc' dir='ltr'>αὐτοῖς</span> <span class='ocrx_word' id='word_1_773' title='bbox 3631 4462 3719 4513; x_wconf 79' lang='grc' dir='ltr'><strong>καὶ</strong></span> 
     </span>
    </p>
   </div>
   <div class='ocr_carea' id='block_1_111' title="bbox 2140 4631 3711 4703">
    <p class='ocr_par' dir='ltr' id='par_1_111' title="bbox 2140 4631 3711 4703">
     <span class='ocr_line' id='line_1_111' title="bbox 2140 4631 3711 4703; baseline 0.013 -20"><span class='ocrx_word' id='word_1_774' title='bbox 2140 4631 2363 4703; x_wconf 89' lang='lat' dir='ltr'><strong>morbos</strong></span> <span class='ocrx_word' id='word_1_775' title='bbox 2388 4636 2691 4702; x_wconf 87' lang='lat' dir='ltr'><strong>pellendos.</strong></span> <span class='ocrx_word' id='word_1_776' title='bbox 2723 4647 2784 4694; x_wconf 93' lang='lat' dir='ltr'><strong>ut</strong></span> <span class='ocrx_word' id='word_1_777' title='bbox 2815 4642 3110 4698; x_wconf 82' lang='lat' dir='ltr'><strong>observant</strong></span> <span class='ocrx_word' id='word_1_778' title='bbox 3135 4645 3427 4702; x_wconf 85' lang='lat' dir='ltr'><strong>Balsamnn</strong></span> <span class='ocrx_word' id='word_1_779' title='bbox 3461 4657 3516 4703; x_wconf 89' lang='lat' dir='ltr'><strong>et</strong></span> <span class='ocrx_word' id='word_1_780' title='bbox 3540 4650 3711 4703; x_wconf 85' lang='lat' dir='ltr'><strong>Zona-</strong></span> 
     </span>
    </p>
   </div>
   <div class='ocr_carea' id='block_1_112' title="bbox 2138 4702 3709 4788">
    <p class='ocr_par' dir='ltr' id='par_1_112' title="bbox 2138 4702 3709 4788">
     <span class='ocr_line' id='line_1_112' title="bbox 2138 4702 3709 4788; baseline 0.012 -35"><span class='ocrx_word' id='word_1_781' title='bbox 2138 4716 2250 4755; x_wconf 89' lang='lat' dir='ltr'><strong>ras.</strong></span> <span class='ocrx_word' id='word_1_782' title='bbox 2289 4702 2428 4784; x_wconf 74' lang='lat' dir='ltr'><strong>Hinc</strong></span> <span class='ocrx_word' id='word_1_783' title='bbox 2472 4708 2644 4762; x_wconf 88' lang='lat' dir='ltr'><strong>multo</strong></span> <span class='ocrx_word' id='word_1_784' title='bbox 2682 4710 2857 4788; x_wconf 75' lang='lat' dir='ltr'><strong>lenior</strong></span> <span class='ocrx_word' id='word_1_785' title='bbox 2887 4714 2956 4788; x_wconf 90' lang='lat' dir='ltr'><strong>in_</strong></span> <span class='ocrx_word' id='word_1_786' title='bbox 2986 4715 3088 4770; x_wconf 87' lang='lat' dir='ltr'><strong>hoc</strong></span> <span class='ocrx_word' id='word_1_787' title='bbox 3119 4732 3329 4788; x_wconf 82' lang='lat' dir='ltr'><strong>canone</strong></span> <span class='ocrx_word' id='word_1_788' title='bbox 3376 4702 3709 4788; x_wconf 67' lang='lat' dir='ltr'><strong>poenitentia.</strong></span> 
     </span>
    </p>
   </div>
   <div class='ocr_carea' id='block_1_113' title="bbox 2137 4774 3709 4853">
    <p class='ocr_par' dir='ltr' id='par_1_113' title="bbox 2137 4774 3709 4853">
     <span class='ocr_line' id='line_1_113' title="bbox 2137 4774 3709 4853; baseline 0.014 -31"><span class='ocrx_word' id='word_1_789' title='bbox 2137 4785 2300 4853; x_wconf 60' lang='lat' dir='ltr'><strong>quam</strong></span> <span class='ocrx_word' id='word_1_790' title='bbox 2353 4774 2807 4853; x_wconf 42' lang='lat' dir='ltr'><strong>iu_se3.agesimo</strong></span> <span class='ocrx_word' id='word_1_791' title='bbox 2865 4785 3079 4853; x_wconf 90' lang='lat' dir='ltr'><strong>quinto.</strong></span> <span class='ocrx_word' id='word_1_792' title='bbox 3135 4774 3498 4844; x_wconf 61' lang='lat' dir='ltr'><strong>Distincti&#39;one</strong></span> <span class='ocrx_word' id='word_1_793' title='bbox 3550 4774 3709 4845; x_wconf 75' lang='lat' dir='ltr'><strong>utitur</strong></span> 
     </span>
    </p>
   </div>
   <div class='ocr_carea' id='block_1_114' title="bbox 2137 4840 3709 4931">
    <p class='ocr_par' dir='ltr' id='par_1_114' title="bbox 2137 4840 3709 4931">
     <span class='ocr_line' id='line_1_114' title="bbox 2137 4840 3709 4931; baseline 0.01 -32"><span class='ocrx_word' id='word_1_794' title='bbox 2137 4840 2252 4931; x_wconf 31' lang='lat' dir='ltr'><strong>Sac</strong></span> <span class='ocrx_word' id='word_1_795' title='bbox 2261 4845 2507 4931; x_wconf 46' lang='lat' dir='ltr'><strong>retiarios</strong></span> <span class='ocrx_word' id='word_1_796' title='bbox 2523 4840 2801 4931; x_wconf 58' lang='lat' dir='ltr'><strong>Nyssenus</strong></span> <span class='ocrx_word' id='word_1_797' title='bbox 2820 4853 2873 4907; x_wconf 94' lang='lat' dir='ltr'><strong>in</strong></span> <span class='ocrx_word' id='word_1_798' title='bbox 2885 4840 3185 4931; x_wconf 58' lang='lat' dir='ltr'><strong>statuenda</strong></span> <span class='ocrx_word' id='word_1_799' title='bbox 3204 4840 3604 4931; x_wconf 50' lang='lat' dir='ltr'><strong>ini&#39;j‘iis&#39;péécaii</strong></span> 
     </span>
    </p>
   </div>
   <div class='ocr_carea' id='block_1_115' title="bbox 2135 4912 3707 4997">
    <p class='ocr_par' dir='ltr' id='par_1_115' title="bbox 2135 4912 3707 4997">
     <span class='ocr_line' id='line_1_115' title="bbox 2135 4912 3707 4997; baseline 0.013 -34"><span class='ocrx_word' id='word_1_800' title='bbox 2135 4912 2595 4997; x_wconf 42' lang='lat' dir='ltr'><strong>ni_tentia.&#39;Sanci&#39;t</strong></span> <span class='ocrx_word' id='word_1_801' title='bbox 2620 4921 2765 4974; x_wconf 89' lang='lat' dir='ltr'><strong>enim</strong></span> <span class='ocrx_word' id='word_1_802' title='bbox 2790 4939 3000 4980; x_wconf 87' lang='lat' dir='ltr'><strong>canone</strong></span> <span class='ocrx_word' id='word_1_803' title='bbox 3021 4926 3056 4979; x_wconf 83' lang='grc'><strong>5</strong></span> <span class='ocrx_word' id='word_1_804' title='bbox 3082 4936 3141 4979; x_wconf 91' lang='lat' dir='ltr'><strong>ut</strong></span> <span class='ocrx_word' id='word_1_805' title='bbox 3170 4912 3357 4997; x_wconf 54' lang='lat' dir='ltr'><strong>qui&#39;se</strong></span> <span class='ocrx_word' id='word_1_806' title='bbox 3386 4912 3707 4987; x_wconf 62' lang='lat' dir='ltr'><strong>convertunt</strong></span> 
     </span>
    </p>
   </div>
   <div class='ocr_carea' id='block_1_116' title="bbox 2134 4980 3703 5070">
    <p class='ocr_par' dir='ltr' id='par_1_116' title="bbox 2134 4980 3703 5070">
     <span class='ocr_line' id='line_1_116' title="bbox 2134 4980 3703 5070; baseline 0.015 -39"><span class='ocrx_word' id='word_1_807' title='bbox 2134 4980 2200 5033; x_wconf 88' lang='lat' dir='ltr'><strong>ad</strong></span> <span class='ocrx_word' id='word_1_808' title='bbox 2233 4985 2683 5070; x_wconf 71' lang='lat' dir='ltr'><strong>praastigiatores,</strong></span> <span class='ocrx_word' id='word_1_809' title='bbox 2717 5000 2811 5070; x_wconf 73' lang='lat' dir='ltr'><strong>aut</strong></span> <span class='ocrx_word' id='word_1_810' title='bbox 2838 5003 3011 5060; x_wconf 88' lang='lat' dir='ltr'><strong>vates,</strong></span> <span class='ocrx_word' id='word_1_811' title='bbox 3040 5004 3135 5070; x_wconf 75' lang='lat' dir='ltr'><strong>aut</strong></span> <span class='ocrx_word' id='word_1_812' title='bbox 3159 4980 3262 5053; x_wconf 66' lang='lat' dir='ltr'><strong>eos</strong></span> <span class='ocrx_word' id='word_1_813' title='bbox 3282 4980 3375 5070; x_wconf 78' lang='lat' dir='ltr'><strong>qui</strong></span> <span class='ocrx_word' id='word_1_814' title='bbox 3395 4980 3703 5055; x_wconf 61' lang='grc' dir='ltr'><strong>ἰῑεὲὴῖδέιὶὶὶῆ</strong></span> 
     </span>
    </p>
   </div>
   <div class='ocr_carea' id='block_1_117' title="bbox 2130 5054 3701 5129">
    <p class='ocr_par' dir='ltr' id='par_1_117' title="bbox 2130 5054 3701 5129">
     <span class='ocr_line' id='line_1_117' title="bbox 2130 5054 3701 5129; baseline 0.013 -27"><span class='ocrx_word' id='word_1_815' title='bbox 2130 5064 2296 5118; x_wconf 81' lang='lat' dir='ltr'><strong>Opera</strong></span> <span class='ocrx_word' id='word_1_816' title='bbox 2346 5054 2558 5129; x_wconf 74' lang='lat' dir='ltr'><strong>piacula</strong></span> <span class='ocrx_word' id='word_1_817' title='bbox 2601 5062 2849 5129; x_wconf 71' lang='lat' dir='ltr'><strong>quaedam</strong></span> <span class='ocrx_word' id='word_1_818' title='bbox 2897 5072 2952 5119; x_wconf 89' lang='lat' dir='ltr'><strong>et</strong></span> <span class='ocrx_word' id='word_1_819' title='bbox 2983 5054 3251 5122; x_wconf 86' lang='lat' dir='ltr'><strong>malorum</strong></span> <span class='ocrx_word' id='word_1_820' title='bbox 3290 5054 3701 5126; x_wconf 71' lang='lat' dir='ltr'><strong>avertendorum</strong></span> 
     </span>
    </p>
   </div>
   <div class='ocr_carea' id='block_1_118' title="bbox 2131 5126 3700 5208">
    <p class='ocr_par' dir='ltr' id='par_1_118' title="bbox 2131 5126 3700 5208">
     <span class='ocr_line' id='line_1_118' title="bbox 2131 5126 3700 5208; baseline 0.013 -36"><span class='ocrx_word' id='word_1_821' title='bbox 2131 5130 2303 5208; x_wconf 69' lang='lat' dir='ltr'><strong>artem</strong></span> <span class='ocrx_word' id='word_1_822' title='bbox 2341 5126 2682 5208; x_wconf 26' lang='lat' dir='ltr'><strong>Aprolilentur</strong></span> <span class='ocrx_word' id='word_1_823' title='bbox 2711 5170 2727 5193; x_wconf 89' lang='lat'><strong>,</strong></span> <span class='ocrx_word' id='word_1_824' title='bbox 2784 5133 2833 5208; x_wconf 85' lang='lat' dir='ltr'><strong>bi</strong></span> <span class='ocrx_word' id='word_1_825' title='bbox 2865 5135 2910 5189; x_wconf 86' lang='lat' dir='ltr'><strong>si</strong></span> <span class='ocrx_word' id='word_1_826' title='bbox 2939 5133 3060 5189; x_wconf 83' lang='lat' dir='ltr'><strong>ﬁdei</strong></span> <span class='ocrx_word' id='word_1_827' title='bbox 3114 5139 3378 5208; x_wconf 62' lang='lat' dir='ltr'><strong>neganda:</strong></span> <span class='ocrx_word' id='word_1_828' title='bbox 3405 5144 3635 5195; x_wconf 88' lang='lat' dir='ltr'><strong>consilio</strong></span> <span class='ocrx_word' id='word_1_829' title='bbox 3655 5141 3700 5193; x_wconf 85' lang='lat' dir='ltr'><strong>id</strong></span> 
     </span>
    </p>
   </div>
   <div class='ocr_carea' id='block_1_119' title="bbox 2131 5191 3694 5279">
    <p class='ocr_par' dir='ltr' id='par_1_119' title="bbox 2131 5191 3694 5279">
     <span class='ocr_line' id='line_1_119' title="bbox 2131 5191 3694 5279; baseline 0.016 -38"><span class='ocrx_word' id='word_1_830' title='bbox 2131 5191 2389 5279; x_wconf 26' lang='lat' dir='ltr'><strong>Iecerint’,</strong></span> <span class='ocrx_word' id='word_1_831' title='bbox 2439 5196 2643 5279; x_wconf 72' lang='lat' dir='ltr'><strong>iisdem</strong></span> <span class='ocrx_word' id='word_1_832' title='bbox 2693 5191 2869 5279; x_wconf 69' lang='lat' dir='ltr'><strong>pinnis</strong></span> <span class='ocrx_word' id='word_1_833' title='bbox 2904 5221 2969 5258; x_wconf 85' lang='lat' dir='ltr'><strong>ac</strong></span> <span class='ocrx_word' id='word_1_834' title='bbox 2999 5191 3694 5279; x_wconf 27' lang='lat' dir='ltr'><strong>aposta‘tw.siibjiei‘anturﬁ</strong></span> 
     </span>
    </p>
   </div>
   <div class='ocr_carea' id='block_1_120' title="bbox 2129 5269 3699 5344">
    <p class='ocr_par' dir='ltr' id='par_1_120' title="bbox 2129 5269 3699 5344">
     <span class='ocr_line' id='line_1_120' title="bbox 2129 5269 3699 5344; baseline 0.013 -31"><span class='ocrx_word' id='word_1_835' title='bbox 2129 5274 2214 5314; x_wconf 88' lang='lat' dir='ltr'><strong>sm</strong></span> <span class='ocrx_word' id='word_1_836' title='bbox 2268 5272 2449 5344; x_wconf 73' lang='lat' dir='ltr'><strong>autem</strong></span> <span class='ocrx_word' id='word_1_837' title='bbox 2495 5269 2821 5344; x_wconf 70' lang='lat' dir='ltr'><strong>gravissimo</strong></span> <span class='ocrx_word' id='word_1_838' title='bbox 2874 5269 3112 5344; x_wconf 73' lang='lat' dir='ltr'><strong>quodam</strong></span> <span class='ocrx_word' id='word_1_839' title='bbox 3163 5279 3356 5335; x_wconf 89' lang='lat' dir='ltr'><strong>dolore</strong></span> <span class='ocrx_word' id='word_1_840' title='bbox 3399 5269 3457 5335; x_wconf 61' lang='lat' dir='ltr'><strong>Et</strong></span> <span class='ocrx_word' id='word_1_841' title='bbox 3513 5269 3699 5336; x_wconf 80' lang='lat' dir='ltr'><strong>damno</strong></span> 
     </span>
    </p>
   </div>
   <div class='ocr_carea' id='block_1_121' title="bbox 2126 5332 3694 5421">
    <p class='ocr_par' dir='ltr' id='par_1_121' title="bbox 2126 5332 3694 5421">
     <span class='ocr_line' id='line_1_121' title="bbox 2126 5332 3694 5421; baseline 0.015 -39"><span class='ocrx_word' id='word_1_842' title='bbox 2126 5332 2396 5421; x_wconf 82' lang='lat' dir='ltr'><strong>perculsi.</strong></span> <span class='ocrx_word' id='word_1_843' title='bbox 2429 5332 2618 5421; x_wconf 56' lang='lat' dir='ltr'><strong>eodem</strong></span> <span class='ocrx_word' id='word_1_844' title='bbox 2644 5342 2806 5421; x_wconf 79' lang='lat' dir='ltr'><strong>modo</strong></span> <span class='ocrx_word' id='word_1_845' title='bbox 2848 5332 3172 5413; x_wconf 75' lang='lat' dir='ltr'><strong>puniantur,</strong></span> <span class='ocrx_word' id='word_1_846' title='bbox 3214 5365 3278 5404; x_wconf 89' lang='lat' dir='ltr'><strong>ac</strong></span> <span class='ocrx_word' id='word_1_847' title='bbox 3304 5332 3694 5421; x_wconf 27' lang='lat' dir='ltr'><strong>q&#39;ui‘tiornt—eutis</strong></span> 
     </span>
    </p>
   </div>
   <div class='ocr_carea' id='block_1_122' title="bbox 2127 5408 3081 5471">
    <p class='ocr_par' dir='ltr' id='par_1_122' title="bbox 2127 5408 3081 5471">
     <span class='ocr_line' id='line_1_122' title="bbox 2127 5408 3081 5471; baseline 0.02 -19"><span class='ocrx_word' id='word_1_848' title='bbox 2127 5410 2366 5468; x_wconf 88' lang='lat' dir='ltr'><strong>tempore</strong></span> <span class='ocrx_word' id='word_1_849' title='bbox 2386 5408 2749 5466; x_wconf 83' lang='lat' dir='ltr'><strong>confessionis</strong></span> <span class='ocrx_word' id='word_1_850' title='bbox 2775 5408 3081 5471; x_wconf 73' lang='lat' dir='ltr'><strong>cesserunt.</strong></span> 
     </span>
    </p>
   </div>
   <div class='ocr_carea' id='block_1_123' title="bbox 2197 5473 3689 5551">
    <p class='ocr_par' dir='ltr' id='par_1_123' title="bbox 2197 5473 3689 5551">
     <span class='ocr_line' id='line_1_123' title="bbox 2197 5473 3689 5551; baseline 0.009 -19"><span class='ocrx_word' id='word_1_851' title='bbox 2197 5473 2329 5551; x_wconf 50' lang='lat' dir='ltr'><strong>ﬂ_5_‘?)_</strong></span> <span class='ocrx_word' id='word_1_852' title='bbox 2348 5475 2629 5551; x_wconf 66' lang='lat' dir='ltr'><strong>&#39;Iira_ror.</strong></span> <span class='ocrx_word' id='word_1_853' title='bbox 2685 5480 2776 5537; x_wconf 89' lang='lat' dir='ltr'><strong>Sic</strong></span> <span class='ocrx_word' id='word_1_854' title='bbox 2822 5499 2956 5539; x_wconf 82' lang='lat' dir='ltr'><strong>mss.</strong></span> <span class='ocrx_word' id='word_1_855' title='bbox 2981 5487 3202 5545; x_wconf 89' lang='lat' dir='ltr'><strong>codices</strong></span> <span class='ocrx_word' id='word_1_856' title='bbox 3250 5492 3500 5549; x_wconf 88' lang='lat' dir='ltr'><strong>melioris</strong></span> <span class='ocrx_word' id='word_1_857' title='bbox 3545 5502 3689 5549; x_wconf 69' lang='lat' dir='ltr'><strong>noue.</strong></span> 
     </span>
    </p>
   </div>
   <div class='ocr_carea' id='block_1_124' title="bbox 2125 5537 3688 5664">
    <p class='ocr_par' dir='ltr' id='par_1_124' title="bbox 2125 5537 3688 5664">
     <span class='ocr_line' id='line_1_124' title="bbox 2125 5537 3688 5664; baseline 0.016 -72"><span class='ocrx_word' id='word_1_858' title='bbox 2125 5537 2267 5664; x_wconf 60' lang='grc' dir='ltr'>ξᾷάίιέ</span> <span class='ocrx_word' id='word_1_859' title='bbox 2291 5537 2455 5617; x_wconf 65' lang='grc' dir='ltr'>’ἦγονζ</span> <span class='ocrx_word' id='word_1_860' title='bbox 2487 5537 2773 5607; x_wconf 74' lang='lat' dir='ltr'><strong>Pandectte</strong></span> <span class='ocrx_word' id='word_1_861' title='bbox 2811 5537 2952 5608; x_wconf 63' lang='lat' dir='ltr'><strong>cuni</strong></span> <span class='ocrx_word' id='word_1_862' title='bbox 2979 5537 3688 5622; x_wconf 58' lang='lat' dir='ltr'><strong>edaiéiﬁué&quot;ixi§s&#39;.&quot;coii§éiil</strong></span> 
     </span>
     <span class='ocr_line' id='line_1_125' title="bbox 2149 5626 2285 5664; baseline 0.015 -2"><span class='ocrx_word' id='word_1_863' title='bbox 2149 5626 2239 5664; x_wconf 75' lang='lat' dir='ltr'><strong>tun</strong></span> <span class='ocrx_word' id='word_1_864' title='bbox 2272 5653 2285 5664; x_wconf 94' lang='lat'><strong>.</strong></span> 
     </span>
    </p>
   </div>
   <div class='ocr_carea' id='block_1_125' title="bbox 2125 5620 2285 5665">
    <p class='ocr_par' dir='ltr' id='par_1_125' title="bbox 2125 5620 2285 5665">
     <span class='ocr_line' id='line_1_126' title="bbox 2125 5620 2285 5665; baseline 0.019 -3"><span class='ocrx_word' id='word_1_865' title='bbox 2125 5620 2285 5665; x_wconf 88' lang='lat' dir='ltr'><strong>ttunt.</strong></span> 
     </span>
    </p>
   </div>
   <div class='ocr_carea' id='block_1_126' title="bbox 2196 5683 3687 5773">
    <p class='ocr_par' dir='ltr' id='par_1_126' title="bbox 2196 5683 3687 5773">
     <span class='ocr_line' id='line_1_127' title="bbox 2196 5683 3687 5773; baseline 0.019 -36"><span class='ocrx_word' id='word_1_866' title='bbox 2196 5683 2412 5773; x_wconf 30' lang='grc' dir='ltr'><strong>(ξβ-ῌξι</strong></span> <span class='ocrx_word' id='word_1_867' title='bbox 2440 5689 2527 5773; x_wconf 63' lang='grc' dir='ltr'>μὴ</span> <span class='ocrx_word' id='word_1_868' title='bbox 2557 5691 2852 5773; x_wconf 41' lang='lat' dir='ltr'><strong>{Tunicam</strong></span> <span class='ocrx_word' id='word_1_869' title='bbox 2897 5695 3443 5773; x_wconf 35' lang='lat' dir='ltr'><strong>‘Sic___antiquissimi</strong></span> <span class='ocrx_word' id='word_1_870' title='bbox 3486 5709 3687 5764; x_wconf 79' lang='lat' dir='ltr'><strong>codices</strong></span> 
     </span>
    </p>
   </div>
   <div class='ocr_carea' id='block_1_127' title="bbox 2229 5752 3682 5846">
    <p class='ocr_par' dir='ltr' id='par_1_127' title="bbox 2229 5752 3682 5846">
     <span class='ocr_line' id='line_1_128' title="bbox 2229 5752 3682 5846; baseline 0.019 -40"><span class='ocrx_word' id='word_1_871' title='bbox 2229 5752 2536 5817; x_wconf 49' lang='lat' dir='ltr'><strong>Pandec&#39;tae.</strong></span> <span class='ocrx_word' id='word_1_872' title='bbox 2571 5752 2851 5824; x_wconf 80' lang='lat' dir='ltr'><strong>Editiones</strong></span> <span class='ocrx_word' id='word_1_873' title='bbox 2896 5752 3682 5846; x_wconf 53' lang='lat' dir='ltr'><strong>Basiliife&#39;t‘itii&#39;éSJeyEéiii</strong></span> 
     </span>
    </p>
   </div>
  </div>
