3900 6208
235 286 346 341 $209

1121 282 1608 340 EPISTOLARUM
1640 282 1926 343 CLASSIS
1962 286 2026 344 ll.
2066 289 2285 348 EPIST.
2327 292 2606 350 CCXVIII.

3382 301 3488 358 810

232 403 432 467 νυκτὸς
460 403 557 457 καὶ
583 402 821 477 ἡμέρας,
848 401 944 455 καὶ
965 399 1201 476 δημοσίᾳ
1230 405 1325 457 καὶ
1358 404 1466 477 ἰδίᾳ
1493 405 1783 477 ὀφείλομεν
1800 423 1814 437 ·

1926 410 2096 482 abripi
2122 428 2313 469 eorum
2346 415 2818 486 improbitatibus,
2842 432 2912 474 ne
2947 416 3209 483 teramus,
3247 422 3489 480 maxime

234 494 653 564 συναπάγεσθαι
696 495 755 550 δὲ
802 493 981 549 αὐτῶν
1023 496 1145 559 ταῖς
1179 497 1469 568 ωνηρῖαις
1520 496 1596 569 μὴ
1645 513 1817 551 κατα-

230 583 544 654 δεχώμεθα,
573 586 997 658 προσευχόμενοι
1027 586 1259 661 μάλιστα
1296 588 1395 659 μὲν
1420 588 1681 661 κερδῆσαι
1726 590 1819 643 αύ-

231 676 366 739 τοὺς
401 676 498 731 καὶ
545 660 821 743 ἐξελέσθαι
864 678 964 748 τῆς
1012 659 1242 748 παγίδος
1285 679 1381 734 τοῦ
1410 659 1676 753 πονηροῦ·
1721 680 1817 734 ἐὰν

232 766 295 819 δὲ
355 768 515 823 τοῦτο
561 771 637 841 μὴ
682 768 1000 842 δυνηθῶμεν
1023 812 1038 836 ,
1099 771 1493 843 σπουδάσωμεν
1540 772 1639 836 τὰς
1686 770 1818 841 γοῦν

232 858 452 912 ἑαυτῶν
501 860 680 933 ψυχὰς
735 865 837 934 τῆς
885 861 1107 917 αἰωνίου
1156 865 1538 935 κατακρίσεως
1589 863 1819 938 περισώ-

238 948 459 1007 σασθαι.

765 1110 1113 1166 ΕΠΙΣΤΟΛΗ
1149 1112 1295 1167 Σ1Η’.

1924 502 2145 568 quidem
2177 513 2433 576 optantes
2464 521 2561 562 eos
2607 508 2968 577 lucrifacere,
2997 517 3052 566 et
3089 526 3118 566 a
3148 511 3369 583 maligni
3416 515 3490 569 la-

1924 607 2066 663 queo
2098 594 2351 664 eripere;
2402 595 2498 652 sed
2547 596 2592 652 si
2624 598 2729 653 hoc
2777 615 2883 654 non
2912 614 3208 671 possumus
3231 640 3245 665 ,
3278 601 3492 657 studeao

1924 699 2047 740 mus
2075 686 2266 742 saltem
2310 690 2521 744 animas
2556 700 2775 747 nostras
2824 692 2893 747 ab
2930 701 3132 748 aeterna
3162 695 3488 749 condemna-

1924 777 2072 834 tione
2097 794 2338 836 servare.

2276 1106 2433 1180 331
2470 1105 2805 1162 EPISTOLA
2836 1107 3129 1165 CCXVIII’.

239 1219 474 1297 Basilius,
498 1220 664 1297 paucis
691 1221 761 1297 de.
774 1221 959 1297 Alliam:
981 1223 1168 1297 negotio
1187 1231 1234 1277 et
1254 1226 1315 1278 de
1331 1238 1425 1297 suo
1444 1225 1675 1297 post-iter
1698 1220 1956 1276 Ponticum
1975 1221 2143 1297 morbo
2161 1219 2451 1297 prtemissis,
2472 1219 2875 1297 Admpltliloc’hiunt
2893 1230 3056 1297 rogat,
3077 1230 3131 1297 ut
3142 1225 3485 1297 .episcororunt

302 1283 621 1394 Lyciajttas
641 1283 868 1356 audierat
907 1288 969 1336 ab
1008 1283 1299 1358 [signorum
1323 1286 1345 1358 ς

302 1340 450 1394 υτοὸο
523 1358 634 1394 tauo
655 1359 763 1394 mro
789 1360 842 1394 tn
865 1347 986 1394 Imm
1013 1362 1257 1394 remonem
1278 1363 1344 1394 rm

301 1340 450 1408 υἱοὸο
471 1340 634 1409 aliquo
655 1346 763 1397 viro
789 1345 842 1397 in
865 1347 986 1398 hanc
1013 1347 1257 1415 regionem
1278 1347 1443 1401 misso.

533 1473 912 1542 Ἀμφιλογίω.
947 1475 1256 1530 ἐπισκόπω
1286 1476 1550 1531 Ἰκονίου.

311 1606 424 1678 Τὴν
456 1607 553 1677 μὲν
587 1609 795 1678 χρείαν,
831 1602 900 1679 ἧς
943 1608 1128 1662 ἕνεκεν
1160 1611 1494 1681 παρεγένετο
1532 1610 1562 1664 ὁ
1591 1608 1819 1681 ἀδελφὸς

599 1297 621 1334 s
641 1283 884 1351 audierat
907 1288 969 1336 ab
1008 1280 1299 1351 [signorum
1323 1280 1499 1351 (rwrési
1522 1285 1705 1339 alienos
1725 1300 1846 1348 esse,
1883 1297 1942 1334 ac
1964 1296 2102 1334 suam
2122 1280 2503 1334 communionem
2523 1280 2745 1339 amplecti
2781 1283 2915 1345 velle,
2952 1280 3232 1337 menum
3251 1280 3484 1351 exploret,

2269 1471 2651 1542 Amphilochia,
2682 1471 2852 1526 Iconii
2874 1472 3134 1540 episcopo.

1991 1607 2128 1663 Illud
2162 1607 2379 1678 quidem
2413 1607 2716 1678 negotium,
2746 1607 2906 1677 cujus
2933 1622 3101 1664 causa
3136 1617 3358 1665 venerat
3382 1609 3490 1665 1⁵η-

234 1696 513 1759 Αἰλιανὸς,
565 1694 928 1768 κατώρθωσεν
976 1698 1062 1766 ἐφ’
1107 1697 1335 1760 ἑαυτοῦ,
1379 1699 1635 1769 οὐδεμιᾶς
1687 1700 1817 1770 παρ’

1928 1707 2021 1781 ter‘
2042 1697 2330 1764 Elianus,
2373 1699 2488 1768 ipse
2512 1714 2609 1768 per
2643 1714 2703 1754 se
2734 1699 2997 1765 coniecit,
3028 1716 3129 1755 nec
3160 1701 3268 1754 ulla
3299 1711 3485 1758 nostra

235 1789 399 1858 ἡμῶν
430 1788 714 1860 συνεργίας
757 1788 1139 1860 προσδεηθείς·
1166 1792 1299 1861 ἡμῖν
1336 1790 1392 1843 δὲ
1429 1790 1620 1862 διπλῆν
1654 1792 1820 1846 ἔδωκε

233 1880 422 1949 χάριν,
465 1879 696 1949 κομίσας
741 1897 799 1933 τε
847 1880 1148 1953 γράμματα
1192 1883 1292 1953 τῆς
1342 1883 1443 1952 σῆς
1491 1882 1818 1946 θεοσεϐείας,

234 1971 337 2023 καὶ
361 1971 612 2043 ἀφορμὴν
633 1972 739 2026 τῶν
770 1973 905 2044 πρὸς
938 1974 995 2027 σὲ
1019 1975 1363 2045 γραμμάτων
1395 1976 1524 2044 ἡμῖν
1552 1976 1823 2047 παρασχό-

237 2081 425 2135 μενος.
459 2063 570 2117 Καὶ
598 2063 1074 2136 προσαγορεύομεν
1120 2061 1214 2119 οὖν
1255 2064 1322 2118 δι’
1348 2064 1515 2118 αὐτοῦ
1555 2066 1653 2137 τὴν
1687 2065 1819 2136 ἁλη-

235 2154 397 2226 θινήν
431 2172 525 2208 σου
556 2156 648 2209 καὶ
675 2156 949 2227 ἀμίμητον
986 2157 1206 2228 άγάπην
1227 2174 1241 2189 ο
1270 2158 1364 2212 καὶ
1400 2158 1822 2231 παρακαλοῦμεν

234 2245 637 2319 προσεύχεσθαι
671 2249 797 2321 περὶ
840 2250 1017 2320 ἡμῶν,
1058 2251 1174 2318 νῦν,
1220 2252 1379 2324 εἴπερ
1412 2252 1576 2317 ποτὲ,
1612 2252 1712 2323 τῆς
1757 2253 1822 2306 ὲκ

234 2336 351 2391 τῶν
381 2337 697 2410 προσευχῶν
734 2356 827 2392 σου
868 2339 1120 2412 βοηθείας
1155 2341 1583 2413 προσδεομένων.
1611 2342 1684 2395 Τὸ
1712 2341 1823 2412 γὰρ

235 2426 407 2499 σῶμά
430 2445 552 2499 μου,
571 2431 636 2483 ὲκ
658 2432 756 2502 τῆς
783 2429 903 2484 ὁδοῦ
923 2432 1020 2503 τῆς
1049 2433 1143 2487 ἐπὶ
1164 2432 1258 2487 τὸν
1286 2434 1486 2489 Πόντον
1515 2434 1819 2506 συντριὸὲν,

232 2519 349 2573 ὗπὺ
400 2520 710 2592 ἀρρωστίας
754 2522 1037 2594 συνέχεται
1075 2525 1177 2579 οὐκ
1220 2527 1483 2590 ἀνεκτῶς.
1525 2526 1730 2580 Ἐκεῖνο
1763 2525 1821 2580 δὲ

234 2612 338 2666 καί
370 2612 536 2666 πάλαι
566 2612 867 2687 ἐϐουλόμην
901 2616 1174 2689 γνώριμον
1223 2618 1444 2690 ποιῆσαι
1478 2621 1543 2691 τῇ
1590 2621 1655 2691 σῇ
1693 2637 1821 2674 συν-

232 2701 355 2754 έσει
401 2702 519 2772 (οὐχ
559 2703 636 2766 ὡς
681 2705 790 2774 (591
834 2707 924 2760 ὑπ’
970 2706 1137 2779 ἄλλης
1185 2709 1601 2782 προηγουμένης
1642 2710 1821 2776 αἰτίας

235 2789 615 2869 διακρουσθεὶς
645 2791 996 2864 ἐξελαθόμην)
1017 2812 1030 2825 ·
1071 2795 1164 2849 νῦν
1198 2796 1254 2849 δὲ
1288 2798 1710 2869 ὑπομιμνῄσκω,
1735 2800 1821 2854 ἵνα

236 2865 585 2951 καταξιώσῃς
614 2882 780 2954 ἄνδρα
810 2885 1091 2939 σπουδαῖον
1122 2886 1331 2956 πέμψαι
1363 2865 1441 2950 είς
1468 2865 1569 2957 τὴν.
1593 2889 1819 2954 Λυκίαν,

238 2969 709 3040 κατασκέψασθαι,
759 2974 902 3038 τίνες
940 2976 1076 3028 εἰσὶν
1126 2977 1176 3028 οί
1226 2976 1325 3046 τῆς
1359 2976 1525 3047 ὀρθῆς
1565 2977 1817 3042 πίστεως.

1921 1805 2024 1860 cpe
2060 1790 2313 1860 indiguit.
2374 1789 2652 1859 Dupliccm
2705 1799 2887 1844 autem
2930 1804 2961 1842 a
2997 1790 3157 1846 nobis
3206 1790 3327 1847 iniit
3363 1807 3487 1863 gra-

1926 1882 2082 1944 tiam,
2112 1890 2168 1937 et
2202 1881 2350 1952 quod
2402 1881 2612 1935 litteras
2642 1881 2862 1950 pietatis
2893 1891 2998 1936 tuae
3016 1882 3226 1947 attulit,
3251 1893 3307 1938 et
3341 1885 3487 1954 quod

1921 1973 2227 2027 litterarum
2257 1973 2324 2027 ad
2352 1982 2404 2027 te
2432 1973 2775 2028 occasionem
2824 1973 2984 2029 nobis
3025 1975 3485 2032 subministravit.

1921 2062 2024 2118 Per
2049 2079 2171 2119 eum
2198 2064 2365 2135 igitur
2393 2071 2447 2118 et
2472 2073 2622 2117 tuam
2650 2063 2954 2119 salutamus
2977 2065 3267 2135 genuinam
3290 2081 3357 2121 ac
3376 2082 3486 2121 non

1920 2156 2240 2212 imitabilem
2283 2157 2629 2219 charitatem,
2675 2170 2741 2210 ac
2768 2170 3024 2227 rogamus
3073 2167 3133 2212 ut
3181 2171 3282 2228 pro
3328 2159 3491 2215 nobis

1921 2246 2181 2316 preceris,
2212 2245 2310 2315 qui
2340 2260 2508 2308 nunc,
2540 2245 2586 2300 si
2623 2260 2866 2315 unquam
2911 2245 3071 2311 alias,
3104 2260 3329 2316 precum
3362 2254 3489 2301 tua~

1920 2353 2042 2392 rum
2072 2352 2175 2408 ope
2208 2335 2538 2407 indigemus.
2568 2334 2706 2390 Nam
2740 2351 2921 2390 meum
2950 2351 3154 2407 corpus
3186 2352 3252 2392 ex
3290 2337 3490 2394 itinere

1919 2428 2150 2485 Pontico
2185 2429 2553 2494 conlractum,
2584 2428 2777 2483 morbo
2802 2428 3096 2484 alllictatur
3132 2429 3484 2486 intolerabili.

1922 2519 2062 2575 lllud
2094 2530 2275 2575 autem
2321 2528 2379 2575 et
2417 2517 2624 2574 dudum
2667 2519 2914 2574 volebam
2947 2530 3052 2575 tuae
3070 2520 3375 2590 prudentia:
3399 2535 3491 2576 no-

1923 2624 2037 2668 tum
2093 2613 2293 2677 facere,
2337 2629 2444 2669 non
2497 2612 2643 2684 quod
2693 2612 2798 2666 alia
2847 2611 3056 2681 potiore
3110 2594 3490 2682 interpellante

1922 2720 2088 2761 causa
2131 2707 2333 2762 oblitus
2383 2706 2532 2771 sim;
2581 2705 2676 2758 sed
2730 2719 2876 2758 nunc
2924 2702 3376 2771 commonefacit),
3428 2710 3488 2758 ut

1923 2798 2098 2853 virum
2146 2798 2462 2868 diligentem
2505 2795 2751 2867 digneris
2782 2794 2839 2849 in
2872 2793 3093 2866 Lyciam
3126 2795 3362 2859 mittere,
3392 2796 3487 2865 qui

1921 2905 2063 2946 vera:
2106 2888 2229 2945 ﬁdei
2278 2891 2506 2959 quinam
2554 2888 2667 2942 sint
2699 2894 3005 2943 sectatores
3037 2885 3304 2957 exploret.
3355 2884 3486 2940 For-

1923 2989 2070 3036 tasse
2108 2981 2253 3035 enim
2314 2996 2425 3035 non
2476 2987 2604 3034 sunt
2652 2979 2983 3050 negligendi,
3037 2976 3307 3046 siquidem
3360 2993 3488 3033 vera

238 3061 338 3111 Δεῖ
376 3059 486 3130 γὰρ
525 3061 666 3132 τάχα
714 3062 787 3134 μὴ
830 3064 1178 3136 παροφθῆναι
1206 3066 1422 3131 αὐτοὺς,
1458 3067 1615 3138 εἴπερ
1643 3067 1817 3139 ἀληθῆ

1926 3080 2075 3138 sunt,
2101 3087 2222 3143 qua
2254 3088 2398 3127 unus
2439 3071 2639 3141 aliquis
2677 3085 2743 3126 ex
2781 3072 2888 3141 piis
2925 3071 3056 3127 viris
3099 3074 3248 3129 illinc
3280 3075 3346 3131 ad
3387 3090 3489 3131 nos

239 3153 392 3205 ἐστιν
442 3154 477 3206 ἃ.
517 3171 602 3217 τις
638 3154 746 3207 τῶν
781 3157 989 3210 ἐκεῖθεν
1034 3158 1491 3230 παραγενομένων
1520 3159 1654 3231 πρὸς
1675 3162 1818 3231 ἡμᾶς

239 3241 487 3296 εὐλαϐῶν
527 3244 849 3316 διηγήσατο·
902 3249 1004 3311 ὅτι,
1055 3248 1229 3320 πάντη
1289 3248 1425 3319 πρὸς
1466 3249 1526 3303 τὸ
1570 3251 1822 3307 ’Δσιανὸν

240 3334 501 3405 φρόνημα
541 3336 1059 3409 ἀπηλλοτριωμένοι,
1100 3342 1247 3410 ἡμᾶς
1284 3341 1668 3412 καταδέχονται
1703 3343 1822 3396 ὲπι-

241 3427 554 3498 γράφεσθαι
582 3430 890 3496 κοινωνούς.
918 3433 981 3485 Εἰ
1005 3432 1063 3486 δὲ
1092 3433 1275 3504 μέλλει
1311 3451 1396 3499 τις
1431 3434 1669 3495 ἀπιέναι,
1699 3437 1821 3488 ἐπι·

239 3519 536 3592 ζητησάτω
578 3521 638 3574 ὲν
679 3523 1008 3595 Κορυδὰλοις
1045 3524 1389 3598 Ἀλέξανδρον
1424 3524 1531 3580 ἀπὸ
1564 3523 1821 3598 μοναζὸν-

240 3628 353 3666 των
408 3614 724 3679 ἐπίσκοπον,
783 3617 877 3670 καὶ
916 3618 973 3669 ὲν
1013 3618 1234 3690 Λιμύρᾳ
1291 3619 1568 3690 Διάτιμον,
1626 3619 1721 3672 καὶ
1764 3621 1822 3672 ἐν

243 3701 444 3776 Κύροις
458 3704 569 3775 (40)
582 3705 842 3760 Τατιανὸν
854 3708 948 3760 καὶ
959 3708 1252 3779 Πολέμωνα
1275 3710 1370 3764 καὶ
1393 3711 1677 3782 Μακάριον
1691 3729 1823 3783 πρε-

245 3795 564 3867 σϐυτέρους,
588 3797 646 3849 ὲν
672 3798 944 3870 Πατάροις
970 3799 1263 3854 ἐπίσκοπον
1295 3799 1561 3873 Εὔδημον,
1597 3804 1654 3856 ὲν
1686 3801 1820 3855 Τελ-

246 3886 400 3958 μεσῷ
439 3887 663 3959 ’ῐλάριον
708 3890 1024 3957 ἐπίσκοπον,
1075 3893 1134 3944 ὲν
1177 3892 1326 3963 Φέλῳ
1370 3892 1659 3946 Λολλιανὸν
1706 3894 1818 3965 (41)

244 3980 566 4034 ἐπίσκοπον.
598 3981 830 4046 Τούτους
867 3984 960 4036 καὶ
1001 3983 1081 4036 ἔτι
1126 3984 1344 4048 πλείους
1383 3983 1713 4055 ἁνεγνώρισέ
1738 4002 1822 4049 τις

243 4069 398 4137 ἡμῖν,
422 4068 497 4132 ὡς
532 4070 870 4138 ὑγιαίνοντας
913 4074 1041 4144 περὶ
1080 4073 1179 4145 τὴν
1223 4075 1434 4128 πίστιν·
1481 4074 1576 4129 καὶ
1622 4074 1821 4145 πολλὴν

245 4158 403 4230 ἔσχον
433 4160 544 4231 (42)
576 4162 732 4234 χάριν
759 4163 836 4235 τῷ
857 4164 994 4237 θεῷ,
1022 4163 1075 4218 εῐ
1092 4182 1238 4229 τινες
1259 4165 1393 4229 ὅλως
1421 4168 1478 4219 ὲν
1500 4165 1577 4237 τῷ
1598 4166 1821 4237 κλίματι

246 4249 325 4321 τῷ
359 4251 588 4323 Ἀσιανῷ
634 4253 739 4317 ἔξω
788 4255 894 4307 εἰσὶ
952 4255 1051 4326 τῆς
1098 4254 1302 4327 βλάϐης
1344 4254 1454 4309 τῶν
1506 4256 1818 4329 αἱρετικῶν·

1925 3164 2266 3220 venientibus
2306 3163 2699 3232 narravit,qeos
2739 3163 2809 3217 ab
2845 3163 3172 3220 Asianorum
3218 3168 3488 3223 sententia

1923 3269 2151 3325 prorsus
2198 3256 2430 3318 alienos.
2468 3255 2908 3311 communionem
2950 3264 3195 3312 nostram
3234 3260 3488 3331 amplecti

1920 3348 2078 3403 velle.
2122 3345 2178 3402 Si
2210 3348 2337 3418 quis
2368 3354 2555 3402 autem
2591 3346 2769 3403 iturus
2795 3354 2900 3414 est,
2930 3349 3211 3420 perquirat
3253 3351 3488 3423 Coryda-

1921 3440 1989 3494 lis
2036 3440 2408 3495 Alexandrum
2460 3456 2530 3495 ex
2575 3438 2844 3495 monacho
2876 3441 3216 3511 episcopum,
3253 3441 3488 3516 Limyra

1921 3529 2243 3593 Diatimum,
2272 3530 2433 3602 Cyris
2481 3529 2772 3585 Tatianum
2815 3538 2870 3584 et
2892 3529 3186 3587 Polemona
3216 3545 3273 3589 et
3306 3534 3484 3590 Maca-

1922 3621 2066 3676 rium
2101 3622 2480 3692 presbyteros,
2522 3620 2739 3676 Pataris
2780 3619 3081 3676 Eudemum
3125 3622 3441 3694 episcopum
3465 3663 3484 3691 ,

1922 3711 2160 3769 Telmesi
2196 3712 2462 3766 Hilarium
2491 3713 2828 3782 episcopum,
2852 3711 3001 3766 Pheli
3034 3712 3337 3769 Lollianum
3368 3717 3487 3785 epi-

1922 3818 2170 3873 scopum.
2217 3802 2328 3858 llos
2363 3811 2418 3858 et
2462 3804 2646 3873 plures
2681 3804 2859 3859 adhuc
2904 3802 3163 3858 indicavit
3208 3806 3340 3860 mihi
3385 3807 3485 3861 ali-

1922 3895 2046 3963 quis
2090 3900 2241 3948 recte
2285 3895 2351 3950 de
2392 3894 2501 3949 ﬁde
2552 3895 2760 3949 sentire
2791 3912 2804 3948 :
2837 3908 2903 3948 ac
2936 3895 3142 3965 gratias
3178 3895 3286 3951 Deo
3317 3896 3483 3952 habui

1923 3984 2209 4055 plurimas,
2258 3985 2304 4039 si
2353 3984 2445 4055 qui
2497 3986 2720 4040 omnino
2768 3986 2822 4041 in
2867 3986 3072 4043 Asiano
3102 3998 3278 4042 tractu
3325 4000 3483 4044 extra

1922 4074 2099 4127 labem
2152 4074 2534 4129 haereticorum
2590 4077 2721 4131 sint.
2783 4076 2969 4145 Itaque
3019 4076 3069 4131 si
3112 4077 3229 4132 ﬁeri
3268 4087 3482 4149 potest,

1922 4165 2135 4220 interim
2172 4182 2267 4221 eos
2316 4166 2437 4221 sine
2466 4168 2666 4222 litteris
2716 4168 3061 4238 eaploremus
3118 4187 3134 4224 :
3188 4172 3255 4226 rd
3303 4181 3483 4227 autem

1921 4261 2226 4324 perspecta,
2257 4262 2374 4309 tum
2404 4256 2623 4310 demum
2670 4261 2726 4310 et
2766 4255 2981 4312 litteras
3010 4254 3289 4311 dabimus.
3325 4271 3488 4312 cura-

417 4431 435 4484 l
469 4430 593 4499 Οὐχ
616 4430 715 4496 ὡς.
752 4405 1292 4501 Legit-Combelisius
1322 4424 1382 4485 οὗ
1410 4431 1505 4496 ὡς.
1540 4431 1708 4502 Cujus
1742 4436 1818 4488 rei
1848 4417 1893 4471 Β
1920 4446 2015 4484 eos
2057 4430 2198 4486 male
2242 4430 2503 4488 audiisse.
2539 4431 2713 4486 Porro
2752 4445 2861 4502 non
2895 4430 3092 4486 mirum
3132 4432 3188 4485 in
3226 4439 3374 4487 tanta
3399 4448 3487 4487 re-

248 4498 447 4570 oblitus
468 4498 614 4552 erant
647 4498 931 4570 cespitaltte
958 4504 1211 4557 memoria
1247 4503 1310 4556 ob
1351 4501 1516 4556 aliam
1561 4498 1671 4556 rem
1702 4521 1816 4557 ma-

242 4568 382 4642 joris
434 4572 700 4624 momenti.
732 4568 856 4625 Sed
903 4572 1154 4642 displicet
1196 4573 1308 4628 haec
1346 4572 1679 4637 emendatio,
1707 4589 1815 4628 non

247 4638 427 4693 solum
468 4642 594 4709 quia
628 4642 780 4695 nullo
834 4638 1030 4696 nititur
1075 4651 1258 4697 vetere
1298 4641 1456 4703 libro,
1506 4642 1602 4697 sed
1654 4643 1817 4697 etiam

248 4713 486 4780 maxime
505 4710 631 4778 quia
662 4726 770 4765 non
800 4712 1006 4767 redolet
1031 4726 1299 4768 summam
1318 4710 1505 4765 Basilii
1532 4712 1815 4780 pietatem,

248 4777 337 4831 cui
368 4777 501 4831 nihil
528 4777 826 4849 antiquius
872 4791 993 4837 erat
1030 4796 1165 4852 pace
1192 4792 1248 4836 et
1296 4782 1509 4839 unitate
1535 4777 1816 4835 Ecclesia-

247 4861 394 4901 rum.

320 4915 454 4988 μοχ
485 4918 580 4988 Ἐν
618 4921 853 4987 Κύροις.
890 4920 1072 4975 Codex
1125 4919 1586 4988 Clarornontanus
1619 4921 1677 4973 ὲν
1705 4920 1818 4974 Νύ-

320 4985 389 5050 ις.
417 4985 528 5041 Sed
564 4985 845 5063 legendum
890 4992 954 5063 ἐν
984 4990 1214 5063 Μύροις.
1259 4989 1376 5063 Non
1426 4987 1689 5063 TAatianus
1727 4990 1818 5063 ille

270 5058 545 5130 ἔδειμε-εει
569 5061 857 5130 episcopus
890 5058 1176 5130 Myrensis.
1211 5075 1276 5115 ac
1308 5058 1556 5113 interfuit
1581 5061 1818 5115 concilio

245 5125 310 5199 ς).
348 5125 411 5183 P.
440 5125 690 5199 Nondum
717 5125 783 5183 ad
813 5125 958 5184 hanc
986 5131 1302 5198 dignitatem
1323 5139 1664 5199 pervenerat,
1690 5144 1815 5184 cum

246 5194 365 5269 haec
426 5197 759 5253 scriberetur
802 5194 1071 5269 epistolag
1120 5214 1263 5269 nam,
1302 5194 1353 5269 e'i
1406 5197 1644 5254 Basilius
1704 5213 1815 5254 non

247 5266 417 5340 alium
445 5281 607 5336 quam
636 5266 934 5340 presbyteri
980 5266 1196 5325 titulum
1234 5267 1558 5340 defert._qui
1606 5268 1654 5323 ei
1688 5283 1815 5340 cum

245 5331 545 5392 Polemone
571 5331 897 5393 et'Maca'rio
926 5340 1232 5393 communis
1260 5347 1363 5396 est.
1393 5331 1622 5393 Videtur
1648 5339 1813 5394 etiam

249 5406 518 5461 Diatimus
546 5423 887 5478 nequaquam
918 5409 1147 5478 Limyraa
1173 5408 1464 5478 episcopus
1487 5408 1682 5472 fuisse;
1718 5408 1810 5463 sed

247 5483 462 5548 tantum
489 5480 790 5548 presbyter.
818 5478 970 5533 illum
999 5480 1143 5533 enim
1173 5479 1412 5547 episcopi
1451 5478 1669 5548 nomine
1700 5492 1811 5532 non

247 5544 505 5619 designat
539 5544 808 5619 Basilius;
849 5556 903 5619 et
958 5544 1263 5619 presbyteri
1318 5544 1631 5619 titulus_ad
1657 5562 1806 5610 eum,

251 5614 439 5682 itidem
472 5623 531 5669 ut
563 5616 632 5670 ad
669 5625 782 5673 tres
812 5614 983 5682 alios,
1014 5614 1230 5672 videtur
1266 5616 1483 5674 referri.
1521 5616 1805 5672 Silentium

253 5681 440 5741 Basilii
463 5686 532 5742 de
562 5687 834 5757 episcopis
855 5681 1085 5759 Limyrae
1107 5695 1161 5741 et
1192 5685 1355 5759 Myra:
1382 5694 1702 5758 argumento
1721 5697 1807 5742 est

536 5777 809 5841 Panos.
848 5779 966 5840 Gn.
1015 5779 1286 5842 XXXII.

1919 4502 2572 4575 rum_ecclesiasticarum
2632 4501 3058 4575 perturbatione.
3096 4502 3165 4575 _si
3215 4502 3493 4575 ejusmodi

1919 4572 2360 4643 presbyterorum
2414 4573 2853 4643 communionem
2890 4571 3206 4643 appetebat,
3246 4571 3483 4643 quorum

1919 4640 2042 4695 cum
2082 4640 2356 4709 cpiscOpis
2387 4655 2496 4695 non
2541 4640 3001 4695 communicabat.
3047 4641 3138 4694 Sic
3169 4640 3313 4694 enim
3361 4657 3483 4696 cum

1918 4710 2249 4779 presbyteris
2276 4708 2665 4774 'Tarsensibus,
2702 4710 2925 4765 minime
2958 4724 3087 4764 vero
3115 4724 3257 4779 cum
3274 4710 3485 4779 episco-

1919 4777 1990 4850 po
2035 4777 2305 4850 Tarsensi
2335 4780 2664 4850 conjunctus
2692 4787 2811 4835 erat
2840 4795 2860 4850 7:
2910 4781 3096 4848 plures
3126 4779 3180 4831 in
3225 4777 3487 4850 Seliastiae

1919 4849 2261 4972 presbyterio
2306 4849 2798 4932 communicatores
2836 4849 3087 4931 habebat,
3136 4849 3386 4916 quamvis
3416 4851 3485 4902 ab

1945 4919 2184 4972 ‘ustathu
2252 4934 2636 4972 communione
2684 4919 3064 4972 discesmsset.
3119 4928 3179 4971 ut
3216 4924 3364 4972 natet
3417 4934 3485 4972 ex

1945 4919 2184 4973 iustathii
2252 4923 2636 4975 communione
2684 4919 3064 4978 discessisset,
3119 4928 3179 4971 ut
3216 4924 3364 4985 patet
3417 4934 3485 4973 ex

1918 4989 2163 5058 epistolis
2195 4989 2317 5051 115,
2354 4989 2472 5053 114,
2514 4990 2639 5045 257.
2670 4988 2839 5042 Paulo
2864 4996 2993 5042 ante
3036 4988 3241 5058 legitur
3285 4987 3339 5040 in
3388 5003 3485 5043 co-

1918 5056 2041 5113 dice
2058 5057 2325 5112 Vaticano
2349 5059 2456 5112 ἀπὸ
2486 5059 2821 5128 μοναξόντων
2835 5059 2928 5111 καὶ
2952 5056 3267 5120 ἐπίσκοπον,
3299 5072 3487 5111 mona-

1884 5130 1891 5138 ’
1916 5128 2073 5182 cltum
2097 5138 2147 5182 et
2165 5130 2482 5198 episcopum.

1985 5199 2097 5267 (41)
2137 5193 2494 5253 Ammon
2524 5198 2605 5252 Ita
2635 5196 2802 5267 Med,
2825 5194 2946 5267 Vat.
2976 5202 3039 5267 et
3067 5195 3306 5267 Clarum.
3344 5193 3481 5249 Editi

1915 5265 2229 5322 Λουκιανόν.
2253 5267 2422 5322 Coisl.
2454 5269 2662 5337 primus
2683 5265 2988 5337 Λουλιανόν.
3015 5265 3297 5334 Scriptura
3319 5279 3481 5337 quam

1916 5338 2198 5406 sequimur
2246 5334 2518 5392 consentit
2541 5352 2663 5390 cum
2718 5335 3217 5405 subscriptionibus
3264 5334 3481 5388 concilii

1913 5407 1975 5462 C.
1996 5407 2056 5461 P.
2087 5408 2228 5461 inter
2253 5421 2389 5462 mtas
2421 5407 2617 5462 lenitur
2639 5405 2938 5460 Lollianus.
2959 5406 3160 5461 Ibidem
3186 5404 3358 5459 codex
3376 5401 3481 5457 Va-

1964 5449 1975 5460 .
1996 5422 2056 5461 Υ.
2087 5422 2228 5461 "uel"
2253 5422 2389 5461 mtas
2422 5422 2617 5461 ιεαιιιιι·
2639 5422 2938 5460 ιιοιιιοηιιε.
2959 5422 3160 5461 tutaem
3186 5422 3358 5459 οοαθκ
3385 5422 3483 5457 va-

1913 5423 1975 5462 u.
1996 5423 2056 5461 ι’.
2087 5423 2228 5461 mter
2253 5423 2389 5528 gues
2422 5423 2503 5478 leg

1912 5478 2131 5532 ticanns
2161 5477 2220 5528 ὲν
2297 5475 2454 5545 ελλῷ.

1986 5546 2098 5615 (42)
2140 5541 2517 5617 Ἐσχον.’8ἱο
2552 5554 2759 5602 veteres
2785 5544 2931 5611 libri,
2966 5561 3065 5617 pro
3100 5559 3167 5601 eo
3192 5541 3342 5615 quod
3365 5552 3483 5600 erat

1918 5616 1972 5671 in
1988 5617 2162 5697 elixis
2192 5615 2334 5697 ἕλεος

1988 5690 2006 5712 ⁶
2037 5686 2187 5741 Alias
2212 5683 2477 5741 CCCClll.
2522 5684 2734 5757 Scripta
2774 5699 2920 5741 anno
2952 5685 3077 5741 375.
