3900 6208
154 343 273 399 815
1087 344 1568 402 EPISTOLABUM
1605 343 1894 399 CLASSIS
1931 344 1992 401 ll.
2037 346 2255 404 EPIST.
2285 349 2490 406 CCXX.
3317 359 3421 415 8M

233 463 297 515 2.
333 463 534 516 Ἐκεῖνο
561 461 668 533 γὰρ
694 461 892 515 ειδέναι
922 461 1180 532 βούλομαι
1208 463 1306 534 τὴν
1338 463 1550 516 σύνεσιν
1583 461 1747 532 ὑμῶν,

1931 462 1983 517 2.
2031 462 2181 520 Sciat
2221 467 2365 520 enim
2417 466 2542 529 hoc,
2586 481 2768 530 veum,
2803 467 3093 538 prudentia
3123 479 3326 536 vestra,
3363 476 3430 526 ιι·-

153 555 249 607 ὃτι
276 556 486 618 ἐκεῖνος
517 554 694 625 μέγας
723 553 872 624 παρά
905 553 1043 623 Θεῷ,
1077 557 1105 606 ὁ
1146 554 1585 624 ταπεινοφρόνως
1623 553 1747 634 ὑποέ

1861 555 1971 608 lum
2019 571 2272 627 magnum
2329 573 2451 614 esse
2497 559 2639 629 apud
2700 559 2894 625 Deum,
2940 564 3032 632 qui
3082 577 3141 618 se
3179 566 3426 634 proximo

154 645 521 706 κατακλιθεὶς
568 643 646 714 τῷ
693 642 956 712 πλησίον,
1026 643 1118 697 καὶ
1179 642 1620 712 ἀνεπαισχύντως
1673 633 1747 711 ἐφ’

1861 645 2144 702 humiliter
2178 649 2476 713 submittit,
2513 666 2578 706 ac
2618 652 2754 706 citra
2779 633 3424 709 verecundiamcrimina

153 739 362 792 ἑαυτὸν
409 737 800 808 ἀναδεξάμενος
849 737 918 791 τὰ
967 737 1308 810 ἐγκλήματα,
1342 736 1444 790 κᾶν
1478 737 1554 807 μὴ
1583 734 1747 805 ἁληθῆ

1859 737 1914 790 in
1950 739 2133 808 seipso
2168 741 2387 810 recipit,
2422 743 2636 798 etiamsi
2668 759 2795 798 vera
2826 761 2933 798 non
2961 746 3092 811 sint,
3127 757 3184 799 ut
3207 761 3424 816 pacem,

153 827 219 903 ᾗ’
255 831 403 901 ὑπὲρ
441 829 535 884 τοῦ
586 829 646 882 τὸ
695 829 837 900 μέγα
880 829 1071 898 ὄφελος
1121 829 1220 901 τὴν
1271 830 1494 900 εἰρήνην
1531 828 1747 898 χαρίσα-

1858 843 2116 898 magnum
2151 831 2286 886 illud
2329 833 2782 900 emolumentum,
2818 835 2910 891 Dei
2955 835 3214 892 Ecclesiae
3239 840 3426 892 conci-

157 921 296 976 σθαι
344 926 411 994 τῇ
458 922 552 975 τοῦ
600 920 735 974 Θεοῦ
778 921 1094 993 Ἐκκλησία.
1125 921 1369 975 Γενέσθω
1406 917 1498 974 οὖν
1536 921 1595 973 ἐν
1629 921 1747 990 ὑμῦ⁴

1859 917 1974 974 liet.
2007 919 2088 974 Sit
2135 920 2318 991 itaque
2365 923 2508 978 inter
2563 941 2661 980 vos
2709 933 2984 980 certamen
3023 926 3252 990 bonum,
3299 926 3426 997 quis

155 1015 379 1086 ἅμιλλα
429 1013 628 1085 ἀγαθὴ,
692 1013 774 1075 τίς
825 1011 1041 1084 πρῶτος
1083 1011 1391 1083 καταξιωθῇ
1452 1013 1565 1075 υἱὸς
1621 1010 1747 1064 Θεοῦ

1859 1012 2008 1080 prior
2043 1021 2435 1080 consequatur,
2478 1025 2538 1069 ut
2567 1015 2710 1069 ﬁlius
2739 1012 2832 1068 Dei
2864 1023 3112 1082 vocetur,
3146 1016 3286 1069 hanc
3320 1016 3424 1070 sibi

154 1107 440 1178 κληθῆναι
464 1148 480 1170 ,
536 1104 626 1158 διὰ
663 1104 764 1174 τῆς
799 1104 1166 1176 είρηνοποιίας
1201 1103 1378 1174 ἐαυτῷ
1427 1103 1488 1156 τὸ
1541 1101 1747 1174 ἀξίωμα

1857 1101 2172 1173 dignitatem
2246 1105 2317 1159 ob
2366 1121 2556 1175 pacem
2633 1108 2993 1176 compositam
3075 1123 3423 1179 comparans.

151 1199 329 1252 τοῦτο
379 1197 896 1269 περιποιησάμενος.
941 1194 1253 1248 Ἐπέστειλε
1286 1194 1343 1248 δὲ
1387 1194 1481 1247 καὶ
1517 1197 1546 1247 ὁ
1574 1193 1747 1262 θεοφι-

1859 1189 2091 1262 Scripsit
2136 1201 2314 1248 autem
2361 1203 2415 1250 et
2451 1196 2902 1266 religiosissimus
2937 1197 3226 1266 cpiscopus
3269 1197 3425 1253 vobis

152 1289 424 1352 λέστατος
455 1288 751 1348 ἐπίσκοπος
794 1287 922 1355 ὑμῖν
959 1286 1030 1340 τὰ
1073 1286 1372 1358 πρέποντα.
1405 1284 1499 1338 καὶ
1536 1286 1747 1338 ἐπιστε-

1855 1301 1978 1355 quae
2017 1287 2372 1352 conveniunt,
2410 1304 2475 1342 ac
2513 1305 2706 1345 rursus
2737 1292 2936 1344 scribet
2979 1305 3101 1360 qua;
3127 1289 3302 1358 ipsum
3329 1291 3421 1346 de-

153 1381 246 1434 λεῖ
279 1381 394 1450 (49)
423 1379 583 1434 πάλιν
611 1379 681 1432 τὰ
709 1377 1066 1431 ἐπιϐάλλοντα
1111 1375 1279 1446 αὐτῷ.
1309 1375 1456 1447 Πλὴν
1499 1374 1634 1428 ἀλλὰ
1663 1373 1747 1428 καὶ

1855 1384 2000 1430 cent.
2034 1375 2425 1433 Verumtamen
2469 1386 2523 1433 et
2547 1395 2673 1444 nos,
2709 1396 2774 1434 eo
2807 1380 2954 1450 quod
2981 1380 3159 1433 adhuc
3197 1393 3424 1437 conces-

156 1478 354 1547 ἡμεῖς,
414 1472 502 1526 διὰ
555 1472 616 1526 τὸ
670 1472 750 1524 ἐτι
799 1470 912 1540 (50)
969 1469 1414 1540 συγκεχωρῆσθαι
1472 1468 1747 1538 ἐγγύτεροι

1856 1482 1977 1522 sum
2013 1469 2107 1536 sit,
2148 1479 2207 1524 ut
2250 1471 2406 1526 vobis
2451 1473 2733 1543 propiores
2780 1473 2974 1537 simus,
3022 1474 3294 1544 negligere
3332 1493 3421 1532 res

156 1563 325 1633 ὑμῶν
374 1559 535 1627 εἶναι,
567 1561 788 1632 ἀμελεῖν
838 1560 947 1613 τῶν
999 1561 1120 1614 καθ’
1155 1561 1300 1630 ὑμᾶς
1343 1559 1404 1612 οὐ
1457 1557 1747 1630 δυνάμεθα.

1853 1571 2066 1618 vestras
2120 1580 2229 1618 non
2282 1581 2601 1635 possumus.
2654 1565 2807 1620 Unde
2858 1574 2913 1620 et
2961 1581 3084 1621 cum
3115 1569 3424 1624 advenisset

157 1654 334 1708 ’Ὀθεν
383 1655 477 1708 καὶ
534 1652 975 1725 παραγενομένου
1011 1652 1102 1704 τοῦ
1155 1651 1547 1705 εὐλαϐεστάτου
1601 1648 1747 1703 ἀδελ-

1854 1655 2303 1725 religiosissimus
2381 1656 2552 1711 frater
2631 1655 2953 1712 Theodorus
3029 1659 3421 1725 subdiaconus,

155 1746 262 1816 φοῦ
321 1744 602 1815 Θεοδώρου
655 1744 751 1798 τοῦ
805 1742 1178 1807 ὑποδιακόνου,
1237 1742 1330 1796 καὶ
1382 1741 1624 1804 εἰπόντος
1652 1741 1747 1812 τὴν

1855 1745 2193 1818 dixissetque
2237 1748 2539 1806 Ecclesiam
2586 1751 2639 1804 in
2673 1753 2932 1807 maestitia
2968 1770 3090 1811 esse
3118 1768 3181 1808 ac
3212 1764 3426 1824 pertur-

169 1805 585 1908 ζεκκλησίανέν
610 1835 755 1909 λύπῃ
784 1831 924 1888 εἶναι
965 1836 1059 1890 καὶ
1091 1805 1328 1908 ταραχῇ,
1365 1831 1607 1906 σφοδρῶς
1632 1805 1747 1886 συν-

1858 1839 2092 1904 batione,
2149 1852 2263 1896 tum
2312 1841 2469 1897 valde
2510 1844 2753 1912 contriti,
2796 1845 2956 1917 333
3004 1859 3058 1903 et
3105 1805 3422 1906 imorcordis

157 1929 449 1997 τριϐέντες
507 1928 601 1980 κα)⁹
650 1927 840 1999 βαθείᾳ
885 1927 1047 2001 ὀδύνῃ
1095 1928 1194 1998 τὴν
1249 1927 1474 1998 καρδίαν
1520 1927 1747 1998 πληγέν-

1854 1931 2044 1985 dolore
2076 1933 2336 2001 perculsi,
2371 1934 2649 1989 conticere
2680 1950 2788 1989 non
2830 1939 3108 2007 potuimus
3152 1961 3166 1997 :
3199 1944 3292 1998 sed
3325 1958 3422 1998 vos

158 2035 274 2081 τες,
307 2017 582 2088 ήσυχάσαι
613 2018 712 2070 οὐκ
741 2017 1068 2089 ὴνειχόμεθα
1087 2037 1100 2048 ·
1129 2018 1265 2072 ἀλλά
1303 2019 1747 2091 παρεκαλέσαμεν

1854 2024 2127 2078 adhortati
2173 2041 2388 2090 sumus,
2448 2035 2504 2080 ut
2549 2041 2765 2082 omnem
2819 2031 2963 2084 inter
3006 2047 3124 2090 vos.
3155 2035 3297 2103 juris
3339 2035 3424 2089 di-

159 2111 330 2180 ὐμᾶς,
363 2111 543 2163 πᾶσαν
572 2108 932 2177 δικαιολογίαν
959 2110 1058 2181 τὴν
1101 2109 1237 2182 πρὸς
1269 2110 1530 2182 ἀλλήλους
1560 2109 1747 2181 ῥίψαν-

1855 2115 2251 2184 sceptationem
2300 2116 2692 2186 projicientes,
2736 2133 2921 2192 pacem
2955 2127 3423 2194 componatis,.ne

155 2216 282 2263 τας,
331 2196 781 2268 καταπράξασθαι
825 2197 926 2270 τὴν
957 2199 1201 2269 εἰρήνην,
1235 2199 1323 2253 ἵνα
1368 2200 1503 2272 μήτε
1557 2199 1747 2270 ἡδονὴν

1855 2204 2092 2260 atl‘eratis
2132 2207 2378 2261 laetitiam
2431 2208 2781 2277 adversariis,
2828 2226 2961 2267 neve
2991 2212 3131 2267 hanc
3166 2214 3423 2272 Ecclesiae

156 2295 274 2355 τοῖς
330 2291 595 2355 ἐναντίοις
635 2289 1013 2362 παράσχησθε,
1053 2292 1189 2362 μήτε
1244 2291 1304 2344 τὸ
1348 2291 1611 2363 καύχημα
1655 2292 1747 2362 τῆς

1855 2296 2237 2367 gloriationem
2267 2298 2538 2368 prodatis,
2573 2316 2697 2370 quae
2741 2317 2888 2356 nunc
2921 2318 3020 2372 per
3050 2312 3225 2359 totum
3255 2313 3424 2362 terra-

171 2384 508 2455 Ἐκκλησίας
536 2384 799 2456 προδῶτε,
837 2384 866 2437 ὃ
893 2384 988 2436 νῦν
1019 2385 1100 2448 εἰς
1129 2385 1308 2438 πᾶσαν
1352 2385 1451 2455 τὴν
1496 2386 1751 2456 οἰκουμέ-

160 2493 260 2548 νην
288 2475 656 2548 διαϐεϐόηται,
682 2477 764 2529 ὅτι
782 2477 831 2529 ot
848 2475 1066 2539 πάντες,
1091 2476 1165 2540 ὡς
1184 2475 1288 2530 ὑπὸ
1312 2479 1442 2547 μιᾶς
1463 2476 1641 2547 ψυχῆς
1661 2477 1754 2530 καὶ

160 2570 397 2643 καρδίας
419 2569 878 2640 οἰκονομούμενοι,
910 2569 968 2623 ἐν
997 2569 1077 2623 ἑνὶ
1103 2568 1313 2641 σώματι
1339 2569 1480 2623 οὕτω
1514 2571 1750 2639 διάγετε.

161 2663 354 2714 Πάντα
373 2660 464 2713 τὸν
477 2660 602 2714 λαὸν
613 2660 705 2714 τοῦ
733 2661 890 2726 Θεοῦ,
907 2661 1033 2726 τοῦς
1044 2679 1102 2714 τε
1126 2663 1182 2714 ἐν
1204 2662 1473 2733 ἀξιώμασι
1489 2664 1584 2717 καὶ
1601 2663 1754 2716 δυναο

162 2753 374 2816 στείαις
392 2751 692 2816 πολιτικαῖς
709 2753 842 2823 (51),
867 2753 1069 2807 καὶτοῦ
1084 2754 1285 2816 παντὸς
1307 2753 1510 2826 κλήρου
1533 2756 1596 2808 τὸ
1615 2757 1754 2828 πλή-

164 2859 330 2912 ρωμα
371 2841 458 2895 διὰ
495 2843 594 2913 τῆς
639 2843 910 2914 ὑμετέρας
952 2843 1235 2909 εὐλαϐείας
1265 2845 1748 2917 κατασπαζόμεθα,

162 2933 260 2985 καὶ
290 2933 717 3005 παρακαλοῦμεν
748 2935 963 3005 ὁμοίους
1013 2937 1222 3000 ἑαυτοῖς
1264 2937 1554 3008 διαμεῖναι.
1585 2937 1751 2990 Οὐδε-

165 3023 298 3094 μίαν
349 3024 459 3096 γάρ
504 3023 821 3096 προσθήκην
870 3025 1271 3098 ἐπιζητοῦμεν,
1329 3029 1420 3082 διὰ
1469 3029 1530 3082 τὸ
1571 3030 1751 3082 πᾶσαν

1853 2405 1973 2444 rum
2025 2390 2215 2444 orbem
2283 2391 2634 2462 praedicatur,
2692 2408 2788 2449 vos
2843 2395 3095 2452 videlicet
3153 2406 3420 2468 tanquam

1853 2483 2036 2536 anima
2076 2498 2184 2538 una
2219 2491 2272 2539 et
2324 2485 2489 2541 corde
2538 2502 2647 2540 uno
2687 2485 3041 2556 gubernatos,
3095 2489 3166 2545 ita
3214 2491 3268 2544 in
3315 2506 3420 2545 uno

1852 2586 2083 2642 corpore
2111 2574 2361 2628 versari.‘
2394 2574 2624 2629 Omnem
2656 2575 2752 2629 Dei
2795 2577 3074 2644 populum,
3124 2578 3420 2636 honoratos

1851 2672 1906 2716 et
1939 2666 2315 2732 magistratus.
2347 2672 2400 2718 et
2415 2665 2592 2719 totius
2619 2666 2749 2718 cieri
2792 2677 2996 2721 cetum
3038 2683 3133 2737 per
3178 2681 3416 2725 vestram

1853 2754 2108 2823 pietatem
2160 2755 2488 2818 salutamus,
2540 2756 3006 2827 adhortamurque
3045 2767 3104 2812 ut
3141 2761 3224 2814 sui
3273 2761 3423 2832 ipso-

1852 2862 1974 2901 rum
2009 2863 2225 2918 semper
2253 2858 2613 2918 permaneant
2657 2849 2888 2906 similes.
2934 2850 3070 2905 Nam
3111 2853 3422 2910 incremen-

1851 2946 1968 2993 tum
1998 2939 2208 2993 nullum
2235 2940 2604 3008 exposcimus,
2632 2956 2697 2995 eo
2724 2942 2866 3014 quod
2903 2943 3274 2998 accessionem
3302 2959 3418 2998 om-

1852 3046 1975 3084 nem
2007 3031 2118 3099 jam
2149 3031 2252 3101 ipsi
2279 3047 2376 3100 per
2408 3031 2554 3087 edita
2578 3032 2844 3088 bonorum
2868 3048 3093 3104 operum
3121 3035 3418 3102 specimina

162 3115 476 3186 ὑπερϐολὴν
504 3116 872 3186 προλαϐόντας
900 3118 1094 3183 αὐτοὺς
1136 3119 1222 3173 διά
1253 3119 1354 3191 τῆς
1380 3119 1486 3173 τῶν
1525 3119 1745 3189 ἀγαθῶν

1852 3125 2200 3180 excluserim.

164 3207 344 3276 ἔργων
388 3206 699 3273 ἐπιδείξεως
729 3209 1049 3263 ἀποκλεῖσαι
1079 3209 1210 3281 (52).

704 3365 1049 3422 ΕΠΙΣΤΟΛΗ
1082 3366 1207 3420 ΣΚ¹.

2316 3360 2651 3418 EPISTULA
2685 3361 2912 3418 CCXX‘.

171 3484 397 3551 Testatur
422 3482 632 3551 Basilius
656 3483 846 3536 clericis
879 3486 1225 3551 Bera’ensibus,
1247 3499 1298 3536 se
1319 3485 1384 3551 ad
1411 3497 1577 3551 eorum
1596 3498 1810 3551 amorem
1830 3495 2089 3540 exarsisse,
2118 3481 2251 3534 tectis
2279 3493 2451 3551 eorum
2481 3479 2672 3551 litteris,
2695 3485 2740 3530 et
2760 3477 2977 3551 ipsorum
3006 3479 3232 3551 ac‘toliux
3254 3481 3420 3545 papult'

288 3545 464 3596 virtute
485 3546 674 3610 cognita
696 3561 758 3596 ex
779 3562 995 3598 sermone
1017 3548 1183 3598 Acactt'
1208 3546 1492 3610 presbuteri.
1523 3550 1698 3598 Pacem
1723 3547 1824 3598 illis
1847 3553 1952 3596 orat
1976 3553 2082 3608 post
2104 3551 2169 3595 tot
2186 3543 2467 3603 certamina,
2486 3548 2531 3592 et
2547 3543 2612 3591 ad
2636 3543 3038 3606 perseverantiam
3058 3543 3292 3594 hortatur.

609 3658 766 3728 Πρὸς
803 3657 945 3722 τοὺς
967 3657 1037 3711 ἐν
1069 3659 1279 3727 Βεροίᾳ

238 3769 500 3840 Μεγάλην
546 3771 575 3822 ὁ
615 3770 818 3842 Κύριος
864 3769 1030 3824 ἔδωκε
1067 3772 1418 3844 παραμυθίαν
1461 3773 1578 3837 τοῖς
1605 3773 1744 3826 ἀπο-

169 3858 592 3932 λιμπανομένοις
641 3863 741 3933 τῆς
789 3864 908 3916 κατ’
947 3862 1257 3935 ὀφθαλμοὺς
1298 3865 1603 3935 συντυχίας,
1645 3863 1743 3935 τὴν

169 3951 257 4004 διὰ
298 3951 394 4004 τοῦ
435 3953 758 4024 γράμματος
798 3955 1032 4025 ὁμιλίαν,
1075 3955 1134 4021 ἐξ
1171 3950 1239 4026 ἦς
1287 3955 1404 4009 ἐστι
1457 3955 1745 4026 μανθάνειν

171 4042 228 4092 οὐ
251 4041 345 4094 τὸν
383 4043 690 4112 σωματικὸν
726 4045 1065 4116 χαρακτῆρα,
1102 4044 1216 4098 ἀλλ’
1243 4045 1412 4114 αὐτῆς
1447 4043 1545 4114 τῆς
1569 4043 1746 4115 ψυχῆς

171 4131 268 4201 τὴν
290 4131 548 4187 διάθεσιν.
581 4134 742 4188 Ὅθεν
771 4136 866 4189 καὶ
890 4135 1006 4199 νῦν,
1039 4135 1316 4206 δεξάμενοι
1348 4135 1416 4188 τὰ
1441 4134 1745 4207 γράμματα

171 4223 272 4294 τῆς
314 4223 598 4289 εὐλαϐείας
637 4225 828 4296 ὑμῶν,
877 4225 1011 4296 ὁμοῦ
1051 4244 1111 4278 τε
1161 4227 1534 4297 ἐγνωρίσαμεν
1581 4227 1745 4296 ὑμᾶς,

175 4313 268 4368 καὶ
300 4315 400 4386 τὴν
432 4317 560 4388 περὶ
593 4317 735 4387 ὑμᾶς
756 4316 867 4389 (55)
890 4317 1110 4388 ἀγάπην
1156 4319 1273 4380 ταῖς
1313 4316 1562 4387 καρδίαις
1592 4316 1747 4387 ήμῶν

175 4405 526 4476 ἀνελάϐομεν,
565 4407 626 4459 οὐ
679 4407 957 4478 δεηθέντες
1000 4407 1189 4478 χρόνου
1225 4406 1438 4478 μακροῦ
1464 4408 1748 4479 συνήθειαν

2502 3650 2770 3705 Bernensis.

1925 3770 2174 3842 Magnum
2206 3766 2351 3824 Deus
2391 3765 2624 3838 praebuit
2669 3765 2922 3821 solatium
2959 3765 3066 3828 his,
3097 3769 3190 3836 qui
3229 3762 3416 3822 coram

1850 3859 2107 3932 congredi
2171 3874 2281 3912 non
2341 3863 2592 3927 possunt,
2645 3857 2980 3926 colloquium
3029 3872 3128 3926 per
3166 3857 3416 3924 litteras;

1849 3965 1913 4004 ex
1930 3966 2038 4020 quo
2060 3950 2272 4003 discere
2289 3957 2373 4002 est
2396 3962 2504 4000 non
2523 3961 2838 4016 corpoream
2860 3945 3109 4017 eﬂigiem,
3131 3946 3224 4002 sed
3249 3949 3414 4002 animi

1852 4042 2025 4112 ipsius
2075 4041 2332 4096 indolem.
2371 4038 2526 4094 Unde
2580 4046 2633 4094 et
2674 4055 2841 4104 nunc,
2877 4046 3165 4109 postquam
3200 4041 3417 4111 pietatis

1847 4144 2045 4189 vestra:
2075 4133 2288 4187 litteras
2332 4132 2666 4202 accepimus,
2709 4129 2874 4186 simul
2920 4138 2976 4184 et
3026 4146 3124 4186 vos
3156 4134 3417 4202 cegnovi-

1848 4241 2007 4292 mus,
2053 4233 2109 4280 et
2158 4225 2325 4279 vestri
2368 4239 2609 4278 amorem
2661 4222 2825 4278 corde
2871 4224 3247 4294 concepimus,
3305 4243 3414 4282 non

1847 4332 1982 4386 opus
2033 4316 2298 4370 habentes
2347 4315 2508 4384 longo
2561 4322 2802 4384 tempore
2849 4315 2915 4368 ad
2963 4317 3415 4372 consuetudinem

1849 4407 2268 4463 conciliandam.
2294 4405 2372 4458 Ex
2405 4405 2523 4475 ipsa
2551 4407 2695 4459 enim
2727 4404 2891 4460 insita
2920 4405 3117 4463 litteris
3147 4410 3416 4463 sententia

175 4497 524 4566 ἐμποιοῦντος
556 4499 706 4568 ἡμῖν.
745 4498 834 4564 Ἐξ
881 4500 1048 4569 αὐτῆς
1097 4499 1207 4570 γὰρ
1245 4500 1345 4568 τῆς
1387 4499 1744 4568 ἐναποκειμέ-

1852 4499 1915 4552 ad
1966 4513 2206 4552 amorem
2255 4495 2680 4566 pulchritudinis
2731 4497 2925 4550 animae
2972 4506 3165 4553 vestra:
3208 4501 3416 4555 exarsi-

176 4603 271 4655 νης
315 4588 430 4648 τοῖς
477 4587 766 4658 γράμμασι
833 4588 1067 4650 διανοίας
1127 4589 1206 4649 είς
1265 4587 1326 4639 τὸ
1380 4587 1599 4658 φίλτρον
1654 4586 1745 4641 τοῦ

177 4673 402 4736 κάλλους
425 4678 523 4746 τῆς
545 4675 722 4746 ψυχῆς
747 4675 901 4747 ὑμῶν
927 4675 1190 4746 ἐξεκαύθη
1199 4692 1314 4746 μεν.
1342 4674 1452 4728 Καὶ
1473 4676 1582 4746 γὰρ
1613 4675 1746 4744 πρὸς

176 4766 286 4828 τοῖς
318 4765 761 4836 ἐπεσταλμένοις,
796 4767 1057 4830 τοιούτοις
1089 4763 1256 4830 οὖσιν,
1296 4765 1374 4818 ἔτι
1419 4765 1512 4817 καὶ
1564 4767 1597 4836 ἡ
1639 4765 1747 4818 τῶν

181 4855 568 4921 μεσιτευόντων
634 4856 879 4926 ἀδελφῶν
941 4858 1308 4927 ἐπιτηδειότης
1359 4856 1746 4927 ἐναργέστερον

179 4946 307 5014 ἡμῖν
339 4945 544 4998 ἐδείκνυ
582 4945 651 5000 τὰ
684 4948 804 5001 καθ’
834 4949 996 5018 ὑμᾶς.
1038 4949 1094 5001 Ὀ
1119 4947 1226 5019 γὰρ
1259 4945 1627 5009 ποθεινότατος
1656 4947 1748 5000 καὶ

180 5036 565 5103 εὐλαϐέστατος
593 5040 1071 5112 συμπρεσϐύτερος
1095 5040 1251 5110 ήμῶν
1269 5041 1538 5105 Ἀκάκιος,
1564 5039 1746 5093 πλείο-

182 5144 244 5179 να
286 5129 395 5182 τῶν
445 5131 861 5200 ἐπεσταλμένων
905 5133 1280 5202 διηγούμενος,
1334 5135 1427 5187 καὶ
1491 5135 1581 5188 ὑπ’
1627 5133 1747 5202 δψιν

249 5284 360 5350 (49)
387 5285 498 5338 Καὶ
526 5287 846 5341 ἐπιστελεῖ.
879 5287 957 5341 Ita
996 5299 1105 5342 tres
1125 5288 1474 5342 vetustissimi
1501 5288 1744 5347 codices.

183 5355 742 5428 quibus_alii_favent,
772 5359 828 5412 in
869 5359 1070 5427 quibus
1097 5359 1292 5428 legitur
1315 5358 1637 5411 ἐπιστέλλει.
1679 5358 1749 5412 At

183 5422 305 5498 editi
331 5425 623 5480 admodum
671 5422 930 5483 mendose
978 5429 1072 5481 καὶ
1118 5422 1448 5498 ἐπιστέλλειν
1488 5429 1631 5498 ὑμᾶς
1669 5428 1751 5480 δεῖ

186 5493 360 5614 πάλὲν.
411 5512 474 5548 ac
520 5513 610 5551 vos
665 5498 809 5552 decet
852 5499 1042 5552 iterum
1092 5497 1161 5550 ad
1221 5515 1339 5552 eum
1392 5493 1749 5552 convenientia

186 5579 283 5614 scr:
315 5580 421 5614 ere.

186 5579 421 5618 πηυει-ε.

252 5633 370 5708 (50)
398 5635 774 5708 -ἘτιεΗοηο
831 5653 1018 5693 vocem
1078 5639 1387 5695 addidimus
1435 5653 1502 5693 ex
1539 5645 1748 5708 septem

189 5701 535 5780 mss_._l_hidem
563 5706 730 5780 Coisl.
763 5710 970 5780 primus
1001 5709 1300 5780 ἐγγυτέρω.

255 5772 363 5839 (51)
403 5772 778 5844 Πολιτικοῖς-ξ
816 5779 906 5834 Sic
943 5772 1089 5834 mss.
1125 5772 1348 5849 septem.
1373 5778 1516 5834 Editi
1547 5777 1748 5832 πολιτι-

1851 4601 1996 4642 mus.
2040 4586 2172 4639 Nam
2203 4595 2400 4655 praeter
2428 4586 2658 4649 litteras,
2691 4601 2814 4655 quae
2840 4587 3056 4656 quidem
3085 4589 3220 4644 tales
3264 4598 3412 4653 sunt,

1849 4679 2027 4736 adhuc
2041 4681 2202 4736 etiam
2228 4680 2457 4734 fratrum
2487 4681 2950 4736 internuntiorum
2979 4681 3177 4737 habilis
3205 4690 3258 4736 et
3291 4693 3414 4752 apta

1849 4769 2060 4826 indoles
2084 4771 2352 4826 illustrius
2376 4780 2560 4825 vestra
2584 4771 2744 4825 nobis
2770 4772 3060 4840 expressit.
3102 4771 3236 4826 Nam
3264 4773 3414 4828 desi-

1848 4860 2234 4916 deratissimus
2281 4867 2444 4928 atque
2503 4859 2957 4928 religiosissimus
3007 4860 3414 4930 compreshyter

1848 4953 2104 5016 Aeacius,
2135 4953 2291 5022 plura
2328 4965 2490 5020 quam
2536 4951 2839 5020 scripsistis
2867 4966 3153 5016 enarrans,
3186 4958 3239 5005 et
3272 4968 3414 5022 quo-

1849 5046 2114 5100 tidianum
2187 5052 2434 5100 vestrum
2487 5050 2807 5108 certamen,
2862 5051 3257 5113 strenuamque
3314 5061 3412 5114 pro

1848 5139 2050 5209 pietate
2097 5137 2504 5192 dimicationem
2551 5135 2687 5205 ipsis
2731 5135 2903 5190 oculis
2935 5137 3254 5206 sul-.jicieus,
3290 5143 3415 5190 tan-

1849 5313 2023 5433 κοῖἑὲξ)
2057 5362 2456 5434 Ἀποκλεγῖσαι.
2488 5361 2705 5415 Addunt
2721 5361 2988 5434 clausula:
3011 5361 3131 5434 loco
3146 5361 3412 5434 ἔρρωσθε,

1851 5429 2036 5497 valete,
2080 5443 2189 5486 tres
2221 5433 2457 5493 codices,
2489 5447 2682 5500 uempc
2719 5429 2891 5495 Harl.,
2923 5433 3092 5487 Coisl.
3123 5429 3333 5502 prtinus
3365 5441 3416 5486 et

1850 5505 2202 5646 Οιῖἓὲῗιὶὴν
2239 5570 2371 5646 περί
2413 5569 2591 5639 ὑμᾶς.
2631 5569 2726 5646 "te
2749 5586 2910 5646 voces
2957 5571 3173 5646 additte
3196 5579 3416 5627 suntex

1849 5640 2052 5714 septem
2082 5640 2568 5714 niss._Ya_t_icauus_
2589 5641 2760 5695 codex
2792 5642 2890 5710 τήν
2912 5644 3038 5714 περὶ
3063 5641 3234 5714 ὑμῶν.

1925 5719 1940 5736 ’
1972 5714 2118 5768 Alias
2147 5709 2420 5768 CCXCIX.
2456 5709 2667 5780 Scripta
2703 5709 2997 5768 anno’575.
