3900 6208
480 374 584 429 επις

1784 368 1840 424 S.
1880 363 2120 426 BASlLll
2161 366 2375 426 MAGM
3592 368 3675 422 Sili

482 500 594 546 tam
626 489 757 544 mihi
784 488 1015 545 incussit
1040 488 1478 552 admirationem,
1514 502 1577 543 ac
1600 495 1814 543 tantum
1854 505 2049 545 accen-

2173 494 2296 560 ίγων
2330 491 2428 563 τὴν
2460 486 2833 561 καθημερινὴν
2862 483 3015 559 ὑμῶν
3040 486 3283 558 ἄθλησιν,
3315 482 3406 538 καὶ
3437 483 3526 556 τὴν
3554 484 3678 538 sine.

484 581 566 636 dit
599 578 933 635 desiderium
973 578 1176 633 vestris
1221 578 1379 633 bonis
1414 575 1753 647 perfruendi,
1782 586 1843 633 ut
1866 578 2053 634 Domi-

488 688 618 727 num
671 687 879 743 rogem,
915 677 1132 740 tempus
1173 669 1465 741 aliquando
1505 668 1647 734 dari,
1682 687 1792 741 quo
1836 670 2054 742 propria

487 766 650 819 etiam
692 762 1025 833 experientia
1058 776 1239 816 rerum
1289 769 1590 817 vestrarum
1628 773 1827 818 statum
1860 778 2058 833 cogno-

490 871 661 913 scam.
709 854 990 909 Nuntiavit
1045 852 1191 908 enim
1245 854 1380 907 mihi
1423 871 1531 909 non
1563 855 1741 909 solum
1790 864 2054 919 vestram,

489 948 691 1020 quibus
716 945 1069 1001 commissum
1101 952 1185 999 est
1216 944 1404 999 altaris
1428 945 1811 1008 ministerium,
1830 961 2056 1000 accura-

489 1051 596 1096 tam
628 1036 821 1108 agendi
865 1036 1155 1100 rationem,
1193 1036 1288 1090 sed
1316 1036 1503 1106 populi
1534 1037 1695 1091 etiam
1727 1038 1893 1093 totius
1927 1052 2058 1093 con-

490 1130 755 1193 cordiam,
799 1136 854 1183 et
902 1142 1091 1183 eorum
1122 1128 1219 1197 qui
1252 1127 1460 1182 civitati
1505 1137 1767 1199 praesunt,
1800 1128 2059 1198 illiusque

489 1238 579 1278 res
632 1228 852 1293 gerunt,
890 1219 1269 1290 magnanimos
1319 1234 1521 1284 mores,
1564 1234 1629 1274 ac
1679 1219 1955 1276 sincerum
2002 1220 2059 1274 in

490 1313 660 1369 Deum
713 1326 993 1378 amorem;
1034 1308 1170 1365 adeo
1199 1318 1261 1364 ut
1302 1310 1517 1365 beatam
1560 1310 1846 1382 praedicem
1874 1308 2061 1365 Eccle-

494 1405 631 1461 siam
667 1417 732 1457 ex
764 1402 966 1457 talibus
997 1408 1363 1466 constantem,
1404 1414 1469 1455 ac
1519 1417 1665 1456 nunc
1687 1401 2060 1456 vehementius

494 1508 684 1564 precer
745 1490 1045 1561 spiritalem
1090 1489 1247 1545 vobis
1300 1490 1752 1561 tranquillitatem
1810 1489 2058 1553 concedi,

493 1592 556 1639 ut
605 1598 724 1653 quae
770 1596 916 1636 nunc
960 1580 1277 1637 certaminis
1333 1588 1578 1652 tempore
1626 1581 1942 1654 peregistis.
1994 1580 2061 1635 iis

496 1685 740 1747 tempore
791 1674 993 1745 quietis
1031 1674 1314 1728 fruamini.
1374 1672 1559 1730 Solent
1610 1675 1755 1730 enim
1798 1672 2062 1745 quodam-

495 1766 659 1822 modo
688 1780 809 1836 qua:
849 1764 903 1819 in
944 1764 1275 1835 experiendo
1301 1765 1528 1821 molesta
1556 1773 1704 1832 sunt,
1731 1766 2061 1834 voluptatem

2153 599 2245 636 vov
2275 580 2413 653 ὑπὲρ
2440 579 2541 650 τῆς
2567 578 2848 643 εὐσεϐείας
2890 577 3159 640 ἔνστασιν,
3204 572 3453 628 τοσοῦτον
3474 574 3590 642 ἡμῖν
3610 575 3680 625 ὲν-

2155 675 2377 745 εποίησε
2422 673 2482 727 τὸ
2532 672 2737 744 θαῦμα,
2788 672 2884 726 καὶ
2935 668 3188 724 τοσοῦτον
3243 670 3427 740 ἤγειρε
3476 667 3575 738 (55)
3610 666 3681 719 τὸν

2156 766 2320 820 πόθον
2354 767 2455 836 τῆς
2501 765 2853 828 ἀπολαύσεως
2902 763 3009 816 τῶν
3054 763 3110 815 έν
3156 761 3285 832 ὑμῖν
3340 758 3529 825 καλῶν,
3571 758 3683 811 ὥστε

2157 855 2551 928 προσεύχεσθαι
2578 857 2726 927 ἡμᾶς
2765 854 2842 925 τῷ
2881 852 3063 925 Κυρίῳ
3095 850 3345 921 γενέσθαι
3381 849 3505 904 ποτὲ
3531 848 3686 919 καιρίων

2157 947 2251 1000 καὶ
2291 946 2378 1000 διά
2424 950 2526 1019 τῆς
2563 945 2768 1010 οἰκείας
2797 945 2992 1017 πείρας
3028 943 3291 1016 γνωρίσαι
3321 942 3389 995 τά
3421 940 3683 1010 καθ’ὐμᾶς.

2159 1036 2264 1091 Καὶ
2304 1038 2413 1111 γὰρ
2457 1037 2790 1110 ἀπήγγειλεν
2826 1039 2957 1108 ἡμῖν
3002 1035 3063 1090 ού
3111 1035 3268 1105 μόνον
3310 1032 3460 1105 ὑμῶν
3489 1030 3583 1085 τῶν
3612 1029 3689 1101 τὴν

2157 1125 2497 1198 λειτουργίαν
2554 1126 2648 1180 τοῦ
2700 1124 3083 1198 θυσιαστηρίου
3142 1122 3575 1209 πεπιστευμένων
3613 1120 3691 1190 τὴν

2160 1219 2463 1292 ἀκρίϐειαν,
2493 1218 2627 1273 ἀλλά
2666 1220 2759 1273 καὶ
2800 1217 2891 1273 τοῦ
2944 1217 3113 1289 δήμου
3165 1214 3364 1278 παντὸς
3387 1212 3481 1284 τὴν
3510 1228 3693 1283 συμφω-

2160 1310 2298 1376 νίαν,
2332 1312 2425 1364 καὶ
2462 1310 2571 1364 τῶν
2604 1310 3029 1382 καθηγουμένων
3053 1308 3154 1377 τῆς
3182 1307 3390 1369 πόλεως
3420 1306 3511 1358 καί
3535 1318 3697 1374 προπο-
3722 1314 3725 1317 ‘

2159 1401 2517 1472 λιτευομένων
2552 1402 2719 1472 αὐτῆς
2751 1401 2812 1454 τὸ
2852 1397 3192 1471 μεγαλοφυὲς
3233 1396 3343 1451 τῶν
3374 1396 3596 1467 τρόπων,
3622 1391 3698 1445 καὶ

2158 1490 2222 1543 τὸ
2253 1490 2472 1562 γνήσιον
2510 1490 2610 1561 τῆς
2641 1488 2769 1559 περ)¹
2815 1488 2947 1541 Θεὸν
2993 1486 3303 1549 διαθέσεως,
3332 1483 3471 1537 ὥστε
3505 1482 3695 1554 μακαρία

2164 1598 2251 1634 σαι
2282 1583 2429 1652 ἡμᾶς
2453 1581 2552 1652 τὴν
2584 1582 2649 1634 ἐκ
2680 1581 2788 1634 τῶν
2815 1579 3069 1633 τοιούτων
3087 1578 3303 1650 συμπλη
3314 1576 3567 1650 ρουμένην
3601 1575 3701 1626 Ἐκ-

2162 1671 2411 1744 κλησίαν,
2451 1672 2545 1725 καὶ
2592 1669 2844 1742 εὔχεσθαι
2885 1670 2979 1724 νῦν
3024 1670 3186 1723 πλέον
3231 1668 3450 1739 δοθῆναι
3491 1669 3605 1738 ὑμῖν
3624 1667 3704 1735 τὴν

2164 1763 2535 1835 πνευματικὴν
2569 1763 2841 1835 γαλήνην·
2882 1762 2969 1815 ’ίνα
3009 1761 3046 1817 ἀ
3090 1760 3184 1814 νῦν
3224 1761 3282 1814 ὲν
3320 1759 3401 1831 τῷ
3436 1757 3599 1828 καιρῷ
3624 1757 3704 1823 τῆς

498 1857 689 1913 afferre
725 1856 1162 1912 recordantibus.
1195 1854 1314 1910 Jam
1345 1871 1475 1912 vero
1505 1856 1651 1927 quod
1683 1856 1749 1911 ad
1780 1860 2066 1927 prteseutia

2173 1852 2443 1924 ἀθλήσεως
2482 1851 2860 1917 ἐπεδείξασθε,
2909 1850 3112 1904 τούτων
3156 1851 3213 1902 ὲν
3249 1847 3329 1917 τῷ
3366 1848 3470 1919 τῆς
3509 1846 3707 1907 ἀνέσεως

498 1949 711 2010 attinet,
727 1948 987 2003 adhortor
1002 1961 1096 2001 vos
1114 1955 1249 2001 utne
1262 1946 1417 2002 malis
1429 1947 1658 2012 cedatis,
1674 1963 1808 2003 neve
1824 1949 2068 2005 animum

498 2039 572 2096 ob
598 2039 949 2095 continentes
977 2052 1251 2093 aerumnas
1284 2037 1697 2107 despondeatis.
1728 2038 1905 2110 Prope
1925 2040 2070 2095 enim

497 2147 733 2196 coronae,
779 2139 833 2187 et
864 2147 1030 2203 prope
1077 2131 1286 2185 Domini
1334 2131 1619 2186 auxilium.
1663 2130 1865 2188 Cavete
1893 2131 2071 2188 effun-

498 2224 641 2280 datis
685 2239 806 2295 qua:
841 2224 953 2294 jam
1004 2224 1328 2280 exantlastis
1366 2242 1381 2277 :
1419 2239 1554 2279 neve
1582 2224 1799 2277 irritum
1830 2224 2073 2280 reddatis

498 2316 663 2389 335.
721 2317 966 2371 laborem
1031 2323 1147 2372 toto
1197 2324 1466 2371 terrarum
1524 2316 1656 2371 orbe
1713 2316 2067 2372 celebratum.

500 2408 868 2464 Brevissimus
918 2422 1099 2462 rerum
1152 2405 1517 2461 humanarum
1572 2415 1751 2462 status
1804 2423 1819 2459 :
1879 2406 2071 2462 Omnis

503 2512 628 2550 caro
659 2496 858 2566 fenum,
907 2504 957 2550 et
1005 2497 1176 2549 omnis
1205 2495 1377 2565 gloria
1419 2495 1646 2550 hominis
1690 2505 1941 2562 tanquam
1972 2496 2072 2565 ﬂos

503 2583 628 2653 feni.
673 2581 898 2636 Exaruit
940 2583 1137 2652 fenum,
1183 2592 1233 2636 et
1275 2583 1374 2652 ﬂos
1425 2582 1670 2647 decidit;
1709 2583 1919 2638 verbum
1970 2601 2072 2638 auo

504 2684 605 2730 tem
659 2673 873 2727 Domini
916 2684 1093 2728 manet
1138 2674 1193 2728 in
1238 2685 1493 2729 wternum
1531 2674 1596 2728 ¹⁷.
1627 2670 1911 2747 Prmeepto
1949 2690 2074 2746 per-

474 2763 745 2819 ~manenti
784 2762 1149 2831 adhaerentes,
1186 2762 1387 2819 ﬂuxam
1430 2781 1612 2821 rerum
1652 2769 1889 2838 speciem
1921 2783 2074 2839 sper-

476 2870 724 2911 'namus.
753 2854 874 2910 Non
925 2869 1134 2925 paucas
1182 2855 1460 2913 Eeelesias
1498 2859 1672 2913 erexit
1706 2868 1946 2915 vestrum
1979 2875 2077 2915 ex-

504 2945 777 3014 emplum.‘
807 2944 1032 2999 Multam
1072 2959 1176 3000 nec
1206 2946 1495 3015 opinantes
1520 2949 1678 3004 vobis
1705 2952 2074 3020 comparastis

507 3035 839 3101 mercedem,
876 3036 1006 3090 dum
1051 3035 1304 3092 rudiores
1346 3037 1412 3091 ad
1443 3053 1629 3110 parem
1662 3042 2073 3098 aemulationem

508 3125 870 3194 provocastis.
926 3126 1198 3196 Locuples
1228 3136 1311 3181 est
1343 3138 1747 3194 remunerator,
1781 3144 1846 3185 ac
1893 3138 2074 3202 potest

514 3216 672 3270 vobis
701 3217 866 3288 digna
897 3218 1083 3289 largiri
1113 3219 1474 3273 certaminum
1506 3222 1751 3291 praemia.

2171 1945 2345 2016 χρόνῳ
2366 1943 2662 2017 κομίσησθε
2685 1943 2784 2015 τὴν
2811 1941 3127 1997 ἀπόλαυσιν.
3155 1941 3373 2010 Πέφυκε
3405 1940 3511 2010 γάρ
3530 1955 3632 2001 πως
3654 1936 3707 1987 ti

2169 2035 2401 2109 δυσχερῆ
2435 2036 2578 2091 κατά
2615 2035 2713 2108 τὴν
2762 2038 2955 2107 πεῖραν
2990 2033 3183 2107 ἡδονὴν
3226 2033 3417 2105 φέρειν
3458 2032 3566 2093 τοῖς
3598 2029 3708 2082 ὑπο-

2174 2129 2651 2201 μιμνησκομένοις.
2675 2129 2749 2183 Τὸ
2774 2128 2834 2183 δὲ
2858 2128 2952 2182 νῦν
2988 2126 3109 2197 ἔχον
3150 2123 3568 2196 παρακαλοῦμεν
3594 2121 3708 2191 ὑμᾶς

2175 2221 2249 2293 μὴ
2282 2223 2558 2285 ἐκκακεῖν,
2617 2220 2753 2293 μηδὲ
2782 2219 3145 2292 ἀπαγορεύειν
3174 2215 3310 2288 πρὸς
3334 2214 3440 2287 τὴν
3471 2212 3711 2283 συνέχειαν

2170 2314 2277 2367 τῶν
2308 2311 2620 2367 κακώσεων.
2664 2314 2858 2382 Ἐγγύς
2890 2312 2999 2383 γὰρ
3024 2311 3074 2365 οί
3109 2309 3395 2378 στέφανοι,
3442 2305 3533 2360 καὶ
3578 2303 3712 2371 ὲγῇς

2171 2406 2204 2477 ἦ
2235 2403 2514 2475 ἀντίληψις
2545 2401 2639 2456 τοῦ
2685 2403 2913 2475 Κυρίου.
2966 2401 3057 2473 Μὴ
3100 2399 3329 2471 ὲκχέητε
3359 2396 3432 2450 τὰ
3471 2409 3712 2467 προπεπο-

2173 2494 2381 2566 νημένα
2412 2496 2539 2567 ὑμῖν
2558 2512 2572 2527 ·
2612 2495 2686 2566 μὴ
2711 2492 3047 2566 ἀχρειώσητε
3072 2494 3164 2546 τὸν
3190 2491 3356 2545 κόπον
3395 2488 3490 2542 τὸν
3525 2486 3605 2539 διὰ
3628 2484 3711 2537 πά-

2175 2603 2274 2657 σης
2317 2586 2415 2658 τῆς
2463 2585 2785 2657 οἰκουμένης
2831 2584 3173 2657 βεϐοημένον.
3214 2580 3594 2653 Ὀλιγοχρόνιοι
3627 2575 3714 2629 τιὶν

2174 2674 2525 2746 ἀνθρωπίνων
2582 2674 2920 2748 πραγμάτων
2992 2675 3047 2728 αἱ
3120 2672 3516 2735 καταστάσεις·
3572 2666 3717 2723 Πᾶσα

2173 2768 2331 2837 σὰρξ
2377 2770 2625 2838 χόρτος,
2685 2767 2785 2822 καί
2845 2767 3012 2823 πᾶσα
3080 2767 3229 2831 δόξα
3291 2763 3602 2833 ἀνθρώπου
3653 2760 3717 2824 ὡς

2174 2856 2354 2923 ἄνθος
2380 2858 2616 2927 χόρτου.
2658 2856 2988 2925 Ἐξηράνθη
3017 2859 3050 2911 ὁ
3084 2856 3320 2926 χόρτος,
3351 2854 3455 2909 καὶ
3481 2853 3546 2907 τὸ
3567 2850 3717 2913 ἄνθος

2173 2948 2425 3013 ἐξέπεσε
2454 2948 2564 3021 (55)
2586 2963 2600 2978 '
2651 2946 2718 3002 τὸ
2759 2947 2829 3001 δὲ
2871 2948 3038 3018 ῥῆμα
3075 2949 3296 3016 Κυρίου
3322 2948 3493 3017 μένει
3527 2947 3607 3011 εἰς
3634 2943 3718 2997 τὸν

2173 3036 2374 3090 αἰῶνα.
2423 3035 2534 3109 Τῆς
2576 3034 2937 3108 διαμενούσης
2982 3036 3201 3108 ἐντολῆς
3242 3036 3606 3107 ἀντεχόμενοι,
3642 3032 3720 3099 τῆς

2175 3129 2593 3201 παρερχομένης
2635 3129 2937 3198 φαντασίας
2974 3131 3497 3200 καταφρονήσωμεν.
3549 3123 3720 3184 Πολλὰς

2098 3208 2142 3266 C
2187 3221 2513 3291 Ἐκκλησίας
2539 3220 2827 3292 ἀνώρθωσε
2851 3220 2913 3273 τὺ
2953 3220 3073 3274 καθ’
3110 3221 3253 3291 ὑμᾶς
3285 3219 3399 3290 (56)
3434 3218 3720 3287 ὑπόδειγμα.

507 3306 697 3373 nam,
726 3308 866 3362 κατά
896 3307 956 3362 τὸ
996 3308 1273 3373 λανθάνον,
1304 3310 1513 3375 ἑαυτοῖς
1559 3311 1893 3382 συνηγάγετε
1927 3312 2019 3366 τὸν
2059 3311 2248 3381 μισθὸν
2269 3350 2283 3374 ,
2325 3311 2392 3363 δι’
2431 3304 2506 3364 ὧν
2536 3312 2662 3373 τοὺς
2703 3312 3090 3384 ἀπειροτέρους
3138 3314 3217 3376 εἰς
3256 3312 3346 3365 τὸν
3378 3313 3561 3383 ὅμοιον
3592 3309 3722 3380 ζῆλον

506 3401 995 3456 ποοσεκαλέσασθε.
1027 3401 1283 3468 Πλούσιος
1310 3406 1339 3457 ὁ
1364 3404 1781 3479 μισθαποδότης,
1808 3407 2103 3478 δυνάμενος
2133 3408 2260 3479 ὑμῖν
2288 3407 2413 3474 ἄξια
2450 3406 2779 3478 χαρίσασθαι
2804 3408 2913 3461 τῶν
2942 3406 3167 3476 ἀγώνων
3207 3408 3275 3462 τά
3309 3407 3539 3461 ἔπαθλα.

937 3609 1275 3666 EPISTOLA
1311 3611 1565 3668 CCXXI'.

2691 3616 3037 3671 ΕΠΙΣΤΟΔΗ
3074 3613 3241 3669 ΣΚΛθ.

506 3727 762 3795 Signiﬁcat
792 3728 1009 3781 Basilius
1041 3729 1166 3795 plebi
1196 3729 1455 3803 Dei-mensi
1468 3731 1535 3781 ad
1552 3745 1793 3803 umorem,
1824 3746 1918 3800 quo
1948 3733 2075 3803 illos.
2092 3714 2223 3799 fama
2261 3737 2471 3801 cognitos
2503 3738 2895 3803 prosequebatur,
2928 3737 3192 3802 plurimum
3220 3735 3484 3788 accessisse
3509 3747 3569 3787 ex
3589 3745 3724 3785 eorum

1206 3792 1399 3843 litteris.
1428 3794 1612 3843 Laudat
1643 3808 1808 3845 eorum
1836 3792 2173 3859 "constantiam,
2205 3813 2249 3850 et
2274 3792 2674 3852 oirseverbntiani
2693 3800 2792 3851 illis
2808 3792 3052 3864 precatur.

1159 3900 1423 3955 Bermreu.

580 4012 919 4069 Noveramus
961 4027 1059 4067 vos
1101 4016 1215 4081 jam
1266 4023 1449 4079 antea,
1498 4015 1979 4084 desideratissimi,
2011 4034 2077 4074 ex

510 4106 871 4161 celeberrima
902 4114 1087 4161 vestra
1121 4105 1320 4175 pietate
1356 4113 1411 4161 et
1443 4122 1509 4161 ex
1541 4122 1746 4162 corona
1784 4109 1838 4162 in
1868 4109 2078 4164 Christi

512 4196 863 4261 confessione
891 4204 1230 4266 comparata.
1267 4196 1332 4250 Et
1373 4196 1563 4252 forsan
1601 4199 1802 4269 aliquis
1835 4207 2075 4255 vestrum

512 4286 761 4341 dicturus
799 4292 883 4341 est
922 4303 937 4339 :
968 4284 1172 4355 Ecquis
1210 4286 1326 4341 haec
1365 4286 1420 4340 in
1457 4288 1734 4357 regionem
1771 4288 1933 4359 longe
1960 4289 2077 4344 dis.

512 4378 674 4433 sitam
719 4377 1064 4446 exportavit?
1110 4376 1374 4433 Dominus
1409 4378 1528 4449 ipse
1560 4398 1574 4435 :
1615 4382 1707 4450 qui
1739 4397 1872 4437 suos
1903 4383 2078 4438 culto-

2616 3912 2772 3979 Πρὸς
2801 3911 2942 3977 τοὺς
2977 3912 3048 3964 ἐν
3080 3914 3309 3979 Βεροίᾳ.

2258 4024 2540 4095 Ἔγνωμεν
2563 4026 2706 4094 ὑμᾶς
2732 4024 3109 4094 προλαϐόντες,
3157 4024 3540 4086 ποθεινότατοι,
3566 4026 3624 4076 ὲκ
3644 4021 3726 4087 τῆς

2182 4111 2587 4183 ὲκϐεϐοημένης
2643 4114 2795 4183 ὑμῶν
2861 4113 3142 4179 εὐλαϐείας
3167 4159 3182 4178 ,
3246 4117 3341 4168 καὶ
3403 4117 3500 4170 τοῦ
3557 4112 3725 4181 στεφά-

2183 4219 2275 4257 νου
2298 4204 2409 4276 (57)
2437 4205 2539 4276 τῆς
2578 4206 2720 4260 κατά
2761 4207 2995 4278 Χριστὸν
3024 4208 3329 4279 ὁμολογίας.
3375 4206 3485 4261 Καὶ
3526 4207 3643 4267 ἴσως
3674 4205 3726 4258 ἄν

2182 4312 2265 4361 τις
2293 4296 2446 4368 ὑμῶν
2479 4299 2633 4370 φαίη·
2659 4300 2768 4353 Καὶ
2794 4300 2877 4364 τίς
2903 4303 2930 4355 ό
2966 4302 3045 4365 είς
3073 4302 3170 4373 τὴν
3200 4300 3416 4372 μακρὰν
3452 4301 3562 4367 (58)
3584 4297 3726 4351 ταῦτα

2182 4384 2651 4458 διαπορθμεύσας;
2690 4389 2893 4460 Κύριος
2931 4390 3111 4454 αὐτὸς,
3155 4391 3215 4454 ὃς
3255 4392 3379 4453 τοὺς
3403 4390 3727 4449 εὐσεϐοῦντας

513 4485 602 4524 res
632 4469 810 4525 instar
861 4469 1098 4524 lucerna:
1147 4470 1426 4526 collocaris
1467 4472 1525 4525 in
1570 4473 1925 4537 candelabro,
1961 4489 2069 4544 pert

2186 4479 2265 4540 εἰς
2289 4479 2449 4532 αὑτὸν
2469 4481 2654 4551 τρόπῳ
2682 4481 2872 4553 λύχνου
2905 4482 3071 4547 τιθεὶς
3109 4484 3203 4537 ἐπὶ
3232 4483 3330 4553 τὴν
3356 4483 3597 4553 λυχνίαν,
3622 4480 3725 4548 φαί-

514 4560 626 4616 llcit
681 4566 740 4614 ut
804 4566 921 4615 toto
956 4566 1232 4615 terrarum
1303 4562 1438 4617 orbe
1502 4563 1776 4618 eluceant.
1838 4564 2081 4620 Annon

510 4654 752 4707 victores
781 4651 1019 4708 athletas
1049 4651 1331 4707 celebrare
1353 4653 1493 4708 solet
1525 4654 1705 4723 palma
1730 4654 1997 4720 victoriae,
2026 4664 2081 4711 et

512 4743 753 4799 artiﬁces
794 4743 978 4815 operis
1033 4744 1301 4800 solertia?
1334 4743 1490 4810 Quod
1525 4746 1573 4800 si
1616 4747 1688 4801 ob
1722 4747 1837 4801 haec
1881 4756 1935 4803 et
1971 4748 2077 4803 alia

511 4833 780 4905 ejusmodi
826 4834 1154 4890 immortalis
1189 4836 1450 4889 memoria
1487 4844 1771 4905 permanet
1803 4853 1818 4902 ;
1850 4852 1946 4893 eos
1982 4840 2077 4908 qui

512 4927 599 4995 pie
643 4924 949 4981 secundum
982 4924 1263 4981 Christum
1302 4926 1515 4991 vivunt,
1566 4928 1635 4983 de
1688 4930 1890 4999 quibus
1935 4931 2078 5001 ipse-

510 5026 623 5074 met
659 5017 926 5074 Dominus
975 5017 1072 5083 ait,
1122 5015 1493 5087 Gloriﬁcanles
1541 5036 1621 5074 me
1651 5021 1961 5091 gloriﬁcabo
2008 5023 2073 5086 ¹⁸,

587 5177 628 5208 ⁸⁷
660 5176 763 5230 lsa.
814 5190 904 5238 at,
936 5174 1053 5229 6-8.
1132 5174 1173 5206 ⁸³
1204 5172 1225 5226 l
1261 5173 1396 5246 Reg.
1427 5191 1489 5241 ιι,
1530 5176 1617 5231 30.

582 5335 598 5352 ‘
639 5331 786 5385 Alias
816 5329 1131 5386 CCXCVIII.
1166 5329 1377 5400 Scripta
1398 5344 1543 5400 anno
1569 5332 1693 5387 575.

576 5401 687 5467 (54)
730 5403 809 5455 ’Ἠ
876 5418 983 5469 cpe.
1010 5401 1085 5453 lta
1106 5416 1202 5456 sex
1234 5399 1367 5456 mss.
1393 5399 1534 5455 Editi
1559 5405 1826 5473 ἐνηγειρε.

584 5470 693 5534 (55)
742 5417 1040 5534 Ἐἐῖπεσω
1074 5469 1233 5526 Deest
1256 5473 1361 5525 hoc
1389 5473 1613 5526 verbum
1657 5475 1710 5526 in
1749 5488 1826 5526 co:

584 5470 693 5540 (55)
742 5469 1040 5534 Ἐξέπεσε.
1074 5469 1233 5526 Deest
1256 5473 1361 5525 hoc
1389 5473 1613 5526 verbum
1641 5469 1710 5526 'in
1746 5469 1936 5526 codice
1968 5471 2077 5527 Me—

510 5539 700 5594 dicato.

514 5695 548 5731 κ

608 5609 695 5699 ξιξ)
847 5610 976 5665 καθ’
1008 5608 1184 5678 ὑμᾶς.
1222 5608 1358 5666 Male
1389 5608 1444 5665 in
1486 5610 1770 5666 editionel
1809 5608 1983 5669 Paris.
2017 5611 2078 5665 τὸ

552 5679 855 5821 (1.ῗὸζάμὲξῦ
896 5747 1221 5817 στεφάνου.
1268 5748 1343 5802 lta
1391 5758 1515 5805 octo
1572 5765 1704 5805 mss.
1759 5749 1899 5804 Editi
1947 5751 2070 5814 τοὺς

2185 4584 2295 4622 νειν
2323 4572 2466 4622 ποιεῖ
2509 4572 2629 4624 καθ’
2668 4572 2795 4644 ὅλης
2853 4572 2951 4644 τῆς
3000 4575 3340 4645 οἰκουμένης.
3382 4576 3454 4627 Ἦ
3482 4574 3597 4644 οὐχὶ
3627 4570 3728 4631 τοὺς

2184 4660 2447 4731 ἀριστέας
2473 4663 2581 4715 τῶν
2611 4664 2925 4733 ἀγωνιστῶν
2957 4666 3353 4736 ἀνακηρύττειν
3385 4665 3542 4718 εῐωθε
3570 4665 3624 4717 τὸ
3649 4663 3728 4727 τῆς

2183 4751 2340 4823 νίκης
2386 4752 2651 4824 βραϐεῖον,
2700 4755 2794 4808 καὶ
2840 4758 2963 4819 τοὺς
3015 4759 3350 4829 μηχανικοὺς
3391 4760 3424 4829 η
3469 4757 3559 4811 τοῦ
3594 4756 3727 4827 ἔργου

2183 4844 2425 4909 ὲπίνοιας
2474 4847 2540 4898 Εἰ
2585 4847 2642 4900 δὲ
2684 4848 2777 4901 ἐπὶ
2813 4847 3020 4913 τούτοις
3056 4849 3151 4903 καὶ
3193 4852 3307 4914 τοῖς
3341 4850 3599 4910 τοιούτοις
3622 4847 3729 4911 dit;-

2185 4951 2307 5000 στος
2367 4937 2478 5006 (59)
2532 4939 2564 5010 ἡ
2615 4940 2804 5010 μνήμη
2846 4941 3108 5011 διαμένει,
3165 4943 3292 5006 τοὺς
3342 4942 3485 4996 κατά
3527 4937 3728 5012 Χριστὸν

2181 5025 2560 5092 εύσεϐοὖντας,
2602 5029 2730 5099 περὶ
2765 5022 2840 5082 ὧν
2881 5029 3044 5094 αὑτός
3087 5047 3252 5100 φησιν
3299 5032 3328 5084 ὁ
3356 5030 3579 5101 Κύριος,
3610 5024 3727 5087 πὺς

2184 5352 2501 5475 “ﬁgitﬁgit
2533 5405 2649 5474 τὴν
2673 5406 2930 5477 μακράν.
2978 5405 3054 5459 lta
3084 5405 3493 5531 ϐοἱε1.(ρι·ίιηιιε
3522 5414 3575 5459 et
3603 5401 3721 5455 Harl.

2184 5478 2357 5531 prima
2403 5492 2565 5530 manu
2596 5491 2720 5531 cum
2758 5476 3006 5531 nluribus
3042 5477 3184 5531 aliis.
3223 5477 3265 5530 Ε
3308 5478 3366 5530 iti
3406 5479 3488 5531 εἰς
3517 5476 3612 5531 γῆν
3639 5486 3721 5531 μα-

2182 5478 2565 5552 priuua__manu
2596 5476 3006 5552 cumpluribus
3042 5477 3184 5533 aliis.
3223 5476 3366 5531 Editi
3406 5476 3612 5552 εὶίγῆν
3639 5486 3724 5552 μα-

2185 5548 2341 5688 κράν.
2374 5545 2578 5602 Ibidem
2608 5545 2776 5632 C'oisl.
2817 5556 3044 5617 uterque
3079 5556 3134 5601 et
3182 5562 3327 5601 unus
3359 5562 3418 5601 ex

2183 5632 2213 5667 τ
2255 5616 2847 5741 ἷεῧῗξιίῗῖηἶτῖἷῗίνὶια
2889 5702 3020 5741 mss.
3062 5703 3179 5741 sex.
3227 5685 3367 5741 Editi
3403 5685 3418 5739 ε

2255 5687 2367 5759 (59)

3466 5544 3639 5615 Regiis
3662 5544 3725 5600 εἰς

2412 5682 2733 5755 Ἄληστοςξ
2771 5685 2847 5741 lta
2889 5702 3020 5743 mss.
3062 5703 3179 5743 sex.
3227 5685 3367 5741 Editi
3403 5682 3616 5755 ἀληθοςο
