3900 6208
223 338 335 397 $17

1117 338 1607 397 EPISTOLARUM
1645 339 1930 400 CLASSIS
1970 342 2033 399 ll.
2072 341 2291 402 EPIST.
2330 342 2583 404 CCXXII.

3374 345 3479 401 818

224 452 590 520 δοξάζοντὰς
626 471 705 526 με
742 454 1003 522 δοξάσω,
1051 455 1165 520 πῶς
1191 456 1312 527 οὐχὶ
1356 457 1662 528 γνωρίμους
1707 456 1839 518 καὶ⁴

1928 459 2188 529 luomodo
2246 475 2358 516 non
2404 460 2650 516 illustres
2698 473 2763 515 ac
2830 458 3091 515 omnibus
3155 457 3482 529 conspicuos

224 544 509 614 διαφανεῖς
558 549 672 611 τοῖς
718 548 853 601 πᾶσι
906 551 1258 620 καταστήσει,
1309 551 1431 613 ταῖς
1480 549 1665 604 ἀκτῖσι
1715 547 1809 601 τοῦ

226 635 380 706 ἡλίου
436 638 793 708 συνεφαπλῶν
822 638 935 710 (60)
977 641 1075 709 τῆς
1118 639 1601 713 ὲξαστραπτούσης
1634 638 1813 693 αὑτῶν

225 725 576 799 λαμπηδόνος
615 728 676 781 τὸ
717 729 974 801 φαιδρόν;
1009 728 1246 794 Μείζονα
1283 730 1339 783 δὲ
1368 726 1524 794 αὖθις
1560 732 1692 801 ἡμῖν
1724 730 1815 784 τὸν

229 818 362 891 περὶ
392 820 536 890 ὑμᾶς
565 820 727 874 πόθον
768 822 1062 892 ὲνεθήκατε
1094 824 1436 894 γραμμάτων
1464 824 1613 894 ἡμᾶς
1648 820 1814 887 ἀξιώ-

230 923 452 971 σαντες.
488 910 582 963 καὶ
618 910 962 982 γραμμάτων
1004 910 1281 976 τοιούτων,
1314 913 1371 966 ὲν
1410 905 1493 975 οἷς
1532 910 1668 982 πρὸς
1704 912 1816 974 τοῖς

229 998 597 1068 προλαϐοῦσιν
642 1002 782 1075 ὑπὲρ
820 1002 921 1073 τῆς
962 1002 1242 1069 εὐσεϐείας
1286 1001 1627 1073 παλαίσμασι
1660 1000 1817 1054 πλου-

229 1089 358 1141 σίαν
390 1091 485 1145 καὶ
509 1092 875 1165 ἀκμαιοτέραν
901 1092 998 1165 τὴν
1027 1094 1167 1165 ὑπὲρ
1194 1095 1295 1163 τῆς
1316 1091 1551 1164 ἀληθοῦς
1581 1090 1815 1155 πίστεως

228 1181 671 1254 καρτερσψυχίαν
716 1183 1204 1255 ὲπεδαψιλεύσασθε
1244 1182 1377 1253 (61).
1412 1183 1526 1252 Ἐφ’
1557 1176 1637 1246 οἷς
1688 1197 1815 1234 συν-

228 1272 477 1343 ⁴ηδόμεθα
522 1276 670 1346 ὑμῖν,
716 1276 810 1329 καὶ
859 1274 1248 1346 συνευχόμεθα,
1282 1274 1431 1337 ὅπως
1467 1272 1496 1325 ό
1542 1270 1651 1325 τῶν
1680 1271 1816 1324 ὅλων

228 1362 391 1427 Θεὸς,
421 1355 483 1416 οὗ
513 1365 549 1432 ,ό
588 1363 756 1433 ἀγὼν,
789 1365 882 1419 καὶ
923 1359 984 1419 οὗ
1026 1365 1089 1418 τὸ
1138 1364 1390 1436 σκάμμα,
1437 1363 1532 1415 καὶ
1568 1360 1634 1414 δι’
1670 1354 1731 1415 οὗ
1764 1360 1814 1413 ol

232 1453 517 1524 στέφανοι,
552 1454 858 1527 προθυμίαν
889 1456 1184 1528 ἐμποιήσῃ,
1214 1454 1380 1526 ρὦιν
1427 1452 1605 1524 ψυχῆς
1632 1451 1814 1522 παρά-

234 1563 366 1617 σχῃ.
395 1547 490 1600 καὶ
517 1549 596 1610 εἰς
632 1546 841 1602 τελείαν
871 1546 1219 1620 εὐδοκίμησιν
1249 1546 1359 1620 (62)
1384 1545 1484 1618 τὴν
1511 1545 1638 1617 παρ’
1666 1541 1815 1614 αὑτῷ

231 1637 299 1692 τὸ
324 1637 484 1710 ἔργον
519 1638 672 1709 ὑμῶν
699 1640 902 1715 ἀγάγῃ.

747 1794 1092 1849 ΕΠΙΣΤΟΛΗ
1131 1792 1303 1850 ΣΚΒ’.

1918 548 2131 617 reddet,
2188 564 2297 604 una
2375 563 2500 605 cum
2557 549 2690 605 solis
2736 546 2908 604 radiis
2967 547 3250 618 explicans
3308 546 3485 616 fulgu-

1918 640 2093 695 rantis
2142 655 2332 695 eorum
2381 640 2569 711 gloriae
2624 639 3020 711 splendorem?
3066 629 3281 695 Rursus
3316 639 3486 695 'nobis

1918 732 2087 787 vestri
2129 730 2462 789 desiderium
2510 732 2690 803 majus
2742 731 3007 787 attulistis
3054 731 3253 787 litteris
3283 730 3351 786 ad
3385 745 3484 787 nos

1922 822 2166 892 scriptis,
2220 822 2594 892 etlejusmodi
2646 823 2868 888 litteris,
2926 823 2982 878 in
3036 822 3238 893 quibus
3290 828 3487 892 prater

1920 916 2205 985 superiora
2240 928 2341 985 pro
2373 914 2573 985 pietate
2599 914 2902 970 certamina
2924 912 3150 969 divitem
3184 919 3238 968 et
3259 912 3488 969 vividio—

1920 1021 2035 1061 rem
2075 1019 2175 1076 pro
2224 1018 2353 1061 vera
2396 1004 2501 1060 ﬁde
2531 1003 2698 1059 animi
2728 1003 3097 1059 constantiam
3139 1001 3481 1074 proludistis.

1923 1095 2001 1152 De
2070 1094 2272 1165 quibus
2320 1108 2433 1150 una
2484 1093 2767 1149 vobiscum
2828 1092 3153 1166 gaudemus,
3212 1092 3487 1164 simulque

1921 1201 2241 1259 precamur,
2308 1195 2370 1243 ut
2424 1185 2805 1243 universorum
2867 1185 3033 1249 Deus,
3098 1184 3258 1254 cujus
3308 1191 3488 1240 certa-

1921 1296 2069 1346 men,
2113 1278 2273 1349 cujus
2315 1293 2496 1351 pugna
2525 1285 2581 1335 et
2615 1292 2712 1349 per
2741 1292 2902 1348 quem
2939 1291 3168 1342 corona,
3201 1276 3487 1347 ingeneret

1923 1369 2094 1426 animi
2149 1370 2427 1434 ardorem,
2499 1369 2820 1424 corroboret
2894 1367 3170 1434 animam,
3222 1374 3279 1422 et
3348 1381 3487 1437 opus

1922 1469 2167 1519 vestrum
2203 1460 2270 1517 ad
2313 1459 2613 1532 perfectam
2641 1458 2783 1531 apud
2816 1459 3000 1530 ipsum
3036 1458 3488 1529 approbationem

1921 1554 2204 1625 perducat.

2361 1785 2696 1844 EPISTOLA
2727 1785 2998 1845 CCXXII'.

233 1901 499 1969 Signiﬁcat
518 1904 732 1957 Basilius
753 1920 805 1958 se
827 1904 960 1958 lectis
982 1920 1149 1958 earum
1169 1906 1345 1958 litteris
1362 1904 1629 1968 respirasse
1644 1917 1707 1957 ea:
1722 1897 1970 1972 utrumuis,
1994 1906 2039 1952 et
2061 1900 2250 1972 cognita
2267 1914 2434 1953 eorum
2454 1901 2688 1953 adversus
2705 1899 2973 1963 hwreticos,
2996 1914 3115 1966 quos
3134 1900 3282 1966 primi
3304 1902 3475 2014 garrule

305 1972 430 2018 runt.
455 1967 718 2017 constantia
739 1981 797 2018 ac
818 1968 938 2018 cleri
960 1967 1221 2018 praeeuntis
1255 1975 1302 2018 et
1334 1967 1501 2018 nonali
1522 1968 1846 2018 subsequentis
1865 1975 2117 2018 consensu.
2143 1975 2385 2015 acrtorem
2406 1961 2585 2018 factum
2604 1976 2706 2015 esse
2725 1964 2789 2013 ad
2809 1975 3014 2018 pugnas.
3042 1975 3151 2018 qua:
3175 1967 3307 2018 Carm
3372 1977 3475 2017 ocra

305 1961 443 2038 funt,
455 1967 718 2038 constantia
739 1981 797 2018 ac
818 1968 938 2019 cleri
959 1967 1221 2029 praeeuntis
1255 1975 1302 2021 et
1334 1961 1501 2033 populi
1522 1963 1846 2030 subsequentis
1865 1961 2385 2027 consensufacriorem
2405 1961 2585 2027 factum
2604 1976 2706 2015 esse
2725 1964 2789 2013 ad
2809 1961 3019 2028 pugnas,
3042 1961 3151 2028 qua?
3175 1961 3489 2028 Cappadocia

306 2035 569 2092 manarent,
593 2029 915 2081 sustinendus.
938 2033 985 2081 H
988 2037 1178 2082 artatur
1197 2037 1250 2082 ut
1274 2029 1324 2081 in
1343 2030 1434 2082 hoc
1452 2041 1685 2081 consensu
1708 2031 2024 2092 perseverent.

769 2139 928 2208 Πρός
956 2138 1308 2206 Χαλκιδέας.

313 2251 390 2305 Τὸ
409 2251 643 2324 γράμμα
672 2251 770 2324 τῆς
808 2251 1091 2317 εὐλαϐείας
1132 2251 1287 2324 ὑμῶν
1324 2248 1564 2306 τοιοῦτον
1599 2251 1820 2319 γέγονεν

236 2344 377 2414 ἡμῖν
416 2343 474 2396 ὲν
518 2341 695 2415 καιρῷ
749 2341 982 2413 θλίψεως
1038 2344 1329 2414 ἐπιφανὲν,
1383 2345 1565 2397 ὁποῖον
1613 2341 1821 2411 γίνεται

236 2433 505 2498 πολλάκις
536 2435 861 2504 ἀγωνισταῖς
886 2434 1106 2501 ἵπποις,
1144 2437 1200 2489 ἐν
1245 2433 1563 2507 μεψμῦρίᾳ
1588 2430 1824 2504 σταθερᾲ

234 2523 431 2596 λάϐρῳ
470 2524 547 2598 τῷ
593 2524 831 2597 ἄσθματι
879 2524 1026 2579 κόνιν
1084 2526 1392 2598 σπωμένοις
1446 2526 1503 2580 ὲν
1550 2524 1700 2596 μέσῳ
1744 2520 1824 2592 τῷ

237 2618 483 2690 σταδίῳ,
537 2617 681 2692 ὕδωρ
728 2620 840 2683 τοῖς
889 2619 1119 2691 στόμασι
1168 2617 1493 2691 πφσχυθὲν.
1540 2616 1825 2672 ’Δνεπνεύ-

237 2727 421 2780 σαμεν
458 2708 566 2781 γάρ
608 2711 672 2763 ὲκ
715 2710 814 2783 τῆς
860 2715 1143 2783 συνεχείας
1182 2710 1290 2766 τῶν
1341 2708 1683 2783 πειρασμῶν,
1733 2707 1826 2763 καὶ

236 2802 381 2875 ὁμοῦ
424 2821 484 2857 τε
524 2806 634 2869 τοῖς
675 2805 913 2876 ῥήμασιν
954 2803 1109 2876 ὑμῶν
1147 2804 1596 2878 ὲπεῤῥώσθημεν,
1630 2804 1725 2858 καὶ
1757 2805 1823 2875 τῇ

241 2898 436 2967 μνήμῃ
489 2896 596 2950 τῶν
648 2897 770 2950 καθ’
819 2898 963 2968 ὑμᾶς
1020 2896 1415 2968 ἀγωνισμάτων
1473 2897 1826 2967 εὑτονὼτεροι

237 2985 548 3057 γεγόναμεν
589 2985 723 3058 πρὸς
766 2986 828 3039 τὸ
865 2987 1159 3050 ἁνενδότως
1201 2988 1527 3056 ὑπενεγκεῖν
1564 2986 1655 3041 τὸν
1694 3002 1827 3059 προ-

240 3077 500 3147 κείμενον
555 3079 683 3149 ὑμῖν
737 3078 941 3147 ἀγῶνα.
996 3080 1055 3133 Ὀ
1105 3077 1216 3152 γὰρ
1264 3077 1630 3151 ἐμπρησμὸς,
1679 3079 1708 3132 ό
1759 3077 1827 3132 τὰ

244 3169 422 3223 πολλά
444 3169 545 3237 τῆς
566 3169 852 3241 Ἀνατολῆς
881 3170 1321 3240 ὲπινειμάμενος,
1352 3168 1585 3240 ὑφέρπει
1619 3166 1717 3238 ἤδη
1732 3166 1826 3220 καὶ

241 3263 348 3335 τὴν
380 3263 653 3334 ἡμετέραν
682 3262 815 3335 (63),
845 3265 939 3318 καὶ
959 3263 1025 3317 τά
1055 3263 1240 3335 κύκλῳ
1270 3264 1446 3316 πάντα
1477 3262 1823 3336 περιφλέξας,

246 3356 520 3411 ἅπτεσθαι
571 3357 862 3426 φιλονεικεί
902 3359 997 3412 καὶ
1033 3357 1141 3412 τῶν
1187 3360 1245 3411 ὲν
1293 3357 1660 3429 Καππαδοκίᾳ
1708 3357 1829 3410 Ἐκ-

243 3448 511 3520 κλησιῶν,
540 3447 607 3513 ἀς
634 3449 770 3513 τέως
796 3450 961 3505 ὲκίνει
1000 3450 1133 3523 πρὸς
1161 3449 1392 3522 δάκρυον
1421 3451 1449 3503 ό
1478 3451 1543 3504 ὲκ
1570 3450 1824 3519 γειτόνων
1851 3477 1894 3535 C

244 3543 476 3605 καπνός.
499 3543 802 3597 Ἀπτεσθαι
825 3544 869 3596 δ’
895 3539 990 3597 οὖν
1013 3543 1196 3597 λοιπὸν
1225 3543 1320 3598 καὶ
1344 3542 1503 3615 ήμῶν
1524 3543 1823 3612 ἐπείγεται,

243 3635 306 3689 ὃν
336 3638 366 3689 ό
389 3634 593 3708 Κύριος
629 3634 988 3707 ἀποστρέψειε
1021 3634 1098 3706 τῷ
1134 3634 1404 3705 πνεύματι
1438 3633 1533 3688 τοῦ
1563 3634 1827 3705 στόματος

245 3727 442 3795 αὑτοῦ,
482 3728 576 3781 καὶ
601 3726 876 3797 διακόψειε
904 3726 1003 3798 τὴν
1037 3726 1210 3796 φλόγα
1236 3725 1329 3780 τοῦ
1365 3724 1597 3797 πονηροῦ
1635 3724 1825 3779 τούτου

249 3818 457 3890 πυρόςῑ
492 3819 588 3883 Τίς
615 3817 724 3891 γάρ
761 3817 904 3872 οὑτω
940 3817 1110 3883 δειλὸς
1143 3819 1238 3873 καὶ
1273 3817 1563 3891 ἄνανδρος,
1604 3819 1638 3889 ἢ
1693 3818 1827 3889 πρὸς

247 3912 450 3975 πόνους
498 3910 623 3984 (64)
672 3910 996 3983 ἀθλητικοὺς
1041 3909 1405 3982 ἀμελέτητος,
1460 3909 1536 3974 ὡς
1585 3910 1660 3981 μὴ
1716 3912 1828 3972 τοῖς

248 4001 539 4075 ὑμετέροις
599 4002 1025 4074 ὑποφωνήμασιν
1087 4000 1490 4075 ἐπιρρωσθῆναι
1551 4000 1685 4073 πρὸς
1736 3999 1828 4053 τὸν

246 4092 460 4161 ἀγῶνα,
496 4092 589 4146 καὶ
623 4092 874 4164 εὔχεσθαι
905 4092 1022 4166 μεθ’
1055 4091 1207 4163 ὑμῶν
1238 4091 1561 4163 στεφανίτης
1590 4091 1828 4163 ἀναῤῥη-

249 4183 443 4253 θῆναις
468 4184 835 4255 Προλαϐόντες
857 4185 963 4257 γὰρ
998 4184 1398 4239 ὲναπεδὺσασθε
1430 4183 1507 4255 τῷ
1538 4185 1636 4255 τῆς
1670 4186 1825 4238 εὑσε-

250 4274 406 4340 ϐείας
438 4275 655 4348 σταδίῳ,
688 4277 782 4330 καὶ
814 4276 1012 4341 πολλὰς
1047 4277 1145 4348 μὲν
1183 4273 1595 4348 ἀπεκρούσασθε
1631 4275 1827 4347 πείρας

248 4367 546 4439 αἱρετικῶν
576 4368 968 4440 παλαισμάτων
987 4409 1002 4433 ,
1028 4370 1191 4423 πολὺν
1222 4367 1279 4421 δὲ
1309 4368 1401 4422 τὸν
1435 4366 1690 4422 καύσωνα
1717 4367 1827 4420 τῶν

129 4467 134 4472 ’
251 4460 577 4530 πειρασμῶν
624 4461 986 4532 ὑπηνέγκατε,
1042 4460 1095 4515 οἵ
1139 4478 1201 4514 τε
1250 4462 1533 4530 κορυφαῖοι
1570 4459 1668 4531 τῆς
1709 4459 1828 4512 Ἐκ-

249 4551 484 4622 κλησίας
527 4553 706 4624 ὑμεῖς,
753 4548 834 4617 οἷς
882 4556 916 4625 ἡ
972 4553 1238 4624 θεραπεία
1287 4551 1382 4605 τοῦ
1445 4549 1825 4622 θυσιαστηρίου

256 4643 638 4709 πεπίστευται,
676 4645 769 4699 καὶ
808 4646 857 4699 οί
899 4643 1021 4699 καθ’
1051 4644 1146 4697 ἕνα
1189 4643 1281 4699 τοῦ
1314 4641 1467 4707 λαοῦ,
1510 4644 1558 4696 οἱ
1587 4640 1826 4696 δυνατώ-

251 4751 403 4806 τεροι
431 4734 566 4805 (65).
603 4734 772 4790 Τοῦτο
798 4735 907 4808 γὰρ
941 4736 1034 4789 καὶ
1064 4734 1296 4806 μάλιστα
1332 4731 1641 4807 θαυμαστὸν
1673 4731 1827 4803 ὑμῶν

2440 2131 2524 2187 Ad
2546 2130 2936 2188 Chalcidenses.

1991 2241 2213 2299 Litteras
2260 2242 2480 2314 pietatis
2527 2249 2725 2299 vestrae
2781 2242 2919 2297 tales
2972 2240 3134 2297 nobis
3181 2240 3490 2301 alﬂictiunis

1924 2343 2165 2406 tempore
2231 2335 2597 2401 acciderunt,
2676 2334 2865 2405 qualis
2930 2349 3073 2405 saepe
3132 2335 3490 2391 certatoribus

1923 2428 2082 2499 equis
2111 2467 2127 2495 ,
2192 2426 2594 2484 ferventissima
2625 2425 2852 2481 meridie
2880 2425 3157 2494 pulverem
3188 2426 3490 2482 vehementi

1926 2519 2167 2575 anhelitu
2197 2519 2253 2575 in
2295 2518 2473 2575 medio
2515 2518 2679 2575 stadii
2722 2518 3123 2575 attrahentibus
3151 2560 3166 2586 ,
3221 2534 3364 2589 aqua
3413 2521 3491 2575 ori

1926 2609 2126 2667 inlusa.
2154 2608 2562 2681 Respiravimus
2610 2611 2756 2666 enim
2805 2626 2873 2666 ex
2922 2608 3201 2665 continuis
3245 2611 3477 2665 tentatio

1926 2702 2111 2771 nibus,
2162 2701 2436 2774 simulque
2489 2702 2671 2758 verbis
2704 2701 2866 2773 335
2906 2701 3106 2758 vestris
3156 2702 3491 2758 corroborati

1927 2811 2138 2861 sumus,
2169 2803 2222 2850 et
2250 2794 2609 2850 certaminum
2637 2802 2944 2851 vestrorum
2989 2795 3253 2851 memoria
3293 2795 3486 2850 lirmio

1928 2904 2018 2944 res
2043 2886 2198 2952 lacti,
2228 2893 2290 2942 ut
2318 2872 2658 2958 propositum
2692 2885 2852 2941 nobis
2880 2891 3158 2941 certamen
3197 2884 3385 2941 nescio
3409 2899 3491 2940 ce

1927 2980 2056 3036 dere
2087 2978 2272 3034 animo
2302 2980 2624 3037 subeamus.
2656 2978 2947 3033 Enimvero
2981 2976 3321 3041 incendium,
3348 2976 3492 3049 quod

1927 3071 2214 3141 plerasque
2245 3067 2487 3125 Orientis
2525 3075 2710 3140 partes
2762 3067 3067 3123 devastavit
3092 3107 3108 3131 ,
3162 3067 3332 3138 serpit
3384 3067 3492 3139 jam

1927 3171 1981 3216 et
2027 3160 2085 3215 in
2136 3168 2380 3215 nostram
2435 3159 2711 3231 regionem
2740 3198 2756 3223 ,
2789 3166 2950 3229 atque
2976 3157 3046 3213 iis
3076 3171 3199 3229 quae
3224 3158 3372 3212 circa
3399 3172 3492 3212 nos

1929 3258 2057 3327 sunt
2103 3250 2375 3316 incensis,
2413 3248 2482 3303 ad
2531 3249 2679 3320 ipsas
2731 3249 2896 3303 etiam
2926 3247 3283 3319 Cappadociae
3311 3247 3490 3305 Eccle-

1928 3341 2063 3405 sias,
2096 3355 2235 3411 quas
2262 3346 2424 3395 antea
2454 3338 2640 3396 fumus
2664 3355 2696 3395 e
2735 3338 2934 3396 vicinis
2970 3339 3107 3396 locis
3133 3339 3202 3395 ad
3232 3341 3493 3411 lacrymas

1929 3432 2338 3497 commovebat,
2394 3432 2704 3503 pertingere
2774 3437 3027 3485 conatur.
3087 3429 3209 3485 lam
3261 3447 3391 3503 ergo
3448 3441 3493 3488 et

1926 3539 2029 3581 nos
2078 3530 2338 3595 properat
2386 3523 2654 3593 attingere
2726 3543 2737 3577 :
2796 3522 2942 3595 quod
2991 3521 3257 3578 Dominus
3308 3523 3493 3594 spiritu

1925 3613 2039 3669 oris
2066 3614 2151 3669 sui
2176 3619 2385 3667 avertat
2416 3651 2432 3680 ,
2472 3619 2527 3667 et
2555 3612 2681 3666 mali
2728 3612 2875 3668 illius
2932 3612 3072 3682 ignis
3115 3610 3388 3668 ﬂammam
3418 3613 3493 3666 in-

1926 3703 2197 3760 tercidat!
2250 3702 2386 3770 Quis
2441 3703 2587 3758 enim
2640 3709 2753 3756 tam
2784 3702 3007 3757 timidus
3030 3709 3121 3769 est
3166 3710 3221 3757 et
3247 3702 3492 3773 ignavus.

1928 3804 2022 3851 aut
2072 3796 2127 3850 in
2171 3794 2453 3850 laboribus
2505 3793 2778 3849 alhleticis
2808 3792 3242 3859 inexercitatus,
3286 3800 3347 3848 ut
3386 3807 3493 3848 non

1927 3887 2129 3943 vestris
2175 3883 2667 3941 acclamationibus
2716 3883 2786 3939 ad
2844 3893 3117 3939 certamen
3173 3885 3494 3940 corrobore-

1925 3989 2045 4046 tur,
2106 3984 2364 4050 optetque
2418 3976 2701 4032 vobiscum
2754 3975 2931 4031 victor
2986 3974 3334 4030 renuntiari?
3386 3973 3495 4031 Vos

1926 4072 2071 4127 enim
2102 4070 2317 4143 priores
2346 4067 2630 4140 pugnastis
2669 4067 2723 4121 in
2755 4065 2975 4137 pietatis
3004 4063 3205 4132 stadio,
3235 4079 3300 4121 ac
3328 4065 3496 4120 multa

1927 4161 2210 4233 repulistis
2254 4159 2560 4216 tentamina
2611 4156 2990 4212 baereticarum
3038 4170 3344 4225 pugnarum
3380 4195 3396 4222 ,
3446 4164 3497 4211 et

1926 4252 2199 4324 ingentem
2251 4248 2611 4305 tentationum
2669 4254 2861 4303 aestum
2889 4245 3215 4318 pertulistis,
3247 4253 3363 4302 tum
3398 4262 3497 4303 vos

1924 4344 2185 4400 Ecclesiae
2210 4341 2479 4415 corypbzei
2500 4382 2515 4407 ,
2570 4340 2770 4413 quibus
2800 4339 2991 4396 altaris
3021 4353 3156 4395 cura
3184 4342 3495 4406 cemmissa,

1926 4445 2043 4492 tum
2099 4435 2301 4507 singuli
2334 4450 2401 4490 ex
2456 4433 2613 4505 plebe
2658 4439 2715 4487 et
2744 4432 3077 4503 potentiores
3106 4433 3325 4503 quique.
3381 4430 3498 4488 Hoc

1926 4531 2072 4586 enim
2108 4530 2165 4585 in
2196 4529 2353 4585 vobis
2382 4534 2438 4583 et
2469 4527 2703 4582 maxime
2742 4521 3122 4580 admirandum
3156 4532 3262 4593 est,
3317 4532 3371 4581 et
3400 4538 3499 4595 ap-

1926 4621 2247 4694 probatione
2297 4617 2445 4673 omni
2478 4615 2701 4687 dignum
2728 4656 2742 4681 ,
2773 4614 2920 4686 quod
2968 4630 3161 4671 omnes
3188 4628 3332 4669 unus
3361 4614 3495 4670 estis

1929 4716 1984 4770 in
2014 4712 2265 4777 Domino,
2294 4710 2386 4765 alii
2410 4709 2630 4781 quidem
2667 4716 2974 4779 prmeuntes
3018 4707 3085 4762 ad
3118 4707 3342 4770 bonum,
3399 4705 3493 4760 alii

252 4793 352 4881 κᾴι
394 4793 574 4897 πάσης
618 4793 890 4898 ἀποδοίῆςι
917 4793 1086 4893 ἀξιον,
1120 4826 1201 4879 ὅτι
1240 4793 1453 4887 πάντες.
1478 4818 1559 4887 εἷς
1596 4793 1723 4875 ἐστε
1766 4822 1824 4875 ὲν

1929 4819 2145 4863 summo
2189 4817 2463 4858 consensu
2517 4806 2831 4871 sequentes.
2873 4797 3030 4854 Unde
3080 4802 3134 4852 et
3185 4793 3495 4861 superiores

251 5045 288 5100 ά
344 4971 437 5040 60)
473 4971 906 5042 Συνεφαπλῶν.
943 4970 1024 5026 Ita
1072 4987 1205 5027 mss.
1254 4977 1401 5026 octo.
1438 4968 1582 5025 Editi
1633 4984 1828 5039 συνεφ-

290 5058 464 5098 πτων.

290 5058 464 5098 πτων.

328 5117 441 5185 (6|)
480 5113 1101 5185 Ἐπεδαψιλεύσασθε.
1122 5110 1275 5185 Hanc
1309 5111 1634 5185 scripturam
1674 5108 1829 5185 codi:

249 5179 383 5243 cuin
422 5179 661 5242 Medicaai
705 5179 771 5240 ἐι
811 5185 982 5239 Coisl.
1022 5182 1181 5253 primi
1223 5179 1567 5253 praetulimus
1611 5179 1830 5253 lectioni

250 5257 491 5312 aliorum
540 5264 776 5326 quatuor
836 5251 1432 5326 codicu‘m,_in__quibus
1470 5251 1668 5322 legitur
1703 5251 1832 5302 ἐπε·

250 5322 625 5396 δαψιλεύεσθε.
657 5325 799 5385 Editi
827 5322 1294 5396 ἐπιδαψιλεύεσθε.

350 5398 442 5480 ξε)
469 5397 900 5480 Εὺδοκίμησέν.
928 5388 1236 5480 .Me'dicaeus
1290 5390 1492 5457 codex,
1529 5388 1829 5446 Vaticanus

252 5478 309 5524 et
340 5464 474 5537 Reg.
506 5464 781 5523 secundus
807 5464 1251 5586 διευδοκίμτΈιν..
1604 5529 1616 5549 ‘

303 5536 446 5614 _(65)
478 5538 588 5614 Ifal
624 5536 741 5605 τὴν
768 5536 1083 5614 ἡμετεριξν.
1133 5533 1256 5614 ditt
1285 5530 1540 5614 statuerem
1566 5547 1664 5603 την
1688 5529 1829 5614 ἡμε-

254 5602 445 5681 τέραν.
635 5602 975 5681 praepositio;
992 5604 1249 5681 deest_in
1291 5602 1572 5681 codicibus
1623 5602 1826 5681 nostris

261 5669 439 5740 Harl"
469 5669 902 5748 Med.,'utrbque
934 5675 1130 5748 Cois[._,
1157 5671 1279 5748 Yat.
1307 5671 1525 5748 etﬂeg.
1558 5669 1822 5748 secundo.

333 5748 448 5821 (οι)
477 5747 633 5821 Πρὸς
664 5743 908 5819 πόνοὺς.
959 5745 1038 5803 Ita
1074 5743 1249 5811 Harl.,
1299 5743 1465 5801 Coisl.
1486 5743 1491 5744 “
1515 5750 1743 5815 uterque
1771 5746 1841 5796 et.

1934 4973 2162 5033 uterque
2190 4961 2416 5033 Regius.
2443 4959 2590 5033 Editi
2613 4958 2749 5033 προς
2777 4956 2981 5033 τόνους.

1946 5020 1967 5085 ί
2155 5036 2220 5087 Ol
2245 5020 2669 5107 8:1,)7'q1(btl-_2p0l;
2670 5020 2990 5107 hegendum
3019 5023 3113 5078 καί
3138 5023 3187 5107 oi
3208 5020 3475 5076 δυνατώτε

1938 5092 2047 5181 poi.
2070 5092 2163 5159 Sic
2194 5102 2342 5181 enim
2364 5102 2419 5154 in
2450 5092 2612 5181 epist.
2633 5097 2739 5181 220
2761 5092 2946 5180 laudat
2969 5092 3269 5181 τιοιιςᾼοίιιηι
3281 5108 3489 5181 eorum,

1936 5164 2124 5249 quibus
2153 5164 2501 5249 commissum
2517 5177 2595 5224 est
2624 5167 2809 5249 altaris
2853 5164 3493 5249 ministerian‘tmaccura-

1937 5232 2047 5301 iam
2093 5241 2281 5315 agendi
2326 5241 2604 5315 rationem,
2639 5236 2727 5315 sed
2765 5234 2943 5315 populi
2983 5232 3338 5315 etiamutlotius
3370 5248 3492 5287 con-

1935 5302 2196 5376 cordiai'n,
2217 5321 2471 5366 eteorum
2503 5310 2591 5379 qui
2623 5302 3110 5379 civitatiprazsunt,
3145 5302 3492 5379 illiusqueres

1934 5395 2139 5458 gerunt,
2184 5372 2552 5458 magnanimos
2586 5392 2791 5458 'mores.
2837 5373 3109 5458 Praeterea
3156 5372 3245 5427 his
3290 5372 3491 5441 verbis,

1936 5443 2159 5526 singulis
2191 5466 2255 5506 ex
2275 5443 2449 5526 plebe,
2484 5448 2802 5526 designatur
2835 5450 2950 5498 tota
2980 5443 3163 5526 plebs;
3194 5457 3364 5526 (mare
3398 5458 3493 5526 ap-

1935 5509 2192 5598 potienda
2228 5509 2546 5598 coniunctio
2593 5509 2677 5598 liis
2719 5530 2839 5598 quae
2874 5509 3198 5598 sequuntur.
3213 5509 3380 5598 Hanc

1933 5581 2056 5652 men
2104 5590 2253 5648 nolui
2301 5581 2356 5643 in
2402 5581 3032 5648 contextum'inserere,
3076 5582 3203 5653 quia
3251 5581 3307 5637 in
3343 5581 3492 5640 nullo

1933 5674 2129 5746 vetere.
2149 5658 2609 5746 “haeserat”:-

2002 5742 2019 5760 ‘
2049 5735 2195 5792 Alias
2229 5726 2522 5786 CCXCVII.
2552 5726 2765 5799 Scripta
2788 5740 2931 5782 anno
2951 5726 3074 5783 5.75.
