3900 6208
437 340 545 394 825

1752 341 1810 395 δ.
1855 337 2101 394 ΒΑειιιι
2136 337 2352 394 MAGNI

3591 337 3689 389 83.4

437 467 689 527 rentem;
732 460 812 516 sic
850 469 909 516 ut
949 464 1107 520 nobis
1155 479 1373 535 quoque
1411 468 1570 516 nccat
1627 459 1809 513 dicere
1841 475 1851 508 :
1884 457 2004 511 Tor-

2119 456 2239 510 καθ’
2277 456 2434 528 ἡμῶν
2475 456 2694 528 ῥυείσης
2727 453 3073 525 ψευδολογίας
3111 453 3426 524 χείμαρρονι
3454 449 3594 505 ὥστε
3629 453 3691 507 ἂν

437 565 636 605 rentem
668 556 1012 622 pertransivit
1043 559 1224 609 anima
1269 566 1454 610 nostra
1486 554 1552 607 ²⁸.
1589 551 1652 604 Et
1683 551 1812 604 illud
1853 571 1864 603 :
1895 548 2016 602 Nisi

441 643 698 698 Dominus
726 646 914 715 fuisset
943 650 995 701 in
1041 649 1191 703 nobis
1212 689 1225 711 ,
1260 665 1378 701 cum
1421 649 1745 715 insurgerent
1784 642 2016 694 homines

436 734 492 785 in
516 752 631 796 nos,
659 735 886 802 forsitan
913 739 1049 792 vinos
1080 737 1423 797 deqlutissent
1458 751 1550 788 nos
1575 750 1593 796 ;
1623 732 1847 785 fortasse
1877 744 2016 797 aqua

439 825 792 883 absorbuisset
821 847 914 884 nos
938 831 1004 886 ".

503 1005 560 1061 2.
600 1006 710 1078 Ego
739 1024 863 1064 cum
893 1012 1122 1065 multum
1178 1010 1440 1082 temporis
1488 1006 1874 1078 impendissem
1920 1015 2015 1056 va-

434 1098 614 1162 nitati,
664 1110 942 1172 totamque
989 1102 1101 1158 fere
1134 1104 1479 1173 juventutem
1515 1114 1690 1154 meam
1744 1093 2013 1167 perdidis-

433 1205 550 1244 sem
580 1191 727 1246 inani
779 1193 985 1260 labore,
1039 1210 1202 1264 quem
1259 1195 1315 1248 in
1363 1189 1641 1248 discendis
1671 1188 1951 1243 infatuatae
1981 1200 2011 1239 a

431 1280 548 1336 Deo
590 1286 876 1355 sapientia:
918 1286 1228 1356 disciplinis
1256 1292 1558 1356 occupatus
1589 1279 1958 1349 suscipiebam
1992 1317 2008 1342 ,

434 1375 523 1431 ubi
557 1377 776 1432 tandem
809 1378 1102 1449 aliquando
1158 1378 1303 1434 velut
1334 1393 1401 1432 ex
1446 1377 1556 1430 alto
1602 1387 1794 1429 somno
1819 1385 2012 1440 exper-

432 1464 700 1534 gefactus,
761 1470 979 1538 respexi
1037 1470 1106 1524 ad
1167 1471 1350 1524 lumen
1395 1465 1720 1522 admirabile
1762 1462 2010 1518 veritatis

433 1554 706 1627 Evangelii
751 1598 766 1623 ,
811 1573 874 1612 ac
909 1558 1016 1612 vidi
1078 1558 1429 1612 inutilitatem
1479 1554 1762 1624 sapientia:
1804 1550 2009 1622 princi-

435 1663 560 1715 pum
593 1649 758 1718 hujus
802 1651 983 1705 sa'culi
1005 1690 1020 1714 ,
1068 1652 1163 1720 qui
1211 1651 1571 1705 destruuntur
1596 1648 1638 1678 ’⁷
1673 1665 1689 1711 ;
1719 1645 2005 1700 miserabi-

433 1739 536 1794 lem
567 1755 743 1794 meam
772 1741 940 1794 vitam
993 1741 1290 1812 plurimum
1324 1739 1560 1802 deﬂens,
1597 1737 1854 1808 optabam
1890 1735 2006 1789 dari

2119 549 2294 600 είπεῖν
2347 548 2440 600 καὶ
2477 550 2624 618 ἡμᾶς
2655 549 2758 611 ὅτι,
2801 547 3127 615 Χείμαρρον
3174 543 3425 611 διῆλθεν
3462 546 3498 610 ὴ
3528 545 3688 612 ψυχὴ

2120 636 2304 707 ἡμῶν
2345 639 2440 690 καὶ
2479 639 2560 704 τὸ,
2608 641 2676 693 El
2708 637 2796 706 μὴ
2838 639 3054 705 Κύριος
3085 633 3164 706 ἦν
3209 637 3278 690 ἐν
3319 634 3488 704 ἡμῖν,
3522 635 3589 688 ἐν
3617 635 3692 701 τῷ

2117 729 2532 798 ἐπαναστῆναι
2575 731 2920 798 ἀνθρώπους
2966 729 3058 798 ἐφ’
3109 726 3299 796 ἡμᾶς,
3339 727 3453 794 ἄρα
3481 724 3692 793 (Ἅπας

2117 819 2194 874 ἂν
2221 821 2505 876 κατέπιον
2527 820 2714 892 ἡμᾶς,
2744 822 2856 890 ἄρα
2883 822 2947 876 τὸ
2976 821 3130 890 ὕδωρ
3156 820 3232 876 ἂν
3264 822 3693 874 κατεπόντισεν

2114 912 2292 984 ἡμᾶς.

2187 1004 2242 1057 2.
2271 1004 2437 1074 Ἐγὼ,
2481 1004 2646 1058 πολὺν
2681 1005 2870 1076 χρόνον
2913 1004 3334 1076 προσαναλώσας
3368 1006 3434 1073 τῇ
3476 1003 3692 1074 ματαιό-

2113 1111 2259 1165 τητι,
2307 1098 2401 1150 καὶ
2453 1099 2632 1152 πᾶσαν
2696 1096 2880 1167 σχεδὸν
2929 1097 3027 1166 τὴν
3070 1094 3310 1165 ἐμαυτοῦ
3344 1094 3575 1163 νεότητα
3615 1096 3694 1145 ἐν·

2114 1188 2380 1256 ἀφανίσας
2401 1188 2510 1260 (80)
2529 1192 2595 1261 τῇ
2623 1188 2994 1260 ματαιοπονίᾳ,
3019 1188 3084 1258 ῆν
3107 1184 3248 1258 εἶχον
3267 1185 3692 1258 προσδιατρίϐων

2113 1283 2178 1350 τῇ
2227 1281 2493 1351 ἀναλήψει
2544 1281 2653 1334 τῶν
2698 1281 3034 1352 μαθημάτων
3080 1281 3180 1350 τῆς
3223 1279 3378 1350 παρά
3422 1277 3516 1331 τοῦ
3563 1276 3694 1330 6εοῦ

2116 1371 2491 1444 μωρανθείσης
2530 1374 2747 1444 σοφίας,
2784 1375 2968 1444 ἐπειδή
3013 1390 3162 1437 ποτε,
3209 1372 3401 1442 ὥσπερ
3433 1371 3495 1435 ἐξ
3530 1370 3693 1423 ὕπνου

2114 1461 2308 1532 βαθέος
2339 1465 2650 1528 διαναστὰς,
2684 1464 2962 1534 ἀπέϐλεψα
2998 1465 3096 1534 μὲν
3126 1463 3260 1532 πρὸς
3294 1463 3356 1516 τὸ
3386 1461 3694 1530 θαυμαστὸν

2112 1555 2228 1624 φῶς
2267 1556 2364 1626 τῆς
2406 1556 2664 1627 ἀληθείας
2709 1553 2802 1611 τοῦ
2849 1556 3202 1625 Εὐαγγελίου,
3258 1555 3502 1608 κατεῖδον
3543 1553 3600 1606 δὲ
3637 1555 3696 1606 τὺ

2111 1647 2386 1720 ἄχρηστον
2411 1651 2509 1719 τῆς
2537 1650 2728 1719 σοφίας
2747 1649 2853 1702 τῶν
2880 1650 3154 1720 ἀρχόντων
3178 1647 3270 1700 τοῦ
3293 1647 3487 1709 αἰῶνος
3509 1646 3693 1699 τούτου

2111 1739 2220 1794 τῶν
2267 1741 2744 1812 καταργουμένων,
2794 1741 2962 1792 πολλὰ
2992 1740 3089 1810 τὴν
3115 1739 3355 1809 ἐλεεινὴν
3407 1756 3509 1808 μου
3552 1738 3695 1806 ζωὴν

431 1829 564 1886 mihi
619 1797 1170 1903 disciplinaqume
1219 1848 1306 1887 me
1355 1833 1422 1886 ad
1476 1797 1698 1901 pietatis
1750 1828 2004 1899 dogmata

2115 1797 2492 1894 ἀποκλαύσας,
2521 1797 2766 1903 ηὐχόμην
2801 1831 3019 1903 δοθῆναί
3046 1797 3142 1902 ’μοι
3179 1797 3692 1900 χειράγαίγίανίὸί)

431 1920 819 1978 introduceret.
871 1925 952 1979 Ac
1007 1925 1140 1981 mihi
1183 1923 1403 1995 quidem
1461 1934 1585 1979 ante
1639 1920 1823 1977 omnia
1860 1934 2006 1974 cura:

429 2021 568 2078 erat,
595 2022 655 2070 ut
681 2016 1120 2073 emendationem
1165 2019 1401 2089 aliquam
1451 2031 1667 2071 morum
1719 2013 1952 2070 facerem
1983 2053 2002 2080 ,

427 2121 567 2176 quos
617 2107 879 2170 diuturna
918 2125 1046 2165 cum
1096 2111 1363 2182 improbis
1407 2108 1750 2166 consuetudo
1783 2122 2003 2179 perver-

427 2208 587 2257 terat.
639 2201 828 2275 Itaque
890 2220 1017 2262 cum
1078 2206 1325 2277 legissem
1380 2205 1772 2277 Evangelium,
1820 2203 2005 2272 ibique

427 2295 832 2369 perspexissent
904 2298 1200 2367 plurimum
1240 2298 1308 2353 ad
1359 2297 1756 2369 perfectionem
1799 2297 2004 2360 valere,

426 2387 572 2447 bona
609 2403 709 2444 sua
741 2389 1070 2455 divendere,
1102 2398 1157 2447 et
1187 2407 1314 2447 cum
1349 2391 1538 2462 egenis
1567 2390 1830 2445 fratribus
1858 2405 2008 2444 eom-

425 2480 728 2546 mttnicare,
763 2497 826 2537 ac
883 2483 1030 2537 nulla
1085 2499 1314 2553 prorsus
1361 2484 1524 2554 hujus
1553 2484 1678 2538 vitae
1736 2481 2005 2538 sollicitu-

424 2571 552 2627 dine
578 2571 873 2643 distringi,
903 2587 1003 2628 nec
1041 2575 1148 2627 ulla
1201 2573 1489 2630 affectione
1533 2575 1598 2628 ad
1627 2589 1715 2629 res
1754 2581 2001 2628 terrenas

425 2659 609 2712 animo
671 2660 963 2727 converti;
1007 2662 1290 2731 cupiebam
1341 2663 1587 2718 invenire
1621 2663 1880 2733 paliquem
1933 2677 2002 2717 ex

427 2749 687 2804 fratribus
709 2751 803 2821 qui
841 2753 982 2806 hanc
1013 2753 1135 2807 vitae
1157 2754 1298 2808 viam
1330 2754 1606 2824 elegisset,
1637 2762 1697 2807 ut
1742 2767 1850 2807 una
1875 2767 2000 2806 cum

425 2842 548 2912 ipso
585 2843 805 2899 brevem
857 2845 1026 2915 hujus
1068 2849 1194 2900 vitae
1257 2845 1484 2900 fluctum
1553 2845 1866 2900 transirem.
1925 2844 2005 2898 Ac

425 2933 628 2995 multos
657 2936 880 3006 quidem
914 2937 1096 2992 inveni
1123 2937 1489 3002 Alexandriae,
1519 2936 1722 2991 multos
1751 2936 1920 2991 etiam
1950 2934 2006 2990 in

425 3027 632 3100 reliqua
671 3028 923 3102 Egypto,
963 3039 1018 3086 et
1045 3032 1098 3085 in
1135 3029 1422 3086 Palaestina
1456 3030 1596 3085 alios
1625 3037 1680 3084 et
1707 3026 2008 3098 Coalesyria

2116 1924 2251 1995 πρὸς
2293 1923 2392 1996 τὴν
2429 1925 2739 1994 εἰσαγωγὴν
2775 1924 2884 1978 τῶν
2919 1925 3203 1994 δογμάτων
3249 1924 3348 1993 τῆς
3389 1923 3692 1985 εὐσεϐείας.

2116 2017 2224 2069 Καὶ
2247 2017 2353 2087 πρό
2385 2033 2448 2087 γε
2489 2017 2705 2070 πάντων
2739 2016 2996 2088 ἐπιμελὲς
3031 2013 3100 2088 ἦν
3134 2034 3223 2088 μοι
3251 2016 3538 2088 διόρθωσίν
3577 2033 3693 2068 τινα

2114 2107 2209 2164 τοῦ
2251 2109 2416 2179 ἤθους
2455 2109 2803 2180 ποιήσασθαι,
2856 2109 3022 2163 πολὺν
3069 2111 3258 2184 χρόνον
3299 2112 3362 2163 ἐκ
3405 2109 3508 2178 τῆς
3560 2109 3693 2179 πρὸς

2111 2201 2237 2265 τούς
2266 2201 2502 2270 φαύλους
2527 2203 2741 2272 ὁμιλίας
2761 2203 3201 2275 διαστραφέντος.
3225 2203 3335 2256 Καὶ
3357 2202 3540 2256 τοίνυν
3569 2203 3692 2255 άνα-

2109 2294 2269 2360 γνούς
2296 2294 2357 2346 τὸ
2382 2293 2744 2363 Εὐαγγέλιον,
2787 2295 2880 2349 καὶ⁹
2911 2295 3246 2366 θεασάμενος
3283 2297 3402 2347 ἐκεῖ
3429 2295 3689 2365 μεγίστην

2108 2387 2364 2458 ἀφορμὴν
2420 2388 2500 2451 είς
2551 2387 2828 2440 τελείωσιν
2872 2387 2969 2458 τὴν
3014 2389 3305 2459 διάπρασιν
3358 2387 3469 2440 τῶν
3521 2388 3690 2456 ὑπαρ-

2111 2480 2336 2548 χόντων,
2387 2480 2480 2533 καὶ
2535 2481 2632 2550 τὴν
2683 2481 2818 2552 πρὸς
2868 2481 2997 2543 τοὺς
3046 2481 3247 2544 ἐνδεεῖς
3291 2480 3399 2532 τῶν
3450 2477 3691 2546 ἀδελφῶν

2109 2573 2415 2635 κοινωνίαν,
2461 2574 2554 2626 καὶ.
2587 2572 2724 2636 ὅλως
2758 2573 2820 2626 τὸ
2857 2573 3227 2645 ἀφροντίστως
3263 2571 3406 2640 ἔχειν
3443 2571 3541 2623 τοῦ
3578 2571 3691 2639 βίου

2107 2664 2330 2728 τούτου,
2367 2663 2462 2716 καὶ
2498 2662 2604 2716 ὑπὸ
2636 2663 2908 2733 μηδεμιᾶς
2945 2661 3291 2733 συμπαθείας
3323 2661 3460 2732 πρὸς
3497 2653 3690 2736 1515555

2108 2754 2206 2825 τὴν
2233 2755 2410 2826 ψυχὴν
2450 2755 2894 2826 ἐπιστρέφεσθαι,
2933 2755 3182 2825 ηὐχόμην
3216 2753 3396 2823 εὑρεῖν
3427 2769 3550 2805 τινα
3587 2752 3689 2804 τῶν

2107 2846 2351 2916 ἀδελφῶν
2385 2846 2588 2918 ταύτην
2628 2847 2880 2916 ἑλόμενον
2923 2845 3020 2916 τὴν
3063 2845 3183 2898 ὁδὸν
3225 2846 3317 2898 τοῦ
3363 2845 3511 2915 βίου,
3553 2843 3689 2896 ὥστε

2107 2937 2257 3009 αὐτῷ
2306 2936 2868 3008 συνδιαπεραιωθῆναι
2921 2937 3012 2989 τὸν
3068 2936 3274 3006 βραχὺν
3335 2935 3448 3006 (82)
3507 2933 3690 2987 τοῦτον

2106 3030 2200 3090 τοῦ
2236 3030 2352 3101 βίου
2387 3030 2651 3085 κλύδωνα.
2699 3031 2810 3083 Καὶ
2851 3029 2913 3101 δὴ
2953 3027 3180 3092 πολλοὺς
3224 3029 3321 3099 μὲν
3361 3023 3519 3098 εὗρον
3551 3027 3688 3080 κατὰ

424 3132 490 3174 ac
551 3119 992 3191 Mesopotamia:
1041 3138 1274 3192 quorum
1332 3123 1574 3180 mirabar
1619 3120 2004 3176 abstinentiam

2114 3121 2204 3195 τὴν
2257 3121 2683 3195 Ἀλεξάνδρειαν,
2743 3121 2970 3186 πολλοὺς
3025 3122 3084 3175 δὲ
3144 3119 3286 3174 κατά
3339 3120 3438 3190 τὴν
3501 3119 3687 3190 λοιπὴν

423 3210 482 3265 in
518 3211 688 3277 victu,
744 3212 986 3268 mirabar
1028 3213 1374 3269 tolerantiam
1422 3213 1477 3266 in
1535 3209 1838 3274 laboribus,
1886 3214 2005 3263 stu-

424 3301 622 3378 pebam
654 3300 722 3356 ad
753 3303 1120 3358 constantiam
1157 3305 1211 3358 in
1248 3303 1524 3374 precibus,
1553 3300 1827 3372 quomodo
1857 3314 2007 3354 som-

423 3409 554 3447 num
586 3400 932 3464 superarent,
970 3395 1210 3450 naturali
1262 3395 1410 3450 nulla
1454 3393 1786 3450 necessitate
1834 3392 2005 3448 infra-

424 3484 500 3538 cti
559 3487 894 3556 :quomodo
970 3489 1243 3544 excelsam
1306 3504 1523 3560 semper
1577 3497 1632 3544 et
1684 3487 2002 3542 indomitam

425 3576 596 3631 animi
663 3581 992 3635 sententiam
1049 3589 1386 3646 servantes,
1441 3581 1499 3636 in
1558 3580 1699 3635 fame
1750 3589 1804 3635 et
1863 3581 2000 3647 siti,

425 3673 480 3728 in
532 3671 737 3746 frigore
795 3685 852 3730 et
921 3675 1167 3732 nuditate
1200 3677 1286 3742 ’⁸,
1345 3692 1618 3748 nusquam
1675 3677 1740 3732 ad
1801 3690 2002 3746 corpus

425 3768 723 3832 conversi,
782 3783 884 3824 nec
953 3771 1122 3826 ullam
1175 3771 1226 3826 ei
1274 3787 1464 3827 curam
1524 3770 1844 3841 impendere
1902 3783 2000 3823 vo-

427 3859 646 3925 lentes,
683 3859 780 3914 sed
836 3870 1094 3932 tanquam
1153 3862 1208 3916 in
1248 3863 1426 3918 aliena
1492 3879 1660 3918 carne
1717 3863 1998 3925 viventes,

427 3950 602 4020 rcipsa
647 3951 1000 4010 ostenderent
1057 3954 1188 4025 quid
1232 3955 1304 4010 sit
1350 3955 1406 4009 in
1457 3953 1557 4008 hac
1602 3953 1713 4008 vita
1761 3953 2003 4022 peregri-

427 4043 544 4097 nari
569 4045 637 4109 ³⁸,
696 4053 752 4100 et
783 4045 915 4115 quid
948 4045 1225 4101 civitatem
1273 4047 1334 4102 in
1365 4047 1506 4102 cmlo
1548 4047 1748 4102 habere
1771 4047 1837 4100 ³⁰.
1879 4045 2003 4101 Haec

427 4150 552 4189 cum
589 4135 857 4202 mirarer,
895 4152 959 4192 ac
996 4138 1207 4193 beatam
1239 4147 1494 4209 putarem
1527 4142 1771 4198 virorum
1808 4145 1998 4208 vitam,

429 4227 573 4297 quod
627 4227 787 4286 factis
839 4231 1190 4286 ostenderent
1243 4247 1304 4288 se
1342 4234 1824 4291 mortificationem
1871 4235 2003 4294 Jesu

431 4334 484 4379 tn
513 4332 742 4390 corpore
767 4319 1124 4379 circumferre
1151 4323 1193 4355 ³¹
1222 4341 1236 4391 ;
1270 4326 1529 4394 optabam
1569 4335 1626 4382 et
1657 4327 1796 4398 ipse,
1827 4346 2005 4400 quan-

431 4424 544 4464 tum
575 4424 792 4480 possem
824 4412 1114 4486 attingere,
1157 4416 1402 4474 imitator
1431 4433 1558 4476 esse
1601 4418 1888 4482 hominum
1934 4423 2002 4478 il-

432 4508 626 4561 torum.

493 4771 662 4844 333
690 4771 743 4827 5.
779 4772 1147 4839 Quamobrem
1177 4789 1302 4828 cum
1326 4774 1593 4832 vidissem
1626 4781 1920 4836 nonnullos
1947 4783 2004 4838 in

435 4866 597 4920 >atria
635 4865 835 4919 imitari
877 4865 1093 4920 illorum
1125 4866 1377 4921 instituta
1408 4879 1704 4933 conantes,
1750 4872 1884 4926 mihi
1915 4875 2000 4928 vi-

436 4969 518 5009 sus
553 4968 675 5010 sum
711 4953 1015 5024 adju-menti
1046 4953 1254 5024 aliquid
1291 4957 1566 5026 reperisse
1590 4959 1659 5013 ad
1695 4975 1872 5016 meam
1904 4977 1998 5017 sa-

385 5167 392 5174 _
453 5181 460 5183 Α
491 5111 538 5183 ξιξ
571 5107 717 5183 Psal.
757 5123 950 5183 CXX_I_II,
981 5108 1034 5164 5.
1111 5111 1156 5142 ³⁸
1189 5109 1320 5165 ibid.
1353 5110 1468 5166 1'4.
1545 5113 1591 5145 ⁸⁷
1624 5111 1798 5169 lCor.
1833 5132 1894 5183 ιι,
1928 5116 1981 5170 6.

429 5181 465 5211 ’³
498 5178 538 5234 ll
569 5181 696 5234 Cor.
733 5196 806 5244 tv,
837 5180 922 5233 10.

432 5403 600 5464 νίσας.

501 5473 612 5553 (ξι)
647 5476 1069 5553 Χειικιιγιιιγίιίιχἶ
1091 5474 1166 5553 Ita
1184 5475 1349 5542 Med.,
1370 5475 1741 5553 Ha_rl.,_Coisl.
1777 5489 2012 5553 uterque-

429 5551 482 5595 et
519 5543 650 5618 ἕξεις.
693 5543 940 5618 mergite.
977 5545 1116 5618 Editi
1145 5549 1502 5618 χειραγωγόν,
1529 5548 1818 5604 ductarent.

505 5613 618 5681 (82)
654 5616 764 5687 Τὸν
793 5616 1055 5684 βραχύν.
1101 5613 1178 5671 Ita
1219 5613 1330 5672 tres
1371 5613 1729 5674 vetustissimi
1762 5621 2001 5687 codices,

433 5698 668 5758 quorum
718 5685 786 5738 ab
837 5687 1162 5758 auctoritate
1194 5688 1363 5758 nolui
1405 5689 1706 5752 discedere,
1753 5685 2004 5758 quamvis

434 5769 542 5810 non
591 5753 932 5810 incommode
977 5755 1034 5810 in
1075 5756 1242 5812 editis.
1279 5757 1490 5828 legatur
1525 5759 1616 5814 τὸν
1653 5753 1838 5824 βαθύν,
1874 5778 1998 5818 vro.-

2090 5117 2136 5150 ”
2163 5117 2204 5172 ll
2232 5117 2359 5174 Cor.
2389 5136 2466 5183 ιι,
2491 5118 2581 5175 2'1.

2105 3214 2400 3282 Αἴγυπτον,
2449 3215 2542 3266 καὶ
2591 3213 2684 3268 ἐπὶ
2727 3213 2829 3284 τῆς
2883 3212 3250 3281 Παλαιστίνης
3305 3211 3548 3280 ἐτέρους,
3600 3212 3686 3264 καὶ

2103 3306 2204 3375 τῆς
2239 3305 2424 3377 κοίλης¹
2455 3306 2654 3378 Συρίας
2688 3306 2781 3359 καὶ
2814 3305 2914 3377 τῆς
2948 3304 3392 3373 Μεσοποταμίας·
3425 3299 3502 3358 ὧν
3533 3304 3679 3357 ἐθαύ-

2108 3397 2277 3469 μαζον
2304 3398 2403 3470 μὲν
2427 3398 2489 3451 τὸ
2515 3416 2580 3451 πε
2589 3399 2641 3470 ρὶ
2661 3398 2870 3452 δίαιταν
2893 3400 3182 3472 ἐγκρατὲς,
3208 3400 3518 3471 ἐθαύμαζον
3550 3398 3605 3450 δὲ
3629 3397 3685 3448 τὸ

2104 3489 2430 3562 καρτερικὸν
2459 3492 2518 3544 ἐν
2557 3491 2758 3553 πόνοις,
2791 3490 3096 3562 ἐξεπλάγην
3131 3492 3228 3562 τὴν
3264 3494 3322 3544 ἐν
3363 3490 3682 3561 προσευχαῖς

2103 3581 2370 3646 εὐτονίαν,
2407 3583 2556 3646 ὅπως
2598 3580 2768 3634 ὕπνου
2806 3582 2916 3651 (85)
2957 3583 3358 3652 κατεκράτουν,
3411 3582 3502 3633 ὑπ’
3544 3579 3684 3631 οὐδε-

2107 3677 2234 3748 μιᾶς
2262 3674 2496 3744 φυσικῆς
2532 3674 2777 3746 ἀνάγκης
2809 3674 3344 3744 κατακαμπτόμενοι,
3375 3673 3574 3742 ὐῂλὸν
3602 3671 3682 3724 ἀεὶ

2104 3770 2198 3822 καὶ
2227 3767 2525 3821 ἀδούλωτον
2554 3767 2652 3838 τῆς
2694 3767 2876 3837 ψυχῆς
2918 3768 2979 3819 τὸ
3023 3768 3277 3839 φρόνημα
3311 3765 3678 3830 διασώζοντες,

2104 3862 2160 3914 ἐν
2193 3859 2337 3932 λιμῷ
2373 3861 2466 3914 καὶ
2495 3859 2635 3930 δίψει
2668 3859 2799 3929 (84),
2832 3861 2890 3911 ἐν
2917 3858 3080 3928 ψύχει
3117 3860 3211 3912 καὶ
3248 3859 3569 3929 γυμνότητι,
3613 3857 3680 3927 μὴ

2104 3952 2560 4024 ἐπιστρεφόμενοι
2599 3951 2736 4022 πρὸς
2774 3951 2834 4004 τὸ
2873 3951 3054 4021 σῶμα,
3093 3951 3225 4022 μηδὲ
3265 3950 3680 4018 καταδεχόμενοι

2103 4044 2252 4115 αὐτῷ
2292 4043 2710 4116 προσαναλῶσαί
2739 4060 2862 4096 τινα
2891 4042 3168 4113 φροντίδα,
3198 4041 3313 4095 ἀλλ’
3344 4041 3420 4104 ὼς
3445 4043 3502 4093 ἐν
3531 4039 3680 4094 ἁλλο-

2101 4135 2231 4205 τρίᾳ
2255 4137 2320 4206 τῇ
2349 4135 2512 4207 σαρκὶ
2538 4133 2836 4202 διάγοντες,
2871 4132 3014 4204 ἔργῳ
3039 4133 3374 4195 ἐδείκνυσαν,
3395 4131 3522 4184 τίτὸ
3548 4148 3682 4200 τιαρ-

2104 4229 2273 4279 οικεῖν
2327 4228 2440 4289 τοῖς
2483 4218 2608 4289 ὦδε,
2667 4225 2762 4278 καὶ
2799 4225 2851 4277 τί
2888 4225 2948 4278 τὸ
2989 4224 3290 4294 πολίτευμα
3327 4224 3471 4294 ἔχειν
3509 4224 3566 4274 ἐν
3598 4223 3680 4275 οὐ-

2109 4317 2276 4388 ρανῷ.
2329 4317 2542 4369 Ἐκεῖνα
2578 4315 2884 4387 θαυμάσας,
2933 4314 3024 4368 καὶ
3075 4314 3386 4385 μακαρίσας
3442 4313 3549 4366 τῶν
3594 4313 3678 4364 άν-

2105 4410 2248 4482 δρῶν
2288 4409 2384 4482 τὴν
2426 4407 2592 4481 ζωὴν,
2630 4410 2712 4462 ὃτι
2751 4408 2898 4480 ἔργῳ
2944 4407 3246 4461 δεικνύουσι
3283 4408 3384 4477 τὴν
3420 4407 3678 4477 νέκρωσιν

2036 4491 2081 4546 Ῑ)
2109 4502 2202 4556 τοῦ
2237 4501 2413 4574 Ἰησοῦ
2439 4503 2496 4556 ἐν
2528 4501 2606 4572 τῷ
2635 4499 2848 4572 σώματι
2885 4501 3292 4573 περιφέροντες,
3317 4500 3565 4570 ηὐχόμην
3592 4499 3678 4551 καὶ

2109 4595 2292 4660 αὐτὸς,
2328 4594 2558 4649 καθόσον
2587 4593 2710 4665 ἐμοὶ
2733 4593 2972 4662 ἐφικτὸν,
3002 4593 3246 4664 ζηλωτὴς
3284 4589 3424 4647 εἶναι
3456 4591 3563 4644 τῶν
3590 4593 3676 4643 άν·

2108 4686 2250 4759 δρῶν
2275 4688 2520 4742 ἐκείνων.

2178 4779 2232 4836 5.
2275 4779 2476 4831 Τούτου
2514 4778 2644 4847 γοῦν
2681 4778 2867 4830 ἕνεκεν
2905 4776 3236 4847 θεασάμενός
3272 4792 3424 4838 τινας
3459 4776 3552 4827 ἐπὶ
3586 4773 3676 4843 τῆς

2109 4871 2367 4941 πατρίδος
2397 4870 2592 4940 ζηλοῦν
2618 4869 2688 4924 τὰ
2724 4870 2948 4923 ἐκείνων
2986 4868 3420 4938 ἐπιχειροῦντας,
3462 4865 3676 4934 ἐνόμισα

2107 4978 2231 5016 τινα
2273 4960 2521 5031 βοήθειαν
2568 4959 2859 5031 εὑρηκέναι
2911 4958 3047 5030 πρὸς
3083 4961 3182 5030 τὴν
3231 4957 3467 5029 ἐμαυτοῦ
3519 4973 3675 5023 σωτη-

2637 5087 2640 5092 l
2683 5121 2729 5152 ¹⁹
2765 5117 2932 5178 Hebr.
2965 5135 3042 5185 ιι,
3077 5119 3164 5174 i5.
3243 5119 3288 5150 ³ο
3318 5118 3458 5173 Phil.
3487 5135 3570 5184 ιιι,
3591 5118 3671 5171 ευ.

2127 5344 2356 5398 Fundam.

2113 5343 2523 5484 (“isagoan
2566 5413 2784 5484 ὕπνου.
2833 5410 2976 5464 Editi
3015 5412 3163 5484 ὅπως
3202 5409 3259 5462 δέ
3302 5408 3516 5484 ὕπνουη
3540 5407 3674 5484 Non-

2114 5478 2248 5540 nulli
2281 5478 2414 5541 inss.
2445 5478 2592 5546 ὅπως
2620 5501 2702 5538 τε.
2739 5481 2906 5536 Deest
2936 5481 3124 5534 vocula
3154 5482 3205 5533 in
3238 5478 3638 5532 vetustissimis.

2189 5555 2301 5620 (84)
2337 5555 2441 5610 Καὶ
2471 5552 2654 5620 δίψει.
2682 5553 2754 5606 lta
2787 5561 2897 5606 tres
2925 5550 3281 5620 vetustissimi
3317 5548 3538 5620 codices
3555 5561 3673 5620 cum

2115 5627 2239 5703 aliis
2264 5615 2676 5703 dttobus:_Editi
2694 5620 3012 5703 Δδίψῃ-Μοη
3035 5621 3194 5703 iidem
3207 5619 3349 5703 editi
3376 5618 3525 5688 ἔργῳ
3551 5615 3664 5674 €85:-

2116 5695 2234 5766 ξαν.
2271 5694 2444 5762 Harl.,
2484 5693 2620 5750 Med.
2655 5700 2707 5751 et
2733 5689 2899 5749 Coisl.
2935 5691 3144 5763 primus
3175 5689 3505 5749 ἐδείκνυσαν.
