3900 6208
316 351 427 407 825

1186 355 1680 418 EPISTOLARUM
1723 363 2011 420 CLASSIS
2048 364 2113 418 II.
2155 362 2378 421 EPIST.
2433 363 2711 421 CCXXIII.

3490 370 3594 426 8‘36

316 468 461 539 ρίαν,
485 467 579 522 καὶ
609 469 883 558 ἀπόδειξιν
916 474 1213 546 ὲποιούμην
1249 477 1359 531 τῶν
1397 480 1619 548 ἀφανῶν
1655 482 1723 537 τὰ
1762 484 1895 554 epe-

2014 486 2190 549 lutem,
2222 492 2278 540 et
2313 485 2577 541 indicium
2626 485 2895 543 ducebam
2950 501 3140 542 eorum
3180 503 3301 558 qua:
3350 504 3458 543 non
3509 489 3590 544 vi-

316 574 477 628 μενα.
507 559 661 613 Ἐπεὶ
692 557 786 615 οὖν
824 562 995 635 ἄδηλα
1034 565 1265 619 ἑκάστου
1302 569 1461 639 ἡμῶν
1492 569 1604 642 (85)
1638 574 1706 627 τὰ
1734 576 1794 628 ἐν
1820 575 1900 645 τῷ

312 651 564 723 κρυπτῷ,
631 652 882 727 ἡγούμην
946 657 1191 730 αὐτάρκη
1253 661 1545 733 μηνύματα
1602 660 1741 720 εἶναι
1799 667 1902 738 τῆς

310 744 814 816 ταπεινοφροσύνης
856 747 918 799 τὸ
957 748 1212 802 ταπεινὸν
1271 752 1364 804 τοῦ
1409 754 1706 825 ἐνδύματος
1730 797 1746 822 ,
1802 759 1896 812 καὶ

311 833 473 903 ἢρκει
516 851 606 904 μοι
644 835 782 906 πρὸς
829 836 1202 911 πληροφορίαν
1238 842 1298 894 τὸ
1344 845 1488 915 παχὺ
1530 846 1764 917 ἱμάτιον,
1802 850 1897 903 καὶ

311 926 347 994 ἡ
393 923 561 996 ζώνη,
605 926 700 979 καὶ
740 928 840 998 τῆς
880 930 1147 1002 ἀδεψήτου
1186 932 1393 1005 βύρσης
1431 936 1500 991 τὰ
1548 938 1894 1011 ὑποδήματα.

313 1016 430 1070 Καὶ
468 1016 679 1071 πολλῶν
718 1020 1040 1090 ἀπαγόντων
1101 1040 1168 1095 με
1224 1026 1325 1096 τῆς
1364 1027 1499 1100 πρὸς
1536 1030 1731 1095 αὐτοὺς
1769 1049 1896 1086 συν-

312 1105 525 1177 ηθείας,
565 1109 664 1162 οὐκ
704 1110 1183 1185 ἠνειχόμην,ὀρῶν
1199 1117 1397 1183 αὐτοὺς
1434 1119 1526 1174 τοῦ
1567 1122 1895 1177 ἀπολαυστι-

313 1198 416 1252 κοῦ
451 1199 569 1270 βίου
606 1202 698 1255 τὸν
734 1205 1060 1276 καρτερικὸν
1112 1209 1516 1281 προτιμῶντας·
1571 1214 1666 1267 καὶ
1708 1214 1795 1269 διὰ
1840 1216 1902 1270 τὸ

316 1289 773 1361 παρηλλαγμένον
796 1294 898 1365 τῆς
935 1296 1214 1361 πολιτείας
1243 1300 1559 1370 ζηλοτύπως
1592 1301 1734 1376 εἶχον
1766 1306 1902 1379 πρὸς

314 1380 537 1444 αὐτούς.
576 1381 738 1437 Ὅθεν
771 1385 891 1439 οὐδὲ
918 1386 1016 1450 τὰς
1049 1390 1177 1461 περὶ
1198 1389 1307 1444 τῶν
1336 1391 1622 1464 δογμάτων
1651 1396 1903 1462 διαϐολὰς

314 1472 648 1544 προσιέμην·
678 1476 856 1530 καίτοι
881 1477 1091 1531 πολλῶν
1115 1479 1603 1555 διαϐεϐαιουμένων
1632 1486 1706 1561 μὴ
1737 1487 1905 1560 ὀρθὰς

313 1562 464 1634 ἔχειν
500 1565 628 1637 περὶ
667 1566 804 1620 Θεοῦ
842 1568 940 1633 τὰς
977 1571 1299 1643 ὑπολήψεις,
1339 1575 1476 1629 ἀλλὰ
1508 1578 1587 1649 τῷ
1624 1580 1905 1653 προστάτῃ

314 1656 423 1727 τῆς
455 1657 549 1711 νῦν
582 1658 848 1730 αἱρέσεως
888 1662 1346 1734 μαθητευθέντας,
1383 1667 1453 1721 τὰ
1489 1669 1697 1724 ἐκείνου
1731 1672 1906 1744 λάθρα

314 1750 709 1822 κατασπείρειν
759 1751 1063 1824 διδάγματα
1109 1755 1245 1828 (86)’
1297 1751 1372 1812 ὧν
1419 1760 1604 1833 ἐπειδὴ
1648 1762 1901 1819 οὐδέποτε

2005 576 2225 642 dentur,
2251 592 2316 632 ea
2346 593 2468 647 quae
2497 578 2775 634 videntur.
2817 577 3090 645 Quoniam
3140 579 3310 652 igitur
3356 580 3589 637 obscura

2004 677 2135 722 sunt
2163 668 2217 723 in
2246 683 2579 739 unoquoque
2614 676 2893 734 nostrum,
2930 686 3053 740 qua:
3099 669 3153 724 in
3204 669 3431 726 latebris
3468 685 3589 725 ver-

2004 767 2241 825 santur,
2297 759 2611 815 arbitrabar
2661 761 2797 817 satis
2854 777 3053 832 magna
3111 777 3234 818 esse
3270 771 3589 833 argumenta

2004 850 2341 907 humilitatis
2379 851 2643 909 humilem
2682 862 2929 922 vestem,
2995 854 3243 925 mihique
3292 855 3427 911 satis
3471 864 3591 910 erat

2004 947 2073 1003 ad
2130 947 2545 1019 persuasionem
2594 948 2979 1004 vestimentum
3014 964 3266 1005 crassum
3293 988 3310 1016 ,
3343 957 3398 1004 et
3424 964 3584 1013 zona,

2003 1045 2057 1095 et
2104 1052 2136 1093 e
2164 1037 2288 1093 rudi
2336 1037 2490 1092 corio
2521 1038 2919 1095 calceamenta.
2952 1038 3018 1094 Et
3056 1056 3181 1095 cum
3223 1040 3379 1095 multi
3414 1039 3587 1097 abdu-

2002 1138 2190 1189 cerent
2237 1146 2324 1186 me
2364 1131 2430 1185 ad
2466 1130 2708 1201 ipsorum
2755 1134 3244 1200 consuetudinem,
3291 1149 3401 1188 non
3445 1132 3588 1188 fere-

2004 1223 2130 1278 bam
2155 1263 2173 1288 ,
2210 1221 2404 1278 videns
2438 1238 2535 1278 eos
2557 1225 2880 1294 voluptariae
2921 1226 3046 1281 vita:
3092 1227 3426 1295 laboriosam
3457 1242 3588 1297 prae-

2004 1313 2187 1381 ferre;
2238 1321 2293 1369 et
2355 1315 2425 1370 ob
2480 1315 2763 1370 insolitum
2816 1318 3036 1373 vivendi
3092 1334 3268 1390 genus
3331 1334 3586 1373 morosus

2004 1421 2155 1463 eram
2181 1405 2397 1459 illorum
2434 1404 2612 1459 laudis
2635 1405 2911 1462 defensor.
2952 1405 3104 1461 Unde
3140 1422 3243 1461 nec
3268 1406 3335 1461 de
3363 1407 3584 1478 dogma-

2007 1495 2154 1551 tibus
2212 1495 2593 1551 accusationes
2652 1495 3056 1564 admittrbam;
3123 1497 3376 1568 quamvis
3428 1498 3587 1551 multi

2006 1586 2339 1643 aﬂirmarent
2370 1604 2481 1642 non
2521 1598 2703 1643 rectas
2747 1588 2872 1643 illos
2917 1589 3121 1645 habere
3165 1589 3233 1644 de
3283 1589 3394 1644 Deo
3446 1604 3587 1645 sen—

2006 1678 2229 1744 tentias,
2258 1679 2354 1735 sed
2401 1694 2432 1733 a
2475 1679 2739 1751 signifero
2763 1680 3001 1752 vigentis
3035 1696 3184 1735 nunc
3210 1681 3435 1737 haeresis
3463 1680 3587 1736 edo-

2009 1783 2152 1838 ctos,
2195 1771 2342 1827 illius
2392 1771 2703 1826 clanculum
2768 1787 3027 1844 spargere
3088 1773 3432 1828 doctrinam:
3465 1789 3587 1844 qua:

314 1841 589 1937 αύτήκοος
615 1843 903 1916 ἐγενόμην,
928 1847 1271 1916 συκοφάντας
1297 1850 1548 1922 ἡγούμην
1579 1855 1703 1918 τοὺς
1725 1857 1907 1925 ἀπαγ-

2014 1879 2131 1919 cum
2187 1864 2304 1934 ipse
2361 1879 2641 1934 nunquam
2689 1865 3006 1931 audissem,
3061 1865 3425 1937 sycophantas
3472 1866 3588 1920 exi-

313 1932 633 2002 γέλλοντας.
693 1936 847 1990 Ἐπεὶ
913 1937 970 1991 δὲ
1039 1938 1224 1995 λοιπὸν
1287 1942 1597 2015 ὲκλήθημεν
1659 1946 1741 2010 είς
1807 1948 1904 2018 τὴν

316 2027 658 2098 προστασίαν
693 2028 793 2099 τῆς
821 2029 1166 2101 Ἑκκλησίας,
1199 2033 1326 2097 τοὺς
1367 2033 1466 2105 μὲν
1503 2036 1906 2108 παραδοθέντας

315 2119 454 2190 ἡμῖν
484 2119 734 2189 φύλακας
757 2123 853 2175 καὶ
880 2124 1187 2187 σκοπευτὰς
1215 2122 1312 2178 τοῦ
1346 2124 1462 2196 βίου
1500 2127 1560 2181 ὲν
1605 2132 1907 2203 προσποιη-

316 2227 405 2266 σει
441 2211 506 2284 δὴ
555 2211 803 2284 βοηθείας
840 2214 933 2268 καὶ
978 2218 1267 2282 κοινωνίας
1307 2219 1659 2291 ἁγαπητικῆς
1691 2222 1902 2288 σιωπῶ,

316 2302 412 2358 ἵνα
443 2304 517 2374 μὴ
554 2303 693 2370 δόξω
727 2304 761 2374 ἢ
791 2303 995 2360 ἄπιστα
1026 2306 1203 2376 λέγων
1235 2309 1473 2380 ἐμαυτὸν
1510 2310 1834 2378 διαϐάλλειν,
1868 2313 1902 2385 ἢ

315 2395 711 2464 πιστευόμενος
743 2395 1155 2471 μισανθρωπίας
1182 2400 1437 2472 ἀφορμὴν
1469 2404 1581 2466 τοῖς
1612 2402 1901 2457 πιστεύου-

316 2502 407 2543 σιν
432 2486 544 2559 (87)
584 2489 854 2559 ἐμποιεῖν.
876 2492 940 2544 Ὃ
968 2494 1061 2545 καὶ
1089 2493 1212 2564 ἐμοὶ
1250 2493 1449 2566 μικροῦ
1485 2495 1708 2568 συνέϐη,
1745 2499 1793 2550 εί
1828 2498 1901 2569 μή

320 2596 394 2654 με
417 2582 557 2651 ταχὺ
597 2582 1059 2653 προκατελάϐοντο
1091 2587 1140 2638 οἱ
1179 2589 1455 2661 οἱκτιρμοὶ
1481 2588 1576 2642 τοῦ
1608 2588 1766 2642 Θεοῦ.
1801 2590 1903 2642 Μι·

317 2671 459 2742 κροῦ
499 2670 611 2743 γὰρ
647 2675 728 2738 εἰς
764 2674 863 2746 τὴν
899 2675 1045 2730 κατὰ
1080 2677 1300 2732 πάντων
1337 2678 1594 2744 ἐξέπεσον
1633 2680 1902 2751 ὑποψίαν,

316 2764 476 2818 οὐδὲν
516 2765 817 2837 ἡγούμενος
868 2765 1009 2823 εἶναι
1052 2770 1182 2842 παρ’
1224 2771 1399 2826 οὐδενὶ
1431 2773 1641 2836 πιστὸν,
1685 2774 1751 2826 ἐκ
1796 2773 1904 2828 τῶν

317 2854 557 2927 δολερῶν
592 2858 926 2929 τραυμάτων
970 2860 1081 2933 (88)
1128 2863 1229 2932 τὴν
1275 2862 1454 2934 ψυχὴν
1498 2862 1902 2935 πεπληγμένος.

333 2947 475 3001 Ἀλλ’
504 2949 654 3019 ὅμως
677 2949 852 3005 ἐδόκει
878 2951 1015 3017 τέως
1036 2948 1174 3010 εἶναί
1196 2970 1248 3008 τι
1281 2956 1412 3025 ἡμῖν
1440 2956 1624 3026 σχῆμα
1649 2956 1746 3027 τῆς
1769 2956 1905 3028 πρὸς

318 3039 521 3104 αὐτοὺς
551 3042 854 3113 συνηθείας.
891 3045 1002 3101 Καὶ
1038 3046 1334 3118 προσϐολαὶ
1377 3047 1478 3119 μὲν
1512 3049 1622 3120 (89)
1657 3048 1906 3118 ἐγένοντο

320 3134 458 3204 ἡμῖν
483 3134 613 3203 περὶ
640 3134 928 3205 δογμάτων
957 3137 1051 3192 καὶ
1078 3138 1224 3207 ἅπαξ
1252 3139 1347 3193 καὶ
1381 3139 1481 3205 είς·
1515 3142 1609 3194 καὶ
1643 3139 1902 3213 ἐδόξαμεν

2007 1956 2298 2012 stimabam
2344 1955 2437 2028 qui
2481 1955 2595 2009 haec
2650 1956 3001 2012 nuntiabant.
3054 1956 3352 2027 Postquam
3405 1964 3587 2011 autem

2004 2046 2263 2119 deinceps
2318 2046 2494 2102 vocati
2550 2061 2742 2103 sumus
2788 2047 2857 2102 ad
2903 2047 3272 2120 gubernacula
3308 2046 3586 2111 Ecclesiae,

2005 2133 2163 2190 datos
2227 2134 2362 2189 mihi
2412 2135 2671 2191 custodes
2720 2143 2775 2191 et
2832 2137 3209 2207 speculatores
3265 2138 3429 2204 vitae,
3484 2138 3589 2194 sub

2005 2227 2189 2299 specie
2244 2227 2435 2281 auxilii
2492 2236 2542 2282 et
2614 2227 2806 2282 amica:
2866 2229 3316 2294 communionis,
3366 2239 3589 2302 praeter-

2005 2321 2204 2385 mitto,
2260 2333 2329 2374 ne
2378 2319 2567 2375 videar
2618 2326 2713 2372 aut
2778 2320 3123 2375 incredibilia
3186 2321 3379 2377 dicens
3410 2321 3478 2377 de
3503 2336 3589 2375 me

2003 2414 2123 2480 ipso
2154 2409 2442 2465 detrahere
2468 2449 2483 2474 ,
2521 2418 2615 2464 aut
2662 2409 2820 2465 fidem
2856 2408 3066 2465 faciens
3087 2450 3103 2476 ,
3135 2425 3358 2465 causam
3396 2408 3591 2465 afferre

2004 2498 2357 2555 credentibus
2390 2539 2405 2565 ,
2464 2513 2564 2553 cur
2613 2498 2914 2553 humanum
2964 2514 3138 2570 genus
3171 2498 3403 2553 oderint.
3434 2496 3590 2564 Quod

2003 2599 2058 2649 et
2101 2592 2237 2646 mihi
2288 2607 2427 2660 pene
2464 2593 2811 2663 contigisset,
2850 2593 2955 2647 nisi
2986 2609 3072 2647 me
3099 2602 3578 2664 praeoccupassent

2004 2682 2101 2738 Dei
2134 2682 2540 2738 miserationes.
2568 2668 2751 2754 Prope
2788 2683 2935 2738 enim
2966 2682 3175 2738 factum
3216 2691 3300 2739 est
3357 2690 3417 2738 ut
3472 2698 3590 2738 om-

2004 2789 2104 2830 nes
2132 2774 2266 2829 mibi
2296 2775 2353 2828 in
2403 2773 2771 2845 suspicionem
2807 2775 3076 2840 venirent,
3115 2790 3216 2830 nec
3256 2773 3416 2830 fidem
3445 2774 3590 2844 apud

2005 2880 2334 2937 quemquam
2393 2880 2518 2921 esse
2596 2866 2875 2921 crederem
2911 2905 2927 2930 ,
2993 2866 3205 2924 dolosis
3274 2866 3591 2922 vulneribus

2006 2958 2188 3013 animo
2249 2958 2563 3029 perculsus.
2640 2955 2747 3012 Sed
2795 2966 2979 3012 tamen
3034 2957 3324 3013 videbatur
3371 2950 3590 3011 interim

2006 3032 2396 3120 aliquanobis
2448 3048 2631 3104 inesse
2662 3049 2877 3118 species
2909 3046 3330 3104 consuetudinis
3373 3061 3496 3100 cum
3526 3046 3592 3099 il-

2007 3143 2096 3208 lis,
2154 3149 2317 3214 atque
2362 3142 2528 3196 etiam
2591 3141 2998 3211 disputationes
3046 3140 3249 3196 habitae
3303 3139 3448 3195 inter
3490 3154 3599 3195 nos

324 3225 404 3296 μὴ
455 3223 826 3299 διακρίνεσθαι
876 3231 1356 3302 συμφωνήσαντες.
1408 3232 1497 3296 Ὣς
1541 3233 1600 3289 δὲ
1638 3233 1903 3307 ηὕρισκον

2014 3235 2077 3292 de
2113 3236 2460 3308 dogmatibus
2517 3222 2689 3291 semel
2723 3242 2887 3305 atque
2938 3237 3173 3301 iterum;
3221 3248 3287 3290 ac
3343 3233 3447 3289 visi
3499 3247 3595 3290 su-

326 3316 428 3387 μὲν
466 3320 612 3389 ἡμᾶς
647 3318 750 3383 τὰς
792 3320 961 3385 αὐτὰς
1008 3322 1266 3392 ἀφιέντας
1304 3323 1486 3393 φωνὰς
1527 3324 1653 3397 περὶ
1690 3326 1790 3396 τῆς
1825 3327 1905 3390 εἰς

321 3406 461 3459 Θεὸν
484 3408 751 3473 πίστεως,
784 3409 852 3475 ἃς
892 3414 1043 3482 παρὰ
1071 3413 1246 3471 πάντα
1275 3413 1386 3485 (90)
1412 3416 1503 3470 τὸν
1534 3416 1726 3488 χρόνον
1751 3418 1909 3488 ἡκου-

327 3513 429 3551 σαν
454 3501 583 3570 παρ’
614 3500 787 3571 ἡμῶν.
825 3504 889 3558 EI
918 3505 1027 3576 γὰρ
1057 3507 1151 3559 καὶ
1197 3505 1364 3561 τᾶλλα
1397 3508 1552 3579 ἡμῶν
1586 3507 1908 3579 στεναγμῶν

327 3587 485 3654 ἄξια,
525 3590 639 3645 ἀλλ’
666 3588 759 3646 οὖν
792 3593 850 3647 ἒν
872 3611 938 3665 γε
964 3594 1121 3650 τοῦτο
1150 3596 1335 3668 τολμῶ
1370 3599 1677 3669 καυχᾶσθαι
1707 3598 1816 3670 (91)
1851 3599 1908 3652 ἐν

328 3682 540 3753 Κυρίῳ,
576 3685 659 3738 ὅτι
689 3687 947 3741 οὐδέποτε
989 3688 1412 3760 πεπλανημένας
1450 3691 1603 3761 ἔσχον
1642 3691 1742 3755 τὰς
1780 3692 1908 3763 περὶ

326 3775 466 3830 Θεοῦ
500 3778 830 3850 ὑπολήψεις,
860 3780 895 3854 ἢ
928 3782 1129 3853 ἑτέρως
1167 3783 1376 3855 φρονῶν
1414 3783 1718 3855 μετέμαθον
1750 3782 1909 3838 ὔστε-

332 3884 445 3938 ρον.
486 3869 628 3923 Ἀλλ’
666 3872 734 3942 ἢν
773 3873 838 3925 ἐκ
880 3873 1067 3937 παιδὸς
1109 3873 1298 3929 ἔλαϐον
1349 3876 1554 3931 ἔννοιαν
1604 3877 1733 3948 περὶ
1774 3875 1909 3931 Θεοῦ

331 3959 485 4031 παρὰ
522 3961 621 4031 τῆς
670 3964 949 4036 μακαρίας
993 3966 1197 4037 μητρός
1252 3984 1355 4037 μου
1397 3967 1494 4021 καὶ
1529 3968 1630 4038 τῆς
1680 3968 1912 4039 μάμμης

331 4052 640 4125 Μακρίνης,
679 4055 883 4128 ταύτην
923 4057 1248 4130 αύξηθεϊσαν
1282 4060 1442 4131 ἔσχον
1476 4063 1534 4114 ὲν
1575 4060 1814 4132 ἐμαυτῷο
1850 4062 1910 4116 οὐ

333 4144 445 4216 γὰρ
466 4145 603 4200 ἄλλα
634 4145 695 4213 ἐξ
722 4148 896 4203 ἄλλων
937 4150 1231 4222 μετέλαϐον
1260 4152 1319 4207 ὲν
1351 4154 1417 4223 τῇ
1453 4151 1549 4205 τοῦ
1573 4152 1732 4220 λόγου
1773 4169 1913 4224 συμ-ι»

334 4235 633 4307 πληρώσει,
672 4239 809 4316 ἀλλὰ
844 4240 945 4305 τὰς
982 4243 1381 4316 παραδοθείσας
1427 4262 1516 4317 μοι
1562 4247 1691 4318 παρ’
1736 4246 1915 4302 αὐτῶν

334 4327 511 4399 ἀρχὰς
533 4329 845 4388 ὲτελείωσα.
870 4333 1083 4408 Ὥσπερ
1106 4336 1215 4406 γὰρ
1245 4336 1306 4389 τὸ
1346 4339 1568 4409 σπέρμα
1607 4337 1720 4410 (92)
1752 4338 1916 4404 αὐξα-

334 4421 579 4491 νόμενον,
624 4423 806 4494 μεῖζον
840 4426 942 4497 μὶν
978 4426 1086 4481 ἀπὸ
1132 4427 1329 4500 μικροῦ
1362 4429 1591 4498 γίνεται,
1632 4431 1827 4487 ταυτὸν
1857 4432 1917 4487 δέ

2011 3342 2134 3383 mus
2169 3328 2310 3382 inter
2336 3342 2438 3381 nos
2467 3341 2577 3381 non
2628 3342 2892 3397 pugnare,
2931 3327 3028 3383 sed
3059 3326 3394 3382 consentire.
3440 3324 3595 3379 Inve-

2004 3430 2207 3477 nerunt
2241 3429 2421 3475 autem
2479 3434 2580 3474 nos
2637 3420 2858 3475 easdem
2906 3420 2974 3475 de
3008 3417 3112 3474 fide
3140 3418 3196 3473 in
3234 3416 3403 3473 Deum
3431 3431 3595 3472 voces

2008 3509 2276 3581 proferre,
2325 3525 2464 3581 quas
2498 3510 2649 3565 omni
2682 3519 2929 3580 tempore
2959 3525 3025 3564 ex
3080 3509 3241 3564 nobis
3280 3507 3590 3563 audierant.

2008 3600 2123 3657 Etsi
2156 3603 2300 3657 enim
2332 3603 2453 3656 alia:
2488 3616 2577 3656 res
2614 3616 2749 3655 meae
2777 3601 3075 3673 gemitibus
3107 3598 3285 3670 dignae
3315 3616 3330 3652 :
3364 3605 3419 3655 at
3444 3608 3593 3652 certe

2008 3692 2076 3748 de
2138 3691 2243 3754 hoc
2300 3706 2410 3746 uno
2464 3691 2691 3762 gloriari
2747 3691 2925 3746 audeo
2990 3690 3046 3744 in
3113 3689 3384 3753 Domino,
3444 3687 3590 3759 quod

2010 3799 2289 3853 nunquam
2322 3783 2489 3838 falsas
2521 3782 2806 3839 habuerim
2855 3782 2921 3837 de
2969 3781 3077 3836 Deo
3100 3781 3385 3853 opiniones
3411 3820 3429 3847 ,
3491 3796 3595 3835 nec

2010 3874 2166 3928 aliter
2217 3873 2460 3929 sentiens
2510 3883 2702 3944 postea
2760 3873 3144 3929 dedidicerim.
3191 3870 3296 3927 Sed
3336 3886 3500 3941 quam
3561 3884 3595 3924 a

2011 3980 2181 4033 puero
2239 3965 2425 4036 accepi
2476 3965 2756 4020 notionem
2789 3965 2857 4020 de
2893 3965 3002 4019 Deo
3035 3978 3066 4018 a
3102 3965 3262 4018 beata
3305 3977 3426 4018 mea
3471 3977 3590 4015 ma-

2013 4065 2097 4110 tre
2150 4064 2206 4111 ct
2259 4056 2381 4111 avia
2416 4055 2657 4111 Macrina
2688 4095 2705 4121 ,
2759 4071 2880 4112 eam
2914 4064 3247 4112 crescentem
3288 4054 3345 4109 in
3386 4054 3599 4125 meipso

2014 4149 2402 4215 continebant;
2458 4164 2636 4220 neque
2668 4149 2814 4204 enim
2867 4149 3006 4205 alias
3040 4165 3107 4204 ex
3155 4148 3295 4225 aliis"
3335 4149 3540 4203 mutavi
3573 4186 3595 4210 .,

2013 4257 2138 4297 cum
2193 4243 2432 4298 adolevit
2486 4243 2675 4310 ratio;
2736 4242 2833 4298 sed
2892 4242 3094 4297 tradita
3137 4242 3271 4296 mihi
3317 4242 3386 4296 ab
3459 4241 3599 4312 ipsis

2013 4334 2282 4406 principia
2376 4333 2600 4404 perfeci.
2664 4332 2732 4389 Ut
2792 4332 2938 4389 enim
3013 4349 3199 4389 semen
3235 4373 3249 4396 ,
3290 4333 3418 4387 dum
3469 4347 3592 4386 cre-

2015 4428 2173 4491 scit,
2234 4426 2413 4497 majus
2466 4425 2687 4496 quidem
2750 4441 2819 4480 ex
2890 4439 3060 4496 parvo
3100 4424 3160 4479 fit
3192 4465 3208 4493 ,
3271 4424 3370 4481 sed
3410 4431 3600 4481 tamen

407 4577 523 4642 (85)
570 4578 869 4634 Ἐκὰστου
914 4579 1102 4650 ἡμῶν.
1157 4579 1299 4635 Editi
1350 4581 1419 4639 τὰ
1466 4583 1527 4636 ἐν
1561 4582 1641 4652 τῷ
1688 4585 1917 4655 κρυπτῷ

407 4647 569 4700 ἀστου
616 4649 791 4708 ἡμῶν.
833 4649 938 4703 Sed
973 4652 1274 4708 elegantior
1302 4653 1419 4707 visa
1457 4662 1543 4707 est
1571 4656 1915 4708 constructio

2018 4582 2143 4638 dam
2171 4585 2389 4640 codices
2430 4585 2521 4649 Ὠς
2551 4583 2683 4708 γάρ.
2725 4582 2859 4637 Illud
2891 4592 3072 4637 autem
3101 4581 3178 4644 ὡς
3207 4580 3263 4634 δέ
3280 4578 3504 4662 neglexi
3538 4578 3593 4633 in

2018 4654 2450 4708 interpretando.
2477 4656 2605 4708 auia
2648 4654 2841 4708 ontzior
2858 4653 3200 4708 parenthesis
3218 4651 3412 4704 fuisset
3433 4663 3593 4708 appu-

368 4647 569 4725 κάστου
616 4649 791 4725 ἡμῶν.
833 4645 1419 4725 εμράίειοιξιιῐιιὶοιῇνίεε
1457 4662 1543 4707 est
1571 4645 1915 4709 constructio
1947 4645 1991 4703 D
2018 4654 2450 4723 interpretando,
2477 4645 2605 4725 quia

338 4716 394 4769 in
447 4716 1463 4793 tribus_"antiqtti_ssimis__codicibus,7
1498 4739 1638 4793 quos
1691 4732 1913 4782 secutus

335 4800 483 4860 sum.
511 4786 680 4843 Paulo
711 4786 836 4860 post
862 4790 1041 4853 lIarI.,
1072 4790 1236 4854 Med,
1262 4791 1412 4857 Vat.,
1438 4786 1608 4849 Coisl.
1639 4795 1914 4851 secundus

334 4865 393 4911 et
422 4856 558 4934 Reg.
580 4856 861 4934 secundus
886 4861 1157 4934 ἀνεψήτου
1198 4856 1422 4934 βύρσης.
1454 4863 1545 4918 Sic
1571 4865 1735 4919 etiam
1767 4874 1918 4919 utra-

338 4942 445 4995 que
493 4928 828 4988 Basileensis
877 4928 1068 4987 editio.
1117 4928 1284 4988 Deest
1326 4928 1416 4989 hic
1460 4935 1670 5005 periodi
1703 4934 1826 4991 finis
1860 4938 1916 4991 in

337 4996 705 5052 llazauoensi.

336 5014 705 5054 uatzauoensn

411 5015 912 5145 ὶῗὲῗιξῗὲἓγματα.
954 5068 1033 5145 Ita
1066 5086 1342 5145 ms_s_._sex.
1370 5071 1511 5145 ἑέᾶὶιὶ
1538 5073 1802 5145 δόγματα.
1833 5076 1921 5131 In-

340 5141 591 5214 fra__editi
628 5142 690 5214 έν
727 5141 1092 5214 προσποιήσει
1140 5142 1322 5213 δῆθεν.
1375 5141 1510 5199 Tres
1551 5141 1921 5201 vetustissimi

338 5211 561 5266 codices
589 5218 650 5264 ut
678 5212 734 5267 in
765 5211 937 5269 textu.

416 5281 530 5354 (87)
560 5284 985 5339 Πιστεύουσιν.
1017 5282 1189 5339 Coisl.
1214 5285 1428 5355 primus
1449 5292 1504 5340 et
1523 5282 1675 5341 Harl.
1706 5285 1922 5340 πιστεύ-

338 5369 487 5406 σασι.

412 5423 524 5497 (88)
558 5421 1253 5497 Τωυμᾴτωνζῐιιιᾲῐνιιπιη
1284 5423 1452 5489 Med.,
1491 5423 1661 5481 Coisl.
1691 5433 1921 5497 uterque

338 5502 394 5549 et
422 5492 557 5566 ιιςς.
596 5492 889 5566 secundus.
924 5492 1069 5566 Editi
1094 5497 1455 5566 πραγμάτων.

408 5563 523 5633 (89)
548 5565 886 5633 Προσϐολαὶ
904 5563 1039 5633 μέν.
1064 5563 1275 5620 naues
1292 5564 1652 5622 vetustissimi
1674 5565 1914 5621 codices.

339 5631 487 5706 Editi
521 5631 936 5706 npbeGolaIﬁé'.
961 5633 1039 5690 Ex
1074 5635 1271 5706 iisdem
1293 5636 1577 5690 codicibus
1600 5635 1917 5705 coniunctio

343 5705 527 5758 addita
553 5702 680 5760 ante
709 5702 878 5769 ἅπαξ.
912 5704 1084 5760 Paulo
1112 5713 1234 5778 post
1262 5705 1426 5778 iidem
1454 5706 1594 5778 editi
1622 5702 1916 5778 συμφωνή-

345 5791 546 5847 παντας
574 5783 770 5833 contra
797 5782 1043 5835 veterum
1069 5774 1320 5837 codicum
1351 5775 1529 5834 ﬁdem.
1556 5774 1759 5838 Ibidem
1787 5774 1912 5857 qui;

2722 4654 2841 4723 gior
2857 4653 3200 4724 parenthesis
3218 4651 3412 4704 fuisset
3433 4663 3596 4724 appo-

2017 4720 2228 4796 nenda.
2253 4741 2414 4796 quam
2446 4720 2699 4779 tamenin
2726 4720 2916 4796 Graeco
2936 4733 3190 4796 contextu
3217 4720 3590 4796 apponerrdaiit

2021 4795 2177 4850 duxi.
2207 4787 2298 4849 Sic
2330 4798 2476 4849 enim
2533 4796 2706 4850 series
2754 4794 3020 4848 orationis
3060 4787 3364 4859 colligenda
3395 4805 3409 4859 ξ
3438 4787 3592 4852 Quod

2024 4874 2202 4919 autent
2226 4867 2527 4922 invenerunt
2552 4882 2646 4919 nos
2669 4865 2878 4922 easdem
2902 4862 2966 4917 de
2994 4863 3098 4916 Deo
3121 4858 3264 4915 voces
3286 4858 3591 4929 proferre...

2022 4945 2413 5009 per-scrutentur
2443 4951 2597 4989 suam
2626 4936 2863 5004 ipsorum
2891 4927 3294 5009 conscientiam.
3322 4928 3477 4998 Saepe
3500 4927 3593 5009 Ba-

2025 5006 2204 5070 silius,
2232 5022 2356 5060 cum
2394 5019 2625 5076 magnos
2655 5013 2835 5076 motus
2862 5004 3051 5076 animo
3076 5004 3375 5076 impressos
3409 5004 3595 5076 sequi-

2025 5084 2136 5138 tur,
2169 5079 2359 5146 longas
2382 5070 2655 5146 ejusmodi
2689 5074 2964 5146 periodos.
2997 5086 3061 5127 ac
3088 5070 3298 5145 legibus
3326 5070 3597 5124 orationis

2025 5144 2346 5217 exilioribus
2374 5145 2584 5217 solutas
2610 5144 2899 5217 devolvit“
2992 5211 3020 5217 _
3063 5211 3074 5217 _
3113 5144 3153 5217 _'
3253 5209 3265 5217 _
3461 5215 3467 5217 Α

2096 5216 2208 5286 (90)
2239 5215 2405 5286 Παρὰ
2424 5213 2638 5286 πάντα.
2668 5214 2746 5267 lta
2775 5213 2951 5279 Harl.,
2983 5211 3151 5268 Cois].
3185 5209 3395 5281 primus
3422 5215 3477 5263 et
3498 5207 3594 5265 alii

2024 5285 2229 5357 plures.
2260 5285 2402 5340 Editi
2423 5287 2563 5357 παρ’
2593 5285 2830 5357 ἅπαντα.

2097 5355 2208 5425 (9i)
2239 5347 2610 5425 Καυχᾶσθαι.
2663 5351 3103 5425 Ηιιιζιχθιβοὶει.
3146 5347 3427 5425 secundus
3462 5363 3600 5425 καχδς

2025 5418 2317 5496 χήσασθαι.
2354 5418 2525 5496 Paulo
2553 5434 2677 5496 post
2707 5424 2840 5479 editi
2867 5424 3116 5493 μάμμης
3137 5437 3239 5492 μου
3266 5418 3510 5496 δι’ἄλλας
3535 5418 3600 5486 ἐξ

2027 5490 2223 5550 ἄλλων.
2254 5494 2489 5550 Codices
2522 5490 2655 5564 niss.
2690 5490 2889 5564 magno
2918 5490 3280 5564 consensmut
3319 5490 3377 5545 in
3423 5497 3598 5546 textu.

2025 5566 2227 5637 ibidem
2252 5564 2403 5637 Harl.
2436 5573 2489 5618 et
2519 5563 2658 5637 bjed.
2692 5559 2812 5634 ἕχον
2843 5564 2972 5637 παρΪ
3006 5559 3247 5637 ἐμαυτῷ.
3450 5628 3478 5637 ν,
3552 5624 3564 5637 ,

2096 5635 2210 5708 (9‘2)
2244 5634 2503 5708 Σπέρμα.
2534 5628 2785 5708 Βερξίὲιι
2817 5628 2936 5708 \orr'
2954 5635 3007 5688 in
3032 5628 3244 5708 duobus
3278 5628 3598 5708 recentiori-

2024 5696 2130 5761 bus
2183 5696 2316 5761 mss.
2359 5696 2569 5760 Ibidem
2624 5704 2792 5774 Coisl.
2836 5705 3049 5774 primus
3092 5700 3406 5774 αῦξόμενον.
3431 5696 3605 5754 Paulo

2020 5784 2143 5853 post
2187 5778 2296 5834 duo
2321 5774 2474 5851 Regii
2496 5773 2693 5835 ταυτὸν
2721 5772 2777 5829 δέ
2804 5771 2949 5829 ἐστιν
2984 5771 3180 5849 ἐαυτῷ.
