3900 6208
356 336 460 394 8θῖ

1694 345 1751 401 S.
1798 343 2039 399 BASlLll
2079 343 2294 400 MAGNI

3494 348 3585 404 83.8

359 456 501 512 idem
559 466 644 514 est
701 461 755 514 in
826 464 1120 534 semetipso
1155 503 1170 528 ,
1226 479 1326 519 nec
1397 464 1696 519 secundum
1762 481 1932 535 genus

2039 465 2186 518 ἐστιν
2217 468 2274 518 ἐν
2301 465 2498 537 ἐαυτῷ,
2528 479 2588 519 ου
2623 465 2764 519 κατά
2786 464 2940 536 γένος
2962 464 3441 536 μεταϐαλλόμενον,
3467 465 3587 519 ἀλλὰ

357 555 643 615 mutatur,
719 553 816 607 sed
873 555 1226 610 incrementis
1303 555 1586 626 perﬁcitur
1649 572 1661 606 :
1733 555 1806 609 ita
1873 562 1927 610 et

358 638 490 691 mihi
549 641 787 696 arbitror
818 644 1066 700 eamdem
1102 647 1412 701 doctrinam
1463 647 1801 716 proﬁciendo
1839 662 1928 700 au-

357 735 503 783 ctam
554 729 767 797 fuisse,
803 749 1148 806 nequaquam
1210 747 1393 792 autem
1445 738 1501 791 in
1555 737 1702 793 illius
1749 739 1928 792 locum

357 834 479 887 quae
509 820 579 874 ab
634 823 791 878 initio
841 824 1063 889 fuerat,
1122 843 1240 882 eam
1290 843 1412 897 quae
1467 843 1614 883 nunc
1665 835 1752 884 est
1799 843 1928 884 suc-

356 911 613 968 cessisse.
659 915 824 986 339
865 917 1048 983 Quare
1086 935 1239 974 suam
1281 919 1524 990 ipsorum
1573 928 1930 990 perscruten-

357 1013 446 1056 tur
490 1006 917 1078 conscientiam,
971 1011 1155 1066 animo
1205 1011 1524 1066 intueantur
1591 1013 1797 1066 Christi
1840 1012 1935 1066 tri-

356 1094 522 1148 bunal
554 1135 570 1161 ,
600 1111 670 1150 an
703 1099 1000 1169 aliquando
1047 1101 1253 1172 aliquid
1282 1103 1430 1157 aliud
1457 1120 1523 1158 ex
1553 1105 1710 1160 nobis
1747 1105 1935 1159 audie-

357 1186 504 1252 rint,
535 1203 696 1259 quam
721 1192 868 1262 quod
912 1211 1058 1249 nunc
1086 1195 1322 1250 dicimus
1349 1213 1363 1261 ;
1396 1197 1488 1265 qui
1537 1212 1682 1250 nunc
1712 1197 1935 1252 nomine

357 1292 536 1346 pravae
576 1280 842 1338 doctrinae
880 1301 981 1340 nos
1017 1286 1421 1347 decantarunt,
1474 1294 1528 1340 et
1567 1286 1792 1342 famosis
1820 1287 1936 1356 epi-

357 1372 514 1427 stolis
542 1414 557 1438 ,
590 1391 729 1445 quas
758 1387 950 1433 contra
982 1395 1083 1434 nos
1123 1379 1535 1449 conscripsere,
1568 1384 1809 1434 omnium
1837 1396 1935 1434 au-

358 1475 447 1516 res
483 1464 856 1534 obtuderunt;
893 1470 1038 1524 unde
1070 1477 1124 1525 et
1158 1471 1318 1526 nobis
1352 1471 1608 1541 imposita
1635 1473 1942 1527 necessitas

359 1551 524 1621 hujus
545 1557 905 1615 defensionis.

427 1645 482 1700 4.
520 1646 861 1705 Accusamur
892 1653 1034 1706 enim
1081 1653 1441 1722 blasphemiae
1491 1656 1546 1708 in
1581 1655 1769 1716 Deum,
1813 1670 1936 1708 cum

359 1749 539 1804 neque
566 1752 631 1791 ex
667 1740 876 1808 scripto
909 1751 1070 1795 antea
1103 1743 1171 1796 de
1205 1744 1308 1798 [ide
1351 1758 1378 1795 a
1408 1744 1569 1798 nobis
1597 1744 1746 1798 edito
1784 1743 1937 1812 argui

358 1826 663 1893 possimus,
703 1846 882 1900 neque
915 1848 979 1886 ex
1006 1833 1073 1887 iis
1101 1851 1446 1904 quaecunque
1483 1837 1602 1889 sine
1647 1836 1854 1905 scripto
1883 1837 1939 1890 in

355 1914 626 1973 Ecclesiis
669 1919 771 1974 Dei
806 1923 926 1976 viva
976 1940 1108 1979 voce
1161 1926 1339 1994 palam
1380 1935 1434 1981 et
1485 1936 1672 1996 aperte
1723 1943 1939 1997 semper

356 2008 744 2067 disseruimus.
795 2011 898 2068 Sed
952 2032 1054 2070 nec
1107 2018 1264 2071 testis
1317 2020 1594 2079 inventus,
1631 2020 1723 2088 qui
1767 2035 1827 2074 se
1871 2034 1938 2074 ex

356 2101 518 2155 nobis
569 2117 777 2158 arcano
827 2106 1184 2176 loquentibus
1236 2110 1384 2177 impii
1437 2110 1737 2180 quidquam
1777 2110 1936 2164 audi-

356 2195 503 2249 visse
536 2195 766 2252 diceret.
806 2196 962 2253 Unde
1017 2200 1184 2269 igitur
1235 2203 1690 2264 condemnamur,
1749 2203 1794 2258 si
1837 2219 1938 2258 nec

356 2285 652 2342 scribimus
691 2288 879 2359 impie,
912 2307 1013 2346 nec
1055 2293 1451 2348 concionamur
1499 2294 1788 2358 damnose,
1841 2311 1937 2350 ne-

355 2393 462 2446 que
509 2377 565 2431 in
597 2377 918 2435 domesticis
963 2384 1257 2452 colloquiis
1301 2399 1418 2447 eos,
1452 2386 1546 2454 qui
1582 2402 1682 2440 nos
1737 2401 1937 2440 conve-

355 2467 536 2530 niunt,
591 2471 996 2538 pervenimus?
1040 2472 1084 2526 Ο
1137 2488 1340 2526 novum
1379 2476 1786 2528 commentum!
1818 2473 1934 2539 Ille,

355 2559 555 2628 inquit,
606 2561 662 2614 in
709 2561 867 2631 Syria
915 2564 1182 2617 nonnulla
1233 2564 1463 2633 scripsit
1515 2565 1660 2618 haud
1708 2569 1840 2635 pie:
1876 2576 1934 2620 tu

355 2664 484 2704 vero
512 2650 789 2720 scripsisti
813 2653 864 2706 ei
889 2663 1018 2708 ante
1047 2653 1242 2723 viginti
1268 2668 1446 2707 annos
1474 2660 1527 2707 et
1559 2655 1817 2724 amplius.
1851 2653 1934 2708 Tu

355 2738 523 2809 igitur
553 2743 993 2796 communicator
1018 2757 1078 2798 es
1111 2743 1376 2807 hominis,
1409 2753 1465 2798 et
1502 2744 1654 2799 illius
1699 2745 1932 2800 crimina

352 2830 519 2882 etiam
569 2838 664 2884 tua
697 2832 831 2888 sint.
881 2833 971 2898 At,
1024 2850 1057 2889 ο
1106 2837 1281 2892 amice
1326 2839 1576 2894 veritatis
1621 2840 1804 2903 homo,
1842 2842 1934 2912 qui

356 2922 709 2977 mendacium
755 2924 927 2980 fetum
977 2943 1104 2982 esse
1159 2928 1362 2983 diaboli
1396 2929 1626 2985 edoctus
1667 2948 1748 2993 es,
1795 2947 1934 3002 quo-

353 3014 517 3068 modo
558 3031 884 3083 persuasum
927 3016 1100 3072 habes
1148 3034 1326 3073 meam
1375 3033 1500 3073 esse
1531 3019 1678 3072 illam
1725 3021 1932 3090 episto-

353 3105 499 3159 iam?
540 3105 661 3160 Non
697 3107 842 3160 enim
896 3108 1120 3175 misisti,
1171 3125 1272 3164 nec
1324 3109 1700 3179 interrogasti,
1757 3128 1859 3168 nec
1899 3129 1926 3166 a
1958 3140 2002 3198 α

354 3213 466 3260 me,
499 3198 594 3268 qui
627 3198 728 3254 tibi
760 3215 954 3254 verum
982 3200 1166 3255 dicere
1203 3210 1474 3271 poteram,
1521 3202 1785 3258 didicisti.
1822 3203 1930 3258 Sed

353 3292 570 3345 etiamsi
609 3307 746 3346 mea:
789 3301 979 3348 essent
1011 3294 1227 3359 litterae,
1265 3294 1408 3349 unde
1456 3305 1793 3365 compertum
1835 3297 1935 3351 tibi

354 3391 462 3445 est,
493 3383 748 3437 volumen
787 3383 949 3448 illud,
982 3386 1128 3455 quod
1166 3400 1313 3439 nunc
1363 3386 1419 3439 in
1462 3401 1660 3441 manus
1691 3396 1813 3442 tuas
1848 3388 1936 3442 in-

356 3473 512 3538 cidit,
544 3476 754 3546 a2quale
784 3491 908 3532 esse
941 3477 1148 3532 litteris
1178 3477 1356 3532 meis?
1385 3477 1510 3548 quis
1553 3477 1652 3532 tibi
1681 3478 1819 3533 dixit
1846 3480 1934 3533 vi-

355 3567 490 3636 ginti
525 3582 649 3623 esse
678 3583 952 3622 annorum
988 3568 1042 3622 id
1064 3569 1355 3623 volumen?
1376 3569 1520 3623 unde
1551 3571 1714 3624 etiam
1748 3571 1937 3642 explo—

355 3664 540 3710 ratum
583 3664 691 3720 est,
732 3657 884 3713 illius
915 3658 1092 3728 ipsius
1125 3659 1364 3713 hominis
1395 3674 1520 3714 esse
1551 3660 1933 3728 seriptionem,

355 3747 425 3801 ad
468 3763 633 3819 quem
666 3755 720 3803 et
768 3763 798 3802 a
832 3764 919 3803 me
951 3750 1123 3804 missa
1159 3749 1626 3820 epistola?.Quod
1668 3752 1714 3805 si
1762 3759 1817 3806 et
1845 3753 1935 3807 ille

355 3841 595 3911 scriptor
629 3849 737 3904 est,
768 3850 824 3896 et
864 3857 965 3912 ego
1009 3840 1079 3896 ad
1119 3841 1274 3896 illum
1316 3842 1534 3912 scripsi,
1575 3850 1629 3897 et
1665 3859 1831 3896 unum
1869 3857 1933 3896 ac

356 3930 502 3984 idem
540 3939 757 4001 tempus
790 3947 1034 3988 mearum
1067 3933 1379 3988 litterarum
1417 3943 1473 3988 et
1516 3934 1682 4004 hujus
1716 3935 1932 4004 scripti,

354 4023 667 4092 suscepisse
701 4040 789 4079 me
829 4024 966 4078 illud
996 4026 1203 4088 animo,
1235 4026 1469 4097 ejusque
1503 4028 1833 4083 sententiam
1876 4027 1935 4083 in

353 4115 567 4184 meipso
592 4123 800 4183 tenere,
832 4131 941 4186 quo
976 4117 1150 4188 liquet
1185 4118 1548 4189 argumento?

421 4384 480 4439 5.
520 4379 856 4438 Percontare
903 4389 959 4438 te
1003 4381 1166 4452 ipse:
1201 4384 1420 4454 quoties
1461 4401 1547 4441 me
1601 4385 1835 4442 invisisti
1872 4388 1928 4443 in

2030 558 2148 608 κατ’
2177 555 2404 627 αὔξησιν
2435 557 2826 629 τελειούμενοψ
2860 557 3003 610 οὕτω
3035 555 3320 625 λογίζομαι
3353 557 3443 609 καὶ
3479 555 3586 624 ἐμοὶ

2029 645 2119 699 τὸν
2143 646 2306 700 αὑτὸν
2338 647 2492 716 λόγον
2523 648 2610 700 διά
2637 648 2736 717 τῆς
2771 647 3052 717 προκοπῆς
3081 645 3366 715 ηὐξῆσθαι,
3399 645 3510 713 οὐχὶ
3537 644 3586 696 δὲ

2030 735 2150 789 ἀντὶ
2169 735 2264 788 τοῦ
2287 735 2346 799 ἐξ
2368 736 2540 808 ἀρχῆς
2561 735 2712 796 ὄντος
2738 734 2828 787 τὸν
2856 733 2950 788 νῦν
2981 734 3292 804 ὑπάρχοντα
3319 731 3425 801 (95)
3447 746 3589 797 γεγε-

2030 826 2246 896 νῆσθαι.
2280 829 2440 880 Ὥστε
2487 826 2862 899 ἐρευνάτωσαν
2897 827 2993 894 μὲν
3023 824 3086 878 τδ
3111 823 3318 878 ἐαυτῶν
3353 820 3588 884 συνειδὸς,

2032 917 2470 990 ἐνθυμείσθωσαν
2515 919 2572 971 δὲ
2622 919 2684 972 τὸ
2723 919 2818 972 τοῦ
2866 915 3101 989 Χριστοῦ
3145 915 3507 983 δικαστήριον,
3548 911 3593 964 εί

2035 1027 2163 1064 ποτε
2205 1011 2332 1065 ἄλλο
2373 1029 2426 1064 τι
2475 1012 2710 1082 ἥκουσαν
2751 1009 2879 1080 παρ’
2922 1008 3099 1078 ἡμῶν,
3149 1007 3278 1076 παρ’
3319 1004 3348 1056 ὅ
3391 1003 3480 1056 νῦν
3517 1001 3593 1054 λέ-

2033 1117 2222 1171 γομεν,
2259 1103 2308 1154 οἱ
2341 1100 2434 1154 νῦν
2472 1102 2618 1172 ἡμᾶς
2654 1099 3140 1172 διαθρυλλήσαντες
3167 1096 3258 1149 ἐπὶ
3291 1093 3589 1163 κακοδοξίᾳ,

2035 1195 2128 1246 καὶ
2167 1196 2286 1256 ταῖς
2324 1192 2751 1265 στηλιτευτικαῖς
2791 1191 3121 1254 ἐπιστολαῖς,
3161 1187 3228 1252 ἃς
3269 1184 3593 1256 συνέγραψαν

2036 1285 2157 1338 καθ’
2206 1285 2385 1356 ἡμῶν,
2443 1286 2623 1339 πᾶσαν
2686 1284 3192 1356 περικτυπήσαντες
3238 1279 3408 1349 ἀκοήν
3438 1295 3451 1308 ο
3488 1275 3595 1328 ὅθεν

2038 1377 2132 1428 καὶ
2159 1378 2318 1447 ἡμεῖς
2345 1377 2482 1448 πρὸς
2512 1377 2612 1449 τὴν
2652 1376 2898 1446 ἀνάγκην
2925 1374 3158 1445 ἤλθομεν
3186 1371 3287 1442 τῆς
3321 1367 3596 1437 ἀπολογίας

2039 1466 2260 1540 ταύτης.

2111 1647 2164 1700 4.
2218 1645 2624 1717 Ἐγκαλούμεθα
2676 1645 2786 1717 γὰρ
2813 1644 2912 1716 τὴν
2948 1645 3028 1707 εἰς
3065 1642 3197 1696 Θεὸν
3246 1639 3597 1712 βλασφημίαν,

2041 1737 2163 1792 οὔτε
2190 1739 2298 1793 ἀπὸ
2325 1738 2671 1811 συγγραφῆς,
2698 1738 2764 1808 ἣν
2790 1737 2942 1790 αὐτοὶ
2966 1735 3074 1806 (94)
3101 1729 3601 1806 προκατεῦαλὸμεθα

1972 1806 2012 1860 Β
2043 1830 2171 1901 περὶ
2207 1806 2481 1893 πίστεωςξ
2514 1806 2838 1899 ἐλεγχθῆναι
2871 1827 3177 1897 δυνάμενοι,
3211 1824 3337 1877 οὔτε
3381 1823 3488 1878 ἀπὸ
3518 1824 3602 1892 ρη-

2044 1921 2248 1991 μάτων,
2278 1922 2378 1974 ὅσα
2423 1921 2690 1991 ἀγράφως
2736 1920 2843 1972 ἀπὸ
2881 1917 3144 1989 στόματος
3188 1917 3274 1970 ἀεὶ
3308 1918 3367 1968 ἐν
3395 1913 3472 1985 τῷ
3507 1930 3600 1981 φα-

2038 2013 2180 2084 νερῷ
2215 2015 2334 2076 ταῖς
2350 2012 2698 2082 Ἐκκλησίαις
2748 2009 2840 2064 τοῦ
2883 2009 3017 2062 Θεοῦ
3059 2006 3433 2079 διελέχθημεν.
3477 2004 3601 2057 Ἀλλ’

2038 2103 2157 2155 οὐδέ
2185 2102 2393 2173 μάρτυς
2423 2101 2619 2174 εὑρέθη
2652 2103 2680 2154 ὁ
2715 2101 2886 2170 λέγων
2935 2100 3065 2172 παρ’
3115 2099 3273 2170 ἡμῶν
3323 2096 3604 2167 ἀκηκοέναι

2036 2212 2089 2248 τι
2117 2193 2226 2246 τῶν
2267 2192 2477 2246 ἀσεϐῶν
2511 2193 2568 2245 ἐν
2618 2191 2952 2263 παραϐύστῳ
2989 2189 3404 2260 φθεγξαμένων.
3446 2186 3605 2242 Πόθεν

2036 2282 2129 2338 οὖν
2163 2284 2480 2356 κρινόμεθα,
2525 2285 2575 2337 εἰ
2618 2286 2756 2355 μήτε
2786 2285 3173 2355 συγγράφομεν
3207 2281 3445 2344 ἀσεϐῶς,
3478 2281 3604 2350 μήτε

2035 2377 2455 2450 δημηγοροῦμεν
2512 2377 2843 2442 ἐπιϐλαὸῶς,
2904 2378 3041 2448 μήτε
3090 2378 3146 2429 ἐν
3194 2376 3312 2438 ταῖς
3361 2375 3485 2427 κατ’
3532 2368 3603 2425 οἷ-

2036 2487 2129 2523 κον
2166 2470 2276 2540 (95)
2301 2469 2540 2539 ὁμιλίαις
2567 2470 2691 2533 τοὺς
2725 2470 3150 2539 ἐντυγχάνοντας
3183 2466 3601 2538 διαστρέφομενς

2038 2563 2100 2613 Ὢ
2127 2561 2220 2614 τοῦ
2255 2561 2442 2615 καινοῦ
2489 2561 2804 2632 δράματοςί
2856 2562 2916 2612 'U
2949 2560 3118 2623 δεῖνα,
3163 2560 3346 2629 φησὶν,
3398 2557 3490 2610 ἐπὶ
3516 2559 3605 2626 τῆς

2035 2640 2231 2724 Συρίας
2269 2652 2472 2723 ἔγραψέ
2496 2669 2616 2706 τινα
2651 2653 2725 2716 ὡς
2754 2651 2854 2705 οὑκ
2883 2651 3153 2714 εὐσεϐὦςο
3187 2652 3250 2704 σὺ
3281 2649 3339 2703 δέ
3373 2649 3604 2703 ἐπέστει-

2033 2743 2130 2806 λας
2172 2741 2318 2812 αὐτῷ
2351 2742 2457 2814 πρὸ
2486 2743 2688 2795 εἴκοσιν
2720 2741 2857 2796 ἐτῶν
2883 2742 2977 2795 καὶ
3017 2740 3300 2797 πλειόνων.
3336 2739 3601 2801 Κοινωνὸς

2031 2835 2140 2907 ἄρα
2192 2837 2256 2889 σὺ
2289 2835 2382 2888 τοῦ
2429 2833 2737 2906 ἀνθρώπου,
2783 2836 2878 2890 καὶ
2922 2836 2992 2888 τά
3038 2835 3246 2888 ἐκείνου
3299 2833 3602 2905 κατηγορή-

2036 2944 2180 2997 ματα
2233 2928 2326 2980 καὶ
2369 2926 2438 2980 cdt
2477 2926 2730 2994 γινέσθω.
2777 2926 2936 2991 Ἀλλ’,
2971 2921 3016 2980 ὦ
3063 2926 3183 2996 φίλε
3217 2926 3316 2996 τῆς
3356 2921 3602 2994 ἀληθείας

2032 3017 2306 3089 ἄνθρωπε,
2352 3020 2379 3070 ὁ
2426 3016 2488 3069 τὸ
2532 3016 2727 3086 ψεῦδος
2766 3016 3015 3087 γέννημα
3062 3011 3202 3069 εἶναι
3234 3015 3328 3068 τοῦ
3361 3013 3601 3068 διαϐόλου

2034 3108 2432 3180 δεδιδαγμένος,
2470 3107 2588 3173 πῶς
2621 3108 2880 3180 ἐπείσθης
2926 3108 3067 3179 ἐμὴν
3097 3104 3238 3162 εἶναι
3263 3107 3361 3178 τὴν
3395 3109 3601 3160 ἐπιστο-

2034 3200 2130 3272 λὴν
2175 3201 2427 3272 ἐκείνην;
2468 3202 2542 3254 Οὐ
2593 3200 2702 3272 γὰρ
2755 3201 3101 3264 ἀπέστειλας,
3151 3200 3262 3253 οὐδ’
3297 3199 3602 3271 ἠρώτησας,

2031 3293 2172 3357 οὐδὲ,
2217 3294 2349 3364 παρ’
2394 3293 2551 3363 ἐμοῦ,
2608 3292 2704 3346 τοῦ
2764 3292 3063 3364 δυναμένου
3123 3309 3205 3345 σοι
3255 3292 3493 3362 τάληθὲς
3542 3293 3602 3344 εί-

2032 3387 2153 3437 πεῖν
2197 3384 2334 3455 (96),
2381 3383 2684 3456 ἐδιδάχθης.
2737 3385 2802 3438 Εί
2834 3384 2891 3438 δὲ
2943 3385 3038 3438 καί⁸
3079 3384 3212 3455 ἐμὸν
3254 3384 3316 3437 τὸ
3353 3384 3601 3456 γράμμα,

2033 3476 2196 3530 πόθεν
2221 3477 2401 3548 δῆλον,
2431 3477 2512 3530 ὅτι
2556 3477 2718 3530 τοῦτο
2747 3476 2809 3530 τὸ
2852 3477 2948 3530 νῦν
2994 3493 3077 3530 σοι
3127 3476 3368 3548 ἐμπεσὸν
3422 3477 3607 3529 σύντα-

2032 3587 2150 3640 γμα
2185 3569 2296 3640 (97)
2328 3569 2624 3640 σύγχρονω
2649 3570 2766 3633 τοῖς
2802 3571 2955 3640 ἐμοῖς
2991 3569 3314 3642 γράμμασι;
3348 3570 3437 3631 τίς
3468 3585 3546 3621 σοι
3579 3568 3606 3621 ὁ

2033 3662 2221 3728 εἰπὼν,
2250 3664 2335 3717 ὅτι
2383 3662 2586 3716 εἴκοσίν
2636 3665 2782 3716 ἐστιν
2813 3661 2948 3716 ἐτῶν
2996 3665 3030 3731 ἡ
3083 3662 3373 3734 συγγραφὴ
3434 3661 3602 3730 αῦτης

2035 3754 2198 3808 πόθεν
2240 3755 2296 3808 δέ
2346 3755 2524 3826 δῆλον,
2567 3755 2649 3808 ὅτι
2684 3754 2897 3808 ἐκείνου
2942 3752 3061 3806 ἐστὶ
3104 3752 3200 3807 τοῦ
3235 3751 3526 3824 ἀνθρώπου
3553 3751 3608 3804 τὺ

2036 3847 2342 3918 σύνταγμα,
2378 3847 2515 3918 πρὸς
2555 3845 2616 3899 ὃν
2663 3846 2758 3900 καί.
2792 3849 2825 3918 ἡ
2879 3846 3006 3916 παρ’
3035 3844 3170 3915 ἐμοῦ
3203 3844 3463 3916 ἐπιστολὴ
3506 3844 3606 3899 διε-

2032 3939 2291 4011 πέμφθη;
2322 3940 2384 3992 Εί
2422 3939 2480 3993 δὲ
2511 3940 2765 4002 κάκεῖνος
2793 3941 2821 3992 ὁ
2847 3937 3219 4009 συγγραφεὺς,
3243 3937 3401 4006 κάγὼ
3424 3936 3606 4006 ἐκείνῳ

2034 4031 2340 4096 ἐπέστειλα,
2371 4032 2463 4085 καὶ
2511 4031 2704 4103 χρόνος
2746 4025 2828 4094 εἷς
2864 4029 2975 4084 τῶν
3004 4029 3052 4082 τ’
3088 4029 3236 4100 ἐμῶν
3266 4028 3605 4101 γραμμάτων

2034 4122 2130 4175 καὶ
2180 4123 2272 4175 τοῦ
2323 4122 2776 4194 συγγράμματος,
2805 4120 2886 4174 ὃτι
2931 4118 3315 4191 παρεδεξάμην
3361 4120 3494 4173 αὐτὸ
3543 4121 3604 4189 τῇ

2035 4212 2262 4284 διανοίᾳ,
2298 4214 2392 4266 καὶ
2434 4212 2542 4284 ἔχω
2572 4215 2630 4266 ἐν
2656 4209 2878 4284 ἐμαυτῷ
2909 4212 3085 4264 ἐκεῖνο
3128 4210 3190 4264 τὺ
3223 4210 3502 4282 φρόνημα,
3528 4209 3604 4272 τίς

2034 4307 2068 4377 ἡ
2104 4306 2376 4371 ἀπόδειξις
2398 4323 2413 4371 ;

2107 4401 2158 4455 5.
2213 4399 2516 4470 Ἐρώτησον
2550 4395 2809 4450 σεαυτόνο
2850 4395 3081 4460 ποσάκις
3129 4396 3276 4466 ἡμᾶς
3322 4392 3602 4463 ἐπεσκέψω

353 4473 693 4529 monasterio
739 4473 807 4528 ad
851 4473 1054 4529 lridem
1083 4473 1326 4543 ﬂuvium,
1385 4491 1513 4531 cum
1562 4492 1776 4532 mecum
1816 4494 1924 4533 una

2039 4493 2124 4545 ἐπὶ
2168 4493 2267 4561 τῆς
2325 4489 2495 4562 μονῆς
2542 4489 2642 4558 τῆς
2687 4488 2780 4541 ἐπὶ
2823 4486 2902 4558 τῷ
2956 4487 3114 4558 Ἴριδι
3149 4487 3402 4558 ποταμῷ,
3433 4488 3522 4540 ὅτε
3547 4484 3601 4538 δέ

353 4563 574 4620 adesset
614 4564 1071 4635 religiosissimus
1115 4565 1287 4621 frater
1314 4565 1634 4638 Gregorius,
1680 4569 1823 4625 idem
1864 4585 1930 4625 ac

351 4671 452 4726 ego
493 4656 622 4712 vitae
655 4656 970 4711 institutum
1018 4659 1288 4728 sequens?
1321 4657 1460 4713 Num
1500 4660 1628 4729 quid
1662 4660 1929 4732 ejusmodi

353 4747 654 4802 audivisti?
701 4765 834 4803 num
887 4750 1344 4820 signiﬁcationem
1399 4752 1658 4821 accepisti
1707 4768 1926 4822 parvam

351 4850 448 4895 aut
479 4842 776 4912 magnam?
807 4841 954 4908 Quot
984 4850 1166 4898 autem
1195 4841 1315 4898 dies
1360 4843 1413 4896 in
1454 4844 1600 4907 vico,
1635 4844 1727 4914 qui
1749 4857 1833 4901 est
1859 4846 1928 4901 ad

350 4933 515 4987 aliam
547 4932 696 4987 ﬂuvii
745 4934 949 5004 ripam,
989 4934 1364 5004 transegimus
1410 4933 1555 5004 apud
1593 4951 1767 4990 meam
1813 4953 1929 4994 ma-

350 5033 514 5090 trem,
565 5026 661 5080 ubi
701 5026 853 5081 velut
895 5025 1059 5080 amici
1095 5027 1239 5081 inter
1290 5041 1390 5081 nos
1438 5026 1790 5097 degebamus,
1826 5047 1928 5086 no-

423 5182 533 5258 (93)
567 5183 678 5236 Tdr
699 5184 825 5258 Δνῦν
852 5183 1218 5255 ὑπάρχοντα.
1253 5187 1344 5242 Sic
1382 5204 1485 5258 ope
1535 5189 1799 5246 Harlaaani
1832 5208 1927 5246 co-

351 5253 490 5308 dicis
515 5253 930 5310 emendavimus
950 5253 1094 5326 quod
1116 5264 1233 5312 erat
1257 5259 1311 5312 in
1340 5253 1503 5316 editis
1526 5261 1585 5313 τὸ
1607 5261 1703 5314 νῦν
1734 5263 1926 5334 ὑπάρ-

351 5340 466 5393 χον.

427 5392 536 5467 (9ξι)
587 5395 694 5467 Ἢν
731 5395 991 5452 (nimim.
1035 5397 1336 5467 ῥημάτων.
1387 5399 1542 5466 Quod
1618 5401 1925 5460 addidimus

350 5461 455 5515 hoc
482 5463 620 5522 loco,
638 5466 985 5529 desumptum
1020 5461 1197 5522 estwex
1225 5461 1431 5527 codice'
1448 5470 1751 5527 Harlarano.
1782 5471 1924 5529 Editi

350 5529 898 5608 ἧςπροεθαλλρμεθα
935 5537 966 5606 ἦ
998 5538 1097 5590 ὅσα
1131 5539 1414 5608 ἀγράφως.

455 5550 898 5654 πξοεοαλλομευα
935 5550 966 5606 η
998 5550 1097 5590 οσα
1131 5550 1414 5608 ἀγράφως.

425 5601 537 5674 (9.)
596 5605 738 5684 _Kc:z’
789 5601 977 5684 οἷκον.
1036 5608 1768 5684 Οοξειηρτίιηυείκατοίκοις
1813 5617 1925 5684 ὀμι-

351 5671 558 5796 ἒίαις...
593 5673 1068 5746 ἐνδιαστρέφοαεν.
1111 5671 1333 5750 Legi-tur
1361 5683 1479 5735 κατ’
1514 5684 1682 5746 οἴκοις
1722 5671 1776 5740 in
1816 5671 1924 5742 Ilie-

395 5757 543 5796 nemo.

395 5757 543 5799 ιρξεο.

2035 4583 2329 4655 συμπαρῆν
2365 4598 2456 4651 μοι
2497 4581 2524 4633 ὁ
2573 4579 2984 4648 θεοφιλέστατος
3016 4578 3242 4649 ἀδελφὸς
3286 4579 3596 4652 Γρηγόριος,

2029 4672 2121 4726 τὸν
2150 4673 2312 4726 αὐτόν
2358 4689 2448 4742 μοι
2485 4671 2578 4724 τοῦ
2621 4670 2738 4740 βίου
2781 4669 2980 4723 σκοπὸν
3020 4669 3286 4735 διανύων;
3334 4670 3397 4722 Εἰ
3448 4670 3599 4740 ἡκου-

2032 4766 2132 4827 σάς
2157 4765 2268 4835 (98)
2305 4781 2358 4816 τι
2401 4763 2674 4827 τοιοῦτον;
2719 4761 2751 4832 ἢ
2803 4760 2995 4825 ἔλαϐες
3041 4761 3278 4832 ἐμφασιν
3321 4759 3524 4832 μικράν
3563 4758 3594 4827 ἦ

2034 4854 2290 4927 μείζονας
2335 4856 2515 4916 Πόσσις
2546 4854 2602 4907 δέ
2639 4853 2855 4926 ἡμέρας
2888 4855 2981 4907 ἐπ).
3009 4854 3109 4925 τῆς
3149 4854 3447 4926 ἀντιπέραν
3493 4851 3594 4923 (99)

2031 4946 2242 5015 κώμης,
2276 4943 2428 5015 παρὰ
2454 4947 2520 5016 τῇ
2557 4945 2722 5016 μητρί
2757 4962 2878 5016 μου,
2923 4943 3050 4997 ἔνθα
3087 4943 3163 5008 ὡς
3196 4945 3340 5014 φίλοι
3374 4945 3448 5016 (1)
3484 4943 3592 5014 μετ’

2029 5037 2272 5109 ἀλλήλων
2298 5036 2594 5105 διάγοντες,
2625 5037 2719 5090 καὶ
2749 5037 2808 5090 ἐν
2836 5037 2992 5090 νυκτὶ
3017 5037 3110 5090 καὶ
3133 5037 3190 5088 ἐν
3217 5036 3401 5112 ἡμέρα
3429 5036 3592 5104 λόγων

3605 5123 3616 5156 ι

2099 5192 2210 5268 (QQ)
2248 5191 2529 5268 ζάληθές.
2564 5190 2705 5268 Med:
2737 5201 2791 5268 et
2819 5191 2988 5268 Coisl.
3030 5191 3240 5268 primus
3268 5191 3481 5268 τάληθῆ

2098 5261 2211 5338 (Si?)
2244 5264 2578 5338 ζρνζαγμα.
2611 5261 2780 5338 Coisl.
2821 5261 3416 5338 νείκους-σύγγραμμα.

2099 5331 2212 5403 (98)
2247 5335 2319 5387 El
2363 5331 2654 5402 ἤκουσας.
2682 5333 2765 5386 Ita
2823 5331 2918 5388 sex
2955 5331 3182 5389 codices
3201 5331 3334 5389 mss.
3358 5332 3502 5389 Editi
3527 5331 3589 5384 Ἥ

2027 5405 2284 5467 ἤκουσας.

2049 5447 2620 5548 ἠξθθῖῖιντιαέρακ
2674 5473 2852 5541 llarl.,
2909 5473 3077 5530 Coisl.
3114 5475 3328 5548 primus
3364 5484 3418 5530 et
3462 5474 3584 5544 Reg.

2026 5544 2236 5614 primus
2262 5545 2544 5614 ἀντιπέρα.

2098 5615 2173 5683 (Ι)
2205 5614 2397 5685 Ἔνθα(
2439 5613 2517 5680 ὡς
2541 5616 2726 5684 φίλοι.
2776 5615 2881 5670 Pro
2927 5614 3015 5671 his
3041 5617 3266 5671 vocibus
3302 5616 3497 5685 legitur
3535 5613 3581 5665 in

2029 5685 2178 5759 llarl.
2207 5687 2264 5737 ἐν
2279 5684 2410 5759 ⁸Θεῷ
2440 5685 2595 5759 φίλῃ,
2609 5686 2794 5759 pham
2834 5687 2894 5759 in_
2927 5686 3034 5740 Deo
3056 5690 3234 5759 incuri.
3279 5684 3444 5740 Paulo
3475 5693 3585 5756 post

2030 5757 2168 5812 idem
2193 5755 2362 5812 codex
2387 5773 2510 5811 cum
2541 5755 2656 5812 alio
2683 5756 2940 5826 συγγενὲς
2976 5757 3196 5812 τούτων.
