3900 6208
244 401 248 404 ·
325 380 431 435 829

1207 378 1702 439 EPISTULARUM
1738 380 2027 437 CLASSIS
2066 379 2129 438 II.
2166 380 2385 438 EPIST.
2425 380 2702 443 CCXXIII.

3501 389 3607 447 830

325 498 663 570 κινουμένων
694 501 864 571 ήμῖν;
893 498 958 552 Εἰ
985 497 1182 570 εὑρέθη
1192 497 1289 569 μέν
1318 516 1371 552 τι
1411 501 1670 568 συγγενὲς
1699 497 1917 569 ἔχοντες

2020 503 2223 567 ctuque
2251 505 2305 553 et
2336 497 2578 553 interdiu
2607 498 2883 570 colloquia
2921 499 3261 558 habebamus
3293 501 3438 558 inter
3467 507 3608 563 nos?

324 593 385 645 ὲν
416 593 482 662 τῇ
517 590 767 663 διανοίᾳ;
803 590 932 645 Ὅτε
964 589 1023 643 δὲ
1051 589 1142 642 τὸν
1173 590 1443 661 μακάριον
1468 589 1753 643 Σιλουανὸν
1774 586 1920 641 κατὰ

321 684 522 737 ταυτὸν
558 681 1037 754 ὲπεσκεπτόμεθα,
1086 682 1186 753 οὐχ
1234 683 1269 753 ή
1309 682 1430 746 ὁδὸς
1461 685 1595 755 ἡμῖν
1626 684 1753 747 τοὺς
1791 683 1920 753 περὶ

321 775 531 829 τούτων
558 769 673 845 εἶχε
701 772 925 843 λόγους
973 773 1099 827 Ἐπὶ
1129 773 1187 827 δὲ
1217 773 1320 843 τῆς
1351 775 1637 847 Εὑσινόης,
1667 774 1754 828 ὅτε
1780 772 1920 845 μετὰ

321 865 589 920 πλειόνων
640 865 956 919 ἐπισκόπων
1004 864 1290 936 μέλλοντες
1336 867 1515 937 ὁρμᾷν
1544 866 1639 919 ἐπὶ
1680 863 1918 936 Λάμψα-

321 974 441 1022 κον,
484 954 963 1029 προσεκαλέσασθέ
998 973 1089 1027 με,
1130 955 1191 1008 οὒ
1227 956 1357 1028 περὶ
1404 946 1643 1021 πίστεως
1687 951 1829 1028 ἦσαν
1869 956 1918 1008 οἱ

319 1048 504 1117 λόγοι;
541 1049 677 1119 Οὐχὶ
705 1048 762 1102 δὲ
796 1048 976 1102 πάντα
1016 1048 1109 1101 τὸν
1134 1047 1326 1119 χρόνον
1357 1049 1408 1101 οἱ
1451 1048 1535 1101 σοὶ
1573 1045 1917 1118 ταχυγράφοι

320 1140 581 1212 παρῆσαν
633 1139 758 1211 ἐμοὶ
790 1140 1185 1211 ὑπαγορεύοντι
1223 1137 1293 1192 τά
1336 1138 1474 1209 πρὸς
1517 1137 1618 1208 τὴν
1666 1137 1914 1209 αἴρεσιν;

319 1230 386 1283 οὐ
425 1231 535 1285 τῶν
579 1230 689 1284 σῶν
726 1229 986 1302 μαθητῶν
1016 1232 1066 1283 οἱ
1104 1228 1465 1301 γνησιώτατοι
1496 1229 1672 1283 πάντα
1707 1246 1797 1300 μοι
1825 1228 1916 1282 τὸν

320 1325 516 1396 χρόνον
541 1324 795 1395 παρῆσαν
819 1323 930 1396 (2);
962 1324 1037 1378 Οὐ
1062 1324 1160 1388 τὰς
1189 1323 1557 1394 άδελφότητας
1588 1322 1916 1377 ἐπισκεπτό-

323 1434 510 1488 μενος,
537 1416 634 1470 καὶ
669 1415 1200 1487 συνδιανυκτερεύων
1228 1415 1421 1479 αὑταῖς
1452 1415 1510 1467 ὲν
1534 1416 1655 1479 ταῖς
1684 1430 1917 1487 προσευ-

321 1512 468 1581 χαῖς,
494 1509 668 1580 λέγων
692 1510 787 1563 καὶ
819 1507 1035 1562 ἀκούων
1069 1508 1157 1561 ἀεὶ
1197 1506 1267 1561 τὰ
1313 1508 1442 1580 περὶ
1477 1507 1612 1561 Θεοῦ
1640 1507 1915 1578 ἀφιλονεί-

320 1620 460 1667 κως,
509 1603 612 1656 οὐκ
658 1600 908 1675 ἀκριϐεῖς
955 1601 1215 1672 παρεῖχον
1263 1600 1367 1670 τῆς
1413 1601 1623 1665 ἐννοίας
1671 1598 1913 1672 ἐμαυτοῦ

318 1694 424 1758 τὰς
452 1693 785 1760 ἁποδείξεις;
817 1691 945 1756 Πῶς
976 1688 1069 1746 οὖν
1109 1693 1143 1763 ἡ
1176 1693 1233 1745 ὲν
1264 1691 1504 1763 τοσούτῳ
1534 1692 1712 1764 χρόνῳ
1747 1695 1915 1764 πεῖρα

320 1786 566 1839 ἐλάττων
597 1785 770 1857 ἐφάνη
802 1785 901 1856 τῆς
937 1782 1080 1837 οὕτω
1110 1783 1318 1855 σαθρᾶς
1351 1784 1445 1838 καὶ
1479 1784 1744 1857 ἀδρανοῦς
1784 1785 1915 1838 ὑπο-

2019 583 2162 640 Num
2193 585 2475 657 quidpiam
2518 587 2676 645 aliine
2707 589 2764 644 in
2816 590 3001 645 animo
3044 590 3249 648 habere
3276 591 3607 663 deprehensi

2020 678 2254 734 sumus?
2288 676 2520 746 Quando
2550 695 2683 737 vero
2712 681 2935 737 beatum
2964 680 3250 738 Silvanum
3280 685 3445 741 simul
3475 688 3608 744 visi-

2019 770 2295 835 tabamus,
2327 786 2513 828 nonne
2554 772 2663 828 iter
2708 773 2872 831 nobis
2895 774 2964 830 de
2988 775 3077 832 bis
3108 774 3275 832 rebus
3321 792 3607 835 sermones

2019 860 2256 915 habuit?
2283 861 2527 919 Eusinoe
2555 864 2769 931 itidem,
2799 865 3025 937 quando
3048 882 3158 923 una
3191 882 3318 924 cum
3352 869 3606 940 pluribus

2019 950 2299 1021 episcopis
2327 951 2698 1023 Lampsacum
2733 955 3062 1025 profecturi,
3087 972 3176 1013 me
3206 958 3603 1027 accersivistis,

2018 1055 2203 1097 nonne
2237 1042 2306 1098 de
2340 1043 2445 1098 lide
2475 1052 2637 1098 erant
2677 1048 3008 1104 sermones?
3044 1046 3239 1104 Nonne
3281 1050 3431 1107 omni
3463 1058 3608 1107 tem-

2018 1147 2154 1202 pore
2202 1135 2407 1190 notarii
2462 1136 2542 1191 tui
2585 1137 2721 1193 mihi
2770 1138 3000 1195 aderant
3035 1141 3305 1200 adversus
3349 1143 3605 1201 haeresim

2017 1223 2291 1279 dictanli?
2341 1242 2528 1282 nonne
2565 1226 2876 1284 charissimi
2926 1230 3008 1284 tui
3059 1230 3317 1304 discipuli
3387 1250 3604 1291 mecum

2017 1317 2168 1371 omni
2216 1324 2464 1389 tempore
2512 1318 2774 1376 fuerunt?
2825 1320 2999 1390 Quid,
3038 1338 3166 1379 eum
3222 1325 3604 1384 lraternitates

2017 1409 2351 1477 inviserem,
2387 1411 2555 1484 3&0
2580 1428 2798 1483 unaque
2835 1429 2961 1469 cum
3004 1416 3117 1472 illis
3167 1418 3224 1473 in
3275 1420 3605 1490 precationi-

2014 1502 2121 1560 bus
2153 1512 2566 1575 pernoctarem,
2602 1505 2888 1562 disserens
2936 1515 2991 1563 et
3022 1508 3256 1566 audiens
3289 1527 3506 1582 semper
3535 1511 3604 1569 de

2016 1594 2128 1652 Deo
2172 1597 2294 1653 sine
2342 1598 2734 1665 contentione,
2793 1613 2863 1653 an
2909 1615 3020 1655 non
3075 1612 3336 1657 accurata
3380 1603 3605 1663 exhibui

2015 1690 2305 1746 sententiae
2353 1706 2489 1747 mea:
2537 1693 2900 1763 argumenta?
2948 1694 3233 1760 Quomodo
3277 1710 3409 1767 ergo
3466 1697 3604 1751 tanti

2016 1783 2285 1852 temporis
2328 1784 2668 1855 experientia
2702 1786 2886 1841 minor
2932 1802 3056 1844 esse
3096 1787 3217 1844 visa
3258 1796 3343 1844 est
3385 1788 3605 1860 putrida

318 1878 504 1942 νοία;;
532 1877 667 1930 Τίνα
690 1875 748 1929 δὲ
781 1876 889 1929 ἔδει
922 1876 1029 1946 πρὸ
1058 1875 1153 1928 σοῦ
1195 1876 1447 1949 μάρτυρα
1478 1872 1617 1931 εἶναι
1645 1876 1748 1948 τῆς
1771 1878 1912 1948 ἐμῆς

2020 1873 2153 1930 adeo
2184 1889 2249 1930 ac
2279 1876 2499 1931 inﬁrma
2531 1877 2890 1948 suspicione?
2918 1879 3093 1946 Quem
3127 1888 3310 1937 autem
3355 1890 3408 1938 te
3450 1882 3605 1953 prio-

317 1967 648 2034 διαθέσεωςς
692 1966 772 2021 Τὰ
823 1967 916 2020 ἐπὶ
954 1966 1299 2038 Χαλκηδόνος
1331 1969 1405 2039 (5)
1435 1967 1737 2040 λαληθέντα
1781 1969 1912 2040 ἡμῖν

317 2061 453 2131 περὶ
487 2059 744 2125 πίστεως,
779 2058 846 2112 τὰ
873 2060 931 2113 ἐν
972 2058 1270 2131 Ἡρακλείᾳ
1302 2058 1587 2125 πολλάκις,
1619 2058 1691 2114 τὰ
1717 2060 1915 2132 πρότε-

322 2169 420 2222 ρον
465 2153 559 2205 ἐπὶ
594 2153 694 2224 τῆς
740 2150 1081 2221 Καισαρείας
1133 2150 1192 2204 ὲν
1238 2150 1317 2222 τῷ
1369 2152 1702 2225 προαστείῳ,
1735 2153 1784 2207 εί
1837 2152 1912 2226 μὴ

319 2244 501 2298 πάντα
531 2242 800 2316 σύμφωνα
830 2244 960 2315 παρ’
994 2240 1194 2313 ἡμῶν;
1243 2244 1292 2296 εἰ
1326 2243 1402 2315 μὴ
1438 2242 1618 2297 πάντα
1664 2242 1913 2315 ἀλλήλοις

319 2336 728 2408 συμϐαίνοντας
776 2335 933 2399 ἐκτὸς
977 2332 1095 2399 τοῦ,
1128 2333 1266 2406 ὅπερ
1312 2331 1489 2401 εἷπον,
1532 2336 1597 2389 ὲκ
1630 2334 1915 2407 προκοπῆς

315 2445 444 2481 τινα
490 2425 719 2497 αὔξησιν
769 2423 1188 2496 ὲπιθεωρεϊσθαι
1237 2426 1351 2488 τοῖς
1382 2424 1731 2496 λεγομένοις,
1777 2425 1915 2498 ὅπερ

315 2519 443 2589 οὐχὶ
476 2516 745 2588 μεταϐολή
798 2516 948 2569 ἔστιν
996 2515 1062 2567 ἐκ
1094 2512 1191 2568 τοῦ
1224 2514 1469 2587 χείρονος
1512 2514 1649 2587 πρὸς
1686 2513 1750 2567 τὸ
1796 2513 1916 2585 βέλ-

316 2629 459 2676 τιον,
508 2609 646 2664 ἀλλὰ
702 2608 1094 2681 συμπλήρωσις
1146 2607 1244 2662 τοῦ
1290 2607 1569 2670 λείποντος
1628 2606 1771 2660 κατὰ
1816 2605 1914 2678 τὴν

318 2702 644 2774 προσθήκην
671 2700 775 2771 τῆς
819 2698 1093 2768 γνώσεως.
1150 2698 1275 2765 Πῶς
1319 2699 1377 2752 δὲ
1420 2698 1645 2752 κάκεῖνο
1676 2699 1778 2752 οὐκ
1824 2699 1912 2753 ὲν-

318 2797 494 2868 ουμῇ,
525 2796 608 2849 ὅτι
657 2791 841 2865 πατὴρ
874 2793 936 2845 οὐ
964 2791 1192 2863 λήψεται
1239 2790 1516 2862 ἁμαρτίαν
1556 2790 1768 2855 παιδὸς,
1794 2789 1914 2844 οὐδὲ

317 2890 439 2954 υἱὸς
467 2887 698 2959 λήψεται
730 2883 1008 2957 ἁμαρτίαν
1036 2885 1265 2954 πατρὸς,
1300 2883 1532 2944 ἕκαστος
1547 2881 1603 2935 δὲ
1629 2883 1688 2935 ὲν
1715 2884 1782 2953 τῇ
1809 2881 1914 2953 ἰδίᾳ

318 2978 572 3051 ἁμαρτίᾳ
600 2977 987 3042 ἀποθανεῖται;
1029 2974 1185 3046 Ἐμοὶ
1214 2974 1272 3028 δὲ
1309 2973 1434 3028 οὗτε
1464 2974 1650 3044 πατὴρ
1692 2975 1722 3026 ὁ
1759 2972 1913 3043 παρὰ

320 3071 409 3123 σιὶ
441 3064 880 3138 διαϐαλλόμενος,
921 3064 1033 3119 οὗθ’
1065 3066 1202 3129 υἱός.
1235 3062 1377 3120 Οὔτε
1424 3064 1535 3137 γὰρ
1586 3060 1911 3126 διδάσκαλός

322 3178 428 3233 μου
458 3160 704 3229 γέγονεν,
736 3158 860 3213 οὔτε
907 3156 1179 3231 μαθητής.
1219 3158 1283 3211 Εἰ
1310 3157 1368 3212 δὲ
1415 3157 1497 3211 δεῖ
1522 3155 1623 3221 τὰς
1649 3154 1758 3209 τῶν
1793 3171 1911 3224 γεν-

2017 1981 2132 2022 rem
2164 1983 2228 2023 ac
2272 1970 2539 2039 potiorem
2575 1970 2745 2025 animi
2770 1971 2876 2026 mei
2902 1979 3096 2027 testem
3128 1988 3254 2028 esse
3276 1965 3606 2043 oportebat?

2014 2056 2152 2126 Quae
2191 2058 2541 2119 Chalcedone
2593 2062 2662 2117 de
2701 2061 2810 2118 ﬁde
2849 2079 2880 2117 a
2923 2065 3084 2121 nobis
3114 2065 3260 2120 dicta
3302 2075 3454 2133 sunt,
3483 2082 3606 2138 quae

2013 2167 2389 2222 saepenumero
2420 2152 2714 2219 Heracleae,
2747 2169 2867 2226 qua:
2904 2157 3057 2227 prius
3077 2157 3135 2212 in
3164 2157 3426 2215 Caesarea:
3466 2159 3606 2216 sub—

2015 2244 2195 2309 urbio,
2254 2259 2324 2298 an
2374 2261 2483 2300 non
2514 2261 2582 2301 ex
2610 2256 2804 2302 nostra
2839 2259 2995 2319 parte
3034 2263 3275 2303 consona
3308 2257 3440 2305 sunt
3480 2264 3603 2305 om-

2015 2335 2152 2390 nia?
2175 2351 2245 2391 an
2282 2352 2394 2392 non
2420 2339 2607 2393 omnia
2636 2339 2784 2393 inter
2811 2355 2871 2395 se
2903 2342 3294 2396 consentiunt?
3317 2341 3424 2398 nisi
3449 2342 3599 2412 quod

2015 2427 2363 2495 incrementi,
2401 2437 2462 2484 ut
2486 2430 2626 2495 dixi,
2649 2430 2859 2502 aliquid
2887 2445 2956 2487 ex
2979 2431 3232 2502 profectu
3259 2434 3607 2505 conspicitur

2015 2517 2070 2572 in
2103 2521 2458 2577 sermonibus
2486 2539 2502 2576 :
2527 2521 2679 2592 quod
2720 2521 3034 2577 immutatio
3056 2538 3167 2578 non
3220 2531 3307 2579 est
3347 2541 3418 2581 ex
3451 2525 3607 2583 dete-

2012 2609 2161 2667 riore
2198 2611 2255 2666 in
2286 2612 2506 2676 melius,
2555 2613 2651 2669 sed
2693 2628 2887 2669 eorum
2918 2629 3042 2685 quae
3074 2615 3308 2671 deerant
3353 2618 3601 2689 comple-

2014 2712 2258 2758 mentum
2302 2719 2370 2759 ex
2415 2703 2665 2759 scientia:
2714 2704 3038 2761 accessione
3063 2707 3130 2762 “.
3184 2704 3473 2773 Quomodo
3506 2721 3607 2763 au-

2015 2800 2123 2848 tem
2164 2793 2299 2848 illud
2329 2794 2494 2849 etiam
2528 2809 2637 2849 non
2682 2796 2916 2866 cogitas,
2951 2803 3164 2865 patrem
3194 2812 3307 2852 non
3345 2806 3607 2869 acceptu—

2012 2900 2136 2939 rum
2173 2896 2462 2955 peccatum
2509 2886 2631 2953 ﬁlii,
2675 2901 2854 2957 neque
2896 2886 3069 2942 ﬁlium
3111 2897 3397 2959 peccatum
3431 2891 3606 2961 patris

2014 2985 2411 3047 accepturum;
2446 2977 2540 3033 sed
2569 2978 2623 3032 in
2657 2992 2761 3033 suo
2790 2992 3067 3050 quemque
3094 2989 3323 3050 peccato
3362 2982 3605 3037 moritu-

2014 3065 2178 3119 rum?
2219 3064 2351 3120 Mihi
2384 3075 2568 3121 autem
2612 3082 2794 3138 neque
2828 3076 2986 3138 pater
3026 3077 3114 3125 est
3152 3071 3201 3125 is
3249 3070 3346 3143 qui
3375 3072 3522 3142 apud
3550 3081 3607 3129 te

2013 3159 2156 3213 male
2203 3158 2395 3223 audit,
2441 3173 2620 3229 neque
2670 3158 2838 3217 ﬁlius.
2895 3159 3085 3232 Neque
3134 3161 3285 3218 enim
3340 3164 3606 3235 magister

316 3252 605 3322 νησάντων
629 3249 902 3323 ἁμαρτίας
924 3247 1249 3321 ἐγκλήματα
1271 3251 1386 3313 τοῖς
1408 3248 1622 3311 τέκνοις
1643 3246 1910 3316 γίνεσθαι,

2020 3264 2169 3305 meus
2206 3248 2328 3315 luit,
2368 3264 2549 3321 neque
2590 3249 2921 3322 discipulus.
2973 3251 3131 3319 Quod
3175 3255 3222 3309 si
3263 3262 3479 3325 oportet
3507 3270 3607 3326 pa-

315 3343 460 3397 ·πολὺ
492 3341 828 3413 δικαιότερον
856 3340 927 3394 τὰ
967 3340 1179 3413 ’Δρείου
1214 3339 1359 3394 κατὰ
1398 3339 1508 3394 τῶν
1545 3339 1622 3411 (4)
1654 3338 1913 3411 μαθητῶν

321 3434 490 3490 αὐτοῦ
520 3433 799 3504 γίνεσθαι·
827 3433 924 3486 καὶ
955 3431 1121 3496 εἴτις
1158 3432 1364 3485 Ἀέτιον
1401 3432 1660 3502 ἐγέννησε
1697 3431 1788 3486 τὸν
1822 3432 1911 3486 αί⁴

321 3525 562 3598 ρετικὸν,
616 3525 709 3580 ἐπὶ
744 3524 844 3598 τὴν
902 3523 1145 3596 κεφαλὴν
1190 3524 1285 3579 τοῦ
1336 3524 1545 3596 πατρὸς
1598 3522 1913 3579 ἀναϐαίνειν

321 3616 421 3683 τοῦ
451 3616 642 3681 παιδὸς
672 3614 743 3669 τὰ
769 3614 1110 3686 ἐγκλήματα.
1142 3613 1207 3667 Εἰ
1236 3614 1281 3667 δ’
1310 3614 1372 3667 οὐ
1407 3615 1615 3669 δίκαιον
1645 3614 1735 3668 ἐπ’
1768 3614 1913 3668 ὲκεί-

318 3725 436 3773 νοις
460 3705 807 3776 ἐγκαλεῖσθαι
831 3723 975 3773 τινα,
1000 3705 1180 3777 πολλῷ
1203 3704 1374 3777 δήπου
1401 3705 1738 3777 δικαιότερον
1760 3708 1912 3778 ἡμᾶς

317 3801 417 3853 ἐπὶ
464 3801 579 3863 τοῖς
628 3799 794 3871 μηδὲν
825 3800 958 3870 ἡμῖν
991 3799 1333 3870 προσήκουσι
1372 3798 1446 3868 μὴ
1491 3797 1714 3869 ὑπέχειν
1752 3796 1912 3852 εὐθύ-

319 3910 421 3957 νας
470 3891 568 3965 (5),
625 3892 680 3945 εί
722 3907 787 3960 γε
828 3892 923 3945 καὶ
976 3890 1225 3962 ἥμαρτον
1268 3889 1427 3955 ὅλως,
1459 3891 1514 3944 εἴ
1566 3907 1620 3943 τι
1665 3891 1760 3944 καὶ
1814 3889 1911 3959 γέ-

321 3999 569 4054 γραπται
600 3982 783 4043 αὐτοῖς
816 3979 963 4044 ἄξιον
1006 3978 1404 4050 κατακρίσεως.
1452 3977 1758 4051 Συγγνώμη
1803 3979 1913 4051 γάρ

326 4092 419 4147 μοι
454 4072 773 4127 ἀπιστοῦντι
814 4074 927 4135 τοῖς
956 4074 1077 4125 κατ’
1126 4071 1308 4125 αὐτῶν
1340 4070 1678 4143 λεγομένοις,
1722 4072 1909 4144 ἐπειδὴ

321 4168 357 4236 ή
392 4165 511 4217 κατ’
535 4161 670 4233 ἐμοῦ
702 4164 868 4233 πεῖρα
894 4161 958 4215 τὸ
990 4161 1127 4233 πρὸς
1159 4161 1523 4231 συκοφαντίαν
1548 4161 1770 4217 εὔκολον
1803 4162 1912 4218 τῶν

322 4252 779 4326 κατηγορούντων
815 4251 1118 4323 συνίστησι.

394 4431 453 4487 6.
489 4430 602 4485 Καὶ
636 4429 747 4501 γὰρ
776 4431 826 4483 εί
865 4428 965 4500 μὲν
1010 4427 1404 4499 άπατηθέντες,
1437 4431 1532 4485 καὶ
1585 4432 1910 4503 νομίσαντες

2015 3350 2234 3396 rentum
2275 3349 2503 3412 peccata
2531 3341 2660 3398 ﬁliis
2708 3343 2941 3399 crimina
2975 3343 3125 3410 ﬁeri,
3175 3347 3351 3402 multo
3390 3347 3604 3419 aequius

2016 3442 2075 3488 ut
2103 3448 2225 3503 quae
2258 3441 2389 3488 sunt
2419 3432 2560 3498 Arii,
2606 3433 2666 3487 in
2703 3433 2826 3504 ejus
2856 3434 3163 3506 discipulos
3206 3445 3516 3503 vertantur,
3547 3445 3606 3494 et

2014 3523 2061 3579 si
2096 3522 2222 3594 quis
2249 3523 2465 3577 Aetium
2506 3524 2695 3594 genuit
2726 3524 3070 3595 baereticum,
3102 3527 3159 3582 in
3199 3539 3369 3599 caput
3399 3544 3606 3601 paren-

2016 3618 2088 3671 tis
2138 3615 2395 3671 resilient
2436 3615 2535 3670 lilii
2588 3615 3025 3673 criminationes.
3077 3615 3174 3674 Sin
3223 3628 3405 3676 autem
3451 3621 3602 3692 inju-

2012 3715 2159 3763 stum
2191 3715 2275 3762 est
2298 3715 2522 3777 propter
2544 3706 2639 3761 illa
2664 3707 2980 3778 quempiam
3012 3711 3246 3781 culpari,
3274 3712 3449 3768 multo
3469 3728 3597 3784 pro-

2015 3798 2158 3854 lecto
2179 3798 2389 3869 justius
2416 3806 2522 3863 est,
2568 3806 2633 3853 ut
2658 3798 2730 3853 ob
2778 3812 2877 3854 eos
2913 3801 3011 3870 qui
3042 3802 3111 3856 ad
3142 3817 3247 3858 nos
3285 3818 3399 3858 non
3428 3805 3606 3876 perti-

2012 3901 2167 3957 nent,
2202 3891 2258 3945 in
2284 3888 2558 3961 judicium
2590 3906 2703 3946 nou
2742 3907 3025 3961 vocemur,
3048 3893 3094 3949 si
3124 3901 3309 3950 tamen
3340 3910 3603 3966 peccave-

2013 3991 2145 4038 runt
2200 3983 2461 4050 omnino,
2528 3982 2577 4039 si
2649 3982 2783 4053 quid
2852 3982 2925 4039 ab
2986 3984 3123 4056 ipsis
3183 3986 3462 4058 scriptum
3516 3996 3605 4045 est

2013 4075 2477 4131 condemnatione
2522 4075 2774 4147 dignum.
2824 4074 3001 4133 Venia
3042 4078 3190 4133 enim
3236 4079 3374 4134 mihi
3421 4079 3604 4136 danda

2012 4185 2126 4225 non
2166 4168 2415 4224 credenti
2447 4184 2570 4239 quae
2603 4168 2870 4226 adversus
2913 4169 3040 4226 illos
3084 4170 3388 4240 dicuntur;
3426 4173 3604 4245 siqui-

2012 4259 2138 4314 dem
2180 4275 2301 4313 mea
2350 4259 2533 4330 ipsius
2560 4258 2903 4330 experientia
2942 4270 3150 4332 quanta
3183 4260 3257 4317 sit
3284 4262 3354 4318 ad
3388 4264 3603 4319 calum~

2012 4354 2161 4407 niam
2195 4351 2520 4422 proclivitas
2553 4363 2940 4408 accusatorum
2963 4353 3226 4410 declarat.

2083 4445 2137 4498 6.
2181 4442 2314 4509 Nam
2381 4443 2602 4497 etiamsi
2664 4444 2915 4515 decepti,
2968 4460 3165 4517 meque
3221 4447 3603 4507 existimantes

324 4523 430 4594 ὲμξ
462 4521 718 4586 κοινωνὸν
749 4516 890 4575 εἶναι
922 4520 1026 4591 τῆς
1066 4518 1294 4592 γνώμης
1335 4520 1445 4574 τῶν
1476 4522 1910 4594 συγγραψάντων

328 4616 509 4635 1---?_,..
548 4612 606 4635 -1.
641 4611 931 4635 ιη..ε-·μιι--.
969 4612 1179 4635 11..----
1238 4611 1377 4635 ιι---
1410 4612 1555 4635 ...ἱΑΑὶ
1588 4613 1841 4635 _-__--1--
1871 4632 1877 4635 .

2020 4542 2328 4593 consortem
2371 4551 2496 4592 esse
2536 4536 2828 4591 sententiae
2873 4551 3090 4603 eorum,
3135 4541 3229 4609 qui
3264 4540 3604 4611 conscripse-

324 4616 513 4668 ἐκεῖνα
538 4612 609 4676 τὰ
640 4611 934 4672 Σαϐελλίου
964 4612 1204 4683 ῥήματα,
1235 4611 1380 4683 ἅπερ
1406 4612 1561 4666 αὐτοὶ
1584 4613 1910 4685 περιφέρου-

325 4722 434 4770 σιν,
468 4705 561 4758 ὲπὶ
604 4704 704 4775 τὴν
738 4706 863 4758 κατ’
906 4703 1041 4775 ἐμοῦ
1086 4702 1339 4775 διαϐολὴν
1388 4699 1573 4776 ἦλθον,
1615 4706 1724 4759 οὐδ’
1765 4705 1910 4760 οὕτω

328 4784 590 4869 μὲνῆσαν
622 4795 954 4870 συγγνώμης
985 4795 1146 4861 ἄξιοι,
1180 4796 1287 4869 πρὸ
1311 4796 1558 4869 ἐναργῶν
1581 4798 1909 4864 ἀποδείξεων

325 4889 490 4951 εὐθὺς
521 4891 641 4952 ταῖς
671 4871 1042 4960 βλασφημίαις
1074 4887 1361 4959 βάλλοντες
1390 4891 1485 4944 καῖ⁹
1515 4890 1910 4964 τιτρώσκοντες

398 4982 444 5021 ³³
468 4978 669 5035 Ezech.
703 4995 859 5043 xvm,
903 4978 996 5034 20.

398 5070 477 5144 (2)
518 5069 833 5144 Παρῆσᾳγ.
860 5068 960 5144 Alta
1004 5069 1399 5144 tres_co_d‘ic_es._
1444 5069 1591 5126 Editi
1645 5074 1905 5144 συνῆσαν.

326 5139 532 5197 Eiidem
544 5141 727 5215 codexA
746 5139 1064 5215 IIarlaqanus
1083 5139 1184 5204 τὰς
1206 5140 1571 5215 ἀδελφότητας
1597 5139 1911 5215 ἐπιπορευό-

328 5228 513 5284 μενος,
532 5227 660 5284 cum
701 5210 1470 5284 frateritjtatespercurrerem.
1498 5210 1776 5284 Interdum
1804 5216 1906 5271 hac

328 5279 462 5365 voce
503 5279 832 5365 designatur
879 5279 1160 5365 Ecclesiae,
1200 5283 1350 5344 velut
1351 5281 1623 5365 nin_epi.st.
1656 5282 1786 5365 226,
1813 5287 1908 5341 ubi

324 5350 655 5408 Eustathius
675 5350 880 5406 dicitur
899 5367 1028 5407 suas
1063 5351 1325 5407 adversus
1349 5350 1656 5407 Eudoxium
1699 5355 1908 5412 litteras

326 5424 395 5476 ad
458 5437 652 5486 omnes
698 5421 1070 5493 frater-uitales
1114 5421 1357 5493 misisse.
1414 5420 1691 5477 Interdum
1739 5426 1904 5480 etiam

325 5492 723 5562 monasterium
769 5500 1001 5548 vocatur
1031 5490 1372 5562 fraternitas,
1412 5501 1470 5547 ut
1509 5494 1563 5547 in
1586 5494 1749 5562 epist.
1777 5494 1905 5550 257.

326 5561 684 5627 Mouasteria,
719 5561 922 5632 quibus
953 5570 1183 5632 praeerat
1220 5561 1561 5624 Eustathius.
1591 5561 1675 5628 vel
1712 5567 1905 5621 saltem

323 5633 661 5712 quibuscum
684 5631 927 5712 amicitia
956 5631 1288 5712 isonjunctus
1318 5642 1457 5699 erat,
1492 5632 1593 5688 hoc
1618 5633 1736 5712 loco
1766 5635 1908 5705 indi-

325 5700 442 5775 cari
476 5701 826 5775 crediderim.
872 5700 929 5757 Id
970 5700 1448 5775 eniiqurobantet
1478 5705 1754 5775 noctesin
1784 5702 1909 5775 pro-

328 5772 489 5845 cibus
513 5772 865 5845 traductze__et
888 5780 1077 5827 mutua
1101 5773 1169 5828 de
1196 5773 1582 5845 rebugdivinis
1611 5772 1903 5845 colloquia.

329 5841 452 5899 Non
496 5842 632 5905 dicit
672 5842 910 5900 Basilius
933 5859 994 5900 se
1027 5857 1135 5900 una
1178 5859 1302 5899 cum
1334 5843 1617 5902 Eustathio
1641 5841 1907 5919 haecjmc-

2016 4636 2146 4684 runt
2191 4627 2282 4683 illa
2334 4626 2561 4683 Sabellii
2609 4627 2798 4694 verba,
2843 4643 2967 4699 quae
3007 4629 3078 4684 ab
3118 4630 3259 4701 ipsis
3298 4630 3599 4686 circumfe-

2012 4728 2237 4786 runtur,
2280 4721 2350 4776 ad
2381 4720 2759 4777 accusandum
2795 4737 2883 4778 me
2918 4723 3234 4790 venissent;
3263 4737 3334 4778 ne
3360 4723 3444 4780 sic
3473 4722 3600 4793 qui-

2012 4817 2135 4873 dem
2163 4817 2324 4873 venia
2346 4816 2495 4889 digni
2526 4825 2742 4884 essent,
2774 4817 2924 4889 quod
2960 4826 3089 4872 ante
3131 4814 3425 4871 manifesta
3453 4814 3599 4872 indi-

2010 4910 2118 4975 cia,
2145 4910 2399 4980 protinus
2428 4907 2736 4965 maledictis
2779 4907 2948 4979 ﬁgant
2987 4921 3054 4962 ac
3081 4906 3372 4962 vulnerent
3418 4904 3600 4962 homi-

2009 5082 2252 5138 nasteria
2281 5081 2571 5149 invisisse;
2608 5080 2705 5136 sed
2741 5078 2901 5134 lidem
2930 5092 3086 5134 suam
3111 5092 3178 5134 ex
3211 5077 3319 5140 his,
3340 5092 3463 5149 quae
3485 5077 3601 5133 illic

2008 5152 2307 5217 disseruit,
2365 5148 2706 5222 exploratam
2773 5149 3065 5222 Eustathio
3108 5163 3233 5222 es_se
3291 5148 3595 5222 debuisse:

2009 5223 2156 5294 quod
2186 5217 2512 5294 argumento
2539 5229 2635 5294 est
2652 5219 2961 5294 monachos
2984 5219 3110 5273 illos
3141 5217 3436 5294 Eustatbio
3461 5219 3599 5275 sub-

2004 5287 2182 5365 jectios
2218 5287 2428 5365 fuisse;
2464 5292 2553 5365 vel
2587 5290 2779 5365 saltem
2818 5290 3107 5365 amicos_et
3133 5287 3455 5365 familiares.

2082 5363 2160 5436 (3)
2189 5351 2611 5436 Χανῑαιιῃδόνοςἒ
2632 5360 2802 5436 Cois}.
2839 5361 3120 5436 secundus
3142 5351 3368 5436 _et_Reg.
3396 5352 3600 5436 secun-

2008 5427 2114 5491 dus
2141 5427 2545 5502 'Kaqudévoq.
2563 5431 2683 5486 Mox
2725 5428 3072 5502 Harlaeanus
3097 5427 3168 5502 τὰ
3203 5428 3285 5502 tu
3300 5427 3597 5502 πρότερον.

2084 5504 2160 5575 (4)
2194 5498 2359 5557 Καὶᾶ
2374 5502 2512 5575 τῶν.
2534 5501 2609 5575 Ita
2646 5516 2743 5557 sex
2793 5515 2932 5556 mss.
2976 5498 3133 5569 Editi
3158 5499 3229 5555 τὰ
3254 5498 3386 5555 τῶν.
3413 5498 3600 5558 Codex

2009 5572 2334 5630 Harleeanus
2362 5573 2505 5626 κατὰ
2534 5572 2665 5625 τῶν.

2105 5646 2158 5717 5)
2206 5641 2485 5717 ’Υπέχξιν
2540 5643 2821 5717 εὐθύνας.
2882 5640 3200 5717 llarlzeanus
3241 5640 3416 5717 code;
3456 5639 3597 5717 hanc

2011 5711 2170 5785 nobis
2206 5711 2580 5785 suppeditavit
2611 5714 2923 5785 lectionem.
2958 5711 3182 5785 Legitur
3203 5712 3360 5785 enim
3388 5711 3445 5767 in
3472 5711 3598 5767 aliis

2011 5781 2294 5846 cedicibus
2316 5781 2462 5846 illis.
2491 5791 2545 5842 et
2564 5784 2728 5842 editis
2754 5783 2929 5855 λόγων
2961 5781 3107 5855 ἔχειν
3131 5781 3378 5848 εὐθύνας.
