3900 6208
341 354 448 413 353

1219 352 1709 413 EPISTOLARUM
1747 348 2034 412 CLASSIS
2071 355 2133 410 ll.
2180 354 2399 411 EPIST.
2444 355 2725 412 CCXXIV.

3508 364 3613 422 854

352 470 445 537 Ἐξ
488 468 605 533 ἑνὸς
653 467 832 521 τοίνυν
882 467 1230 539 γράμματος.
1282 469 1377 522 καὶ
1416 469 1610 523 τούτου
1666 469 1920 523 παλαιοῦ.

2038 470 2235 542 aliquid
2265 472 2331 525 ad
2353 470 2531 526 virum
2567 472 2722 526 illum
2751 472 3017 543 scriptum
3050 482 3155 529 est.
3186 473 3480 547 lnterjecto
3512 494 3617 537 au»

339 559 528 615 Εἴκοσι
556 560 665 632 γὰρ
708 558 803 631 ἔτη
833 560 980 612 ἐστὶν
1013 561 1094 623 είς
1126 558 1218 613 τὸν
1243 559 1341 613 νῦν
1378 561 1571 632 χρόνον
1613 561 1706 629 ἀφ’
1740 556 1802 615 οὗ
1832 560 1929 629 γέ-

339 652 589 724 γραπταί
627 668 681 703 τι
720 650 857 722 πρὸς
887 650 979 702 τὸν
1007 651 1173 722 ἄνδρα
1224 651 1451 705 ἐκεῖνον.
1510 652 1599 705 Ἐν
1629 651 1687 706 δὲ
1719 652 1797 722 τῷ
1831 667 1917 723 με·

337 745 474 819 ταξὺ
500 742 674 813 τούτῳ
704 741 881 813 χρόνῳ
912 741 1100 794 οὐδένα
1133 741 1372 795 τοιοῦτον
1404 741 1514 812 ἔχω
1542 742 1797 814 μάρτυρα
1825 742 1927 812 τῆς

340 834 582 908 ἐμαυτοῦ
631 834 1004 906 προαιρέσεως
1053 834 1148 888 καὶ
1194 832 1289 887 τοῦ
1340 832 1478 904 βίου,
1528 834 1604 899 ὡς
1658 836 1785 898 τοὺς
1833 833 1931 887 νῦν

340 926 659 998 ἐφεστῶτας
696 942 785 996 μοι
812 924 1171 997 κατηγόρους.

409 1021 463 1074 7.
517 1018 658 1071 Ἀλλ’
692 1018 753 1071 οὐ
802 1018 913 1089 γὰρ
938 1019 972 1088 ἡ
1007 1017 1269 1091 ἐπιστολὴ
1315 1017 1410 1071 τοῦ
1444 1013 1724 1090 χωρισμοῦ
1758 1016 1925 1082 αἰτία,

340 1109 505 1181 ἑτέρα
535 1109 592 1162 δέ
624 1108 740 1161 ἐστι
782 1108 883 1178 τῆς
932 1108 1266 1170 διαστάσεως
1313 1107 1347 1178 ἡ
1395 1107 1674 1170 ὑπόθεσις,
1704 1106 1772 1176 ἠν
1819 1105 1930 1174 ἐγὼ

339 1200 522 1268 λέγειν
568 1199 917 1271 αἰσχύνομαι,
957 1198 1061 1253 κᾶν
1098 1199 1331 1269 ὲσίγησα
1375 1200 1488 1269 (15)
1531 1200 1588 1253 δὲ
1628 1200 1807 1254 πάντα
1838 1200 1930 1252 τὸν

339 1291 555 1362 χρόνον,
604 1290 761 1361 εἰμὴ
805 1290 875 1343 τά
928 1290 1024 1342 νῦν
1070 1291 1438 1363 πεπραγμένα
1488 1291 1792 1359 ἀναγκαίαν
1840 1307 1929 1361 μοι

339 1381 577 1451 καθίστη
606 1382 694 1435 διά
719 1384 778 1435 τὸ
799 1382 907 1435 τῶν
932 1382 1143 1435 πολλῶν
1169 1382 1443 1446 λυσιτελὲς
1462 1383 1562 1453 τῆς
1590 1384 1717 1454 ὅλης
1749 1382 1929 1437 αὐτῶν

337 1474 721 1544 προαιρέσεως
751 1474 852 1544 τὴν
887 1474 1215 1544 φανέρωσιν.
1275 1475 1564 1546 Ἐνόμισαν
1605 1476 1654 1528 oi
1700 1474 1928 1547 χρηστοὶ

340 1566 604 1637 ἐμπόδιον
638 1566 821 1629 αὐτοῖς
854 1560 992 1618 εἶναι
1022 1565 1159 1637 πρὸς
1199 1564 1298 1637 τὴν
1325 1567 1423 1637 τῆς
1453 1565 1772 1631 δυναστείας
1800 1567 1930 1621 ἀνά-

336 1658 503 1729 ληῴιν
554 1657 652 1729 τὴν
686 1657 823 1728 πρὸς
869 1658 1016 1727 ἡμᾶς
1062 1657 1368 1712 κοινωνίαν.
1413 1657 1525 1711 Καὶ
1558 1657 1743 1730 ἐπειδὴ
1797 1659 1930 1711 ὑπο-

335 1749 525 1818 γραφῇ
558 1763 666 1799 τινι
706 1747 941 1810 πίστεως
975 1744 1417 1818 προελήφθησαν,
1449 1746 1516 1816 ἣν
1550 1747 1711 1817 ἡμεῖς
1745 1746 1929 1808 αὐτοῖς

333 1839 765 1910 προετείναμεν,
815 1838 915 1891 οὐκ
968 1837 1123 1891 αὐτοὶ
1186 1837 1543 1902 ἀπιστοῦντες
1609 1837 1788 1891 αὐτῶν
1849 1838 1929 1910 τῷ

334 1930 647 2000 φρονήματι
683 1926 950 1997 (ὁμολογῶ
975 1926 1128 1999 γὰρ),
1157 1926 1293 1980 ἀλλά
1321 1927 1419 1990 τὰς
1453 1928 1541 1979 ἐπ’
1579 1928 1761 1990 αὐτοῖς
1792 1927 1927 1981 ὐπο-

332 2019 508 2082 νοίας,
546 2018 612 2081 ἃς
660 2019 710 2070 οἱ
761 2016 946 2069 πολλοὶ
997 2017 1108 2068 τῶν
1156 2013 1449 2086 ὁμοψύχων
1486 2015 1644 2086 ἡμῶν
1687 2015 1930 2085 ἀδελφῶν

334 2106 520 2181 εἶχον,
574 2109 907 2182 θεραπεῦσαι
956 2109 1305 2180 βουλόμενα,
1352 2109 1440 2161 ἴνα
1498 2107 1662 2180 μηδὲν
1713 2109 1778 2161 ἐκ
1831 2109 1930 2180 τῆς

333 2201 629 2273 ὁμολογίας
674 2201 891 2271 ἐκείνης
939 2198 1066 2273 δόξῃ
1118 2199 1303 2260 αὐτοῖς
1352 2199 1611 2270 ἐμπόδιον
1658 2200 1928 2272 ἀπαντᾷν,

336 2293 480 2363 πρὸς
526 2290 587 2345 τὸ
619 2289 726 2344 ὐπὸ
760 2291 869 2345 τῶν
914 2289 1010 2343 νῦν
1056 2289 1404 2362 κρατούντων
1437 2290 1549 2363 (η)
1583 2290 1931 2361 παραδεχθῆ-

333 2403 450 2449 ναι,
481 2383 784 2438 ἀπείπαντο
814 2382 914 2453 τὴν
948 2381 1086 2453 πρὸς
1115 2382 1262 2451 ἡμᾶς
1288 2380 1574 2434 κοινωνίαν
1598 2396 1612 2410 ο
1652 2379 1751 2433 καὶ
1795 2379 1931 2433 ὑπό-

336 2480 489 2541 θεσις
519 2477 617 2548 τῆς
648 2474 1000 2549 ἀπορρήξεως
1049 2474 1110 2528 τὸ
1154 2475 1391 2547 γράμμα
1431 2472 1590 2526 τοῦτο
1633 2472 1926 2544 ἐπενοήθη.

345 2571 422 2641 Ση
431 2571 581 2640 μεῖον
622 2568 679 2621 δὲ
723 2566 829 2620 τῶν
857 2567 1166 2636 λεγομένων
1200 2566 1619 2636 ἐναργέστατον,
1652 2566 1755 2629 ὃτι,
1803 2566 1934 2619 ἀπο-

335 2660 677 2733 κηρύξαντες
698 2657 810 2730 (15)
837 2660 1004 2730 ἡμᾶς,
1036 2658 1132 2712 καὶ
1165 2657 1448 2722 συνθέντες
1469 2658 1570 2721 τὰς
1598 2658 1837 2729 μέμψεις
1863 2658 1931 2722 ἃς

335 2752 626 2824 ἠϐούλοντο
673 2751 797 2804 καθ’
852 2750 1032 2823 ἡμῶν,
1084 2752 1216 2822 πρὶν
1272 2753 1406 2822 ἡμῖν
1462 2750 1811 2815 ἀποστεῖλαι,
1856 2749 1931 2803 τὰ

335 2846 642 2919 γράμματα
684 2845 1067 2918 περιέπεμπον
1114 2844 1415 2915 πανταχοῦ.
1466 2844 1638 2898 Ἑπτὰ
1666 2844 1773 2916 γὰρ
1805 2843 1934 2916 πρό-

333 2954 495 3008 τερον
538 2936 772 3008 ἡμέραις
810 2935 904 2989 τοῦ
946 2939 1028 3000 εἰς
1062 2936 1161 3000 τὰς
1210 2936 1347 3007 ἐμὰς
1393 2935 1685 3005 ἀφικέσθαι
1742 2938 1929 3007 χεῖρας

337 3028 472 3103 παρ’
517 3027 698 3091 ἄλλοις
729 3026 840 3097 (16)
875 3028 1046 3100 ὲφάνη
1092 3028 1415 3100 ήὲπιστολή
1440 3044 1451 3057 ⁸
1500 3029 1571 3092 οἳ,
1625 3028 1684 3093 ἐξ
1726 3028 1930 3100 ἐτέρων

334 3118 730 3190 διαδεξάμενοι,
782 3119 991 3191 ἑτέροις
1037 3116 1260 3190 ἔμελλον
1317 3120 1729 3190 παραπέμπειν.
1773 3120 1930 3173 Οὕτω

2037 570 2145 619 tem
2180 564 2273 619 illo
2304 571 2549 635 tempore
2583 564 2743 619 talem
2794 564 3081 621 sententiae
3118 582 3254 623 mea:
3283 583 3347 624 ac
3378 571 3502 626 vita!
3536 585 3617 629 te-

2037 664 2174 711 stem
2206 655 2380 710 habeo
2410 658 2705 723 neminem,
2736 658 2929 731 quales
2951 660 3045 731 qui
3077 676 3227 717 nunc
3258 661 3313 717 in
3347 678 3434 719 me
3464 663 3618 721 inve-

2037 746 2245 801 buntur
2277 756 2656 805 accusatores.

2108 1001 2158 1055 7.
2204 1000 2273 1055 At
2301 1015 2446 1056 enim
2479 1001 2709 1071 epistola
2754 998 3116 1073 separationis
3160 1016 3325 1059 causa
3355 1018 3464 1058 non
3507 1013 3615 1071 est,

2035 1109 2224 1149 verum
2272 1095 2380 1149 alia
2426 1105 2513 1150 est
2545 1093 2936 1163 disjunctionis
2968 1096 3129 1158 ratio,
3162 1109 3326 1167 quam
3360 1097 3615 1168 equidem

2035 1186 2242 1238 referre
2283 1184 2648 1248 verecundor,
2690 1199 2753 1238 ac
2796 1200 3013 1257 semper
3059 1187 3358 1248 siluissem,
3411 1189 3520 1244 nisi
3551 1204 3616 1246 ea

2036 1290 2158 1346 quia
2183 1290 2329 1330 nunc
2355 1287 2510 1347 gesta
2541 1286 2690 1340 sunt,
2720 1277 3106 1332 necessitatem
3140 1279 3273 1333 mibi
3305 1281 3617 1336 attulissent

2035 1368 2208 1422 totius
2237 1382 2428 1422 eorum
2464 1366 2681 1423 consilii
2711 1368 2782 1422 ob
2815 1368 3112 1424 multorum
3148 1371 3438 1427 utilitatem
3480 1387 3617 1427 ocu-

2034 1457 2104 1513 lis
2134 1455 2464 1527 exponendi.
2488 1455 2891 1511 Existimarunt
2922 1457 3051 1512 boni
3085 1459 3187 1513 viri
3220 1460 3615 1530 impedimento

2035 1549 2142 1603 sibi
2177 1563 2303 1604 esse
2334 1548 2400 1603 ad
2441 1549 2913 1619 recuperationem
2939 1551 3231 1620 potestatis
3264 1553 3615 1608 communio-

2036 1656 2159 1695 nem
2200 1649 2475 1695 nostram.
2504 1639 2573 1693 Et
2599 1641 2728 1709 quia
2769 1639 2894 1696 lidei
2938 1643 3174 1711 quadam
3207 1644 3618 1715 subscriptione

2035 1737 2400 1806 praeoccupati
2438 1745 2585 1798 sunt,
2622 1749 2784 1803 quam
2818 1749 2919 1789 nos
2953 1736 3091 1806 ipsis
3126 1750 3616 1806 proposueramus,

1961 1867 2002 1923 Β
2031 1843 2141 1882 non
2179 1826 2325 1897 quod
2375 1826 2479 1896 ipsi
2518 1826 2740 1923 illorum
2790 1830 3074 1882 sententiae
3101 1827 3469 1887 dilllderemus
3513 1832 3617 1902 (fa-

2031 1926 2151 1974 teor
2199 1918 2390 1985 enim).
2438 1915 2535 1972 sed
2585 1916 2733 1986 quod
2781 1918 3153 1987 suspiciones,
3204 1935 3344 1989 quas
3393 1921 3463 1976 de
3507 1923 3616 1979 illis

2032 2010 2190 2065 multi
2217 2024 2282 2064 ex
2319 2009 2600 2064 unanimis
2646 2009 2855 2065 nostris
2885 2009 3150 2066 fratribus
3181 2012 3477 2069 habebant.
3522 2029 3613 2070 sa-

2032 2117 2164 2159 nare
2194 2102 2492 2166 vellemus;
2531 2117 2601 2157 ne
2640 2101 2773 2172 quid
2810 2117 2876 2157 ex
2917 2102 3011 2157 illa
3054 2103 3410 2160 confessione
3437 2107 3620 2164 videa-

2032 2204 2124 2250 tur
2173 2194 2311 2265 ipsis
2353 2192 2730 2263 impedimenti
2779 2208 3095 2258 occurrere,
3129 2197 3427 2265 quominus
3449 2199 3612 2254 abiis

2030 2285 2126 2357 qui
2157 2300 2303 2340 nunc
2337 2284 2709 2349 dominantur,
2746 2284 3139 2354 suscipiantur,
3167 2287 3615 2343 communionem

2030 2378 2195 2433 nobis
2225 2377 2646 2443 renuntiarunt;
2696 2390 2762 2431 ac
2795 2378 3024 2431 materia
3054 2376 3465 2447 disjunctionis,
3499 2379 3616 2435 baac

2030 2468 2262 2539 epistola
2308 2467 2618 2538 excogitata
2670 2477 2776 2524 est.
2837 2467 3108 2524 Indicium
3160 2476 3341 2525 alitem
3388 2484 3616 2533 eorum,

2030 2577 2153 2632 qua:
2195 2560 2344 2622 dico.
2395 2559 2911 2615 manifestissimum
2956 2568 3061 2624 est,
3105 2560 3252 2631 quod
3305 2576 3429 2616 cum
3490 2578 3619 2633 pro-

2032 2651 2391 2721 scripsissent
2419 2665 2540 2714 nos,
2576 2658 2634 2705 et
2654 2650 2930 2720 querelas,
2959 2657 3018 2705 ut
3055 2651 3193 2722 ipsis
3224 2652 3448 2719 libebat,
3482 2666 3618 2708 cono

2033 2750 2115 2796 tra
2146 2757 2247 2797 nos
2277 2740 2589 2805 ﬁnxissent,
2624 2749 2917 2811 antequam
2948 2742 3015 2796 ad
3056 2758 3158 2796 nos
3186 2742 3400 2799 litteras
3434 2743 3618 2799 mitte-

2030 2840 2174 2897 rent,
2214 2848 2310 2888 eas
2355 2848 2802 2903 quoquoversum
2836 2834 3166 2903 sparseriut.
3194 2834 3414 2905 Septem
3459 2851 3617 2890 nam-

2034 2941 2141 2995 que
2170 2926 2289 2981 dies
2317 2926 2643 2996 priusquam
2690 2926 2745 2979 in
2782 2933 3003 2980 nostras
3045 2942 3244 2981 manus
3279 2930 3613 2996 perveniret,

2032 3018 2149 3073 visa
2178 3026 2266 3073 est
2300 3018 2519 3072 illorum
2563 3020 2794 3089 epistola
2823 3019 2965 3090 apud
2990 3020 3152 3083 alios,
3184 3018 3346 3091 342
3372 3020 3465 3091 qui
3496 3033 3618 3075 eam

2033 3111 2102 3164 ab
2127 3111 2250 3165 aliis
2280 3118 2558 3181 acceptam
2586 3110 2655 3165 ad
2701 3110 2843 3166 alios
2885 3110 3110 3166 missuri
3141 3121 3321 3165 erant.
3355 3110 3431 3165 Ita
3461 3111 3612 3165 enim

337 3211 449 3282 γὰρ
474 3210 776 3281 ἐπενόησαν
804 3210 903 3263 ἕνα
954 3211 1033 3263 ἑνὶ
1065 3210 1438 3282 παραδιδόναι,
1473 3211 1560 3264 ἵνα
1600 3214 1791 3281 ταχεῖα
1838 3213 1934 3264 αὐ-

2038 3211 2348 3259 statuerant
2376 3203 2549 3273 ipsam
2576 3204 2650 3258 ab
2690 3203 2866 3258 altero
2896 3203 3051 3258 alteri
3081 3202 3247 3267 tradi,
3279 3211 3339 3258 ut
3361 3203 3617 3259 celeriter

334 3304 452 3364 τοῖς
483 3301 595 3373 (l7)
622 3302 763 3356 κατά
797 3304 977 3356 πᾶσαν
1006 3302 1105 3374 τὴν
1130 3302 1315 3373 χώραν
1346 3303 1573 3373 γένηται
1603 3303 1636 3374 ἡ
1671 3303 1927 3367 διάδοσις.

337 3394 450 3447 Καὶ
476 3394 628 3447 ταῦτ’
654 3393 871 3463 ἐλέγετο
898 3394 997 3464 μὲν
1021 3393 1101 3447 ἔτι
1131 3394 1252 3447 τότε
1299 3393 1450 3465 παρά
1481 3394 1589 3447 τῶν
1619 3394 1930 3463 σαφέστατα

337 3487 472 3557 ἡμῖν
504 3485 572 3539 τὰ
604 3485 829 3540 ἐκείνων
858 3483 1309 3554 ἐξαγγελλόντων.
1355 3485 1682 3556 Ἐκρίναμεν
1711 3485 1767 3538 δὲ
1798 3502 1928 3539 σιω-

340 3580 470 3649 πᾷν,
499 3577 605 3641 ἕως
634 3577 701 3631 ἂν
726 3578 756 3630 ὁ
788 3577 1190 3632 ἀποκαλύπτων
1233 3577 1302 3631 τὰ
1351 3576 1519 3648 βαθέα
1567 3578 1931 3646 σαφεστάτοις

338 3670 437 3723 καὶ
479 3670 896 3741 ἀναντιρῤήτοις
939 3668 1183 3740 ἐλέγχοις
1211 3668 1547 3741 δημοσιεύσῃ
1580 3668 1648 3721 τὰ
1679 3669 1798 3723 κατ’
1831 3668 1931 3721 αὐο

338 3778 489 3824 τους.
1028 3793 1034 3800 -

876 3916 1224 3972 ΕΠΙΣΤΟΛΗ
1261 3917 1429 3971 ΣΚΔ’.

2037 3297 2095 3352 in
2131 3297 2446 3353 universam
2478 3297 2757 3367 regionem
2798 3296 3245 3353 distribueretur.
3284 3297 3465 3367 Atque
3502 3297 3619 3352 haec

2036 3389 2361 3445 dicebantur
2400 3390 2622 3459 quidem
2659 3388 2774 3459 jam
2823 3395 2941 3444 tum
2989 3390 3057 3445 ab
3102 3389 3193 3453 iis,
3250 3389 3344 3461 qui
3395 3389 3617 3444 illorum

2038 3480 2231 3553 agendi
2290 3481 2559 3536 rationem
2607 3481 3060 3538 manifestissime
3113 3481 3273 3538 nobis
3318 3484 3617 3537 annuntia-

2037 3583 2185 3627 runt.
2221 3570 2550 3628 Censuimus
2577 3580 2760 3627 tamen
2792 3573 3064 3628 silendum
3116 3587 3262 3636 esse,
3306 3574 3483 3630 donec
3521 3575 3617 3645 qui

2035 3678 2236 3717 arcana
2290 3664 2533 3726 revelat,
2588 3664 2920 3719 clarissimis
2971 3673 3137 3733 atque
3187 3665 3618 3722 evidentissimis

2035 3755 2377 3825 argumentis
2407 3754 2639 3809 consilia
2670 3756 2912 3825 ipsorum
2944 3757 3220 3827 proderet.
3406 3824 3413 3827 π
3454 3760 3459 3771 ’

2463 3909 2801 3968 EPISTOLA
2840 3911 3141 3968 CCXXIV‘.

340 4004 550 4096 Exporiit
568 4035 792 4096 astuter
818 4027 1067 4091 Eustathii,
1092 4028 1175 4096 qui
1199 4029 1418 4096 epistolae
1439 4025 1670 4096 conuiciis
1696 4026 1747 4078 in
1764 4023 2015 4096 pontium
2036 4024 2230 4096 referte
2254 4022 2484 4096 hteretiea
2504 4025 2649 4096 uerba
2664 4023 2959 4096 subiecerat,
2984 4024 3128 4076 tacito
3148 4027 3363 4079 auctoris
3392 4031 3613 4096 nomine,

402 4087 454 4162 sit
473 4090 575 4162 ipse
604 4091 815 4141 Basilius
836 4099 1002 4162 auctor
1037 4087 1143 4162 esse
1166 4087 1699 4162 viderat-inpugnat}:
1731 4087 1824 4162 sibi
1846 4101 1946 4157 com

2038 4087 2235 4162 :njonem
2257 4101 2367 4137 cum
2386 4087 2725 4159 Apollinario.
2747 4088 2942 4162 regel't‘it,
2962 4101 3198 4162 signatque
3210 4089 3502 4162 sementium
3523 4087 3613 4162 del

404 4149 576 4213 claret,
597 4166 707 4203 cum
729 4154 947 4203 omnibus
967 4160 1127 4203 notam
1151 4168 1255 4204 esse
1276 4168 1334 4203 ac
1358 4152 1453 4216 ipsi
1476 4149 1622 4203 etiam
1639 4149 1918 4209 Eustathio;
1939 4157 2043 4221 mut
2059 4149 2206 4212 facile
2229 4149 2449 4213 perspici
2456 4162 2596 4219 posse
2617 4162 2680 4199 ea:
2707 4149 2815 4213 ipsa
2840 4149 2926 4199 illa
2935 4149 3069 4277 ﬁte,
3096 4149 3175 4218 ςιιί
3202 4151 3478 4221 Eustathius
3499 4157 3613 4205 sub-

404 4213 659 4277 scripsisse
683 4229 735 4265 se
756 4214 961 4277 dolebat,
996 4228 1081 4265 nec
1102 4222 1260 4266 tamen
1275 4214 1498 4277 dolorem
1519 4227 1661 4265 suum
1692 4214 1857 4277 palam
1876 4218 2043 4262 testart
2064 4210 2288 4272 audebat,
2310 4223 2529 4277 quamvis
2550 4224 2721 4263 revera
2745 4210 2806 4261 ab
2829 4211 2919 4261 hac
3009 4226 3036 4263 e
3059 4214 3375 4275 discessisset,
3395 4222 3441 4267 et
3459 4216 3612 4267 aliam

403 4209 659 4277 scripsisse
683 4229 735 4265 se
756 4214 961 4277 dolebat,
996 4228 1081 4265 nec
1102 4222 1260 4266 tamen
1275 4209 1498 4277 dolorem
1519 4227 1661 4265 suum
1692 4214 1857 4277 palam
1876 4209 2043 4262 testari
2060 4209 2288 4272 audebat,
2310 4209 2529 4277 quamvis
2550 4209 2806 4263 revera'ab
2829 4211 2919 4261 hac

404 4273 600 4326 omnim
618 4273 920 4326 contrariam
945 4277 1138 4328 Gelasio
1154 4275 1453 4327 tradidisset.

758 4384 1059 4448 Γενεθλίῳ
1105 4382 1506 4451 πρεσϐυτέρῳ.

3009 4226 3036 4263 e
3059 4210 3375 4275 discessisset,
3395 4222 3441 4267 et
3459 4216 3612 4267 aliam

2504 4379 2773 4436 Genetltlio
2800 4381 3118 4454 presbytero.

416 4493 466 4545 1.
510 4492 807 4565 Ἐδεξάμην
833 4495 902 4549 τὰ
924 4495 1229 4568 γράμματα
1249 4495 1351 4566 τῆς
1383 4496 1483 4567 σῆς
1506 4495 1789 4560 εὐλαϐείας
1814 4494 1924 4568 (18)

2106 4496 2157 4550 1.
2197 4495 2398 4566 Accepi
2429 4496 2640 4550 litteras
2669 4498 2891 4566 pietatis
2932 4504 3058 4561 tum,
3086 4507 3142 4554 et
3170 4499 3386 4554 laudavi
3424 4500 3612 4571 appelo

346 4585 444 4638 καὶ
472 4584 710 4657 ἐπῄνεσα
733 4585 832 4658 τὴν
860 4587 1232 4659 προσηγορίαν
1255 4587 1321 4659 ἣν
1347 4587 1616 4657 εὐστόχως
1636 4588 1928 4659 ὠνόμασας

344 4678 410 4732 τὺ
442 4676 644 4741 βιϐλίον
668 4679 730 4732 τὸ
763 4680 853 4732 ὐπ’
879 4679 1067 4734 αὐτῶν
1104 4680 1616 4752 συγγεγραμμένον,
1656 4696 1931 4752 προσαγο-

422 4855 534 4924 (l5)
566 4855 692 4910 Κᾶν
723 4857 1004 4926 ἐσίγησα.
1044 4856 1119 4910 Ita
1159 4854 1308 4911 Harl.
1333 4854 1486 4926 iEditi
1541 4856 1637 4909 καὶ
1674 4854 1925 4924 ὲσίγησα.

344 4924 522 4980 Paulo
566 4935 689 4995 post
747 4924 919 4981 Coisl.
960 4927 1169 4996 primus
1230 4934 1285 4979 et
1330 4925 1471 4996 Med.
1526 4940 1651 4980 cum
1713 4926 1930 4996 duobus

347 4996 801 5079 ἱρῆς-ἀναγκαῖόν
823 4997 1085 5079 μοιλΜοχ
1116 4996 1247 5077 editi
1280 4995 1725 5079 NOplCO‘JOﬁYép.
1763 4995 1926 5079 Med”

345 5066 522 5121 Coisl.
567 5062 798 5135 uterque
824 5062 881 5121 et
918 5063 1120 5137 Regius
1154 5062 1378 5135 primus
1406 5062 1796 5135 νομιζέτωσαν.
1830 5062 1933 5119 Re-

347 5137 472 5204 gius
493 5137 767 5191 secundus
796 5137 1063 5209 νομιζέτω
1112 5152 1191 5188 σε.
1227 5134 1543 5190 Harlaeanus
1575 5133 1746 5190 codex
1776 5146 1836 5190 ut
1873 5136 1932 5189 in

347 5214 523 5260 ιθτιιι.

409 5223 523 5259 ῑιιι.

423 5276 534 5347 (14)
569 5274 699 5328 Τῶν
737 5276 855 5330 νῦν
913 5275 1312 5344 κρατούντων.
1362 5273 1516 5345 Saepe
1545 5274 1779 5331 Basilius
1827 5274 1930 5329 hac

349 5361 489 5426 voce
534 5347 923 5426 imperatorem
974 5347 1249 5426 designat.
1300 5353 1361 5399 ut
1405 5346 1824 5426 observavimus
1872 5346 1929 5426 in

350 5416 517 5486 notis
543 5418 632 5486 ad,
667 5418 953 5485 epistolam
981 5418 1067 5469 66.
1113 5415 1217 5470 Sed
1259 5432 1367 5486 non
1419 5417 1644 5470 dubium
1687 5423 1773 5486 est
1795 5420 1929 5486 quin

352 5483 595 5568 Euzoius
623 5483 729 5541 hoc
775 5488 896 5573 loco
943 5484 1669 5573 deﬂgnet'ur..l’.iam.vera_in
1713 5483 1925 5573 disseri.-

351 5557 527 5610 sionis
559 5570 785 5610 causam
818 5560 958 5610 hanc
988 5556 1145 5611 aﬂ‘ert
1180 5555 1421 5611 Basilius
1456 5556 1510 5610 in
1538 5555 1772 5625 epistola
1798 5555 1928 5620 226,

351 5642 414 5697 ιλ.
449 5627 503 5688 5,
544 5626 691 5697 quod
725 5626 1049 5693 Eustathius
1086 5627 1449 5697 existimaret,
1484 5636 1593 5678 tum
1624 5626 1836 5679 demum
1873 5643 1930 5681 se

354 5693 579 5749 Euzairf
607 5699 887 5763 probatum
934 5698 1023 5760 iri,
1053 5695 1100 5750 si
1133 5712 1192 5752 se
1228 5712 1257 5750 a
1304 5694 1506 5750 Basilio
1534 5697 1924 5751 abalienasset.

424 5768 538 5839 (15)
587 5767 1117 5836 Ἁποκηρύξαγτες.
1153 5766 1310 5821 Nulla
1336 5765 1446 5823 fere
1474 5767 1658 5821 Basilii
1695 5767 1928 5837 epistola

2032 4589 2314 4652 lationem,
2347 4603 2455 4659 qua
2497 4596 2624 4659 apte
2648 4590 2951 4646 nominasti
2998 4592 3262 4662 scriptum
3296 4592 3365 4647 ab
3401 4593 3510 4648 illis
3542 4594 3609 4646 li-

2028 4681 2253 4742 bellum.
2286 4696 2409 4735 cum
2438 4680 2682 4737 libellum
2704 4682 2920 4753 repudii
2953 4682 3260 4754 appellasti.
3287 4681 3459 4750 Quem
3484 4685 3609 4755 qui-

2028 4854 2349 4910 mendosior
2378 4856 2432 4910 in
2466 4855 2756 4912 codicibus
2808 4872 2969 4910 manu
3019 4855 3281 4912 exaratis.
3326 4855 3434 4909 Sed
3472 4854 3613 4910 Har-

2029 4926 2238 4980 laaanus
2267 4926 2461 4990 codex,
2511 4934 2570 4980 ut
2630 4928 2802 4981 multa
2854 4928 2983 4988 alia,
3040 4928 3113 4981 ita
3154 4928 3255 4980 hoc
3289 4942 3508 4996 quoque
3554 4928 3609 4980 in

2031 4997 2152 5051 loco
2180 4998 2393 5051 sanavit
2422 4997 2568 5066 quod
2600 5011 2767 5064 prave
2806 4996 2858 5050 in
2896 4996 3061 5050 editis
3090 5006 3136 5051 et
3164 4998 3288 5051 aliis
3319 4997 3612 5052 codicibus

2029 5082 2175 5137 mss.
2193 5067 2474 5137 legebatur
2495 5068 2903 5137 ἀποστήσαντες
2934 5069 3103 5137 ἡμᾶς.

2096 5136 2206 5202 (16)
2234 5138 2377 5204 Παρ’
2399 5136 2630 5201 ἄλλοις.
2659 5134 2784 5190 Haec
2807 5134 2993 5189 addita
3026 5153 3091 5192 ex
3126 5136 3251 5191 cod.
3278 5134 3430 5190 Harl.

2104 5206 2217 5276 (17)
2240 5206 2473 5276 Αὐτοῖς.
2507 5205 2939 5276 ιυᾳξῑιιιιαύτῆς.
2972 5208 3026 5260 in
3058 5215 3297 5276 quatuor
3325 5207 3613 5262 codicibus

2030 5291 2164 5330 mss.
2199 5273 2399 5345 nempe
2426 5275 2574 5339 Vat.,
2605 5273 2774 5345 Regio
2797 5273 3032 5346 utroque
3054 5273 3107 5331 et
3128 5276 3301 5331 Coisl.
3337 5277 3608 5333 secundo.

2030 5345 2208 5416 Atque
2242 5347 2356 5399 haec
2394 5346 2611 5416 quidem
2649 5347 2922 5415 scriptura
2945 5345 3092 5403 satis
3119 5346 3407 5402 commoda
3438 5348 3610 5404 videri

2031 5415 2242 5486 possit;
2273 5416 2369 5471 sed
2414 5415 2622 5489 tamen
2654 5417 2938 5489 vulgatam
2998 5417 3366 5489 prmftulimus.
3403 5435 3528 5489 quae
3557 5427 3613 5473 et

2032 5485 2132 5542 sua
2167 5493 2363 5554 sponte
2392 5486 2585 5541 melior
2616 5485 2855 5551 videtur,
2891 5494 2947 5542 et
2993 5485 3241 5543 melioris
3272 5485 3612 5544 notaa'codi-

2032 5571 2158 5611 cum
2194 5556 2522 5609 auctoritate
2553 5555 2768 5609 nititur.

2102 5625 2358 5697 (18)]ἷῆς
2402 5626 2523 5693 σῆς
2560 5626 2896 5697 εὐλαϐείας.
2929 5625 3021 5682 Sic
3060 5644 3196 5685 mss.
3222 5636 3335 5687 tres
3356 5631 3619 5687 vetustis—

2031 5695 2177 5752 simi.
2217 5695 2473 5766 Εάίιίτῆς
2501 5695 2786 5766 εὐλαϐείας
2818 5715 2935 5750 σου.

2116 5768 2310 5823 ‘Alias
2345 5765 2639 5822 CCCXLY.
2677 5766 2889 5837 Scripta
2924 5784 3069 5825 anno
3101 5769 3225 5825 575.
