3900 6208
324 367 433 423 835
1672 352 1731 406 S.
1777 351 1856 405 BA
1869 351 2023 408 SlLll
2063 349 2278 405 MAGNI
3478 348 3566 402 336

326 482 448 536 dem
497 477 592 548 qui
645 489 945 546 scripsere,
998 487 1160 544 quam
1201 471 1303 526 sibi
1340 469 1654 540 paraverint
1691 485 1791 539 pro
1837 483 1903 522 eo

2032 465 2209 528 νεύσας
2241 463 2443 535 βιϐλίον
2477 463 2833 518 ἀποστασίου.
2872 464 3047 533 Ὅπερ
3089 464 3137 515 οἱ
3188 462 3570 532 συγγράψαντες

326 571 702 628 defensionem
733 567 878 637 apud
903 565 1105 621 Christi
1135 561 1402 623 tribunal,
1433 560 1580 631 quod
1604 559 1779 630 decipi
1802 574 1914 613 non

2041 559 2149 613 άπὸ
2177 558 2277 627 τῆς
2307 558 2527 628 ἀγάπης
2553 557 2712 628 ἡμῶν
2738 556 3042 626 ἀποστῆναι
3083 555 3224 628 [19])
3254 555 3374 609 τίνα
3404 555 3572 626 ηὑτρέ·

326 667 528 730 potest,
560 655 870 725 intelligere
898 669 1008 708 non
1045 666 1292 722 possum.
1328 648 1464 703 Nam
1504 649 1914 704 accusationem

2032 669 2181 705 τισαν
2207 651 2306 720 τὴν
2350 650 2646 718 ἀπολογίαν
2681 651 2822 720 ὑπὲρ
2865 649 3032 703 αὑτοῦ
3064 651 3156 702 ἐπὶ
3181 647 3276 701 τοῦ
3317 647 3574 719 ἀπαραλο-

328 753 384 805 in
420 765 508 804 me
535 745 903 819 proferentes,
937 759 1133 813 meque
1162 741 1598 812 perstringentes
1619 740 1915 794 vehemen-

327 850 445 908 ter;
477 846 768 894 narrantes
788 851 912 907 quae
932 835 1214 896 volebant,
1251 846 1363 886 non
1391 847 1513 902 qua:
1536 829 1753 886 veritati
1777 843 1912 884 con—

331 945 506 996 sona;
536 928 828 999 plurimam
853 941 964 998 pne
994 939 1054 979 se
1086 923 1452 978 humilitatem
1486 923 1748 986 ferentes,
1777 918 1912 973 mihi

329 1018 604 1087 superbiae
629 1029 902 1070 tumorem
927 1012 1269 1084 aliingentes,
1298 1010 1442 1081 quod
1473 1026 1592 1075 eos,
1627 1011 1721 1080 qui
1752 1010 1909 1064 missi

331 1109 402 1164 ab
424 1107 560 1176 ipsis
597 1106 835 1172 fuerant,
867 1119 976 1158 non
1008 1104 1372 1174 excepissem,
1409 1100 1546 1156 falsa
1580 1100 1788 1165 omnia,
1816 1109 1911 1155 aut

332 1199 528 1256 saltem
579 1199 843 1268 pleraque
888 1211 959 1252 ne
1007 1196 1320 1273 periculose
1371 1193 1603 1263 loquar;
1650 1200 1913 1262 tanquam

331 1290 670 1357 hominibus,
715 1299 770 1344 et
812 1304 922 1343 non
963 1287 1074 1343 Deo
1122 1287 1445 1351 suadentes,
1495 1294 1914 1356 quaerentesque

331 1385 552 1455 placere
577 1382 920 1446 hominibus,
957 1389 1011 1436 et
1059 1395 1169 1434 non
1205 1378 1338 1440 Deo,
1389 1379 1532 1448 apud
1567 1393 1730 1448 quem
1773 1376 1912 1430 nihil

332 1474 571 1529 veritate
594 1471 916 1542 pretiosius,
941 1470 1017 1523 ita
1041 1469 1512 1538 conscripserunt.
1542 1466 1750 1522 Deinde
1773 1467 1912 1522 scri-

333 1569 443 1638 ptis
473 1568 530 1622 in
561 1581 664 1620 nos
690 1565 892 1619 litteris
921 1563 1181 1618 haeretica
1213 1561 1382 1617 verba
1416 1561 1794 1631 subjecerunt,
1821 1575 1915 1614 ce-

335 1660 449 1713 lato
475 1657 778 1728 impietatis
801 1662 1048 1719 auctore,
1076 1660 1137 1708 ut
1165 1652 1321 1708 multi
1353 1667 1419 1707 ac
1451 1652 1818 1723 simpliciores
1845 1668 1914 1708 ex

335 1749 618 1821 praemissa
657 1748 714 1802 in
765 1762 869 1802 nos
913 1745 1268 1802 accusatione
1316 1751 1506 1798 nostra
1558 1759 1683 1798 esse
1722 1742 1913 1798 crede-

2012 743 2202 811 γίστου
2235 741 2478 814 βήματος
2519 741 2620 795 τοῦ
2661 741 2922 813 Χριστοῦ,
2950 743 3152 794 ἐννοεῖν
3175 741 3277 793 οὑκ
3308 739 3432 809 ἔχω.
3457 740 3575 810 Προ-

2013 834 2198 898 θέντες
2222 833 2332 905 γὰρ
2357 835 2635 906 ἡμετέραν
2661 833 3020 904 κατηγορίαν,
3049 833 3142 885 καὶ
3168 829 3414 901 σφοδρῶς
3440 829 3578 901 ἡμῶν

2013 923 2476 995 καταδραμόντες,
2526 923 2621 976 καὶ
2656 921 3048 994 διηγησάμενοι
3089 920 3128 975 ἃ.
3157 917 3458 981 ἐϐούλοντο,
3496 917 3581 987 οὑκ

2012 1015 2101 1075 οἷα
2150 1019 2265 1090 (20)
2316 1020 2351 1090 ὴ
2407 1018 2637 1089 ἀλήθεια
2693 1017 2827 1088 ἔχει,
2877 1013 3348 1086 σχηματισάμενοι
3399 1009 3582 1062 ἑαυτῶν

2013 1110 2214 1182 πολλὴν
2239 1109 2588 1173 ταπείνωσιν,
2615 1108 2710 1162 καὶ
2732 1109 2862 1179 ἡμῖν
2891 1105 3206 1177 περιθέντες
3227 1102 3584 1173 ὑπερηφανίας

2014 1204 2202 1272 ὕγκον,
2233 1201 2307 1264 ὡς
2340 1202 2415 1272 μὴ
2454 1200 2766 1267 δεξαμένοις
2801 1198 2911 1269 (21)
2942 1198 3068 1261 τοὺς
3100 1197 3229 1264 παρ’
3257 1193 3436 1248 αὑτῶν
3463 1194 3584 1246 ἀπο-

2017 1293 2327 1356 σταλέντας,
2353 1293 2528 1346 πάντα
2554 1291 2743 1362 ψευδῆ,
2766 1290 2799 1361 ἣ
2836 1291 2905 1344 τά
2923 1307 2986 1359 γε
3012 1289 3239 1342 πλεῖστα
3266 1285 3444 1338 αὑτῶν
3466 1285 3585 1356 (2‘2),

2017 1383 2104 1436 ἵνα
2141 1382 2217 1455 μὴ
2262 1380 2619 1444 ἐπικινδύνως
2650 1378 2992 1450 φθέγξωμαι,
3027 1379 3102 1442 ὼς
3131 1377 3451 1448 ἀνθρώπους
3487 1375 3588 1427 πεί-

2017 1475 2222 1538 θοντες,
2274 1474 2370 1526 καὶ
2417 1473 2538 1543 οὑχ).
2594 1471 2762 1536 Θεὸν,
2811 1473 2906 1525 καὶ
2955 1470 3246 1540 ζητοῦντες
3300 1467 3591 1540 ἀνθρώποις

2015 1569 2231 1642 ἀρέσαι,
2267 1569 2364 1622 καὶ
2392 1567 2514 1637 οὑχὶ
2542 1564 2684 1636 Θεῷ,
2716 1568 2848 1636 παρ’
2891 1558 2934 1632 ᾧ
2962 1564 3114 1617 οὑδέν
3155 1565 3304 1616 ὲστιν
3347 1561 3590 1633 ἀληθείας

2016 1660 2430 1731 προτιμότερον,
2473 1658 2616 1712 οὑτω
2654 1657 3019 1729 συνέγραψαν.
3071 1653 3207 1709 Εἶτα
3249 1659 3449 1709 ἐκεῖνοι
3492 1657 3592 1715 τοῖς

2016 1751 2140 1806 καθ’
2171 1750 2331 1822 ἡμῶν
2380 1751 2706 1822 γράμμασιν
2741 1748 3017 1814 ὑπέταξαν
3063 1751 3287 1820 ῥήματα
3336 1745 3591 1818 αἱρετικά,

335 1846 480 1905 rent,
513 1853 636 1910 quae
669 1837 964 1907 subiuncta
991 1836 1242 1900 fuerant;
1282 1843 1571 1906 pr0pterea
1611 1834 1786 1905 quod,
1819 1834 1915 1905 qui

2032 1846 2112 1898 τὸν
2163 1843 2488 1915 συγγραφέα
2535 1843 2636 1913 τῆς
2667 1841 2921 1906 ἀσεϐείας
2971 1840 3424 1912 ἀποκρυψάμενοι
3474 1839 3593 1908 (‘23).

335 1946 441 1988 nos
486 1931 789 1985 artiﬁciose
816 1929 1247 1994 calumniantur,
1285 1927 1772 1998 praetermisissent
1815 1941 1908 1980 no-

337 2038 462 2078 men
492 2021 739 2093 parentis
767 2035 1064 2092 pravorum
1093 2019 1438 2090 dogmatum,
1466 2034 1528 2074 ac
1560 2018 1920 2089 simpliciori-

334 2115 443 2172 bus
489 2113 886 2184 suspicandum
925 2112 1302 2182 reliquissent,
1349 2127 1453 2167 nos
1487 2126 1611 2167 esse
1657 2110 1752 2180 qui
1801 2110 1919 2165 haec

336 2212 432 2260 aut
454 2203 891 2274 excogitavimus
922 2211 1016 2256 aut
1039 2203 1388 2273 scripsimus.
1421 2201 1611 2272 itaque
1645 2217 1768 2256 cum
1802 2201 1919 2256 haec

336 2296 494 2352 vobis
523 2296 808 2366 explorata
858 2295 992 2358 sint,
1039 2294 1304 2350 adhortor
1339 2303 1399 2349 ut
1442 2309 1546 2349 nec
1579 2293 1689 2363 ipsi
1733 2293 1918 2348 turbe-

337 2388 494 2451 mini,
511 2395 566 2444 et
581 2387 960 2442 vacillantium
978 2387 1446 2456 perturbationem
1486 2387 1690 2442 sedetis
1711 2403 1725 2452 ;
1743 2401 1919 2456 quan-

341 2495 507 2552 quam
531 2495 644 2535 non
665 2480 858 2551 ignoro
881 2479 1259 2536 defensionem
1291 2494 1468 2534 meam
1500 2494 1610 2533 non
1641 2477 1801 2532 facile
1819 2477 1916 2531 ad-

337 2570 571 2626 missum
604 2569 694 2632 iri,
725 2584 792 2624 eo
822 2568 970 2640 quod
1006 2567 1221 2624 nefaria
1256 2569 1569 2630 maledicta,
1604 2583 1632 2622 a
1667 2568 1920 2638 personis

339 2661 669 2718 auctoritate
695 2660 1034 2732 pollentibus
1065 2661 1124 2715 in
1169 2675 1270 2715 nos
1304 2659 1498 2724 effusa,
1524 2676 1686 2716 aures
1711 2675 1918 2731 prmoc—

339 2753 688 2824 cupaverint.

2025 1935 2091 1989 ἵν’
2123 1935 2172 1988 οἱ
2199 1933 2386 1987 πολλοὶ
2420 1933 2516 1986 καὶ
2542 1931 2900 2002 άπλούστεροι
2929 1932 2993 1984 ὲκ
3024 1931 3121 2002 τῆς
3159 1927 3594 1999 προτεταγμένης

2023 2026 2180 2098 ἡμῶν
2212 2026 2546 2097 κατηγορίας
2571 2024 2818 2096 ἡμέτερα
2842 2019 2981 2076 εἶναι
3008 2023 3272 2092 νομίσωσι
3301 2021 3370 2074 τά
3403 2038 3594 2090 συνημο

2026 2120 2183 2190 μένα,
2213 2118 2302 2172 διὰ
2327 2119 2386 2172 τὸ
2417 2117 2568 2189 παρά
2609 2116 2718 2169 τῶν
2745 2115 3010 2186 τεχνικῶς
3037 2116 3186 2186 ἡμᾶς
3216 2113 3598 2168 διαϐαλλόντων

2024 2210 2366 2282 σιωπηθῆναι
2409 2210 2508 2281 μὲν
2543 2209 2605 2262 τὸ
2629 2209 2800 2279 δνομα
2838 2207 2933 2260 τοῦ
2977 2207 3186 2278 πατρὸς
3214 2206 3326 2258 τῶν
3357 2204 3598 2275 πονηρῶν

2021 2305 2329 2376 δογμάτων,
2381 2302 2806 2374 καταλειφθῆναι
2855 2301 2910 2354 δὲ
2956 2303 3021 2372 τῇ
3069 2300 3297 2370 ὑπονοίᾳ
3341 2299 3450 2353 τῶν
3477 2300 3597 2352 ἀκε-

2029 2395 2324 2469 ραιοτέρων
2349 2395 2413 2448 τὸ
2438 2397 2588 2466 ἡμᾶς
2615 2391 2756 2448 εἶναι
2780 2396 2904 2457 τοὺς
2934 2392 3106 2448 ταῦτα
3131 2392 3164 2462 ἢ
3207 2389 3598 2460 ἐνθυμηθέντας

2023 2487 2056 2557 ἦ
2104 2485 2444 2557 γράψαντας.
2497 2485 2683 2539 Ταῦτα
2724 2482 2816 2540 οὖν
2889 2482 3256 2554 γινώσκοντας
3302 2481 3450 2550 ὑμᾶς
3497 2479 3598 2541 (24)

2027 2575 2452 2646 παρακαλοῦμεν
2480 2575 2676 2639 αὑτούς
2715 2593 2774 2628 τε
2807 2575 2880 2646 μὴ
2921 2574 3315 2647 ταράσσεσθαι,
3362 2570 3459 2628 καὶ
3495 2569 3599 2626 τῶν

2027 2667 2406 2738 σαλευομένων
2445 2667 2575 2730 τοὺς
2618 2665 2881 2738 θορύϐους
2938 2664 3360 2734 κατασιγάζειν·
3421 2668 3470 2719 εἰ
3515 2665 3600 2717 καὶ

2024 2757 2108 2811 ὅτι
2149 2760 2369 2830 οἴδαμεν
2411 2759 2849 2832 δυσπαράδεκτον
2898 2758 3056 2830 ἡμῶν
3097 2755 3261 2813 οὖσαν
3297 2758 3400 2830 τὴν
3424 2757 3600 2812 ἀπολο-

339 2847 484 2912 γίαν,
537 2845 626 2900 διά
675 2845 736 2898 τὸ
777 2845 882 2899 ὑπὸ
928 2843 1234 2917 προσώπων
1285 2846 1608 2910 ἀξιοπίστων
1654 2849 2162 2923 προκατασχεθῆναι
2195 2854 2351 2923 ἡμῶν
2395 2853 2494 2915 τάς
2523 2851 2766 2924 πονηρὰς
2791 2851 3158 2922 βλασφημίας.

411 2939 468 2992 2.
507 2937 664 3004 Quod
706 2946 888 2994 autem
920 2946 1109 2993 nostra
1147 2953 1255 2993 non
1284 2946 1436 3003 sunt,
1469 2954 1592 3009 qua:
1632 2947 1692 2992 ut
1732 2949 1922 2996 nostra

341 3028 834 3092 circumferuntur,
889 3030 1129 3085 arbitror
1179 3030 1457 3100 equidem,
1509 3031 1612 3086 etsi
1659 3030 1814 3086 furor
1864 3033 1922 3088 in

2097 2945 2152 2999 2.
2196 2946 2331 3016 Περὶ
2360 2945 2458 3016 μὲν
2487 2940 2580 2998 οὖν
2605 2943 2722 3006 τοῦ,
2765 2945 2846 2997 ὅτι
2865 2944 2966 2996 οὑκ
2989 2943 3135 2996 ἐστιν
3168 2942 3414 3013 ἡμέτερα
3440 2943 3505 2996 τὰ
3532 2943 3601 3005 ὡς

2029 3038 2271 3108 ἡμέτερα
2301 3036 2729 3108 περιφερόμενα,
2762 3033 2988 3106 νομίζω,
3024 3035 3072 3087 εἰ
3113 3035 3206 3087 καὶ
3240 3034 3383 3087 πάνυ
3414 3035 3444 3086 ὁ
3488 3034 3600 3087 καθ’

343 3135 431 3176 me
467 3129 768 3190 conceptus
815 3122 1045 3177 omnino
1078 3123 1280 3177 rationi
1307 3138 1499 3178 eorum
1543 3124 1798 3179 tenebras
1839 3124 1921 3179 of-

2032 3125 2186 3196 ἡμῶν
2217 3125 2384 3196 θυμὸς
2412 3127 2690 3178 ἐπισκοτεῖ
2731 3127 2842 3187 τοῖς
2874 3124 3152 3194 λογισμοῖς
3177 3124 3353 3177 αὑτῶν
3381 3124 3519 3195 πρὸς
3548 3125 3602 3175 τὸ

345 3209 545 3276 fundit,
586 3211 886 3282 quominus
919 3214 1051 3283 quid
1093 3214 1228 3268 utile
1261 3214 1333 3268 sit
1370 3214 1615 3279 videant,
1655 3215 1816 3287 353
1843 3224 1928 3270 ta-

345 3315 472 3355 men
509 3300 558 3356 si
607 3315 639 3354 a
668 3301 824 3356 vobis
883 3302 1019 3372 ipsis
1063 3303 1515 3374 interrogentur,
1575 3320 1924 3376 nequaquam

345 3391 464 3448 fore
501 3399 559 3446 ut
588 3391 663 3446 ita
697 3393 1034 3463 percalleant
1078 3402 1134 3450 et
1177 3394 1566 3462 obdurescant,
1593 3404 1652 3450 ut
1693 3399 1930 3452 audeant

345 3484 698 3540 mendacium
744 3484 928 3554 eloqui
965 3485 1334 3557 suoipsorum
1378 3502 1494 3551 ore,
1546 3503 1612 3542 ac
1655 3503 1775 3544 mea
1806 3504 1929 3545 esse

346 3575 553 3646 scripta
585 3575 677 3629 illa
697 3575 900 3631 dicere.
935 3575 1096 3643 Quod
1127 3578 1172 3633 si
1203 3593 1325 3632 mea
1352 3593 1464 3632 non
1487 3587 1638 3642 sunt,
1672 3594 1772 3634 cur
1793 3595 1930 3636 con-

345 3667 577 3722 demnor
605 3667 677 3722 ob
712 3667 923 3722 aliena?
954 3667 1061 3722 Sed
1103 3667 1306 3723 dicturi
1338 3679 1470 3724 sunt
1497 3673 1930 3726 communicato-

346 3775 462 3815 rem
502 3759 827 3830 Apollinarii
861 3775 947 3814 me
992 3775 1136 3825 esse,
1188 3775 1253 3815 ac
1302 3761 1574 3830 ejusmodi
1606 3761 1927 3833 dogmatum

347 3852 670 3922 pravitatem
741 3852 927 3906 animo
976 3853 1256 3922 amplecti.
1306 3852 1687 3924 Reposcantur
1733 3856 1802 3910 ab
1845 3857 1928 3911 eis

347 3951 690 4015 argumenta.
718 3942 855 3998 Nam
888 3943 937 3998 si
967 3957 1064 3999 cor
1103 3943 1405 3999 humanum
1443 3946 1688 4000 scrutari
1721 3947 1926 4008 sciunt,

349 4034 453 4091 hoc
495 4035 676 4106 ipsum
725 4034 1114 4105 profiteantur,
1165 4043 1221 4091 et
1267 4051 1367 4090 vos
1416 4037 1700 4106 agnoscite
1738 4053 1928 4092 verum

349 4127 417 4181 ab
443 4127 554 4181 illis
587 4127 643 4181 in
681 4128 940 4183 omnibus
976 4126 1109 4182 dici.
1144 4127 1241 4182 Sin
1265 4140 1445 4184 autem
1481 4145 1548 4186 ex
1574 4130 1741 4187 rebus
1771 4147 1931 4202 aper-

349 4218 424 4274 tis
455 4227 508 4273 et
547 4225 675 4273 ante
714 4219 962 4274 omnium
1008 4221 1199 4276 oculos
1237 4223 1434 4291 positis
1468 4239 1644 4279 meam
1691 4233 1930 4295 arguunt

349 4310 815 4373 communionem,
849 4314 1142 4368 ostendant
1174 4323 1268 4368 aut
1301 4317 1600 4372 canonicas
1648 4318 1860 4373 litteras
1897 4333 1927 4372 a

354 4416 444 4457 :nc
467 4401 534 4456 ad
566 4401 747 4472 ipsum
779 4403 1000 4470 missas,
1034 4415 1130 4460 aut
1165 4407 1235 4462 ab
1263 4407 1358 4461 illo
1389 4408 1455 4461 ad
1501 4425 1608 4474 me,
1649 4416 1743 4463 aut
1769 4409 1930 4464 cleri-

2031 3217 2262 3286 συνορᾷν
2310 3216 2370 3268 τὸ
2417 3217 2715 3288 συμφέρον,
2765 3217 2915 3286 ὅμως
2967 3215 3062 3269 ἐάν
3115 3215 3437 3288 ἐρωτηθῶσι
3481 3216 3602 3286 παρ’

2027 3307 2181 3378 ὑμῶν
2242 3307 2452 3374 αὑτῶν,
2501 3309 2575 3380 μὴ
2631 3309 2697 3362 ἂν
2753 3309 2949 3371 αὑτοὺς
2993 3309 3074 3371 είς
3128 3308 3384 3362 τοσοῦτον
3437 3306 3603 3359 ἐλθεῖν

2030 3399 2416 3471 σκληρότητος,
2467 3400 2608 3453 ὥστε
2665 3399 2932 3470 τολμῆσαι
2984 3397 3319 3468 φθέγξασθαι
3364 3399 3448 3470 τῷ
3499 3398 3603 3468 ἰδίῳ

2031 3490 2258 3562 στόματι
2290 3492 2351 3545 τὸ
2391 3491 2604 3560 ψεῦδος,
2636 3493 2730 3546 καὶ
2759 3493 2955 3553 εἰπεῖν,
2983 3494 3065 3545 ὅτι
3097 3493 3206 3563 ἐμά
3238 3493 3354 3545 ὲστι
3386 3492 3458 3545 τὰ
3487 3509 3604 3544 συν-

2030 3583 2306 3652 τάγματα.
2337 3582 2399 3634 Εί
2431 3582 2478 3634 δ’
2522 3581 2620 3634 οὑκ
2651 3581 2782 3651 ὲμὰ,
2817 3581 2905 3634 διά
2946 3579 3000 3634 τί
3048 3582 3302 3654 κρίνομαι
3327 3582 3472 3653 ὑπὲρ
3505 3581 3604 3634 τῶν

2028 3673 2320 3744 ἀλλοτρίων
2348 3672 2493 3742 (25);
2539 3672 2677 3724 Ἀλλ’
2707 3672 2942 3746 ἐροῦσιν,
2989 3674 3071 3726 ὅτι
3105 3674 3358 3737 κοινωνὸς
3408 3673 3606 3726 Ἀπολι-

2029 3763 2214 3833 ναρίου
2251 3761 2361 3831 (26)
2394 3762 2524 3830 ἐγὼ,
2578 3763 2673 3814 καὶ
2718 3762 2828 3814 τῶν
2874 3761 3132 3816 τοιούτων
3175 3762 3466 3834 δογμάτων
3511 3765 3604 3832 τὴν

2028 3851 2352 3922 διαστροφὴν
2398 3852 2536 3922 ἔχων
2583 3853 2640 3905 ὲν
2681 3851 2922 3924 ἐμαυτῷ.
2987 3853 3472 3924 Ἀπαιτηθήτωσαν
3513 3854 3606 3915 τὰς

2030 3944 2349 4010 ἀποδείξεις.
2385 3946 2448 3997 Εἰ
2488 3945 2586 4015 μὲν
2619 3943 2728 4014 γάρ
2759 3944 2984 4016 καρδίαν
3016 3943 3304 4014 ἀνθρώπου
3327 3945 3604 4016 διερευνᾷν

2031 4037 2200 4101 ἴσασι,
2233 4035 2392 4088 τοῦτο
2413 4036 2907 4107 ὁμολογησάτωσαν
2925 4047 2938 4061 ⁸
2973 4035 3068 4088 καὶ
3098 4036 3401 4107 γνωρίσατε
3431 4036 3604 4091 αὐτῶν

2029 4126 2126 4198 τὴν
2161 4128 2287 4198 περὶ
2318 4128 2493 4180 πάντα
2523 4128 2782 4200 ἀλήθειαν
2801 4145 2816 4158 ο
2849 4129 2898 4180 εί
2928 4128 2986 4181 δὲ
3027 4130 3091 4181 ὲκ
3131 4127 3238 4181 τῶν
3268 4129 3604 4199 φαινομένων

2029 4217 2125 4270 καὶ
2173 4219 2307 4270 πᾶσι
2352 4217 2633 4289 προδήλων
2675 4218 2956 4288 ὲλέγχουσί
3009 4235 3108 4289 μου
3155 4218 3252 4289 τὴν
3301 4220 3602 4279 κοινωνίαν,

2028 4311 2358 4378 δειξάτωσαν
2401 4310 2434 4382 ἢ
2479 4312 2740 4366 κανονικά
2785 4311 2898 4382 (27)
2946 4312 3252 4381 γράμματα
3297 4313 3428 4382 παρ’
3472 4310 3603 4380 ἐμοῦ

2030 4402 2166 4472 πρὸς
2219 4400 2378 4453 αὑτὸν
2424 4400 2880 4474 διαπεμπόμενα,
2931 4403 2965 4472 ἢ
3028 4405 3157 4474 παρ“
3205 4403 3415 4456 ἐκείνου
3472 4403 3604 4472 πρὸς

424 4537 538 4606 (I9)
581 4535 716 4618 Ἆπό
768 4536 880 4606 τῆς
911 4539 1150 4663 ἀῦεάιτης
1187 4540 1356 4610 ἡμῶν
1387 4540 1750 4611 ἀποστῆναι.
1798 4541 1924 4597 Haec
1954 4516 2000 4571 Ῑ)
2031 4525 2290 4611 εεσυξιίῖος

424 4608 518 4662 rba
574 4621 944 4663 nermcommo
987 4627 1016 4663 e
1065 4611 1168 4663 hoc
1219 4613 1338 4663 loco
1389 4615 1565 4663 nosita
1626 4623 1777 4663 sunt.
1824 4627 1926 4663 nec
2100 4597 2211 4663 (90)
2275 4621 2290 4652 λ

349 4608 518 4662 verba
571 4607 1016 4680 perincommode
1065 4607 1168 4665 hoc
1215 4607 1338 4665 loco
1389 4615 1565 4680 posita
1614 4607 1777 4674 sunt,
1824 4627 1926 4667 nec

352 4686 478 4746 apte
501 4677 778 4750 cohaerent
803 4693 925 4732 cum
959 4680 1046 4734 his
1068 4697 1189 4750 quae
1212 4677 1544 4750 praecedunt.
1575 4680 1630 4736 Si
1659 4683 1783 4750 quis
1823 4698 1922 4736 au-

353 4755 464 4821 tem
495 4747 1103 4821 diligentiusattendat',
1129 4747 1286 4806 facile
1316 4753 1607 4821 perspiciet
1633 4747 1717 4808 his
1742 4753 1925 4808 verbis

352 4817 618 4892 rationem
648 4817 851 4892 afferri,
878 4820 1227 4892 curiibellus
1263 4817 1348 4892 ab,
1373 4817 1663 4877 Eu'statliio
1693 4838 1922 4892 compo-

352 4889 513 4962 situs,
534 4887 762 4962 _l_i_be_|_lus
791 4889 1012 4962 repudii
1031 4901 1258 4962 vocatus
1300 4891 1400 4962 sit,
1443 4908 1635 4961 nempe
1667 4893 1794 4962 quia
1820 4887 1926 4962 'per

353 4957 501 5012 hunc
534 4957 779 5011 libellum
803 4973 834 5011 a
855 4957 1134 5015 ’charitate
1188 4960 1375 5015 Basilii
1413 4957 1750 5024 decesserat,
1786 4957 1920 5026 si've,

353 5037 412 5081 ut
432 5027 656 5082 verbum
682 5029 850 5082 verbo
886 5030 1133 5094 reddam,
1161 5045 1190 5084 a
1223 5030 1560 5086 discedendo
1593 5047 1622 5084 a
1655 5033 1924 5087 charitate

356 5098 561 5169 Basilii.
610 5095 795 5169 Quare
839 5113 947 5153 non
1005 5099 1240 5155 difficilis
1279 5103 1595 5169 conjectura
1644 5109 1730 5156 est
1782 5102 1924 5156 hanc

352 5167 794 5240 observationem
838 5169 953 5240 sive
995 5167 1416 5239 explicationem
1474 5171 1639 5226 libelli
1685 5173 1922 5240 repudii.

354 5253 461 5290 non
499 5237 568 5291 ab
593 5238 712 5310 ipso
760 5237 981 5310 Basilio,
1015 5237 1176 5310 quem
1215 5241 1438 5296 minime
1474 5237 1831 5296 decuisset—in
1866 5258 1926 5297 re

354 5317 460 5380 tam
491 5307 799 5380 manifesta,
827 5309 920 5364 sed
958 5307 1164 5364 abalio
1199 5313 1502 5380 appositam
1535 5312 1726 5371 fuisse,
1763 5311 1925 5380 idque

354 5375 435 5452 ad
444 5379 972 5452 marginem,_unde
999 5388 1188 5452 postea
1232 5375 1292 5434 in
1321 5390 1636 5452 contextum
1680 5375 1920 5452 irrepsit.

420 5445 532 5526 (Ξρ)
569 5443 691 5516 Οὐχ
734 5443 1015 5526 _oIa_.“_Sic'
1043 5450 1497 5526 _Ha_r|._et_Coisl_.
1545 5452 1756 5522 primus
1792 5443 1922 5526 :cum

353 5513 524 5592 Hegio
545 5513 976 5592 sequndpsiﬁditi
1003 5522 1103 5592 οὑχ
1133 5521 1187 5575 ἃ.
1216 5519 1390 5578 Habet
1410 5513 1574 5578 etiam
1604 5533 1766 5576 antea
1792 5520 1927 5575 Har-

356 5582 562 5640 lxeanus
594 5582 680 5639 οἷα
707 5587 1009 5642 ἐϐούλοντο.

355 5653 674 5794 agi-em}?
695 5657 780 5726 μὴ
812 5657 1177 5728 δεξαμένοις.
1204 5660 1356 5717 Harl.
1392 5671 1445 5718 et
1475 5662 1610 5717 Med.
1631 5662 1706 5723 ὡς
1731 5662 1805 5733 μὴ
1838 5662 1922 5714 δε-

426 5793 540 5864 (22)
573 5795 803 5850 Αὐτῶν.
844 5796 1002 5854 Deest
1051 5802 1106 5856 in
1158 5799 1330 5870 Regio
1381 5810 1614 5871 utroque
1646 5811 1697 5858 et
1750 5801 1916 5858 Coisl.

2100 4597 2211 4667 (25)
2243 4599 2800 4674 _'.f\:roxpv_15~dyer0t.
2871 4602 3042 4674 Coisl.
3096 4604 3308 4674 primus
3353 4614 3409 4659 et
3450 4603 3598 4657 Harl.

2027 4666 2480 4746 sntxpotpépsvot.
2509 4666 2688 4746 Paulo
2717 4679 2840 4746 post
2867 4673 2998 4746 editi
3023 4666 3214 4746 ὲκ’τῆς
3248 4691 3602 4746 προγεγραμ-

2030 4735 2214 4816 μένης.
2243 4735 2388 4816 Tres
2411 4735 2771 4816 vetustissimi
2801 4743 3021 4816 codices
3036 4752 3104 4816 ut
3138 4735 3384 4798 in’tcx'tu'.

2097 4807 2208 4877 (24)
2253 4808 2440 4877 Ὑμᾶς.
2471 4809 2624 4864 Hanc
2657 4825 2844 4866 vocem
2883 4813 3198 4869 addidimus
3233 4829 3298 4869 ea
3337 4829 3433 4870 sex
3463 4831 3595 4868 mss.

2099 4876 2210 4955 (25)
2244 4876 2413 4955 Ὑπὲρ
2477 4879 2597 4934 τῶν
2623 4883 2977 4950 ἀλλοτρίων.
3018 4885 3160 4940 Med.
3211 4893 3264 4939 et
3292 4884 3464 4940 Coisl.
3489 4887 3599 4955 pri-

2027 4959 2152 5000 mus
2180 4949 2286 5002 ὑπὸ
2316 4947 2450 5004 τῶν.
2478 4960 2586 5005 etc.

2095 5017 2210 5094 (26)
2256 5021 2687 5094 Ἀζξολξναρζορ.
2727 5021 2804 5094 Ita
2848 5024 3114 5094 scriptum
3146 5025 3201 5078 in
3232 5025 3440 5081 nostris
3463 5041 3594 5080 mss.

2025 5089 2296 5170 quinque1
2318 5089 2494 5170 Hal-1:,
2547 5090 2710 5170 Med”
2762 5091 2931 5170 Coisl.
2961 5089 3220 5165 -utroque
3252 5105 3307 5150 et
3344 5095 3481 5168 Reg.
3512 5111 3596 5150 se-

2027 5158 2226 5233 cun_d_o.
2253 5158 2400 5233 Edili
2447 5161 2874 5233 Ἀπολλιναρίου.

2099 5227 2208 5305 (27)
2234 5230 2552 5305 Κανονικ-ά.
2586 5233 2661 5286 Ita
2697 5227 2874 5305 Harl"
2907 5232 3048 5305 Med.
3085 5241 3139 5289 et
3163 5234 3338 5291 Coisl.
3369 5245 3595 5305 uterque

2025 5294 2274 5380 Regius“
2296 5301 2572 5380 secundus
2630 5311 2684 5356 et
2725 5294 3104 5380 Paris._Editi
3159 5305 3364 5380 habent
3403 5294 3592 5380 κοινωο

2024 5368 2199 5431 νικάς,
2237 5368 2442 5425 litteras
2475 5375 2882 5428 communionis.
2911 5374 3198 5431 Consentit
3225 5392 3351 5430 cum
3390 5377 3592 5431 nostris

2025 5452 2160 5491 mss.
2201 5439 2483 5496 codicibus
2505 5445 2724 5497 concilii
2771 5445 3100 5500 Antiocheni
3125 5461 3304 5501 canon
3344 5454 3588 5506 octavus,

2024 5507 2116 5574 qui
2139 5515 2310 5588 _vetat,
2342 5526 2404 5588 ne
2427 5515 2739 5588 presbyteri,
2771 5515 2861 5584 qui
2893 5527 3014 5588 sunt
3035 5517 3097 5588 in
3145 5519 3318 5587 pagis,
3343 5517 3460 5571 dent
3501 5532 3592 5568 ca-

2025 5582 2241 5657 nonicas
2291 5582 2562 5657 epistolqs,
2586 5582 2730 5657 μηδὲ
2777 5582 3181 5657 πρεσϐυτέρους
3215 5582 3353 5652 ’τοὺς
3391 5591 3447 5640 ἐν
3471 5590 3589 5647 ταῖς

2024 5645 2556 5786 ἕὶἓγέῖιιςηκεὶανονικάς
2595 5645 2884 5718 ἐπιστολάς
2921 5645 3139 5711 διδόνάι.
3162 5645 3305 5714 Vide
3332 5645 3495 5714 notas
3536 5645 3589 5710 in
