3900 6208
300 296 403 351 857

1190 294 1684 355 EPISTOLARUM
1721 291 2011 351 CLASSIS
2043 294 2111 348 ll.
2153 290 2371 351 EPIST.
2412 295 2689 351 CCXXIV.

3470 301 3576 360 858

302 410 408 480 ἐμέ
428 427 442 441 ο
484 410 518 481 ἢ
547 410 655 465 τῶν
689 409 968 483 κληρικῶν
993 410 1091 476 τὰς
1117 412 1252 485 πρὸς
1288 415 1437 486 ἡμᾶς
1460 413 1764 487 ἐπιμιξίας,
1786 413 1820 485 ἢ
1846 411 1899 466 εί

1998 425 2193 467 eorum
2240 410 2534 469 nobiscum
2582 411 2938 477 commercia,
2991 419 3087 468 aut
3123 413 3435 485 quempiam
3480 431 3577 471 eo-

301 517 429 554 τινα
447 499 558 571 (28)
590 500 771 556 αὐτῶν
802 503 884 566 είς
908 505 1194 559 κοινωνίαν
1226 505 1394 577 εὐχῆς
1413 505 1716 578 ἐδεξάμεθά
1736 523 1889 560 ποτε.

302 589 371 644 Ei
394 589 453 643 δὲ
486 590 774 662 ἐπιστολὴν
800 590 1130 666 προφέρουσι
1154 595 1256 667 τὴν
1284 594 1469 649 λοιπὸν
1500 596 1608 668 πρὸ
1649 602 1727 651 κε’
1754 596 1892 649 ἐτῶν

301 683 615 753 γραφεῖσαν
652 681 837 755 αὑτῷ,
894 683 1047 755 παρά
1090 685 1281 741 λαῖκοῦ
1332 689 1471 760 πρὸς
1531 688 1751 744 λαῖκόνσ
1798 690 1893 742 καὶ

300 773 427 827 οὐδὲ
463 772 667 847 ταύτην
698 773 775 839 ὡς
810 776 1124 847 γέγραπται
1167 779 1300 850 παρ’
1346 778 1506 850 ἐμοῦ,
1547 778 1685 834 ἀλλά
1731 796 1894 851 μετα-

301 862 645 934 ποιηθεῖσαν,
696 862 803 917 ὑπὸ
846 864 1010 919 τίνων
1052 865 1133 932 δὲ,
1179 866 1208 920 ὁ
1259 867 1393 931 θεὸς
1420 864 1557 922 οἶδε·
1586 870 1890 942 γνωρίσατε

299 954 532 1009 αὐτόθεν
587 954 687 1028 τὴν
729 955 978 1024 ἀδικίαν,
1029 956 1112 1011 ὅτι
1161 958 1338 1023 οὐδεὶς
1377 960 1435 1015 ἐν
1493 963 1768 1035 ἐπισκοπῇ
1813 964 1889 1019 ὢν

300 1045 642 1117 ἐγκαλεῖται,
669 1046 727 1101 ετ
749 1066 804 1102 τι
836 1048 978 1103 κατὰ
1011 1049 1333 1128 ἀδιαφορίαν
1366 1053 1424 1106 ἐν
1463 1052 1542 1125 τῷ
1582 1053 1757 1127 λαῖκῷ
1789 1056 1891 1128 βίῳ

298 1140 751 1213 ἀπαρατηρήτως
801 1140 1045 1213 ἐγραψεο
1098 1142 1194 1196 καὶ
1239 1126 1398 1198 τοῦτο
1449 1146 1583 1218 μηδὲ
1626 1126 1756 1220 περὶ
1792 1126 1892 1202 ὑπί-

302 1250 497 1299 στεως,
533 1232 668 1287 ἀλλὰ
705 1233 863 1303 ψιλὸν
902 1235 1140 1309 γράμμα
1187 1236 1406 1310 φιλικὴν
1453 1239 1576 1311 ἔχον
1625 1259 1893 1313 προσηγο-

302 1323 450 1396 ρίαν.
500 1324 652 1396 Τάχα
699 1324 756 1378 δὲ
799 1326 1045 1381 κάκεῖνοι
1076 1326 1357 1397 φαίνονται
1409 1330 1505 1383 καὶ
1536 1330 1762 1403 Ἕλλησι
1795 1333 1891 1386 καὶ

314 1416 593 1482 Ἰουδαίοις
617 1418 952 1490 γράψαντες,
989 1418 1085 1474 καὶ
1115 1419 1190 1491 μὴ
1234 1420 1449 1493 ἔχοντες
1472 1422 1745 1495 ἔγκλημα.
1782 1424 1891 1479 Μέ-

298 1527 398 1584 χρι
446 1509 555 1581 γὰρ
605 1511 843 1583 σήμερον
889 1511 1064 1575 οὐδεὶς
1109 1512 1304 1586 ἐκρίθη
1352 1515 1446 1567 ἐπὶ
1490 1515 1717 1586 τοιούτῳ
1747 1517 1881 1589 πρά-

298 1620 501 1675 γματι,
540 1603 627 1673 ἐφ’
657 1595 702 1671 ᾧ
732 1604 896 1675 ἡμεῖς
938 1602 1416 1675 καταδικαζόμεθα
1466 1605 1621 1678 παρὰ
1664 1607 1774 1660 τῶν
1810 1607 1889 1661 δι-

297 1697 594 1762 υλιζόντων
621 1697 746 1761 τοὺς
763 1694 1180 1760 κώνωπας.’⁹οτι
1218 1698 1317 1768 μὲν
1331 1693 1424 1754 οὖν
1447 1699 1558 1770 (29)
1574 1698 1697 1753 οὔτε
1727 1700 1886 1773 ἐγρά-

298 1789 487 1861 ψαμεν
535 1790 755 1853 ἐκεῖνα,
783 1787 906 1842 οὔτε
955 1789 1348 1862 συντεθείμεθα
1379 1791 1580 1857 αὑτοῖς,
1611 1792 1748 1847 ἀλλά
1791 1794 1887 1848 καὶ

297 1880 778 1953 ἀναθεματίζομεν
828 1882 957 1945 τοὺς
1023 1880 1250 1952 ἔχοντας
1303 1883 1481 1937 ἐκεῖνο
1523 1883 1586 1937 τὸ
1651 1885 1888 1956 πονηρὸν

300 1974 584 2047 φρόνημα,
616 1974 678 2028 τὸ
701 1974 801 2046 τῆς
832 1973 1150 2045 συγχύσεως
1184 1974 1295 2029 τῶν
1328 1976 1701 2040 ὑποστάσεων,
1747 1979 1806 2031 ἐν
1844 1972 1890 2047 ᾧ

298 2071 339 2142 ἡ
409 2068 742 2142 ἀσεϐεστάτη
804 2069 1018 2140 αἵρεσις
1086 2067 1181 2123 τοῦ
1238 2069 1527 2124 Σαϐελλίου
1579 2069 1884 2141 ἀνενεώθηο

298 2162 466 2218 τοῦτο
499 2163 599 2234 μὲν
640 2157 734 2217 οὖν
766 2159 1046 2234 γνώριμον
1091 2160 1172 2233 τῷ
1220 2160 1361 2233 Θεῷ,
1392 2161 1470 2232 τῷ
1514 2161 1616 2225 τὰς
1661 2161 1889 2233 καρδίας

298 2251 628 2322 γινώσκοντι
650 2270 666 2286 ·
706 2252 984 2325 γνώριμον
1026 2252 1086 2308 δὲ
1118 2251 1212 2306 καὶ
1251 2252 1403 2326 πάσῃ
1431 2255 1498 2324 τῇ
1544 2251 1886 2323 ἀδελφότητι,

297 2348 372 2418 τῇ
404 2347 486 2411 εἰς
525 2349 721 2418 πεῖραν
755 2346 987 2421 ἐλθούσῃ
1018 2346 1118 2418 τῆς
1161 2343 1438 2417 ἡμετέρας
1480 2343 1886 2411 ταπεινώσεως.

298 2437 420 2490 Καὶ
468 2437 622 2491 αὑτοὶ
666 2437 724 2491 δὲ
778 2437 997 2503 ἐκεῖνοι,
1057 2439 1107 2491 οἱ
1159 2436 1257 2492 νῦν
1314 2437 1537 2509 σφοδροὶ
1592 2439 1901 2511 κατήγοροι·

298 2530 483 2601 ἡμῶν,
526 2531 977 2603 ἐρευνησάτωσαν
1019 2529 1081 2584 τὸ
1141 2529 1270 2584 ἴδιον
1313 2529 1574 2596 συνειδὸς,
1620 2531 1716 2585 καὶ
1757 2530 1892 2598 γνώ-

302 2637 513 2685 σονται,
546 2621 629 2674 ὅτι
660 2623 725 2675 ἐκ
753 2621 942 2684 παιδὸς
973 2618 1192 2692 μακρὰν
1220 2620 1525 2692 ἐγενόμεθα
1572 2620 1682 2675 τῶν
1712 2620 1883 2675 τοιού-

298 2730 414 2766 των
447 2711 542 2781 δογ
549 2712 754 2783 μάτων.

376 2801 430 2857 5.
468 2801 535 2854 Τί
567 2801 625 2855 δέ
662 2803 780 2857 ἐστι
821 2802 883 2857 τὸ
915 2802 1185 2875 ἡμέτερον
1232 2802 1522 2875 φρόνημα,
1557 2803 1611 2857 εἴ
1642 2821 1726 2868 τις
1771 2806 1890 2859 ἐπι-

299 2894 491 2966 ζητεῖ,
523 2892 789 2964 γνώσεται
816 2895 911 2949 ἀπ’
937 2896 1103 2949 αὑτοῦ
1133 2893 1229 2950 τοῦ
1269 2896 1620 2967 γραμματίου
1652 2895 1801 2969 (50),
1830 2897 1890 2950 ἐν

298 2981 351 3073 ᾧ
382 2988 416 3058 ἡ
455 2986 748 3060 ὑπογραφὴ
781 2986 946 3042 αὑτοῦ
973 2987 1087 3060 (51)
1121 2989 1271 3043 ἐστιν
1308 2988 1609 3062 ίδιόχειρος,
1644 2989 1711 3061 ἢν
1754 2992 1890 3044 ἐκεῖ.

298 3093 386 3130 νοι
437 3076 751 3150 βουλόμενοι
810 3077 1112 3149 ἀθετῆσαι,
1163 3079 1262 3151 τὴν
1316 3079 1525 3134 ἑαυτῶν
1583 3081 1887 3154 μεταϐολὴν
1913 3107 1956 3165 c

299 3165 637 3240 κρύπτουσιν
692 3170 751 3224 ἐν
812 3171 879 3241 τῇ
939 3169 1183 3242 ἡμετέρᾳ.
1244 3170 1598 3242 συκοφαντίᾳ.
1651 3172 1725 3225 Οὐ
1775 3172 1884 3244 γὰρ

297 3261 680 3334 ὁμολογοῦσιν,
714 3264 794 3317 ὅτι
827 3262 1278 3336 μετεμελήθησαν
1307 3264 1387 3334 τῷ
1422 3266 1552 3336 παρ’
1576 3264 1732 3336 ἡμῶν
1765 3267 1886 3320 ἐπι-

298 3354 511 3408 δοθέντι
542 3356 726 3419 αὑτοῖς
755 3355 944 3426 βιϐλίῳ
975 3355 1385 3426 ὑπογράφοντες
1408 3372 1423 3386 ·
1460 3356 1574 3410 ἀλλ’
1605 3357 1736 3428 ἡμῖν
1764 3359 1887 3412 ἐπι-

300 3447 563 3519 φέρουσιν
601 3447 926 3519 ὲγκλήματα
980 3446 1270 3511 ἀσεϐείας,
1312 3448 1625 3518 νομίζοντες
1669 3449 1885 3518 ἀγνοεῖ-

301 3538 470 3603 σθαι,
511 3540 591 3593 ὄτι
623 3538 920 3610 πρόσχημα
966 3540 1064 3610 μὲν
1113 3540 1298 3603 αὐτοῖς
1344 3541 1558 3613 ἐστινὴ
1599 3541 1692 3609 ἀφ’
1726 3541 1886 3612 ἡμῶν

299 3630 683 3703 ἀναχώρησις’
722 3634 789 3703 τῇ
832 3630 890 3684 δὲ
923 3628 1154 3703 ἀληθείᾳ
1195 3630 1298 3701 τῆς
1331 3632 1570 3697 πίστεως
1603 3634 1885 3704 ἀνακεχω-

301 3720 572 3792 ρήκασιν,
623 3720 691 3792 ἣν
740 3720 1001 3786 πολλάκις
1040 3722 1137 3776 ἐπὶ
1171 3720 1385 3775 πολλῶν
1416 3723 1712 3794 ἐγγράφως
1753 3727 1885 3796 ὁμο-

298 3813 666 3885 λογήσαντες,
707 3814 769 3868 τὸ
799 3813 1107 3869 τελευταῖον
1138 3815 1233 3869 καὶ
1267 3818 1395 3887 παρ’
1426 3815 1583 3887 ἡμῶν
1622 3818 1888 3872 ἐπιδοθεῖ-

300 3920 406 3957 σαν
432 3903 713 3970 ἐδέξαντο,
752 3905 847 3958 καὶ
874 3904 1199 3975 ὑπέγραψαν
1224 3947 1239 3971 ,
1274 3905 1310 3960 ἃ
1344 3906 1510 3959 πᾶσιν
1536 3906 1647 3978 (52)
1678 3906 1887 3973 ἔξεστιν

298 3996 727 4066 ἀναγινώσκειν,
769 3997 865 4052 καὶ
906 4000 1039 4070 παρ’
1073 3996 1252 4051 αὐτῶν
1284 3997 1395 4051 τῶν
1428 3999 1774 4071 γραμμάτων
1811 4000 1890 4055 δι-

296 4090 601 4144 δάσκεσθαι
633 4088 732 4162 τὴν
764 4089 1044 4160 ἀλήθειαν.
1082 4090 1340 4162 Γνωρίμη
1371 4089 1429 4143 δὲ
1461 4091 1643 4146 αὑτῶν
1669 4091 1823 4147 ἐσται
1852 4094 1886 4166 ἡ

299 4182 625 4254 προαίρεσις
647 4220 662 4244 ,
703 4181 797 4236 ἐάν
825 4197 908 4244 τις
956 4178 1095 4252 μετὰ
1117 4178 1216 4251 τὴν
1244 4179 1572 4253 ὑπογραφὴν
1592 4221 1608 4244 ,
1649 4183 1715 4253 ἢν
1755 4183 1889 4253 ἡμῖν

298 4273 588 4327 ἐπέδωκαν
632 4272 787 4342 (55),
835 4271 1055 4343 ἀναγνῷ
1101 4271 1202 4343 τὴν
1245 4270 1426 4326 πίστιν
1460 4311 1476 4337 ,
1522 4273 1589 4344 ῆν
1646 4274 1888 4346 Γελασίῳ

299 4364 586 4419 ἐπέδωκαν
609 4405 625 4433 ,
654 4365 751 4419 καὶ
787 4363 902 4436 γνῷ
941 4363 1108 4417 πόσον
1146 4361 1210 4415 τὸ
1231 4361 1489 4433 διάφορον
1533 4364 1751 4436 ἐκείνης
1788 4365 1889 4436 τῆς

1995 520 2117 560 rum
2149 504 2217 559 ad
2248 520 2475 576 precum
2506 505 2950 564 communionem
2977 521 3047 561 an
3072 521 3315 578 unquam
3343 507 3576 564 admise-

1996 597 2124 653 rim.
2170 596 2326 663 Quod
2373 598 2421 653 si
2464 596 2756 669 epistolam
2790 595 3103 669 proferunt,
3141 605 3405 653 caeterum
3451 609 3575 655 ante

1994 704 2172 746 annos
2201 691 2396 763 viginti
2425 692 2672 762 quinque
2717 691 2787 747 ad
2814 694 2994 763 ipsum
3038 692 3324 763 scriptam,
3357 706 3388 746 a
3432 691 3573 747 laico

1993 778 2063 834 ad
2090 779 2315 848 laicum,
2338 787 2394 837 et
2418 796 2492 836 ne
2523 780 2666 836 hanc
2694 780 2918 852 quidem
2950 789 3014 835 ut
3052 795 3085 836 a
3104 797 3192 837 me
3229 780 3437 852 scripta
3466 790 3572 845 est,

1993 870 2091 927 sed
2132 870 2516 938 adulteratam,
2560 886 2591 926 a
2622 871 2827 942 quibus
2851 879 3058 937 autem,
3081 872 3229 929 Deus
3261 874 3404 942 scit;
3446 874 3571 931 hinc

1992 960 2291 1018 manifeste
2313 962 2577 1033 injuriam
2609 964 2915 1034 agnoscite,
2941 964 3089 1035 quod
3116 965 3413 1037 episcopus
3449 967 3572 1022 nul-

1991 1053 2080 1110 lus
2110 1062 2429 1119 accusatur,
2471 1055 2517 1111 si
2550 1054 2685 1125 quid
2712 1055 2889 1112 laicus
2918 1057 2975 1111 in
3010 1072 3071 1113 re
3106 1057 3436 1114 indiﬂ‘erenti
3470 1059 3567 1114 mi-

1989 1162 2099 1204 nus
2129 1146 2481 1204 considerate
2506 1148 2795 1220 scripserit
2820 1167 2837 1206 :
2862 1149 3029 1221 idque
3051 1166 3161 1206 non
3184 1149 3253 1207 de
3270 1151 3390 1207 .lide
3412 1151 3569 1223 quid-

1990 1253 2155 1310 quam
2191 1257 2206 1294 :
2239 1237 2336 1294 sed
2368 1239 2601 1311 simplex
2641 1241 2908 1311 scriptum
2955 1242 3190 1298 amicam
3233 1243 3444 1300 habens
3483 1259 3573 1299 sa-

1990 1330 2339 1387 lutationem.
2367 1329 2532 1387 Forte
2553 1340 2734 1387 autem
2762 1341 2817 1388 et
2845 1333 2951 1404 ipsi
2983 1336 3401 1405 comperiuntur
3421 1348 3474 1392 et
3504 1336 3572 1390 ad

1985 1422 2221 1495 gentiles
2265 1431 2321 1480 et
2366 1424 2434 1480 ad
2463 1423 2685 1481 Iudaeos
2730 1427 3044 1496 scripsisse,
3073 1442 3176 1483 nec
3208 1427 3416 1484 crimen
3449 1444 3575 1485 sus-

1987 1515 2184 1572 tinere.
2256 1515 2394 1571 Nam
2447 1517 2515 1571 ad
2557 1516 2707 1572 hunc
2750 1532 2926 1589 usque
2976 1518 3121 1575 diem
3166 1533 3329 1575 nemo
3389 1520 3458 1575 de
3514 1536 3575 1575 re

1987 1607 2264 1681 ejusmodi
2304 1608 2361 1664 in
2385 1607 2657 1679 judicium
2693 1619 2924 1666 vocatus
2958 1618 3066 1676 est,
3096 1610 3165 1668 de
3195 1626 3306 1683 qua
3347 1627 3451 1669 nos
3502 1612 3575 1669 ab

1988 1702 2060 1758 iis
2098 1702 2195 1774 qui
2241 1701 2447 1758 culices
2495 1702 2864 1773 percolant“,
2909 1704 3365 1759 condemnamur.
3412 1703 3572 1771 Quod

1989 1794 2160 1866 igitur
2199 1808 2382 1865 neque
2414 1794 2532 1851 haec
2572 1795 2922 1866 scripsimus,
2963 1812 3145 1867 neque
3188 1797 3569 1868 probavimus,

1987 1883 2086 1939 sed
2117 1890 2174 1939 et
2201 1882 2739 1941 anathematizamus
2779 1899 2899 1951 eos,
2932 1886 3024 1956 qui
3060 1901 3283 1957 pravam
3315 1886 3458 1942 hanc
3490 1897 3574 1943 te-

1987 1983 2123 2032 nent
2173 1975 2540 2042 sententiam,
2591 1976 2961 2048 hypostaseon
3021 1979 3443 2047 confusionem,
3513 1980 3569 2036 in

1986 2083 2098 2139 qua
2124 2068 2367 2123 maxime
2419 2067 2587 2139 impia
2613 2068 2843 2125 haeresis
2892 2067 3120 2125 Sabellii
3149 2079 3412 2127 renovata
3450 2082 3567 2141 est;
3600 2098 3607 2105 -

1987 2161 2041 2215 id
2084 2160 2305 2230 quidem
2341 2168 2532 2214 notum
2582 2167 2670 2215 est
2714 2158 2847 2226 Deo,
2891 2160 2987 2231 qui
3034 2161 3203 2216 corda
3246 2164 3566 2233 cognoscit;

1987 2260 2178 2308 notum
2224 2260 2280 2309 et
2310 2251 2646 2308 fraternitati
2678 2254 2853 2317 omni,
2905 2268 3029 2323 quae
3074 2268 3210 2309 mea!
3241 2255 3569 2312 humilitatis

1987 2344 2293 2415 periculum
2334 2342 2486 2399 fecit.
2527 2341 2645 2398 lmo
2673 2344 2839 2398 etiam
2872 2343 2950 2398 illi
2980 2343 3109 2414 ipsi,
3149 2345 3242 2415 qui
3295 2361 3383 2402 me
3420 2362 3568 2401 nunc

1986 2436 2349 2492 vehementer
2370 2436 2652 2500 incusant,
2685 2449 2842 2491 suam
2876 2436 3123 2507 ipsorum
3171 2437 3566 2495 conscientiam

1987 2535 2428 2602 perscrutentur,
2485 2543 2551 2583 ac
2595 2535 2827 2585 noscent
2865 2544 2955 2584 me
3004 2543 3035 2583 a
3087 2544 3258 2600 puero
3298 2531 3461 2605 longe
3499 2533 3572 2589 ab

1989 2622 2267 2694 ejusmodi
2297 2620 2648 2693 dogmatibus
2680 2629 2950 2678 remotum
2977 2621 3170 2680 fuisse.

2060 2807 2113 2862 5.
2144 2804 2288 2872 Quid
2326 2814 2508 2859 autem
2543 2801 2779 2857 sentiam
2802 2840 2817 2865 ,
2848 2800 2895 2858 si
2926 2800 3052 2873 quis
3079 2801 3345 2874 requirat,
3373 2803 3426 2859 id
3450 2820 3572 2877 per-

1988 2898 2184 2970 spiciet
2216 2913 2282 2953 ex
2322 2897 2418 2951 illo
2449 2895 2657 2966 scripto
2676 2933 2692 2959 ,
2725 2895 2815 2949 cui
2839 2895 3087 2964 apposita
3116 2904 3203 2950 est
3231 2910 3422 2950 eorum
3444 2912 3573 2966 pro-

1990 2993 2110 3065 pria
2146 3006 2310 3046 manu
2351 2987 2726 3057 subscriptio,
2764 3002 2928 3059 quam
2966 2987 3096 3042 dum
3133 2989 3322 3043 volunt
3357 2989 3570 3053 delere,

1990 3079 2274 3135 mutationi
2293 3092 2408 3135 suae
2425 3077 2663 3132 latebras
2682 3077 2738 3130 in
2758 3076 3054 3132 calumniis
3072 3080 3277 3134 nostris
3297 3090 3568 3150 quaerunt.

1991 3168 2112 3226 Non
2143 3171 2290 3226 enim
2326 3169 2578 3223 fatentur
2610 3182 2669 3223 se
2697 3168 2986 3237 poenitere,
3023 3169 3167 3238 quod
3200 3171 3404 3226 tradito
3437 3171 3573 3242 ipsis

1992 3276 2023 3316 a
2055 3277 2141 3317 me
2173 3259 2361 3315 libello
2392 3256 2860 3328 subscripserint:
2892 3257 2990 3313 sed
3019 3257 3154 3311 mihi
3183 3257 3429 3313 inferunt
3459 3261 3573 3314 cri-

1992 3353 2139 3407 mina
2171 3350 2469 3422 impietatis
2495 3390 2510 3414 ,
2551 3350 2656 3404 rati
2681 3349 2960 3404 neminem
3001 3348 3210 3418 videre,
3244 3357 3568 3420 praetextum

1990 3460 2116 3501 esse
2149 3444 2395 3513 ipsorum
2427 3457 2459 3496 a
2499 3457 2587 3497 me
2616 3441 3075 3513 disjunctionem;
3106 3449 3163 3495 at
3193 3456 3383 3497 revera
3417 3458 3513 3499 eos
3542 3458 3571 3497 a

1994 3538 2099 3593 fide
2140 3535 2431 3602 defecisse,
2478 3549 2645 3606 quam
2695 3549 2840 3605 saepe
2892 3549 3077 3590 coram
3129 3535 3318 3591 multis
3364 3536 3573 3607 scripto

1992 3627 2251 3698 professi,
2284 3626 2503 3680 tandem
2536 3634 2592 3679 et
2619 3640 2650 3678 a
2682 3640 2770 3678 me
2800 3624 3057 3677 traditam
3093 3631 3477 3694 susceperunt,
3508 3641 3573 3679 ac.

1991 3720 2062 3775 iis
2085 3717 2560 3786 subscripserunt,
2600 3730 2722 3784 quae
2754 3714 3011 3769 omnibus
3045 3714 3224 3784 legere
3248 3716 3393 3778 licet,
3419 3725 3473 3770 et
3504 3716 3574 3772 ab

1993 3810 2132 3881 ipsis
2167 3808 2387 3878 scriptis
2415 3805 2633 3862 edoceri
2666 3807 2971 3861 veritatem.
3009 3802 3359 3860 Manifestum
3390 3817 3570 3862 autem

1993 3903 2213 3957 illorum
2240 3904 2345 3956 erit
2387 3898 2752 3969 propositum,
2789 3898 2835 3953 si
2866 3898 2994 3968 quis
3037 3905 3163 3967 post
3206 3898 3575 3969 subsrriptio-

1992 4010 2140 4059 nem,
2165 4008 2329 4064 quam
2365 3991 2525 4046 nobis
2546 3989 2712 4062 344
2737 3990 3026 4053 dederunt,
3059 3990 3201 4060 legat
3225 3991 3381 4045 fidem
3408 4006 3581 4062 quam

1993 4084 2212 4141 Gelasio
2255 4081 2569 4146 tradidere,
2602 4087 2658 4135 et
2683 4078 3100 4152 animadvertat
3136 4088 3407 4151 quantum
3453 4084 3571 4137 haec

1994 4177 2064 4233 ab
2093 4176 2185 4230 illa
2223 4173 2504 4230 confessio
2540 4169 2780 4227 differat.
2820 4168 3094 4236 Quocirca
3127 4171 3221 4243 qui
3264 4180 3373 4227 tam
3415 4171 3576 4229 facile

1993 4269 2052 4325 in
2077 4266 2356 4324 contraria
2380 4271 2693 4329 vertuntur,
2723 4277 2794 4317 ne
2817 4270 3133 4318 scrutentur
3159 4264 3368 4320 alienas
3400 4264 3577 4321 festu-
3596 4264 3627 4292 ⁸

1994 4379 2128 4419 cas:
2171 4360 2265 4418 sed
2299 4358 2509 4415 trabem
2541 4356 2598 4413 in
2635 4372 2737 4413 suo
2777 4357 3025 4427 ipsorum
3070 4356 3233 4411 oculo
3277 4357 3573 4415 haerentem

299 4456 597 4528 ὁμολογίας
642 4456 781 4523 πρὸς
823 4453 1051 4527 ταύτην.
1095 4454 1160 4508 Ol
1215 4454 1396 4507 τοίνυν
1428 4453 1603 4518 οὑτως
1647 4453 1888 4520 εὐκόλως

1996 4454 2218 4526 ejiciant
2243 4451 2310 4507 ".
2343 4450 2617 4506 Caeterum
2646 4448 2862 4515 plenius
2887 4446 2943 4501 in
2970 4447 3075 4502 alia
3097 4448 3327 4519 epistola
3360 4450 3429 4506 de
3454 4466 3576 4506 om-

302 4550 444 4621 πρδς
494 4549 565 4603 τά
618 4547 836 4602 ἐναντία
869 4545 1335 4619 μετατρεπόμενοι
1392 4546 1467 4617 μὴ
1525 4545 1593 4599 τά
1630 4545 1890 4619 ἀλλότρια

301 4644 492 4715 κάρφη
525 4639 989 4711 διερευνᾶτωσανυ
1039 4635 1177 4691 ἀλλά
1222 4637 1323 4708 τὴν
1380 4634 1535 4689 δοκὸν
1565 4636 1668 4708 τὴν
1703 4638 1761 4690 ἐν
1811 4637 1890 4709 τῷ

302 4734 494 4805 οἰκείῳ
518 4731 784 4802 ὀφθαλμῷ
812 4729 1248 4784 ἐκῦαλλέτωσαν.
1297 4727 1704 4800 Ἐντελέστερον
1734 4728 1793 4782 δὲ
1821 4730 1889 4784 δι’

300 4825 472 4897 ἄλλης
498 4821 796 4894 ἐπιστολῆς
818 4823 950 4895 περὶ
985 4820 1204 4876 πάντων
1226 4820 1321 4874 καὶ
1352 4820 1768 4891 ἀπολογούμεθα
1795 4824 1891 4877 καὶ

299 4920 630 4990 διδάσκομεν
649 4959 664 4983 ,
696 4918 821 4989 ἥτις
860 4916 968 4986 πλη
980 4914 1270 4988 ροφορήσει
1302 4913 1431 4977 τοὺς
1472 4913 1535 4966 τὸ
1571 4913 1737 4968 πλέον
1766 4917 1889 4969 ἐπι-

302 5010 627 5084 ζητοῦντας.
672 5010 863 5081 Ὑμεῖς
910 5007 968 5062 δὲ
1008 5009 1067 5061 ἐν
1116 5005 1197 5077 τῷ
1232 5004 1460 5077 παρόντι
1511 5004 1684 5058 ταῦτα
1732 5007 1889 5079 ἡμῶν

386 5131 427 5165 ⁸³
451 5127 640 5186 Matth.
663 5142 822 5191 xxm,
857 5123 948 5178 24.
1026 5122 1072 5154 ³⁵
1099 5121 1295 5176 Matth.
1322 5136 1424 5184 vn,
1453 5119 1510 5175 4.
1586 5121 1630 5153 ³³
1662 5120 1710 5175 ll
1744 5123 1873 5182 Cor.
1906 5145 1968 5202 ιι,

388 5222 612 5299 i38)__“H_
643 5221 700 5277 el
742 5215 1192 5299 tcta."\_fpculam
1242 5215 1292 5267 εἰ
1331 5212 1516 5299 addidi
1552 5211 1800 5299 ex'Harl.
1830 5224 1888 5272 et

304 5282 451 5354 Med.
476 5282 653 5348 'Paulo
679 5300 805 5360 post
826 5295 830 5299 ‘
853 5286 986 5343 editi
1026 5288 1106 5349 είς
1135 5283 1419 5338 κοινωνίαν
1451 5282 1494 5405 Ἰ
1530 5283 1717 5354 εὐχήν.
1751 5283 1888 5343 Tres

304 5383 421 5405 unca
511 5366 593 5405 εἱρ·
643 5359 927 5405 ποινιιινίαε
978 5356 1162 5405 εὐνήν.
1216 5354 1409 5405 Melius
1452 5352 1602 5405 lari.
1631 5362 1685 5405 et
1714 5352 1885 5405 Cois]-

304 5352 443 5424 inss.
510 5366 593 5428 εἰς
643 5352 927 5439 κοινωνίας
978 5356 1186 5439 εὐχήντ.
1216 5354 1409 5409 Melius
1452 5352 1602 5407 Harl.
1631 5352 1685 5407 et
1714 5352 1885 5414 Coisl.

304 5441 555 5511 primus,
570 5447 715 5511 quos
733 5431 794 5511 _in
827 5431 1189 5511 textuusecuti
1229 5438 1447 5511 sumus.
1478 5493 1552 5511 η.

379 5506 502 5579 (29)
529 5492 657 5579 ἱξότι
814 5495 1392 5579 0§_1°_.‘Ultima_v.ocu|a
1428 5493 1610 5579 addita
1637 5509 1701 5549 ex
1718 5492 1885 5579 ’ξι-ειη.

302 5589 360 5635 et
383 5563 580 5634 ‘cdist.
616 5563 817 5644 primo.
857 5568 1063 5624 Ibidem
1093 5565 1241 5638 ,editi
1276 5563 1657 5634 συντιθέμεθα.
1715 5564 1885 5622 fidem

304 5649 419 5704 duo
444 5642 669 5701 codices
692 5649 753 5697 ut
779 5642 835 5716 in
859 5646 1063 5716 textu._
1099 5707 1115 5716 _
1211 5714 1219 5716 _
1444 5701 1485 5716 _
1561 5702 1573 5716 ,
1743 5696 1758 5709 .

379 5701 491 5793 (50)
522 5711 929 5785 Γραμματίου.
967 5706 1139 5765 Cois].
1168 5714 1418 5777 uterque,
1444 5701 1646 5777 Regius
1683 5701 1884 5762 se'cun-

1994 4548 2158 4603 nibus
2183 4540 2582 4615 respondemus
2611 4548 2667 4595 et
2694 4539 2961 4603 docemus
2988 4560 3000 4594 :
3027 4556 3147 4610 quae
3167 4542 3386 4612 quidem
3418 4542 3575 4612 plura

1993 4634 2444 4694 desiderantibus
2474 4630 2805 4688 satisfaciet.
2836 4628 2948 4686 Vos
2979 4640 3162 4687 autem
3194 4632 3249 4686 in
3281 4634 3574 4703 praesentia

1993 4732 2236 4803 acceptis
2270 4730 2357 4785 his
2387 4728 2523 4783 meis
2559 4726 2758 4782 litteris
2780 4764 2795 4791 ,
2837 4725 3117 4780 tristitiam
3154 4741 3372 4780 omnem
3406 4727 3570 4796 depo-

1992 4829 2129 4890 nite,
2154 4833 2207 4880 et
2230 4824 2555 4880 charitatem
2584 4835 2715 4892 erga
2743 4834 2848 4875 nos
2876 4819 3280 4883 confirmate”,
3311 4819 3383 4875 ob
3409 4836 3573 4890 quam

1992 4920 2152 4975 vobis
2200 4919 2461 4988 conjungi
2495 4916 2852 4970 vehementer
2904 4911 3105 4966 ambio.
3142 4911 3347 4967 Mceror
3390 4922 3572 4969 autem

1996 5012 2131 5068 mihi
2160 5010 2435 5066 maximus
2463 5016 2518 5066 et
2546 5007 2706 5063 dolor
2744 5003 2930 5060 animo
2975 5003 3320 5071 insolabilis,
3359 5004 3408 5063 si
3447 5013 3571 5061 tan-

2006 5131 2060 5186 8.

1994 5221 2100 5277 dus
2125 5227 2533 5294 γραμματείου.

2066 5286 2179 5364 (51)
2199 5286 2559 5364 ⁸ξὶῖρτρηωαςρὴ
2587 5286 2903 5364 αὑτηὶ-ηε
2934 5294 3049 5342 tres
3078 5287 3441 5343 vetustissimi
3479 5304 3574 5345 co-

1991 5358 2169 5438 dices;
2199 5358 2669 5438 Ιξιιὶιὶ-ὑπογραφὴ
2692 5358 2915 5438 αὑτῶν..
3103 5424 3142 5438 ___

2063 5433 2177 5499 (52)
2218 5434 2273 5485 Ἃ
2297 5424 2618 5484 πᾶσινῖιιιὶ
2636 5424 2790 5499 inss.
2823 5424 3246 5499 qui‘nquc.Editi
3280 5426 3345 5491 ἃς
3380 5429 3567 5499 πᾷσιν.

2064 5496 2172 5573 (55)
2208 5500 2568 5573 Ἐπέδωκαι·.
2597 5496 2806 5573 __Har|_._
2842 5496 3021 5573 prima
3069 5512 3234 5573 manu
3286 5497 3567 5573 ειη-(λοξὴ

1989 5566 2563 5655 primusnémé'dwxav.
2597 5568 2720 5625 Mox
2760 5566 2900 5624 Med.
2929 5581 3054 5624 cum
3094 5567 3271 5623 tribus
3312 5566 3438 5625 aliis
3470 5568 3571 5622 Γε-

1993 5642 2163 5700 λασίω
2196 5642 2421 5697 ἔδωκαν.
