3900 6208
370 829 382 899 l

405 331 510 387 845

1711 323 1766 380 S.
1797 322 2050 379 'BASlLIl
2091 323 2305 382 MAGNI

3540 332 3634 388 ιιι

399 445 650 504 narrabit
675 444 1033 509 desiderium,
1063 458 1174 516 quo
1202 441 1745 514 vosoprosequimur,
1774 457 1839 497 ac
1866 444 1979 498 sol-

2093 446 2170 500 τὸν
2201 446 2684 519 συμπρεσϐύτερον
2704 487 2719 512 ,
2760 446 2822 511 ὃς
2852 447 3172 519 διηγήσεται
3223 446 3352 520 ὓμῖν
3394 446 3484 500 τὸν
3514 449 3637 519 ἡμέ-

404 540 745 596 licitudinem
786 539 982 594 animae
1026 547 1261 594 nostrae:
1297 534 1498 608 quippe
1530 550 1656 590 cum
1702 543 1869 591 noctu
1912 550 1977 590 ac

403 632 642 688 interdiu
670 630 961 686 Dominum
985 643 1240 699 rogemus
1266 627 1331 694 ³⁵,
1348 627 1649 698 utprobati
1672 634 1726 682 et
1746 628 1977 698 spectati

406 725 552 788 sitis,
586 732 647 778 ut
674 732 724 778 et
762 737 862 777 nos
909 720 1206 776 habeamus
1238 719 1497 775 fiduciam
1541 719 1599 774 in
1632 718 1722 775 die
1763 718 1978 774 Domini

408 815 584 870 nostri
609 812 738 869 Jesu
761 811 966 867 Christi
987 811 1060 865 ob
1081 818 1315 865 vestram
1347 810 1602 876 salutem,
1629 818 1684 866 et
1706 825 1805 866 vos
1826 809 1980 865 efful-

408 905 583 975 geatis
609 903 663 956 in
705 903 995 972 splendore
1025 907 1369 963 sanctorum,
1399 916 1525 955 cum
1554 916 1694 971 opus
1732 908 1979 958 vestrum

411 996 514 1053 sub
560 994 712 1066 justo
759 993 855 1050 Dei
898 993 1106 1063 judicio
1156 992 1517 1062 expendetur.
1568 993 1745 1048 Simul
1800 1003 1978 1047 autem

409 1088 641 1144 multum
677 1086 837 1142 nobis
875 1084 1261 1141 sollicitudinis
1300 1084 1476 1155 injicit
1520 1084 1805 1155 praesentis
1843 1093 1981 1138 tem-

408 1176 560 1249 poris
597 1175 917 1238 difficultas,
949 1174 1006 1229 in
1044 1190 1155 1245 quo
1186 1173 1447 1229 Ecclesia:
1475 1189 1667 1230 omnes
1696 1182 1982 1229 commotae

411 1274 563 1330 sunt,
594 1274 648 1321 et
675 1281 867 1322 omnes
891 1265 1087 1318 anima:
1113 1264 1449 1318 cribrantur.
1473 1264 1821 1335 Aperuerunt
1834 1263 1979 1319 etiim

411 1358 662 1414 nonnulli
708 1357 1002 1412 immodice
1051 1371 1151 1411 ora
1199 1370 1301 1411 sua
1349 1356 1612 1411 adversus
1660 1368 1979 1411 conservos.

413 1450 753 1505 Praedicatur
812 1449 987 1504 libere
1059 1446 1448 1509 mendacium,
1498 1447 1700 1502 veritas
1760 1446 1985 1502 abscon-

413 1542 587 1598 ditur.
636 1538 701 1594 Et
759 1537 1002 1595 accusati
1075 1536 1297 1607 quidem
1358 1536 1798 1592 condemnamur
1864 1539 1984 1593 sine

411 1632 643 1703 judicio,
703 1628 1120 1685 accusatoribus
1196 1643 1327 1683 vero
1379 1627 1626 1684 creditur
1684 1628 1804 1683 sine
1853 1643 1987 1684 exa-

417 1721 584 1776 mine.
634 1718 785 1775 Unde
827 1725 885 1774 et
929 1733 1031 1788 ego
1072 1732 1197 1772 cum
1240 1716 1517 1775 audissem
1560 1717 1762 1772 multas
1797 1716 1854 1771 in
1896 1730 1984 1770 me

417 1813 763 1868 circumferri
800 1811 1091 1883 epistolas,
1137 1824 1260 1882 qua:
1300 1816 1550 1880 pungunt
1595 1816 1651 1864 et
1693 1807 1987 1864 decantant

418 1915 474 1961 et
511 1903 580 1959 de
622 1903 787 1958 rebus
839 1901 1176 1968 insimulant,
1216 1915 1316 1972 pro
1357 1901 1560 1970 quibus
1594 1908 1783 1971 parata
1825 1900 1985 1956 nobis

419 1995 563 2071 apud
610 1995 860 2052 veritatis
904 1994 1144 2050 tribunal
1193 1993 1475 2057 defensio,
1514 2000 1697 2048 tacere
1731 1991 1985 2062 equidem

418 2087 637 2155 statui;
682 2088 831 2158 quod
879 2097 932 2142 et
975 2085 1228 2159 praestiti.
1281 2082 1502 2141 Tertius
1556 2083 1701 2138 enim
1737 2083 1851 2152 jam
1898 2082 1986 2136 hic

417 2196 597 2239 annus
637 2188 741 2245 est,
783 2194 851 2234 ex
897 2194 1008 2250 quo
1069 2178 1389 2233 verberatus
1433 2176 1728 2232 calumniis
1775 2174 1987 2246 ﬂagella

419 2270 791 2330 accusationis
825 2270 1095 2342 perfero;
1137 2276 1430 2325 contentus
1478 2267 1628 2339 quod
1670 2265 1985 2334 Dominum,

419 2369 516 2440 qui
555 2380 758 2421 arcana
794 2364 980 2430 novit,
1021 2362 1312 2418 calumniae
1350 2368 1547 2417 testem
1592 2360 1844 2414 habeam.
1881 2356 1989 2413 Sed

419 2459 548 2530 quia
593 2455 754 2512 video
815 2455 1019 2510 multos
1072 2455 1185 2524 jam
1253 2453 1531 2509 silentium
1594 2458 1845 2513 nostrum
1919 2449 1988 2503 ad

420 2550 822 2606 calumniarum
868 2544 1337 2601 conﬁrmationem
1381 2543 1683 2613 accepisse,
1726 2556 1827 2596 nec
1885 2557 1988 2596 nos

420 2640 689 2714 patientia
729 2637 1078 2694 existimasse
1131 2634 1399 2689 adductos
1454 2634 1638 2696 silere,
1689 2631 1989 2702 sedquod

423 2739 616 2788 contra
661 2728 947 2786 veritatem
997 2726 1210 2782 hiscere
1258 2740 1371 2780 non
1420 2724 1738 2796 possimus;
1784 2722 1991 2778 idcirco

422 2824 664 2881 scribere
695 2822 853 2878 vobis
888 2834 1181 2892 aggressus
1222 2832 1377 2884 sum,
1415 2817 1714 2874 obsecrans
1751 2826 1990 2873 vestram

424 2918 482 2972 in
541 2915 765 2973 Christo
823 2911 1195 2975 dilectionem,
1243 2917 1305 2963 ut
1351 2909 1713 2965 concinnatas
1759 2908 1829 2963 ab
1883 2922 1992 2963 una

421 3016 581 3081 parte
635 3005 939 3062 calumnias
989 3019 1101 3059 non
1163 3001 1387 3059 omnino
1438 3001 1741 3056 admittatis
1789 3009 1853 3055 ut
1900 3015 1994 3056 ve-

2075 550 2234 600 τερον
2264 534 2428 588 πόθον
2464 534 2523 589 ὃν
2564 534 2760 606 ἔχομεν
2803 536 2887 606 ἐφ’
2921 537 3082 607 ὑμῖν,
3124 537 3218 591 καὶ
3244 536 3342 607 τὴν
3385 537 3636 607 μέριμναν

2077 624 2184 679 τῶν
2215 624 2405 697 ψυχῶν
2436 624 2594 697 ἡμῶν
2618 625 2762 698 (45),
2787 627 2866 681 ὅτι
2905 627 3098 691 νυκτὸς
3143 629 3238 682 καὶ
3285 628 3495 699 ἡμέρας
3537 626 3638 680 δεό-

2081 715 2220 787 μεθα
2256 715 2349 770 τοῦ
2376 715 2576 787 Κυρίου
2628 718 2759 788 περὶ
2785 718 2885 789 τῆς
2921 718 3076 789 ὑμῶν
3104 718 3526 789 εύδοκιμήσεως,
3560 718 3640 771 ἶνα

2079 809 2172 860 καὶ
2201 808 2364 878 ἡμεῖς
2392 807 2606 879 ἔχωμεν
2648 809 2960 881 παρρησίαν
3004 811 3064 862 ἐν
3098 812 3165 881 τῇ
3208 810 3393 880 ἡμέρᾳ
3416 807 3508 861 τοῦ
3537 810 3640 862 Κυ-

2081 899 2198 972 ρίου
2228 900 2385 970 ὴμῶν
2430 898 2606 970 Ἰησοῦ
2634 899 2871 971 Χριστοῦ
2906 900 2996 954 διὰ
3025 901 3126 970 τῆς
3151 900 3305 970 ὑμῶν
3339 900 3453 970 (46)
3486 916 3642 967 σωτη-

2081 989 2236 1060 ρίας,
2271 989 2365 1044 καὶ
2403 991 2564 1062 ὑμεῖς
2601 991 2918 1064 ἐκλάμψητε
2949 993 3008 1047 ἐν
3041 994 3106 1063 τῇ
3150 991 3499 1063 λαμπρότητι
3544 991 3640 1044 τῶν

2081 1080 2252 1148 ἁγίων
2274 1120 2290 1147 ,
2328 1081 2755 1153 δοκιμαζομένου
2792 1082 3071 1154 ύμῶντοῦ
3106 1082 3269 1154 ἔργου
3302 1082 3411 1134 ὑπὸ
3439 1083 3534 1151 τῆς
3572 1082 3643 1135 δι·

2080 1173 2422 1243 καιοκρισίας
2468 1172 2562 1226 τοῦ
2599 1173 2755 1227 Θεοῦ.
2790 1173 2943 1245 Ἀμα
2992 1174 3048 1227 δέ
3089 1176 3222 1246 ἡμῖν
3254 1171 3459 1243 πολλὴν
3504 1172 3644 1244 μέρι-

2085 1280 2219 1333 μναν
2248 1266 2469 1336 ἐμποιεῖ
2497 1263 2592 1318 τοῦ
2638 1267 3003 1337 κατασχόντος
3037 1264 3230 1336 καιροῦ
3263 1265 3460 1318 τούτου
3500 1267 3532 1334 η
3558 1282 3647 1334 χα-

2081 1354 2312 1427 λεπότης
2339 1395 2353 1417 ,
2396 1358 2453 1408 ἐν
2481 1348 2526 1424 ᾧ
2570 1358 2740 1409 πᾶσαι
2775 1358 2875 1427 μὲν
2918 1356 3233 1427 Ἐκκλησίαι
3267 1355 3645 1427 ἐσαλεύθησαν,

2082 1449 2253 1501 πᾶσαι
2307 1448 2363 1501 δέ
2413 1448 2584 1520 ψυχαὶ
2636 1447 2985 1512 σινιάζονται.
3041 1445 3299 1511 Ἤνοιξαν
3351 1448 3462 1518 γάρ
3518 1464 3646 1509 τινες

2082 1539 2317 1609 ἀφειδῶς
2352 1540 2598 1611 στόματα
2633 1539 2774 1593 κατὰ
2801 1538 2908 1592 τῶν
2940 1538 3269 1609 ὁμοδούλων.
3303 1540 3558 1593 Λαλεῖται
3592 1538 3647 1590 τδ

2081 1630 2274 1700 ψεῦδος
2306 1631 2521 1700 ἀφόϐως
2545 1647 2559 1662 ·
2595 1633 2628 1702 ἠ
2661 1631 2887 1701 ἀλήθεια
2942 1631 3413 1699 συγκεκάλυπται.
3457 1630 3564 1682 Καὶ
3602 1631 3647 1681 oi

2092 1720 2189 1790 μὲν
2223 1718 2687 1791 κατηγορούμενοι
2727 1719 3182 1779 καταδικάζονται
3211 1720 3457 1791 ἀκρίτως
3480 1734 3493 1747 ·
3523 1719 3569 1771 οἱ
3595 1716 3647 1769 δὲ

2089 1808 2519 1882 κατηγοροῦντες
2545 1809 2890 1863 πιστεύονται
2912 1810 3302 1875 ἀνεξετάστως.
3323 1808 3489 1862 Ὅθεν
3510 1805 3649 1875 κάγὼ

2085 1900 2359 1966 ἀκούσας,
2404 1901 2485 1954 ὅτι
2530 1900 2723 1954 πολλαὶ
2767 1901 2888 1955 κατ’
2937 1900 3072 1970 ἐμοῦ
3117 1903 3504 1973 περιφέρονται
3547 1901 3650 1950 ἐπι-

2087 1989 2289 2052 στολαὶ,
2334 1989 2609 2053 στίζουσαι
2642 1989 2791 2060 ἡμᾶς
2824 1988 2918 2042 καὶ
2956 1986 3372 2057 στηλιτεύουσαι
3404 1984 3497 2041 καὶ
3525 1998 3650 2036 κατ-

2084 2081 2379 2155 ηγοροῦσαι
2428 2083 2519 2137 ἐπὶ
2556 2083 2871 2154 πράγμασιν
2922 2080 3034 2152 (47)
3059 2119 3073 2145 ,
3114 2073 3188 2134 ὧν
3230 2078 3332 2150 τὴν
3373 2077 3650 2145 ἀπολογίαν

2087 2175 2312 2245 ἑτοίμην
2341 2173 2537 2245 ἔχομεν
2580 2175 2675 2228 ἐπ)⁸
2705 2174 2800 2227 τοῦ
2845 2172 3199 2244 δικαστηρίου
3244 2172 3347 2242 τῆς
3389 2170 3649 2240 ἀληθείας,

2086 2264 2324 2336 ὥρμησα
2354 2265 2454 2335 μὲν
2486 2265 2799 2335 σιωπῆσαι,
2850 2264 2879 2317 ὃ
2912 2264 3006 2318 καὶ
3039 2263 3274 2333 ἐποίησα
3297 2278 3310 2292 ·
3341 2261 3522 2331 τρίτον
3555 2259 3653 2331 γὰρ

2086 2357 2188 2428 ἤδη
2221 2355 2382 2409 τοῦτο
2410 2355 2529 2420 ἔτος
2558 2357 2735 2419 ἐστὶν,
2771 2357 2828 2410 ἐν
2857 2350 2901 2424 ᾧ
2926 2354 3260 2424 τυπτόμενος
3286 2352 3399 2422 (48)
3432 2350 3535 2404 ὑπὸ
3558 2350 3653 2403 τῶν

2087 2448 2348 2502 διαϐολῶν
2377 2448 2529 2520 φέρω
2558 2448 2657 2510 τὰς
2701 2447 2800 2517 τῆς
2837 2447 3170 2518 κατηγορίας
3207 2447 3515 2516 μάστιγας,
3562 2444 3652 2512 ἀρα

2088 2537 2385 2608 κούμενος,
2433 2538 2518 2590 ὅτι
2555 2535 2662 2607 ἔχω
2690 2536 2893 2608 Κύριον
2914 2578 2928 2599 ,
2966 2536 3055 2588 τὸν
3091 2535 3199 2589 τῶν
3234 2534 3500 2606 κρυπτῶν
3524 2531 3653 2602 γνώ⁹

2091 2646 2251 2699 στην,
2303 2630 2558 2701 μάρτυρα
2601 2629 2702 2698 τῆς
2758 2628 3162 2697 συκοφαντίαςο
3202 2628 3395 2699 ἐπειδὴ
3432 2627 3489 2680 δὲ
3535 2624 3651 2696 ὁρῶ.

2089 2724 2171 2776 ὅτι
2205 2722 2388 2776 πολλοὶ
2417 2723 2517 2794 ἤδη
2559 2723 2657 2792 τὴν
2697 2721 2905 2793 σιωπὴν
2939 2721 3095 2792 ἡμῶν
3129 2723 3209 2785 είς
3239 2720 3530 2792 βεϐαίωσιν
3557 2716 3655 2771 τῶν

2088 2818 2346 2873 διαϐολῶν
2376 2817 2740 2892 παρεδέξαντο
2760 2858 2774 2881 ,
2803 2819 2898 2873 καὶ
2924 2819 2984 2873 οὐ
3015 2817 3102 2872 διὰ
3136 2816 3523 2890 μακροθυμίαν
3550 2813 3654 2867 ἐνὸ-

2095 2927 2256 2982 μισαν
2297 2911 2445 2981 ἡμᾶς
2477 2911 2687 2981 σιωπᾷν
2711 2950 2725 2974 ,
2769 2908 2907 2962 ἀλλά
2951 2908 3041 2963 διὰ
3087 2909 3149 2962 τὸ
3190 2909 3264 2980 μὴ
3297 2908 3447 2979 ἔχειν
3489 2907 3659 2977 διᾶραι

2094 3003 2268 3073 στόμα
2294 3002 2429 3074 πρὸς
2462 3001 2561 3072 τὴν
2593 2999 2852 3072 ἀλήθειαν
2875 3016 2890 3030 ο
2918 2999 3109 3053 τούτου
3140 2999 3326 3055 ἕνεκεν
3377 2997 3654 3070 ἐπειράθην

421 3116 517 3158 ras
560 3117 576 3156 :
620 3096 1103 3170 quandoquidem,
1150 3104 1211 3150 ut
1256 3094 1525 3165 scriptum
1568 3107 1673 3160 εει,
1718 3093 1989 3148 neminem

2093 3093 2390 3147 ἐπιστεῖλαι
2419 3094 2571 3165 ὑμῖν,
2601 3092 2936 3164 παρακαλῶν
2971 3092 3070 3164 τὴν
3111 3095 3169 3147 ἐν
3197 3092 3424 3164 Χριστῷ
3450 3091 3657 3160 ἀγάπην

424 3193 511 3249 lex
548 3191 784 3262 iudicat.
825 3188 936 3244 nisi
975 3188 1131 3258 prius
1175 3186 1387 3257 audiat,
1422 3196 1478 3242 ct
1518 3193 1813 3258 cognoscat
1841 3186 1992 3258 [quid

423 3283 634 3344 [εδει-ιι.

442 3598 453 3603 -
494 3568 553 3624 2.
585 3566 912 3638 Quanquam
960 3579 1118 3636 aequo
1146 3564 1366 3635 quidem
1392 3563 1564 3634 judici
1594 3580 1685 3620 res
1715 3564 1846 3635 ipsae
1874 3565 1993 3621 sui-

429 3659 620 3715 ficiunt
660 3657 730 3713 ad
766 3654 1154 3713 declarandam
1200 3656 1504 3711 veritatem.
1556 3654 1738 3722 Quare
1775 3657 1993 3713 etiamsi

427 3765 531 3807 nos
577 3758 880 3816 taceamus,
939 3747 1066 3803 licet
1104 3744 1281 3802 vobis
1324 3746 1599 3816 respicere
1650 3746 1719 3801 ad
1775 3761 1838 3802 ea
1875 3762 1995 3818 quae

429 3842 585 3897 ﬁunt.
625 3839 732 3908 Qui
778 3840 925 3895 enim
973 3854 1076 3895 nos
1114 3838 1381 3894 doctrinae
1425 3853 1606 3909 pravae
1655 3839 1993 3906 insimulant,

429 3933 486 3987 hi
534 3947 683 3987 nunc
744 3938 930 4001 aperte
972 3930 1077 3986 visi
1114 3936 1253 3984 sunt
1305 3928 1692 3985 haereticorum
1745 3930 1995 4000 partibus

429 4018 676 4088 adjuncti
709 4036 723 4073 :
755 4019 849 4089 qui
882 4033 986 4074 nos
1031 4017 1104 4074 ob
1147 4018 1322 4074 aliena
1362 4020 1565 4088 scripta
1600 4019 1993 4085 condemnant,

379 4097 386 4107 ’
426 4111 869 4168 confessionibus
897 4110 1034 4176 suis,
1068 4126 1208 4181 quas
1238 4112 1399 4167 nobis
1431 4113 1665 4182 scriptas
1700 4113 1995 4179 tradidere,

428 4201 708 4258 adversari
743 4202 1178 4273 comperiuntur.
1236 4202 1596 4259 Considerate
1643 4206 1998 4261 consuetudi-

427 4309 553 4349 nem
587 4309 802 4359 eorum,
847 4295 941 4363 qui
978 4293 1096 4349 haec
1139 4294 1378 4363 audent;
1409 4311 1529 4351 mos
1574 4295 1718 4350 enim
1758 4297 1867 4352 illis
1912 4306 1999 4354 est

427 4396 646 4451 semper
696 4381 764 4436 ad
818 4381 1183 4452 potentiorem
1236 4396 1447 4454 partem
1500 4385 1887 4459 transfugere,
1941 4395 1996 4444 et

2096 3183 2248 3256 ὑμῶν
2275 3184 2415 3238 ὥστε
2459 3183 2559 3247 τὰς
2611 3183 2670 3250 ἐξ
2717 3184 2834 3247 ἐνὸς
2869 3183 3068 3254 μέρους
3100 3183 3396 3254 γινομένας
3426 3179 3655 3243 διαϐολὰς

2098 3277 2173 3348 μὴ
2222 3276 2397 3348 πάντη
2446 3276 2849 3348 παραδέχεσθαι
2896 3276 2972 3339 ὡς
3015 3275 3267 3346 ἀληθεῖς·
3298 3275 3455 3341 διότι,
3493 3273 3656 3335 καθὼς

2093 3367 2438 3439 γέγραπται,
2472 3367 2663 3421 οὐδένα
2702 3366 2878 3438 κρίνει
2926 3368 2956 3420 ὁ
2981 3368 3175 3438 νόμος,
3209 3366 3304 3420 ἐὰν
3350 3368 3430 3438 μὴ
3462 3363 3655 3437 πρῶτον

2095 3458 2305 3530 ἀκούσῃ
2339 3458 2432 3513 καὶ
2463 3458 2577 3530 γνῷ
2610 3457 2663 3511 τί
2691 3461 2855 3512 ποιεῖ.

2165 3571 2221 3627 2.
2252 3570 2443 3624 Καίτοι
2470 3569 2775 3641 εὐγνώμονι
2818 3573 2978 3642 κριτῇ
3021 3570 3185 3641 ἀρκεῖ
3223 3570 3363 3624 αὐτὰ
3416 3570 3486 3624 τὰ
3528 3570 3655 3641 πρά-

2095 3680 2282 3734 γματα
2307 3664 2443 3736 πρὸς
2475 3664 2575 3732 τὴν
2594 3664 2692 3733 τῆς
2725 3662 2982 3733 ἀληθείας
3004 3661 3331 3733 φανέρωσιν.
3358 3662 3538 3723 Ὥστε,
3568 3658 3657 3712 κᾶν

2093 3756 2257 3826 ἡμεῖς
2316 3754 2681 3825 σιωπήσωμεν
2726 3753 2839 3824 (49)
2869 3793 2884 3817 ,
2940 3753 3148 3818 ἔξεστιν
3205 3754 3333 3823 ὑμῖν
3392 3751 3656 3820 διαϐλέψαι

2097 3845 2233 3917 πρὸς
2276 3845 2346 3899 τὰ
2382 3846 2662 3916 γινόμενα.
2699 3848 2763 3898 Οἱ
2814 3847 2924 3918 γὰρ
2975 3848 3108 3917 ἡμῖν
3152 3845 3472 3912 κακοδοξίαν
3507 3846 3656 3912 ἐγκαο

2095 3935 2312 4001 λοῦντες
2342 3938 2617 4008 ἐφάνησαν
2649 3936 2745 3992 νῦν
2778 3941 2843 3992 ἐκ
2887 3938 2981 3992 τοῦ
3032 3936 3343 4010 προφανοῦς
3396 3940 3461 4009 τῇ
3498 3931 3653 4008 μερίδι

2095 4027 2205 4082 τῶν
2241 4026 2533 4101 αἱρετικῶν
2586 4027 2999 4098 προστιθέμενοι
3024 4043 3039 4057 ο
3075 4028 3126 4079 oi
3176 4025 3316 4097 ὑπὲρ
3377 4022 3654 4094 ἀλλοτρίων

2099 4120 2492 4190 συνταγμάτων
2539 4117 2651 4190 (50)
2692 4120 2843 4189 ἡμᾶς
2888 4118 3307 4188 κατακρίνοντες
3357 4119 3479 4180 ταῖς
3517 4112 3655 4174 ἰδίαις

2096 4211 2406 4282 ὁμολογίαις
2424 4248 2439 4274 ,
2473 4208 2539 4273 ἃς
2561 4210 2854 4281 ἐγγράφως
2882 4209 2995 4278 (Si)
3021 4210 3152 4279 ἡμῖν
3178 4206 3468 4261 κατέθεντο
3484 4249 3499 4273 ,
3521 4208 3656 4259 ἐναν-

2097 4300 2369 4375 τιούμενοι
2428 4303 2727 4374 φαίνονται.
2782 4303 3034 4372 Νοήσατε
3084 4300 3182 4372 τὴν
3230 4299 3518 4372 συνήθειαν
3560 4296 3655 4349 τῶν

2098 4392 2270 4446 ταῦτα
2309 4389 2630 4463 τολμώντων
2655 4433 2669 4458 ,
2701 4392 2782 4444 ὅτι
2831 4389 2949 4455 ἔθος
2982 4392 3165 4454 αὐτοῖς
3196 4390 3284 4443 ἀεὶ
3313 4390 3452 4461 πρὸς
3484 4387 3543 4440 τὸ
3574 4385 3654 4437 δυ⁴

431 4472 760 4528 inﬁrmiores
822 4472 1043 4543 quidem
1103 4474 1310 4530 amicos
1385 4478 1751 4544 conculcare,
1813 4478 1990 4535 colere

2104 4483 2263 4538 νατδν
2304 4482 2687 4554 μετατίθεσθαι
2729 4483 2928 4554 μέρος,
2965 4483 3058 4537 καὶ
3088 4484 3213 4546 τοὺς
3250 4482 3350 4553 μὲν
3389 4477 3652 4537 ἀσθενοῦν-

430 4572 611 4619 autem
649 4570 924 4635 potentes.
963 4563 1100 4619 Nam
1136 4565 1230 4637 qui
1281 4566 1670 4625 celeberrimas
1718 4569 1842 4626 illas
1881 4570 1999 4641 epi-

444 4779 455 4841 ξ
505 4763 552 4794 ³⁸
579 4759 794 4819 Coloss.
826 4776 869 4828 ι,
892 4763 952 4819 '9.

506 4916 617 4990 (45)
657 4918 869 4990 Ἡμῶν.
925 4919 1087 4990 Deest
1135 4920 1193 4975 in
1241 4918 1676 4990 editis;__legitur
1727 4923 1783 4977 in
1825 4921 1994 4981 Coisl.

434 4987 689 5113 utrocLue,
718 4989 858 5045 Med.
893 4999 954 5072 et
986 4988 1119 5061 Reg.
1143 4990 1404 5047 secundo.
1438 4987 1589 5046 Harl.
1621 5000 1677 5047 et
1723 4992 1856 5065 Reg.
1887 4997 2003 5066 pri-

436 5074 559 5113 mus
617 5059 778 5113 abent
807 5061 961 5113 ὑαων

436 5074 559 5121 mus
578 5059 778 5116 habent
807 5059 961 5132 ὑμῶν
1074 5059 1090 5061 ⁷
1399 5127 1404 5134 .

654 5151 760 5206 Διὰ
922 5151 1107 5222 ὑμῶν.
1130 5152 1215 5234 ita
1244 5153 1753 5234 tres_yetustissir_ni
1786 5156 2002 5234 codices

435 5230 493 5275 et
518 5220 609 5292 alii
649 5223 898 5292 nonnulli
927 5220 1051 5276 cum
1080 5222 1317 5292 editione
1363 5220 1570 5292 Hagan.
1603 5234 1656 5279 et
1685 5223 1859 5281 Paris.
1915 5242 2003 5282 se-

437 5291 636 5366 cunda.
683 5290 1144 5366 _Aliaa_e‘ditiones
1192 5291 1280 5366 διὰ
1318 5292 1418 5366 τῆς
1445 5290 1621 5364 ἡμῶν.
1665 5293 1835 5350 Paulo
1880 5305 2004 5366 post

437 5359 749 5485 Πηιμέν
769 5360 863 5414 τοῦ
887 5361 1069 5433 ἔργου,
1099 5364 1243 5432 quod
1270 5359 1514 5433 quinque
1535 5379 1669 5419 mss.
1698 5382 1800 5435 ope
1822 5359 2006 5422 emen-

512 5519 624 5590 (47)
674 5521 841 5598 Ἐπὶ-
859 5521 1222 5598 πράγμασιν..
1254 5523 1331 5579 Ita
1357 5523 1551 5598 _Ilar_l.,
1587 5524 1743 5598 _Vat.,
1802 5526 2006 5598 Regius

441 5597 673 5659 uterque
703 5599 759 5646 et
801 5590 1307 5650 CoisL'secundus.
1352 5594 1495 5650 Editi
1528 5590 2006 5655 minus‘accurate

441 5659 536 5713 ἐπὶ
556 5656 904 5742 γράμμασινζ
916 5661 1042 5742 Etsi
1055 5664 1204 5742 enim
1232 5679 1300 5742 es
1319 5666 1539 5742 scriptis
1562 5667 1884 5742 Apollinarii
1915 5685 2002 5723 an-

434 5741 563 5787 nam
588 5730 822 5800 arripuit
863 5730 1200 5802 Eustathius,
1228 5732 1302 5788 ad
1336 5730 1593 5792 invidiam
1612 5730 1843 5793 'Basilio
1872 5754 2001 5796 con-

2105 4593 2204 4641 τας
2251 4577 2359 4631 τῶν
2415 4575 2584 4647 φίλων
2612 4578 2965 4642 ,καταπατεῖν
3003 4616 3018 4642 ,
3076 4576 3401 4648 θεραπεύειν
3449 4574 3507 4629 δὲ
3542 4571 3652 4632 τοὺς

2107 4896 2364 5035 flagitant:
2413 4924 2525 4964 non
2557 4918 2740 4965 tamen
2783 4909 2888 4964 hoc
2922 4923 3146 4963 unicum
3192 4907 3451 4978 nequitia
3502 4906 3646 4962 telum

2109 4995 2140 5033 a
2221 4997 2234 5033 ι
2279 4995 2329 5033 ιιι
2360 5019 2376 5034 .
2700 5012 2705 5017 -

2221 4995 2376 5034 ωυιι.
2700 5012 2705 5017 ·

2179 5072 2294 5144 (48)
2330 5072 2720 5141 Τυπτόμενος.
2754 5080 2832 5125 tta
2860 5086 2994 5126 mss.
3028 5070 3290 5142 quinque.
3330 5069 3475 5126 Editi
3505 5066 3646 5123 τυπό-

2155 5159 2291 5196 ενος.

2155 5159 2242 5196 ενο
2276 5181 2291 5195 .

2112 5159 2293 5304 ξμς)
2328 5230 2744 5304 Σιωπήσωμξν.
2770 5230 2847 5286 ita
2886 5240 3000 5287 tres
3044 5233 3400 5289 vetustissimi
3430 5232 3641 5304 codices.

2112 5302 2619 5373 Εάίιὶσιωπῷμεν.
2655 5302 2826 5356 Paulo
2870 5312 2994 5373 post
3046 5304 3178 5358 editi
3227 5302 3640 5373 ὰνεγκαλοῦντες.

2110 5374 2387 5445 ἐφάνησαν
2413 5368 2524 5426 οὖν.
2555 5370 2657 5427 Sex
2691 5387 2821 5428 mss.
2851 5368 2908 5425 ut
2929 5372 2983 5426 in
3013 5380 3184 5428 textu.

2182 5463 2294 5534 (50)
2321 5461 2778 5548 βυτ-ταγμάτων.
2811 5462 2962 5518 Harl.
2994 5472 3049 5519 et
3090 5464 3258 5520 Coisl.
3302 5464 3507 5536 primus
3534 5473 3643 5526 συγ·

2109 5550 2697 5665 γρῗύπαῗγγῇοάςρως.
2737 5602 2814 5658 lla
2864 5614 2975 5661 tres
3026 5603 3384 5661 vetustissimi
3431 5598 3541 5659 cadi

2182 5598 2293 5671 (5D
2340 5603 2697 5672 ’E'npdspwc.
2737 5602 2814 5658 lla
2864 5614 2975 5661 tres
3026 5603 3384 5661 vetustissimi
3431 5598 3640 5659 codices.

2113 5670 2258 5729 Editi
2286 5670 2615 5742 ἐγγράφους.
