3900 6208
321 354 424 411 857

1705 336 1761 390 S.
1799 331 2052 388 BASIL"
2091 334 2302 391 MACNI

3438 335 3534 389 8l8

319 468 554 524 venisse.
606 463 674 519 At
716 463 955 519 dormire
1003 476 1090 517 me
1135 467 1258 518 cum
1297 458 1559 520 audisset,
1593 455 1748 519 abiit,
1786 463 1886 504 nec

2001 450 2193 514 πόλεως
2212 493 2226 516 ,
2258 451 2351 504 καὶ
2393 447 2601 520 μέλλων
2640 447 2892 521 ἀπαίρειν
2921 447 3014 502 ἐπὶ
3045 445 3114 501 τὰ
3143 446 3280 511 ἴδια,
3309 447 3537 518 ἑσπέρας

318 561 432 630 jam
463 557 728 629 postridie
753 557 818 611 ad
845 570 931 610 me
962 555 1194 610 accessit
1223 568 1236 604 :
1275 550 1369 606 sed
1400 549 1466 603 ad
1489 549 1634 602 hunc
1661 546 1880 600 modum

319 667 423 707 suo
461 665 589 722 erga
642 664 745 706 nos
793 647 968 703 cilicio
1017 645 1386 716 perfunctorie
1423 643 1661 712 expleto,
1698 639 1879 696 rediit.

319 742 495 813 Atque
525 742 627 797 hoc
672 749 756 794 est
794 740 1022 804 crimen,
1069 736 1212 807 quod
1253 750 1354 790 nos
1393 733 1792 796 commisimus,
1829 739 1884 786 et

319 835 588 905 patientes
650 831 728 886 illi
782 831 1032 885 homines
1087 828 1343 884 delictum
1408 826 1542 880 illud
1610 825 1883 896 praeterita

323 936 511 981 nostra
552 925 834 989 servitute,
865 937 1028 993 quam
1075 922 1208 992 ipsis
1250 920 1304 974 in
1342 919 1631 974 dilectione
1664 915 1885 971 servivi-

322 1030 466 1081 inus,
509 1030 618 1070 non
662 1021 1088 1083 compcnsarunt
1123 1032 1136 1067 :
1169 1012 1264 1068 sed
1310 1012 1446 1066 iram
1488 1011 1543 1063 in
1589 1023 1689 1064 nos
1728 1022 1882 1062 suam

321 1121 494 1176 usque
531 1107 668 1161 adeo
720 1106 1082 1162 incenderunt
1125 1107 1197 1160 ob
1237 1106 1338 1158 hoc
1381 1113 1643 1166 erratum,
1691 1111 1750 1156 ut
1784 1116 1883 1156 nos

321 1199 390 1254 ab
407 1199 660 1254 omnibus
687 1201 837 1255 orbis
868 1207 1138 1253 terrarum
1170 1197 1450 1260 Ecclesiis,
1485 1197 1678 1252 saltem
1703 1211 1884 1267 quan-

319 1299 434 1345 tum
473 1291 527 1345 in
556 1291 691 1361 ipsis
729 1289 850 1354 fuit,
883 1290 1346 1345 excommunicari
1385 1288 1634 1344 fecerint.

391 1545 443 1602 3.
472 1545 538 1602 At
568 1559 756 1600 revera
788 1560 898 1599 non
932 1560 997 1600 ea
1027 1552 1110 1600 est
1138 1543 1348 1599 dissidii
1381 1559 1550 1600 causa
1581 1563 1593 1598 :
1626 1544 1720 1599 sed
1755 1559 1886 1614 (ιυια

320 1638 703 1693 existimarunt
735 1644 848 1691 tum
879 1637 1096 1691 demum
1137 1651 1197 1692 se
1239 1635 1442 1691 Euzoio
1473 1636 1759 1706 probatum
1797 1635 1886 1700 iri,

1981 544 2081 615 ἥδη
2116 543 2365 613 βαθείας,
2415 540 2727 596 καθεύδοντί
2760 559 2848 612 μοι
2887 540 3104 609 λέγεται
3133 541 3428 610 πλησιάσαι
3465 539 3539 608 τῷ

1980 638 2237 708 οἰκήματι
2284 635 2460 708 ήμῶν.
2509 634 2771 698 Ἀκούσας
2807 635 2902 699 δὲ,
2940 635 3022 687 ὅτι
3059 633 3331 698 καθεύδω,
3380 632 3538 685 ἀπελ-

1977 727 2127 792 θὼν,
2178 728 2360 782 οὐκέτι
2397 729 2463 798 τῇ
2521 725 2783 797 ὑστεραίᾳ
2825 728 2955 797 ἡμῖν
2991 726 3396 796 προσήγγισεν,
3435 722 3541 776 ἀλλ’

1981 820 2153 882 οὕτως
2184 820 2630 889 ἀφοσιωσάμενος
2657 817 2718 869 τὸ
2751 816 2872 869 καθ’
2913 818 3060 887 ἡμᾶς
3079 855 3094 878 ,
3123 814 3411 884 ἐπανῆλθε.
3442 811 3545 865 Καὶ

1982 912 2139 966 τοῦτό
2183 913 2298 965 ὲστι
2330 910 2392 964 τὸ
2448 912 2734 982 ἔγκλημα,
2789 909 2817 961 ὃ
2854 909 3193 978 ἠδικήσαμεν
3225 909 3418 977 ἡμεῖς,
3457 905 3546 957 καὶ

1983 1008 2032 1060 0i
2065 1005 2404 1076 μακρόθυμοι
2428 1004 2528 1056 οὐκ
2553 1003 3002 1072 ἁντεστάθμησαν
3035 999 3145 1070 (60)
3174 999 3272 1069 τὴν
3301 997 3408 1068 πρὸ
3431 996 3548 1049 τού-

1982 1116 2077 1153 του
2104 1098 2346 1152 δουλείαν
2372 1096 2557 1168 ήμῶν,
2597 1095 2664 1167 ἢν
2697 1093 3087 1165 ἑδουλεύσαμεν
3116 1094 3297 1154 αὐτοῖς
3330 1093 3389 1142 ὲν
3422 1090 3550 1157 ἀγα·

1985 1209 2060 1262 πῃ
2086 1230 2100 1255 ,
2131 1189 2208 1260 τῷ
2245 1189 2545 1258 πταίσματι
2578 1186 2754 1256 τούτῳ
2778 1203 2791 1216 ·
2839 1185 2975 1239 ἀλλὰ
3008 1183 3261 1238 τοσοῦτον
3286 1182 3551 1253 ὲόἀρυναν

1983 1283 2082 1353 τὴν
2114 1280 2233 1335 καθ’
2259 1279 2414 1351 ήμῶν
2439 1278 2608 1351 ὀργὴν
2653 1279 2746 1331 ἐπὶ
2771 1275 2945 1349 ταύτῃ
2989 1279 3055 1347 τῇ
3083 1272 3328 1345 ἁμαρτίᾳ
3354 1312 3370 1337 ,
3415 1271 3551 1325 ὥστε

1985 1373 2186 1434 πάσαις
2245 1374 2365 1434 ταῖς
2418 1369 2561 1422 κατὰ
2589 1370 2688 1438 τὴν
2723 1366 3043 1437 οἰκουμένην
3087 1363 3467 1433 Ἐκκλησίαις,
3496 1361 3553 1414 τό

1986 1479 2050 1530 γε
2085 1463 2162 1525 εἰς
2199 1463 2394 1524 αὐτοὺς
2431 1456 2600 1533 ἧκον,
2632 1457 3009 1530 ὲκκηρύκτους
3030 1457 3176 1526 ἡμᾶς
3199 1455 3447 1524 ποιῆσαι.

2057 1555 2110 1607 '5.
2140 1555 2213 1606 Οὐ
2259 1552 2363 1624 μὴν
2413 1550 2551 1622 αὕτη
2586 1551 2650 1620 γὲ
2693 1553 2807 1604 ἐστι
2847 1550 2988 1602 κατὰ
3033 1545 3290 1618 ἀλήθειαν
3323 1544 3436 1616 (61)
3461 1543 3553 1612 τῆς

1987 1646 2318 1708 διαστάσεως
2349 1647 2382 1716 ἡ
2407 1644 2553 1697 αίτία
2577 1659 2590 1672 ·
2627 1641 2742 1696 ἀλλ’
2775 1640 2961 1710 ἐπειδὴ
2985 1640 3241 1709 ἐνόμισαν
3272 1636 3556 1705 εὐδοκιμή-

323 1729 368 1783 si
391 1729 492 1799 ipsi
519 1744 578 1784 se
602 1743 631 1782 a
661 1729 816 1783 nobis
841 1728 1233 1792 abalienarent,
1263 1727 1388 1781 illas
1409 1728 1514 1782 sibi
1531 1728 1666 1797 ipsis
1689 1741 1886 1781 causas

2001 1756 2104 1792 σειν
2154 1737 2272 1791 τότε
2307 1735 2459 1808 παρὰ
2503 1732 2581 1804 τῷ
2616 1732 2861 1803 Εύζωΐῳ,
2895 1731 3119 1801 είήμῶν
3149 1728 3377 1788 ἑαυτοὺς
3406 1725 3556 1778 ἀλλο-

323 1822 796 1891 excugitaverunt,
822 1827 880 1874 ut
929 1821 1164 1890 aliquam
1200 1820 1342 1889 apud
1389 1820 1511 1874 illos
1540 1819 1880 1872 commenda-

326 1912 528 1965 tionem
559 1925 622 1964 ex
655 1909 794 1965 bello
823 1910 981 1964 nobis
1029 1909 1237 1963 indicto
1285 1909 1607 1978 reperirent.
1649 1906 1713 1960 lli
1741 1921 1890 1961 nunc

322 2011 378 2060 et
406 2003 475 2059 de
501 2001 719 2058 Nicaena
753 2001 1046 2057 detrahunt
1075 2000 1243 2072 348
1276 2000 1379 2053 ﬁde
1397 2040 1412 2064 ,
1451 2015 1661 2071 nosque
1689 2006 1889 2054 vocant

323 2094 774 2158 homoousiastas,
818 2092 948 2163 quia
979 2093 1034 2147 in
1063 2092 1154 2146 illa
1196 2091 1300 2147 ﬁde
1328 2092 1665 2162 unigenitum
1693 2090 1888 2146 Filium

325 2180 436 2238 Deo
486 2190 542 2237 et
595 2181 741 2236 Patri
799 2182 1140 2235 homooust'on
1189 2182 1533 2246 conﬁtemur,
1587 2197 1696 2236 non
1744 2183 1890 2252 quod

325 2290 435 2330 una
468 2275 708 2331 essentia
739 2275 794 2328 in
825 2274 935 2328 duo
970 2272 1210 2328 fraterna
1241 2276 1312 2330 sit
1343 2274 1537 2339 divisa,
1573 2276 1748 2331 absit!
1781 2293 1890 2332 non

328 2369 474 2424 enim
505 2369 559 2423 id
589 2369 853 2439 cogitavit
882 2375 1071 2424 sancta
1120 2368 1214 2422 illa
1265 2383 1329 2423 ac
1359 2367 1472 2424 Deo
1503 2369 1700 2426 dilecta
1725 2386 1892 2441 syno-

325 2459 452 2521 dus,
496 2457 588 2514 sed
625 2459 753 2529 quia
779 2459 924 2528 quod
953 2465 1039 2514 est
1058 2457 1220 2514 Pater
1242 2460 1543 2516 secundum
1573 2463 1888 2525 essentiam,

326 2551 434 2606 hoc
463 2557 518 2606 et
558 2549 732 2606 Filius
762 2549 994 2621 intelligi
1029 2549 1213 2606 debet.
1266 2549 1358 2606 Sic
1403 2551 1551 2608 enim
1602 2553 1762 2609 nobis
1812 2553 1890 2607 illi

317 2647 718 2712 exposuerunt,
745 2655 868 2695 cum
901 2640 1156 2696 dixerunt
1189 2659 1201 2695 :
1232 2638 1431 2694 Lumen
1460 2641 1524 2696 de
1556 2641 1770 2697 lumine.
1796 2641 1892 2698 Est

327 2742 506 2789 autem
555 2730 774 2788 Nicaena
821 2731 979 2797 ﬁdes,
1014 2731 1176 2786 allata
1218 2733 1288 2787 ab
1323 2733 1458 2802 ipsis
1497 2748 1564 2787 ex
1598 2733 1894 2790 Occidente

322 2824 580 2887 formula,
607 2837 771 2893 quam
801 2820 1074 2894 Tyanensi
1103 2821 1310 2893 synodo
1338 2823 1700 2892 tradiderunt,
1726 2839 1756 2879 a
1785 2840 1892 2896 qua

326 2922 382 2969 et
423 2913 662 2983 suscepti
707 2919 852 2968 sunt.
887 2909 992 2967 Sed
1032 2911 1233 2967 habent
1270 2913 1571 2983 sapientem
1601 2915 1893 2985 quamdam

328 3003 570 3073 regulam
625 3002 693 3056 ad
747 3016 876 3058 suas
925 3001 1196 3072 ejusmodi
1241 3004 1606 3071 mutationes,
1656 3014 1716 3060 ut
1769 3007 1890 3064 ﬁdei

1990 1831 2300 1902 τριώσειαν,
2343 1827 2552 1890 ἐκείνας
2589 1826 2804 1886 ἑαυτοῖς
2855 1821 3157 1892 ἐπενόησαν
3206 1819 3308 1881 τὰς
3347 1816 3556 1888 προφά-

1993 1938 2124 1985 σεις,
2152 1921 2238 1973 ἵνα
2259 1973 2264 1976 ,
2284 1917 2483 1987 εὕρωσι
2532 1933 2652 1968 τινα
2687 1914 2944 1966 σύστασιν
2973 1912 3100 1981 παρ’
3131 1910 3315 1971 αὐτοῖς
3334 1909 3425 1962 διὰ
3467 1905 3557 1958 τοῦ

1990 2012 2126 2084 πρὸς
2175 2010 2322 2081 ἡμᾶς
2369 2007 2621 2078 πολέμου.
2665 1997 2824 2058 Οὗτοι
2853 2001 2947 2057 νῦν
2980 2001 3091 2071 (62)
3120 2001 3214 2054 καὶ
3241 1999 3339 2069 τὴν
3378 2001 3437 2050 ὲν
3461 1999 3558 2050 Νι-

1989 2101 2122 2171 καίᾳ
2174 2098 2518 2152 διαϐάλλουσι
2575 2097 2777 2158 πίστιν,
2827 2094 2921 2148 καὶ
2969 2090 3366 2163 ὁμοουσιαστὰς
3417 2089 3560 2160 ἡμᾶς

1989 2189 2352 2245 ἀποκαλοῦσι·
2384 2189 2470 2242 διὰ
2508 2189 2569 2240 τὸ
2633 2189 2691 2239 ὲν
2741 2185 2924 2256 ἐκείνῃ
2961 2185 3028 2253 τῇ
3062 2183 3242 2234 πίστει
3273 2179 3366 2233 τὸν
3409 2195 3562 2248 μονοο

1989 2281 2123 2352 γενῆ
2151 2281 2277 2334 Υἱδν
2296 2278 2372 2350 τῷ
2395 2278 2513 2349 Θεῷ
2538 2279 2632 2331 καὶ
2655 2278 2769 2330 Πατ
2779 2272 3124 2347 ρὶὸμοούσιον
3147 2267 3526 2341 ὁμολογεῖσθαι
3543 2283 3557 2296 °

1989 2373 2088 2442 οὐχ
2140 2370 2215 2434 ὼς
2255 2369 2362 2424 ἀπὸ
2420 2370 2547 2439 μιᾶς
2577 2367 2689 2436 (65)
2739 2365 2928 2427 οὐσίας
2963 2360 3313 2434 μερισθείσης
3345 2362 3428 2421 εἰς
3473 2357 3565 2410 δύο

1991 2463 2214 2532 ἀδελφὰ,
2259 2462 2332 2532 μὴ
2367 2460 2578 2528 γένοιτο
2605 2477 2620 2490 ·
2669 2457 2730 2510 οὐ
2756 2455 2864 2525 γὰρ
2907 2453 3065 2508 τοῦτο
3101 2453 3320 2522 ἐνόησεν
3353 2453 3386 2521 ὴ
3435 2449 3562 2517 ἁγία

1991 2557 2172 2626 ἐκείνη
2203 2555 2297 2608 καὶ
2323 2552 2576 2622 θεοφιλὴς
2595 2550 2830 2612 σύνοδος,
2859 2546 2971 2600 ἀλλ’
2999 2547 3094 2610 ὡς,
3125 2547 3263 2615 ὅπερ
3283 2545 3400 2596 ἐστὶ
3427 2543 3564 2596 κατὰ

1989 2649 2086 2720 τὴν
2110 2648 2296 2702 οὐσίαν
2326 2647 2355 2699 ὁ
2403 2643 2612 2715 Πατὴρ,
2656 2641 2816 2695 τοῦτο
2848 2638 3151 2708 ὀφείλοντος
3194 2635 3434 2689 νοεῖσθαι
3472 2635 3564 2688 καὶ

1990 2739 2084 2796 τοῦ
2113 2738 2264 2793 Υἱοῦ.
2299 2736 2458 2791 Οὕτω
2499 2735 2610 2805 γὰρ
2653 2733 2761 2805 (64)
2790 2734 2924 2804 ἡμῖν
2969 2731 3166 2783 ἐκεῖνοι
3197 2729 3350 2781 αὐτοὶ
3383 2729 3565 2798 ἡρμή-

1997 2849 2192 2889 νευσαν
2213 2831 2478 2894 εἰπόντες,
2511 2827 2640 2893 Φῶς
2663 2827 2731 2879 ἐκ
2761 2824 2972 2894 φωτός.
3017 2824 3172 2876 Ἔστι
3201 2822 3258 2875 δὲ
3291 2824 3325 2893 ἡ
3365 2823 3426 2874 ὲν
3470 2822 3566 2874 Νι-

1993 2925 2123 2997 καία
2173 2925 2374 2985 πίστις,
2425 2922 2458 2992 ἡ
2507 2919 2634 2993 παρ’
2688 2914 2865 2971 αὐτῶν
2912 2915 3020 2969 ἀπὸ
3047 2915 3143 2985 τῆς
3177 2915 3386 2976 δύσεως
3409 2930 3567 2982 κομι-

1995 3018 2201 3081 σθεῖσα,
2236 3017 2303 3088 ἢν
2349 3015 2626 3068 ἐπέδωκαν
2666 3015 2732 3085 τῇ
2764 3012 2964 3082 συνόδῳ
2990 3013 3057 3080 τῇ
3104 3011 3160 3062 ὲν
3191 3008 3445 3071 Τυάνοις,
3476 3006 3565 3075 ὑφ’

327 3095 532 3160 verbis,
566 3109 674 3149 non
705 3109 864 3151 secus
904 3109 969 3151 ac
999 3093 1216 3159 medici,
1247 3101 1474 3152 utantur
1494 3112 1594 3168 pro
1622 3105 1889 3170 tempore,

2001 3106 2060 3182 ἧς
2103 3108 2198 3162 καὶ
2244 3105 2672 3178 παρεδέχθησαν.
2716 3104 2854 3156 Ἀλλ’
2895 3100 3077 3188 ἔχουσί
3105 3118 3156 3153 τι
3189 3098 3354 3168 σοφὸν
3389 3097 3567 3166 δόγμα

325 3187 487 3243 aliter
527 3186 664 3242 alias
703 3200 826 3242 sese
861 3186 928 3240 ad
972 3188 1282 3257 propositos
1320 3189 1543 3244 morbos
1578 3205 1888 3246 accommo-

330 3278 547 3334 dantes.
593 3277 766 3348 Cujus
809 3268 1165 3348 sOphismatis
1210 3279 1636 3338 imbecillitatem
1667 3299 1780 3339 non
1808 3301 1896 3342 me

329 3383 582 3440 arguere,
607 3368 704 3426 sed
735 3384 831 3424 vos
855 3369 1011 3425 decet
1037 3370 1358 3442 intelligere.
1389 3371 1548 3428 Dabit
1570 3375 1716 3428 enim
1743 3375 1895 3432 vobis

331 3459 596 3517 Dominus
622 3460 1029 3532 intelligentiam
1059 3461 1126 3526 ⁸⁷,
1152 3470 1212 3516 ut
1241 3465 1584 3535 cognoscatis
1605 3482 1726 3536 quae
1748 3475 1897 3523 recta

331 3553 405 3609 sit
434 3551 706 3617 doctrina,
739 3561 794 3607 et
839 3569 961 3623 quae
1001 3555 1218 3626 obliqua
1247 3571 1311 3612 ac
1346 3573 1622 3628 perversa.
1659 3560 1715 3615 Si
1749 3561 1893 3617 enim

332 3643 495 3699 aliam
525 3644 662 3700 alias
695 3643 817 3700 ﬁdei
851 3645 1140 3700 formulam
1185 3649 1429 3706 scribere
1457 3650 1637 3717 decet,
1675 3660 1729 3707 et
1769 3669 1895 3708 cum

332 3747 576 3807 tempore
623 3735 936 3801 immutari,
987 3736 1124 3793 falsa
1171 3749 1255 3796 est
1305 3744 1575 3798 sententia
1613 3744 1894 3802 dicentis:

338 3827 484 3886 Unus
533 3828 818 3896 Dominus,
866 3847 974 3884 una
1003 3831 1166 3901 ﬁdes,
1197 3850 1358 3887 unum
1390 3835 1650 3904 baptisma
1689 3839 1756 3892 ⁸⁸.
1801 3838 1899 3894 Sin

334 3921 448 3976 haec
489 3935 616 3976 vera
663 3918 826 3985 sunt,
877 3938 1038 3977 nemo
1086 3939 1184 3979 vos
1233 3924 1472 3996 decipiat
1519 3929 1777 3987 inanibus
1812 3931 1898 3988 his

332 4013 516 4069 verbis
550 4015 615 4068 ".
647 4013 759 4069 Nos
805 4014 950 4070 enim
985 4017 1410 4082 calumniantur,
1454 4022 1610 4090 quasi
1642 4024 1768 4078 novi
1799 4025 1902 4078 ali-

333 4103 466 4174 quid
517 4103 799 4160 tradamus
849 4104 916 4159 de
968 4104 1176 4176 Spiritu
1227 4117 1442 4162 sancto.
1493 4108 1703 4181 Rogate
1734 4113 1901 4183 igitur

335 4208 582 4264 quamam
624 4194 715 4248 illa
756 4197 990 4250 novitas.
1027 4196 1365 4253 Conﬁtemur
1410 4202 1555 4254 enim
1591 4219 1720 4269 nos,
1755 4205 1902 4274 quod

335 4295 390 4341 et
416 4284 748 4356 accepimus,
785 4300 907 4341 cum
937 4286 1098 4342 Patre
1125 4295 1178 4344 et
1208 4288 1348 4345 Filio
1376 4293 1736 4362 conjunctum
1777 4312 1901 4350 esse

333 4371 700 4444 Paracletum,
737 4393 838 4434 nec
881 4393 1006 4433 cum
1037 4389 1290 4437 creatura
1321 4388 1624 4441 numerari.
1670 4387 1806 4444 Nam
1845 4390 1899 4444 in

405 4561 448 4592 ⁸⁷
485 4559 527 4614 ll
553 4558 697 4613 Tim.
737 4576 796 4624 ll,
827 4560 879 4615 7.
959 4561 1002 4592 ³⁸
1039 4560 1239 4632 Epltes.
1286 4579 1358 4626 Iv,
1393 4565 1444 4620 5.
1525 4568 1569 4599 ³³
1606 4566 1805 4638 Ephes.
1834 4585 1888 4636 v,
1924 4569 1978 4626 6.

1990 3203 2073 3264 εἰς
2106 3199 2206 3262 τὰς
2237 3197 2490 3260 τοιαύτας
2509 3195 2717 3249 ἑαυτῶν
2749 3191 3046 3265 μεταϐολάς
3068 3207 3082 3221 ·
3106 3192 3187 3244 ὃτι
3216 3192 3329 3252 τοῖς
3358 3189 3567 3258 ῥήμασι

1993 3292 2090 3362 τῆς
2118 3291 2352 3356 πίστεως
2374 3290 2448 3353 ὡς
2465 3289 2640 3359 ἰατροὶ
2660 3288 2953 3359 κέχρηνται
2977 3283 3119 3338 κατὰ
3135 3281 3348 3352 καιρὸν,
3377 3279 3566 3334 ἄλλοτε

1994 3383 2168 3446 ἄλλως
2217 3383 2353 3454 πρὸς
2403 3380 2470 3434 τὰ
2511 3380 2845 3450 ὑποκείμενα
2893 3377 3037 3448 πάθη
3074 3372 3564 3446 μεθαρμοζόμενοι.

1995 3474 2197 3530 Τούτου
2229 3474 2285 3528 δὲ
2331 3473 2424 3528 τοῦ
2465 3473 2794 3544 σοφίσματος
2833 3471 2894 3524 τὸ
2930 3469 3124 3540 σαθρὸν
3150 3469 3251 3520 οὐκ
3292 3467 3394 3536 ἐμὲ
3419 3466 3570 3532 ἐλέγ-

1994 3586 2109 3640 χειν
2164 3567 2460 3638 προσῆκεν,
2494 3565 2606 3619 ἀλλ’
2655 3565 2799 3634 ὑμᾶς
2831 3565 2988 3626 νοεῖν.
3024 3559 3323 3628 Δώσειγὰρ
3368 3559 3499 3628 ὑμῖν
3541 3558 3570 3608 ὁ

1995 3659 2199 3732 Κύριος
2247 3657 2460 3710 σύνεσιν
2495 3657 2631 3728 πρὸς
2670 3655 2732 3708 τὸ
2782 3653 3086 3724 γνωρίζειν,
3119 3651 3200 3712 τίς
3227 3650 3324 3718 μὲν
3351 3651 3378 3701 ὁ
3404 3647 3570 3714 εύθὴς

1995 3747 2152 3816 λόγος
2186 3746 2320 3818 (65),
2346 3747 2430 3810 τίς
2457 3747 2514 3800 δὲ
2565 3747 2593 3798 ὁ
2643 3743 2852 3806 σκολιὸς
2893 3742 2986 3795 καὶ
3024 3738 3478 3811 διεστραμμένος.
3509 3736 3569 3786 El

1997 3841 2105 3912 γὰρ
2137 3839 2325 3894 ἄλλοτε
2355 3838 2518 3901 ἄλλας
2561 3836 2640 3890 δεῖ
2693 3835 2903 3898 πίστεις
2931 3832 3281 3904 συγγράφειν,
3307 3828 3399 3881 καὶ
3436 3828 3572 3899 μετὰ

1997 3933 2104 3986 τῶν
2158 3933 2360 4004 καιρῶν
2413 3928 2776 3992 ἀλλοιοῦσθαι,
2830 3925 3100 3996 ψευδὴςή
3157 3922 3437 3989 ἀπόφασις
3475 3922 3572 3974 τεῦ

1998 4023 2272 4087 εἰπόντος’
2309 4019 2413 4091 Εἷς
2447 4022 2681 4090 Κύριος,
2727 4020 2835 4088 μία
2877 4017 3102 4080 πίστις,
3132 4013 3202 4068 ἓν
3228 4012 3570 4082 βάπτισμα.

1999 4114 2061 4166 Εἰ
2107 4113 2165 4166 δὲ
2204 4114 2388 4166 ἐκεῖνα
2438 4109 2638 4180 ἀληθῆ,
2695 4106 2880 4179 μηδεὶς
2923 4105 3066 4174 ὑμᾶς
3097 4099 3425 4168 ἐξαπατάτω
3460 4101 3573 4160 τοῖς

2001 4209 2178 4268 κενοῖς
2215 4204 2330 4276 (66)
2385 4202 2600 4266 τούτοις
2649 4200 2849 4268 λόγοις.
2903 4193 3253 4249 Διαϐἁλλουσι
3305 4190 3418 4262 (67)
3464 4189 3574 4259 γὰρ

2000 4299 2149 4369 ἡμᾶς
2193 4296 2267 4359 ὡς
2309 4293 2765 4364 καινοτομοῦντας
2816 4290 2942 4360 περὶ
2984 4285 3076 4340 τοῦ
3128 4283 3448 4354 Πνεύματος
3477 4280 3572 4332 τοῦ

2003 4391 2179 4460 ἁγίου.
2246 4389 2589 4461 Ἐρωτήσατε
2633 4379 2726 4439 οὖν
2780 4381 2929 4452 τίςή
2972 4375 3314 4448 καινοτομία.
3379 4375 3574 4444 Ἡμεῖς

406 4715 518 4792 (60)
575 4715 1114 4792 ᾏντεσζᾴθμησαιζ.
1158 4715 1328 4792 Qoisl.
1370 4720 1582 4792 primus
1616 4725 1671 4792 e_t
1702 4718 1895 4792 Regius

2007 4717 2173 4792 Frob.
2199 4716 2463 4792 [είς-δύο
2495 4712 2729 4782 ἀδελφώ.
2757 4711 3028 4792 δεῖς-11ης.
3058 4715 3130 4790 ,ιιι
3158 4707 3212 4790 in
3256 4701 3575 4792 testu._0c:

333 4788 544 4858 primus
585 4786 1036 4858 ἀντεστόιθμισαν.
1065 4786 1235 4841 Paulo
1262 4786 1388 4858 post
1423 4789 1592 4844 editio
1629 4786 1809 4845 Paris:
1846 4792 1904 4844 ὲν

334 4855 526 4931 ἆγάπῃ
553 4856 744 4982 πολληὶ
778 4855 940 4912 Deest
967 4866 1238 4926 postrema
1264 4855 1386 4913 ’νοτ
1436 4859 1490 4912 in
1525 4871 1729 4929 septem
1764 4875 1900 4916 mss.

335 4935 389 4982 ct
421 4928 702 4982 vetustiori
747 4941 812 4981 us
854 4927 1202 4982 editionibus.

335 4935 389 4982 ct
421 4927 812 4982 vetustioribus
854 4927 1202 4983 editionibus.

410 4998 520 5069 (61)
549 4996 710 5052 Κατὰ
740 4997 1047 5070 “afﬁciare.
1067 4997 1289 5070 ᾼΕάίιίιή
1323 4998 1464 5070 κατὰ
1491 4998 1746 5070 ἀλήθειαν
1774 5013 1904 5070 con-

341 5066 428 5122 tra
454 5066 699 5138 veterum
725 5069 974 5122 codicum
1012 5068 1190 5122 ﬁdem.
1217 5066 1385 5122 Paulo
1404 5077 1536 5138 post
1565 5066 1694 5123 editi
1748 5069 1905 5122 ἀλλο-

287 5153 290 5155 ·
338 5139 614 5209 τριὼσειν.
639 5136 788 5209 Harl.
820 5146 876 5192 et
909 5138 1076 5194 Coisl.
1103 5138 1313 5209 primus
1350 5136 1476 5209 cum
1515 5138 1729 5193 duobus
1779 5140 1902 5194 aliis

341 5207 400 5263 ut
429 5211 484 5263 in
514 5219 682 5265 textu.
719 5208 811 5261 Sic
838 5209 1004 5263 etiam
1048 5217 1202 5263 vetus
1233 5207 1400 5263 editio
1430 5207 1804 5279 Haganoensis
1849 5219 1904 5264 et

341 5279 514 5334 Paris.
547 5279 810 5335 secunda.

559 5345 735 5432 ρῦτοι
761 5347 916 5432 an???
966 5346 1046 5429 Ita
1099 5345 1266 5432 Harl.
1303 5353 1359 5432 et
1411 5345 1898 5432 Regiusuprimus.

345 5416 485 5473 Editi
505 5416 708 5474 τοίνυν.
757 5419 923 5474 Coisl.
966 5419 1176 5487 primus
1200 5417 1363 5469 Αὐτοὶ
1390 5417 1588 5471 τοίνυν.
1619 5416 1763 5487 ﬂed.
1788 5419 1905 5487 ῥύ-

343 5490 424 5613 τοξ
463 5489 578 5543 νῦν.
642 5488 776 5561 Reg.
825 5481 1097 5544 secundus
1125 5496 1180 5544 et
1219 5487 1387 5544 Coisl.
1430 5485 1704 5542 secundus
1745 5481 1904 5540 Οὗτοι

343 5575 402 5612 το
425 5576 538 5613 νυν.

342 5575 402 5612 το
408 5575 518 5613 ινυν
525 5598 538 5613 ι

414 5629 526 5699 (65)
571 5628 715 5683 Ἀπὸ
755 5627 918 5699 μιᾶς.
977 5626 1298 5699 Praeposith
1332 5625 1531 5699 addita
1582 5642 1652 5699 επ
1701 5632 1907 5699 septem

345 5694 478 5766 mss.
510 5694 563 5752 et
605 5694 840 5766 editione
867 5696 1074 5766 Hagan.
1099 5694 1183 5750 ἐι
1214 5694 1458 5766 Froben.
1499 5698 1549 5749 1.
1582 5695 1702 5766 Mox
1743 5694 1911 5749 editio

347 5761 584 5827 Froben.
627 5769 663 5821 2
707 5776 761 5821 et
814 5761 987 5820 Paris.
1039 5768 1119 5828 εἰς
1166 5765 1276 5831 δύο,
1330 5766 1568 5834 ἀδελφοί.
1611 5764 1816 5835 l-lagan.
1856 5771 1910 5818 ct

2011 4789 2186 4843 currit
2223 4775 2460 4842 Basilius
2508 4775 2695 4840 eorum
2742 4779 3070 4836 cavillationi
3105 4779 3233 4846 qui,
3282 4784 3344 4846 ut
3382 4775 3458 4828 ait
3519 4775 3574 4826 in

2011 4860 2174 4929 epist.
2237 4857 2326 4921 51,
2367 4852 2849 4910 consubstantialis
2885 4845 3159 4929 vocenet
3213 4845 3573 4929 substantiam

2010 4913 2376 4988 communem,
2399 4935 2454 4980 et
2479 4938 2696 4993 eaquae
2720 4938 2784 4976 ex
2814 4919 3119 4993 substantﬁi
3148 4928 3267 4970 orta
3299 4913 3576 4993 θυεερ-’ἀε-

2009 4998 2215 5068 signari
2241 4983 2513 5068 volebant.
2539 4983 2693 5047 Unde
2719 5001 3048 5068 sequeretur
3068 4987 3281 5068 Patrem
3305 4993 3360 5038 et
3382 4983 3572 5068 illuni

2010 5058 2310 5122 fraternam
2343 5067 2484 5120 inter
2530 5080 2589 5118 se
2621 5058 2998 5131 cognationem
3037 5058 3268 5119 habere;
3316 5058 3442 5122 quia
3466 5093 3482 5115 ,
3521 5059 3579 5104 ut

2009 5137 2208 5192 ibidem
2259 5137 2334 5189 ait
2354 5177 2367 5198 ,
2407 5138 2643 5204 fraterna
2673 5141 2797 5204 sunt
2827 5133 2961 5184 inter
2981 5147 3052 5204 se
3073 5143 3197 5204 gitur
3234 5141 3299 5204 εει
3327 5141 3431 5176 uno
3449 5132 3576 5204 orta

2008 5217 2165 5268 sunt,
2214 5192 2442 5275 Ἀδελφᾶ
2482 5204 2632 5275 γὰρη
2651 5201 2898 5271 ἀλλήλοις
2938 5199 3005 5252 τὰ
3124 5195 3242 5260 ἐνὸς
3269 5192 3574 5275 ὑφεστῶτα.

2081 5264 2191 5345 (64)
2235 5264 2397 5328 Οῧτώ
2420 5264 2736 5343 γάῥ.’νοι.,
2772 5264 2999 5340 uterque
3043 5268 3176 5338 Reg.
3207 5276 3262 5320 et
3288 5264 3455 5318 Coisl.
3493 5278 3576 5316 se-

2009 5347 2220 5400 cundus
2245 5345 2414 5398 Τοῦτο
2441 5347 2566 5416 γάρ.

2083 5417 2193 5486 (65)
2237 5416 2298 5468 '0
2332 5407 2754 5486 euang-Edroc.
2780 5411 2874 5486 ita
2927 5408 3096 5486 lia_rl.,
3128 5407 3298 5462 Coisl.
3351 5414 3578 5472 uterque

2017 5493 2072 5541 et
2092 5480 2184 5538 alii
2215 5480 2481 5538 nonnulli.
2512 5483 2652 5536 Editi
2683 5485 2710 5534 ὁ
2742 5481 2902 5541 εὐθὺς
2947 5480 3121 5547 λόγος.

2089 5555 2199 5625 (66)
2245 5555 2371 5620 Τοῖς
2418 5553 2633 5625 κενοῖς.
2671 5551 2853 5606 Codex
2877 5545 3164 5604 Medicaeus
3197 5550 3310 5611 τοῖς
3353 5545 3574 5604 καινοῖς,

2016 5627 2161 5678 novis
2184 5624 2532 5678 sermonibus.

2088 5695 2196 5766 (67)
2232 5692 2770 5766 Aia6dxlqvat_7_~g‘tp
2804 5689 2980 5766 ἡμᾶς.
3005 5687 3219 5766 _Regius
3255 5699 3478 5755 uterque
3522 5691 3578 5736 et

2017 5761 2186 5819 Coisl.
2208 5765 2481 5820 secundus
2509 5761 2882 5815 διαϐάλλουσιν
2915 5761 3060 5829 ἡμᾶς
