3900 6208
345 330 449 388 849
1262 333 1751 394 EPISTULARUM
1788 335 2072 396 CLASSIS
2104 338 2167 394 ΙΙ.
2209 337 2431 396 EPIST.
2483 340 2759 397 CCXXVI.
3498 337 3604 394 850

353 452 456 516 γάρ
481 443 850 518 ὁμολογοῦμεν
881 445 911 498 δ
962 447 1058 500 καὶ
1096 449 1505 523 παρελάϐομεν,
1538 454 1679 525 μετά
1721 454 1934 527 Πατρὸς

2056 457 2246 515 ’atrem
2286 465 2341 514 et
2377 456 2574 513 Filium
2611 465 2667 513 et
2706 454 2970 527 Spiritum
3016 460 3269 510 sanctum
3302 450 3604 516 credimus,

352 538 445 590 καὶ
497 536 631 593 Υίοῦ
676 536 934 608 τετάχθαι
984 537 1076 594 τὸν
1132 540 1513 614 Παράκλητον,
1552 545 1613 597 ού
1661 544 1799 616 μετά
1826 546 1927 616 τῆς

2056 561 2193 624 itque
2223 553 2283 608 in
2314 553 2539 608 nomine
2582 550 2763 608 Patris
2807 557 2863 605 et
2906 547 3034 604 Filii
3056 554 3111 604 et
3151 545 3392 618 Spiritus
3429 546 3606 602 sancti

353 630 582 694 κτίσεως
615 630 983 703 ἀριθμεῖσθαι.
1026 631 1121 695 Είς
1153 631 1263 703 γὰρ
1310 635 1532 706 Πατέρα
1561 636 1656 690 καὶ
1686 636 1811 691 Υίὸν
1835 637 1930 690 καὶ

353 719 507 789 ἅγιον
539 722 764 793 Πνεῦμα
791 723 1266 795 πεπιστεύκαμεν·
1323 727 1416 780 καὶ
1446 726 1823 801 βαπτιζόμεθα
1850 731 1930 795 είς

356 812 413 866 τὸ
427 812 600 884 ὄνομα
621 813 714 867 τοῦ
735 815 948 887 Πατρὸς
970 815 1064 869 καὶ
1086 814 1181 869 τοῦ
1204 815 1335 871 Υίοῦ
1351 817 1445 871 καὶ
1467 819 1561 872 τοῦ
1584 819 1740 889 ἁγίου
1757 818 1931 873 Πνεύ-

358 921 544 975 ματος.
572 906 672 960 Διά
696 906 853 960 τοῦτο
877 907 1130 962 οὐδέποτε
1162 907 1264 978 τῆς
1303 909 1443 980 πρὸς
1465 910 1557 964 τὸν
1589 910 1809 984 Πατέρα
1838 911 1933 965 καὶ

356 997 484 1052 Υίὸν
542 998 831 1068 συναφείας
881 998 971 1053 τὸν
1032 1000 1390 1073 Παράκλητον
1437 1001 1796 1073 ἁποσπῶμεν.
1874 1003 1932 1057 '0

356 1087 468 1159 γάρ
493 1087 616 1151 νοῦς
637 1087 795 1159 ἡμῶν
817 1086 1183 1160 φωτιζόμενος
1204 1090 1307 1143 ὑπὸ
1325 1090 1419 1145 τοῦ
1446 1091 1765 1162 Πνεύματος
1797 1093 1933 1166 πρὸς

357 1177 489 1231 Υίὸν
536 1177 849 1241 ἀναϐλέπει,
898 1180 994 1233 καὶ
1037 1181 1094 1233 ὲν
1128 1180 1277 1252 αὐτῷ
1314 1180 1389 1245 ὡς
1433 1183 1490 1235 ὲν
1517 1183 1687 1236 είκόνι
1741 1182 1938 1255 θεωρεῖ

357 1268 449 1323 τὸν
478 1271 714 1341 Πατέρα.
749 1268 886 1323 Οὔτε
915 1265 1007 1325 οὖν
1035 1270 1274 1343 ὀνόματα
1296 1274 1427 1345 παρ’
1458 1273 1665 1327 ἑαυτῶν
1685 1273 1934 1327 ἐπινοοῦ-

359 1377 482 1431 μεν,
524 1360 661 1415 ἀλλά
708 1362 928 1433 Πνεῦμα
958 1362 1112 1431 ἅγιον
1150 1364 1244 1417 καὶ
1277 1363 1636 1436 Παράκλητον
1676 1362 1938 1435 ὀνομάζο-

360 1471 482 1525 μεν,
505 1453 629 1509 ούτε
666 1456 765 1528 τὴν
788 1456 1143 1530 ὀφειλομένην
1173 1457 1321 1529 αὐτῷ
1334 1458 1492 1523 δόξαν
1519 1458 1730 1513 ἀθετεῖν
1762 1475 1937 1512 κατα-

356 1544 643 1617 δεχόμεθα.
684 1548 870 1604 Ταῦτά
902 1551 1019 1604 ἐστι
1055 1551 1123 1604 τὰ
1153 1550 1397 1623 ἡμέτερα
1429 1549 1570 1622 μετὰ
1597 1551 1777 1622 πάσης
1805 1551 1938 1622 ἀλη-

358 1635 533 1700 θείας.
578 1639 701 1693 Ἑπὶ
753 1640 962 1705 τούτοις
1021 1643 1050 1696 ό
1092 1640 1414 1713 κατηγορῶν
1456 1641 1862 1713 κατηγορείτω·
1914 1643 1944 1696 ό

2029 644 2391 715 baptizamur.
2447 643 2793 714 Quapropter
2840 655 3121 712 nunquam
3158 638 3507 694 Paracletum
3538 637 3608 693 ab

2031 736 2185 797 illius.
2212 751 2337 791 cum
2380 733 2543 791 Patre
2574 742 2630 790 et
2676 733 2818 790 Filio
2863 732 3253 803 conjunctione
3296 728 3605 786 avellimus.

2033 826 2187 884 Mens
2223 827 2369 883 enim
2413 835 2597 884 nostra
2633 842 2664 881 a
2699 825 2908 899 Spiritu
2957 825 3240 880 illustrata
3289 822 3358 879 ad
3406 820 3608 877 Filium

2035 919 2278 990 respicit,
2310 918 2448 974 etin
2498 918 2595 975 illo
2635 918 2786 974 velut
2834 918 2891 972 in
2922 915 3162 987 imagine
3188 913 3406 971 Patrem
3434 911 3605 969 videt.

2036 1009 2224 1081 Neque
2241 1010 2407 1083 igitur
2435 1011 2657 1065 nomina
2673 1026 2741 1065 ex
2773 1008 2932 1065 nobis
2963 1006 3099 1079 ipsis
3115 1004 3608 1068 comminiscimur,

2039 1102 2136 1158 sed
2189 1099 2456 1172 Spiritum
2510 1111 2764 1157 sanctum
2817 1098 3168 1155 Paracletum
3220 1095 3611 1160 nominamus,

2038 1208 2215 1263 neque
2241 1191 2479 1248 debitam
2506 1192 2555 1248 ei
2587 1191 2815 1263 gloriam
2839 1189 3128 1247 destruere
3159 1190 3436 1245 volumus.
3470 1184 3616 1242 Vere

2039 1284 2263 1341 omnino
2308 1283 2423 1339 base
2464 1291 2655 1339 nostra
2686 1291 2836 1338 sunt.
2878 1280 3089 1337 Horum
3118 1281 3297 1353 gratia
3322 1280 3417 1352 qui
3452 1292 3617 1334 accu.

2041 1384 2159 1441 sat,
2204 1382 2428 1431 accuset
2460 1393 2473 1430 :
2509 1375 2605 1446 qui
2652 1389 2755 1429 nos
2793 1372 3166 1445 persequitur,
3196 1379 3558 1444 persequatur
3599 1388 3612 1424 :

2043 1465 2136 1536 qui
2162 1463 2321 1520 (idem
2352 1463 2513 1520 habet
2541 1462 2832 1520 calumniis
2862 1463 3066 1533 quibus
3090 1461 3424 1532 impetimur,
3458 1471 3619 1529 para-

2044 1560 2135 1606 tus
2163 1551 2234 1606 sit
2258 1551 2324 1607 ad
2353 1550 2646 1622 judicium.
2679 1550 2947 1608 Dominus
2977 1565 3146 1623 prope
3174 1558 3279 1617 est,
3307 1548 3447 1605 nihil
3472 1546 3621 1604 solli-

2046 1641 2142 1696 citi
2176 1630 2370 1698 sumus
2400 1642 2467 1697 ‘°.

358 1729 569 1784 διώκων
592 1732 741 1803 ἡμᾶς
786 1733 1063 1788 διωκέτω·
1100 1734 1130 1787 ό
1162 1733 1432 1788 πιστεύων
1461 1736 1580 1798 ταῖς
1629 1734 1752 1788 καθ’
1779 1734 1938 1807 ἡμῶν
1972 1734 2248 1799 διαϐολαῖς
2278 1733 2651 1806 ἑτοιμαζέσθω
2681 1736 2817 1806 πρὸς
2844 1735 2944 1807 την
2992 1731 3352 1788 διαδικασίαν.
3414 1728 3475 1784 '0
3516 1725 3623 1781 Κύ-

364 1837 478 1891 ριος
497 1819 664 1890 ὲγγύς
688 1839 703 1853 ·
746 1822 912 1894 μηδὲν
946 1820 1322 1894 μεριμνῶμεν.

432 1912 487 1966 4.
510 1913 577 1966 Εἰ
626 1916 723 1978 τις
753 1915 809 1966 ὲν
849 1914 1017 1986 Συρίᾳ
1069 1915 1398 1986 συγγράφει,
1425 1913 1586 1968 τοῦτο
1624 1914 1777 1969 οὐδὲν
1806 1914 1944 1987 πρὸς

2111 1911 2166 1967 4.
2199 1908 2257 1965 Si
2285 1909 2410 1982 quis
2438 1910 2493 1964 in
2529 1908 2688 1981 Syria
2728 1909 2943 1976 scribit,
2970 1909 3077 1965 hoc
3110 1908 3247 1964 nihil
3276 1907 3345 1964 ad
3376 1924 3498 1966 nos.
3541 1909 3624 1964 Ea:

359 2004 534 2074 ἡμᾶς.
581 1998 675 2058 Ἐκ
697 2004 808 2075 γὰρ
832 2004 950 2059 τῶν
980 2007 1178 2076 λόγων
1209 2021 1326 2059 σου
1355 2004 1746 2078 δικαιωθήσῃ,
1788 2008 1943 2078 φησὶ,

359 2095 464 2149 καὶ
516 2095 586 2150 ἐκ
632 2094 753 2151 τῶν
803 2098 1002 2167 λόγων
1063 2113 1180 2152 σου
1248 2096 1741 2168 καταδικασθήσῃ
1810 2097 1942 2170 (68).

362 2186 430 2239 Oi
488 2187 612 2258 ἐμοὶ
651 2185 799 2257 λόγοι
832 2190 932 2261 ἐμὲ
986 2189 1321 2259 κρινέτωσαν
1341 2205 1356 2220 ·
1391 2188 1532 2260 ὑπὲρ
1566 2189 1623 2243 δὲ
1652 2189 1946 2262 ἀλλοτρίων

363 2277 514 2348 ἡμᾶς
552 2278 882 2350 σφαλμάτων
936 2280 1124 2352 μηδεὶς
1173 2279 1604 2346 καταδικαζέτω,
1666 2282 1802 2354 μηδὲ
1848 2281 1948 2346 τὰς

363 2366 474 2438 πρὸ
522 2367 726 2422 εἴκοσιν
773 2367 910 2423 ὲτῶν
956 2369 1264 2438 γραφείσας
1302 2369 1432 2441 παρ’
1470 2369 1629 2441 ἡμῶν
1660 2369 1949 2436 ἐπιστολὰς

363 2462 448 2523 είς
476 2459 748 2527 ἀπόδειξιν
774 2459 1162 2533 προϐαλλέσθω
1185 2460 1281 2515 τοῦ
1305 2461 1401 2517 νῦν
1423 2463 1772 2526 κοινωνικοὺς
1798 2463 1949 2534 ἡμᾶς

366 2547 508 2605 εἶναι
539 2554 652 2615 τοῖς
680 2551 863 2605 ἐκεῖνα
905 2550 1302 2623 συγγράψασιν.
1351 2552 1540 2624 Ἡμεῖς
1572 2552 1680 2627 γὰρ
1708 2553 1815 2626 πρὸ
1841 2553 1950 2609 τῶν

368 2642 838 2714 συγγραμμάτων,
864 2641 1042 2696 λαῖκοὶ
1080 2643 1230 2706 ὄντες
1258 2643 1394 2716 πρὸς
1423 2644 1645 2707 λαῖκοὺς
1697 2642 1953 2697 ὲπεστέλ-

364 2733 535 2801 λομεν
561 2732 696 2805 (69),
728 2733 834 2806 πρὸ
874 2733 966 2788 τοῦ
996 2732 1119 2788 τινὰ
1151 2734 1245 2787 καὶ
1266 2734 1523 2790 ὑπόνοιαν
1547 2733 1802 2805 τοιαύτην
1828 2736 1952 2787 κατ’

367 2824 550 2879 αὐτῶν
600 2824 865 2879 κινεῖσθαι
891 2842 905 2857 ·
956 2825 1053 2879 καὶ
1100 2825 1492 2898 ὲπεστέλλομεν
1526 2826 1676 2882 οὐδὲν
1710 2827 1838 2900 περὶ
1859 2826 1952 2881 πί-

370 2931 564 2982 στεως,
598 2914 708 2968 οὐδ’
739 2911 829 2970 οἷα
846 2914 941 2969 νῦν
973 2915 1067 2969 ἐπὶ
1094 2918 1160 2987 τῇ
1190 2916 1312 2970 καθ’
1340 2916 1499 2989 ἡμῶν
1547 2917 1765 2990 διαϐολῇ
1797 2935 1953 2987 περι-

369 3005 632 3079 φέρουσιν
669 3002 845 3074 οῦτοι,
892 3006 1026 3062 ἀλλά
1054 3007 1216 3078 ψιλὰς
1257 3010 1650 3082 προσηγορίας,
1685 3011 1959 3082 ἀγαπητι-

372 3100 479 3172 κὴν
502 3099 886 3172 προσφώνησιν
929 3100 1371 3172 ἀποπληρούσας.
1407 3100 1603 3171 Ἡμεῖς
1628 3100 1738 3173 γὰρ
1754 3100 1955 3173 ὁμοίως

372 3193 471 3246 καὶ
496 3193 623 3256 τοὺς
635 3191 705 3245 τὰ
730 3190 1019 3246 Σαϐελλίου
1048 3192 1357 3257 νοσοῦντας,
1377 3193 1472 3247 καὶ
1494 3192 1622 3258 τοὺς
1651 3192 1719 3247 τά
1747 3194 1954 3265 ’Δρείου

2046 1999 2150 2055 tuis
2184 2000 2354 2066 enim,
2387 1998 2603 2069 inquit,
2639 1997 2807 2053 verbis
2840 1998 3260 2070 justiﬁcaberis,
3287 2010 3337 2054 et
3370 2015 3437 2054 ea:
3458 1999 3624 2056 verbis

2046 2090 2151 2145 tuis
2180 2088 2611 2144 condemnaberis
2637 2088 2704 2142 δι.
2733 2087 2851 2144 Mea
2885 2104 2972 2145 me
3002 2088 3167 2145 verba
3187 2087 3474 2158 judicent;
3498 2103 3626 2159 pro-

2045 2189 2168 2253 pter
2211 2182 2422 2237 alienos
2466 2196 2599 2237 vero
2646 2195 2867 2238 errores
2923 2194 3086 2237 nemo
3135 2194 3239 2237 nos
3275 2178 3624 2244 condemnet,

2046 2287 2224 2344 neque
2249 2279 2377 2329 ante
2405 2271 2602 2343 viginti
2627 2288 2805 2331 annos
2837 2272 3078 2345 scriptas
3111 2288 3142 2328 a
3171 2272 3330 2329 nobis
3364 2272 3627 2344 epistolas

2045 2360 2289 2434 proferat
2307 2400 2325 2428 ,
2362 2370 2423 2416 ut
2451 2361 2794 2419 demonstret
2823 2377 2973 2420 nunc
3002 2362 3499 2419 communicatores
3525 2376 3629 2420 nos

2046 2470 2172 2511 esse
2203 2469 2395 2511 eorum
2425 2453 2520 2525 qui
2564 2454 2673 2510 ista
2718 2454 3082 2526 scripserunt.
3112 2453 3225 2511 Nos
3253 2454 3400 2511 enim
3421 2493 3437 2521 ,
3467 2462 3630 2509 ante-

2046 2561 2211 2618 quam
2255 2546 2370 2602 htec
2402 2545 2749 2611 scriberent,
2797 2546 2922 2602 laici
2958 2545 3029 2603 ad
3073 2546 3249 2604 laicos
3280 2546 3628 2617 scripsimus,

2049 2646 2345 2709 antequam
2383 2638 2467 2693 vel
2498 2637 2869 2708 suspicionem
2912 2638 3185 2710 ejusmodi
3229 2638 3524 2710 quisquam
3572 2638 3631 2693 in

2051 2729 2175 2785 illos
2222 2736 2495 2797 moveret;
2529 2744 2630 2785 nec
2686 2728 2755 2785 de
2797 2727 2903 2786 ﬁde
2953 2729 3255 2801 quidquam
3306 2729 3632 2800 scripsimus

2051 2835 2155 2877 nec
2190 2820 2374 2892 qualia
2416 2819 2495 2874 illi
2530 2835 2681 2876 nunc
2719 2820 2787 2876 ad
2821 2819 3081 2876 invidiam
3122 2820 3285 2876 nobis
3328 2819 3629 2877 creandum

2053 2911 2471 2980 circumferunt,
2499 2911 2597 2968 sed
2630 2911 2988 2968 salutationes
3016 2912 3218 2977 nudas,
3245 2913 3633 2991 quae-amicam

2054 3005 2529 3077 oompellationem
2561 3004 2967 3075 persolvebant.
2997 3002 3162 3076 359
3193 3002 3306 3061 Nos
3350 2989 3496 3060 enim
3536 3019 3634 3075 pa-

2053 3096 2190 3152 riter
2211 3102 2265 3151 ct
2292 3111 2389 3153 eos
2412 3097 2507 3167 qui
2541 3094 2764 3152 Sabellii
2798 3096 2991 3152 morbo
3018 3096 3291 3161 laborant,
3318 3103 3375 3151 et
3404 3110 3503 3152 eos
3537 3094 3635 3165 qui

2055 3188 2170 3243 Arii
2202 3188 2456 3260 dogmata
2490 3186 2735 3254 tuentur,
2765 3193 2828 3243 ut
2866 3186 3065 3259 impios
3094 3185 3362 3258 fugimus,
3397 3192 3453 3243 ct
3494 3199 3630 3241 ana~

368 3280 623 3354 δόγματα
658 3282 1030 3350 ἐκδικοῦντας,
1070 3284 1148 3349 ὠς
1180 3285 1420 3349 ἀσεϐεῖς,
1454 3283 1839 3356 ἀποφεύγομεν
1861 3285 1951 3339 καὶ

2058 3280 2500 3338 thematizamus.
2532 3277 2593 3339 Si
2626 3278 2753 3351 quis
2800 3278 3056 3336 eumdem
3106 3277 3322 3334 Patrem
3381 3277 3515 3334 dicit
3571 3292 3637 3332 ac

372 3372 863 3445 ἀναθεματίζομεν.
916 3374 986 3428 Et
1008 3392 1091 3437 τις
1120 3373 1211 3428 τὸν
1244 3374 1407 3429 αὑτὸν
1446 3375 1669 3447 Πατέρα
1689 3374 1835 3443 λέγει
1861 3375 1954 3428 καὶ

373 3463 505 3517 Υίδν
532 3463 625 3517 καὶ
649 3462 804 3532 ᾶγιον
835 3462 1080 3534 Πνεῦμα,
1106 3463 1202 3517 καὶ
1235 3462 1293 3517 ἓν
1330 3465 1564 3536 πρᾶγμα
1602 3462 1954 3535 πολυώνυμον

376 3555 712 3623 ὑποτίθεται,
759 3554 853 3609 καὶ
912 3554 1041 3627 μίαν
1080 3555 1379 3609 ὑπόστασιν
1421 3555 1524 3608 ὑπὸ
1559 3554 1729 3626 τριῶν
1781 3571 1951 3624 προσ-

373 3646 620 3719 ηγοριῶν
677 3646 1117 3719 ὲκφωνουμένην,
1151 3647 1242 3701 τὸν
1279 3646 1521 3701 τοιοῦτον
1579 3648 1743 3718 ἡμεῖς
1781 3647 1840 3700 ὲν
1887 3648 1953 3718 τῇ

381 3739 562 3811 μερίδι
589 3737 698 3793 τῶν
769 3739 1035 3793 Ἰουδαίων
1064 3740 1356 3810 τάσσομεν.
1404 3739 1634 3809 Ὁμοίως
1681 3738 1776 3792 καὶ
1797 3739 1849 3792 εί
1875 3755 1958 3803 τις

374 3829 630 3901 ἀνόμοιον
666 3828 815 3898 λέγει
855 3829 998 3884 κατά
1029 3829 1128 3901 τὴν
1160 3827 1350 3883 οὐσίαν
1377 3828 1470 3881 τὸν
1499 3828 1625 3882 Υίὺν
1656 3827 1735 3900 τῷ
1756 3827 1954 3901 Πατρὶ,

376 3920 414 3992 ἢ
442 3922 521 3985 είς
547 3919 753 3992 κτίσμα
783 3921 1013 3990 κατάγει
1039 3920 1098 3974 τὸ
1127 3919 1353 3989 Πνεῦμα
1379 3919 1440 3974 τὸ
1473 3919 1649 3989 ἅγιον,
1682 3919 1961 3989 ἀναθεμα-

376 4010 619 4080 τίζομεν,
683 4010 778 4064 καὶ
829 4011 996 4080 ἐγγὺς
1040 4005 1177 4064 εἶναι
1196 4009 1297 4081 τῆς
1342 4009 1658 4081 Ἑλληνικῆς
1701 4008 1962 4081 τιθέμεθα

378 4102 610 4175 πλάνης.
668 4101 829 4156 Ἀλλά
863 4101 934 4156 τὰ
964 4102 1065 4172 μὲν
1100 4102 1346 4173 στόματα
1366 4101 1474 4156 τῶν
1506 4100 1961 4173 κακηγορούντων

380 4192 532 4264 ἡμᾶς
579 4192 933 4264 ἐπισχεθῆναι
997 4192 1088 4247 διὰ
1143 4192 1252 4246 τῶν
1294 4191 1575 4265 ἡμετέρων
1621 4192 1962 4263 γραμμάτων

380 4284 695 4355 ἀμήχανον·
756 4282 955 4355 μᾶλλον
1017 4284 1114 4355 μὲν
1158 4278 1250 4338 οὖν
1295 4284 1442 4349 είκδς
1488 4285 1582 4339 καὶ
1625 4284 1962 4359 ἐρεθίζεσθαι

381 4376 582 4439 αὐτοὺς
607 4375 701 4428 ἐπὶ
753 4378 873 4439 ταῖς
921 4375 1240 4445 ἀπολογίαις
1290 4375 1466 4447 ἡμῶν,
1490 4378 1584 4431 καὶ
1612 4378 1832 4449 μείζονα
1871 4377 1964 4431 καὶ

381 4465 738 4537 χαλεπώτερα
769 4466 888 4520 καθ’
934 4463 1092 4538 ἡμῶν
1131 4467 1563 4533 κατασκευάζειν
1587 4486 1601 4501 ·
1647 4470 1745 4535 τὰς
1781 4470 1966 4541 μέντοι

381 4556 659 4628 ὑμετέρας
709 4556 879 4620 ἀκοάς
933 4556 1273 4629 φυλαχθῆναι
1313 4559 1374 4613 ού
1427 4559 1683 4630 χαλεπόν.
1710 4561 1898 4624 Ὥστε,
1935 4560 1969 4613 ὅ

383 4651 536 4702 ἐστιν
565 4649 653 4717 ὲφῖ
685 4648 836 4719 ὑμῖν,
866 4647 1027 4702 τοῦτο
1054 4651 1337 4722 ποιήσατε.
1384 4652 1672 4723 Ἀκεραίαν
1703 4653 1837 4724 ἡμῖν
1870 4653 1966 4706 καὶ
1997 4640 2042 4695 Ῐ)

382 4738 733 4810 ἀπρόληπτον
759 4740 880 4803 ταῖς
922 4737 1195 4804 διαϐολαῖς
1230 4741 1328 4812 τὴν
1365 4742 1589 4812 καρδίαν
1611 4741 1764 4813 ὑμῶν
1796 4742 1965 4813 φυλά-

384 4831 515 4898 ξατε
536 4846 551 4860 ·
579 4830 674 4883 καὶ
701 4830 839 4902 πρὸς
889 4831 960 4886 τὰ
1005 4831 1419 4904 προϐαλλόμενα
1446 4834 1771 4905 ἐγκλήματα
1798 4837 1975 4889 ἀπαι-

382 4925 529 4976 τεῖτε
560 4924 707 4993 ἡμᾶς
726 4922 825 4987 τὰς
847 4922 1096 4987 εὐθύνας.
1124 4924 1236 4979 Καὶ
1261 4926 1310 4978 εί
1339 4927 1439 4992 μὲν
1459 4924 1658 4997 εὕρητε
1674 4926 1803 4996 παρ’
1829 4927 1963 4996 ἡμῖν

383 5016 487 5088 τὴν
531 5015 811 5088 ἀλήθειαν,
867 5015 1125 5091 μὴ’δῶτε
1173 5017 1356 5091 χώραν
1400 5018 1479 5090 τῷ
1522 5019 1740 5090 ψεύδει·
1777 5019 1873 5074 ἐὰν
1907 5020 1967 5074 δὲ

382 5107 718 5163 ἀτονούντων
740 5110 895 5181 ἡμῶν
924 5111 1062 5181 πρὸς
1085 5111 1184 5183 τὴν
1213 5111 1509 5181 ἀπολογίαν
1537 5110 1816 5183 αἴσθησθε,
1844 5112 1966 5166 τότε

386 5199 719 5255 πιστεύσατε
768 5206 882 5267 τοῖς
923 5205 1250 5276 κατηγόροις
1284 5203 1442 5276 ἡμῶν
1480 5204 1556 5269 ὡς
1587 5204 1967 5276 ἀληθεύουσιν.

400 5292 797 5362 ’Λγρυπνοῦσιν
848 5296 1047 5348 ἐκεῖνοι
1099 5296 1235 5366 πρὸς
1278 5297 1341 5349 τὸ
1369 5296 1515 5367 ἡμᾶς
1566 5296 1962 5367 κακοποιῆσαι·

386 5381 548 5436 τοῦτο
579 5385 712 5462 παρ’
744 5386 899 5453 ὑμῶν
933 5387 1032 5440 οὐκ
1065 5387 1451 5450 ἐπιζητοῦμεν.
1499 5386 1829 5459 Ἐμπορικὸν
1851 5386 1969 5457 βίον

462 5535 508 5570 ιο
550 5536 784 5595 ιηιίιίυο.
820 5556 897 5596 ιν.
949 5541 1008 5606 5,
1039 5541 1094 5597 6.
1168 5541 1212 5574 ιι
1258 5540 1449 5600 Matth.
1478 5559 1578 5612 ιιι,
1628 5542 1716 5597 57.
1781 5527 1792 5535 '

390 5655 1129 5799 xpl‘ggmamamao'oﬁo'n.
1168 5662 1246 5717 Ita
1279 5677 1411 5719 mss.
1465 5677 1579 5718 sex.
1613 5659 1752 5716 Edit.
1793 5677 1959 5715 κατα-

2055 3370 2256 3427 Filium
2285 3380 2340 3428 et
2372 3371 2637 3443 Spiritum
2669 3381 2922 3431 sanctum
2941 3414 2958 3437 ,
3002 3386 3067 3428 ac
3113 3386 3227 3428 rem
3252 3386 3417 3427 unam
3449 3369 3637 3428 multis

2059 3464 2374 3521 nominibus
2402 3463 2744 3535 designatam
2764 3479 2890 3521 esse
2912 3464 3131 3529 statuit,
3164 3446 3441 3534 unamque
3464 3463 3637 3535 hypo-

2060 3557 2254 3613 stasim
2301 3557 2483 3612 tribus
2535 3556 3000 3628 appellationibus
3055 3570 3408 3627 expressam;
3471 3555 3635 3611 talem

2060 3663 2163 3704 nos
2185 3648 2241 3703 in
2282 3647 2596 3704 Judaaorum
2648 3658 2803 3719 parte
2833 3662 3210 3704 numeramus.
3244 3645 3336 3702 Sic
3362 3646 3551 3712 etiam,
3588 3647 3636 3703 si

2060 3739 2187 3810 quis
2220 3738 2421 3795 Filium
2446 3738 2595 3793 Patri
2638 3737 2941 3794 secundum
2973 3738 3270 3794 essentiam
3307 3737 3635 3794 dissimilem

2062 3830 2217 3901 dicit,
2244 3838 2341 3886 aut
2364 3830 2434 3887 ad
2462 3838 2776 3886 creaturam
2801 3828 3042 3886 detrahit
3074 3827 3340 3900 Spiritum
3362 3835 3635 3893 sanctum,

2064 3922 2614 4001 pnathematizamus,
2643 3929 2698 3976 et
2725 3936 2755 3976 a
2782 3919 3070 3990 gentilium
3112 3935 3301 3977 errore
3327 3934 3439 3977 non
3479 3920 3639 3992 longe

2066 4013 2260 4068 abesse
2287 4011 2560 4068 ducimus.
2601 4009 2708 4066 Sed
2747 4025 2846 4064 ora
2895 4019 3281 4067 accusatorum
3319 4018 3637 4067 nostrorum

2067 4103 2352 4174 comprimi
2380 4102 2579 4159 litteris
2611 4102 2822 4158 nostris
2846 4117 2958 4159 non
2999 4108 3268 4173 possunt;
3298 4102 3412 4158 imo
3440 4102 3636 4159 verisi-

2067 4196 2193 4251 mile
2217 4202 2324 4261 est,
2351 4194 2476 4251 illos
2504 4195 2670 4250 etiam
2705 4194 3123 4251 defensionibus
3165 4196 3375 4251 nostris
3405 4195 3650 4260 irrita'ri,

2067 4294 2124 4342 et
2152 4286 2360 4357 majora
2382 4300 2449 4341 ac
2491 4286 2746 4357 graviora
2780 4286 2837 4341 in
2870 4302 2973 4344 nos
3006 4287 3334 4342 machinari.
3366 4287 3645 4344 Caeterum

2068 4395 2231 4434 aures
2274 4385 2487 4435 vestras
2519 4379 2789 4436 custodiri
2837 4395 2949 4434 non
2982 4377 3219 4435 dilﬁcile.
3268 4379 3451 4447 Quare
3490 4381 3644 4451 quod

2069 4470 2126 4524 in
2169 4469 2329 4527 vobis
2375 4469 2542 4526 situm
2586 4478 2706 4535 est,
2753 4477 3029 4541 praestate.
3063 4467 3354 4526 Sincerum
3395 4470 3558 4527 nobis
3589 4479 3644 4525 et

2069 4564 2292 4620 minime
2324 4573 2765 4636 praeoccupatum
2801 4563 3219 4621 calumniiscor
3249 4572 3491 4620 vestrum
3526 4580 3645 4621 ser-

2068 4665 2187 4710 vate
2215 4674 2228 4711 :
2256 4665 2419 4727 atque
2465 4658 2806 4728 objectorum
2853 4655 3012 4713 nobis
3044 4655 3339 4711 criminum
3370 4656 3643 4710 rationem

2070 4764 2102 4803 a
2126 4749 2285 4806 nobis
2307 4750 2603 4820 postulate.
2632 4749 2711 4805 Ac
2733 4751 3017 4805 veritatem
3040 4748 3261 4820 quidem
3292 4746 3338 4802 si
3368 4745 3513 4816 apud
3543 4761 3646 4800 nos

2069 4837 2422 4904 inveneritis,
2459 4853 2529 4894 ne
2575 4837 2719 4894 detis
2765 4839 2947 4893 locum
2983 4836 3291 4894 mendacio.
3330 4835 3427 4891 Sin
3460 4847 3663 4891 autem

2068 4944 2172 4986 nos
2199 4930 2266 4985 ad
2307 4929 2686 4988 defensionem
2735 4931 2984 4989 inﬁmos
3018 4929 3327 4996 senseritis,
3356 4939 3490 4986 tunc
3522 4945 3640 4985 cre-

2069 5020 2184 5077 dite
2235 5023 2655 5079 accusatoribus
2709 5023 2952 5087 nostris,
3005 5027 3077 5077 utr
3124 5035 3255 5078 vera
3307 5021 3638 5077 dicentibus.

2071 5109 2323 5183 Vigilant‘
2354 5112 2455 5175 illi,
2501 5112 2664 5168 nobis
2704 5119 2765 5167 ut
2803 5119 3077 5169 noceant:
3117 5106 3222 5167 hoc
3258 5123 3289 5165 a
3326 5111 3484 5166 vobis
3530 5125 3642 5165 non

2072 5205 2444 5275 exposcimus.
2465 5203 2861 5260 Nundinariam
2899 5204 3069 5259 vitam
3092 5210 3343 5274 agentes,
3374 5211 3640 5258 structam

2072 5296 2233 5351 nobis
2261 5296 2588 5351 calumniam
2613 5294 2683 5349 ad
2712 5296 2851 5351 lucri
2875 5295 3251 5351 accessionem
3272 5300 3640 5350 convertunt:

2073 5403 2171 5444 vos
2224 5396 2408 5441 autem
2459 5387 2839 5452 adhortamur,
2890 5394 2952 5441 ut
3001 5387 3271 5443 maneatis
3327 5386 3510 5451 domi,
3579 5400 3644 5441 ac

2140 5654 2252 5779 (iiii!)
2306 5652 2809 5722 Ἐπεστέλλομεν.
2837 5650 3006 5707 Coisl.
3044 5650 3254 5721 primus
3279 5661 3330 5707 et
3354 5648 3491 5705 Μωι.
3516 5649 3642 5700 ιπε-

2141 5744 2164 5779 ε
2222 5740 2381 5779 suav.

2075 5740 2381 5796 στειλαμεν.
