3900 6208
315 373 428 433 853

1202 374 1688 435 EPISTOLARUM
1728 377 2015 436 CLASSIS
2051 376 2115 433 Il.
2163 374 2377 430 EPIST.
2420 373 2724 435 CCXXVII.

3458 376 3565 437 858

313 489 454 545 Θεοῦ
490 488 559 542 τά
584 492 704 554 ταῖς
747 488 1092 563 Ἐκκλησίαις
1113 493 1513 564 διατυπούμενα
1549 499 1615 567 τῇ
1648 496 1738 550 τοῦ
1766 496 1898 550 Θεοῦ

2003 510 2102 565 pro
2148 501 2321 557 certo,
2359 507 2453 548 eos
2491 494 2584 563 qui
2636 508 2725 548 res
2765 493 2821 547 in
2852 489 3116 549 Ecclesiis
3161 505 3193 546 a
3238 491 3333 548 Dei
3378 493 3565 550 eiectis

312 578 546 651 διαταγῇ
592 578 960 637 ἀνθίστανται.
1012 582 1104 654 Μὴ
1154 583 1571 652 δικαιολογεῖσθε
1625 586 1759 657 πρὸς
1799 586 1895 658 τὴν

319 672 536 744 μητέρα
568 673 721 743 ὑμῶν
748 674 845 745 τὴν
864 675 922 728 ὲν
938 676 981 728 Ν
991 677 1227 730 ικοπόλει
1268 678 1612 749 Ἐκκλησίαν.
1643 679 1735 751 Μὴ
1765 697 1898 751 τρα-

315 763 543 833 χύνεσθε
578 765 717 836 πρὸς
768 767 895 830 τοὺς
941 766 1050 820 τῶν
1101 767 1285 838 ψυχῶν
1339 768 1491 839 ὑμῶν
1537 770 1894 840 ἀναδεδεγμέ-

317 871 443 918 νους
474 854 581 926 (79)
611 857 710 927 τὴν
747 856 1033 927 μέριμναν.
1074 859 1161 911 Ἐν
1188 863 1297 930 γὰρ
1335 857 1411 929 τῷ
1440 859 1507 913 τά
1534 860 1632 930 τῆς
1655 860 1894 913 Νικοπό-

315 943 454 1008 λεως
483 946 802 1000 συνεστάναι
836 947 1137 1018 πράγματα
1174 948 1268 1001 καὶ⁵
1296 948 1357 1001 τὸ
1394 947 1515 1002 καθ’
1555 950 1699 1019 ὑμᾶς
1730 950 1895 1021 μέρος

319 1036 813 1108 συνδιασωθήσεται
848 1038 994 1109 (80)°
1046 1039 1141 1092 ὲάν
1191 1039 1250 1093 δὲ
1301 1040 1519 1111 ἐκείνης
1569 1040 1772 1112 ἅψηται
1813 1058 1896 1105 τις

317 1127 501 1192 σάλος,
544 1128 648 1183 κᾶν
690 1130 913 1201 μυρίους
954 1129 1114 1201 ἔχητε
1162 1132 1289 1195 τοὺς
1321 1132 1693 1202 φυλάσσοντας
1725 1133 1888 1203 ὑμᾶς,

317 1220 950 1292 συμπαραναλωθήσεται
1007 1222 1087 1294 τῷ
1138 1223 1416 1296 κεφαλαίῳ
1457 1225 1551 1278 καὶ
1602 1224 1663 1278 τὸ
1709 1225 1893 1296 μέρος.

326 1314 418 1378 Ὠς
466 1309 559 1369 οὖν
608 1315 657 1367 οἱ
708 1316 821 1378 τοῖς
871 1317 1136 1384 ποταμοῖς
1190 1314 1578 1388 παροικοῦντες
1600 1354 1615 1379 ,
1675 1317 1895 1371 ὲπειδάν

313 1402 468 1455 ῖδωσί
530 1420 680 1467 τινας
745 1403 1029 1474 πόρρωθεν
1093 1403 1424 1478 ὀχυρώματα
1490 1404 1895 1476 καταϐαλλομέ-

311 1507 442 1555 νους
467 1490 577 1561 (8|)
613 1494 725 1555 τοῖς
763 1490 1047 1562 ῥεύμασιν,
1080 1490 1279 1556 ἴσασιν,
1326 1491 1408 1559 ὅτι
1440 1491 1620 1555 αὐτοῖς
1659 1492 1897 1563 προδιοι-

312 1580 537 1635 κοῦνται
578 1583 677 1653 τὴν
702 1582 1018 1652 ἀσφάλειαν,
1047 1582 1143 1646 τὰς
1164 1580 1460 1655 ἐπιδρομάς
1478 1581 1587 1635 τῶν
1612 1582 1894 1653 ῥευμάτων

311 1674 772 1746 ἀποκρουόμενον
808 1673 948 1727 οὕτω
976 1674 1072 1727 καὶ
1099 1675 1148 1727 oi
1177 1672 1273 1729 νῦν
1296 1674 1357 1727 τὸ
1384 1674 1548 1746 βάρος
1585 1673 1687 1743 τῆς
1731 1690 1894 1744 φρον-

310 1763 459 1828 τίδος
487 1765 595 1819 τῶν
633 1764 964 1835 Ἐκκλησιῶν
996 1765 1108 1837 (82)
1147 1764 1531 1837 ἀναδεξάμενοι
1567 1766 1627 1818 ὲν
1673 1768 1739 1836 τῇ
1785 1764 1896 1825 τῶν

2002 586 2337 642 constitutas
2383 601 2494 641 non
2538 585 2852 649 admittunt,
2895 583 2991 640 Dei
3052 583 3384 639 ordiuationi
3431 585 3569 639 resi-

1999 685 2166 734 stere.
2211 678 2413 734 Cavete
2449 677 2674 748 litigctis
2719 691 2845 731 cum
2879 685 3061 731 vestra
3099 684 3277 731 matre
3319 673 3566 730 Ecclesia

1996 768 2412 839 Nicopolitaua;
2445 784 2547 824 nec
2582 769 2825 823 animum
2876 767 2930 822 in
2963 782 3081 833 eos,
3123 768 3215 837 qui
3257 774 3566 822 vestrarum

1996 864 2304 917 animarum
2381 877 2571 917 curam
2640 875 2969 931 suscepere,
3028 869 3370 930 exasperate.
3426 858 3563 913 Dum

1995 955 2141 1009 enim
2197 969 2286 1010 res
2343 952 2736 1024 Nicopolitanae
2776 953 3115 1018 consistent,
3166 958 3349 1006 vestra
3398 952 3560 1006 etiam

1995 1061 2126 1115 pars
2154 1045 2322 1100 simul
2366 1044 2678 1100 servabitur
2704 1062 2720 1111 ;
2759 1045 2856 1099 sed
2888 1044 2935 1099 si
2964 1043 3109 1097 illam
3143 1042 3325 1113 aliqua
3353 1048 3563 1111 tempe-

1996 1143 2112 1191 stas
2149 1134 2409 1206 attigerit,
2443 1133 2657 1190 etiamsi
2694 1134 2877 1190 adsint
2915 1133 3072 1189 vobis
3106 1131 3365 1187 custodes
3408 1131 3566 1185 innu-

1993 1224 2157 1286 meri,
2210 1238 2340 1293 pars
2383 1237 2605 1293 quoque
2650 1238 2758 1278 una
2811 1238 2936 1278 cum
2986 1222 3168 1292 capite
3220 1221 3561 1277 absumetur.

1994 1312 2462 1382 Quemadmodum
2515 1312 2679 1381 igitur
2724 1311 2816 1381 qui
2867 1311 2934 1366 ad
2980 1310 3176 1366 ﬂuvios
3206 1310 3475 1373 habitant,
3516 1307 3563 1363 si

1994 1417 2134 1472 quos
2185 1400 2376 1471 procul
2426 1399 2650 1465 videant
2709 1399 2885 1454 valida
2923 1399 3176 1468 praesidia
3214 1398 3373 1468 aquis
3422 1397 3566 1465 objio

1994 1508 2140 1556 cere,
2189 1490 2510 1560 intelligunt
2574 1489 2860 1544 securitati
2918 1504 3035 1543 sua:
3080 1488 3380 1557 provideri,
3433 1487 3563 1541 dum

1997 1583 2253 1637 incursus
2286 1595 2554 1652 aquarum
2592 1581 2934 1651 repelluntur
2959 1596 2975 1646 ;
3000 1580 3074 1633 ita
3105 1580 3268 1634 etiam
3292 1578 3386 1649 qui
3416 1592 3565 1633 nunc

1993 1672 2209 1742 pondus
2272 1670 2663 1727 sollicitudinis
2721 1669 3092 1727 Ecciesiarum
3147 1671 3445 1736 sustinent,
3507 1671 3566 1724 in

1995 1765 2229 1819 aliorum
2252 1763 2506 1819 custodia
2539 1763 2821 1819 securitati
2868 1771 3065 1819 vestra:
3094 1764 3401 1834 provident,
3432 1763 3565 1817 tuti-

309 1854 490 1908 ἄλλων
522 1855 733 1928 φυλακῇ
776 1857 877 1927 τὴν
920 1857 1042 1910 καθ’
1097 1857 1242 1927 ὑμᾶς
1297 1857 1480 1912 ἄδειαν
1528 1856 1887 1910 διοικοῦνται·

1993 1871 2101 1926 que
2142 1855 2297 1912 eritis
2342 1855 2411 1909 ab
2449 1855 2599 1907 omni
2642 1856 2900 1920 tumultu,
2957 1855 3082 1911 aliis
3126 1853 3254 1909 belli
3301 1853 3564 1924 impetum

312 1946 409 1999 καὶ
461 1946 519 1999 ὲν
566 1945 741 2016 σκέπῃ
780 1936 1072 2016 γενήσεσθε
1129 1946 1310 2017 πάσης
1366 1946 1629 2041 ταραχῆς,
1688 1946 1888 2018 ἑτέρων

311 2036 721 2107 ὑποδεχομένων
756 2036 849 2090 τοῦ
895 2036 1131 2108 πολέμου
1163 2038 1261 2101 τὰς
1291 2036 1612 2109 προσϐολάς.
1648 2038 1791 2109 Πρὸς
1832 2037 1889 2090 δὲ

308 2131 534 2183 κάκεῖνο
575 2128 685 2199 (85)
728 2129 1077 2198 ἐνθυμεῖσθαι
1121 2129 1266 2199 ὑμᾶς
1310 2129 1617 2200 προσῆκεν,
1666 2129 1748 2181 ὅτι
1792 2128 1889 2197 οὐχ

309 2218 460 2288 ὑμᾶς
485 2216 775 2281 ἀπέϐαλεν,
807 2217 921 2270 ἀλλ’
958 2217 1177 2287 ἐτέρους
1216 2216 1568 2288 προσέλαϐεν.
1608 2217 1682 2270 Ui;
1716 2215 1888 2287 δήπου

310 2307 421 2380 γάρ
452 2307 707 2379 βάσκανοι
742 2307 888 2372 τινές
932 2310 1096 2380 ἐσμεν
1122 2309 1302 2379 ἡμεῖς,
1345 2306 1484 2361 ὥστε
1521 2308 1614 2362 τὸν
1660 2307 1890 2379 δυνάμε-

308 2418 403 2453 νον
447 2401 541 2454 καὶ
584 2399 761 2464 ἄλλοις
797 2399 906 2453 τῶν
948 2398 1137 2452 ἑαυτοῦ
1169 2399 1525 2471 χαρισμάτων
1558 2398 1890 2470 μεταδιδόναι

307 2489 641 2561 ἀναγκάζειν
670 2490 797 2563 ὑμῖν
831 2490 941 2562 (84)
969 2490 1336 2544 ὲναποκλείειν
1368 2489 1466 2562 τὴν
1496 2491 1674 2562 χάριν,
1708 2489 1804 2543 κα)⁸
1829 2488 1890 2542 τὸ

308 2583 434 2638 καθ’
464 2583 609 2655 ὑμᾶς
659 2583 806 2654 μόνῳ
849 2583 1031 2655 χωρίῳ
1090 2587 1458 2654 στενοχωρεῖν.
1513 2582 1650 2635 Οὔτε
1701 2581 1809 2653 γάρ
1861 2582 1889 2634 ό

307 2675 495 2747 πηγὴν
529 2675 936 2746 περιφράσσων,
970 2676 1064 2729 καὶ
1107 2674 1299 2739 ὕδατος
1339 2674 1514 2741 ἔξοδον
1557 2673 1888 2745 λυμαινόμε-

306 2784 423 2830 νος,
461 2765 583 2818 οὔτε
625 2768 653 2820 ὁ
705 2765 1052 2819 διδασκαλίαν
1092 2766 1289 2837 διαρκῆ
1327 2765 1550 2819 κωλύων
1587 2764 1679 2817 ἐπὶ
1708 2763 1889 2818 πλεῖον

304 2859 507 2929 χωρεῖν
539 2856 645 2923 ἔξω
666 2854 761 2910 τοῦ
793 2856 997 2921 πάθους
1029 2858 1128 2930 τῆς
1167 2856 1462 2926 βασκανίας
1490 2857 1659 2909 ἐστίν.
1688 2854 1890 2926 Ἐχέτω

303 2949 487 3003 τοίνυν
515 2950 607 3002 καὶ
644 2948 742 3020 τὴν
776 2947 1123 3012 Νικοπόλεως
1159 2948 1447 3019 μέριμναν,
1478 2947 1574 3001 καὶ
1608 2946 1669 3000 τὸ
1693 2947 1888 3017 ὑμέτε-

301 3058 403 3112 ρον
440 3040 724 3112 ⁸προσθήκη
747 3039 887 3093 ἔστω
910 3039 1018 3094 τῶν
1049 3043 1164 3094 ἐκεῖ
1195 3039 1629 3111 φροντισμάτων.
1659 3037 1750 3109 Τῷ
1791 3038 1889 3110 μὲν

302 3132 419 3204 γὰρ
447 3120 600 3204 ἀνδρὶ
635 3132 832 3186 πλείων
859 3132 1160 3203 προσῆλθεν
1203 3131 1314 3204 (85)
1340 3131 1368 3183 ὁ
1403 3132 1590 3196 κόπος,
1633 3130 1786 3202 ὑμῶν
1833 3131 1890 3183 δὲ

1993 1946 2410 2002 sustinentibus.
2460 1946 2539 2001 Ad
2582 1946 2696 2001 haec
2741 1944 2874 2000 illud
2913 1946 3077 2000 etiam
3122 1945 3280 2001 vobis
3311 1944 3565 2000 conside-

1990 2037 2225 2092 randum
2258 2028 2365 2098 est,
2408 2053 2517 2093 non
2552 2052 2655 2093 vos
2697 2037 2766 2091 ab
2809 2052 2876 2092 eo
2916 2036 3255 2106 repudiatos,
3296 2035 3393 2091 sed
3425 2036 3566 2092 alios

1991 2136 2320 2202 assumptus.
2372 2128 2491 2185 Non
2540 2128 2686 2185 enim
2747 2128 2916 2184 invidi
2963 2129 3188 2200 quidam
3235 2143 3448 2192 sumus,
3505 2137 3566 2182 ut

1990 2223 2084 2292 qui
2129 2237 2228 2277 sua
2269 2222 2414 2276 dona
2457 2220 2621 2276 etiam
2664 2236 2790 2275 cum
2835 2220 2958 2276 aliis
2989 2219 3399 2274 communicare
3431 2233 3565 2288 pos-

1991 2313 2084 2377 sit,
2130 2328 2254 2369 eum
2294 2327 2558 2383 cogamus
2608 2312 2839 2381 gratiam
2888 2311 3031 2365 inter
3076 2326 3176 2367 vos
3211 2311 3561 2370 concludere.

1989 2409 2043 2458 et
2085 2403 2217 2457 solis
2261 2402 2368 2457 loci
2417 2402 2589 2457 vestri
2634 2401 2837 2457 ﬁnibus
2875 2416 3247 2458 coerceamus.
3292 2401 3426 2457 Nam
3463 2417 3566 2458 nec

1989 2490 2084 2559 qui
2126 2490 2329 2546 fontem
2364 2490 2741 2561 circumsepit,
2787 2497 2843 2546 et
2883 2506 3152 2561 aquarum
3182 2493 3387 2547 exitum
3414 2493 3564 2548 labe.

1990 2580 2179 2645 iactat,
2230 2590 2333 2637 nec
2367 2582 2458 2651 qui
2503 2581 2806 2637 doctrinam
2837 2581 3059 2637 uberem
3101 2583 3356 2653 prohibet
3397 2584 3564 2641 latius

1990 2672 2179 2736 ﬂuere,
2234 2681 2390 2728 extra
2428 2673 2646 2727 invidiae
2685 2674 2895 2727 crimen
2926 2684 3029 2727 est.
3068 2670 3351 2745 Suscipiat
3377 2674 3565 2744 itaque

1989 2773 2042 2820 et
2097 2754 2374 2835 Nicopolis
2419 2781 2630 2833 curam,
2685 2776 2739 2822 ct
2782 2767 2848 2821 ad
2892 2766 3103 2823 futuras
3146 2767 3261 2823 illic
3298 2766 3565 2823 sollicitu-

1989 2856 2147 2912 dines
2188 2856 2355 2912 vestri
2396 2871 2526 2911 cura
2563 2858 2811 2914 accedat.
2845 2858 2925 2913 llli
2971 2859 3117 2914 enim
3161 2859 3285 2929 plus
3329 2858 3566 2913 accessit

1990 2944 2147 3016 35],
2194 2940 2421 3019 laboris,
2470 2946 2565 3002 sed
2615 2946 2682 3002 de
2736 2947 2905 3003 vestri
2945 2963 3077 3003 cura
3110 2948 3247 3002 nihil
3303 2945 3560 3002 decessit.

1992 3037 2105 3093 Hoc
2139 3046 2318 3093 autem
2349 3037 2481 3093 mihi
2520 3048 2576 3093 et
2605 3039 2842 3095 maxime
2869 3040 3067 3106 doluit,
3095 3047 3150 3096 et
3176 3039 3397 3096 modum
3426 3037 3564 3093 mihi

1990 3131 2170 3186 visum
2199 3141 2283 3187 est
2309 3131 2597 3196 excedere,
2628 3131 2774 3202 quod
2807 3130 3061 3187 videlicet
3092 3130 3313 3188 dixistis
3352 3149 3365 3186 :
3406 3138 3567 3186 voto-

302 3225 460 3280 οὐδὲν
508 3214 821 3280 ἐλαττοῦται
868 3226 901 3296 ή
942 3223 1250 3295 ἐπιμέλεια.
1299 3224 1502 3278 Ἐκεῖνο
1549 3223 1605 3276 δέ
1643 3240 1709 3295 με
1744 3223 1885 3276 πάνυ

1993 3238 2111 3277 rum
2147 3230 2428 3293 compotes
2462 3223 2510 3277 si
2548 3239 2658 3277 non
2691 3239 2906 3288 sumus,
2938 3223 3006 3278 ad
3031 3222 3282 3294 judicum
3314 3221 3564 3277 tribuna-

302 3315 566 3385 ἐλύπησε,
617 3316 712 3369 καὶ
752 3314 859 3381 ἔξω
903 3313 1075 3384 ὲφάνη
1120 3312 1214 3366 τοῦ
1256 3313 1479 3384 μέτρου,
1513 3311 1573 3365 τὸ
1614 3310 1884 3383 εἰρῆσθαι,

301 3408 409 3471 ὅτι,
445 3407 806 3477 ἀποτυχόντες
854 3405 964 3460 τῶν
1021 3404 1485 3476 ἐπιζητουμένων,
1521 3404 1590 3458 τὰ
1633 3403 1889 3475 δικαστή-

304 3517 400 3571 ρια
434 3498 879 3570 καταληψόμεθα,
910 3499 1004 3552 καὶ
1033 3498 1399 3569 ἐπιστήσομεν
1426 3496 1539 3566 (86)
1568 3479 1887 3570 ἀνθρώπους

299 3593 420 3654 τοῖς
450 3591 789 3661 πράγμασιν,
831 3583 913 3652 οἷς
953 3591 986 3661 ή
1028 3590 1377 3662 καταστροφὴ
1405 3589 1512 3642 τῶν
1554 3587 1887 3661 Ἐκκλησιῶν

301 3680 470 3751 εὐχῆς
497 3681 613 3733 ἐστι
644 3680 705 3732 τὸ
742 3678 1055 3748 κεφάλαιον.
1095 3679 1187 3750 Μή
1247 3696 1375 3733 ποτε
1423 3674 1516 3732 οὖν
1548 3679 1741 3751 ἄφρονι
1796 3677 1888 3731 θυ·

304 3769 395 3841 μῷ
422 3770 707 3843 φερόμενοί
734 3770 843 3842 (87)
868 3787 1013 3834 τινες
1039 3769 1455 3842 παραπείσωσιν
1480 3770 1628 3840 ὑμᾶς
1658 3768 1892 3839 φθέγξα-

376 3924 492 3996 (79)
543 3925 1083 3996 Ὰναόεδεγμένους.
1125 3925 1297 3981 Coisl.
1361 3929 1572 3996 primus
1619 3926 1888 3981 άναδεδει-

302 3994 560 4065 γμένους.
593 3995 764 4052 Paulo
800 3994 927 4067 post
966 3996 1254 4053 Medicaaus
1294 3994 1464 4053 codex
1498 3996 1719 4051 ἑστάναι
1748 3998 1890 4069 πρά-

388 4081 513 4119 ατα.

302 4081 1110 4205 ῖμ(‹8Ἑῗ’Συνδιασωθήσεται.
1141 4136 1311 4193 Coisl.
1348 4135 1560 4204 primus
1591 4136 1888 4190 συνδιασώ-

304 4202 481 4268 ζεταιζ
506 4204 650 4260 Infra
678 4205 828 4267 νει..
868 4205 1001 4273 Heg.
1043 4202 1546 4269 secundum—Coisl.
1588 4209 1882 4272 secundus,

302 4274 575 4347 Paris._et
611 4276 681 4330 ad
726 4278 1026 4347 marginem
1067 4277 1307 4333 Clarom.
1348 4275 1426 4347 τῷ
1469 4277 1750 4347 κεφαλαίῳ
1791 4278 1886 4331 καὶ

302 4345 367 4398 τὸ
384 4345 680 4418 ῥμέτερον.
713 4347 801 4410 Ὠς
833 4344 946 4401 οὖν.

374 4414 486 4488 (81)
531 4414 1127 4488 Καταόαλλομένους.
1178 4415 1319 4472 Med.
1370 4417 1544 4472 codex
1603 4432 1883 4488 προκατα-

308 4484 695 4556 6αλλομένους.
882 4484 895 4487 ⁷
970 4555 979 4556 7
1106 4555 1113 4556 ί
1652 4484 1663 4488 “
1758 4498 1783 4556 γ’
1854 4492 1857 4493 ⁷

1990 3314 2061 3369 lia
2113 3313 2424 3378 abibimus,
2472 3328 2538 3368 ac
2591 3329 2680 3371 res
2730 3314 3048 3369 hominibus
3110 3312 3561 3374 committemus.

1988 3404 2187 3475 quibus
2224 3404 2590 3461 Ecclesiarum
2649 3405 2864 3461 eversio
2917 3412 3082 3475 caput
3149 3412 3237 3460 est
3283 3411 3559 3459 votorum.

1987 3496 2187 3553 Cavete
2234 3498 2404 3569 igitur
2453 3513 2523 3553 ne
2565 3499 2659 3568 qui
2700 3513 2941 3566 unquam
2986 3497 3182 3551 insano
3221 3494 3405 3567 furore
3455 3495 3563 3549 acti

1987 3589 2144 3644 vobis
2169 3590 2560 3659 persuadeant,
2587 3597 2649 3644 ut
2678 3590 2974 3660 quidquam
3005 3588 3147 3659 apud
3179 3587 3396 3658 publica
3428 3585 3562 3641 sub-

1989 3681 2140 3736 sellia
2172 3682 2482 3752 proferatis,
2514 3693 2678 3752 atque
2706 3682 2834 3737 inde
2873 3681 3053 3749 aliqua
3087 3681 3300 3735 accidat
3324 3678 3560 3741 eversio.

1987 3773 2148 3843 cujus
2172 3773 2386 3843 pondus
2413 3773 2467 3827 in
2494 3787 2685 3827 eorum
2714 3773 2913 3842 capita,
2938 3770 3031 3841 qui
3063 3783 3285 3825 causam
3314 3767 3561 3838 praebue-

1988 3930 2273 3986 niensibus
2297 3931 2514 4001 proprie
2536 3935 2869 4001 servaretur,
2891 3925 3144 4001 indicant
3161 3938 3561 4001 quaesequuno

1989 4009 2078 4054 tur
2114 4001 2233 4056 :Ad
2269 3991 2563 4055 lucc-illud
2594 4000 2753 4053 etiam
2789 3997 2929 4052 vobis
2965 3991 3406 4049 considerandum
3454 4002 3556 4058 at,

1988 4088 2090 4125 non
2134 4087 2221 4124 ros
2263 4071 2326 4123 ab
2374 4087 2434 4124 eo
2487 4066 2946 4139 repudiatostsed
3000 4065 3133 4119 alios
3189 4071 3555 4139 assum‘ptos...

1988 4141 2258 4210 Suscipiat
2299 4142 2476 4209 itaque
2522 4133 2573 4194 et
2619 4136 2892 4206 Nicopolis
2928 4151 3131 4210 curarit,
3164 4145 3213 4188 et
3242 4133 3312 4187 ad
3346 4133 3558 4210 iuturus

1986 4212 2100 4264 illic
2144 4203 2525 4265 sollicitudines
2563 4210 2720 4264 vestri
2753 4203 2883 4262 cura
2918 4205 3154 4265 accedat,
3195 4212 3300 4259 etc.
3345 4203 3559 4258 Similia

1990 4281 2242 4350 leguntur
2271 4280 2327 4335 in
2356 4279 2589 4349 epistola
2609 4277 2970 4350 sequenti,_in
3000 4291 3108 4350 qua
3133 4274 3367 4350 Basilius
3396 4273 3560 4329 Colo'

1987 4345 2208 4405 niénses
2232 4345 2587 4420 magistratus
2608 4345 2784 4417 rogat,
2809 4355 2868 4401 ut
2892 4345 3032 4402 boni
3050 4345 3198 4401 vasis
3229 4359 3387 4401 usum
3409 4361 3562 4420 cgni-

1986 4434 2207 4475 munem
2241 4415 2442 4474 habere
2468 4435 2593 4474 cum
2631 4415 2824 4473 vicinis
2856 4432 2964 4472 non
3011 4424 3299 4480 recusent;
3341 4428 3406 4468 ac
3447 4415 3560 4470 Eu-

1987 4490 2280 4558 phronium
2311 4489 2550 4545 Coloniae
2578 4496 2633 4545 et
2674 4487 2951 4558 Nicepolis
2978 4501 3321 4558 communem
3341 4497 3558 4558 patrem

378 4553 492 4626 (82)
534 4555 669 4630 ΤῶνΔ
696 4555 1399 4630 ἐκκλησιίῷθᾏιιογϐοἰει.
1438 4564 1691 4630 uterque,
1719 4555 1881 4630 Med,

1993 4553 2232 4614 futurum
2258 4560 2567 4630 pollicetur.
2600 4553 2852 4630 Ridicul'a
2884 4572 3017 4615 sane
3053 4564 3109 4611 et
3153 4553 3392 4630 absurda
3427 4572 3560 4630 pro-

305 4620 761 4699 Ιίεξζὲοοιιη-ᾱυεΔ
779 4635 833 4699 et
862 4620 1037 4699 Paris.
1064 4626 1203 4682 Editi
1239 4627 1351 4699 τῶν
1387 4620 1870 4699 ἐκκλησίαστικῷν.

380 4695 493 4763 (85)
537 4695 687 4763 Πρὸς
735 4695 803 4749 δὲ
853 4696 1115 4763 κάκεῖνο,
1161 4705 1269 4751 etc.
1322 4695 1646 4750 Dubitar’unt
1675 4697 1873 4750 eruditi

302 4764 433 4829 viri,
470 4771 652 4835 utrum
690 4764 1058 4835 Euphronius,
1111 4768 1301 4822 relicta
1342 4765 1656 4821 Coloniensi
1687 4766 1875 4821 Eccle-

190 4850 197 4869 π
303 4837 413 4897 sia,
442 4835 509 4888 ad
546 4834 979 4905 Nlcopolitanam
1007 4840 1310 4892 translatus
1339 4835 1523 4901 fuerit,
1569 4851 1638 4891 an
1670 4847 1877 4889 utram-

303 4906 617 4976 quesimul
660 4906 950 4975 regendam
983 4909 1306 4976 susceperit.
1340 4905 1624 4962 Ulrumvis
1668 4906 1873 4960 laetum

302 4975 492 5038 fuerit,
523 4990 647 5029 cum
688 4977 755 5031 ad
782 4990 1049 5031 summam
1094 4975 1354 5031 Ecclesia:
1378 4977 1664 5030 utilitatem
1695 4992 1877 5031 neces-

304 5044 457 5116 sario
496 5054 739 5116 tempore
795 5046 995 5098 factum
1043 5047 1142 5112 sit,
1181 5047 1415 5116 maxima
1464 5046 1624 5116 laude
1652 5045 1872 5116 dignum

300 5113 501 5185 videri,
536 5115 847 5185 etSpiritui
903 5124 1096 5185 sancto
1138 5116 1359 5170 attribui
1388 5115 1566 5169 debet.
1594 5113 1874 5185 rSed'pcr-

304 5184 518 5250 spicere
546 5184 677 5238 mihi
709 5186 916 5246 videor,
948 5184 1019 5237 ita
1053 5202 1165 5241 rem
1196 5186 1551 5240 constitutam
1583 5184 1767 5240 fuisse
1817 5195 1876 5239 ut

304 5253 451 5326 alius
472 5252 735 5326 Colonia,
781 5265 978 5323 praeter
1020 5255 1735 5326 Euphronium,repiscopus
1763 5272 1871 5309 non

305 5323 551 5379 daretur.
611 5323 888 5380 Promittit
938 5327 1082 5379 enim
1103 5323 1546 5380 ’Coloniensibus
1594 5324 1869 5388 Basilius,

304 5400 502 5466 eos‘et
539 5408 882 5449 communem
933 5411 1058 5449 cum
1105 5397 1226 5450 aliis
1273 5394 1872 5466 provinciteEcclesiis

304 5461 599 5535 utilitatem
622 5473 995 5535 percepturos,
1022 5474 1078 5520 et
1109 5461 1480 5535 Euphronium
1509 5466 1578 5518 ab
1607 5465 1715 5520 illis
1744 5481 1873 5535 pro-

304 5533 424 5603 prie
464 5533 715 5600 regendis
747 5533 857 5590 neu
901 5533 1296 5591 discessurum.
1342 5533 1408 5588 In
1433 5535 1663 5588 aliorum
1699 5533 1874 5590 custo-

304 5602 658 5674 dia,inquit,
684 5606 956 5658 securitati
998 5617 1180 5660 vestra:
1218 5607 1505 5667 provident,
1535 5607 1731 5674 tutique
1765 5608 1872 5659 eri-

308 5673 377 5726 tis
416 5674 657 5744 ab__omni
696 5677 944 5735 tumultu,
977 5675 1099 5729 aliis
1128 5676 1247 5730 belli
1296 5677 1544 5744 impetum
1574 5673 1873 5729 suatinenti-

307 5744 427 5799 bus.
471 5742 595 5797 Haec
643 5745 953 5799 communia
1022 5742 1441 5800 Coioniensibus
1487 5752 1645 5799 erant
1689 5744 1871 5800 futura

304 5828 431 5868 cum
464 5814 596 5871 aliis
631 5814 927 5871 orovincio:
970 5813 1246 5873 Ecclesiis.
1294 5814 1446 5875 Ouid
1480 5823 1660 5874 autem
1711 5814 1873 5872 Colo-

1984 4630 2177 4699 missa,
2210 4625 2275 4684 si’
2296 4628 2674 4699 Euphronium
2722 4629 2947 4684 Colonia
2978 4642 3093 4699 non
3125 4641 3248 4699 cum
3286 4625 3556 4699 Nicopoli.

1979 4698 2074 4769 sed
2108 4715 2232 4755 cum
2268 4694 2398 4755 aliis
2421 4700 2686 4755 Ecclesiis
2719 4697 3123 4769 episcopalibus
3153 4694 3403 4765 Nicopoli
3428 4694 3562 4749 Sub-

1973 4768 2135 4839 jcctis
2161 4785 2503 4840 communem
2534 4768 2885 4840 patrem’erat
2912 4768 3186 4822 habitura.

2049 4839 2161 4909 (84)
2212 4838 2402 4909 Ὑμῖν.
2451 4834 2705 4909 Ιιείηεε.
2740 4853 2957 4893 summo
2983 4849 3280 4909 consensu,
3303 4841 3365 4909 et
3395 4834 3559 4909 paulo

2014 4903 2100 4963 ost
2142 4903 2224 4980 τῷ
2255 4903 2376 4980 καθ’
2425 4911 2590 4980 ὑμᾶς.
2636 4908 2799 4980 Editi
2828 4909 2961 4978 ἡμῖν
3002 4913 3057 4980 et
3093 4903 3170 4980 τῷ
3216 4903 3344 4980 καθ’
3383 4904 3551 4973 ἡμᾶς.

2021 4956 2146 5032 an.
2158 4956 3090 5057 "59;."'iuggang_;;."esas.sg,
3275 4956 3555 5057 magar.

1976 5064 2082 5104 vox
2140 5042 2313 5103 m'ulto
2374 5042 2783 5104 nt'elius'deest
2844 5048 2901 5100 in
2960 5044 3245 5099 codicibus
3280 5042 3435 5099 Med.
3500 5050 3557 5094 et

1973 5119 2142 5240 Cgisl.
2177 5120 2372 5189 primo.
2405 5119 2609 5175 Ibidem
2645 5118 2815 5173 Coisl.
2844 5117 3054 5188 primus
3087 5113 3311 5168 κωλύων
3350 5112 3427 5184 μὴ
3460 5112 3553 5165 επὶ

1974 5205 2016 5240 π
2050 5205 2177 5240 ειον.

1974 5205 2177 5242 πλειον.

2046 5259 2161 5333 (85)
2174 5259 2407 5333 {Helair-
2430 5255 2981 5333 προᾳῆλᾳνβοῑει.
3015 5254 3224 5333 primus
3249 5252 3550 5333 προῆλθεν.

1974 5326 2121 5382 Med.
2142 5324 2338 5381 πλεῖον
2370 5324 2660 5402 «pompae.
2692 5327 2862 5382 Paulo
2889 5324 3193 5402 postideest
3214 5324 3275 5378 τὸ
3301 5324 3356 5402 in
3383 5324 3552 5402 quin-

1974 5414 2081 5469 que
2111 5393 2428 5469 mssaante'
2447 5393 2720 5469 εἰρῆσθαι,
2746 5413 2856 5453 nou
2892 5393 3083 5450 tamen
3108 5394 3260 5451 deest
3300 5395 3356 5448 in
3378 5393 3549 5448 Coisl.

1974 5468 2148 5538 primo
2172 5477 2225 5538 et
2257 5466 2394 5522 Med.

2046 5537 2178 5608 (86)_
2208 5535 2669 5608 Ἐπισζήσομεν.
2701 5535 2869 5591 Coisl.
2904 5536 3113 5608 primus
3150 5533 3549 5608 ἐπεισείσομεν.

1975 5605 2124 5729 Vait”
2142 5604 2354 5674 'Paris.,
2375 5604 2548 5663 Coisl.
2575 5608 2852 5664 secundus
2879 5604 2934 5662 et
2960 5606 3095 5676 Reg.
3124 5604 3398 5661 secundus
3428 5606 3552 5658 ἑπι-

1978 5694 2037 5729 σε
2065 5694 2250 5729 σοαεν.

1978 5694 2250 5733 σεισομεν.

2050 5694 2250 5748 ισομεν.

2050 5747 2160 5826 (8-7)
2213 5747 2554 5826 Φερόέιενοι.
2610 5747 2781 5826 Cois].
2841 5750 3051 5826 primus
3106 5746 3547 5826 περιφερόμενοι.

1976 5816 2158 5875 Paulo
2193 5825 2316 5877 oost
2357 5816 2511 5878 deest
2542 5819 2599 5876 in
2646 5816 2857 5876 eodem
2877 5819 3069 5876 codice
3112 5816 3262 5876 et'in
3295 5816 3553 5874 Medicam
