3900 6208
399 359 504 416 855

1629 363 1689 420 S.
1732 363 1812 418 BA
1822 363 1970 419 SlLll
2010 365 2223 422 MAGNI

3529 359 3622 415 336

398 483 533 541 rint,
588 483 962 530 convertatur.
1013 473 1393 546 Sed‘reeipite
1432 484 1487 531 et
1528 476 1821 531 consilium
1866 492 1965 531 no-

2081 479 2190 531 IOai
2218 496 2271 532 τι
2323 479 2403 541 είς
2449 477 2509 530 τὺ
2541 475 2818 547 δημόσιον,
2867 476 2958 529 καὶ
3005 474 3227 545 γένηται
3277 474 3376 542 μέν
3416 489 3494 536 τις
3548 478 3624 527 ἐν·

399 570 598 630 ειτιιιῆ,
653 566 796 635 quod
837 567 994 622 vobis
1043 566 1099 620 in
1148 567 1390 636 paternis
1421 566 1726 621 visceribus
1750 568 1966 631 damus,

398 671 455 710 et
496 657 1026 726 religiosissimornm
1062 660 1444 730 episc0porum
1482 659 1968 732 dispensationem,

399 763 522 816 quae
569 749 871 804 secundum
911 748 1004 804 Dei
1046 751 1374 804 voluntatem
1416 750 1562 806 facta
1596 760 1701 808 est.
1738 750 1880 817 Quin
1913 758 1968 806 et

399 846 718 909 exspectate
763 855 898 904 nos,
951 843 1043 911 qui
1089 841 1179 896 ubi
1236 841 1653 908 advenerimus,
1702 844 1751 898 si
1807 844 1968 900 nobis

403 929 669 985 Dominus
699 929 915 994 faverit,
947 947 1290 1002 quaecunque
1323 941 1558 987 vestram
1594 934 1847 1002 pietatem
1872 949 1968 1003 per

395 1019 686 1089 epistolam
725 1037 1073 1078 commonere
1112 1041 1218 1079 non
1246 1025 1421 1090 licuit,
1455 1041 1520 1080 ea
1547 1040 1732 1080 coram
1765 1042 1962 1097 sugge-

398 1126 606 1180 remus,
636 1123 690 1169 et
727 1115 845 1184 ipsa
879 1129 938 1170 re
969 1123 1024 1171 et
1051 1131 1234 1186 opere,
1260 1125 1525 1187 quantum
1555 1117 1610 1171 in
1651 1117 1807 1172 nobis
1836 1118 1962 1179 erit,

397 1219 496 1259 vos
522 1209 689 1261 solari
719 1209 1065 1264 conabimur.

2074 567 2262 620 τεῦθεν
2291 565 2641 636 καταστροφὴ
2665 564 2798 636 (88),
2823 565 3131 634 περιτραπῇ
3169 561 3225 614 δὲ
3267 561 3374 613 τῶν
3417 562 3629 631 γνωμέ-

2076 678 2182 713 νων
2215 659 2276 714 τὸ
2316 659 2480 730 βάρος
2515 660 2636 720 ταῖς
2684 655 2944 725 κεφαλαῖς
2975 655 3082 707 τῶν
3122 653 3220 724 τὴν
3259 651 3438 704 αίτίαν
3470 667 3631 721 παρα-

2076 753 2376 823 σχομένων.
2419 749 2581 803 Ἀλλά
2614 747 2835 813 δέξασθε
2867 749 2962 802 καὶ
2986 745 3083 818 τὴν
3113 744 3387 815 ἡμετέραν
3414 743 3632 810 συμϐου-

2074 842 2171 912 λὴν
2200 844 2256 894 ἐν
2291 843 2576 913 πατρικοῖς
2603 841 2730 910 ὑμῖν
2757 839 3080 908 σπλάγχνοις
3097 834 3533 908 προσαγομένην,
3551 836 3632 886 καὶ

2074 932 2172 1004 τὴν
2206 933 2316 987 τῶν
2339 932 2762 1000 θεοφιλεστάτων
2791 931 3101 984 ἐπισκόπων
3139 926 3473 996 οίκονομίαν,
3506 926 3633 978 κατὰ

2073 1025 2324 1094 βούλησιν
2366 1023 2500 1077 Θεοῦ
2542 1023 2837 1094 γενομένην
2873 1022 3004 1090 (89).
3047 1021 3157 1074 Καὶ
3191 1018 3521 1089 ἀναμείνατε
3553 1016 3634 1068 καὶ

2074 1119 2241 1187 ἡμᾶς,
2281 1116 2330 1168 οἳ
2380 1115 2830 1188 παραγενόμενοι,
2860 1114 2954 1167 ἐὰν
3003 1113 3032 1164 ὁ
3072 1109 3274 1181 Κύριος
3321 1111 3455 1179 ἡμῖν
3524 1122 3633 1159 συν·

2075 1209 2315 1280 εργήσῃ,
2347 1210 2446 1262 ὅσα
2476 1209 2573 1262 οὐκ
2605 1206 2860 1278 ἐνεχώρει
2899 1205 2987 1258 διά
3013 1205 3114 1274 τῆς
3149 1202 3440 1272 ἐπιστολῆς
3469 1215 3633 1268 παρα-

396 1299 619 1355 καλέσαι
651 1302 752 1374 τὴν
781 1304 1064 1356 εὐλάϐειαν
1099 1303 1271 1374 ὑμῶν,
1300 1305 1368 1357 δι’
1411 1302 1617 1358 ἑαυτῶν
1650 1303 2071 1374 παραινέσομεν,
2099 1304 2192 1356 καὶ
2219 1303 2316 1374 τὴν
2371 1303 2730 1373 ἐνδεχομένην
2787 1299 3135 1371 παραμυθίαν
3195 1297 3263 1350 δι’
3315 1293 3498 1350 αὐτῶν
3538 1291 3636 1344 τῶν

395 1395 572 1466 ἔργων
597 1397 894 1463 ἐπαγαγεῖν
932 1398 1059 1467 ὑμῖν
1083 1396 1476 1468 πειρασόμεθα.

823 1549 1158 1606 EPiSTOLA
1195 1550 1545 1608 CCXXVIII‘.

2582 1543 2928 1597 ΕΠΙΣΤΟΛΗ
2962 1543 3150 1596 ΣΚΗ’.“

397 1706 585 1768 Laudat
607 1701 817 1768 εοζοηὶω
837 1703 1162 1766 magistratus,
1198 1704 1326 1768 quod
1351 1719 1430 1768 res
1461 1705 1806 1768 ecclesiasticas
1833 1718 1927 1754 non
1958 1699 2242 1768 negligant:
2275 1705 2524 1750 mazrentes
2555 1697 2768 1768 discessu
2790 1695 3004 1768 episcopi
3038 1696 3120 1768 sui
3153 1697 3394 1768 hortatur,
3422 1704 3473 1766 ut
3505 1698 3640 1768 matri

460 1763 688 1829 Nicopoli
708 1763 1266 1829 coruinurievnparerttént
1285 1767 1472 1829 cedant.

459 1825 720 1890 scunt._qui
742 1827 828 1890 hoc
851 1825 1104 1890 consilium
1125 1827 1400 1879 necessitate

459 1887 667 1949 dederit,
694 1896 742 1938 ut
763 1889 829 1938 ad
847 1901 927 1938 eos
947 1887 1118 1939 veniat.

832 2033 1066 2089 Colonia:
1108 2037 1530 2107 magistratibus.

468 2168 668 2240 Accepi
710 2169 920 2229 litteras
979 2174 1262 2245 dignitatis
1301 2184 1514 2241 vestrae,
1555 2182 1610 2233 et
1637 2185 1842 2246 gratias
1882 2175 1967 2246 egi

398 2258 510 2315 Deo
561 2263 938 2325 sanctissimo,
993 2266 1140 2335 quod
1189 2282 1371 2322 rerum
1423 2268 1766 2338 publicarum
1819 2269 1968 2323 curis

397 2353 673 2422 occupati,
711 2355 1119 2412 ecclesiasticas
1163 2356 1310 2412 haud
1344 2357 1499 2428 parvi
1540 2358 1780 2428 penditis
1814 2375 1830 2423 ;
1871 2358 1967 2414 sed

399 2443 467 2499 de
507 2443 577 2499 iis
624 2446 1007 2517 unusquisque
1055 2447 1203 2504 velut
1253 2453 1320 2503 de
1379 2450 1604 2520 proprio
1653 2451 1871 2520 negotio
1913 2457 1969 2504 et

397 2549 465 2588 ex
499 2549 609 2605 quo
639 2536 747 2590 vita
789 2552 890 2592 sua
925 2539 1194 2608 pendeat,
1223 2539 1298 2594 ita
1329 2540 1549 2596 solliciti
1592 2539 1776 2595 fuistis
1807 2539 1968 2594 mihi-

398 2641 506 2694 que
566 2627 872 2698 scripsistis
933 2639 1229 2686 mmrentes
1271 2629 1526 2686 discessu
1570 2630 1967 2700 religiosissimi

397 2715 640 2787 episcopi
666 2719 831 2774 vestri
853 2719 1153 2789 Euphronii
1185 2741 1197 2775 :
1230 2737 1392 2791 quem
1417 2738 1524 2777 non
1558 2722 1782 2777 abstulit
1811 2722 1968 2779 vobis

397 2800 698 2872 Nicopolis,
753 2808 851 2863 sed
901 2807 948 2864 si
985 2824 1051 2864 ex
1081 2809 1206 2880 jure
1251 2821 1458 2880 ageret,
1491 2827 1651 2867 suum
1688 2813 1968 2883 praprium

399 2897 675 2966 recepisse
710 2914 770 2956 se
813 2901 1053 2970 diceret;
1099 2904 1193 2960 sed
1232 2905 1516 2962 liberalius
1548 2920 1736 2975 agens,
1775 2921 1968 2960 vocem

397 2985 524 3041 edet
561 2996 763 3044 tenerae
805 2992 966 3046 matri
999 2992 1277 3062 decoram,
1319 3010 1379 3050 se
1409 3011 1754 3052 communem
1788 2997 1972 3054 vobis-

399 3094 528 3133 eum
554 3087 763 3150 patrem
818 3083 1150 3152 habituram,
1176 3089 1268 3158 qui
1315 3103 1382 3142 ex
1425 3099 1579 3158 parte
1627 3089 1874 3160 utrisque
1904 3093 1972 3146 de

400 3183 502 3223 sua
546 3172 974 3228 communicabit
1033 3178 1205 3246 gratia
1245 3196 1259 3233 :
1293 3194 1470 3247 neque
1502 3179 1626 3234 illos
1675 3180 1972 3249 quidquam

401 3261 512 3329 pati
542 3261 686 3317 sinet
718 3262 787 3318 ab
820 3265 1260 3323 adversariorum
1292 3269 1632 3337 incursibus,
1665 3287 1843 3341 neque
1875 3287 1971 3327 vos

401 3363 668 3408 consueta
723 3356 1094 3415 sollicitudine
1133 3361 1387 3430 privabit.
1425 3360 1595 3431 igitur
1626 3369 1679 3416 et
1707 3363 1972 3432 temporis
1998 3385 2040 3442 ρ

401 3444 778 3504 diliicultatem
805 3451 1218 3507 considerantes
1239 3492 1255 3516 ,
1288 3460 1344 3508 et
1380 3455 1700 3508 meonomiae
1732 3455 1973 3510 necessi-

405 3545 570 3593 tatem
603 3541 897 3610 prudenter
939 3544 1323 3614 intelligcntes,
1367 3547 1641 3616 episc0pis
1681 3546 1970 3617 ignoscite,

403 3631 498 3700 qui
555 3631 698 3688 hanc
741 3637 882 3689 viam
922 3636 988 3690 ad
1044 3636 1486 3693 constituendum
1536 3637 1752 3694 Domini
1797 3639 1974 3694 nostri

403 3723 534 3780 Jesu
567 3724 772 3782 Christi
805 3728 1179 3785 Eccleslarum
1215 3731 1463 3786 ordinem
1496 3732 1738 3787 inierunt
1770 3750 1785 3798 ;
1818 3733 1976 3788 vobis

405 3826 587 3873 autem
645 3821 746 3891 ipsi
803 3838 867 3878 ea
919 3825 1212 3895 suggerite,
1270 3841 1391 3896 quae
1441 3826 1574 3881 viris
1632 3833 1686 3882 et
1735 3826 1975 3896 perfecta

405 3911 627 3981 propria
658 3913 1014 3985 intelligentia
1050 3916 1311 3986 praeditis,
1343 3929 1396 3972 et
1421 3918 1716 3973 amantium
1745 3919 1975 3974 consilia

406 3999 474 4054 ad
505 4016 640 4058 usus
678 4019 813 4061 suos
840 4007 1134 4076 adjungere
1174 4009 1476 4064 scientibus
1505 4016 1827 4080 congruant.
1865 4008 1975 4064 Vos

404 4093 552 4148 enim
585 4095 882 4152 verisimile
913 4106 998 4152 est
1029 4099 1197 4152 multa
1239 4115 1431 4154 eorum
1466 4115 1588 4170 quae
1623 4115 1974 4156 commoven-

407 4197 498 4241 tur
545 4187 822 4258 ignorare.
872 4204 939 4243 eo
982 4191 1128 4259 quod
1177 4191 1299 4246 sitis
1343 4191 1399 4244 in
1443 4199 1689 4246 extrema
1717 4191 1977 4246 Armenia

407 4279 730 4335 constituti:
758 4295 859 4337 nos
885 4298 1016 4337 vero
1048 4283 1144 4353 qui
1163 4284 1358 4340 mediis
1390 4285 1446 4338 in
1476 4284 1641 4340 rebus
1669 4299 1976 4348 versamur,

405 4379 463 4426 et
498 4387 732 4442 quorum
762 4390 924 4431 aures
955 4375 1196 4446 undique
1253 4392 1582 4446 unoquoque
1623 4375 1712 4432 die
1759 4391 1979 4431 rumore

406 4478 724 4519 cversarum
767 4467 1123 4522 ecclesiarum
1172 4471 1574 4538 percutiuntur,
1619 4469 1780 4524 valde
1831 4469 1978 4522 anxii

408 4571 622 4619 sumus,
659 4571 729 4613 ne
762 4556 903 4613 forte
939 4564 1248 4616 communis
1295 4561 1456 4632 352
1488 4561 1662 4618 hostis
1705 4563 1979 4616 diuturna

406 4649 534 4703 vitae
559 4657 757 4706 vestrm
783 4652 1166 4722 tranquillitati
1206 4655 1480 4717 invidens,
1518 4655 1573 4708 in
1599 4655 1796 4710 vestris
1839 4670 1974 4723 quo.

1565 1755 1580 1816 ἰ
1604 1779 1685 1830 eos
1703 1779 1870 1827 regere
1893 1779 1986 1815 non
2018 1755 2221 1830 iles'iuet,
2245 1776 2301 1830 ac
2323 1769 2592 1830 temporum
2616 1755 2895 1823 difﬁcultate
2917 1755 3234 1830 considerata.
3248 1755 3490 1830 episcopis
3517 1759 3640 1830 igno-

1527 1826 1622 1878 αοιὶ
1643 1819 1886 1890 ceperunt.
1912 1825 2160 1877 Promittit
2182 1826 2340 1886 majus
2370 1819 2598 1873 solatium
2627 1819 2795 1872 eorum
2823 1833 2932 1884 qua:
2952 1819 3079 1883 facta
3107 1819 3318 1882 fuerant,
3351 1821 3398 1870 si
3415 1819 3640 1872 'Douiiuus

2419 2035 2909 2105 Πολιτευομένοις
2939 2035 3287 2101 Κολωνείας.

2150 2172 2447 2243 Ἐδεξαμην
2487 2189 2555 2226 τα
2599 2172 2901 2244 γράμματα
2937 2171 3038 2242 τῆς
3077 2170 3438 2241 κοσμιότητος
3475 2172 3636 2241 ὑμῶν,

2068 2268 2162 2319 καὶ
2211 2265 2577 2336 εῦχαρίστησα
2622 2261 2700 2334 τῷ
2755 2263 3005 2334 παναγίῳ
3057 2263 3207 2334 Θεῷ,
3260 2264 3384 2326 ὅτι,
3437 2265 3640 2332 ἄσχολοι

2067 2361 2216 2422 ὄντες
2245 2359 2373 2430 περὶ
2414 2359 2512 2426 τὴν
2538 2356 2808 2427 μέριμναν
2837 2355 2945 2408 τῶν
2977 2355 3272 2426 δημοσίων,
3297 2357 3402 2408 οὐκ
3429 2359 3484 2408 ἐν
3514 2373 3642 2427 παρα

2069 2450 2216 2520 έργῳ
2246 2448 2460 2502 τίθεσθε
2488 2447 2557 2500 τά
2600 2447 2707 2499 τῶν
2742 2445 3104 2518 Ἐκκλησιῶν·
3153 2447 3267 2500 ἀλλ’
3296 2447 3546 2510 ἕκαστος,
3574 2447 3643 2510 ὼς

2070 2541 2210 2611 ὑπὲρ
2236 2540 2346 2610 (90)
2380 2539 2510 2592 ἰδίου
2540 2538 2864 2610 πράγματος
2892 2537 2985 2591 καὶ
3017 2537 3334 2608 συνέχοντος
3359 2538 3524 2592 αὑτοῦ
3553 2539 3643 2608 τὴν

2071 2631 2248 2701 ζωὴν,
2308 2629 2480 2693 οὕτως
2534 2629 2901 2701 ἐμερίμνησε,
2952 2629 3048 2682 καὶ
3107 2629 3461 2684 ἐπεστείλατε
3517 2633 3640 2699 ἡμῖν

2069 2721 2357 2793 ἀνιώμενοι
2404 2722 2496 2774 ἐπὶ
2523 2719 2600 2792 τῷ
2646 2720 2909 2792 χωρισμῷ
2953 2719 3046 2774 τοῦ
3081 2720 3500 2791 θεοφιλεστάτου
3529 2726 3640 2775 ἐπι-

2073 2812 2274 2866 σκόπου
2325 2813 2477 2884 ὑμῶν
2531 2812 2854 2884 Εὐφρονίου·
2900 2813 2958 2865 δν
3000 2813 3100 2867 οὐκ
3134 2815 3388 2884 dipsas-co
3429 2816 3638 2886 ὑμῶνὴ

2070 2902 2380 2968 Νικόπολις,
2430 2902 2566 2956 ἀλλά
2605 2901 3080 2974 δικαιολογουμένη
3130 2905 3227 2975 μὲν
3255 2907 3402 2960 εἴποι
3441 2907 3529 2970 ἂν,
3567 2907 3641 2959 ὅτι

2070 2996 2161 3046 τὸν
2211 2996 2407 3048 οἰκεῖον
2462 2993 2738 3048 ἀπέλαϐε·
2789 2993 3200 3066 θεραπευομένη
3252 2997 3311 3051 δέ
3362 2999 3641 3067 φθέγξεται

2072 3085 2200 3154 ὑμῖν
2239 3085 2419 3157 φωνὴν
2448 3085 2613 3158 μητρὶ
2644 3085 2979 3158 φιλοστόργῳ
3003 3087 3341 3159 πρέπουσαν,
3368 3090 3452 3142 ὅτι
3477 3089 3640 3142 κοινὸν

2071 3177 2181 3243 ἕξει
2214 3177 2349 3249 πρὸς
2377 3177 2522 3248 ὑμᾶς
2562 3177 2652 3232 τὸν
2700 3177 2932 3249 πατέρα,
2963 3177 3021 3242 ὃς
3065 3178 3123 3230 ἐν
3168 3179 3323 3250 μέρει
3371 3180 3641 3252 ἑκατέροις

2072 3265 2172 3334 τῆς
2203 3265 2399 3320 ἐαυτοῦ
2437 3266 2736 3336 μεταδώσει
2789 3266 3038 3337 χάριτος,
3079 3265 3204 3320 οὔτε
3247 3268 3492 3334 ἐκείνους
3539 3268 3640 3338 (9i)

2074 3357 2222 3410 ἐάσει
2253 3375 2304 3411 τι
2340 3357 2531 3411 παθεῖν
2557 3361 2621 3411 ἐκ
2649 3359 2746 3428 τῆς
2777 3358 2883 3412 τῶν
2918 3359 3174 3413 ἐναντίων
3201 3359 3528 3432 ἐπιδρομῆς,
3556 3359 3640 3414 καὶ

2075 3449 2218 3519 ὑμᾶς
2263 3449 2361 3520 τῆς
2413 3449 2672 3520 συνήθους
2723 3450 3044 3521 κηδεμονίας
3094 3451 3193 3504 οὐκ
3257 3452 3638 3524 ἀποστερήσει.

2073 3539 2178 3592 Τοῦ
2207 3556 2265 3592 τε
2295 3534 2386 3592 οὖν
2415 3538 2606 3610 καιροῦ
2651 3538 2747 3609 τὴν
2778 3539 3122 3608 χαλεπότητα
3153 3539 3525 3612 λογισάμενοι,
3554 3541 3642 3596 καὶ

2072 3634 2133 3686 τὸ
2163 3634 2261 3702 τῆς
2289 3633 2594 3703 οἰκονομίας
2639 3633 2935 3702 ἀναγκαῖον
2979 3632 3213 3706 σώφρονι
3261 3637 3460 3710 γνώμῃ
3483 3653 3632 3689 κατα-

2078 3724 2360 3794 μαθόντες,
2391 3723 2665 3792 σύγγνωτε
2708 3725 2805 3794 μὲν
2841 3727 2952 3787 τοῖς
2981 3725 3299 3790 ἐπισκόποις
3324 3729 3423 3782 ἐπὶ
3450 3729 3640 3798 ταύτην

2076 3815 2288 3868 ἐλθοῦσι
2331 3816 2430 3886 τὴν
2477 3815 2594 3868 ὁδὸν
2626 3813 2727 3884 τῆς
2752 3819 3132 3882 καταστάσεως
3172 3819 3280 3872 τῶν
3312 3819 3641 3890 Ἑκκλησιῶν

2073 3905 2168 3958 τοῦ
2219 3904 2424 3975 Κυρίου
2469 3904 2623 3976 ἡμῶν
2663 3906 2838 3976 Ἰησοῦ
2880 3909 3145 3980 Χριστοῦ·
3182 3913 3548 3981 παραινέσατε
3589 3911 3637 3963 δὲ

2077 3997 2305 4060 ἑαυτοῖς,
2357 3995 2384 4048 ὃ
2435 3997 2637 4066 πρέπει
2684 3997 2910 4070 ἀνδράσι
2946 4000 3150 4053 τέλειον
3183 4000 3282 4071 μὲν
3325 4001 3417 4056 τὸν
3453 4003 3636 4055 οίκεῖον

2076 4085 2197 4138 νοῦν
2230 4087 2602 4157 κεκτημένοις,
2633 4087 2795 4143 εἰδόσι
2823 4089 2880 4144 δὲ
2913 4091 3006 4143 καὶ
3042 4089 3140 4154 τὰς
3182 4091 3331 4162 παρά
3370 4090 3481 4146 τῶν
3514 4093 3639 4160 ἀγα·

2077 4176 2300 4230 πώντων
2325 4178 2605 4250 ὑποθήκας
2629 4183 2966 4252 προσίεσθαι.
3004 4183 3177 4254 ’Υμᾶς
3223 4183 3322 4255 μὲν
3361 4183 3474 4254 γὰρ
3504 4183 3637 4246 εἰκὸς

2078 4267 2247 4321 πολλά
2298 4269 2405 4323 τῶν
2456 4272 2788 4342 κινουμένων
2829 4275 3060 4341 ἀγνοεῖν,
3103 4273 3191 4326 διά
3227 4274 3288 4328 τὸ
3327 4275 3384 4328 ἐν
3423 4275 3638 4345 ἐσχατιᾷ

2075 4359 2178 4428 τῆς
2214 4361 2500 4430 Ἀρμενίας
2544 4364 2824 4434 τετάχθαι·
2860 4366 3020 4435 ἡμεῖς
3061 4364 3119 4417 δέ
3165 4367 3215 4417 oi
3268 4366 3454 4437 μέσοις
3490 4367 3636 4436 ἐμϐε-

2078 4450 2306 4520 ϐηκότες
2333 4457 2443 4516 τοῖς
2473 4455 2778 4526 πράγμασι,
2813 4457 2906 4510 καὶ
2935 4457 3265 4528 πανταχόθεν
3298 4459 3384 4528 ἐφ’
3412 4460 3636 4529 ἑκάστης

2075 4543 2288 4614 ἡμέρας
2319 4543 2418 4606 τάς
2441 4545 2607 4609 ἀκοάς
2653 4547 2967 4618 βαλλόμενοι
2995 4548 3106 4616 (92)
3127 4548 3253 4603 ,τῶν
3279 4565 3635 4620 καταστρεφο-

2082 4633 2254 4703 μένων
2295 4634 2596 4706 ἐκκλησιῶν
2641 4639 2697 4690 ἐν
2741 4638 2922 4708 πολλῷ
2954 4637 3125 4707 ἀγῶνί
3154 4639 3340 4708 ἐσμεν,
3378 4641 3579 4709 μήποτε
3609 4640 3636 4691 ό

408 4757 515 4810 que
567 4743 703 4799 locis
748 4759 847 4800 sua
884 4745 1056 4815 ipsius
1095 4745 1305 4801 zizauia
1352 4762 1534 4803 serere
1571 4746 1764 4817 possit,
1796 4745 1972 4802 cedat-

2085 4722 2258 4785 κοινὸς
2289 4723 2500 4795 ἐχθρὸς,
2537 4728 2600 4795 τῇ
2636 4729 2820 4798 μακρᾷ
2852 4729 3040 4798 εἰρήνῃ
3072 4727 3165 4780 τοῦ
3209 4727 3322 4798 βίου
3355 4729 3507 4798 ὑμῶν
3535 4726 3632 4796 (95)

411 4851 518 4904 que
566 4843 620 4890 et
670 4836 1052 4892 Armeniorum
1100 4837 1249 4906 regio
1299 4839 1353 4892 in
1401 4853 1582 4894 escam
1632 4837 1976 4894 adversariis.

415 4926 519 4983 Sed
562 4944 711 4984 nunc
742 4930 962 4999 quidem
1002 4931 1283 5002 tranquilli
1330 4939 1382 4988 et
1427 4931 1596 5001 quieti
1637 4931 1779 4992 sitis,
1815 4929 1982 4984 veluti

407 5019 538 5074 boni
587 5019 733 5076 vasis
779 5035 940 5075 usum
976 5035 1320 5077 communem
1366 5022 1570 5077 habere
1613 5036 1738 5076 cum
1784 5020 1980 5074 vicinis

409 5110 610 5168 vestris
670 5126 782 5166 non
839 5128 1181 5170 recusantes.
1241 5114 1445 5170 Paulo-
1487 5121 1611 5184 post
1670 5120 1872 5177 autem,
1929 5114 1976 5168 si

416 5288 547 5425 ’ἑτερέ
592 5287 820 5358 τούτων,
869 5289 1019 5360 quod
1050 5290 1106 5345 in
1162 5290 1328 5346 editis
1356 5291 1632 5361 legebatur
1662 5298 1786 5360 post
1818 5289 1983 5359 φθέγ-

449 5374 516 5410 ασ
553 5375 628 5413 αι.

449 5374 628 5413 ασθαι.

489 5428 693 5498 [ᾼιὶοε
725 5427 924 5483 CCXC.
954 5427 1170 5498 Scripta
1199 5445 1344 5485 anno
1366 5429 1489 5484 ⁸575.

485 5495 601 5564 (88;
650 5499 983 5553 Ἐντεῦθεν.
1015 5495 1150 5554 Tres
1189 5517 1322 5555 mss.
1367 5499 1699 5555 recentiores
1729 5497 1984 5552 ἐνταῦθα.

486 5565 607 5639 (89)Δ
625 5567 990 5639 Perage-rma
1018 5568 1187 5624 Coisl.
1215 5582 1440 5639 uterque
1467 5579 1520 5623 et
1549 5569 1677 5638 Reg.
1709 5569 1984 5624 secundus

417 5636 729 5710 γινομένην.
762 5638 905 5710 Infra
936 5639 1102 5710 Cpisl.
1139 5636 1628 5710 βῐίιηιιεέγχωρεῖ.

489 5705 601 5779 (QQ)
642 5707 736 5772 Ὡς
763 5709 941 5779 ὑπὲρ.
969 5709 1044 5760 Ita
1071 5724 1260 5762 omnes
1307 5705 1602 5763 tuss.'lﬂditi
1641 5708 1847 5779 ὥσπερ.

491 5774 604 5846 (9i)
645 5779 793 5830 Οὔτε
821 5775 1110 5841 ἐκείνους.
1151 5779 1329 5834 Codex
1367 5780 1650 5834 Medicarus
1687 5774 1808 5832 οὔτε
1846 5777 1986 5830 ὲκεί-

2086 4813 2377 4884 βασκήνας,
2429 4816 2742 4889 ἐπισπεῖραι
2801 4819 2997 4890 δυνηθῇ
3051 4821 3119 4873 τὰ
3185 4821 3378 4875 ἑαυτοῦ
3435 4823 3634 4886 ζιζάνια

2082 4906 2175 4959 καὶ
2208 4909 2318 4970 τοῖς
2354 4907 2475 4959 καθ’
2511 4909 2653 4978 ὑμᾶς
2695 4910 2898 4973 τόποις,
2933 4911 3024 4963 καὶ
3069 4911 3292 4982 γένηται
3340 4915 3434 4966 καὶ
3455 4913 3514 4966 τὸ
3537 4911 3634 4964 τῶν

2094 4996 2389 5066 Ἀρμενίων
2413 4998 2577 5068 μέρος
2603 4999 2940 5070 κατάϐρωμα
2965 5000 3072 5054 τῶν
3101 5001 3455 5057 ὑπεναντίων.
3493 5001 3633 5056 Ἀλλά

2083 5089 2176 5142 νῦν
2217 5090 2312 5159 μὲν
2347 5090 2674 5160 ἡσυχάσατε,
2707 5091 2895 5162 ὥσπερ
2937 5091 3163 5156 σκεύους
3203 5093 3410 5162 ἀγαθοῦ
3458 5096 3633 5166 χρῆσιν

2085 5305 2214 5351 νοις.

2161 5358 2270 5424 (99.)
2325 5359 2434 5424 Τὰς
2468 5359 2655 5426 ἀκοὰς
2688 5361 3078 5423 βαλλόμενοι.
3120 5360 3256 5418 Tres
3303 5364 3517 5420 codices
3555 5381 3630 5419 re-

2084 5429 2356 5482 CCuliorrs
2381 5431 2500 5499 ταῖς
2527 5432 2713 5494 ἀκοαῖς
2755 5429 3088 5499 βαλλόμενοι.

2159 5450 2356 5482 mum-5
2381 5450 2500 5492 ταις
2527 5450 2713 5494 ακοαις
2755 5450 2912 5499 pas/.0
2963 5450 3088 5484 ενοι.

2159 5498 2269 5574 (95)
2304 5497 2634 5574 ’.Τοῦ-,βίου
2678 5500 2863 5574 ὑμῶν.
2899 5450 3144 5574 (Statum
3196 5518 3329 5560 mss.
3371 5504 3476 5574 τοῦ
3532 5505 3629 5574 βίον

2087 5565 2265 5638 ήμῶνζ
2302 5565 2604 5639 Sedﬁoisl.
2643 5565 2854 5639 primus
2876 5565 2937 5625 et
2963 5570 3099 5626 Med.
3142 5588 3265 5626 cum
3321 5573 3480 5630 editis
3516 5565 3631 5628 cou-

2089 5637 2351 5712 sentiunt.
2389 5637 2532 5692 Nihil
2586 5637 2929 5712 mutabilith
2958 5655 3080 5695 esse
3121 5642 3248 5696 inde
3286 5653 3455 5712 patet,
3502 5642 3628 5712 quod

2089 5708 2248 5777 longa
2277 5708 2364 5760 illa
2409 5725 2510 5776 pax
2546 5725 2654 5763 non
2680 5711 2746 5763 ad
2769 5709 3052 5774 Basilium,
3091 5713 3182 5778 qui
3233 5708 3626 5778 indpsoinccn—

2090 5779 2178 5833 dio
2211 5779 2550 5845 versabatur,
2580 5783 2673 5836 sed
2705 5781 2771 5840 ad
2800 5779 3082 5836 Coloniam
3106 5779 3384 5838 referenda
3409 5785 3501 5839 sit.
