3900 6208
276 327 378 384 857

1170 333 1662 393 EPISTOLARUM
1699 337 1985 395 CLASSIS
2022 339 2084 399 ΙΙ.
2128 342 2350 399 EPIST.
2392 342 2672 399 CCXXIX.

3421 350 3523 405 838

271 444 457 517 κοινὴν
507 445 652 518 ἔχειν
700 448 839 520 πρὸς
885 451 1013 515 τοὺς
1060 451 1309 521 γείτονας
1357 454 1510 525 ὑμῶν
1557 455 1857 521 καταδεξά-

1972 457 2226 515 Dominus
2268 460 2476 517 dederit
2514 469 2575 517 ιιι
2621 460 2689 516 ad
2724 477 2822 518 vos
2870 464 3104 532 veniam,
3139 466 3317 538 majus
3358 466 3521 521 etiam

275 552 454 606 μενοι·
488 537 688 609 ’μικρὸν
722 538 778 591 δέ
811 537 1055 611 ὕστερον,
1098 540 1163 594 ἂν
1192 543 1267 615 δῷ
1299 545 1329 596 ὁ
1375 544 1577 615 Κύριος
1602 544 1701 615 τὴν
1729 546 1852 597 ἐπι-

271 628 472 698 δημίαν
531 629 685 700 ἡμῶν
709 668 725 694 ,
777 632 873 685 καὶ
927 632 1260 705 τελεωτέραν
1325 636 1678 706 παραμυθίαν
1740 635 1849 690 τῶν

273 720 580 789 γενομένων
612 720 893 788 ἐκδέξεσθε
923 722 1056 796 (94),
1085 724 1181 779 ἐὰν
1212 725 1370 779 τοῦτο
1397 727 1525 798 ὑμῖν
1556 728 1848 797 ἀναγκαῖον

274 814 586 881 καταφανῆ.

799 902 1149 961 ΕΠΙΣΤΟΛΗ
1179 906 1352 963 ΣΚΘν.

1956 566 2144 606 eorum
2199 567 2320 622 quas
2370 551 2513 608 facta
2585 560 2713 607 sunt
2787 553 3039 609 solatium
3112 558 3421 628 accipietis,
3475 557 3521 612 si

1954 643 2114 699 modo
2143 644 2195 699 id
2221 645 2382 701 vobis
2416 645 2788 700 necessarium
2812 646 3105 703 videbitur.

2383 902 2724 959 EPISTOLA
2759 903 3060 960 CCXXIX'.

276 1013 494 1079 Spiritus
514 1024 664 1067 sancti
685 1015 887 1087 consilio
908 1017 1085 1087 facturn
1106 1033 1329 1087 essenon
1351 1019 1554 1087 dubitat,
1576 1021 1704 1087 quod
1730 1020 1863 1087 apud
1885 1031 1966 1087 eos
1990 1014 2180 1087 factum.
2191 1016 2367 1087 fuerat.
2403 1015 2585 1087 Laudqt
2607 1013 2847 1087 Emmenii
2875 1015 3183 1087 prudentiam
3203 1024 3248 1069 et
3271 1033 3320 1070 ιη
3348 1028 3526 1082 rezsta-

602 1089 689 1127 um
712 1075 1007 1143 perﬁcienda
1028 1080 1359 1146 fortitudinem
1405 1075 1638 1134 Hortatur
1660 1098 1719 1135 ne
1745 1075 2048 1136 Cotonieuses
2090 1075 2280 1129 irritant
2305 1090 2323 1129 :
2354 1089 2490 1141 Spem
2507 1075 2642 1141 eﬂert
2666 1091 2717 1127 se
2738 1076 2804 1125 ad
2827 1075 2907 1127 eos
2929 1084 3194 1130 venturum.

615 1186 745 1254 Τοῖς
776 1190 1089 1259 κληρικοῖς
1124 1192 1521 1260 Νικοπόλεως.

352 1319 400 1373 ι.
433 1320 543 1374 Καὶ
577 1323 708 1392 παρ’
750 1322 868 1386 ἐνὸς
918 1323 1177 1389 εὐλαϐοὖς
1216 1326 1312 1379 καὶ
1344 1325 1597 1397 δευτέρου
1630 1325 1856 1397 γενόμε-

275 1429 365 1465 νον
386 1411 546 1483 ἔργον
585 1413 918 1485 πληροφορεί
944 1416 1089 1485 ἡμᾶς
1116 1418 1184 1486 τῇ
1220 1416 1522 1488 συμϐουλίᾳ
1560 1416 1657 1470 τοῦ
1685 1416 1855 1470 Πνεύ-

279 1520 449 1574 ματος
493 1505 795 1573 γίγνεσθαι.
838 1505 1008 1559 Ὅταν
1058 1506 1168 1578 γὰρ
1221 1507 1388 1578 μηδὲν
1517 1506 1855 1580 ἀνθρώπινον

277 1598 384 1668 πρὸ
427 1598 719 1670 ὀφθαλμῶν
754 1599 1023 1667 κείμενον,
1072 1602 1207 1672 μηδὲ
1250 1602 1441 1674 σκοπῷ
1480 1603 1687 1666 οἰκείας
1719 1604 1855 1656 ἀπο-

274 1685 519 1751 λαύσεως
566 1688 702 1760 πρὸς
744 1691 844 1753 τὰς
889 1691 1170 1763 ἐνεργείας
1200 1692 1443 1763 ὁρμῶσιν
1466 1695 1517 1747 οί
1548 1694 1683 1747 ὅσιοι
1717 1692 1849 1764 (95).

274 1778 390 1832 ἀλλ’
429 1781 458 1833 ὅ
488 1796 541 1832 τι
566 1780 857 1853 εὐάρεστον
891 1781 970 1854 τῷ
1009 1782 1131 1853 Θεῷ
1174 1782 1518 1855 προθέμενοι,
1552 1783 1729 1855 δῆλον,
1771 1785 1853 1837 ὅτι

273 1870 481 1942 Κύριός
525 1872 673 1926 ἐστιν
728 1874 759 1926 ὁ
810 1875 910 1938 τὰς
957 1874 1186 1946 καρδίας
1246 1876 1425 1930 αὐτῶν
1485 1875 1851 1929 κατευθύνων.

275 1962 455 2016 Ὅπου
513 1963 571 2017 δὲ
622 1964 813 2036 ἄνδρες
865 1967 1227 2037 πνευματικοὶ
1301 1966 1410 2021 τῶν
1476 1966 1856 2039 βουλευμάτων

272 2054 644 2126 κατάρχουσιν
663 2094 678 2120 ,
709 2055 901 2110 ἕπεται
930 2056 988 2110 δὲ
1011 2056 1221 2121 τούτοις
1244 2057 1371 2121 λαὸς
1398 2058 1603 2130 Κυρίου
1639 2061 1697 2113 ἐν
1723 2076 1859 2130 συμ-

272 2144 454 2215 φωνίᾳ
491 2145 592 2216 τῆς
630 2144 876 2217 γνώμης,
916 2147 999 2211 τίς
1060 2148 1360 2217 ἁμφιϐαλεῖ
1392 2148 1467 2221 μὴ
1494 2150 1613 2220 οὐχὶ
1642 2153 1706 2221 τῇ
1741 2168 1857 2204 κοι-

272 2236 443 2308 νωνίᾳ
464 2236 558 2291 τοῦ
582 2238 788 2309 Κυρίου
817 2236 973 2310 ἡμῶν
1002 2239 1176 2311 Ἰησοῦ
1204 2239 1466 2312 Χριστοῦ,
1496 2241 1591 2295 τοῦ
1622 2241 1683 2293 τὺ
1708 2236 1851 2313 αἷμα

272 2330 442 2386 αὑτοῦ
494 2330 632 2403 ὑπὲρ
659 2330 768 2384 τῶν
827 2331 1160 2404 Ἐκκλησιῶν
1220 2332 1510 2403 ἐκχέαντος
1565 2334 1705 2403 (96),
1759 2335 1856 2404 τὴν

274 2419 474 2490 βουλὴν
494 2420 821 2492 γεγενῆσθαι
843 2438 858 2488 ;
891 2421 1053 2475 Ὅθεν
1080 2422 1176 2476 καὶ
1203 2423 1358 2477 αὐτοὶ
1397 2422 1577 2487 καλῶς
1605 2424 1857 2477 εἰκάσατε

271 2508 368 2563 τὸν
412 2509 818 2579 θεοφιλέστατον
853 2511 1082 2581 ἀδελφὸν
1110 2511 1271 2584 ἡμῶν
1315 2513 1411 2567 καὶ
1453 2512 1859 2586 συλλειτουργόν

274 2603 564 2674 Ποιμένιον
594 2602 705 2674 (97)
729 2604 868 2656 κατὰ
894 2603 1027 2658 Θεὸν
1062 2603 1409 2675 κεκινῆσθαι,
1436 2603 1495 2668 ὃς
1529 2605 1623 2659 καὶ
1658 2604 1859 2675 ἐπέστη

275 2695 408 2765 ὑμῖν
429 2696 487 2749 ἐν
510 2693 709 2765 καιρῷ,
754 2696 849 2749 καὶ
884 2691 1048 2766 ἦλθεν
1090 2696 1186 2748 ἐπὶ
1219 2695 1309 2749 τὸν
1330 2695 1530 2770 τρόπον
1551 2695 1739 2749 τοῦτον
1760 2695 1861 2766 τῆς

274 2786 651 2858 παραμυθίας.
693 2780 768 2839 Ub
820 2786 931 2856 ἐγὼ
970 2786 1090 2857 οὐχὶ
1136 2787 1237 2859 τὴν
1289 2785 1506 2860 εὕρεσιν
1556 2786 1716 2858 μόνον
1764 2784 1860 2841 τοῦ

276 2879 651 2949 συμφέροντος
683 2877 910 2943 ἐπαινῶ,
943 2878 1078 2932 ἀλλὰ
1122 2878 1218 2932 καὶ¹
1252 2878 1314 2932 τὸ
1347 2878 1448 2948 τῆς
1479 2877 1705 2950 γνώμης
1733 2895 1855 2948 γεν⁴

273 2973 429 3025 ναῖον
470 2969 759 3042 θαυμάζω,
785 2971 889 3035 ὅτι,
948 2970 1023 3042 μὴ
1070 2973 1150 3034 είς
1198 2970 1520 3043 ὑπερθέσεις
1554 2969 1776 3040 ἀγαγὼν
1799 2969 1863 3023 τδ

274 3064 536 3134 πρᾶγμα,
569 3062 784 3127 ἐξέλυσε
830 3064 928 3133 μὲν
970 3061 1070 3133 τὴν
1124 3062 1358 3134 σπουδὴν
1389 3063 1499 3117 τῶν
1547 3063 1864 3135 ἐπιζητούνο

2413 1184 2635 1241 Clerici;
2672 1184 3079 1243 Nicocolitania.

2032 1347 2083 1380 ι.
2118 1336 2277 1389 quon
2321 1339 2429 1378 γε..
2457 1337 2527 1378 an
2574 1337 2684 1376 uno
2708 1330 2802 1376 aut
2833 1324 3007 1378 altero
3049 1323 3269 1381 homine
3314 1327 3406 1397 pio
3444 1326 3527 1383 fa-

1956 1421 2107 1469 ctum
2137 1421 2248 1477 est,
2291 1412 2346 1466 id
2395 1411 2552 1468 nobis
2597 1419 2747 1467 certo
2779 1412 3097 1481 persuadet,
3142 1429 3257 1469 rem
3294 1416 3531 1471 consilio

1960 1504 2199 1576 Spiritus
2231 1503 2368 1559 tleri.
2399 1501 2615 1558 Etenim
2650 1502 2746 1556 ubi
2795 1502 2933 1557 nihil
2975 1502 3198 1557 humani
3226 1507 3297 1559 ob
3337 1507 3529 1563 oculos

1960 1596 2224 1666 positum,
2256 1609 2436 1664 neque
2466 1594 2650 1650 studio
2703 1594 2909 1664 proprii
2954 1597 3227 1650 commodi
3265 1596 3332 1651 ad
3361 1613 3530 1669 agen-

1957 1687 2085 1742 dum
2139 1686 2317 1741 sancti
2361 1686 2650 1749 feruntur,
2707 1687 2802 1741 sed
2841 1686 2988 1756 quod
3032 1684 3145 1742 Deo
3173 1695 3385 1759 gratum
3420 1698 3527 1749 est,

1955 1776 2058 1832 sibi
2095 1783 2446 1846 proponunt;
2484 1776 2654 1846 liquet
2686 1775 2976 1832 Dominum
3012 1794 3159 1843 esse,
3201 1780 3295 1849 qui
3338 1795 3529 1835 eorum

1956 1870 2124 1926 corda
2170 1868 2376 1940 dirigit.
2421 1868 2559 1924 Cum
2611 1876 2795 1924 autem
2841 1870 3156 1940 spirituales
3199 1873 3301 1926 viri
3344 1875 3530 1928 consi-

1957 1961 2153 2015 liorum
2196 1968 2451 2016 auctores
2486 1968 2637 2024 sunt,
2674 1975 2879 2030 eosque
2940 1963 3188 2031 sequitur
3225 1964 3377 2033 plebs
3417 1964 3530 2021 Do-

1957 2050 2091 2105 mini
2120 2050 2381 2106 concordi
2409 2053 2701 2116 sententia,
2734 2052 2858 2122 quis
2893 2053 3186 2119 dubitabit,
3214 2055 3346 2125 quin
3378 2070 3530 2112 com-

1960 2142 2338 2198 municatione
2374 2140 2591 2197 Domini
2621 2143 2798 2199 nostri
2826 2142 2955 2198 Jesu
2984 2143 3209 2209 Christi,
3241 2147 3333 2216 qui
3369 2163 3528 2203 suum

1959 2236 2279 2307 sanguinem
2312 2252 2412 2307 pro
2440 2236 2707 2295 Ecelesiis
2735 2238 2949 2305 effudit,
2977 2242 3274 2297 consilium
3305 2252 3529 2315 captum

1959 2329 2064 2386 sit?
2085 2323 2246 2384 Unde'
2268 2337 2323 2385 et
2344 2329 2450 2400 ipSi
2482 2338 2633 2386 recte
2669 2331 3029 2390 existimastis
3057 2335 3529 2406 religiosissimum

1959 2421 2183 2477 fratrem
2247 2432 2499 2478 nostrum
2571 2430 2627 2478 et
2682 2425 3127 2480 comministrum
3191 2424 3530 2482 Pmmenium

1959 2516 2227 2572 divinitus
2276 2512 2452 2572 fuisse
2492 2522 2801 2586 permotum
2858 2534 2871 2570 :
2922 2517 3016 2586 qui
3062 2526 3118 2572 et
3153 2516 3327 2572 adfuit
3378 2520 3534 2574 vobis

1963 2616 2289 2677 opportune,
2324 2614 2379 2662 et
2426 2606 2570 2661 hanc
2622 2607 2943 2662 consolandi
2991 2609 3259 2664 rationem
3302 2609 3530 2664 invenit.

1960 2699 2133 2766 Quem
2161 2698 2383 2770 quidem
2414 2714 2514 2771 ego
2539 2714 2650 2754 non
2676 2700 2852 2756 solum
2882 2700 2955 2757 ob
2986 2716 3101 2754 rem
3142 2702 3335 2756 utilem
3367 2716 3535 2757 exco-

1960 2792 2188 2863 gitatam
2229 2791 2417 2857 laudo,
2466 2791 2565 2848 sed
2611 2793 2781 2846 animi
2809 2792 2975 2848 etiam
3022 2791 3400 2848 fortitudinem
3438 2793 3536 2848 ad-

1961 2883 2132 2937 miror
2158 2900 2174 2950 ;
2207 2883 2355 2953 quod
2384 2898 2758 2954 nequaquam_
2779 2882 3138 2939 dilationibus
3170 2899 3285 2939 rem
3318 2892 3536 2956 protra-

1962 2971 2121 3036 hens,
2169 2972 2537 3029 debilitaverit
2592 2974 3005 3044 eﬂlagitantium
3061 2974 3324 3037 studium,
3374 2976 3540 3031 dede-

1964 3064 2146 3135 ritque
2215 3074 2432 3137 tempus
2483 3066 2815 3121 adversariis
2875 3066 2980 3121 sibi
3059 3066 3417 3136 providendi,
3474 3083 3539 3123 ac

271 3170 406 3219 των,
438 3153 605 3208 ἔδωκε
640 3154 698 3208 δὲ
725 3153 915 3225 καιρὸν
945 3153 1191 3226 φυλακῆς
1229 3157 1346 3220 τοῖς
1370 3158 1859 3229 ἀντιποιουμένοις,

1972 3158 2358 3213 insidiatorum
2393 3158 2623 3215 insidias
2645 3159 3087 3226 exsuscitaverit,
3121 3159 3217 3215 sed
3245 3160 3538 3216 confestim

272 3246 542 3318 ἐπήγειρε
581 3245 639 3299 δὲ
679 3245 781 3309 τὰς
833 3245 1126 3309 ἐπιϐουλὰς
1156 3246 1266 3301 τῶν
1296 3247 1715 3320 ἐφεδρευόντων,
1745 3249 1859 3303 ἀλλ’

274 3336 441 3400 εὐθὺς
494 3335 574 3417 τις)
635 3335 785 3407 καλῷ
844 3336 1170 3408 βουλεύματι
1237 3338 1301 3392 τὸ
1353 3338 1506 3403 τέλος
1563 3340 1859 3412 ἐπήγαγεν.

282 3432 384 3483 Ὃν
434 3430 719 3484 πανέστιον
743 3429 853 3503 (98)
894 3430 1177 3500 φυλάξειεν
1231 3432 1261 3485 ὁ
1308 3432 1514 3504 Κύριος
1554 3434 1620 3504 τῇ
1669 3432 1862 3487 ἐαυτοῦ

274 3523 465 3594 χάριτι
493 3522 626 3594 (99),
647 3521 789 3576 ὥστε
829 3521 928 3593 τὴν
968 3522 1294 3593 Ἐκκλησίαν
1325 3522 1518 3594 ὁμοίαν
1546 3524 1713 3595 ἑαυτῇ
1744 3523 1865 3577 δια-

280 3617 468 3687 μεῖναι
495 3615 554 3668 ἐν
585 3616 652 3685 τῇ
692 3614 939 3685 ὁμοτίμῳ
976 3612 1071 3666 τοῦ
1106 3613 1470 3683 προλαὸόντος
1492 3613 1733 3685 διαδοχῇ,
1768 3614 1864 3667 καὶ

282 3706 362 3777 μὴ
393 3705 575 3759 δοῦναι
602 3704 786 3776 χώραν
827 3704 905 3776 τῷ
940 3704 1182 3776 πονηρῷ,
1225 3706 1285 3769 ὃς
1329 3705 1447 3770 νῦν,
1500 3706 1659 3778 εἴπερ
1711 3706 1861 3772 ποτὲ,

278 3797 351 3867 τῇ
382 3795 716 3849 καταστάσει
744 3795 851 3849 τῶν
889 3794 1224 3866 Ἐκκλησιῶν
1251 3795 1612 3868 δυσχεραίνει.

354 3886 411 3942 2.
456 3881 594 3950 Τοὺς
623 3886 680 3940 δὲ
720 3888 779 3940 ἐν
818 3886 1099 3959 Κολωνείᾳ
1142 3887 1408 3957 ἀδελφοὺς
1440 3887 1615 3941 πολλά
1648 3887 1747 3958 μὲν
1772 3888 1866 3942 καὶ⁸

280 3980 450 4047 ἡμεῖς
498 3977 963 4050 παρεκαλέσαμεν
1013 3978 1103 4033 διὰ
1149 3980 1528 4051 γραμμάτων
1567 3981 1662 4033 καὶ
1710 3980 1867 4050 ὑμεῖς

281 4069 345 4125 δὲ
389 4069 742 4141 ἀποδέχεσθαι
765 4070 945 4126 αὐτῶν
984 4071 1228 4141 ὀφείλετε
1260 4071 1357 4143 τὴν
1401 4071 1639 4125 διάθεσιν
1669 4071 1867 4142 μᾶλλον

283 4164 321 4236 ἢ
365 4162 687 4236 παροξύνειν
721 4165 942 4230 αὐτοὺς,
969 4167 1045 4228 ὡς
1077 4164 1165 4219 διὰ
1197 4165 1535 4236 σμικρότητα
1566 4164 1869 4236 παροφθέν-

282 4272 409 4319 τας,
443 4255 575 4325 μηδὲ
600 4257 664 4326 τῇ
706 4255 1099 4326 κοταφρονὴσει
1130 4255 1388 4324 προάγειν
1428 4254 1627 4317 αὐτοὺς
1660 4256 1741 4317 εἰς
1781 4270 1870 4323 φι-

286 4340 576 4398 λονεικίαν.
623 4345 767 4397 Διότι
815 4344 1090 4413 πεφύκασί
1153 4361 1272 4408 πως
1334 4344 1385 4397 oi
1443 4342 1867 4412 φιλονεικοῦντες

287 4434 635 4507 ἀϐουλότεροι
656 4437 925 4504 γίνεσθαι,
947 4435 1042 4488 καὶ
1075 4434 1245 4488 πολλὰ
1268 4433 1376 4487 τῶν
1400 4433 1543 4487 ίδίων
1562 4436 1746 4497 κακῶς
1764 4433 1873 4486 δια·
1899 4431 1902 4434 ’

1967 3250 2292 3319 praeclarum
2322 3249 2614 3304 consilium
2645 3249 2715 3305 ad
2741 3251 2950 3306 exitum
2995 3251 3333 3323 perduxerit.
3364 3252 3537 3319 Quem

1962 3338 2181 3409 quidem
2245 3353 2371 3393 cum
2439 3341 2589 3395 omni
2661 3340 2869 3395 familia
2937 3343 3213 3397 custodiat
3273 3342 3539 3399 Dominus

1962 3429 2140 3499 gratia
2184 3444 2305 3493 sua,
2359 3436 2421 3484 ut
2469 3418 2716 3485 Ecclesia
2763 3431 2850 3487 sui
2892 3431 3087 3487 similis
3125 3440 3443 3502 permaneat
3480 3433 3538 3486 in

1964 3518 2318 3573 successione
2387 3533 2499 3572 non
2555 3518 2826 3589 degenere
2882 3519 2951 3573 ab
3005 3522 3377 3576 autecessoris
3433 3521 3541 3574 vir-

1965 3612 2112 3671 tute,
2178 3622 2282 3661 nec
2336 3606 2497 3661 detur
2552 3607 2706 3662 locus
2756 3607 3038 3677 maligno,
3095 3610 3187 3678 qui
3254 3626 3432 3675 nunc,
3490 3607 3542 3666 si

1966 3710 2208 3766 unquam
2248 3695 2407 3762 alias,
2453 3710 2598 3766 aegre
2645 3695 2749 3750 fert
2798 3698 3120 3766 praeclarum
3166 3697 3539 3758 Eeclesiarum

1966 3796 2168 3845 statum
2179 3830 2193 3844 .

2034 3882 2089 3937 2.
2122 3879 2342 3936 Fratres
2379 3888 2562 3936 autem
2602 3881 2695 3952 qui
2736 3881 2791 3936 in
2832 3880 3060 3936 Colonia
3107 3890 3259 3947 sunt,
3287 3884 3537 3954 pluribus

1965 3972 2184 4044 quidem
2225 3982 2281 4027 et
2326 3987 2428 4027 nos
2472 3972 2751 4027 adhortati
2790 3987 2982 4028 sumus
3026 3988 3123 4044 per
3154 3974 3408 4032 litteras:
3442 3976 3538 4032 sed

1966 4073 2022 4121 et
2067 4079 2166 4120 vos
2214 4062 2423 4119 debetis
2482 4078 2673 4119 eorum
2725 4064 2968 4119 studium
3034 4067 3269 4135 probare
3338 4069 3535 4138 magis,

1968 4170 2131 4225 quam
2155 4153 2315 4225 quasi
2346 4154 2418 4209 ob
2448 4155 2768 4210 tenuitatem
2804 4163 3148 4225 contemptos
3184 4158 3418 4224 irritare,
3445 4167 3541 4213 aut

1968 4250 2284 4313 contemptu
2348 4242 2416 4297 ad
2466 4242 2897 4298 'contentionem
2961 4259 3282 4314 provocare.
3351 4243 3542 4301 Solent

1968 4336 2114 4391 enim
2157 4335 2248 4405 qui
2292 4333 2654 4396 contendunt,
2709 4334 3076 4390 inconsultius
3131 4350 3191 4389 se
3227 4349 3435 4404 gerere.
3486 4341 3542 4390 et

1972 4425 2156 4480 multis
2188 4424 2354 4479 rebus
2406 4426 2524 4480 suis
2573 4425 2714 4479 male
2762 4425 3075 4488 consulere,
3127 4432 3187 4479 ut
3233 4425 3541 4480 molestiam

287 4525 534 4579 τίθεσθαι
561 4525 700 4596 ὑπὲρ
725 4523 819 4578 τοῦ
857 4525 1095 4596 λυπῆσαι
1124 4525 1248 4587 τοὺς
1279 4524 1739 4594 ἐναντιουμένους.
1762 4523 1868 4574 Οὐ·-

1972 4517 2261 4572 exhibeant
2304 4514 2658 4571 adversariis.
2703 4513 2875 4569 Nemo
2914 4523 3095 4569 autem
3152 4513 3289 4569 adeo
3338 4527 3542 4583 parvus

289 4616 407 4679 δεὶς
432 4615 489 4669 δὲ
508 4612 650 4669 οὕτω
671 4614 867 4687 μικρὸς
883 4614 959 4678 ὠς
983 4613 1057 4686 μὴ
1078 4612 1335 4667 δύνασθαι
1368 4612 1465 4666 νῦν
1497 4612 1682 4667 κακῶν
1711 4613 1876 4682 μεγὰ-

289 4708 401 4763 λων
429 4706 679 4779 ἀφορμὴν
700 4709 1002 4778 παρασχεῖν
1034 4707 1147 4768 τοῖς
1180 4704 1449 4757 ἐθέλουσιν
1471 4704 1741 4774 ἀφορμήν.
1771 4701 1875 4756 Καὶ

287 4801 452 4854 τοῦτο
490 4800 552 4854 οὐ
583 4797 964 4869 στοχαζόμενοι
995 4796 1231 4866 λέγομεν
1251 4837 1264 4861 ,
1297 4793 1432 4849 ἀλλὰ
1470 4793 1637 4865 πείρᾳ
1688 4793 1873 4846 κακῶν

288 4893 507 4947 οἰκείων
530 4890 915 4962 δεδιδαγμένοι,
932 4888 968 4943 ἃ
998 4887 1308 4958 παραγάγοι
1336 4889 1363 4940 ὁ
1382 4887 1516 4950 Θεὸς
1541 4889 1660 4950 ταῖς
1685 4884 1877 4956 ὑμετέ-

292 4995 420 5050 ραις
452 4980 779 5049 προσευχαῖς
808 4977 905 5048 (1).
934 4974 1269 5041 Συνεύξασθε
1296 4975 1354 5029 δὲ
1375 4976 1470 5029 καὶ
1502 4976 1632 5046 ἡμῖν
1652 4974 1750 5046 τὴν
1786 4975 1877 5027 εὐ-

368 5128 485 5210 (94)
525 5129 655 5210 Τῶτί
692 5128 1046 5210 γενομένων.
1093 5126 1227 5210 llaec
1274 5127 1585 5210 addidimus
1613 5144 1678 5210 ett
1733 5143 1867 5210 mss.

291 5196 563 5273 quinque.
617 5199 785 5254 Coisl.
830 5196 1041 5280 primus
1091 5198 1291 5253 ibidem
1342 5196 1873 5279 6é§scﬂs.uQuatuor

293 5272 391 5326 alii
434 5269 1088 5348 sx¥§9695._ﬂedt_caaus_
1129 5267 1373 5348 δέξασθε.
1432 5267 1624 5348 §olatn
1687 5277 1870 5348 autem

292 5339 522 5396 nomine
550 5340 637 5393 his
664 5339 723 5392 in
754 5339 891 5394 locis
917 5338 1245 5408 intelligitur
1266 5338 1569 5408 remedium
1597 5337 1870 5407 quoddam

293 5420 352 5466 et
386 5418 908 5478 temperamentum,
959 5418 1021 5462 ut
1064 5407 1121 5464 in
1179 5407 1488 5464 diﬂicilibus
1533 5415 1587 5462 et
1628 5408 1873 5462 molestis

294 5480 482 5543 rebus.
517 5478 653 5549 Vide
676 5478 933 5549 Notasiad
957 5479 1118 5549 epist.
1153 5478 1275 5534 126.

370 5550 485 5620 (95)
520 5552 586 5603 Οἱ
634 5548 807 5603 ὅσιοι.
846 5548 927 5602 ita
981 5545 1118 5620 mss.
1163 5563 1376 5620 omnes,
1429 5564 1545 5620 uno
1587 5545 1873 5620 Bigotiano

294 5617 550 5688 excepto,
610 5619 705 5689 qui
751 5620 816 5674 ad
863 5617 1385 5689 marginem_habet
1427 5619 1476 5671 οί
1522 5617 1682 5689 ὅσιοι,
1728 5626 1782 5672 et
1819 5619 1876 5672 in

297 5685 503 5758 textu,
534 5685 758 5758 utrediti
795 5690 845 5742 οἱ
884 5685 1068 5758 ἅγιοι,
1094 5685 1293 5758 Ibidem
1353 5686 1554 5758 Paris..
1605 5687 1778 5758 Bigot.
1821 5697 1872 5758 et

299 5757 428 5816 Vat.
458 5757 623 5831 ἀλλ’ἢ
652 5758 748 5814 τοῦ
781 5756 1178 5831 εὐαρεστεύειν.
1212 5756 1330 5816 Duo
1353 5758 1444 5815 alii
1473 5757 1587 5816 ἀλλ’
1619 5758 1655 5828 ἢ
1676 5756 1743 5812 τὸ
1783 5757 1869 5811 εὐ-

1975 4617 2078 4672 est,
2137 4607 2233 4677 qui
2287 4622 2436 4661 nunc
2493 4621 2602 4660 non
2668 4607 2842 4675 possit
2905 4621 3223 4677 magnorum
3275 4605 3542 4660 malorum

1976 4701 2326 4755 occasionem
2402 4698 2825 4754 subministrare
2879 4698 2981 4762 iis,
3041 4697 3135 4768 qui
3196 4697 3542 4752 occasionem

1977 4798 2248 4862 quaerunt.
2300 4788 2488 4860 Neque
2541 4789 2597 4844 id
2638 4805 2704 4845 ex
2754 4789 3085 4858 coniecturis
3130 4787 3394 4850 dicimus,
3447 4784 3544 4841 sed

1978 4881 2318 4951 experientia
2395 4882 2741 4952 prepriorum
2819 4880 3085 4934 malorum
3156 4879 3365 4944 edocti,
3425 4893 3547 4948 qua:

1981 4972 2144 5044 353
2185 4972 2329 5029 Deus
2360 4975 2620 5044 precibus
2656 4972 2856 5027 vestris
2898 4978 3125 5027 avertat.
3163 4969 3338 5025 Simul
3363 4976 3544 5026 autem

1973 5127 2315 5200 αρεστεύειν.
2351 5127 2637 5200 Consentit
2668 5141 2793 5181 cum
2823 5126 2983 5182 editis
3011 5126 3439 5200 Coileprimus.

2044 5198 2158 5270 (96)
2201 5199 2569 5268 Ὲκχέαντος.
2605 5196 2682 5250 Ita
2714 5212 2849 5253 mss.
2895 5203 3123 5266 septem.
3164 5197 3308 5251 Edit.
3339 5195 3551 5268 ἐκχέον-

1969 5285 2158 5406 WE?)
2200 5335 2536 5406 Ποιμένιον.
2568 5336 2895 5393 Addidimus
2935 5335 3039 5391 hoc
3082 5349 3280 5390 nomen
3313 5352 3380 5390 ex
3423 5347 3552 5391 octo

1976 5422 2162 5546 ms(99.8)
2198 5476 2551 5546 Πανέστιον.
2585 5476 2722 5531 Male
2758 5472 3386 5546 interpres_Panestium.

2071 5478 2162 5546 98)
2198 5478 2551 5532 Πανέστιον.
2585 5478 2722 5531 Male
2758 5478 3026 5545 interpres
3058 5478 3386 5531 Panestium.

2048 5478 2164 5618 (99)
2204 5545 2421 5618 Χάριτι.
2469 5546 2637 5603 Coisl.
2691 5546 2989 5612 secundus,
3019 5543 3153 5615 Reg.
3194 5547 3469 5602 secundus
3498 5555 3554 5603 et

1980 5616 2157 5687 Bigot.
2185 5617 2533 5687 χρηστότητι.

2080 5634 2157 5670 ot.
2185 5634 2533 5687 χρηστότητι.

2045 5634 2129 5757 ᾗ)
2160 5686 2575 5758 Προσευχιπιῗςζ
2602 5684 2770 5758 Coisl.
2810 5684 3119 5758 primusuet
3155 5685 3306 5744 .lded.
3343 5686 3549 5758 εὐχαῖς.

2051 5755 2071 5781 ί
2109 5755 2258 5815 Alias
2277 5755 2504 5814 CXClll.
2541 5755 2757 5829 Scripta
2787 5770 2934 5812 anno
2961 5756 3085 5813 375.
