3900 6208
399 347 503 402 839
1705 346 1762 404 S.
1805 346 2044 403 BASILII
2088 347 2308 404 MAGNI‘
3533 350 3626 408 860

360 540 363 541 ν
398 472 455 517 et
493 461 650 517 nobis
683 477 1006 534 prosperum
1039 463 1143 518 iter
1169 462 1494 535 prcccmiui,
1541 471 1601 517 ut
1628 463 1980 520 advenientes

2100 465 2225 519 >5iav
2251 465 2347 534 (9.),
2402 464 2488 518 ῑνα
2542 464 2972 535 παραγενόμενοι
3025 461 3349 533 ἐφησθῶμεν
3400 463 3477 534 (5)
3518 463 3629 535 ὗμιν

401 554 680 609 vobiscum
719 556 1052 626 gaudeamus
1079 557 1147 611 de
1200 557 1448 625 przcseuti
1484 564 1722 625 pastore,
1764 571 1975 627 nosque

2100 556 2176 610 ίπὶ
2208 556 2286 627 τῷ
2311 557 2536 628 παρόντι
2569 556 2809 627 ποιμένι,
2842 555 2936 609 καὶ
2970 554 3514 626 συμπαρακληθῶμεν
3548 555 3629 609 ἐπὶ

404 653 595 733 mutuo
611 645 678 703 de
694 649 847 703 obitu
881 648 1186 702 communis
1210 648 1380 718 patris
1409 648 1581 702 nostri
1602 650 1988 710 consolemur.,

2100 652 2145 720 τῇ
2177 650 2515 718 ἀναχωρήσει
2546 647 2641 701 τοῦ
2669 647 2849 702 κοινοῦ
2881 647 3087 719 πατρὸς
3117 646 3292 718 ἡμῶν.

834 799 1171 855 EPISTOLA
1207 800 1488 856 CCXXX'.

2612 803 2959 855 ΕΠΙΣΤΟΛΗ
2988 803 3109 855 ΣΛ¹.

406 915 722 985 Magistratus
745 919 790 967 Ν
796 914 995 978 impotis
1011 915 1228 965 hortatur
1254 924 1322 977 ut,
1347 930 1455 965 cum
1484 915 1732 985 impletum
1758 914 1967 985 sitquod
1986 929 2131 977 penes
2147 914 2395 985 episcopos
2417 921 2538 973 ενοι,
2556 920 2664 984 λαιη
2690 913 2784 985 ipsi
2812 912 3092 985 confirment
3114 911 3166 962 id
3188 915 3316 985 quod
3343 913 3405 985 ob
3420 911 3636 985 episcopis

467 974 767 1026 constitutum
786 974 880 1033 est;
901 987 1155 1040 et,_eorum
1177 974 1343 1040 opera,
1381 974 1593 1040 omnium
1612 984 1657 1028 ct
1681 976 1732 1040 in
1755 974 1871 1040 urbe
1888 987 1932 1027 et
1958 974 2072 1040 rure
2094 974 2348 1040 consensus
2373 978 2423 1040 in
2454 974 2759 1040 suscipiendo
2781 974 3003 1037 episcopo
3042 981 3087 1025 et
3126 974 3415 1040 repellendis
3446 974 3638 1027 extemis

464 1039 794 1102 tenlgztionibus
816 1036 1071 1101 conspiret.
1097 1035 1349 1089 Swrimum
1371 1037 1671 1090 desiderium
1690 1037 1930 1102 signiﬁcat
1955 1036 2217 1090 invisenda:
2235 1036 2465 1090 Ecclesia:
2493 1040 2538 1089 Ν
2547 1035 2863 1101 icopotttante.
2888 1035 3031 1101 quam
3058 1035 3200 1088 recth
3219 1035 3454 1088 doctrina:
3481 1044 3638 1087 metro-

466 1099 615 1164 polim
651 1107 801 1150 vocat.

759 1200 1165 1274 Magistratibus
1209 1201 1624 1273 Nicopolitanis.

476 1314 878 1370 Ecclesiasticae
934 1315 1256 1371 oeconomiae
1305 1316 1373 1369 ab
1423 1316 1492 1370 iis
1544 1314 1768 1385 quidem
1817 1316 1977 1378 tiunt,

408 1407 613 1477 quibus
644 1406 1012 1461 Ecclesiarum
1045 1407 1342 1462 commissa
1374 1414 1503 1461 sunt
1546 1404 1915 1475 gubernacula
1963 1423 1977 1459 :

411 1499 506 1552 sed
539 1513 571 1551 a
614 1498 772 1567 plebe
800 1497 1214 1552 conﬁrmantur.
1258 1498 1438 1563 Quare
1477 1497 1624 1567 quod
1652 1511 1825 1566 penes
1854 1497 1982 1551 rcli-

409 1588 753 1659 giosissimos
786 1589 1076 1658 episcopos
1116 1599 1254 1653 erat,
1307 1589 1587 1658 impletum
1630 1598 1729 1643 'est
1783 1603 1797 1639 :
1839 1587 1984 1657 quod

414 1688 596 1733 autem
638 1679 908 1748 reliquum
940 1687 1043 1744 est,
1075 1680 1186 1750 jam
1221 1679 1287 1734 ad
1330 1695 1427 1735 vos
1471 1686 1702 1750 spectat,
1731 1680 1778 1734 si
1803 1679 1986 1735 velitis

417 1779 670 1838 prompto
702 1771 886 1824 animo
917 1772 1207 1840 complecti
1233 1771 1418 1825 datum
1449 1772 1606 1826 vobis
1639 1771 1980 1841 episcopum,

2345 1202 2836 1272 Πολιτευομένοις
2872 1201 3252 1266 Νικοπόλεως
3295 1199 3395 1271 (4).

2153 1317 2218 1369 Al
2267 1316 2396 1387 περὶ
2431 1315 2530 1379 τὰς
2569 1314 2893 1387 Ἐκκλησίας
2938 1317 3237 1387 οἰκονομίαι
3279 1315 3520 1383 γίνονται
3556 1314 3642 1383 μὲν

2086 1406 2237 1478 παρὰ
2289 1407 2395 1459 τῶν
2444 1407 2889 1477 πεπιστευμένων
2938 1406 3034 1477 τὴν
3082 1406 3420 1478 προστασίαν
3462 1404 3640 1466 αὐτῶν,

2086 1495 2424 1566 βεϐαιοῦνται
2463 1497 2520 1550 δὲ
2553 1496 2703 1567 παρὰ
2747 1496 2855 1550 τῶν
2895 1495 3059 1551 λαῶν.
3094 1497 3258 1549 Ὥστε
3287 1496 3368 1565 (5)
3403 1494 3432 1548 ὃ
3466 1495 3558 1565 μὲν
3583 1489 3644 1564 ἦν

2081 1589 2175 1641 ἐπὶ
2229 1590 2341 1652 τοῖς
2394 1587 2827 1659 θεοφιλεστάτοις
2882 1589 3217 1653 ἐπισκόποις,
3268 1588 3641 1658 πεπλήρωται’

2080 1679 2141 1732 τὸ
2183 1679 2239 1732 δὲ
2270 1678 2586 1749 λειπόμενον
2617 1678 2715 1750 ἤδη
2770 1679 2907 1750 πρὸς
2949 1681 3094 1750 ὑμᾶς
3144 1678 3352 1749 βλέπει,
3395 1680 3491 1732 ἐὰν
3527 1695 3644 1732 κατ-

2081 1770 2348 1840 αξιώσητε
2374 1769 2627 1841 ἐκθύμως
2649 1770 2724 1841 (6)
2745 1770 3090 1842 περιέχεσθαι
3111 1770 3206 1824 τοῦ
3231 1770 3513 1841 δεδομένου
3532 1771 3647 1841 ύμῖν

415 1870 470 1914 et
525 1862 857 1917 teutationes
904 1873 1159 1918 externas
1210 1871 1433 1917 strenue
1489 1863 1769 1931 repellere.
1837 1862 1982 1916 Nihil

2100 1861 2403 1925 ιπισκὸπου,
2446 1861 2539 1914 καὶ
2574 1860 2674 1925 τὰς
2711 1861 2862 1931 παρὰ
2890 1860 3000 1915 τῶν
3035 1860 3234 1925 ἔξωθεν
3276 1861 3478 1931 πείρας
3511 1863 3649 1930 ἰσχυ-

412 1954 557 2007 euim
593 1955 727 2009 adeo
764 1954 1025 2023 pudorem
1076 1954 1272 2008 incutit
1309 1954 1424 2009 sive
1454 1954 1842 2023 potestatibus,
1868 1954 1984 2009 sive

416 2045 665 2115 reliquis,
710 2048 1023 2116 quicunque
1071 2046 1313 2100 invident
1348 2055 1546 2100 vestrae
1573 2046 1980 2115 tranquillitati,

416 2145 475 2190 ut
507 2152 741 2193 concors
788 2139 844 2191 in
887 2140 1073 2192 datum
1116 2139 1435 2208 episcopum
1467 2153 1642 2202 amor,
1676 2151 1732 2192 et
1766 2137 1822 2191 in
1850 2139 1986 2193 resi-

415 2232 611 2287 stendo
657 2233 907 2287 ﬁrmitas.
961 2233 1019 2287 Id
1078 2234 1225 2287 enim
1266 2233 1390 2287 illos
1442 2233 1498 2286 in
1544 2232 1985 2301 desperationem

417 2323 645 2394 conjicit
680 2324 876 2379 nefarii
910 2325 1089 2379 omnis
1117 2331 1369 2391 conatus,
1404 2323 1450 2379 si
1481 2323 1717 2378 viderint
1755 2324 1986 2378 artiﬁcia

415 2431 515 2470 sua
565 2432 743 2485 neque
795 2432 826 2470 a
868 2419 1017 2472 clero
1073 2432 1250 2486 neque
1300 2432 1331 2470 a
1373 2416 1531 2486 plebe
1568 2416 1805 2470 admitti.
1864 2416 1986 2482 Quo

414 2521 545 2577 ergo
584 2506 640 2560 in
682 2507 885 2561 bonum
931 2508 1064 2561 estis
1094 2508 1300 2571 animo,
1331 2505 1457 2561 date
1500 2520 1745 2575 operam,
1786 2513 1847 2558 ut
1893 2519 1988 2559 eo-

416 2597 539 2653 dem
593 2597 792 2653 civitas
849 2600 1176 2664 animetur;
1239 2607 1294 2653 et
1363 2604 1480 2651 tum
1548 2596 1812 2665 populos,
1871 2602 1985 2650 tum

416 2703 610 2744 omnes
654 2704 781 2742 rure
835 2690 1096 2758 degentes
1123 2728 1138 2753 ,
1194 2698 1254 2742 ut
1300 2703 1400 2757 par
1444 2697 1555 2751 est,
1599 2687 1986 2757 alloquimini;

416 2781 560 2836 bona
607 2795 797 2836 eorum
849 2782 1128 2852 proposita
1180 2780 1527 2846 roborantes,
1576 2778 1711 2834 adeo
1757 2788 1817 2833 ut
1860 2793 1991 2835 vera

419 2884 598 2928 vestra
662 2874 716 2927 in
761 2873 930 2928 Deum
985 2873 1228 2928 cbaritas
1265 2873 1511 2928 omnium
1555 2871 1700 2927 fama
1742 2872 1990 2929 celebre-

416 2974 529 3020 tur.
564 2964 782 3020 Utinam
834 2972 1014 3019 autem
1062 2981 1161 3020 nos
1204 2979 1424 3036 quoque
1468 2964 1615 3034 digni
1665 2964 1985 3029 habeanmr,

418 3058 512 3127 qui
565 3058 850 3111 veniamus
899 3057 1192 3127 aliquando
1253 3056 1321 3110 ad
1380 3071 1514 3121 vos,
1573 3062 1628 3109 et
1685 3054 1987 3110 Ecclesiam

424 3129 645 3218 pietatis
718 3147 964 3201 altricem
1031 3147 1332 3201 iuvisamus
1389 3164 1402 3200 :

419 3241 683 3294 doctrinae
754 3239 1101 3309 metropolim
1164 3252 1511 3301 veneramur,
1576 3238 1724 3307 quod
1778 3236 1990 3307 jamduo

420 3333 551 3387 dum
603 3346 635 3385 a
673 3331 809 3386 viris
855 3346 1115 3401 perquam
1153 3330 1502 3393 venerandis,
1544 3338 1598 3384 et
1638 3328 1733 3384 Dei
1780 3331 1991 3397 electis,

420 3433 584 3494 atque
608 3422 1056 3493 amplectenlibus
1076 3437 1199 3476 eum
1244 3422 1337 3491 qui
1356 3421 1656 3477 secundum
1682 3422 1986 3476 doctrinam

419 3525 528 3581 est,
577 3515 788 3572 ﬁdelem
835 3531 1177 3581 sermonem,
1224 3514 1559 3582 gubernetur
1607 3531 1620 3569 :
1669 3514 1868 3584 quibus
1902 3514 2015 3568 di-‘

384 3595 589 3680 'gnum
644 3623 766 3663 esse
838 3623 999 3671 eum,
1050 3607 1144 3676 qui
1200 3620 1348 3659 nunc
1403 3605 1720 3676 designatus
1764 3615 1878 3668 est,
1928 3615 1985 3659 et

420 3718 522 3757 vos
562 3701 889 3772 iudicastis,
930 3709 986 3755 et
1028 3715 1130 3755 nos
1169 3698 1577 3755 consensimus.
1616 3697 1850 3751 Tantum
1890 3696 1987 3752 Dei

422 3793 600 3862 gratia
668 3790 1079 3853 custodiamini,
1143 3790 1237 3860 qui
1301 3798 1356 3843 et
1425 3802 1592 3858 prava
1642 3787 1988 3842 inimicorum

423 3884 654 3939 consilia
684 3883 966 3945 dissolvat,
992 3891 1050 3936 et
1092 3881 1260 3936 robur
1298 3894 1361 3934 ac
1400 3880 1762 3935 constantiam
1792 3881 1992 3934 vestris

425 3975 627 4031 animis
670 3975 740 4030 ad
778 3990 864 4042 ea,
902 3990 1024 4045 quae
1066 3973 1329 4045 praeclare
1361 3972 1582 4027 decreta
1612 3979 1761 4038 sunt,
1795 3972 1995 4027 tuenda

424 4067 674 4138 inspiret.

490 4204 511 4226 '
539 4204 688 4260 Alias
713 4201 938 4259 CXCIV.
976 4202 1187 4272 Scripta
1217 4218 1360 4258 anno
1384 4203 1505 4258 375.

491 4273 569 4346 (2)
615 4275 740 4346 Ἱξὴνί
758 4275 1020 4346 εὐοδίαν.
1052 4275 1218 4346 (Loisl.
1252 4273 1590 4346 primusirijv
1628 4273 1840 4346 ὑγεζαν.
1868 4272 1992 4327 Cla-

426 4342 907 4415 roinljr-hvb-{eiqw
940 4343 1034 4395 καὶ
1082 4342 1179 4415 τὴν
1218 4343 1444 4397 εὐοδίαν.
1478 4344 1681 4398 Ibidem
1706 4344 1993 4399 Medicaaus

425 4412 761 4479 Συνεύξασθε
783 4413 883 4483 ἀεί*
906 4430 993 4483 μοι
1016 4412 1110 4483 καὶ
1133 4414 1162 4464 ὑ
1170 4416 1281 4480 μῖν.

497 4487 574 4557 (3)
626 4481 1036 4557 Ἐφησθῶμεζ.-
1076 4482 1244 4557 Coisl.
1317 4491 1579 4557 uterque,
1636 4483 1799 4557 llle_d..
1838 4483 1984 4544 Vat.,

426 4552 565 4624 Reg.
596 4558 867 4608 secundus
900 4561 951 4605 et
982 4552 1161 4624 Bigot.
1187 4552 1986 4623 dppwompsvmcquiescamus.

499 4621 574 4695 (⁷4)
599 4624 994 4695 Νικοπόλεως.
1026 4621 1164 4674 Editi
1195 4621 1623 4695 et‘pluresmss.
1649 4621 1990 4678 recentiores

428 4691 634 4750 addunt
661 4694 748 4747 διὰ
783 4693 873 4745 τὸν
906 4691 1348 4763 χειροτονηθέντα
1394 4692 1709 4763 ἐπίσκοπον,
1758 4695 1992 4747 ordinati

427 4783 588 4820 causa
611 4764 855 4833 episcopi.
891 4762 1005 4834 sed
1034 4762 1373 4834 ltzecpmelius
1404 4762 1597 4834 desunt
1629 4763 1681 4814 in
1712 4766 1991 4834 antiquio-

430 4839 582 4890 ribus
606 4832 907 4890 cOdicihus.
939 4832 1056 4885 Non
1084 4832 1536 4902 euiurordinatus
1569 4832 1670 4884 fuit
1703 4832 1992 4902 episcopus

428 4905 796 4976 Euphronius,
834 4905 925 4971 qui
973 4902 1176 4976 dudum
1219 4900 1456 4976 Coloniae
1501 4900 1800 4976 Ecclesiam
1849 4900 1994 4972 rege-

428 4971 540 5030 bnl’.
574 4976 774 5029 Scribit
826 4981 1003 5026 autem
1059 4972 1123 5025 ad
1183 4973 1533 5040 magistratus
1584 4971 1842 5036 Basilius,
1884 4971 1991 5027 non

429 5048 604 5101 solum
668 5047 794 5112 quia
850 5042 1140 5112 plurimum
1200 5048 1450 5110 poterant
1514 5042 1567 5094 in
1627 5044 1994 5112 temperandis

430 5118 611 5187 populi
640 5111 862 5187 animis.
885 5112 977 5166 sed
1007 5114 1168 5165 etiam
1202 5112 1327 5180 quia
1358 5126 1548 5187 eorum
1579 5112 1643 5164 ad
1675 5111 1993 5187 electionem

428 5180 853 5239 continuandam
902 5197 1202 5235 conm-usus
1255 5182 1651 5248 requirebatur.
1697 5180 1845 5237 Unde
1880 5184 1997 5237 Cu:-

430 5256 660 5309 lestinus
704 5268 841 5321 pupa
895 5252 955 5321 in
982 5253 1140 5320 epist.
1175 5251 1205 5303 7
1238 5269 1251 5305 :
1286 5249 1519 5313 Nullus,
1576 5252 1782 5320 inquit,
1816 5254 1993 5307 invitia

426 5327 582 5378 detur
613 5319 899 5390 episcopus.
925 5319 1085 5381 Cleri,
1119 5321 1280 5390 plebis
1304 5330 1353 5375 et
1383 5321 1581 5390 ordinis
1609 5319 1911 5384 consensus,
1946 5333 1995 5376 et

431 5388 747 5465 desiderium
784 5388 1428 5465 requiratur.Gregorius
1459 5389 1714 5465 Theologi
1748 5400 1901 5465 pater
1941 5394 1992 5465 in

433 5471 591 5533 epist.
632 5464 721 5521 22.
753 5478 914 5531 quam
953 5463 1173 5530 scripsit
1227 5471 1453 5514 vacante
1496 5462 1622 5516 sede
1649 5462 1993 5526 Caesariensi,

434 5533 693 5589 Basiliqu
725 5533 1099 5601 presbyterum
1118 5531 1462 5585 commendat
1485 5536 1652 5595 clero,
1688 5531 1992 5596 honoratis,

435 5612 488 5658 et
517 5604 831 5665 curialibus,
864 5616 927 5654 ac
956 5602 1049 5653 toti
1076 5601 1291 5669 populo.

509 5674 585 5741 (5)
607 5674 804 5725 Ὥστε.
831 5670 971 5741 Editi
993 5670 1198 5741 addunt
1216 5672 1306 5741 καὶ
1325 5670 1440 5741 νῦν.
1461 5669 1567 5741 Sed
1590 5670 1916 5741 haecdesunt
1941 5673 1994 5728 in

437 5737 694 5799 omnibus
708 5756 841 5796 mss.
860 5740 1058 5795 Ibidem
1084 5739 1250 5794 Coisl.
1285 5748 1339 5796 et
1368 5739 1504 5795 Med.
1534 5740 1563 5793 ὃ
1587 5742 1684 5806 μὲν
1700 5737 1766 5806 ἦν
1788 5745 1844 5796 ἐν
1860 5747 1991 5805 τοῖς.

1468 3159 1631 3213 quam
1698 3153 1757 3198 ut
1823 3155 2055 3229 recth

2083 1952 2192 2024 ρῶς
2232 1952 2655 2023 ἀποκρούεσθαι.
2705 1953 2871 2006 Οὐδὲν
2914 1952 3022 2025 γὰρ
3067 1952 3211 2007 οὕτω
3255 1954 3497 2007 δυσωπεῖ
3537 1952 3648 2006 οὔτε

2082 2046 2344 2118 ἄρχοντας
2369 2045 2492 2100 οὔτε
2518 2049 2645 2110 τοὺς
2675 2046 2912 2111 λοιποὺς,
2945 2049 3061 2100 ὅσοι
3095 2047 3485 2118 βασκαίνουσιν
3510 2049 3650 2118 ὑμῶν

2080 2140 2146 2208 τῇ
2175 2138 2418 2208 εἰρηνικῇ
2445 2138 2794 2202 καταστάσει,
2830 2139 2906 2202 ὡς
2937 2138 3227 2210 σύμφωνον
3260 2140 3392 2210 ccepi.
3431 2139 3527 2211 τὴν
3566 2138 3650 2193 τοῦ

2081 2227 2362 2300 δεδομένου
2383 2230 2622 2301 ἀγάπην,
2643 2231 2737 2283 καὶ
2762 2229 2824 2283 τὸ
2854 2230 3071 2300 ἰσχυρὸν
3099 2230 3200 2301 τῆς
3226 2230 3533 2293 ἐνστάσεως
3560 2228 3647 2299 (7).

2096 2320 2426 2389 Ἀπόγνωσιν
2455 2321 2562 2391 γὰρ
2588 2323 2807 2392 ἐμποιεῖ
2838 2322 3021 2385 αὐτοῖς
3062 2323 3243 2392 πάσης
3270 2323 3649 2393 ἐπιχειρήσεως

2084 2413 2348 2483 πονηρᾶς,
2378 2410 2473 2464 ἐὰν
2507 2411 2654 2465 ἴδωσι
2695 2413 2832 2483 μήτε
2860 2411 3059 2483 κλῆρον
3096 2413 3233 2484 μήτε
3278 2412 3412 2466 λαὸν
3441 2413 3538 2475 τὰς
3567 2412 3651 2466 αύ·

2084 2503 2192 2557 τῶν
2225 2503 2464 2566 ἐπινοίας
2490 2503 2944 2575 παραδεχόμενον.
2986 2504 3087 2556 Ἦν
3133 2498 3226 2556 οὖν
3251 2502 3481 2574 γνώμην
3514 2503 3649 2574 ἔχετε

2085 2594 2213 2666 περὶ
2260 2593 2355 2647 τοῦ
2398 2593 2585 2659 καλοῦ,
2624 2595 2827 2662 ταύτην
2859 2592 3041 2664 κοινὴν
3083 2593 3388 2664 ποιήσασθε
3428 2594 3528 2663 τῆς
3564 2593 3651 2646 πό-

2051 2687 2255 2751 ολεως·
2300 2686 2394 2740 καὶ
2435 2689 2544 2750 τοῖς
2590 2686 2803 2757 δήμοις,
2849 2686 2945 2739 καὶ
2990 2687 3124 2739 πᾶσι
3156 2688 3269 2749 τοῖς
3310 2685 3527 2740 οἰκοῦσι
3564 2685 3652 2757 τὴν

2085 2779 2268 2851 χώραν
2293 2778 2607 2849 διαλέχθητε
2640 2776 3039 2849 ἐπιρῤὡσοντες
3067 2777 3144 2848 (8)
3169 2777 3350 2832 αὐτῶν
3378 2778 3477 2842 τὰς
3500 2777 3653 2841 καλὰς

2085 2873 2451 2945 προαιρέσεις,
2476 2869 2613 2924 ὥστε
2637 2869 2988 2941 διαϐοηθῆναι
3015 2871 3169 2944 παρὰ
3193 2873 3328 2924 πᾶσι
3361 2872 3426 2926 τὸ
3450 2873 3653 2942 γνήσιον

2086 2964 2240 3036 ὑμῶν
2281 2962 2382 3033 τῆς
2423 2965 2502 3026 εἰς
2544 2962 2676 3016 Θεὸν
2718 2963 2956 3034 ἀγάπης.
3012 2962 3137 3015 Ἐὰν
3176 2962 3233 3015 δὲ
3265 2963 3343 3033 (9)
3373 2965 3473 3018 καὶ
3517 2963 3654 3017 αὐτοὶ

2087 3053 2505 3125 καταξιωθῶμέν
2548 3070 2679 3107 ποτε
2704 3053 3109 3125 παραγενέσθαι
3144 3055 3239 3108 καὶ
3269 3055 3653 3125 ἐπισκέψασθαι

2086 3146 2182 3218 τὴν
2219 3145 2541 3216 Ἐκκλησίαν
2585 3145 2682 3216 τὴν
2726 3146 2920 3217 τροφὸν
2968 3146 3067 3216 τῆς
3115 3146 3437 3211 εὐσεϐείας,
3495 3147 3559 3218 ἣν
3587 3147 3654 3210 ὡς

2092 3236 2421 3309 μητρόπολιν
2454 3238 2552 3308 τῆς
2590 3235 2896 3309 ὀρθοδοξῐας
2936 3237 3207 3309 τιμῶμεν,
3234 3239 3325 3293 διὰ
3370 3240 3435 3293 τὸ
3465 3244 3528 3293 ἐκ
3558 3258 3654 3293 πα·

2086 3328 2240 3381 λαιοῦ
2267 3328 2371 3381 ὑπὸ
2395 3329 2740 3399 τιμιωτάτων
2769 3330 2787 3399 (
2794 3329 2858 3384 10
2864 3334 2883 3399 )
2916 3329 3127 3401 ἀνδρῶν
3155 3332 3248 3384 καὶ
3280 3331 3552 3385 ἐκλεκτῶν
3572 3329 3653 3383 τοῦ

2090 3420 2225 3474 Θεοῦ
2249 3419 2646 3490 οἰκονομεῖσθαι
2674 3420 2842 3492 αὐτὴν
2874 3420 3247 3492 ἀντεχομένων
3271 3421 3370 3475 τοῦ
3403 3421 3544 3476 κατὰ
3567 3421 3653 3490 τὴν

2089 3511 2304 3583 διδαχὴν
2345 3510 2537 3564 πιστοῦ
2582 3511 2763 3581 λόγου,
2806 3506 2881 3565 ὧν
2923 3510 3074 3576 ἄξιον
3115 3508 3253 3567 εἶναι
3303 3513 3399 3567 τὸν
3438 3514 3533 3567 νῦν
3554 3514 3653 3583 (Η)

2089 3608 2429 3675 ἀναφανέντα
2462 3606 2554 3660 καὶ
2595 3606 2751 3675 ὑμεῖς
2798 3605 3177 3676 ἐδοκιμάσατε,
3217 3607 3312 3659 καὶ
3352 3609 3514 3677 ἡμεῖς
3547 3623 3658 3658 συν-

2094 3697 2346 3768 εθέμεθα.
2380 3698 2559 3752 Μόνον
2611 3697 2969 3768 φυλαχθειητε
2997 3697 3109 3767 (12)
3141 3697 3293 3770 παρὰ
3329 3697 3434 3768 τῆς
3456 3698 3656 3769 χάριτος

2094 3790 2187 3842 τοῦ
2238 3788 2393 3853 Θεοῦ,
2435 3788 2802 3861 παραλύοντος
2827 3789 2935 3860 (15)
2974 3790 3071 3860 μὲν
3098 3789 3166 3843 τὰ
3210 3791 3428 3859 πονηρὰ
3457 3788 3655 3858 βουλεύ·

2101 3897 2246 3952 ματα
2270 3881 2378 3935 τῶν
2406 3880 2636 3952 ἐχθρῶν,
2670 3882 2821 3951 ἰσχὺν
2852 3881 2908 3934 δὲ
2941 3881 3032 3934 καὶ
3065 3881 3305 3935 εὐτονίαν
3337 3881 3656 3953 πρὺςφυλα-

2098 3972 2201 4040 κὴν
2230 3970 2339 4024 τῶν
2385 3972 2566 4036 καλῶς
2615 3972 2946 4045 δεδογμένων
2988 3975 3109 4037 ταῖς
3155 3973 3353 4043 ψυχαῖς
3380 3974 3413 4027 ὑ
3421 3972 3536 4045 μῶν
3566 3973 3654 4042 ἐμ-

2101 4062 2398 4126 ποιοῦντος.

2170 4208 2248 4274 (6)
2301 4206 2618 4275 Ἐκθύμως.
2650 4205 2729 4259 Ita
2756 4213 2957 4275 septem
2996 4202 3303 4275 mssLEditi
3336 4205 3520 4265 εὐθύς.

2172 4273 2247 4347 (7)
2289 4273 2678 4347 Ἐνστλᾷσεως,
2714 4273 2830 4330 ειοξ
2860 4278 2933 4329 Ita
2962 4290 3094 4331 mss.
3127 4273 3267 4330 Εὐιιί
3296 4276 3651 4338 ἀναστάσεως.

2111 4345 2359 4417 Ἐμποιεῖ
2384 4345 2530 4417 γοῦν-
2548 4346 2877 4412 ἀπόγνωσιν.

2020 4437 2065 4490 ι)
2164 4414 2241 4490 (β)
2290 4414 2780 4490 ξΕπιῤῥῴᾳονῑζες..
2820 4417 2896 4468 Ita
2926 4414 3091 4480 Med.,
3145 4414 3316 4470 Coisl.
3357 4416 3564 4485 primus
3606 4421 3653 4467 et

2090 4497 2143 4542 et
2178 4485 2355 4557 Paris.
2399 4483 2541 4557 Etliti
2573 4483 3000 4557 ἐπιῤῥὼσαντες.

2164 4556 2247 4627 (9)
2293 4557 2429 4627 Ἐὰν
2458 4554 2547 4621 δέ,
2584 4552 2720 4609 οιο’.’
2744 4557 2818 4627 ita
2847 4565 3053 4627 septem
3093 4570 3227 4627 mss.
3264 4553 3407 4627 ἰᾷόῇιί
3448 4553 3569 4607 Εἴθε
3601 4552 3651 4603 δὲ

2091 4624 2761 4696 καταξιωθείημεν,γίιυο(1
2808 4626 2998 4696 eodem
3053 4624 3212 4680 redit.
3259 4624 3365 4679 Sed
3412 4627 3651 4678 videntur

2094 4696 2416 4776 typographi
2463 4695 2645 4750 nimio
2699 4695 3070 4765 grammatica:
3127 4696 3309 4751 studio
3351 4703 3649 4748 contextum

2095 4775 2168 4819 tm
2177 4775 2435 4820 mutasse.

2162 4837 2273 4910 (ιιι)
2309 4833 2687 4910 Τιμιωζάτωχ.
2719 4833 2886 4910 Coisl.
2937 4832 3146 4910 primus
3178 4840 3231 4887 et
3251 4831 3408 4910 died.
3448 4832 3645 4910 τιμίων.

2161 4902 2270 4975 (ll)
2303 4902 2414 4959 Τὸν
2450 4904 2587 4958 νῦν.
2623 4903 2901 4959 Posterior
2950 4904 3146 4957 vocula
3198 4902 3381 4956 addita
3430 4917 3496 4957 ex
3540 4909 3648 4953 octo

2093 4989 2228 5030 mss.

2165 5044 2275 5115 (ιὲ)
2315 5043 2734 5115 Φυλαχθειητε.
2781 5041 2968 5115 Coisl._
2992 5042 3202 5115 primus
3242 5049 3296 5095 et
3335 5040 3473 5096 Med.
3506 5038 3643 5115 φυλα-

2094 5111 2270 5186 χθείη,
2298 5111 2651 5186 custodiatur.
2683 5111 3059 5186 Quaaquidem
3093 5112 3366 5186 scriptura
3394 5112 3643 5186 equuag‘is

2096 5180 2321 5244 arridet,
2356 5185 2503 5253 quod
2538 5185 2680 5253 idem
2721 5180 2953 5253 Basilius
2986 5182 3054 5235 de
3090 5181 3406 5253 Euphronio
3436 5182 3559 5253 dicit
3596 5180 3642 5230 in

2095 5255 2325 5323 epistola
2359 5250 2704 5322 praecedenti.
2745 5251 2851 5305 Sed
2885 5260 3066 5304 tamen
3094 5251 3243 5323 nihil
3266 5250 3640 5323 immutandum

2097 5319 2246 5389 duxi,
2283 5319 2410 5393 quia
2465 5338 2585 5393 quae
2633 5330 2955 5393 sequuntur,
3011 5336 3123 5374 non
3179 5321 3247 5375 ad
3297 5319 3640 5382 Poemeniuut,

2098 5397 2190 5449 sed
2216 5395 2281 5446 ad
2312 5392 2721 5462 Nicopolitanos
2751 5392 3082 5462 referuntur.

2171 5464 2279 5534 (l5)
2319 5459 2758 5534 Παραλροντος.
2813 5461 3016 5534 Regius
3070 5467 3319 5534 uterque,
3362 5459 3526 5534 Goisl.
3570 5472 3639 5511 se-

2097 5530 2329 5599 cundus,
2360 5530 2505 5597 var,
2534 5533 2808 5602 Parisaet
2853 5531 3042 5602 Bigot.
3084 5533 3223 5602 alter
3273 5530 3637 5602 παραλύοντες,

2098 5613 2152 5659 et
2186 5606 2346 5674 paulo
2376 5615 2497 5673 post
2528 5599 2900 5674 ἐμποιοῦντες.
2927 5599 3135 5659 ibidem
3173 5599 3573 5673 Coislﬁprimus
3594 5606 3640 5650 et

2100 5670 2202 5730 alii
2238 5670 2486 5731 nonnulli
2521 5670 2720 5743 ψυχαῖς
2751 5670 2930 5742 ἡμῶν.
3126 5706 3127 5709 η
