  <div class='ocr_page' id='page_1' title='image "/cluster/home/n/w/nwhite01/storage/ocr_20150623/32/mdp.39015011915462/444.png"; bbox 0 0 3900 6208; ppageno 0'>
   <div class='ocr_carea' id='block_1_1' title="bbox 201 384 289 440">
    <p class='ocr_par' dir='ltr' id='par_1_1' title="bbox 201 384 289 440">
     <span class='ocr_line' id='line_1_1' title="bbox 201 384 289 440; baseline -0.023 0"><span class='ocrx_word' id='word_1_1' title='bbox 201 384 289 440; x_wconf 76' lang='grc'><strong>861</strong></span> 
     </span>
    </p>
   </div>
   <div class='ocr_carea' id='block_1_2' title="bbox 709 491 1249 548">
    <p class='ocr_par' dir='ltr' id='par_1_2' title="bbox 709 491 1249 548">
     <span class='ocr_line' id='line_1_2' title="bbox 709 491 1249 548; baseline 0.006 -3"><span class='ocrx_word' id='word_1_2' title='bbox 709 491 1053 547; x_wconf 80' lang='grc' dir='ltr'><strong>ΕΠΙΣΤΟΛΗ</strong></span> <span class='ocrx_word' id='word_1_3' title='bbox 1080 494 1249 548; x_wconf 57' lang='grc' dir='ltr'><strong>ΣΛΛἏ</strong></span> 
     </span>
    </p>
   </div>
   <div class='ocr_carea' id='block_1_3' title="bbox 1073 372 2570 432">
    <p class='ocr_par' dir='ltr' id='par_1_3' title="bbox 1073 372 2570 432">
     <span class='ocr_line' id='line_1_3' title="bbox 1073 372 2570 432; baseline -0.002 -3"><span class='ocrx_word' id='word_1_4' title='bbox 1073 374 1560 431; x_wconf 63' lang='lat' dir='ltr'><strong>EPISTOLARUM</strong></span> <span class='ocrx_word' id='word_1_5' title='bbox 1600 374 1885 432; x_wconf 81' lang='lat' dir='ltr'><strong>CLASSIS</strong></span> <span class='ocrx_word' id='word_1_6' title='bbox 1918 372 1983 432; x_wconf 86' lang='lat' dir='ltr'><strong>ll.</strong></span> <span class='ocrx_word' id='word_1_7' title='bbox 2027 374 2245 432; x_wconf 84' lang='lat' dir='ltr'><strong>EPIST.</strong></span> <span class='ocrx_word' id='word_1_8' title='bbox 2288 372 2570 431; x_wconf 73' lang='lat' dir='ltr'><strong>CCXXXI.</strong></span> 
     </span>
    </p>
   </div>
   <div class='ocr_carea' id='block_1_4' title="bbox 3346 373 3453 429">
    <p class='ocr_par' dir='ltr' id='par_1_4' title="bbox 3346 373 3453 429">
     <span class='ocr_line' id='line_1_4' title="bbox 3346 373 3453 429; baseline -0.019 0"><span class='ocrx_word' id='word_1_9' title='bbox 3346 373 3453 429; x_wconf 66' lang='grc' dir='ltr'><strong>8ΰῖ</strong></span> 
     </span>
    </p>
   </div>
   <div class='ocr_carea' id='block_1_5' title="bbox 2231 487 3111 563">
    <p class='ocr_par' dir='ltr' id='par_1_5' title="bbox 2231 487 3111 563">
     <span class='ocr_line' id='line_1_5' title="bbox 2231 487 3111 563; baseline -0.008 -14"><span class='ocrx_word' id='word_1_10' title='bbox 2231 491 2396 563; x_wconf 66' lang='grc'><strong>354</strong></span> <span class='ocrx_word' id='word_1_11' title='bbox 2436 487 2773 545; x_wconf 79' lang='lat' dir='ltr'><strong>EPISTOLA</strong></span> <span class='ocrx_word' id='word_1_12' title='bbox 2813 487 3111 543; x_wconf 75' lang='lat' dir='ltr'><strong>CCXXXI&#39;.</strong></span> 
     </span>
    </p>
   </div>
   <div class='ocr_carea' id='block_1_6' title="bbox 200 603 3455 684">
    <p class='ocr_par' dir='ltr' id='par_1_6' title="bbox 200 603 3455 684">
     <span class='ocr_line' id='line_1_6' title="bbox 200 603 3455 684; baseline -0.002 -26"><span class='ocrx_word' id='word_1_13' title='bbox 200 607 407 684; x_wconf 41' lang='lat' dir='ltr'><strong>Basilius</strong></span> <span class='ocrx_word' id='word_1_14' title='bbox 426 603 1079 684; x_wconf 40' lang='lat' dir='ltr'><strong>dmpbiloeitfo‘gouttriep&#39;dat</strong></span> <span class='ocrx_word' id='word_1_15' title='bbox 1099 606 1366 684; x_wconf 54' lang='lat' dir='ltr'><strong>Elpidiam,</strong></span> <span class='ocrx_word' id='word_1_16' title='bbox 1403 608 1590 684; x_wconf 62' lang='lat' dir='ltr'><strong>nuntiat</strong></span> <span class='ocrx_word' id='word_1_17' title='bbox 1610 610 1673 661; x_wconf 87' lang='lat' dir='ltr'><strong>de</strong></span> <span class='ocrx_word' id='word_1_18' title='bbox 1692 609 2042 684; x_wconf 57' lang='lat' dir='ltr'><strong>Tlratris_{uga_,</strong></span> <span class='ocrx_word' id='word_1_19' title='bbox 2081 609 2361 681; x_wconf 70' lang='lat' dir='ltr'><strong>de_insi_diis</strong></span> <span class='ocrx_word' id='word_1_20' title='bbox 2404 608 2710 684; x_wconf 61' lang='lat' dir='ltr'><strong>inbuit-erunt</strong></span> <span class='ocrx_word' id='word_1_21' title='bbox 2751 620 2968 684; x_wconf 54' lang='lat' dir='ltr'><strong>suorum,</strong></span> <span class='ocrx_word' id='word_1_22' title='bbox 3008 612 3052 658; x_wconf 85' lang='lat' dir='ltr'><strong>et</strong></span> <span class='ocrx_word' id='word_1_23' title='bbox 3091 605 3153 684; x_wconf 68' lang='lat' dir='ltr'><strong>de</strong></span> <span class='ocrx_word' id='word_1_24' title='bbox 3187 606 3455 684; x_wconf 61' lang='grc' dir='ltr'>Βοαςοναηε</span> 
     </span>
    </p>
   </div>
   <div class='ocr_carea' id='block_1_7' title="bbox 275 667 3456 735">
    <p class='ocr_par' dir='ltr' id='par_1_7' title="bbox 275 667 3456 735">
     <span class='ocr_line' id='line_1_7' title="bbox 275 667 3456 735; baseline -0 -18"><span class='ocrx_word' id='word_1_25' title='bbox 275 667 528 735; x_wconf 69' lang='lat' dir='ltr'><strong>Ecclesiw&#39;</strong></span> <span class='ocrx_word' id='word_1_26' title='bbox 538 667 910 730; x_wconf 81' lang='lat' dir='ltr'><strong>perturbatione.</strong></span> <span class='ocrx_word' id='word_1_27' title='bbox 956 667 1192 719; x_wconf 73' lang='lat' dir='ltr'><strong>Hortatur</strong></span> <span class='ocrx_word' id='word_1_28' title='bbox 1229 676 1282 720; x_wconf 85' lang='lat' dir='ltr'><strong>ut</strong></span> <span class='ocrx_word' id='word_1_29' title='bbox 1320 667 1373 722; x_wconf 71' lang='lat' dir='ltr'><strong>se</strong></span> <span class='ocrx_word' id='word_1_30' title='bbox 1415 669 1617 732; x_wconf 74' lang='lat' dir='ltr'><strong>invisat,</strong></span> <span class='ocrx_word' id='word_1_31' title='bbox 1657 667 1986 735; x_wconf 69' lang='lat' dir='ltr'><strong>promittit&#39;se&#39;</strong></span> <span class='ocrx_word' id='word_1_32' title='bbox 2017 667 2151 723; x_wconf 79' lang='lat' dir='ltr'><strong>brevi</strong></span> <span class='ocrx_word' id='word_1_33' title='bbox 2190 672 2457 723; x_wconf 80' lang='lat' dir='ltr'><strong>missurum</strong></span> <span class='ocrx_word' id='word_1_34' title='bbox 2495 684 2617 734; x_wconf 83' lang='lat' dir='ltr'><strong>opus</strong></span> <span class='ocrx_word' id='word_1_35' title='bbox 2651 669 2714 721; x_wconf 83' lang='lat' dir='ltr'><strong>de</strong></span> <span class='ocrx_word' id='word_1_36' title='bbox 2747 667 2937 733; x_wconf 77' lang='lat' dir='ltr'><strong>Spiritu</strong></span> <span class='ocrx_word' id='word_1_37' title='bbox 2968 674 3151 728; x_wconf 81' lang='lat' dir='ltr'><strong>sancto,</strong></span> <span class='ocrx_word' id='word_1_38' title='bbox 3185 667 3313 730; x_wconf 82' lang='lat' dir='ltr'><strong>quod</strong></span> <span class='ocrx_word' id='word_1_39' title='bbox 3350 673 3456 718; x_wconf 87' lang='lat' dir='ltr'><strong>erat</strong></span> 
     </span>
    </p>
   </div>
   <div class='ocr_carea' id='block_1_8' title="bbox 273 732 562 780">
    <p class='ocr_par' dir='ltr' id='par_1_8' title="bbox 273 732 562 780">
     <span class='ocr_line' id='line_1_8' title="bbox 273 732 562 780; baseline 0.003 -2"><span class='ocrx_word' id='word_1_40' title='bbox 273 732 562 780; x_wconf 76' lang='lat' dir='ltr'><strong>absolutum.</strong></span> 
     </span>
    </p>
   </div>
   <div class='ocr_carea' id='block_1_9' title="bbox 479 844 1849 914">
    <p class='ocr_par' dir='ltr' id='par_1_9' title="bbox 479 844 1849 914">
     <span class='ocr_line' id='line_1_9' title="bbox 479 844 1849 914; baseline 0.004 -18"><span class='ocrx_word' id='word_1_41' title='bbox 479 844 856 913; x_wconf 73' lang='grc' dir='ltr'>Ἀμφιλοχίῳ,</span> <span class='ocrx_word' id='word_1_42' title='bbox 889 844 1197 913; x_wconf 81' lang='grc' dir='ltr'>ἐπισκόπῳ</span> <span class='ocrx_word' id='word_1_43' title='bbox 1237 847 1502 901; x_wconf 83' lang='grc' dir='ltr'><strong>Ἰκονίου.</strong></span> <span class='ocrx_word' id='word_1_44' title='bbox 1799 857 1849 914; x_wconf 80' lang='grc' dir='ltr'><strong>Α</strong></span> 
     </span>
    </p>
   </div>
   <div class='ocr_carea' id='block_1_10' title="bbox 275 957 1777 1032">
    <p class='ocr_par' dir='ltr' id='par_1_10' title="bbox 275 957 1777 1032">
     <span class='ocr_line' id='line_1_10' title="bbox 275 957 1777 1032; baseline 0.002 -22"><span class='ocrx_word' id='word_1_45' title='bbox 275 957 493 1026; x_wconf 69' lang='grc' dir='ltr'>Ὀλίγαις</span> <span class='ocrx_word' id='word_1_46' title='bbox 524 958 762 1029; x_wconf 83' lang='grc' dir='ltr'><strong>εὑρίσκω</strong></span> <span class='ocrx_word' id='word_1_47' title='bbox 791 958 883 1011; x_wconf 90' lang='grc' dir='ltr'><strong>τοῦ</strong></span> <span class='ocrx_word' id='word_1_48' title='bbox 909 959 1141 1030; x_wconf 77' lang='grc' dir='ltr'><strong>γράφειν</strong></span> <span class='ocrx_word' id='word_1_49' title='bbox 1174 960 1309 1032; x_wconf 82' lang='grc' dir='ltr'>πρὸς</span> <span class='ocrx_word' id='word_1_50' title='bbox 1340 961 1439 1031; x_wconf 83' lang='grc' dir='ltr'>τὴν</span> <span class='ocrx_word' id='word_1_51' title='bbox 1467 960 1777 1014; x_wconf 88' lang='grc' dir='ltr'>θεοσέϐειάν</span> 
     </span>
    </p>
   </div>
   <div class='ocr_carea' id='block_1_11' title="bbox 203 1049 1772 1123">
    <p class='ocr_par' dir='ltr' id='par_1_11' title="bbox 203 1049 1772 1123">
     <span class='ocr_line' id='line_1_11' title="bbox 203 1049 1772 1123; baseline 0.002 -20"><span class='ocrx_word' id='word_1_52' title='bbox 203 1068 291 1104; x_wconf 88' lang='grc' dir='ltr'><strong>σου</strong></span> <span class='ocrx_word' id='word_1_53' title='bbox 316 1051 416 1114; x_wconf 85' lang='grc' dir='ltr'>τὰς</span> <span class='ocrx_word' id='word_1_54' title='bbox 447 1050 719 1121; x_wconf 74' lang='grc' dir='ltr'>ἀφορμὰς,</span> <span class='ocrx_word' id='word_1_55' title='bbox 753 1049 848 1104; x_wconf 78' lang='grc' dir='ltr'>καὶ</span> <span class='ocrx_word' id='word_1_56' title='bbox 900 1051 1061 1104; x_wconf 80' lang='grc' dir='ltr'>λυπεῖ</span> <span class='ocrx_word' id='word_1_57' title='bbox 1095 1067 1163 1121; x_wconf 92' lang='grc' dir='ltr'><strong>με</strong></span> <span class='ocrx_word' id='word_1_58' title='bbox 1211 1051 1370 1106; x_wconf 83' lang='grc' dir='ltr'>τοῦτο</span> <span class='ocrx_word' id='word_1_59' title='bbox 1399 1052 1457 1106; x_wconf 81' lang='grc' dir='ltr'>οὐ</span> <span class='ocrx_word' id='word_1_60' title='bbox 1505 1052 1772 1123; x_wconf 83' lang='grc' dir='ltr'>σμικρῶς.</span> 
     </span>
    </p>
   </div>
   <div class='ocr_carea' id='block_1_12' title="bbox 204 1122 1777 1214">
    <p class='ocr_par' dir='ltr' id='par_1_12' title="bbox 204 1122 1777 1214">
     <span class='ocr_line' id='line_1_12' title="bbox 204 1122 1777 1214; baseline 0 -19"><span class='ocrx_word' id='word_1_61' title='bbox 204 1143 424 1212; x_wconf 80' lang='grc' dir='ltr'><strong>Ὅμοιον</strong></span> <span class='ocrx_word' id='word_1_62' title='bbox 448 1141 575 1212; x_wconf 81' lang='grc' dir='ltr'>γὰρ,</span> <span class='ocrx_word' id='word_1_63' title='bbox 624 1139 814 1213; x_wconf 86' lang='grc' dir='ltr'>ὥσπερ</span> <span class='ocrx_word' id='word_1_64' title='bbox 860 1141 928 1195; x_wconf 87' lang='grc' dir='ltr'>ἂν</span> <span class='ocrx_word' id='word_1_65' title='bbox 965 1142 1016 1194; x_wconf 86' lang='grc' dir='ltr'><strong>εί</strong></span> <span class='ocrx_word' id='word_1_66' title='bbox 1057 1142 1154 1195; x_wconf 77' lang='grc' dir='ltr'>καὶ</span> <span class='ocrx_word' id='word_1_67' title='bbox 1199 1141 1318 1207; x_wconf 79' lang='grc' dir='ltr'>ἐξὸν</span> <span class='ocrx_word' id='word_1_68' title='bbox 1361 1122 1777 1214; x_wconf 84' lang='grc' dir='ltr'>πολλάκις</span> 
     </span>
    </p>
   </div>
   <div class='ocr_carea' id='block_1_13' title="bbox 202 1232 1777 1301">
    <p class='ocr_par' dir='ltr' id='par_1_13' title="bbox 202 1232 1777 1301">
     <span class='ocr_line' id='line_1_13' title="bbox 202 1232 1777 1301; baseline 0.001 -15"><span class='ocrx_word' id='word_1_69' title='bbox 202 1249 257 1286; x_wconf 87' lang='grc' dir='ltr'>σε</span> <span class='ocrx_word' id='word_1_70' title='bbox 284 1232 380 1285; x_wconf 78' lang='grc' dir='ltr'>καὶ</span> <span class='ocrx_word' id='word_1_71' title='bbox 411 1232 703 1285; x_wconf 80' lang='grc' dir='ltr'><strong>ἀπολαύειν</strong></span> <span class='ocrx_word' id='word_1_72' title='bbox 736 1248 850 1295; x_wconf 87' lang='grc' dir='ltr'>σου,</span> <span class='ocrx_word' id='word_1_73' title='bbox 881 1232 1128 1301; x_wconf 75' lang='grc' dir='ltr'><strong>ὀλιγάκις</strong></span> <span class='ocrx_word' id='word_1_74' title='bbox 1164 1233 1380 1288; x_wconf 79' lang='grc' dir='ltr'>ἐποίουν</span> <span class='ocrx_word' id='word_1_75' title='bbox 1411 1235 1592 1289; x_wconf 84' lang='grc' dir='ltr'>τοῦτο.</span> <span class='ocrx_word' id='word_1_76' title='bbox 1637 1234 1777 1287; x_wconf 83' lang='grc' dir='ltr'>Ἀλλ’</span> 
     </span>
    </p>
   </div>
   <div class='ocr_carea' id='block_1_14' title="bbox 200 1323 1778 1397">
    <p class='ocr_par' dir='ltr' id='par_1_14' title="bbox 200 1323 1778 1397">
     <span class='ocr_line' id='line_1_14' title="bbox 200 1323 1778 1397; baseline 0.001 -21"><span class='ocrx_word' id='word_1_77' title='bbox 200 1324 294 1376; x_wconf 78' lang='grc' dir='ltr'>οὐκ</span> <span class='ocrx_word' id='word_1_78' title='bbox 337 1323 514 1387; x_wconf 79' lang='grc' dir='ltr'>ἔξεστί</span> <span class='ocrx_word' id='word_1_79' title='bbox 568 1339 656 1394; x_wconf 91' lang='grc' dir='ltr'><strong>μοι</strong></span> <span class='ocrx_word' id='word_1_80' title='bbox 699 1323 933 1393; x_wconf 83' lang='grc' dir='ltr'><strong>γράφειν</strong></span> <span class='ocrx_word' id='word_1_81' title='bbox 979 1323 1045 1377; x_wconf 81' lang='grc' dir='ltr'>δι’</span> <span class='ocrx_word' id='word_1_82' title='bbox 1096 1325 1329 1397; x_wconf 82' lang='grc' dir='ltr'>ἀπορίαν</span> <span class='ocrx_word' id='word_1_83' title='bbox 1374 1325 1482 1380; x_wconf 84' lang='grc' dir='ltr'><strong>τῶν</strong></span> <span class='ocrx_word' id='word_1_84' title='bbox 1530 1325 1778 1379; x_wconf 84' lang='grc' dir='ltr'>ἐντεῦθεν</span> 
     </span>
    </p>
   </div>
   <div class='ocr_carea' id='block_1_15' title="bbox 201 1416 1770 1487">
    <p class='ocr_par' dir='ltr' id='par_1_15' title="bbox 201 1416 1770 1487">
     <span class='ocr_line' id='line_1_15' title="bbox 201 1416 1770 1487; baseline -0.001 -17"><span class='ocrx_word' id='word_1_85' title='bbox 201 1416 334 1486; x_wconf 83' lang='grc' dir='ltr'>πρὸς</span> <span class='ocrx_word' id='word_1_86' title='bbox 400 1416 544 1487; x_wconf 82' lang='grc' dir='ltr'>ὑμᾶς</span> <span class='ocrx_word' id='word_1_87' title='bbox 608 1416 1055 1486; x_wconf 73' lang='grc' dir='ltr'>ἀφικνουμένων·</span> <span class='ocrx_word' id='word_1_88' title='bbox 1103 1418 1227 1471; x_wconf 80' lang='grc' dir='ltr'>ἐπεὶ</span> <span class='ocrx_word' id='word_1_89' title='bbox 1295 1418 1447 1471; x_wconf 82' lang='grc' dir='ltr'>οὐδὲν</span> <span class='ocrx_word' id='word_1_90' title='bbox 1514 1416 1770 1484; x_wconf 85' lang='grc' dir='ltr'>ἐκώλυεν,</span> 
     </span>
    </p>
   </div>
   <div class='ocr_carea' id='block_1_16' title="bbox 199 1503 1770 1578">
    <p class='ocr_par' dir='ltr' id='par_1_16' title="bbox 199 1503 1770 1578">
     <span class='ocr_line' id='line_1_16' title="bbox 199 1503 1770 1578; baseline -0.001 -17"><span class='ocrx_word' id='word_1_91' title='bbox 199 1505 359 1561; x_wconf 79' lang='grc' dir='ltr'>οἱονεὶ</span> <span class='ocrx_word' id='word_1_92' title='bbox 386 1506 690 1578; x_wconf 80' lang='grc' dir='ltr'>ἐφημερίδα</span> <span class='ocrx_word' id='word_1_93' title='bbox 720 1506 812 1560; x_wconf 87' lang='grc' dir='ltr'><strong>τοῦ</strong></span> <span class='ocrx_word' id='word_1_94' title='bbox 849 1504 984 1577; x_wconf 88' lang='grc' dir='ltr'>ἐμοῦ</span> <span class='ocrx_word' id='word_1_95' title='bbox 1024 1506 1140 1578; x_wconf 85' lang='grc' dir='ltr'>βίου</span> <span class='ocrx_word' id='word_1_96' title='bbox 1177 1506 1246 1561; x_wconf 82' lang='grc' dir='ltr'><strong>τὰ</strong></span> <span class='ocrx_word' id='word_1_97' title='bbox 1274 1508 1575 1578; x_wconf 84' lang='grc' dir='ltr'>γράμματα</span> <span class='ocrx_word' id='word_1_98' title='bbox 1608 1503 1770 1571; x_wconf 76' lang='grc' dir='ltr'>εἶναι,</span> 
     </span>
    </p>
   </div>
   <div class='ocr_carea' id='block_1_17' title="bbox 197 1597 1778 1670">
    <p class='ocr_par' dir='ltr' id='par_1_17' title="bbox 197 1597 1778 1670">
     <span class='ocr_line' id='line_1_17' title="bbox 197 1597 1778 1670; baseline 0 -19"><span class='ocrx_word' id='word_1_99' title='bbox 197 1598 262 1652; x_wconf 85' lang='grc' dir='ltr'><strong>τά</strong></span> <span class='ocrx_word' id='word_1_100' title='bbox 330 1597 451 1651; x_wconf 79' lang='grc' dir='ltr'>καθ’</span> <span class='ocrx_word' id='word_1_101' title='bbox 498 1598 735 1669; x_wconf 78' lang='grc' dir='ltr'>ἑκάστην</span> <span class='ocrx_word' id='word_1_102' title='bbox 795 1598 1010 1669; x_wconf 81' lang='grc' dir='ltr'><strong>ἡμέραν</strong></span> <span class='ocrx_word' id='word_1_103' title='bbox 1078 1598 1459 1670; x_wconf 79' lang='grc' dir='ltr'><strong>συμπίπτοντα</strong></span> <span class='ocrx_word' id='word_1_104' title='bbox 1524 1598 1778 1668; x_wconf 82' lang='grc' dir='ltr'>διαγγέλ-</span> 
     </span>
    </p>
   </div>
   <div class='ocr_carea' id='block_1_18' title="bbox 199 1687 1779 1761">
    <p class='ocr_par' dir='ltr' id='par_1_18' title="bbox 199 1687 1779 1761">
     <span class='ocr_line' id='line_1_18' title="bbox 199 1687 1779 1761; baseline 0 -20"><span class='ocrx_word' id='word_1_105' title='bbox 199 1688 305 1742; x_wconf 87' lang='grc' dir='ltr'>λειν</span> <span class='ocrx_word' id='word_1_106' title='bbox 340 1687 453 1758; x_wconf 68' lang='grc'>(14)</span> <span class='ocrx_word' id='word_1_107' title='bbox 486 1705 577 1741; x_wconf 90' lang='grc' dir='ltr'><strong>σου</strong></span> <span class='ocrx_word' id='word_1_108' title='bbox 631 1691 698 1759; x_wconf 81' lang='grc' dir='ltr'>τῇ</span> <span class='ocrx_word' id='word_1_109' title='bbox 750 1688 958 1761; x_wconf 80' lang='grc' dir='ltr'><strong>ἀγάπῃ.</strong></span> <span class='ocrx_word' id='word_1_110' title='bbox 1004 1688 1158 1758; x_wconf 87' lang='grc' dir='ltr'>Ἐμοί</span> <span class='ocrx_word' id='word_1_111' title='bbox 1206 1705 1265 1742; x_wconf 87' lang='grc' dir='ltr'>τε</span> <span class='ocrx_word' id='word_1_112' title='bbox 1322 1689 1432 1760; x_wconf 83' lang='grc' dir='ltr'>γὰρ</span> <span class='ocrx_word' id='word_1_113' title='bbox 1478 1688 1779 1759; x_wconf 75' lang='grc' dir='ltr'>κουφισμὸν</span> 
     </span>
    </p>
   </div>
   <div class='ocr_carea' id='block_1_19' title="bbox 198 1778 1779 1853">
    <p class='ocr_par' dir='ltr' id='par_1_19' title="bbox 198 1778 1779 1853">
     <span class='ocr_line' id='line_1_19' title="bbox 198 1778 1779 1853; baseline 0 -19"><span class='ocrx_word' id='word_1_114' title='bbox 198 1783 352 1853; x_wconf 79' lang='grc' dir='ltr'>φέρει</span> <span class='ocrx_word' id='word_1_115' title='bbox 376 1781 438 1834; x_wconf 82' lang='grc' dir='ltr'>τὸ</span> <span class='ocrx_word' id='word_1_116' title='bbox 460 1780 873 1835; x_wconf 86' lang='grc' dir='ltr'>ἀνακοινοῦσθαί</span> <span class='ocrx_word' id='word_1_117' title='bbox 904 1797 986 1835; x_wconf 91' lang='grc' dir='ltr'><strong>σοι</strong></span> <span class='ocrx_word' id='word_1_118' title='bbox 1017 1781 1085 1835; x_wconf 78' lang='grc' dir='ltr'><strong>τὰ</strong></span> <span class='ocrx_word' id='word_1_119' title='bbox 1110 1781 1232 1835; x_wconf 87' lang='grc' dir='ltr'>καθ’</span> <span class='ocrx_word' id='word_1_120' title='bbox 1264 1783 1433 1852; x_wconf 77' lang='grc' dir='ltr'>ἡμᾶς,</span> <span class='ocrx_word' id='word_1_121' title='bbox 1470 1781 1530 1833; x_wconf 86' lang='grc' dir='ltr'><strong>σέ</strong></span> <span class='ocrx_word' id='word_1_122' title='bbox 1566 1797 1626 1834; x_wconf 86' lang='grc' dir='ltr'><strong>τε</strong></span> <span class='ocrx_word' id='word_1_123' title='bbox 1663 1778 1779 1835; x_wconf 76' lang='grc' dir='ltr'>οἶδα</span> 
     </span>
    </p>
   </div>
   <div class='ocr_carea' id='block_1_20' title="bbox 197 1870 1779 1944">
    <p class='ocr_par' dir='ltr' id='par_1_20' title="bbox 197 1870 1779 1944">
     <span class='ocr_line' id='line_1_20' title="bbox 197 1870 1779 1944; baseline -0.001 -18"><span class='ocrx_word' id='word_1_124' title='bbox 197 1872 347 1926; x_wconf 76' lang='grc' dir='ltr'>οὐδὲν</span> <span class='ocrx_word' id='word_1_125' title='bbox 372 1871 515 1925; x_wconf 76' lang='grc' dir='ltr'>οὕτω</span> <span class='ocrx_word' id='word_1_126' title='bbox 555 1871 924 1943; x_wconf 82' lang='grc' dir='ltr'>μεριμνῶντα,</span> <span class='ocrx_word' id='word_1_127' title='bbox 970 1873 1045 1936; x_wconf 80' lang='grc' dir='ltr'>ὡς</span> <span class='ocrx_word' id='word_1_128' title='bbox 1073 1871 1144 1926; x_wconf 81' lang='grc' dir='ltr'><strong>τὰ</strong></span> <span class='ocrx_word' id='word_1_129' title='bbox 1175 1873 1442 1944; x_wconf 80' lang='grc' dir='ltr'>ἡμέτερα.</span> <span class='ocrx_word' id='word_1_130' title='bbox 1483 1870 1645 1925; x_wconf 81' lang='grc' dir='ltr'>Ἀλλὰ</span> <span class='ocrx_word' id='word_1_131' title='bbox 1683 1872 1779 1927; x_wconf 90' lang='grc' dir='ltr'><strong>νῦν</strong></span> 
     </span>
    </p>
   </div>
   <div class='ocr_carea' id='block_1_21' title="bbox 209 1963 1777 2037">
    <p class='ocr_par' dir='ltr' id='par_1_21' title="bbox 209 1963 1777 2037">
     <span class='ocr_line' id='line_1_21' title="bbox 209 1963 1777 2037; baseline 0.003 -19"><span class='ocrx_word' id='word_1_132' title='bbox 209 1965 497 2028; x_wconf 89' lang='grc' dir='ltr'>Ἐλπίδιος,</span> <span class='ocrx_word' id='word_1_133' title='bbox 524 1965 660 2037; x_wconf 81' lang='grc' dir='ltr'>πρὸς</span> <span class='ocrx_word' id='word_1_134' title='bbox 707 1965 800 2017; x_wconf 85' lang='grc' dir='ltr'>τὸν</span> <span class='ocrx_word' id='word_1_135' title='bbox 846 1963 1038 2018; x_wconf 86' lang='grc' dir='ltr'>ἐαυτοῦ</span> <span class='ocrx_word' id='word_1_136' title='bbox 1084 1964 1350 2036; x_wconf 83' lang='grc' dir='ltr'><strong>δεσπότην</strong></span> <span class='ocrx_word' id='word_1_137' title='bbox 1404 1963 1777 2035; x_wconf 80' lang='grc' dir='ltr'>ἐπειγόμενος.</span> 
     </span>
    </p>
   </div>
   <div class='ocr_carea' id='block_1_22' title="bbox 196 2056 1780 2127">
    <p class='ocr_par' dir='ltr' id='par_1_22' title="bbox 196 2056 1780 2127">
     <span class='ocr_line' id='line_1_22' title="bbox 196 2056 1780 2127; baseline -0.001 -16"><span class='ocrx_word' id='word_1_138' title='bbox 196 2056 286 2111; x_wconf 84' lang='grc' dir='ltr'><strong>τοῦ</strong></span> <span class='ocrx_word' id='word_1_139' title='bbox 339 2056 710 2111; x_wconf 79' lang='grc' dir='ltr'>ἀποδύσασθαι</span> <span class='ocrx_word' id='word_1_140' title='bbox 755 2057 855 2121; x_wconf 84' lang='grc' dir='ltr'>τὰς</span> <span class='ocrx_word' id='word_1_141' title='bbox 908 2056 1160 2121; x_wconf 78' lang='grc' dir='ltr'>διαϐολὰς</span> <span class='ocrx_word' id='word_1_142' title='bbox 1208 2057 1310 2120; x_wconf 72' lang='grc' dir='ltr'><strong>τὰς</strong></span> <span class='ocrx_word' id='word_1_143' title='bbox 1360 2056 1574 2127; x_wconf 78' lang='grc' dir='ltr'>ψευδῶς</span> <span class='ocrx_word' id='word_1_144' title='bbox 1629 2056 1780 2127; x_wconf 81' lang='grc' dir='ltr'><strong>αὐτῷ</strong></span> 
     </span>
    </p>
   </div>
   <div class='ocr_carea' id='block_1_23' title="bbox 198 2146 1780 2219">
    <p class='ocr_par' dir='ltr' id='par_1_23' title="bbox 198 2146 1780 2219">
     <span class='ocr_line' id='line_1_23' title="bbox 198 2146 1780 2219; baseline 0 -18"><span class='ocrx_word' id='word_1_145' title='bbox 198 2148 351 2218; x_wconf 85' lang='grc' dir='ltr'><strong>παρά</strong></span> <span class='ocrx_word' id='word_1_146' title='bbox 377 2165 537 2201; x_wconf 87' lang='grc' dir='ltr'>τινων</span> <span class='ocrx_word' id='word_1_147' title='bbox 562 2146 775 2219; x_wconf 82' lang='grc' dir='ltr'>ἐχθρῶν</span> <span class='ocrx_word' id='word_1_148' title='bbox 802 2147 1364 2211; x_wconf 81' lang='grc' dir='ltr'>κατασκευασθείσας,</span> <span class='ocrx_word' id='word_1_149' title='bbox 1400 2147 1602 2219; x_wconf 79' lang='grc' dir='ltr'><strong>ᾔτησεν</strong></span> <span class='ocrx_word' id='word_1_150' title='bbox 1632 2149 1780 2218; x_wconf 80' lang='grc' dir='ltr'>ἡμᾶς</span> 
     </span>
    </p>
   </div>
   <div class='ocr_carea' id='block_1_24' title="bbox 194 2233 1780 2311">
    <p class='ocr_par' dir='ltr' id='par_1_24' title="bbox 194 2233 1780 2311">
     <span class='ocr_line' id='line_1_24' title="bbox 194 2233 1780 2311; baseline 0.001 -19"><span class='ocrx_word' id='word_1_151' title='bbox 194 2241 291 2308; x_wconf 76' lang='grc' dir='ltr'>τὴν</span> <span class='ocrx_word' id='word_1_152' title='bbox 322 2238 635 2310; x_wconf 83' lang='grc' dir='ltr'>ἐπιστολήν.</span> <span class='ocrx_word' id='word_1_153' title='bbox 665 2240 743 2292; x_wconf 80' lang='grc' dir='ltr'><strong>Δι’</strong></span> <span class='ocrx_word' id='word_1_154' title='bbox 769 2233 829 2293; x_wconf 73' lang='grc' dir='ltr'>οὗ</span> <span class='ocrx_word' id='word_1_155' title='bbox 858 2241 954 2293; x_wconf 73' lang='grc' dir='ltr'>καὶ</span> <span class='ocrx_word' id='word_1_156' title='bbox 1000 2238 1498 2311; x_wconf 76' lang='grc' dir='ltr'>προσφθεγγόμεθά</span> <span class='ocrx_word' id='word_1_157' title='bbox 1541 2256 1634 2292; x_wconf 88' lang='grc' dir='ltr'><strong>σου</strong></span> <span class='ocrx_word' id='word_1_158' title='bbox 1680 2239 1780 2309; x_wconf 78' lang='grc' dir='ltr'>τὴν</span> 
     </span>
    </p>
   </div>
   <div class='ocr_carea' id='block_1_25' title="bbox 196 2329 1780 2402">
    <p class='ocr_par' dir='ltr' id='par_1_25' title="bbox 196 2329 1780 2402">
     <span class='ocr_line' id='line_1_25' title="bbox 196 2329 1780 2402; baseline -0.001 -18"><span class='ocrx_word' id='word_1_159' title='bbox 196 2329 506 2396; x_wconf 82' lang='grc' dir='ltr'>εὐλάϐειαν,</span> <span class='ocrx_word' id='word_1_160' title='bbox 545 2332 639 2383; x_wconf 78' lang='grc' dir='ltr'>καὶ</span> <span class='ocrx_word' id='word_1_161' title='bbox 690 2330 1027 2401; x_wconf 86' lang='grc' dir='ltr'>συνιστῶμέν</span> <span class='ocrx_word' id='word_1_162' title='bbox 1068 2347 1150 2385; x_wconf 85' lang='grc' dir='ltr'><strong>σοι</strong></span> <span class='ocrx_word' id='word_1_163' title='bbox 1177 2331 1269 2386; x_wconf 83' lang='grc' dir='ltr'>τὸν</span> <span class='ocrx_word' id='word_1_164' title='bbox 1303 2330 1473 2402; x_wconf 79' lang='grc' dir='ltr'>ἄνδρα</span> <span class='ocrx_word' id='word_1_165' title='bbox 1514 2331 1604 2385; x_wconf 90' lang='grc' dir='ltr'><strong>διά</strong></span> <span class='ocrx_word' id='word_1_166' title='bbox 1633 2349 1694 2385; x_wconf 84' lang='grc' dir='ltr'><strong>τε</strong></span> <span class='ocrx_word' id='word_1_167' title='bbox 1720 2332 1780 2384; x_wconf 82' lang='grc' dir='ltr'>τὸ</span> 
     </span>
    </p>
   </div>
   <div class='ocr_carea' id='block_1_26' title="bbox 194 2420 1780 2493">
    <p class='ocr_par' dir='ltr' id='par_1_26' title="bbox 194 2420 1780 2493">
     <span class='ocr_line' id='line_1_26' title="bbox 194 2420 1780 2493; baseline -0.001 -18"><span class='ocrx_word' id='word_1_168' title='bbox 194 2421 402 2475; x_wconf 84' lang='grc' dir='ltr'>δίκαιον</span> <span class='ocrx_word' id='word_1_169' title='bbox 432 2421 580 2485; x_wconf 78' lang='grc' dir='ltr'>ἀξιον</span> <span class='ocrx_word' id='word_1_170' title='bbox 601 2420 731 2474; x_wconf 82' lang='grc' dir='ltr'>ὅντα</span> <span class='ocrx_word' id='word_1_171' title='bbox 758 2420 858 2490; x_wconf 80' lang='grc' dir='ltr'>τῆς</span> <span class='ocrx_word' id='word_1_172' title='bbox 881 2422 1032 2493; x_wconf 86' lang='grc' dir='ltr'><strong>παρά</strong></span> <span class='ocrx_word' id='word_1_173' title='bbox 1059 2420 1153 2475; x_wconf 84' lang='grc' dir='ltr'><strong>σοῦ</strong></span> <span class='ocrx_word' id='word_1_174' title='bbox 1202 2423 1558 2492; x_wconf 79' lang='grc' dir='ltr'>προστασίας,</span> <span class='ocrx_word' id='word_1_175' title='bbox 1590 2423 1685 2476; x_wconf 73' lang='grc' dir='ltr'>καὶ</span> <span class='ocrx_word' id='word_1_176' title='bbox 1711 2421 1780 2475; x_wconf 86' lang='grc' dir='ltr'><strong>δι’</strong></span> 
     </span>
    </p>
   </div>
   <div class='ocr_carea' id='block_1_27' title="bbox 196 2510 1780 2584">
    <p class='ocr_par' dir='ltr' id='par_1_27' title="bbox 196 2510 1780 2584">
     <span class='ocr_line' id='line_1_27' title="bbox 196 2510 1780 2584; baseline -0.001 -17"><span class='ocrx_word' id='word_1_177' title='bbox 196 2513 340 2584; x_wconf 73' lang='grc' dir='ltr'>ἡμᾶς</span> <span class='ocrx_word' id='word_1_178' title='bbox 362 2529 375 2540; x_wconf 79' lang='grc'><strong>’</strong></span> <span class='ocrx_word' id='word_1_179' title='bbox 391 2511 441 2565; x_wconf 82' lang='grc' dir='ltr'>οἳ</span> <span class='ocrx_word' id='word_1_180' title='bbox 455 2514 505 2565; x_wconf 83' lang='grc' dir='ltr'>εί</span> <span class='ocrx_word' id='word_1_181' title='bbox 529 2511 624 2566; x_wconf 68' lang='grc' dir='ltr'><strong>κα)¹</strong></span> <span class='ocrx_word' id='word_1_182' title='bbox 643 2512 755 2582; x_wconf 82' lang='grc'>(15)</span> <span class='ocrx_word' id='word_1_183' title='bbox 772 2510 934 2583; x_wconf 79' lang='grc' dir='ltr'>μηδὲν</span> <span class='ocrx_word' id='word_1_184' title='bbox 947 2511 1075 2565; x_wconf 79' lang='grc' dir='ltr'>ἄλλο</span> <span class='ocrx_word' id='word_1_185' title='bbox 1085 2511 1279 2584; x_wconf 77' lang='grc' dir='ltr'>ἔχομεν</span> <span class='ocrx_word' id='word_1_186' title='bbox 1299 2512 1447 2584; x_wconf 81' lang='grc' dir='ltr'><strong>αὑτῷ</strong></span> <span class='ocrx_word' id='word_1_187' title='bbox 1461 2515 1780 2584; x_wconf 84' lang='grc' dir='ltr'>μαρτυρεῖν,</span> 
     </span>
    </p>
   </div>
   <div class='ocr_carea' id='block_1_28' title="bbox 194 2602 1780 2675">
    <p class='ocr_par' dir='ltr' id='par_1_28' title="bbox 194 2602 1780 2675">
     <span class='ocr_line' id='line_1_28' title="bbox 194 2602 1780 2675; baseline -0.001 -16"><span class='ocrx_word' id='word_1_188' title='bbox 194 2604 307 2659; x_wconf 85' lang='grc' dir='ltr'>ἀλλ’</span> <span class='ocrx_word' id='word_1_189' title='bbox 337 2605 426 2658; x_wconf 83' lang='grc' dir='ltr'>ὅτι</span> <span class='ocrx_word' id='word_1_190' title='bbox 469 2604 597 2675; x_wconf 77' lang='grc' dir='ltr'>περὶ</span> <span class='ocrx_word' id='word_1_191' title='bbox 636 2602 832 2657; x_wconf 86' lang='grc' dir='ltr'>πολλοῦ</span> <span class='ocrx_word' id='word_1_192' title='bbox 875 2605 1169 2674; x_wconf 84' lang='grc' dir='ltr'>ἐποιήσατο</span> <span class='ocrx_word' id='word_1_193' title='bbox 1194 2604 1538 2675; x_wconf 85' lang='grc' dir='ltr'>γραμμάτων</span> <span class='ocrx_word' id='word_1_194' title='bbox 1577 2604 1780 2674; x_wconf 84' lang='grc' dir='ltr'>ἡμετέ-</span> 
     </span>
    </p>
   </div>
   <div class='ocr_carea' id='block_1_29' title="bbox 198 2695 1779 2770">
    <p class='ocr_par' dir='ltr' id='par_1_29' title="bbox 198 2695 1779 2770">
     <span class='ocr_line' id='line_1_29' title="bbox 198 2695 1779 2770; baseline -0.003 -17"><span class='ocrx_word' id='word_1_195' title='bbox 198 2716 306 2770; x_wconf 86' lang='grc' dir='ltr'>ρων</span> <span class='ocrx_word' id='word_1_196' title='bbox 335 2697 596 2768; x_wconf 83' lang='grc' dir='ltr'>γενέσθαι</span> <span class='ocrx_word' id='word_1_197' title='bbox 621 2697 887 2761; x_wconf 86' lang='grc' dir='ltr'>διάκονος,</span> <span class='ocrx_word' id='word_1_198' title='bbox 909 2695 1096 2749; x_wconf 85' lang='grc' dir='ltr'>τοῦτόν</span> <span class='ocrx_word' id='word_1_199' title='bbox 1118 2713 1177 2748; x_wconf 85' lang='grc' dir='ltr'><strong>τε</strong></span> <span class='ocrx_word' id='word_1_200' title='bbox 1200 2695 1289 2765; x_wconf 78' lang='grc' dir='ltr'>ἔχε</span> <span class='ocrx_word' id='word_1_201' title='bbox 1318 2698 1375 2749; x_wconf 89' lang='grc' dir='ltr'><strong>ἐν</strong></span> <span class='ocrx_word' id='word_1_202' title='bbox 1397 2700 1509 2759; x_wconf 86' lang='grc' dir='ltr'>τοῖς</span> <span class='ocrx_word' id='word_1_203' title='bbox 1538 2696 1779 2765; x_wconf 80' lang='grc' dir='ltr'>οἰκείοις,</span> 
     </span>
    </p>
   </div>
   <div class='ocr_carea' id='block_1_30' title="bbox 195 2786 1778 2860">
    <p class='ocr_par' dir='ltr' id='par_1_30' title="bbox 195 2786 1778 2860">
     <span class='ocr_line' id='line_1_30' title="bbox 195 2786 1778 2860; baseline -0.001 -17"><span class='ocrx_word' id='word_1_204' title='bbox 195 2790 292 2844; x_wconf 78' lang='grc' dir='ltr'><strong>καὶ</strong></span> <span class='ocrx_word' id='word_1_205' title='bbox 320 2788 775 2860; x_wconf 80' lang='grc' dir='ltr'>ήμῶν-μέμνησο,</span> <span class='ocrx_word' id='word_1_206' title='bbox 806 2788 902 2841; x_wconf 75' lang='grc' dir='ltr'>καὶ</span> <span class='ocrx_word' id='word_1_207' title='bbox 932 2788 1069 2859; x_wconf 87' lang='grc' dir='ltr'>ὑπὲρ</span> <span class='ocrx_word' id='word_1_208' title='bbox 1100 2786 1199 2857; x_wconf 85' lang='grc' dir='ltr'>τῆς</span> <span class='ocrx_word' id='word_1_209' title='bbox 1238 2787 1565 2859; x_wconf 89' lang='grc' dir='ltr'>Ἐκκλησίας</span> <span class='ocrx_word' id='word_1_210' title='bbox 1593 2786 1778 2858; x_wconf 75' lang='grc' dir='ltr'>εὔχου.</span> 
     </span>
    </p>
   </div>
   <div class='ocr_carea' id='block_1_31' title="bbox 195 2877 1781 2951">
    <p class='ocr_par' dir='ltr' id='par_1_31' title="bbox 195 2877 1781 2951">
     <span class='ocr_line' id='line_1_31' title="bbox 195 2877 1781 2951; baseline -0.002 -17"><span class='ocrx_word' id='word_1_211' title='bbox 195 2882 442 2937; x_wconf 88' lang='grc' dir='ltr'>Γίνωσκε</span> <span class='ocrx_word' id='word_1_212' title='bbox 485 2881 565 2946; x_wconf 88' lang='grc' dir='ltr'>δὲ,</span> <span class='ocrx_word' id='word_1_213' title='bbox 596 2882 678 2935; x_wconf 84' lang='grc' dir='ltr'>ὅτι</span> <span class='ocrx_word' id='word_1_214' title='bbox 714 2881 743 2933; x_wconf 88' lang='grc' dir='ltr'>ὁ</span> <span class='ocrx_word' id='word_1_215' title='bbox 772 2881 870 2951; x_wconf 88' lang='grc' dir='ltr'>μὲν</span> <span class='ocrx_word' id='word_1_216' title='bbox 898 2879 1310 2950; x_wconf 81' lang='grc' dir='ltr'>θεοφιλέστατος</span> <span class='ocrx_word' id='word_1_217' title='bbox 1350 2878 1578 2949; x_wconf 82' lang='grc' dir='ltr'>ἀδελφὸς</span> <span class='ocrx_word' id='word_1_218' title='bbox 1623 2877 1781 2949; x_wconf 79' lang='grc' dir='ltr'>ἡμῶν</span> 
     </span>
    </p>
   </div>
   <div class='ocr_carea' id='block_1_32' title="bbox 196 2969 1783 3047">
    <p class='ocr_par' dir='ltr' id='par_1_32' title="bbox 196 2969 1783 3047">
     <span class='ocr_line' id='line_1_32' title="bbox 196 2969 1783 3047; baseline -0.004 -18"><span class='ocrx_word' id='word_1_219' title='bbox 196 2973 493 3047; x_wconf 84' lang='grc' dir='ltr'>ὐπερόριός</span> <span class='ocrx_word' id='word_1_220' title='bbox 526 2976 665 3039; x_wconf 78' lang='grc' dir='ltr'>ἐστι,</span> <span class='ocrx_word' id='word_1_221' title='bbox 699 2973 796 3037; x_wconf 82' lang='grc' dir='ltr'>τὰς</span> <span class='ocrx_word' id='word_1_222' title='bbox 840 2973 1091 3044; x_wconf 77' lang='grc' dir='ltr'>ὀχλήσεις</span> <span class='ocrx_word' id='word_1_223' title='bbox 1139 2971 1214 3044; x_wconf 84' lang='grc' dir='ltr'>μὴ</span> <span class='ocrx_word' id='word_1_224' title='bbox 1254 2970 1435 3042; x_wconf 84' lang='grc' dir='ltr'>φέρων</span> <span class='ocrx_word' id='word_1_225' title='bbox 1480 2969 1589 3023; x_wconf 85' lang='grc' dir='ltr'><strong>τῶν</strong></span> <span class='ocrx_word' id='word_1_226' title='bbox 1628 2971 1783 3023; x_wconf 88' lang='grc' dir='ltr'>ἀναι-</span> 
     </span>
    </p>
   </div>
   <div class='ocr_carea' id='block_1_33' title="bbox 197 3061 1775 3137">
    <p class='ocr_par' dir='ltr' id='par_1_33' title="bbox 197 3061 1775 3137">
     <span class='ocr_line' id='line_1_33' title="bbox 197 3061 1775 3137; baseline -0.003 -19"><span class='ocrx_word' id='word_1_227' title='bbox 197 3065 465 3135; x_wconf 83' lang='grc' dir='ltr'>σχύντων.</span> <span class='ocrx_word' id='word_1_228' title='bbox 502 3065 679 3137; x_wconf 87' lang='grc' dir='ltr'>Δόαρα</span> <span class='ocrx_word' id='word_1_229' title='bbox 724 3065 781 3117; x_wconf 80' lang='grc' dir='ltr'>δὲ</span> <span class='ocrx_word' id='word_1_230' title='bbox 818 3061 1158 3135; x_wconf 75' lang='grc' dir='ltr'>χειμάζεται,</span> <span class='ocrx_word' id='word_1_231' title='bbox 1191 3062 1286 3116; x_wconf 88' lang='grc' dir='ltr'><strong>τοῦ</strong></span> <span class='ocrx_word' id='word_1_232' title='bbox 1321 3064 1517 3134; x_wconf 83' lang='grc' dir='ltr'>κήτους</span> <span class='ocrx_word' id='word_1_233' title='bbox 1549 3062 1645 3115; x_wconf 88' lang='grc' dir='ltr'><strong>τοῦ</strong></span> <span class='ocrx_word' id='word_1_234' title='bbox 1678 3079 1775 3115; x_wconf 84' lang='grc' dir='ltr'>πο-</span> 
     </span>
    </p>
   </div>
   <div class='ocr_carea' id='block_1_34' title="bbox 2227 844 3112 917">
    <p class='ocr_par' dir='ltr' id='par_1_34' title="bbox 2227 844 3112 917">
     <span class='ocr_line' id='line_1_34' title="bbox 2227 844 3112 917; baseline -0.002 -15"><span class='ocrx_word' id='word_1_235' title='bbox 2227 846 2617 917; x_wconf 78' lang='lat' dir='ltr'><strong>Amphilochia,</strong></span> <span class='ocrx_word' id='word_1_236' title='bbox 2650 844 2821 899; x_wconf 79' lang='lat' dir='ltr'><strong>Iconit&#39;</strong></span> <span class='ocrx_word' id='word_1_237' title='bbox 2850 846 3112 915; x_wconf 81' lang='lat' dir='ltr'><strong>episcopo.</strong></span> 
     </span>
    </p>
   </div>
   <div class='ocr_carea' id='block_1_35' title="bbox 1950 953 3457 1027">
    <p class='ocr_par' dir='ltr' id='par_1_35' title="bbox 1950 953 3457 1027">
     <span class='ocr_line' id='line_1_35' title="bbox 1950 953 3457 1027; baseline -0.007 -12"><span class='ocrx_word' id='word_1_238' title='bbox 1950 961 2163 1016; x_wconf 88' lang='lat' dir='ltr'><strong>Paucas</strong></span> <span class='ocrx_word' id='word_1_239' title='bbox 2202 960 2423 1014; x_wconf 81' lang='lat' dir='ltr'><strong>invenio</strong></span> <span class='ocrx_word' id='word_1_240' title='bbox 2473 959 2751 1014; x_wconf 90' lang='lat' dir='ltr'><strong>scribendi</strong></span> <span class='ocrx_word' id='word_1_241' title='bbox 2817 957 3008 1027; x_wconf 81' lang='lat' dir='ltr'><strong>pietati</strong></span> <span class='ocrx_word' id='word_1_242' title='bbox 3064 963 3168 1009; x_wconf 78' lang='lat' dir='ltr'><strong>tuae</strong></span> <span class='ocrx_word' id='word_1_243' title='bbox 3214 953 3457 1008; x_wconf 57' lang='lat' dir='ltr'><strong>occasio.</strong></span> 
     </span>
    </p>
   </div>
   <div class='ocr_carea' id='block_1_36' title="bbox 1880 1047 3448 1123">
    <p class='ocr_par' dir='ltr' id='par_1_36' title="bbox 1880 1047 3448 1123">
     <span class='ocr_line' id='line_1_36' title="bbox 1880 1047 3448 1123; baseline -0.006 -14"><span class='ocrx_word' id='word_1_244' title='bbox 1880 1069 2000 1118; x_wconf 87' lang='lat' dir='ltr'><strong>nes,</strong></span> <span class='ocrx_word' id='word_1_245' title='bbox 2042 1053 2207 1123; x_wconf 82' lang='lat' dir='ltr'><strong>idque</strong></span> <span class='ocrx_word' id='word_1_246' title='bbox 2250 1068 2339 1107; x_wconf 89' lang='lat' dir='ltr'><strong>me</strong></span> <span class='ocrx_word' id='word_1_247' title='bbox 2388 1052 2540 1122; x_wconf 92' lang='lat' dir='ltr'><strong>angit</strong></span> <span class='ocrx_word' id='word_1_248' title='bbox 2587 1066 2697 1105; x_wconf 93' lang='lat' dir='ltr'><strong>non</strong></span> <span class='ocrx_word' id='word_1_249' title='bbox 2747 1049 2963 1104; x_wconf 90' lang='lat' dir='ltr'><strong>leviter.</strong></span> <span class='ocrx_word' id='word_1_250' title='bbox 3022 1047 3257 1103; x_wconf 85' lang='lat' dir='ltr'><strong>Perinde</strong></span> <span class='ocrx_word' id='word_1_251' title='bbox 3300 1048 3448 1101; x_wconf 86' lang='lat' dir='ltr'><strong>enim</strong></span> 
     </span>
    </p>
   </div>
   <div class='ocr_carea' id='block_1_37' title="bbox 1878 1139 3456 1213">
    <p class='ocr_par' dir='ltr' id='par_1_37' title="bbox 1878 1139 3456 1213">
     <span class='ocr_line' id='line_1_37' title="bbox 1878 1139 3456 1213; baseline -0.007 -12"><span class='ocrx_word' id='word_1_252' title='bbox 1878 1153 1986 1209; x_wconf 89' lang='lat' dir='ltr'><strong>est,</strong></span> <span class='ocrx_word' id='word_1_253' title='bbox 2026 1159 2092 1199; x_wconf 90' lang='lat' dir='ltr'><strong>ac</strong></span> <span class='ocrx_word' id='word_1_254' title='bbox 2129 1145 2176 1199; x_wconf 90' lang='lat' dir='ltr'><strong>si</strong></span> <span class='ocrx_word' id='word_1_255' title='bbox 2217 1143 2405 1199; x_wconf 89' lang='lat' dir='ltr'><strong>videre</strong></span> <span class='ocrx_word' id='word_1_256' title='bbox 2442 1152 2496 1199; x_wconf 91' lang='lat' dir='ltr'><strong>te</strong></span> <span class='ocrx_word' id='word_1_257' title='bbox 2529 1158 2673 1213; x_wconf 81' lang='lat' dir='ltr'><strong>saepe</strong></span> <span class='ocrx_word' id='word_1_258' title='bbox 2700 1158 2824 1197; x_wconf 90' lang='lat' dir='ltr'><strong>cum</strong></span> <span class='ocrx_word' id='word_1_259' title='bbox 2864 1157 3101 1212; x_wconf 90' lang='lat' dir='ltr'><strong>possem,</strong></span> <span class='ocrx_word' id='word_1_260' title='bbox 3138 1151 3296 1210; x_wconf 86' lang='lat' dir='ltr'><strong>teque</strong></span> <span class='ocrx_word' id='word_1_261' title='bbox 3325 1139 3456 1197; x_wconf 85' lang='lat' dir='ltr'><strong>frui.</strong></span> 
     </span>
    </p>
   </div>
   <div class='ocr_carea' id='block_1_38' title="bbox 1879 1229 3456 1294">
    <p class='ocr_par' dir='ltr' id='par_1_38' title="bbox 1879 1229 3456 1294">
     <span class='ocr_line' id='line_1_38' title="bbox 1879 1229 3456 1294; baseline -0.006 -2"><span class='ocrx_word' id='word_1_262' title='bbox 1879 1252 2007 1292; x_wconf 87' lang='lat' dir='ltr'><strong>raro</strong></span> <span class='ocrx_word' id='word_1_263' title='bbox 2050 1237 2158 1291; x_wconf 90' lang='lat' dir='ltr'><strong>hoc</strong></span> <span class='ocrx_word' id='word_1_264' title='bbox 2214 1236 2474 1290; x_wconf 87' lang='lat' dir='ltr'><strong>facerem.</strong></span> <span class='ocrx_word' id='word_1_265' title='bbox 2523 1233 2631 1289; x_wconf 87' lang='lat' dir='ltr'><strong>Sed</strong></span> <span class='ocrx_word' id='word_1_266' title='bbox 2672 1234 2916 1289; x_wconf 83' lang='lat' dir='ltr'><strong>scribere</strong></span> <span class='ocrx_word' id='word_1_267' title='bbox 2969 1232 3100 1286; x_wconf 89' lang='lat' dir='ltr'><strong>mihi</strong></span> <span class='ocrx_word' id='word_1_268' title='bbox 3145 1247 3256 1286; x_wconf 89' lang='lat' dir='ltr'><strong>non</strong></span> <span class='ocrx_word' id='word_1_269' title='bbox 3296 1229 3456 1294; x_wconf 89' lang='lat' dir='ltr'><strong>licet,</strong></span> 
     </span>
    </p>
   </div>
   <div class='ocr_carea' id='block_1_39' title="bbox 1879 1323 3457 1398">
    <p class='ocr_par' dir='ltr' id='par_1_39' title="bbox 1879 1323 3457 1398">
     <span class='ocr_line' id='line_1_39' title="bbox 1879 1323 3457 1398; baseline -0.008 -12"><span class='ocrx_word' id='word_1_270' title='bbox 1879 1346 1945 1386; x_wconf 84' lang='lat' dir='ltr'><strong>eo</strong></span> <span class='ocrx_word' id='word_1_271' title='bbox 1995 1328 2144 1398; x_wconf 89' lang='lat' dir='ltr'><strong>quod</strong></span> <span class='ocrx_word' id='word_1_272' title='bbox 2187 1326 2388 1391; x_wconf 88' lang='lat' dir='ltr'><strong>desint,</strong></span> <span class='ocrx_word' id='word_1_273' title='bbox 2441 1326 2533 1396; x_wconf 91' lang='lat' dir='ltr'><strong>qui</strong></span> <span class='ocrx_word' id='word_1_274' title='bbox 2585 1326 2713 1380; x_wconf 91' lang='lat' dir='ltr'><strong>hinc</strong></span> <span class='ocrx_word' id='word_1_275' title='bbox 2746 1324 2815 1378; x_wconf 89' lang='lat' dir='ltr'><strong>ad</strong></span> <span class='ocrx_word' id='word_1_276' title='bbox 2860 1340 2962 1379; x_wconf 84' lang='lat' dir='ltr'><strong>vos</strong></span> <span class='ocrx_word' id='word_1_277' title='bbox 2999 1323 3457 1395; x_wconf 79' lang='lat' dir='ltr'><strong>proﬁciscantur;</strong></span> 
     </span>
    </p>
   </div>
   <div class='ocr_carea' id='block_1_40' title="bbox 1881 1413 3460 1492">
    <p class='ocr_par' dir='ltr' id='par_1_40' title="bbox 1881 1413 3460 1492">
     <span class='ocr_line' id='line_1_40' title="bbox 1881 1413 3460 1492; baseline -0.008 -15"><span class='ocrx_word' id='word_1_278' title='bbox 1881 1422 2150 1492; x_wconf 86' lang='lat' dir='ltr'><strong>siquidem</strong></span> <span class='ocrx_word' id='word_1_279' title='bbox 2202 1419 2343 1475; x_wconf 90' lang='lat' dir='ltr'><strong>nihil</strong></span> <span class='ocrx_word' id='word_1_280' title='bbox 2392 1417 2699 1488; x_wconf 80' lang='lat' dir='ltr'><strong>impediret,</strong></span> <span class='ocrx_word' id='word_1_281' title='bbox 2753 1415 3052 1486; x_wconf 86' lang='lat' dir='ltr'><strong>quominus</strong></span> <span class='ocrx_word' id='word_1_282' title='bbox 3101 1413 3268 1469; x_wconf 88' lang='lat' dir='ltr'><strong>veluti</strong></span> <span class='ocrx_word' id='word_1_283' title='bbox 3317 1427 3460 1481; x_wconf 66' lang='lat' dir='ltr'><strong>qua:-</strong></span> 
     </span>
    </p>
   </div>
   <div class='ocr_carea' id='block_1_41' title="bbox 1883 1503 3463 1579">
    <p class='ocr_par' dir='ltr' id='par_1_41' title="bbox 1883 1503 3463 1579">
     <span class='ocr_line' id='line_1_41' title="bbox 1883 1503 3463 1579; baseline -0.008 -12"><span class='ocrx_word' id='word_1_284' title='bbox 1883 1514 2009 1567; x_wconf 88' lang='lat' dir='ltr'><strong>dam</strong></span> <span class='ocrx_word' id='word_1_285' title='bbox 2061 1514 2184 1566; x_wconf 78' lang='lat' dir='ltr'><strong>vitae</strong></span> <span class='ocrx_word' id='word_1_286' title='bbox 2238 1524 2373 1564; x_wconf 67' lang='lat' dir='ltr'><strong>mea:</strong></span> <span class='ocrx_word' id='word_1_287' title='bbox 2432 1507 2744 1579; x_wconf 88' lang='lat' dir='ltr'><strong>ephemeris</strong></span> <span class='ocrx_word' id='word_1_288' title='bbox 2802 1513 2989 1561; x_wconf 91' lang='lat' dir='ltr'><strong>esseut</strong></span> <span class='ocrx_word' id='word_1_289' title='bbox 3045 1503 3278 1570; x_wconf 80' lang='lat' dir='ltr'><strong>litterae,</strong></span> <span class='ocrx_word' id='word_1_290' title='bbox 3338 1517 3463 1571; x_wconf 83' lang='lat' dir='ltr'><strong>quae</strong></span> 
     </span>
    </p>
   </div>
   <div class='ocr_carea' id='block_1_42' title="bbox 1883 1595 3458 1673">
    <p class='ocr_par' dir='ltr' id='par_1_42' title="bbox 1883 1595 3458 1673">
     <span class='ocr_line' id='line_1_42' title="bbox 1883 1595 3458 1673; baseline -0.007 -17"><span class='ocrx_word' id='word_1_291' title='bbox 1883 1603 2128 1673; x_wconf 85' lang='lat' dir='ltr'><strong>quotidie</strong></span> <span class='ocrx_word' id='word_1_292' title='bbox 2190 1600 2517 1669; x_wconf 84' lang='lat' dir='ltr'><strong>contingunt</strong></span> <span class='ocrx_word' id='word_1_293' title='bbox 2577 1598 2897 1652; x_wconf 81' lang='lat' dir='ltr'><strong>nuntiantes</strong></span> <span class='ocrx_word' id='word_1_294' title='bbox 2974 1595 3254 1650; x_wconf 88' lang='lat' dir='ltr'><strong>dilectioni</strong></span> <span class='ocrx_word' id='word_1_295' title='bbox 3330 1601 3458 1647; x_wconf 67' lang='lat' dir='ltr'><strong>tuae.</strong></span> 
     </span>
    </p>
   </div>
   <div class='ocr_carea' id='block_1_43' title="bbox 1882 1689 3463 1751">
    <p class='ocr_par' dir='ltr' id='par_1_43' title="bbox 1882 1689 3463 1751">
     <span class='ocr_line' id='line_1_43' title="bbox 1882 1689 3463 1751; baseline -0.008 0"><span class='ocrx_word' id='word_1_296' title='bbox 1882 1696 2016 1751; x_wconf 85' lang='lat' dir='ltr'><strong>Nam</strong></span> <span class='ocrx_word' id='word_1_297' title='bbox 2053 1702 2127 1749; x_wconf 73' lang='grc' dir='ltr'><strong>ρι’</strong></span> <span class='ocrx_word' id='word_1_298' title='bbox 2149 1694 2282 1749; x_wconf 87' lang='lat' dir='ltr'><strong>mihi</strong></span> <span class='ocrx_word' id='word_1_299' title='bbox 2324 1691 2587 1748; x_wconf 82' lang='lat' dir='ltr'><strong>solatium</strong></span> <span class='ocrx_word' id='word_1_300' title='bbox 2621 1691 2779 1745; x_wconf 81' lang='lat' dir='ltr'><strong>alfert</strong></span> <span class='ocrx_word' id='word_1_301' title='bbox 2812 1691 2881 1745; x_wconf 89' lang='lat' dir='ltr'><strong>de</strong></span> <span class='ocrx_word' id='word_1_302' title='bbox 2908 1690 3076 1744; x_wconf 84' lang='lat' dir='ltr'><strong>rebus</strong></span> <span class='ocrx_word' id='word_1_303' title='bbox 3106 1689 3244 1742; x_wconf 89' lang='lat' dir='ltr'><strong>meis</strong></span> <span class='ocrx_word' id='word_1_304' title='bbox 3278 1694 3463 1740; x_wconf 85' lang='lat' dir='ltr'><strong>tecum</strong></span> 
     </span>
    </p>
   </div>
   <div class='ocr_carea' id='block_1_44' title="bbox 1880 1778 3460 1852">
    <p class='ocr_par' dir='ltr' id='par_1_44' title="bbox 1880 1778 3460 1852">
     <span class='ocr_line' id='line_1_44' title="bbox 1880 1778 3460 1852; baseline -0.007 -11"><span class='ocrx_word' id='word_1_305' title='bbox 1880 1785 2292 1841; x_wconf 80' lang='lat' dir='ltr'><strong>communicare</strong></span> <span class='ocrx_word' id='word_1_306' title='bbox 2326 1802 2340 1839; x_wconf 90' lang='lat'><strong>:</strong></span> <span class='ocrx_word' id='word_1_307' title='bbox 2374 1790 2538 1852; x_wconf 80' lang='lat' dir='ltr'><strong>teque</strong></span> <span class='ocrx_word' id='word_1_308' title='bbox 2571 1781 2698 1837; x_wconf 87' lang='lat' dir='ltr'><strong>novi</strong></span> <span class='ocrx_word' id='word_1_309' title='bbox 2743 1781 2883 1835; x_wconf 89' lang='lat' dir='ltr'><strong>nihil</strong></span> <span class='ocrx_word' id='word_1_310' title='bbox 2929 1778 3105 1850; x_wconf 76' lang='lat' dir='ltr'><strong>magis</strong></span> <span class='ocrx_word' id='word_1_311' title='bbox 3150 1785 3460 1840; x_wconf 82' lang='lat' dir='ltr'><strong>curantem,</strong></span> 
     </span>
    </p>
   </div>
   <div class='ocr_carea' id='block_1_45' title="bbox 1880 1870 3457 1949">
    <p class='ocr_par' dir='ltr' id='par_1_45' title="bbox 1880 1870 3457 1949">
     <span class='ocr_line' id='line_1_45' title="bbox 1880 1870 3457 1949; baseline -0.006 -17"><span class='ocrx_word' id='word_1_312' title='bbox 1880 1892 2043 1949; x_wconf 85' lang='lat' dir='ltr'><strong>quam</strong></span> <span class='ocrx_word' id='word_1_313' title='bbox 2098 1892 2187 1932; x_wconf 90' lang='lat' dir='ltr'><strong>res</strong></span> <span class='ocrx_word' id='word_1_314' title='bbox 2236 1890 2409 1930; x_wconf 89' lang='lat' dir='ltr'><strong>meas.</strong></span> <span class='ocrx_word' id='word_1_315' title='bbox 2455 1872 2615 1928; x_wconf 86' lang='lat' dir='ltr'><strong>Nunc</strong></span> <span class='ocrx_word' id='word_1_316' title='bbox 2658 1880 2842 1927; x_wconf 90' lang='lat' dir='ltr'><strong>autem</strong></span> <span class='ocrx_word' id='word_1_317' title='bbox 2892 1870 3142 1942; x_wconf 85' lang='lat' dir='ltr'><strong>Elpidius</strong></span> <span class='ocrx_word' id='word_1_318' title='bbox 3183 1870 3250 1925; x_wconf 88' lang='lat' dir='ltr'><strong>ad</strong></span> <span class='ocrx_word' id='word_1_319' title='bbox 3295 1884 3457 1924; x_wconf 91' lang='lat' dir='ltr'><strong>suum</strong></span> 
     </span>
    </p>
   </div>
   <div class='ocr_carea' id='block_1_46' title="bbox 1880 1964 3466 2036">
    <p class='ocr_par' dir='ltr' id='par_1_46' title="bbox 1880 1964 3466 2036">
     <span class='ocr_line' id='line_1_46' title="bbox 1880 1964 3466 2036; baseline -0.004 -12"><span class='ocrx_word' id='word_1_320' title='bbox 1880 1970 2072 2024; x_wconf 86' lang='lat' dir='ltr'><strong>herum</strong></span> <span class='ocrx_word' id='word_1_321' title='bbox 2105 1967 2403 2031; x_wconf 73' lang='lat' dir='ltr'><strong>feStinans,</strong></span> <span class='ocrx_word' id='word_1_322' title='bbox 2449 1974 2509 2019; x_wconf 91' lang='lat' dir='ltr'><strong>ut</strong></span> <span class='ocrx_word' id='word_1_323' title='bbox 2555 1965 2838 2036; x_wconf 89' lang='lat' dir='ltr'><strong>propulset</strong></span> <span class='ocrx_word' id='word_1_324' title='bbox 2884 1965 3191 2020; x_wconf 86' lang='lat' dir='ltr'><strong>calumnias</strong></span> <span class='ocrx_word' id='word_1_325' title='bbox 3234 1964 3340 2018; x_wconf 88' lang='lat' dir='ltr'><strong>sibi</strong></span> <span class='ocrx_word' id='word_1_326' title='bbox 3395 1964 3466 2018; x_wconf 88' lang='lat' dir='ltr'><strong>ab</strong></span> 
     </span>
    </p>
   </div>
   <div class='ocr_carea' id='block_1_47' title="bbox 1884 2048 3462 2125">
    <p class='ocr_par' dir='ltr' id='par_1_47' title="bbox 1884 2048 3462 2125">
     <span class='ocr_line' id='line_1_47' title="bbox 1884 2048 3462 2125; baseline -0.003 -10"><span class='ocrx_word' id='word_1_327' title='bbox 1884 2060 2126 2115; x_wconf 83' lang='lat' dir='ltr'><strong>inimicis</strong></span> <span class='ocrx_word' id='word_1_328' title='bbox 2159 2057 2441 2113; x_wconf 90' lang='lat' dir='ltr'><strong>nonnullis</strong></span> <span class='ocrx_word' id='word_1_329' title='bbox 2477 2063 2743 2120; x_wconf 88' lang='lat' dir='ltr'><strong>structas,</strong></span> <span class='ocrx_word' id='word_1_330' title='bbox 2774 2054 2930 2125; x_wconf 85' lang='lat' dir='ltr'><strong>petiit</strong></span> <span class='ocrx_word' id='word_1_331' title='bbox 2959 2070 2990 2108; x_wconf 91' lang='lat' dir='ltr'><strong>a</strong></span> <span class='ocrx_word' id='word_1_332' title='bbox 3020 2069 3107 2110; x_wconf 90' lang='lat' dir='ltr'><strong>me</strong></span> <span class='ocrx_word' id='word_1_333' title='bbox 3146 2048 3462 2124; x_wconf 80' lang='lat' dir='ltr'><strong>epistolam.</strong></span> 
     </span>
    </p>
   </div>
   <div class='ocr_carea' id='block_1_48' title="bbox 1885 2146 3464 2223">
    <p class='ocr_par' dir='ltr' id='par_1_48' title="bbox 1885 2146 3464 2223">
     <span class='ocr_line' id='line_1_48' title="bbox 1885 2146 3464 2223; baseline -0.005 -15"><span class='ocrx_word' id='word_1_334' title='bbox 1885 2153 1991 2208; x_wconf 88' lang='lat' dir='ltr'><strong>Per</strong></span> <span class='ocrx_word' id='word_1_335' title='bbox 2005 2166 2167 2223; x_wconf 79' lang='lat' dir='ltr'><strong>quem</strong></span> <span class='ocrx_word' id='word_1_336' title='bbox 2199 2159 2255 2205; x_wconf 85' lang='lat' dir='ltr'><strong>et</strong></span> <span class='ocrx_word' id='word_1_337' title='bbox 2286 2158 2435 2204; x_wconf 90' lang='lat' dir='ltr'><strong>tuam</strong></span> <span class='ocrx_word' id='word_1_338' title='bbox 2467 2148 2647 2203; x_wconf 90' lang='lat' dir='ltr'><strong>saluto</strong></span> <span class='ocrx_word' id='word_1_339' title='bbox 2677 2147 2935 2218; x_wconf 87' lang='lat' dir='ltr'><strong>pietatem</strong></span> <span class='ocrx_word' id='word_1_340' title='bbox 2966 2161 3032 2201; x_wconf 92' lang='lat' dir='ltr'><strong>ac</strong></span> <span class='ocrx_word' id='word_1_341' title='bbox 3057 2147 3156 2201; x_wconf 88' lang='lat' dir='ltr'><strong>tibi</strong></span> <span class='ocrx_word' id='word_1_342' title='bbox 3186 2146 3464 2201; x_wconf 88' lang='lat' dir='ltr'><strong>hominem</strong></span> 
     </span>
    </p>
   </div>
   <div class='ocr_carea' id='block_1_49' title="bbox 1882 2239 3465 2311">
    <p class='ocr_par' dir='ltr' id='par_1_49' title="bbox 1882 2239 3465 2311">
     <span class='ocr_line' id='line_1_49' title="bbox 1882 2239 3465 2311; baseline -0.005 -11"><span class='ocrx_word' id='word_1_343' title='bbox 1882 2244 2227 2309; x_wconf 89' lang='lat' dir='ltr'><strong>commendo,</strong></span> <span class='ocrx_word' id='word_1_344' title='bbox 2271 2257 2398 2296; x_wconf 89' lang='lat' dir='ltr'><strong>cum</strong></span> <span class='ocrx_word' id='word_1_345' title='bbox 2439 2255 2542 2296; x_wconf 90' lang='lat' dir='ltr'><strong>suo</strong></span> <span class='ocrx_word' id='word_1_346' title='bbox 2581 2242 2707 2309; x_wconf 87' lang='lat' dir='ltr'><strong>jure</strong></span> <span class='ocrx_word' id='word_1_347' title='bbox 2757 2240 3066 2311; x_wconf 86' lang='lat' dir='ltr'><strong>patrocinio</strong></span> <span class='ocrx_word' id='word_1_348' title='bbox 3097 2247 3193 2294; x_wconf 89' lang='lat' dir='ltr'><strong>tuo</strong></span> <span class='ocrx_word' id='word_1_349' title='bbox 3214 2239 3465 2310; x_wconf 89' lang='lat' dir='ltr'><strong>dignum,</strong></span> 
     </span>
    </p>
   </div>
   <div class='ocr_carea' id='block_1_50' title="bbox 1880 2330 3465 2390">
    <p class='ocr_par' dir='ltr' id='par_1_50' title="bbox 1880 2330 3465 2390">
     <span class='ocr_line' id='line_1_50' title="bbox 1880 2330 3465 2390; baseline -0.005 0"><span class='ocrx_word' id='word_1_350' title='bbox 1880 2345 1998 2390; x_wconf 89' lang='lat' dir='ltr'><strong>tum</strong></span> <span class='ocrx_word' id='word_1_351' title='bbox 2035 2343 2221 2390; x_wconf 89' lang='lat' dir='ltr'><strong>nostra</strong></span> <span class='ocrx_word' id='word_1_352' title='bbox 2253 2348 2421 2389; x_wconf 88' lang='lat' dir='ltr'><strong>causa</strong></span> <span class='ocrx_word' id='word_1_353' title='bbox 2454 2352 2468 2388; x_wconf 87' lang='lat'><strong>:</strong></span> <span class='ocrx_word' id='word_1_354' title='bbox 2506 2333 2596 2387; x_wconf 89' lang='lat' dir='ltr'><strong>cui</strong></span> <span class='ocrx_word' id='word_1_355' title='bbox 2624 2332 2839 2387; x_wconf 87' lang='lat' dir='ltr'><strong>etiamsi</strong></span> <span class='ocrx_word' id='word_1_356' title='bbox 2875 2332 3086 2385; x_wconf 87' lang='lat' dir='ltr'><strong>nullum</strong></span> <span class='ocrx_word' id='word_1_357' title='bbox 3123 2330 3272 2385; x_wconf 83' lang='lat' dir='ltr'><strong>aliud</strong></span> <span class='ocrx_word' id='word_1_358' title='bbox 3311 2330 3465 2386; x_wconf 87' lang='lat' dir='ltr'><strong>testi-</strong></span> 
     </span>
    </p>
   </div>
   <div class='ocr_carea' id='block_1_51' title="bbox 1881 2420 3468 2496">
    <p class='ocr_par' dir='ltr' id='par_1_51' title="bbox 1881 2420 3468 2496">
     <span class='ocr_line' id='line_1_51' title="bbox 1881 2420 3468 2496; baseline -0.005 -14"><span class='ocrx_word' id='word_1_359' title='bbox 1881 2429 2125 2484; x_wconf 89' lang='lat' dir='ltr'><strong>monium</strong></span> <span class='ocrx_word' id='word_1_360' title='bbox 2149 2426 2282 2481; x_wconf 88' lang='lat' dir='ltr'><strong>dare</strong></span> <span class='ocrx_word' id='word_1_361' title='bbox 2307 2440 2622 2496; x_wconf 87' lang='lat' dir='ltr'><strong>possemus,</strong></span> <span class='ocrx_word' id='word_1_362' title='bbox 2654 2432 2709 2476; x_wconf 87' lang='lat' dir='ltr'><strong>at</strong></span> <span class='ocrx_word' id='word_1_363' title='bbox 2736 2422 2983 2493; x_wconf 82' lang='lat' dir='ltr'><strong>profecto</strong></span> <span class='ocrx_word' id='word_1_364' title='bbox 3009 2423 3138 2493; x_wconf 86' lang='lat' dir='ltr'><strong>quia</strong></span> <span class='ocrx_word' id='word_1_365' title='bbox 3180 2420 3468 2493; x_wconf 79' lang='lat' dir='ltr'><strong>permagni</strong></span> 
     </span>
    </p>
   </div>
   <div class='ocr_carea' id='block_1_52' title="bbox 1883 2514 3470 2587">
    <p class='ocr_par' dir='ltr' id='par_1_52' title="bbox 1883 2514 3470 2587">
     <span class='ocr_line' id='line_1_52' title="bbox 1883 2514 3470 2587; baseline -0.004 -13"><span class='ocrx_word' id='word_1_366' title='bbox 1883 2521 2029 2582; x_wconf 88' lang='lat' dir='ltr'><strong>fecit,</strong></span> <span class='ocrx_word' id='word_1_367' title='bbox 2056 2528 2114 2573; x_wconf 92' lang='lat' dir='ltr'><strong>ut</strong></span> <span class='ocrx_word' id='word_1_368' title='bbox 2147 2534 2298 2574; x_wconf 88' lang='lat' dir='ltr'><strong>meas</strong></span> <span class='ocrx_word' id='word_1_369' title='bbox 2331 2518 2398 2572; x_wconf 88' lang='lat' dir='ltr'><strong>ad</strong></span> <span class='ocrx_word' id='word_1_370' title='bbox 2448 2527 2502 2571; x_wconf 88' lang='lat' dir='ltr'><strong>te</strong></span> <span class='ocrx_word' id='word_1_371' title='bbox 2550 2516 2769 2572; x_wconf 86' lang='lat' dir='ltr'><strong>litteras</strong></span> <span class='ocrx_word' id='word_1_372' title='bbox 2816 2515 3117 2587; x_wconf 87' lang='lat' dir='ltr'><strong>perferret,</strong></span> <span class='ocrx_word' id='word_1_373' title='bbox 3152 2517 3299 2569; x_wconf 91' lang='lat' dir='ltr'><strong>hunc</strong></span> <span class='ocrx_word' id='word_1_374' title='bbox 3326 2514 3470 2569; x_wconf 85' lang='lat' dir='ltr'><strong>inter</strong></span> 
     </span>
    </p>
   </div>
   <div class='ocr_carea' id='block_1_53' title="bbox 1881 2603 3474 2677">
    <p class='ocr_par' dir='ltr' id='par_1_53' title="bbox 1881 2603 3474 2677">
     <span class='ocr_line' id='line_1_53' title="bbox 1881 2603 3474 2677; baseline -0.004 -11"><span class='ocrx_word' id='word_1_375' title='bbox 1881 2611 2181 2667; x_wconf 83' lang='lat' dir='ltr'><strong>familiares</strong></span> <span class='ocrx_word' id='word_1_376' title='bbox 2208 2623 2452 2671; x_wconf 87' lang='lat' dir='ltr'><strong>recense,</strong></span> <span class='ocrx_word' id='word_1_377' title='bbox 2481 2608 2700 2677; x_wconf 90' lang='lat' dir='ltr'><strong>meique</strong></span> <span class='ocrx_word' id='word_1_378' title='bbox 2724 2607 2801 2663; x_wconf 90' lang='lat' dir='ltr'><strong>sis</strong></span> <span class='ocrx_word' id='word_1_379' title='bbox 2831 2620 3062 2670; x_wconf 91' lang='lat' dir='ltr'><strong>memor,</strong></span> <span class='ocrx_word' id='word_1_380' title='bbox 3087 2613 3142 2661; x_wconf 91' lang='lat' dir='ltr'><strong>et</strong></span> <span class='ocrx_word' id='word_1_381' title='bbox 3164 2620 3263 2677; x_wconf 87' lang='lat' dir='ltr'><strong>pro</strong></span> <span class='ocrx_word' id='word_1_382' title='bbox 3285 2603 3474 2660; x_wconf 84' lang='lat' dir='ltr'><strong>Eccle-</strong></span> 
     </span>
    </p>
   </div>
   <div class='ocr_carea' id='block_1_54' title="bbox 1881 2697 3465 2774">
    <p class='ocr_par' dir='ltr' id='par_1_54' title="bbox 1881 2697 3465 2774">
     <span class='ocr_line' id='line_1_54' title="bbox 1881 2697 3465 2774; baseline -0.008 -13"><span class='ocrx_word' id='word_1_383' title='bbox 1881 2706 1965 2761; x_wconf 84' lang='lat' dir='ltr'><strong>sia</strong></span> <span class='ocrx_word' id='word_1_384' title='bbox 1999 2717 2250 2774; x_wconf 87' lang='lat' dir='ltr'><strong>precare.</strong></span> <span class='ocrx_word' id='word_1_385' title='bbox 2284 2701 2484 2756; x_wconf 87' lang='lat' dir='ltr'><strong>Notum</strong></span> <span class='ocrx_word' id='word_1_386' title='bbox 2525 2711 2707 2755; x_wconf 87' lang='lat' dir='ltr'><strong>autem</strong></span> <span class='ocrx_word' id='word_1_387' title='bbox 2738 2699 2837 2754; x_wconf 90' lang='lat' dir='ltr'><strong>tibi</strong></span> <span class='ocrx_word' id='word_1_388' title='bbox 2873 2699 2946 2754; x_wconf 86' lang='lat' dir='ltr'><strong>sit</strong></span> <span class='ocrx_word' id='word_1_389' title='bbox 2984 2697 3465 2768; x_wconf 80' lang='lat' dir='ltr'><strong>religiosissimum</strong></span> 
     </span>
    </p>
   </div>
   <div class='ocr_carea' id='block_1_55' title="bbox 1882 2788 3470 2857">
    <p class='ocr_par' dir='ltr' id='par_1_55' title="bbox 1882 2788 3470 2857">
     <span class='ocr_line' id='line_1_55' title="bbox 1882 2788 3470 2857; baseline -0.005 -7"><span class='ocrx_word' id='word_1_390' title='bbox 1882 2796 2112 2851; x_wconf 79' lang='lat' dir='ltr'><strong>fratrem</strong></span> <span class='ocrx_word' id='word_1_391' title='bbox 2158 2808 2341 2849; x_wconf 89' lang='lat' dir='ltr'><strong>meum</strong></span> <span class='ocrx_word' id='word_1_392' title='bbox 2391 2792 2682 2857; x_wconf 80' lang='lat' dir='ltr'><strong>exsulare,</strong></span> <span class='ocrx_word' id='word_1_393' title='bbox 2728 2806 2852 2845; x_wconf 88' lang='lat' dir='ltr'><strong>cum</strong></span> <span class='ocrx_word' id='word_1_394' title='bbox 2910 2790 3193 2845; x_wconf 87' lang='lat' dir='ltr'><strong>molestias</strong></span> <span class='ocrx_word' id='word_1_395' title='bbox 3244 2788 3353 2845; x_wconf 86' lang='lat' dir='ltr'><strong>sibi</strong></span> <span class='ocrx_word' id='word_1_396' title='bbox 3400 2788 3470 2842; x_wconf 85' lang='lat' dir='ltr'><strong>ab</strong></span> 
     </span>
    </p>
   </div>
   <div class='ocr_carea' id='block_1_56' title="bbox 1889 2879 3471 2954">
    <p class='ocr_par' dir='ltr' id='par_1_56' title="bbox 1889 2879 3471 2954">
     <span class='ocr_line' id='line_1_56' title="bbox 1889 2879 3471 2954; baseline -0.004 -12"><span class='ocrx_word' id='word_1_397' title='bbox 1889 2887 2208 2943; x_wconf 72' lang='lat' dir='ltr'><strong>hominibus</strong></span> <span class='ocrx_word' id='word_1_398' title='bbox 2268 2883 2681 2954; x_wconf 89' lang='lat' dir='ltr'><strong>impudentibus</strong></span> <span class='ocrx_word' id='word_1_399' title='bbox 2739 2881 3018 2936; x_wconf 82' lang='lat' dir='ltr'><strong>exhibitas</strong></span> <span class='ocrx_word' id='word_1_400' title='bbox 3077 2880 3222 2934; x_wconf 88' lang='lat' dir='ltr'><strong>haud</strong></span> <span class='ocrx_word' id='word_1_401' title='bbox 3280 2879 3471 2935; x_wconf 88' lang='lat' dir='ltr'><strong>ferret.</strong></span> 
     </span>
    </p>
   </div>
   <div class='ocr_carea' id='block_1_57' title="bbox 1883 2968 3474 3040">
    <p class='ocr_par' dir='ltr' id='par_1_57' title="bbox 1883 2968 3474 3040">
     <span class='ocr_line' id='line_1_57' title="bbox 1883 2968 3474 3040; baseline -0.004 -10"><span class='ocrx_word' id='word_1_402' title='bbox 1883 2974 2065 3030; x_wconf 81' lang='lat' dir='ltr'><strong>Doara</strong></span> <span class='ocrx_word' id='word_1_403' title='bbox 2099 2984 2278 3029; x_wconf 89' lang='lat' dir='ltr'><strong>autem</strong></span> <span class='ocrx_word' id='word_1_404' title='bbox 2308 2972 2467 3027; x_wconf 85' lang='lat' dir='ltr'><strong>valde</strong></span> <span class='ocrx_word' id='word_1_405' title='bbox 2497 2971 2865 3040; x_wconf 73' lang='lat' dir='ltr'><strong>exagitantur,</strong></span> <span class='ocrx_word' id='word_1_406' title='bbox 2907 2979 3028 3025; x_wconf 90' lang='lat' dir='ltr'><strong>ceto</strong></span> <span class='ocrx_word' id='word_1_407' title='bbox 3049 2970 3218 3024; x_wconf 90' lang='lat' dir='ltr'><strong>obeso</strong></span> <span class='ocrx_word' id='word_1_408' title='bbox 3240 2983 3331 3024; x_wconf 86' lang='lat' dir='ltr'><strong>res</strong></span> <span class='ocrx_word' id='word_1_409' title='bbox 3369 2968 3474 3024; x_wconf 89' lang='lat' dir='ltr'><strong>hu-</strong></span> 
     </span>
    </p>
   </div>
   <div class='ocr_carea' id='block_1_58' title="bbox 1879 3063 3474 3141">
    <p class='ocr_par' dir='ltr' id='par_1_58' title="bbox 1879 3063 3474 3141">
     <span class='ocr_line' id='line_1_58' title="bbox 1879 3063 3474 3141; baseline -0.004 -16"><span class='ocrx_word' id='word_1_410' title='bbox 1879 3071 1973 3141; x_wconf 90' lang='lat' dir='ltr'><strong>jus</strong></span> <span class='ocrx_word' id='word_1_411' title='bbox 2007 3070 2111 3124; x_wconf 92' lang='lat' dir='ltr'><strong>loci</strong></span> <span class='ocrx_word' id='word_1_412' title='bbox 2155 3067 2535 3139; x_wconf 78' lang='lat' dir='ltr'><strong>perturbante.</strong></span> <span class='ocrx_word' id='word_1_413' title='bbox 2587 3064 2758 3121; x_wconf 86' lang='lat' dir='ltr'><strong>Nobis</strong></span> <span class='ocrx_word' id='word_1_414' title='bbox 2789 3074 2970 3119; x_wconf 88' lang='lat' dir='ltr'><strong>autem</strong></span> <span class='ocrx_word' id='word_1_415' title='bbox 3005 3064 3213 3118; x_wconf 90' lang='lat' dir='ltr'><strong>inimici</strong></span> <span class='ocrx_word' id='word_1_416' title='bbox 3242 3063 3474 3119; x_wconf 81' lang='lat' dir='ltr'><strong>insidias</strong></span> 
     </span>
    </p>
   </div>
   <div class='ocr_carea' id='block_1_59' title="bbox 194 3153 1804 3229">
    <p class='ocr_par' dir='ltr' id='par_1_59' title="bbox 194 3153 1782 3227">
     <span class='ocr_line' id='line_1_59' title="bbox 194 3153 1782 3227; baseline -0.003 -17"><span class='ocrx_word' id='word_1_417' title='bbox 194 3156 472 3226; x_wconf 83' lang='grc' dir='ltr'>λυσάρκου</span> <span class='ocrx_word' id='word_1_418' title='bbox 493 3155 560 3210; x_wconf 82' lang='grc' dir='ltr'>τὰ</span> <span class='ocrx_word' id='word_1_419' title='bbox 588 3158 706 3210; x_wconf 82' lang='grc' dir='ltr'>ἐκεῖ</span> <span class='ocrx_word' id='word_1_420' title='bbox 730 3155 1212 3227; x_wconf 85' lang='grc' dir='ltr'>συνταράσσοντος.</span> <span class='ocrx_word' id='word_1_421' title='bbox 1248 3155 1411 3226; x_wconf 86' lang='grc' dir='ltr'>Ἡμῖν</span> <span class='ocrx_word' id='word_1_422' title='bbox 1433 3153 1489 3207; x_wconf 87' lang='grc' dir='ltr'><strong>δέ</strong></span> <span class='ocrx_word' id='word_1_423' title='bbox 1514 3155 1563 3207; x_wconf 79' lang='grc' dir='ltr'>οἱ</span> <span class='ocrx_word' id='word_1_424' title='bbox 1593 3153 1782 3226; x_wconf 80' lang='grc' dir='ltr'>ἐχθροὶ</span> 
     </span>
    </p>
   </div>
   <div class='ocr_carea' id='block_1_60' title="bbox 1893 3153 3476 3229">
    <p class='ocr_par' dir='ltr' id='par_1_60' title="bbox 1893 3156 3476 3229">
     <span class='ocr_line' id='line_1_60' title="bbox 1893 3156 3476 3229; baseline -0.003 -11"><span class='ocrx_word' id='word_1_425' title='bbox 1893 3168 1943 3218; x_wconf 88' lang='lat' dir='ltr'><strong>in</strong></span> <span class='ocrx_word' id='word_1_426' title='bbox 1980 3162 2107 3217; x_wconf 87' lang='lat' dir='ltr'><strong>aula</strong></span> <span class='ocrx_word' id='word_1_427' title='bbox 2153 3168 2397 3224; x_wconf 89' lang='lat' dir='ltr'><strong>struunt,</strong></span> <span class='ocrx_word' id='word_1_428' title='bbox 2430 3165 2492 3214; x_wconf 91' lang='lat' dir='ltr'><strong>ut</strong></span> <span class='ocrx_word' id='word_1_429' title='bbox 2533 3173 2718 3213; x_wconf 88' lang='lat' dir='ltr'><strong>rerum</strong></span> <span class='ocrx_word' id='word_1_430' title='bbox 2754 3157 2913 3229; x_wconf 87' lang='lat' dir='ltr'><strong>gnari</strong></span> <span class='ocrx_word' id='word_1_431' title='bbox 2944 3156 3192 3212; x_wconf 85' lang='lat' dir='ltr'><strong>referunt</strong></span> <span class='ocrx_word' id='word_1_432' title='bbox 3229 3176 3242 3212; x_wconf 88' lang='lat'><strong>:</strong></span> <span class='ocrx_word' id='word_1_433' title='bbox 3278 3171 3476 3213; x_wconf 81' lang='lat' dir='ltr'><strong>manus</strong></span> 
     </span>
    </p>
   </div>
   <div class='ocr_carea' id='block_1_61' title="bbox 193 3245 1804 3318">
    <p class='ocr_par' dir='ltr' id='par_1_61' title="bbox 193 3245 1785 3318">
     <span class='ocr_line' id='line_1_61' title="bbox 193 3245 1785 3318; baseline -0.003 -15"><span class='ocrx_word' id='word_1_434' title='bbox 193 3248 294 3313; x_wconf 80' lang='grc' dir='ltr'><strong>τὰς</strong></span> <span class='ocrx_word' id='word_1_435' title='bbox 324 3247 620 3312; x_wconf 82' lang='grc' dir='ltr'>ἐπιϐουλὰς</span> <span class='ocrx_word' id='word_1_436' title='bbox 651 3249 745 3301; x_wconf 81' lang='grc' dir='ltr'>ἐπὶ</span> <span class='ocrx_word' id='word_1_437' title='bbox 778 3246 874 3300; x_wconf 87' lang='grc' dir='ltr'><strong>τοῦ</strong></span> <span class='ocrx_word' id='word_1_438' title='bbox 910 3246 1274 3318; x_wconf 83' lang='grc' dir='ltr'>στρατοπέδου</span> <span class='ocrx_word' id='word_1_439' title='bbox 1320 3245 1661 3318; x_wconf 84' lang='grc' dir='ltr'>τυρεύουσιν,</span> <span class='ocrx_word' id='word_1_440' title='bbox 1709 3245 1785 3310; x_wconf 84' lang='grc' dir='ltr'><strong>ὡς</strong></span> 
     </span>
    </p>
   </div>
   <div class='ocr_carea' id='block_1_62' title="bbox 1893 3245 3472 3318">
    <p class='ocr_par' dir='ltr' id='par_1_62' title="bbox 1893 3247 3472 3318">
     <span class='ocr_line' id='line_1_62' title="bbox 1893 3247 3472 3318; baseline -0.005 -7"><span class='ocrx_word' id='word_1_441' title='bbox 1893 3265 2068 3312; x_wconf 84' lang='lat' dir='ltr'><strong>autem</strong></span> <span class='ocrx_word' id='word_1_442' title='bbox 2101 3253 2320 3310; x_wconf 89' lang='lat' dir='ltr'><strong>Domini</strong></span> <span class='ocrx_word' id='word_1_443' title='bbox 2352 3252 2621 3307; x_wconf 87' lang='lat' dir='ltr'><strong>hactenus</strong></span> <span class='ocrx_word' id='word_1_444' title='bbox 2649 3250 2937 3306; x_wconf 85' lang='lat' dir='ltr'><strong>nobiscum</strong></span> <span class='ocrx_word' id='word_1_445' title='bbox 2964 3256 3071 3304; x_wconf 90' lang='lat' dir='ltr'><strong>est.</strong></span> <span class='ocrx_word' id='word_1_446' title='bbox 3090 3247 3326 3302; x_wconf 91' lang='lat' dir='ltr'><strong>Tantum</strong></span> <span class='ocrx_word' id='word_1_447' title='bbox 3349 3262 3472 3318; x_wconf 87' lang='lat' dir='ltr'><strong>pre-</strong></span> 
     </span>
    </p>
   </div>
   <div class='ocr_carea' id='block_1_63' title="bbox 196 3336 1804 3417">
    <p class='ocr_par' dir='ltr' id='par_1_63' title="bbox 196 3336 1787 3410">
     <span class='ocr_line' id='line_1_63' title="bbox 196 3336 1787 3410; baseline -0.003 -15"><span class='ocrx_word' id='word_1_448' title='bbox 196 3342 226 3395; x_wconf 86' lang='grc' dir='ltr'>ὁ</span> <span class='ocrx_word' id='word_1_449' title='bbox 260 3339 372 3394; x_wconf 83' lang='grc' dir='ltr'><strong>τῶν</strong></span> <span class='ocrx_word' id='word_1_450' title='bbox 422 3339 637 3394; x_wconf 72' lang='grc' dir='ltr'>εἰδότων</span> <span class='ocrx_word' id='word_1_451' title='bbox 684 3337 874 3408; x_wconf 89' lang='grc' dir='ltr'>λόγος·</span> <span class='ocrx_word' id='word_1_452' title='bbox 924 3340 958 3410; x_wconf 79' lang='grc' dir='ltr'><strong>ἡ</strong></span> <span class='ocrx_word' id='word_1_453' title='bbox 1001 3338 1057 3391; x_wconf 84' lang='grc' dir='ltr'>δὲ</span> <span class='ocrx_word' id='word_1_454' title='bbox 1110 3338 1232 3410; x_wconf 75' lang='grc' dir='ltr'>χεὶρ</span> <span class='ocrx_word' id='word_1_455' title='bbox 1277 3336 1371 3392; x_wconf 84' lang='grc' dir='ltr'><strong>τοῦ</strong></span> <span class='ocrx_word' id='word_1_456' title='bbox 1411 3337 1615 3409; x_wconf 77' lang='grc' dir='ltr'>Κυρίου</span> <span class='ocrx_word' id='word_1_457' title='bbox 1649 3336 1787 3401; x_wconf 84' lang='grc' dir='ltr'>τέως</span> 
     </span>
    </p>
   </div>
   <div class='ocr_carea' id='block_1_64' title="bbox 1893 3336 3473 3417">
    <p class='ocr_par' dir='ltr' id='par_1_64' title="bbox 1893 3340 3473 3417">
     <span class='ocr_line' id='line_1_64' title="bbox 1893 3340 3473 3417; baseline -0.005 -14"><span class='ocrx_word' id='word_1_458' title='bbox 1893 3363 2051 3412; x_wconf 87' lang='lat' dir='ltr'><strong>care,</strong></span> <span class='ocrx_word' id='word_1_459' title='bbox 2084 3357 2143 3401; x_wconf 80' lang='lat' dir='ltr'><strong>ut</strong></span> <span class='ocrx_word' id='word_1_460' title='bbox 2189 3361 2259 3401; x_wconf 91' lang='lat' dir='ltr'><strong>ne</strong></span> <span class='ocrx_word' id='word_1_461' title='bbox 2306 3353 2570 3417; x_wconf 89' lang='lat' dir='ltr'><strong>perpetuo</strong></span> <span class='ocrx_word' id='word_1_462' title='bbox 2618 3343 2962 3398; x_wconf 87' lang='lat' dir='ltr'><strong>deseramur.</strong></span> <span class='ocrx_word' id='word_1_463' title='bbox 3015 3340 3152 3395; x_wconf 87' lang='lat' dir='ltr'><strong>Nam</strong></span> <span class='ocrx_word' id='word_1_464' title='bbox 3197 3347 3254 3396; x_wconf 91' lang='lat' dir='ltr'><strong>et</strong></span> <span class='ocrx_word' id='word_1_465' title='bbox 3304 3341 3473 3396; x_wconf 87' lang='lat' dir='ltr'><strong>frater</strong></span> 
     </span>
    </p>
   </div>
   <div class='ocr_carea' id='block_1_65' title="bbox 196 3427 1804 3513">
    <p class='ocr_par' dir='ltr' id='par_1_65' title="bbox 196 3427 1788 3504">
     <span class='ocr_line' id='line_1_65' title="bbox 196 3427 1788 3504; baseline -0.001 -20"><span class='ocrx_word' id='word_1_466' title='bbox 196 3434 317 3487; x_wconf 78' lang='grc' dir='ltr'>ἐστὶ</span> <span class='ocrx_word' id='word_1_467' title='bbox 370 3431 491 3504; x_wconf 84' lang='grc' dir='ltr'>μεθ’</span> <span class='ocrx_word' id='word_1_468' title='bbox 543 3431 721 3503; x_wconf 79' lang='grc' dir='ltr'>ἡμῶν.</span> <span class='ocrx_word' id='word_1_469' title='bbox 772 3430 947 3484; x_wconf 86' lang='grc' dir='ltr'>Μόνον</span> <span class='ocrx_word' id='word_1_470' title='bbox 982 3428 1140 3500; x_wconf 80' lang='grc' dir='ltr'>εῦχου</span> <span class='ocrx_word' id='word_1_471' title='bbox 1176 3429 1250 3501; x_wconf 85' lang='grc' dir='ltr'>μὴ</span> <span class='ocrx_word' id='word_1_472' title='bbox 1292 3427 1788 3499; x_wconf 75' lang='grc' dir='ltr'>ἐγκαταλειφθῆναι</span> 
     </span>
    </p>
   </div>
   <div class='ocr_carea' id='block_1_66' title="bbox 1893 3427 3475 3513">
    <p class='ocr_par' dir='ltr' id='par_1_66' title="bbox 1894 3436 3475 3513">
     <span class='ocr_line' id='line_1_66' title="bbox 1894 3436 3475 3513; baseline -0.004 -16"><span class='ocrx_word' id='word_1_473' title='bbox 1894 3442 2191 3513; x_wconf 86' lang='lat' dir='ltr'><strong>tranquillo</strong></span> <span class='ocrx_word' id='word_1_474' title='bbox 2222 3449 2309 3496; x_wconf 87' lang='lat' dir='ltr'><strong>est</strong></span> <span class='ocrx_word' id='word_1_475' title='bbox 2346 3441 2561 3506; x_wconf 89' lang='lat' dir='ltr'><strong>animo;</strong></span> <span class='ocrx_word' id='word_1_476' title='bbox 2607 3445 2660 3495; x_wconf 88' lang='lat' dir='ltr'><strong>et</strong></span> <span class='ocrx_word' id='word_1_477' title='bbox 2705 3436 2886 3493; x_wconf 86' lang='lat' dir='ltr'><strong>Doara</strong></span> <span class='ocrx_word' id='word_1_478' title='bbox 2920 3438 3207 3508; x_wconf 88' lang='lat' dir='ltr'><strong>antiquum</strong></span> <span class='ocrx_word' id='word_1_479' title='bbox 3253 3450 3475 3506; x_wconf 65' lang='lat' dir='ltr'><strong>recepeo</strong></span> 
     </span>
    </p>
   </div>
   <div class='ocr_carea' id='block_1_67' title="bbox 196 3520 1804 3599">
    <p class='ocr_par' dir='ltr' id='par_1_67' title="bbox 196 3520 1789 3597">
     <span class='ocr_line' id='line_1_67' title="bbox 196 3520 1789 3597; baseline -0.004 -18"><span class='ocrx_word' id='word_1_480' title='bbox 196 3527 349 3597; x_wconf 79' lang='grc' dir='ltr'>ἡμᾶς</span> <span class='ocrx_word' id='word_1_481' title='bbox 379 3527 463 3588; x_wconf 83' lang='grc' dir='ltr'><strong>είς</strong></span> <span class='ocrx_word' id='word_1_482' title='bbox 492 3523 667 3587; x_wconf 85' lang='grc' dir='ltr'>τέλος.</span> <span class='ocrx_word' id='word_1_483' title='bbox 705 3523 815 3576; x_wconf 77' lang='grc' dir='ltr'><strong>Καὶ</strong></span> <span class='ocrx_word' id='word_1_484' title='bbox 841 3523 950 3593; x_wconf 80' lang='grc' dir='ltr'>γὰρ</span> <span class='ocrx_word' id='word_1_485' title='bbox 979 3523 1074 3576; x_wconf 76' lang='grc' dir='ltr'>καὶ</span> <span class='ocrx_word' id='word_1_486' title='bbox 1098 3523 1127 3574; x_wconf 85' lang='grc' dir='ltr'>ὁ</span> <span class='ocrx_word' id='word_1_487' title='bbox 1172 3520 1400 3591; x_wconf 80' lang='grc' dir='ltr'>ἁδελφὸς</span> <span class='ocrx_word' id='word_1_488' title='bbox 1447 3520 1623 3590; x_wconf 87' lang='grc' dir='ltr'>διάγει</span> <span class='ocrx_word' id='word_1_489' title='bbox 1666 3520 1789 3574; x_wconf 82' lang='grc' dir='ltr'>ἀνε-</span> 
     </span>
    </p>
   </div>
   <div class='ocr_carea' id='block_1_68' title="bbox 1893 3520 3477 3599">
    <p class='ocr_par' dir='ltr' id='par_1_68' title="bbox 1893 3528 3477 3599">
     <span class='ocr_line' id='line_1_68' title="bbox 1893 3528 3477 3599; baseline -0.005 -10"><span class='ocrx_word' id='word_1_490' title='bbox 1893 3528 2018 3590; x_wconf 87' lang='lat' dir='ltr'><strong>runt</strong></span> <span class='ocrx_word' id='word_1_491' title='bbox 2049 3534 2388 3599; x_wconf 89' lang='lat' dir='ltr'><strong>mulionem;</strong></span> <span class='ocrx_word' id='word_1_492' title='bbox 2420 3532 2556 3587; x_wconf 88' lang='lat' dir='ltr'><strong>nihil</strong></span> <span class='ocrx_word' id='word_1_493' title='bbox 2606 3540 2790 3586; x_wconf 89' lang='lat' dir='ltr'><strong>autem</strong></span> <span class='ocrx_word' id='word_1_494' title='bbox 2840 3530 3046 3585; x_wconf 88' lang='lat' dir='ltr'><strong>habent</strong></span> <span class='ocrx_word' id='word_1_495' title='bbox 3092 3528 3332 3599; x_wconf 89' lang='lat' dir='ltr'><strong>amplius</strong></span> <span class='ocrx_word' id='word_1_496' title='bbox 3363 3546 3379 3582; x_wconf 87' lang='lat'><strong>:</strong></span> <span class='ocrx_word' id='word_1_497' title='bbox 3409 3541 3477 3581; x_wconf 87' lang='lat' dir='ltr'><strong>ac</strong></span> 
     </span>
    </p>
   </div>
   <div class='ocr_carea' id='block_1_69' title="bbox 194 3612 1804 3690">
    <p class='ocr_par' dir='ltr' id='par_1_69' title="bbox 194 3612 1778 3687">
     <span class='ocr_line' id='line_1_69' title="bbox 194 3612 1778 3687; baseline -0.005 -15"><span class='ocrx_word' id='word_1_498' title='bbox 194 3635 290 3683; x_wconf 85' lang='grc' dir='ltr'><strong>τος</strong></span> <span class='ocrx_word' id='word_1_499' title='bbox 309 3636 325 3649; x_wconf 90' lang='grc'><strong>·</strong></span> <span class='ocrx_word' id='word_1_500' title='bbox 385 3618 482 3671; x_wconf 74' lang='grc' dir='ltr'>καὶ</span> <span class='ocrx_word' id='word_1_501' title='bbox 527 3616 702 3687; x_wconf 83' lang='grc' dir='ltr'>Δόαρα</span> <span class='ocrx_word' id='word_1_502' title='bbox 750 3614 841 3669; x_wconf 83' lang='grc' dir='ltr'>τὸν</span> <span class='ocrx_word' id='word_1_503' title='bbox 892 3613 1121 3667; x_wconf 87' lang='grc' dir='ltr'>παλαιὸν</span> <span class='ocrx_word' id='word_1_504' title='bbox 1168 3613 1411 3667; x_wconf 85' lang='grc' dir='ltr'>ἀπέλαϐε</span> <span class='ocrx_word' id='word_1_505' title='bbox 1468 3612 1739 3682; x_wconf 86' lang='grc' dir='ltr'>μουλίωνα</span> <span class='ocrx_word' id='word_1_506' title='bbox 1763 3628 1778 3644; x_wconf 76' lang='grc' dir='ltr'><strong>ο</strong></span> 
     </span>
    </p>
   </div>
   <div class='ocr_carea' id='block_1_70' title="bbox 1893 3612 3472 3690">
    <p class='ocr_par' dir='ltr' id='par_1_70' title="bbox 1893 3617 3472 3690">
     <span class='ocr_line' id='line_1_70' title="bbox 1893 3617 3472 3690; baseline -0.006 -10"><span class='ocrx_word' id='word_1_507' title='bbox 1893 3626 2118 3682; x_wconf 87' lang='lat' dir='ltr'><strong>consilia</strong></span> <span class='ocrx_word' id='word_1_508' title='bbox 2143 3624 2493 3679; x_wconf 90' lang='lat' dir='ltr'><strong>inimicorum</strong></span> <span class='ocrx_word' id='word_1_509' title='bbox 2524 3632 2842 3677; x_wconf 88' lang='lat' dir='ltr'><strong>nostrorum</strong></span> <span class='ocrx_word' id='word_1_510' title='bbox 2862 3620 3157 3690; x_wconf 86' lang='lat' dir='ltr'><strong>dissipabit</strong></span> <span class='ocrx_word' id='word_1_511' title='bbox 3180 3617 3472 3673; x_wconf 88' lang='lat' dir='ltr'><strong>Dominus.</strong></span> 
     </span>
    </p>
   </div>
   <div class='ocr_carea' id='block_1_71' title="bbox 198 3703 1804 3784">
    <p class='ocr_par' dir='ltr' id='par_1_71' title="bbox 198 3703 1783 3780">
     <span class='ocr_line' id='line_1_71' title="bbox 198 3703 1783 3780; baseline -0.005 -16"><span class='ocrx_word' id='word_1_512' title='bbox 198 3710 365 3764; x_wconf 80' lang='grc' dir='ltr'>πλέον</span> <span class='ocrx_word' id='word_1_513' title='bbox 411 3709 470 3764; x_wconf 88' lang='grc' dir='ltr'><strong>δέ</strong></span> <span class='ocrx_word' id='word_1_514' title='bbox 517 3708 629 3780; x_wconf 72' lang='grc' dir='ltr'>ἔχει</span> <span class='ocrx_word' id='word_1_515' title='bbox 660 3707 810 3761; x_wconf 82' lang='grc' dir='ltr'>οὐδέν</span> <span class='ocrx_word' id='word_1_516' title='bbox 830 3722 845 3738; x_wconf 85' lang='grc'><strong>·</strong></span> <span class='ocrx_word' id='word_1_517' title='bbox 895 3709 992 3761; x_wconf 74' lang='grc' dir='ltr'>καὶ</span> <span class='ocrx_word' id='word_1_518' title='bbox 1038 3707 1138 3769; x_wconf 76' lang='grc' dir='ltr'><strong>τὰς</strong></span> <span class='ocrx_word' id='word_1_519' title='bbox 1178 3704 1372 3776; x_wconf 84' lang='grc' dir='ltr'>βουλὰς</span> <span class='ocrx_word' id='word_1_520' title='bbox 1417 3704 1526 3758; x_wconf 85' lang='grc' dir='ltr'><strong>τῶν</strong></span> <span class='ocrx_word' id='word_1_521' title='bbox 1573 3703 1783 3776; x_wconf 85' lang='grc' dir='ltr'>ἐχθρῶν</span> 
     </span>
    </p>
   </div>
   <div class='ocr_carea' id='block_1_72' title="bbox 1893 3703 3468 3784">
    <p class='ocr_par' dir='ltr' id='par_1_72' title="bbox 1893 3710 3468 3784">
     <span class='ocr_line' id='line_1_72' title="bbox 1893 3710 3468 3784; baseline -0.006 -12"><span class='ocrx_word' id='word_1_522' title='bbox 1893 3717 2056 3774; x_wconf 87' lang='lat' dir='ltr'><strong>Porro</strong></span> <span class='ocrx_word' id='word_1_523' title='bbox 2113 3715 2357 3770; x_wconf 85' lang='lat' dir='ltr'><strong>omnium</strong></span> <span class='ocrx_word' id='word_1_524' title='bbox 2405 3722 2460 3770; x_wconf 91' lang='lat' dir='ltr'><strong>et</strong></span> <span class='ocrx_word' id='word_1_525' title='bbox 2509 3712 2862 3784; x_wconf 70' lang='lat' dir='ltr'><strong>praesentium</strong></span> <span class='ocrx_word' id='word_1_526' title='bbox 2915 3720 2973 3768; x_wconf 89' lang='lat' dir='ltr'><strong>et</strong></span> <span class='ocrx_word' id='word_1_527' title='bbox 3030 3710 3468 3782; x_wconf 88' lang='lat' dir='ltr'><strong>impendentium</strong></span> 
     </span>
    </p>
   </div>
   <div class='ocr_carea' id='block_1_73' title="bbox 194 3795 1804 3875">
    <p class='ocr_par' dir='ltr' id='par_1_73' title="bbox 194 3795 1785 3875">
     <span class='ocr_line' id='line_1_73' title="bbox 194 3795 1785 3875; baseline -0.004 -18"><span class='ocrx_word' id='word_1_528' title='bbox 194 3802 360 3875; x_wconf 80' lang='grc' dir='ltr'>ἡμῶν</span> <span class='ocrx_word' id='word_1_529' title='bbox 381 3800 723 3855; x_wconf 88' lang='grc' dir='ltr'>διασκεδάσει</span> <span class='ocrx_word' id='word_1_530' title='bbox 744 3798 853 3869; x_wconf 89' lang='grc'>(16)</span> <span class='ocrx_word' id='word_1_531' title='bbox 867 3798 1095 3870; x_wconf 80' lang='grc' dir='ltr'>Κύριος.</span> <span class='ocrx_word' id='word_1_532' title='bbox 1110 3798 1331 3852; x_wconf 84' lang='grc' dir='ltr'>Πάντων</span> <span class='ocrx_word' id='word_1_533' title='bbox 1361 3797 1544 3868; x_wconf 88' lang='grc' dir='ltr'>μέντοι</span> <span class='ocrx_word' id='word_1_534' title='bbox 1562 3796 1656 3850; x_wconf 76' lang='grc' dir='ltr'>καὶ</span> <span class='ocrx_word' id='word_1_535' title='bbox 1675 3795 1785 3850; x_wconf 83' lang='grc' dir='ltr'><strong>τῶν</strong></span> 
     </span>
    </p>
   </div>
   <div class='ocr_carea' id='block_1_74' title="bbox 1893 3795 3472 3875">
    <p class='ocr_par' dir='ltr' id='par_1_74' title="bbox 1893 3798 3472 3871">
     <span class='ocr_line' id='line_1_74' title="bbox 1893 3798 3472 3871; baseline -0.008 -9"><span class='ocrx_word' id='word_1_536' title='bbox 1893 3806 2258 3862; x_wconf 88' lang='lat' dir='ltr'><strong>molestiarum</strong></span> <span class='ocrx_word' id='word_1_537' title='bbox 2315 3802 2518 3859; x_wconf 88' lang='lat' dir='ltr'><strong>solutio</strong></span> <span class='ocrx_word' id='word_1_538' title='bbox 2565 3804 2621 3856; x_wconf 90' lang='lat' dir='ltr'><strong>in</strong></span> <span class='ocrx_word' id='word_1_539' title='bbox 2669 3818 2736 3857; x_wconf 91' lang='lat' dir='ltr'><strong>eo</strong></span> <span class='ocrx_word' id='word_1_540' title='bbox 2780 3803 2997 3871; x_wconf 89' lang='lat' dir='ltr'><strong>posita,</strong></span> <span class='ocrx_word' id='word_1_541' title='bbox 3043 3808 3105 3853; x_wconf 90' lang='lat' dir='ltr'><strong>ut</strong></span> <span class='ocrx_word' id='word_1_542' title='bbox 3149 3808 3202 3854; x_wconf 89' lang='lat' dir='ltr'><strong>te</strong></span> <span class='ocrx_word' id='word_1_543' title='bbox 3236 3798 3472 3853; x_wconf 75' lang='lat' dir='ltr'><strong>videam.</strong></span> 
     </span>
    </p>
   </div>
   <div class='ocr_carea' id='block_1_75' title="bbox 198 3887 1804 3966">
    <p class='ocr_par' dir='ltr' id='par_1_75' title="bbox 198 3887 1787 3966">
     <span class='ocr_line' id='line_1_75' title="bbox 198 3887 1787 3966; baseline -0.006 -17"><span class='ocrx_word' id='word_1_544' title='bbox 198 3896 491 3966; x_wconf 85' lang='grc' dir='ltr'>παρόντων</span> <span class='ocrx_word' id='word_1_545' title='bbox 531 3893 625 3946; x_wconf 70' lang='grc' dir='ltr'>καὶ</span> <span class='ocrx_word' id='word_1_546' title='bbox 668 3891 778 3944; x_wconf 82' lang='grc' dir='ltr'><strong>τῶν</strong></span> <span class='ocrx_word' id='word_1_547' title='bbox 822 3888 1287 3961; x_wconf 84' lang='grc' dir='ltr'>προσδοκωμένων</span> <span class='ocrx_word' id='word_1_548' title='bbox 1336 3887 1592 3958; x_wconf 82' lang='grc' dir='ltr'>λυπηρῶν</span> <span class='ocrx_word' id='word_1_549' title='bbox 1634 3887 1787 3950; x_wconf 82' lang='grc' dir='ltr'>λύσις</span> 
     </span>
    </p>
   </div>
   <div class='ocr_carea' id='block_1_76' title="bbox 1893 3887 3477 3966">
    <p class='ocr_par' dir='ltr' id='par_1_76' title="bbox 1893 3889 3477 3966">
     <span class='ocr_line' id='line_1_76' title="bbox 1893 3889 3477 3966; baseline -0.006 -15"><span class='ocrx_word' id='word_1_550' title='bbox 1893 3898 2074 3964; x_wconf 87' lang='lat' dir='ltr'><strong>Quare</strong></span> <span class='ocrx_word' id='word_1_551' title='bbox 2103 3894 2374 3966; x_wconf 88' lang='lat' dir='ltr'><strong>siquando</strong></span> <span class='ocrx_word' id='word_1_552' title='bbox 2408 3892 2503 3948; x_wconf 85' lang='lat' dir='ltr'><strong>tibi</strong></span> <span class='ocrx_word' id='word_1_553' title='bbox 2536 3892 2775 3957; x_wconf 87' lang='lat' dir='ltr'><strong>licuerit,</strong></span> <span class='ocrx_word' id='word_1_554' title='bbox 2805 3892 2937 3947; x_wconf 89' lang='lat' dir='ltr'><strong>dum</strong></span> <span class='ocrx_word' id='word_1_555' title='bbox 2986 3891 3166 3945; x_wconf 89' lang='lat' dir='ltr'><strong>adhuc</strong></span> <span class='ocrx_word' id='word_1_556' title='bbox 3219 3889 3276 3944; x_wconf 92' lang='lat' dir='ltr'><strong>in</strong></span> <span class='ocrx_word' id='word_1_557' title='bbox 3325 3894 3477 3943; x_wconf 81' lang='lat' dir='ltr'><strong>terra</strong></span> 
     </span>
    </p>
   </div>
   <div class='ocr_carea' id='block_1_77' title="bbox 195 3978 1804 4057">
    <p class='ocr_par' dir='ltr' id='par_1_77' title="bbox 195 3979 1789 4057">
     <span class='ocr_line' id='line_1_77' title="bbox 195 3979 1789 4057; baseline -0.006 -18"><span class='ocrx_word' id='word_1_558' title='bbox 195 3989 335 4057; x_wconf 82' lang='grc' dir='ltr'>ἡμῖν</span> <span class='ocrx_word' id='word_1_559' title='bbox 364 3984 430 4038; x_wconf 76' lang='grc' dir='ltr'>τὸ</span> <span class='ocrx_word' id='word_1_560' title='bbox 456 3984 516 4037; x_wconf 80' lang='grc' dir='ltr'>σὲ</span> <span class='ocrx_word' id='word_1_561' title='bbox 546 3980 865 4037; x_wconf 80' lang='grc' dir='ltr'>θεάσασθαι.</span> <span class='ocrx_word' id='word_1_562' title='bbox 903 3981 1088 4046; x_wconf 79' lang='grc' dir='ltr'>Ὥστε,</span> <span class='ocrx_word' id='word_1_563' title='bbox 1128 3979 1226 4032; x_wconf 81' lang='grc' dir='ltr'>ἐὰν</span> <span class='ocrx_word' id='word_1_564' title='bbox 1264 3979 1488 4052; x_wconf 83' lang='grc' dir='ltr'>γένηταί</span> <span class='ocrx_word' id='word_1_565' title='bbox 1527 3979 1610 4032; x_wconf 84' lang='grc' dir='ltr'><strong>σοί</strong></span> <span class='ocrx_word' id='word_1_566' title='bbox 1658 3995 1789 4031; x_wconf 85' lang='grc' dir='ltr'>ποτε</span> 
     </span>
    </p>
   </div>
   <div class='ocr_carea' id='block_1_78' title="bbox 1893 3978 3474 4057">
    <p class='ocr_par' dir='ltr' id='par_1_78' title="bbox 1893 3978 3474 4057">
     <span class='ocr_line' id='line_1_78' title="bbox 1893 3978 3474 4057; baseline -0.006 -13"><span class='ocrx_word' id='word_1_567' title='bbox 1893 4003 2192 4054; x_wconf 78' lang='lat' dir='ltr'><strong>versamur,</strong></span> <span class='ocrx_word' id='word_1_568' title='bbox 2249 4003 2321 4043; x_wconf 91' lang='lat' dir='ltr'><strong>ne</strong></span> <span class='ocrx_word' id='word_1_569' title='bbox 2374 3986 2621 4057; x_wconf 83' lang='lat' dir='ltr'><strong>graveris</strong></span> <span class='ocrx_word' id='word_1_570' title='bbox 2671 4000 2774 4040; x_wconf 87' lang='lat' dir='ltr'><strong>nos</strong></span> <span class='ocrx_word' id='word_1_571' title='bbox 2825 3984 3088 4040; x_wconf 84' lang='lat' dir='ltr'><strong>invisere.</strong></span> <span class='ocrx_word' id='word_1_572' title='bbox 3140 3981 3217 4037; x_wconf 91' lang='lat' dir='ltr'><strong>De</strong></span> <span class='ocrx_word' id='word_1_573' title='bbox 3266 3978 3474 4052; x_wconf 89' lang='lat' dir='ltr'><strong>Spiritu</strong></span> 
     </span>
    </p>
   </div>
   <div class='ocr_carea' id='block_1_79' title="bbox 199 4071 1804 4148">
    <p class='ocr_par' dir='ltr' id='par_1_79' title="bbox 199 4071 1790 4145">
     <span class='ocr_line' id='line_1_79' title="bbox 199 4071 1790 4145; baseline -0.006 -12"><span class='ocrx_word' id='word_1_574' title='bbox 199 4079 454 4140; x_wconf 82' lang='grc' dir='ltr'>δυνατὸν,</span> <span class='ocrx_word' id='word_1_575' title='bbox 483 4076 587 4140; x_wconf 75' lang='grc' dir='ltr'>ἕως</span> <span class='ocrx_word' id='word_1_576' title='bbox 618 4075 698 4131; x_wconf 77' lang='grc' dir='ltr'>ἔτι</span> <span class='ocrx_word' id='word_1_577' title='bbox 726 4074 893 4145; x_wconf 82' lang='grc' dir='ltr'>ἐσμὲν</span> <span class='ocrx_word' id='word_1_578' title='bbox 938 4073 1079 4143; x_wconf 77' lang='grc' dir='ltr'>ὑπὲρ</span> <span class='ocrx_word' id='word_1_579' title='bbox 1106 4075 1231 4144; x_wconf 79' lang='grc' dir='ltr'>γῆς,</span> <span class='ocrx_word' id='word_1_580' title='bbox 1274 4071 1607 4136; x_wconf 77' lang='grc' dir='ltr'>καταξίωσον</span> <span class='ocrx_word' id='word_1_581' title='bbox 1638 4072 1790 4141; x_wconf 82' lang='grc' dir='ltr'>ἡμᾶς</span> 
     </span>
    </p>
   </div>
   <div class='ocr_carea' id='block_1_80' title="bbox 1893 4071 3477 4148">
    <p class='ocr_par' dir='ltr' id='par_1_80' title="bbox 1893 4074 3477 4148">
     <span class='ocr_line' id='line_1_80' title="bbox 1893 4074 3477 4148; baseline -0.001 -16"><span class='ocrx_word' id='word_1_582' title='bbox 1893 4078 2024 4134; x_wconf 88' lang='lat' dir='ltr'><strong>liber</strong></span> <span class='ocrx_word' id='word_1_583' title='bbox 2053 4079 2295 4148; x_wconf 87' lang='lat' dir='ltr'><strong>scriptus</strong></span> <span class='ocrx_word' id='word_1_584' title='bbox 2326 4075 2552 4148; x_wconf 82' lang='lat' dir='ltr'><strong>quidem</strong></span> <span class='ocrx_word' id='word_1_585' title='bbox 2585 4092 2617 4130; x_wconf 93' lang='lat' dir='ltr'><strong>a</strong></span> <span class='ocrx_word' id='word_1_586' title='bbox 2656 4078 2819 4132; x_wconf 90' lang='lat' dir='ltr'><strong>nobis</strong></span> <span class='ocrx_word' id='word_1_587' title='bbox 2847 4084 2932 4131; x_wconf 92' lang='lat' dir='ltr'><strong>est</strong></span> <span class='ocrx_word' id='word_1_588' title='bbox 2976 4082 3033 4130; x_wconf 86' lang='lat' dir='ltr'><strong>et</strong></span> <span class='ocrx_word' id='word_1_589' title='bbox 3080 4074 3385 4136; x_wconf 89' lang='lat' dir='ltr'><strong>absolutus.</strong></span> <span class='ocrx_word' id='word_1_590' title='bbox 3417 4081 3477 4130; x_wconf 76' lang='lat' dir='ltr'><strong>ut</strong></span> 
     </span>
    </p>
   </div>
   <div class='ocr_carea' id='block_1_81' title="bbox 203 4161 1804 4242">
    <p class='ocr_par' dir='ltr' id='par_1_81' title="bbox 203 4161 1794 4239">
     <span class='ocr_line' id='line_1_81' title="bbox 203 4161 1794 4239; baseline -0.006 -16"><span class='ocrx_word' id='word_1_591' title='bbox 203 4169 357 4223; x_wconf 79' lang='grc' dir='ltr'>ἰδεῖν.</span> <span class='ocrx_word' id='word_1_592' title='bbox 383 4168 460 4222; x_wconf 81' lang='grc' dir='ltr'><strong>Τὸ</strong></span> <span class='ocrx_word' id='word_1_593' title='bbox 487 4167 614 4239; x_wconf 65' lang='grc' dir='ltr'><strong>περ)⁵</strong></span> <span class='ocrx_word' id='word_1_594' title='bbox 637 4164 735 4219; x_wconf 87' lang='grc' dir='ltr'><strong>τοῦ</strong></span> <span class='ocrx_word' id='word_1_595' title='bbox 775 4164 915 4218; x_wconf 85' lang='grc' dir='ltr'><strong>Πνεύ</strong></span> <span class='ocrx_word' id='word_1_596' title='bbox 924 4180 1093 4234; x_wconf 86' lang='grc' dir='ltr'>ματος</span> <span class='ocrx_word' id='word_1_597' title='bbox 1122 4162 1235 4227; x_wconf 84' lang='grc'>(17)</span> <span class='ocrx_word' id='word_1_598' title='bbox 1267 4161 1466 4232; x_wconf 83' lang='grc' dir='ltr'>βιϐλίον</span> <span class='ocrx_word' id='word_1_599' title='bbox 1486 4162 1794 4232; x_wconf 84' lang='grc' dir='ltr'>γέγραπται</span> 
     </span>
    </p>
   </div>
   <div class='ocr_carea' id='block_1_82' title="bbox 1893 4161 3475 4242">
    <p class='ocr_par' dir='ltr' id='par_1_82' title="bbox 1893 4163 3475 4242">
     <span class='ocr_line' id='line_1_82' title="bbox 1893 4163 3475 4242; baseline -0.005 -17"><span class='ocrx_word' id='word_1_600' title='bbox 1893 4171 2010 4242; x_wconf 91' lang='lat' dir='ltr'><strong>ipse</strong></span> <span class='ocrx_word' id='word_1_601' title='bbox 2053 4171 2225 4226; x_wconf 90' lang='lat' dir='ltr'><strong>nosti.</strong></span> <span class='ocrx_word' id='word_1_602' title='bbox 2274 4168 2584 4235; x_wconf 81' lang='lat' dir='ltr'><strong>Quominus</strong></span> <span class='ocrx_word' id='word_1_603' title='bbox 2631 4173 2814 4222; x_wconf 91' lang='lat' dir='ltr'><strong>autem</strong></span> <span class='ocrx_word' id='word_1_604' title='bbox 2851 4164 3126 4221; x_wconf 85' lang='lat' dir='ltr'><strong>mitterem</strong></span> <span class='ocrx_word' id='word_1_605' title='bbox 3177 4164 3233 4218; x_wconf 90' lang='lat' dir='ltr'><strong>in</strong></span> <span class='ocrx_word' id='word_1_606' title='bbox 3284 4163 3475 4218; x_wconf 85' lang='lat' dir='ltr'><strong>charta</strong></span> 
     </span>
    </p>
   </div>
   <div class='ocr_carea' id='block_1_83' title="bbox 202 4249 1793 4332">
    <p class='ocr_par' dir='ltr' id='par_1_83' title="bbox 202 4249 1793 4332">
     <span class='ocr_line' id='line_1_83' title="bbox 202 4249 1793 4332; baseline -0.004 -19"><span class='ocrx_word' id='word_1_607' title='bbox 202 4261 308 4332; x_wconf 82' lang='grc' dir='ltr'>μὲν</span> <span class='ocrx_word' id='word_1_608' title='bbox 332 4260 470 4331; x_wconf 75' lang='grc' dir='ltr'>ἡμῖν</span> <span class='ocrx_word' id='word_1_609' title='bbox 491 4258 586 4312; x_wconf 75' lang='grc' dir='ltr'>καὶ</span> <span class='ocrx_word' id='word_1_610' title='bbox 606 4257 975 4329; x_wconf 76' lang='grc' dir='ltr'>ἐξείργασται,</span> <span class='ocrx_word' id='word_1_611' title='bbox 1003 4254 1079 4318; x_wconf 87' lang='grc' dir='ltr'>ὠς</span> <span class='ocrx_word' id='word_1_612' title='bbox 1103 4253 1265 4317; x_wconf 81' lang='grc' dir='ltr'>αὐτὸς</span> <span class='ocrx_word' id='word_1_613' title='bbox 1284 4249 1430 4317; x_wconf 83' lang='grc' dir='ltr'>οἶδας</span> <span class='ocrx_word' id='word_1_614' title='bbox 1450 4270 1462 4282; x_wconf 91' lang='grc'>·</span> <span class='ocrx_word' id='word_1_615' title='bbox 1477 4254 1793 4307; x_wconf 88' lang='grc' dir='ltr'>ἀποστεῖλαι</span> 
     </span>
    </p>
   </div>
   <div class='ocr_carea' id='block_1_84' title="bbox 196 4345 1791 4423">
    <p class='ocr_par' dir='ltr' id='par_1_84' title="bbox 196 4345 1791 4423">
     <span class='ocr_line' id='line_1_84' title="bbox 196 4345 1791 4423; baseline -0.005 -16"><span class='ocrx_word' id='word_1_616' title='bbox 196 4352 258 4407; x_wconf 81' lang='grc' dir='ltr'>δὲ</span> <span class='ocrx_word' id='word_1_617' title='bbox 293 4355 358 4408; x_wconf 85' lang='grc' dir='ltr'><strong>ἐν</strong></span> <span class='ocrx_word' id='word_1_618' title='bbox 383 4352 560 4423; x_wconf 78' lang='grc' dir='ltr'>χάρτῃ</span> <span class='ocrx_word' id='word_1_619' title='bbox 590 4349 975 4421; x_wconf 83' lang='grc' dir='ltr'>γεγραμμένον</span> <span class='ocrx_word' id='word_1_620' title='bbox 1007 4346 1287 4402; x_wconf 84' lang='grc' dir='ltr'>ἐκώλυσάν</span> <span class='ocrx_word' id='word_1_621' title='bbox 1320 4363 1388 4418; x_wconf 90' lang='grc' dir='ltr'><strong>με</strong></span> <span class='ocrx_word' id='word_1_622' title='bbox 1425 4347 1475 4399; x_wconf 76' lang='grc' dir='ltr'>οἱ</span> <span class='ocrx_word' id='word_1_623' title='bbox 1511 4346 1626 4417; x_wconf 86' lang='grc' dir='ltr'>μετ’</span> <span class='ocrx_word' id='word_1_624' title='bbox 1655 4345 1791 4418; x_wconf 89' lang='grc' dir='ltr'>ἐμοῦ</span> 
     </span>
    </p>
   </div>
   <div class='ocr_carea' id='block_1_85' title="bbox 198 4438 1795 4515">
    <p class='ocr_par' dir='ltr' id='par_1_85' title="bbox 198 4438 1795 4515">
     <span class='ocr_line' id='line_1_85' title="bbox 198 4438 1795 4515; baseline -0.005 -16"><span class='ocrx_word' id='word_1_625' title='bbox 198 4444 454 4515; x_wconf 73' lang='grc' dir='ltr'>ἀδελφοὶ,</span> <span class='ocrx_word' id='word_1_626' title='bbox 488 4442 737 4505; x_wconf 87' lang='grc' dir='ltr'>εἰπόντες</span> <span class='ocrx_word' id='word_1_627' title='bbox 777 4440 929 4511; x_wconf 85' lang='grc' dir='ltr'><strong>παρά</strong></span> <span class='ocrx_word' id='word_1_628' title='bbox 969 4440 1070 4512; x_wconf 84' lang='grc' dir='ltr'>τῆς</span> <span class='ocrx_word' id='word_1_629' title='bbox 1115 4438 1394 4508; x_wconf 80' lang='grc' dir='ltr'>εὐγενείας</span> <span class='ocrx_word' id='word_1_630' title='bbox 1435 4454 1529 4491; x_wconf 88' lang='grc' dir='ltr'><strong>σου</strong></span> <span class='ocrx_word' id='word_1_631' title='bbox 1577 4438 1795 4501; x_wconf 83' lang='grc' dir='ltr'>ἐντολὰς</span> 
     </span>
    </p>
   </div>
   <div class='ocr_carea' id='block_1_86' title="bbox 199 4527 1795 4608">
    <p class='ocr_par' dir='ltr' id='par_1_86' title="bbox 199 4527 1795 4608">
     <span class='ocr_line' id='line_1_86' title="bbox 199 4527 1795 4608; baseline -0.004 -18"><span class='ocrx_word' id='word_1_632' title='bbox 199 4537 353 4608; x_wconf 75' lang='grc' dir='ltr'>ἔχειν</span> <span class='ocrx_word' id='word_1_633' title='bbox 390 4537 450 4590; x_wconf 84' lang='grc' dir='ltr'><strong>ἐν</strong></span> <span class='ocrx_word' id='word_1_634' title='bbox 495 4533 756 4606; x_wconf 79' lang='grc' dir='ltr'>σωματίῳ</span> <span class='ocrx_word' id='word_1_635' title='bbox 794 4532 1024 4605; x_wconf 71' lang='grc' dir='ltr'>γράψαι.</span> <span class='ocrx_word' id='word_1_636' title='bbox 1058 4532 1154 4585; x_wconf 82' lang='grc' dir='ltr'><strong>’Ίν’</strong></span> <span class='ocrx_word' id='word_1_637' title='bbox 1203 4527 1295 4585; x_wconf 79' lang='grc' dir='ltr'>οὖν</span> <span class='ocrx_word' id='word_1_638' title='bbox 1331 4534 1403 4602; x_wconf 86' lang='grc' dir='ltr'>μή</span> <span class='ocrx_word' id='word_1_639' title='bbox 1452 4547 1506 4584; x_wconf 79' lang='grc' dir='ltr'><strong>τι</strong></span> <span class='ocrx_word' id='word_1_640' title='bbox 1557 4530 1795 4601; x_wconf 79' lang='grc' dir='ltr'>δόξωμεν</span> 
     </span>
    </p>
   </div>
   <div class='ocr_carea' id='block_1_87' title="bbox 199 4620 1798 4695">
    <p class='ocr_par' dir='ltr' id='par_1_87' title="bbox 199 4620 1798 4695">
     <span class='ocr_line' id='line_1_87' title="bbox 199 4620 1798 4695; baseline -0.005 -13"><span class='ocrx_word' id='word_1_641' title='bbox 199 4627 532 4684; x_wconf 79' lang='grc' dir='ltr'>ὑπεναντίον</span> <span class='ocrx_word' id='word_1_642' title='bbox 566 4627 739 4679; x_wconf 87' lang='grc' dir='ltr'>ποιεῖν</span> <span class='ocrx_word' id='word_1_643' title='bbox 785 4623 864 4695; x_wconf 81' lang='grc' dir='ltr'>τῷ</span> <span class='ocrx_word' id='word_1_644' title='bbox 906 4622 1288 4695; x_wconf 80' lang='grc' dir='ltr'>προστάγματι</span> <span class='ocrx_word' id='word_1_645' title='bbox 1333 4638 1449 4689; x_wconf 84' lang='grc' dir='ltr'>σου,</span> <span class='ocrx_word' id='word_1_646' title='bbox 1494 4620 1798 4691; x_wconf 74' lang='grc' dir='ltr'>ἐπέσχομεν</span> 
     </span>
    </p>
   </div>
   <div class='ocr_carea' id='block_1_88' title="bbox 199 4714 1798 4791">
    <p class='ocr_par' dir='ltr' id='par_1_88' title="bbox 199 4714 1798 4791">
     <span class='ocr_line' id='line_1_88' title="bbox 199 4714 1798 4791; baseline -0.005 -15"><span class='ocrx_word' id='word_1_647' title='bbox 199 4722 324 4786; x_wconf 88' lang='grc' dir='ltr'>νῦν,</span> <span class='ocrx_word' id='word_1_648' title='bbox 379 4718 786 4791; x_wconf 85' lang='grc' dir='ltr'>ἀποστελοῦμεν</span> <span class='ocrx_word' id='word_1_649' title='bbox 830 4719 886 4772; x_wconf 78' lang='grc' dir='ltr'>δὲ</span> <span class='ocrx_word' id='word_1_650' title='bbox 937 4717 1130 4789; x_wconf 79' lang='grc' dir='ltr'>μικρὸν</span> <span class='ocrx_word' id='word_1_651' title='bbox 1186 4715 1445 4788; x_wconf 74' lang='grc' dir='ltr'>ὕστερον,</span> <span class='ocrx_word' id='word_1_652' title='bbox 1498 4715 1657 4786; x_wconf 89' lang='grc' dir='ltr'>μόνον</span> <span class='ocrx_word' id='word_1_653' title='bbox 1703 4714 1798 4768; x_wconf 86' lang='grc' dir='ltr'><strong>ἐάν</strong></span> 
     </span>
    </p>
   </div>
   <div class='ocr_carea' id='block_1_89' title="bbox 197 4807 1801 4883">
    <p class='ocr_par' dir='ltr' id='par_1_89' title="bbox 197 4807 1801 4883">
     <span class='ocr_line' id='line_1_89' title="bbox 197 4807 1801 4883; baseline -0.006 -13"><span class='ocrx_word' id='word_1_654' title='bbox 197 4833 356 4880; x_wconf 84' lang='grc' dir='ltr'>τινος</span> <span class='ocrx_word' id='word_1_655' title='bbox 382 4814 687 4883; x_wconf 84' lang='grc' dir='ltr'>ἐπιτηδείου</span> <span class='ocrx_word' id='word_1_656' title='bbox 710 4811 805 4865; x_wconf 87' lang='grc' dir='ltr'><strong>τοῦ</strong></span> <span class='ocrx_word' id='word_1_657' title='bbox 834 4811 1239 4881; x_wconf 78' lang='grc' dir='ltr'>διακομίζοντος</span> <span class='ocrx_word' id='word_1_658' title='bbox 1268 4808 1638 4879; x_wconf 85' lang='grc' dir='ltr'>ἐπιτύχωμεν.</span> <span class='ocrx_word' id='word_1_659' title='bbox 1678 4807 1801 4878; x_wconf 80' lang='grc' dir='ltr'><strong>Ἔρ-</strong></span> 
     </span>
    </p>
   </div>
   <div class='ocr_carea' id='block_1_90' title="bbox 1896 4251 3473 4332">
    <p class='ocr_par' dir='ltr' id='par_1_90' title="bbox 1896 4251 3473 4332">
     <span class='ocr_line' id='line_1_90' title="bbox 1896 4251 3473 4332; baseline -0.006 -15"><span class='ocrx_word' id='word_1_660' title='bbox 1896 4259 2626 4332; x_wconf 70' lang='grc' dir='ltr'>ὁοεοτίριυιη,·ι›ι·οιιίὶ)ιιειό</span> <span class='ocrx_word' id='word_1_661' title='bbox 2653 4257 2750 4328; x_wconf 88' lang='lat' dir='ltr'><strong>qui</strong></span> <span class='ocrx_word' id='word_1_662' title='bbox 2794 4271 3011 4310; x_wconf 89' lang='lat' dir='ltr'><strong>meeum</strong></span> <span class='ocrx_word' id='word_1_663' title='bbox 3066 4263 3194 4310; x_wconf 87' lang='lat' dir='ltr'><strong>sunt</strong></span> <span class='ocrx_word' id='word_1_664' title='bbox 3238 4251 3473 4319; x_wconf 87' lang='lat' dir='ltr'><strong>fratres,</strong></span> 
     </span>
    </p>
   </div>
   <div class='ocr_carea' id='block_1_91' title="bbox 1901 4345 3478 4411">
    <p class='ocr_par' dir='ltr' id='par_1_91' title="bbox 1901 4345 3478 4411">
     <span class='ocr_line' id='line_1_91' title="bbox 1901 4345 3478 4411; baseline -0.007 -2"><span class='ocrx_word' id='word_1_665' title='bbox 1901 4369 2027 4409; x_wconf 89' lang='lat' dir='ltr'><strong>cum</strong></span> <span class='ocrx_word' id='word_1_666' title='bbox 2066 4368 2128 4408; x_wconf 91' lang='lat' dir='ltr'><strong>sc</strong></span> <span class='ocrx_word' id='word_1_667' title='bbox 2160 4367 2192 4405; x_wconf 87' lang='lat' dir='ltr'><strong>a</strong></span> <span class='ocrx_word' id='word_1_668' title='bbox 2224 4359 2278 4406; x_wconf 92' lang='lat' dir='ltr'><strong>te</strong></span> <span class='ocrx_word' id='word_1_669' title='bbox 2302 4349 2560 4404; x_wconf 87' lang='lat' dir='ltr'><strong>mandata</strong></span> <span class='ocrx_word' id='word_1_670' title='bbox 2587 4349 2792 4404; x_wconf 89' lang='lat' dir='ltr'><strong>habere</strong></span> <span class='ocrx_word' id='word_1_671' title='bbox 2833 4348 3101 4411; x_wconf 88' lang='lat' dir='ltr'><strong>dicerent,</strong></span> <span class='ocrx_word' id='word_1_672' title='bbox 3128 4353 3190 4400; x_wconf 87' lang='lat' dir='ltr'><strong>ut</strong></span> <span class='ocrx_word' id='word_1_673' title='bbox 3222 4345 3278 4399; x_wconf 93' lang='lat' dir='ltr'><strong>in</strong></span> <span class='ocrx_word' id='word_1_674' title='bbox 3306 4360 3478 4400; x_wconf 85' lang='lat' dir='ltr'><strong>mem-</strong></span> 
     </span>
    </p>
   </div>
   <div class='ocr_carea' id='block_1_92' title="bbox 1890 4434 3479 4511">
    <p class='ocr_par' dir='ltr' id='par_1_92' title="bbox 1890 4434 3479 4511">
     <span class='ocr_line' id='line_1_92' title="bbox 1890 4434 3479 4511; baseline -0.008 -10"><span class='ocrx_word' id='word_1_675' title='bbox 1890 4434 2085 4501; x_wconf 86' lang='lat' dir='ltr'><strong>branis</strong></span> <span class='ocrx_word' id='word_1_676' title='bbox 2134 4442 2470 4499; x_wconf 86' lang='lat' dir='ltr'><strong>describant.</strong></span> <span class='ocrx_word' id='word_1_677' title='bbox 2523 4440 2601 4496; x_wconf 85' lang='lat' dir='ltr'><strong>Ne</strong></span> <span class='ocrx_word' id='word_1_678' title='bbox 2649 4440 2783 4511; x_wconf 87' lang='lat' dir='ltr'><strong>quid</strong></span> <span class='ocrx_word' id='word_1_679' title='bbox 2836 4439 3003 4511; x_wconf 84' lang='lat' dir='ltr'><strong>igitur</strong></span> <span class='ocrx_word' id='word_1_680' title='bbox 3042 4444 3236 4493; x_wconf 88' lang='lat' dir='ltr'><strong>contra</strong></span> <span class='ocrx_word' id='word_1_681' title='bbox 3275 4449 3479 4507; x_wconf 83' lang='lat' dir='ltr'><strong>praece-</strong></span> 
     </span>
    </p>
   </div>
   <div class='ocr_carea' id='block_1_93' title="bbox 1896 4529 3481 4610">
    <p class='ocr_par' dir='ltr' id='par_1_93' title="bbox 1896 4529 3481 4610">
     <span class='ocr_line' id='line_1_93' title="bbox 1896 4529 3481 4610; baseline -0.009 -17"><span class='ocrx_word' id='word_1_682' title='bbox 1896 4548 2050 4610; x_wconf 91' lang='lat' dir='ltr'><strong>ptum</strong></span> <span class='ocrx_word' id='word_1_683' title='bbox 2092 4546 2246 4592; x_wconf 88' lang='lat' dir='ltr'><strong>tuum</strong></span> <span class='ocrx_word' id='word_1_684' title='bbox 2297 4534 2476 4593; x_wconf 84' lang='lat' dir='ltr'><strong>facere</strong></span> <span class='ocrx_word' id='word_1_685' title='bbox 2524 4533 2844 4600; x_wconf 87' lang='lat' dir='ltr'><strong>videamur,</strong></span> <span class='ocrx_word' id='word_1_686' title='bbox 2906 4545 3057 4586; x_wconf 91' lang='lat' dir='ltr'><strong>nunc</strong></span> <span class='ocrx_word' id='word_1_687' title='bbox 3104 4529 3481 4601; x_wconf 85' lang='lat' dir='ltr'><strong>procrastina-</strong></span> 
     </span>
    </p>
   </div>
   <div class='ocr_carea' id='block_1_94' title="bbox 1899 4620 3477 4698">
    <p class='ocr_par' dir='ltr' id='par_1_94' title="bbox 1899 4620 3477 4698">
     <span class='ocr_line' id='line_1_94' title="bbox 1899 4620 3477 4698; baseline -0.008 -13"><span class='ocrx_word' id='word_1_688' title='bbox 1899 4632 2107 4694; x_wconf 88' lang='lat' dir='ltr'><strong>vimus,</strong></span> <span class='ocrx_word' id='word_1_689' title='bbox 2143 4627 2239 4685; x_wconf 88' lang='lat' dir='ltr'><strong>sed</strong></span> <span class='ocrx_word' id='word_1_690' title='bbox 2268 4628 2431 4698; x_wconf 89' lang='lat' dir='ltr'><strong>paulo</strong></span> <span class='ocrx_word' id='word_1_691' title='bbox 2461 4636 2586 4698; x_wconf 86' lang='lat' dir='ltr'><strong>post</strong></span> <span class='ocrx_word' id='word_1_692' title='bbox 2612 4626 2928 4687; x_wconf 88' lang='lat' dir='ltr'><strong>mittemus,</strong></span> <span class='ocrx_word' id='word_1_693' title='bbox 2954 4625 2999 4680; x_wconf 89' lang='lat' dir='ltr'><strong>si</strong></span> <span class='ocrx_word' id='word_1_694' title='bbox 3031 4638 3192 4694; x_wconf 91' lang='lat' dir='ltr'><strong>quem</strong></span> <span class='ocrx_word' id='word_1_695' title='bbox 3221 4620 3477 4675; x_wconf 90' lang='lat' dir='ltr'><strong>idoneum</strong></span> 
     </span>
    </p>
   </div>
   <div class='ocr_carea' id='block_1_95' title="bbox 1900 4714 3481 4791">
    <p class='ocr_par' dir='ltr' id='par_1_95' title="bbox 1900 4714 3481 4791">
     <span class='ocr_line' id='line_1_95' title="bbox 1900 4714 3481 4791; baseline -0.007 -16"><span class='ocrx_word' id='word_1_696' title='bbox 1900 4721 1967 4775; x_wconf 87' lang='lat' dir='ltr'><strong>ad</strong></span> <span class='ocrx_word' id='word_1_697' title='bbox 2012 4719 2402 4791; x_wconf 88' lang='lat' dir='ltr'><strong>perferendum</strong></span> <span class='ocrx_word' id='word_1_698' title='bbox 2446 4722 2852 4773; x_wconf 89' lang='lat' dir='ltr'><strong>nanciscamur.</strong></span> <span class='ocrx_word' id='word_1_699' title='bbox 2889 4714 3092 4777; x_wconf 78' lang='lat' dir='ltr'><strong>Valens</strong></span> <span class='ocrx_word' id='word_1_700' title='bbox 3134 4714 3399 4782; x_wconf 69' lang='lat' dir='ltr'><strong>laetusque</strong></span> <span class='ocrx_word' id='word_1_701' title='bbox 3425 4720 3481 4765; x_wconf 85' lang='lat' dir='ltr'><strong>et</strong></span> 
     </span>
    </p>
   </div>
   <div class='ocr_carea' id='block_1_96' title="bbox 1902 4804 3480 4882">
    <p class='ocr_par' dir='ltr' id='par_1_96' title="bbox 1902 4804 3480 4882">
     <span class='ocr_line' id='line_1_96' title="bbox 1902 4804 3480 4882; baseline -0.006 -16"><span class='ocrx_word' id='word_1_702' title='bbox 1902 4828 2002 4882; x_wconf 92' lang='lat' dir='ltr'><strong>pro</strong></span> <span class='ocrx_word' id='word_1_703' title='bbox 2037 4828 2122 4867; x_wconf 91' lang='lat' dir='ltr'><strong>me</strong></span> <span class='ocrx_word' id='word_1_704' title='bbox 2149 4809 2292 4882; x_wconf 89' lang='lat' dir='ltr'><strong>apud</strong></span> <span class='ocrx_word' id='word_1_705' title='bbox 2322 4808 2616 4865; x_wconf 89' lang='lat' dir='ltr'><strong>Dominum</strong></span> <span class='ocrx_word' id='word_1_706' title='bbox 2653 4811 2979 4879; x_wconf 87' lang='lat' dir='ltr'><strong>deprecator</strong></span> <span class='ocrx_word' id='word_1_707' title='bbox 3005 4807 3224 4862; x_wconf 89' lang='lat' dir='ltr'><strong>doneris</strong></span> <span class='ocrx_word' id='word_1_708' title='bbox 3248 4804 3382 4858; x_wconf 88' lang='lat' dir='ltr'><strong>mihi</strong></span> <span class='ocrx_word' id='word_1_709' title='bbox 3423 4811 3480 4858; x_wconf 87' lang='lat' dir='ltr'><strong>et</strong></span> 
     </span>
    </p>
   </div>
   <div class='ocr_carea' id='block_1_97' title="bbox 200 4897 1804 4981">
    <p class='ocr_par' dir='ltr' id='par_1_97' title="bbox 200 4897 1803 4981">
     <span class='ocr_line' id='line_1_97' title="bbox 200 4897 1803 4981; baseline -0.007 -20"><span class='ocrx_word' id='word_1_710' title='bbox 200 4907 461 4981; x_wconf 79' lang='grc' dir='ltr'>ρωμένος</span> <span class='ocrx_word' id='word_1_711' title='bbox 490 4905 587 4959; x_wconf 78' lang='grc' dir='ltr'>καὶ</span> <span class='ocrx_word' id='word_1_712' title='bbox 618 4902 850 4975; x_wconf 73' lang='grc' dir='ltr'>εὔθυμος</span> <span class='ocrx_word' id='word_1_713' title='bbox 885 4901 1177 4973; x_wconf 85' lang='grc' dir='ltr'>εὐχόμενος</span> <span class='ocrx_word' id='word_1_714' title='bbox 1213 4899 1323 4971; x_wconf 87' lang='grc'>(18)</span> <span class='ocrx_word' id='word_1_715' title='bbox 1349 4898 1427 4970; x_wconf 85' lang='grc' dir='ltr'>τῷ</span> <span class='ocrx_word' id='word_1_716' title='bbox 1451 4897 1640 4970; x_wconf 81' lang='grc' dir='ltr'>Κυρίῳ</span> <span class='ocrx_word' id='word_1_717' title='bbox 1662 4898 1803 4970; x_wconf 81' lang='grc' dir='ltr'>ὑπὲρ</span> 
     </span>
    </p>
   </div>
   <div class='ocr_carea' id='block_1_98' title="bbox 1893 4897 3070 4981">
    <p class='ocr_par' dir='ltr' id='par_1_98' title="bbox 1904 4900 3070 4974">
     <span class='ocr_line' id='line_1_98' title="bbox 1904 4900 3070 4974; baseline -0.006 -16"><span class='ocrx_word' id='word_1_718' title='bbox 1904 4904 1998 4960; x_wconf 82' lang='lat' dir='ltr'><strong>Dei</strong></span> <span class='ocrx_word' id='word_1_719' title='bbox 2026 4903 2303 4973; x_wconf 61' lang='lat' dir='ltr'><strong>Ecclesiae,</strong></span> <span class='ocrx_word' id='word_1_720' title='bbox 2331 4919 2429 4974; x_wconf 80' lang='lat' dir='ltr'><strong>per</strong></span> <span class='ocrx_word' id='word_1_721' title='bbox 2460 4902 2638 4958; x_wconf 87' lang='lat' dir='ltr'><strong>sancti</strong></span> <span class='ocrx_word' id='word_1_722' title='bbox 2673 4900 3070 4972; x_wconf 83' lang='lat' dir='ltr'><strong>benignitatem</strong></span> 
     </span>
    </p>
   </div>
   <div class='ocr_carea' id='block_1_99' title="bbox 195 4988 1793 5069">
    <p class='ocr_par' dir='ltr' id='par_1_99' title="bbox 195 4988 1793 5069">
     <span class='ocr_line' id='line_1_99' title="bbox 195 4988 1793 5069; baseline -0.006 -18"><span class='ocrx_word' id='word_1_723' title='bbox 195 4998 371 5069; x_wconf 76' lang='grc' dir='ltr'>ἡμῶν</span> <span class='ocrx_word' id='word_1_724' title='bbox 401 4994 719 5069; x_wconf 87' lang='grc' dir='ltr'>χαρισθείης</span> <span class='ocrx_word' id='word_1_725' title='bbox 751 5011 843 5064; x_wconf 87' lang='grc' dir='ltr'><strong>μοι</strong></span> <span class='ocrx_word' id='word_1_726' title='bbox 872 4994 966 5047; x_wconf 75' lang='grc' dir='ltr'>καὶ</span> <span class='ocrx_word' id='word_1_727' title='bbox 1000 4996 1068 5065; x_wconf 79' lang='grc' dir='ltr'><strong>τῇ</strong></span> <span class='ocrx_word' id='word_1_728' title='bbox 1102 4991 1196 5045; x_wconf 88' lang='grc' dir='ltr'><strong>τοῦ</strong></span> <span class='ocrx_word' id='word_1_729' title='bbox 1224 4989 1360 5045; x_wconf 88' lang='grc' dir='ltr'>Θεοῦ</span> <span class='ocrx_word' id='word_1_730' title='bbox 1404 4988 1701 5061; x_wconf 50' lang='grc' dir='ltr'><strong>Ἐκκλησίςιι⁴</strong></span> <span class='ocrx_word' id='word_1_731' title='bbox 1727 4991 1793 5061; x_wconf 77' lang='grc' dir='ltr'>τῇ</span> 
     </span>
    </p>
   </div>
   <div class='ocr_carea' id='block_1_100' title="bbox 195 5086 933 5159">
    <p class='ocr_par' dir='ltr' id='par_1_100' title="bbox 195 5086 933 5159">
     <span class='ocr_line' id='line_1_100' title="bbox 195 5086 933 5159; baseline -0.007 -16"><span class='ocrx_word' id='word_1_732' title='bbox 195 5091 299 5143; x_wconf 80' lang='grc' dir='ltr'><strong>τοῦ</strong></span> <span class='ocrx_word' id='word_1_733' title='bbox 333 5090 499 5159; x_wconf 80' lang='grc' dir='ltr'>ἁγίου</span> <span class='ocrx_word' id='word_1_734' title='bbox 532 5086 933 5159; x_wconf 68' lang='grc' dir='ltr'>φιλανθρωπίᾳ.</span> 
     </span>
    </p>
   </div>
   <div class='ocr_carea' id='block_1_101' title="bbox 1901 5225 3479 5300">
    <p class='ocr_par' dir='ltr' id='par_1_101' title="bbox 1901 5225 3479 5300">
     <span class='ocr_line' id='line_1_101' title="bbox 1901 5225 3479 5300; baseline -0.009 -7"><span class='ocrx_word' id='word_1_735' title='bbox 1901 5253 2024 5293; x_wconf 90' lang='lat' dir='ltr'><strong>esse</strong></span> <span class='ocrx_word' id='word_1_736' title='bbox 2053 5241 2369 5300; x_wconf 81' lang='lat' dir='ltr'><strong>asseverat;</strong></span> <span class='ocrx_word' id='word_1_737' title='bbox 2406 5231 2606 5287; x_wconf 91' lang='lat' dir='ltr'><strong>nedum</strong></span> <span class='ocrx_word' id='word_1_738' title='bbox 2644 5245 2695 5286; x_wconf 77' lang='grc' dir='ltr'><strong>ει</strong></span> <span class='ocrx_word' id='word_1_739' title='bbox 2734 5229 2938 5282; x_wconf 90' lang='lat' dir='ltr'><strong>nullum</strong></span> <span class='ocrx_word' id='word_1_740' title='bbox 2970 5226 3342 5300; x_wconf 82' lang='lat' dir='ltr'><strong>testimonium</strong></span> <span class='ocrx_word' id='word_1_741' title='bbox 3381 5225 3479 5300; x_wconf 87' lang='lat' dir='ltr'><strong>tri-</strong></span> 
     </span>
    </p>
   </div>
   <div class='ocr_carea' id='block_1_102' title="bbox 1903 5295 3477 5374">
    <p class='ocr_par' dir='ltr' id='par_1_102' title="bbox 1903 5295 3477 5374">
     <span class='ocr_line' id='line_1_102' title="bbox 1903 5295 3477 5374; baseline -0.008 -11"><span class='ocrx_word' id='word_1_742' title='bbox 1903 5309 2071 5363; x_wconf 86' lang='lat' dir='ltr'><strong>buere</strong></span> <span class='ocrx_word' id='word_1_743' title='bbox 2108 5306 2321 5374; x_wconf 76' lang='lat' dir='ltr'><strong>possit;</strong></span> <span class='ocrx_word' id='word_1_744' title='bbox 2356 5295 2414 5355; x_wconf 81' lang='lat' dir='ltr'><strong>ut</strong></span> <span class='ocrx_word' id='word_1_745' title='bbox 2456 5298 3006 5374; x_wconf 74' lang='lat' dir='ltr'><strong>omitt_am_ejusm_odi</strong></span> <span class='ocrx_word' id='word_1_746' title='bbox 3048 5295 3477 5351; x_wconf 82' lang='lat' dir='ltr'><strong>commendatic-</strong></span> 
     </span>
    </p>
   </div>
   <div class='ocr_carea' id='block_1_103' title="bbox 1903 5369 3087 5445">
    <p class='ocr_par' dir='ltr' id='par_1_103' title="bbox 1903 5369 3087 5445">
     <span class='ocr_line' id='line_1_103' title="bbox 1903 5369 3087 5445; baseline -0.014 -13"><span class='ocrx_word' id='word_1_747' title='bbox 1903 5394 2027 5433; x_wconf 89' lang='lat' dir='ltr'><strong>nem</strong></span> <span class='ocrx_word' id='word_1_748' title='bbox 2064 5369 2221 5445; x_wconf 70' lang='lat' dir='ltr'><strong>longe</strong></span> <span class='ocrx_word' id='word_1_749' title='bbox 2251 5390 2280 5427; x_wconf 89' lang='lat' dir='ltr'><strong>a</strong></span> <span class='ocrx_word' id='word_1_750' title='bbox 2313 5373 2496 5445; x_wconf 78' lang='lat' dir='ltr'><strong>Basilii</strong></span> <span class='ocrx_word' id='word_1_751' title='bbox 2530 5369 3087 5445; x_wconf 29' lang='lat' dir='ltr'><strong>urbanitate‘dislare.</strong></span> 
     </span>
    </p>
   </div>
   <div class='ocr_carea' id='block_1_104' title="bbox 1974 5436 3202 5517">
    <p class='ocr_par' dir='ltr' id='par_1_104' title="bbox 1974 5436 3202 5517">
     <span class='ocr_line' id='line_1_104' title="bbox 1974 5436 3202 5517; baseline -0.011 -17"><span class='ocrx_word' id='word_1_752' title='bbox 1974 5448 2019 5517; x_wconf 90' lang='grc'><strong>(1</strong></span> <span class='ocrx_word' id='word_1_753' title='bbox 2038 5447 2089 5510; x_wconf 79' lang='lat'><strong>6)</strong></span> <span class='ocrx_word' id='word_1_754' title='bbox 2121 5436 2681 5517; x_wconf 17' lang='grc' dir='ltr'>Δῖασλκεδάσειζιξμυο</span> <span class='ocrx_word' id='word_1_755' title='bbox 2711 5455 2811 5517; x_wconf 59' lang='lat' dir='ltr'><strong>nis.</strong></span> <span class='ocrx_word' id='word_1_756' title='bbox 2840 5436 3202 5517; x_wconf 62' lang='grc' dir='ltr'>διασκεδάσαι.</span> 
     </span>
    </p>
   </div>
   <div class='ocr_carea' id='block_1_105' title="bbox 1978 5505 3476 5587">
    <p class='ocr_par' dir='ltr' id='par_1_105' title="bbox 1978 5505 3476 5587">
     <span class='ocr_line' id='line_1_105' title="bbox 1978 5505 3476 5587; baseline -0.007 -17"><span class='ocrx_word' id='word_1_757' title='bbox 1978 5505 2087 5587; x_wconf 72' lang='grc'>(17)</span> <span class='ocrx_word' id='word_1_758' title='bbox 2125 5515 2487 5582; x_wconf 78' lang='grc' dir='ltr'>Πνεύματος.</span> <span class='ocrx_word' id='word_1_759' title='bbox 2521 5510 2662 5564; x_wconf 87' lang='lat' dir='ltr'><strong>Editi</strong></span> <span class='ocrx_word' id='word_1_760' title='bbox 2695 5509 2904 5562; x_wconf 88' lang='lat' dir='ltr'><strong>addunt</strong></span> <span class='ocrx_word' id='word_1_761' title='bbox 2938 5508 3116 5575; x_wconf 84' lang='grc' dir='ltr'>ἁγίου.</span> <span class='ocrx_word' id='word_1_762' title='bbox 3152 5505 3259 5559; x_wconf 90' lang='lat' dir='ltr'><strong>Sed</strong></span> <span class='ocrx_word' id='word_1_763' title='bbox 3284 5520 3345 5560; x_wconf 84' lang='lat' dir='ltr'><strong>ea</strong></span> <span class='ocrx_word' id='word_1_764' title='bbox 3374 5521 3476 5560; x_wconf 63' lang='lat' dir='ltr'><strong>vox</strong></span> 
     </span>
    </p>
   </div>
   <div class='ocr_carea' id='block_1_106' title="bbox 1903 5587 2805 5649">
    <p class='ocr_par' dir='ltr' id='par_1_106' title="bbox 1903 5587 2805 5649">
     <span class='ocr_line' id='line_1_106' title="bbox 1903 5587 2805 5649; baseline -0.012 -7"><span class='ocrx_word' id='word_1_765' title='bbox 1903 5589 2057 5642; x_wconf 89' lang='lat' dir='ltr'><strong>nullo</strong></span> <span class='ocrx_word' id='word_1_766' title='bbox 2089 5589 2142 5640; x_wconf 91' lang='lat' dir='ltr'><strong>iu</strong></span> <span class='ocrx_word' id='word_1_767' title='bbox 2179 5587 2369 5638; x_wconf 90' lang='lat' dir='ltr'><strong>codice</strong></span> <span class='ocrx_word' id='word_1_768' title='bbox 2398 5598 2530 5637; x_wconf 89' lang='lat' dir='ltr'><strong>mss.</strong></span> <span class='ocrx_word' id='word_1_769' title='bbox 2567 5589 2805 5649; x_wconf 87' lang='lat' dir='ltr'><strong>reperta.</strong></span> 
     </span>
    </p>
   </div>
   <div class='ocr_carea' id='block_1_107' title="bbox 1977 5645 3478 5724">
    <p class='ocr_par' dir='ltr' id='par_1_107' title="bbox 1977 5645 3478 5724">
     <span class='ocr_line' id='line_1_107' title="bbox 1977 5645 3478 5724; baseline -0.007 -13"><span class='ocrx_word' id='word_1_770' title='bbox 1977 5660 2091 5724; x_wconf 75' lang='lat'><strong>(18)</strong></span> <span class='ocrx_word' id='word_1_771' title='bbox 2120 5656 2484 5724; x_wconf 78' lang='grc' dir='ltr'>Εὐχόμενος.</span> <span class='ocrx_word' id='word_1_772' title='bbox 2527 5645 2730 5724; x_wconf 72' lang='lat' dir='ltr'><strong>Regius</strong></span> <span class='ocrx_word' id='word_1_773' title='bbox 2766 5659 3016 5718; x_wconf 83' lang='lat' dir='ltr'><strong>uterque,</strong></span> <span class='ocrx_word' id='word_1_774' title='bbox 3049 5645 3221 5719; x_wconf 88' lang='lat' dir='ltr'><strong>Bigot.</strong></span> <span class='ocrx_word' id='word_1_775' title='bbox 3251 5647 3390 5702; x_wconf 85' lang='lat' dir='ltr'><strong>alter</strong></span> <span class='ocrx_word' id='word_1_776' title='bbox 3424 5654 3478 5701; x_wconf 78' lang='lat' dir='ltr'><strong>et</strong></span> 
     </span>
    </p>
   </div>
   <div class='ocr_carea' id='block_1_108' title="bbox 1902 5722 2867 5792">
    <p class='ocr_par' dir='ltr' id='par_1_108' title="bbox 1902 5722 2867 5792">
     <span class='ocr_line' id='line_1_108' title="bbox 1902 5722 2867 5792; baseline -0.013 -8"><span class='ocrx_word' id='word_1_777' title='bbox 1902 5722 2073 5784; x_wconf 86' lang='lat' dir='ltr'><strong>Coisl.</strong></span> <span class='ocrx_word' id='word_1_778' title='bbox 2105 5722 2380 5782; x_wconf 66' lang='lat' dir='ltr'><strong>secundus</strong></span> <span class='ocrx_word' id='word_1_779' title='bbox 2414 5722 2867 5792; x_wconf 76' lang='grc' dir='ltr'>ὑπερευχόμενος.</span> 
     </span>
    </p>
   </div>
   <div class='ocr_carea' id='block_1_109' title="bbox 1980 5788 3121 5863">
    <p class='ocr_par' dir='ltr' id='par_1_109' title="bbox 1980 5788 3121 5863">
     <span class='ocr_line' id='line_1_109' title="bbox 1980 5788 3121 5863; baseline -0.011 -10"><span class='ocrx_word' id='word_1_780' title='bbox 1980 5803 1996 5820; x_wconf 67' lang='grc' dir='ltr'><strong>δ</strong></span> <span class='ocrx_word' id='word_1_781' title='bbox 2032 5798 2181 5854; x_wconf 81' lang='lat' dir='ltr'><strong>Alias</strong></span> <span class='ocrx_word' id='word_1_782' title='bbox 2226 5788 2535 5852; x_wconf 49' lang='lat' dir='ltr'><strong><em>CCCXCV!</em></strong></span> <span class='ocrx_word' id='word_1_783' title='bbox 2570 5788 2782 5863; x_wconf 77' lang='lat' dir='ltr'><strong>Scripta</strong></span> <span class='ocrx_word' id='word_1_784' title='bbox 2825 5804 2968 5845; x_wconf 90' lang='lat' dir='ltr'><strong>anno</strong></span> <span class='ocrx_word' id='word_1_785' title='bbox 2998 5788 3121 5843; x_wconf 76' lang='lat'><strong>375.</strong></span> 
     </span>
    </p>
   </div>
   <div class='ocr_carea' id='block_1_110' title="bbox 277 5238 1799 5316">
    <p class='ocr_par' dir='ltr' id='par_1_110' title="bbox 277 5238 1799 5316">
     <span class='ocr_line' id='line_1_110' title="bbox 277 5238 1799 5316; baseline -0.003 -18"><span class='ocrx_word' id='word_1_786' title='bbox 277 5243 827 5316; x_wconf 67' lang='grc' dir='ltr'>(14)Διαγγέλλειν.</span> <span class='ocrx_word' id='word_1_787' title='bbox 856 5241 954 5296; x_wconf 74' lang='lat' dir='ltr'><strong>Vel</strong></span> <span class='ocrx_word' id='word_1_788' title='bbox 994 5238 1279 5316; x_wconf 78' lang='lat' dir='ltr'><strong>legendum</strong></span> <span class='ocrx_word' id='word_1_789' title='bbox 1310 5238 1799 5316; x_wconf 58' lang='lat' dir='ltr'><strong>6tgyyénpvra,_ut</strong></span> 
     </span>
    </p>
   </div>
   <div class='ocr_carea' id='block_1_111' title="bbox 200 5308 1799 5383">
    <p class='ocr_par' dir='ltr' id='par_1_111' title="bbox 200 5308 1799 5383">
     <span class='ocr_line' id='line_1_111' title="bbox 200 5308 1799 5383; baseline -0.006 -11"><span class='ocrx_word' id='word_1_790' title='bbox 200 5308 464 5372; x_wconf 63' lang='lat' dir='ltr'><strong>secunda</strong></span> <span class='ocrx_word' id='word_1_791' title='bbox 523 5308 685 5367; x_wconf 74' lang='lat' dir='ltr'><strong>manu</strong></span> <span class='ocrx_word' id='word_1_792' title='bbox 723 5308 1315 5383; x_wconf 72' lang='lat' dir='ltr'><strong>scriptunrinveuitur</strong></span> <span class='ocrx_word' id='word_1_793' title='bbox 1369 5311 1420 5362; x_wconf 89' lang='lat' dir='ltr'><strong>in</strong></span> <span class='ocrx_word' id='word_1_794' title='bbox 1473 5308 1663 5383; x_wconf 66' lang='lat' dir='ltr'><strong>codice</strong></span> <span class='ocrx_word' id='word_1_795' title='bbox 1714 5311 1799 5383; x_wconf 79' lang='lat' dir='ltr'><strong>in-</strong></span> 
     </span>
    </p>
   </div>
   <div class='ocr_carea' id='block_1_112' title="bbox 199 5376 1800 5455">
    <p class='ocr_par' dir='ltr' id='par_1_112' title="bbox 199 5376 1800 5455">
     <span class='ocr_line' id='line_1_112' title="bbox 199 5376 1800 5455; baseline -0.006 -14"><span class='ocrx_word' id='word_1_796' title='bbox 199 5390 393 5455; x_wconf 80' lang='lat' dir='ltr'><strong>signis</strong></span> <span class='ocrx_word' id='word_1_797' title='bbox 428 5385 681 5455; x_wconf 61' lang='lat' dir='ltr'><strong>fici-Iesus</strong></span> <span class='ocrx_word' id='word_1_798' title='bbox 727 5376 1095 5455; x_wconf 75' lang='lat' dir='ltr'><strong>Parisieusis;</strong></span> <span class='ocrx_word' id='word_1_799' title='bbox 1142 5380 1227 5455; x_wconf 82' lang='lat' dir='ltr'><strong>vel</strong></span> <span class='ocrx_word' id='word_1_800' title='bbox 1276 5383 1501 5434; x_wconf 87' lang='lat' dir='ltr'><strong>verbum</strong></span> <span class='ocrx_word' id='word_1_801' title='bbox 1541 5376 1679 5455; x_wconf 59' lang='lat' dir='ltr'><strong>sive;</strong></span> <span class='ocrx_word' id='word_1_802' title='bbox 1712 5381 1800 5455; x_wconf 74' lang='lat' dir='ltr'><strong>de-</strong></span> 
     </span>
    </p>
   </div>
   <div class='ocr_carea' id='block_1_113' title="bbox 202 5449 1801 5519">
    <p class='ocr_par' dir='ltr' id='par_1_113' title="bbox 202 5449 1801 5519">
     <span class='ocr_line' id='line_1_113' title="bbox 202 5449 1801 5519; baseline -0.004 -10"><span class='ocrx_word' id='word_1_803' title='bbox 202 5449 465 5510; x_wconf 65' lang='lat' dir='ltr'><strong>lendum.</strong></span> <span class='ocrx_word' id='word_1_804' title='bbox 499 5454 640 5508; x_wconf 86' lang='lat' dir='ltr'><strong>idem</strong></span> <span class='ocrx_word' id='word_1_805' title='bbox 688 5453 859 5509; x_wconf 74' lang='lat' dir='ltr'><strong>codex</strong></span> <span class='ocrx_word' id='word_1_806' title='bbox 900 5452 1084 5506; x_wconf 84' lang='lat' dir='ltr'><strong>habuit</strong></span> <span class='ocrx_word' id='word_1_807' title='bbox 1140 5451 1315 5518; x_wconf 90' lang='lat' dir='ltr'><strong>prima</strong></span> <span class='ocrx_word' id='word_1_808' title='bbox 1353 5465 1517 5503; x_wconf 89' lang='lat' dir='ltr'><strong>manu</strong></span> <span class='ocrx_word' id='word_1_809' title='bbox 1556 5449 1801 5519; x_wconf 83' lang='grc' dir='ltr'>διαγγέλ-</span> 
     </span>
    </p>
   </div>
   <div class='ocr_carea' id='block_1_114' title="bbox 200 5521 1410 5591">
    <p class='ocr_par' dir='ltr' id='par_1_114' title="bbox 200 5521 1410 5591">
     <span class='ocr_line' id='line_1_114' title="bbox 200 5521 1410 5591; baseline -0.007 -9"><span class='ocrx_word' id='word_1_810' title='bbox 200 5525 341 5590; x_wconf 85' lang='grc' dir='ltr'>λων,</span> <span class='ocrx_word' id='word_1_811' title='bbox 373 5525 559 5578; x_wconf 62' lang='lat' dir='ltr'><strong>itidem</strong></span> <span class='ocrx_word' id='word_1_812' title='bbox 596 5533 655 5578; x_wconf 93' lang='lat' dir='ltr'><strong>ut</strong></span> <span class='ocrx_word' id='word_1_813' title='bbox 692 5523 928 5577; x_wconf 82' lang='lat' dir='ltr'><strong>Clarom.</strong></span> <span class='ocrx_word' id='word_1_814' title='bbox 972 5533 1026 5576; x_wconf 88' lang='lat' dir='ltr'><strong>et</strong></span> <span class='ocrx_word' id='word_1_815' title='bbox 1054 5522 1228 5591; x_wconf 83' lang='lat' dir='ltr'><strong>Bigot.</strong></span> <span class='ocrx_word' id='word_1_816' title='bbox 1254 5521 1410 5591; x_wconf 55' lang='lat' dir='ltr'><strong>alter.</strong></span> 
     </span>
    </p>
   </div>
   <div class='ocr_carea' id='block_1_115' title="bbox 280 5588 1798 5668">
    <p class='ocr_par' dir='ltr' id='par_1_115' title="bbox 280 5588 1798 5668">
     <span class='ocr_line' id='line_1_115' title="bbox 280 5588 1798 5668; baseline -0.003 -19"><span class='ocrx_word' id='word_1_817' title='bbox 280 5588 405 5668; x_wconf 68' lang='lat' dir='ltr'><strong>(l5)</strong></span> <span class='ocrx_word' id='word_1_818' title='bbox 439 5594 506 5647; x_wconf 87' lang='grc' dir='ltr'><strong><em>Οἳ</em></strong></span> <span class='ocrx_word' id='word_1_819' title='bbox 534 5595 589 5668; x_wconf 71' lang='grc' dir='ltr'>εὶ</span> <span class='ocrx_word' id='word_1_820' title='bbox 614 5594 736 5668; x_wconf 58' lang='grc' dir='ltr'>καί.</span> <span class='ocrx_word' id='word_1_821' title='bbox 769 5594 847 5668; x_wconf 75' lang='lat' dir='ltr'><strong>lta</strong></span> <span class='ocrx_word' id='word_1_822' title='bbox 876 5599 1082 5668; x_wconf 73' lang='lat' dir='ltr'><strong>septem</strong></span> <span class='ocrx_word' id='word_1_823' title='bbox 1117 5588 1248 5668; x_wconf 73' lang='lat' dir='ltr'><strong>mss.</strong></span> <span class='ocrx_word' id='word_1_824' title='bbox 1287 5589 1428 5668; x_wconf 75' lang='lat' dir='ltr'><strong>Editi</strong></span> <span class='ocrx_word' id='word_1_825' title='bbox 1463 5591 1516 5668; x_wconf 71' lang='grc' dir='ltr'>εί</span> <span class='ocrx_word' id='word_1_826' title='bbox 1540 5590 1677 5668; x_wconf 29' lang='lat' dir='ltr'><strong>xui.”</strong></span> <span class='ocrx_word' id='word_1_827' title='bbox 1692 5588 1798 5644; x_wconf 86' lang='lat' dir='ltr'><strong>Sed</strong></span> 
     </span>
    </p>
   </div>
   <div class='ocr_carea' id='block_1_116' title="bbox 202 5659 1799 5737">
    <p class='ocr_par' dir='ltr' id='par_1_116' title="bbox 202 5659 1799 5737">
     <span class='ocr_line' id='line_1_116' title="bbox 202 5659 1799 5737; baseline -0.005 -17"><span class='ocrx_word' id='word_1_828' title='bbox 202 5677 269 5720; x_wconf 80' lang='grc' dir='ltr'><strong>ιιι</strong></span> <span class='ocrx_word' id='word_1_829' title='bbox 289 5659 583 5737; x_wconf 63' lang='lat' dir='ltr'><strong>&#39;plenasit</strong></span> <span class='ocrx_word' id='word_1_830' title='bbox 618 5664 780 5731; x_wconf 90' lang='lat' dir='ltr'><strong>hujus</strong></span> <span class='ocrx_word' id='word_1_831' title='bbox 819 5659 1287 5737; x_wconf 43' lang='lat' dir='ltr'><strong>loci—emendatio,</strong></span> <span class='ocrx_word' id='word_1_832' title='bbox 1330 5660 1614 5737; x_wconf 71' lang='lat' dir='ltr'><strong>legendum</strong></span> <span class='ocrx_word' id='word_1_833' title='bbox 1652 5659 1799 5737; x_wconf 67' lang='grc' dir='ltr'>ἔχριο-</span> 
     </span>
    </p>
   </div>
   <div class='ocr_carea' id='block_1_117' title="bbox 285 5729 1792 5803">
    <p class='ocr_par' dir='ltr' id='par_1_117' title="bbox 285 5729 1792 5803">
     <span class='ocr_line' id='line_1_117' title="bbox 285 5729 1792 5803; baseline -0.005 -14"><span class='ocrx_word' id='word_1_834' title='bbox 285 5729 341 5799; x_wconf 70' lang='grc' dir='ltr'><strong>ν,</strong></span> <span class='ocrx_word' id='word_1_835' title='bbox 394 5744 454 5788; x_wconf 90' lang='lat' dir='ltr'><strong>ut</strong></span> <span class='ocrx_word' id='word_1_836' title='bbox 484 5734 539 5789; x_wconf 91' lang='lat' dir='ltr'><strong>in</strong></span> <span class='ocrx_word' id='word_1_837' title='bbox 575 5729 1434 5803; x_wconf 55' lang='lat' dir='ltr'><strong>interpretandoerpressimus.</strong></span> <span class='ocrx_word' id='word_1_838' title='bbox 1457 5729 1620 5803; x_wconf 77' lang='lat' dir='ltr'><strong>Hunc</strong></span> <span class='ocrx_word' id='word_1_839' title='bbox 1645 5729 1792 5785; x_wconf 78' lang='lat' dir='ltr'><strong>enim</strong></span> 
     </span>
    </p>
   </div>
   <div class='ocr_carea' id='block_1_118' title="bbox 204 5755 1796 5877">
    <p class='ocr_par' dir='ltr' id='par_1_118' title="bbox 204 5755 1796 5877">
     <span class='ocr_line' id='line_1_118' title="bbox 285 5755 1792 5803; baseline -0.004 -14"><span class='ocrx_word' id='word_1_840' title='bbox 285 5755 341 5799; x_wconf 86' lang='grc' dir='ltr'><strong>ν,</strong></span> <span class='ocrx_word' id='word_1_841' title='bbox 395 5755 454 5788; x_wconf 77' lang='grc' dir='ltr'><strong>ιιι</strong></span> <span class='ocrx_word' id='word_1_842' title='bbox 485 5755 539 5789; x_wconf 81' lang='lat' dir='ltr'><strong>tu</strong></span> <span class='ocrx_word' id='word_1_843' title='bbox 576 5755 984 5803; x_wconf 80' lang='lat' dir='ltr'><strong>Interpretauuo</strong></span> <span class='ocrx_word' id='word_1_844' title='bbox 1024 5755 1416 5801; x_wconf 68' lang='grc' dir='ltr'><strong>υιρητδδιιιιυδ.</strong></span> <span class='ocrx_word' id='word_1_845' title='bbox 1457 5755 1611 5784; x_wconf 72' lang='grc' dir='ltr'>ιιιιιιυ</span> <span class='ocrx_word' id='word_1_846' title='bbox 1645 5755 1792 5785; x_wconf 73' lang='lat' dir='ltr'><strong>Cllllll</strong></span> 
     </span>
     <span class='ocr_line' id='line_1_119' title="bbox 204 5755 1796 5877; baseline -0.007 -11"><span class='ocrx_word' id='word_1_847' title='bbox 204 5755 502 5866; x_wconf 49' lang='lat' dir='ltr'><strong>ggnuinem</strong></span> <span class='ocrx_word' id='word_1_848' title='bbox 542 5804 779 5862; x_wconf 89' lang='lat' dir='ltr'><strong>Basilius</strong></span> <span class='ocrx_word' id='word_1_849' title='bbox 819 5800 1184 5877; x_wconf 86' lang='lat' dir='ltr'><strong>Amphilocbii</strong></span> <span class='ocrx_word' id='word_1_850' title='bbox 1231 5801 1534 5872; x_wconf 88' lang='lat' dir='ltr'><strong>patrocinio</strong></span> <span class='ocrx_word' id='word_1_851' title='bbox 1572 5799 1796 5872; x_wconf 84' lang='lat' dir='ltr'><strong>dignum</strong></span> 
     </span>
    </p>
   </div>
  </div>
