3900 6208
426 377 533 441 835

762 499 923 572 355
959 496 1288 553 EPISTOLA
1353 495 1659 552 CCXXXII'

1772 377 1828 428 s.
1865 374 2106 430 BASILII
2150 357 2365 435 MAGNI
3568 378 3653 434 εει

2642 497 2984 554 ΕΠΙΣΤΟΛΗ
3018 500 3181 555 ΣΛΒἏ

432 615 717 669 Perurbane
736 617 919 683 gratias
941 613 1042 681 agit
1063 613 1273 686 Basilius
1287 613 1623 688 (impiatos/tio
1642 616 1700 665 ob
1727 614 1880 665 missa
1901 615 1969 688 ad
1980 618 2170 687 Natale
2192 616 2382 688 Domini
2405 615 2715 688 munuscgtla.
2740 614 2945 688 Nuntiat
2964 614 3027 665 de
3046 613 3217 677 fratris
3238 611 3386 678 fuga;
3409 611 3606 663 hortatur
3623 618 3662 662 ut

1133 692 1184 728 se
1210 679 1417 738 invisat;
1441 679 1582 726 mittit
1608 679 1657 727 in
1678 679 2023 730 commentario
2043 694 2276 745 responsa
2294 679 2623 743 Amphilocltii
2643 679 3007 744 qumstionibus.

787 782 1171 850 Amphilochia,
1202 782 1375 837 Iconii
1402 784 1667 853 episcopo.

511 898 839 968 Quicunque
872 897 994 952 dies
1034 896 1249 952 litteras
1289 895 1489 952 habeat
1521 903 1631 952 tua:
1666 897 1907 967 pietatis,
1947 895 2021 951 l'e-

444 1002 562 1047 stus
596 991 727 1045 mibi
768 991 887 1046 dies
912 999 1017 1055 est,
1051 998 1106 1044 et
1150 987 1418 1045 festorum
1468 988 1680 1044 dierum
1733 991 2022 1044 maximus.

2053 796 2101 850 Λ

2407 786 2790 855 Ἀμφιλοχίῳ,
2828 784 3141 847 ἐπισκόπῳ
3190 781 3457 837 Ἰκονίου.

2196 896 2353 949 Πᾶσα
2417 894 2602 966 ἡμέρα
2650 895 2958 965 γράμματα
3004 893 3201 963 ἔχουσα
3243 893 3343 962 τῆς
3400 891 3667 956 θεοσεϐείας

2130 1004 2223 1041 σου
2266 987 2429 1059 ἑορτὴ
2476 988 2609 1058 ἡμῖν
2646 986 2784 1048 ἐστι,
2827 985 2923 1039 καὶ
2953 983 3155 1055 ἑορτῶν
3182 985 3217 1054 ἡ
3254 983 3504 1054 μεγίστη.
3531 983 3669 1036 Ὅταν

445 1078 581 1134 Cum
632 1089 814 1136 autem
868 1080 1140 1136 accedunt
1193 1081 1356 1135 etiam
1399 1078 1527 1136 festi
1574 1080 1854 1152 symbola,
1895 1080 2027 1151 quid

2158 1080 2186 1133 ὲ
2215 1080 2310 1157 καὶ
2339 1078 2581 1149 σύμϐολα
2610 1078 2939 1149 ἐπιφέρηται
2970 1078 3181 1149 ἑορτῆς,
3214 1076 3266 1130 τί
3299 1075 3427 1129 ἄλλο
3455 1074 3552 1146 χρὴ
3576 1076 3671 1127 ὀνο-

445 1171 595 1226 aliud
645 1173 924 1244 appellare
982 1179 1238 1243 Oportet,
1295 1173 1403 1227 nisi
1460 1171 1663 1227 festum
1724 1170 2025 1235 festorum,

446 1263 902 1331 quemadmodum
928 1264 1013 1319 lex
1052 1271 1205 1318 vetus
1230 1260 1467 1317 Sabbata
1500 1263 1864 1318 Sabbatorum
1888 1264 2031 1318 sole-

446 1355 542 1409 bat
570 1354 877 1424 appellare?
909 1352 1018 1407 Deo
1046 1352 1211 1423 igitur
1232 1356 1438 1423 gratias
1472 1368 1595 1424 ago,
1624 1370 1691 1409 ex
1715 1369 1828 1425 quo
1862 1354 2031 1409 didici

350 1470 355 1475 -
449 1456 505 1499 1e
547 1454 601 1499 et
642 1459 876 1514 corpore
910 1445 1095 1499 valere
1119 1483 1134 1506 ,
1178 1454 1233 1498 et
1277 1442 1525 1499 Ecclesia
1565 1446 1620 1499 in
1654 1461 1789 1514 pace
1820 1447 2031 1500 consti-

452 1541 572 1590 tuta
621 1533 924 1590 salutiferae
958 1534 1397 1604 dispensationis
1447 1535 2029 1613 commemorationem

450 1627 752 1697 peregisse.
794 1625 903 1682 Nos
933 1634 1116 1680 autem
1148 1627 1443 1680 turbarunt
1468 1625 1690 1695 quidam
1725 1627 2031 1693 tumultus;

454 1733 557 1773 nec
578 1718 698 1772 sine
739 1732 958 1773 summo
983 1717 1175 1772 dolore
1207 1716 1434 1781 luimus,
1462 1732 1530 1772 eo
1556 1717 1705 1787 quod
1738 1719 2033 1788 religiosis-

456 1810 631 1864 simus
668 1806 839 1862 l‘rater
880 1815 1070 1863 noster
1098 1807 1321 1877 fugatus
1352 1808 1447 1863 sit.
1483 1807 1593 1863 Sed
1628 1824 1729 1878 pro
1760 1810 1881 1880 ipso
1913 1825 2037 1878 pre-

458 1914 609 1963 care,
658 1908 717 1954 ut
754 1899 844 1955 det
895 1899 973 1953 illi
1027 1898 1172 1955 Deus
1206 1899 1504 1969 aliquando
1534 1897 1839 1955 Ecclesiam
1880 1915 2035 1955 suam

456 1990 642 2046 videre
693 2007 721 2044 a
770 2006 1052 2047 morsuum
1102 1990 1482 2046 lnercticorum
1523 1992 1843 2047 vulneribus
1873 2006 2036 2046 cura-

460 2094 589 2138 tam.
626 2080 738 2138 Nos
769 2089 952 2138 autem
992 2082 1157 2137 etiam
1200 2091 1363 2152 atque
1395 2082 1561 2138 etiam
1607 2082 1746 2139 velis
1776 2083 2036 2147 invisere,

2135 1172 2326 1243 μάζειν
2355 1172 2389 1243 ἥ
2425 1171 2546 1241 οὐχὶ
2579 1170 2772 1242 ἑορτὴν
2816 1171 3039 1240 ἑορτῶν,
3080 1168 3267 1241 ὥσπερ
3308 1171 3340 1223 6
3370 1168 3583 1233 παλαιὸς
3604 1169 3674 1223 νό-

2136 1280 2234 1334 μος
2275 1262 2529 1317 Σάϐϐατα
2555 1262 2667 1333 (19)
2698 1261 2994 1316 Σαϐϐἀτων
3026 1260 3452 1333 προσαγορεύειν
3493 1259 3674 1326 εἱώθεις

2134 1353 2580 1426 Εὑχαριστοῦμεν
2602 1349 2694 1407 οὖν
2720 1352 2798 1425 τῷ
2831 1353 3040 1425 Κυρίῳ,
3073 1353 3358 1424 μαθόντες,
3392 1355 3473 1407 δτι
3500 1354 3582 1406 καὶ
3608 1352 3680 1427 ἐρ-

2138 1450 2310 1520 ῥωσαι
2346 1446 2425 1518 τῷ
2475 1444 2709 1517 σώματι,
2761 1447 2857 1499 καὶ
2904 1443 3256 1516 είρηνευούσῃ
3305 1448 3376 1516 τῇ
3424 1444 3681 1517 Ἐκκλησία

2134 1538 2236 1607 τῆς
2273 1537 2545 1610 σωτηρίου
2577 1536 2890 1607 οἰκονομίας
2937 1535 3035 1607 τὴν
3088 1534 3395 1606 ἀνάμνησιν
3444 1535 3682 1599 ἐτέλεσας.

2150 1628 2326 1698 Ἦμᾶς
2370 1626 2429 1679 δὲ
2481 1626 2701 1699 θόρυϐοί
2743 1642 2886 1689 τινες
2934 1625 3255 1697 διετάραξαν
3280 1641 3296 1655 ·
3352 1625 3415 1678 οὐ
3468 1628 3566 1697 μὴν
3602 1625 3691 1689 ἔξω

2138 1720 2443 1792 κατηφείας
2464 1720 2818 1792 διηγάγομεν,
2844 1717 2921 1789 τῷ
2943 1719 3035 1771 τὸν
3059 1716 3476 1788 θεοφιλέστατον
3498 1717 3690 1785 ἀᾱλφὺν

2140 1814 2298 1886 ἡμῶν
2334 1813 2807 1884 πεφυγαδευμένον
2837 1807 2995 1865 εἶναι.
3040 1809 3180 1863 Ἀλλ’
3215 1809 3362 1882 ὑπὲρ
3392 1809 3488 1880 μὲν
3514 1809 3690 1863 ἐκείνου

2142 1896 2467 1976 τεροσεύχου,
2503 1904 2594 1958 ἵνα
2632 1902 2742 1974 δῴη
2792 1900 2940 1971 αὐτῷ
2984 1904 3013 1954 6
3056 1901 3192 1965 θεός
3218 1917 3357 1954 ποτε
3400 1900 3589 1954 ἐπιδεῖν
3614 1900 3697 1969 τὴν

2143 1995 2334 2050 ἑαυτοῦ
2378 1994 2701 2067 Ἐκκλησίαν
2730 1994 2840 2048 τῶν
2869 1992 3160 2065 αίρετικῶν
3192 1991 3493 2064 δηγμάτων
3522 1990 3622 2061 (20)
3642 1991 3697 2044 τά

2144 2088 2435 2159 τραύματα
2467 2087 2744 2142 ίαθεῖσαν·
2773 2089 2920 2158 ἡμᾶς
2961 2085 3017 2139 δὲ
3063 2084 3182 2137 λίαν
3225 2084 3562 2150 καταξίωσον
3600 2084 3697 2136 ἐπι-

460 2174 589 2228 dum
617 2173 798 2228 adhuc
825 2174 880 2227 in
913 2181 1057 2227 terra
1085 2188 1391 2229 versamur.
1419 2171 1527 2227 Fac
1546 2174 1792 2229 rem.tibi
1818 2175 2037 2243 quidem

2158 2178 2469 2249 σκέψασθαι,
2505 2178 2613 2243 ἓως
2662 2178 2743 2232 ἔτι
2791 2179 2959 2249 ἐσμὲν
2992 2178 3085 2231 ἐπὶ
3130 2177 3257 2247 γῆς.
3292 2178 3530 2248 Ποίησον
3566 2174 3703 2248 ἔργον

461 2274 934 2330 consentaneam,
969 2281 999 2318 a
1025 2278 1111 2320 me
1161 2274 1341 2320 autem
1392 2265 1648 2320 maximis
1689 2266 1832 2320 votis
1876 2280 2041 2335 expe—

461 2359 705 2414 tendam.
752 2357 936 2413 Mirari
987 2364 1168 2412 autem
1202 2358 1330 2413 licet
1371 2358 1544 2428 ipsam
1583 2358 1750 2413 etiam
1798 2357 2043 2427 eulogia«

464 2465 589 2505 rum
630 2450 955 2506 sententiam
992 2468 1006 2503 :
1039 2448 1241 2519 quippe
1279 2449 1409 2519 quia
1442 2464 1539 2519 per
1582 2448 1871 2519 aenigmata
1908 2448 2043 2502 vali-

464 2542 589 2597 dam
628 2542 758 2596 mihi
786 2549 1042 2612 precatus
1069 2556 1130 2595 es
1163 2548 1526 2596 senectutem.
1559 2538 1861 2596 Ostendisti
1889 2539 2037 2594 enim

466 2642 522 2690 te
560 2648 659 2705 per
703 2634 984 2703 lampenas
1014 2631 1082 2686 ad
1131 2632 1348 2687 labores
1395 2641 1697 2687 nocturnos
1746 2631 2038 2686 excitare:

466 2743 565 2797 per
593 2726 822 2782 bellaria
855 2742 986 2781 vero
1017 2726 1288 2795 integram
1328 2727 1570 2796 partium
1612 2725 1858 2779 omnium
1892 2725 2043 2779 valc-

467 2819 712 2874 tudinem
748 2818 1038 2888 spondere.
1070 2816 1191 2872 Non
1222 2818 1369 2872 enim
1406 2817 1538 2870 mihi
1566 2824 1652 2872 est
1680 2824 1814 2872 tetas
1854 2816 1922 2871 ad
1954 2832 2046 2871 ro-

469 2910 738 2976 dendum,
784 2924 906 2964 cum
953 2908 1283 2979 jampridem
1331 2907 1526 2964 dentes
1577 2915 1635 2961 et
1695 2916 1941 2976 tempore
1991 2915 2047 2962 et

468 2999 788 3054 infirmitate
854 2999 966 3054 sint
1021 3000 1233 3054 extriti.
1287 2997 1446 3064 Quod
1502 2997 1722 3067 quidem
1764 2996 1832 3051 ad
1873 2996 2047 3051 inter-

469 3099 661 3162 rogata
688 3091 920 3155 attinet,
955 3089 1111 3147 facta:
1140 3098 1271 3146 sunt
1302 3090 1358 3145 in
1389 3088 1788 3145 commentario
1820 3103 2048 3158 respon-

471 3184 656 3238 siones
686 3181 965 3252 quzedam,
1008 3182 1198 3252 quales
1244 3180 1435 3251 potui,
1488 3188 1544 3235 et
1592 3186 1652 3232 ut
1681 3194 1779 3250 per
1830 3177 2047 3250 tempus

472 3273 650 3332 licuit.

897 3429 1236 3490 EPISTOLA
1272 3427 1640 3487 CCXXXlll“.

2147 2268 2329 2339 σαυτῷ
2359 2268 2459 2338 μὲν
2485 2268 2799 2334 ἀκόλουθον,
2830 2271 2962 2340 ἡμῖν
2995 2268 3051 2322 δὲ
3080 2268 3248 2339 εὐχῆς
3290 2267 3447 2333 ἄξιον
3489 2267 3584 2336 τῆς
3620 2284 3699 2336 μευ

2144 2358 2359 2430 γίστης.
2393 2359 2684 2430 Θαυμάσαι
2716 2358 2773 2411 δὲ
2817 2358 2934 2411 ἐστι
2965 2357 3062 2411 καὶ
3088 2357 3188 2429 τὴν
3215 2357 3462 2411 διάνοιαν
3495 2356 3595 2409 τῶν
3628 2356 3701 2408 εὐ-

2145 2451 2342 2521 λογιῶν
2364 2469 2378 2483 ·
2415 2452 2499 2505 ὅτι
2539 2452 2608 2505 δι’
2639 2453 2978 2523 αἰνιγμάτων
3008 2450 3159 2524 ηὕξω
3191 2452 3325 2522 ἡμῖν
3359 2450 3537 2521 γῆρας
3578 2451 3700 2518 ισχυ-

2147 2543 2259 2615 ρόν.
2301 2543 2550 2608 Ἐδειξας
2590 2543 2720 2615 γάρ,
2755 2544 2836 2597 ὃτι
2880 2542 2969 2597 διὰ
3013 2543 3110 2614 μὲν
3141 2541 3254 2596 τῶν
3281 2540 3585 2614 λαμπηνῶν
3612 2539 3702 2610 (21)

2148 2634 2284 2705 πρὸς
2315 2636 2442 2698 τοὺς
2488 2637 2838 2707 νυκτερινοὺς
2881 2634 3173 2708 διεγείρεις
3208 2634 3523 2705 καμάτους
3556 2631 3635 2685 διὰ
3657 2631 3703 2685 δὲ

2148 2725 2255 2778 τῶν
2300 2726 2671 2797 τραγημάτων
2717 2727 2779 2779 τὸ
2829 2728 2962 2780 πᾶσι
3006 2729 3122 2791 τοῖς
3177 2726 3374 2798 μέρεσι
3411 2723 3707 2780 τετονῶσθαι

2152 2819 2449 2889 κατεγγυᾷ.
2485 2820 2561 2872 Οὐ
2594 2819 2704 2891 γὰρ
2744 2818 2933 2889 ἔμοιγε
2975 2819 3098 2873 καθ’
3139 2818 3361 2888 ἡλικίαν
3394 2819 3456 2872 τὺ
3485 2818 3705 2889 τρώγειν,

2151 2909 2321 2962 πάλαι
2350 2908 2460 2963 τῶν
2493 2911 2733 2965 ὀδόντωνι
2754 2910 2817 2965 ἔκ
2844 2929 2903 2965 τε
2930 2910 3024 2965 τοῦ
3053 2912 3246 2984 χρόνου
3279 2911 3380 2965 καὶ
3418 2912 3519 2982 τῆς
3557 2911 3708 2983 app»-

2153 3001 2308 3065 στίας
2336 3002 2821 3075 ,ἐκτετριμμένων.
2872 3003 3018 3076 Πρὸς
3065 3005 3164 3073 μὲν
3209 2999 3306 3057 οὖν
3339 3002 3411 3057 τὰ
3457 3005 3709 3073 ἐπερωτη-

2154 3092 2314 3145 θέντα
2356 3094 2612 3163 γεγόνασί
2657 3112 2802 3159 τινες
2838 3096 2897 3148 ὲν
2943 3094 3021 3165 τῷ
3076 3094 3479 3167 ὑπομνηστικῷ
3514 3093 3710 3165 ἀποκρί-

2154 3199 2288 3247 σεις,
2331 3183 2450 3248 οἵας
2491 3186 2615 3256 ἐμοὶ
2657 3186 2880 3240 δυνατὸν
2924 3182 3014 3257 ἦν,
3064 3186 3160 3240 καὶ
3205 3187 3281 3250 ὡς
3323 3188 3354 3240 6
3406 3185 3594 3259 καιρὸς
3623 3183 3709 3237 ἰδία

2153 3272 2244 3326 ὅου
2281 3274 2414 3346 (22).

2658 3433 3006 3487 ΕΠΙΣΤΟΛΗ
3043 3434 3207 3487 ΣΛΓ’.

479 3573 653 3623 Contra
673 3569 1011 3638 Eunomianos,
1031 3567 1121 3637 qui.
1135 3565 1227 3619 sibi
1248 3565 1428 3617 divina:
1447 3556 2159 3638 essentiarcontpreltensionent
2178 3569 2806 3638 arrogalmnt,_dentonstrat
2833 3567 3047 3638 Basilius
3069 3567 3239 3638 bonum
3262 3567 3506 3632 quiddam
3538 3574 3711 3618 mentm

537 3647 642 3684 esse
663 3645 719 3702 ac
736 3632 904 3702 mentis
938 3630 1281 3702 operationem,
1308 3642 1508 3702 euntque
1530 3630 1573 3679 si
1595 3630 1804 3702 Spiritui
1841 3636 2003 3677 sancto
2026 3642 2078 3679 se
2113 3630 2377 3699 tradita—ait
2414 3632 2506 3681 Dei
2529 3630 2849 3696 cognitionem
2884 3630 3048 3692 evehi;
3092 3631 3179 3681 sed
3214 3630 3404 3680 tantum
3442 3642 3715 3695 cognoscat,

538 3701 766 3756 quintium
788 3698 862 3756 fas
882 3702 952 3745 est
968 3687 1206 3757 inﬁnitam
1226 3687 1519 3755 nmjcstu'tent
1537 3703 1567 3740 a
1589 3687 1866 3739 tenuissimo
1901 3690 2143 3753 cognosci.

741 3800 1134 3873 Amphilochia,
1165 3799 1255 3872 qui
1292 3815 1410 3854 eum
1449 3799 1808 3855 consuluerat.

536 3919 606 3973 .1.
640 3917 767 3974 Scio
804 3932 891 3973 me
918 3923 973 3972 et
1008 3931 1072 3971 ea
1119 3915 1189 3970 de
1239 3929 1301 3970 re
1347 3914 1666 3979 audivisse,
1711 3929 1813 3970 nec
1867 3914 2060 3985 ignoro

482 4011 764 4067 hominum
804 4008 1296 4065 constructionem.
1345 4005 1488 4072 Quid
1532 4022 1664 4078 ergo
1703 4006 1950 4061 dicemus
1992 4004 2060 4059 ad

485 4103 641 4158 lucc?
670 4101 876 4172 Nempe
910 4100 1235 4171 praeclarum
1266 4098 1529 4169 quiddam
1569 4113 1726 4153 mens
1757 4106 1843 4152 est
1874 4116 1888 4151 :
1921 4103 1975 4151 et
2006 4096 2061 4149 in

486 4207 552 4247 ea
584 4192 845 4247 habemus
894 4190 949 4246 id
999 4189 1144 4260 quod
1184 4197 1271 4244 est
1323 4188 1391 4242 ad
1448 4188 1742 4258 imaginem
1770 4187 2059 4242 creatoris.

488 4281 817 4338 Praeclarum
837 4283 1003 4337 etiam
1025 4279 1285 4351 quiddam
1312 4287 1398 4334 est
1423 4280 1624 4334 mentis
1648 4279 1919 4349 operatio,
1943 4292 2065 4347 qua:

560 4455 580 4477 ‘
611 4453 761 4509 Alias
786 4451 1100 4509 CCCXCIV.
1136 4454 1349 4521 Scripta
1380 4469 1525 4509 anno
1555 4454 1685 4509 3'76.

568 4525 613 4549 “
643 4523 793 4580 Alias
818 4523 1136 4580 CCCXCIX.
1170 4524 1381 4592 Scripta
1408 4540 1552 4579 allno
1584 4525 1709 4579 576.

566 4594 676 4663 (l9)
705 4595 988 4648 Σάϐϐατα.
1025 4593 1175 4649 Hanc
1205 4608 1390 4648 vocem
1424 4594 1731 4648 addidimus
1758 4607 1824 4648 ex
1859 4593 2059 4647 codici-

495 4665 600 4720 bus
636 4663 799 4729 Med.,
827 4665 1007 4735 Coisl.
1032 4665 1207 4735 primo
1241 4674 1297 4718 et
1343 4663 1581 4735 Claram.
1616 4663 1807 4735 Plures
1841 4664 1895 4717 in
1928 4665 2068 4717 hanc

494 4735 781 4805 epistolam
834 4749 945 4805 non
999 4731 1817 4805 habuimusxjiesti“symbols
1865 4735 2068 4805 pariter

497 4801 639 4874 apud
673 4802 834 4874 Greg.
863 4803 993 4874 Naz:
1032 4804 1084 4856 in
1118 4804 1281 4874 epist.
1314 4801 1469 4874 Soet
1512 4802 1581 4857 54
1603 4801 1689 4857 ’(16
1729 4801 1966 4872 acceptis
1999 4806 2068 4857 ab

547 4874 744 4930 elladio
769 4872 1085 4929 muneribus
1116 4873 1342 4942 intelligi
1379 4872 1598 4937 debent,
1640 4889 1770 4935 non,
1809 4881 1867 4927 ut
1889 4874 2067 4928 visum

496 4953 580 5002 est
608 4944 783 5008 Billio,
814 4943 881 4998 de
919 4945 1115 4998 litteris
1148 4956 1586 5012 quaquaversum
1625 4942 1812 4999 missis
1850 4950 1911 4995 ut
1949 4944 2069 4997 dies

498 5016 674 5071 festus
723 5015 1087 5068 nuntiaretur.
1141 5012 1637 5082 luterdumretiam
1698 5014 2065 5082 praesentibus

499 5085 717 5141 clericis
756 5084 1023 5152 ejusmodi
1066 5098 1290 5137 munera
1335 5081 1455 5135 dari
1503 5081 1769 5137 solebant.
1816 5082 2071 5152 Legimus

498 5156 646 5210 enim
694 5154 835 5223 apud
877 5152 1191 5208 Facundum
1240 5152 1341 5223 lib.
1389 5168 1440 5213 ν,
1477 5167 1527 5206 c.
1559 5152 1612 5205 2.
1654 5152 1806 5223 ‘lbam
1851 5153 2070 5223 solitum

499 5240 624 5281 esse
658 5224 712 5277 in
729 5220 833 5277 'die
872 5234 1055 5278 sancto
1084 5222 1328 5283 Paschaz,
1357 5229 1449 5273 aut
1481 5232 1601 5276 ante
1629 5220 1789 5288 diem,
1836 5221 1967 5276 dare
2006 5221 2069 5276 de

503 5310 668 5348 manu
695 5292 899 5346 clericis
926 5292 1165 5361 quredam
1187 5309 1282 5362 pro
1316 5290 1615 5361 festivitate.

573 5362 687 5428 (‘20)
725 5362 1059 5431 Δηγμάτων.
1094 5365 1185 5417 Sic
1217 5377 1319 5433 ope

503 5431 696 5503 datum
730 5433 888 5503 quod,
915 5440 1170 5503 corrupte
1207 5431 1269 5503 in
1303 5431 1466 5503 editis
1516 5433 1794 5503 legebatur
1823 5432 2070 5503 τραυμά-

503 5519 631 5555 των.
655 5499 856 5572 Εονοηι
878 5501 1003 5557 huic
1030 5499 1395 5557 emendationi
1418 5499 1591 5555 CoislI
1611 5502 1823 5572 primus
1846 5499 1901 5555 et
1923 5499 2063 5555 Med.

506 5573 561 5626 in
590 5571 790 5692 auibus
822 5573 1016 5640 legitur
1038 5572 1326 5692 δειμάτων,
1366 5571 1642 5624 terrorum.

580 5647 591 5692 l
642 5642 690 5692 ll
729 5641 1086 5692 Λαιιπτινῶν.
1162 5639 1582 5692 ertitinternres
1611 5657 1641 5692 α

580 5639 699 5764 (212,
729 5639 1086 5711 Λαμπηνῶν.
1116 5639 1289 5695 Vertit
1314 5639 1582 5710 interpres
1611 5639 1925 5710 gestatorias
1954 5655 2066 5692 cur-

580 5728 621 5764 s.
683 5711 1016 5764 ‘ombelisius
1048 5710 1237 5764 rhedas
1263 5709 1484 5764 nobiles.
1522 5719 1680 5764 tectos
1712 5725 1923 5763 currus.
1959 5709 2066 5763 Sed

508 5727 621 5764 rus.
658 5709 1016 5765 Combelisius
1048 5710 1237 5764 rhedas
1263 5709 1484 5774 nobiles,
1522 5709 1680 5765 tectos
1712 5725 1923 5763 currus.
1959 5709 2066 5763 Sed

510 5779 642 5850 quid
671 5781 936 5849 ejusmodi
964 5781 1143 5835 rhcdzn
1178 5789 1233 5835 et
1260 5793 1453 5833 currus
1487 5784 1551 5835 ad
1583 5788 1881 5835 nocturnos
1917 5780 2065 5835 labo-

1349 5362 1555 5418 codicis
1597 5361 1836 5416 Clarom.
1882 5376 2073 5416 cmen-

2492 3803 2843 3873 Ἀμφιλοχίῳ
2879 3801 2992 3873 (25)
3030 3801 3425 3870 ἐρωτήσαντι.

2234 3920 2285 3967 1.
2326 3910 2457 3968 Οἶδα
2502 3916 2595 3969 καὶ
2642 3916 2806 3979 αὐτὸς
2834 3913 3075 3978 ἀκούσας
3098 3914 3310 3980 τούτου,
3352 3915 3453 3968 καὶ
3495 3912 3718 3985 γνωρίζω

2161 4004 2270 4059 τῶν
2320 4005 2620 4078 ἀνθρώπων
2665 4008 2765 4079 τὴν
2820 4008 3190 4079 κατασκευήν.
3239 4007 3305 4061 Τί
3361 4003 3461 4062 οὖν
3517 4005 3718 4079 ἐροῦμεν

2163 4096 2301 4166 πρὸς
2333 4095 2538 4161 ταῦτα;
2572 4096 2695 4149 ’Ὀτι
2736 4096 2900 4150 καλὸν
2935 4095 3033 4167 μὲν
3065 4099 3093 4149 6
3140 4095 3295 4160 νοῦς·
3332 4100 3431 4151 καὶ
3461 4098 3520 4149 ὲν
3569 4093 3719 4159 τούτῳ

2164 4185 2361 4255 ἔχομεν
2392 4186 2452 4239 τὸ
2474 4186 2596 4241 κατ’
2629 4187 2814 4240 εἰκόνα
2844 4185 2937 4240 τοῦ
2971 4187 3276 4250 κτίσαντος.
3306 4187 3422 4240 Καὶ
3456 4187 3614 4241 καλὸν
3642 4181 3720 4237 τοῦ

2164 4274 2257 4329 νοῦ
2288 4277 2321 4347 ή
2346 4276 2631 4348 ἐνέργειαο
2667 4277 2763 4330 καὶ
2792 4277 2895 4344 ὅτι,
2912 4276 3220 4348 ἀεικίνητος
3241 4275 3319 4329 ὣν
3341 4270 3520 4341 οὗτος,
3551 4272 3721 4328 πολλὰ·

2168 4467 2257 4507 res
2286 4451 2546 4521 prodesse
2575 4451 2863 4521 poterant?
2886 4450 3188 4522 Lampades
3215 4450 3463 4522 ergoivel
3490 4445 3721 4522 candelas

2168 4520 2355 4577 cereas
2379 4520 2651 4595 sententia
2687 4522 2995 4595 hujusdloci
3023 4520 3372 4595 interpretari
3399 4520 3602 4595 _cogit__:
3629 4529 3722 4595 quo

2167 4607 2330 4647 sensu
2379 4592 2659 4663 lampenas
2698 4589 2968 4663 interdum
3005 4589 3260 4660 usurpari
3292 4590 3529 4663 probant
3555 4589 3720 4663 Marti-

2169 4662 2294 4716 nius
2321 4669 2376 4715 et
2403 4655 2667 4730 Cangius.
2709 4660 3051 4731 lngeniosam
3081 4655 3534 4731 munusculorum
3569 4655 3719 4731 θερί-ῖς

2168 4732 2439 4801 cationem
2471 4723 2733 4786 ba'bemus
2753 4723 2895 4801 a‘pud
2924 4731 3311 4801 Hieronymum
3345 4732 3397 4783 in
3422 4723 3720 4801 epistolalti

2171 4801 2239 4855 ad
2276 4800 2614 4864 Marcellam,
2664 4794 2938 4872 qum-cum
2987 4802 3036 4872 ei
3078 4794 3226 4872 varia
3279 4794 3532 4861 munera,
3572 4797 3623 4872 in
3649 4794 3720 4846 his

2171 4887 2380 4933 cereos,
2436 4865 2699 4942 misisset;
2748 4873 2803 4925 in
2852 4871 3082 4940 singulis
3132 4870 3500 4942 Hieronymus
3561 4865 3718 4933 aliqua

2172 4942 2430 5010 mysteria
2454 4950 2567 4995 tum
2592 4940 2695 4997 sibi
2722 4948 2837 4995 tum
2863 4942 3061 5010 virgini
3083 4940 3720 5010 convenientiaperacutc

2171 5008 2429 5079 exquirit.
2460 5011 2662 5067 Cer‘eos
2701 5019 2880 5066 autem
2919 5008 3029 5065 non
3072 5021 3130 5065 ut
3156 5010 3388 5065 Basilius
3417 5008 3489 5061 ad
3520 5013 3720 5079 noctur-

2172 5075 2272 5136 nos
2298 5082 2509 5137 labores
2539 5091 2791 5136 revocat:
2822 5080 2916 5135 sed
2942 5081 2996 5134 in
3021 5080 3230 5150 virgine
3249 5081 3391 5134 hanc
3411 5078 3523 5150 vim
3545 5075 3719 5129 habere

2174 5151 2328 5214 dicit,
2352 5160 2407 5203 ut
2429 5167 2644 5205 accenso
2667 5151 2879 5214 lumine,
2907 5152 3085 5218 sponsi
3102 5148 3427 5216 exspectetur
3456 5148 3714 5200 adventus:

2103 5197 2146 5251 θ
2178 5197 2449 5290 invsc'ipso
2481 5197 2683 5284 autem,
2729 5231 2787 5274 ut
2816 5197 2879 5275 et,
2896 5197 3110 5291 propter
3142 5197 3424 5291 norctnrnos
3467 5226 3645 5276 metus,
3676 5218 3719 5262 et

2177 5289 2381 5343 animos
2414 5306 2614 5358 semper
2639 5291 2779 5345 malo
2812 5289 3143 5346 conscientia:
3170 5289 3545 5361 formidantes,
3568 5294 3718 5338 cereos

2178 5377 2377 5431 quoque
2406 5361 2719 5431 accendisse;
2731 5364 2797 5415 sit
2825 5370 3055 5431 gratum.

2267 5424 2357 5493 2!)
2401 5429 2650 5485 Ἐδίδου.
2684 5424 2853 5486 Οοίειῖ
2883 5431 3134 5484 ἐνεδίδου.
3162 5427 3302 5484 Med.
3339 5424 3597 5480 ἀνεδίδου.

2267 5434 2357 5493 22)
2401 5434 2650 5485 Ἐδίδου.
2684 5434 2853 5486 Coisl.
2883 5434 3134 5484 ἐνεδίδου.
3163 5434 3302 5484 Med.
3339 5434 3597 5480 ἀνεδίδου.

2245 5434 2359 5570 ίῖδ)
2405 5500 2779 5570 Ἀμφιλοχίῳ,
2814 5510 2920 5555 etc.
2950 5500 3108 5555 Hunc
3146 5500 3361 5570 titulum
3399 5498 3639 5570 eruimus
3662 5503 3717 5570 es

2172 5562 2851 5643 codicibus'Sl_ed.,'Coisl.
2880 5574 3054 5643 primo
3078 5580 3156 5643 iet
3197 5567 3481 5643 Vaticano.
3524 5562 3719 5643 Addunt

2171 5642 2414 5711 quinque
2451 5640 2820 5719 codices-cici)
2848 5635 3062 5719 cas,on
3074 5638 3445 5719 ξνεργειαειμιὶ
3463 5635 3717 5719 ᾳιξίεδξεςςί

2170 5705 2411 5781 quisnam
2430 5710 2500 5767 sit
2524 5711 2709 5767 mentis
2737 5705 2988 5780 operatio.
3022 5705 3455 5767 Editi'liabebant
3474 5705 3553 5777 τῷ
3573 5705 3717 5769 αὐτῷ.
