3900 6208
197 327 303 382 865

1027 321 1522 382 EPISTOLARUM
1562 319 1850 377 CLASSIS
1889 319 1948 373 ll.
1993 320 2215 377 EI’IST.
2257 321 2594 376 CCXXXIII.

3337 322 3443 379 866

193 459 285 505 κις
319 440 416 511 μὲν
453 438 840 509 φαντασιοῦται
867 439 992 510 περὶ
1022 436 1128 490 τῶν
1153 437 1252 490 οὑκ
1278 436 1447 488 ὅντων
1479 435 1554 499 ὡς
1577 434 1766 495 ὄντων,

1877 448 1997 486 cum
2028 434 2080 486 in
2111 441 2376 504 perpetuo
2399 444 2550 488 motu
2573 441 2840 502 versetur,
2867 449 3009 505 saepe
3038 449 3206 490 vanas
3233 437 3445 506 species

193 533 454 594 πολλάκις
498 531 556 584 δὲ
603 530 908 592 εύθυϐόλως
949 531 1042 582 ἐπὶ
1081 529 1177 599 τὴν
1210 528 1467 598 ἀλήθειαν
1522 527 1764 598 φέρεται.

204 622 346 675 Ἀλλ’
395 620 583 692 ἐπειδὴ
631 619 806 690 τούτῳ
845 619 1018 672 διτταὶ
1055 618 1312 688 δυνάμεις
1362 617 1771 688 παραπεφύκα-

192 731 245 767 σι
282 714 419 785 (24),
454 713 595 766 κατὰ
622 712 718 783 τὴν
746 711 1020 782 ἡμετέραν
1059 709 1168 763 τῶν
1206 711 1287 772 είς
1315 707 1446 761 Θεὸν
1478 723 1771 760 πεπιστευ-

192 807 370 860 κότων
419 804 706 874 ὑπόληψιν,
743 805 776 874 ὴ
816 802 914 872 μὲν
964 800 1196 871 πονηρὰ,
1243 800 1276 870 ἡ
1325 798 1433 852 τῶν
1479 797 1768 868 δαιμόνων,

193 897 332 968 πρὸς
362 896 462 966 τὴν
512 895 646 948 ίδίαν
690 893 1024 948 ἀποστασίαν
1051 892 1199 961 ἡμᾶς
1248 889 1703 958 συνεφελκομένη,
1735 890 1767 957 ἡ

190 989 252 1042 δὲ
293 988 540 1058 θειοτέρα
587 986 681 1040 καὶ
715 985 894 1056 ἀγαθὴ
924 984 1059 1054 πρὸς
1101 986 1198 1054 τὴν
1222 984 1317 1037 τοῦ
1350 981 1484 1034 θεοῦ
1513 981 1770 1050 ὁμοίωσιν

190 1083 346 1152 ἡμᾶς
373 1079 679 1148 ἀνάγουσα·
717 1077 846 1130 ὅταν
889 1077 988 1146 μὲν
1015 1076 1100 1145 ἐφ’
1131 1075 1322 1129 ἑαυτοῦ
1375 1074 1508 1144 μένῃ
1551 1073 1580 1124 6
1625 1070 1768 1135 νοῦς,

194 1169 372 1239 μικρὰ
402 1166 609 1238 καθορᾷ
647 1167 742 1220 καὶ
782 1165 852 1218 τὰ
889 1163 1065 1234 ἐαυτῷ
1119 1165 1230 1234 (‘25)
1287 1165 1601 1235 σύμμετρα·
1643 1162 1770 1215 ὅταν

189 1261 249 1314 δὲ
281 1263 394 1322 τοῖς
430 1258 710 1313 ἀπατῶσιν
739 1258 933 1312 ἑαυτὸν
965 1257 1152 1328 ἐπιδῷ,
1184 1257 1452 1325 ἀφανίσας
1481 1257 1541 1308 τὸ
1573 1255 1770 1308 οἰκεῖον

190 1352 498 1422 κριτήριον,
529 1348 854 1418 φαντασίαις
888 1349 1134 1402 σύνεστιν
1155 1347 1481 1410 ἀλλοκότοις.
1516 1346 1648 1398 Τότε
1677 1345 1772 1398 καὶ

190 1442 255 1495 τὸ
288 1441 443 1506 ξύλον
471 1440 590 1511 οὐχὶ
639 1439 794 1505 ξύλον
840 1437 978 1495 εἶναι
1017 1440 1244 1512 νομίζει,
1285 1438 1421 1492 ἀλλὰ
1467 1438 1631 1491 Θεόν·
1675 1439 1770 1490 καὶ

191 1533 398 1605 χρυσὸν
426 1533 547 1603 οὐχὶ
571 1537 829 1605 χρήματα
860 1529 998 1587 εἶναι
1026 1532 1224 1602 κρίνει,
1253 1529 1389 1584 ἀλλά
1430 1529 1765 1599 σεϐάσματα.

206 1624 335 1676 Ἐὰν
363 1623 420 1676 δὲ
468 1624 603 1695 πρὸς
625 1622 722 1694 τὴν
773 1622 1050 1693 θειοτέραν
1100 1619 1372 1692 ἀπονεύσῃ
1420 1618 1630 1690 μερίδα,
1675 1618 1770 1670 καὶ

189 1718 292 1780 τὰς
315 1716 412 1770 τοῦ
440 1714 755 1786 Πνεύματος
781 1715 1104 1786 ὑποδέξηται
1143 1715 1390 1786 χάριτας,
1413 1713 1534 1766 τότε
1559 1712 1768 1780 γίνεται

1873 522 1974 576 sibi
2003 523 2206 593 ellingit
2251 522 2320 577 de
2364 523 2433 579 iis
2459 541 2580 594 quae
2609 541 2719 579 non
2751 533 2900 590 sunt,
2932 527 3088 594 quasi
3120 528 3266 591 sint;
3302 542 3447 596 saepe

1872 614 2035 667 etiam
2083 626 2231 669 recta
2275 615 2344 669 ad
2369 617 2655 672 veritatem
2699 618 2892 672 fertur.
2927 617 3032 672 Sed
3057 619 3182 687 quia
3217 619 3337 673 dum
3366 619 3447 673 illi

1873 703 2076 759 adsunt
2104 707 2370 769 virtutes,
2418 708 2720 762 secundum
2752 717 3018 772 nostram,
3050 709 3142 778 qui
3181 709 3346 781 356
3390 710 3446 763 in

1872 795 2040 849 Deum
2071 798 2365 864 credimus,
2392 802 2737 863 sententiam,
2765 815 2930 868 prava
2957 816 3084 866 una,
3109 817 3228 870 qua:
3245 801 3448 855 dmmo'

1871 903 2002 940 num
2037 897 2141 952 est,
2169 889 2235 942 ad
2271 893 2548 960 propriam
2573 891 2934 946 defectionem
2970 909 3070 948 nos
3117 897 3444 960 attrahens;

1871 977 2111 1032 divinior
2153 981 2324 1035 altera
2367 991 2420 1036 et
2463 983 2626 1043 bona,
2659 999 2780 1052 qum
2817 1000 2917 1040 nos
2958 984 3028 1038 ad
3065 984 3160 1039 Dei
3192 986 3449 1041 similitu-

1871 1070 2053 1124 dinem
2095 1071 2350 1137 deducit;
2380 1089 2534 1127 mens
2560 1074 2704 1128 intra
2728 1091 2786 1130 se
2809 1091 2935 1130 cum
2971 1077 3254 1138 manserit.
3279 1091 3448 1147 parva

1871 1162 2118 1218 intuetur
2163 1179 2228 1218 ac
2274 1180 2374 1219 suo
2407 1165 2632 1220 modulo
2663 1169 2891 1237 aequalia
2922 1187 2934 1222 :
2966 1183 3091 1222 cum
3132 1185 3262 1226 vero
3295 1169 3447 1224 deci-

1877 1254 2154 1322 pientibus
2197 1271 2256 1309 se
2282 1255 2590 1321 tradiderit,
2624 1260 2902 1328 proprium
2921 1260 3190 1328 judicium
3223 1261 3445 1315 oblitte-

1872 1360 2026 1408 rans,
2069 1345 2124 1398 in
2154 1345 2286 1400 visis
2318 1355 2572 1400 versatur
2604 1348 2879 1402 absurdis.
2917 1348 3072 1402 Tunc
3099 1339 3306 1418 lignum
3335 1365 3448 1403 non

1870 1435 2079 1505 lignum
2123 1450 2246 1492 esse
2290 1437 2589 1501 existimat,
2623 1437 2719 1492 sed
2770 1439 2941 1493 Deum
2970 1457 2983 1494 :
3012 1447 3066 1494 et
3114 1455 3306 1493 aurum
3337 1457 3447 1494 non

1871 1525 2159 1593 pecuniam
2215 1541 2340 1581 esse
2385 1527 2622 1596 judicat,
2677 1529 2772 1582 sed
2823 1545 3044 1584 numen.
3097 1527 3154 1582 Si
3202 1545 3329 1584 vero
3381 1530 3450 1583 ad

1872 1613 2196 1668 diviniorem
2240 1631 2361 1671 sese
2403 1623 2740 1672 converterit
2801 1627 3047 1688 partem,
3099 1633 3164 1673 ac
3209 1618 3450 1689 Spiritus

1875 1707 2183 1775 susceperit
2216 1708 2424 1778 gratias
2444 1750 2458 1774 ,
2497 1719 2630 1764 tunc
2678 1713 2908 1782 percipit
2937 1712 3244 1774 diviniora,
3275 1729 3451 1783 quan-

189 1808 303 1862 τῶν
340 1807 625 1878 θειοτέρων
672 1805 1094 1876 καταληπτικὸς,
1137 1806 1261 1858 ὅσον
1307 1803 1470 1858 αὑτοῦ
1507 1806 1572 1875 τῇ
1611 1803 1769 1872 φύσει

1877 1801 1986 1848 tmn
2019 1797 2194 1868 ipsius
2215 1809 2412 1853 natura
2437 1809 2617 1868 potest
2641 1806 2929 1875 attingere.
2965 1805 3099 1861 Tres
3124 1806 3291 1876 igitur
3319 1814 3450 1861 sunt

193 1899 534 1970 σύμμετρον.
567 1899 728 1970 Τρεῖς
755 1895 847 1952 οὖν
869 1900 1004 1950 εἰσιν
1033 1898 1195 1951 elevet
1223 1897 1352 1966 βίων
1380 1894 1738 1956 καταστάσεις
1757 1910 1772 1924 ·

191 1991 292 2043 καὶ
340 1987 618 2060 ίσάριθμοι
657 1985 868 2050 τούτοις
912 1989 969 2040 at
1014 1984 1110 2039 τοῦ
1161 1985 1253 2038 νοῦ
1285 1985 1444 2056 ήμῶν
1485 1983 1773 2054 ἐνέργειαι.

195 2082 270 2133 Ἦ
301 2080 410 2152 γὰρ
439 2078 649 2151 πονηρὰ
686 2079 844 2150 ἡμῶν
871 2077 939 2131 τὰ
966 2077 1394 2148 ἐπιτηδεύματα,
1429 2075 1524 2130 καὶ
1563 2073 1776 2146 πονηρὰ

193 2171 358 2243 ἡμῶν
396 2171 636 2242 δηλονότι
665 2169 733 2224 τά
767 2169 862 2223 τοῦ
904 2167 995 2222 νοῦ
1025 2170 1333 2239 κινήματα·
1377 2163 1487 2221 οἷον
1520 2168 1772 2237 μοιχεῖαι,

191 2263 420 2330 κλοπαὶ,
449 2261 898 2334 είδωλολατρείαι,
934 2261 1308 2329 συκοφαντίαι,
1349 2260 1542 2332 ἔριδες,
1591 2259 1772 2330 θυμοὶ,

191 2352 448 2425 ἐριθείαι,
499 2351 821 2422 φυσιώσεις,
873 2352 967 2406 καὶ
1016 2353 1116 2405 ὅσα
1171 2353 1228 2404 ἐν
1283 2355 1396 2415 τοῖς
1444 2351 1626 2423 ἔργοις
1675 2351 1776 2422 τῆς

195 2443 404 2514 σαρκὸς
427 2443 457 2495 6
482 2442 776 2506 ἀπόστολος
805 2442 1015 2507 Παῦλος
1043 2444 1467 2516 ἁπηριθμήσατο
1486 2461 1500 2474 ο
1542 2445 1576 2515 ἢ
1632 2444 1772 2514 μέση

190 2529 279 2593 τίς
326 2532 442 2582 ἐστι
467 2529 568 2598 τῆς
592 2528 771 2600 ψυχῆς
797 2532 831 2601 ἡ
867 2531 1134 2602 ἐνέργεια,
1161 2531 1283 2585 οὔτε
1326 2533 1773 2604 κατεγνωσμένον

189 2639 248 2675 τι
279 2622 498 2692 ἔχουσα,
528 2620 650 2674 οὔτε
691 2622 1000 2676 ἐπαινετόν·
1031 2626 1106 2687 ὼς
1141 2625 1173 2694 ή
1203 2624 1313 2678 τῶν
1341 2624 1621 2694 βαναύσων
1647 2623 1773 2678 τού-

189 2731 305 2767 των
335 2713 447 2784 (Ξϐ)
476 2713 679 2784 τεχνῶν
709 2713 994 2783 ἀνάληψις,
1040 2713 1102 2779 ἃς
1133 2715 1195 2787 δὴ
1241 2718 1334 2769 καὶ
1367 2717 1538 2786 μέσας
1596 2734 1770 2788 προσο

191 2805 557 2876 αγορεύομεν,
589 2806 741 2859 οὐδὲν
783 2804 860 2874 τῷ
887 2805 1093 2858 ἑαυτῶν
1133 2807 1277 2878 λόγῳ
1328 2807 1464 2878 πρὸς
1504 2809 1703 2878 ἀρετὴν
1737 2809 1770 2879 ἢ

192 2899 400 2952 κακίαν
436 2897 848 2964 ἀποκλινούσας.
880 2899 1017 2953 Ποία
1047 2899 1155 2970 γὰρ
1182 2901 1346 2954 κακία
1377 2900 1772 2972 κυϐερνητικῆς

192 2987 228 3057 ἦ
271 2987 557 3060 ίατρικῆς;
609 2987 682 3042 Οὐ
736 2988 986 3059 μέντοιγε
1032 2988 1153 3041 οὐδὲ
1203 2989 1393 3058 ἀρεταὶ
1440 2990 1599 3044 αὐταὶ
1648 2991 1769 3044 καθ’

193 3077 420 3141 ἑαυτὰς,
453 3076 567 3130 ἀλλ’
613 3079 678 3130 ἐκ
718 3077 819 3148 τῆς
845 3079 954 3131 τῶν
988 3079 1482 3152 κεχρημένωνίΞἹ)
1514 3081 1771 3153 προαιρέ-

195 3185 341 3231 σεως
380 3168 514 3239 πρὸς
543 3169 642 3240 τὴν
687 3168 782 3221 τοῦ
829 3170 1017 3241 ἐτέρου
1047 3171 1155 3225 τῶν
1202 3172 1589 3242 ἀντικειμένων
1633 3174 1770 3228 ἀπο-

193 3257 441 3310 κλίνουσι
470 3260 681 3327 μοῖραν.
719 3257 775 3310 ’0
807 3259 988 3328 μέντοι
1011 3264 1077 3332 τῇ
1109 3261 1321 3332 θεότητι
1343 3261 1436 3314 τοῦ
1461 3262 1774 3333 Πνεύματος

194 3345 532 3418 ἅνακραθεὶς
560 3346 703 3413 νοῦς,
732 3341 886 3412 οὗτος
915 3349 1012 3421 ἤδη
1044 3351 1154 3404 τῶν
1197 3352 1448 3422 μεγάλων
1476 3353 1594 3406 ἐστὶ
1643 3353 1776 3406 θεω-

200 3439 464 3510 ρημάτων
497 3439 808 3504 ἐποτπικδς,
842 3442 938 3494 καὶ
981 3441 1192 3514 καθορᾷ
1217 3443 1287 3496 τὰ
1319 3443 1438 3498 θεῖα
1469 3444 1659 3515 κάλλη,
1687 3463 1776 3498 το-

198 3527 394 3581 σοῦτον
447 3527 651 3599 μέντοι,
685 3530 807 3583 ὅσον
856 3533 889 3600 ἡ
943 3531 1102 3604 χάρις
1153 3534 1392 3588 ἐνδίδωσι
1429 3535 1565 3607 (28),
1590 3538 1684 3590 καὶ
1738 3539 1772 3609 ή

198 3622 514 3693 κατασκευὴ
543 3620 708 3674 αὐτοῦ
739 3622 1075 3694 ὑποδέχεται.

270 3711 330 3766 2.
373 3711 556 3776 Ὥστε,
590 3712 819 3781 ἀφέντες
864 3717 1077 3779 ἐκείνας
1105 3717 1205 3780 τὰς
1249 3717 1588 3784 διαλεκτικὰς
1638 3723 1778 3792 ἐρω-

196 3802 410 3873 τήσεις,
437 3803 511 3874 μὴ
538 3805 936 3876 κακεντρεχῶς,
969 3806 1081 3859 ἀλλ’
1107 3807 1351 3872 εὐλαϐῶς
1378 3808 1776 3875 ἐξεταζέτωσαν

197 3894 301 3964 τὴν
335 3893 609 3965 ἀλήθειαν.
641 3895 858 3951 Δέδοται
889 3899 1018 3968 ἡμῖν
1051 3899 1110 3952 τὸ
1137 3899 1230 3953 τοῦ
1261 3900 1352 3953 νοῦ
1386 3902 1664 3973 κριτήριον
1697 3904 1778 3965 είς

198 3987 303 4056 τὴν
335 3987 434 4056 τῆς
463 3987 720 4058 ἀληθείας
750 3988 984 4044 σύνεσιν.
1022 3991 1178 4044 Ἔστι
1208 3992 1264 4045 δὲ
1293 3994 1326 4063 ἡ
1362 3993 1721 4063 αὐτοαλήθεια
1748 3995 1778 4046 6

200 4077 339 4141 Θεὸς
387 4078 564 4148 ἡμῶν.
602 4080 765 4133 Ὥστε
799 4082 1206 4153 προηγούμενον
1252 4084 1398 4137 ἐστιν
1440 4084 1519 4155 τῷ
1566 4083 1642 4154 νῷ
1685 4082 1776 4136 τὸν

199 4167 338 4222 Θεὸν
361 4167 519 4237 ἡμῶν
550 4170 931 4240 ἐπιγινώσκειν
950 4189 964 4202 ·
993 4173 1372 4243 ἐπιγινώσκειν
1405 4175 1462 4228 δὲ
1500 4175 1672 4240 οὕτως
1701 4176 1776 4240 ὡς

276 4324 325 4357 δ*
369 4325 545 4382 Galat.
574 4343 628 4392 v,
676 4324 762 4382 19.

275 4483 397 4555 (ἐξ)
416 4485 909 4555 Παραπεφύκασι.
935 4482 1009 4537 Ita
1023 4492 1155 4555 octo
1184 4499 1317 4555 mss.
1349 4482 1491 4537 Editi
1525 4483 1772 4554 πεφύκα-
1801 4464 1850 4522 D

201 4553 311 4608 σιν.
345 4553 478 4608 Illud
519 4563 696 4608 autem
739 4554 1164 4625 παραπεφύκασι
1204 4554 1547 4625 idemsonat
1579 4569 1644 4608 ac
1671 4555 1771 4608 ad-

200 4633 348 4686 sunt,
387 4625 501 4677 sive
524 4622 886 4679 assectantur.
929 4624 1020 4677 Sic
1049 4626 1102 4678 in
1133 4623 1291 4694 epist.
1321 4622 1427 4676 “272
1453 4625 1528 4676 ait
1559 4625 1771 4694 magnis

202 4694 571 4764 potestatibus
590 4694 899 4764 illiberales
940 4693 1347 4764 assentationes
1368 4693 1541 4764 solere
1589 4693 1767 4764 παρα-

201 4761 457 4832 ξρύεσθαι.
497 4763 646 4816 Multi
672 4769 852 4833 autem
867 4779 945 4833 ex
976 4763 1213 4833 antiquis
1245 4763 1606 4831 scriptoribus
1635 4761 1770 4820 duos

201 4831 396 4902 genios
427 4833 583 4888 nobis
620 4831 812 4888 adesse
848 4831 1124 4896 dixerunt,
1155 4841 1215 4886 ut
1249 4833 1497 4902 pluribus
1526 4833 1772 4902 testimo-

202 4901 313 4958 niis
341 4913 532 4972 pronat
563 4903 864 4972 Cotelerius
895 4903 950 4955 in
973 4902 1125 4957 Notis
1154 4903 1220 4956 ad
1252 4901 1445 4956 librum
1476 4918 1512 4956 ιι
1539 4901 1768 4958 Ilermw.

198 4972 305 5028 Hic
330 4971 510 5027 autem
537 4971 772 5030 Basilius
800 4972 956 5026 bonae
986 4974 1269 5040 potestatis
1293 4973 1512 5026 nomine
1538 4987 1648 5026 non
1681 4991 1771 5026 an-

199 5043 382 5113 gelum
407 5044 674 5113 intelligit,
709 5042 804 5097 sed
839 5041 1146 5113 diviniorem
1179 5051 1505 5109 potestatem,
1537 5058 1653 5112 qua:
1676 5061 1768 5097 nos

199 5111 271 5166 ad
323 5111 422 5166 Dei
463 5111 868 5168 similitudinem
909 5112 1139 5175 deducit,
1185 5113 1493 5165 diviniorem
1541 5111 1767 5180 partem,

200 5183 434 5254 Spiritus
479 5185 649 5254 sancti
688 5187 908 5254 gratias.
958 5181 1482 5254 SimiliaAbabemus
1513 5181 1567 5235 in
1607 5181 1770 5254 gom-

199 5253 556 5325 mentarioin
579 5251 783 5308 Isaiam
817 5272 870 5308 n.
901 5255 990 5319 9.1,
1037 5267 1114 5325 ι).Δ
1144 5251 1270 5325 594,
1303 5251 1396 5325 ubi
1425 5251 1582 5305 docet
1613 5251 1768 5308 Basi-

202 5324 308 5377 lius
343 5323 606 5392 Spiritum
635 5331 884 5380 sanctum
917 5327 987 5381 ab
1027 5322 1212 5380 anima
1249 5323 1588 5376 infructuosa
1613 5338 1769 5377 rece-

199 5392 352 5455 dere,
386 5401 611 5466 tumque
637 5395 832 5466 cadere
859 5411 1033 5464 sepes,
1072 5394 1390 5466 angelorum
1425 5392 1765 5456 custodiam;

197 5471 253 5517 et
283 5464 600 5532 peregrinos
633 5465 864 5524 irruere,
897 5481 1091 5533 nempe
1123 5464 1406 5533 potestates
1436 5471 1768 5533 peccatorum

201 5531 646 5604 circdsc’ientt'am
677 5535 982 5604 eﬂ'ectrices.
1018 5531 1218 5590 Ibidem
1250 5548 1396 5590 unus
1415 5531 1588 5586 codex
1629 5534 1765 5586 κατά

200 5618 287 5671 γε.
323 5601 460 5658 Tres
482 5603 595 5668 alii,
630 5602 685 5656 in
709 5601 796 5658 his
826 5604 1133 5669 Medicaeus,
1158 5607 1402 5658 κατάτε.

273 5671 389 5742 (Ξξὶ)
425 5673 501 5744 [et
529 5672 736 5744 ἐαυτῷ.
763 5675 931 5730 Coisl.
962 5677 1171 5744 primus
1201 5675 1266 5728 τὰ
1298 5679 1354 5728 ἐν
1379 5670 1581 5744 εαυλτῷ.

271 5740 389 5801 (26)
422 5740 548 5796 Τῶν
571 5743 901 5804 ,ϐαναύσων
927 5740 1170 5802 τούτων.
1202 5744 1258 5801 Id
1280 5753 1384 5812 est,
1419 5740 1766 5800 illiberalium

1875 1888 2042 1942 veluti
2083 1889 2210 1944 vitae
2247 1891 2614 1958 conditiones,
2655 1897 2990 1966 totidemque
3019 1899 3216 1952 mentis
3245 1907 3452 1955 nostra:

1875 1978 2250 2046 operationes.
2280 1979 2375 2036 Vel
2407 1983 2552 2037 enim
2580 2000 2748 2054 prava
2782 1994 2912 2041 sunt
2939 1989 3120 2042 studia
3148 1999 3359 2054 nostra,
3385 2005 3450 2043 ac

1875 2073 2032 2141 pravi
2067 2081 2275 2128 nostrae
2301 2075 2558 2131 videlicet
2588 2079 2788 2134 mentis
2819 2090 3033 2146 motus;
3067 2090 3128 2136 ut
3156 2082 3447 2147 adulteria,

1876 2164 2021 2219 furta
2040 2207 2054 2232 ,
2092 2167 2402 2222 idololatria
2423 2208 2437 2233 ,
2464 2171 2771 2237 calumniae,
2806 2173 2971 2237 rimi,
3003 2174 3116 2238 ir:e,
3143 2176 3453 2230 contentio-

1874 2273 1995 2320 nes,
2021 2259 2189 2314 animi
2217 2268 2420 2328 tumor,
2455 2269 2510 2316 et
2538 2278 2879 2333 quaecunque
2904 2266 3049 2321 inter
3075 2281 3238 2336 opera
3265 2269 3453 2322 carnis

1873 2348 2160 2416 apostolus
2192 2348 2396 2404 Paulus
2441 2353 2718 2407 recensuit
2749 2353 2815 2408 “.
2847 2352 2944 2409 Vel
2990 2357 3168 2410 media
3200 2357 3450 2426 quaedam

1873 2445 1958 2492 est
2006 2440 2210 2496 mentis
2258 2443 2543 2512 operatio,
2586 2460 2689 2498 nec
2730 2444 3107 2500 damnandum
3148 2447 3450 2516 quidquam

1871 2529 2084 2586 habens
2117 2547 2218 2588 nec
2244 2534 2543 2598 laudabile,
2570 2537 2718 2591 velut
2751 2538 2951 2590 artium
2984 2539 3228 2607 cognitio
3251 2547 3304 2594 et
3334 2555 3455 2610 per-

1872 2623 2075 2693 ceptio,
2121 2638 2260 2695 quas
2305 2627 2562 2682 videlicet
2589 2628 2800 2682 medias
2849 2640 2904 2682 et
2951 2628 3323 2686 indili'erentes
3359 2646 3454 2684 vo-

1870 2727 2096 2775 camus.
2127 2731 2230 2770 nec
2270 2717 2336 2770 ad
2370 2717 2628 2772 virtutem
2660 2733 2765 2773 nec
2794 2719 2862 2772 ad
2903 2719 3097 2774 vitium
3141 2736 3205 2774 ex
3252 2723 3452 2793 seipsis

1874 2807 2299 2875 propendentes.
2347 2806 2560 2879 Ecquid
2600 2812 2746 2864 enim
2780 2812 2909 2864 mali
2945 2811 3107 2866 habet
3135 2829 3225 2869 ars
3252 2816 3455 2884 guber-

1871 2897 2040 2952 nandi
2091 2909 2188 2953 aut
2245 2899 2549 2954 medendi?
2597 2900 2785 2970 Neque
2843 2903 3006 2957 etiam
3062 2902 3195 2972 ipsa:
3235 2919 3333 2973 per
3391 2920 3453 2960 se

1872 2998 2003 3046 sunt
2037 2990 2288 3055 virtutes,
2323 2992 2421 3047 sed
2450 3008 2516 3047 ex
2547 2993 2814 3047 utentium
2848 2995 3131 3064 proposito
3154 2995 3220 3048 ad
3249 3005 3456 3049 utram-

1877 3081 1957 3136 vis
2013 3082 2394 3150 oppositorum
2451 3091 2661 3151 partem
2716 3083 3032 3140 deﬂectunt.
3087 3084 3221 3150 Quae
3269 3095 3452 3142 autem

1880 3169 2120 3239 Spiritus
2151 3170 2420 3225 divinitati
2455 3187 2614 3226 mens
2638 3172 3004 3242 immiscetur,
3036 3189 3099 3229 ea
3122 3175 3234 3244 jam
3259 3191 3456 3246 specu-

1878 3261 2023 3314 latur
2067 3275 2296 3331 magna,
2339 3261 2669 3333 divinasqtte
2711 3264 2958 3320 intuetur
2996 3266 3452 3336 pulchritudines,

1875 3361 2139 3421 quantum
2186 3355 2406 3424 quidem
2459 3356 2636 3426 gratia
2685 3357 2950 3428 impertit,
2989 3357 3271 3430 ipsiusque
3308 3361 3453 3431 capit

1876 3445 2222 3500 constitutio.

1949 3706 2003 3761 2.
2044 3707 2494 3773 Quare,omissis
2538 3708 2646 3763 illis
2689 3707 2990 3764 dialecticis
3034 3712 3450 3780 quzestionibus,

1877 3815 1987 3853 non
2033 3801 2294 3865 subdole,
2341 3801 2434 3854 sed
2465 3800 2554 3870 pie
2581 3802 2891 3869 expendant
2925 3805 3226 3857 veritatem.
3257 3803 3449 3858 Datum

1878 3890 2042 3946 nobis
2073 3898 2158 3944 est
2204 3888 2702 3959 mentisjudicium
2750 3890 2817 3943 ad
2849 3892 3095 3945 veritatis
3147 3891 3449 3963 intelligen-

1876 3981 2035 4036 tiam.
2087 3983 2187 4037 Est
2234 3989 2418 4034 autem
2456 3981 2575 4051 ipsa
2612 3981 2821 4036 veritas
2853 3980 2996 4037 Deus
3029 3993 3234 4038 noster.
3287 3983 3450 4039 Menti

1876 4075 2063 4144 itaque
2093 4075 2431 4145 praecipuum
2455 4090 2519 4130 ac
2547 4075 2870 4144 primarium
2895 4083 2979 4130 est
3001 4073 3172 4130 Deum
3199 4085 3449 4132 nostrum

1877 4181 2248 4238 cognoscere;
2281 4181 2620 4238 cognoscere
2654 4173 2836 4221 autem
2880 4175 3146 4238 quantum
3190 4169 3451 4239 cognosci

1875 4483 2094 4538 illarum
2126 4485 2342 4536 artium.
2381 4481 2437 4536 Si
2476 4484 2601 4554 quis
2633 4483 2834 4538 faveret
2864 4498 2968 4539 ms.
2999 4485 3194 4547 codex,
3224 4486 3452 4542 libenter

1877 4556 2246 4624 eliminassem
2282 4555 2395 4607 haec
2427 4555 2611 4624 verba,
2644 4570 2765 4624 qua:
2794 4557 2980 4624 spuria
3007 4571 3131 4611 esse
3154 4556 3335 4612 nullus
3355 4558 3452 4610 du-

1879 4624 2013 4686 bito,
2047 4632 2100 4694 et
2134 4623 2337 4694 idcirco
2365 4624 2417 4678 in
2451 4622 3127 4694 Latinafinterpretatione
3148 4626 3449 4680 omittemla

1877 4708 1999 4748 esse
2040 4692 2193 4746 duxi.
2235 4692 2426 4747 Totam
2470 4695 2614 4748 enim
2650 4692 2838 4748 Basilii
2875 4696 3198 4749 sententiam
3229 4698 3448 4763 penitus

1877 4763 2205 4826 deformant,
2237 4779 2358 4831 quae
2390 4778 2514 4834 cum
2550 4771 2696 4819 artes
2721 4765 3016 4834 generatim
3044 4765 3445 4831 complectitur,

1876 4833 2153 4886 immerito
2185 4833 2530 4887 illiheralium
2562 4833 2756 4886 artium
2790 4835 3058 4902 angustiis
3081 4842 3425 4887 coerceretur

1877 4902 2145 4973 Praeterea
2192 4903 2398 4972 profert
2443 4902 2678 4958 Basilius
2725 4904 2955 4972 exempli
2993 4904 3112 4956 loco
3143 4910 3312 4956 artem
3347 4920 3449 4973 gu-

1877 4972 2160 5044 bernandi
2194 4982 2246 5026 ct
2286 4973 2642 5044 medicinam,
2676 4989 2812 5043 quas
2847 4974 3144 5027 absurdum
3191 4974 3285 5044 sit
3308 4972 3449 5044 inter

1877 5051 2022 5111 artes
2069 5042 2361 5097 illiberalcs
2415 5042 2719 5106 numerare,
2762 5043 3060 5111 praesertim
3097 5042 3442 5096 medicinam.

1879 5109 2031 5165 Hanc
2063 5123 2234 5180 artem
2283 5113 2399 5177 ipse
2435 5112 2670 5166 Basilius
2719 5109 2962 5180 apprime
3011 5112 3265 5174 callebat,
3308 5121 3446 5165 teste

1876 5181 2140 5250 Gregorio
2173 5179 2487 5244 Naz.,orat.
2528 5199 2618 5244 xx,
2653 5179 2932 5251 pag.’555.
2967 5181 3165 5246 Quanti
3207 5181 3446 5236 medicos

1878 5252 2103 5313 faceret,
2130 5252 2364 5320 perspici
2395 5260 2570 5320 potest
2589 5268 2653 5306 ex
2681 5251 2841 5320 epist.
2872 5251 2978 5308 189
3000 5251 3068 5303 ad
3100 5251 3446 5320 Eustachium

1877 5322 2232 5382 archiatrum,
2260 5319 2348 5374 ubi
2373 5319 2628 5376 assentiri
2645 5337 2703 5375 se
2720 5319 3004 5390 proﬁtetur
3024 5322 3111 5384 iis,
3143 5319 3235 5390 qui
3266 5322 3447 5374 omni-

1878 5395 1978 5446 bus
2010 5391 2193 5455 rebus,
2241 5405 2364 5459 quae
2409 5391 2627 5459 quidem
2668 5392 2723 5444 in
2770 5393 2877 5444 vita
2921 5391 3105 5444 studio
3148 5390 3443 5454 habentur,

1876 5463 2212 5582 mediegrum
2245 5461 2528 5515 scientiam
2570 5469 2924 5530 anteponunt.
2974 5459 3106 5516 Vide
3146 5461 3306 5528 epist.
3349 5459 3443 5521 ει,

1876 5548 2028 5582 IIUIII.
2095 5572 2106 5582 .

1875 5548 2028 5586 llUIll.
2058 5548 2106 5584 'l.

1931 5601 2059 5688 '(27)
2092 5598 2506 5669 Κεχρημένων.
2541 5599 2618 5654 Ita
2664 5599 2852 5655 decem
2895 5615 3029 5655 mss.
3068 5598 3212 5654 Editi
3242 5616 3445 5673 κεκτη-

1879 5689 2072 5724 ιιενων.

1946 5740 2060 5812 (28)
2110 5738 2440 5793 Ἐνδίόωσι.
2484 5738 2769 5797 Medicaeus
2798 5739 2965 5796 codex
2999 5737 3198 5794 δίδωσι.
