3900 6208
467 331 572 388 ⁵567

1786 333 1844 388 S.
1885 329 2133 387 BASiLII
2174 328 2389 386 MAGNI
3589 316 3674 371 868

466 461 647 525 potest
677 454 886 511 infinita
919 455 1179 526 maiestas
1221 470 1253 509 a
1295 453 1642 511 tenuissimo.
1679 453 1868 525 Neque
1895 457 2040 509 enim

2162 454 2367 508 ἰυνατδν
2398 451 2758 524 γνωρίζεσθαι
2788 448 2880 503 τὸν
2913 443 3316 518 ἀπειρομεγέθη
3348 441 3450 494 ὑπὸ
3483 437 3568 493 τοῦ
3608 457 3658 508 μι

466 556 754 616 propterea
799 545 946 618 quod
976 548 1119 602 oculi
1150 548 1218 603 ad
1247 563 1337 603 res
1376 546 1625 602 visibiles
1665 545 2042 616 percipiendas

469 638 837 702 destinantur,
872 639 996 694 ideo
1038 640 1150 709 jam
1201 654 1291 694 res
1325 653 1517 693 omnes
1548 637 1792 693 visibiles
1841 637 2044 692 cadunt

471 732 528 786 in
559 740 934 802 conspectum.
966 729 1085 786 Non
1109 731 1257 786 enim
1286 730 1414 786 caeli
1442 730 1907 799 hmmisphaarium
1936 744 2045 784 uno

472 825 662 878 obtutu
686 823 1048 893 conspicitur,
1083 823 1178 878 sed
1213 823 1429 891 objecta
1467 822 1685 892 quidem
1717 822 1892 877 oculis
1915 836 2044 891 spe-

472 916 556 971 cie
604 932 703 971 nos
748 916 1101 978 circumstat,
1133 923 1187 969 at
1218 916 1402 986 reipsa
1434 916 1626 978 multa,
1662 922 1723 969 ut
1766 930 1835 969 ne
1864 914 2043 969 dicam

472 1010 652 1062 omnia
672 1050 685 1071 ,
730 1008 785 1062 in
817 1009 937 1079 ipse
968 1011 1290 1079 ignorantur
1324 1027 1337 1063 :
1368 1009 1651 1064 stellarum
1679 1016 1910 1072 natura,
1949 1021 2045 1061 ea—

473 1117 591 1154 rum
625 1103 962 1173 magnitudo,
988 1103 1273 1165 distantia,
1300 1111 1505 1165 motus,
1529 1115 1856 1165 concursus,
1875 1100 2048 1155 decli-

472 1194 758 1256 nationes,
805 1194 1159 1251 habitudines
1205 1196 1491 1266 reliquiaa,
1552 1196 1670 1267 ipsa
1722 1194 2046 1249 ﬁrmamenti

473 1296 691 1351 natura,
739 1288 969 1342 altitudo
1012 1304 1135 1358 quae
1162 1305 1220 1345 se
1246 1305 1282 1344 a
1323 1305 1562 1345 concava
1601 1286 2047 1344 circumferentia

470 1379 537 1432 ad
569 1396 746 1449 usq-ue
777 1395 1074 1436 convexam
1110 1383 1456 1453 superficiem
1500 1383 1766 1438 extendit.
1808 1380 1928 1435 Non
1965 1389 2050 1433 ta-

473 1488 596 1526 men
635 1472 932 1527 dixerimus
960 1475 1160 1529 cmlum
1205 1490 1327 1530 esse
1375 1473 1674 1537 invisibile,
1721 1473 1881 1527 ob’ea
1925 1486 2048 1541 quae

474 1565 833 1634 ignorantur:
857 1566 949 1621 sed
982 1567 1216 1645 visibile,
1245 1568 1313 1621 ob
1343 1574 1515 1637 pauca
1544 1582 1665 1636 quae
1691 1568 1744 1620 in
1770 1582 1834 1620 eo
1855 1581 2049 1635 cogno-

475 1666 722 1711 scuntur.
752 1657 827 1712 Ita
849 1665 903 1713 et
925 1658 991 1714 de
1014 1658 1144 1713 Deo.
1171 1658 1227 1713 Si
1253 1659 1517 1715 labefacta
1543 1647 1628 1715 est
1651 1674 1679 1712 a
1705 1659 2048 1713 dzemonilms

475 1765 650 1813 mens,
678 1749 839 1820 357
885 1751 1181 1805 simulacra
1212 1752 1376 1813 colet,
1405 1761 1498 1825 aut
1528 1752 1583 1804 in
1617 1751 1776 1803 aliam
1809 1750 2046 1819 aliquam

2144 548 2432 618 κροτάτου.
2470 544 2605 598 Οὐδὲ
2639 543 2769 615 γὰρ,
2804 540 2993 608 ἐπειδὴ
3023 536 3291 607 ὀφθαλμοὶ
3325 535 3402 595 εἰς
3443 528 3677 618 κατανὸηξ

2147 615 2232 692 σιν
2249 637 2357 690 τῶν
2378 635 2589 707 ὁρατῶν
2615 635 2722 687 εἰσι
2748 630 3092 700 τεταγμένοι,
3122 626 3222 697 ἤδη
3247 624 3424 678 πάντα
3453 620 3518 672 τὰ
3540 615 3680 688 ὁρατὰ

2146 730 2252 783 ὑπὸ
2281 728 2380 800 τὴν
2426 727 2549 796 ὄψιν
2589 726 2799 794 ἄγεται.
2833 721 2968 776 Οὐδὲ
3000 719 3110 789 γὰρ
3142 717 3202 770 τὸ
3231 713 3570 785 ἡμισφαίριον
3604 707 3679 759 τοῦ

2146 820 2375 894 οὐρανοῦ
2428 822 2487 873 ὲν
2536 820 2634 890 μιᾷ
2673 819 2812 888 ῥοπῇ
2861 813 2970 882 (29)
3032 810 3354 880 καθορᾶται,
3403 804 3533 858 ἀλλὰ
3571 818 3682 894 φαν-

2146 892 2310 967 τασία
2361 911 2458 982 μὲν
2504 909 2680 979 ὄψεως
2722 908 2869 978 ἡμᾶς
2906 902 3277 974 περιίσταται,
3327 895 3469 951 κατά
3506 894 3557 947 δὲ
3604 892 3683 964 τὴν

2146 1005 2404 1074 ἀλήθειαν
2439 1001 2630 1063 πολλὰ,
2666 1001 2753 1067 ἵνα
2790 997 2863 1068 μὴ
2893 998 3070 1052 πάντα
3115 994 3277 1053 εἴπω,
3306 991 3451 1043 ἔστιν
3482 989 3533 1039 ὲν
3563 983 3685 1054 αὐτῷ

2147 1096 2215 1149 τὰ
2263 1092 2631 1163 ἀγνοούμενα·
2683 1090 2929 1160 ἀστέρων
2980 1086 3142 1156 φύσις
3190 1083 3327 1153 (50),
3364 1076 3559 1149 μεγέθη
3586 1074 3685 1129 τού-

2148 1206 2275 1250 των,
2311 1186 2675 1257 διαστήματα,
2713 1183 2974 1251 κινήσεις,
3018 1173 3335 1248 συνδρομαὶ,
3375 1169 3684 1229 ἀποστάσεις,

2148 1282 2205 1334 αἱ
2238 1280 2423 1332 λοιπαὶ
2463 1276 2698 1346 σχέσεις,
2737 1272 2875 1344 αὑτὴ
2907 1273 2939 1339 ἡ
2985 1269 3141 1322 οὐσία
3178 1264 3273 1319 τοῦ
3321 1259 3687 1334 περεὼματος,

2147 1365 2208 1417 τὸ
2264 1364 2425 1434 βάθος
2463 1364 2524 1417 τὸ
2572 1362 2680 1415 ἀπὸ
2723 1360 2822 1430 τῆς
2875 1357 3064 1427 κοίλης
3110 1352 3463 1426 περιφερείας
3492 1348 3577 1401 ἐπὶ
3610 1347 3690 1417 τὴν

2150 1457 2352 1528 κυρτὴν
2381 1454 2718 1523 ἐπιφάνειαν,
2767 1450 2907 1507 Ἀλλ’
2940 1451 3087 1519 ὅμως
3117 1448 3218 1500 οῦκ
3248 1445 3315 1498 ἂν
3346 1443 3588 1511 εἴποιμεν
3615 1440 3691 1491 ἀό-

2153 1569 2313 1622 ρατον
2359 1544 2499 1601 εἶναι
2531 1546 2624 1599 τὸν
2669 1542 2896 1616 οὐρανὸν
2942 1541 3029 1594 διὰ
3077 1539 3145 1593 τὰ
3196 1534 3551 1607 ἀγνοούμενα,
3598 1532 3692 1586 ἀλλ’

2149 1646 2341 1719 ὁρατὸν
2380 1643 2470 1698 διὰ
2493 1644 2594 1714 τὴν
2628 1641 2853 1714 μετρίαν
2895 1639 3059 1693 αὐτοῦ
3099 1635 3451 1703 κατανόησιν.
3482 1628 3623 1683 Οῦτω
3643 1623 3695 1693 δὴ

2150 1737 2245 1789 καὶ
2274 1736 2402 1806 περὶ
2446 1734 2600 1787 Θεοῦ.
2636 1734 2699 1785 Ei
2734 1733 2833 1802 μὲν
2865 1728 3239 1801 βεδλαμμὲνος
3272 1727 3426 1779 ἐστὶν
3469 1722 3569 1776 ὑπὸ
3601 1719 3696 1806 dat-

475 1841 710 1911 speciem
769 1842 1069 1911 impietatis
1119 1818 1559 1898 abducetur.‘Si
1627 1858 1756 1897 vero
1808 1839 2049 1911 Spiritus

2162 1827 2331 1897 μόνων
2348 1803 2391 1876 ’ὁ
2418 1822 2564 1885 νοῦς,
2595 1821 3063 1891 είδωλολατρήσει,
3090 1819 3122 1888 ἤ
3171 1817 3308 1886 πρὸς
3338 1814 3473 1866 ἄλλο
3499 1829 3548 1911 τι
3584 1803 3699 1870 5B0;

475 1950 596 1989 sese
626 1934 839 1988 dederit
885 1935 1111 1999 auxilio,
1143 1935 1435 1990 veritatem
1462 1922 1751 2004 intelliget;
1783 1940 1837 1986 et
1880 1930 2046 1986 Deum

473 2035 785 2092 cognoscet.
811 2024 1121 2095 Cognoscct
1167 2034 1373 2089 autem,
1404 2033 1464 2078 ut
1511 2026 1588 2078 ait
1632 2020 1951 2093 Apostolus.
1983 2037 2049 2076 ex

474 2127 649 2188 parte,
694 2119 790 2173 sed
820 2119 879 2173 in
912 2118 1094 2174 futura
1136 2122 1242 2174 vita
1274 2118 1605 2191 perfectius;
1638 2117 1772 2174 Cum
1808 2117 1945 2171 enim
1972 2102 2054 2171 ue-

473 2210 608 2263 nerit
643 2208 781 2279 quod
819 2209 1108 2280 perfectum
1150 2219 1248 2273 est,
1280 2211 1622 2264 evacuabitur
1646 2209 1786 2280 quod
1811 2223 1876 2262 ex.
1905 2216 2055 2276 parte

472 2310 551 2353 est
599 2301 666 2354 “.
726 2300 998 2367 Quocirca
1062 2308 1118 2356 et
1170 2302 1312 2355 bona
1371 2309 1457 2356 est
1515 2302 1716 2355 mentis
1767 2298 2050 2369 judicandi

474 2391 729 2459 facultas,
761 2400 815 2448 et
844 2393 910 2447 ad
944 2393 1107 2448 ﬁnem
1136 2392 1355 2458 utilem,
1389 2392 1485 2448 Dei
1512 2392 1907 2464 cognitionem,
1940 2397 2054 2445 ten-

474 2481 578 2539 dit.
605 2483 700 2538 sed
733 2494 918 2540 tamen
956 2492 1175 2539 tantum
1209 2492 1490 2554 operatur,
1524 2490 1791 2555 quantum
1829 2481 2051 2552 assequi

475 2584 675 2647 potest.

890 2775 1233 2832 EPISTOLA
1271 2766 1631 2834 CCXXXIV".

2151 1915 2406 1977 ἀσεϐείας
2451 1913 2975 1984 παρατραπήσεται’
3010 1912 3060 1963 εί
3090 1910 3147 1962 δὲ
3175 1910 3241 1979 τῇ
3284 1905 3383 1960 τοῦ
3419 1902 3698 1971 Πνεῦματος

2153 2008 2344 2063 ἑαυτὸν
2394 2005 2688 2060 ἐπιδέδωκε
2736 2002 2978 2074 βοηθείᾳ,
3007 2002 3107 2071 τὴν
3153 1998 3415 2070 ἀλήθειαν
3454 1993 3698 2064 γνωρίσει.

2155 2102 2247 2154 καὶ
2281 2099 2413 2153 Θεὸν
2458 2094 2821 2164 ἐπιγνώσεται
2852 2095 2985 2165 (51).
3031 2091 3432 2161 Ἐπιγνώσεται
3472 2088 3546 2149 δὲ,
3577 2086 3643 2147 ὡς
3676 2084 3700 2134 ὁ

2166 2192 2485 2254 Ἀπόστολος
2521 2185 2697 2252 εἶπεν,
2725 2191 2789 2242 ὲκ
2833 2187 3059 2260 μέρουςο
3091 2188 3148 2239 ὲν
3178 2185 3236 2238 δὲ
3274 2186 3338 2254 τῇ
3386 2179 3524 2252 μετὰ
3557 2176 3700 2232 ταῦτα

2156 2285 2268 2356 ζ’ωῇ
2305 2282 2662 2353 τελεώτερονο
2711 2281 2891 2335 Ὅταν
2932 2280 3044 2349 γὰρ
3083 2278 3232 2344 ἔλθῃ
3265 2274 3332 2329 τὸ
3379 2273 3619 2329 τέλειον,
3648 2266 3703 2320 to

2152 2379 2223 2433 ἐκ
2249 2376 2472 2446 μέρους
2500 2372 3017 2445 καταργηθήσεται
3051 2370 3185 2442 (52).
3230 2368 3400 2420 Ὥστε
3433 2365 3526 2419 καὶ
3568 2359 3704 2415 καλὸν

2153 2468 2248 2522 τοῦ
2291 2469 2383 2522 νοῦ
2426 2469 2489 2521 τὸ
2539 2467 2851 2539 κριτήριον,
2898 2463 2993 2517 καὶ
3032 2461 3168 2534 πρὸς
3210 2459 3516 2531 εὔχρηστον
3557 2454 3704 2513 τέλος.

2155 2561 2253 2632 τὴν
2278 2559 2413 2614 Θεοῦ
2444 2558 2790 2630 κατανόησιν,
2816 2556 3118 2626 δεδομένον,
3149 2552 3412 2624 ἐνεργοῦν
3443 2549 3613 2622 μέντοι
3637 2561 3707 2598 το-

2157 2654 2344 2709 σοῦτον
2372 2655 2495 2708 ὅσον
2530 2652 2681 2722 αὐτῷ
2707 2650 2975 2722 χωρητόν.

2660 2765 3007 2822 ΕΠΙΣΤΟΛΗ
3043 2765 3204 2821 ΣΛΔ’.

966 2895 1218 2961 Refcllitur
1239 2901 1580 2948 Anumaeorum
1605 2895 1846 2948 cavillatio
1865 2893 2201 2956 mcwremium,
2225 2890 2413 2944 Colisne
2434 2888 2562 2956 quod
2580 2887 2723 2951 nosti,
2745 2901 2809 2938 an
2826 2886 2956 2953 quod
2980 2883 3213 2952 ignoras?

675 3002 862 3059 Eidem
896 3004 966 3057 ad
994 3005 1160 3058 aliam
1184 3005 1524 3074 quwslionem
1555 3005 1846 3074 responsio.

546 3115 599 3170 l.
642 3115 800 3182 Quod
849 3117 995 3172 nosti
1034 3117 1205 3181 colis,
1252 3133 1321 3172 an
1370 3117 1516 3187 quod
1566 3117 1827 3188 ignoras?
1865 3114 1921 3170 Si
1965 3131 2052 3170 re-

474 3208 809 3277 Spondemus
837 3226 851 3262 :
884 3207 1037 3274 Quod
1067 3210 1470 3280 cognoscimus,
1505 3208 1608 3263 hoc
1640 3207 1910 3275 colimus;
1944 3206 2054 3260 cito

475 3300 547 3354 ab
596 3298 709 3355 illis
760 3301 1070 3353 occurritur
1107 3318 1122 3354 :
1156 3302 1418 3366 Quaenam
1477 3308 1562 3355 est
1612 3300 1851 3355 essentia
1907 3298 2055 3354 illius

476 3390 623 3460 quod
661 3391 875 3446 colitis?
905 3390 1060 3456 Quod
1091 3392 1134 3446 si
1168 3407 1271 3447 nos
1294 3392 1550 3461 ignorare
1573 3390 1844 3445 fateamus
1873 3405 2058 3445 essen-

472 3482 637 3545 tiam,
694 3488 1015 3551 retorquent
1073 3481 1254 3536 denuo
1298 3501 1310 3536 :
1349 3480 1518 3552 Igitur
1557 3480 1703 3550 quod
1754 3480 2053 3551 ignoratis,

478 3571 582 3626 hoc
619 3570 817 3626 colitis.
868 3569 982 3627 Nos
1013 3585 1143 3626 vero
1189 3570 1426 3626 dicimus
1458 3570 1593 3625 illud
1623 3571 1759 3624 scire
1790 3570 2054 3640 multipli-

477 3678 594 3717 cem
641 3663 842 3719 habere
885 3665 1236 3718 sententiam.
1270 3663 1406 3718 Nam
1437 3664 1673 3719 dicimus
1700 3679 1730 3717 a
1758 3664 1918 3719 nobis
1957 3678 2052 3720 co-

478 3756 669 3825 gnosci
718 3755 1057 3826 majestatem
1097 3755 1228 3823 Dei,
1264 3768 1316 3812 et
1353 3757 1683 3827 potentiam,
1734 3764 1789 3811 et
1839 3757 2060 3826 sapien-

477 3847 634 3913 tiam,
660 3852 714 3902 et
758 3836 1092 3911 bonitatem,
1144 3858 1198 3902 et
1246 3847 1673 3918 providentiam,
1726 3861 1834 3917 qua
1885 3846 2060 3901 nostri

478 3950 665 3990 curam
698 3937 864 4008 gerit,
899 3943 949 3993 et
981 3937 1253 4006 justitiam
1286 3937 1433 3992 illius
1462 3936 1693 4007 iudicii;
1733 3951 1842 3991 non
1882 3935 2055 4006 ipsam

479 4028 798 4084 essentiam.
842 4027 1028 4099 Itaque
1073 4028 1320 4098 captiosa
1357 4028 1731 4098 interrogatio.
1760 4025 1879 4080 Non
1909 4025 2059 4080 enim

480 4120 574 4189 qui
618 4135 677 4175 se
716 4121 1008 4175 essentiam
1042 4136 1151 4175 non
1181 4136 1347 4176 nosse
1378 4120 1534 4183 dicit,
1570 4118 1859 4174 confessus
1883 4125 1973 4174 est
2003 4132 2062 4173 se

481 4211 653 4266 Deum
700 4211 952 4281 ignorare
974 4252 988 4275 ,
1036 4226 1159 4266 cum
1190 4227 1255 4267 ex
1292 4212 1479 4266 multis
1511 4225 1634 4280 quae
1677 4209 2056 4264 recensuimus

482 4305 771 4374 colligatur
816 4304 976 4359 nobis
1011 4302 1106 4358 Dei
1143 4303 1314 4358 notio.
1353 4300 1461 4358 Sed
1489 4301 1654 4369 Deus,
1688 4301 1884 4372 inquit,
1930 4301 2062 4356 sim-

484 4396 607 4465 plex
632 4402 737 4459 est,
773 4400 827 4449 et
851 4393 1118 4464 quidquid
1143 4393 1197 4447 in
1230 4394 1349 4463 ipso
1383 4392 1728 4448 recensucris
1749 4408 1847 4447 ceu
1870 4399 2062 4445 notum

484 4495 539 4542 et
569 4486 845 4556 cognitum
868 4524 883 4548 ,
912 4484 985 4539 ad
1026 4485 1323 4541 essentiam
1358 4484 1578 4540 attinet.
1618 4482 1731 4539 Hoc
1762 4483 1940 4553 ipsum
1973 4497 2066 4536 so-

484 4579 699 4650 phisma
730 4586 849 4640 est,
888 4576 1195 4632 innumeris
1230 4577 1454 4647 ineptiis
1486 4576 1772 4631 refertum.
1811 4576 1949 4631 Cum
1982 4583 2066 4629 tot

484 4678 539 4724 et
566 4679 716 4725 tanta
750 4669 863 4726 sint
881 4685 1001 4740 qua:
1023 4668 1491 4731 enumeravimus,
1531 4676 1714 4723 utrum
1736 4667 1854 4723 haec
1876 4667 2065 4722 omnia

484 4763 739 4819 essentiae
766 4763 931 4816 unius
960 4766 1091 4816 sunt
1131 4758 1377 4825 nomina,
1411 4757 1667 4830 idemque
1698 4758 1843 4815 inter
1881 4775 1945 4816 se
1966 4774 2065 4815 va-

559 4917 605 4951 “
639 4915 806 4971 lCor.
830 4931 931 4971 xm
986 4915 1044 4971 9.

562 5055 581 5076 θ
613 5050 763 5104 Alias
792 5048 901 5104 CD.
931 5048 1148 5115 Scripta
1179 5060 1324 5100 anno
1347 5046 1475 5100 ⁸576.

559 5121 672 5190 (29)
724 5119 828 5173 Ἐν
863 5117 971 5188 μιᾷ
999 5112 1183 5186 ponii.
1226 5116 1358 5187 Reg.
1408 5112 1684 5172 secundus
1731 5116 1789 5168 ὲν
1838 5117 1937 5187 μιᾷ
1967 5113 2061 5170 τοῦ

489 5190 719 5263 οὐρανοῦ
756 5192 917 5263 ρρπῆο
972 5234 977 5241 η

563 5254 676 5331 (50)
719 5254 928 5331 diem}.
973 5257 1145 5314 Coisl.
1190 5266 1417 5328 uterque
1459 5270 1583 5311 cum
1623 5254 1837 5311 duobus
1880 5254 2063 5326 Regiis

492 5329 696 5386 habent
728 5329 963 5400 cpticretg._
1198 5356 1272 5400 -ε

568 5402 678 5469 (51)
723 5395 1164 5470 Ἐπιτνώσεται.
1197 5397 1338 5451 Edili
1363 5396 1450 5470 bis
1473 5396 1673 5451 habent
1702 5395 2064 5465 ἐπιγινώσκε-

494 5487 606 5524 ται.
640 5468 770 5527 Mss.
794 5468 1028 5539 utroque
1046 5471 1175 5539 loco
1197 5468 1577 5539 ὲπιγνῴσεται.

570 5541 680 5609 (52)
712 5533 1251 5609 Καταργὴθήσεται.
1280 5533 1573 5593 Medicaeus
1600 5533 1768 5592 codex
1797 5537 2068 5608 καταργή-

500 5628 670 5665 σεται.
722 5656 727 5660 .

569 5680 679 5747 (33)
714 5678 797 5744 Τῷ
819 5679 998 5744 αὐτῷ.
1032 5686 1140 5733 etc.
1176 5678 1329 5733 llunc
1357 5679 1573 5747 titulum
1608 5692 1859 5733 eruimus
1885 5692 1949 5731 ex
1975 5691 2070 5729 eo-

382 5824 391 5835 ε
496 5746 712 5806 dicibus
762 5749 924 5815 Med,
978 5748 1147 5807 Coisl.
1190 5751 1431 5805 secnndo
1507 5746 1790 5803 Vaticano.
1848 5754 1901 5802 et
1948 5747 2068 5801 aliis

2387 2994 2471 3062 Τῷ
2511 2992 2673 3060 αὐτῷ
2713 2992 2821 3063 (33)
2849 2992 2998 3062 πρὸς
3030 2991 3185 3046 ἄλλο
3214 2990 3509 3061 ἐρώτημα.

2228 3111 2279 3166 1.
2328 3112 2392 3165 Ὃ
2434 3105 2605 3172 οἶδας,
2641 3108 2854 3173 σέϐειςς
2894 3108 2926 3179 ἦ
2964 3107 2993 3160 ὃ
3035 3109 3290 3175 ἀγνοεῖς;
3332 3107 3465 3159 Ἐὰν
3509 3109 3709 3174 ἀποκρι-

2155 3203 2394 3274 νώμεθα,
2446 3204 2512 3255 ’0
2545 3201 2764 3272 οἴδαμεν
2794 3200 2927 3271 (54).
2959 3200 3119 3254 τοῦτο
3153 3199 3601 3271 προσκυνοῦμεν,
3635 3215 3712 3249 τα·

2156 3299 2279 3367 χεῖα
2313 3293 2443 3364 παρ’
2476 3293 2653 3346 αὐτῶν
2682 3294 2714 3364 ή
2746 3293 3071 3363 ἀπάντησις,
3101 3292 3198 3355 Τίς
3228 3293 3260 3363 ἡ
3287 3291 3453 3345 οὐσία
3498 3289 3604 3360 (55)
3635 3283 3711 3339 τοῦ

2157 3382 2676 3456 προσκυνουμένους
2746 3381 2872 3435 Ἐὰν
2923 3382 2982 3436 δὲ
3042 3383 3259 3451 ἀγνοεῖν
3315 3382 3713 3452 ὁμολογήσωμεν

2156 3477 2255 3549 τὴν
2279 3476 2487 3540 οὐσίαν,
2522 3474 2683 3529 πάλιν
2709 3477 2839 3546 ἡμῖν
2874 3474 3304 3548 περιτρέψαντες
3346 3474 3612 3543 λέγουσιν,
3649 3472 3714 3522 ὅτι

2160 3568 2368 3623 Οὐκοῦν
2408 3567 2438 3621 ὃ
2480 3567 2580 3620 οὐκ
2623 3565 2801 3619 οἴδατε
2848 3570 3225 3638 προσκυνεῖτε.
3278 3566 3476 3636 Ἡμεῖς
3507 3565 3563 3618 δὲ
3589 3562 3717 3629 λέγο-

2163 3677 2263 3732 μεν
2301 3658 2436 3729 (56),
2477 3660 2559 3713 ὅτι
2594 3658 2655 3713 τὸ
2692 3658 2914 3712 ειδέναι
2962 3659 3296 3730 πολῦσημον.
3348 3660 3469 3713 Καὶ
3496 3656 3601 3728 γὰρ
3636 3656 3716 3725 τὴν

2164 3750 2560 3823 μεγαλειότητα
2587 3748 2682 3804 τοῦ
2709 3749 2845 3804 Θεοῦ
2870 3749 3068 3804 εἰδέναι
3094 3750 3346 3821 λέγομεν,
3378 3752 3477 3805 καὶ
3515 3751 3609 3821 τὴν
3646 3746 3718 3800 δῦ-

2160 3859 2343 3913 ναμιν,
2372 3845 2467 3896 καὶ
2498 3841 2598 3913 τὴν
2623 3840 2835 3911 σοφίαν,
2867 3844 2961 3895 καὶ
2993 3840 3091 3913 τὴν
3121 3842 3462 3911 ἀγαθότητα,
3508 3841 3597 3893 καὶ
3637 3840 3716 3908 τὴν

2161 3932 2420 4004 πρόνοιαν
2527 3933 2869 4005 ἐπιμελεῖται
2898 3933 3078 4004 ἡμῶν,
3107 3935 3203 3988 καὶ
3239 3935 3302 3987 τὸ
3339 3933 3551 3988 δίκαιον
3578 3927 3716 3986 αὐτοῦ

2160 4027 2260 4098 τῆς
2286 4027 2519 4098 κρίσεως
2541 4042 2555 4056 ·
2594 4026 2695 4079 οὐκ
2732 4027 2902 4096 αὐτὴν
2940 4028 3039 4096 τὴν
3073 4026 3281 4081 οὐσίαν.
3318 4027 3487 4081 Ὥστε
3517 4030 3720 4097 ἐπηρεα-

2165 4119 2325 4191 στικὴ
2355 4122 2388 4190 ἡ
2423 4117 2711 4190 ἐρώτησις.
2743 4120 2819 4171 Οὐ
2845 4119 2954 4189 γὰρ
2993 4121 3022 4172 ὁ
3050 4118 3147 4190 τὴν
3176 4121 3366 4174 οὐσίαν
3406 4120 3483 4191 μὴ
3523 4120 3720 4190 φάσκων

2164 4212 2358 4264 εἰδέναι
2386 4211 2704 4282 ὡμολόγησε
2735 4212 2825 4265 τὸν
2865 4211 2997 4265 Θεὸν
3026 4212 3099 4283 μὴ
3140 4212 3493 4275 ἐπίστασθαι,
3524 4213 3584 4265 ὲκ
3614 4210 3721 4262 πολ-

2094 4348 2137 4403 D
2163 4304 2271 4357 λῶν
2301 4297 2376 4357 ὧν
2407 4304 2910 4376 ἀπηριθμησάμεθα
2937 4305 3310 4375 συναγομένης
3377 4310 3469 4376 μῖν
3490 4304 3586 4376 τῆς
3612 4303 3720 4371 περὶ

2164 4395 2298 4449 Θεοῦ
2343 4395 2572 4461 ἐννοίας.
2620 4396 2760 4451 Ἀλλ’
2794 4396 3017 4461 ἁπλοῦς,
3045 4398 3231 4466 φησιν,
3265 4399 3294 4450 ὁ
3329 4388 3485 4462 Θεὸς,
3514 4399 3602 4451 καὶ
3629 4396 3718 4447 πᾶν

2164 4489 2302 4560 ὅπερ
2348 4488 2414 4543 ἂν
2462 4488 2627 4543 αὑτοῦ
2677 4489 3035 4562 ἀπαριθμήσῃ
3080 4490 3357 4559 γνωστὸν,
3411 4491 3513 4562 τῆς
3558 4486 3721 4547 οὐσίας

2164 4580 2302 4632 ἐστί.
2353 4578 2526 4634 Τοῦτο
2571 4581 2633 4635 δὲ
2677 4581 2916 4653 σόφισμα
2963 4583 3078 4635 ἐστι
3121 4583 3321 4653 μυρίας
3373 4580 3476 4646 τὰς
3522 4581 3721 4639 ἀτοπίας

2166 4670 2308 4741 ἔχον.
2347 4672 2630 4726 Τοσούτων
2664 4672 2770 4727 τῶν
2796 4674 3265 4746 ἀπηριθμημένων
3303 4675 3494 4735 ὄντων,
3521 4673 3723 4743 πότερον

2163 4762 2334 4817 ταῦτα
2368 4764 2544 4818 πάντα
2586 4766 2716 4836 μιᾶς
2760 4765 2948 4832 οὐσίας
2989 4767 3263 4838 ὀνόματα;
3311 4767 3407 4820 καὶ
3443 4764 3723 4833 ίσοδυναμεί

2164 5050 2468 5105 nonnullis.

2239 5120 2348 5188 ('54)
2398 5122 2499 5191 Ὃν
2543 5118 3108 5191 οἷδαμενε-Ουὶηᾳυθ
3152 5120 3375 5191 codices
3415 5119 3721 5191 premittnnt

2166 5189 2269 5252 ὅτι,
2302 5190 2446 5259 quod
2480 5197 2659 5245 tamen
2678 5189 2788 5245 nec
2811 5189 3125 5256 Medicaéus,
3156 5207 3260 5246 nec
3286 5189 3621 5251 Harlinanus,
3640 5204 3721 5241 nec

2166 5261 2538 5315 Coislinianus
2569 5262 2778 5329 primus
2808 5270 3136 5329 agnoscunt.

2207 5399 2219 5415 ,
2239 5330 2367 5467 (ἓῧ),
2389 5330 2486 5452 Ίὲις
2510 5332 2549 5398 ὴ
2569 5327 2782 5385 οὐσία.
2814 5327 3107 5387 Μειιὶειευε
3137 5338 3192 5386 ει
3230 5329 3438 5402 Regius
3472 5327 3719 5387 secundus

2207 5419 2218 5452 ι
2317 5418 2415 5453 ουσ
2439 5418 2495 5453 a.

2167 5417 2218 5453 τι
2252 5417 2284 5453 'n
2317 5417 2495 5453 ουσια.

2240 5471 2350 5539 (56)
2384 5469 2667 5539 Λέτομεν,
2698 5470 2809 5526 ὅτι.
2842 5470 3002 5526 Deest
3027 5470 3161 5526 illud
3191 5472 3274 5525 ὅτι
3309 5471 3364 5525 in
3404 5470 3578 5525 tribus
3601 5480 3713 5539 mss.

2171 5534 2277 5594 non
2312 5534 2724 5596 vetustissimis.
2774 5541 2893 5595 Mox
2929 5542 3061 5596 editi
3102 5542 3300 5596 ειδέναι
3342 5541 3595 5612 δηλονότι.
3640 5534 3716 5592 sed

2170 5613 2638 5735 alicstbpostfema
2677 5628 2777 5668 vox
2826 5613 2893 5666 ab
2933 5613 3337 5683 antiquissimis
3376 5611 3643 5668 Codicibus
3673 5612 3716 5660 et

2174 5698 2205 5735 ο
2232 5696 2309 5734 uri
2358 5698 2421 5735 us
2456 5698 2484 5735 ιι
2512 5698 2598 5735 us.

2174 5696 2421 5751 pluribus
2456 5696 2598 5736 atus.
