3900 6208
244 331 355 389 869

1090 332 1582 393 EPISTOLARUM
1620 334 1904 393 CLASSIS
1942 337 2009 394 Π.
2047 337 2268 397 EPIST.
2309 341 2640 398 CCXXXW.

3409 354 3516 411 870

244 446 501 520 ἀλλήλοις
538 445 600 501 τὸ
643 447 874 521 φοϐερον
914 448 1080 503 αὐτοῦ
1111 452 1208 506 καὶ
1238 451 1300 506 τὸ
1328 453 1731 527 φιλάνθρωπον,
1774 457 1835 511 τὸ

1939 457 2053 513 lent
2082 466 2261 514 terror
2292 459 2443 517 illius
2467 470 2522 517 et
2544 460 2884 533 benignitas,
2908 464 3126 535 iustitia
3153 479 3212 524 et
3244 469 3327 526 vis
3356 486 3515 526 crea-

244 538 457 593 δίκαιον
486 540 582 594 καί¹
619 541 685 595 τὸ
727 541 1138 614 δημιουργικὸν,
1181 544 1243 598 τὸ
1287 549 1693 616 προγνωστικὸν
1736 549 1830 603 καὶ

244 630 313 683 τὸ
342 631 783 698 ἀνταποδοτικὸν,
819 631 882 686 τὸ
908 633 1193 704 μεγαλεῖον
1231 636 1325 689 καὶ
1351 637 1410 690 τὸ
1438 639 1828 709 προνοητικόν;

244 719 281 790 ἢ
328 721 422 774 καὶ
464 721 600 794 ὅπερ
633 721 699 776 ἂν
735 721 945 777 τούτων
974 725 1240 796 εἴπωμεν,
1287 726 1388 798 τὴν
1418 727 1602 781 οὐσίαν
1637 729 1829 800 δηλοῦ-

249 827 355 880 μεν
384 829 399 869 ;
428 812 601 884 Εἴπερ
632 812 741 884 γὰρ
776 814 935 868 τοῦτο
971 815 1212 885 λέγουσι,
1251 818 1326 888 μὴ
1362 820 1743 890 ὲρωτάτωσαν,
1780 824 1830 875 εἰ

244 898 349 970 τὴν
377 900 562 955 οὐσίαν
606 901 827 973 οἴδαμεν
869 902 962 957 τοῦ
997 904 1155 970 Θεοῦ,
1191 906 1326 960 ἀλλὰ
1370 908 1831 967 πυνθανέσθωσαν

245 991 281 1058 ἡ
294 990 434 1060 μῶν,
467 992 516 1043 εί
555 992 785 1064 φοϐερὸν
825 994 1047 1067 οἴδαμεν
1090 995 1181 1051 τὸν
1212 997 1380 1063 Θεὸν,
1434 999 1467 1070 ἦ
1498 1002 1547 1053 εί
1587 1000 1828 1068 δίκαιον,

245 1080 284 1150 ἢ
321 1083 370 1134 εί
404 1081 511 1153 (57)
548 1083 962 1156 φιλάνθρωπον;
997 1086 1181 1141 Ταῦτα
1211 1088 1579 1162 ὁμολογοῦμεν
1608 1092 1828 1148 ειδέναι.

248 1172 319 1225 Ei
354 1173 411 1225 δὲ
442 1173 570 1228 ἀλλο
593 1192 645 1229 τι
666 1175 882 1245 λέγουσι
908 1178 1007 1250 τὴν
1028 1181 1235 1244 οὐσίαν,
1256 1181 1330 1252 μὴ
1350 1183 1829 1255 παραλογιζέσθωο

249 1280 355 1318 σαν
379 1266 528 1336 ἡμᾶς
558 1266 645 1320 διὰ
680 1267 783 1338 τῆς
806 1269 1128 1341 ἁπλότητος.
1158 1273 1322 1326 Αὐτοὶ
1350 1272 1458 1343 γὰρ
1474 1273 1831 1346 ὡμολόγησαν

244 1355 380 1410 ἄλλο
416 1356 449 1428 ἢ
483 1358 609 1411 ἄλλο
637 1355 775 1413 εἶναι
804 1362 902 1432 τήν
932 1379 993 1414 τε
1034 1364 1223 1417 οὐσίαν
1250 1366 1345 1418 καὶ
1383 1365 1493 1419 τῶν
1515 1368 1833 1441 ἀπηριθμη-

251 1446 434 1517 μένων
478 1448 728 1505 ἕκαστον.
775 1453 913 1505 Ἀλλ’
941 1455 997 1506 ai
1034 1454 1133 1525 μὲν
1183 1455 1454 1527 ἐνέργειαι
1486 1458 1747 1523 ποικίλαι,
1796 1462 1830 1532 ἡ

244 1536 310 1590 δὲ
355 1538 511 1592 οὐσία
554 1539 722 1612 ἁπλῆ.
771 1543 965 1615 Ἡμεῖς
1006 1545 1064 1598 δὲ
1114 1548 1178 1599 ὲκ
1232 1546 1333 1617 μὲν
1380 1547 1490 1601 τῶν
1543 1548 1833 1621 ἐνεργειῶν

245 1628 536 1701 γνωρίζειν
569 1631 800 1705 λέγομεν
826 1635 918 1689 τὸν
951 1636 1085 1690 Θεὸν
1115 1637 1293 1709 ἡμῶν,
1323 1641 1392 1711 τῇ
1423 1640 1481 1694 δὲ
1507 1641 1664 1713 οὐσίᾳ
1692 1641 1829 1713 αὐτῇ

244 1723 634 1793 προσεγγίζειν
679 1725 777 1796 οὐχ
824 1726 1253 1799 ὑπισχνούμεθα.
1302 1730 1367 1783 Δί
1399 1732 1498 1802 μὲν
1529 1732 1637 1804 γὰρ
1679 1732 1832 1804 ἐνέρ-

1932 546 2067 608 trix,
2100 549 2363 616 prrenotio
2389 557 2445 604 et
2479 554 2869 610 remunerandi
2902 556 3065 621 ratio,
3108 560 3516 630 magniﬁcentia

1930 644 1985 690 et
2016 638 2389 709 providentia;
2429 656 2498 696 an
2528 643 2894 717 quodcunque
2939 647 3137 703 horum
3182 651 3510 717 dixerimus,

1929 731 2223 784 essentiam
2280 732 2662 790 declaramus?
2697 735 2833 791 Nam
2886 740 2932 794 si
2983 741 3114 796 illud
3166 742 3394 811 dicunt,
3445 762 3516 802 ne

1930 817 2267 891 interrogent
2296 838 2365 877 an
2398 827 2693 880 essentiam
2740 831 3055 885 noverimus
3087 833 3217 899 Dei,
3251 836 3347 890 sed
3392 851 3517 906 per-

1931 912 2221 962 contentur
2275 924 2344 963 an
2401 914 2752 968 metuendum
2806 919 3122 976 noverimus
3178 921 3386 988 Deum,
3444 940 3516 980 an

1927 992 2175 1063 justum,
2226 1013 2296 1053 an
2352 1000 2808 1060 misericordem?
2849 1007 2975 1064 Haec
3022 1012 3183 1067 nobis
3220 1021 3348 1067 nota
3391 1030 3517 1071 esse

1932 1085 2281 1144 conﬁtemur.
2329 1090 2486 1157 Quod
2532 1095 2578 1150 si
2622 1097 2755 1167 quid
2784 1101 2932 1155 aliud
2977 1102 3165 1158 dicunt
3195 1108 3512 1175 essentiam,

1932 1191 2002 1230 ne
2034 1192 2139 1234 nos
2176 1180 2527 1239 ludiﬁcentur
2573 1203 2672 1256 per
2717 1190 2868 1246 illius
2918 1193 3348 1265 simplicitatem.
3403 1197 3515 1269 Ipsi

1933 1267 2201 1336 siquidem
2232 1271 2471 1329 confessi
2500 1279 2801 1335 sunt-aliud
2820 1290 2984 1353 atque
3012 1286 3159 1340 aliud
3184 1302 3309 1344 esse
3332 1267 3518 1344 essen-

1933 1360 2062 1412 tiam
2102 1370 2156 1415 et
2194 1366 2622 1438 unumquodque
2652 1385 2839 1424 eorum
2868 1389 2990 1442 quae
3052 1381 3513 1435 enumeravimus.

1936 1450 2239 1527 Sedyariaa
2272 1458 2493 1525 quidem
2529 1462 2880 1529 Operationes
2901 1505 2916 1528 ,
2950 1468 3186 1521 essentia
3221 1485 3351 1524 vero
3385 1473 3517 1526 sim-

1932 1543 2076 1612 plex.
2111 1542 2221 1600 Nos
2257 1554 2439 1602 autem
2472 1564 2538 1617 ex
2564 1553 2978 1620 operationibus
3005 1559 3263 1627 cognosci
3292 1575 3324 1613 a
3355 1562 3514 1617 nobis

1932 1635 2167 1691 dicimus
2215 1636 2386 1693 Deum
2422 1650 2705 1713 nostrum,
2753 1645 2850 1700 sed
2897 1648 2963 1701 ad
3009 1648 3182 1719 ipsam
3220 1652 3516 1707 essentiam

1935 1740 2265 1784 accessuros
2296 1745 2406 1785 non
2452 1734 2802 1802 pollicemur.
2851 1736 3030 1808 Ipsius
3080 1741 3353 1811 siquidem
3383 1759 3517 1813 ope-

245 1824 403 1877 γειαι
443 1814 606 1868 αὐτοῦ
648 1817 787 1888 πρὸς
833 1819 982 1889 ἡμᾶς
1019 1819 1463 1887 καταϐαίνουσιν,
1501 1824 1534 1895 ὴ
1580 1824 1638 1876 δὲ
1681 1824 1836 1878 οὐσία

1937 1819 2178 1872 rationes
2211 1819 2280 1873 ad
2308 1836 2410 1876 nos
2438 1822 2813 1893 descendunt,
2856 1831 3093 1886 essentia
3138 1841 3321 1889 autem
3368 1834 3517 1891 illius

244 1904 416 1959 αὐτοῦ
451 1906 599 1976 μένει
627 1909 936 1981 ἀπρόσιτος.

321 1995 378 2050 2.
431 1997 569 2052 Ἀλλ’
618 2003 667 2054 εί
716 1999 814 2072 τὴν
862 2003 1071 2071 οὐσίαν,
1124 2003 1311 2074 φησὶν,
1371 2005 1603 2075 ἀγνοεῖς,
1669 2008 1830 2061 αὐτὸν

243 2088 484 2157 ἀγνοεῖς.
527 2091 600 2144 Σὺ
630 2090 686 2144 δὲ
722 2093 1079 2165 ἀντίστρεψον
1103 2137 1118 2163 ,
1146 2097 1227 2150 ὅτι
1260 2098 1324 2151 Et
1377 2096 1476 2168 τὴν
1523 2099 1713 2153 οὐσίαν
1745 2101 1832 2154 λέ-

241 2196 368 2247 γεις
406 2179 622 2248 εἰδέναι,
655 2183 818 2237 αὐτὸν
847 2185 947 2238 οὐκ
989 2187 1300 2243 ἐπίστασαι.
1334 2187 1471 2243 Οὔτε
1504 2190 1612 2262 γὰρ
1644 2192 1673 2244 ὁ
1699 2190 1829 2244 λυσ-

243 2271 527 2343 σόδηκτος,
562 2272 774 2344 βλέπων
799 2275 891 2330 τὸν
922 2277 1059 2332 κύνα
1095 2280 1154 2333 ὲν
1190 2284 1256 2353 τῇ
1296 2283 1484 2355 φιάλῃ.
1518 2283 1700 2336 πλεῖον
1724 2284 1830 2358 ὁρᾷ

241 2361 357 2417 τῶν
386 2364 734 2432 ὑγιαινόντων
755 2382 770 2398 ⁶
798 2367 936 2422 ἀλλὰ
965 2369 1054 2423 διὰ
1085 2368 1244 2425 τοῦτο
1271 2372 1523 2438 ἐλεεινὸς,
1553 2374 1633 2441 ὅτι
1660 2373 1828 2428 οἴεται

244 2454 472 2525 βλέπειν
510 2456 547 2512 ἃ
600 2459 674 2530 μὴ
720 2460 843 2531 ὁρᾷ.
891 2461 982 2533 Μὴ
1027 2457 1120 2521 οὖν
1169 2462 1459 2537 θαυμάσῃς
1506 2465 1692 2519 τοῦτον
1730 2467 1830 2538 τῆς

241 2547 582 2617 ἐπαγγελίας
602 2589 617 2614 ,
680 2549 817 2604 ἀλλά
873 2551 975 2622 τῆς
1025 2555 1329 2624 παρανοίας
1386 2556 1546 2610 αὐτὸν
1596 2556 1828 2610 ἐλεεινὸν

240 2640 450 2709 κρῖνον.
482 2640 723 2694 Γίνωσκε
742 2641 944 2709 τοίνυν,
970 2643 1053 2696 ὃτι
1084 2643 1391 2708 παιζόντων
1411 2647 1611 2717 ὲστὶνὴ
1639 2647 1824 2718 φωνή·

240 2732 311 2785 Ei
361 2733 460 2804 τὴν
504 2733 692 2788 οὐσίαν
730 2734 825 2788 τοῦ
869 2735 1005 2790 Θεοῦ
1032 2738 1269 2807 ἀγνοεῖς,
1317 2740 1346 2793 ὃ
1395 2741 1470 2812 μὴ
1514 2740 1824 2810 γινώσκεις,

242 2820 444 2886 σέϐεις.
488 2822 628 2892 Ἐγὼ
668 2823 745 2886 δὲ,
774 2825 857 2879 ὅτι
889 2827 988 2897 μὲν
1016 2827 1183 2892 ἔστιν,
1214 2824 1365 2883 οίδαο
1405 2830 1458 2883 τί
1492 2831 1548 2885 δὲ
1581 2834 1614 2904 ὴ
1644 2834 1823 2898 οὐσία,

239 2912 389 2984 ὑπὲρ
419 2912 660 2968 διάνοιαν
701 2914 942 2987 τίθεμαι.
981 2917 1105 2982 Πῶς
1135 2914 1227 2972 οὖν
1270 2918 1548 2991 σώζομαι;
1587 2922 1686 2976 Διά
1726 2923 1827 2994 τῆς

238 3004 502 3068 πίστεως.
535 3007 724 3071 Πίστις
750 3006 808 3060 δὲ
848 3008 1129 3081 αὐτάρκης
1158 3010 1376 3074 εἰδέναι,
1408 3012 1491 3065 ὅτι
1520 3011 1638 3066 ἔστι
1666 3013 1820 3078 Θεὸς,

1932 1918 2115 1965 manet
2144 1911 2446 1968 inaccessa.

1999 2000 2053 2056 2.
2089 1994 2273 2083 Sedsi
2300 2005 2621 2074 essentiam,
2651 2007 2850 2079 inquit,
2883 2011 3126 2081 ignoras,
3157 2006 3336 2085 ipsum
3360 2016 3517 2088 igno-

1930 2107 2044 2149 ras.
2081 2094 2162 2148 Tu
2186 2111 2316 2150 vero
2347 2107 2604 2154 converte
2629 2119 2642 2153 :
2670 2100 2978 2157 Essenliam
3007 2105 3054 2160 si
3088 2105 3227 2161 dicis
3253 2115 3303 2162 te
3323 2123 3513 2176 nosse,

1932 2183 2109 2253 ipsum
2150 2200 2260 2238 non
2307 2189 2620 2257 cognoscis.
2668 2188 2859 2261 Neque
2886 2194 3055 2257 enim,
3100 2195 3193 2264 qui
3228 2211 3445 2253 morsus
3481 2214 3514 2253 a

1932 2287 2069 2327 cane
2125 2272 2327 2328 rabido
2381 2276 2533 2330 videt
2580 2293 2772 2333 canem
2829 2281 2886 2335 in
2940 2283 3156 2353 phiala,
3209 2286 3331 2355 plus
3365 2288 3515 2342 videt

1930 2379 2094 2435 quam
2127 2367 2223 2435 qui
2254 2368 2374 2422 sani
2411 2377 2576 2438 sunt;
2613 2373 2709 2427 sed
2745 2373 2955 2430 idcirco
2990 2377 3186 2447 dignus
3217 2381 3515 2435 commise-

1929 2457 2145 2512 ratione
2168 2469 2279 2539 est,
2300 2460 2447 2529 quod
2492 2471 2641 2531 putet
2671 2479 2729 2518 se
2759 2464 2924 2536 358
2946 2467 3131 2522 videre
3151 2484 3272 2538 qua:
3298 2486 3407 2524 non
3433 2473 3514 2524 vi-

1929 2547 2041 2604 det.
2087 2547 2244 2603 lllum
2282 2566 2415 2622 ergo
2455 2567 2525 2607 ne
2564 2554 2783 2610 mireris
2813 2559 2884 2610 ob
2923 2559 3381 2626 promissionem,
3413 2560 3512 2616 sed

1927 2640 1998 2695 ob
2028 2640 2359 2697 dementiam
2393 2645 2653 2700 miserum
2679 2646 2890 2716 judica.
2921 2647 3276 2720 Perspectum
3325 2652 3512 2722 itaque

1928 2733 2027 2789 tibi
2050 2734 2123 2789 sit
2156 2749 2350 2789 vocem
2375 2750 2497 2791 esse
2525 2737 2921 2793 ludiﬁcantium
2952 2757 2965 2793 :
2996 2739 3053 2795 Si
3083 2743 3378 2798 essentiam
3416 2742 3510 2798 Dei

1928 2827 2184 2896 ignoras,
2220 2826 2367 2898 quod
2415 2829 2637 2899 ignoras
2679 2832 2835 2888 colis.
2870 2829 2982 2904 Ego
3012 2850 3143 2891 vero
3191 2836 3344 2890 illum
3385 2851 3512 2893 esse

1927 2920 2098 2975 novi:
2141 2920 2273 2990 quid
2319 2929 2501 2975 autem
2554 2924 2829 2992 essentia,
2878 2942 3045 2995 supra
3095 2927 3508 2998 intelligentiam

1925 3025 2051 3066 esse
2100 3010 2264 3065 duco.
2314 3011 2601 3078 Quomodo
2659 3014 2829 3085 igitur
2881 3019 3109 3074 salvor?
3160 3018 3264 3075 Per
3321 3021 3506 3076 tidem.

236 3096 364 3166 οὐχὶ
400 3097 454 3150 τί
491 3098 607 3150 ἐστι
627 3114 641 3129 ·
671 3098 766 3152 καὶ
794 3101 906 3163 τοῖς
939 3100 1259 3171 ἐκζητοῦσιν
1292 3104 1454 3157 αὐτὸν
1494 3105 1823 3176 μισθαποδό-

1928 3101 2090 3158 Fides
2112 3119 2278 3174 porro
2301 3104 2440 3160 satis
2473 3105 2669 3160 idonea
2701 3115 2806 3172 est,
2842 3107 3009 3165 Deum
3046 3126 3172 3168 esse
3203 3113 3381 3176 scire:
3396 3128 3510 3169 non

234 3202 342 3257 της
366 3188 599 3255 γίνεται.
628 3189 849 3260 Εἴδησις
884 3189 993 3262 ἄρα
1022 3166 1124 3262 τῆς
1157 3192 1309 3257 θείας
1346 3166 1534 3260 οὐσίαις
1558 3198 1592 3267 ἡ
1624 3196 1820 3267 αἴσθη-

1927 3195 2060 3265 quid
2102 3196 2208 3261 sit;
2250 3211 2487 3267 eumque
2520 3212 2987 3257 remuneratorem
3018 3219 3142 3259 esse
3177 3220 3369 3260 eorum
3409 3207 3507 3275 qui

236 3295 328 3342 σις
353 3279 518 3334 αὐτοῦ
545 3281 647 3352 τῆς
669 3281 1046 3353 ἀκαταληψίας
1064 3301 1078 3315 ·
1114 3288 1208 3340 καὶ
1242 3288 1438 3342 σεπτὸν
1474 3290 1535 3342 οὐ
1566 3290 1628 3343 τὸ
1649 3307 1821 3344 κατα-

232 3369 447 3441 ληφθὲν
472 3373 556 3437 τίς
588 3374 621 3444 ἡ
647 3374 827 3439 οὐσία,
861 3375 977 3430 ἀλλ’
1001 3377 1082 3432 ὅτι
1109 3377 1257 3432 ἐστιν
1286 3380 1319 3451 ὴ
1348 3380 1527 3434 οὐσία.

1928 3288 2107 3358 ipsum
2159 3299 2432 3359 quarunt.
2482 3290 2736 3363 Cognitio
2783 3294 2950 3365 igitur
2994 3298 3248 3353 essentia:
3293 3298 3348 3353 in
3401 3298 3509 3353 hoc

1928 3381 2142 3450 posita,
2198 3387 2259 3434 ut
2313 3381 2491 3451 ipsum
2548 3398 2662 3438 non
2715 3400 2881 3455 posse
2932 3389 3324 3459 comprehendi
3378 3405 3506 3460 per-

239 3463 547 3532 spiciamus
575 3483 592 3521 :
631 3465 877 3538 illudque
906 3469 1165 3538 colimus,
1198 3470 1266 3527 de
1291 3487 1403 3543 quo
1435 3474 1818 3545 cognovimus,
1853 3487 1963 3526 non
1984 3471 2117 3544 quid
2145 3472 2218 3528 sit
2237 3472 2360 3542 ejus
2388 3475 2649 3542 essentia,
2680 3478 2777 3533 sed
2807 3478 2950 3535 hanc
3001 3482 3268 3538 exsistere
3323 3496 3509 3537 essen.

224 3554 397 3607 tiam.

308 3647 365 3701 5.
406 3646 517 3699 Καὶ
547 3647 1046 3719 ἀντερωτάσθωσαν
1089 3650 1253 3708 οὕτω.
1296 3653 1447 3709 Θεὸν
1482 3654 1682 3722 οὐδεὶς
1709 3653 1815 3709 ἐώ-

224 3754 386 3808 parce
432 3736 687 3793 πώποτε·
731 3743 764 3795 ό
797 3743 1136 3813 μονογενὴς
1180 3747 1335 3813 Υἱὸς,
1385 3750 1418 3802 ό
1456 3746 1542 3801 ὢν
1581 3750 1669 3814 είς
1712 3746 1821 3801 τὸν

232 3831 475 3885 κόλπον
507 3831 618 3887 τοῦ
665 3834 917 3902 Πατρός,
973 3832 1151 3904 οὗτος
1205 3838 1567 3909 ἐξηγήσατο.
1629 3841 1695 3893 Τί
1738 3840 1821 3905 ἐξ·

232 3922 484 3992 ηγήσατο
508 3922 602 3976 τοῦ
634 3925 849 3996 Πατρὸς
870 3927 899 3979 ὁ
922 3928 1264 4002 Μονογενής;
1297 3932 1407 4003 Τὴν
1429 3933 1635 3997 οὐσίαν,
1659 3933 1691 4004 ἢ
1720 3932 1820 4004 τὴν

234 4011 502 4083 δύναμινς
567 4015 631 4068 Et
690 4015 791 4088 τὴν
846 4016 1072 4091 δύναμιν
1125 4020 1272 4093 ('58),
1325 4024 1450 4077 ὅσον
1512 4024 1817 4097 ἐξηγήσατο

231 4105 392 4175 ⁴Ιιμῖν,
442 4105 695 4162 τοσοῦτον
742 4109 1103 4182 γνωρίζομεν.
1157 4113 1221 4166 Et
1277 4113 1376 4185 τὴν
1413 4115 1617 4180 οὐσίαν,
1670 4117 1812 4179 εἰπὲ,

231 4196 341 4249 ποῦ
385 4192 536 4251 εἶπεν
581 4199 746 4253 αὐτοῦ
777 4200 878 4273 τὴν
921 4203 1245 4274 ἀγεννησίαν
1278 4207 1501 4272 οὐσίαν;
1562 4207 1815 4280 Ἀϐραὰμ

234 4288 372 4342 πότε
420 4289 862 4364 προσεκύνησεν;
915 4294 1027 4366 Οὐχ
1072 4296 1162 4349 ὅτε
1207 4296 1527 4366 trtius-suos;
1576 4300 1715 4354 Πότε
1754 4301 1813 4355 δὲ

228 4380 588 4448 ἑπίστευσεν;
631 4384 741 4454 Οὐχ
786 4383 876 4439 ὅτε
922 4386 1159 4459 ἐκλήθη;
1202 4390 1313 4444 Ποῦ
1356 4388 1448 4445 οὖν
1495 4393 1727 4449 ἐνταῦθα
1776 4395 1809 4468 ﬂ

1993 3648 2046 3702 ὅ.
2101 3646 2210 3703 Sed
2261 3648 2342 3703 sic
2376 3649 2620 3705 vicissim
2673 3653 3099 3725 interrogentur.
3138 3657 3307 3712 Deum
3352 3678 3503 3718 nemo

1921 3739 2052 3792 vidit
2096 3755 2329 3809 unquam
2362 3754 2381 3792 .'
2415 3741 2715 3810 unigenitus
2768 3743 2977 3811 Filius,
3028 3749 3121 3817 qui
3169 3752 3330 3804 estin
3379 3756 3505 3810 sinu

1921 3829 2129 3897 Patris,
2180 3830 2273 3884 ille
2303 3834 2569 3886 enarravit
2606 3834 2673 3888 “.
2725 3834 2867 3902 Quid
2901 3840 3180 3894 enarravit
3225 3841 3294 3897 de
3339 3842 3503 3902 Patre

1924 3920 2292 3992 Unigenitus?
2321 3921 2651 3989 Essentiam,
2682 3939 2752 3979 an
2777 3930 3144 3996 potestatem?
3173 3928 3229 3985 Si
3257 3941 3502 4001 potesta-

1922 4023 2030 4071 tem
2052 4054 2067 4079 ,
2100 4024 2364 4084 quantum
2414 4016 2685 4070 nuntiavit
2718 4019 2913 4082 nobis,
2960 4027 3173 4075 tantum
3209 4027 3502 4094 cognosci-

1927 4122 2074 4163 mus.
2109 4106 2166 4162 Si
2187 4107 2506 4173 essentiam,
2537 4108 2625 4163 dic
2649 4109 2870 4164 ubinam
2900 4111 3103 4167 dixerit
3128 4114 3499 4183 ingeneratio-

1919 4212 2043 4252 nem
2073 4211 2197 4251 esse
2231 4198 2404 4267 ipsius
2433 4201 2754 4254 essentiam.
2787 4199 3019 4267 Quando
3061 4203 3335 4261 Abraham
3367 4209 3499 4263 ado-

1918 4290 2098 4344 ravit?
2146 4289 2341 4345 Nonne
2394 4292 2616 4361 quando
2681 4294 2959 4349 credidit?
3014 4294 3249 4362 Quando
3313 4309 3498 4359 autem

1918 4383 2192 4438 credidit?
2242 4381 2436 4439 Nonne
2492 4385 2712 4455 quando
2766 4396 2993 4445 vocatus
3058 4392 3190 4446 est?
3254 4391 3491 4449 Ubinam

227 4472 542 4543 κατάληψις
595 4475 745 4547 αὐτῷ
793 4477 1151 4551 ἐμαρτυρήθη
1199 4483 1352 4555 παρά
1403 4484 1505 4555 τῆς
1556 4485 1811 4557 Γριιφῆςς

1927 4472 2136 4528 tandem
2167 4472 2320 4527 illum
2355 4472 2639 4545 Scriptura
2687 4484 2923 4532 testatur
2964 4482 3450 4551 comprehendisse
3472 4487 3497 4539 ?

229 4566 298 4618 οι
337 4566 579 4636 μαθηταὶ
613 4567 671 4621 δὲ
711 4569 875 4622 αὐτὸν
901 4571 1034 4624 πότε
1077 4574 1524 4647 προσεκύνησαν;
1572 4578 1684 4649 Οὐχ
1720 4579 1810 4632 ὅτε

226 4656 333 4725 τὴν
381 4658 557 4711 κτίσιν
605 4658 754 4730 αὐτῷ
798 4656 939 4715 εἶδον
991 4663 1466 4738 ὑποτεταγμένηνς
1526 4671 1659 4725 Ἀπὸ
1702 4671 1810 4744 γὰρ

227 4746 512 4820 θαλάσσης
553 4751 650 4805 καὶ
685 4751 904 4822 ἀνέμων
933 4754 1359 4812 ὑπακουσάντων
1400 4759 1549 4832 αὐτῷ
1591 4761 1813 4834 ἐγνώρι-

228 4856 335 4893 σαν
367 4840 532 4894 αὐτοῢ
565 4842 664 4913 τὴν
693 4843 942 4916 Θεὸτητα.
994 4847 1204 4903 Οὐκοῦν
1232 4850 1341 4904 ἀπὸ
1386 4851 1486 4922 μὲν
1524 4853 1631 4908 τῶν
1668 4856 1811 4927 ἐνερ-

223 4934 394 5003 γειῶν
422 4936 454 5005 ἡ
487 4936 706 5005 γνῶσις,
734 4938 842 4992 ἀπὸ
863 4939 919 4992 δὲ
946 4940 1046 5011 τῆς
1068 4939 1323 5010 γνώσεως
1348 4945 1382 5015 ἡ
1417 4945 1805 5017 προσκύνησις.

222 5028 564 5093 Πιστεύεις,
586 5027 676 5081 ὅτι
703 5028 960 5099 δύναμαι
982 5030 1156 5086 τοῦτο
1194 5032 1479 5103 ποιῆσαι;
1518 5039 1805 5105 Πιστεύω,

223 5118 445 5185 Κύριε·
498 5117 600 5172 καὶ
653 5122 1118 5190 προσεκύνησεν
1170 5124 1348 5191 αὐτῷ.
1399 5125 1584 5191 Οὕτως
1628 5130 1662 5200 ἡ
1710 5130 1808 5199 μὲν

224 5208 601 5280 προσκύνησις
636 5213 705 5282 τῇ
739 5211 922 5266 πίστει
954 5214 1268 5268 ἀκολουθεῖ-
1302 5219 1336 5288 ἡ
1386 5216 1443 5270 δὲ
1482 5212 1664 5284 πίστις
1700 5221 1807 5274 ἀπὸ

223 5300 515 5371 δυνάμεως
546 5300 877 5372 βεϐαιοῦται.
927 5305 991 5360 Ei
1019 5306 1075 5360 δὲ
1119 5306 1299 5376 λέγεις
1343 5308 1436 5363 τὸν
1484 5311 1807 5368 πιστεύοντα

299 5475 349 5506 ⁸⁸
373 5475 533 5531 Joan.
564 5493 605 5543 ι,
635 5479 719 5535 18.
796 5481 842 5513 ⁸⁷
882 5480 1071 5537 Matth.
1118 5499 1169 5538 Ix
1196 5523 1212 5549 ,
1252 5485 1341 5542 28.

302 5630 414 5700 (37)
443 5633 513 5688 Ἡ
553 5636 625 5687 ει.
678 5633 963 5692 Postrema
1011 5639 1201 5693 vocula
1257 5638 1438 5695 addita
1491 5658 1558 5697 ex
1606 5659 1802 5702 novem

225 5715 362 5756 mss.

298 5771 410 5843 (38)
435 5775 505 5827 Ei
523 5773 626 5841 τὴν
660 5775 936 5846 δύναμιν.
967 5775 1091 5833 Haec
1117 5778 1302 5835 addita
1326 5795 1390 5836 ει
1414 5796 1548 5841 mu.
1577 5784 1795 5856 decem;

1912 4562 2142 4630 Quando
2184 4565 2373 4621 itidem
2405 4565 2663 4636 discipuli
2709 4569 2889 4637 ipsum
2926 4571 3269 4629 adoravere?
3296 4573 3492 4632 Nonne

1911 4671 2036 4712 cum
2079 4667 2387 4713 creaturam
2434 4661 2485 4715 ei
2533 4661 2784 4716 viderent
2828 4678 2953 4718 esse
2983 4665 3327 4735 subjectam?
3355 4667 3493 4723 Nam

1909 4763 1978 4803 ex
2030 4750 2171 4804 mari
2220 4757 2276 4804 et
2323 4750 2506 4808 ventis
2559 4753 2611 4807 ei
2659 4754 3166 4825 obtemperantibus
3221 4773 3491 4828 agnovere

1911 4840 2087 4910 ipsius
2133 4842 2497 4899 divinitatem.
2528 4845 2703 4916 Igitur
2742 4862 2810 4903 ex
2849 4850 3260 4918 operationibus
3306 4853 3493 4922 cogni-

1912 4935 2010 4996 tio,
2051 4951 2117 4991 ex
2168 4937 2485 5006 cognitione
2522 4945 2703 4993 autem
2749 4940 3020 4996 adoratio.
3048 4940 3231 4996 Credis
3273 4958 3355 4997 me
3394 4944 3492 4999 hoc

1909 5023 2085 5092 facere
2111 5039 2263 5091 posse
2283 5027 2308 5080 Ρ
2339 5024 2531 5089 Credo,
2552 5024 2775 5081 Domine
2796 5041 2815 5079 :
2842 5036 2893 5081 et
2912 5028 3154 5083 adoravit
3170 5046 3289 5089 eum
3307 5030 3373 5085 ⁸⁷.
3395 5031 3490 5087 Sic

1910 5112 2070 5169 ﬁdem
2112 5117 2362 5185 sequitur
2408 5117 2679 5180 adoratio,
2714 5117 2850 5174 ﬁdes
2878 5134 3010 5174 vero
3042 5134 3140 5189 per
3180 5122 3481 5190 potentiam

1907 5207 2322 5263 corroboratur.
2364 5208 2522 5275 Quod
2544 5210 2589 5265 si
2626 5209 2767 5266 dicis
2794 5210 3106 5267 credentem
3135 5211 3250 5282 jam
3281 5227 3486 5283 cogno-

1908 5311 2100 5365 scere;
2133 5314 2230 5368 per
2261 5314 2383 5370 quae
2423 5300 2619 5365 credit,
2652 5315 2747 5357 per
2791 5300 2907 5356 haec
2935 5309 2989 5357 et
3030 5302 3313 5373 cognoscit
3344 5322 3357 5359 :
3390 5313 3485 5360 aut

1904 5667 1969 5778 τε
2003 5669 2230 5779 prorsus
2282 5660 2592 5717 necessaria
2633 5668 2762 5717 sunt
2809 5660 2876 5718 ad
2923 5662 3308 5721 absolvenoam
3361 5683 3488 5724 sen-

1929 5738 1996 5779 en
2028 5742 2155 5779 iam.

1929 5738 2155 5785 entiam.
