3900 6208
420 341 517 396 871
1764 338 1820 393 S.
1864 338 2106 396 BASILII
2149 339 2364 396 MAGNI
3576 338 3671 393 επ

421 454 589 511 etiam
610 450 740 507 .vlce
784 464 968 519 vera,
1007 463 1106 519 per
1141 462 1266 519 quia;
1305 446 1622 518 cognoscit,
1664 462 1763 517 per
1805 448 1919 503 haec
1949 458 2003 505 et

2132 451 2202 505 :a.‘t
2233 450 2546 520 γινώσκειν,
2578 450 2671 520 ἀφ’
2700 446 2775 505 ὧν
2814 449 3080 515 πιστεύει,
3123 448 3232 503 ἀπὺ
3253 447 3459 502 τούτων
3492 448 3579 502 καὶ
3603 465 3675 516 για

423 545 616 600 credit.
641 541 1042 613 Cognoscimus
1087 547 1269 595 autem
1298 537 1470 593 Deum
1500 553 1598 609 per
1643 545 1991 608 potestatem.

2132 538 2299 592 ὠσκει
2318 555 2331 569 ·
2363 539 2396 610 ἢ
2426 541 2520 593 καὶ
2561 538 2852 605 ἀνάπαλιν,
2878 539 2974 608 ἀφ’
3004 532 3081 594 ὧν
3107 537 3387 606 γινώσκει,
3416 536 3528 589 ἀπὸ
3569 535 3675 588 τού-

421 637 606 704 Quare
637 633 914 689 credimus
945 632 1167 701 quidem
1197 631 1248 687 ei
1296 633 1391 701 qui
1418 632 1671 701 cognitus
1708 639 1794 687 est
1823 650 1837 686 :
1868 648 1994 687 eum

2132 647 2210 682 ων
2248 630 2343 683 καὶ
2371 631 2636 685 πιστεύει.
2668 629 3016 701 Γινώσκομεν
3048 630 3104 683 δὲ
3154 631 3219 683 ἐκ
3254 632 3354 700 τῆς
3397 627 3674 696 δυνάμεως

425 744 554 783 vero
580 728 673 797 qui
705 726 948 780 creditus
978 732 1081 786 est,
1115 723 1435 779 adoramus.

2134 720 2193 774 ὸν
2224 721 2378 775 Θεόν.
2412 724 2576 775 ’Ὥστε
2612 722 2942 794 πιστεύομεν
2974 724 3073 791 μὲν
3098 722 3177 792 τῷ
3211 721 3325 793 (59)
3366 718 3677 789 γνωσθέντι,

2104 814 2517 885 προσκυνοῦμεν
2546 815 2603 869 δὲ
2630 816 2710 887 τῷ
2738 814 3102 869 πιστευθέντι.

848 961 1183 1017 EPISTOLA
1221 961 1550 1019 CCXXXV'.

2598 969 2949 1023 ΕΠΙΣΤΟΛΗ
2988 969 3074 1021 ΣΛ
3084 966 3161 1023 Ε’.

425 1078 551 1149 Huic
571 1075 841 1147 qua’stioni,
865 1077 1070 1149 priorne
1079 1076 1287 1149 cognitio
1311 1091 1372 1127 an
1399 1077 1523 1149 [lites
1542 1077 1568 1128 .9
1591 1077 1662 1149 sic
1676 1079 2201 1149 irespondetﬂnsilius,
2224 1088 2276 1134 ut
2296 1080 2834 1149 ﬁdemjn‘disciplinis,
2859 1080 3179 1149 cognitionem
3199 1080 3250 1131 in
3272 1078 3554 1149 Christiana
3574 1081 3680 1133 reli-

486 1139 625 1206 gione
644 1139 821 1211 prmire
843 1139 1086 1211 concedet.
1128 1139 1228 1211 ἕνα
1265 1151 1374 1188 cum
1400 1139 1781 1211 Ennoniiunj,_si
1805 1140 1913 1207 quis
1945 1145 2097 1194 Deum
2117 1160 2148 1194 a
2170 1139 2220 1197 se
2245 1139 2469 1211 cognosci
2504 1139 2756 1209 fateretur,
2794 1139 2956 1197 statim
2975 1143 3333 1201 concluderent,
3360 1142 3451 1194 Dei
3473 1151 3681 1193 naturain

527 1199 709 1268 ignosci
726 1214 744 1251 :
764 1202 977 1250 absurda
999 1199 1101 1251 lucc
1120 1199 1316 1250 illorum
1339 1200 1581 1252 cavillatio
1600 1199 1855 1266 refellitur.

629 1306 817 1361 Eidem
850 1307 918 1360 ad
951 1308 1117 1360 aliam
1145 1308 1487 1378 quwstionem
1514 1311 1809 1379 responsio.

501 1423 551 1477 1.
606 1420 837 1477 Prior-ne
892 1423 1170 1493 cognitio,
1202 1438 1270 1477 an
1309 1422 1482 1479 ﬁdes?
1529 1423 1642 1480 Nos
1668 1442 1835 1496 porro
1864 1426 2009 1483 dici-

428 1530 551 1569 mus
580 1516 882 1584 generatim
916 1513 1138 1585 quidem
1172 1516 1227 1569 in
1275 1516 1585 1586 disciplinis
1616 1517 1775 1573 ﬁdem
1816 1522 2011 1590 cogni-

431 1608 562 1661 tioni
597 1608 785 1677 praeire
819 1625 832 1662 :
870 1614 925 1660 at
973 1607 1029 1661 in
1075 1615 1263 1662 nostra
1317 1611 1567 1665 doctrina
1599 1611 1646 1665 si
1685 1612 1812 1682 quis
1862 1612 2011 1669 dicat

2355 1317 2439 1385 Τῷ
2468 1317 2633 1384 αὐτῷ
2660 1314 2771 1391 (40)
2804 1315 2953 1385 πρὸς
2974 1315 3128 1370 ἄλλο
3154 1314 3447 1384 ἐρώτημα.

2185 1446 2237 1482 ι.
2278 1429 2343 1482 Τί
2371 1430 2637 1501 πρότερον
2659 1470 2673 1494 ,
2713 1431 2745 1501 ή
2768 1428 2973 1498 γνῶσις
2992 1471 3007 1493 ,
3039 1428 3072 1498 ἢ
3103 1429 3136 1499 ἠ
3163 1428 3386 1493 πίστιςς
3429 1427 3683 1500 Ἢμείςδὲ

2111 1519 2341 1591 λέγομεν
2365 1559 2379 1584 ,
2420 1521 2502 1574 ὅτι
2545 1520 2777 1574 καθόλου
2823 1520 2922 1591 μὲν
2953 1519 3047 1573 ἐπὶ
3090 1519 3199 1572 τῶν
3233 1519 3577 1590 μαθημάτων
3607 1520 3686 1572 πί-

2112 1629 2227 1675 στις
2271 1611 2527 1681 γνώσεως
2575 1616 2930 1685 προηγεῖται·
2980 1611 3075 1666 ἐπὶ
3121 1612 3177 1665 δὲ
3224 1612 3319 1666 τοῦ
3372 1612 3503 1666 καθ’
3549 1613 3684 1684 ἡμᾶς

429 1699 627 1769 ρι’ιυὶΓο
681 1697 1053 1767 cognitionem
1085 1697 1241 1762 ﬁdei,
1282 1714 1392 1753 non
1432 1700 1862 1766 contendcmus;
1918 1718 2013 1759 co-

2132 1704 2271 1774 ιόγου
2296 1744 2312 1768 ,
2354 1704 2456 1758 κᾶν
2493 1705 2630 1777 λέγῃ
2661 1723 2744 1769 τις
2794 1705 3196 1778 προκατάρχειν
3227 1704 3324 1775 τὴν
3353 1704 3563 1772 γνῶσιν
3596 1703 3684 1774 τῆς

428 1789 730 1858 gnitionem
766 1787 986 1858 quidem
1038 1787 1279 1843 humano
1308 1792 1490 1861 captui
1523 1794 2010 1849 accommodatam.

430 1879 565 1934 Nam
630 1880 685 1934 in
747 1880 1057 1950 disciplinis
1100 1881 1320 1952 quidem
1366 1893 1583 1950 oportet
1616 1886 1853 1955 primum
1887 1902 2013 1942 cre-

433 1972 564 2025 dere
589 1971 694 2025 hoc
723 1972 1055 2031 elementum
1096 1974 1257 2043 alpha
1300 1989 1457 2039 esse;
1488 1983 1544 2030 ct
1583 1977 1674 2031 ubi
1728 1977 1929 2048 ﬁguras
1959 1985 2016 2034 et

435 2064 936 2133 pronuntiationem
988 2064 1272 2131 didiceris,
1325 2076 1437 2121 tum
1501 2068 1719 2123 demum
1788 2085 2017 2126 accura-

362 2184 368 2189 ε
432 2163 546 2208 tam
594 2157 876 2227 percipere
926 2157 1206 2212 notionem
1258 2159 1552 2228 potestatis
1613 2160 1892 2218 elementi.
1946 2162 2016 2216 At

438 2247 492 2299 in
528 2245 634 2300 ﬁde
683 2262 804 2317 quas
833 2248 984 2303 circa
1018 2247 1188 2303 Deum
1235 2257 1509 2311 versatur,
1544 2251 1701 2320 praeit
1737 2252 1829 2307 illa
1867 2255 2017 2321 cogi-

437 2337 593 2402 tatio,
650 2337 819 2392 Deum
851 2353 973 2395 esse
1010 2355 1023 2391 :
1079 2338 1224 2393 hanc
1250 2346 1436 2392 autem
1467 2356 1533 2395 ex
1572 2341 1841 2397 creaturis
1868 2341 2019 2396 colli—

435 2427 635 2498 gimus.
690 2427 1030 2500 Sapientiam
1088 2445 1325 2499 namque
1359 2469 1375 2493 ,
1441 2440 1496 2485 et
1544 2431 1887 2501 potentiam,
1961 2440 2017 2489 ct

437 2516 778 2585 bonitatem,
828 2527 883 2574 et
943 2519 1128 2573 omnia
1167 2519 1289 2589 ejus
1351 2520 1646 2575 invisibilia
1705 2536 1773 2575 ex
1827 2521 2018 2578 mundi

436 2610 718 2665 creatione
767 2609 1134 2680 intelligentes
1156 2650 1171 2674 ,
1214 2611 1296 2666 sic
1329 2612 1737 2681 cognoscimus.
1771 2610 1848 2667 Ita
1883 2627 2018 2668 sane

438 2702 589 2757 illum
614 2717 713 2757 ceu
744 2710 996 2756 nostrum
1033 2701 1281 2771 ipsorum
1322 2702 1488 2773 359
1516 2702 1802 2758 Dominum
1842 2703 2018 2758 susci-

440 2795 640 2863 pimus.
664 2792 934 2860 Quoniam
965 2793 1111 2847 enim
1143 2793 1314 2848 totius
1351 2793 1539 2849 mundi
1566 2793 1822 2849 conditor
1852 2793 2019 2861 Dens,

439 2901 542 2940 nos
573 2892 755 2939 autem
790 2883 976 2938 mundi
1010 2897 1138 2954 pars
1168 2898 1398 2951 sumus;
1439 2892 1630 2940 noster
1659 2886 1829 2956 igitur
1854 2888 2019 2941 etiam

440 2975 696 3032 conditor
734 2973 899 3030 Deus.
933 2974 1314 3044 Cognitionem
1345 2975 1506 3031 istam
1552 2976 1689 3032 ﬁdes
1722 2977 1976 3048 sequitur
2002 3015 2019 3044 ,

439 3052 496 3123 et
528 3067 687 3123 ﬁdem
733 3066 897 3122 talem
928 3066 1201 3122 adoratio.

509 3280 565 3335 2.
600 3279 761 3334 Nunc
790 3285 973 3334 autem
1016 3285 1304 3349 propterea
1332 3290 1483 3348 quoa
1525 3277 1698 3331 multa
1749 3277 2023 3349 signiﬁcat

440 3368 775 3443 cognitionis
834 3383 1034 3423 nomen
1061 3411 1077 3436 ,
1109 3366 1204 3438 qui
1268 3365 1699 3436 simplicioribus
1732 3366 1969 3420 illudunt
2000 3405 2016 3429 ,

440 3480 509 3519 ac
550 3462 781 3535 gloriam
835 3477 904 3519 ex
961 3458 1254 3531 paradoxis
1296 3466 1581 3530 quaerunt,
1627 3459 1803 3514 instar
1830 3472 2022 3513 eorum

443 3558 540 3630 qui
585 3558 641 3612 in
698 3556 932 3612 theatris
966 3556 1071 3612 sub
1101 3554 1345 3609 omnium
1401 3552 1576 3607 oculis
1622 3551 1865 3606 calculos
1892 3551 2023 3604 sub-

443 3652 678 3715 ducunt,
736 3647 1167 3719 interrogatione
1204 3646 1459 3701 universe
1508 3644 1779 3706 instituta,
1840 3642 2023 3697 omnia

445 3740 613 3796 simul
669 3738 1129 3808 complectuntur.
1182 3736 1320 3791 Cum
1371 3734 1519 3791 enim
1564 3733 1893 3805 cognitionis
1922 3747 2025 3786 no-

444 3847 570 3888 men
612 3830 693 3894 .ad
753 3831 924 3885 multa
982 3830 1288 3901 pertineat,
1341 3842 1575 3897 cumque
1631 3824 1839 3895 aliquid
1892 3825 2024 3879 sciri

449 3923 627 3994 possit
651 3924 851 3993 partim
881 3937 949 3977 ex
977 3936 1207 3977 numero
1225 3960 1242 3987 ,
1292 3920 1493 3989 partim
1534 3934 1600 3975 ex
1626 3917 2024 3989 magnitudine,

451 4015 652 4086 partim
702 4029 771 4070 ex
805 4013 1048 4084 potentia
1079 4051 1095 4077 ,
1130 4011 1329 4083 partim
1368 4026 1437 4065 ex
1479 4009 1643 4065 modo
1672 4008 1974 4066 exsistendi
2006 4049 2022 4074 ,

452 4106 653 4175 partim
686 4120 754 4160 ex
781 4113 1027 4175 tempore
1056 4102 1425 4175 generationis
1447 4139 1465 4167 ,
1508 4102 1710 4172 partim
1740 4115 1809 4155 ex
1836 4115 2028 4155 essen-

452 4198 579 4251 tia:
627 4195 704 4249 illi
762 4195 1191 4264 interrogatione
1245 4192 1375 4248 dnm
1432 4199 1609 4247 totum
1668 4189 2027 4260 comprehen-

449 4287 610 4353 dunt,
670 4285 719 4342 si
758 4301 858 4342 nos
891 4285 1142 4357 ceperint
1183 4285 1510 4339 conlitentes
1566 4282 1734 4337 Deum
1781 4296 1813 4336 a
1861 4280 2026 4337 nobis

451 4378 746 4450 cognosci,
801 4376 1053 4432 essentia
1072 4376 1439 4446 cognitionem
1467 4389 1498 4429 a
1529 4374 1689 4431 nobis
1717 4382 1979 4445 expetunt
2007 4392 2022 4441 ;

2112 1793 2348 1858 πίστεως
2373 1835 2388 1858 ,
2438 1796 2500 1848 ού
2544 1794 2952 1867 διαφερόμεθα⁶
2989 1794 3192 1864 γνῶσιν
3242 1794 3430 1864 μέντοι
3486 1794 3584 1865 τὴν
3624 1797 3685 1866 τῇ

2111 1884 2425 1958 ἀνθρωπίνῃ
2485 1888 2784 1960 καταλήψει
2838 1887 3172 1958 σύμμετρον.
3241 1886 3363 1939 Ἐπὶ
3428 1886 3531 1956 μὲν
3584 1888 3685 1958 γὰρ

2111 1977 2221 2030 τῶν
2276 1977 2617 2049 μαθημάτων
2667 1977 2954 2032 πιστεῦσαι
3002 1976 3084 2028 δεῖ
3128 1974 3376 2047 πρῶτον,
3435 1977 3521 2029 ὅτι
3558 1976 3689 2047 ἄλφα

2112 2069 2353 2139 λέγεται,
2379 2070 2475 2122 καὶ
2506 2068 2743 2140 μαθόντα
2773 2069 2885 2140 (41)
2914 2068 3042 2131 τοὺς
3069 2067 3431 2138 χαρακτῆρας
3469 2069 3564 2121 καὶ
3590 2069 3683 2139 τὴν

2114 2160 2423 2232 ὲκφώνησιν
2451 2201 2467 2225 ,
2502 2159 2728 2232 ὕστερον
2775 2159 2960 2213 λαϐεῖν
2998 2160 3094 2212 καὶ
3136 2157 3237 2230 τὴν
3283 2158 3495 2229 ἀκριϐῆ
3531 2174 3688 2211 κατα-

2113 2251 2297 2323 νόησιν
2327 2251 2428 2322 τῆς
2461 2250 2748 2321 δυνάμεως
2780 2248 2875 2303 τοῦ
2919 2248 3186 2320 στοιχείου
3213 2266 3228 2280 ο
3261 2250 3322 2302 ὲν
3367 2249 3433 2302 δὲ
3477 2252 3543 2320 τῇ
3576 2249 3691 2319 περὶ

2113 2342 2250 2396 Θεοῦ
2289 2343 2470 2397 πίστει
2509 2344 2724 2415 ἡγεῖται
2759 2342 2857 2412 μὲν
2902 2343 2936 2412 ὴ
2973 2340 3151 2395 ἔννοια
3185 2342 3219 2412 ἡ
3253 2343 3385 2413 περὶ
3432 2340 3533 2395 τοῦ
3556 2380 3571 2406 ,
3616 2341 3689 2394 ὃτι

2116 2431 2232 2486 ἐστι
2270 2433 2403 2496 Θεός
2425 2450 2441 2464 ο
2473 2432 2678 2501 ταύτην
2712 2430 2771 2484 δὲ
2805 2431 2871 2484 ἐκ
2901 2429 3010 2483 τῶν
3037 2430 3546 2502 δημιουργημάτων
3575 2447 3689 2483 συν-

2117 2523 2341 2596 άγομεν.
2371 2524 2542 2594 Σοφὸν
2583 2524 2694 2598 γὰρ
2712 2565 2728 2589 ,
2769 2506 2873 2578 καὶ.
2909 2523 3131 2577 δυνατὸν
3148 2563 3164 2587 ,
3206 2525 3303 2577 καὶ
3334 2521 3575 2592 ἀγαθὸν,
3607 2522 3690 2575 καὶ

2120 2616 2297 2670 πάντα
2322 2617 2484 2671 αὑτοῦ
2514 2617 2584 2671 τὰ
2610 2618 2820 2688 ἀόρατα
2843 2615 2952 2669 ἀπὸ
2978 2615 3079 2687 τῆς
3109 2614 3204 2667 τοῦ
3238 2614 3450 2685 κόσμου
3475 2614 3689 2677 κτίσεως

2117 2708 2364 2774 νοοῦντες
2417 2706 2872 2781 ὲπιγινώσκομεν.
2932 2705 3089 2760 Οὕτω
3141 2705 3205 2777 δὴ
3266 2706 3364 2759 κα)⁵
3424 2705 3688 2775 Δεσπότην

2118 2801 2325 2855 ἑαυτῶν
2377 2800 2539 2855 αὐτὸν
2587 2797 3015 2870 καταδεχόμεθα.
3071 2796 3289 2866 Ἐπειδὴ
3338 2796 3457 2869 γὰρ
3507 2796 3688 2859 παντὸς

2123 2892 2223 2964 μὲν
2248 2889 2343 2945 τοῦ
2372 2892 2580 2962 κόσμου
2613 2888 2944 2962 δημιουργὸς
2969 2889 2998 2941 ὁ
3020 2887 3181 2952 Θεὸς.
3207 2889 3375 2959 μέρος
3410 2888 3471 2942 δὲ
3500 2889 3690 2959 κόσμω

2121 2984 2284 3055 ἡμεῖς
2303 3022 2318 3049 ,
2351 2982 2444 3036 καὶ
2473 2981 2633 3055 ήμῶν
2664 2983 2772 3054 ἄρα
2799 2980 3129 3053 δημιουργὸς
3159 2980 3190 3032 ό
3230 2979 3386 3042 Θεός.
3432 2980 3615 3051 Ταύτῃ
3640 2980 3691 3033 δὲ

2122 3078 2189 3148 τῇ
2222 3074 2422 3145 γνώσει
2450 3077 2483 3144 ὴ
2507 3075 2689 3139 πίστις
2716 3072 3018 3137 ἀκολουθεῖ,
3046 3071 3141 3126 καὶ
3166 3073 3233 3143 τῇ
3263 3071 3497 3146 τοιαύτῃ
3527 3073 3691 3126 πίστει

2125 3174 2159 3245 ἡ
2188 3172 2578 3245 προσκύνησις.

2194 3265 2252 3321 2.
2279 3264 2394 3320 Νῦν
2422 3265 2480 3320 δὲ
2502 3303 2519 3332 ,
2554 3264 2743 3336 ἐπειδὴ
2762 3265 3077 3339 πολύσημόν
3108 3269 3225 3322 ἔστι
3246 3265 3308 3322 τὸ
3327 3266 3432 3336 τῆς
3456 3264 3691 3335 γνώσεως

2124 3355 2330 3427 ὄνομα,
2373 3357 2423 3409 οἱ
2474 3356 2904 3421 καταπαίζοντες
2940 3357 3051 3412 τῶν
3105 3357 3518 3430 ἀκεραιοτέρων
3540 3395 3557 3420 ,
3609 3356 3692 3410 καὶ

2126 3448 2326 3517 ὁμοίως
2341 3446 2776 3519 ἐπιδεικνύμενοι
2793 3448 2904 3519 (42)
2933 3451 3047 3513 τοῖς
3072 3448 3407 3520 παραδόξοις
3423 3490 3441 3514 ,
3469 3447 3547 3511 ὡς
3571 3448 3615 3501 oi
3642 3448 3691 3498 ὲν

2126 3542 2238 3604 τοῖς
2275 3539 2526 3612 θεάτροις
2558 3542 2617 3594 ὲν
2644 3543 2765 3604 ταῖς
2800 3540 3018 3595 πάντων
3049 3540 3205 3611 ὂψεσι
3230 3540 3329 3604 τὰς
3353 3540 3572 3611 ψήφους
3590 3538 3693 3592 κλέο

2130 3647 2353 3694 πτοντες
2376 3668 2393 3695 ,
2422 3633 2490 3702 τῇ
2537 3631 2803 3704 ἐρωτήσει
2834 3629 2931 3684 τοῦ
2985 3630 3213 3685 καθόλου
3244 3631 3308 3685 τὸ
3340 3633 3455 3686 πᾶν
3507 3647 3690 3700 συναρ-

2129 3720 2413 3785 πάζουσιν.
2478 3720 2697 3793 Ἐπειδὴ
2728 3721 2838 3794 γὰρ
2877 3721 2940 3774 τὸ
2983 3723 3083 3794 τῆς
3109 3721 3364 3792 γνώσεως
3394 3723 3571 3793 ὖνομα
3608 3720 3693 3774 ἐπὶ

2129 3813 2267 3867 πολὺ
2302 3814 2596 3879 διαϐαίνει,
2633 3815 2727 3869 καὶ
2755 3814 2997 3883 γνωστόν
3032 3816 3085 3868 τί
3123 3816 3242 3869 ἐστι
3264 3854 3280 3881 ,
3315 3814 3380 3868 τὸ
3428 3816 3531 3887 μιν
3569 3812 3691 3866 κατὰ

2126 3905 2362 3978 ἀριθμὸν
2381 3945 2398 3970 ,
2434 3907 2494 3961 τὸ
2520 3907 2580 3960 δὲ
2611 3906 2754 3961 κατά
2785 3908 3049 3978 μέγεθος,
3094 3909 3158 3962 τὸ
3189 3909 3246 3965 δὲ
3275 3909 3425 3962 κατά
3457 3908 3689 3978 δύναμιν,

2129 3995 2192 4048 τὸ
2225 3995 2284 4048 δὲ
2317 3995 2459 4049 κατά
2500 3996 2591 4050 τὸν
2638 3997 2839 4069 τρόπον
2868 3997 2969 4070 τῆς
3013 3997 3329 4071 ὑπάρξεως,
3371 3999 3436 4053 τὺ
3472 4000 3531 4055 δὲ
3565 3997 3691 4052 κατὰ

2128 4084 2220 4138 τὸν
2244 4084 2435 4156 χρόνον
2463 4087 2563 4158 τῆς
2591 4090 2920 4160 γεννήσεως,
2961 4088 3021 4142 τὸ
3044 4088 3102 4143 δὲ
3129 4090 3250 4143 κατ’
3282 4090 3476 4144 οὐσίαν
3496 4108 3510 4123 ·
3538 4083 3689 4151 οὗτοι,

2129 4178 2187 4231 ὲν
2232 4179 2549 4250 ἐρωτήματι
2584 4179 2696 4251 (45)
2746 4180 2807 4234 τὸ
2845 4181 2964 4235 ὅλον
3012 4181 3573 4255 παραλαμϐάνοντες,
3607 4180 3691 4236 ἐὰν

2133 4268 2234 4340 μὲν
2282 4269 2523 4325 λάϐωσιν
2574 4272 2722 4342 ἡμᾶς
2754 4270 3148 4342 ὁμολογοῦντας
3167 4311 3183 4337 ,
3219 4275 3304 4328 ὅτι
3340 4273 3688 4343 γινώσκομεν,

2130 4364 2453 4418 ἀπαιτοῦσιν
2501 4366 2651 4435 ἡμᾶς
2682 4365 2780 4437 τῆς
2836 4365 3022 4430 οὐσίας
3075 4367 3176 4438 τὴν
3233 4366 3474 4438 εἴδησινο
3519 4366 3611 4422 ἐὰν
3640 4364 3690 4417 δὲ

452 4470 502 4524 si
534 4483 663 4524 vero
700 4483 803 4523 nos
848 4467 1090 4523 viderint
1132 4467 1188 4521 in
1241 4465 1562 4521 afﬁrmando
1607 4465 1870 4530 timidos,
1924 4465 2022 4519 im-

2134 4455 2317 4510 ῐδωσιν
2345 4458 2491 4528 ἡμᾶς
2526 4456 2960 4529 εὐλαϐουμένους
2994 4456 3132 4530 πρὸς
3156 4458 3254 4535 τὴν
3283 4459 3581 4529 ἀπόφασιν,
3608 4471 3691 4508 πε-

452 4559 675 4630 pictatis
728 4558 909 4612 labem
965 4555 1125 4612 nobis
1183 4553 1463 4625 afﬁngunt.
1495 4555 1610 4613 Nos
1642 4570 1774 4611 vero
1802 4555 1857 4610 id
1879 4554 2026 4625 quod

452 4652 524 4706 de
552 4648 667 4704 Deo
731 4655 916 4719 potest
967 4646 1251 4717 cognosci,
1286 4646 1429 4701 scire
1480 4645 1836 4709 conﬁtemur,
1883 4646 2027 4701 scire

453 4752 638 4796 autem
668 4754 887 4803 rursus,
926 4738 1060 4809 quid
1086 4745 1335 4792 nostram
1382 4736 1555 4808 fugiat
1580 4736 2022 4808 intelligentiam.

455 4829 928 4897 Quemadmodum
968 4829 1136 4899 igitur
1185 4827 1288 4882 sia
1338 4840 1424 4881 me
1480 4827 1784 4883 scisciteris
1831 4841 1900 4882 an
1933 4843 2029 4883 co-

455 4936 715 4992 gnoscam
749 4921 882 4992 quid
909 4921 983 4976 sit
1016 4934 1206 4983 arena,
1233 4934 1429 4989 meque
1458 4918 1603 4974 scire
1633 4919 2026 4988 respondeam;

454 5012 750 5072 manifeste
786 5010 1247 5076 calumniaberis,
1277 5009 1325 5066 si
1357 5009 1541 5066 statim
1567 5018 1621 5066 et
1650 5010 1801 5066 illius
1830 5024 2029 5066 nume-

530 5147 552 5168 ⁴
579 5143 731 5199 Alias
762 5141 982 5199 CCCCL
1013 5140 1242 5212 Scripta
1257 5155 1401 5212 anno
1428 5142 1554 5199 376.

529 5214 640 5286 (59)
663 5216 1036 5286 Πισζερομεγ
1046 5210 1165 5286 per}
1178 5210 1280 5277 τῷ.
1303 5211 1407 5286 Sic
1418 5214 1637 5286 codices
1656 5226 1790 5270 mss.
1815 5227 2031 5268 summo

457 5282 755 5353 consensui,
795 5282 935 5337 Editi
967 5282 1295 5352 πιστεύομεν
1327 5284 1421 5337 καὶ
1447 5282 1543 5353 τῷ.

534 5355 644 5424 (40)
676 5351 761 5418 Τῷ
780 5353 960 5425 αὐτῷ.
1011 5353 1109 5408 Hic
1148 5351 1340 5425 titulus
1373 5351 1694 5425 desumptus
1721 5369 1788 5410 cx
1829 5352 2035 5409 codici-

460 5419 565 5480 bus
589 5419 751 5487 Med.,
785 5424 957 5479 Coisl.
985 5426 1161 5493 primo
1181 5430 1234 5474 et
1257 5419 1539 5493 Vaticano.

534 5495 644 5561 (41)
681 5494 793 5547 Καὶ
820 5491 1105 5564 “addita.
1141 5491 1490 5559 Conjunctio,
1514 5509 1635 5564 qua!
1657 5493 1811 5551 deest
1838 5493 1895 5548 in
1921 5491 2037 5548 edi-

464 5564 783 5635 tis,legitur
816 5566 869 5635 i_n
901 5563 1089 5618 decem
1113 5564 1317 5635 nostris
1349 5563 1653 5620 codicibus.

534 5633 659 5705 (42f
689 5633 1211 5705 ‘Emdetxroneroc
1258 5634 1481 5705 Legitur
1520 5636 1578 5690 in
1643 5648 1740 5689 sex
1773 5648 1912 5705 mss.
1944 5633 2034 5684 ἐν-

463 5702 913 5773 επιδεικνύμενοι.
946 5702 1049 5759 Sed
1074 5712 1186 5760 tres
1208 5702 1569 5762 vetustissimi
1591 5719 1714 5760 cum
1732 5702 1890 5761 editis
1912 5717 2038 5759 con-

464 5774 728 5829 sentiunt.

2131 4549 2477 4620 ριτρέπουσιν
2526 4550 2658 4621 ἡμῖν
2708 4550 2806 4620 τῆς
2858 4549 3114 4614 ἀσεϐείας
3165 4551 3228 4604 τὺ
3283 4550 3505 4614 ὄνειδος.
3567 4544 3689 4600 Ἀλλ’

2129 4643 2290 4711 ἡμεῖς
2316 4640 2517 4694 εἰδέναι
2554 4641 2653 4711 μὲν
2672 4641 3040 4712 ὁμολογοῦμεν
3068 4643 3130 4695 τὸ
3160 4642 3404 4712 γνωστὸν
3428 4641 3523 4696 τοῦ
3547 4635 3686 4703 Θεοῦ,

2129 4731 2326 4785 εἰδέναι
2349 4732 2462 4803 (44)
2489 4731 2549 4786 δέ
2577 4750 2631 4786 τι
2673 4732 2836 4786 πάλιν
2872 4733 2901 4786 ὃ
2935 4733 3192 4803 ἐκφεύγει
3221 4734 3379 4805 ἡμῶν
3411 4734 3509 4805 τὴν
3538 4731 3688 4786 κατά-

2129 4820 2309 4891 ληψινο
2351 4823 2440 4886 Ὠς
2469 4819 2562 4877 οὖν
2599 4823 2695 4877 ἐάν
2736 4841 2803 4895 με
2834 4822 3147 4896 ἐρωτήσῃς,
3190 4826 3240 4878 εί
3282 4821 3403 4879 οἶδα
3427 4865 3441 4890 ,
3474 4824 3528 4877 τί
3556 4825 3687 4875 ἐστιν

2131 4915 2312 4986 ἄμμος
2336 4954 2353 4978 ,
2382 4915 2487 4969 κᾶν
2526 4915 2912 4988 ἀποκρίνωμαι
2945 4915 3057 4987 (45)
3077 4955 3092 4979 ,
3129 4917 3213 4970 ὅτι
3247 4917 3575 4987 ὲπίσταμαν
3605 4930 3687 4966 συ·

2131 5010 2491 5081 κοφαντήσεις
2529 5010 2838 5083 προδήλως,
2883 5009 2982 5064 ἐὰν
3021 5009 3182 5074 εὐθὺς
3217 5011 3313 5064 καὶ
3349 5009 3442 5064 τὸν
3477 5006 3687 5079 ἀριθμὸν

2204 5139 2316 5207 (45)
2340 5138 2436 5191 Ἐν
2447 5137 2791 5206 ἐρωτήματι.
2807 5136 2941 5209 Reg.
2960 5137 3256 5201 secundus,
3275 5135 3451 5192 Paris.
3472 5146 3526 5193 et
3538 5133 3682 5190 Coisl.

2133 5209 2520 5279 secunduséyl.
2546 5209 2884 5279 ἐρωτήματι,
2914 5225 3025 5279 una
3050 5210 3481 5279 interrogatione.

2206 5279 2317 5348 (44)
2335 5273 2597 5333 ensem“.
2617 5273 2840 5349 Legitur
2865 5279 2938 5349 μὴ
2958 5278 3157 5349 εἰδέναι
3174 5279 3228 5332 in
3249 5273 3418 5349 Regio
3444 5273 3684 5349 secundo,

2135 5347 2235 5403 οὐκ
2264 5349 2461 5402 εἰδέναι
2498 5349 2551 5403 in
2581 5347 2772 5404 codice
2797 5347 3028 5418 insignis
3062 5347 3681 5403 Ecclesiae'Parisiensis.

2139 5418 2243 5474 Sed
2274 5419 2471 5491 melius
2504 5420 2595 5491 alii
2630 5420 2852 5491 codices
2886 5434 3021 5475 mss.
3052 5427 3119 5491 et,
3139 5418 3271 5473 editi
3304 5421 3586 5491 negatione
3610 5430 3685 5491 ca_-

2136 5498 2276 5544 rent.
2306 5488 2431 5542 Haac
2454 5489 2600 5543 enim
2626 5490 2672 5543 si
2696 5497 3082 5558 apponeretur,
3109 5483 3404 5558 legendum
3418 5495 3557 5545 esset
3584 5503 3597 5538 :
3621 5483 3682 5554 μὴ

2137 5559 2355 5619 εἰδέναι,
2385 5560 2470 5630 ὅτι
2514 5559 2678 5612 πάλιν
2725 5557 3003 5627 ἐκφεύγει,
3040 5557 3263 5614 Nescire
3307 5561 3443 5630 quod
3472 5568 3683 5613 nostram

2138 5631 2276 5699 fugit
2305 5629 2730 5698 intelligentiam.

2211 5700 2805 5823 (ῒὲζαῖποκρίνωαω.
2842 5700 2917 5758 lta
2947 5716 3078 5760 mss.
3112 5699 3375 5773 plerique.
3404 5700 3538 5757 Editi
3564 5698 3680 5753 ἀτω-

2141 5786 2413 5842 κρινομαι.
