3900 6208
237 288 349 343 873

1126 281 1615 340 EPISTOLARUM
1648 280 1935 337 CLASSIS
1974 279 2038 337 ll.
2060 279 2279 336 EPIST.
2321 279 2627 336 CCXXXV’.

3403 280 3507 336 876

240 407 417 476 αὐτῆς
447 407 759 479 άπαιτήσῃς
782 423 796 438 ο
832 405 964 459 διότι
994 407 1026 477 ή
1070 407 1165 477 μὲν
1203 404 1393 476 πρώτη
1430 422 1524 457 σου
1559 402 1828 475 ἐρώτησις
1859 454 1861 461 ,

1950 417 2054 455 ἰιιιι
2106 415 2413 470 exposcas;
2471 402 2601 471 quia
2661 400 2834 469 prima
2887 408 2982 454 tua
3033 399 3388 471 interrogatio
3438 403 3507 457 ad

238 500 386 569 πρὸς
413 498 476 551 τὸ
504 493 643 562 εἶδος
672 498 831 569 ἔφερε
866 498 963 568 τῆς
1000 498 1185 568 ἄμμου
1208 536 1223 558 ,
1256 498 1289 566 ἠ
1318 496 1374 548 δὲ
1400 495 1626 566 δευτέρα
1664 510 1826 547 συκοι-

242 590 447 658 φαντία
478 590 605 661 περὶ
633 590 723 642 τὸν
750 590 982 661 ἀριθμὸν
1012 589 1183 657 αὐτῆς
1203 588 1567 659 περιετράπη.
1604 587 1830 657 Ὄμοιόν

242 681 365 735 ἐστι
400 681 557 734 τοῦτο
584 683 645 734 τὸ
675 683 916 750 σόφισμα
946 680 1024 751 τῷ
1051 680 1263 749 λέγοντι
1293 694 1307 707 ·
1339 674 1501 742 Οἶδας
1524 678 1828 750 Τιμόθεον;

246 771 463 826 Οὐκοῦν
505 771 599 824 ἐὰν
647 771 909 842 Τιμόθεον
938 768 1121 835 οῐδας,
1155 767 1309 835 οἶδας
1362 769 1527 824 αὑτοῦ
1584 771 1678 823 καί
1732 769 1831 840 τὴν

248 863 419 932 φύσιν
452 880 467 893 ⁸
517 864 654 917 ἀλλὰ
712 865 818 933 μὴν
861 862 1221 934 ὡμολόγησας
1279 863 1477 915 εἰδέναι
1529 861 1829 931 Τιμόθεον,

249 953 454 1017 ἀπόδος
493 953 668 1005 τοίνυν
696 956 829 1023 ἡμῖν
869 954 958 1006 τὸν
985 953 1141 1020 λόγον
1169 954 1266 1020 τῆς
1296 951 1559 1023 Τιμοθέου
1594 951 1827 1020 φύσεως.

264 1044 410 1111 Ἐγὼ
452 1044 509 1098 δὲ
543 1046 638 1098 καὶ
669 1041 784 1098 οἶδα
829 1044 1126 1115 Τιμόθεον,
1165 1045 1258 1097 καὶ
1295 1044 1394 1097 οὐκ
1430 1038 1585 1097 οἶδαο
1618 1045 1678 1096 οὐ
1726 1044 1833 1114 μὴν

252 1136 399 1188 κατά
431 1135 623 1187 ταυτὸν
647 1176 661 1199 ,
692 1136 788 1188 καὶ
818 1138 877 1189 ὲν
906 1135 985 1205 τῷ
1018 1134 1185 1205 αὐτῷ.
1221 1136 1295 1189 Οὐ
1335 1135 1444 1206 γὰρ
1477 1135 1598 1187 καθ’
1631 1135 1659 1187 ὃ
1695 1130 1830 1199 οἶδα,

252 1228 400 1281 κατά
433 1228 590 1281 τοῦτο
624 1228 717 1280 καὶ⁸
745 1227 843 1281 οὐκ
874 1224 1027 1281 οἶδα·
1075 1227 1211 1282 ἀλλά
1252 1230 1373 1281 κατ’
1407 1228 1534 1281 ἄλλο
1566 1229 1663 1297 μὲν
1694 1224 1831 1293 οἶδα,

252 1321 379 1373 κατ’
414 1319 541 1374 ἄλλο
598 1318 652 1371 δὲ
705 1318 902 1388 ἀγνοῶ.
961 1315 1093 1372 Οἶδα
1162 1320 1258 1389 μὲν
1309 1319 1417 1390 γὰρ
1480 1320 1640 1372 αὑτὸν
1694 1320 1835 1374 κατά

252 1410 350 1462 τὸν
413 1409 737 1480 χαρακτῆρα
765 1449 780 1473 ,
822 1409 915 1461 καὶ
963 1409 1029 1461 τὰ
1082 1408 1248 1462 λοιπά
1300 1408 1605 1480 ἰδιώματα·
1657 1410 1835 1478 ἀγνοῶ

251 1500 316 1555 δὲ
356 1500 519 1554 αὐτοῦ
560 1501 657 1571 τὴν
697 1500 904 1553 οὐσίαν.
950 1501 1103 1553 Ἐπεὶ
1136 1502 1231 1554 καὶ
1274 1501 1508 1571 ἐμαυτὸν
1541 1500 1683 1556 οὕτω
1709 1501 1835 1555 τού-

253 1609 338 1661 τῳ
387 1592 465 1662 τῷ
514 1592 658 1662 λόγῳ
712 1594 806 1645 καὶ
851 1586 967 1645 οἶδα
1020 1593 1112 1645 καὶ
1159 1592 1357 1660 ἀγνοῶ.
1404 1588 1534 1645 Οἶδα
1586 1593 1683 1663 μὲν
1728 1593 1837 1663 γὰρ

257 1684 495 1753 ἐμαυτὸν
538 1684 685 1747 ὅστις
732 1683 886 1754 εἰμί’
926 1684 1026 1736 οὐκ
1063 1679 1180 1737 οἶδα
1223 1683 1315 1747 δὲ,
1356 1683 1491 1738 καθὸ
1527 1684 1624 1755 τὴν
1650 1684 1837 1738 οὐσίαν

254 1793 369 1846 μου
408 1776 605 1845 ἀγνοῶ.

334 1954 388 2007 ’5.
430 1953 584 2006 Ἐπεὶ
614 1952 1077 2023 ὲξηγησάσθωσαν
1112 1954 1273 2023 ἡμῖν,
1302 1952 1420 2017 πῶς
1445 1948 1597 2007 εἶπεν
1631 1956 1657 2007 6
1695 1955 1844 2008 Παῦ-

257 2044 381 2107 λος,
414 2044 495 2097 ὃτι
533 2044 663 2098 Νηῦν
686 2044 805 2112 μὲν
827 2043 903 2097 ἐκ
924 2044 1147 2113 μέρους
1179 2044 1572 2114 γινώσκομεν.
1600 2042 1746 2117 Ἀρα
1779 2050 1844 2101 ὲκ

259 2136 469 2205 μέρους
502 2134 598 2205 τὴν
637 2135 824 2189 οὐσίαν
861 2135 1025 2187 αὑτοῦ
1079 2133 1457 2204 γινώσκομεν,
1503 2137 1666 2190 οἱονεὶ
1704 2138 1842 2208 μέρη

257 2226 363 2293 τῆς
396 2222 582 2286 οὐσίας
614 2222 779 2276 αὐτοῦ
822 2224 1201 2296 γινώσκομεν;
1250 2225 1389 2279 Ἀλλ’
1427 2227 1659 2288 ἄτοπον,
1708 2228 1846 2297 ἀμεα

260 2314 367 2385 ρὴς
426 2314 535 2387 γὰρ
588 2318 616 2368 6
674 2315 824 2380 Θεός.
886 2316 1025 2369 Ἀλλ’
1069 2316 1197 2388 ὅλην
1243 2318 1411 2390 αὐτὴν
1458 2319 1844 2390 γινώσκομεν;

262 2407 393 2470 Πῶς
431 2402 558 2469 οὖν,
592 2408 776 2461 Ὅταν
803 2409 950 2477 ἔλθῃ
996 2408 1062 2461 τὸ
1091 2409 1326 2463 τέλειον
1346 2451 1362 2475 ,
1413 2410 1480 2464 τὸ
1515 2412 1585 2465 ἐκ
1624 2413 1848 2480 μέρους

262 2502 780 2571 καταργηθήσεται
792 2519 811 2567 ;
854 2505 916 2557 Ui
957 2503 1015 2557 δὲ
1053 2504 1431 2577 εἰδωλολάτραι
1476 2506 1528 2559 τί
1560 2502 1849 2573 ἐγκαλοῦν-

259 2609 390 2659 ται;
437 2594 549 2665 Οὐχ
584 2595 694 2657 ὅτι,
728 2594 943 2662 γνόντες
976 2595 1068 2649 τὸν
1096 2595 1262 2661 Θεὸν,
1298 2596 1397 2666 οὺχ
1434 2596 1511 2658 ὡς
1549 2596 1682 2648 Θεὸν
1730 2594 1848 2648 ἐδό-

263 2685 471 2752 ξασαν;
512 2687 582 2739 Ἤ
610 2686 849 2740 Γαλάται
881 2687 994 2759 (ιδ)
1032 2688 1087 2740 δὲ
1114 2690 1163 2741 οἱ
1194 2688 1411 2759 ἀνόητοι
1441 2687 1546 2742 ὑπὸ
1578 2687 1672 2741 τοῦ
1703 2687 1850 2742 Παύ-

262 2777 361 2833 λου
390 2778 482 2832 διὰ
511 2779 565 2832 τί
597 2777 975 2844 ὀνειδίζονται,
1021 2780 1270 2848 λέγοντος
1289 2797 1304 2811 ο
1346 2781 1497 2834 Νυνὶ
1537 2779 1607 2833 δὲ
1628 2821 1643 2846 ,
1672 2782 1847 2850 γνόν-

261 2887 369 2934 τες
397 2870 505 2924 τὸν
537 2871 684 2925 Θεὸν
704 2912 720 2936 ,
744 2870 985 2940 μᾶλλον
1013 2871 1081 2924 δὲ
1116 2870 1485 2941 γνωσθέντες
1522 2872 1641 2926 ὑπὸ
1674 2874 1841 2938 Θεοῦ,

260 2962 398 3029 ,πῶς
427 2963 815 3033 ἐπιστρέφετε
844 2963 1031 3018 πάλιν
1062 2964 1158 3018 ἐπὶ
1191 2965 1263 3019 τὰ
1303 2964 1535 3032 ἀσθενῆ
1567 2968 1663 3020 καί
1694 2982 1845 3020 πτω-

1931 508 2111 547 arena:
2146 493 2385 563 speciem
2420 492 2723 563 spectabat,
2755 492 3026 562 posterior
3065 508 3194 546 vero
3232 493 3509 547 calumnia

1930 585 1997 639 ad
2046 586 2195 640 illius
2261 600 2550 639 numerum
2606 582 2866 639 deﬂectit.
2926 585 3210 654 Ejusmodi
3257 594 3341 641 est
3405 586 3510 641 hoc

1929 677 2207 746 sophisma
2264 692 2326 731 ac
2380 676 2426 732 si
2471 676 2599 747 quis
2657 677 2805 731 dicat
2852 696 2865 731 :
2912 675 3066 733 Nosti
3112 675 3511 733 Timotheum?

1931 767 2185 823 Profecto
2218 769 2264 823 si
2296 767 2645 823 Timotheum
2683 769 2853 834 nosti,
2898 771 3043 823 nosti
3080 778 3132 823 et
3161 769 3305 824 illius
3350 777 3509 824 natus

1932 876 2048 915 ram
2078 876 2090 911 :
2128 860 2223 915 sed
2252 876 2582 931 cognoscere
2614 870 2665 916 te
2704 859 3049 914 Timotheum
3081 860 3372 917 confessus
3401 877 3459 918 es
3493 882 3507 917 :

1933 953 2100 1008 redde
2165 954 2331 1023 igitur
2389 954 2548 1009 nobis
2623 953 2892 1007 rationem
2944 950 3216 1007 Timothei
3280 962 3507 1008 naturae.

1933 1042 2046 1114 Ego
2073 1060 2204 1099 vero
2241 1054 2295 1099 et
2330 1046 2454 1099 novi
2492 1044 2840 1099 Timotheum
2872 1084 2886 1109 ,
2919 1053 2973 1098 et
3026 1059 3135 1099 non
3191 1045 3352 1112 novi,
3402 1060 3513 1099 non

1933 1137 2152 1208 quidem
2188 1138 2487 1193 secundum
2524 1137 2770 1193 eamdem
2796 1136 3102 1203 rationem,
3136 1144 3190 1192 et
3229 1136 3284 1190 in
3319 1136 3512 1191 eodem

1932 1244 2154 1300 genere.
2208 1228 2324 1283 Non
2376 1230 2523 1285 enim
2578 1228 2879 1284 secundum
2930 1227 3077 1299 quod
3111 1228 3279 1290 novi,
3316 1245 3513 1284 sccun~

1936 1320 2065 1374 dum
2096 1320 2226 1374 illud
2255 1328 2311 1374 et
2346 1336 2455 1374 non
2489 1321 2651 1387 novi;
2686 1319 2782 1374 sed
2818 1320 3121 1375 secundum
3166 1321 3314 1375 aliud
3351 1321 3513 1384 novi,

1935 1418 1991 1465 et
2040 1411 2346 1466 secundum
2406 1410 2555 1465 aliud
2614 1425 2724 1464 non
2776 1412 2925 1465 novi.
2990 1409 3123 1465 Novi
3170 1412 3316 1465 enim
3363 1412 3517 1465 illum

1936 1503 2238 1597 secundum
2288 1502 2517 1573 ﬁguram
2548 1517 2614 1557 ac
2654 1502 2893 1572 reliquas
2915 1502 3276 1572 proprietates
3313 1521 3327 1557 :
3371 1502 3519 1557 illius

1939 1594 2085 1649 vero'
2115 1595 2311 1667 ignoro
2344 1596 2665 1651 essentiam.
2717 1594 2855 1648 Nam
2906 1595 2986 1649 sic
3016 1604 3073 1650 et
3126 1610 3212 1650 me
3252 1596 3370 1664 ipse
3417 1594 3520 1648 hac

1942 1685 2156 1740 ratione
2194 1696 2248 1741 et
2299 1687 2427 1740 novi
2465 1698 2520 1740 et
2566 1702 2678 1741 non
2713 1687 2860 1741 novi.
2905 1684 3042 1741 Novi
3073 1687 3218 1741 enim
3252 1686 3379 1756 quis
3403 1686 3522 1756 ipse

1870 1767 1912 1821 Β
1941 1778 2043 1833 sim
2076 1798 2089 1833 :
2121 1793 2233 1832 non
2269 1778 2397 1833 novi
2443 1788 2627 1833 autem
2658 1818 2674 1842 ,
2726 1786 3001 1848 quatenus
3047 1786 3303 1833 naturam
3344 1793 3520 1833 meam

1943 1887 2157 1943 ignoro.

2013 1965 2064 2019 5.
2109 1964 2329 2034 Alioqui
2378 1971 2658 2034 exponant
2697 1963 2859 2019 nobis
2918 1964 3056 2028 isti,
3108 1965 3382 2034 quomodo
3439 1966 3524 2018 di-

1946 2056 2088 2110 xerit
2138 2055 2341 2111 Paulus
2401 2072 2414 2107 :
2459 2055 2617 2109 Nunc
2668 2056 2874 2125 quidem
2944 2070 3009 2111 ea:
3058 2065 3207 2125 parte
3254 2058 3526 2127 cognosci-

1945 2164 2062 2201 mus
2084 2147 2150 2201 ‘°.
2206 2146 2348 2202 Num
2388 2146 2553 2217 igitur
2606 2162 2675 2202 ex
2726 2155 2881 2217 parte
2910 2146 3205 2203 essentiam
3246 2147 3397 2201 illius
3427 2162 3524 2201 co-

1947 2239 2290 2309 gnoscimus,
2327 2253 2391 2292 ac
2417 2237 2583 2291 veluti
2616 2245 2801 2307 partes
2830 2236 3086 2293 essentia:
3133 2236 3280 2292 illius
3328 2251 3526 2306 cogno-

1948 2330 2188 2386 scimus?
2223 2329 2329 2385 Sed
2366 2329 2471 2383 boc
2503 2335 2590 2384 est
2614 2328 2938 2393 absurdum,
2985 2328 3256 2398 siquidem
3286 2330 3522 2398 partium

1947 2438 2143 2493 expers
2193 2423 2356 2478 Deus.
2420 2423 2504 2476 An
2556 2422 2851 2477 essentiam
2887 2428 3054 2475 totam
3102 2421 3530 2492 cognoscimus?

1948 2511 2235 2579 Quomodo
2264 2512 2431 2582 igitur
2462 2510 2746 2583 subjungit
2781 2533 2794 2567 :
2833 2510 2967 2567 Cum
3000 2512 3192 2566 venerit
3224 2512 3362 2582 quod
3408 2528 3530 2581 per-

1948 2604 2142 2672 fectum
2193 2613 2271 2658 est
2306 2643 2321 2669 ,
2381 2603 2722 2658 evacuabitur
2777 2602 2916 2674 quod
2975 2618 3041 2658 ex
3114 2613 3263 2673 parte
3331 2616 3409 2658 est
3442 2606 3530 2661 ⁵⁵η.

1947 2694 2068 2750 1am
2118 2710 2251 2750 vero
2298 2694 2601 2750 idololatrze
2653 2710 2755 2750 cur
2784 2696 3110 2750 incusantur
3137 2695 3161 2747 ’ί
3190 2693 3380 2751 Nonne
3408 2695 3531 2750 ideo

1948 2787 2096 2858 quod
2152 2795 2553 2859 cognoscentes
2602 2786 2815 2850 Deum,
2877 2803 2987 2841 non
3046 2794 3304 2858 tanquam
3362 2786 3531 2842 Deum

1946 2876 2419 2947 gloriﬁcaverint?
2473 2876 2582 2930 Aut
2636 2876 2802 2930 etiam
2834 2874 3041 2931 Galatas
3076 2876 3256 2931 insani
3284 2892 3384 2930 cur
3414 2892 3533 2947 pro-

1946 2969 2063 3024 bris
2094 2967 2403 3023 alliciuntur
2447 2984 2477 3023 a
2517 2967 2725 3033 Paulo,
2780 2968 2873 3038 qui
2924 2969 3058 3022 dicit
3105 2985 3117 3019 :
3160 2966 3316 3022 Nunc
3358 2978 3533 3022 autem

264 3056 349 3126 χά
380 3056 690 3125 στοιχεῖα;
724 3057 971 3121 Γνωστὸς
999 3056 1055 3109 δὲ
1100 3057 1217 3120 πῶς
1250 3053 1319 3129 ἦν
1355 3060 1414 3113 ἐν
1449 3063 1514 3132 τῇ
1562 3060 1792 3133 Ἰουδαίᾳ
1817 3060 1844 3113 ὁ

1955 3078 2073 3116 cum
2121 3062 2476 3133 cogitaveritis
2504 3060 2693 3127 Deum,
2727 3062 2834 3115 imo
2867 3062 3065 3132 cogniti
3106 3061 3227 3117 sitis
3280 3078 3313 3113 a
3357 3059 3466 3116 Deo
3511 3079 3530 3116 :

260 3146 438 3212 Θεός;
478 3142 620 3219 Ἀρα
674 3148 861 3221 ἐπειδὴ
901 3151 958 3201 ὲν
1010 3151 1075 3221 τῇ
1129 3149 1361 3223 Ἰουδαίᾳ
1415 3152 1448 3222 ή
1495 3152 1682 3216 οὐσία,
1730 3154 1852 3222 ἥτις

267 3239 403 3293 ποτὲ
439 3240 548 3309 (47)
584 3236 650 3313 ἦν
674 3284 686 3305 ,
726 3242 1079 3315 ἐπεγνώσθη;
1121 3245 1310 3314 Ἔγνω
1333 3283 1348 3309 ,
1381 3244 1724 3315 φησὶ,βοῦς
1748 3247 1854 3300 τὸν

265 3333 653 3402 κτησάμενον
688 3337 876 3388 αὐτόν
903 3335 1013 3406 (48)
1033 3353 1047 3366 ο
1080 3335 1320 3407 δηλονότι
1345 3339 1373 3390 6
1402 3336 1528 3407 βοῦς
1556 3338 1678 3391 καθ’
1710 3340 1854 3410 ὑμᾶς

267 3425 416 3492 ἔγνω
452 3425 550 3496 τὴν
574 3426 759 3479 οὐσίαν
789 3424 883 3479 τοῦ
917 3426 1105 3499 κυρίου
1125 3442 1139 3455 °
1169 3427 1266 3480 καὶ
1300 3427 1441 3493 ὄνος
1473 3428 1589 3497 τὴν
1614 3429 1856 3499 φάτνην

267 3518 383 3572 τοῦ
411 3519 621 3586 κυρίου
646 3519 853 3574 αὐτοῦ.
879 3520 1060 3589 Ἔγνω
1084 3515 1177 3574 οὖν
1204 3523 1298 3575 καὶ
1322 3523 1350 3573 6
1374 3521 1496 3586 ὄνος
1523 3521 1623 3591 τῆς
1647 3524 1855 3593 φάτνης

269 3610 374 3681 τὴν
424 3611 647 3664 οὐσίαν.
714 3612 953 3679 Ἰσραὴλ
989 3611 1057 3665 δέ
1098 3629 1207 3681 με,
1268 3614 1470 3683 φησὶν,
1514 3616 1627 3668 οὐκ
1677 3615 1852 3684 ἔγνω.

271 3702 446 3755 Τοῦτο
472 3702 783 3770 ἐγκαλεῖται
815 3702 935 3755 καθ’
967 3705 1110 3774 ὑμᾶς
1147 3703 1381 3779 Ἰσραὴλ,
1413 3704 1496 3757 ὃτι
1522 3704 1618 3776 τὴν
1643 3705 1852 3767 οὐσίαν,

267 3795 400 3863 ἣτις
446 3793 575 3846 ποτέ
625 3795 739 3846 ἐστι
768 3836 782 3859 ,
842 3795 937 3848 τοῦ
979 3793 1114 3848 Θεοῦ
1166 3796 1267 3849 οὐκ
1310 3795 1545 3864 ἐπέγνω.
1584 3796 1853 3865 Ἕκχεον,

274 3886 447 3956 φησὶ,
488 3886 603 3953 τὴν
633 3884 821 3955 ὀργήν
865 3902 981 3941 σου
1025 3887 1123 3940 ἐπὶ
1175 3888 1247 3942 τὰ
1280 3867 1424 3956 ἔθνη
1458 3887 1531 3941 τὰ
1568 3886 1655 3956 μὴ
1689 3887 1854 3955 γινώο

271 3979 507 4034 σκοντά
539 3996 642 4034 σε·
677 3981 961 4043 τουτέστι,
995 3980 1066 4034 τὰ
1095 3981 1195 4052 τὴν
1234 3981 1424 4035 οὐσίαν
1458 3996 1552 4032 σου
1598 3981 1673 4050 μὴ
1722 3996 1855 4032 κατ-

274 4070 557 4144 ειληφότα.
620 4072 783 4126 Ἀλλά
812 4072 1093 4144 πολλαχῶς
1145 4075 1178 4143 ἡ
1224 4073 1460 4141 γνῶσις,
1503 4071 1579 4135 ῶς
1624 4071 1853 4142 ἔφαμεν.

275 4160 356 4212 Ἥ
382 4176 441 4212 τε
472 4160 580 4231 γὰρ
619 4160 713 4213 τοῦ
746 4160 1029 4224 κτίσαντος
1079 4163 1227 4230 ἡμᾶς
1264 4160 1481 4225 σύνεσις
1502 4201 1517 4225 ,
1564 4161 1716 4232 καὶὴ
1750 4161 1859 4215 τῶν

276 4249 597 4321 θαυμασίων
639 4251 804 4306 αὐτοῦ
851 4253 1178 4323 κατανόησις
1202 4295 1218 4319 ,
1266 4254 1361 4307 καὶ
1398 4256 1431 4325 ἡ
1477 4254 1707 4325 τήρησις
1748 4252 1859 4307 τῶν

277 4344 509 4399 ἐντολῶν
531 4385 545 4408 ,
577 4345 672 4399 καὶ
696 4348 730 4417 ἡ
759 4347 1031 4411 οἰκείωσις
1062 4350 1096 4418 ἡ
1129 4348 1265 4419 πρὸς
1292 4348 1474 4402 αὐτόν.
1505 4346 1572 4403 Οἱ
1597 4348 1685 4412 δὲ,
1718 4348 1859 4402 πάν-

1955 3157 2214 3225 quomodo
2265 3155 2629 3208 convertimini
2663 3155 2857 3208 iterum
2913 3153 2981 3208 ad
3026 3155 3242 3223 inﬁrma
3282 3164 3332 3211 et
3371 3172 3533 3226 egena

1954 3248 2215 3302 elementa
2236 3246 2333 3300 ὀἳ
2385 3245 2671 3312 Quomodo
2724 3258 2904 3301 autem
2974 3247 3229 3317 cognitus
3308 3256 3426 3302 erat
3477 3248 3532 3302 in

1953 3336 2139 3393 Judtea
2175 3336 2367 3394 Deus?
2422 3337 2504 3390 An
2535 3338 2665 3407 quia
2701 3337 2753 3390 in
2795 3335 2981 3391 Judma
3013 3344 3202 3391 notum
3250 3345 3369 3392 erat
3398 3353 3534 3408 qua—

1956 3430 2025 3484 lis
2077 3437 2209 3483 tunc
2236 3436 2385 3484 esset
2438 3428 2585 3481 illius
2617 3426 2908 3482 essentia?
2963 3426 3254 3497 Cognovit,
3315 3429 3490 3497 inquit
3516 3468 3530 3489 ,

1957 3522 2048 3575 bos
2103 3535 2459 3590 possessorem
2503 3520 2749 3574 suum“.
2806 3517 3028 3573 Scilicet
3094 3530 3280 3575 vestro
3320 3520 3533 3588 judicio

1954 3612 2118 3684 360
2150 3613 2249 3667 bos
2284 3612 2438 3666 novit
2467 3612 2764 3666 essentiam
2794 3611 2932 3664 heri.
2982 3608 3051 3662 Et
3074 3611 3257 3664 asinus
3298 3627 3531 3681 prwsepe

1956 3704 2157 3757 domini
2190 3704 2295 3757 sui.
2326 3702 2487 3757 Novit
2516 3703 2686 3773 igitur
2707 3702 2870 3756 etiam
2919 3702 3110 3758 asinus
3153 3704 3414 3772 praesepis
3446 3719 3536 3757 es-

1957 3798 2211 3853 sentiam.
2258 3795 2433 3850 Israel
2467 3804 2642 3848 autem
2667 3834 2681 3857 ,
2715 3794 2936 3863 inquit,
2989 3810 3071 3847 me
3116 3810 3220 3847 non
3270 3796 3531 3864 cognovit.

1956 3888 2015 3944 id
2060 3904 2129 3944 ex
2184 3895 2364 3942 vestra
2423 3886 2695 3942 sententia
2751 3883 2919 3939 Israel
2992 3883 3325 3947 incusatur,
3385 3885 3532 3954 quod

1958 3982 2141 4053 qualis
2170 3981 2387 4035 tandem
2429 3979 2502 4033 sit
2531 3977 2625 4034 Dei
2680 3976 2923 4033 essentia
2974 3989 3086 4029 non
3132 3976 3375 4046 agnovit.
3436 3974 3537 4046 Ef-

1959 4075 2143 4145 funde,
2178 4073 2375 4142 inquit,
2406 4072 2543 4125 iram
2592 4080 2739 4123 tuam
2772 4071 2827 4123 in
2865 4078 3042 4139 gentes
3075 4084 3193 4139 qua?
3219 4078 3267 4122 te
3293 4085 3396 4122 non
3440 4085 3535 4121 no-

1959 4175 2141 4220 uerunt
2169 4164 2214 4196 ⁵¹
2243 4180 2259 4230 ;
2296 4163 2397 4217 hoc
2420 4170 2526 4226 est,
2556 4177 2680 4232 quae
2709 4170 2857 4215 tuam
2894 4160 3192 4215 essentiam
3237 4173 3347 4214 non
3392 4175 3537 4213 coui-

1960 4254 2390 4328 prehenderunt.
2429 4254 2532 4317 At,
2561 4263 2620 4307 ut
2652 4251 2891 4307 diximus
2915 4291 2931 4316 ,
2984 4252 3223 4323 cognitio
3257 4261 3341 4306 est
3397 4266 3538 4304 mur-

1960 4348 2162 4419 tiplicis
2217 4345 2452 4416 generis.
2488 4344 2879 4415 Cognoscimus
2906 4344 3074 4407 enim,
3114 4343 3162 4399 si
3191 4342 3534 4398 conditorem

275 4454 351 4490 τα
383 4437 560 4493 ταῦτα
606 4440 998 4509 παρωσάμενοι
1022 4479 1038 4503 ,
1079 4440 1172 4493 ἐπὶ
1212 4438 1273 4492 ἓν
1328 4440 1730 4511 σημαινόμενον
1761 4438 1861 4511 τὴν

1964 4449 2219 4497 nostrum
2250 4440 2479 4502 scimus,
2516 4438 2564 4493 si
2613 4438 2969 4509 intelligimus
3004 4435 3125 4506 ejus
3158 4434 3451 4497 mirabilia,
3485 4435 3534 4488 si

276 4528 480 4597 γνῶσιν
506 4527 758 4593 ἕλκουσι,
794 4530 895 4601 τὴν
939 4529 1173 4603 θεωρίαν
1206 4531 1377 4603 αὐτῆς
1422 4531 1533 4602 (49)
1578 4530 1671 4585 τοῦ
1719 4530 1858 4588 Θεοῦ

275 4620 377 4692 τῆς
401 4622 610 4685 οὐσίας.
637 4622 857 4689 Θήσεις
875 4663 890 4688 ,
931 4624 1095 4693 φησὶν
1116 4664 1131 4687 ,
1165 4623 1455 4678 ἀπέναντι
1493 4622 1613 4678 τῶν
1636 4641 1860 4694 nuptu-

267 4712 453 4782 ριων,
504 4712 644 4767 ὅθεν
676 4715 1105 4785 τνωσθήσομαι
1151 4731 1252 4768 σοι
1288 4715 1533 4769 ἐκεῖθεν.
1581 4710 1728 4788 *Αρα
1771 4716 1855 4778 τὸ,

277 4803 740 4874 Γνωσθήσομαι,
772 4807 891 4861 ἀντὶ
919 4807 1013 4861 τοῦ
1044 4806 1143 4879 τὴν
1177 4805 1366 4859 οὐσίαν
1399 4823 1501 4877 μου
1530 4807 1853 4878 ὲμφανίσως

282 4894 481 4960 Ἔγνω
516 4896 734 4963 Κύριος
768 4896 913 4962 τοὺς
962 4895 1141 4963 ὄντας
1173 4893 1381 4950 αὐτοῦ.
1439 4889 1587 4966 *Αρα
1618 4891 1712 4950 οὖν
1747 4896 1857 4951 τῶν

280 4983 383 5052 μὲν
417 4984 614 5040 ἑαυτοῦ
641 4986 741 5059 τὴν
779 4987 969 5041 οὐσίαν
1012 4986 1189 5055 ἔγνω,
1234 4986 1346 5039 τῶν
1376 4986 1435 5040 δὲ
1484 4987 1855 5042 ἀπειθούντων

277 5072 467 5139 ἐγνοεί
490 5074 589 5147 τὴν
619 5076 838 5142 οὐσίαν;
874 5078 1062 5148 Ἔγνω
1104 5076 1278 5146 Ἀδὰμ
1309 5076 1425 5144 τὴν
1450 5078 1705 5147 γυναῖκα
1743 5082 1853 5134 αὑ-

278 5164 407 5219 τοῦ.
445 5160 593 5237 Ἃρα
636 5166 734 5237 τὴν
779 5168 967 5223 οὐσίαν
1014 5168 1181 5239 αὐτῆς
1220 5168 1526 5239 ὲγνώρισε;
1572 5172 1682 5225 Καὶ
1725 5175 1854 5244 περὶ

346 5260 396 5293 ⁸⁸
435 5260 455 5312 1
493 5261 621 5331 cor.
660 5278 799 5323 χιιι,
839 5263 892 5317 9.
969 5263 1015 5295 "
1054 5264 1184 5318 ihid.
1232 5264 1318 5318 Π).
1396 5266 1441 5300 ⁸⁸
1479 5262 1657 5321 Galat.
1702 5283 1786 5331 tv,
1829 5270 1884 5323 9.

278 5329 367 5386 2!.
447 5331 496 5363 "‘
532 5330 577 5384 ll
618 5331 759 5386 Tim.
803 5349 872 5398 ιι,
914 5334 998 5388 i9.

348 5420 466 5490 (46)
506 5423 581 5478 Ἦ
622 5422 907 5498 Prsidem.
956 5424 1147 5498 Deerat
1188 5428 1222 5498 ἦ
1278 5428 1331 5481 in
1365 5428 1550 5495 editis,
1589 5429 1735 5498 quod
1786 5445 1851 5484 ex

279 5506 373 5547 sex
409 5507 546 5546 mss.
577 5495 862 5550 codicibus
892 5495 1252 5551 restituimus.

349 5561 465 5631 (47)
503 5563 667 5629 Ἦτις
697 5563 862 5618 κοτέ.
889 5562 981 5619 Sic
999 5567 1412 5621 emendavimus
1434 5582 1500 5620 ex
1532 5583 1641 5621 uno
1662 5568 1853 5625 codice

281 5629 449 5707 Regio
477 5632 714 5707 quodin
749 5635 910 5689 editis
937 5636 1219 5707 legebatur
1240 5637 1360 5705 ἥτις
1385 5636 1523 5689 τότε.
1561 5637 1703 5707 Infra
1736 5652 1854 5692 om-

280 5700 441 5754 nibus
472 5700 757 5759 codicibus
778 5719 910 5759 mss.
931 5700 1159 5762 etéditis
1183 5700 1861 5778 consentientibuslegitur

599 5795 869 5855 ΡΑτιοι..
908 5795 1026 5857 Gtt.
1061 5796 1326 5856 XXXII.

1964 4534 2221 4590 mandata
2255 4546 2560 4597 servamus,
2592 4531 2638 4586 si
2680 4545 2803 4584 cum
2838 4531 2959 4602 ipso
2997 4528 3403 4600 conjungimur.
3440 4526 3533 4582 Isti

1964 4633 2145 4680 autem
2175 4664 2191 4689 ,
2235 4624 2495 4679 omnibus
2562 4623 2648 4678 his
2718 4621 2934 4692 rejectis
2964 4659 2980 4685 ,
3040 4620 3411 4691 cognitionem
3466 4619 3533 4676 ad

1962 4730 2132 4770 unum
2190 4714 2554 4787 signiﬁcatum
2585 4713 2811 4767 trahunt
2837 4750 2853 4773 ,
2909 4708 3423 4779 contemplationem
3452 4706 3533 4777 ip-

1963 4806 2079 4863 sius
2116 4804 2210 4859 Dei
2255 4803 2528 4860 essentia.
2562 4800 2737 4857 Panes
2759 4840 2773 4865 ,
2808 4800 3016 4869 inquit,
3061 4812 3181 4852 ante
3213 4796 3533 4860 testimonia,

1965 4899 2101 4954 unde
2136 4913 2424 4969 cognoscar
2465 4913 2499 4949 a
2541 4904 2589 4949 te
2645 4894 2765 4949 inde
2792 4892 2859 4947 ⁸³.
2917 4891 3058 4945 Num
3106 4889 3239 4944 illud
3264 4928 3280 4952 ,
3329 4887 3532 4959 Cogno-

1964 5007 2111 5055 scar,
2147 4990 2290 5045 idem
2326 4989 2471 5045 valet
2503 5002 2569 5043 ac
2596 4995 2847 5042 naturam
2883 4998 3057 5038 meam
3091 4981 3345 5037 revelabo
3371 4980 3394 5034 ἲ
3424 4980 3532 5035 Do-

1964 5082 2134 5135 minus
2184 5080 2426 5151 cognovit
2468 5078 2560 5149 qui
2593 5086 2715 5132 sunt
2757 5075 2872 5145 ejus
2903 5073 2971 5130 “.
2999 5071 3139 5128 Num
3197 5086 3328 5142 ergo
3374 5078 3532 5127 natu-

1961 5191 2076 5229 ram
2107 5187 2298 5231 eorum
2327 5174 2421 5243 qui
2452 5170 2629 5242 ipsius
2656 5177 2781 5225 sunt
2808 5168 3103 5239 cognovit,
3166 5166 3531 5235 inobsequen-

1962 5272 2006 5303 "
2049 5270 2155 5326 lsa.
2203 5288 2261 5336 I,
2306 5271 2358 5324 3.
2436 5270 2481 5300 "
2520 5267 2662 5321 Psal.
2706 5279 2932 5329 Lxxvnt,
2971 5262 3025 5319 6.
3092 5262 3140 5297 ⁸³
3178 5261 3349 5318 Exod.
3391 5277 3532 5326 xxv,

1961 5434 2083 5504 ἦτις
2118 5434 2267 5485 ποτέ.
2789 5494 2799 5504 _

2036 5502 2151 5570 (£8)
2182 5500 2393 5556 Αὐτόν.
2430 5497 2592 5553 Deest
2645 5498 2698 5551 in
2734 5495 2910 5549 tribus
2957 5509 3089 5549 mss.
3138 5492 3351 5548 ﬂalient
3381 5492 3513 5550 llarl

1962 5580 2016 5627 et
2044 5572 2183 5630 Med.
2219 5571 2411 5640 αὐτήν.
2433 5637 2454 5640 _
2742 5631 2745 5633 _

2036 5643 2147 5713 (49)
2178 5633 2395 5708 Αὐτῆς.
2432 5637 2510 5692 ita
2545 5655 2678 5695 mss.
2715 5645 2859 5693 octo.
2888 5633 3030 5690 Editi
3063 5634 3253 5704 αὐτήν.

3109 5792 3186 5851 28
