3900 6208
392 281 496 338 $75

1784 279 1841 337 S.
1885 280 2127 337 BASILII
2166 283 2380 342 MAGNI

3526 299 3619 356 876

391 404 527 457 tium
568 417 694 457 vero
720 401 935 471 ignorat
974 400 1272 455 naturam?
1322 399 1573 470 Cognovit
1622 399 1795 454 Adam
1829 418 1948 457 uxo-

2064 405 2163 475 τῆς
2206 406 2499 470 Ῥεϐέκκας
2519 446 2533 470 ,
2572 408 2901 478 Παρθένος,
2935 410 3097 481 φησίν
3116 426 3131 441 ⁸
3157 411 3313 481 ἀνὴρ
3344 415 3455 469 οὐκ
3482 416 3621 486 ἔγνω

390 511 500 549 rem
537 510 688 548 suam
722 494 789 547 ⁵⁵.
838 492 977 546 Num
1036 500 1285 547 naturam
1344 493 1516 561 ipsius
1560 493 1863 562 cognovit?
1896 493 1961 547 Et

389 585 458 639 de
489 583 732 639 Rebecca
770 584 974 638 dicitur
1020 601 1035 638 :
1091 582 1250 653 Virgo
1283 592 1400 636 erat
1438 622 1453 646 ,
1513 584 1591 637 uir
1642 583 1793 637 illam
1856 601 1961 639 non

389 675 782 748 cognoverat".
848 675 961 735 Et,
1018 674 1293 741 Quomodo
1351 676 1441 744 [iet
1490 674 1670 738 istud,
1708 676 1959 747 quoniam

388 769 558 821 cirum
630 784 734 821 non
802 781 1058 837 cognosco
1086 766 1187 820 "?
1249 765 1470 821 Scilicet
1534 776 1787 821 naturam
1851 765 1962 823 Re-

388 858 569 913 beccae
614 873 775 913 nemo
821 856 1124 927 cognovit?
1194 853 1333 911 Num
1390 856 1560 911 Maria
1622 858 1726 913 hoc
1773 858 1954 913 dicit:

385 948 602 1003 Nullius
656 949 756 1003 viri
796 948 1027 1019 cognovi
1066 947 1371 1002 naturam?
1421 946 1612 1005 Nonne
1646 950 1829 1018 potius
1890 948 1959 1003 il-

385 1041 477 1107 lud
509 1084 524 1109 ,
578 1039 871 1113 Cognovit,
901 1041 969 1096 de
1002 1039 1387 1110 conjugalibns
1431 1042 1772 1111 amplexibus
1816 1042 1958 1096 solet

384 1139 440 1190 in
481 1132 766 1203 Scriptura
811 1130 1125 1202 usurpari?
1182 1128 1249 1182 Et
1296 1129 1443 1200 quod
1499 1130 1703 1185 dicitur
1749 1130 1865 1186 fore
1902 1140 1962 1186 ut

383 1232 747 1297 cognoscatur
804 1223 949 1279 Deus
996 1237 1064 1277 ex
1112 1220 1535 1292 propitiatorio,
1597 1220 1741 1276 idem
1772 1229 1858 1278 est
1895 1235 1961 1275 ac

383 1318 709 1374 manifestus
740 1315 827 1372 fiet
870 1318 973 1372 sibi
1020 1314 1410 1372 servientibus.
1444 1312 1509 1369 Et
1536 1353 1551 1378 ,
1587 1312 1841 1369 Dominus
1870 1330 1961 1369 co-

382 1413 557 1483 gnovit
585 1410 674 1481 qui
712 1419 832 1464 sunt
856 1410 992 1478 ejus,
1024 1409 1168 1464 idem
1196 1416 1282 1465 est
1313 1422 1378 1463 ac
1399 1407 1454 1463 in
1486 1422 1641 1464 suam
1673 1407 1957 1463 familiari-

382 1513 551 1559 tatem
581 1503 711 1558 illos
737 1502 807 1556 ob
830 1515 997 1571 opera
1020 1501 1164 1555 bona
1190 1498 1419 1571 recepit.
1542 1520 1550 1531 -
1606 1504 1617 1517 '
1870 1500 1883 1509 ‘

803 1614 1140 1672 EPISTULA
1170 1602 1553 1695 ccxxxvr]

2065 497 2259 564 αὐτήν
2284 515 2297 528 ·
2352 498 2446 551 καὶ
2465 539 2479 563 ,
2513 497 2646 565 Πῶς
2683 500 2856 554 ἔσται
2900 501 3011 573 (50)
3041 502 3217 557 τοῦτο
3235 544 3251 568 ,
3289 505 3420 559 ἐπεὶ
3450 507 3621 577 ἄνδρα

2067 590 2140 643 οὐ
2178 590 2483 660 Tiribazo);
2512 586 2659 663 'Apa
2705 592 3002 660 Ῥεϐέκκας
3049 594 3148 666 μὲν
3190 595 3290 666 τὴν
3317 596 3503 650 ούσίαν
3537 602 3623 652 οὺ-

2066 680 2178 744 δεὶς
2225 681 2472 750 ἐπέγνω;
2504 683 2690 754 Μαρία
2736 685 2795 738 δὲ
2841 687 3000 740 τοῦτό
3050 704 3215 759 φησιν
3242 704 3257 717 ·
3297 688 3379 741 ὅτι
3413 687 3623 753 Οὐδενὸς

2065 774 2257 845 ἀνδρὸς
2293 774 2488 845 ἐνόησα
2521 775 2619 847 τὴν
2664 778 2889 844 οὐσίαν;
2926 781 2996 832 Ἢ
3019 780 3113 844 τὸ,
3145 781 3368 850 Ἔγνω,
3402 781 3493 833 ἐπὶ
3522 781 3623 834 τῶν

2064 864 2318 935 γαμικῶν
2349 866 2676 936 συμπλοκῶν
2706 868 2827 933 ἔθος
2855 873 2921 942 τῇ
2954 871 3142 942 Γραφῇ
3174 870 3496 943 ὀνομάζειν;
3523 873 3621 925 Καὶ

2061 960 2123 1012 τὸ
2147 959 2557 1030 γνωσθήσεσθαι
2580 963 2671 1017 τὸν
2702 963 2836 1017 Θεὸν
2863 963 2971 1017 ἀπὸ
2992 964 3087 1017 τοῦ
3119 965 3457 1036 ἱλαστηρίου,
3483 981 3623 1018 τουτ-

2063 1050 2248 1116 έστιν,
2293 1052 2794 1125 ὲμφανισθήσεσθαι
2836 1059 2951 1120 τοῖς
3005 1056 3345 1127 λατρεύουσι.
3396 1056 3505 1110 Καὶ
3551 1055 3623 1118 τὸ,

2068 1142 2262 1210 Ἔγνω
2301 1144 2516 1211 Κύριος
2541 1144 2686 1211 τοὺς
2715 1145 2895 1212 ὄντας
2928 1147 3116 1202 αὐτοῦ
3134 1189 3149 1215 ,
3183 1149 3495 1212 τουτέστιν,
3525 1149 3625 1201 ὲδέυ

2065 1232 2193 1300 ξατο
2223 1234 2420 1299 αὐτοὺς
2466 1235 2553 1289 διὰ
2585 1236 2692 1291 τῶν
2731 1237 2952 1306 ἀγαθῶν
2998 1239 3177 1311 ἔργων
3228 1242 3311 1305 είς
3356 1240 3461 1313 τὴν
3503 1239 3628 1310 πρὸς

2064 1323 2227 1379 αὐτὸν
2254 1325 2548 1383 οίκείωσιν.

2532 1616 2885 1671 ΕΠΙΣΤΟΛΗ
2926 1617 3107 1685 EAG".

384 1729 554 1804 Pergit
586 1729 800 1804 Basilius
820 1728 971 1801 rariis
981 1728 1683 1804 .Ampltilochii‘qugstionibus
1709 1732 2000 1804 respondere
2018 1746 2041 1783 :
2061 1731 2299 1804 quomodo
2322 1729 2538 1804 Citristus
2558 1729 2744 1804 nescire
2761 1733 2953 1803 dicetur
2972 1733 3103 1804 diem
3122 1731 3389 1804 etulioram;
3411 1731 3473 1804 de
3493 1733 3629 1781 ,ἵετε-

445 1792 557 1845 mia:
596 1792 824 1862 rqticinio
843 1792 920 1862 lin
957 1792 1282 1862 _J_echoniant;
1302 1792 1366 1862 de
1390 1792 1972 1862 Εηςτᾳιὶιαγιιηιῃίᾳιαᾳιῃ
1993 1792 2325 1862 cauittatione;
2344 1793 2406 1843 de
2428 1793 2556 1862 fato;
2592 1795 2654 1845 de
2690 1794 2956 1846 anet-sione
2982 1793 3033 1845 in
3067 1792 3380 1858 baptismate;
3425 1793 3488 1845 de
3526 1805 3630 1843 rene

441 1868 555 1919 ,apg
577 1867 589 1880 ·
617 1855 680 1905 de
698 1851 902 1906 essentia
921 1859 967 1905 et
987 1851 1229 1918 hypostasi
1252 1851 1270 1914 ;
1290 1853 1352 1904 de
1372 1852 1547 1904 mediis
1568 1853 1710 1905 rebus
1742 1851 1794 1904 in
1810 1852 2208 1920 immerentibus,
2231 1870 2261 1905 a
2284 1851 2378 1919 quo
2400 1851 2741 1919 g'ubefnentur.

861 1959 1047 2016 Eidem
1069 1960 1456 2030 Amphilochia.

454 2074 503 2127 1.
545 2069 699 2137 Quod
732 2070 845 2141 jam
905 2084 935 2124 a
973 2069 1160 2124 multis
1198 2068 1581 2140 investigatum
1609 2076 1695 2125 est
1720 2052 1953 2142 evange-

382 2167 546 2220 licum
600 2163 808 2219 dictum
838 2202 854 2228 ,
891 2160 1165 2233 quomodo
1220 2161 1433 2215 nesciat
1462 2159 1725 2217 Dominus
1764 2146 1954 2217 noster

380 2256 541 2311 Jesus
578 2252 836 2309 Christus
871 2251 1013 2307 diem
1046 2251 1537 2308 consummationis
1576 2264 1641 2307 ac
1680 2251 1948 2318 horam",

379 2344 635 2418 quodque
667 2346 902 2401 maxime
940 2346 1009 2401 ab
1065 2344 1345 2400 Anommis
1398 2353 1664 2416 perpetuo
1693 2346 1953 2416 olijicitur

381 2439 449 2494 ad
496 2438 837 2494 eversionem
907 2437 1183 2507 Unigeniti
1231 2436 1449 2506 gloriae,
1504 2446 1563 2492 ut
1625 2437 1952 2492 ostendatur

379 2532 633 2587 essentiaa
694 2529 1089 2586 dissimilitudo
1124 2537 1179 2583 et
1236 2528 1466 2584 inferior
1504 2527 1787 2601 dignitatis
1833 2544 1953 2601 gra-

378 2626 503 2691 dus,
529 2638 654 2679 cum
696 2637 798 2679 nec
849 2620 1093 2677 eamdem
1129 2628 1382 2676 naturam
1420 2620 1620 2676 habere
1647 2623 1826 2692 possit
1853 2623 1949 2692 qui

379 2732 489 2772 non
531 2714 713 2771 omnia
757 2712 983 2778 noscit,
1015 2726 1193 2782 neque
1245 2710 1301 2765 in
1334 2725 1441 2765 una
1479 2711 1837 2767 similitudine
1864 2712 1950 2766 in-

377 2809 553 2879 telligi
575 2821 701 2862 cum
738 2819 839 2870 eo,
886 2804 980 2875 qui
1027 2803 1411 2859 universorum
1445 2803 1816 2875 cognitionem
1849 2819 1948 2860 sua

376 2898 891 2973 prterioscendorum
965 2903 1020 2952 et
1086 2895 1558 2965 assequendorum
1636 2897 1947 2952 futurorum

380 2994 635 3049 facultate
690 2989 1117 3060 complectitur;
1158 2987 1213 3042 id
1254 3004 1402 3044 nunc
1445 3003 1476 3042 a
1536 2997 1628 3045 tua
1661 2988 1945 3061 prudentia

378 3084 537 3138 nobis
567 3090 629 3137 ut
684 3095 924 3145 novum,
956 3080 1295 3151 propositum
1348 3086 1453 3135 est.
1504 3078 1694 3151 Itaque
1744 3096 1865 3151 quae
1915 3094 1946 3134 a

377 3188 547 3247 puero
586 3187 651 3228 ex
682 3171 930 3243 patribus
958 3170 1267 3226 audivimus
1290 3209 1306 3235 ,
1339 3176 1393 3224 et
1427 3169 1498 3225 ob
1534 3170 1806 3225 bonarum
1864 3184 1949 3223 re-

376 3281 497 3321 rum
538 3278 778 3319 amorem
813 3266 953 3318 citra
983 3276 1213 3318 examen
1260 3261 1635 3331 suscepimus,
1672 3260 1791 3316 haec
1818 3275 1942 3331 pos-

377 3372 570 3412 sumus
596 3355 811 3422 dicere;
847 3368 1161 3426 quanquam
1204 3354 1296 3407 illa
1325 3351 1548 3423 quidem
1597 3351 1943 3410 Christoma-
1972 3338 2014 3393 (ἶ

377 3451 608 3505 chorum
659 3446 1053 3518 impudentiam
1110 3461 1219 3500 non
1263 3444 1565 3500 dissolvent
1626 3445 1770 3515 (quae
1802 3447 1949 3502 enim

375 3543 553 3597 oratio
611 3555 800 3596 eorum
830 3540 1053 3610 impetu
1089 3537 1283 3592 fortior
1331 3536 1806 3606 videatur?),sed
1834 3536 1904 3592 iis
1932 3577 1947 3602 ,

376 3634 469 3705 qui
522 3632 813 3687 Dominum
843 3630 1100 3701 diligunt,
1140 3635 1195 3685 et
1240 3635 1580 3698 antecaptam
1609 3644 1674 3683 ex
1710 3627 1815 3683 fide
1854 3628 1951 3683 do-

376 3725 607 3781 ctrinam
669 3723 903 3780 deducta
951 3737 1019 3778 ex
1075 3722 1287 3775 ratione
1319 3718 1785 3775 demonstratione
1839 3718 1956 3773 for-

376 3823 568 3875 tiorem
604 3824 828 3884 tenent,
880 3815 1014 3869 satis
1072 3827 1322 3883 magnam
1356 3810 1590 3868 fortasse
1634 3811 1953 3882 persuasio-

378 3898 499 3963 nem
545 3906 702 3978 361
733 3903 1091 3960 exhibebunt.
1129 3899 1397 3956 Nimirum
1446 3901 1603 3968 illud,
1638 3917 1811 3967 nemo,
1858 3917 1947 3972 ge-

375 3998 803 4071 neralcquidem
832 3997 1047 4055 videtur
1072 4011 1195 4053 esse
1236 4009 1460 4058 nomen,
1492 3993 1629 4050 adeo
1658 4001 1811 4049 utne
1838 4009 1947 4048 una

375 4094 592 4163 quidem
631 4106 865 4162 persona
909 4106 1007 4161 per
1038 4089 1179 4143 hanc
1223 4101 1412 4142 vocem
1460 4087 1789 4156 escipiatur.
1838 4085 1945 4142 Sed

375 4198 482 4237 non
522 4182 595 4236 ita
642 4180 788 4251 apud
835 4179 1175 4250 Scripturam
1226 4185 1546 4248 usurpatur,
1591 4176 1947 4247 quemadmo-

374 4270 503 4325 dum
532 4268 947 4325 observavimus
993 4269 1047 4322 in
1076 4268 1192 4331 illo,
1230 4265 1399 4320 Nemo
1453 4266 1619 4322 bonus
1650 4266 1768 4321 nisi
1806 4283 1945 4321 unus

374 4361 516 4416 Deus
537 4362 605 4415 ⁸³.
654 4358 842 4430 Neque
878 4360 1024 4413 enim
1055 4359 1146 4413 hic
1181 4372 1240 4414 se
1269 4358 1389 4429 ipse
1422 4358 1724 4414 excludens
1765 4373 1796 4412 a
1817 4358 1945 4413 boni

374 4462 570 4509 natura
614 4449 787 4506 Filius
818 4450 934 4505 haec
986 4449 1139 4504 dicit.
1187 4447 1293 4503 Sed
1351 4465 1475 4506 cum
1512 4448 1677 4505 Pater
1705 4450 1942 4521 primum

373 4547 576 4602 bonum
628 4543 738 4609 sit,
782 4541 914 4597 illud
941 4581 955 4605 ,
1003 4540 1575 4605 nemo,subiulellecta
1621 4541 1724 4597 hac
1772 4556 1940 4608 voce,

2495 1961 2581 2029 Τῷ
2608 1963 2769 2030 αὐτῷ
2807 1965 2946 2034 Ἁμφ
2954 1965 3178 2034 ιλοχίῳ.

2076 2072 2083 2075 ’
2128 2077 2181 2132 1.
2215 2075 2579 2149 Ἐζητημένον
2610 2076 2721 2145 (51)
2739 2075 2837 2149 ἤδη
2855 2075 3007 2148 παρά
3035 2075 3249 2149 πολλοῖς
3278 2075 3340 2129 τὸ
3357 2075 3632 2144 εὐαγγελι-

2057 2171 2152 2225 κδν
2178 2145 2340 2241 ῥητὸν
2362 2145 2490 2239 περὶ
2517 2166 2612 2220 τοδ
2644 2145 2857 2237 ἀγνοεῖν
2884 2145 2979 2221 τδν
3005 2145 3208 2240 Κύριον
3234 2166 3399 2238 ἡμῶν
3432 2164 3629 2237 Ἰησοῦν

2056 2260 2289 2333 Χριστὸν
2325 2257 2423 2331 τὴν
2447 2259 2662 2330 ἡμέραν
2689 2256 2784 2311 τοῦ
2820 2258 3035 2322 τέλους,
3077 2258 3173 2311 καὶ
3203 2255 3303 2328 τὴν
3334 2254 3512 2327 ὤραν,
3544 2255 3631 2307 καὶ

2060 2354 2292 2424 μάλιστα
2367 2350 2601 2421 συνεχῶς
2656 2348 3086 2421 προϐαλλόμενον
3141 2348 3292 2420 παρά
3340 2347 3459 2401 τῶν
3521 2346 3631 2399 Ἀν-

2055 2446 2254 2517 ομοίων
2279 2442 2371 2497 ἐπὶ
2403 2442 2720 2507 καθαιρέσει
2749 2441 2845 2513 τῆς
2881 2440 3042 2512 δόξης
3063 2440 3158 2494 τοῦ
3188 2438 3534 2507 Μονογενσῦς
3559 2440 3631 2500 είς

2054 2537 2327 2604 ἀπόδειξιν
2376 2536 2471 2590 τοῦ
2517 2533 2661 2589 κατά
2712 2533 2809 2605 τὴν
2847 2534 3036 2587 οὐσίαν
3069 2532 3323 2604 ἀνομοίου
3346 2574 3361 2597 ,
3397 2532 3499 2585 καὶ
3538 2531 3630 2599 τῆς

2056 2622 2198 2678 κατὰ
2223 2623 2323 2695 τὴν
2350 2620 2506 2688 ἀξίαν
2538 2622 2813 2692 ύφέσεως,
2843 2621 2920 2685 ὡς
2950 2622 3012 2675 οὐ
3048 2621 3349 2692 δυναμένου
3378 2620 3509 2674 οὔτε
3540 2618 3631 2689 τὴν

2055 2717 2224 2788 αὐτὴν
2259 2716 2403 2786 ἔχειν
2444 2714 2604 2785 φύσιν
2629 2755 2643 2778 ,
2677 2713 2801 2769 οὕτε
2851 2715 2908 2768 ὲν
2935 2713 3213 2784 ὁμοιότητι
3268 2714 3369 2785 μιᾷ
3394 2711 3630 2766 νοεῖσθαι

2053 2808 2148 2862 τοῦ
2182 2808 2256 2880 μὴ
2306 2808 2485 2862 πάντα
2522 2806 2722 2870 εἰδότος
2756 2806 2892 2877 πρὸς
2928 2806 3020 2859 τὸν
3051 2806 3499 2877 ἐμπεριλαϐόντα
3540 2803 3631 2874 τὴν

2054 2899 2258 2969 εἴδησιν
2291 2898 2398 2953 τῶν
2431 2899 2568 2952 ὅλων
2599 2899 2665 2969 τῇ
2697 2899 3076 2968 προγνωστικῇ
3120 2896 3315 2950 ἑαυτοῦ
3364 2897 3465 2950 καὶ
3514 2897 3627 2948 tnt-

2054 2989 2282 3062 ϐλητικῇ
2317 2990 2426 3044 τῶν
2457 2988 2754 3061 μελλόντων
2780 2987 3005 3057 δυνάμει
3027 3005 3040 3018 ο
3074 2986 3233 3041 τοῦτο
3264 2986 3361 3041 νῦν
3386 2986 3504 3059 (52)
3534 3004 3629 3040 πα-

2057 3084 2127 3155 ρά
2168 3084 2266 3156 τῆς
2308 3080 2414 3156 ’σῆς
2463 3083 2729 3148 συνέσεως
2780 3077 2914 3155 ἡμῖν
2946 3082 3022 3146 ὡς
3068 3081 3256 3136 καινὸν
3295 3079 3627 3153 προεϐλήθη.

2059 3178 2127 3229 Ἀ
2153 3177 2330 3230 τοίνυν
2357 3176 2422 3229 ἐκ
2452 3175 2635 3238 παιδὸς
2677 3174 2830 3247 παρά
2857 3173 2966 3227 τῶν
3006 3174 3259 3244 πατέρων
3288 3171 3628 3242 ἠκούσαμεν.

2053 3266 2148 3320 καὶ
2177 3265 2264 3319 διὰ
2286 3265 2384 3337 τὴν
2430 3265 2567 3337 πρὸς
2606 3264 2674 3317 τά
2705 3262 2843 3317 καλά
2869 3262 3050 3334 φιλίαν
3079 3261 3459 3325 ἀϐασανίστως
3490 3277 3631 3330 παρ·

2046 3358 2371 3430 εδεξάμεθα,
2410 3358 2580 3412 ταῦτα
2624 3360 2797 3411 εἰπεῖν
2837 3356 3062 3427 ἔχομεν,
3100 3354 3214 3409 τῶν
3262 3356 3364 3425 μὲν
3397 3355 3630 3425 Χριστο-

2052 3452 2241 3523 μάχων
2280 3449 2378 3522 τὴν
2402 3449 2784 3520 ἀναισχυντίαν
2808 3451 2870 3502 ού
2899 3448 3183 3501 διαλύοντα
3207 3487 3221 3511 ,
3268 3447 3387 3515 (τίς
3414 3446 3529 3519 γὰρ
3568 3445 3630 3499 ἂν

2049 3544 2145 3597 καὶ
2174 3542 2368 3614 φανείη
2409 3541 2566 3611 λόγος
2613 3542 2714 3614 τῆς
2762 3541 2942 3613 ὁρμῆς
2984 3539 3162 3594 αὐτῶν
3205 3538 3629 3611 ίσχυρότερος;)

2049 3640 2162 3699 τοῖς
2182 3635 2239 3688 δὲ
2272 3634 2529 3704 ἀγαπῶσι
2573 3637 2662 3689 τὸν
2695 3636 2899 3708 Κύριον
2924 3675 2937 3699 ,
2984 3634 3080 3688 καὶ
3108 3633 3207 3704 τῆς
3238 3635 3305 3686 ὲκ
3332 3631 3426 3685 τοῦ
3471 3632 3629 3700 λόγου

2049 3726 2377 3791 ἀποδείξεως
2420 3727 2533 3797 (55)
2579 3727 2934 3798 ἰσχυροτέραν
2963 3724 3059 3795 τὴν
3108 3725 3173 3777 ὲκ
3212 3722 3450 3785 πίστεως
3500 3722 3631 3793 πρό-

2046 3818 2208 3891 ληψιν
2235 3837 2403 3892 κεκτη
2414 3819 2594 3891 μένοις
2618 3860 2633 3889 ,
2678 3817 2955 3891 ἀρκοῦσαν
2996 3818 3127 3879 ἴσως
3155 3815 3513 3885 παρεχόμενα
3536 3814 3634 3885 τὴν

2048 3910 2442 3983 πληροφορίαν.
2476 3911 2599 3963 Ὅτι
2644 3910 2707 3964 τὸ
2729 3950 2745 3975 ,
2783 3909 2981 3975 οὐδεὶς
3007 3908 3120 3981 (54)
3144 3949 3158 3972 ,
3208 3906 3501 3960 καθολικδν
3533 3905 3630 3975 μὲν

2046 4000 2185 4059 εἶναι
2221 4005 2370 4059 δοκεῖ
2431 4004 2617 4075 ῥῆμα,
2661 4003 2737 4068 ὡς
2777 4003 2909 4075 μηδὲ
2952 4003 3010 4056 ἒν
3060 4002 3353 4073 πρόσωπον
3400 4000 3493 4054 διὰ
3533 4000 3631 4069 τῆς

2044 4098 2229 4168 φωνῆς
2257 4097 2460 4169 ταύτης
2491 4095 2866 4168 ὑπεξῃρῆσθαι
2886 4111 2899 4124 ’
2929 4094 3045 4148 ἔστι
3073 4094 3130 4148 δὲ
3160 4094 3259 4164 οὐχ
3285 4092 3430 4147 οὕτω
3477 4089 3627 4164 παρά

2045 4186 2113 4254 τῇ
2146 4185 2337 4256 Γραφῇ
2369 4185 2773 4256 ἀναφερόμενον
2793 4225 2808 4249 ,
2847 4182 2920 4246 ὡς
2945 4185 3328 4255 τετηρήκαμεν
3374 4182 3468 4234 ἐπὶ
3509 4181 3626 4239 τοῦ.

2051 4274 2260 4341 Οὐδεὶς
2292 4276 2514 4345 ἀγαθὸς
2563 4278 2616 4329 εὶ
2645 4275 2731 4345 μὴ
2771 4271 2860 4340 εἷς
2905 4278 2937 4329 ό
2981 4276 3146 4341 Θεός.
3185 4274 3320 4327 Οὐδὲ
3361 4275 3472 4344 γάρ
3517 4275 3630 4325 ἐκεῖ

2048 4365 2239 4419 ἑαυτὸν
2274 4364 2380 4432 ἔξω
2423 4365 2593 4430 τιθεὶς
2641 4367 2741 4437 τῆς
2773 4365 2867 4419 τοῦ
2908 4365 3116 4434 ἀγαθοῦ
3150 4364 3370 4434 φύσεως
3416 4365 3447 4416 ὁ
3480 4363 3625 4425 Υἱδς,

2046 4453 2221 4508 ταῦτα
2259 4455 2428 4523 λέγει.
2469 4455 2611 4509 Ἀλλ’
2641 4456 2829 4527 ἐπειδὴ
2869 4456 2933 4509 τὸ
2974 4455 3189 4526 πρῶτον
3218 4453 3426 4521 ἀγαθὸν
3466 4455 3497 4506 ό
3523 4452 3629 4504 Παρ

2047 4544 2152 4616 τὴρ
2171 4586 2186 4611 ,
2227 4544 2319 4611 τὸ,
2346 4543 2547 4611 οὐδεὶς
2581 4544 2732 4615 (55),
2766 4542 3279 4614 συνυπακουομένου
3307 4542 3407 4595 τού
3429 4581 3446 4608 ,
3472 4539 3624 4610 πρῶο

343 4690 366 4726 ⁸
441 4706 487 4737 ⁸³
530 4704 667 4761 Gen.
710 4717 801 4767 tv,
844 4701 898 4756 1.
973 4701 1020 4732 ⁸⁸
1058 4700 1192 4757 Gen.
1232 4715 1357 4755 xxiv
1385 4739 1399 4765 ,
1442 4700 1529 4755 16.
1614 4701 1658 4733 ⁸⁷
1701 4699 1834 4757 Luc.
1883 4717 1933 4768 ι,

2057 4745 2062 4758 .
2142 4703 2188 4736 ⁵³
2224 4702 2395 4758 Marc.
2424 4718 2545 4771 xm,
2585 4701 2674 4757 52.
2751 4702 2797 4734 ³⁸
2838 4700 3006 4756 Marc.
3047 4717 3117 4764 ι,
3158 4699 3246 4754 18.

441 4858 934 4940 f‘AliaiLCQCXCI.
972 4858 1188 4940 Scripta
1208 4874 1365 4940 anno
1398 4857 1522 4915 576.

444 4935 552 5005 (51))
582 4931 714 4998 Πῶς
739 4931 933 4986 ἔσται.
973 4928 1117 4984 Editi
1148 4930 1365 4986 addunt
1407 4947 1496 5001 μοι
1533 4928 1679 5000 quod
1708 4928 1863 4986 deest
1893 4931 1949 4986 in

372 5018 576 5063 seolem
598 5017 731 5057 mss.

435 5022 576 5147 ῗέξῗῗ
594 5022 1007 5147 Ἒξῗίτημένον.
1030 5069 1175 5125 sum
1198 5069 1456 5147 magna
1465 5071 1646 5141 μένον,
1676 5068 1771 5126 sed
1795 5069 1947 5127 deest

372 5138 640 5201 articulus
674 5138 725 5196 in
758 5138 945 5197 decem
980 5156 1117 5195 mss.
1159 5138 1465 5196 codicibus.

447 5214 557 5283 (52)
594 5212 773 5283 Τοῦτο
816 5213 953 5283 νῦν.
1007 5210 1295 5266 Medicaaus
1320 5226 1444 5266 cum
1491 5225 1603 5266 uno
1640 5225 1703 5266 ex
1760 5209 1945 5281 Regiis

371 5281 650 5343 τοῦτονῦν
680 5281 745 5353 δὴ
768 5282 925 5353 παρὰ
950 5283 1070 5353 τῆς,
1093 5289 1198 5337 etc.

446 5354 559 5427 (55)
610 5348 1015 5427 Ἀίτὸδείξεωςζ
1054 5349 1299 5427 l_ta_editi
1337 5359 1391 5427 et
1418 5348 1940 5427 eodex__llarl._cum

372 5419 550 5497 Bigot.
582 5432 636 5477 et
657 5420 802 5497 _Reg.
834 5423 1031 5497 primo.
1055 5422 1125 5474 At
1141 5420 1202 5497 in
1256 5420 1540 5497 codicibus
1579 5419 1745 5497 Med"
1771 5420 1940 5497 Ceisl.

375 5489 627 5564 utroque,
657 5489 805 5564 vati.
835 5489 1011 5546 Paris.
1053 5498 1107 5564 ct
1141 5491 1324 5561 Regiis
1354 5490 1569 5564 duobus
1593 5491 1792 5564 legitur
1818 5491 1947 5564 ἁπο-

372 5559 626 5638 κρίσέως,
652 5560 827 5638 _ducta
873 5576 938 5638 ea:
980 5562 1185 5615 ratione
1222 5559 1577 5638 responsione.
1614 5560 1721 5615 Sed
1772 5559 1946 5638 magis

372 5575 626 5638 κρίσεως,
667 5575 827 5614 aucta
873 5576 938 5615 ex
980 5575 1185 5615 ratione
1222 5575 1577 5629 responsione.
1614 5575 1721 5615 beo
1772 5575 1946 5685 magis

413 5641 549 5689 facet
575 5631 792 5701 vulgata
810 5633 1102 5701 scriptura,
1135 5646 1260 5685 cum
1292 5636 1592 5701 prmsertim
1620 5638 1860 5689 veterum
1900 5630 1947 5671 '-

371 5653 601 5765 {irorum
626 5701 950 5757 auctoritate
988 5716 1096 5757 non
1130 5700 1477 5758 destituatur.

414 5716 601 5759 rorum
626 5700 950 5757 auctoritate
988 5716 1096 5757 non
1130 5700 1477 5758 destituatur.

2130 4861 2243 4931 (54)
2276 4863 2399 4915 Ὅτι
2425 4861 2511 4927 τὸ,
2553 4860 2771 4927 οὐδείς.
2804 4860 2880 4931 na
2908 4858 3081 4931 Harl._.
3104 4857 3284 4931 and,
3301 4856 3484 4931 _Coisl.
3508 4856 3621 4931 pri-

2057 4925 2206 4995 nnis,
2227 4925 2465 4987 Clarom.
2492 4925 2546 4986 et
2564 4947 2705 4985 unus
2723 4925 2789 4986 ex
2811 4929 3012 4999 Regiis.
3041 4928 3117 4982 Ed
3144 4929 3220 4982 tio
3243 4929 3264 4981 1
3301 4925 3475 4999 Paris.
3498 4925 3526 4979 ό
3542 4925 3620 4999 to,

2055 5002 2247 5066 οὐδείς.
2283 5000 2535 5057 Secunda
2567 5000 2627 5054 τὸ
2647 5001 2723 5064 δὲ,
2751 4996 2945 5062 οὐδείς.
2976 4998 3147 5052 Paulo
3175 5005 3297 5067 post
3320 4997 3472 5053 Coisl
3516 4996 3624 5068 pri-

2054 5087 2178 5127 mus
2215 5088 2337 5127 cum
2367 5088 2476 5127 uno
2514 5087 2579 5126 ex
2614 5070 2795 5141 Regiis
2823 5067 3252 5140 ὑπεξαιρείσθαι.

2125 5143 2237 5213 (55)
2275 5141 2366 5204 Td,
2390 5141 2614 5208 οὐδείς.
2640 5136 3068 5213 corruptissima
3092 5142 3146 5192 in
3172 5137 3337 5213 editis
3360 5146 3424 5213 (Ξιὲ
3443 5136 3621 5213 multis

2051 5205 2187 5267 mss.
2218 5205 2503 5267 codicibus
2532 5205 2643 5265 lucc
2661 5205 2951 5265 verborum
2976 5211 3336 5263 constructio.
3370 5205 3463 5262 Sic
3485 5208 3618 5263 enim

2053 5280 2256 5337 habent
2282 5300 2295 5336 :
2316 5282 2394 5352 τῷ
2415 5283 2585 5345 οὐδεὶς
2614 5280 3029 5352 ὑπακουομένουκ
3045 5279 3139 5352 τού
3164 5278 3407 5352 πρῶτον.
3423 5278 3495 5352 τὸ
3517 5274 3617 5331 δεύ-

2048 5368 2207 5423 τερον
2255 5346 2504 5424 εἰρῆσθαι
2536 5346 2883 5424 πιστεύομεν.
2926 5349 3032 5405 Sed
3065 5346 3309 5424 ΔἰΙΙυιΙἈτδ
3349 5346 3610 5424 δεύτερον.

2049 5418 2193 5490 quod
2220 5418 2391 5478 totum
2419 5425 2563 5477 hunc
2585 5418 2778 5477 locum'
2798 5421 3175 5490 denormaliat,
3205 5419 3362 5490 deest
3386 5420 3438 5472 in
3464 5418 3611 5490 quin;

2049 5483 2158 5560 que
2190 5492 2368 5547 libris.
2400 5492 2646 5547 Totidem
2678 5492 2882 5547 habent
2912 5489 3006 5544 τοῦ
3038 5488 3274 5559 πρῶτος.
3316 5483 3604 5560 Legiturth

2049 5555 2224 5633 όὺδείς
2254 5564 2307 5616 ἰιι
2333 5579 2425 5619 ses
2468 5563 2611 5628 aliis,
2640 5578 2874 5633 quorum
2898 5561 3008 5617 duo
3040 5555 3433 5631 antiquissimi,
3464 5555 3597 5611 Harl.

2050 5638 2105 5686 et
2134 5632 2305 5689 Coisl.
2342 5635 2571 5706 primus.
2660 5632 2673 5633 ί
3154 5650 3157 5653 ί
