3900 6208
278 271 390 324 877

1171 265 1658 323 EPISTGLARUM
1692 265 1977 324 CLASSIS
2014 265 2079 322 ll.
2122 259 2338 323 EPIST.
2373 265 2704 324 CCXXXVI.

3435 270 3538 326 8'78

281 398 417 447 τος,
469 378 719 452 εἰρῆσθαι
760 377 1084 449 πιστεύομεν
1115 395 1128 409 ·
1182 380 1276 432 καὶ
1330 378 1424 444 τὸ,
1471 377 1684 444 Οὐδεὶς
1735 374 1890 439 οἶδε,

1979 379 2198 440 trimus.
2254 379 2462 434 dictum
2513 393 2637 434 esse
2687 376 2966 436 credimus
2998 394 3014 446 ;
3044 385 3101 435 et
3134 378 3266 435 illud
3307 400 3318 436 :
3368 380 3538 437 Nemo

279 473 393 527 τὸν
437 471 577 526 Υἱὸν
602 475 661 525 εὶ
692 471 779 542 μὴ
828 475 860 525 ὀ
902 470 1125 540 Πατήρ.
1169 470 1307 524 Οὐδὲ
1334 471 1443 542 γὰρ
1481 474 1598 524 ἐκεῖ
1641 470 1862 539 ἄγνοιαν

280 560 380 615 τοῦ
423 561 744 632 Πνεύματος
802 563 1132 632 κατηγορεῖ,
1186 561 1322 615 ἀλλὰ
1376 560 1579 632 πρώτῳ
1620 559 1733 631 (56)
1786 560 1864 631 τῷ

282 654 465 726 Ila-cpt
495 656 763 726 ὑπάρχειν
789 654 887 723 τὴν
916 653 1116 721 γνῶσιν
1142 653 1244 724 τῆς
1268 653 1461 708 ἑαυτοῦ
1487 654 1699 723 φύσεως
1727 670 1867 725 μαρ-

280 748 464 817 τυρεῖ.
498 745 653 800 Οὕτω
689 747 782 800 καὶ
816 747 910 810 τὸ,
960 746 1169 813 Οὐδεὶς
1205 742 1351 811 οἵδε,
1384 747 1486 818 τὴν
1525 745 1748 818 πρώτην
1786 747 1865 799 εἴ-

282 840 441 912 δησιν
473 841 582 895 τῶν
616 859 676 895 τε
705 842 874 896 ὄντων
902 843 997 913 καὶ
1033 845 1143 897 τῶν
1182 845 1455 916 ἐσομένων
1495 845 1587 898 ἐπὶ
1629 844 1720 898 τὸν
1754 845 1867 899 Πα-

282 934 424 1004 τέρα
454 933 747 1003 ἀνάγοντος
767 976 782 1002 ,
808 936 902 988 καὶ
931 935 1021 990 διὰ
1053 936 1272 990 πάντων
1297 937 1397 1008 τὴν
1425 936 1649 1009 πρώτην
1689 937 1867 990 αἰτίαν

284 1028 404 1088 τοῖς
448 1024 757 1097 ἀνθρώποις
796 1026 1209 1092 ὑποδεικνύντος
1264 1028 1515 1101 εἰρῆσθαι
1553 1028 1866 1101 νομίζομεν.

302 1116 458 1170 Ἐπεὶ
490 1116 607 1181 πῶς
647 1117 681 1189 ἢ
720 1120 843 1181 ταῖς
888 1118 1103 1184 λοιπαῖς
1138 1121 1466 1192 μαρτυρίαις
1508 1120 1606 1190 τῆς
1644 1120 1870 1191 Γραφῆς

285 1207 575 1263 ἀκολουθεῖ
604 1209 668 1262 τὸ
703 1210 899 1282 ῥητὸν,
948 1211 982 1282 ἢ
1033 1213 1155 1275 ταῖς
1202 1216 1409 1276 κοιναῖς
1444 1211 1601 1284 ἡμῶν
1641 1212 1871 1275 ἐννοίαις

289 1300 612 1370 συμϐαίνειν
636 1301 883 1366 δύναται,
913 1303 1020 1357 τῶν
1046 1306 1489 1358 πεπιστευκότων
1515 1305 1700 1359 εἰκόνα
1729 1299 1870 1357 εἶναι

284 1392 384 1444 τοῦ
415 1392 550 1445 Θεοῦ
599 1393 694 1447 τοῦ
741 1394 973 1466 ἀοράτου
1006 1395 1096 1449 τὸν
1129 1397 1406 1467 Μονογενῆ
1428 1437 1443 1459 ,
1478 1397 1661 1450 εἰκόνα
1699 1396 1757 1450 δὲ
1806 1397 1869 1449 οὐ

287 1487 639 1560 χαρακτῆρος
680 1486 1027 1559 σωματικοῦ,
1064 1487 1179 1541 ἀλλ’
1225 1487 1399 1558 αὐτῆς
1442 1488 1544 1559 τῆς
1593 1488 1869 1560 θεότητος,

288 1580 385 1632 καὶ
408 1579 515 1631 τῶν
548 1580 948 1650 ἐπινοουμένων
973 1581 1038 1651 τῇ
1072 1580 1229 1652 οὐσίᾳ
1256 1579 1349 1634 τοῦ
1376 1578 1513 1633 Θεοῦ
1543 1578 1868 1650 μεγαλείων,

286 1669 473 1722 εἰκόνα
527 1669 814 1740 δυνάμεως
843 1710 859 1734 ,
911 1670 1097 1724 εἰκόνα
1157 1670 1349 1740 σοφίας
1380 1711 1396 1735 ,
1461 1669 1596 1724 καθὸ
1658 1669 1872 1742 εἴρηται

1965 469 2105 521 novit
2141 467 2338 523 Filium
2371 471 2475 524 nisi
2506 470 2670 524 Pater
2693 471 2760 523 ⁸⁸.
2804 469 2993 542 Neque
3047 471 3193 527 enim
3230 473 3320 527 hic
3382 475 3540 543 igno-

1964 560 2153 613 rantia
2188 560 2453 629 Spiritum
2488 567 2754 626 accusat;
2808 561 2903 616 sed
2938 570 3149 616 natura
3200 577 3316 618 sua
3346 565 3542 634 cogni-

1963 651 2167 706 tionem
2209 649 2359 705 Patri
2398 652 2577 722 primo
2616 653 2801 709 inesse
2853 661 3109 709 testatur.
3154 653 3325 711 Sicet
3362 655 3494 711 illud
3518 695 3536 721 ,

1967 741 2136 797 Nemo
2166 744 2263 797 scit
2287 743 2354 809 οί,
2409 743 2478 798 ab
2530 759 2597 800 eo
2655 746 2890 815 primam
2921 760 3114 801 eorum
3139 762 3262 817 qua
3303 754 3455 812 sunt,
3485 754 3542 802 et

1965 851 2088 906 qua
2120 836 2303 890 futura
2332 845 2464 892 sunt
2488 838 2858 909 cognitionem
2899 839 2966 894 ad
2993 838 3212 897 Patrem
3248 841 3539 906 referente,

1966 936 2021 982 et
2051 928 2108 982 in
2147 930 2402 984 omnibus
2443 931 2673 1001 primam
2707 945 2933 986 causam
2971 932 3287 988 hominibus
3323 932 3546 988 demon-

1967 1024 2176 1072 strante
2234 1019 2440 1073 dictum
2493 1018 2791 1075 credimus.
2847 1021 3064 1090 Alioqui
3114 1022 3392 1093 quomodo
3447 1029 3543 1085 aut

1968 1124 2092 1164 cum
2140 1111 2366 1181 reliquis
2412 1110 2712 1182 Scriptura
2753 1112 3081 1168 testimoniis
3116 1116 3424 1170 consentiat
3467 1115 3544 1169 di-

1968 1212 2115 1263 ctum
2144 1203 2310 1270 illud,
2355 1211 2450 1258 aut
2497 1220 2625 1259 cum
2668 1204 3053 1261 communibus
3097 1206 3308 1261 nostris
3363 1208 3546 1262 notio-

1969 1294 2454 1363 nibusquadrare
2512 1293 2726 1364 possit,
2792 1295 2888 1364 qui
2940 1296 3219 1353 credimus
3250 1298 3545 1369 imaginem

1968 1400 2092 1441 esse
2135 1384 2231 1441 Dei
2272 1385 2570 1442 invisibilis
2610 1386 2960 1457 Unigenitum
2984 1406 3002 1451 ς
3030 1389 3321 1460 imaginem
3362 1399 3546 1445 autem

1969 1490 2078 1531 non
2137 1476 2321 1547 ﬁgura
2375 1492 2655 1549 corporea
2683 1519 2699 1544 ,
2734 1477 2829 1532 sed
2870 1477 3047 1548 ipsius
3095 1478 3440 1543 divinitatis,
3492 1489 3549 1536 et

1970 1567 2383 1637 magniﬁcorum
2423 1568 2832 1633 attributorum,
2893 1569 3108 1640 quain
3161 1569 3259 1626 Dei
3306 1572 3549 1627 essentia

1970 1657 2354 1729 intelliguntur
2395 1675 2411 1712 :
2476 1659 2770 1731 imaginem
2808 1661 3070 1729 virtutis,
3113 1663 3405 1734 imaginem
3459 1680 3551 1721 sa-

287 1758 527 1830 Χριστδς
561 1759 696 1813 Θεοῦ
732 1760 993 1832 δύναμις,
1042 1763 1136 1815 καὶ
1177 1760 1314 1815 Θεοῦ
1351 1761 1550 1831 σοφίας
1592 1740 1775 1829 Μέρος
1810 1740 1890 1814 δὲ⁴

1979 1748 2215 1817 pientia,
2245 1758 2520 1821 quatenus
2550 1753 2810 1810 Christus
2847 1755 3031 1812 dictus
3061 1762 3150 1812 est
3189 1755 3284 1812 Dei
3329 1757 3505 1814 virtus
3528 1797 3547 1822 ,

286 1850 532 1921 δηλονότι
562 1854 663 1923 τῆς
698 1851 890 1924 σοφίας
944 1854 977 1923 ή
1010 1851 1239 1921 γνῶσις*
1278 1852 1347 1924 ἢν
1397 1852 1498 1905 οὐκ
1552 1849 1869 1915 ἐξεικονίζει

290 1946 507 2007 πᾶσαν,
541 1921 701 2015 εἰπερ
728 1921 888 1998 τινῶν
922 1921 1311 1997 dnolsiits‘rat.
1330 1941 1455 2006 Πῶς
1492 1941 1548 1995 δὲ
1575 1941 1669 1995 καὶ
1702 1943 1730 1994 6
1758 1942 1870 1993 Πα-

287 2031 431 2104 τὴρ,
457 2032 524 2085 δι’
558 2026 620 2087 οὗ
652 2033 781 2097 τοὺς
821 2032 1025 2097 αἰῶνας
1063 2032 1320 2104 ἐποίησε,
1366 2030 1543 2102 τούτῳ
1574 2030 1637 2083 τὸ
1684 2028 1869 2100 ἐλάχι-

291 2140 418 2179 στον
474 2125 638 2197 μέρος
690 2124 800 2179 τῶν
854 2124 1097 2190 αἰώνων,
1144 2124 1242 2197 τὴν
1277 2123 1491 2196 ἡμέραν
1527 2121 1743 2193 ἐκείνην
1776 2122 1871 2174 καὶ

286 2217 391 2287 τὴν
422 2215 570 2289 ὥραν
590 2256 604 2277 ,
637 2219 738 2272 οὐκ
773 2217 1010 2283 έδειξεν;
1040 2218 1111 2270 Ἦ
1142 2217 1260 2280 πῶς
1285 2218 1313 2270 ὁ
1337 2215 1445 2269 τῶν
1475 2216 1611 2270 ὅλων
1641 2214 1872 2284 ποιητὴς

286 2309 386 2362 τοῦ
418 2309 700 2380 ἐλαχίστου
735 2309 935 2381 μέρους
958 2309 1067 2363 τῶν
1101 2309 1191 2363 ὑπ’
1223 2306 1389 2362 αὐτοῦ
1417 2306 1742 2361 κτισθέντων
1771 2305 1872 2375 τῆς

287 2399 546 2467 γνώσεως
588 2400 985 2469 ἀπολείπεταη
1042 2402 1102 2455 '0
1158 2401 1216 2455 δὲ
1254 2401 1464 2471 λέγων,
1516 2400 1743 2471 πλησίον
1775 2397 1871 2452 τοῦ

288 2492 479 2557 τέλους
502 2533 518 2559 ,
557 2494 689 2574 τάδε.
716 2495 812 2549 καὶ
841 2495 972 2549 τάδε
1011 2498 1068 2548 ἐν
1113 2495 1191 2566 τῷ
1223 2495 1435 2567 οὐρανῷ
1463 2496 1667 2567 σημεῖα
1696 2495 1790 2547 καὶ
1815 2497 1874 2546 ἐν

288 2588 405 2648 τοῖς
433 2586 572 2640 κατὰ
604 2587 711 2657 γῆν
741 2586 959 2658 χωρίοις
987 2587 1322 2659 φανήσεσθαι
1346 2626 1362 2651 ,
1398 2587 1514 2650 πῶς
1543 2586 1677 2640 αὐτὸ
1706 2584 1767 2637 τὸ
1788 2585 1877 2638 τέ-

288 2674 385 2738 λος
435 2677 654 2753 ἀγνοεῖ;
701 2678 791 2732 Ἐν
844 2672 927 2742 οἷς
972 2679 1080 2751 γὰρ
1121 2678 1307 2748 λέγει,
1346 2680 1520 2733 Οὔπω
1563 2677 1631 2732 τὸ
1673 2677 1872 2741 τέλος,

289 2771 395 2842 οὐχ
453 2772 527 2837 ὡς
584 2773 943 2844 ἀμφιϐάλλων
977 2814 993 2838 ,
1054 2774 1169 2828 ἁλλ’
1214 2776 1291 2839 ὼς
1353 2774 1508 2839 εἰδὼς
1560 2774 1872 2847 διορίζεται.

293 2865 532 2919 Ἔπειτα
576 2865 759 2933 μέντοι
806 2868 1169 2938 εὐγνωμόνως
1204 2866 1530 2934 σκοποῦντι,
1577 2867 1752 2921 πολλὰ
1781 2868 1878 2923 καί⁹

290 2959 405 3011 ἀπὸ
428 2958 521 3012 τοῦ
549 2960 887 3031 ἀνθρωπίνου
922 2960 1120 3032 μέρους
1146 2961 1174 3013 6
1204 2960 1409 3032 Κύριος
1435 2960 1739 3029 διαλέγεται
1766 2963 1878 3024 τοῖς

290 3052 634 3124 ἀνθρώποις·
687 3048 800 3107 οἷον
841 3053 977 3125 (57),
1011 3056 1124 3119 Δός
1165 3072 1267 3123 μοι
1311 3054 1504 3120 πιεῖν,
1561 3055 1712 3125 φωνή
1758 3055 1874 3106 ἐστι
1901 3093 1944 3152 C

290 3144 391 3199 τοῦ
446 3145 653 3217 Κυρίου
720 3146 821 3218 τὴν
878 3147 1197 3218 σωματικὴν
1253 3148 1443 3217 χρείαν
1500 3146 1869 3218 ἐκπληροῦσα.

291 3238 493 3292 Καίτοι
542 3239 572 3290 6
619 3238 786 3293 αἰτῶν
825 3239 949 3310 οὐχὶ
982 3237 1120 3311 σὰρξ
1149 3234 1217 3310 ἦν
1250 3238 1454 3309 ἄψυχος
1475 3279 1488 3298 .
1520 3237 1656 3291 ἀλλὰ
1684 3238 1876 3307 θεότης

294 3331 466 3400 σαρκὶ
517 3329 744 3401 ἐμψύχῳ
804 3332 1142 3403 κεχρημένη.
1216 3329 1374 3384 Οὕτω
1421 3331 1516 3385 καὶ
1543 3330 1640 3384 νῦν
1680 3331 1744 3384 τὸ
1773 3332 1875 3403 τῆς

293 3420 520 3488 ἀγνοίας
549 3423 642 3474 ἐπὶ
673 3422 763 3475 τὸν
810 3422 1169 3494 οἰκονομικῶς
1203 3423 1382 3476 πάντα
1413 3421 1874 3493 καταδεξάμενον,

294 3513 394 3566 καὶ
441 3514 816 3584 προκόπτοντα
848 3515 1000 3587 παρὰ
1042 3513 1163 3585 Θεῷ
1213 3515 1309 3567 καὶ
1349 3513 1659 3586 ἀνθρώποις
1714 3513 1878 3586 σοφίᾳ

294 3606 397 3659 καὶ
440 3606 658 3678 χάριτι,
713 3608 1005 3680 λαμϐάνων
1044 3626 1164 3676 τις,
1196 3609 1298 3663 οὐκ
1324 3608 1430 3676 ἔξω
1478 3609 1575 3679 τῆς
1619 3607 1879 3672 εὐσεϐοῦς

294 3698 650 3770 ἐνεχθήσεται
680 3685 938 3764 διανοίας.

370 3789 424 3842 2.
473 3789 585 3860 Τῆς
613 3790 713 3861 σῆς
748 3792 792 3844 δ’
821 3791 887 3846 ἂν
909 3791 995 3862 εἴη
1025 3792 1337 3861 φιλοπονίας
1361 3790 1470 3861 (58)
1493 3789 1749 3844 ἐκθέσθαι
1778 3789 1879 3854 τὰς

296 3881 662 3949 εὐαγγελικὰς
697 3884 885 3954 ῥήσεις
907 3925 923 3947 ,
960 3886 1055 3938 καὶ
1090 3887 1378 3955 συγκρῖναι
1406 3882 1664 3953 ἀλλήλαις
1689 3884 1788 3954 τήν
1819 3898 1880 3935 τε

296 3969 585 4023 Ματθαίου
642 3971 738 4026 καὶ
778 3971 877 4044 τὴν
914 3973 1163 4043 Μάρκου.
1201 3965 1363 4025 Οὗτοι
1400 3972 1509 4045 γὰρ
1553 3972 1705 4044 μόνοι
1754 3988 1881 4024 συν-

297 4059 616 4130 ενεχθέντες
654 4063 785 4134 περὶ
833 4062 923 4116 τὸν
956 4064 1119 4117 τόπον
1156 4064 1344 4117 τοῦτον
1377 4061 1625 4133 ἀλλήλοις
1661 4061 1879 4126 φαίνον-

296 4168 411 4205 ται.
459 4152 521 4204 Ἢ
567 4153 667 4224 μὲν
706 4149 798 4208 οῦν
851 4154 947 4208 τοῦ
997 4154 1276 4209 Ματθαίου
1325 4153 1470 4219 λέξις
1508 4152 1682 4217 οὕτως
1726 4152 1877 4223 ἔχει·

296 4241 444 4309 Περί
467 4243 537 4296 δὲ
582 4244 691 4311 τῆς
724 4244 949 4314 ἡμέρας
989 4246 1232 4315 ἐκείνης
1278 4246 1379 4301 καὶ
1421 4245 1533 4315 τῆς
1577 4244 1733 4315 ὅῳας
1767 4244 1879 4315 (59)

298 4333 503 4400 οὐδεὶς
541 4331 735 4399 οἶδεν,
769 4335 912 4389 οὐδὲ
949 4341 1001 4392 οὶ
1049 4336 1290 4407 ἄγγελοι
1324 4336 1442 4391 τῶν
1479 4336 1751 4405 οὐρανῶν
1776 4376 1789 4398 ,
1829 4337 1883 4389 εἰ

1968 1850 2022 1895 et
2061 1837 2158 1895 Dei
2187 1842 2452 1910 sapientia
2475 1842 2561 1897 “7
2585 1844 2839 1901 Profecto
2869 1852 3051 1902 autem
3072 1862 3203 1917 pars
3227 1854 3313 1902 est
3338 1849 3554 1919 sapien-

1965 1931 2058 1985 tia
2122 1932 2365 2003 cognitio
2395 1973 2411 1998 ,
2468 1949 2633 2004 quam
2682 1951 2792 1991 non
2845 1943 3018 1992 totam
3074 1948 3472 2008 reprasentat,
3500 1940 3551 1996 si

1969 2023 2178 2099 quidei
2219 2025 2381 2080 desit.
2417 2026 2704 2093 Quomodo
2748 2036 2928 2085 autem
2972 2028 3138 2086 Pater
3165 2031 3238 2097 ei,
3260 2046 3359 2102 per
3383 2047 3547 2102 quem

1968 2117 2172 2192 saeula
2214 2116 2496 2184 condidit,
2564 2119 2843 2176 minimam
2900 2130 3110 2192 partem
3172 2123 3497 2179 saculorum
3531 2165 3547 2187 .

1970 2190 2114 2263 diem
2161 2207 2317 2264 illum
2371 2217 2427 2265 et
2472 2210 2707 2279 horam,
2756 2226 2869 2266 non
2901 2190 3221 2269 _ostendit?
3261 2214 3373 2269 Aut
3408 2230 3551 2287 quo-

1971 2299 2133 2354 modo
2175 2300 2555 2357 universorum
2603 2301 2890 2369 Conditor,
2947 2305 3190 2361 minima
3227 2306 3402 2377 partis
3451 2322 3548 2362 eo-

1971 2408 2093 2447 rum
2116 2434 2132 2457 ,
2166 2408 2288 2463 qua
2320 2408 2350 2447 a
2396 2409 2457 2450 se
2494 2394 2716 2450 condita
2758 2404 2908 2461 sunt,
2939 2398 3252 2468 cognitione
3278 2398 3546 2455 destitue-

1975 2486 2107 2539 tur?
2134 2470 2239 2552 Qui
2282 2494 2466 2541 autem
2510 2488 2693 2553 dicit,
2743 2490 3222 2561 appropinquante
3262 2489 3391 2556 line,
3431 2491 3551 2547 hac

1972 2584 2027 2633 et
2076 2577 2167 2631 illa
2212 2578 2268 2632 in
2307 2578 2450 2633 calo
2498 2579 2653 2651 signa
2690 2588 2745 2635 et
2790 2579 2845 2634 in
2872 2580 3034 2636 terris
3057 2580 3233 2636 visum
3255 2581 3360 2647 iri,
3409 2597 3550 2652 quo-

1972 2668 2135 2723 modo
2186 2669 2367 2740 ipsum
2421 2670 2583 2726 ﬁnem
2634 2670 2893 2742 ignorat?
2963 2670 3100 2725 Dum
3167 2672 3311 2728 enim
3373 2672 3545 2729 dicit:

1976 2760 2229 2816 Nondum
2257 2764 2381 2833 ﬁnis
2410 2763 2474 2831 ⁸³,
2505 2778 2615 2818 non
2647 2765 2805 2835 quasi
2839 2764 3119 2828 dubitans,
3149 2766 3243 2821 sed
3279 2773 3340 2820 ut
3366 2767 3549 2824 sciens

1975 2853 2226 2911 ailirmat.
2268 2853 2493 2921 Deinde,
2538 2857 2586 2911 si
2628 2856 2755 2927 quis
2783 2871 2941 2928 aquo
2981 2857 3166 2913 animo
3188 2858 3498 2914 consideret
3529 2899 3547 2924 ,

1975 2947 2147 3001 multa
2189 2955 2244 3002 et
2281 2962 2348 3003 ex
2406 2948 2643 3002 humana
2688 2957 2844 3020 parte
2878 2947 3139 3005 Dominus
3187 2949 3409 3006 disserit
3449 2951 3551 3004 lio-

1976 3039 2273 3095 minibus;
2328 3055 2454 3094 nam
2489 3040 2646 3107 illud,
2696 3040 2785 3095 Da
2823 3040 2951 3095 mihi
3002 3040 3176 3096 bibere
3200 3040 3267 3107 “,
3310 3057 3416 3097 vox
3465 3050 3552 3096 cst

1978 3127 2238 3194 Domini,
2285 3144 2603 3201 corpoream
2661 3120 3017 3201 indigentiam
3074 3132 3321 3202 explens.
3370 3133 3553 3202 Atque

1975 3222 2023 3278 is
2049 3222 2269 3293 quidem
2304 3225 2397 3294 qui
2443 3212 2660 3295 petebat
2684 3263 2699 3288 ,
2754 3240 2866 3279 non
2915 3239 3047 3279 caro
3078 3232 3199 3280 erat
3223 3225 3550 3293 inanimato,

1977 3316 2071 3372 scd
2131 3315 2394 3373 divinitas
2449 3331 2615 3372 carne
2665 3318 2906 3373 animata
2953 3326 3135 3374 utens.
3192 3318 3269 3372 Ita
3297 3325 3352 3374 et
3406 3335 3554 3374 nunc

1976 3410 2021 3465 si
2057 3410 2183 3479 quis
2229 3409 2597 3480 ignorantiam
2658 3409 2807 3464 illam
2873 3410 2940 3464 ad
2998 3425 3121 3465 eum
3167 3409 3410 3474 referat,
3458 3411 3554 3481 qui

1975 3501 2160 3556 omnia
2195 3516 2291 3571 per
2320 3501 2788 3571 dispensationem
2819 3502 3099 3572 suscepit,
3133 3509 3188 3556 et
3221 3517 3407 3558 coram
3442 3501 3554 3558 Deo

1976 3600 2031 3647 et
2064 3592 2379 3649 hominibus
2423 3594 2692 3664 sapientia
2717 3603 2773 3648 et
2798 3594 2976 3663 gratia
3007 3593 3275 3664 profecit;
3320 3594 3369 3650 is
3399 3601 3555 3650 extra

1976 3685 2121 3754 piam
2147 3700 2255 3739 non
2276 3683 2483 3740 feretur
2505 3685 2859 3741 sententiam.

2046 3771 2103 3826 2.
2141 3770 2263 3827 Jam
2295 3780 2403 3827 tua
2449 3773 2745 3843 diligentia
2796 3772 2960 3829 fuerit
3006 3773 3355 3843 evangelicas
3392 3790 3556 3832 voces

1978 3880 2274 3936 exponere,
2304 3873 2360 3921 et
2389 3864 2623 3921 Mattbai
2665 3881 2729 3920 ac
2764 3865 2930 3919 Marci
2969 3864 3114 3919 dicta
3149 3865 3296 3922 inter
3334 3882 3397 3922 se
3419 3883 3556 3924 con-

1981 3956 2143 4013 ferre.
2201 3955 2267 4011 Hi
2317 3958 2465 4014 enim
2510 3958 2612 4014 soli
2660 3958 2808 4012 circa
2864 3958 3010 4012 hunc
3074 3957 3258 4012 locum
3311 3957 3455 4014 inter
3496 3975 3560 4015 se

1979 4049 2330 4105 concurrisse
2386 4049 2817 4119 comperiuntur.
2903 4049 2966 4103 Et
3033 4047 3272 4103 Matthai
3338 4051 3557 4120 quidem

1979 4139 2147 4194 dictio
2205 4139 2287 4196 sic
2338 4154 2399 4197 se
2444 4140 2610 4196 habet
2660 4155 2675 4193 :
2721 4139 2793 4195 De
2836 4139 2923 4195 die
2974 4150 3149 4195 autem
3203 4140 3302 4195 illa
3346 4149 3396 4196 et
3425 4139 3562 4197 hora

1981 4249 2130 4287 nemo
2192 4234 2330 4299 scit,
2379 4250 2442 4287 ne
2471 4233 2720 4287 calorum
2757 4232 2969 4304 quidem
3020 4234 3225 4304 angeli,
3290 4234 3399 4290 nisi
3457 4233 3560 4288 Ραο

1982 4332 2058 4377 ter
2088 4325 2236 4380 solus
2259 4325 2328 4381 “.
2367 4324 2534 4380 Marci
2559 4333 2743 4381 autem
2779 4326 2856 4381 ita
2894 4341 2909 4378 :
2944 4326 3022 4381 De
3043 4327 3127 4381 die
3177 4336 3356 4382 autem
3382 4327 3479 4382 illo
3510 4338 3562 4380 et

296 4429 387 4500 μὴ
411 4432 444 4483 ό
469 4428 670 4497 Πατὴρ
693 4430 882 4498 μόνος
900 4444 915 4458 ·
948 4431 981 4499 ἡ
1010 4429 1069 4483 δὲ
1087 4429 1179 4483 τοῦ
1209 4429 1461 4500 Μάρκου’
1492 4428 1633 4497 Περὶ
1668 4425 1736 4481 δὲ
1768 4414 1879 4496 τῆς

1982 4419 2114 4473 liora
2180 4435 2328 4473 nemo
2394 4419 2537 4482 scit,
2608 4435 2771 4488 neque
2824 4418 2998 4490 angeli
3056 4421 3110 4473 in
3174 4420 3328 4487 caelo,
3399 4435 3562 4489 neque

299 4520 530 4590 ἡμέρας
561 4521 799 4589 ἐκείνης
829 4520 928 4574 καὶ
972 4519 1127 4588 ὥρας
1174 4521 1371 4587 οὐδεὶς
1408 4516 1571 4575 οἶδεν
1594 4560 1610 4585 ,
1647 4517 1790 4573 οὐδὲ
1824 4520 1882 4572 οὶ

1987 4510 2163 4564 Filius
2197 4550 2212 4573 ,
2237 4510 2340 4564 nisi
2372 4509 2535 4564 Pater
2557 4510 2621 4564 θθ.
2655 4509 2797 4576 Quid
2831 4517 3012 4567 autem
3042 4510 3100 4566 in
3152 4512 3241 4567 his
3264 4512 3560 4567 observata

300 4611 548 4680 ἄγγελοι
588 4616 643 4667 οἳ
685 4613 757 4665 ἐν
796 4610 1030 4681 οὐρανῷ
1057 4612 1206 4681 (60),
1242 4612 1385 4667 οὐδὲ
1425 4616 1458 4666 d
1501 4610 1668 4678 Υἱὸς,
1705 4613 1758 4664 εἰ
1790 4609 1878 4679 μὴ

1984 4604 2209 4676 dignum
2256 4605 2389 4659 est?
2444 4602 2581 4658 Illud
2641 4619 2878 4675 nempe,
2964 4603 3276 4658 Matthaum
3339 4602 3559 4672 quidem

300 4705 338 4758 ό
370 4703 593 4772 Πατήρ.
626 4704 691 4756 Τί
717 4704 898 4757 τοίνυν
922 4704 1070 4756 ἐστὶν
1102 4705 1159 4756 ἐν
1192 4703 1403 4767 τούτοις
1431 4702 1879 4775 ἐπισημήνασθαι

1987 4697 2124 4753 nihil
2177 4695 2382 4752 dixisse
2412 4695 2480 4750 de
2507 4695 2628 4750 Filii
2657 4695 2819 4768 362
2862 4695 3193 4767 ignorantia,
3242 4693 3417 4748 videri
3475 4699 3562 4746 ta-

301 4792 487 4859 ἄξιον;
529 4796 703 4847 Ὀτιὸ
738 4795 833 4865 μὲν
868 4794 1147 4857 Ματθαῖος
1170 4793 1319 4847 οὐδὲν
1344 4786 1466 4845 εἷπε
1494 4792 1622 4864 περὶ
1652 4792 1750 4863 τῆς
1785 4790 1880 4844 τοῦ

1986 4802 2113 4842 men
2162 4801 2288 4841 cum
2329 4785 2512 4841 Marco
2551 4786 2865 4841 consentire
2901 4785 3083 4856 quoad
3118 4797 3375 4845 sensum,
3425 4779 3561 4835 dum

302 4884 439 4938 Υἱοῦ
482 4885 789 4953 ἀγνωσίας’
838 4886 988 4938 δοκεῖ
1016 4885 1074 4938 δὲ
1119 4883 1198 4955 τῷ
1251 4884 1464 4956 Μάρκῳ
1504 4881 1881 4956 συμφέρεσθαι

1989 4880 2097 4943 ait,
2148 4875 2273 4931 Nisi
2302 4877 2446 4930 solus
2500 4876 2682 4933 Pater.
2725 4875 2836 4932 Nos
2879 4891 3043 4949 porro
3074 4874 3452 4930 existimamus
3495 4873 3562 4927 il-

377 5009 423 5038 ⁸ο
462 5007 651 5061 Matth.
696 5023 782 5072 χι,
823 5007 914 5060 27.
1021 5008 1061 5038 ⁶¹
1107 5005 1295 5060 Matth.
1337 5019 1505 5070 xxrv,
1539 5002 1630 5059 56.

1733 5003 1779 5035 ⁶²
1816 5001 1837 5056 l
1874 5001 2000 5056 Cor.
2046 5016 2099 5065 ι,
2164 4998 2263 5073 24..

305 5079 353 5110 ⁸⁵
386 5078 575 5130 Matth.
608 5094 758 5144 xxw,
789 5079 880 5134 56.
956 5078 1001 5108 “
1022 5075 1188 5130 Marc.
1222 5090 1344 5141 xui,
1385 5074 1474 5129 52.

2360 4998 2405 5030 ⁸³
2444 4996 2634 5051 Matth.
2706 5011 2858 5063 χχιιι,
2905 4994 2959 5049 6.
3034 4992 3081 5024 ⁸⁸
3115 4990 3274 5047 Joan.
3349 5007 3436 5055 tv,
3504 4989 3556 5046 7.

378 5197 494 5266 (56)
544 5194 729 5251 ’Λλλὰ
771 5192 1001 5266 πρῶ-τῳ.
1052 5193 1175 5266 Duo
1231 5190 1400 5266 Regii-
1430 5188 1673 5266 codices,
1728 5185 1875 5266 Y‘at"

305 5258 571 5326 Claroinu
603 5266 773 5333 Bigot.
805 5258 858 5318 et
883 5262 1057 5318 Paris.
1092 5263 1293 5317 habent
1320 5258 1455 5315 ἀλλὰ
1480 5259 1713 5331 πρῶτον.
1743 5259 1877 5312 Cum

305 5341 471 5394 editis
503 5336 591 5389 alii
622 5335 841 5387 codices
872 5334 1243 5388 consentiunt.

286 5404 291 5409 ’
379 5405 654 5479 (δη-Τοῖς
680 5402 1011 5479 ᾀνθρώποις
1031 5421 1060 5479 '_
1086 5398 1234 5479 οἷον.
1273 5401 1395 5456 Hac
1421 5399 1602 5455 addita
1635 5414 1708 5479 εξ
1733 5396 1884 5479 codi-

305 5467 668 5540 cibas'MedI,
705 5467 881 5528 Harl..
916 5467 1083 5528 Co'isl.
1126 5474 1302 5542 primo
1333 5482 1387 5528 et
1422 5486 1530 5524 uno
1563 5486 1630 5524 ex
1672 5467 1879 5542 Regiis.

306 5549 454 5604 Editi
484 5538 810 5613 διαλέγεται.
861 5542 1096 5615 Τδγγάρ.
1128 5538 1259 5615 110x
1297 5543 1379 5615 ha
1415 5555 1599 5615 yoces,
1635 5538 1880 5615 TO§_KU-f

312 5621 453 5693 ρίου.
495 5609 784 5693 (ἰθευιὶῌη
814 5609 1298 5693 ⁵(ιοιίἰοίῒίυεινιιιη
1338 5609 1796 5693 Coisl.__secundo
1828 5613 1884 5661 et

308 5680 528 5745 duobus
566 5685 770 5757 Regiis.
814 5683 984 5740 Paulo
1018 5692 1141 5755 post
1172 5694 1380 5754 septem
1425 5682 1684 5739 codices:
1725 5680 1883 5732 Οὕτω

1983 5186 2160 5238 τοίνυν
2188 5183 2249 5236 τὸ
2275 5186 2374 5254 τῆς
2413 5182 2633 5251 ἀγνοίας
2678 5180 2769 5234 ἐπὶ
2800 5180 2892 5233 τὸν
2924 5178 3321 5249 προκόπτοντα.
3352 5176 3560 5232 Catera

1985 5259 2201 5310 desunt.

2054 5324 2166 5396 (58)
2198 5322 2580 5396 Φιλοπονίας.
2608 5319 2776 5396 Coisl.
2801 5319 3011 5390 primus
3040 5316 3375 5388 φιλοσοφίας,
3404 5324 3458 5373 et
3489 5318 3558 5373 ad

1986 5392 2283 5459 marginem
2317 5401 2376 5446 ut
2413 5392 2465 5445 in
2497 5393 2678 5446 editis.

2057 5458 2168 5534 (59)
2194 5458 2301 5518 Καὶ
2329 5460 2439 5534 τῆς
2471 5461 2646 5531 ὧρας.
2675 5459 2799 5534 [jac
2819 5458 3018 5534 desunt
3049 5458 3102 5512 in
3145 5458 3395 5528 pluribus
3418 5473 3555 5515 mss.

1984 5529 2160 5608 Paulo
2185 5540 2309 5608 post
2335 5529 2880 5608 quinquepodicesi)
2915 5529 3083 5608 ᾤρειςσ
3212 5599 3224 5608 _
3296 5599 3307 5608 ,
3389 5597 3422 5608 η
3465 5597 3475 5608 _

2057 5594 2262 5677 (60)A'Ol
2285 5594 2640 5670 ἐνόὑρανῷ.
2671 5601 2833 5656 Deest
2868 5594 3041 5671 prima
3071 5599 3261 5656 vocula
3296 5599 3350 5654 in
3384 5594 3558 5655 Coisl.

1987 5673 2250 5735 secundo.
