3900 6208
368 304 470 359 879

1676 301 1733 358 ε.
1777 301 2018 357 BASlLll
2063 300 2275 356 MAGNI

3523 301 3624 356 880

370 414 497 477 Iud,
552 412 728 475 solus,
778 419 837 466 ut
883 413 1089 483 angelis
1128 422 1453 482 opponatur.
1506 411 1706 466 dictum
1757 412 1943 479 fuisse,

2053 417 2195 468 κατὰ
2229 415 2327 485 τὴν
2367 414 2608 478 ἔννοιαν,
2644 414 2709 466 ἐκ
2739 413 2834 467 τοῦ
2874 413 3078 483 φάναι,
3115 417 3183 469 Et
3214 415 3303 485 μὴ
3347 418 3380 470 ό
3425 417 3628 488 Πατὴρ

371 510 593 562 minime
621 520 750 561 vero
782 503 979 560 Filium
1021 521 1125 560 una
1179 520 1302 559 cum
1329 505 1446 560 suis
1483 505 1658 560 servis
1698 521 1949 576 compre-

373 596 560 659 hendi,
609 602 874 666 quantum
923 596 1118 649 attinet
1148 594 1214 647 ad
1259 595 1645 664 ignorantiam.
1679 594 1773 650 Est
1801 598 1946 650 eunti)

373 701 535 741 verax
581 687 674 754 qui
731 683 1103 754 pronuntiavit
1143 701 1155 735 :
1205 681 1400 737 Omnia
1443 698 1764 751 qua'cunque
1795 680 1949 734 habet

378 774 572 837 Pater,
624 790 737 827 mea
808 783 929 826 sunt
955 774 1020 825 ⁸⁷.
1069 770 1244 825 Unum
1297 781 1477 826 autem
1537 788 1725 826 eorum
1761 813 1775 836 ,
1828 790 1950 840 qua:

375 866 569 927 habet,
602 875 685 920 est
728 873 781 918 et
815 865 931 934 ipsa
973 863 1202 933 hujusce
1245 864 1354 918 diei
1399 876 1455 919 et
1508 865 1654 918 horae
1685 866 1944 934 cognitio.

372 953 605 1010 Silentio
657 955 820 1024 igitur
861 953 1312 1022 prmtermittcns,
1357 964 1416 1008 ut
1462 955 1686 1010 minime
1729 963 1949 1009 contro-

373 1062 609 1109 versam,
662 1063 816 1102 suam
859 1046 1031 1114 ipsius
1081 1061 1370 1115 pezsonam
1411 1047 1463 1100 in
1521 1047 1757 1102 Matthazi
1799 1048 1950 1102 dicto

374 1138 655 1199 Dominus,
687 1137 910 1207 angelos
941 1137 1079 1192 dixit
1113 1136 1401 1206 ignorare,
1437 1140 1582 1194 scire
1627 1151 1805 1193 autem
1853 1139 1952 1193 Pa-

372 1239 508 1283 trem
537 1230 736 1292 solum,
780 1226 960 1282 Patris
992 1230 1363 1298 cognitionem
1391 1233 1556 1284 tacite
1587 1246 1742 1284 suam
1773 1231 1947 1300 ipsius

367 1338 491 1377 esse
530 1323 754 1386 docens,
805 1337 870 1376 eo
907 1321 1052 1390 quod
1083 1331 1138 1375 et
1180 1321 1307 1374 alibi
1339 1323 1712 1391 pronuntiarit
1750 1339 1762 1374 :
1798 1322 1948 1378 Sicut

365 1417 632 1486 cognoscit
686 1431 766 1468 me
819 1413 1022 1476 Pater,
1071 1422 1122 1466 et
1169 1429 1263 1483 ego
1314 1429 1570 1483 cognosco
1630 1407 1844 1468 Patrem
1879 1415 1945 1468 °".

367 1507 524 1573 Quod
581 1507 629 1560 si
662 1505 825 1560 Pater
871 1504 1068 1558 Filium
1107 1513 1280 1558 totum
1334 1507 1574 1560 totaliter
1621 1507 1944 1576 cognoscit,

370 1602 444 1654 ita
497 1607 552 1654 ut
603 1607 658 1654 ct
699 1598 1038 1653 reconditam
1091 1597 1146 1650 in
1195 1597 1314 1666 ipso
1359 1595 1686 1667 Sapientiam
1727 1607 1945 1652 omnem

369 1693 659 1764 perspiciat
697 1710 712 1746 :
751 1691 865 1760 pari
901 1705 1157 1744 mensura
1189 1698 1243 1745 et
1283 1705 1317 1744 a
1355 1687 1504 1744 Filio
1541 1671 1942 1760 eog'nbscet'ur,

368 1797 492 1836 cum
530 1779 678 1834 omni
730 1779 895 1833 insita
943 1779 1016 1832 illi
1052 1777 1320 1848 sapientia
1373 1785 1427 1832 et
1485 1775 1824 1846 praenotloh'e'
1861 1781 1944 1832 l'u-
1979 1769 2018 1822 Β

370 1884 636 1928 tutorum.
677 1869 767 1924 Sic
798 1870 962 1940 igitur
1003 1869 1134 1923 illud
1171 1869 1405 1922 Matthaei
1431 1908 1446 1932 ,
1483 1866 1604 1922 Nisi
1633 1853 1778 1923 solus
1830 1869 1945 1923 Pa—

369 1977 479 2030 ter,
557 1962 970 2034 interpretando
1040 1961 1353 2015 lcniendun‘.
1425 1959 1703 2015 ducimus.
1747 1945 1945 2017 rMarci

362 2067 545 2112 autem
590 2057 775 2122 verba,
822 2056 949 2125 quia
998 2061 1185 2123 aperte
1241 2053 1496 2108 videntur
1525 2037 1945 2122 ipsum'Filium

365 2167 396 2204 a
449 2149 760 2220 cognitione
795 2145 1088 2204 excludere
1118 2190 1132 2213 ,
1179 2149 1256 2200 ita
1305 2145 1667 2217 intelligimus
1721 2127 1950 2202 :Ncmo

365 2244 540 2310 novit,
597 2257 778 2313 neque
832 2241 1010 2310 angeli
1053 2238 1184 2306 Dei,
1238 2238 1333 2294 scd
1367 2254 1467 2294 nec
1497 2237 1670 2294 Filius
1711 2245 1942 2304 nosset,

363 2335 475 2391 nisi
533 2343 720 2390 nosset
774 2331 977 2400 Pater;
1031 2332 1133 2386 hoc
1169 2340 1275 2394 est,
1321 2345 1490 2386 causa
1529 2338 1584 2386 ct
1617 2330 1946 2401 principium

363 2431 698 2503 cognitionis
744 2428 868 2482 Filii
921 2443 953 2482 a
987 2426 1151 2482 Patre
1197 2435 1300 2481 est.
1349 2425 1426 2480 Ac
1456 2425 1696 2480 violenta
1725 2425 1945 2495 quidem

363 2541 474 2579 non
511 2532 617 2592 est,
646 2523 692 2577 si
748 2521 875 2591 quis
903 2535 1060 2589 aequo
1099 2520 1281 2573 animo
1314 2518 1544 2584 audiat,
1580 2517 1693 2571 haec
1729 2517 1940 2587 exposi-

362 2616 482 2684 tio;
538 2612 985 2686 quandoquidem
1037 2626 1144 2664 non
1195 2609 1458 2680 adjicitur
1502 2609 1669 2672 solus,
1708 2617 1770 2662 ut
1801 2608 1946 2679 apud

365 2707 701 2763 Mattlneum.
752 2704 904 2760 Mens
941 2703 1108 2774 igitur
1138 2700 1306 2756 Marci
1355 2710 1440 2756 est
1480 2701 1750 2769 ejusmodi
1794 2716 1807 2752 :
1873 2699 1948 2756 De

363 2803 453 2856 die
511 2809 692 2854 autem
745 2798 836 2850 illa
869 2809 963 2849 aut
1011 2796 1142 2849 hora
1193 2809 1355 2849 nemo
1386 2794 1512 2858 scit,
1556 2809 1736 2864 neque
1766 2793 1947 2863 angeli

365 2893 498 2956 Dei,
558 2889 653 2946 sed
706 2904 808 2942 nec
854 2884 1024 2940 Filius
1072 2883 1293 2955 quidem
1353 2891 1566 2948 nosset,
1603 2884 1709 2938 nisi
1759 2892 1948 2939 nosset

352 2986 570 3049 'Pater;
627 2979 898 3050 siquidem
939 2979 987 3033 ei
1028 2992 1058 3031 a
1111 2975 1272 3030 Patre
1322 2974 1449 3028 data
1510 2975 1770 3044 cognitio.
1831 2973 1946 3029 lloc

2042 509 2248 576 μόνος.
2291 507 2481 575 Ἡμεῖς
2527 505 2582 558 δέ
2638 505 2920 576 ἡγούμεθα
2962 506 3053 570 τὸ,
3083 499 3305 576 μόνος,
3353 509 3492 580 πρὸς
3533 511 3628 579 τὴν

2047 599 2154 652 τῶν
2201 598 2445 669 ἀγγέλων
2480 597 2886 668 ἀντιδιαστολὴν
2935 598 3045 667 (61)
3101 599 3386 670 εἰρῆσθαι⁶
3435 601 3527 652 τὸν
3574 601 3630 653 δὲ

2048 692 2175 745 Υἱδν
2216 691 2292 762 μὴ
2328 689 2968 762 συμπαραλαμϐάνεσθαι
3005 696 3116 756 τοῖς
3167 693 3364 746 ἑαυτοῦ
3399 693 3627 758 δούλοις,

2048 783 2188 836 κατὰ
2227 784 2326 851 τὴν
2368 783 2611 850 ἄγνοιαν.
2657 780 2918 852 Ἀψευδὴς
2947 782 3056 853 γὰρ
3084 784 3113 834 6
3138 783 3327 843 εἰπὼν,
3361 785 3445 836 ὅτι
3471 784 3630 838 Πάν-

2046 891 2120 929 τα
2148 874 2264 928 ὅσα
2293 874 2416 943 ἕχει
2457 877 2488 927 ό
2527 871 2731 940 Πατὴρ
2759 873 2872 942 ἐμά
2898 874 3086 927 ἐστιν.
3131 877 3226 927 ’Ἐν
3254 875 3312 929 δὲ
3331 917 3344 940 ,
3377 869 3454 928 ὧν
3496 877 3628 946 ἔχει,

2047 967 2140 1019 καὶ
2166 969 2198 1038 ἠ
2230 965 2429 1034 γνῶσίς
2453 969 2568 1019 ἐστι
2598 965 2696 1036 τῆς
2722 965 2936 1036 ἡμέρας
2968 966 3181 1035 ἐκείνης
3207 969 3300 1020 καί
3330 967 3433 1037 τῆς
3461 967 3631 1038 ὥρας.

2046 1059 2496 1130 Παρασιωπήσας
2525 1057 2734 1119 τοίνυν,
2767 1058 2843 1122 ὼς
2883 1058 3350 1129 ὁμολογούμενον,
3404 1058 3466 1112 τὸ
3510 1060 3632 1112 ἐαυ-

2044 1150 2139 1203 τοῦ
2175 1149 2464 1221 πρόσωπον
2504 1151 2563 1202 ἐν
2592 1151 2658 1220 τῇ
2704 1149 2846 1214 λέξει
2890 1147 2982 1202 τοῦ
3017 1148 3297 1202 Ματθαίου
3335 1151 3364 1202 6
3404 1149 3628 1219 Κύριος,

2044 1243 2170 1305 τοὺς
2203 1241 2470 1310 ἀγγέλους
2503 1239 2653 1293 εἶπεν
2683 1243 2895 1310 ἀγνοεῖν
2917 1282 2930 1303 ,
2970 1240 3164 1294 εἰδέναι
3199 1240 3253 1294 δὲ
3287 1241 3379 1294 τὸν
3409 1242 3632 1312 Πατέρα

2050 1331 2237 1402 μόνον·
2269 1331 2368 1403 τὴν
2395 1330 2490 1383 τοῦ
2531 1330 2745 1402 Πατρὸς
2777 1331 2980 1399 γνῶσιν
3016 1331 3158 1384 κατὰ
3180 1330 3240 1382 τὸ
3274 1330 3632 1400 σιωπώμενον

2047 1423 2140 1476 καὶ
2170 1421 2363 1475 ἑαυτοῦ
2412 1419 2552 1475 εἶναι
2582 1421 2785 1490 λέγων,
2838 1422 2926 1476 διὰ
2957 1421 3017 1474 τὸ
3047 1422 3142 1475 καὶ
3177 1423 3232 1473 ἐν
3262 1421 3444 1484 ἄλλοις
3479 1424 3632 1492 είρη-

2047 1515 2235 1568 κέναι·
2276 1513 2482 1580 Καθὼς
2521 1513 2798 1583 γινώσκει
2847 1531 2924 1584 με
2976 1518 3008 1568 ό
3047 1513 3286 1582 Πατὴρ,
3336 1514 3507 1583 κάγὼ
3553 1531 3636 1581 τι-

2043 1605 2256 1659 νώσκω
2305 1604 2415 1658 τὸν
2449 1604 2699 1674 Πατέρα.
2741 1607 2804 1657 Ei
2851 1605 2906 1658 δὲ
2936 1603 3194 1673 γινώσκει
3234 1607 3263 1658 6
3312 1605 3508 1676 Πατὴρ
3545 1603 3635 1657 τὸν

2047 1697 2176 1751 Υἰὸν
2227 1697 2343 1750 ὅλον
2399 1695 2464 1750 δι’
2521 1696 2680 1761 ὅλου,
2714 1696 2855 1749 ὥστε
2909 1698 3003 1749 καὶ
3053 1695 3152 1766 τὴν
3203 1696 3634 1765 ἐναποκειμένην

2047 1785 2197 1857 αὐτῷ
2225 1786 2336 1857 (62)
2371 1786 2564 1856 σοφίαν
2597 1789 2779 1840 πᾶσαν
2829 1787 3154 1840 ἐπίστασθαι
3176 1804 3188 1816 ·
3235 1788 3378 1840 κατὰ
3413 1788 3476 1839 τὸ
3524 1789 3634 1840 ἴσον

2021 1881 2032 1892 ³
2051 1879 2246 1950 μέτρον
2281 1883 2374 1932 καὶ
2423 1879 2892 1951 ἐπιγνωσθήσεται
2921 1880 3072 1950 παρὰ
3099 1879 3194 1932 τοῦ
3234 1879 3364 1931 Tia-3
3394 1919 3407 1940 ,
3437 1879 3633 1950 δηλον-

2046 1973 2148 2036 ότι,
2211 1973 2348 2043 μετὰ
2394 1973 2575 2043 πάσης
2625 1975 2724 2044 τῆς
2773 1970 3186 2042 ἐνυπαρχούσης
3243 1969 3392 2040 αὐτῷ
3444 1970 3636 2039 σοφίας

2047 2066 2139 2117 καὶ
2191 2065 2290 2135 τῆς
2347 2063 2711 2136 προγνώσεως
2751 2063 2858 2116 τῶν
2893 2063 3194 2134 μελλόντων
3261 2063 3483 2134 Ταύτης
3539 2062 3637 2132 μὲν

2045 2154 2139 2210 οὖν
2185 2157 2443 2228 ἀξ;οὖμεν
2497 2158 2597 2228 τῆς
2653 2155 3006 2229 παραμυθίας
3053 2155 3115 2208 τὸ
3156 2156 3306 2226 παρὰ
3359 2154 3441 2225 τῷ
3482 2156 3637 2208 Ματ-

2047 2250 2184 2320 θαίῳ
2213 2250 2493 2320 κείμενον
2549 2251 2618 2304 El
2640 2249 2726 2318 μὴ
2755 2252 2787 2303 ό
2823 2247 3027 2315 Πατὴρ
3051 2248 3260 2316 μόνος.
3292 2247 3366 2301 Τὸ
3398 2248 3456 2300 δὲ
3489 2249 3640 2318 Μάρ-

2047 2360 2144 2396 κου
2161 2382 2183 2406 ,,
2229 2340 2415 2412 ἐπειδὴ
2447 2340 2696 2412 φανερῶς
2736 2340 2882 2392 δοκεί
2923 2339 3016 2392 καὶ
3055 2338 3145 2391 τὸν
3196 2338 3324 2391 Υἱὸν
3368 2338 3640 2409 ἀπομερί-

2047 2434 2160 2500 ζειν
2193 2433 2294 2503 τῆς
2337 2430 2618 2502 γνώσεως,
2664 2431 2807 2485 οὓτω
2841 2431 3099 2501 νοοῦμεν·
3137 2432 3217 2484 ὅτι
3261 2430 3440 2492 οὐδεὶς
3473 2426 3634 2491 οἶδεν,

2047 2526 2172 2580 οὗτε
2228 2525 2280 2578 ol.
2321 2524 2541 2593 ἄγγελοι
2590 2523 2684 2576 τοῦ
2743 2521 2915 2587 Θεοῦ,
2955 2522 3069 2575 ἀλλ’
3104 2522 3225 2575 οὐδὲ
3283 2524 3311 2574 ὁ
3356 2521 3486 2584 Tib;
3525 2521 3634 2589 (65)

2048 2619 2190 2687 ἔγνω
2215 2658 2230 2679 ,
2265 2619 2312 2670 εἰ
2351 2615 2426 2688 μὴ
2465 2618 2494 2669 6
2534 2615 2755 2685 Πατήρο
2797 2615 3110 2677 τουτέστιν,
3163 2615 3196 2684 ὴ
3252 2613 3406 2664 αἰτία
3435 2612 3528 2664 τοῦ
3559 2612 3638 2663 εί-

2045 2710 2194 2762 δὲναι
2223 2707 2314 2760 τὸν
2347 2707 2478 2760 Υίδν
2503 2706 2656 2776 παρὰ
2692 2704 2786 2758 τοῦ
2824 2704 3054 2775 Πατρός.
3085 2703 3195 2756 Καὶ
3231 2703 3494 2765 ἀϐίαστος
3519 2705 3635 2755 ἐστι

2046 2801 2124 2872 τῷ
2160 2799 2521 2870 εὐγνωμόνως
2575 2797 2892 2866 ἁκούοντιὴ
2933 2793 3194 2866 ἐξήγησις
3225 2795 3396 2863 αὕτη-
3445 2792 3636 2863 ἐπειδὴ

2045 2894 2107 2948 οὐ
2135 2893 2455 2964 πρόσκειται
2491 2889 2550 2944 τὺ
2584 2889 2774 2958 μόνος
2793 2928 2807 2950 ,
2833 2887 2907 2950 ὡς
2933 2886 3028 2940 καὶ
3055 2885 3207 2956 παρὰ
3241 2885 3316 2954 τῷ
3349 2884 3631 2954 Ματθαίῳ.

2051 2985 2238 3037 Ἔστιν
2273 2978 2365 3034 οὖν
2401 2982 2430 3033 6
2459 2978 2582 3042 νοῦς
2605 2981 2634 3032 6
2658 2977 2808 3048 παρὰ
2833 2975 2911 3045 τῷ
2939 2975 3151 3046 Μάρκῳ
3186 2975 3427 3038 τοιοῦτος
3453 2991 3467 3004 ·
3501 2974 3636 3044 Περὶ

355 3087 548 3129 autem
585 3072 653 3126 de
704 3069 842 3125 Filio
895 3079 947 3124 et
976 3068 1212 3122 maxime
1261 3067 1412 3136 pium
1442 3075 1498 3120 et
1533 3066 1805 3121 divinitati
1835 3083 1943 3121 non

2052 3073 2106 3128 δὲ
2154 3073 2251 3143 τῆς
2300 3070 2513 3142 ἡμέρας
2557 3069 2774 3138 ἐκείνης
2815 3066 2926 3136 (64)
2967 3067 3000 3136 ἦ
3038 3065 3187 3136 ὥρας
3241 3065 3417 3128 οὐδεὶς
3472 3060 3632 3126 οἶδεν,

355 3169 684 3223 indecorum
717 3166 870 3220 dictu
901 3174 1014 3229 est,
1046 3179 1170 3218 eum
1208 3163 1277 3218 ab
1305 3179 1401 3228 eo,
1451 3163 1542 3218 cui
1576 3163 1943 3218 consubstan-

360 3263 508 3316 tialis
533 3270 638 3324 est,
676 3259 875 3313 habere
904 3265 961 3311 ut
1007 3264 1326 3326 cognoscat,
1382 3265 1544 3327 atque
1574 3255 1628 3310 in
1670 3257 1819 3309 omni
1865 3271 1947 3311 sa-

360 3353 564 3424 pientia
593 3358 647 3406 et
666 3349 948 3420 majestate
975 3346 1249 3402 divinitati
1291 3361 1404 3402 sua:
1425 3354 1796 3402 consentanea
1818 3362 1947 3401 con-

362 3445 652 3514 spiciatur.

2051 3163 2176 3218 οὗτε
2203 3164 2252 3216 οἱ
2284 3162 2506 3230 ἄγγελοι
2552 3159 2646 3212 τοῦ
2677 3157 2811 3212 Θεοῦ
2833 3199 2848 3222 ,
2882 3158 2996 3210 ἀλλ’
3028 3157 3135 3210 οὐδ’
3168 3157 3233 3210 ἂν
3264 3159 3292 3209 6
3316 3156 3443 3219 Υἱὸς
3471 3155 3631 3224 ἔγνω,

2052 3258 2101 3309 εἰ
2145 3255 2220 3326 μὴ
2252 3256 2279 3308 6
2321 3254 2544 3324 Πατήρ·
2577 3253 2641 3304 ἐκ
2688 3250 2797 3322 γὰρ
2835 3249 2928 3302 τοῦ
2971 3248 3185 3314 Πατρὸς
3227 3247 3377 3317 αὐτῷ
3423 3249 3635 3318 ὑπῆρχε

2050 3346 2306 3418 δεδομένη
2340 3348 2373 3418 ἡ
2419 3343 2642 3414 γνῶσις.
2681 3343 2854 3396 Τοῦτο
2881 3343 2938 3396 δὲ
2974 3341 3351 3413 εὐφημότατον
3391 3342 3507 3394 ἐστι
3542 3340 3635 3394 καὶ

2053 3438 2358 3511 θεοπρεπὲς
2409 3435 2668 3508 περὶτοῦ
2704 3435 2837 3489 Υίοῦ
2869 3435 3084 3504 λέγειν,
3137 3435 3220 3487 ὃτι
3266 3429 3439 3504 οὗπέρ
3489 3435 3634 3485 ἐστιν

356 3538 645 3610 ομοούσιος
667 3577 682 3602 ,
717 3536 774 3603 ἐξ
805 3534 970 3589 αὐτοῦ
1011 3535 1103 3588 καὶ
1130 3533 1190 3586 τὸ
1224 3532 1516 3602 γινώσκειν
1548 3532 1664 3604 ἔχει
1691 3573 1705 3598 ,
1737 3532 1833 3586 καὶ
1883 3533 1944 3586 τὸ
1983 3537 2040 3588 ἐν
2071 3537 2218 3607 πάσῃ
2253 3533 2416 3606 σοφίᾳ
2449 3533 2545 3586 καὶ
2571 3531 2698 3607 δόξῃ
2730 3530 2844 3602 (65)
2892 3532 2958 3601 τῇ
3005 3527 3290 3600 πρεπούσῃ
3344 3526 3511 3580 αὑτοῦ
3565 3527 3631 3595 τῇ

358 3635 577 3703 θεότητι
607 3631 952 3703 θεωρεῖσθαι.

431 3728 485 3782 5.
528 3727 684 3794 Quod
714 3734 924 3795 spectat
953 3724 1020 3778 ad
1079 3723 1399 3780 Jechoniam
1426 3765 1443 3789 ,
1486 3738 1649 3793 quem
1699 3722 1943 3794 proscri-

363 3833 513 3892 ptum
569 3835 635 3874 ex
689 3815 875 3872 Iudaea
931 3825 1079 3871 terra
1127 3815 1298 3870 fuisse
1326 3815 1461 3870 dicit
1491 3815 1754 3886 propheta
1786 3812 1942 3869 Jere-

361 3915 502 3969 mlas
539 3911 626 3972 his
653 3911 837 3966 verbis
883 3925 896 3961 :
957 3908 1315 3963 lnhouoratus
1361 3917 1439 3962 est
1496 3905 1776 3960 Jechonias
1825 3915 1944 3959 tan-

361 4021 517 4076 quam
549 4021 662 4068 vas,
711 4001 864 4070 cujus
901 4018 1009 4054 non
1056 4009 1133 4053 est
1187 3999 1431 4063 utilitas;
1473 4007 1524 4052 et
1553 3998 1679 4067 quia
1721 3995 1941 4065 rejectus

361 4105 438 4151 est
469 4097 577 4164 ipse
610 4105 658 4148 et
687 4109 859 4149 semen
883 4091 1021 4162 ejus,
1056 4105 1218 4160 neque
1250 4103 1314 4143 ea:
1338 4089 1533 4142 semine
1559 4087 1672 4156 ejus
1700 4092 1945 4154 exsurget

361 4190 451 4260 qui
481 4186 657 4242 sedeat
687 4201 844 4255 super
873 4183 1065 4236 solium
1097 4179 1287 4241 David,
1317 4181 1558 4248 princeps
1600 4179 1655 4232 in
1683 4175 1828 4230 Juda
1853 4175 1898 4207 ⁶⁹
1926 4192 1939 4229 :

362 4282 595 4350 simplex
623 4287 679 4332 et
709 4277 863 4331 clara
888 4283 973 4331 est
1002 4274 1200 4329 oratio.
1229 4272 1365 4326 Nam
1397 4271 1604 4328 eversis
1631 4268 1946 4338 Hierosoly-

364 4374 470 4428 mis
492 4387 521 4425 a
547 4369 1074 4429 Nabuchodonosor,
1104 4366 1440 4421 dissolutum
1467 4364 1644 4418 fuerat
1676 4375 1902 4431 regnum
1925 4377 1940 4413 :

2119 3716 2172 3770 '5.
2204 3715 2342 3785 Περὶ
2366 3713 2423 3767 δὲ
2457 3712 2553 3766 τοῦ
2587 3711 2837 3782 Ἰεχονίου
2863 3751 2878 3777 ,
2929 3710 2990 3763 ὃν
3033 3709 3371 3780 ἐκκήρυκτον
3397 3710 3507 3764 ἀπὸ
3535 3711 3632 3781 τῆς

2060 3805 2320 3868 Ἰουδαίας
2348 3805 2452 3874 γῆς
2492 3801 2822 3873 γεγενῆσθαί
2865 3817 3028 3872 φησιν
3061 3801 3090 3852 6
3132 3803 3420 3870 προφήτης
3469 3801 3626 3873 Ἰερε-

2052 3899 2180 3968 μίας
2231 3896 2435 3950 εἰπών·
2481 3893 2761 3964 Ἠτιμώθη
2814 3891 3095 3960 Ἰεχονίας
3136 3891 3216 3956 ὡς
3255 3889 3510 3957 σκεῦος,
3557 3886 3626 3946 οὗ

2045 3991 2156 4044 οὐκ
2184 3988 2355 4042 ἔστιν
2386 3986 2572 4042 αὑτοῦ
2614 3985 2787 4055 χρεία
2808 4000 2822 4015 ·
2865 3981 2964 4036 καὶ
2995 3981 3084 4035 ὅτι
3113 3983 3409 4051 ἁπερῤίρη
3449 3985 3626 4050 αὐτὸς

2045 4080 2144 4133 καί
2176 4079 2243 4132 τὸ
2279 4077 2519 4147 σπέρμα
2561 4075 2774 4138 αὑτοῦ,
2807 4073 2906 4127 καὶ
2933 4074 3004 4127 οὐ
3034 4071 3120 4142 μὴ
3163 4071 3406 4140 ἀναστῇ
3432 4073 3500 4126 ἐκ
3526 4073 3626 4128 τοῦ

2046 4173 2386 4240 σπέρματος
2441 4168 2628 4223 αὑτοῦ
2685 4166 3022 4236 καθήμενος
3076 4165 3177 4219 ἐπὶ
3236 4164 3344 4218 τοῦ
3413 4167 3628 4235 θρόνου

2045 4261 2471 4332 Δαὸὶδ,ἇρχων
2512 4262 2582 4315 ἐν
2630 4258 2711 4325 τῷ
2767 4259 2988 4326 Ἰούδᾳ·
3043 4257 3252 4321 ἁπλοῦς
3303 4257 3399 4312 καὶ
3455 4261 3629 4330 σαφής

2046 4361 2193 4411 ἐστιν
2233 4357 2261 4408 6
2304 4355 2481 4424 λόγος.
2513 4353 2954 4423 Καθαιρεθείσης
2987 4351 3096 4422 γὰρ
3131 4351 3231 4421 τῆς
3276 4351 3629 4422 Ἰερουσαλὴμ

361 4480 463 4520 τεο
487 4463 599 4534 jam
629 4471 820 4532 patrne
850 4459 1234 4515 successiones
1264 4456 1698 4527 principatuum,
1744 4462 1806 4507 ut
1845 4467 1943 4506 an-

2052 4448 2157 4501 ὑπὸ
2183 4445 2680 4516 Ναϐουχοδονόσορ,
2717 4442 2906 4494 λέλυτο
2932 4443 3029 4512 μὲν
3063 4439 3131 4493 τὰ
3159 4439 3429 4509 βασίλεια,
3451 4441 3627 4494 ούκέτι

363 4569 470 4616 tua.
498 4556 789 4624 vigebant:
816 4553 913 4608 sed
941 4561 1094 4615 tunc,
1121 4549 1352 4621 imperio
1384 4547 1606 4616 dejecti,
1635 4545 1690 4599 in
1709 4543 1944 4614 captivi-

363 4649 475 4704 tate
507 4645 767 4701 vivebant
796 4641 1020 4697 Davidis
1058 4641 1288 4711 posteri.
1316 4637 1543 4693 Reversi
1573 4645 1754 4690 autem
1788 4631 1946 4688 Sala-

365 4743 495 4797 thiel
529 4749 582 4796 et
615 4737 920 4793 Zorobabel
952 4732 1116 4788 modo
1161 4732 1336 4802 magis
1382 4729 1635 4800 populari
1673 4732 1944 4797 praeerant

365 4830 652 4905 populo",
684 4816 956 4884 translato
985 4825 1247 4894 deinceps
1293 4821 1360 4876 ad
1415 4820 1788 4876 sacerdotium
1835 4818 1942 4872 im-

364 4927 538 4996 perio,
573 4930 861 4994 propterea
891 4917 1038 4989 quod
1077 4913 1438 4972 sacerdotalis
1485 4919 1539 4966 et
1575 4909 1724 4980 regia
1756 4907 1936 4962 tribus

366 5019 507 5073 inter
531 5031 590 5072 se
612 5014 1127 5070 commiscereutur.
1163 5004 1320 5061 Unde
1354 5004 1620 5058 Dominus
1649 5009 1705 5056 et
1735 5016 1832 5055 rex
1854 5009 1938 5054 est

2049 4541 2108 4595 δέ
2153 4538 2418 4612 πατρικαὶ
2469 4537 2717 4606 διαδοχαὶ
2772 4534 2882 4586 τῶν
2937 4531 3247 4602 ἡγεμονιῶν
3299 4532 3411 4602 (66)
3454 4529 3626 4604 ἦσαν,

2050 4631 2241 4702 ὥσπερ
2269 4632 2365 4684 καὶ
2411 4628 2678 4701 πρότερον
2705 4643 2719 4656 ο
2769 4623 2906 4678 ἀλλὰ
2938 4624 3060 4677 τότε
3091 4623 3191 4694 μὲν
3230 4623 3288 4689 ἐξ
3321 4623 3501 4694 ἀρχῆς
3539 4621 3627 4675 ἐπὶ

2048 4724 2150 4794 τῆς
2206 4722 2585 4793 αἰχμαλωσίας
2642 4719 2829 4788 διῆγον
2885 4718 2935 4769 οἱ
2979 4715 3235 4784 ἀπόγονοι
3291 4714 3390 4767 τοῦ
3435 4715 3624 4768 Δαὸίό’

2049 4815 2442 4877 ἐπανελθόντες
2466 4813 2524 4866 δὲ
2568 4813 2619 4865 οἱ
2657 4811 2790 4880 περὶ
2827 4808 2919 4862 τὸν
2957 4807 3227 4880 Σαλαθιὴλ
3259 4809 3354 4862 καὶ
3396 4808 3625 4880 Ζοροϐά-

2045 4908 2159 4973 ϐελ,
2200 4903 2640 4978 δημοτικώτερον
2667 4898 3009 4970 καθηγοῦντο
3034 4899 3128 4952 τοῦ
3152 4898 3306 4962 λαοῦ,
3329 4899 3429 4968 τῆς
3461 4899 3627 4970 ἀρχῆς

2044 4997 2230 5050 λοιπὸν
2279 4995 2372 5046 ἐπὶ
2417 4994 2516 5064 τὴν
2566 4990 2867 5062 ἱερωσύνην
2927 4987 3382 5060 μεταπεσούσης,
3441 4987 3528 5040 διὰ
3569 4985 3627 5040 τδ

385 5169 394 5179 ’
433 5175 475 5205 ⁸⁷
515 5173 673 5228 Joan.
715 5186 832 5232 xw,
877 5169 961 5223 l5.
1039 5165 1085 5197 ⁸⁸
1121 5163 1282 5219 Joan.
1321 5177 1380 5224 ι,
1421 5133 1510 5214 l5.
1551 5159 1594 5192 ⁶⁹
1633 5155 1746 5211 Jcr.
1781 5169 1932 5220 xm,
1972 5151 2196 5206 28-30.
2271 5151 2318 5182 '°
2361 5148 2382 5202 ι
2420 5148 2582 5204 Esdr.
2624 5164 2721 5210 ut,
2762 5145 2818 5201 2.

439 5287 558 5360 (6|)
594 5283 1096 5360 Ἀντιδιαστολήν.
1133 5277 1284 5334 Harl.
1323 5290 1449 5330 cum
1482 5288 1592 5328 uno
1637 5289 1700 5328 ex
1754 5268 1942 5341 Regiis

366 5358 665 5430 διαστολὴν.
1846 5411 1856 5421 ι
1891 5412 1900 5422 ι

439 5428 551 5500 (62)
585 5424 773 5500 ᾼῠτῷ.
806 5423 944 5479 Editi
976 5423 1035 5500 ἐν
1072 5414 1406 5500 conjs-ﬁed
1441 5414 1943 5500 deestpratppsitto

369 5503 424 5554 in
447 5491 894 5568 'pluribusmss.“
911 5492 1212 5568 codicibus,
1248 5491 1693 5568 i-isqueoptinlfeq
1708 5491 1866 5568 notae".

441 5551 738 5639 (τωρωι
765 5568 797 5619 δ
833 5565 989 5639 nec.
1012 5561 1236 5639 Legitur
1259 5559 1314 5611 in
1332 5551 1643 5639 ῥάίιίέθοδς
1668 5552 1787 5639 civ-6
1810 5551 1944 5639 ris?

368 5621 667 5709 ivvat—{Sed
694 5636 847 5690 deest
879 5621 958 5686 ἄν’
979 5632 1034 5687 in
1065 5621 1232 5686 Coisl.
1263 5627 1463 5698 primo,
1510 5621 1689 5689 llarl.,
1715 5622 1852 5677 Med.
1889 5629 1945 5676 et

369 5726 481 5766 uno
515 5706 705 5776 Regio.

2118 5267 2229 5336 (64)
2266 5267 2558 5332 Ἐκεινης.
2586 5263 2749 5319 Deest
2776 5276 2840 5318 ea
2866 5276 2970 5316 vox
2993 5261 3050 5316 in
3073 5259 3326 5330 pluribus
3346 5261 3627 5317 codicibus

2046 5354 2155 5393 non
2187 5337 2608 5406 antiqltissimis.

2120 5408 2232 5476 (65)
2269 5399 2378 5460 Kal
2405 5405 2578 5476 δόξῃ.
2611 5403 2717 5458 Pro
2752 5403 2837 5476 his
2871 5401 3102 5476 vocibus
3137 5399 3304 5455 habet
3333 5399 3505 5456 Coisl.
3538 5415 3623 5456 se-

2046 5473 2265 5533 cundus
2303 5476 2397 5530 καὶ
2425 5473 2646 5544 γνώσει,
2676 5482 2725 5544 et
2751 5474 2992 5527 scientia.

2120 5549 2232 5620 (66)
2265 5538 2648 5620 'Hfsjiortgw.
2681 5542 2765 5620 Ita
2790 5557 2982 5620 omnes
3010 5539 3182 5620 nostri
3206 5538 3451 5620 cgdices.
3483 5538 3622 5620 Editi

2048 5607 2417 5690 ἡγεμονικῶν.
2448 5614 2651 5690 Ibidem
2682 5613 2815 5690 editi
2841 5612 2902 5690 τῷ
2927 5607 3210 5690 πρότερον.
3241 5607 3401 5665 Deest
3428 5612 3620 5666 vocula

2047 5682 2110 5744 in
2134 5682 2308 5744 tribus
2344 5684 2736 5742 vetustissimis
2774 5682 3076 5737 codicibus.
