3900 6208
297 335 396 390 881

1186 334 1678 392 EPISTOLARUM
1717 338 2002 395 CLASSIS
2041 340 2104 396 ll.
2149 339 2366 396 EPIST.
2409 341 2737 397 CCXXX".

3446 346 3552 402 88!

293 453 633 527 ἀναμιγῆναι
657 453 757 525 τὴν
787 451 1068 524 ἱερατικὴν
1097 454 1190 506 καὶ
1227 452 1325 525 τὴν
1361 455 1643 526 βασιλικὴν
1673 457 1867 528 φυλήν.

1982 466 2030 511 et
2065 459 2307 529 pontifex
2347 460 2404 513 in
2436 459 2505 513 iis
2549 474 2670 528 quae
2699 466 2827 513 sunt
2859 461 2925 512 ad
2975 457 3144 514 Deum
3168 462 3234 514 ".
3270 463 3349 517 Ac
3376 463 3554 518 tribus

296 545 465 600 Ὀθεν
488 547 518 599 ό
557 545 759 616 Κύριος
781 546 876 598 καὶ
917 543 1169 614 βασιλεύς
1197 547 1315 598 ἐστι
1353 546 1448 598 καὶ
1486 547 1781 618 ἀρχιερεὺς
1804 548 1873 601 τὰ

295 640 435 712 πρὸς
459 639 548 693 τὸν
576 637 729 692 Θεόν.
762 637 872 691 Καὶ
899 637 998 690 ούκ
1020 637 1236 703 ἐξέλιπε
1272 638 1371 708 μὲν
1397 639 1429 707 ή
1454 638 1705 710 βασιλικὴ
1731 641 1874 710 φυλὴ

297 731 462 802 μέχρι
484 731 581 800 τῆς
615 729 710 783 τοῦ
740 729 978 800 Χριστοῦ
1009 731 1344 800 παρουσίαςο
1377 731 1440 783 ού
1479 730 1585 802 μὴν
1623 731 1704 784 ἔτι
1741 731 1874 785 ἐκά-

292 819 445 874 θισεν
469 823 562 876 ἐπὶ
590 822 685 875 τοῦ
718 821 910 893 θρόνου
939 821 1104 874 Δαϐὶδ
1135 821 1194 874 τὸ
1224 822 1444 893 σπέρμα
1475 821 1569 874 τοῦ
1601 823 1870 892 Ἰεχονίου.

291 913 497 984 Θρόνος
533 914 643 986 γὰρ
675 913 916 985 δηλονότι
964 913 1181 982 λέγεται
1219 913 1280 966 τὸ
1317 913 1593 984 βασιλικὸν
1635 915 1868 986 ἀξίωμα.

291 1007 520 1070 Πάντως
543 1006 599 1059 δὲ
636 1008 736 1077 τῆς
759 1006 1001 1077 ἱστορίας
1027 1005 1324 1076 μέμνησαι,
1358 1007 1440 1060 ὅτι
1477 1006 1746 1077 ὑπόφορος
1775 1007 1873 1077 μὲν

287 1092 361 1167 ἦν
392 1097 469 1168 τῷ
495 1098 660 1151 Δαϐὶδ
691 1099 896 1168 πᾶσαὴ
930 1097 1180 1161 Ἰουδαία,
1217 1098 1310 1150 καὶ
1338 1099 1370 1168 ἡ
1404 1097 1672 1169 Ἰδουμαία
1696 1096 1868 1170 χώρα,

291 1190 390 1242 καὶ
424 1191 456 1258 ἡ
491 1188 790 1251 Μωαϐῖτις,
824 1189 920 1242 καὶ
949 1187 1052 1259 τῆς
1092 1190 1292 1260 Συρίας
1336 1190 1437 1243 ὅσα
1476 1207 1535 1243 τε
1576 1190 1871 1261 πρόσχωρα

291 1281 390 1332 καὶ
421 1280 490 1334 τά
524 1280 855 1353 πορρωτέρω
891 1281 1053 1352 μέχρι
1074 1281 1173 1351 τῆς
1211 1281 1400 1352 Μέσης
1431 1281 1540 1335 τῶν
1571 1282 1866 1352 ποταμῶν·

289 1372 389 1424 καὶ
432 1372 554 1425 καθ’
583 1372 770 1442 ἓτερον
798 1374 912 1442 (67)
944 1375 1108 1445 μέρος
1145 1374 1249 1438 ἐως
1289 1375 1532 1446 ποταμοῦ
1571 1375 1867 1446 Αἰγύπτου.

287 1461 354 1514 Εἰ
400 1458 494 1514 οὖν
541 1462 718 1526 οὐδεὶς
771 1463 944 1535 ἐφάνη
975 1465 1066 1518 ἐπὶ
1113 1463 1368 1518 τοσούτου
1414 1464 1723 1537 ἀξιώματος
1763 1467 1870 1521 τῶν

295 1552 436 1622 μετὰ
463 1551 658 1615 ταῦτα,
687 1553 806 1616 πῶς
835 1555 937 1608 οὐκ
964 1554 1172 1625 ἀληθὴς
1201 1556 1228 1607 ὁ
1262 1555 1355 1608 τοῦ
1383 1557 1664 1628 προφήτου
1690 1555 1868 1625 λόγος,

287 1644 374 1696 ὅτι
415 1645 516 1698 οὐκ
550 1644 630 1698 ἔτι
681 1645 951 1700 καθιεῖται
984 1648 1077 1700 ἐπὶ
1119 1646 1213 1700 τοῦ
1254 1647 1444 1719 θρόνου
1479 1649 1645 1702 Δασιδ
1681 1651 1744 1702 ὲκ
1774 1648 1868 1702 τοῦ

290 1737 609 1806 σπέρματος
645 1736 938 1808 Ἰεχονίου;
967 1739 1155 1802 Οὐδεὶς
1178 1739 1287 1810 γὰρ
1317 1741 1564 1808 φαίνεται
1588 1741 1690 1810 τῆς
1714 1741 1869 1806 ἀξίας

1977 551 2195 620 quidem
2233 551 2379 622 regia
2413 551 2479 605 ad
2521 566 2696 620 usque
2741 547 2947 604 Christi
2993 551 3286 606 adventum
3331 553 3554 607 minime

1976 638 2211 705 defecit;
2245 656 2343 694 nec
2373 648 2555 693 tamen
2591 640 2827 709 amplius
2874 639 3016 694 sedit
3059 641 3112 693 in
3159 643 3302 695 solio
3333 640 3554 698 Davidis

1976 745 2161 785 semen
2197 729 2495 785 Jechoniaa.
2545 730 2679 784 Nam
2719 732 2918 784 solium
2970 730 3222 802 profecto
3268 733 3416 804 regia
3464 733 3551 787 di-

1975 822 2155 892 gnitas
2204 829 2575 890 nuncupatur.
2607 819 2770 890 363
2796 818 3032 874 Omnino
3076 827 3258 874 autem
3309 821 3554 876 historias

1976 912 2296 975 meministi,
2330 913 2589 966 videlicet
2620 910 2866 966 Judznam
2909 927 3128 966 omnem
3164 911 3354 967 Davidi
3391 915 3552 968 vecti.

1975 1005 2150 1075 galem
2183 1004 2374 1064 fuisse.
2413 1011 2468 1056 et
2513 1001 2825 1067 ldumaeam,
2871 1013 2925 1058 et
2968 1003 3326 1058 MOabitarum
3373 1006 3551 1074 regio-

1975 1109 2120 1160 nem,
2153 1104 2207 1150 et
2249 1093 2420 1165 Syria:
2449 1103 2632 1164 partes
2657 1103 2770 1148 tum
2807 1095 3100 1151 riciniores
3137 1104 3249 1149 tum
3301 1097 3556 1151 remotio-

1974 1203 2065 1242 res
2112 1187 2182 1242 ad
2233 1202 2410 1256 usque
2467 1185 2935 1256 Mesopotamiam,
2988 1197 3040 1242 et
3079 1203 3144 1243 ex
3181 1189 3350 1243 altera
3398 1199 3552 1258 parte

1976 1295 2150 1349 usque
2177 1280 2244 1334 ad
2275 1279 2472 1335 ﬂumen
2504 1279 2746 1350 Egypti.
2774 1280 2965 1352 Itaque
3007 1282 3054 1336 si
3087 1281 3271 1337 nullus
3309 1296 3340 1336 e
3369 1287 3552 1352 poste-

1972 1372 2050 1427 ris
2084 1372 2150 1426 ad
2195 1379 2413 1426 tantam
2453 1378 2779 1441 potestatem
2822 1373 3086 1442 pervenit,
3137 1372 3413 1443 quomodo
3452 1387 3549 1428 ve—

1973 1479 2094 1518 rum
2133 1463 2377 1519 nonfuit
2417 1463 2565 1534 quod
2608 1461 2816 1516 dictum
2858 1470 2940 1518 est
2975 1478 3005 1517 a
3041 1465 3325 1534 propheta,
3378 1464 3550 1518 nemi-

1973 1570 2095 1610 nem
2129 1570 2414 1626 sessurum
2458 1556 2512 1610 in
2557 1555 2698 1610 solio
2731 1553 2953 1610 Davidis
3001 1571 3069 1610 ex
3115 1557 3322 1611 semine
3353 1552 3551 1610 Jecbo-

1971 1645 2119 1701 nite?
2144 1646 2311 1718 [Semo
2341 1647 2488 1703 enim
2522 1662 2587 1701 ex
2623 1646 2744 1716 ipso
2774 1657 2955 1710 ortus,
2987 1647 3130 1701 hanc
3162 1647 3391 1717 gloriam
3417 1661 3551 1702 cou-

1973 1745 2201 1808 secuitus
2230 1739 2588 1809 comperitur.
2617 1738 2735 1793 Non
2762 1748 2942 1794 tamen
2967 1739 3163 1794 defecit
3189 1739 3361 1793 tribus
3382 1737 3547 1805 Juda,

287 1825 496 1895 ταύτης
535 1826 936 1898 ἐπειλημμένος
968 1827 1028 1892 ἐξ
1069 1829 1258 1883 αὑτοῦ.
1297 1831 1371 1883 Οὐ
1403 1831 1586 1900 μέντοι
1628 1830 1871 1895 ἐξέλιπεν

1982 1829 2441 1894 donecveniticui
2474 1831 2776 1900 repositum
2802 1840 2920 1886 erat
2943 1831 2988 1864 τ’
3020 1851 3032 1886 :
3062 1833 3154 1900 qui
3190 1847 3258 1886 ne
3290 1831 3405 1901 ipse
3429 1831 3551 1903 qui-

287 1916 321 1987 ὴ
354 1915 451 1969 τοῦ
485 1918 654 1972 Ἰούδα
685 1919 846 1990 φυλὴ,
870 1920 975 1984 ἓως
1002 1915 1062 1975 οὗ
1090 1917 1251 1992 ἦλθεν
1283 1915 1328 1990 ᾧ
1351 1923 1628 1989 ἀπέκειτο,
1659 1923 1717 1987 ὃς
1751 1923 1873 1976 οὐδὲ

286 2006 452 2068 αὐτὸς
499 2007 773 2077 ἐκαθέσθη
819 2009 912 2061 ἐπὶ
947 2009 1040 2062 τοῦ
1081 2011 1397 2081 σωματικοῦ
1448 2011 1667 2084 θρόνου,
1713 2029 1875 2082 μετα-

285 2096 569 2168 πεσούσης
622 2098 807 2152 λοιπὺν
839 2101 940 2170 τῆς
993 2101 1289 2173 Ἰουδαϊκῆς
1325 2102 1602 2172 βασιλείας
1653 2104 1744 2156 ἐπὶ
1781 2087 1891 2164 τὸν,

287 2185 406 2237 υἰὸν
429 2185 522 2238 τοῦ
581 2187 978 2242 Ἀσκαλωνίτου
1033 2191 1387 2262 Ἀντιπάτρου
1443 2193 1686 2264 Ἡρώδην
1711 2234 1724 2255 ,
1781 2194 1874 2246 καί⁵

284 2277 416 2340 τοὺς
443 2276 651 2330 ἐκείνου
691 2280 908 2345 παῖδας,
944 2281 993 2334 οἳ
1023 2283 1102 2344 εἰς
1123 2283 1398 2355 τέσσαρας
1422 2285 1597 2355 ἀρχὰς
1621 2287 1872 2339 κατενεί-

289 2382 464 2434 μαντο
499 2365 596 2438 τὴν
636 2368 922 2434 Ἰουδαίαν,
947 2371 1372 2441 ἡγεμονεύοντος
1401 2374 1501 2444 μὲν
1530 2374 1785 2438 Πιλάτου,
1813 2377 1875 2429 τὸ

281 2455 346 2508 δὲ
401 2454 621 2526 σύμπαν
674 2458 776 2528 τῆς
827 2460 1144 2533 Ῥωμαῖκῆς
1193 2464 1368 2534 ἀρχῆς
1414 2465 1615 2534 κράτος
1659 2466 1874 2537 ἔχοντος

288 2544 548 2616 Τιϐερίου
585 2547 718 2620 (68).
769 2550 932 2605 Ἀλλὰ
979 2551 1168 2623 θρόνον
1201 2553 1350 2623 λέγει
1382 2555 1578 2619 Δαϐὶδ,
1615 2559 1699 2627 ἐφ’
1746 2559 1806 2612 ὃν
1845 2561 1874 2612 ό

286 2635 497 2708 Κύριος
524 2638 767 2707 ἐκάθισε,
805 2641 903 2712 τὴν
944 2642 1308 2716 άκαθαίρετον
1344 2645 1640 2715 βασιλείαν.
1681 2649 1874 2716 Αὐτὸς

287 2728 403 2800 γάρ
448 2732 581 2786 ἐστι
624 2735 952 2802 προσδοκία
997 2739 1226 2801 ἐθνῶν,
1273 2739 1396 2809 οὐχὶ
1448 2739 1544 2793 τοῦ
1589 2741 1872 2812 ἐλαχίστου

290 2823 498 2892 μέρους
522 2825 620 2895 τῆς
642 2828 970 2900 οἰκουμένης
992 2847 1004 2859 ’
1039 2831 1246 2883 Ἔσται
1287 2832 1417 2900 γὰρ,
1455 2833 1642 2902 φησὶν,
1671 2833 1709 2899 ὴ
1742 2831 1875 2900 ῥίζα

286 2912 399 2966 τοῦ
443 2913 680 2977 Ἰεσσαί,
731 2918 829 2972 καί
867 2923 900 2972 ό
947 2918 1349 2989 ἀνιστάμενος
1387 2919 1596 2991 ἄρχειν
1642 2921 1834 2976 ἐθνῶν
1857 2939 1871 2954 ο

285 3003 384 3057 ἐπ’
410 3005 569 3072 αὐτῷ
597 3007 743 3077 ἔθνη
784 3010 1087 3064 ἐλπιοῦσι.
1124 3010 1360 3064 Τέθεικα
1387 3010 1496 3080 γάρ
1535 3028 1609 3065 σε
1639 3015 1728 3078 εἰς
1753 3011 1875 3067 δια-

288 3093 489 3162 θήκην
510 3097 742 3166 γένους,
763 3102 851 3166 εἰς
872 3099 998 3169 φῶς
1026 3099 1236 3155 ἐθνῶν.
1252 3103 1361 3154 Καὶ
1389 3101 1670 3171 θήσομαι,
1688 3104 1870 3174 φησὶν,

286 3189 382 3252 εἰς
412 3188 518 3242 τὸν
541 3191 726 3246 αἰῶνα
759 3195 865 3248 τοῦ
908 3194 1127 3260 αἰῶνος
1165 3193 1234 3248 τό
1265 3194 1503 3265 σπέρμα
1536 3169 1871 3261 αὐτοί),καί
1900 3169 1943 3226 C

286 3278 401 3332 τόν
438 3282 653 3349 θρόνον
681 3285 868 3338 αὑτοῦ
909 3286 991 3350 ὠς
1031 3286 1138 3352 τὰς
1176 3285 1402 3355 ἡμέρας
1447 3286 1554 3341 τοῦ
1589 3290 1870 3356 οὐρανοῦ.

290 3366 483 3434 Οὕτως
527 3368 622 3426 οὖν
652 3376 746 3428 καὶ
791 3378 970 3447 ἱερεὺς
995 3379 1107 3450 (69)
1149 3379 1438 3449 διέμεινεν,
1478 3382 1526 3434 εί
1555 3382 1649 3435 καὶ
1693 3382 1768 3455 μὴ
1804 3384 1874 3438 τὰ

290 3461 551 3534 σκῆπτρα
576 3467 675 3536 τῆς
699 3469 958 3534 Ἰουδαίας
980 3470 1276 3542 παρέλαϐε,
1303 3475 1398 3526 καὶ
1417 3471 1668 3543 βασιλεὺς
1695 3477 1875 3548 πάσης

286 3552 392 3622 τῆς
420 3556 520 3625 γῆς
545 3557 573 3609 ό
595 3557 747 3622 Θεὸς,
771 3561 864 3613 καὶ
887 3563 920 3632 ἡ
946 3562 1164 3630 εὐλογία
1190 3563 1283 3616 τοῦ
1318 3563 1511 3618 Ἰακὼϐ
1535 3565 1836 3640 ἐϐεϐαιώθη
1855 3587 1868 3600 ·

1971 1920 2213 1990 dem-tiu
2273 1923 2547 1991 corporali
2603 1922 2802 1978 throno
2846 1923 3128 1989 consedit;
3184 1924 3384 1993 quippe
3422 1938 3548 1978 cum

1973 2013 2302 2069 translatum
2333 2013 2446 2082 jam
2489 2023 2636 2069 esset
2660 2011 2952 2069 Judaicum
3008 2030 3235 2085 regnum
3275 2016 3328 2068 in
3376 2013 3547 2068 ﬁlium

1971 2104 2314 2178 Ascalonita;
2332 2104 2600 2174 Antipatri
2631 2103 2919 2168 Herodem,
2948 2105 3179 2176 ejusque
3201 2105 3426 2170 liberos,
3453 2105 3547 2175 qui

1971 2195 2217 2251 Judaeam
2246 2199 2298 2250 in
2328 2207 2568 2267 quatuor
2599 2199 2940 2268 principatus
2969 2198 3292 2260 diviserunt,
3319 2198 3550 2268 praeside

1974 2288 2194 2358 quidem
2243 2288 2454 2354 Pilato,
2498 2304 2771 2342 summam
2828 2300 3008 2344 autem
3053 2290 3266 2360 imperii
3320 2291 3548 2344 ltomani

1976 2389 2303 2452 potestatem
2336 2389 2558 2435 tenente
2589 2379 2830 2436 Tiberio.
2868 2381 2975 2437 Sed
2999 2382 3260 2437 thronum
3285 2381 3418 2437 dicit
3453 2381 3552 2436 Da-

1973 2473 2136 2540 vidis,
2197 2472 2254 2526 in
2303 2488 2414 2542 quo
2459 2471 2727 2528 Dominus
2784 2474 2944 2537 sedit,
2997 2488 3222 2544 regnum
3276 2476 3550 2530 eversioni

1973 2563 2112 2617 nulli
2171 2563 2491 2618 obnoxium.
2552 2563 2674 2634 Ipse
2724 2565 2864 2618 enim
2919 2573 2996 2619 est
3051 2565 3371 2634 exspectatio
3421 2579 3549 2635 gen-

1973 2655 2105 2708 tium
2127 2654 2194 2721 ⁷³,
2230 2669 2338 2708 non
2361 2662 2542 2710 autem
2588 2656 2827 2710 minimae
2857 2657 3028 2726 partis
3067 2657 3218 2711 orbis
3243 2665 3547 2721 terrarum;

1975 2745 2095 2799 Erit
2137 2746 2299 2810 enim,
2334 2747 2532 2816 inquit,
2567 2747 2727 2800 radis;
2757 2745 2932 2811 Jesse,
2973 2755 3022 2801 et
3067 2748 3156 2817 qui
3195 2751 3463 2818 consurgit
3493 2756 3553 2800 ut

1973 2838 2212 2907 princeps
2258 2839 2328 2892 sit
2384 2839 2617 2908 gentium
2645 2853 2664 2890 :
2692 2838 2748 2891 in
2797 2838 2910 2906 ipso
2952 2846 3127 2908 gentes
3180 2837 3461 2907 sperabunt
3483 2837 3547 2890 ⁷⁸.

1976 2930 2143 2985 Ροδαὶ
2167 2932 2306 2985 enim
2341 2940 2390 2985 te
2422 2932 2476 2984 in
2504 2929 2675 3000 [aedas
2703 2929 2905 2998 populi,
2939 2931 2994 2985 in
3027 2931 3192 2985 lucem
3225 2932 3457 3000 gentium
3482 2929 3548 2984 ⁷⁸.

1976 3019 2040 3075 Et
2068 3038 2283 3091 ponam,
2315 3024 2514 3093 inquit,
2554 3024 2610 3076 in
2634 3023 2887 3076 saeculum
2920 3023 3103 3077 seculi
3128 3039 3302 3077 semen
3330 3022 3466 3090 ejus,
3499 3031 3551 3077 et
3579 3081 3588 3088 ,

1978 3113 2222 3166 thronum
2255 3113 2371 3184 ejus
2413 3115 2549 3168 sicut
2583 3115 2694 3170 dies
2725 3117 2841 3169 creti
2865 3116 2930 3168 ⁷⁸.
2979 3115 3067 3169 Sic
3098 3116 3264 3186 igitur
3293 3126 3339 3170 et
3366 3129 3552 3170 sacer-

1975 3205 2075 3262 dos
2109 3206 2434 3276 permansit,
2466 3220 2782 3279 quanquam
2813 3205 3014 3262 Judzeae
3059 3215 3276 3276 sceptra
3309 3221 3420 3260 non
3461 3219 3556 3258 ac-

1977 3298 2141 3366 cepit,
2181 3303 2235 3351 et
2283 3312 2375 3351 rex
2413 3298 2685 3354 universa:
2727 3306 2888 3353 terra;
2936 3297 3099 3352 Deus.
3147 3298 3323 3368 Atque
3350 3296 3552 3352 conﬁr-

1975 3397 2122 3442 mata
2152 3398 2238 3442 est
2277 3388 2589 3444 benedictio
2617 3389 2810 3456 Jacob,
2862 3388 2929 3444 Et
2976 3389 3342 3445 benedicentur
3373 3391 3428 3445 in
3471 3407 3555 3447 se-

1976 3480 2112 3534 mine
2155 3480 2320 3548 ipsius
2364 3497 2542 3536 omnes
2580 3482 2748 3538 tribus
2787 3485 3029 3549 terrm",
3054 3492 3108 3539 et
3138 3500 3331 3541 omnes
3368 3495 3557 3555 gentes

1975 3575 2254 3631 Christum
2301 3577 2518 3631 beatum
2557 3576 2951 3647 praedicabunt.

288 3643 404 3698 καὶ
452 3645 1034 3720 ένευλθΊὍθὴσονται
1062 3653 1144 3719 τῷ
1190 3654 1302 3725 (70)
1341 3655 1634 3726 σπέρματι
1677 3661 1866 3716 αὑτοῦ
1904 3667 2093 3723 πᾶσαι
2125 3671 2185 3723 αἰ
2218 3667 2407 3738 φυλαὶ
2445 3643 2723 3739 τῆς-τῆς,
2757 3669 2851 3722 καὶ⁵
2891 3670 3068 3722 πάντα
3129 3668 3199 3722 τὰ
3267 3667 3394 3738 ἔθνη
3445 3685 3554 3738 μα-

289 3740 546 3812 καριοῦσι
580 3742 671 3795 τὸν
699 3745 952 3814 Χριστόν.

365 3833 420 3887 4.
457 3834 580 3899 Τοῖς
617 3835 675 3888 δέ
705 3836 934 3906 κομψοῖς
974 3838 1351 3909 Ἐγκρατίταις
1386 3841 1522 3913 πρὸς
1566 3842 1626 3895 τὸ
1669 3844 1869 3914 σεμνὸν

2047 3844 2103 3898 4.
2153 3843 2376 3913 Lepidis
2419 3851 2601 3898 autem
2641 3841 2935 3899 Encratitis
2983 3844 3048 3898 ad
3094 3835 3411 3914 praeclaram
3455 3863 3556 3904 eo-

292 3925 476 3980 αὐτῶν
536 3927 858 4000 πρόϐλημα,
919 3928 1007 3983 διὰ
1049 3930 1104 3983 τί
1165 3932 1258 3985 καὶ
1303 3934 1467 4002 ἡμεῖς
1521 3935 1644 4006 οὐχὶ
1696 3935 1874 3989 πάντα

1982 3950 2100 3990 rum
2133 3935 2516 4004 quaestionem,
2560 3950 2662 3988 cur
2693 3950 2793 3990 nos
2828 3935 2990 3990 etiam
3023 3951 3130 3989 non
3173 3936 3426 3993 omnibus
3455 3954 3548 3993 ve-

293 4021 587 4092 ἐσθίομεν,
623 4023 798 4075 ἐκεῖνο
834 4022 1099 4092 λεγέσθω,
1128 4024 1210 4078 ὅτι
1249 4026 1344 4078 καὶ
1379 4024 1448 4078 τὰ
1488 4024 1877 4098 περιττώματα

1982 4026 2186 4082 scimur
2205 4067 2219 4089 ,
2247 4026 2351 4080 hoc
2385 4026 2543 4081 detur
2571 4025 2842 4096 responsi,
2873 4041 2973 4082 nos
3002 4027 3164 4080 etiam
3200 4037 3550 4086 excrementa

293 4114 458 4184 ἡμῶν
505 4112 926 4186 βδελυσσόμεθα.
971 4116 1127 4170 Κατὰ
1159 4118 1257 4188 μὲν
1300 4116 1408 4190 γὰρ
1435 4118 1535 4187 τὴν
1577 4118 1754 4184 ἀξίαν,
1779 4117 1877 4172 λά-

1982 4127 2168 4175 uostra
2212 4119 2476 4174 aversari.
2519 4115 2596 4172 Ac
2633 4127 2896 4188 quantum
2944 4119 3162 4188 quidem
3210 4118 3277 4172 ad
3319 4119 3552 4191 dignita-

295 4222 440 4276 χανα
485 4206 680 4277 χόρτου
711 4209 841 4279 ἡμῖν
871 4211 989 4263 ἐστι
1031 4209 1101 4262 τὰ
1131 4211 1300 4281 κρέα·
1336 4209 1480 4264 κατὰ
1525 4209 1583 4263 δὲ
1619 4210 1720 4280 τὴν
1770 4210 1880 4264 τῶν

1987 4219 2118 4274 tem,
2148 4210 2298 4264 olera
2331 4209 2514 4264 herbae
2542 4209 2700 4264 nobis
2735 4220 2862 4265 sunt
2883 4225 3075 4265 carnes
3101 4230 3113 4266 :
3139 4219 3402 4281 quantum
3425 4229 3557 4269 vero

299 4299 696 4370 συμφερόντων
728 4299 1023 4372 διάκρισιν,
1061 4303 1137 4365 ὡς
1163 4303 1257 4356 καὶ
1290 4304 1349 4355 ἐν
1386 4302 1640 4373 λαχάνοις
1667 4304 1728 4357 τὸ
1755 4304 1881 4375 βλα-

1987 4301 2054 4354 ad
2091 4301 2304 4355 utilium
2337 4300 2751 4364 discretionem,
2781 4301 3238 4371 quemadmodum
3273 4310 3326 4358 et
3355 4303 3408 4358 in
3441 4305 3555 4360 ole-

300 4389 464 4461 ϐερὸν
492 4389 586 4444 τοῦ
615 4392 954 4464 καταλλήλου
988 4393 1318 4467 χωρίξομεν,
1357 4397 1497 4451 οὕτω
1527 4396 1620 4451 καὶ
1664 4399 1722 4451 ἐν
1767 4401 1880 4462 τοῖς

1988 4394 2140 4449 ribus
2179 4392 2403 4449 noxium
2455 4407 2486 4446 a
2519 4392 2727 4447 salubri
2759 4408 3102 4463 separamus,
3138 4395 3214 4448 ita
3259 4403 3315 4450 et
3348 4395 3401 4449 in
3431 4410 3556 4451 car-

300 4480 500 4552 κρέασι
528 4482 621 4536 τοῦ
655 4485 928 4555 χρησίμου
955 4485 1016 4538 τὸ
1041 4484 1300 4558 βλαϐερὸν
1325 4487 1691 4562 διακρίνομεν.
1731 4489 1882 4542 Ἐπεί

297 4587 386 4625 τοι
407 4570 636 4642 λάχανόν
657 4575 773 4626 ἐστι
795 4574 969 4628 καὶτὸ
985 4575 1232 4639 κώνειον,
1247 4576 1395 4630 ὥσπε
1404 4594 1434 4648 ρ
1463 4578 1629 4650 κρέας
1652 4579 1765 4632 ἐστὶ
1789 4581 1882 4634 καὶ

298 4665 366 4716 τὸ
397 4663 622 4729 γύπειον
641 4684 654 4697 ·
691 4667 805 4720 ἀλλ’
832 4667 981 4738 ὅμως
1019 4666 1142 4721 οὔτε
1173 4670 1484 4742 ὑοσκύαμον
1510 4671 1674 4740 φάγοι
1703 4672 1768 4726 ἄν
1794 4689 1880 4738 τις

310 4752 431 4810 θοῦν
472 4756 632 4826 ἔχων,
661 4757 784 4812 οὕτε
826 4759 989 4823 κυνὸς
1019 4759 1217 4830 ἅψαιτο
1252 4763 1329 4833 μὴ¹
1360 4763 1601 4834 μεγάλης
1633 4765 1879 4836 ἀνάγκης

302 4848 739 4918 κατεπειγούσης
758 4867 772 4881 ο
812 4849 888 4913 ὡς
914 4850 942 4903 ὃ
972 4867 1037 4918 γε
1068 4849 1258 4919 φαγὼν
1287 4853 1387 4905 οὐκ
1417 4853 1711 4923 ὴνόμησεν.

383 4937 432 4992 5.
462 4940 607 5007 Πρὸς
634 4941 692 4994 δὲ
720 4941 846 5006 τοὺς
875 4942 1131 5011 λέγοντας
1155 4943 1278 4997 καθ’
1306 4945 1644 5018 εἱμαρμένην
1669 4946 1885 5000 διοικείσ

309 5029 433 5082 σθαι
465 5030 535 5084 τὰ
578 5031 931 5102 ἀνθρώπινα,
972 5035 1045 5106 μὴ
1092 5036 1224 5107 παρ’
1259 5035 1414 5105 ἡμῶν
1453 5035 1606 5106 ζήτει
1654 5037 1880 5105 λόγους,

304 5120 446 5176 ἀλλὰ
467 5125 586 5188 ταῖς
617 5125 844 5191 οἰκείαις
869 5126 970 5198 τῆς
1008 5126 1305 5199 ῥητορικῆς
1335 5127 1515 5180 άκίσιν
1543 5128 1740 5191 αὐτοὺς
1770 5145 1874 5182 κα-

1987 4485 2150 4541 nibus
2197 4485 2268 4540 ab
2300 4484 2418 4537 utili
2463 4485 2690 4538 noxium
2743 4486 3102 4540 secernimus.
3135 4483 3270 4538 Nam
3316 4494 3464 4542 certe
3503 4500 3557 4544 et

1987 4578 2166 4632 cicuta
2191 4577 2316 4632 olus
2336 4583 2443 4640 est,
2475 4577 2618 4631 sicut
2641 4576 2803 4631 etiam
2834 4591 2964 4631 caro
2985 4586 3070 4633 est
3098 4578 3371 4632 vulturina
3395 4594 3552 4634 caro:

1986 4667 2082 4724 sed
2123 4676 2305 4722 tamen
2354 4683 2455 4723 nec
2490 4669 2879 4740 hyoscyamum
2924 4685 3092 4724 sanus
3129 4670 3420 4740 quisquam
3461 4684 3556 4726 co-

1988 4761 2187 4826 medet,
2219 4776 2321 4830 nec
2351 4776 2489 4817 cane
2510 4771 2782 4827 vescetur,
2813 4763 2918 4818 nisi
2953 4771 3179 4832 urgente
3213 4778 3426 4818 summa
3465 4779 3558 4819 ne-

1988 4853 2244 4909 cessitate
2273 4874 2286 4907 :
2319 4854 2413 4923 qui
2442 4863 2620 4908 tamen
2651 4855 2906 4917 comedit,
2939 4871 3048 4909 non
3076 4863 3284 4924 peccat.

2059 4945 2110 5000 5.
2147 4945 2265 5000 Jam
2310 4946 2457 5018 quod
2500 4947 2693 5002 attiuet
2727 4946 2795 5001 ad
2827 4961 2923 5002 eos
2961 4947 3055 5017 qui
3088 4946 3282 5001 dicunt
3312 4945 3425 5002 fato
3454 4964 3557 5018 gu-

1990 5037 2206 5092 bernari
2241 5052 2329 5093 res
2371 5037 2657 5103 humanas,
2701 5055 2772 5094 ne
2809 5054 2893 5093 me
2926 5037 3248 5109 interroges,
3299 5039 3393 5094 sed
3433 5056 3558 5110 pro-

1987 5129 2120 5198 priis
2149 5128 2436 5184 rhetoricae
2477 5129 2600 5184 telis
2645 5145 2741 5185 eos
2770 5129 3000 5202 conﬁge,
3033 5129 3302 5191 siquidem
3344 5130 3556 5200 longior

381 5277 757 5347 “Hebr.x,t.
833 5283 878 5314 "
913 5280 1048 5339 Gen.
1068 5300 1214 5349 χιιι,
1241 5284 1329 5340 10.
1404 5283 1600 5340 "ibid.
1642 5282 2010 5350 "lsa.x!,10.
2057 5281 2454 5354 ";lsa.xt.u,6.
2505 5281 2875 5354 "llReg.vu.
2921 5285 3004 5340 13.
3069 5284 3114 5318 ⁷⁷
3142 5283 3276 5341 Gen.
3304 5300 3441 5350 xm,
3466 5286 3553 5341 18.

383 5416 675 5496 (67)_Ka6'_
699 5422 920 5491 ἕτερον.
954 5424 1031 5479 Ita
1060 5424 1210 5496 Regii
1242 5427 1352 5496 duo
1377 5425 1595 5481 codices
1627 5435 1681 5479 et
1710 5425 1880 5482 Coisl.

311 5489 822 5568 δείῗὲἓὼᾷδιδίίέίίυδ
835 5496 972 5568 Egit
986 5489 1276 5568 interpres.
1297 5495 1438 5568 Editi
1461 5496 1578 5551 καθ’
1601 5495 1881 5568 ἑκάτερον.

314 5629 328 5640 ο
387 5559 477 5628 (68
533 5559 808 5630 Τιϐερίου.
835 5559 1207 5622 Editiaddunt
1230 5567 1527 5640 Καίσαρος,
1563 5568 1707 5638 quod
1732 5559 1888 5623 deest

313 5645 370 5682 tn
405 5645 537 5686 mss.
567 5648 758 5688 novem
767 5677 781 5690 .

387 5699 500 5780 (6?)
531 5702 642 5780 ζίᾳὶ
683 5705 1053 5780 lepadafrq
1080 5709 1189 5780 hac
1223 5723 1357 5780 voce
1404 5707 1686 5780 legendum
1732 5715 1891 5780 putat

313 5768 678 5830 Cumbellsius
707 5768 979 5844 βασιλεύς.
1021 5776 1128 5836 Sed
1161 5779 1373 5835 inutilis
1416 5768 1752 5845 emendatio;
1785 5793 1890 5834 nec

1990 5427 2100 5479 ullo
2132 5433 2328 5479 nititur
2352 5425 2542 5480 codice
2581 5440 2686 5480 ms.
2729 5423 2903 5494 Supra
2932 5425 3090 5481 docet
3123 5425 3358 5484 Basilius
3397 5426 3557 5483 Chri-

1989 5505 2131 5552 stum
2165 5505 2219 5550 et
2247 5510 2426 5564 regem
2453 5509 2576 5548 esse
2598 5503 2652 5564 et
2676 5495 3005 5563 pontiﬁcem.

2060 5566 2170 5634 (70)
2223 5563 2842 5633 Ἐνευλογηθήσονται
2891 5565 2990 5631 τῷ.
3044 5566 3122 5621 Ita
3179 5566 3366 5623 decem
3420 5583 3553 5623 mss.

1990 5644 2441 5710 exceptdtamen
2496 5635 2736 5710 quodin
2765 5637 3063 5710 _uonnullis
3111 5636 3310 5710 legitur
3353 5637 3412 5693 ἐν
3454 5637 3553 5710 τῷ.

1992 5703 2139 5763 Editi
2165 5703 2613 5778 εὐλογηθήσονται
2635 5705 2695 5760 ἐν
2721 5703 2818 5777 τῷ.
