3900 6208
272 297 385 353 835

1162 303 1650 363 EPISTULARUM
1689 306 1975 365 CLASSIS
2012 307 2076 365 ΙΙ.
2121 307 2336 363 EPIST.
2377 306 2721 364 CCXXXVII.

3427 305 3532 364 886

288 417 562 489 Ἀϐραὰμ,
604 419 699 474 καὶ
726 419 804 492 τῷ
836 420 956 474 Ἰὼϐ
984 420 1119 492 (79),
1147 424 1242 476 καὶ
1278 425 1395 487 τοῖς
1422 424 1682 489 τοιούτοις
1702 442 1715 455 ·
1748 428 1859 491 τοῖς

1975 428 2242 483 nonnullis
2299 428 2366 483 ad
2418 425 2863 483 distribuendum
2913 424 3116 481 dantur
3159 439 3190 479 a
3235 423 3346 480 Deo
3391 432 3535 482 velut

269 509 335 563 δὲ
367 509 720 581 φαυλοτέροις
747 511 1049 584 πρόκλησίς
1074 513 1192 566 ἐστι
1218 515 1314 568 τοῦ
1339 513 1694 587 βελτιωθῆναι
1720 517 1862 570 κατὰ

269 598 370 652 τὸν
411 601 611 672 τρόπον
634 620 647 631 ·
682 602 759 666 ὡς
796 604 892 671 ὃγε
929 604 1068 674 μετὰ
1106 604 1376 676 τοσαύτην
1407 605 1559 677 παρὰ
1597 606 1733 660 Θεοῦ
1777 606 1863 659 δε-

276 688 467 755 ξίωσιν
516 694 794 764 ἐπιμένων
852 696 919 766 τῇ
969 694 1154 767 ἀδικίᾳ
1206 696 1618 769 ἀναντιρῤήτως
1673 698 1862 751 ἐαυτὸν

277 781 538 837 ὑπόδικον
575 787 639 855 τῇ
692 786 1016 858 κατακρίσει
1068 786 1409 859 καθίστησιν.
1449 789 1506 841 Ὁ
1560 789 1742 858 μέντοι
1787 789 1864 843 δί-

280 893 440 941 καιος
476 876 600 930 οὔτε
622 879 891 949 παρόντος
922 880 1309 951 ἐπιστρέφεται
1330 880 1425 935 τοῦ
1458 880 1707 945 πλούτου,
1738 880 1863 936 οὔτε

288 970 365 1040 μὴ
415 970 663 1041 παρόντα
708 970 994 1041 ἐπιζητεῖ·
1040 972 1102 1025 ού
1134 972 1244 1044 γὰρ
1296 973 1696 1036 ἀπολαυστικός
1747 974 1863 1027 ἐστι

277 1060 396 1114 τῶν
424 1060 744 1131 δεδομένων,
776 1062 893 1115 ἀλλ’
916 1064 1275 1134 οἰκονομικός.
1307 1064 1496 1128 Οὐδεὶς
1519 1063 1575 1118 δὲ
1602 1063 1708 1117 τῶν
1738 1063 1864 1117 νοῦν

283 1151 519 1222 ἐχόντων
550 1153 827 1225 ἐπιτρέχει
865 1156 932 1226 τῇ
983 1155 1210 1228 ἀσχολίᾳ
1255 1156 1356 1227 τῆς
1409 1156 1516 1210 τῶν
1570 1155 1863 1228 ἀλλοτρίων

282 1243 569 1314 διανομῆς,
604 1245 700 1298 ἐὰν
750 1246 825 1315 μὴ
859 1246 996 1316 πρὸς
1032 1248 1133 1318 τὴν
1166 1248 1277 1299 τῶν
1324 1247 1535 1300 πολλῶν
1576 1246 1863 1321 ἀποϐλέπῃ

283 1333 468 1401 δόξαν,
496 1336 546 1388 οἶ
601 1335 941 1407 θαυμάζουσι
971 1339 1065 1391 καὶ
1111 1338 1333 1409 ζηλοῦσι
1373 1340 1500 1403 τοὺς
1527 1340 1601 1399 ;ἐν
1644 1339 1864 1411 ἐξουσίᾳ

284 1427 397 1480 τινὶ
421 1426 790 1492 καθεστῶτας.
822 1429 933 1500 Τὴν
965 1429 1023 1483 δὲ
1046 1430 1199 1483 νόσον
1231 1431 1307 1494 ὡς
1335 1430 1561 1501 ἄθλησιν
1586 1432 1635 1484 οἱ
1668 1430 1864 1483 δίκαιοι

282 1516 553 1587 δέχονται,
587 1519 859 1590 μεγάλους
892 1522 987 1574 ἐπὶ
1011 1523 1077 1592 τῇ
1105 1522 1352 1592 ὑπομονῇ
1396 1522 1522 1586 τοὺς
1569 1522 1865 1590 στεφάνους

284 1609 671 1680 ἀναμένοντες.
722 1611 914 1666 Ἀλλον
951 1612 1010 1666 δέ
1057 1630 1179 1666 τινα
1214 1615 1440 1685 ἐφιστᾷν
1489 1616 1555 1685 τῇ
1600 1612 1865 1681 διοικήσει

289 1700 493 1754 τούτων
518 1703 618 1756 οὐκ
646 1703 988 1774 ἅπεμφαῖνον
1020 1706 1200 1776 μόνον,
1226 1706 1363 1760 ἀλλὰ
1392 1707 1487 1760 καὶ
1510 1704 1728 1768 ἀσεϐές.

1962 518 2265 583 Abraham,
2313 516 2437 583 Job,
2481 526 2537 574 et
2587 517 2880 574 similibus.
2920 516 3193 586 [mprobis
3236 533 3367 572 vero
3406 533 3533 588 pro-

1962 610 2181 667 vocatio
2211 619 2361 674 sunt,
2405 616 2464 663 ut
2495 624 2557 666 se
2584 609 2652 663 ad
2683 608 2965 663 meliorem
2998 605 3209 679 frugem
3247 608 3530 680 recipiant,

1963 702 2038 755 ita
2062 710 2120 755 ut
2147 700 2239 772 qui
2268 709 2393 771 post
2430 708 2636 755 tantam
2662 715 2692 754 a
2724 698 2836 755 Deo
2873 699 3226 772 benignitatis
3259 699 3535 770 signiﬁca-

1963 793 2169 848 tionem
2200 798 2511 863 perseverat
2556 792 2613 847 in
2662 791 2977 863 iniquitate,
3020 805 3080 845 se
3108 790 3225 861 ipse
3272 790 3392 846 sine
3426 791 3534 845 ulla

1963 881 2340 937 excusationis
2379 881 2538 935 venia
2579 880 2875 934 obnoxium
2924 878 3368 934 condemnationi
3401 893 3535 933 con-

1965 972 2179 1028 stituat.
2218 970 2321 1037 Qui
2350 971 2570 1041 quidem
2595 971 2780 1041 justus
2815 978 2921 1035 est,
2969 985 3149 1040 neque
3189 968 3257 1024 ad
3292 963 3534 1034 divitias;

1963 1079 2090 1120 cum
2132 1062 2351 1126 adsunt,
2393 1062 2642 1133 adjungit
2678 1063 2917 1116 animum
2949 1080 2963 1116 :
2993 1076 3172 1132 neque
3224 1075 3355 1129 eas,
3407 1075 3533 1116 cum

1965 1156 2187 1220 absunt,
2232 1154 2509 1225 exquirit;
2558 1152 2827 1223 siquidem
2865 1167 2976 1207 non
3019 1151 3223 1207 fruitur
3252 1151 3536 1207 concredi-

1966 1249 2059 1312 tis,
2111 1245 2209 1301 sed
2264 1259 2453 1301 earum
2514 1245 2925 1300 administrator
2983 1252 3090 1299 est.
3136 1242 3307 1300 Nemo
3353 1252 3535 1300 autem

1965 1338 2206 1410 prudens
2250 1337 2526 1408 negotium
2572 1336 2745 1391 ambit
2790 1335 2845 1390 in
2896 1335 3092 1392 alienis
3149 1335 3313 1390 rebus
3352 1335 3540 1390 distri-

1965 1429 2237 1496 buendis,
2273 1428 2380 1484 nisi
2413 1427 2717 1499 respexerit
2754 1425 2822 1481 ad
2864 1425 3077 1481 laudem
3111 1427 3278 1497 vulgi,
3318 1426 3408 1481 cui
3443 1426 3540 1480 ho-

1967 1521 2143 1576 mines
2173 1520 2230 1574 in
2268 1520 2452 1589 aliqua
2497 1519 2827 1583 auctoritate
2861 1517 3147 1572 constituti
3192 1516 3538 1571 admirationi

1968 1622 2097 1670 sunt
2126 1628 2190 1667 ac
2228 1610 2590 1693 azmulatiqni,
2622 1609 2850 1693 Morbos
2899 1616 3079 1664 autem
3116 1618 3375 1680 tanquam
3422 1622 3541 1662 cer-

1967 1711 2149 1759 tamen
2186 1688 2507 1772 suscipiunt'
2522 1690 2682 1772 justi,
2717 1688 2954 1757 coronas
2987 1715 3214 1771 magnas
3239 1700 3310 1754 ob
3332 1699 3541 1770 patien—

283 1790 420 1843 tiam
460 1802 866 1862 exspectantes.
908 1795 1179 1851 Caeterum
1221 1797 1472 1868 quemvis
1531 1795 1698 1850 alium
1757 1794 1848 1851 his
1899 1793 2069 1851 rebus
2111 1784 2484 1866 gubernandis
2526 1793 2801 1865 praeﬁcere
2835 1808 2946 1847 non
3000 1792 3176 1847 solum
3217 1799 3302 1848 est
3347 1791 3539 1849 absurr

282 1880 439 1949 dum,
476 1883 570 1938 sed
601 1884 768 1939 etiam
794 1885 1043 1956 impium.

799 2004 1145 2059 ΕΠΙΣΤΟΛΗ
1185 2004 1349 2061 ΣΛΖ’.

2068 2038 2087 2051 .
2140 2028 2148 2047 ρ
2208 2040 2239 2061 .,
2285 1997 2449 2073 365
2465 1994 2803 2052 EPISTGLA
2838 1992 3261 2056 ccxxxvnn-

278 2114 554 2190 Νοπτιιιιζῳ
563 2116 749 2190 ,Βαεξίὶἱ
770 2116 945 2190 (inerte
965 2121 1030 2190 ad
1060 2121 1314 2190 Easebium
1337 2137 1430 2175 non
1452 2124 1676 2190 perlatis;
1697 2124 1761 2190 In
1780 2122 1860 2190 liis
1878 2126 2040 2190 autem
2260 2120 2327 2190 de
2343 2112 2549 2189 adventu
2574 2114 3211 2190 Βεῃιοιιὴᾳιίςηάθησμκοᾳο
3225 2116 3366 2190 algeo
3380 2123 3545 2187 concio

350 2174 627 2254 ἐξίέξιέξξίίαε
653 2182 713 2254 ἀει
735 2180 938 2242 “Pulso
963 2181 1199 2254 ἕρνείηοο
1222 2174 1854 2254 ,είιιυεζαίιῗξειοίῖεεαίείφ
1879 2183 2114 2254 (irritatio
2149 2179 2329 2254 κιθάριεέ
2340 2180 2504 2254 11980.;
2524 2178 2754 2254 omnim.
2775 2174 3518 2254 ,‘kf’éﬁf‘i‘wibfwf's'é

995 2186 1199 2293 tegmina.
1222 2186 1595 2298 ,εἱιιιιῳιὶᾳςειο
1631 2186 1854 2256 βειϋεὶο,
1879 2186 2114 2255 Gregorio
2149 2186 2326 2251 abdaci
2340 2186 2501 2246 juaao,
2524 2186 2754 2248 onmibus_
2775 2186 2966 2229 clericis
2990 2186 3362 2230 Cttaanemwus
3394 2186 3545 2247 cura;

1025 2252 1189 2311 uastae
1216 2254 1438 2311 imposito
1476 2261 1536 2311 us
1558 2260 1643 2311 qui
1666 2259 1777 2297 cum
1803 2249 1986 2311 Basilio
2008 2242 2448 2311 communicabant._
2466 2242 2651 2311 Rursus
2685 2237 3024 2311 altgpynodas
3064 2240 3332 2311 .Ny‘ssazlex.
3360 2238 3545 2311 (iulans

345 2236 578 2309 addictis,
592 2236 771 2309 eodem
790 2236 934 2309 onere
956 2236 1189 2309 Sé‘Jastite
1216 2236 1438 2309 imposito

3070 2176 3362 2229 aariemibus
3394 2177 3546 2231 curia

344 2296 645 2371 glPomicjs,
672 2301 758 2371 qui
777 2302 947 2371 nescio
962 2317 1101 2366 quem
1116 2306 1185 2371 ad
1211 2296 1679 2371 scelerarinmum;
1700 2296 1823 2360 Cum
1837 2296 2396 2371 __Eus_tathio__conspiran¢
2415 2302 2477 2353 de
2496 2303 2722 2371 ερίεεσρο
2745 2303 2787 2351 Ν
2796 2296 3100 2371 ίςῖξροιίιωάε
3117 2296 3291 2369 Ηφίάο
3312 2298 3365 2350 ίπ
3385 2299 3546 2371 (om?

350 2358 805 2434 Tllepdotimortai.
836 2358 1073 2434 Reafsium
1092 2358 1455 2434 Nicopoli’tani.
1472 2358 1672 2421 iitumor
1692 2358 1868 2433 synodi
1888 2368 1953 2418 ad
1977 2364 2217 2417 Basiliam
2236 2358 2331 2416 'aut
2360 2358 2631 2429 cogendum
2658 2358 2778 2412 'cum
2810 2358 2913 2413 illis
2934 2361 3290 2413 communicare
3310 2369 3394 2412 aut
3442 2366 3542 2426 pet-

346 2421 563 2473 leudum.
587 2422 811 2476 Graviter
834 2426 1100 2490 wgrotabat

536 2534 836 2602 Εὐσεϐϊῳ,
864 2535 1175 2605 ἐπισκόπῳ
1203 2538 1590 2608 Σαμοσάτων.

360 2644 416 2699 1.
461 2643 604 2713 Ἐγὼ
647 2645 743 2698 καὶ
782 2645 871 2700 διὰ
911 2646 1005 2701 τοῦ
1055 2647 1306 2719 βικαρίου
1347 2651 1457 2722 (80)
1500 2651 1601 2722 τῆς
1646 2651 1865 2724 Θρᾴκης,

283 2734 581 2789 ἐπέστειλα
607 2738 673 2808 τῇ
709 2737 988 2812 θεοσεϐείᾳ
1014 2756 1138 2807 σου,
1176 2742 1271 2795 καὶ
1313 2741 1403 2796 διά
1450 2759 1593 2807 τινος
1634 2761 1869 2814 πραιπο-

287 2827 442 2880 σίτου
496 2828 606 2881 τῶν
656 2829 800 2884 κατά
846 2832 1273 2888 Φιλιππούπολιν
1321 2834 1609 2907 θησαυρῶν
1656 2837 1721 2890 ἐκ
1767 2837 1867 2907 τῆς

286 2920 571 2993 ἡμετέρας
608 2922 701 2976 ἐπὶ
730 2924 830 2994 τὴν
859 2924 1082 2997 Θρᾴκην
1115 2925 1484 2992 διαϐαίνοντος
1516 2927 1729 3000 ἔγραψα
1754 2931 1869 2984 ἐτέ-

288 3028 397 3082 ρας
434 3012 721 3078 ἐπιστολὰς
762 3014 898 3087 (81),
942 3019 1038 3071 καὶ
1093 3020 1446 3091 παρεκάλεσα
1477 3021 1641 3075 αὐτὸν
1680 3022 1866 3077 ἀνελέ-

290 3103 446 3170 σθαι,
477 3104 605 3159 ὄταν
632 3107 865 3181 ἀπαίρῃ.
905 3108 1044 3163 Ἀλλ’
1073 3108 1196 3164 οὔτε
1236 3113 1265 3165 ὁ
1297 3110 1543 3184 βικάριος
1577 3113 1869 3181 ὑπεδέξατο

286 3196 453 3268 ἡμῶν
487 3197 557 3251 τὰ
598 3199 923 3271 γράμματα.
956 3201 1385 3273 Περιοδευόντων
1418 3205 1529 3277 γὰρ
1576 3206 1734 3277 ἡμῶν
1771 3206 1868 3279 τὴν

287 3287 608 3358 παροικίαν,
649 3290 877 3355 ἐπιστὰς
914 3294 979 3364 τῇ
1023 3293 1177 3347 πόλει
1222 3295 1495 3367 ἑσπέρας,
1526 3297 1722 3369 ὄρθρου
1769 3297 1867 3368 βα-

287 3376 418 3442 θέος
450 3378 609 3432 πάλιν
638 3380 921 3453 ἀπήλασεν
944 3400 956 3412 ·
998 3382 1141 3438 ὥστε
1170 3387 1297 3450 τοὺς
1323 3387 1643 3460 οἰκονόμους
1682 3389 1867 3446 λαθεῖν

284 3468 392 3539 τῆς
424 3469 721 3540 ἐκκλησίας
764 3473 864 3545 τὴν
892 3474 987 3528 τοῦ
1040 3476 1230 3549 ἀνδρὸς
1268 3479 1565 3550 ἐπιδημίαν
1597 3481 1730 3553 (82),
1774 3484 1870 3537 καὶ

286 3560 438 3614 οὕτω
477 3565 655 3633 μεῖναι
702 3567 834 3637 παρ’
872 3567 1004 3637 ἡμῖν
1033 3567 1102 3622 τὰ
1150 3570 1477 3642 γράμματα.
1515 3573 1577 3627 '0
1603 3573 1661 3627 δὲ
1707 3591 1870 3646 πραι-

288 3651 537 3719 πόσιτος,
571 3655 711 3724 τάχα
752 3655 1052 3728 ἀϐουλήτου
1102 3659 1250 3724 τινὸς
1296 3661 1459 3716 αὑτὸν
1494 3665 1869 3734 περιστάσεως

287 3745 692 3818 κατασχούσης,
740 3746 1053 3820 ἐξώρμησε,
1100 3753 1238 3823 μήτε
1280 3752 1379 3817 τὰς
1435 3754 1722 3819 ἐπιστολὰς
1776 3758 1870 3810 ἀν-

287 3836 569 3907 ελόμενος,
602 3838 737 3909 μήτε
770 3840 921 3910 ἡμᾶς
958 3839 1314 3913 θεασάμενος.
1349 3844 1541 3898 Ἀλλου
1568 3846 1625 3898 δὲ
1655 3847 1869 3911 ούδενὸς

279 3923 360 3998 ἦν
388 3929 696 3998 ἐπιτυχεῖν·
734 3929 857 3983 ὅθεν
891 3930 1188 4003 ἐμείναμεν
1228 3933 1578 4007 λυπούμενοι,
1612 3937 1694 3990 ὅτι
1729 3939 1867 4009 μήτε

286 4016 631 4071 ἐπιστέλλειν
668 4020 800 4090 ἡμῖν
845 4018 1023 4087 ἔξεστι
1047 4061 1062 4085 ,
1093 4024 1233 4093 μήτε
1273 4023 1524 4095 δέχεσθαι
1568 4026 1721 4096 παρὰ
1769 4026 1869 4098 τῆς

289 4107 396 4177 σῆς
426 4105 735 4173 θεοσεϐείας
761 4109 1089 4182 γράμματα.
1140 4114 1401 4184 Καίτοιγε
1444 4116 1776 4188 ἐϐουλόμην,
1819 4119 1873 4171 εἰ

290 4212 386 4266 μοι
416 4191 485 4267 ἦν
510 4196 754 4264 δυνατὸν,
779 4198 848 4252 τὰ
876 4198 961 4268 ἐφ’
986 4199 1225 4273 ἑκάστης
1249 4201 1461 4273 ἡμέρας
1492 4202 1870 4273 συμπίπτοντα

286 4289 426 4357 ἡμῖν
463 4289 803 4358 διαγγέλλειν
852 4309 957 4345 σοι.
993 4290 1150 4345 Οὕτω
1195 4291 1306 4361 γὰρ
1344 4292 1512 4348 πολλὰ
1555 4295 1651 4349 καὶ
1690 4295 1871 4367 παρά-

285 4376 421 4443 δοξά
448 4380 564 4433 ἐστι
598 4380 666 4434 τὰ
698 4382 1029 4453 πράγματα,
1061 4381 1203 4436 ὥστε
1253 4384 1496 4456 ἱστορίας
1542 4387 1869 4460 ἐφημερίδος

2254 2533 2505 2598 Eusebio,
2548 2533 2789 2602 episcopo
2835 2531 3262 2589 Samosatorum.

2042 2653 2093 2707 1.
2134 2648 2247 2722 Ego
2284 2654 2339 2704 et
2384 2661 2482 2719 per
2512 2644 2787 2701 vicarium
2828 2643 3081 2701 Thracia
3112 2645 3311 2716 scripsi
3355 2645 3543 2717 pietati

1970 2752 2109 2810 tuae;
2158 2749 2217 2798 et
2256 2755 2355 2811 per
2416 2737 2769 2810 praepositum
2813 2736 3107 2807 quemdam
3153 2736 3546 2809 Philippopolis

1970 2837 2379 2896 thesaurorum,
2404 2846 2470 2888 ex
2492 2839 2685 2886 nostra
2706 2831 2929 2901 regione
2951 2828 3011 2884 in
3030 2828 3319 2885 Thraciam
3341 2830 3548 2888 abeun-

1970 2939 2104 2996 tem,
2128 2928 2329 3000 scripsi
2355 2926 2494 2981 alias
2517 2923 2803 2996 epistolas,
2836 2939 3074 2995 eumque
3095 2924 3306 2995 rogavi,
3336 2932 3397 2979 ut
3422 2924 3546 2980 illas

1969 3016 2325 3087 proﬁciscens
2367 3022 2626 3070 sumeret.
2673 3010 2781 3068 Sed
2822 3028 3001 3084 neque
3044 3013 3290 3069 vicarius
3330 3014 3546 3070 litteras

1970 3114 2194 3163 nostras
2227 3106 2493 3176 suscepit.
2523 3104 2952 3175 Peragrantibus
2981 3103 3143 3159 enim-
3171 3104 3332 3160 nobis
3357 3119 3545 3175 parte-

1969 3200 2134 3264 ciam,
2166 3214 2294 3254 cum
2338 3196 2655 3253 advenisset
2698 3196 2756 3250 in
2807 3195 2997 3251 urbem
3030 3210 3283 3267 vespere,
3327 3210 3547 3252 summo

1969 3306 2134 3346 mane
2158 3306 2354 3346 rursus
2375 3290 2540 3356 abiit;
2576 3288 2712 3344 adeo
2745 3296 2805 3344 ut
2843 3304 3164 3346 mconomos
3197 3289 3547 3346 ecclesiaela~

1970 3388 2113 3438 teret
2138 3382 2244 3436 viri
2274 3382 2567 3446 adventus,
2609 3380 2802 3451 sicque
2843 3388 3130 3436 manerent
3161 3381 3306 3452 apud
3337 3396 3425 3436 me
3453 3381 3545 3435 lit-

1970 3480 2121 3529 terae.
2161 3472 2496 3544 Praepositus
2521 3487 2672 3540 vero,
2694 3472 2836 3528 forte
2860 3472 3239 3543 inexspectata
3267 3473 3452 3542 aliqua
3479 3472 3547 3526 il.

1970 3565 2083 3620 lum
2107 3565 2442 3621 necessitate
2480 3570 2728 3635 urgente,
2758 3562 3042 3633 profectus
3069 3570 3176 3630 est,
3216 3578 3319 3619 nec
3346 3563 3546 3619 litteris

1971 3659 2268 3729 susceptis,
2311 3673 2413 3714 nec
2448 3658 2611 3715 nobis
2647 3656 2923 3712 salutatis.
2957 3657 3113 3713 Alius
3149 3668 3330 3713 autem
3361 3658 3547 3715 nullus

1971 3749 2199 3819 reperiri
2226 3756 2473 3821 poterat;
2510 3749 2658 3805 unde
2691 3748 2883 3806 tristes
2911 3749 3239 3816 mansimus,
3268 3748 3414 3819 quod
3444 3765 3545 3805 nec

1971 3837 2214 3894 scribere
2250 3838 2410 3894 nobis
2444 3838 2656 3903 liceret,
2700 3852 2804 3894 nec
2847 3837 3099 3908 accipere
3144 3852 3176 3892 a
3220 3845 3320 3893 tua
3346 3838 3547 3908 pietate

1971 3930 2208 3986 litteras.
2246 3930 2426 4000 Atque
2453 3928 2707 4000 equidem
2755 3928 3026 3993 volebam,
3069 3928 3119 3983 si
3159 3944 3249 3985 res
3293 3929 3415 3989 ﬁeri
3448 3945 3546 3999 po-

1974 4021 2189 4086 tuisset,
2239 4036 2362 4093 quae
2405 4021 2640 4092 singulis
2680 4020 2875 4076 diebus
2912 4020 3074 4078 nobis
3121 4023 3399 4088 accidunt,
3447 4023 3542 4078 tibi

1973 4114 2249 4170 nuntiare.
2295 4114 2429 4169 Tam
2470 4113 2644 4167 multa
2690 4113 2838 4168 enim
2884 4122 3036 4179 sunt,
3076 4121 3298 4189 tamque
3350 4125 3547 4187 praeter

1974 4205 2310 4275 opinionem,
2340 4210 2401 4259 ut
2419 4202 2772 4274 ephemeride
2801 4217 2941 4274 opus
2960 4212 3109 4261 esset
3130 4224 3144 4260 :
3167 4221 3334 4282 quam
3355 4207 3542 4272 etiam,

1976 4301 2147 4371 probe
2172 4300 2343 4367 scias,
2382 4297 2850 4369 composuissem,
2880 4295 2990 4351 nisi
3024 4297 3352 4359 assiduitate
3376 4314 3546 4354 even-

1974 4400 2127 4447 tuum
2156 4399 2391 4448 mentem
2422 4406 2455 4447 e
2487 4389 2774 4462 proposito
2800 4396 3085 4445 avocatam
3114 4388 3448 4447 habuissem.

286 4474 533 4546 χρῄζειν,
569 4475 636 4565 ἢν
669 4477 763 4531 καὶ
812 4478 1098 4546 συνέταξα,
1139 4473 1198 4533 εὖ
1243 4478 1373 4546 ἴσθι,
1422 4481 1471 4534 εἰ
1506 4480 1583 4553 μὴ
1613 4484 1680 4553 τῇ
1729 4485 1985 4558 συνεχείᾳ
2028 4487 2140 4543 τῶν
2193 4486 2647 4558 προσπιπτόντων
2701 4486 2831 4550 τοὺς
2869 4486 3167 4557 λογισμοὺς
3226 4482 3374 4558 εἶχον
3438 4487 3547 4542 τῶν

289 4571 668 4641 προκειμένων
699 4573 1155 4644 ἐκκρουομένους.

358 4661 417 4715 2.
468 4662 844 4735 Ἐπεδήμησεν
893 4665 1027 4735 ἡμῖν
1084 4662 1368 4735 βικάριος,
1400 4666 1464 4719 τὸ
1514 4666 1731 4736 πρῶτον
1773 4670 1868 4723 καὶ

292 4751 553 4823 μέγιστον
596 4754 706 4806 τῶν
742 4755 1031 4826 ἡμετέρων
1075 4755 1295 4809 κακῶν·
1338 4757 1626 4829 ἄνθρωπος
1674 4762 1724 4813 εἰ
1768 4763 1867 4832 μὲν

288 4844 387 4897 καὶ
430 4844 703 4913 αἱρετικὸς
747 4844 809 4898 τὸ
857 4846 1148 4917 φρόνημα,
1192 4848 1294 4900 οὐκ
1337 4848 1637 4921 ἐπίσταμαι
1669 4847 1867 4921 (οἶμαι

285 4935 400 5007 γὰρ
446 4935 609 4990 αὐτὸν
636 4936 838 5001 παντὸς
881 4938 1107 5008 ἄπειρον
1143 4933 1285 4992 εἶναι
1342 4938 1502 5009 λόγου
1528 4980 1541 5004 ,
1591 4943 1684 4994 καὶ
1733 4942 1868 5013 μηδὲ

287 5023 437 5093 ἔχειν
477 5023 602 5078 τινὰ
644 5025 880 5097 σπουδὴν
919 5026 1053 5097 μηδέ
1088 5027 1319 5099 μελέτην
1356 5030 1579 5102 περὶτὰ
1608 5031 1863 5086 rotati-rw

285 5113 349 5167 ἐν
392 5113 574 5179 ἄλλοις
616 5116 727 5189 γὰρ
777 5118 940 5172 αὑτὸν
981 5119 1093 5191 ὁρῶ
1137 5123 1205 5193 τῇ
1251 5121 1396 5193 ψυχῇ
1455 5124 1550 5177 καὶ
1590 5126 1664 5195 τῇ
1702 5126 1867 5197 σαρκὶ

2042 4665 2098 4719 2.
2137 4665 2371 4722 Advenit
2418 4666 2580 4725 nobis
2618 4669 3124 4742 vicariusprimum
3165 4680 3220 4726 et
3249 4669 3546 4725 maximum

1974 4759 2245 4815 malorum
2282 4767 2598 4816 nostrorum
2628 4780 2643 4816 :
2675 4763 2860 4826 hamo,
2904 4778 2975 4817 an
3017 4760 3288 4817 sententia
3328 4759 3547 4815 haereti-

1974 4867 2096 4915 cus,
2127 4851 2319 4907 nescio
2351 4851 2615 4920 (arbitror
2658 4853 2805 4907 enim
2846 4852 3000 4906 illum
3042 4850 3225 4906 omnis
3265 4858 3544 4920 expertem

1974 4957 2097 4998 esse
2153 4942 2449 5006 doctrinae,
2513 4958 2616 4999 nec
2668 4942 2872 4998 habere
2920 4940 3162 4998 studium
3212 4940 3382 4994 ullum
3448 4948 3545 4993 aut

1975 5048 2135 5087 usum
2178 5032 2449 5103 ejusmodi
2500 5048 2725 5100 rerum;
2760 5048 2889 5088 nam
2936 5033 2994 5087 in
3027 5031 3152 5086 aliis
3192 5031 3345 5085 illum
3385 5030 3545 5086 video

1972 5125 2157 5180 anima
2186 5134 2242 5181 et
2268 5140 2457 5191 carne,
2502 5135 2671 5181 noctu
2707 5132 2763 5181 et
2794 5124 3033 5180 interdiu
3075 5121 3447 5194 occupatum),
3488 5134 3544 5176 at

288 5204 510 5280 νύκτωρ
558 5209 652 5262 καὶ
700 5209 828 5281 μηθ’
888 5212 1104 5285 ἡμέραν
1152 5214 1611 5286 ἐνασχολούμενον
1634 5218 1686 5286 ),
1728 5216 1866 5289 πλτὴν

1975 5226 2118 5275 certe
2160 5219 2544 5275 haereticorum
2603 5218 2856 5274 amicus:
2889 5233 2993 5273 nec
3041 5217 3219 5288 magis
3263 5231 3360 5272 eos
3415 5215 3542 5270 dili-

286 5364 451 5433 cpist.
485 5362 576 5436 5i.
607 5362 740 5436 Haec
783 5366 1168 5436 interpretatio
1206 5367 1567 5423 conﬁrmatur
1595 5386 1660 5423 ex
1712 5386 1864 5424 com-

287 5432 563 5488 mentario
608 5436 664 5488 in
710 5432 915 5489 Isaiam
932 5432 1008 5491 _n.
1041 5438 1129 5497 54.
1169 5453 1224 5507 p.
1252 5438 1379 5503 4‘20,
1417 5438 1505 5493 ubi
1538 5439 1735 5495 divites
1782 5443 1868 5495 dic

287 5512 492 5578 cuntur
518 5518 650 5578 opes
679 5507 982 5578 accepisse,
1014 5514 1075 5561 ut
1108 5523 1377 5578 pauperes
1401 5509 1614 5577 juvent.

360 5572 477 5649 (79)
510 5572 621 5649 Καὶ
654 5573 736 5649 τῷ
771 5572 918 5630 Ἰώϐ.
955 5577 1030 5649 Ita
1055 5572 1277 5649 codices
1301 5572 1432 5649 mss.
1468 5589 1695 5649 septem.
1724 5578 1864 5635 Editi

286 5642 378 5721 τῷ
409 5642 623 5696 Ἰακώϐ.
663 5642 930 5721 Neutrum
974 5647 1169 5719 legitur
1224 5649 1277 5703 in
1310 5648 1482 5707 Coisl.
1528 5642 1726 5721 primo,
1768 5650 1861 5707 sed

289 5714 491 5769 desunt
525 5721 638 5769 tres
668 5715 750 5769 hac
777 5718 1000 5771 voculae.
1028 5714 1048 5719 ⁷
1528 5714 1545 5721 ’
1711 5714 1719 5718 ’
1822 5728 1831 5737 ’

2043 5370 2156 5439 (80)
2190 5370 2492 5439 Βικαρίουν.
2526 5367 2644 5439 Duo
2674 5368 2893 5439 codices
2921 5366 3167 5425 Vaticani
3206 5369 3299 5424 καὶ
3329 5367 3416 5424 διὰ
3444 5368 3540 5424 τοῦ

1968 5437 2256 5512 Μακαρίου
2295 5437 2562 5512 βικαρίου,
2597 5437 2665 5493 Ει
2687 5453 2778 5512 per
2805 5437 3105 5512 acariam
3129 5440 3401 5512 vicarium.

2041 5507 2156 5592 (_8_|)'
2194 5507 2436 5590 ᾝτέραςί
2459 5507 2808 5575 ἐπιστολάς.
2840 5508 2966 5564 Haec
3009 5509 3210 5566 desunt
3250 5511 3306 5565 in
3350 5508 3541 5565 codice

1968 5579 2141 5636 Coisl.’
2166 5579 2361 5649 primo.

2186 5649 2556 5721 Ἔπὲδῃέιέάγ.
2571 5651 2649 5721 με
2669 5665 2800 5721 mss.
2820 5647 3188 5721 decemLEditi
3211 5648 3549 5721 ἀποδημίανς

2048 5724 2065 5743 ¹
2093 5719 2242 5776 Alias
2270 5717 2540 5775 CCLXIV.
2567 5718 2779 5789 Scripta
2808 5734 2952 5775 anno
2979 5718 3104 5776 376.
