3900 6208
376 293 481 353 837

1717 301 1773 356 Ξ.
1809 302 2055 362 BASILII
2093 300 2312 358 MAGNI

375 428 529 482 gens,
563 425 728 482 quam
759 427 859 469 nos
891 413 1019 470 odio
1046 414 1275 471 habens.
1303 414 1494 488 Coegit
1515 416 1660 471 enim
1686 417 1954 488 synodum

2077 418 2194 471 ἰλλὰ
2243 419 2638 490 φιλαιρετικός·
2676 419 2768 472 καί
2795 419 2856 470 ού
2901 418 3062 470 πλέον
3101 418 3340 480 ἐκείνους
3389 417 3557 486 φιλῶν
3592 418 3623 486 ἢ

377 504 669 575 impiorum
720 507 898 562 media
938 507 1116 563 hieme
1152 509 1208 563 in
1254 507 1488 573 Galatia,
1533 520 1588 564 et
1630 509 1793 580 ejecit
1823 511 1949 580 qui-

377 596 501 650 dem
540 595 870 667 Hypsiiium,
901 600 1021 668 eius
1063 607 1244 655 autem
1282 601 1404 655 loco
1441 599 1720 654 Ecdicium
1753 601 1954 656 consti-

377 688 504 741 tuit.
535 687 710 744 Jussit
737 691 935 745 abduci
970 690 1196 746 fratrem
1226 707 1429 753 meum,
1464 693 1533 746 ab
1565 709 1676 746 uno
1707 693 1950 753 homine.

377 794 555 849 eoque
588 781 835 850 ignobili,
869 791 1211 838 accusatum.
1247 782 1450 838 Deinde
1477 786 1754 854 paulisper
1789 800 1957 840 occu-

380 881 539 940 patus
573 873 719 926 circa
766 889 854 929 res
887 875 1174 939 militares,
1223 890 1420 931 rursus
1468 876 1536 928 ad
1567 892 1668 930 nos
1699 878 1953 944 accessit,

378 962 515 1015 iram
547 967 861 1035 caedemque
888 967 1126 1036 Spirans,
1156 982 1220 1022 ac
1253 983 1447 1023 omnes
1471 982 1604 1022 voce
1641 969 1802 1022 unica
1845 968 1956 1022 cle-

378 1054 528 1108 ricos
561 1053 821 1110 Ecclesia:
866 1057 1225 1113 Caesariensis
1277 1058 1503 1113 tradidit
1551 1061 1738 1114 curiae.
1804 1059 1956 1114 Sedit

381 1155 561 1198 autem
618 1145 882 1202 Sebastia:
931 1150 1117 1220 plures
1166 1149 1307 1213 dies,
1369 1165 1662 1205 secernens
1714 1165 1846 1206 suos
1889 1152 1958 1206 aii

381 1235 598 1299 alienis,
627 1251 693 1291 ac
730 1247 953 1294 nostros
982 1239 1203 1309 quidem
1247 1242 1746 1296 communicatores
1778 1241 1958 1294 curia-

381 1324 464 1379 les
509 1327 830 1395 appellans,
875 1344 939 1382 ac
991 1329 1196 1385 muniis
1248 1330 1480 1399 publicis
1519 1331 1817 1394 addicens,
1862 1344 1960 1384 eos

381 1431 515 1470 vero
543 1417 639 1486 qui
680 1416 969 1473 Eustathio
998 1418 1142 1474 allixi
1171 1427 1320 1482 sunt,
1353 1421 1608 1476 maximis
1639 1420 1833 1476 fovens
1859 1422 1960 1474 ho-

383 1508 633 1563 noribus.
687 1507 905 1565 Rursus
961 1508 1150 1579 Nyssai
1208 1510 1477 1580 synodum
1533 1510 1848 1566 Galatarum
1908 1523 1962 1565 et

382 1599 736 1656 Ponticorum
784 1603 1051 1656 celebrari
1099 1603 1375 1672 praecepit.
1413 1601 1493 1657 Illi
1526 1613 1707 1659 autem
1754 1619 1959 1659 morem

383 1708 622 1764 gessere.
658 1694 821 1764 366
842 1703 896 1749 et
939 1695 1294 1750 convolantes
1349 1697 1620 1750 miserunt
1667 1695 1959 1765 quemdam

386 1785 455 1836 ad
491 1783 791 1849 Ecclesias,
817 1784 910 1854 qui
949 1784 1130 1853 qualis
1157 1785 1251 1847 sit,
1275 1784 1446 1837 nolim
1483 1799 1586 1853 ego
1611 1783 1830 1850 dicere;
1863 1784 1957 1840 sed

387 1878 665 1942 conjicere
700 1877 828 1930 licet
879 1877 1180 1946 prudentiae
1211 1883 1342 1942 tute,
1375 1877 1592 1946 qualem
1645 1878 1796 1931 illum
1843 1893 1966 1932 esse

387 1966 688 2020 verisimile
727 1967 817 2028 sit,
869 1967 962 2037 qui
1011 1968 1214 2022 talibus
1263 1969 1546 2022 hominum
1589 1967 1970 2024 voluntatibus

388 2058 690 2136 ministrat.
721 2057 783 2111 Et
812 2075 979 2124 nunc,
1003 2069 1116 2114 tum
1146 2074 1270 2114 cum
1304 2059 1417 2114 haec
1443 2060 1761 2125 scriberem,
1789 2061 1965 2129 ipsum

389 2146 524 2201 illud
559 2163 752 2217 agmen
804 2146 1114 2204 Sebastiani
1155 2151 1325 2217 venit,
1373 2158 1432 2204 iit
1473 2161 1526 2205 et
1561 2150 1969 2221 coniungantur

388 2255 514 2292 cuin
549 2239 856 2302 Eustathio.
891 2251 948 2296 et
991 2257 1100 2296 una
1127 2257 1251 2297 eum
1279 2242 1401 2313 ipso
1441 2258 1530 2297 res
1559 2241 1970 2313 Nic0politano-

387 2347 512 2386 rum
551 2342 821 2387 evertant.
856 2331 991 2388 Nam
1029 2336 1226 2390 beatus
1257 2333 1574 2390 Theodotus
1610 2334 1967 2390 obdormivit.

388 2424 472 2478 illi
505 2434 687 2480 autem
729 2426 1000 2482 hactenus
1043 2428 1252 2496 primos
1292 2427 1481 2482 vicarii
1521 2428 1772 2482 assultus
1813 2442 1972 2497 gene-

389 2533 514 2573 rose
538 2533 603 2572 ac
633 2518 846 2574 fortiter
877 2519 1146 2590 repulere.
1180 2517 1525 2576 Persuadere
1569 2521 1716 2575 enim
1754 2521 1835 2576 eis
1878 2537 1972 2575 co-

391 2611 649 2677 nabatur,
679 2610 1025 2667 Eustathiuni
1060 2623 1119 2668 ut
1150 2614 1477 2682 reciperent,
1509 2627 1573 2667 ac
1603 2628 1700 2684 per
1728 2629 1853 2668 eum
1881 2628 1973 2666 ac-

391 2702 638 2771 ciperent
681 2704 1023 2772 episcolium.
1076 2700 1376 2772 Postquam
1425 2710 1606 2758 autem
1659 2703 1797 2758 vidit
1846 2703 1974 2758 illos

392 2793 630 2850 libenter
687 2810 799 2850 non
857 2795 1092 2860 cedere,
1152 2811 1302 2852 nunc
1351 2803 1587 2850 conatur
1642 2795 1974 2851 violentiore

392 2900 559 2940 manu
590 2887 779 2942 datum
823 2887 932 2943 illis
966 2888 1286 2958 episcopum
1323 2888 1687 2943 constituere.
1731 2885 1975 2941 Rumore

394 2986 577 3032 autem
603 2979 846 3048 jactatur
886 2986 942 3034 et
981 2980 1232 3050 quaedam
1278 2979 1620 3050 exspectatio
1649 2977 1864 3052 synodi,
1905 2977 1974 3032 ad

393 3084 559 3139 quani
596 3085 682 3126 me
727 3071 1061 3127 accersitum
1107 3080 1418 3126 statuerunt
1467 3079 1563 3126 aut
1600 3069 1975 3126 communica-

393 3165 571 3211 torem
613 3157 836 3223 habere,
884 3168 980 3215 aut
1030 3175 1130 3216 sua
1182 3161 1260 3214 uti
1302 3162 1723 3218 consuetudine.
1763 3159 1842 3214 Ac
1885 3175 1974 3215 res

394 3247 616 3319 quidem
648 3250 1005 3307 ecclesiarum
1031 3253 1112 3306 sic
1143 3268 1203 3308 se
1235 3251 1457 3307 habent.
1495 3251 1607 3322 Ego
1638 3260 1819 3307 autem
1842 3267 1979 3323 quo—

396 3339 567 3394 modo
597 3356 683 3396 me
720 3357 954 3412 corpore
996 3344 1251 3407 habeam,
1290 3350 1476 3399 tacere
1519 3344 1762 3398 arbitror
1802 3344 1979 3398 satius

395 3447 522 3488 esse
565 3449 728 3504 quam
763 3435 1047 3491 scribere:
1082 3443 1369 3506 propterea
1401 3436 1562 3507 quod
1610 3450 1740 3490 vera
1787 3436 1980 3491 dicens

395 3523 626 3578 tristitia
667 3524 919 3591 alliciam,
950 3527 1172 3582 mentiri
1209 3543 1339 3584 vero
1375 3544 1483 3583 non
1517 3543 1753 3598 possum.

2055 511 2192 581 πρὸς
2244 512 2392 581 ἡμᾶς
2427 509 2682 581 ἀπεχθῶς
2739 509 2897 579 ἔχων.
2960 509 3328 580 Συνεκρότησε
3385 508 3487 578 μὲν
3521 508 3626 578 γὰρ

2055 602 2273 655 σύνοδον
2316 601 2654 655 ἀθετούντων
2697 603 2754 654 ἐν
2801 601 2949 672 μέσῳ
2986 600 3064 670 τῷ
3113 599 3340 670 χειμῶνι
3395 600 3490 652 ἐπὶ
3537 599 3630 668 τῆς

2053 692 2358 756 Γαλατίας·
2405 693 2501 746 καὶ
2534 691 2752 758 ἐξέϐαλε
2789 692 2889 764 μὲν
2921 693 3014 744 τὸν
3055 691 3219 760 “Tiin
3247 691 3386 760 (85).
3413 690 3631 741 ἀντικα-

2053 782 2282 852 τέστησε
2327 781 2383 834 δὲ
2424 782 2514 836 τὸν
2556 781 2840 834 Ἐκδίκιον.
2898 779 3204 850 Ἀγὼγιμον
3236 779 3292 832 δὲ
3335 777 3631 848 προσέταξε

2055 872 2309 943 γενέσθαι
2337 873 2426 927 τὸν
2453 872 2681 942 ἀδελφὸν
2709 873 2798 924 τὸν
2841 871 2991 942 ἐμὸν,
3023 871 3128 924 ὑπὸ
3172 869 3290 932 ἑνὸς
3322 867 3633 939 ἀνθρώπου.

2056 965 2153 1018 καὶ
2189 965 2382 1019 τούτου
2410 965 2657 1036 ἀσήμου,
2701 963 3035 1017 αἰτιαθέντα.
3065 959 3198 1015 Εἶτα
3245 961 3448 1031 μικρὸν
3483 959 3639 1026 ἀσχο-

2057 1056 2243 1127 ληθεὶς
2267 1056 2379 1128 (84)
2413 1057 2543 1128 περὶ
2579 1056 2640 1108 τὸ
2665 1055 3046 1126 στρατόπεδον,
3081 1055 3242 1109 πάλιν
3268 1056 3405 1124 ἡμῖν
3439 1052 3636 1120 ἐπῆλθε

2059 1147 2235 1218 θυμοῦ
2263 1151 2356 1202 καὶ
2402 1149 2566 1218 φόνου
2608 1149 2719 1219 (85)
2758 1151 2935 1202 πνέων
2961 1189 2976 1210 ,
3017 1148 3114 1202 καὶ
3156 1148 3368 1210 πάντας
3407 1146 3508 1216 μὲν
3549 1146 3640 1215 μιᾷ.

2061 1243 2211 1311 φωνῇ
2239 1240 2365 1304 τοὺς
2401 1241 2709 1311 ἱερατικοὺς
2748 1241 2846 1311 τῆς
2887 1241 2946 1292 ὲν
2972 1238 3279 1310 Καισαρείᾳ
3313 1235 3641 1306 Ἐκκλησίας

2062 1330 2347 1401 παρέδωκε
2374 1333 2442 1402 τῇ
2479 1330 2644 1402 βουλῇ
2663 1347 2678 1362 ⁸
2713 1333 2768 1384 ἐν
2798 1331 2855 1383 δὲ
2879 1330 3178 1400 Σεϐαστείᾳ.
3203 1329 3485 1399 ὲκαθέσθη
3517 1329 3641 1382 πολι

2059 1422 2155 1484 λὰς
2179 1423 2392 1493 ἡμέρας
2420 1422 2760 1494 φυλοκρινῶν
2783 1422 2894 1490 (86)
2915 1439 2929 1452 ·
2967 1422 3061 1475 καὶ
3089 1423 3215 1484 τοὺς
3237 1421 3336 1491 μὲν
3365 1422 3505 1491 ἡμῖν
3539 1438 3646 1474 xei-

2062 1514 2364 1576 νωνοῦντας
2394 1513 2683 1583 βουλευτὰς
2710 1511 3012 1584 ὀνομάζων,
3045 1513 3140 1566 καὶ
3166 1512 3559 1577 καταδικάζων
3581 1517 3644 1583 τῇ

2063 1605 2338 1677 ὑπηρεσίᾳ
2365 1605 2478 1676 (87)
2503 1605 2611 1658 τῶν
2643 1605 2918 1676 δημοσίων
2939 1621 2953 1634 ·
2992 1604 3120 1668 τοὺς
3151 1604 3210 1657 δὲ
3237 1605 3316 1674 τῷ
3361 1602 3648 1674 Εὑσταθίῳ

2065 1696 2497 1767 προσκειμένους
2553 1699 2673 1760 ταῖς
2748 1696 3033 1767 μεγίσταις
3099 1698 3288 1766 τιμαῖς
3343 1695 3643 1766 περιέπων.

1994 1791 2032 1844 Β
2064 1788 2236 1842 Πάλιν
2277 1787 2497 1842 σύνοδον
2523 1789 2652 1860 περὶ
2691 1787 2912 1842 Νύσσαν
2945 1788 3202 1841 Γαλατῶν
3236 1788 3332 1840 καὶ
3373 1784 3652 1840 Ποντικῶν

2068 1881 2500 1953 συγκροτηθῆναι
2536 1881 2890 1951 προσέταξεν.
2931 1882 2994 1934 Οἱ
3040 1880 3097 1934 δὲ
3141 1881 3507 1951 ὑπήκουσαν,
3562 1879 3653 1931 καὶ

2069 1973 2470 2044 συνδραμόντες
2518 1972 2772 2043 ἔπεμψάν
2798 1990 2921 2027 τινα
2953 1973 3066 2044 (88)
3110 1975 3232 2036 ταῖς
3272 1971 3650 2043 Ἐκκλησίαις,

2068 2067 2127 2120 ὃν
2155 2068 2256 2120 οὐκ
2286 2066 2353 2120 ἂν
2393 2066 2615 2136 ἑλοίμην
2661 2065 2774 2135 ἐγὼ
2826 2067 3002 2119 εἰπεῖν
3041 2067 3258 2129 ὁποῖος,
3299 2063 3555 2127 εἰκάζειν
3599 2061 3653 2117 δὴ

2067 2157 2246 2222 ἔξεστι
2277 2161 2342 2229 τῇ
2375 2161 2440 2229 σῇ
2478 2160 2741 2229 φρονήσει
2765 2159 3005 2212 ποταπὸν
3047 2158 3194 2221 sino;
3228 2153 3372 2209 εἶναι
3406 2155 3504 2208 τὸν
3549 2171 3655 2207 τοι·

2069 2247 2262 2311 αύταις
2291 2250 2679 2320 προαιρέσεσιν
2712 2248 3017 2319 ἀνθρώπων
3048 2245 3525 2318 ύπηρετούμενον.
3548 2243 3654 2296 Καὶ

2069 2339 2184 2401 νῦν,
2213 2341 2302 2392 ὅτε
2330 2340 2504 2393 ταῦτα
2550 2340 2896 2404 ἐπέστελλον,
2924 2341 2986 2392 τὸ
3016 2339 3148 2392 αὐτὸ
3179 2337 3339 2392 τοῦτο
3367 2336 3654 2405 σύνταγμα

2071 2431 2166 2484 ἐπὶ
2208 2431 2308 2501 τὴν
2336 2430 2664 2484 Σεϐάστειαν
2704 2431 2956 2502 ὥρμησε,
2996 2428 3074 2499 τῷ
3113 2444 3172 2480 τε
3202 2423 3496 2496 Εύσταθίῳ
3539 2441 3647 2476 συν⁹

2069 2523 2330 2595 αφθῆναι,
2357 2524 2452 2576 καὶ
2495 2524 2613 2595 μετ’
2641 2523 2812 2578 αὑτοῦ
2832 2525 2899 2577 τὰ
2931 2521 3040 2576 τῶν
3077 2518 3464 2574 Νικοπολιτῶν
3493 2532 3650 2569 κατα-

2073 2615 2432 2686 στρέψασθαι.
2472 2616 2528 2669 Ὀ
2558 2617 2667 2688 γὰρ
2701 2615 2974 2687 μακάριος
3004 2612 3262 2674 Θεόδοτος
3300 2609 3656 2679 κεκοίμηται.

2072 2708 2182 2760 Καὶ
2211 2707 2348 2770 τέως
2382 2705 2481 2777 μὲν
2510 2705 2610 2769 τὰς
2648 2704 2871 2777 πρώτας
2909 2702 3004 2756 τοῦ
3052 2700 3305 2772 βικαρίου
3349 2695 3660 2768 προσϐολὰς

2073 2797 2337 2866 γενναίως
2367 2798 2463 2851 καὶ
2505 2797 2788 2868 καρτερῶς
2825 2791 3238 2864 ἀπεκρούσαντο
3263 2791 3413 2856 (89)’
3449 2786 3660 2841 πείθειν

2072 2887 2182 2959 γὰρ
2214 2887 2410 2951 αὐτοὺς
2461 2889 2719 2959 ἐπειρᾶτο
2767 2884 3026 2950 δέξασθαι
3070 2883 3161 2936 τὸν
3197 2879 3525 2941 Εὑστάθιον,
3571 2876 3658 2930 καῖ

2072 2980 2138 3034 δι’
2163 2981 2328 3034 αὑτοῦ
2375 2980 2556 3033 λαϐεῖν
2582 2981 2673 3033 τὸν
2703 2980 3038 3033 ἐπίσκοπον
3070 2977 3146 3039 ὡς
3181 2974 3237 3028 δὲ
3279 2969 3422 3026 εἶδεν
3461 2970 3658 3034 αὐτοὺς

2077 3071 2302 3135 ἑκόντας
2325 3072 2426 3124 ούκ
2447 3070 2766 3134 ἐνδιδόντας,
2791 3069 2886 3122 νῦν
2916 3069 3172 3140 πειρᾶται
3208 3063 3490 3136 βιαιοτέρᾳ
3524 3061 3656 3133 χειρὶ

2077 3163 2481 3234 ἐγκαταστῆσαι
2529 3162 2621 3216 τὸν
2661 3161 2956 3232 διδόμενον.
3000 3156 3447 3229 ’Υποθρυλλεῖται
3486 3154 3547 3207 δέ
3581 3169 3657 3215 τις

2076 3255 2172 3308 καὶ
2205 3253 2422 3307 συνόδου
2467 3251 2787 3325 προσδοκία,
2816 3251 2937 3305 καθ’
2968 3251 3035 3321 ἢν
3073 3248 3470 3320 προαιροῦνται
3505 3245 3648 3300 καλέ⁸

2077 3363 2270 3409 σαντες
2300 3346 2515 3418 ἡμᾶςῆ
2559 3345 2744 3398 λαϐεῖν
2801 3343 3121 3405 κοινωνοὺς,
3163 3340 3196 3412 ἢ
3245 3340 3563 3412 χρήσασθαι
3598 3341 3658 3408 τῇ

2079 3437 2355 3510 συνηθείᾳ.
2411 3438 2492 3492 Τὰ
2543 3437 2646 3509 μὲν
2701 3433 2795 3490 οὖν
2856 3435 2966 3488 τῶν
3023 3431 3362 3504 Ἐκκλησιῶν
3411 3432 3655 3484 τοιαῦτα.

2090 3529 2234 3598 Ἐγὼ
2276 3529 2333 3582 δὲ
2394 3529 2557 3592 αὐτὸς
2601 3529 2750 3592 ὅπως
2803 3527 3080 3598 διάκειμαι
3136 3525 3276 3579 κατὰ
3327 3525 3390 3577 τὸ
3458 3524 3655 3594 σῶμα.

399 3621 613 3691 σιωπᾷν
646 3620 884 3692 ἠγοῦμαι
932 3621 1144 3694 βέλτιον
1193 3619 1333 3678 εῐναι
1373 3624 1408 3696 ἢ
1443 3624 1710 3697 γράφειν·
1739 3623 1872 3678 διότι
1917 3623 1987 3677 τὰ
2040 3624 2140 3694 μὲν
2192 3625 2368 3696 ἀληθῆ
2418 3624 2593 3693 λέγων
2641 3623 2870 3694 λυπήσω
2897 3662 2912 3687 ,
2968 3620 3278 3691 ψεύσασθαι
3332 3617 3391 3671 δὲ
3427 3619 3533 3670 οὐκ
3571 3617 3645 3670 ἀν

400 3712 614 3783 έχομαι.

473 3822 584 3891 (85)
625 3824 736 3877 Τὸν
768 3823 977 3894 "rd-ir.
1012 3824 1088 3880 Ita
1111 3841 1247 3883 mss.
1272 3827 1480 3904 decem.
1510 3827 1655 3884 Editi
1686 3829 1902 3900 ’Υψιον.

473 3907 587 3976 (84)
623 3905 760 3964 Vide
787 3908 1071 3964 Addenda.

474 3991 586 4059 (85)
612 3990 721 4044 Καὶ
738 3993 959 4063 φόνου.
990 3993 1159 4047 Cc‘sl.
1188 3993 1399 4063 primus
1429 4000 1481 4048 et
1509 3993 1636 4050 editi
1663 3995 1865 4051 habent
1884 3995 1978 4048 καὶ

403 4060 621 4129 φθόνου,
667 4062 889 4134 spirans
925 4060 1207 4120 invidiam:
1233 4064 1338 4118 Sed
1389 4065 1483 4117 alii
1525 4066 1745 4121 codices
1791 4066 1975 4134 φόνου,

403 4137 550 4202 quod
577 4134 772 4186 melius
805 4133 1034 4190 videtur.

455 4214 590 4303 τωρ)
621 4215 1024 4303 ﬂevisse???-
1059 4215 1584 4303 C9d'ce5-"°9n9l."
1632 4217 1980 4303 φῡοξριγιῖένο

410 4284 586 4338 Simili
618 4301 797 4358 sensu_
811 4287 1005 4358 legitur
1035 4287 1372 4358 φυλοκρινῶν
1412 4287 1466 4341 in
1498 4284 1747 4344 libro'De
1777 4284 1979 4358 Spiritu

407 4365 592 4409 sancto
619 4369 741 4424 cap.
771 4355 938 4418 29,7et
975 4363 1136 4426 epist.
1167 4356 1292 4423 204,
1325 4374 1379 4410 n.
1411 4359 1464 4412 2.

481 4439 592 4510 (87)
635 4428 968 4513 Ὑπηρέσιᾳ.
997 4441 1070 4492 Ita
1101 4449 1312 4513 veteres
1354 4439 1500 4496 libri.
1535 4440 1676 4496 Editi
1708 4443 1985 4513 ὑπηρετη-
2021 4449 2062 4503 D

411 4509 523 4582 σίᾳ,
560 4510 706 4634 (ιᾶιοὰ
732 4519 914 4566 tamen
945 4509 1293 4565 emendatum
1323 4519 1410 4566 est
1441 4513 1498 4566 in
1541 4513 1780 4569 editione
1805 4509 1982 4566 Paris.

411 4595 580 4634 ﬁeCllli
626 4596 673 4634 ὃ.

410 4595 673 4635 secunda.

484 4663 602 4736 (88)
646 4661 970 4736 Ἐπεμψὰν
1015 4679 1170 4736 τινα.
1225 4663 1550 4736 Suspicatur
1604 4663 1987 4720 Tillemontius

413 4733 542 4790 huic
579 4733 799 4789 homini
847 4736 1029 4788 datam
1067 4735 1234 4788 fuisse
1270 4733 1563 4803 quamdam
1595 4737 1852 4790 visitaiidi
1883 4737 1982 4788 Ec-

412 4806 616 4861 clesias
631 4804 987 4874 provinciam.
1017 4803 1123 4860 Sed
1148 4805 1301 4863 illud.
1324 4807 1575 4859 miserunt
1603 4807 1670 4858 ad
1699 4804 1987 4869 Ecclesias,

414 4877 558 4929 idem
592 4891 716 4930 esse
755 4875 1080 4929 crediderim
1113 4890 1177 4928 ac
1217 4876 1533 4945 episcopum
1568 4879 1982 4930 ordinaverunt.

417 4946 507 5000 Sic
533 4947 676 5000 enim
711 4946 927 5000 videtur
966 4946 1082 5012 ipse
1122 4945 1355 5000 Basilius
1391 4947 1738 5016 interpretari
1781 4948 1986 5016 iiiﬁepi-

416 5018 556 5070 stola
586 5017 691 5070 239
721 5017 809 5071 tibi
859 5016 926 5070 de
951 5016 1140 5070 eodem
1174 5017 1392 5070 homine
1419 5015 1646 5085 loquens
1671 5019 1781 5071 ait:
1826 5015 1987 5070 Et’ad

416 5088 634 5141 miseros
670 5087 924 5151 homines,
946 5103 1222 5142 uernarum
1243 5088 1686 5149 cernas,_derenit
1710 5103 1847 5140 nunc
1879 5088 1989 5150 epi-

416 5166 659 5228 scopatus
694 5173 948 5212 nomen...
982 5159 1264 5228 qualis'est
1294 5158 1382 5226 qui
1424 5173 1588 5226 nuper
1615 5161 1680 5210 ab
1703 5159 1902 5228 Anysio
1939 5167 1988 5210 et

419 5225 636 5283 Ecdicio
669 5225 1003 5282 Pariiasseno
1025 5228 1215 5282 missus
1241 5225 1339 5288 est,
1361 5225 1508 5296 quem
1527 5229 1736 5297 quidem
1765 5225 1852 5298 qui
1873 5243 1992 5281 con-

418 5300 612 5362 stituit,
661 5301 942 5366 pessimum
965 5297 1064 5351 sibi
1098 5299 1196 5366 ipsi
1233 5299 1427 5366 futura:
1472 5298 1590 5352 vita:
1641 5297 1888 5352 viaticum
1934 5315 1988 5350 in

421 5367 690 5424 Ecclesia;
723 5371 960 5423 immisit.
994 5369 1055 5422 Et
1089 5370 1140 5422 iii
1172 5373 1332 5438 epist.
1366 5368 1493 5432 ⁸240,
1523 5375 1591 5422 de
1620 5367 1892 5422 Frontone
1916 5369 1990 5422 lo-

421 5454 595 5507 quens
638 5440 889 5495 ordinato
935 5442 1004 5494 ab
1033 5439 1253 5494 Arianis
1290 5438 1569 5508 episcOpo,
1613 5440 1728 5493 ait:
1761 5440 1825 5508 (lt
1863 5441 1987 5492 ἐπιο

423 5509 762 5581 πεμφθέντες
794 5513 947 5581 ἡμῖν,
981 5511 1067 5581 qui
1104 5510 1157 5563 iii
1205 5526 1298 5563 nos
1343 5507 1569 5581 immissi
1601 5523 1751 5581 sunt.
1781 5507 1987 5563 Verisi-

423 5525 762 5629 περφυεντες
794 5525 947 5581 ημιν,
981 5525 1066 5580 qui
1104 5525 1157 5563 ιιι
1205 5526 1298 5563 nos
1343 5525 1566 5563 immissi
1601 5525 1741 5562 sunt.
1785 5525 1987 5563 verisi-

423 5579 496 5649 mi
522 5595 551 5632 e
587 5595 716 5649 ergo
745 5590 829 5636 est
860 5582 1004 5641 hunc
1053 5580 1323 5633 hominem
1368 5578 1572 5632 idcirco
1609 5581 1664 5633 in
1712 5579 1988 5633 Ecclesias

426 5646 728 5720 immissum
769 5651 900 5710 dici,
934 5650 1060 5720 quia
1095 5651 1164 5703 ab
1214 5650 1360 5720 ﬁlius
1409 5651 1650 5720 nequitia
1681 5651 1984 5718 periculum

425 5719 790 5789 impendebat,
842 5717 969 5775 non'
1004 5721 1165 5774 unius
1213 5717 1470 5774 Ecclesia:
1496 5717 1840 5785 'everteudai,
1888 5721 1983 5776 sed

2123 3825 2322 3877 luvium
2365 3831 2420 3878 et
2450 3825 2575 3878 vitae
2619 3823 2869 3893 exemplo
2910 3828 2965 3876 et
3010 3819 3236 3876 nefariis
3279 3817 3657 3872 molitionibus

2103 3894 2472 3950 wdeudaruui.

2156 3967 2267 4035 (89)
2306 3965 2790 4034 Ἀπεκρούσαντο.
2824 3963 2958 4018 Male
2983 3963 3037 4017 in
3065 3961 3228 4035 editis
3257 3959 3640 4031 ἀπεκρούσατο

2083 4032 2256 4102 Quod
2290 4032 2530 4090 erratum
2565 4051 2668 4103 cpe
2719 4044 2961 4090 veterum
3007 4032 3258 4087 codicum
3308 4039 3655 4103 sustuli_mus.

2086 4105 2282 4159 Totum
2312 4106 2455 4158 hunc
2486 4101 2663 4158 Ιουιιίιι
2694 4105 2877 4160 minus
2911 4105 3048 4159 belle
3076 4103 3470 4170 interpretatur
3497 4101 3642 4153 Tille

2087 4177 2350 4229 iiiontiiis.
2382 4174 2668 4229 Existimat
2705 4178 2991 4238 vicarium,
3021 4189 3145 4227 cum
3184 4173 3361 4241 primo
3407 4173 3656 4240 repulsus

2087 4245 2283 4300 fuisset
2305 4261 2336 4298 a
2366 4244 2774 4312 Nicopolitanis,
2803 4255 2986 4313 postea
3011 4243 3331 4296 violeiitiore
3356 4257 3524 4313 manu
3547 4256 3656 4292 rein

2087 4317 2308 4386 aggredi
2341 4316 2612 4382 ccepisse;
2647 4327 2701 4369 et
2732 4312 2938 4370 idcirco
2961 4313 3255 4367 immisisse
3275 4327 3470 4386 agmen
3502 4312 3656 4364 Aria-

2088 4384 2303 4440 iioi'um.
2340 4387 2445 4439 Sed
2485 4402 2610 4439 cum
2643 4387 2827 4440 Ariani
2859 4386 3187 4440 Frontonem
3226 4384 3546 4452 episcopum
3569 4396 3654 4434 or-

2087 4456 2420 4526 dinaverint,
2452 4465 2512 4509 ut
2543 4471 2641 4526 per
2667 4473 2726 4512 se
2760 4465 2936 4525 patet;
2972 4455 3217 4508 adhibita
3245 4469 3275 4506 a
3313 4453 3521 4526 vicario
3553 4453 3656 4526 vio-

2090 4527 2281 4588 lentia,
2309 4534 2368 4580 ut
2392 4523 2580 4579 datum
2607 4523 2924 4596 episcopum
2949 4526 3334 4596 constitueret,
3364 4523 3637 4596 deiminis

2088 4601 2165 4652 sis
2211 4597 2430 4651 Arianis
2481 4593 2706 4667 intel.i‘gi
2761 4593 2868 4650 non
2915 4597 3095 4667 debet,
3145 4594 3239 4650 sed
3294 4593 3362 4647 de
3410 4593 3656 4667 iis,gqu2

2088 4677 2275 4736 postea
2321 4669 2562 4721 vicarius
2593 4665 2691 4736 per
2722 4668 2830 4721 vim
2871 4677 2925 4721 et
2976 4665 3567 4736 iiupressioneinuegit,
3599 4670 3651 4715 ut

2087 4732 2483 4792 ordinationem
2513 4732 2658 4790 ιιιιιίιι
2689 4746 2952 4792 tueretur.
2985 4732 3328 4805 Deceperuiit
3355 4732 3653 4805 Ti_ll_eui0i_i_-

2085 4810 2220 4861 tium
2253 4813 2364 4861 hac
2391 4807 2573 4870 verba,
2603 4808 2713 4860 Καὶ
2744 4807 2859 4869 νῦν,
2901 4809 2989 4860 ὅτε
3017 4801 3190 4859 ταῦτα
3222 4803 3562 4867 ἐπέστελλον,
3596 4801 3652 4855 Et

2089 4895 2224 4930 nunc
2261 4895 2379 4930 cum
2410 4878 2520 4930 liwc
2563 4879 2862 4938 scriberem,
2898 4878 3071 4946 ipsum
3108 4877 3241 4928 illud
3281 4891 3491 4946 agmen,
3524 4885 3658 4939 ctc.,

2089 4949 2323 5017 indeque
2373 4948 2642 5003 adductus
2675 4957 2780 5011 est,
2811 4956 2871 5002 ut
2911 4947 3161 5000 crederet
3204 4945 3651 5017 aiiteiadveiituui

2087 5010 2416 5072 Arianorum
2443 5019 2554 5085 jam
2581 5010 2830 5088 repulsus
2853 5018 3038 5072 vicarii
3071 5028 3302 5070 conatus
3335 5016 3528 5088 fuisse.
3557 5010 3654 5088 Sed

2088 5091 2372 5158 ejusmodi
2415 5086 2672 5158 loquendi
2721 5094 3102 5158 i°ati0iies_iion
3133 5097 3244 5140 tam
3283 5087 3484 5158 stricte
3519 5086 3655 5138 acci-

2089 5155 2318 5228 piendae.
2349 5155 2532 5212 Potuit
2563 5161 2707 5213 enim
2751 5161 2933 5213 dicere
2961 5156 3194 5228 Basilius
3223 5175 3247 5228 :7
3273 5155 3338 5208 Et
3371 5171 3513 5208 nunc
3544 5169 3650 5208 cum

2088 5227 2198 5282 huic
2223 5230 2520 5292 scriberem,
2564 5231 2734 5297 ipsum
2762 5229 2896 5282 illud
2927 5244 3110 5298 agmen
3160 5227 3461 5298 Sebastiani
3502 5228 3650 5286 venit,

2088 5302 2340 5367 quamvis
2369 5301 2435 5353 ab
2467 5296 2799 5354 hoceveutu
2832 5296 3048 5368 aliquod
3093 5306 3306 5366 tempus
3337 5296 3648 5350 ellluxisset.

2088 5368 2228 5422 Hinc
2268 5374 2320 5423 in
2351 5369 2510 5438 epist.
2544 5371 2650 5425 239
2687 5371 2754 5425 de
2804 5371 2986 5430 rebus,
3022 5383 3144 5438 quae
3185 5383 3294 5421 non
3335 5369 3498 5438 paulo
3539 5377 3652 5418 ante

2089 5437 2455 5508 contigerant,
2502 5443 2693 5496 eodem
2727 5441 2888 5495 modo
2926 5437 3186 5506 loquitur.
3214 5439 3303 5491 Ait
3338 5437 3491 5493 ’eii'aii
3520 5448 3652 5488 nunc

2088 5510 2437 5580 episcopatus
2481 5527 2678 5583 nomen
2719 5511 2785 5563 ad
2822 5512 3050 5583 miseros
3085 5511 3336 5583 homines
3381 5523 3430 5583 ei
3466 5517 3652 5583 vernas

2088 5577 2378 5634 vei-narum
2410 5581 2724 5642 devenisse;
2757 5582 2928 5650 qualis
2961 5590 3036 5633 est
3072 5580 3162 5649 qui
3191 5594 3326 5630 nunc
3363 5577 3428 5629 ab
3463 5577 3651 5650 A_iiysiu

2085 5658 2136 5703 et
2169 5650 2378 5704 Ecdicio
2403 5654 2592 5706 missus
2621 5646 2863 5706 est...'lli
2884 5667 3020 5704 nunc
3041 5646 3260 5718 fratrem
3283 5663 3454 5701 meum
3483 5646 3525 5697 Λ
3537 5657 3652 5715 ym

2085 5724 2413 5788 expulerunt.
