3900 6208
356 327 458 383 891

1595 324 1655 379 S.
1699 324 1942 379 BASILII
1986 323 2200 378 MAch

3515 327 3610 382 892

361 446 696 502 Antiochum
738 446 1247 516 compresbyterum
1296 443 1540 498 salutare
1587 444 1941 498 sanctitatem

2064 443 2135 495 τοῦ
2178 442 2663 513 συμπρεσϐυτέρου
2703 438 3174 512 προσφθέγξασθαί
3224 455 3318 491 σου
3482 440 3612 492 63:6-

368 554 543 613 tuam,
572 551 735 615 teque
769 553 829 597 ut
860 558 960 614 pro
989 556 1141 597 more
1173 548 1268 596 tuo
1310 556 1410 612 pro
1451 555 1538 596 me
1569 543 1816 611 preceris
1847 541 1945 595 ad-

368 646 601 710 hortari,
645 654 700 700 et
740 660 807 700 ex
838 645 1142 699 litterarum
1175 643 1453 714 colloquio
1498 643 1722 715 aliquod
1770 644 1947 713 longae

369 753 634 808 absentia
660 751 916 807 solatium
946 748 1237 820 consequi.
1274 749 1391 804 Hoc
1421 756 1603 804 autem
1637 764 1805 804 orans
1835 749 1948 818 pri-

368 861 519 899 mum
546 852 600 900 et
632 845 930 899 maximum
952 883 967 908 ,
993 858 1202 913 quaeso,
1231 849 1356 913 pete
1390 856 1422 895 a
1454 841 1719 907 Domino,
1753 850 1814 895 ut
1850 857 1948 897 nos

370 952 402 990 a
430 937 654 991 nefariis
683 944 737 991 et
778 936 963 1006 pravis
997 935 1317 989 hominibus
1344 934 1644 989 liberemur
1673 952 1686 988 :
1725 934 1821 1004 qui
1849 949 1948 1003 po—

371 1032 530 1102 palos
553 1032 627 1086 ita
658 1031 710 1084 in
748 1045 900 1085 suam
942 1037 1267 1099 potestatem
1314 1027 1661 1097 redegerunt,
1708 1033 1769 1079 ttt
1800 1024 1941 1079 nihil

374 1125 521 1178 aliud
571 1140 760 1188 nunc,
820 1123 928 1178 nisi
975 1120 1220 1176 Iudaica:
1268 1120 1610 1190 captivitatis
1655 1118 1948 1189 imaginem

372 1217 575 1271 intueri
606 1216 912 1271 videamur.
955 1213 1175 1280 Quanto
1213 1212 1360 1266 enim
1386 1210 1650 1266 Ecclesia:
1683 1211 1823 1264 fiunt
1852 1209 1950 1264 de-

373 1308 637 1371 biliores,
673 1315 826 1361 tanto
860 1307 1096 1376 amplius
1130 1304 1482 1359 efﬂorescunt
1527 1302 1810 1356 hominum
1846 1301 1951 1357 im-

379 1398 611 1470 perandi
641 1398 977 1467 cupiditates
1015 1414 1029 1450 :
1055 1404 1110 1450 et
1140 1395 1207 1448 ad
1239 1394 1474 1448 miseros
1511 1392 1795 1454 homines,
1826 1407 1951 1447 Ver-

375 1506 573 1548 narum
617 1506 841 1553 vernas,
876 1488 1096 1544 devenit
1145 1502 1293 1542 nunc
1330 1487 1682 1557 episcopatus
1713 1499 1950 1550 nomen;

376 1599 505 1636 cum
558 1583 746 1637 nullus
777 1598 842 1636 ex
876 1580 971 1635 Dci
1011 1579 1231 1635 famulis
1260 1592 1449 1633 eorum
1479 1577 1802 1646 competitor
1836 1576 1949 1630 fieri

376 1676 531 1736 velit.
568 1674 665 1729 sed
693 1680 901 1727 tantum
934 1671 1187 1725 homines
1215 1668 1513 1739 desperati,
1539 1668 1719 1737 qualis
1748 1679 1833 1722 est
1857 1666 1950 1737 qui

382 1781 531 1820 nunc
564 1766 633 1819 ab
659 1765 866 1836 Anysio
892 1763 1103 1833 Evippii
1134 1763 1453 1826 alumno,et
1475 1759 1543 1814 ab
1573 1758 1793 1813 Ecdicio
1816 1757 1949 1811 Par-
1984 1784 2027 1839 Β

378 1872 620 1913 nasseno
644 1856 849 1911 missus
865 1862 950 1910 est
976 1872 989 1907 :
1014 1870 1175 1923 quem
1197 1853 1291 1923 qui
1320 1851 1630 1914 constituit,
1656 1850 1953 1920 pessimum

380 1949 599 2019 sibiipsi
638 1948 838 2003 futurae
861 1948 984 2003 vita:
1016 1947 1274 2002 viaticum
1308 1946 1363 1999 in
1395 1944 1668 1998 Ecclesias
1705 1942 1951 1999 immisit.

382 2041 446 2095 lli
472 2055 619 2096 nunc
632 2039 855 2095 fratrem
876 2054 1054 2094 meum
1070 2037 1244 2109 Nyssa
1261 2039 1606 2107 expulerunt,
1624 2044 1677 2089 et
1693 2034 1812 2104 ejus
1835 2034 1956 2089 loco

379 2134 801 2189 introduxerunt
827 2131 993 2202 368
1017 2130 1291 2185 hominem
1320 2169 1337 2195 ,
1373 2130 1458 2184 vel
1513 2128 1697 2198 potius
1750 2128 1958 2181 manci-

378 2229 527 2298 pium
546 2225 737 2297 paucis
760 2224 937 2279 obolis
966 2224 1176 2287 venale,
1197 2220 1293 2276 sed
1321 2220 1465 2291 quod
1488 2220 1556 2276 ad
1578 2220 1701 2275 fidei
1731 2235 1958 2289 corrup-

378 2328 542 2381 telam
592 2326 807 2389 attinet,
849 2323 937 2379 his
982 2324 1077 2393 qui
1120 2322 1494 2385 constituere,
1541 2336 1653 2374 non
1702 2318 1954 2374 inferius.

379 2421 524 2486 Quin
565 2428 620 2474 et
666 2419 945 2473 hominem
977 2416 1359 2487 pestilentem,
1397 2413 1730 2485 pupillorum
1774 2411 1957 2466 famu-

380 2513 531 2576 lum,
578 2509 943 2578 eumdemque
981 2523 1012 2561 a
1058 2507 1174 2562 suis
1216 2507 1390 2576 ipsius
1426 2506 1579 2560 heris
1633 2504 1956 2575 fugitivum,

382 2613 444 2657 nt
493 2610 850 2658 assentcntur
881 2600 1220 2654 mulierculae
1254 2598 1457 2668 impiae,
1498 2612 1619 2668 quae
1649 2597 1804 2666 prius
1834 2595 1959 2666 qui-

380 2700 502 2753 dem
538 2696 774 2767 Georgio
805 2695 873 2749 ad
926 2709 1087 2748 suum
1131 2691 1437 2753 arbitrium,
1476 2705 1575 2745 usa
1622 2698 1764 2755 erat,
1813 2705 1961 2743 nunc

378 2804 513 2844 vero
543 2788 693 2842 hunc
730 2786 881 2840 illius
904 2798 1285 2840 successorem
1318 2789 1480 2835 nacta
1508 2790 1616 2845 est,
1649 2783 1705 2835 in
1728 2781 1963 2851 oppidu-

378 2883 493 2937 lum
518 2880 695 2934 Doara
724 2881 993 2934 miserunt
1018 2916 1034 2941 ,
1067 2874 1443 2931 miserandum
1473 2874 1828 2944 episcopatus
1862 2889 1961 2927 no-

383 2990 508 3030 men
548 2971 883 3027 contumelia
926 2969 1248 3024 allicientes.
1278 2967 1416 3034 Quis
1451 2974 1633 3022 autem
1677 2967 1873 3037 possit,
1904 2977 1964 3021 ut

381 3084 481 3139 par
505 3075 610 3131 est,
644 3082 735 3122 res
770 3063 1201 3133 Nicopolitarum
1233 3059 1459 3130 lugere?
1484 3058 1752 3114 Nimirum
1796 3060 1964 3115 miser

382 3161 476 3214 ille
514 3155 717 3210 Fronto
748 3154 901 3224 prius
933 3153 1150 3223 quidem
1197 3150 1571 3205 defensionem
1613 3149 1964 3203 simulaverat

384 3249 664 3314 veritatis,
698 3247 795 3304 sed
827 3247 1047 3301 tandem
1080 3247 1315 3314 turpiter
1355 3242 1594 3313 prodidit
1623 3251 1677 3297 et
1722 3241 1878 3297 fidem
1909 3251 1964 3298 et

387 3356 668 3425 seipsum,
704 3365 769 3406 ac
811 3348 1117 3404 mercedem
1162 3345 1491 3417 proditionis
1522 3344 1736 3414 accepit
1764 3359 1962 3399 nomen

382 3444 715 3518 ignominiae.
758 3442 985 3511 Accepit
1039 3440 1187 3495 enim
1230 3439 1299 3494 ab
1330 3439 1456 3525 .illis
1487 3438 1838 3509 episcopatus
1879 3437 1965 3491 di-

384 3553 685 3625 gnitatem,
716 3556 774 3602 ut
817 3547 1117 3607 existimat,
1163 3542 1258 3598 sed
1302 3541 1399 3597 Dei
1445 3540 1618 3612 gratia
1670 3539 1848 3595 factus
1881 3547 1964 3594 est

386 3642 697 3699 communis
728 3639 1034 3695 exsecratio
1072 3637 1239 3692 totius
1287 3634 1579 3689 Armeniae.
1631 3632 1737 3688 Sed
1780 3640 1963 3686 tamen

387 3750 490 3791 nec
515 3731 815 3803 quidquam
840 3737 923 3784 est
946 3728 1089 3798 quod
1113 3742 1222 3781 non
1246 3725 1507 3789 audeant,
1535 3740 1638 3780 nec
1659 3724 1967 3779 destituun-

398 3841 487 3886 tur
514 3829 697 3900 dignis
730 3844 789 3884 se
816 3826 1183 3897 adjutoribus.
1218 3824 1485 3879 Caeterum
1518 3823 1757 3894 reliquas
1794 3823 1966 3895 Syriae

457 4010 583 4099 (98)(
618 4025 733 4094 Τῆς
782 4019 1037 4093 μακρᾶς.
1079 4019 1247 4076 Coisl.
1292 4021 1503 4091 primus
1561 4027 1617 4075 et
1661 4018 1803 4075 Med.
1867 4024 1966 4093 τῆς

391 4097 830 4239 μέῶῗῧῗᾉὶτεῖγ.
885 4159 965 4216 lta
1015 4160 1165 4215 Harl.
1209 4167 1265 4217 et
1318 4161 1489 4217 Coisl.
1539 4160 1770 4230 primus.
1821 4161 1964 4217 Editi

388 4232 798 4326 αἴτειζιυθιιω]
847 4301 873 4313 η
952 4301 964 4315 σ
1032 4300 1045 4317 ’
1530 4302 1541 4312 _
1586 4302 1597 4313 .

461 4306 536 4378 (l)
592 4303 910 4378 foedatam
930 4305 1230 4378 chogewg.
1258 4299 1374 4378 Non
1402 4308 1769 4378 captivitatem
1800 4302 1967 4375 Baby-

390 4371 627 4431 lonicam
652 4375 902 4443 intelligit
929 4371 1309 4443 Basilius,_sed
1336 4387 1430 4427 eas
1450 4372 1815 4443 calamitates,
1843 4371 1967 4443 quae

2048 552 2215 605 τητα’
2270 536 2361 589 καὶ
2414 535 2472 587 σὲ
2522 535 2619 604 μὲν
2665 532 3042 604 παρακαλέσαι
3082 533 3150 585 τὰ
3187 531 3396 601 συνήθη
3428 534 3610 590 ποιεῖν,

2049 623 2443 694 προσεύχεσθαι
2490 622 2631 693 ὑπὲρ
2681 620 2871 693 ἡμῶν·
2927 623 3137 684 ἑαυτοῖς
3180 620 3238 673 δὲ
3284 621 3466 691 εὑρεῖν
3503 636 3612 672 τινα

2048 717 2147 787 τῆς
2178 718 2388 788 μακρᾶς
2415 716 2524 784 (98)
2550 714 2884 784 ἀπολείψεως
2915 713 3265 786 παραμυθίαν
3311 715 3380 765 ὲκ
3410 712 3508 782 τῆς
3536 712 3616 764 διὰ

2048 808 2143 861 τοῦ
2191 810 2513 880 γράμματος
2568 805 2805 877 ὁμιλίας.
2857 805 3297 876 Προσευχόμενος
3356 802 3415 856 δὲ
3458 800 3616 880 ’τοῦτο

2051 876 2265 970 πρῶτον
2288 876 2382 952 καὶ
2414 876 2666 969 μέγιστον
2688 895 3006 969 παρακαλοῦ
3016 913 3114 965 μεν
3141 898 3312 948 αἰτεῖν
3339 876 3616 965 (99Ϋπαρά

2048 991 2144 1044 τοῦ
2188 990 2415 1061 Κυρίου,
2471 988 2734 1060 ρυσθῆναι
2780 989 2927 1058 ἡμᾶς
2980 987 3088 1040 ἀπὸ
3127 987 3236 1039 τῶν
3274 986 3496 1039 ἀτόπων
3532 986 3621 1039 καὶ

2053 1080 2302 1153 πονηρῶν
2336 1079 2656 1152 ἀνθρώπων,
2686 1078 2733 1132 οἳ
2769 1078 3018 1132 τοσοῦτον
3062 1078 3484 1148 κατεκράτησαν
3521 1076 3621 1129 τῶν

2050 1173 2214 1238 λαῶν,
2261 1173 2403 1226 ὥστε
2444 1172 2596 1226 οὐδὲν
2643 1172 2828 1243 ἕτερον
2872 1168 2967 1223 νῦν
3008 1168 3043 1240 ἧ
3083 1169 3155 1221 τὰ
3193 1168 3293 1239 τῆς
3334 1167 3621 1237 Ἰουδαϊκῆς

2053 1263 2304 1327 ἁλώσεως
2346 1264 2420 1333 (Ι)
2464 1265 2611 1335 ἡμᾶς
2660 1261 3077 1326 ἐνεικονίζεσθαι
3122 1260 3447 1331 πράγματα.
3483 1259 3623 1328 Ὅτῳ

2052 1358 2159 1429 γὰρ
2182 1357 2275 1410 ἐπὶ
2305 1356 2364 1410 τὸ
2404 1356 2788 1428 ἀσθενέστερον
2809 1354 3161 1425 ὑπορρέουσιν
3190 1353 3246 1405 αἱ
3289 1350 3624 1421 Ἐκκλησίαι,

2050 1450 2301 1503 τοσοῦτον
2328 1447 2406 1519 (2)
2432 1447 2843 1518 ἐπακμάζουσιν
2879 1446 2935 1499 αἱ
2973 1443 3082 1497 τῶν
3108 1441 3414 1513 ἀνθρώπων
3442 1441 3628 1512 φιλαρ-

2053 1539 2187 1609 χίαι.
2253 1538 2363 1592 Καὶ
2428 1538 2507 1601 είς
2577 1537 2871 1607 δυστήνους
2936 1531 3256 1604 ἀνθρώπους
3322 1529 3629 1600 οἰκότριϐας

2054 1630 2315 1702 περιέστη
2351 1629 2445 1682 νῦν
2475 1629 2536 1682 τὸ
2580 1628 2679 1699 τῆς
2712 1625 3019 1695 ἐπισκοπῆς
3059 1625 3250 1694 ὄνομα,
3291 1621 3514 1685 οὐδενὸς
3559 1622 3633 1674 αἱ·

2056 1723 2319 1796 ρουμένου
2350 1722 2691 1790 ἀντεισάγειν
2737 1720 2926 1773 ἑαυτὸν
2970 1716 3078 1771 τῶν
3114 1717 3316 1770 δούλων
3353 1715 3452 1767 τοῦ
3480 1713 3630 1778 Θεοῦ,

2054 1815 2089 1886 ἢ
2130 1813 2241 1867 τῶν
2277 1813 2732 1884 ἀπεγνωσμένων,
2777 1810 2950 1865 ὁποῖοί
2996 1812 3132 1863 εἰσιν
3169 1811 3219 1861 οἱ
3258 1806 3357 1860 νῦν
3403 1808 3634 1876 ἐπιπεμ-

2057 1906 2280 1977 φθέντες
2337 1908 2466 1978 παρ’
2508 1904 2751 1959 ’Λνυσίου
2817 1902 2913 1956 τοῦ
2968 1901 3281 1972 θρέμματος
3341 1896 3631 1959 Εὑιππίου,

2056 1999 2151 2052 καὶ
2191 1996 2461 2050 Ἑκδικίου
2504 1996 2580 2067 (5)
2621 1994 2716 2048 τοῦ
2775 1990 3198 2062 Παρνασσηνοῦο
3244 1990 3304 2043 ὃν
3354 1989 3525 2043 κακὸν
3561 1988 3635 2058 (4)

2058 2082 2235 2153 ἐαυτῷ
2284 2082 2384 2152 τῆς
2424 2082 2723 2152 μελλούσης
2774 2080 2919 2150 ζωῆς
2972 2081 3180 2148 ἐφόδιον
3231 2078 3473 2148 ἐναφῆκε
3521 2080 3637 2140 ταῖς

2069 2175 2415 2247 Ἐκκλησίαις
2442 2178 2471 2230 ὁ
2510 2176 2873 2247 καταστήσας.
2898 2168 3055 2228 Οὗτοι
3101 2172 3197 2227 νῦν
3240 2173 3510 2242 ἐξήλασαν
3542 2173 3639 2243 μὲν

2056 2268 2155 2340 τῆς
2182 2267 2403 2340 Νύσσης
2438 2268 2514 2339 (5)
2549 2267 2640 2321 τόν
2661 2267 2888 2337 ἀδελφὸν
2908 2266 2998 2320 τὸν
3016 2265 3169 2337 ἐμὸν,
3200 2266 3293 2319 καὶ
3318 2265 3640 2336 άντεισήγα-

2058 2376 2155 2428 γον
2200 2360 2392 2432 ἄνδρα,
2446 2359 2646 2431 μᾶλλον
2694 2360 2753 2414 δὲ
2808 2358 3138 2431 ἀνδράποδον
3188 2357 3384 2426 ὀλίγων
3439 2356 3638 2410 ὀϐολῶν

2059 2451 2238 2518 ἄξιον,
2297 2453 2395 2524 τὴν
2441 2452 2498 2507 δὲ
2555 2455 2654 2523 τῆς
2707 2451 2945 2515 πίστεως
2996 2450 3293 2522 διαφθοράν
3347 2447 3639 2519 ἐφάμιλλον

2059 2546 2171 2607 τοῖς
2221 2544 2616 2613 καταστήσασι.
2661 2540 2886 2612 Δοάροις
2917 2540 2975 2594 δὲ
3011 2542 3080 2611 τῇ
3115 2539 3279 2612 κώμῃ
3320 2538 3518 2609 φθορὸν
3550 2539 3641 2592 ἀν-

2061 2633 2300 2706 θρωπον,
2350 2631 2599 2705 ὀρφανῶν
2623 2631 2701 2705 (6)
2731 2631 2972 2702 οίκέτην,
3014 2630 3326 2702 ἀποδράντα
3364 2628 3464 2699 μὲν
3516 2629 3641 2691 τοὺς

2062 2725 2255 2779 ἑαυτοῦ
2285 2725 2570 2789 δεσπότας,
2600 2724 2689 2777 διὰ
2730 2724 2787 2777 δὲ
2823 2722 3111 2786 κολακείας
3145 2720 3304 2774 ἀθέου
3333 2720 3577 2789 γυναίου,
3603 2719 3639 2790 ἦ

2063 2819 2326 2889 πρότερον
2369 2816 2466 2887 μὲν
2515 2813 2775 2885 Γεωργίῳ
2820 2813 3086 2885 ἐκέχρητο
3128 2812 3265 2885 πρὸς
3295 2812 3357 2865 τὸ
3394 2810 3524 2864 [διον
3548 2811 3638 2864 θέ-

2062 2907 2231 2979 λημα,
2274 2904 2369 2960 νῦν
2412 2905 2469 2958 δὲ
2512 2904 2701 2958 τοῦτον
2745 2903 2870 2975 ἔσχε
2919 2903 3159 2974 διάδοχον
3205 2903 3437 2967 ἐκείνου,
3468 2902 3636 2973 έπεμ-

2063 2997 2193 3067 ψαν,
2228 2996 2290 3050 τὸ
2337 2995 2568 3049 ἐλεεινὸν
2598 2998 2697 3067 τῆς
2732 2995 3035 3066 ἐπισκοπῆς
3073 2994 3495 3066 καθυϐρίζοντες
3521 2994 3647 3047 ίνινοσ⁵

1988 3117 2031 3174 C
2068 3109 2164 3161 μα.
2200 3091 2281 3144 Τὰ
2305 3090 2362 3144 δὲ
2385 3088 2755 3143 Νικοπολιτῶν
2780 3089 2862 3153 τίς
2892 3087 2958 3142 ἂν
2991 3089 3128 3160 πρὸς
3163 3087 3320 3153 ἀξίαν
3352 3087 3633 3159 ὸδὺραιτος

2064 3179 2157 3233 τοῦ
2190 3178 2373 3233 ἀθλίου
2403 3179 2709 3250 Φρόντωνπ
2736 3179 2999 3250 πρότερον
3030 3177 3129 3249 μὲν
3157 3178 3316 3248 δῆθεν
3357 3177 3459 3248 τὴν
3500 3178 3645 3247 ὑπὲρ

2064 3278 2164 3338 της
2191 3266 2448 3338 ἀληθείας
2479 3267 2801 3338 συνηγορίαν
2831 3266 3300 3338 σχηματιζομένου
3330 3267 3427 3337 (7).
3461 3267 3639 3320 τελευο

2064 3362 2214 3412 ταῖον
2244 3359 2302 3412 δὲ
2330 3358 2569 3430 αἰσχρῶς
2597 3359 2883 3430 προδόντος
2910 3360 3004 3413 καὶ
3029 3360 3130 3430 τὴν
3157 3358 3340 3411 πίστιν
3376 3360 3471 3412 καὶ
3516 3360 3639 3411 ἑαυ-

2065 3450 2176 3514 τὸν,
2207 3450 2303 3504 καὶ
2332 3450 2521 3521 μισθὸν
2571 3452 2670 3521 τῆς
2711 3450 3000 3522 προδοσίας
3028 3450 3283 3514 λαὸόντος
3324 3450 3495 3523 ὄνομα
3524 3452 3634 3504 ἀτι-

2069 3542 2216 3612 μίας.
2248 3542 2495 3608 Ἐδέξατο
2526 3542 2623 3613 μὲν
2647 3541 2756 3614 γὰρ
2784 3544 2912 3614 παρ’
2943 3542 3119 3595 αὐτῶν
3152 3543 3462 3613 ἐπισκοπῆς
3489 3542 3637 3608 ἀξίω-

2069 3649 2164 3704 μα,
2213 3633 2289 3697 ώς
2326 3636 2527 3687 οἴεται·
2560 3634 2750 3703 γέγονε
2790 3635 2847 3688 δὲ
2878 3637 2944 3707 τῇ
2997 3635 3092 3689 τοῦ
3132 3634 3269 3689 Θεοῦ
3304 3636 3490 3707 χάριτι
3528 3653 3635 3689 κοι-

2066 3725 2155 3780 νὸν
2200 3724 2472 3796 βδέλυγμα
2499 3726 2680 3796 πάσης
2718 3725 2819 3797 τῆς
2863 3728 3172 3798 Ἀρμενίας.
3224 3727 3374 3798 Πλὴν
3405 3730 3487 3781 ὅτι
3517 3728 3632 3781 οὔτε

2066 3827 2248 3891 αὐτοῖς
2272 3827 2349 3901 (8)
2379 3826 2679 3898 ἀτόλμητόν
2722 3844 2798 3894 τι,
2843 3826 2962 3880 οὔτε
3008 3826 3273 3900 ἀποροῦσι
3319 3829 3429 3883 τῶν
3477 3828 3633 3894 ἀξίων

2067 4025 2275 4097 Ecdicii
2309 4024 2475 4097 simul
2496 4032 2552 4079 et
2575 4023 2787 4095 Evippii
2822 4024 2984 4097 longe
3001 4024 3373 4097 antiquioris,
3409 4034 3471 4081 ut
3497 4034 3634 4097 patet

2067 4113 2134 4151 ex
2164 4096 2326 4166 epist.
2376 4095 2503 4166 128,
2550 4096 2807 4149 alunmus
2836 4096 2967 4166 dici,
3000 4095 3051 4148 id
3069 4105 3187 4166 gest,
3240 4098 3310 4150 ab
3342 4095 3558 4152 Ecdicio
3582 4108 3631 4151 ct

2069 4165 2295 4236 Evip’pio
2320 4165 2605 4220 ordinatus
2630 4176 2684 4236 et
2717 4165 3024 4220 institutus.
3053 4165 3160 4220 Sed
3189 4181 3312 4221 cum
3332 4167 3583 4223 Ecdicius
3602 4186 3635 4220 τ

2068 4235 2432 4291 Demosthene
2463 4235 2801 4307 constitutus
2833 4236 3361 4307 fuisset‘episcopus
3404 4237 3632 4293 Parnas-

2068 4306 2562 4379 _s_enus,_ico_njunxit
2586 4319 2644 4359 se
2668 4306 2720 4357 in
2750 4306 2985 4379 concilio
3008 4304 3410 4379 Nysseno'cum
3437 4309 3631 4379 Anysio

2067 4376 2280 4448 Evippii
2310 4377 2552 4448 alumno,
2581 4382 2636 4428 et
2658 4389 2783 4429 cum
2814 4376 2910 4429 illo
2944 4391 3007 4448 ea
3038 4378 3281 4448 facinora
3309 4376 3631 4448 designavit,

392 4443 805 4519 Hierosolymis.
832 4440 1144 4496 'obsidente
1192 4440 1549 4519 Vespasiano,
1575 4440 1921 4519 _accidertmt
1944 4462 1959 4511 ;
1993 4450 2040 4510 υ
2064 4440 2185 4517 quae
2208 4440 2402 4501 'Basilii
2426 4454 2484 4519 _et
2517 4446 2783 4519 bonorum
2811 4446 3057 4501 omnium
3089 4447 3352 4518 lacrymis
3380 4440 3459 4503 ac'
3473 4450 3633 4519 gemi-

390 4533 515 4571 cum
556 4513 718 4570 simul
757 4521 812 4566 et
843 4520 1070 4566 externo
1101 4521 1478 4580 premerentur
1506 4513 1665 4575 bello,
1695 4522 1748 4565 et
1772 4514 1959 4569 dome-

392 4588 549 4641 sticis
583 4583 945 4640 seditionibus
976 4582 1415 4643 absumerentur,
1448 4593 1509 4635 ut
1533 4584 1687 4635 aiunt
1713 4582 1963 4637 Orienta-

392 4658 471 4712 les
512 4655 752 4726 episcopi
790 4658 844 4707 itt
884 4652 1044 4726 epist.
1078 4651 1194 4726 92L
1202 4651 1294 4726 ubi
1343 4668 1467 4706 cum
1499 4652 1603 4705 hoc
1648 4652 1959 4707 Judzeorum

392 4738 534 4782 statu
546 4720 678 4779 'com
687 4720 879 4795 parant
897 4720 1137 4777 Orientis
1155 4720 1447 4795 Ecclesias,
1467 4738 1588 4795 qua;
1604 4731 1798 4795 praater
1812 4738 1963 4793 aper-

393 4809 506 4851 tum
541 4793 919 4851 haereticorum
950 4795 1171 4856 bellum,
1211 4793 1530 4848 domesticis
1574 4794 1717 4846 inter
1753 4793 1959 4847 Catho-

391 4868 529 4922 licos
559 4864 998 4921 dissensionibus
1053 4862 1393 4919 laborabant.
1428 4861 1628 4917 Eadem
1675 4877 1962 4931 compara-

392 4940 542 4992 tione
577 4938 751 4990 utitur
798 4934 1035 4989 Dasilius
1063 4935 1120 4987 in
1168 4934 1565 4988 commentario
1615 4933 1670 4986 in
1729 4930 1960 5003 Isaiam,

434 5049 446 5061 .
477 5008 602 5061 455.

392 5025 891 5147 ι)’(ἒῖῦῗί)‹γοῦτον.
926 5073 1089 5147 Med,
1114 5071 1283 5147 _Coisl.
1317 5075 1527 5147 primus
1550 5072 1714 5147 et_alii
1742 5072 1964 5147 duore-

393 5143 666 5201 centiores
697 5146 957 5214 τοσούτῳ.
998 5144 1185 5214 l'auloﬂ
1213 5155 1338 5214 post
1380 5144 1543 5199 iidem
1584 5143 1695 5198 duo
1742 5143 1962 5199 codices

392 5218 531 5272 Med.
565 5224 621 5271 et
648 5217 815 5271 Coisl.
847 5212 1096 5286 περίεστι
1114 5212 1241 5286 νῦν.

464 5290 537 5359 (5)
570 5287 680 5341 Καὶ
707 5283 1043 5359 κἸεξκδικϊου.
1081 5284 1261 5339 Mallet
1281 5283 1642 5359 Combeftsius
1659 5284 1728 5338 Et
1758 5283 1963 5359 Ecdicit'

390 5354 735 5412 Pa'rnassent'.
765 5356 870 5410 Sed
894 5361 1197 5423 repugnant
1218 5370 1327 5408 non
1355 5354 1532 5409 solum
1559 5371 1691 5410 mss.
1715 5354 1961 5417 codices,

393 5430 448 5483 in
472 5429 673 5498 quibus
706 5434 972 5495 punctum
1002 5425 1224 5498 ponitur
1253 5434 1375 5494 post
1404 5425 1698 5498 E5t_:7tfou,
1731 5434 1789 5479 ut
1796 5425 1961 5498 _indi-

391 5494 548 5552 retur
575 5494 836 5568 AnySium
857 5510 1132 5568 inonesse
1154 5496 1688 5568 alumnudevippii
1717 5494 1958 5568 etEctli-

390 5569 485 5631 cii,
515 5569 608 5621 sed
642 5565 760 5635 ipsa
796 5567 959 5619 etiam
990 5565 1238 5619 historia.
1269 5566 1404 5619 Nam
1443 5565 1697 5621 Ecdicius
1733 5566 1823 5619 ille
1853 5581 1959 5618 nu-

390 5654 488 5708 per
498 5634 695 5708 fuerat
735 5644 954 5690 creatus
998 5634 1311 5708 episcopus,
1354 5643 1411 5708 ut
1442 5644 1528 5690 est
1559 5638 1610 5689 in
1637 5635 1958 5708 praecedenti

393 5705 459 5762 ad
495 5707 790 5761 Eusebium
841 5707 1093 5775 epistola.
1133 5705 1313 5770 Quare
1361 5706 1598 5777 Anysius
1638 5705 1748 5761 non
1787 5707 1960 5774 potuit

2062 4515 2211 4572 tibus
2247 4516 2531 4570 materiam
2562 4515 2851 4570 dederunt.

2134 4587 2212 4657 (4)
2252 4589 2361 4638 “Or
2396 4584 2623 4659 κακόν.Δ
2650 4585 2912 4652 Quamvis
2958 4591 3118 4640 antea
3169 4586 3631 4659 Basiliusrplurali

2062 4654 2291 4711 numero
2323 4671 2459 4711 usus
2486 4654 2671 4718 fuerit,
2705 4670 2871 4709 unmn
2894 4664 3075 4710 tamen
3098 4664 3153 4711 et
3190 4654 3635 4713 eumdem‘homi-

2063 4742 2188 4781 nem
2221 4726 2492 4794 designat.
2530 4732 2591 4779 ut
2616 4726 2947 4795 perspicitur
2972 4742 3041 4781 ex
3074 4728 3405 4797 praecedenti
3429 4731 3499 4783 ad
3530 4729 3632 4782 Eu-

2063 4798 2271 4853 sebium
2296 4797 2548 4865 epistola.

2062 4866 2209 4989 N'(5)
2241 4867 2515 4934 Νύσσης.
2570 4865 2800 4932 Quidam
2855 4866 3073 4921 codices
3115 4882 3250 4923 mss.
3312 4883 3438 4923 cum
3476 4868 3631 4925 editis

2115 4954 2269 4989 υσης.

2115 4954 2269 5000 υσης.

2134 4955 2575 5130 ζῷῗορφανῶν.
2614 5007 2733 5062 Duo
2762 5005 2983 5062 codices
3014 5021 3127 5061 non
3155 5009 3522 5065 vetustissimi
3543 5011 3634 5083 ὀρ·

2135 5148 2211 5218 (7)
2245 5146 2777 5217 Σχηματιῶμένου.
2834 5146 2966 5216 Reg.
3026 5146 3307 5218 secundus
3358 5156 3414 5202 et
3466 5147 3629 5203 Coisl.

2063 5215 2338 5289 secundus
2360 5215 2994 5289 κατασχηματιζομένου.
3025 5215 3140 5270 Hoc
3159 5218 3344 5289 Basilii
3369 5218 3632 5287 judicium

2061 5289 2130 5343 de
2159 5288 2436 5342 Frontone
2483 5287 2842 5342 confirmatur
2886 5302 2954 5341 ex
3007 5287 3332 5357 praecedenti
3383 5290 3630 5357 epistola.

2062 5359 2174 5412 Cur
2202 5368 2383 5413 autem
2407 5373 2532 5412 eutn
2563 5358 2841 5414 existimet
2872 5357 3079 5411 larvam
3121 5358 3340 5427 pietatis
3369 5358 3630 5412 hactenus

2063 5444 2176 5498 pra:
2207 5443 2266 5482 se
2293 5429 2505 5489 tulisse.
2535 5444 2636 5482 nec
2670 5429 2828 5482 fidem
2852 5443 3093 5498 unquam
3107 5442 3249 5498 _vcre
3273 5438 3329 5481 et
3354 5443 3421 5482 ex
3452 5431 3628 5482 animo

2061 5495 2397 5564 defendisse,
2426 5500 2806 5553 examinamus
2838 5499 2911 5551 in‘
2938 5497 3059 5551 Vita
3095 5495 3152 5551 S.
3186 5497 3397 5552 Basilii.

2094 5560 2635 5691 5:3)é25:;:aezoig.
2667 5568 2741 5622 Ita
2775 5568 2925 5624 Harl.
2956 5584 3083 5623 cum
3114 5568 3291 5624 tribus
3316 5570 3462 5626 aliis.
3491 5560 3618 5621 Edit’

2062 5655 2183 5692 ουτε
2210 5655 2440 5702 εαυτοις.
