3900 6208
210 313 325 370 893

1101 316 1598 379 EPISTULARUM
1624 324 1914 382 CLASSIS
1955 330 2021 386 11.
2050 330 2273 388 EPIST.
2314 333 2506 391 CCXL.

3383 336 3489 390 ειη

209 429 401 492 αὐτοῖς
435 430 733 499 συνεργῶν.
787 431 867 485 Τὰ
899 431 956 485 δὲ
995 432 1161 488 λοιπὰ
1202 437 1302 507 τῆς
1348 438 1549 510 Συρίας
1589 440 1810 511 ἄμεινον

1921 458 2001 499 res
2026 446 2340 503 accuratius
2360 461 2525 517 quam
2560 461 2661 502 nos
2679 454 2734 502 et
2768 448 2922 504 novit
2947 454 3001 503 et
3021 447 3301 503 enarrabit
3323 447 3491 503 frater

207 518 373 589 ήμῶν
394 522 488 574 καὶ¹
529 517 639 576 οἶδε
679 523 774 576 καὶ
814 524 1131 596 διηγήσεται
1175 529 1205 580 ὁ
1252 528 1478 598 ἀδελφὸς
1511 529 1587 602 (9)
1628 531 1806 585 Ἀντί-

206 625 363 679 οχος.

285 700 344 755 2.
377 702 502 765 Τοῖς
531 701 588 756 δὲ
632 704 696 756 ἐκ
731 703 831 774 τῆς
867 704 1070 768 δύσεως
1101 705 1264 770 αὐτὸς
1301 708 1680 779 πῳενέτυχες,
1726 713 1808 763 δι-

207 791 570 861 ηγησαμένου
612 793 788 846 πάντα
825 793 919 847 τοῦ
948 793 1176 864 ἀδελφοῦ
1207 795 1516 867 Δωροθέου·
1551 791 1596 865 ᾧ
1638 815 1806 850 ποτα-

210 886 327 948 πας
375 886 482 957 χρὴ
526 886 710 939 δοῦναι
772 887 932 940 πάλιν
981 888 1270 951 ἐπιστολὰς
1331 888 1583 955 ἁπιόντι;
1646 890 1808 953 Ἴσως

207 976 323 1047 γὰρ
355 979 675 1049 κοινωνήσει
702 978 803 1048 τῆς
829 978 949 1032 ὁδοῦ
981 979 1059 1050 τῷ
1086 979 1237 1050 καλῷ
1259 981 1646 1051 Σαγκτισσίμῳ
1673 979 1805 1052 (10).

211 1066 421 1136 πολλὴν
474 1067 648 1136 ἔχοντι
694 1068 949 1139 σπουδὴν,
1003 1071 1099 1123 καὶ
1151 1070 1415 1141 περιιόντι
1465 1071 1565 1142 τὴν
1614 1071 1806 1124 ἀνατο-

207 1156 336 1228 λὴν,
382 1159 476 1211 καὶ
517 1161 645 1230 παρ’
701 1160 931 1214 ἑκάστου
984 1161 1093 1215 τῶν
1149 1163 1436 1234 ἐπισήμων
1484 1163 1807 1234 ὑπογραφὰς

207 1252 313 1303 καὶ
344 1250 634 1315 ἐπιστολὰς
659 1253 1025 1324 κομιζομένῳ.
1067 1255 1201 1308 Τίνα
1250 1251 1344 1309 οὖν
1385 1255 1468 1309 δεῖ
1506 1255 1805 1309 ἐπιστεῖλαι

206 1341 280 1392 δι’
308 1341 512 1404 αὐτῶν,
556 1341 589 1412 ἦ
634 1346 746 1407 τοῖς
790 1345 1163 1400 ὲπιστέλλουσι
1210 1346 1325 1411 πῶς
1369 1347 1675 1412 συνθέσθαι,
1704 1348 1803 1400 αὐ-

206 1433 305 1497 τὸς
346 1436 445 1505 μὲν
486 1436 706 1507 ἀπορῶ·
757 1436 854 1490 ἐὰν
900 1437 957 1490 δὲ
1009 1438 1175 1512 εὕρῃς
1213 1440 1271 1493 ὲν
1312 1439 1467 1509 τάχει
1509 1439 1636 1501 τοὺς
1672 1437 1806 1510 πρὸς

206 1529 367 1597 ἡμᾶς
409 1529 880 1600 ἀφικνουμένους,
932 1531 1264 1597 καταξίωσον
1324 1533 1455 1602 ἡμῖν
1515 1531 1803 1603 γνωρίσαι.

222 1621 385 1689 Ἐμοὶ
419 1622 516 1691 μὲν
554 1622 662 1693 γὰρ
693 1623 756 1675 τὸ
801 1622 895 1675 τοῦ
944 1623 1241 1694 Διομήδους
1267 1625 1558 1694 ἐπέρχεται
1589 1625 1799 1693 λέγειν’

207 1711 312 1777 Μὴ
345 1710 563 1780 ὄφελες
586 1712 913 1767 λίσσεσθαι
950 1713 1097 1784 (11)·
1138 1713 1308 1781 διότι,
1340 1718 1525 1786 φησὶν,
1566 1716 1803 1787 ἀγήνωρ

1915 535 2222 593 Antiochus

1980 716 2051 769 2.
2093 716 2170 771 De
2225 714 2390 772 rebus
2437 726 2620 773 autem
2667 715 3119 773 Occidentalibus
3164 714 3318 785 prius
3368 713 3488 785 ipse

1909 805 2175 871 didicisti,
2204 815 2464 862 narrante
2488 808 2673 861 omnia
2706 806 2877 860 fratre
2898 804 3195 868 Dorotheo,
3224 803 3316 858 cui
3351 818 3491 874 qua-

1910 900 1990 954 les
2015 898 2208 954 dandae
2237 916 2434 956 rursus
2452 901 2648 955 litterae
2678 899 2941 955 abeunti?
2961 897 3223 954 Fortasse
3247 898 3394 953 enim
3428 914 3490 953 se

1908 992 2125 1046 itineris
2153 992 2363 1046 socium
2382 992 2576 1063 junget
2602 994 2810 1062 optimo
2829 990 3221 1057 Sanctissimo,
3249 992 3344 1062 qui
3370 1007 3490 1046 ma-

1907 1099 2015 1153 gno
2046 1084 2201 1139 ardet
2249 1084 2433 1140 studio
2474 1101 2539 1140 ac
2575 1084 2852 1141 Orientem
2894 1093 3171 1156 peragrat,
3205 1093 3258 1138 et
3302 1084 3371 1139 ab
3402 1086 3492 1138 in-

1907 1172 2245 1242 signioribus
2296 1174 2611 1245 quibusque
2650 1174 3087 1244 subscriptiones
3123 1181 3177 1229 et
3222 1174 3488 1244 epistolas

1907 1266 2141 1336 colligit.
2175 1265 2309 1331 Quae
2354 1266 2523 1337 igitur
2559 1266 2832 1336 peripsos
2877 1264 3169 1320 scribenda
3213 1264 3347 1331 sint,
3391 1272 3489 1318 aut

1907 1356 2184 1428 quomodo
2227 1372 2354 1411 cum
2389 1357 2763 1413 scribentibus
2803 1355 3033 1410 consilia
3068 1354 3485 1425 conjungenda,

1905 1447 2160 1516 equidem
2206 1446 2432 1507 dubito;
2478 1446 2573 1500 sed
2610 1446 2657 1500 si
2703 1446 2817 1499 cito
2842 1444 3109 1513 reperias,
3147 1443 3239 1512 qui
3272 1443 3341 1497 ad
3386 1459 3489 1497 nos

1906 1537 2347 1606 proficiscantur,
2396 1535 2556 1597 nobis
2588 1549 2865 1604 exponere
2912 1549 2982 1588 ne
3027 1533 3294 1602 graveris.
3352 1531 3486 1585 Milli

1906 1628 2052 1684 enim
2081 1627 2233 1682 venit
2276 1628 2332 1681 in
2372 1614 2610 1681 mentem
2658 1624 2793 1680 illud
2839 1622 3118 1679 Diomedis
3160 1638 3433 1692 usurpare
3470 1642 3486 1676 :

1914 1717 2129 1772 Utinam
2149 1728 2395 1787 precatus
2427 1735 2530 1771 non
2555 1734 2715 1781 esses,
2750 1717 3024 1787 quoniam,
3049 1716 3248 1785 inquit,
3299 1716 3378 1768 air
3411 1724 3488 1767 est

206 1801 391 1854 ἐστὶν
426 1806 458 1856 ὁ
482 1802 658 1871 ἀνήρ.
690 1802 780 1874 Τῷ
806 1804 918 1857 ὄντι
950 1804 1058 1877 γὰρ
1089 1805 1502 1878 θεραπευόμενα
1538 1808 1608 1861 τὰ
1635 1810 1803 1881 ὑπερ-

1921 1796 2183 1881 mperlms.
2239 1812 2375 1865 Nam
2415 1825 2605 1865 revera
2649 1809 2821 1863 animi
2848 1808 3015 1877 elati,
3061 1808 3190 1864 dum
3226 1808 3492 1881 obsequio

207 1898 403 1967 ήφανα
469 1898 572 1969 ήθη
626 1897 834 1952 ἑαυτῶν
884 1899 1371 1973 ὑπεροπτικώτερα
1418 1901 1666 1971 γίνεσθαι
1719 1904 1807 1955 πέ-

208 2005 379 2056 φυκε.
407 1989 517 2041 Καὶ
545 1990 674 2063 γὰρ,
704 1991 796 2044 ἐὰν
822 1991 919 2061 μὲν
950 1991 1139 2063 ἱλασθῇ
1166 1994 1299 2063 ἡμῖν
1327 1994 1356 2045 ό
1388 1993 1614 2065 Κύριος,
1648 1994 1806 2059 ποίας

210 2079 411 2149 ἐτέρας
441 2079 758 2151 προσθήκης
783 2081 1048 2152 δεόμεθα·
1081 2084 1177 2136 ἐὰν
1201 2082 1259 2136 δὲ
1291 2085 1549 2156 ἐπιμείνῃ
1589 2086 1623 2156 ἡ
1668 2084 1805 2157 ὀργὴ

208 2171 312 2224 τοῦ
339 2172 499 2233 Θεοῦ,
529 2174 659 2226 ποία
705 2173 925 2245 βοήθεια
974 2177 1104 2245 ἡμῖν
1158 2176 1255 2246 τῆς
1300 2176 1523 2247 δυτικῆς
1565 2176 1803 2248 ὀφρύοςς

211 2265 281 2319 υἳ
321 2267 386 2320 τὸ
429 2266 627 2338 ἀληθὲς
675 2267 799 2320 οὔτε
846 2270 1048 2329 ἴσασιν,
1098 2266 1223 2322 οὔτε
1265 2271 1455 2340 μαθεῖν
1501 2270 1803 2340 ἀνέχονται,

210 2359 439 2428 ψευδέσι
469 2360 528 2412 δὲ
570 2360 845 2423 ὑπονοίαις
884 2360 1329 2432 προειλημμένοι,
1375 2362 1559 2415 ἐκεῖνα
1591 2360 1805 2414 ποιοῦσι

212 2454 335 2518 νῦν,
369 2453 405 2507 ἆ
435 2453 698 2525 πρότερον
732 2454 823 2507 ἐπὶ
851 2453 1183 2525 Μαρκέλλῳο
1220 2454 1358 2526 πρὸς
1405 2453 1505 2525 μὲν
1551 2455 1677 2517 τοὺς
1706 2453 1805 2526 τὴν

211 2546 477 2617 ἀλήθειαν
547 2548 731 2610 αὐτοῖς
794 2545 1236 2614 ἀπαγγέλλοντας
1291 2544 1763 2617 φιλονεικήσαντες
1786 2586 1801 2611 ,

212 2638 315 2706 τὴν
366 2639 425 2691 δὲ
471 2638 682 2709 αἵρεσιν
726 2638 790 2690 δι’
827 2638 1034 2691 ἑαυτῶν
1086 2635 1500 2706 βεϐαιώσαντες.
1541 2636 1682 2706 Ἐγὼ
1706 2638 1803 2709 μὲν

221 2732 327 2802 γὰρ
357 2730 521 2791 αὐτὸς
556 2731 684 2785 ἄνευ
723 2728 819 2783 τοῦ
859 2729 1039 2783 κοινοῦ
1074 2730 1353 2801 σχήματος
1385 2729 1683 2801 ἐϐουλόμην
1708 2730 1805 2783 αὐ-

222 2821 326 2873 τῶν
355 2821 651 2875 ἐπιστεῖλαι
687 2821 762 2893 τῷ
813 2821 1124 2892 κορυφαίῳ·
1158 2821 1288 2893 περὶ
1323 2820 1422 2892 μὲν
1462 2821 1570 2874 τῶν
1607 2822 1807 2893 ἐκκλη-

216 2914 519 2968 σιαστικῶν
569 2913 741 2977 οὐδὲν,
790 2915 840 2967 εἰ
901 2914 975 2984 μὴ
1037 2913 1161 2967 ὅσον
1214 2912 1675 2984 παραινίξασθαι,
1723 2915 1805 2968 ὅτι

215 3004 346 3058 οὔτε
399 3005 547 3059 ῐσασι
590 3006 698 3058 τῶν
743 3005 873 3077 παρ’
906 3007 1040 3076 ἡμῖν
1083 3004 1185 3076 τὴν
1221 3004 1500 3076 ἀλήθειαν,
1543 3004 1669 3059 οὔτε
1706 3006 1803 3079 τὴν

1909 1906 2195 1971 coluntur,
2227 1904 2392 1958 solito
2422 1900 2835 1972 arrogantiores
2866 1899 2987 1956 ﬁeri
3025 1901 3226 1955 solent.
3271 1899 3489 1954 Etenim

1909 1999 1955 2053 si
1996 1986 2173 2053 nobis.
2200 1997 2449 2068 placetur
2495 1994 2780 2059 Dominus,
2820 2009 3059 2065 quonam
3098 1993 3206 2047 alio
3249 1993 3487 2048 admini-

1908 2091 2035 2144 cqu
2094 2088 2439 2160 indigemus?
2486 2085 2582 2141 Sin
2638 2094 2819 2141 autem
2871 2091 3186 2156 perseveret
3236 2083 3319 2138 ira
3368 2083 3486 2146 Dei,

1907 2181 2068 2249 quale
2094 2180 2252 2235 nobis
2277 2178 2587 2249 praesidium
2623 2176 2903 2246 supercilii
2933 2173 3349 2249 Occidentalis?
3380 2171 3488 2239 Qui

1909 2275 2195 2327 veritatem
2230 2286 2405 2340 neque
2430 2277 2652 2335 norunt,
2687 2284 2866 2339 neque
2893 2267 3107 2322 discere
3130 2245 3356 2328 volunt,
3391 2264 3489 2319 sed

1909 2364 2063 2419 falsis
2076 2363 2484 2433 suspicionibus
2505 2359 2870 2431 praeoccupati
2887 2357 3072 2414 eadem
3089 2372 3237 2412 nunc
3254 2355 3486 2422 faciunt,

1909 2471 1974 2510 ac
2013 2456 2165 2526 prius
2200 2455 2255 2508 in
2293 2453 2533 2518 Marcelli
2559 2468 2747 2518 causa,
2780 2454 2834 2507 in
2864 2467 2972 2523 qua
3006 2466 3131 2506 cum
3172 2449 3492 2506 hominibus

1908 2550 2196 2604 veritatem
2234 2546 2341 2603 sibi
2385 2546 2773 2601 nuntiantibus
2802 2545 3196 2614 delitigarunt,
3230 2540 3491 2596 bmresim

1908 2655 2041 2696 vero
2063 2655 2161 2709 per
2190 2639 2405 2709 seipsos
2435 2637 2854 2693 confirmarunt.
2886 2634 2998 2707 Ego
3031 2635 3147 2705 ipse
3176 2633 3313 2688 citra
3336 2648 3492 2687 com-

1909 2748 2129 2787 munem
2185 2730 2420 2786 formam
2479 2728 2548 2784 ad
2596 2744 2788 2784 eorum
2842 2727 3191 2798 coryphaeum
3245 2725 3491 2780 scribere

1907 2824 2179 2888 volebam,
2216 2824 2283 2878 de
2312 2822 2479 2877 rebus
2506 2821 2725 2891 quidem
2758 2817 3154 2875 ecclesiasticis
3174 2815 3349 2883 nihil,
3380 2816 3490 2872 nisi

1909 2925 2183 2989 quatenus
2226 2915 2572 2970 subobscure
2610 2914 2984 2968 insinuassem
3008 2950 3023 2975 ,
3056 2925 3235 2981 neque
3265 2909 3389 2965 illos
3423 2908 3492 2965 de

1908 3009 2074 3063 rebus
2104 3008 2311 3063 nostris
2339 3021 2463 3062 vera
2478 3020 2663 3073 nosse,
2695 3020 2872 3074 neque
2892 3003 3036 3057 viam
3064 3016 3173 3072 qua
3204 3000 3492 3056 addiscere

217 3103 337 3156 ὁδὸν
360 3102 427 3155 δι’
455 3098 522 3173 ἧς
554 3100 620 3156 ἂν
643 3100 959 3173 μανθάνοιεν
983 3098 1096 3172 (12)
1125 3100 1511 3172 καταδέχονται
1529 3118 1542 3132 ⁸
1573 3101 1804 3157 καθόλου

1921 3101 2149 3171 possint,
2171 3098 2428 3169 amplecti
2449 3116 2463 3164 ;
2484 3112 2547 3151 ac
2566 3096 2863 3168 generatim
2888 3095 3297 3150 admonuissem
3321 3092 3493 3146 homi-

1953 3196 1986 3207 -ι
2336 3199 2348 3207 .
2433 3199 2444 3207 .
2490 3190 2554 3207 .·-
2620 3206 2629 3207 κ
2726 3189 3021 3207 γΜ¹γΑ-ᾼ--μι
3115 3183 3487 3207 2-.---1.-...1.-...

218 3195 276 3249 δὲ
314 3195 447 3267 περὶ
475 3194 569 3248 τοῦ
607 3194 681 3266 μὴ
710 3194 819 3247 δεῖν
854 3197 968 3258 τοῖς
998 3193 1103 3247 ὑπὸ
1131 3194 1241 3247 τῶν
1270 3194 1590 3266 πειρασμῶν
1616 3211 1806 3249 ταπει-

222 3289 474 3343 νωθεῖσιν
519 3286 888 3351 ἐπιτίθεσθαι,
938 3285 1072 3357 μηδὲ
1112 3285 1329 3357 ἀξίωμα
1375 3286 1583 3358 κρίνειν
1633 3286 1805 3357 ὑπερ.

223 3379 481 3450 ηφανίαν,
513 3378 816 3449 ἁμάρτημα
840 3377 934 3430 καὶ
974 3376 1132 3448 μόνον
1186 3374 1388 3447 ἀρκοῦν
1420 3374 1621 3449 ἔχθραν
1651 3376 1807 3448 ποιῆ-

221 3487 315 3524 sat
346 3471 427 3535 εἰς
453 3468 605 3525 Θεόν.

755 3627 1104 3682 ΕΠΙΣΤΟΛΗ
1153 3626 1282 3681 ΣΜ’.

1913 3196 2111 3257 nibus,
2150 3208 2290 3264 quos
2336 3190 2670 3246 tentationes
2719 3189 3061 3253 afﬂixerunt,
3115 3183 3490 3241 iusultandum

1913 3300 2023 3339 non
2040 3298 2187 3349 esse,
2208 3295 2387 3351 neque
2404 3280 2722 3350 dignitatem
2747 3277 3124 3332 aestimandam
3144 3273 3455 3345 superbiam
3475 3290 3488 3325 :

1913 3376 2059 3447 quod
2108 3383 2396 3445 peccatum
2431 3373 2517 3427 vel
2554 3371 2779 3427 unicum
2832 3370 2886 3424 id
2922 3369 3099 3434 valet,
3145 3375 3206 3422 ut
3241 3366 3492 3421 inimicos

1914 3468 2026 3523 Deo
2053 3466 2266 3523 efﬁciat.

2267 3619 2434 3690 369
2484 3615 2823 3671 EPISTOLA
2861 3613 3095 3670 CCXL’.

225 3742 448 3797 Basilius
470 3743 691 3795 hortatur
708 3740 775 3803 ad
796 3741 1113 3793 constantiam
1136 3739 1185 3791 in
1208 3739 1555 3803 persecutione.
1578 3753 1637 3789 ac
1660 3752 1744 3801 spe
1766 3736 1945 3803 auxilii
1963 3751 1993 3785 a
2022 3737 2117 3785 Deo
2142 3731 2330 3803 petauri
2367 3731 2640 3782 consolatur
2665 3743 2686 3803 :_
2706 3734 2862 3798 monet
2904 3741 2963 3779 ne
2982 3802 2985 3803 ν
3002 3727 3165 3803 fucum
3180 3802 3186 3803 γ
3324 3724 3494 3803 faciat

290 3790 552 3870 i'fr'biiio'a'ii
564 3790 861 3870 'iéé'aaﬁde'i
873 3790 1200 3854 siitiulatio.rN
1206 3790 1314 3867 eget
1328 3790 1387 3853 se
1410 3790 1623 3867 unquam
1646 3790 2033 3859 commissurum,
2058 3804 2108 3847 ut
2134 3799 2426 3845 Frontonem
2460 3798 2688 3857 agnoscat
2715 3790 3011 3854 episcopum,
3032 3790 3105 3838 vel
3136 3790 3337 3852 recipiat
3375 3799 3495 3851 quos

287 3868 374 3920 ille
394 3866 713 3919 ordinauerit.

568 3974 992 4038 Νικοπολίταις
1029 3970 1474 4041 πρεσϐυτέροις.

303 4093 359 4146 1.
388 4090 501 4144 Καὶ
538 4088 940 4151 ὲπιστείλαντες
982 4089 1111 4159 ἡμῖν
1137 4087 1317 4150 καλῶς
1343 4086 1455 4155 (15)
1494 4085 1810 4155 ἐποιήσατε,

2306 3959 2358 4013 Ν
2364 3959 2702 4029 icopolitanis
2732 3958 3072 4028 presbyteris.

1990 4077 2042 4131 1.
2078 4076 2246 4133 Recte
2292 4074 2523 4139 fecistis,
2569 4080 2625 4129 et
2664 4073 2810 4145 quod
2852 4071 3188 4143 scripseritis
3212 4108 3228 4135 ,
3260 4076 3315 4124 et
3344 4066 3493 4139 quod

229 4185 332 4241 καὶ
380 4183 470 4237 διὰ
507 4181 748 4235 τοιούτου
791 4179 981 4252 ἀνδρὸς
1021 4177 1442 4241 ἐπιστείλαντες,
1470 4176 1527 4240 ὃς
1561 4177 1655 4228 καὶ
1687 4174 1810 4227 ἄνευ

1921 4185 2020 4242 per
2052 4171 2221 4224 talem
2255 4169 2435 4223 virum
2470 4166 2809 4238 scripseritis
2829 4207 2843 4231 ,
2873 4166 2968 4236 qui
3001 4166 3165 4219 etiam
3202 4163 3322 4219 sine
3346 4161 3496 4216 litte—

230 4274 582 4349 γραμμάτων
636 4272 927 4345 ἐξήρκεσεν
994 4270 1060 4324 ἂν
1111 4272 1241 4343 ἡμῖν
1298 4270 1398 4341 τήν
1448 4285 1507 4322 τε
1551 4268 1642 4320 ἐπὶ
1697 4267 1810 4327 ταῖς

1922 4263 2002 4318 ris
2031 4262 2303 4332 potuisset
2350 4261 2512 4316 nobis
2547 4268 2601 4315 et
2637 4259 2897 4314 idoneum
2937 4259 2993 4312 in
3029 4253 3496 4312 sollicitudinibus

233 4346 487 4446 φροντίσι
533 4368 887 4441 παραμυθίαν
936 4367 1125 4438 ἱκανὴν
1171 4368 1495 4437 παρασχεῖν,
1542 4363 1637 4417 καὶ
1674 4362 1810 4416 διδα-

1926 4353 2182 4409 solatium
2216 4360 2513 4423 prastare,
2543 4358 2599 4406 et
2630 4358 2889 4405 accurate
2924 4349 2992 4404 de
3034 4347 3198 4402 rebus
3235 4346 3494 4401 edocere.

235 4439 467 4519 σκαλίαν
495 4439 700 4533 ἀκριϐῆ
734 4461 843 4514 τῶν
870 4460 1213 4531 πραγμάτων
1248 4456 1594 4528 ποιήσασθαι.
1640 4453 1810 4507 Πολλὰ

1923 4445 2090 4500 Multa
2121 4445 2270 4500 enim
2296 4451 2454 4499 erant
2474 4485 2489 4511 ,
2526 4458 2651 4515 qua;
2688 4443 2985 4499 avebamus
3016 4456 3084 4496 ex
3114 4439 3300 4510 aliquo
3336 4451 3501 4491 accu-

235 4557 350 4626 γὰρ
382 4549 451 4625 ἦν
483 4552 519 4607 ἃ.
548 4549 920 4622 ὲπεζητοῦμεν
947 4549 1099 4621 παρὰ
1127 4547 1221 4601 τοῦ
1250 4547 1563 4615 σαφέστατα
1593 4548 1821 4597 ἐπιστα-

241 4647 407 4719 μένου
441 4643 652 4716 μαθεῖν,
675 4642 763 4697 διὰ
790 4642 852 4695 τὸ
882 4640 981 4705 τὰς
1013 4642 1200 4712 φήμας
1226 4637 1653 4709 πεπλανημένως
1684 4635 1820 4706 πρὸς

237 4742 391 4814 ἡμᾶς
416 4736 732 4801 διαϐαίνειν,
758 4734 795 4789 ἃ
827 4736 1006 4789 πάντα
1034 4733 1146 4803 (14)
1183 4732 1461 4796 εὐσταθῶς
1493 4733 1587 4786 καὶ
1623 4728 1821 4801 ἐμπεί-

243 4851 353 4905 ρως
385 4832 679 4902 διηγήσατο
723 4830 855 4899 ἡμῖν
888 4829 916 4879 ὁ
950 4825 1322 4888 ποθεινότατος
1360 4826 1454 4879 καὶ
1496 4822 1823 4896 τιμιώτατος

237 4923 472 4993 ἁδελφὸς
509 4919 666 4993 ἡμῶν
705 4919 983 4982 Θεοδόσιος
1009 4918 1038 4970 ὁ
1069 4915 1571 4989 συμπρεσϐύτερος.
1611 4916 1679 4968 *Α
1714 4914 1826 4967 τοί-

245 5153 260 5166 .
316 5081 394 5155 (9)
439 5081 501 5133 '0
539 5079 823 5149 ἀδελφός.
860 5077 1002 5133 Editi
1044 5077 1253 5132 addunt
1289 5074 1467 5147 ἡμῶν,
1499 5073 1644 5144 quod
1671 5072 1826 5129 deest

244 5170 302 5208 ιη
328 5169 421 5207 sex
466 5168 599 5206 mss.

320 5222 436 5295 (10)
469 5219 888 5295 Σαμτισσίμῳ

245 5283 356 5363 que
398 5283 652 5363 ét‘tioisl.
682 5283 990 5363 secundus:
1026 5288 1192 5342 Editi.
1217 5287 1601 5363 Σαγκτησίμῳ.
1656 5283 1827 5340 Paulo

248 5359 375 5433 post
405 5361 537 5443 editi
718 5360 784 5443 σὺ
832 5359 933 5443 δέε.
960 5359 1120 5443 Deest
1144 5373 1453 5443 pronomen
1502 5359 1566 5443 lin
1617 5366 1825 5443 septem

249 5427 390 5489 inss.
422 5431 481 5486 ιη
512 5430 848 5486 editionibus
892 5429 1028 5495 ﬂag.
1057 5442 1110 5483 et
1143 5427 1374 5483 Froben.
1420 5429 1438 5482 Ι
1482 5427 1635 5481 deest
1662 5427 1826 5479 etiam

248 5505 356 5557 alia
384 5503 599 5557 vocula.
621 5498 793 5554 Paulo
815 5509 939 5572 post
970 5501 1259 5555 Medic-ams
1283 5499 1456 5553 endex
1484 5495 1829 5551 συνεπιστέλ-

248 5573 426 5628 λουσι.

326 5645 443 5710 (Hi
480 5644 837 5700 Λίσσεσθαι.
881 5641 1026 5697 Citat
1058 5639 1293 5696 Basilius
1322 5654 1388 5694 ex
1433 5636 1598 5693 Iliad.
1635 5652 1673 5701 ι,
1709 5652 1830 5691 νοτε

253 5728 354 5770 sus
378 5714 484 5768 695
512 5723 565 5767 et
594 5715 718 5769 696.

331 5784 443 5857 flii)
474 5783 868 5840 Μηνθιίνοιεν.
902 5784 977 5838 lta
1008 5781 1248 5853 quinque
1282 5781 1454 5836 nostri
1487 5778 1704 5859 codices
1728 5793 1827 5847 op-

892 5260 906 5271 .
943 5218 1014 5272 ita
1059 5216 1235 5276 ηιμ-1..
1273 5215 1421 5280 Vat.,
1450 5214 1653 5283 Regius
1681 5221 1830 5268 uter-

1923 4538 2201 4593 ratissime
2233 4537 2443 4593 sciente
2482 4551 2819 4609 cognoscere
2840 4575 2856 4601 ,
2899 4543 3191 4608 propterea
3227 4530 3372 4602 quod
3403 4544 3500 4583 ru-

1927 4646 2108 4685 mores
2162 4629 2287 4701 vagi
2340 4630 2486 4701 apud
2540 4645 2644 4685 nos
2696 4623 3263 4699 spargerentur;sed
3315 4620 3499 4676 omnia

1926 4730 2247 4777 constanter
2293 4736 2358 4776 ac
2402 4722 2577 4792 perite
2623 4722 2876 4792 exposuit
2920 4718 3077 4797 nobis
3118 4713 3499 4786 Optatissimus

1926 4828 1990 4869 ac
2028 4813 2527 4871 reverendissimus
2568 4813 2735 4868 frater
2767 4818 2956 4867 noster
2982 4806 3324 4886 Ilieodosius
3347 4817 3499 4857 com-

1927 4908 2230 4981 presbyter.
2288 4906 2479 4977 Itaque
2530 4918 2652 4975 qua:
2707 4901 2843 4958 mihi
2899 4900 3019 4972 ipse
3072 4896 3276 4954 suadeo
3304 4933 3319 4959 ,
3382 4892 3499 4946 haec

1929 5080 2074 5134 timze
2104 5088 2264 5134 notae.
2303 5075 2446 5131 Editi
2486 5074 2725 5146 μάθοιεν.

1999 5150 2111 5221 (15)
2141 5146 2373 5214 Καλῶς.
2401 5137 2601 5221 Ιιίιξεοκ
2627 5160 2764 5221 mss.
2796 5142 2938 5221 Editi
2966 5139 3151 5194 καλόν.
3186 5137 3353 5192 Paulo
3374 5143 3501 5207 post

1928 5212 2103 5275 Coisl.
2133 5212 2343 5289 primus
2366 5227 2420 5272 et
2448 5215 2589 5289 MAN".
2615 5212 3005 5289 san‘coﬁttsv.

2001 5290 2114 5361 (14)
2132 5276 2210 5361 έξἉ
2233 5288 2450 5361 πάντα.
2477 5287 2644 5341 Coisl.
2680 5276 2968 5361 priiuuslet
2994 5280 3134 5361 Med.
3164 5280 3360 5361 παντα.
3389 5276 3503 5361 Nec

1929 5349 2292 5431 longe'jidem
2332 5358 2551 5431 codices
2576 5349 2847 5431 naiadum.
2879 5352 3014 5423 βίον.
3044 5351 3392 5431 Sic_vi_tlet:t_r
3420 5349 3501 5431 ‘e-

1930 5419 2414 5502 gissveAScultetus.
2442 5425 2615 5502 Vertit
2648 5419 2794 5502 enim
2916 5423 3162 5502 praisenti
3183 5424 3313 5502 vita.
3349 5419 3502 5502 Unde

1930 5490 2154 5571 vapulat
2177 5498 2528 5571 Combetisio.
2568 5496 2679 5571 Sed
2705 5510 2815 5571 non
2846 5490 3361 5571 vidittlombeflsius
3385 5490 3500 5560 βίον

1931 5563 2045 5626 siv'e
2077 5571 2236 5623 vitam
2268 5568 2371 5621 hoc
2403 5568 2523 5621 loco
2553 5574 2608 5621 ct
2630 5564 2880 5635 pluribus
2909 5564 3033 5619 aliis
3072 5563 3213 5619 idem
3241 5577 3304 5617 ac
3329 5574 3501 5616 δαισα-

1930 5641 2041 5694 tum
2077 5653 2292 5694 sonare.

2008 5717 2023 5733 ‘
2051 5711 2200 5766 Alias
2231 5705 2434 5765 CXCII.
2468 5704 2681 5776 Scripta
2716 5721 2858 5762 anno
2879 5703 3004 5760 576.
