3900 6208
411 326 518 387 895

1722 335 1782 392 ὃ.
1827 334 2076 390 BASILII
2116 332 2336 389 ΜΑΩΝΙ

406 445 573 498 etiam
600 441 666 497 ad
692 451 932 499 vestram
965 444 1223 517 pietatem
1265 445 1450 502 scribo
1479 465 1491 500 :
1532 447 1723 502 multis
1754 448 1866 516 jam
1901 463 1982 503 eat

2098 464 2191 501 νυν
2237 448 2453 511 ἑαυτοῖς
2510 446 2950 519 συμϐουλεύομεν
2995 447 3131 516 (15),
3177 447 3360 508 ταῦτα,
3397 448 3492 503 καὶ
3540 454 3662 523 πρὸς

406 534 533 589 dem
567 548 633 589 ac
666 535 824 590 vobis
851 538 1193 608 contigisse;
1227 551 1291 591 ac
1331 552 1439 592 non
1465 538 1642 593 solum
1678 541 1780 594 Izac
1805 547 1984 604 relate,

407 623 505 680 sed
542 628 824 695 praeterito
862 628 1029 682 etiam
1081 638 1331 698 tempore
1375 629 1666 684 innumera
1714 630 1985 698 ejusmodi

405 717 680 784 exempla,
736 718 934 786 partim
996 717 1350 774 historiarum
1395 723 1770 777 monumentis
1802 721 1988 776 consi-

408 821 601 876 gnata.
654 816 854 876 partim
904 810 1064 864 nobis
1111 824 1221 864 non
1270 812 1478 878 scripta
1527 814 1912 868 recordatione
1954 828 1984 867 a

408 899 600 967 peri'is
652 900 854 953 tradita
904 901 1099 961 fuisse.
1151 902 1619 971 quemadmodum
1669 905 1876 957 viritim
1930 914 1985 961 et

405 988 706 1059 appidatiin
757 993 1094 1048 tcntationes
1145 1009 1242 1063 pro
1288 995 1511 1050 nomine
1544 995 1756 1050 Domini
1808 998 1987 1051 corri-

407 1080 752 1147 puerinteos,
779 1082 871 1150 qui
919 1082 973 1134 in
992 1084 1166 1150 ipsum
1187 1084 1501 1152 sperabant.
1524 1080 1628 1137 Sed
1650 1091 1829 1138 tamen
1848 1099 1986 1154 prae-

403 1173 671 1224 terierunt
702 1173 911 1233 omnia.
947 1187 1049 1227 nec
1094 1188 1341 1229 zernmna
1386 1189 1614 1242 prorsus
1650 1176 1759 1228 ulla
1792 1191 1985 1245 perpe-

402 1268 552 1315 tuam
580 1263 743 1317 habet
780 1265 1113 1320 molestiam.
1148 1266 1623 1331 Quemadmodum
1651 1268 1799 1322 enim
1822 1264 1981 1339 grani-

402 1352 583 1416 dines,
617 1362 1008 1427 torrentesque
1039 1366 1093 1412 et
1126 1374 1473 1430 quaecunque
1502 1360 1641 1414 mala
1673 1376 1805 1416 Casu
1836 1362 1984 1416 acci-

401 1444 561 1505 dunt,
588 1447 848 1502 mollibus
877 1447 1097 1516 quidem
1134 1450 1293 1503 facile
1327 1458 1606 1505 nocentac
1631 1465 1694 1506 ea
1725 1459 1981 1517 vastant;

402 1536 499 1590 sed
526 1537 573 1590 si
608 1538 663 1591 in
693 1538 919 1593 duriora
957 1539 1225 1607 incidant,
1253 1543 1533 1612 patiuntur
1566 1542 1772 1612 aliquid
1800 1545 1982 1614 potius
2007 1544 2025 1559 ⁸

401 1639 566 1694 quam
620 1625 857 1681 laedunt:
913 1627 988 1680 ita
1040 1635 1095 1683 et
1141 1630 1492 1684 vehementes
1544 1631 1877 1684 tentationes
1927 1632 1979 1684 in

405 1713 708 1770 Ecclesium
742 1717 1069 1779 concitatae,
1119 1716 1509 1773 imbecilliores
1543 1718 1664 1772 fidei
1714 1719 1769 1772 in
1819 1720 1981 1775 Chri-

2093 539 2193 610 τὴν
2218 538 2495 610 ὑμετέραν
2529 538 2815 594 εὐλάϐειαν
2839 541 3154 611 γράφομενο
3180 539 3265 593 δτι
3307 540 3527 606 πολλοῖς
3553 560 3665 596 συν-

2093 629 2194 700 έϐη
2236 629 2428 695 ταῦτα,
2470 628 2507 683 ἃ
2547 629 2642 684 καὶ
2689 630 2850 701 ύμῖνο
2885 631 2980 684 καὶ
3016 631 3076 683 οὐ
3106 630 3246 684 κατὰ
3292 629 3384 684 τδν
3436 633 3665 704 rapina

2093 720 2286 792 καιρὸν
2349 723 2533 794 μόνον,
2581 722 2717 776 ἀλλὰ
2764 723 2861 777 καὶ
2898 725 2956 776 ἐν
3000 724 3077 795 τῷ
3128 723 3453 797 παρελθόντι
3504 727 3665 799 χρόνῳ

2096 814 2266 886 μυρία
2309 814 2419 868 τῶν
2460 814 2719 869 τοιούτων
2763 815 2831 868 τά
2879 816 3282 888 ὑποδείγματα·
3335 817 3406 871 τά
3455 819 3549 888 μὲν
3584 821 3667 888 ὲγ-

2092 905 2319 977 γράφως
2362 906 2418 958 αἱ
2463 905 2696 976 ἱστορίαι
2750 906 3191 968 καταλελοίπασι,
3225 907 3292 962 τὰ
3326 909 3386 962 δὲ
3416 912 3483 980 τῇ
3517 912 3669 983 ἀγρά-

2092 1013 2177 1066 φῳ
2210 999 2398 1069 μνήμῃ
2437 996 2586 1068 παρὰ
2634 996 2742 1050 τῶν
2787 996 3003 1051 εἰδότων
3048 998 3433 1071 διεδεξάμεθα·
3474 1004 3555 1054 ὅτι
3586 1004 3667 1056 καὶ

2090 1088 2232 1142 κατὰ
2283 1088 2453 1160 ἄνδρα
2506 1088 2758 1150 ἕκαστον,
2809 1090 2901 1142 καὶ⁵
2954 1090 3093 1145 κατά
3148 1092 3333 1156 πόλεις
3382 1096 3668 1165 πειρασμοὶ

2091 1180 2380 1251 περιέσχον
2421 1180 2562 1253 ὑπὲρ
2602 1180 2694 1234 τοῦ
2736 1181 2999 1249 ὀνόματος
3035 1182 3128 1236 τοῦ
3178 1184 3387 1256 Κυρίου
3432 1188 3560 1251 τοὺς
3598 1188 3670 1251 είς

2090 1268 2252 1321 αὑτὸν
2301 1270 2619 1337 ἡλπικότας.
2671 1270 2811 1323 Ἀλλ’
2867 1271 3014 1343 ὅμως
3065 1273 3309 1345 παρῆλθε
3351 1275 3552 1336 πάντα,
3586 1277 3671 1329 καὶ

2087 1359 2239 1412 οὐδὲν
2271 1359 2380 1413 τῶν
2427 1361 2768 1433 σκυθρωπῶν
2816 1361 3083 1416 ἀθάνατον
3129 1363 3252 1435 ἔσχε
3292 1365 3358 1418 τὸ
3411 1365 3668 1438 λυπηρόν.

2100 1450 2190 1513 Ὠς
2233 1452 2342 1523 γὰρ
2401 1451 2511 1523 (16)
2544 1455 2601 1507 αἱ
2658 1451 2922 1524 χάλαζαι,
2977 1456 3073 1510 καὶ
3121 1458 3171 1510 οἱ
3214 1458 3535 1532 χείμαρροι,
3588 1460 3673 1512 καί

2087 1540 2189 1594 ὅσα
2220 1541 2327 1595 τῶν
2361 1542 2546 1596 κακῶν
2579 1543 2923 1614 αὐτοσχέδια,
2965 1545 3035 1598 τὰ
3075 1546 3174 1616 μὲν
3218 1547 3446 1618 μαλακὰ
3488 1548 3674 1620 ῥᾳδίως

2088 1632 2287 1703 ἔϐλαψε
2329 1634 2426 1687 καὶ
2471 1634 2855 1706 διελυμήνατο,
2900 1639 3014 1700 τοῖς
3063 1637 3118 1692 δὲ
3157 1638 3481 1705 ἀντιτύποις
3529 1658 3676 1715 περι-

2087 1723 2318 1794 τυχόντα
2359 1724 2530 1779 ἑπαθέ
2582 1743 2637 1780 τι
2684 1726 2885 1798 μᾶλλον
2932 1728 2966 1800 ἦ
3025 1728 3278 1802 ἔδρασενο
3310 1733 3464 1787 οὕτω
3505 1737 3598 1789 καὶ
3628 1736 3672 1787 οἱ

404 1811 550 1859 stum
604 1805 862 1858 firmitate
886 1807 1241 1874 deprehensa:
1291 1814 1441 1862 sunt.
1507 1806 1977 1874 Quemadmodum

2092 1815 2273 1888 λάϐροι
2320 1818 2462 1871 κατὰ
2503 1820 2604 1890 τῆς
2649 1820 2975 1891 Ἐκκλησίας
3017 1826 3316 1896 πειρασμοὶ
3364 1826 3674 1897 κινηθέντες

407 1911 539 1967 ergo
566 1897 858 1966 grandinis
903 1900 1080 1953 nubes
1112 1902 1396 1968 pralteriit,
1432 1907 1484 1954 et
1519 1909 1740 1956 torrens
1766 1902 1978 1955 alveum

402 1986 761 2058 pratia-ﬂuxit
797 1990 913 2058 (illa
964 1991 1111 2045 enim
1165 1992 1217 2045 in
1266 1992 1618 2046 serenitatem
1666 1993 1978 2061 dissoluta;

403 2079 490 2135 hic
522 2096 650 2136 vero
677 2084 902 2137 evanuit
927 2083 982 2137 in
1018 2083 1376 2154 profundum,
1406 2087 1573 2151 viam,
1601 2101 1708 2159 qua
1732 2086 1940 2142 efﬂuxit
1963 2126 1978 2151 ,

400 2173 607 2227 siccam
653 2182 707 2228 et
761 2175 975 2230 aridam
1027 2176 1408 2248 relinquens);
1460 2178 1536 2232 ita
1581 2187 1635 2234 et
1689 2195 1838 2234 nunc
1895 2180 1981 2234 in-

401 2275 663 2333 gruentes
689 2267 848 2323 nobis
876 2270 1129 2338 procellae
1155 2272 1316 2341 paqu
1340 2278 1466 2342 post
1501 2288 1609 2327 non
1627 2283 1810 2328 erunt.
1839 2274 1986 2329 Tan-

401 2358 686 2412 tummodo
723 2359 776 2412 in
821 2362 1065 2415 animum
1108 2361 1439 2419 inducamus
1480 2381 1589 2419 non
1608 2364 1673 2419 ad
1693 2368 1980 2436 praesentia

398 2452 696 2520 respicere,
731 2451 827 2506 sed
867 2453 1032 2523 paulo
1063 2456 1358 2511 remotiora
1390 2471 1488 2527 spe
1524 2456 1752 2513 intueri.

468 2706 524 2761 2.
567 2706 696 2763 Sive
727 2709 928 2779 igitur,
972 2709 1195 2772 fratres.
1229 2715 1413 2783 gravis
1447 2716 1713 2783 tentatio;
1761 2717 1983 2775 labores

399 2809 467 2850 ac
497 2798 846 2854 dillicultates
883 2802 1262 2870 perferamus;
1308 2820 1471 2859 nemo
1527 2808 1672 2862 enim
1716 2824 1825 2863 non
1859 2825 1985 2880 per-

399 2901 599 2943 cussus
628 2890 682 2943 in
738 2900 1062 2955 certamine,
1113 2908 1214 2949 nec
1245 2898 1470 2964 pulvere
1498 2913 1792 2968 aspersus,
1826 2915 1985 2955 coro-

400 2989 606 3045 natur;
657 2982 774 3036 sive
811 2984 950 3038 levia
998 2985 1113 3041 haec
1146 2988 1348 3041 diaboli
1400 2989 1670 3054 ludibria,
1704 2999 1759 3046 et
1787 2992 1882 3063 qui
1927 2993 1981 3047 in

401 3087 502 3126 nos
538 3082 665 3126 sunt
712 3074 966 3138 immissi,
1001 3079 1216 3133 molesti
1259 3080 1481 3150 quidem
1533 3090 1683 3148 sunt,
1724 3100 1791 3139 eo
1837 3085 1981 3155 quod

399 3162 523 3223 ejus
561 3162 671 3217 sint
705 3166 965 3229 ministri.
1004 3171 1390 3225 contemnendi
1423 3180 1640 3234 tamen,
1674 3175 1801 3244 quia
1839 3174 1982 3232 Deus

401 3251 624 3306 illorum
673 3258 931 3325 nequitia!
955 3258 1296 3316 debilitatem
1327 3263 1548 3332 junxit;
1584 3279 1881 3324 caveamus
1916 3283 1983 3324 ne

400 3343 474 3397 oh
521 3360 751 3414 magnos
806 3347 861 3401 in
908 3349 1100 3418 parvis
1152 3351 1517 3410 incommodis
1561 3356 1800 3424 ejulatus
1850 3375 1983 3413 con-

400 3434 747 3493 demnemur.
806 3438 983 3495 Unum
1037 3443 1183 3496 enim
1252 3444 1443 3501 dolore
1498 3446 1773 3518 dignum,
1832 3449 1982 3507 illius

403 3526 584 3595 ipsius
637 3530 945 3598 pernicies.
995 3535 1085 3602 qui
1126 3549 1188 3590 se
1224 3536 1295 3590 ob
1334 3541 1718 3607 temporariam
1750 3542 1980 3612 gloriam

401 3617 488 3689 (si
531 3632 713 3674 tamen
766 3623 939 3692 gloria
983 3624 1252 3692 dicenda,
1293 3628 1472 3697 palam
1521 3646 1581 3686 se
1612 3632 1982 3707 dedecorare)

400 3719 608 3765 aeterno
648 3714 932 3780 jnstornm
969 3717 1176 3773 honore
1207 3720 1485 3788 spoliavit.
1528 3720 1651 3778 Filii
1695 3725 1982 3783 confesso-

402 3817 546 3856 rum.
577 3804 630 3857 ill
660 3804 673 3858 i
708 3806 847 3860 estis
873 3816 1198 3878 martyrum.
1226 3811 1319 3881 qui
1351 3810 1420 3865 ad
1452 3816 1773 3885 sanguinem
1809 3835 1984 3890 usque

401 3902 627 3964 peccato
686 3901 1032 3954 restiterunt.
1105 3898 1434 3958 Doniesiicis
1509 3915 1698 3961 utatur
1747 3911 1984 3983 quisque

402 3989 669 4059 exemplis
696 3989 762 4043 ad
791 3991 958 4047 robur
991 4007 1090 4063 pro
1121 3993 1320 4062 pietate
1348 3998 1773 4054 ostendendum.
1813 4002 1983 4059 Nemo

404 4087 652 4133 nostrum
688 4083 862 4152 plagis
885 4082 1186 4140 dilaniatus
1218 4093 1347 4143 cst:
1382 4086 1548 4159 370
1591 4092 1794 4148 nullius
1837 4094 1982 4152 aedes

406 4169 697 4238 publicane
746 4180 914 4239 sunt;
987 4177 1210 4232 exsules
1256 4180 1368 4232 non
1425 4177 1680 4249 fuimus;
1729 4199 1984 4245 carceres

403 4261 612 4328 experti
649 4276 753 4314 non
790 4278 854 4317 su
882 4280 1003 4318 nus.
1038 4267 1311 4333 Quidnam
1352 4270 1479 4323 mali
1533 4272 1695 4328 nobis
1744 4277 1984 4333 accidit?

404 4352 514 4406 nisi
568 4353 707 4408 forte
757 4353 861 4409 hoc
906 4358 978 4412 sit
1012 4361 1327 4424 molestum,
1366 4364 1510 4432 quod
1558 4366 1693 4420 nihil
1735 4370 1979 4438 perpessi

2082 1907 2463 1982 ἀσθενέστεροι
2524 1911 2619 1966 τοῦ
2690 1913 3073 1986 στερεώματος
3136 1916 3238 1986 τῆς
3294 1919 3379 1981 εἰς
3448 1919 3677 1990 Χριστὸν

2082 1998 2317 2062 πίστεως
2348 2001 2746 2073 διεδείχθησαν.
2793 2005 2881 2068 Ὠς
2920 2001 3015 2059 οὖν
3065 2006 3312 2079 παρῆλθε
3357 2009 3467 2080 τῆς
3506 2009 3664 2079 χαλά-

2082 2087 2184 2161 ζης
2225 2090 2286 2144 τὸ
2326 2092 2512 2161 νέφος,
2557 2094 2652 2148 καὶ
2694 2097 2980 2168 παρερρύη
3026 2099 3127 2169 τὴν
3174 2099 3462 2172 χαράδραν
3503 2104 3532 2155 6
3564 2102 3667 2172 χεί-

2086 2186 2295 2256 μαρρος
2346 2184 2426 2255 (τὸ
2468 2186 2566 2256 μὲν
2609 2187 2719 2259 γὰρ
2762 2190 2843 2252 είς
2895 2189 3111 2261 αἰθρίαν
3152 2192 3394 2263 διελύθη,
3435 2196 3469 2248 6
3503 2194 3561 2247 δὲ
3590 2196 3669 2247 ὲν-

2082 2273 2359 2346 ηφανίσθη
2398 2274 2477 2346 τῷ
2508 2276 2676 2348 βυθῷ,
2712 2277 2882 2351 ξηρὰν
2914 2282 3010 2335 καὶ
3054 2281 3283 2353 ἄνικμον
3326 2284 3427 2357 τὴν
3467 2286 3591 2339 ὁδὸν
3612 2286 3677 2340 δι’

2080 2358 2151 2436 ἧς
2183 2365 2353 2438 ἐρρύη
2380 2367 2769 2441 ρκαταλιπὼνγ
2804 2370 2949 2427 οὕτω
3000 2374 3094 2428 καὶ
3139 2375 3209 2429 τά
3246 2375 3345 2429 νῦν
3387 2377 3549 2448 ἡμᾶς
3573 2395 3677 2449 χει-

2085 2454 2325 2528 μάζοντα
2357 2458 2553 2530 μικρὸν
2589 2459 2817 2533 ὕστερον
2857 2464 2959 2517 οὐκ
2995 2465 3168 2520 ἔσται.
3216 2467 3397 2521 Μόνον
3451 2468 3550 2521 ἐὰν
3582 2486 3678 2523 κα-

2080 2546 2437 2619 ταδεξώμεθα
2475 2549 2550 2622 μὴ
2602 2553 2662 2604 τὸ
2715 2553 2890 2625 παρὸν
2939 2556 3093 2627 ὁρᾷν,
3138 2555 3276 2610 ἀλλὰ
3313 2560 3433 2622 τοῖς
3483 2560 3678 2632 μικρὸν

2083 2641 2419 2713 πορρωτέρῳ
2452 2644 2574 2706 ταῖς
2604 2642 2820 2698 ἐλπίσιν
2856 2647 3203 2712 ὲνατενίζειν.

2152 2727 2207 2782 2.
2244 2729 2370 2783 Εἴτε
2403 2726 2496 2785 οὖν
2531 2731 2704 2804 βαρὺς
2735 2738 2764 2789 6
2792 2742 3122 2809 πειρασμὸς,
3162 2740 3403 2810 ἀδελφοὶ.
3449 2742 3677 2814 ὑπομεί-

2081 2836 2263 2893 νωμεν
2289 2823 2356 2878 τὰ
2391 2824 2655 2881 ἐπίπονα·
2691 2829 2867 2894 οὐδεὶς
2897 2831 3008 2903 γὰρ
3049 2831 3124 2904 μὴ
3162 2833 3392 2905 πληγεὶς
3441 2839 3505 2890 ὲν
3538 2838 3678 2905 ἀγῶ-

2085 2928 2177 2978 σι,
2232 2915 2369 2985 μηδὲ
2432 2919 2821 2990 κονισάμενος,
2880 2923 3266 2991 στεφανοῦται·
3320 2929 3435 2980 εἴτε
3504 2929 3676 2998 κοῦφα

2083 3003 2256 3058 ταῦτα
2286 3005 2378 3060 τοῦ
2410 3006 2656 3064 διεϐόλου
2689 3012 2758 3066 τά
2797 3014 3042 3083 παίγνια,
3080 3018 3173 3071 καὶ
3205 3019 3256 3071 oi
3289 3021 3674 3091 ἐπιπεμφθέν-

2083 3113 2176 3161 τες
2206 3098 2359 3168 ἡμῖν,
2388 3100 2611 3174 δχληροὶ
2655 3103 2778 3175 μὲν,
2817 3107 2950 3161 διότι
2987 3108 3177 3164 τούτου
3214 3113 3330 3181 (17)
3366 3115 3514 3167 εἰσὶν
3569 3116 3670 3168 ὑπ-

2089 3189 2307 3261 ηρέται,
2345 3194 2812 3267 εὐκαταφρόνητοι
2840 3200 2916 3264 δὲ,
2946 3202 3029 3257 δτι
3067 3206 3132 3275 τῇ
3157 3205 3394 3278 πονηρίᾳ
3432 3208 3617 3262 αὐτῶν
3648 3211 3677 3264 6

2082 3280 2215 3346 Θεὸς
2241 3283 2546 3354 ἀδυναμίαν
2580 3288 2784 3358 συνῆψε
2804 3308 2817 3321 ·
2849 3293 3217 3366 φυλαξώμεθα
3250 3297 3351 3369 τὴν
3384 3302 3676 3369 κατάγνω-

2085 3390 2189 3433 σιν.
2224 3374 2301 3439 ὡς
2345 3376 2438 3428 ἐπὶ
2490 3384 2704 3451 μικροῖς
2740 3383 3024 3456 παθήμασι
3073 3389 3286 3457 μεγάλα
3326 3391 3674 3464 ὀδυρόμενοι.

2089 3466 2184 3519 Ἓν
2204 3468 2312 3539 γάρ
2337 3468 2482 3523 ἐστιν
2507 3470 2701 3543 ὀδύνης
2727 3475 2899 3541 ἄξιον,
2920 3479 2952 3546 ἡ
2983 3478 3151 3533 αὐτοῦ
3175 3482 3387 3535 ἐκείνου
3407 3483 3674 3550 ἀπώλεια,

2081 3555 2177 3609 τοῦ
2228 3559 2329 3628 τῆς
2373 3562 2710 3634 προσκαίρου
2755 3565 2941 3619 ἕνεκεν
2973 3566 3133 3638 δόξης
3179 3569 3362 3641 (εἴπερ
3393 3567 3494 3626 οὖν
3521 3573 3675 3638 δόξαν

2082 3646 2187 3717 χρὴ
2215 3646 2395 3716 λέγειν
2432 3650 2493 3704 τδ
2530 3651 2767 3727 δημοσίᾳ
2793 3658 3149 3728 ἀσχημονεῖν)
3183 3661 3283 3731 τῆς
3310 3664 3546 3727 αἰωνίας
3570 3664 3675 3717 τῶν

2081 3734 2305 3790 δικαίων
2353 3741 2522 3812 τιμῆς
2570 3742 2764 3798 ἑαυτὸν
2805 3748 3299 3820 άποστερήσαντος.
3336 3751 3523 3806 Τέκνα
3550 3756 3674 3824 ὀμο-

2083 3825 2361 3899 λογητῶν,
2416 3832 2512 3886 καὶ
2561 3833 2728 3888 τέκνα
2775 3838 3070 3911 μαρτύρων
3118 3842 3263 3907 ἐστὲ,
3317 3843 3428 3897 τῶν
3482 3846 3673 3917 μέχρις

2084 3916 2316 3987 αἵματος
2358 3920 2869 3981 ἀντικαταστάντων
2913 3929 3052 3999 πρὸς
3082 3931 3181 4000 τὴν
3211 3931 3512 4004 ἁμαρτίαν.
3552 3916 3674 3998 Τοῖς

2083 4008 2303 4074 οἰκείοις
2317 4009 2549 4077 ἕκαστος
2565 4015 2860 4088 χρησάσθω
2877 4018 3237 4090 ὑποδείγμασι
3254 4023 3393 4094 πρὸς
3411 4025 3516 4097 τὴν
3535 4027 3673 4099 ὑπὲρ

2083 4098 2182 4171 τῆς
2197 4101 2478 4168 εὐσεϐείας
2497 4103 2745 4160 ἔνστασιν
2769 4108 2899 4179 (18).
2918 4110 3104 4175 Οὐδεὶς
3125 4113 3284 4183 ἡμῶν
3299 4113 3408 4183 (19)
3426 4098 3671 4188 πληγαῖς

2084 4192 2405 4266 κατεξάνθη,
2455 4196 2672 4263 οὐδενὸς
2717 4196 2866 4265 οἶκος
2910 4201 3218 4277 ἐδημεύθη·
3252 4206 3315 4259 οὐ
3363 4208 3467 4278 τὴν
3504 4210 3673 4281 ὑπερ-

2082 4283 2235 4356 ορίαν
2272 4286 2587 4360 ᾠκήσαμεν,
2629 4290 2692 4344 οὐ
2729 4291 3100 4365 δεσμωτήριον
3151 4297 3559 4371 ἐγνωρίσαμεν.
3608 4299 3671 4355 Τί

2085 4376 2431 4449 πεπόνθαμεν
2461 4379 2663 4448 δεινόν;
2708 4384 2757 4455 εἰ
2801 4384 2875 4455 μὴ
2914 4385 3056 4456 τάχα
3090 4386 3251 4442 τοῦτο
3290 4389 3558 4463 λυπηρὸν,
3589 4393 3671 4447 ὃτι

404 4460 601 4498 sumus
623 4484 637 4508 ,
681 4461 863 4514 neque
892 4446 1041 4518 digni
1080 4450 1273 4515 habiti,
1304 4454 1398 4522 qui
1434 4469 1536 4524 pro
1569 4455 1792 4513 Christo
1830 4469 1979 4529 pate-

2092 4467 2249 4537 μηδὲν
2308 4446 2690 4546 πεπόνθαμεν,
2736 4446 2885 4547 eis;
2938 4446 3310 4551 ἐνομίσθημεν
3371 4446 3515 4549 dgna:
3545 4446 3671 4537 ,τῶν

407 4551 594 4589 renmr
640 4535 706 4589 ⁸⁸.
761 4537 856 4596 Sin
906 4550 1085 4594 autem
1135 4542 1282 4612 quod
1342 4544 1433 4600 ille
1479 4546 1701 4601 domum
1748 4559 1982 4621 occupat

2092 4535 2227 4628 ὗπὲρ
2275 4558 2511 4630 Χριστοῦ
2557 4535 2922 4633 παθημάτων.
2972 4535 3044 4620 Εἰ¹
3073 4567 3130 4621 δὲ
3300 4572 3331 4625 6

405 4628 774 4696 precationis,
818 4643 916 4684 vos
964 4639 1144 4686 autem
1191 4634 1294 4687 sub
1338 4633 1429 4689 dio
1472 4637 1720 4694 adoratis
1764 4641 1885 4696 C(BII
1927 4654 1983 4699 et

407 4726 565 4770 terrm
598 4716 913 4779 Dominum.
964 4720 1017 4775 id
1048 4739 1145 4778 vos
1189 4725 1373 4795 angit,
1417 4727 1673 4796 cogitate.
1727 4732 1980 4787 undecim

405 4808 708 4878 discipulos
741 4810 794 4863 in
818 4814 1111 4868 cmnaculo
1142 4816 1442 4872 conclusus
1470 4817 1671 4881 fuisse.
1703 4831 1815 4875 tum
1855 4838 1980 4878 cum

405 4899 466 4965 ii,
496 4901 585 4970 qui
619 4900 903 4958 Dominum
935 4906 1345 4977 crucifixerant,
1373 4908 1426 4963 in
1453 4910 1816 4969 celeberrimo
1841 4921 1982 4970 tem-

476 5057 522 5090 ⁸ο
557 5056 678 5113 Act.
704 5075 766 5123 v,
812 5058 902 5115 41.

506 5175 593 5257 ίξι
619 5179 1134 5257 ξιίμόουειεύςμεν.
1162 5182 1343 5257 Codex
1379 5183 1515 5257 Med.
1553 5185 1900 5257 βουλεύομεν.

515 5246 612 5324 16).
650 5246 746 5313 Ὠς
793 5246 937 5324 γάρ.-
978 5246 1258 5306 Posterior
1290 5255 1483 5324 vocula
1520 5246 1701 5310 addita
1731 5246 1793 5310 ei
1841 5257 1976 5324 Reg.

408 5317 652 5373 Secundo
688 5327 742 5370 et
793 5321 961 5373 Coisl.
1016 5326 1278 5379 secundo.
1330 5323 1464 5378 Illud
1509 5335 1689 5380 autem
1726 5328 1828 5382 ὅσα
1871 5317 1980 5382 τῶν

411 5386 598 5464 κακῶν
648 5388 963 5457 αὐτοσχέδια
1011 5392 1477 5461 interpretandum
1526 5404 1679 5464 putat
1709 5396 1981 5451 Comheli-

411 5459 551 5532 sius,
578 5473 897 5532 armentique
935 5464 1079 5515 mala
1115 5459 1285 5518 subito
1310 5459 1576 5532 accidunt,
1606 5466 1699 5521 sed
1735 5468 1867 5521 mihi
1899 5469 1979 5521 vi—

411 5529 573 5608 detur
605 5527 839 5608 Basilius
866 5545 927 5581 ea
954 5533 1271 5608 αὐτοσχέδια
1303 5550 1518 5608 vorare.
1549 5527 1607 5591 ut
1631 5545 1984 5608 opponantur

417 5599 506 5655 iis.
538 5612 659 5664 qua:
695 5599 974 5653 hominum
1009 5599 1213 5657 malitia
1245 5606 1568 5661 inferuntur.

487 5667 597 5737 (l7)
637 5668 789 5737 Διᾴτι
822 5670 1055 5726 τούτου.
1098 5671 1240 5731 Med.
1272 5675 1408 5731 διότι
1441 5676 1690 5732 τοιοῦτοι.
1726 5677 1862 5736 Trrs
1891 5679 1981 5735 alii

417 5736 634 5793 culices
663 5736 794 5789 διότι
823 5739 1082 5794 τοιούτου.

2087 4641 2235 4699 οἷκον
2264 4649 2487 4720 κατέχει
2518 4652 2618 4722 τῆς
2651 4656 2984 4727 προσευχῆς,
3030 4660 3187 4729 ὑμεῖς
3218 4661 3276 4715 δὲ
3307 4665 3366 4715 ὲν
3394 4662 3473 4735 τῷ
3504 4664 3659 4717 ὐπαίο

2087 4735 2201 4807 θρῳ
2246 4743 2603 4809 προσκυνεῖτε
2646 4743 2743 4823 ,τὸν
2790 4746 3020 4817 ούρανοῦ
3075 4750 3169 4803 καὶ
3213 4750 3319 4819 γῆς
3367 4753 3664 4824 Δεσπότην.

2083 4826 2243 4880 τοῦτο
2270 4829 2415 4898 ὑμᾶς
2448 4831 2594 4905 ἀνιᾷ.
2618 4818 2961 4909 ἐνθυμήθητε
2986 4837 3119 4910 (20),
3143 4818 3235 4893 ὅτι
3263 4818 3311 4894 oi
3346 4843 3445 4911 μὲν
3477 4818 3667 4897 ἕνδεκα

2090 4919 2330 4993 μαθηίιτα)⁵
2372 4927 2430 4980 ἐν
2473 4925 2553 4998 τῷ
2596 4927 2831 5000 ὑπερῴῳ
2875 4925 3018 5002 ἦσαν
3060 4914 3569 5005 ἀποκεκλεισμένοι,
3616 4934 3668 4989 οἱ

2160 5189 2273 5270 (Ιξ)
2290 5191 2649 5270 ξἙνᾳτασιν.
2673 5190 2810 5270 _Male
2830 5191 3193 5270 Combefisins
3209 5198 3526 5270 vertendum
3542 5216 3662 5270 pro-

2088 5264 2328 5332 nuntiat.
2362 5260 2614 5332 aduersus
2642 5264 2765 5321 vim.
2796 5278 2918 5331 quae
2944 5265 3128 5332 pietati
3159 5266 3412 5323 infertur.

2162 5330 2274 5409 μθ)
2319 5328 2532 5398 Ἦμῶν.
2568 5332 2624 5384 In
2667 5339 2778 5384 tota
2817 5328 2921 5409 har.
2944 5328 3245 5409 Verborum
3280 5340 3659 5409 complexione

2089 5401 2321 5482 primam
2350 5404 3049 5486 personamapposnimus.
3082 5405 3209 5486 quia
3245 5408 3333 5486 sic
3364 5401 3658 5486 reperimus

2090 5472 2145 5549 i_n
2176 5486 2268 5549 sex
2311 5472 2780 5549 ιιιεεηυοιιξυῖὺιιε.
2824 5474 2967 5527 Editi
2996 5472 3172 5545 ὑμῶν,
3204 5489 3258 5531 et
3287 5479 3370 5533 sic
3398 5472 3652 5549 deinceps

2089 5540 2207 5611 ᾡκή
2216 5557 2343 5593 σατε
2375 5580 2387 5593 .
2399 5581 2412 5593 .
2446 5541 2786 5611 ὲνομίσθητε.

2162 5611 2274 5688 (ευ)
2321 5610 2744 5688 Ἐνθυμήθῃτε.
2778 5610 3245 5688 Ειιὶιίηιψροηυηι
3281 5616 3371 5674 hic
3419 5618 3650 5688 ἀδελφοί.

2091 5678 2197 5737 Sed
2226 5678 2291 5737 ea
2318 5696 2421 5736 vox
2449 5678 2600 5738 deest
2627 5678 2680 5737 in
2707 5698 2801 5740 sex
2826 5678 3109 5741 codicibus
3135 5701 3269 5742 mss.
