3900 6208
198 273 304 329 897

1080 261 1574 320 EPISTOLARUM
1607 260 1898 318 CLASSIS
1935 259 1996 315 ll.
2036 260 2256 316 EPIST.
2283 260 2506 317 CCXLI.

3357 265 3464 322 898

193 382 253 434 δὲ
283 376 696 449 σταυρῶσαντες
729 377 821 428 τὸν
850 375 1052 446 Κύριον
1089 376 1146 425 ἐν
1187 373 1265 444 τῷ
1315 373 1626 443 περιϐοήτῳ
1670 370 1779 442 ναῷ

1892 372 1982 440 plo
2009 371 2219 424 cultum
2249 369 2542 425 Julaicum
2575 369 2957 440 adimplerent.
2993 369 3164 428 Iudas
3201 372 3346 426 enim
3370 377 3469 444 qui

191 473 298 542 τὴν
342 469 636 540 Ἰουδαῖκὴν
665 468 920 538 λατρείαν
961 466 1249 536 ἐπλήρουν.
1291 464 1491 526 Ἰούδας
1534 465 1662 533 γὰρ,
1691 464 1781 516 τὸν

190 562 262 617 ις
294 563 531 632 ἀγχόνης
562 561 789 613 θάνατον
814 557 909 610 τού
938 558 1056 626 μετ’
1080 555 1342 626 αἰσχύνης
1372 558 1470 627 ζῇν
1507 558 1780 626 προτιμή-

192 674 320 718 σας,
345 656 513 720 ἔδειξε
537 656 676 723 τάχα
701 652 810 704 τῶν
836 651 931 705 νύν
953 650 1473 722 ἀπερυθριασάντων
1499 650 1609 718 (ΞΗ)
1645 649 1782 720 πρὸς

190 749 378 801 πᾶσαν
410 746 711 816 ἀνθρώπων
742 743 1106 811 κατάγνωσιν,
1139 743 1228 796 καὶ
1258 742 1344 795 διὰ
1371 741 1527 794 τοῦτο
1554 740 1782 804 ἀναιδῶς

189 840 334 912 πρδις
368 839 434 892 τὰ
463 838 664 908 αἰσχρά
697 835 1076 906 διακειμένων,
1106 833 1296 887 ἑαυτὸν
1327 832 1706 905 αἱρετώτερον.

266 953 322 1006 5.
359 950 534 1005 Μόνον
585 951 660 1020 μὴ
691 947 1070 1018 ἐξαπατηθῆτε
1109 951 1228 1011 ταῖς
1266 947 1636 1016 ψευδολογίαις
1687 947 1784 1000 αύ-

187 1044 306 1098 τῶν
357 1043 411 1112 (2
439 1045 468 1108 .)
513 1039 996 1111 ἐπαγγελλομένων
1040 1038 1310 1111 ὀρθότητα
1360 1039 1612 1102 πίστεως.
1649 1041 1782 1110 Χρι-

188 1135 494 1204 στέμποροι
524 1131 631 1202 γάρ
656 1131 704 1183 οἱ
737 1129 993 1191 τοιοῦτοι,
1023 1130 1118 1182 καὶ
1150 1130 1210 1182 ού
1243 1129 1578 1201 Χριστιανοὶ,
1609 1128 1670 1182 τὸ
1697 1129 1782 1182 ἀεὶ

186 1225 381 1286 αὐτοῖς
435 1222 576 1276 κατά
629 1222 720 1274 τὸν
767 1220 880 1290 βίον
928 1219 1119 1272 τοῦτον
1161 1218 1470 1273 λυσιτελοῦν
1512 1219 1606 1272 τοῦ
1664 1220 1780 1272 κατ’

193 1315 462 1387 ἀλήθειαν
505 1313 604 1385 ζῇν
644 1315 1039 1386 προτιμῶντες.
1095 1314 1224 1367 Ὅτε
1270 1313 1527 1384 ἐνόμισαν
1551 1315 1782 1367 κτᾶσθαι

185 1408 294 1477 τὴν
343 1408 506 1476 κενὴν
551 1405 753 1476 ταύτην
801 1407 997 1477 ἀρχὴν,
1055 1405 1383 1477 προσέθεντο
1431 1409 1543 1468 τοῖς
1569 1404 1782 1475 ἐχθροῖς

185 1498 288 1553 τοῦ
345 1497 618 1567 Χριστοῦ·
672 1499 761 1550 ὅτε
807 1495 946 1550 εἶδον
989 1499 1114 1562 τοὺς
1171 1496 1334 1560 λαοὺς
1379 1497 1779 1568 ἀγριαίνοντας,

189 1589 624 1660 σχηματίζονται
674 1587 834 1640 πάλιν
876 1587 976 1657 τὴν
1028 1587 1316 1659 ὀρθότητα.
1371 1589 1484 1640 Ούκ
1519 1583 1636 1640 οἴδα
1666 1588 1783 1640 ἐπί-

189 1695 418 1741 σκοπον,
451 1678 584 1749 μηδὲ
642 1676 1010 1748 ἀριθμήσαιμι
1058 1679 1114 1730 ἐν
1165 1677 1364 1749 ἱερεῦσι
1417 1677 1651 1749 Χριστοῦ
1691 1677 1781 1732 τὸν

1886 462 2186 530 siispendio
2243 461 2468 516 interire
2521 460 2757 524 maluit,
2812 477 2977 530 quam
3029 478 3153 516 cum
3201 463 3469 520 dedecore

1885 553 2085 614 vivere,
2125 554 2352 606 forsitan
2392 554 2458 607 iis
2497 555 2591 621 qui
2637 567 2783 606 nunc
2827 553 2893 605 ad
2925 569 3142 608 onmem
3181 556 3462 609 hominum

1885 643 2400 696 condemnationem
2457 645 2576 696 sine
2629 647 2829 698 rubore
2862 660 2982 698 sese
3028 646 3361 707 obiirniant,
3411 655 3468 701 et

1885 733 2094 786 ideirco
2126 735 2519 803 iiiipiidenziain
2575 734 2641 788 ad
2682 737 2860 806 turpia
2895 751 3005 806 prae
3035 752 3094 791 se
3133 736 3314 791 ferunt
3352 753 3466 793 me-

1885 824 2075 878 liorem
2105 841 2163 880 se
2193 827 2466 880 exhibuit.

1953 937 2006 990 5.
2051 937 2286 991 Tantum
2344 955 2413 993 ne
2448 940 2801 1010 decipiamiiii
2860 941 3077 995 illorum
3124 942 3464 1008 mendariis,

1883 1028 2012 1082 dum
2068 1041 2271 1083 rectam
2318 1031 2474 1083 [idem
2525 1048 2634 1100 prae
2684 1049 2742 1086 se
2793 1033 3012 1099 ierunt.
3064 1034 3267 1087 Christi
3319 1039 3465 1090 erini

1884 1131 2226 1176 mercatores
2277 1123 2548 1192 ejusmodi
2607 1125 2895 1186 homines.
2949 1143 3058 1178 non
3108 1126 3462 1192 Christiani;

1885 1231 2101 1284 semper
2137 1215 2190 1270 id
2222 1256 2235 1278 .
2273 1224 2418 1285 quod
2466 1218 2601 1287 ipsis
2647 1219 2699 1271 in
2749 1219 2850 1274 hac
2887 1221 2994 1272 vita
3035 1221 3167 1274 utile
3193 1230 3311 1284 est,
3346 1224 3466 1276 vitae

1885 1308 1951 1361 ad
2004 1308 2289 1362 veritatem
2357 1311 2780 1364 accoiiiinodala:
2846 1321 3265 1379 anteponentes.
3325 1311 3464 1366 Cum

1885 1414 2245 1469 speraverunt
2291 1402 2590 1472 adepturos
2635 1418 2695 1456 se
2733 1404 2950 1456 inanem
2986 1405 3137 1456 illum
3187 1407 3464 1472 principa-

1885 1501 1998 1545 tum
2022 1532 2037 1554 ,
2071 1494 2442 1562 adjunxerunt
2478 1509 2537 1548 se
2574 1493 2814 1547 inimicis
2846 1495 3073 1548 Christi:
3107 1495 3194 1549 ubi
3235 1499 3467 1564 populus

1885 1585 1966 1638 ira
1997 1586 2254 1640 elieiatos
2283 1586 2486 1650 vident,
2522 1601 2716 1640 rursus
2750 1595 2954 1638 rectam
2982 1586 3137 1640 iidem
3172 1588 3391 1640 simula.
3421 1595 3462 1642 t.

1884 1673 2000 1729 Noii
2060 1690 2300 1746 agnosro
2361 1677 2719 1745 episcopum,
2770 1691 2870 1730 nec
2931 1677 3264 1730 numerarim
3323 1677 3467 1729 inter

189 1769 350 1842 παρὰ
377 1770 488 1822 τῶν
527 1769 770 1840 βεϐήλων
818 1769 1015 1840 χειρῶν
1067 1768 1159 1822 ἐπὶ
1204 1767 1498 1823 καταλύσει
1549 1769 1646 1839 τῆς
1695 1769 1779 1822 πί-

1890 1767 2094 1822 Christi
2130 1769 2449 1825 sacerdotes
2483 1785 2608 1824 eum
2637 1772 2729 1839 qui
2761 1784 2791 1822 a
2836 1770 3082 1839 profanis
3115 1771 3368 1823 manibus
3395 1767 3466 1821 ad

191 1878 368 1924 στεως
397 1863 476 1925 εἰς
514 1862 848 1931 προστασίαν
884 1859 1347 1931 προϐεϐλημένον.
1380 1859 1527 1930 Αὕτη
1567 1862 1716 1914 ἐστὶν
1745 1861 1779 1930 ή

187 1950 304 2021 ἐμὴ
335 1950 535 2021 κρίσις.
575 1949 766 2020 Ὑμεῖς
813 1949 870 2003 δὲ
911 1949 966 2002 εἷ
999 1966 1120 2002 τινα
1147 1949 1297 2020 ἔχετε
1341 1948 1462 2020 μεθ’
1490 1949 1646 2020 ἡμῶν
1683 1967 1781 2020 με·

189 2041 340 2113 ρίδα,
366 2042 541 2096 ταυτά
575 2043 705 2112 ἡμῖν
736 2043 1033 2113 φρονήσετε
1065 2040 1334 2110 δηλονότι⁶
1367 2043 1415 2094 εί
1449 2041 1506 2094 δὲ
1538 2043 1621 2107 ἐφ’
1650 2043 1779 2094 ἐαυ·

189 2134 304 2186 τῶν
335 2134 448 2204 (25)
489 2134 829 2204 βουλεύεσθε,
861 2134 959 2204 τῆς
1005 2133 1137 2197 ἰδίας
1168 2131 1392 2204 γνώμης
1426 2133 1653 2197 ἕκαστος
1679 2133 1780 2186 κύ-

191 2224 311 2296 ριός
363 2226 532 2288 ἐστιν,
581 2229 745 2297 ⁴ἡμεῖς
787 2225 955 2280 ἀθῶοι
997 2225 1106 2279 ἀπὸ
1146 2224 1240 2278 τοῦ
1288 2226 1520 2296 αἵματος
1568 2224 1777 2280 τούτου.

188 2315 386 2371 Ταῦτα
412 2317 468 2370 δέ
500 2317 737 2388 ἔγραψα,
770 2318 867 2388 οὐχ
898 2318 1026 2390 ὑμῖν
1057 2317 1323 2382 ἀπιστῶν,
1351 2317 1488 2372 ἀλλὰ
1531 2321 1593 2371 τό
1620 2334 1782 2371 τινων

189 2410 497 2480 ἀμφίϐολον
537 2409 807 2483 στηρίζων
850 2412 915 2465 ἐκ
966 2410 1060 2464 τοῦ
1094 2411 1359 2482 γνωρίσαι
1405 2413 1506 2482 τὴν
1543 2411 1781 2482 ἐμαυτοῦ

187 2501 445 2572 γνώμην,
495 2502 571 2567 ὡς
625 2503 697 2575 μὴ
750 2502 1128 2572 προληφθῖψαί
1158 2502 1265 2572 (24)
1297 2521 1416 2556 τινα
1467 2505 1548 2566 είς
1593 2520 1784 2557 κοινω·

190 2593 334 2652 νίαν.
372 2593 506 2664 μηδέ
546 2593 644 2664 τῆς
677 2595 858 2668 χειρὸς
906 2594 1086 2649 αὐτῶν
1133 2593 1391 2666 ἐπιϐολὴν
1433 2594 1782 2664 δεξαμένους,

194 2686 339 2757 μετά
381 2684 545 2738 ταῦτα
591 2685 814 2756 εἰρήνης
855 2685 1174 2755 γενομένης,
1223 2685 1506 2755 βιάζεσθαι
1554 2687 1781 2750 ἐαυτιὺς

190 2773 513 2845 ἐναριθμεῖν
575 2773 652 2844 τῷ
705 2772 960 2844 ίερατικῷ
1031 2773 1380 2844 πληρώματι.
1445 2773 1629 2828 Πάντα
1692 2774 1782 2828 τὸν

130 2898 138 2906 ν
190 2865 419 2938 κλῆρον,
436 2866 528 2918 τόν
557 2882 616 2918 τε
651 2865 791 2919 κατά
819 2864 915 2936 τὴν
943 2864 1116 2930 πόλιν,
1142 2867 1236 2920 καὶ
1269 2867 1360 2920 τὸν
1389 2867 1482 2919 ἐπὶ
1511 2865 1611 2936 τῆς
1641 2883 1784 2938 παρ-

188 2959 394 3021 οικίας,
445 2959 582 3029 μετά
620 2959 821 3022 παντὸς
875 2958 968 3012 τοῦ
1009 2959 1138 3012 λαοῦ
1189 2959 1285 3012 τοῦ
1325 2959 1660 3030 φοϐουμένου
1691 2959 1783 3012 τὸν

193 3049 427 3121 Κύριον,
462 3048 823 3120 ἀσπαζόμεθα
853 3049 921 3103 δι’
955 3050 1108 3121 ὑμῶν
1134 3050 1268 3121 (25).

706 3209 1055 3262 ΕΠΙΣΤΟΛΗ
1095 3210 1274 3262 ΣΜΑ’.

1882 1863 2222 1916 eversionem
2269 1863 2393 1916 lidi-i
2439 1863 2808 1933 principatum
2860 1865 3093 1931 accepit.
3135 1861 3246 1916 Iloc
3283 1878 3462 1916 meum

1881 1967 1967 2009 est
1995 1955 2285 2022 ῙυιΙίιίιιιιι.
2324 1953 2431 2010 Vos
2465 1967 2645 2010 autem
2695 1956 2740 2010 si
2789 1971 2952 2024 quam
3005 1966 3212 2024 partem
3251 1969 3462 2008 mecum

1882 2045 2121 2110 habetis,
2151 2047 2342 2101 eadem
2369 2045 2559 2116 utique
2590 2062 2652 2099 ac
2683 2061 2807 2114 ego,
2841 2047 3092 2100 sentietis
3119 2064 3134 2100 :
3164 2049 3248 2097 sin
3275 2053 3462 2096 autem

1882 2139 2041 2193 vohis
2077 2139 2180 2206 ipsi
2216 2153 2468 2192 seorsum
2512 2139 2804 2191 consilium
2837 2139 3057 2206 captis,
3092 2153 3205 2190 suae
3231 2138 3465 2206 quisque

1883 2231 2176 2284 sententia:
2204 2231 2464 2284 dominus
2487 2237 2591 2292 est,
2627 2245 2728 2284 nos
2759 2231 2828 2283 ah
2853 2233 2954 2284 hoc
2976 2231 3246 2300 sanguine
3273 2229 3461 2284 inson-

1882 2328 1967 2376 tes
2017 2337 2229 2378 sumus.
2289 2321 2416 2377 Hac
2463 2331 2646 2377 autem
2695 2323 2932 2392 scripsi,
2991 2337 3097 2375 non
3133 2321 3276 2389 quod
3311 2320 3465 2374 vobis

1882 2410 2142 2472 dillidaui.
2170 2412 2264 2466 sed
2302 2423 2359 2466 ut
2385 2413 2774 2465 nonnullorum
2802 2412 3202 2465 dubitationem
3242 2408 3462 2478 signiti-

1882 2504 2099 2558 catione
2126 2519 2263 2559 meae
2298 2507 2583 2560 sententiae
2615 2504 2963 2566 conﬁrmem,
2994 2519 3062 2557 ne
3086 2504 3178 2569 qui
3216 2515 3465 2555 (‘Olltllltl-

1884 2594 2048 2648 uione
2081 2604 2532 2663 praeocrupentur
2554 2637 2567 2656 .
2601 2612 2768 2658 neve,
2804 2605 3032 2666 aei-epta
3063 2597 3132 2650 ab
3157 2597 3238 2651 eis
3268 2609 3464 2647 manus

1883 2682 2258 2753 iiiipiisitione,
2297 2696 2485 2755 postea
2537 2702 2671 2755 pace
2704 2686 2912 2740 reddita
2936 2726 2951 2748 ,
2985 2687 3092 2740 viiii
3132 2686 3355 2748 iaciant,
3403 2692 3468 2737 ut

1884 2776 1939 2829 in
1973 2786 2190 2832 sacrato
2221 2788 2367 2832 casui
2397 2789 2813 2834 recenseantur.
2849 2781 3067 2856 Cleriim
3103 2795 3318 2832 omnem
3347 2785 3462 2830 tum

1884 2869 1978 2938 qui
2011 2869 2064 2922 in
2093 2869 2248 2930 urbe.
2276 2877 2389 2923 tuin
2420 2873 2510 2940 qni
2546 2872 2597 2924 in
2633 2873 2870 2940 parantia
2898 2887 3003 2924 nua
3031 2887 3154 2924 cum
3187 2872 3336 2925 omni
3363 2884 3463 2940 po-

1885 2963 2014 3030 pulo
2042 2961 2328 3016 Dominum
2363 2964 2591 3018 timente
2625 2979 2719 3033 per
2747 2980 2842 3018 vos
2877 2965 3185 3019 salutamus

2357 3208 2691 3266 EPISTOLA
2730 3210 2935 3267 CCXLI
2964 3213 3004 3265 °.

192 3347 448 3399 Rationem
470 3345 634 3398 reddit
657 3345 894 3408 Basilius,
919 3360 1008 3398 cur
1030 3361 1160 3412 saepe
1175 3347 1232 3413 in
1257 3346 1429 3413 litteris
1460 3362 1539 3399 res
1558 3346 1786 3413 molestas
1810 3346 2022 3413 Eusebio
2037 3345 2236 3404 nuntiet.
2264 3359 2434 3413 nempe
2456 3355 2506 3396 ut
2528 3361 2579 3399 se
2604 3346 2710 3412 ipse
2732 3351 2943 3400 sublevet
2962 3341 3226 3413 gemenda,
3247 3355 3291 3401 et
3312 3352 3445 3404 Fuso

1169 3409 1301 3460 bium
1317 3412 1382 3458 ad
1403 3408 1706 3461 intentiorem
1727 3424 1818 3474 pro
1841 3408 2056 3460 Ecclesia
2082 3422 2277 3473 precem
2300 3407 2493 3460 excitet.

462 3538 750 3604 Εὑσεϐίῳ,
779 3537 1091 3602 ἐπισκόπῳ
1124 3538 1509 3608 Σαμοσάτων.

263 3672 382 3742 Οὐχ
411 3669 551 3725 ὥστε
585 3671 804 3736 πλείους
839 3673 1064 3744 ποιῆσαι
1096 3675 1194 3738 τὰς
1234 3673 1492 3744 ἀθυμίας,
1518 3673 1627 3728 τῶν
1657 3674 1783 3728 δυσ-

191 3765 374 3836 χερῶν
433 3765 692 3829 πολλάκις
741 3768 797 3818 ἐν
848 3769 961 3830 τοῖς
1009 3767 1146 3838 πρὸς
1193 3767 1290 3838 τὴν
1335 3766 1626 3837 τιμιότητά
1688 3782 1781 3818 σου

190 3858 523 3929 γράμμασιν
574 3859 634 3910 οὐ
686 3857 1020 3929 φειδόμεθα,
1078 3858 1192 3911 ἀλλ’
1256 3857 1398 3910 ὥστε
1457 3858 1666 3919 ἑαυτοῖς
1721 3855 1780 3909 τέ

190 3968 318 4005 τινα
346 3953 400 4020 (1’.
439 3950 832 4022 )παραμυθίαν
876 3949 1058 4004 δοῦναι
1095 3951 1182 4004 διά
1217 3949 1324 4003 τῶν
1362 3948 1700 4019 στεναγμῶν,
1731 3947 1780 4001 οἳ

194 4040 477 4109 πεφύκασί
511 4059 626 4105 πως
657 4041 720 4094 τὸ
785 4045 842 4095 ἐν
903 4040 983 4111 τῷ
1025 4040 1178 4112 βάθει
1210 4040 1455 4109 ἀλγεινὸν
1480 4040 1776 4111 διαφορεῖν,

192 4133 326 4184 ὅταν
355 4131 640 4199 γίνωνται*
671 4132 766 4184 καὶ
793 4131 890 4202 τὴν
931 4132 1029 4204 σὴν
1066 4131 1419 4202 μεγαλόνοιαν
1457 4131 1592 4202 πρὸς
1624 4132 1778 4183 ἐκτε-

194 4222 460 4294 νεστέραν
503 4223 602 4293 τὴν
640 4223 780 4293 ὑπὲρ
827 4223 934 4277 τῶν
981 4223 1314 4295 Ἑκκλησιῶν
1358 4224 1522 4294 εὐχὴν
1570 4240 1779 4295 παρορ-

197 4313 394 4384 μῆσαι.
446 4314 597 4366 Ἐπεὶ⁵
629 4314 722 4367 καὶ
753 4315 993 4384 Μωῦσῆς
1022 4312 1222 4385 ηὔχετο
1252 4313 1350 4384 μὲν
1392 4314 1480 4365 ἀεὶ
1513 4313 1654 4376 ὑπὲρ
1683 4311 1778 4366 τοῦ

193 4403 331 4458 λαοῦ
374 4405 646 4472 δηλονότιο
697 4406 786 4458 ὅτε
833 4405 1016 4474 μέντοι
1051 4405 1188 4478 πρὸς
1227 4403 1320 4458 τὸν
1357 4404 1600 4476 Ἀμαλὴκ
1632 4401 1782 4470 ἀγὼν

194 4495 350 4567 αύτῷ
397 4499 760 4566 συνειστήκει,
789 4499 850 4551 ού
892 4497 1100 4568 καθῆκε
1142 4497 1240 4562 τὰς
1271 4499 1456 4568 χεῖρας
1487 4496 1546 4560 ἐξ
1575 4495 1650 4548 ἔω
1683 4495 1779 4566 μέ-

196 4604 323 4659 χρις
353 4587 624 4659 ἑσπέρας·
664 4587 778 4640 ἀλλ’
807 4589 840 4660 ἡ
873 4587 1092 4651 ἒκτασις
1131 4586 1238 4640 τῶν
1275 4585 1475 4658 χειρῶν
1499 4585 1593 4638 τοῦ
1625 4584 1782 4654 ἀγίου

195 4677 276 4748 τῷ
307 4677 454 4731 τέλει
483 4678 585 4748 τῆς
619 4680 799 4751 μάχης
832 4679 1277 4752 συναπηρτίζετο.

270 4843 315 4875 ⁸⁸
359 4843 532 4901 Exod.
577 4861 724 4908 mi.
763 4846 850 4900 l2.

2178 3539 2425 3602 Eusebio,
2457 3555 2697 3610 episcopo
2727 3541 3152 3595 Samosatorum.

1958 3671 2074 3727 Non
2118 3681 2178 3727 ut
2222 3688 2512 3728 mmrorem
2556 3689 2804 3741 augeam,
2840 3688 2982 3744 δαέρα
3006 3689 3186 3728 rerum
3213 3674 3464 3729 molesta-

1887 3780 2010 3819 rum
2039 3766 2094 3819 in
2121 3765 2268 3820 datis
2298 3765 2365 3819 ad
2397 3765 2898 3834 tuangdignilatein
2931 3766 3134 3822 litteris
3162 3782 3268 3819 non
3299 3781 3464 3835 parce

1888 3857 2136 3922 memini,
2173 3855 2268 3911 sed
2304 3865 2364 3910 ut
2393 3864 2448 3910 et
2493 3855 2628 3909 mihi
2687 3855 2803 3924 ipse
2847 3856 3100 3910 solatium
3154 3857 3320 3912 feram
3368 3874 3464 3926 per

1887 3949 2142 4018 gemitus.
2168 3948 2263 4019 qui
2289 3948 2468 4004 solent
2498 3946 2908 4016 quodammodo
2934 3949 3186 4000 intimum
3213 3947 3460 4002 dolorem

1885 4040 2208 4105 dissolvere,
2256 4041 2386 4096 dum
2431 4051 2760 4111 erumpunt;
2808 4049 2862 4095 et
2908 4056 3164 4109 magnum
3215 4041 3461 4095 animum

1887 4141 2041 4188 tuum
2072 4133 2139 4188 ad
2162 4133 2511 4189 intentiorem
2539 4149 2635 4204 pro
2662 4133 2929 4189 Ecclesiis
2959 4148 3174 4202 precem
3201 4134 3458 4187 excitem.

1885 4224 2021 4279 Nam
2049 4233 2104 4279 et
2134 4224 2315 4281 Moses
2357 4240 2573 4294 semper
2598 4225 2816 4294 quidem
2843 4240 2942 4294 pro
2983 4224 3182 4294 populo
3217 4225 3409 4279 orabat
3440 4243 3457 4279 ι

1888 4327 1942 4371 at
1973 4333 2098 4372 cum
2124 4333 2360 4388 pugnam
2390 4332 2513 4372 cum
2545 4316 2766 4371 Amalec
2795 4317 3162 4371 committeret
3182 4359 3195 4378 ,
3227 4331 3336 4369 non
3369 4330 3460 4369 re-

1889 4413 2037 4470 misit
2071 4426 2266 4466 manus
2295 4411 2364 4465 ab
2392 4426 2591 4466 aurora
2625 4409 2690 4464 ad
2736 4425 3019 4480 vesperam
3037 4408 3117 4475 ¹¹¹;
3163 4409 3256 4464 sed
3285 4409 3460 4465 sancti

1890 4519 2152 4558 manuum
2173 4503 2430 4558 extensio
2457 4517 2565 4556 non
2595 4504 2726 4566 alio.
2744 4517 2910 4574 quam
2929 4515 3134 4572 pugna,
3168 4503 3460 4556 terminata

1887 4602 1973 4649 est
2008 4594 2133 4648 ﬁne.

295 5019 1038 5094 21))Απερυθριασάντων.
1069 5019 1145 5075 Ita
1167 5036 1300 5077 mss.
1337 5022 1598 5092 quinque.
1634 5020 1777 5075 Editi

1890 5023 2001 5094 τοῦΖ
2024 5020 2202 5094 Cois].
2236 5025 2552 5094 uterqueet
2591 5013 2796 5094 Regius
2839 5017 3067 5094 uterque
3107 5014 3165 5094 ut
3279 5012 3453 5094 textu.

199 5096 308 5148 ἀπε
317 5092 734 5165 ρυθριαζρντων.

279 5159 395 5229 (22)
418 5159 642 5233 Αὐτῶν.
678 5159 754 5214 Ita
795 5161 958 5233 iidem
994 5179 1087 5217 sex
1119 5177 1253 5218 mss.
1280 5161 1422 5216 Editi
1458 5160 1776 5233 ἀνθρώπων.

276 5235 419 5304 (25L
439 5233 560 5304 Ἐφ’
589 5232 837 5304 ἑαυτῶν.
876 5231 953 5286 lta
982 5234 1152 5288 Coisl.
1186 5234 1396 5304 primus
1434 5231 1572 5286 cum
1603 5234 1782 5286 tribus

202 5304 330 5358 aliis
379 5301 522 5356 Editi
554 5303 647 5371 ἀφ’
673 5303 902 5359 ἑαυτῶν.

277 5373 392 5442 (ει)
419 5372 515 5441 Μὴ
535 5371 956 5442 πωληφθῆναί
975 5389 1124 5427 τινα.
1154 5372 1327 5429 Paris.
1355 5380 1409 5428 et
1431 5372 1559 5442 Reg.
1589 5387 1786 5428 secun-

203 5443 312 5502 dus
345 5443 422 5514 μὴ
454 5442 830 5515 προληφθῑυιαῐ
864 5461 1036 5507 τινας.
1083 5444 1284 5500 Ibidem
1311 5444 1439 5498 editi
1474 5442 1656 5515 χειρὸς
1684 5445 1782 5496 αύ-

2094 5074 2394 5169 efﬂictim:
2434 5086 2600 5151 Med,
2631 5074 2797 5139 Coisl.
2842 5074 3071 5149 uterqiie
3099 5085 3155 5132 et
3196 5074 3328 5147 Reg.
3363 5091 3458 5140 se-

1883 5161 2096 5220 cuiiiliis
2125 5161 2212 5215 διὰ
2238 5161 2351 5213 σοῦ.

1957 5232 2068 5299 (26)
2135 5228 2403 5293 Ἐαυτοῖς
2442 5225 2506 5279 τέ
2527 5239 2680 5299 τικᾳ.
2711 5221 2881 5299 Cois].
2917 5218 3192 5299 secundus
3218 5224 3272 5272 et
3317 5216 3454 5285 Reg.

1885 5293 2162 5360 secundus
2190 5301 2312 5353 τινὰ
2351 5298 2580 5358 ἑαυτοῖς.
2615 5295 2761 5346 llarl.
2793 5293 2996 5352 αὐτοῖς.

1964 5379 1980 5397 '
2016 5373 2164 5427 Alias
2193 5367 2394 5425 CCXL.
2432 5366 2650 5435 Scripta
2681 5378 2826 5417 anno
2853 5360 2979 5415 576.
