3900 6208
287 321 395 380 903

1132 321 1620 380 EPISTOLARUM
1646 317 1942 388 .CLASSIS
1976 318 2044 376 ll.
2084 319 2304 378 EPIST.
2344 317 2616 378 CCXLI“.

3422 315 3528 374 906

289 442 414 503 κίας
445 439 754 508 αἰδέσιμος,
783 437 883 491 οὐκ
916 437 1147 507 ἄσκησις
1175 437 1452 501 εὐσεϐείας
1472 479 1486 503 ,
1519 436 1582 489 οὐ
1612 433 1859 489 πολιτεία

1979 435 2281 490 :xercitatio
2307 433 2550 504 pietatis,
2573 448 2684 488 non
2716 431 2826 486 vita
2847 431 3150 501 secundum
3172 427 3528 502 Evangelium

290 532 432 584 κατὰ
475 530 536 584 τὸ
569 530 898 598 Εὑαγγέλιον
933 531 997 582 ἐκ
1043 531 1292 600 νεότητος
1329 530 1409 592 είς
1454 528 1632 599 γῆρας
1678 527 1861 580 διανυ-

294 621 506 674 σθεῖσα.
559 620 718 674 Ἀλλὰ
749 620 1056 693 κακοῦργος
1090 621 1187 692 μὲν
1238 619 1415 683 οὐδεὶς
1455 619 1584 674 ἄνευ
1623 617 1860 688 ἐλέγχων

293 710 748 774 καταδικάζεταιο
789 711 1082 765 ἐπίσκοποι
1117 709 1174 762 δὲ
1211 707 1320 761 ἀπὸ
1345 708 1512 779 μόνης
1551 706 1663 777 (49)
1701 723 1862 760 συκο-

294 801 525 871 φαντίας
573 802 847 866 ἑάλωσαν,
902 801 996 856 καὶ
1044 802 1315 872 μηδεμιᾶς
1375 799 1700 865 ἀποδείξεως
1750 799 1862 861 τοῖς

293 894 636 966 ἐγκλήμασιν
674 892 1056 964 ἐπενεχθείσης
1083 896 1202 956 ταῖς
1235 892 1524 962 τιμωρίαις
1545 891 1858 944 ἐκδίδονται.

295 989 455 1052 Τινὲς
485 989 542 1042 δὲ
566 987 688 1041 οὔτε
716 985 1015 1058 ἐγνώρισαν
1043 985 1154 1056 (50)
1194 984 1551 1055 κατηγόρους,
1574 981 1699 1035 οὔτε
1727 979 1864 1034 εἶδον

293 1079 642 1155 δικαστήρια,
675 1075 795 1130 οὔτε
843 1076 1362 1146 ἐσυκοφαντήθησαν
1391 1073 1488 1146 τὴν
1521 1075 1714 1146 ἀρχὴν,
1749 1072 1864 1127 ἀλλ’

295 1171 438 1243 ἀωρὶ
497 1170 606 1223 τῶν
654 1167 863 1222 νυκτῶν
909 1167 1098 1238 βιαίως
1149 1166 1590 1238 ἀναρπασθέντες
1635 1167 1712 1231 είς
1766 1165 1865 1236 τὴν

295 1263 593 1334 ὑπερορίαν
621 1260 1081 1332 ἐφυγαδεύθησαν,
1110 1261 1228 1322 ταῖς
1260 1260 1324 1312 ἐκ
1351 1260 1449 1330 τῆς
1486 1259 1722 1330 ἐρημίας
1762 1275 1864 1312 καο

295 1352 615 1416 κοπαθείαις
641 1351 1036 1422 παραδοθέντες
1064 1352 1143 1414 εἰς
1172 1350 1421 1404 θάνατον.
1459 1350 1538 1404 Τὰ
1563 1350 1620 1403 δὲ
1655 1348 1866 1412 τούτοις

295 1447 538 1517 ἑπόμενα
570 1443 822 1515 γνώριμα
863 1443 1060 1505 παντὶ,
1096 1443 1202 1496 κᾶν
1255 1443 1416 1512 ἡμεῖς
1466 1443 1862 1512 σιωπήσωμεψ

296 1535 471 1605 φυγαὶ
521 1533 942 1605 πρεσϐυτέρων,
991 1532 1161 1601 φυγαὶ
1205 1531 1497 1594 διακόνων,
1529 1531 1623 1585 καὶ
1668 1529 1868 1592 παντὸς

293 1629 392 1683 τοῦ
414 1629 614 1699 κλήρου
634 1625 894 1696 λεηλασία
909 1625 1040 1694 (5i).
1062 1625 1295 1694 Ἀνάγκη
1314 1623 1422 1695 γὰρ
1443 1623 1474 1694 ἢ
1494 1622 1860 1693 προσκυνῆσαι

293 1722 362 1789 τῇ
399 1719 586 1781 εἰκόνι,
616 1717 650 1788 ἢ
682 1719 747 1788 τῇ
787 1717 998 1788 πονηρᾷ
1032 1716 1189 1785 φλογὶ
1229 1715 1338 1768 τῶν
1375 1715 1654 1785 μαστίγων
1693 1729 1868 1784 παρα-

289 1783 534 1882 δύνθῆναι.
569 1783 868 1878 Στεναγμοὶ
1036 1783 1203 1869 λαῶν,
1230 1783 1468 1878 δάκρυον
1499 1807 1746 1877 διηνεκὲς
1776 1783 1870 1858 καὶ
1901 1783 1945 1843 Β

293 1903 420 1958 κατ’
466 1899 648 1963 οἴκους
699 1901 793 1952 καὶ
838 1899 1105 1970 δημοσίᾳ,
1164 1899 1379 1952 πάντων
1423 1899 1558 1971 πρὸς
1612 1897 1870 1965 ἀλλήλους

293 1991 639 2064 ὀδυρομένων
685 1990 720 2044 ἃ
755 1990 1073 2060 πάσχουσιν.
1117 1990 1304 2051 Οὐδεὶς
1334 1987 1442 2059 γὰρ
1487 1985 1629 2039 οὕτω
1675 1986 1871 2049 λίθινος

294 2084 397 2155 τὴν
436 2082 679 2155 καρδίαν,
711 2082 873 2146 ὥστε,
909 2081 1114 2153 πατρὸς
1141 2081 1444 2151 στερηθεὶς.
1469 2082 1658 2154 πράως
1686 2082 1872 2152 φέρειν

292 2176 398 2248 τὴν
431 2176 710 2246 ὀρφανίαν.
744 2171 914 2244 ’Ἧχος
947 2173 1291 2244 θρηνούντων
1338 2175 1396 2226 ἐν
1435 2172 1607 2235 πόλει,
1639 2167 1771 2243 ἦχος
1815 2174 1871 2225 ἐν

295 2269 527 2337 ἀγροῖς,
570 2267 626 2319 ἐν
670 2266 830 2330 ὁδοῖς,
869 2267 928 2320 ἐν
972 2265 1248 2336 ἐρημίαις.
1305 2265 1418 2319 Μία
1468 2265 1619 2335 φωνὴ
1667 2263 1873 2318 ἐλεεινὰ

296 2360 518 2412 πάντων
553 2359 664 2428 (55)
709 2359 802 2410 καὶ
839 2358 1138 2426 σκυθρωπὰ
1163 2356 1572 2426 φθεγγομένων.
1617 2355 1872 2426 Ἐξῆρται

294 2450 446 2522 χαρὰ
485 2451 578 2503 καὶ
609 2447 915 2520 εὐφροσύνη
945 2449 1310 2519 πνευματική.
1348 2450 1440 2515 Εἰς
1469 2447 1662 2509 πένθος
1686 2448 1873 2518 ἐστρά-

296 2559 481 2614 φησαν
512 2540 670 2612 ἡμῶν
716 2542 772 2594 ai
816 2541 1033 2613 ἐορταί⁶
1079 2540 1218 2593 οἶκοι
1256 2540 1573 2612 προσευχῶν
1620 2540 1870 2594 ἐπεκλεί-

298 2633 546 2703 σθησαν-
601 2630 747 2700 ἀργὰ
795 2630 863 2683 τὰ
913 2631 1281 2700 θυσιαστήρια
1338 2630 1436 2700 τῆς
1501 2632 1873 2700 πνευματικῆς

293 2723 572 2794 λατρείας.
612 2723 808 2775 Οὐκέτι
837 2721 1086 2790 σύλλογοι
1119 2723 1483 2793 Χριστιανῶν,
1516 2723 1698 2775 οὐκέτι
1728 2722 1872 2776 διδα-

297 2816 518 2871 σκάλων
549 2816 849 2887 προεδρίαι,
882 2817 940 2869 οὐ
973 2816 1279 2887 διδάγματα
1323 2817 1586 2887 σωτήρια,
1614 2817 1672 2868 ού
1701 2833 1874 2887 πανη-

294 2907 510 2979 γύρεις,
529 2910 628 2978 οὐχ
650 2908 915 2980 ὑμνῳδίαι
936 2909 1266 2978 νυκτεριναὶ,
1297 2910 1357 2961 ού
1381 2909 1438 2962 τὸ
1468 2910 1736 2981 μακάριον
1761 2909 1872 2979 (δέ)

294 3002 478 3053 ἐκεῖνο
507 3000 613 3053 τῶν
639 2999 826 3071 ψυχῶν
859 3001 1189 3071 ἀγαλλίαμα,
1224 3001 1284 3054 τὸ
1323 3002 1414 3054 ἐπὶ
1458 3005 1576 3064 ταῖς
1621 3002 1873 3069 συνάξεσι

1963 542 1994 581 a
2012 526 2302 597 iuventute
2332 528 2400 581 ad
2427 535 2704 582 senectam
2739 541 2913 597 usque
2947 532 3244 580 transacta.
3273 522 3380 578 Sed
3407 538 3530 579 sce-

1964 619 2172 675 leratus
2199 619 2420 692 quidem
2459 620 2642 674 nullus
2678 619 2797 674 sine
2834 617 3001 673 certis
3024 615 3242 672 indiciis
3264 609 3554 670 condeme'

1963 719 2127 766 natur
2167 729 2182 766 :
2211 713 2456 783 episcopi
2499 719 2682 766 autem
2713 725 2779 764 ex
2813 709 2930 764 sola
2977 707 3254 763 calumnia
3287 706 3530 764 damnati

1963 809 2131 868 sunt,
2152 818 2216 858 ac
2242 803 2392 859 nullo
2422 809 2748 873 argumento
2775 799 3257 856 criminationibus
3291 797 3529 868 adjecto,

1965 893 2249 962 suppliciis
2271 893 2582 947 traduntur.
2612 891 2725 947 lmo
2749 892 2997 946 nonnulli
3043 905 3220 960 neque
3242 897 3532 948 accusatov

1963 999 2055 1038 res
2082 992 2422 1054 agnoverunt
2443 1024 2457 1047 ,
2493 998 2670 1053 neque
2701 981 2957 1037 viderunt
3005 981 3324 1042 tribunalia,
3355 995 3533 1050 neque

1965 1076 2198 1131 omnino
2244 1075 2540 1130 calumniis
2591 1075 2816 1145 appetiti
2865 1074 3137 1138 fuerunt,
3181 1074 3278 1129 sed
3336 1073 3534 1134 intem--

1968 1175 2123 1237 pesta
2150 1175 2312 1220 nocte
2341 1165 2607 1220 violenter
2633 1165 2815 1234 rapti,
2847 1165 2904 1218 in
2932 1163 3261 1234 longinquas
3284 1163 3535 1234 regiones

1968 1257 2141 1329 fugati
2169 1265 2300 1314 sunt
2325 1297 2340 1322 ,
2372 1271 2436 1311 ex
2470 1255 3176 1334 solitudinisincommodis
3204 1256 3271 1318 ad
3304 1264 3537 1310 mortem

1969 1351 2194 1421 objecti.
2242 1348 2376 1415 Quae
2406 1357 2585 1403 autem
2611 1364 2678 1403 ex
2720 1348 2812 1404 his
2862 1355 3194 1426 sequuntur.
3224 1354 3355 1403 nota
3407 1347 3539 1402 sunt

1969 1444 2228 1500 omnibus
2249 1483 2265 1508 ,
2305 1443 2519 1498 etiamsi
2548 1450 2864 1507 taceamus;
2897 1440 3041 1511 fugae
3067 1439 3537 1511 presbyterorum,

1969 1537 2111 1609 fuga:
2133 1536 2491 1590 diaconorum
2512 1575 2526 1598 ,
2553 1549 2617 1588 ac
2660 1533 2793 1587 cleri
2823 1531 2998 1587 totius
3031 1531 3400 1602 depopulatio.
3431 1528 3541 1586 Ne-

1978 1643 2126 1684 resse
2154 1628 2300 1682 enim
2319 1634 2404 1682 est
2434 1635 2524 1679 aut
2561 1626 2856 1695 imaginem
2879 1624 3112 1679 adorare
3130 1623 3198 1687 ⁸⁸,
3237 1631 3334 1678 aut
3359 1637 3542 1694 pravae

1971 1719 2202 1774 ﬂamma:
2252 1717 2590 1789 ﬂagellorum
2653 1717 2816 1778 tradi.
2851 1715 3188 1786 Populorum
3259 1715 3540 1787 gemitus,

1973 1812 2247 1867 continuat
2280 1812 2532 1882 privatim
2568 1827 2632 1865 ac
2679 1811 2896 1880 publice
2944 1810 3231 1880 lacrymae,
3281 1807 3543 1863 omnibus

1973 1902 2118 1958 inter
2153 1919 2213 1958 se
2245 1904 2388 1957 mala
2420 1919 2518 1958 sna
2574 1902 2920 1958 dellentibns.
2978 1899 3150 1956 Nemo
3183 1899 3330 1956 enim
3376 1887 3544 1954 corde

1972 2005 2056 2050 est
2100 1993 2234 2048 adeo
2269 1995 2480 2065 lapideo
2505 2035 2520 2058 ,
2553 2004 2613 2048 ut
2659 2006 2811 2064 patre
2843 1994 3086 2064 privatus
3109 2034 3123 2052 .
3153 1993 3338 2047 animo
3384 2005 3544 2060 aequo

1974 2087 2113 2144 ferat
2143 2088 2455 2144 orbitatem.
2507 2086 2686 2142 Sonus
2717 2087 3132 2144 lamentantium
3163 2085 3220 2142 in
3248 2084 3385 2140 urbe
3405 2123 3418 2148 ,
3452 2099 3544 2139 so-

1973 2195 2081 2234 nus
2111 2181 2166 2234 in
2194 2180 2341 2248 agris
2363 2219 2376 2242 ,
2406 2179 2460 2233 in
2484 2180 2588 2232 viis
2613 2218 2628 2234 .
2675 2177 2840 2249 374
2867 2178 2922 2230 in
2978 2174 3391 2232 solitudinibus.
3424 2171 3543 2226 Vox

1974 2284 2084 2324 una
2138 2271 2380 2330 auditur,
2432 2269 2742 2323 miseranda
2789 2266 3048 2321 omnibus
3091 2280 3155 2320 ac
3224 2265 3408 2320 tristia
3459 2265 3542 2318 lo-

1975 2360 2291 2432 quentibus.
2325 2357 2612 2414 Sublatum
2641 2367 2726 2414 est
2753 2358 3036 2429 gaudium,
3067 2365 3123 2412 et
3163 2357 3350 2411 latitia
3379 2355 3545 2427 spiri-

1975 2453 2344 2508 tualis.Versi
2391 2461 2519 2506 sunt
2573 2451 2629 2506 in
2678 2452 2883 2504 luctum
2931 2448 3058 2505 festi
3105 2449 3226 2504 dies
3263 2447 3541 2512 nostri";

1977 2545 2256 2599 conclusae
2278 2544 2656 2615 precationum
2683 2542 2912 2609 domus;
2950 2549 3146 2596 vacant
3169 2540 3362 2595 altaria
3391 2540 3546 2595 cultu

1975 2636 2270 2706 spirituali.
2301 2633 2417 2689 Non
2445 2635 2556 2704 jam
2590 2642 2895 2689 conventus
2923 2633 3362 2689 Christianorum
3383 2673 3400 2698 ,
3435 2647 3546 2687 non

1971 2727 2085 2797 jam
2116 2727 2474 2798 praesidentes
2513 2726 2767 2781 doctores
2789 2765 2804 2789 ,
2839 2741 2947 2781 non
2982 2727 3311 2783 documenta
3339 2726 3546 2782 saluta—

1976 2820 2096 2885 ria,
2125 2835 2234 2874 non
2287 2818 2699 2884 solemnitates,
2735 2835 2846 2872 non
2897 2818 3228 2888 hymnorum
3287 2819 3544 2876 nocturni

1975 2921 2191 2976 cantus,
2223 2925 2400 2982 neque
2424 2910 2582 2965 beata
2612 2910 2704 2962 illa
2733 2911 3038 2964 animarum
3077 2909 3394 2974 exsultatio,
3423 2925 3547 2980 qua:

1976 3019 2044 3060 ex
2071 3004 2371 3076 synaxibus
2409 3012 2468 3058 et
2507 3005 3007 3059 communicatione
3052 3003 3324 3059 donorum
3380 3004 3546 3074 spiri-

294 3095 398 3148 καὶ
420 3097 485 3164 τῇ
523 3093 774 3165 κοινωνίᾳ
806 3092 911 3147 τῶν
953 3093 1337 3165 πνευματικῶν
1370 3095 1722 3163 χαρισμάτων
1754 3097 1872 3158 ταῖς

1979 3098 2210 3152 tualium
2258 3098 2549 3153 animabus
2577 3097 2918 3154 credentium
2944 3097 3003 3150 in
3053 3095 3346 3151 Dominum
3394 3095 3548 3151 inna-

293 3186 501 3255 ψυχαῖς
548 3187 899 3256 ἐγγινόμενον
951 3185 1060 3240 τῶν
1112 3187 1478 3239 πιστευόντων
1525 3188 1603 3250 είς
1644 3185 1870 3257 Κύριον.

310 3279 476 3348 Ἡμῖν
506 3279 704 3350 πρέπει
741 3278 951 3346 λέγειν,
987 3280 1070 3332 ὅτι
1121 3281 1241 3333 Οὐκ
1276 3279 1447 3332 ἔστιν
1487 3280 1555 3332 ἐν
1580 3278 1659 3343 τῷ
1694 3277 1876 3348 καιρῷ

295 3372 492 3433 τούτῳ
531 3370 752 3439 ἄρχων,
794 3371 931 3424 οὔτε
957 3370 1295 3439 προφήτης,
1335 3371 1471 3424 οὔτε
1521 3372 1871 3439 ἡγούμενος,

290 3461 440 3516 οὔτε
491 3463 836 3531 προσφορὰ,
879 3462 1017 3514 οὔτε
1056 3462 1348 3530 θυμίαμα,
1399 3464 1470 3515 οὐ
1528 3464 1707 3528 τόπος
1770 3462 1874 3515 τοῦ

292 3552 611 3622 κιφπῶσαι
638 3555 896 3608 ἐνώπιον
927 3556 1168 3622 Κυρίου,
1200 3553 1295 3610 καὶ
1323 3553 1518 3622 εὑρεῖν
1539 3555 1729 3620 ἕλεος.

372 3648 425 3701 5.
463 3647 644 3700 Ταῦτα
671 3647 867 3701 εἰδόσιν
901 3647 1308 3716 ἐπιστέλλομεν,
1341 3647 1474 3699 διότι
1514 3646 1667 3700 οὐδὲν
1710 3647 1873 3718 μέρος

296 3738 423 3790 ἐστὶ
448 3738 546 3806 τῆς
581 3738 926 3809 οίκουμένης,
957 3737 985 3790 ὃ
1007 3738 1104 3801 τὰς
1130 3739 1401 3808 ἡμετέρας
1433 3738 1614 3790 λοιπὸν
1639 3740 1873 3808 ἠγνόησε

298 3828 606 3899 συμφοράς.
639 3829 802 3882 Ὥστε
831 3819 892 3882 ού
922 3829 1271 3892 διδασκαλίας
1301 3830 1486 3883 ἕνεκεν
1516 3833 1641 3892 τοὺς
1685 3829 1873 3898 λόγους

293 3920 525 3982 τούτους
569 3919 838 3974 ποιεῖσθαι
891 3922 1034 3991 ἡμᾶς
1080 3921 1318 3990 νομίζειν
1378 3921 1652 3992 προσῆκεν
1678 3960 1693 3985 ,
1755 3921 1874 3974 ούδέ

292 4009 395 4063 τοῦ
438 4010 549 4080 (55)
593 4011 901 4081 ύπομνησαι
932 4011 1084 4081 ὑμῶν
1133 4012 1230 4083 τὴν
1283 4013 1601 4084 ἐμμέλειαν.
1641 4013 1875 4084 Οἴδαμεν

298 4103 434 4172 γὰρ,
469 4103 550 4156 ὅτι
579 4103 680 4155 οὐκ
720 4102 784 4156 ἄν
814 4120 944 4156 ποτε
984 4104 1332 4158 ἐπιλάθοισθε
1359 4105 1540 4176 ἡμῶν,
1571 4106 1630 4158 οὐ
1673 4105 1872 4175 μᾶλλόν

294 4211 366 4262 γε
411 4194 445 4265 ἢ
493 4195 526 4264 ἡ
583 4197 764 4265 μήτηρ
828 4193 936 4248 τῶν
987 4196 1228 4263 ἐκγόνων
1271 4198 1369 4267 τῆς
1418 4196 1624 4260 κοιλίας
1681 4198 1870 4268 αὐτῆς.

308 4286 453 4343 Ἀλλ’
485 4287 670 4358 ἐπειδὴ
699 4289 748 4341 oi
781 4289 1108 4360 περιωδυνίᾳ
1138 4291 1248 4362 (56)
1275 4293 1380 4346 τινὶ
1406 4294 1759 4363 κατεχόμενοι
1785 4294 1873 4353 διὰ

295 4377 410 4430 τῶν
441 4377 758 4448 στεναγμῶν
806 4379 1085 4448 κουφίζειν
1115 4398 1230 4443 πως
1275 4380 1372 4443 τὰς
1425 4381 1725 4451 ἀλγηδόνας
1768 4399 1867 4433 πε-

1976 3190 2170 3246 scitur.
2224 3189 2388 3246 Decet
2424 3205 2529 3246 nos
2557 3189 2782 3246 dicere:
2821 3188 2945 3243 Non
2984 3198 3062 3243 est
3102 3189 3157 3243 in
3187 3198 3418 3257 tempore
3451 3184 3548 3242 hoc

1973 3285 2235 3352 princeps,
2259 3299 2418 3354 neque
2441 3273 2696 3372 propheta
2716 3323 2732 3347 ,
2770 3299 2933 3353 neque
2953 3282 3062 3337 dux
3087 3323 3103 3348 ,
3131 3299 3294 3353 neque
3321 3281 3546 3350 oblatio,

1976 3391 2139 3444 neque
2189 3375 2390 3443 su/ﬁms
2411 3415 2426 3439 ,
2461 3392 2621 3445 neque
2659 3375 2805 3429 locus
2836 3375 3177 3444 sacriﬁcandi
3224 3392 3406 3438 coram
3436 3374 3548 3430 Do-

1977 3469 2138 3532 mino,
2159 3476 2210 3520 et
2243 3467 2536 3522 inveniendi
2569 3468 2992 3524 misericordiam
3022 3467 3090 3522 ⁸⁷.

2047 3648 2099 3701 3.
2135 3645 2441 3702 Scribimus
2479 3647 2594 3702 haec
2625 3647 2950 3712 scientibus,
2975 3664 3101 3703 cum
3139 3665 3268 3721 pars
3300 3650 3451 3706 nulla
3476 3651 3548 3707 sit

1975 3738 2130 3792 orbis
2151 3746 2424 3792 terrarum
2447 3781 2462 3807 ,
2487 3755 2607 3808 qua:
2627 3739 2739 3808 jam
2772 3740 3118 3796 calamitates
3143 3751 3361 3798 nostras
3393 3743 3548 3812 igno-

1974 3836 2078 3884 ret.
2109 3828 2289 3895 Quare
2334 3845 2442 3883 non
2486 3829 2720 3884 docendi
2743 3844 2913 3884 causa
2945 3830 3060 3884 hac
3089 3845 3120 3885 a
3154 3832 3316 3886 nobis
3345 3832 3548 3888 disseri

1976 3920 2305 3976 credendum
2329 3963 2345 3988 ,
2382 3929 2474 3974 aut
2508 3930 2566 3974 ut
2593 3920 3151 3977 commonefaciamus
3189 3930 3425 3977 vestram
3463 3922 3547 3976 di-

1976 4012 2278 4082 ligentiam.
2314 4009 2576 4065 Novimus
2597 4010 2740 4064 enim
2764 4025 3047 4080 nunquam
3072 4001 3172 4066 vos
3206 4013 3381 4068 nostri
3408 4012 3548 4068 obli-

1977 4112 2132 4160 turos
2159 4118 2311 4165 esse.
2348 4117 2457 4157 non
2491 4102 2664 4172 magis
2695 4116 2830 4156 sane
2851 4116 3016 4170 quam
3045 4109 3275 4168 matrem
3308 4101 3547 4158 ﬁliorum

1975 4196 2119 4252 uteri
2137 4195 2223 4250 sui
2257 4195 2325 4246 ³⁸.
2355 4193 2463 4249 Sed
2493 4193 2750 4264 quoniam
2769 4194 2863 4264 qui
2889 4193 3078 4248 dolore
3094 4194 3276 4264 aliquo
3302 4194 3551 4249 detinen-

1977 4297 2088 4352 tur,
2119 4289 2416 4359 gemitibus
2449 4287 2632 4342 levare
2663 4287 2847 4356 aliquo
2878 4287 3041 4342 modo
3067 4301 3301 4358 angores
3336 4288 3548 4352 solent,

1979 4384 2120 4436 idem
2172 4393 2226 4436 et
2295 4397 2396 4436 nos
2453 4379 2724 4446 iacimus;
2771 4380 3082 4436 excutimus
3148 4381 3551 4450 quodammodo

295 4466 528 4537 φύκασι,
558 4469 715 4522 τοῦτο
755 4471 851 4523 καὶ
885 4471 1046 4541 ἡμεῖς
1091 4471 1350 4542 ποιοῦμεν
1375 4485 1386 4497 '
1416 4468 1528 4526 οἷον
1564 4475 1870 4530 ἀποσκευαο

1979 4476 2234 4529 nimi-oris
2287 4472 2536 4544 pondus,
2567 4473 2694 4528 dum
2736 4471 3017 4528 dilectioni
3050 4482 3250 4529 vestrae
3292 4475 3552 4544 multipli-

370 4628 418 4662 ⁸⁸
457 4624 591 4680 Dan.
635 4641 733 4690 ιιι,
812 4625 898 4682 10.

379 4777 485 4856 (49)
531 4780 672 4856 ίΑπῤ
696 4780 913 4849 μόνης.
945 4779 1191 4846 Quatuor
1217 4781 1434 4839 codices
1465 4800 1571 4838 non
1600 4787 1868 4856 antiquis-

299 4850 427 4907 simi
462 4849 566 4904 ὑπὸ
594 4849 776 4918 μόνης.

374 4920 484 4988 (50)
520 4917 668 4972 Οὔτε
697 4917 1045 4992 ἐγνῴρισαν.
1085 4919 1264 4992 Neque
1304 4935 1641 4992 agnoverunt,
1687 4925 1738 4978 id
1765 4939 1867 4991 εει,

301 4996 652 5045 accusatores
682 4989 931 5058 producti
966 5005 1149 5046 coram
1173 4989 1278 5046 illis
1307 4989 1414 5046 non
1443 4993 1680 5050 fuerunt.
1717 4989 1870 5050 Desié

299 5069 434 5130 gnat
478 5061 568 5130 illa
598 5075 698 5113 vox
749 5058 1048 5130 ἐγνώρισαν
1092 5076 1213 5114 eum
1251 5065 1612 5128 cognoscendi
1647 5065 1870 5118 modum

299 5129 395 5200 ψιὶ
431 5129 599 5200 certis
623 5139 675 5200 et
698 5129 994 5200 exploratis
1017 5139 1231 5185 constat
1255 5133 1490 5186 indiciis.
1524 5130 1615 5187 Sic
1642 5132 1874 5188 Basilius

303 5197 359 5253 in
388 5200 548 5276 epist.
576 5197 682 5276 Ξθὲ
707 5218 720 5252 :
758 5199 1027 5276 [Ῑρότερον
1067 5201 1222 5276 αὐτο).
1249 5201 1363 5276 μετ’
1397 5203 1638 5276 ἀλλήλων
1657 5205 1874 5276 λγνωρίτι

305 5287 435 5323 σατε
471 5269 714 5354 ἑαυτοὺς,
763 5270 846 5322 ἵνα
873 5269 1089 5340 γνῶμεν
1122 5269 1260 5341 πρὸς
1295 5272 1445 5336 τίνας
1480 5269 1612 5343 ἡμῖν
1653 5269 1805 5327 ἔσται
1837 5275 1872 5345 ἡ

305 5356 611 5392 συμφωνία.

302 5356 846 5529 Ξὲἷῖἓὴλασία.
893 5407 972 5463 lta
1018 5418 1228 5468 veteres
1274 5411 1398 5466 libri
1449 5419 1678 5483 septem.
1731 5410 1874 5468 Editi

302 5491 604 5533 λεηλασιαι.

406 5496 604 5533 Αασιαι.

366 5496 490 5614 ῗῦιι)
519 5549 860 5623 Στειςαπμοί.
900 5548 1136 5623 ACodiccs
1182 5554 1510 5608 recentiores
1556 5569 1666 5608 non
1712 5553 1874 5623 pauci

304 5617 626 5692 στεναγλμός.
659 5617 855 5692 Ibidem
896 5618 1143 5692 δακρύων
1173 5623 1417 5692 διηνεκές
1449 5623 1504 5676 in
1543 5617 1728 5692 prima
1754 5623 1872 5678 edi-

301 5691 455 5741 tione
491 5686 660 5741 Paris.
708 5688 878 5740 Aliter
906 5686 1109 5743 aliis-in
1137 5686 1417 5746 codicibus
1441 5686 1602 5747 editis
1651 5701 1706 5745 et
1737 5708 1872 5747 mss.

377 5757 490 5826 (53)
519 5755 786 5810 Πάντων.
822 5755 911 5811 Sic
931 5774 1118 5814 omnes
1141 5779 1272 5816 mss.
1304 5762 1443 5817 Editi
1470 5763 1742 5816 ἁπάντων.
1777 5761 1874 5817 Hic

632 5849 897 5912 Ριιτιιοι..
931 5856 979 5914 G
1030 5899 1046 5916 .
1091 5855 1358 5917 XXXII.

991 4626 1036 4658 ⁸⁸
1076 4626 1242 4684 Amos
1283 4645 1416 4694 vin,
1458 4629 1546 4684 10.
1630 4629 1674 4662 ⁸⁷
1717 4629 1852 4688 Dan.
1895 4647 1998 4697 ιιι.
2040 4632 2130 4698 58,
2173 4631 2262 4688 59.

2351 4632 2397 4664 ⁸⁸
2437 4629 2539 4686 lsa.
2586 4648 2746 4697 χιιι,
2792 4633 2876 4689 15.

1979 4796 2158 4841 autem
2208 4788 2473 4859 occurrit,
2500 4787 2732 4859 insignis
2775 4789 3014 4845 varietas
3049 4788 3104 4842 in
3137 4794 3374 4859 quatuor
3411 4801 3544 4844 mss.

1980 4873 2086 4929 non
2121 4858 2536 4929 vetustissimis,
2559 4858 2835 4928 inquibus
2867 4861 2953 4929 sic
2982 4860 3216 4929 legitur;
3251 4858 3366 4910 Μία
3395 4859 3546 4929 φωνὴ

1979 4928 2203 4999 ἐλεεινή·
2237 4929 2456 4999 πάντων
2488 4928 2554 4999 τᾲ
2592 4926 2892 4999 σκυθρωπὰ
2917 4926 3334 4999 φθεγγομένων.

2050 4995 2268 5066 (Ξίγοὺ
2299 4998 2366 5052 τὸ
2383 4997 2697 5067 μακάριον.
2729 4995 2804 5052 lta
2828 4995 3200 5053 codices’l’ns‘s.
3228 5005 3371 5052 octo.
3407 4995 3549 5055 Editi

1977 5065 2120 5120 οὔτε.
2146 5065 2322 5122 Paulo
2348 5065 2471 5137 post
2511 5067 2643 5123 editi
2670 5069 2698 5120 ὃ
2727 5068 2820 5120 ἐπὶ
2859 5070 3046 5130 ταῖς...
3083 5067 3372 5136 ἐγγίνεται.
3412 5067 3548 5123 Tres

1974 5139 2334 5192 vetustissimi
2367 5138 2587 5192 codices
2624 5149 2681 5192 ut
2705 5138 2760 5190 in
2797 5147 2972 5192 textu.

2047 5207 2158 5275 (55)
2178 5207 2332 5260 Οὐδὲ
2355 5208 2482 5278 τοῦ.
2513 5206 2648 5278 Tres
2670 5207 3031 5278 vetustissimi
3059 5207 3278 5278 codices
3308 5209 3426 5261 οὐδὲ
3449 5207 3546 5278 τῷ.

1975 5273 2145 5349 Paulo
2179 5287 2303 5346 post
2335 5277 2468 5332 editi
2497 5276 2846 5347 ἐπιλάθησθε.
2882 5277 3030 5331 Harl.
3063 5284 3118 5332 et
3144 5276 3312 5334 Coisl.
3340 5273 3549 5349 primus

1976 5354 2038 5399 ut
2068 5347 2124 5400 in
2161 5355 2335 5400 textu.

2047 5415 2158 5497 (ξιϐ)
2177 5419 2241 5497 ΟΞ
2267 5416 2650 5497 περιωδυνίᾳ..
2661 5415 2767 5497 .Sic
2788 5417 3548 5497 tres_vetu_stissimi_codiccs,

1981 5487 2398 5574 allibusﬁvsm
2429 5495 2552 5574 ξτες.
2583 5488 2674 5568 ²¹.ίί
2706 5488 3009 5574 nam?“
3053 5492 3249 5574 '98?!"
3277 5491 3552 5574 ιῖθσπξρ-Ρέ

1979 5556 2158 5630 όδύνῃ.
2185 5557 2408 5630 ljegitur
2435 5558 2486 5610 in
2516 5557 2682 5630 Regio
2704 5558 2934 5630 Ῠ1824,οί
2961 5559 3088 5630 περὶ
3108 5556 3373 5630 ἒὺδονεία.
3411 5556 3552 5616 Ειίίιί

1979 5619 2161 5699 όδύνῇ.
2194 5619 2363 5699 Pallio
2391 5637 2512 5699 post
2542 5619 2670 5699 eain
2697 5619 3103 5699 διαγγέλλομέν.
3130 5633 3265 5689 Tres
3293 5619 3468 5689 vetust
3497 5648 3547 5686 s-

1984 5696 2363 5753 simi’codices
2397 5696 2813 5768 ἐξανγὲλλομεν.

3237 5875 3312 5932 ευ
