3900 6208
386 338 477 397 907

1719 335 1775 392 ὃ.
1819 334 2060 392 BASILII
2103 337 2314 396 MAGNI
2393 331 2400 338 ’

3514 347 3616 401 903

382 470 468 511 ses
518 461 736 509 nostras
782 448 1122 508 calamitates
1171 454 1516 516 nuntiamus,
1546 454 1591 508 si
1641 469 1751 524 quo
1782 454 1936 508 modo

2047 455 2251 527 ζόμεθα
2278 455 2377 527 τῆς
2410 454 2585 528 λύπης
2616 455 2678 511 τὸ
2707 455 2893 528 βάρος,
2927 457 2994 512 δι’
3014 451 3089 513 ὧν
3114 458 3252 532 πρὸς
3287 457 3392 530 τὴν
3424 458 3617 529 ὑμετέ-

377 547 752 603 vehementius
786 546 852 601 ad
915 546 1250 618 precandum
1294 561 1394 616 pro
1455 546 1616 601 nobis
1651 546 1943 610 commoti,

376 640 665 695 Dominum
697 641 937 696 exoretis
971 649 1031 693 ut
1057 639 1446 696 reconcilietur
1480 639 1662 694 nobis.
1710 638 1865 704 Quod
1897 639 1943 694 si

373 745 630 786 erumnas
657 745 778 800 quae
807 744 906 785 nos
935 731 1179 802 aﬂligunt
1223 729 1353 784 solae
1409 737 1596 784 essent
1617 769 1632 792 ,
1659 731 1944 784 statuisse-

299 877 304 884 ,
374 837 494 876 mus
532 822 717 891 utique
747 821 888 891 apud
918 821 1288 892 nosmetipsos
1318 830 1501 874 tacere
1524 861 1538 884 ,
1573 829 1736 891 atque
1769 821 1821 874 in
1862 821 1944 875 in-

374 914 676 968 commodis
713 927 813 982 pro
861 912 1084 968 Christo
1137 912 1483 982 perferendis
1511 915 1785 981 gaudere:
1820 911 1943 964 Non

369 1005 515 1060 enim
547 1012 670 1058 sunt
700 1003 978 1074 condigna:
1006 1005 1279 1073 passiones
1303 1005 1459 1074 hujus
1491 1007 1740 1072 temporis
1759 1006 1826 1058 ad
1859 1004 1945 1072 fu-

373 1107 547 1149 turam
575 1095 830 1166 gloriam,
873 1113 990 1166 qna’
1038 1096 1356 1150 revelabitur
1386 1098 1439 1149 in
1475 1097 1624 1150 nobis
1666 1097 1732 1151 ⁸³.
1783 1096 1942 1152 Nunc

368 1196 549 1242 autem
581 1202 854 1251 veremur,
899 1188 1196 1256 nequando
1257 1189 1649 1258 ingravescens
1693 1190 1938 1251 malum,

370 1279 514 1332 velut
561 1277 783 1334 ﬂamma
813 1279 1060 1348 quaedam
1095 1279 1376 1333 ardentem
1414 1282 1697 1333 materiam
1750 1296 1943 1351 perva,

368 1370 501 1425 dens
525 1410 540 1435 ,
567 1377 860 1441 postquam
897 1371 1306 1440 consumpserit
1354 1387 1474 1440 qua:
1504 1373 1749 1441 proxima
1774 1381 1903 1427 sunt
1923 1414 1938 1436 ,

367 1460 595 1531 attingat
626 1463 791 1516 etiam
826 1469 880 1517 et
926 1463 1246 1516 remotiora.
1298 1460 1622 1532 Depascitur
1653 1465 1800 1518 enim
1832 1465 1944 1519 hae.

367 1567 549 1606 reseos
593 1553 795 1607 malum
819 1592 833 1615 ,
859 1561 912 1607 et
958 1554 1123 1606 timor
1163 1561 1246 1608 est
1283 1569 1386 1616 ne,
1422 1555 1627 1608 voratis
1678 1543 1954 1611 Ecclesiis‘

364 1644 606 1708 nostris,
653 1651 836 1714 serpat
892 1652 1082 1715 postea
1124 1661 1296 1715 usque
1356 1646 1422 1698 ad
1475 1662 1666 1700 sanam
1726 1658 1937 1718 partem

367 1740 560 1787 vestra:
618 1733 896 1800 partecize.
955 1732 1216 1789 Fortasse
1267 1735 1454 1805 igitur,
1491 1738 1617 1806 quia
1660 1737 1801 1806 apud
1837 1753 1938 1793 nos

366 1823 661 1879 abundavit
708 1834 1028 1894 peccatum,
1063 1827 1226 1895 primi
1281 1827 1336 1880 in
1383 1843 1565 1882 escam
1619 1829 1802 1882 traditi
1847 1846 1939 1884 stl-

365 1933 488 1972 mus
522 1918 838 1973 crudelibus
875 1917 1223 1972 inimicorum
1252 1918 1346 1974 Dei
1384 1919 1660 1975 dentibus.
1680 1919 1939 1977 Fortasse

369 2007 566 2074 etiam,
611 2007 757 2078 quod
804 2016 858 2062 et
891 2008 1252 2063 verisimilius
1305 2017 1420 2070 est,
1452 2011 1710 2080 quoniam
1760 2009 1940 2064 Evan-

366 2098 562 2170 gelium
598 2099 748 2170 regni
776 2139 792 2162 ,
825 2107 988 2170 capto
1023 2114 1053 2152 a
1091 2100 1300 2155 nostris
1339 2101 1476 2157 locis
1508 2101 1663 2154 initio
1685 2140 1698 2162 ,
1728 2102 1782 2155 in
1816 2117 1936 2155 om-

365 2213 484 2254 uem
517 2198 765 2268 pervenit
813 2207 1084 2252 terrarum
1112 2197 1301 2251 urbem
1323 2238 1338 2261 ,
1374 2197 1580 2251 idcirco
1626 2197 1937 2252 communis

367 2291 668 2346 animarum
707 2299 1022 2346 nostrarum
1054 2290 1232 2344 hostis
1275 2287 1539 2358 perficere
1587 2297 1840 2350 conatur,
1877 2293 1936 2340 ut

367 2382 680 2439 defectionis
746 2381 992 2443 semina,
1025 2389 1246 2451 sumpto
1290 2380 1358 2433 ab
1405 2379 1600 2434 iisdem
1655 2379 1793 2433 locis
1834 2379 1936 2432 ini—

365 2476 472 2539 tio,
517 2477 571 2530 in
603 2481 779 2529 totum
829 2482 1102 2528 terrarum
1138 2473 1324 2527 orbem
1373 2469 1770 2525 diﬂ'undantur.
1802 2469 1936 2535 Qui-

364 2569 464 2623 bus
492 2567 639 2623 enim
669 2565 875 2621 affulsit
905 2565 1238 2619 illuminatio
1271 2563 1604 2635 cognitionis
1633 2562 1840 2618 Christi
1865 2563 1934 2628 ’°,

361 2659 427 2714 ad
463 2673 558 2714 eos
599 2666 659 2713 ut
700 2658 923 2713 veniant
973 2657 1135 2711 etiam
1172 2655 1470 2725 impietatis
1503 2654 1774 2718 tenebrte,
1821 2669 1936 2707 ma-

363 2751 635 2808 chinatur.

426 3022 482 3076 4.
511 3020 736 3077 Vestras
781 3020 948 3090 igitur
981 3019 1297 3075 existimate
1331 3016 1656 3072 amictiones
1684 3021 1929 3075 nostras,
1973 3009 1976 3012 ’

361 3118 420 3166 ut
453 3111 566 3166 veri
608 3109 868 3180 discipuli
917 3109 1153 3163 Domini.
1199 3108 1316 3162 Non
1357 3107 1424 3162 de
1482 3106 1764 3177 pecuniis.
1823 3121 1929 3158 non
1960 3129 2004 3190 ε

359 3202 519 3274 3⁵15
549 3203 615 3257 de
637 3202 810 3272 gloria
831 3243 846 3268 ,
880 3218 989 3256 non
1022 3201 1089 3256 de
1122 3201 1230 3254 ulla
1284 3199 1388 3253 alia
1423 3215 1490 3254 ex
1519 3199 1683 3252 rebus
1723 3205 1932 3264 tempo-

358 3293 522 3348 rariis
551 3292 753 3348 bellum
789 3293 1132 3348 sustinemus
1163 3311 1176 3346 :
1212 3292 1304 3345 sed
1339 3290 1408 3344 de
1452 3288 1727 3343 communi
1763 3287 1932 3340 hzer-e-

357 3384 554 3449 (litate,
585 3385 764 3454 patrio
795 3385 1059 3440 thesauro
1109 3398 1259 3438 sana:
1305 3381 1427 3436 fidei
1479 3389 1688 3435 stamus
1742 3378 1935 3432 decer-

357 3484 557 3532 tantes.
603 3477 856 3532 Dolorem
910 3489 1160 3531 nostrum
1203 3476 1418 3538 dolete,
1466 3490 1499 3529 o
1550 3488 1650 3528 vos
1701 3472 1929 3526 fratrum

355 3577 604 3626 amantes
624 3610 640 3636 ,
665 3570 923 3643 quoniam
972 3571 1196 3624 occlusa
1235 3578 1366 3624 sunt
1397 3566 1541 3637 apud
1584 3582 1687 3621 nos
1714 3567 1930 3636 piorum

355 3677 482 3727 ora,
513 3669 701 3732 aperta
733 3677 862 3718 vero
899 3662 1081 3716 omnis
1105 3661 1282 3715 audax
1312 3670 1364 3714 et
1390 3659 1708 3729 blasphema
1748 3657 1932 3727 lingua

355 3755 697 3825 loquentium
747 3753 1008 3809 adversus
1036 3752 1203 3808 Deum
1244 3753 1585 3823 iniquitatem
1607 3753 1676 3805 ἰ.
1703 3749 1932 3805 Colum-

354 3861 438 3902 me
482 3852 537 3901 et
589 3845 822 3900 fulcrum
851 3845 1101 3900 veritatis
1153 3845 1206 3899 in
1234 3845 1576 3915 dispersione
1602 3861 1616 3909 ;
1648 3859 1750 3898 nos
1781 3859 1930 3905 vero,

352 3939 449 4009 qui
501 3937 572 3993 ob
623 3938 946 3993 tenuitatem
1016 3939 1312 4006 contempti
1375 3937 1621 3998 fuimus,
1674 3934 1932 4004 loquendi

353 4031 704 4086 destitnimur
749 4030 1024 4085 libertate.
1073 4030 1359 4085 Decertate
1408 4044 1506 4099 pro
1538 4029 1792 4098 populis,
1829 4042 1931 4082 nec

349 4129 596 4193 spectate
645 4121 810 4175 modo
869 4131 1115 4175 vestrum
1177 4129 1416 4183 statum,
1472 4119 1729 4175 videlicet
1785 4119 1933 4190 quod

354 4213 411 4265 in
451 4212 702 4281 portibus
737 4212 1050 4281 tranquillis
1087 4213 1248 4267 statis
1270 4253 1284 4275 ,
1322 4211 1415 4266 Dei
1446 4212 1620 4281 gratia
1648 4211 1873 4265 omnino
1902 4225 1933 4264 a

354 4301 576 4355 turbine
628 4301 896 4354 malorum
944 4311 1230 4356 ventorum
1288 4317 1386 4356 vos
1432 4310 1768 4371 protegente.
1826 4299 1934 4356 Sed

353 4405 578 4445 manum
619 4390 784 4445 etiam
815 4389 1078 4446 Ecclesiis
1113 4401 1436 4463 tempestate
1481 4395 1774 4464 exagitatis
1805 4409 1932 4463 por-

2050 564 2150 617 ραν
2192 547 2414 617 ἀγάπην
2451 546 2551 610 τὰς
2593 547 2892 612 πολυειδεῖς
2926 550 3082 620 ἡμῶν
3129 551 3418 622 συμφορὰς
3464 551 3618 618 ἐξαγ-

2047 637 2328 707 γέλλομεν,
2358 638 2411 690 εί
2435 655 2551 701 πως
2574 638 2640 692 ἂν
2675 637 3034 710 σφοδρότερον
3061 641 3140 704 εἰς
3168 640 3267 702 τὰς
3295 639 3438 710 ὑπὲρ
3462 639 3617 709 ἡμῶν

2049 727 2356 798 προσευχὰς
2393 727 2727 797 κινηθέντες,
2765 727 3124 798 δυσωπήσητε
3155 729 3266 798 (57)
3299 728 3392 781 τὸν
3419 728 3617 797 Κύρων

2045 819 2398 888 διαλλαγῆναι
2431 822 2583 890 ἡμῖν.
2624 820 2687 872 Εἰ
2717 820 2816 890 μὲν
2837 815 2930 873 οὖν
2963 823 3017 873 αί
3043 819 3252 889 θλίψεις
3285 815 3429 890 ἦσαν
3463 821 3617 889 μόναι

2045 912 2102 962 αἱ
2132 909 2532 963 καταπονοῦσαι
2556 912 2724 981 ἡμᾶς,
2752 909 2853 964 κᾶν
2879 909 3374 980 συνεϐουλεύσαμεν
3407 911 3617 972 ἑαυτοῖς

2043 1005 2143 1074 τὴν
2179 1003 2403 1075 ἡσυχίαν
2439 1004 2615 1072 ἄγειν,
2663 1004 2756 1056 καὶ¹
2797 1003 3009 1074 χαίρειν
3049 1005 3162 1066 τοῖς
3197 1003 3340 1073 ὑπὲρ
3378 1001 3616 1072 Χριστοῦ

2047 1095 2398 1166 παθήμασιν.
2452 1094 2640 1164 ἐπειδὴ
2691 1095 2813 1146 Οὐκ
2852 1093 2991 1158 ἀξια
3035 1093 3106 1147 τὰ
3140 1094 3463 1162 παθήματα
3514 1093 3618 1146 τοῦ

2046 1188 2161 1240 νῦν
2205 1186 2409 1255 καιροῦ
2455 1185 2604 1253 πρὸς
2638 1185 2752 1253 τὴν
2767 1185 3116 1256 μέλλουσαν
3168 1185 3355 1250 δόξαν
3395 1187 3622 1240 ἀποκα-

2043 1278 2462 1346 λυφθήσεσθαι
2489 1279 2576 1341 εἰς
2603 1276 2759 1346 ἡμᾶς
2777 1294 2790 1307 ο
2824 1277 2919 1330 νῦν
2957 1277 3011 1330 δὲ
3034 1276 3366 1347 φοϐούμεθα,
3406 1279 3621 1347 μήποτε

2044 1371 2409 1442 αὐξανόμενον
2457 1372 2520 1424 τὸ
2573 1371 2777 1434 κακὸν,
2831 1369 3021 1440 ὥσπερ
3074 1387 3158 1432 τις
3203 1368 3334 1438 φλὸξ
3381 1369 3470 1420 διὰ
3518 1369 3622 1438 τῆς

2045 1463 2339 1534 καιομένης
2375 1462 2508 1534 ῦλης
2537 1460 2825 1532 βαδίζουσα
2851 1458 2984 1528 (58),
3012 1459 3230 1513 ἐπειδὰν
3260 1459 3621 1531 καταναλώσῃ

2043 1555 2108 1608 τὰ
2157 1555 2414 1624 πλησίον,
2465 1554 2670 1624 ἅψηται
2723 1554 2818 1606 καὶ
2858 1552 2965 1604 τῶν
3016 1552 3225 1622 πόρρω.
3264 1550 3623 1620 Ἐπινέμεται

2042 1649 2150 1717 γὰρ
2178 1647 2237 1698 τὸ
2274 1647 2440 1698 κακὸν
2467 1647 2564 1716 τῆς
2595 1645 2858 1716 αἱρέσεως
2879 1663 2891 1674 ·
2929 1645 3022 1696 καὶ
3051 1645 3171 1706 δέος
3207 1645 3346 1706 ἐστὶ,
3381 1643 3478 1714 μὴ,
3519 1642 3624 1704 τὰς

2043 1739 2314 1808 ἡμετέρας
2343 1738 2667 1808 Ἐκκλησίας
2697 1736 3111 1805 καταφαγοῦσα,
3144 1736 3285 1807 ἕρψῃ
3308 1736 3500 1788 λοιπον
3525 1734 3625 1788 καὶ

2042 1832 2132 1884 ἐπὶ
2153 1831 2211 1883 τὸ
2239 1831 2478 1898 ὑγιαῖνον
2503 1831 2666 1902 μέρος
2687 1831 2788 1900 τῆς
2816 1829 2936 1882 καθ’
2961 1829 3105 1898 ὑμᾶς
3132 1827 3447 1898 παροικίας.
3467 1827 3625 1895 Τάχα

2043 1923 2141 1992 μὲν
2174 1918 2285 1985 οὖν,
2318 1921 2407 1974 διὰ
2437 1921 2499 1973 τὸ
2523 1924 2658 1994 παρ’
2688 1925 2820 1992 ἡμῖν
2854 1921 3146 1976 πλεονάσαι
3179 1923 3278 1991 τὴν
3315 1922 3620 1992 ἁμαρτίαν,

2041 2013 2247 2085 πρῶτοι
2276 2013 2656 2084 παρεδόθημεν
2678 2015 2758 2076 είς
2786 2013 3134 2085 κατάϐρωσιν
3159 2016 3270 2076 τοῖς
3297 2013 3623 2083 ὠμοφάγοις

2036 2105 2213 2158 ὀδοῦσι
2253 2106 2358 2158 τῶν
2400 2106 2611 2178 ἐχθρῶν
2669 2106 2761 2159 τοῦ
2793 2105 2930 2158 Θεοῦ
2960 2105 3072 2175 (59)
3097 2124 3111 2137 ’
3151 2106 3292 2175 τάχα
3328 2104 3406 2166 δὲ,
3453 2105 3484 2157 ὃ
3526 2107 3623 2158 καὶ

2042 2196 2240 2266 μᾶλλόν
2265 2199 2412 2250 ἐστιν
2439 2198 2676 2260 εἰκάσαι,
2714 2199 2816 2260 ὅτι,
2850 2197 3038 2268 ἐπειδὴ
3073 2197 3133 2250 τὸ
3162 2197 3496 2266 Εὑαγγέλιον
3520 2201 3624 2268 τῆς

2040 2289 2337 2360 βασιλείας,
2368 2289 2476 2342 ἀπὸ
2509 2289 2616 2342 τῶν
2653 2291 2937 2360 ἡμετέρων
2961 2289 3142 2342 τόπων
3174 2289 3504 2360 ἀρξάμενον,
3538 2292 3620 2354 είς

2039 2382 2217 2434 πᾶσαν
2251 2379 2440 2450 ἐξῆλθε
2493 2380 2590 2450 τὴν
2640 2381 2999 2451 οἰκουμένην·
3032 2381 3121 2434 διὰ
3165 2380 3324 2434 τοῦτο
3363 2383 3391 2434 ὁ
3439 2380 3620 2443 κοινὸς

2035 2471 2143 2524 τῶν
2170 2471 2357 2542 ψυχῶν
2385 2472 2541 2542 ἡμῶν
2580 2471 2792 2543 ἐχθρὸς,
2825 2471 2894 2525 τὰ
2929 2472 3029 2542 τῆς
3064 2471 3404 2535 ἀποστασίας
3451 2471 3620 2543 σπέρ-

2040 2579 2206 2632 ματα,
2251 2562 2358 2616 ἀπὸ
2387 2563 2498 2615 τῶν
2549 2563 2730 2616 αὐτῶν
2775 2563 2954 2616 τόπων
2997 2563 3096 2634 τὴν
3136 2563 3310 2634 ἀρχὴν
3357 2563 3615 2626 λαϐόντα,

2037 2655 2116 2716 είς
2143 2654 2322 2706 πᾶσαν
2350 2653 2675 2723 οἰκουμένην
2697 2653 3006 2725 διαδοθῆναι
3030 2654 3343 2724 φιλονεικεῖ.
3376 2657 3495 2724 Ἐφ’
3522 2656 3618 2720 οὓς

2035 2744 2144 2814 γὰρ
2179 2744 2416 2814 ἔλαμψεν
2451 2747 2480 2798 ὁ
2509 2746 2787 2816 φωτισμὸς
2824 2746 2922 2816 τῆς
2946 2745 3200 2815 γνώσεως
3228 2747 3323 2800 τοῦ
3349 2748 3610 2819 Χριστοῦ,

2035 2840 2127 2892 ἐπὶ
2181 2839 2402 2903 τούτους
2451 2839 2624 2893 ἐλθεῖν
2685 2839 2780 2892 καὶ
2832 2840 2890 2893 τὸ
2953 2839 3054 2910 τῆς
3101 2840 3360 2904 ἀσεϐείας
3425 2842 3614 2905 σκότος

2036 2934 2262 2986 ἐπινοεῖ.

2103 3019 2156 3072 4.
2201 3018 2474 3090 ’Υμέτερα
2519 3014 2613 3073 οῦν
2649 3018 2935 3087 λογίσασθε
2983 3021 3051 3075 τά
3102 3022 3250 3093 πάθη
3301 3023 3497 3094 ἡμῶν,
3534 3025 3610 3085 ὡς

2035 3114 2248 3182 γνήσιοι
2293 3113 2532 3183 μαθηταὶ
2569 3111 2662 3165 τοῦ
2699 3113 2927 3184 Κυρίου.
2965 3114 3077 3184 Οὐχ
3106 3114 3248 3185 ὑπὲρ
3288 3116 3609 3186 χρημάτων.

2035 3206 2132 3274 οὑχ
2164 3205 2302 3275 ὑπὲρ
2349 3203 2536 3273 δόξης,
2571 3206 2668 3276 οὐχ
2712 3205 2855 3276 ὑπὲρ
2903 3205 3064 3260 ἄλλου
3111 3207 3257 3270 τινὸς
3295 3207 3405 3259 τῶν
3442 3225 3608 3278 προσ-

2035 3297 2240 3367 καίρων
2264 3297 2790 3368 καταπολεμούμεθα
2824 3299 2963 3369 (60)°
2995 3299 3110 3352 ἀλλ’
3143 3301 3284 3372 ὑπὲρ
3316 3301 3410 3355 τοῦ
3432 3301 3608 3354 κοινοῦ

2036 3389 2335 3457 κτήματος,
2379 3387 2476 3440 τοῦ
2518 3389 2790 3460 πατρικοῦ
2819 3390 3094 3462 θησαυροῦ
3129 3391 3229 3462 τῆς
3263 3392 3607 3463 ὑγιαινούσης

2035 3479 2304 3542 πίστεως,
2385 3481 2697 3551 ἑστήκαμεν
2756 3483 3165 3553 ἀγωνιζόμενοι.
3227 3486 3606 3557 Συναλγὴσατε

2032 3574 2186 3642 ἡμῖν,
2209 3566 2254 3625 ὦ
2279 3571 2614 3641 φιλάδελφοι,
2641 3573 2721 3626 ὅτι
2747 3574 3168 3630 ἀποκέκλεισται
3197 3579 3294 3648 μὲν
3323 3581 3453 3649 παρ’
3480 3581 3606 3648 ἡμῖν

2032 3665 2140 3718 τῶν
2170 3663 2536 3718 εὐσεϐούντων
2566 3665 2633 3718 τὰ
2662 3665 2928 3736 στόματα,
2956 3668 3204 3739 ἡνοικται
3233 3670 3347 3737 (61)
3379 3670 3436 3723 δὲ
3464 3674 3605 3724 πᾶσιν

2034 3757 2264 3828 θρασεῖα
2293 3757 2384 3810 καὶ
2412 3756 2728 3828 βλάσφημος
2754 3758 2974 3826 γλῶσσα
2997 3759 3105 3832 τῶν
3135 3761 3441 3816 λαλούντων
3473 3765 3605 3816 κατὰ

2033 3847 2128 3900 τοῦ
2166 3847 2302 3901 Θεοῦ
2341 3848 2574 3903 ἀδικίαν.
2621 3851 2683 3903 Οί
2719 3850 2903 3904 στῦλοι
2961 3853 3055 3905 καὶ
3095 3853 3157 3906 τὸ
3189 3854 3474 3926 ἑδραίωμα
3512 3857 3603 3926 τῆς

2034 3937 2289 4009 ἀληθείας
2333 3941 2390 3990 ὲν
2441 3939 2744 4012 διασπορᾷ·
2794 3943 2953 4012 ἡμεῖς
3004 3943 3090 4006 δὲ,
3136 3946 3184 3997 οἱ
3237 3945 3326 3999 διὰ
3382 3949 3596 4018 σμικρό-

2033 4047 2170 4100 τητα
2195 4031 2306 4100 (62‘)
2336 4031 2728 4102 παροφθέντες,
2756 4033 3210 4104 ἅπαῤῥησίαστοι.
3244 4037 3601 4105 Ἀγωνιάσατε

2036 4121 2175 4193 ὑπὲρ
2207 4122 2312 4174 τῶν
2359 4123 2532 4176 λαῶν·
2562 4126 2655 4177 καὶ
2701 4125 2774 4195 μὴ
2817 4125 2877 4178 τὸ
2921 4126 3042 4178 καθ’
3085 4129 3312 4193 ἑαυτοὺς
3358 4134 3601 4184 σκοπεῖτε

2037 4215 2218 4286 μόνον,
2242 4217 2322 4268 ὅτι
2349 4218 2406 4268 ὲν
2441 4215 2652 4286 λιμέσιν
2682 4217 2875 4282 εὐδίοις
2904 4219 3319 4292 ὀρμίζεσθε,τῆς
3350 4222 3448 4276 τοῦ
3471 4222 3602 4276 Θεοῦ

2035 4306 2256 4377 χάριτος
2295 4307 2474 4358 πᾶσαν
2507 4307 2635 4376 ὑμῖν
2677 4305 2886 4376 σκέπην
2929 4307 3305 4378 χαρισαμένης
3353 4309 3467 4376 (65)
3503 4309 3598 4362 dra?

2036 4395 2136 4465 τῆς
2171 4396 2338 4464 ζάλης
2371 4395 2478 4448 τῶν
2509 4396 2833 4466 πνευμάτων
2864 4397 2965 4467 τῆς
2998 4398 3284 4468 πονηρίας.
3329 4398 3491 4453 Ἀλλὰ
3518 4400 3600 4452 καὶ

354 4483 549 4554 rigite,
597 4483 886 4552 nequando
926 4483 1238 4548 derelictae,
1272 4485 1492 4554 penitus
1540 4486 1665 4540 fidei
1717 4485 1934 4542 naufra-

2042 4489 2156 4550 ταῖς
2187 4485 2611 4556 χειμάζομέναις
2656 4487 2765 4540 τῶν
2811 4487 3145 4560 Ἐκκλησιῶν
3176 4490 3336 4560 χεῖρα
3362 4491 3586 4562 ὀρέξατε

437 4641 480 4673 ⁶⁹
517 4641 677 4695 Rom.
719 4656 848 4704 vnt,
892 4641 979 4696 18.

427 4758 536 4831 (εἴ)
564 4759 994 4831 Δυοξωτπήσητε.
1021 4757 1207 4831 Ιιιιεοι
1235 4774 1366 4813 mss.
1395 4757 1924 4831 Editiauswnﬁssts.

429 4827 540 4901 (58)
574 4827 926 4901 Βαδίζουσα,
967 4828 1211 4883 ἐπειδὰν
1245 4827 1662 4901 καταναλώσῃ.
1696 4827 1774 4882 Ita
1802 4841 1928 4886 octo

351 4900 514 4963 mss.,
550 4900 656 4955 nisi
691 4900 838 4970 quod
878 4901 933 4970 in
973 4901 1249 4970 nonnullis
1295 4900 1696 4970 recentioribus
1732 4902 1929 4970 legitur

357 4970 638 5041 βαδίσασα.
688 4968 831 5025 Editi
881 4969 1190 5041 βαδίζουσα,
1227 4968 1446 5022 ἐπειδὰν
1495 4968 1803 5024 καταλάϐοι
1837 4973 1930 5024 καὶ

355 5039 744 5098 καταναλώσει.

430 5110 542 5178 (59)
571 5112 676 5177 Είς
715 5110 1089 5180 κατᾶϐρωσιν
1116 5109 1306 5176 τοῖς...
1355 5109 1460 5163 τοῦ
1493 5110 1661 5180 Θεοῦ.
1709 5110 1782 5164 lta
1821 5119 1930 5166 tres

357 5181 717 5252 vetustissimi
761 5179 998 5252 codiees.
1048 5179 1206 5252 Editi
1243 5182 1322 5242 είς
1363 5179 1702 5252 κατάὸρωμα
1748 5184 1926 5242 τοῖς...

354 5251 449 5303 τοῦ
476 5251 733 5322 Χριστοῦ.
767 5251 936 5307 Paulo
967 5259 1090 5321 post
1121 5251 1361 5320 quinque
1385 5250 1603 5305 codices
1637 5266 1743 5304 non
1784 5252 1928 5304 anti-

358 5321 608 5392 quissimi
637 5322 976 5385 ἀποστασίας
1011 5322 1250 5392 ῥήματα.

430 5390 541 5458 (60)
574 5390 1168 5460 καταπολεμούμεθα.
1202 5390 1454 5460 Quinque
1481 5390 1699 5446 codices
1734 5404 1929 5460 recen-

359 5460 525 5514 tiores
557 5459 955 5532 πολεμούμεθα.
993 5463 1081 5516 Sic
1104 5462 1270 5532 etiam
1295 5459 1500 5532 habent
1520 5461 1800 5532 editiones
1823 5459 1930 5532 Ha:

363 5531 658 5601 ganoensis
694 5530 756 5586 et
802 5530 1182 5586 Frobenianae.
1229 5531 1432 5586 Ibidem
1467 5531 1598 5585 editi
1652 5530 1933 5601 ὑπὲρίτοῦ

363 5598 540 5652 κοινοῦ
575 5599 854 5673 θησαυροῦ
896 5601 990 5654 τοῦ
1043 5601 1453 5673 πατρικοῦ-Διιτῆ

362 5686 497 5723 mss.
534 5684 725 5726 omnes
758 5671 817 5726 ut
846 5672 900 5724 in
934 5678 1105 5726 textu.
1139 5671 1194 5728 lu
1224 5671 1411 5727 codice

363 5739 730 5794 πνευματικοῦ
769 5741 1060 5810 κτήματος.

1513 5618 1656 5663 ατος.
1708 5599 1936 5654 COdices

1495 5673 1710 5727 aticano
1736 5670 1938 5740 legitur

1076 4641 1120 4672 ⁹⁰
1159 4639 1198 4693 ll
1235 4639 1362 4694 Cor.
1416 4657 1500 4704 Iv.
1542 4640 1594 4694 6.
1671 4642 1711 4672 ⁹¹
1753 4639 1898 4697 Psal.
1941 4657 2136 4706 Lxxw,
2177 4641 2230 4697 6.

2109 4758 2221 4840 (fil)
2278 4761 2603 4814 Ἥνοικται.
2663 4766 2742 4813 .ta
2795 4769 2905 4815 tres
2957 4755 3321 4815 vetustissrmt
3370 4762 3608 4818 codices.

2034 4828 2174 4883 Edttt
2205 4831 2417 4883 ἠνοίγη.

2055 4831 2174 4882 Editi
2205 4831 2417 4882 ἠνοίγη.

2461 4900 2848 4968 σμικρότητα.
2895 4898 2990 4953 His
3021 4917 3084 4956 ex
3119 4899 3302 4955 verbis
3335 4903 3610 4957 concludit

2035 4967 2566 5042 Combelisiushanc
2593 4967 2876 5042 cpistOlam
2902 4985 2930 5042 a
2963 4973 3081 5025 solo
3109 4971 3321 5042 Basilio
3353 4975 3610 5042 scriptam

2035 5056 2146 5111 non
2177 5039 2365 5111 fuisse.
2392 5038 2457 5092 Id
2486 5038 2643 5103 enim,
2675 5041 2871 5111 inquit,
2895 5041 2950 5092 in
2980 5058 3076 5094 sua
3101 5040 3340 5094 Basilius
3367 5038 3610 5111 persona,

2036 5109 2191 5180 idque
2239 5109 2426 5173 solius,
2457 5126 2560 5162 non
2597 5109 2764 5180 facile
2789 5110 2952 5172 dicat,
2997 5121 3159 5164 tanta:
3187 5111 3328 5164 sedis
3367 5109 3608 5172 antistes.

2039 5179 2248 5248 ipseque
2279 5179 2354 5234 sic
2384 5181 2582 5233 clarus.
2619 5179 2775 5234 Nulla
2807 5180 3017 5235 ratione
3051 5181 3242 5235 nititur
3273 5183 3479 5235 eruditi
3513 5185 3611 5236 viri

2039 5251 2368 5320 observatio.
2401 5249 2888 5320 Utomittﬁamrloca
2918 5266 3056 5320 pene
3078 5251 3525 5312 innumerabilia,
3558 5255 3609 5306 in

2039 5321 2238 5391 quibus
2271 5319 2337 5374 de
2377 5335 2436 5374 se
2479 5319 2873 5391 ipso_Basilius
2909 5319 3304 5375 demississime
3335 5323 3606 5391 loquitur;

2039 5397 2186 5460 certe
2220 5390 2276 5443 in
2307 5389 2535 5460 epistola
2563 5389 2668 5443 225
2705 5398 3081 5460 contemptum
3109 5407 3167 5446 se
3204 5392 3377 5446 fuisse
3407 5389 3542 5445 dicit
3580 5407 3608 5444 a

2034 5458 2462 5530 judicibus,'qui
2491 5458 2728 5515 furorem
2757 5458 3004 5515 suum'in
3047 5458 3375 5531 Gregorium
3407 5460 3607 5533 Nysse-

2039 5544 2169 5583 num
2195 5539 2487 5584 verterant.

2113 5599 2226 5671 (63)
2252 5597 2704 5671 Χιλιριιζαμένηςἒ
2726 5599 2807 5671 ita
2841 5607 2952 5654 tres
2974 5600 3348 5671 _vetustissimi
3392 5599 3606 5658 codices

2040 5667 2164 5725 cum
2192 5685 2300 5726 uno
2321 5686 2388 5725 ex
2423 5667 2627 5740 Regiis
2666 5669 2806 5726 Editi
2835 5669 3216 5742 χαριζομένης.
