3900 6208
295 355 406 411 909

1114 352 1609 412 EPISTOLARUM
1646 351 1934 410 CLASSIS
1971 350 2036 407 ll.
2077 349 2294 405 EPIST.
2362 347 2632 407 CCXLI".

3449 349 3554 413 910

299 475 534 545 μήποτε,
556 471 1086 540 ἐγκαταλειφθεισαι,
1110 473 1389 537 παντελῶς
1414 475 1748 544 ὑπομείνωσι
1777 475 1874 544 τῆς

1977 469 2126 538 gium
2148 471 2561 542 perpetiantur.
2590 470 2934 543 Ingemiscite
2969 479 3157 529 nostra
3179 485 3385 536 causa,
3421 473 3553 542 quia

297 568 537 629 πίστεως
581 552 662 618 ἰδ’
699 565 978 632 ναυάγιον.
1017 565 1313 630 Στενάξατε
1371 567 1456 635 ἐφ’
1515 569 1681 637 ἡμῖν,
1715 567 1798 619 ὅτι
1845 566 1873 617 ὁ

296 654 610 727 Μονογενὴς
640 655 1060 726 βλασφημεῖται,
1098 657 1192 710 καὶ
1223 658 1252 709 ὀ
1271 657 1566 726 ἀντιλέγων
1598 657 1699 711 οὐκ
1735 657 1869 710 ἐστι.

296 750 373 802 Τὸ
415 747 642 818 Πνεῦμα
691 748 754 800 τὸ
804 747 959 815 ἅγιον
1016 747 1321 813 ἀθετεῖται,
1360 749 1454 802 καὶ
1501 749 1528 801 ὁ
1578 749 1876 820 δυνάμενος

296 841 544 910 ἐλέγχειν
590 837 970 892 ἀποδιὼκεται.
1017 838 1282 893 Πολυθεῖα
1324 841 1653 912 κεκράτηκε.
1686 841 1876 908 Μέγας

294 927 430 996 Θέὸς
461 933 591 1002 παρ’
623 933 806 994 αὐτοῖς
835 933 930 985 καὶ
964 931 1178 1003 μικρός.
1218 933 1345 996 Υἱὸς
1378 933 1489 1003 (64)
1517 934 1637 1004 οὐχὶ
1661 933 1874 1004 φύσεως

294 1025 490 1094 ὄνομα,
522 1024 656 1077 ἀλλὰ
687 1025 852 1096 τιμῆς
897 1041 1044 1088 τινος
1085 1022 1225 1080 εἶναι
1273 1028 1617 1099 προσηγορία
1665 1028 1875 1098 νενόμι-

295 1130 457 1166 σταιο
498 1113 558 1166 τὸ
587 1114 812 1184 Πνεῦμα
840 1113 901 1166 τὸ
953 1115 1109 1184 ἅγιον
1145 1117 1206 1170 οὐ
1241 1117 1696 1188 συμπληρωτικὸν
1735 1112 1873 1172 εἶναι

293 1205 398 1275 τῆς
424 1206 586 1274 ἁγίας
619 1206 870 1276 Τριάδος,
898 1207 1019 1261 οὐδὲ
1051 1209 1309 1262 κοινωνὸν
1338 1209 1436 1280 τῆς
1463 1209 1614 1273 Θείας
1646 1211 1739 1263 καὶ
1771 1227 1874 1280 μα-

294 1297 497 1368 καρίας
531 1297 767 1366 φύσεως,
792 1298 906 1351 ἀλλ’
931 1299 987 1352 ἐν
1013 1316 1065 1352 τι
1094 1299 1203 1352 τῶν
1239 1302 1301 1353 ἐκ
1328 1301 1425 1372 τῆς
1451 1301 1700 1364 κτίσεως,
1727 1301 1872 1372 εἰκῆ.

293 1390 391 1443 καὶ
435 1389 512 1453 ὡς
557 1389 733 1460 ἔτυχε,
785 1390 958 1462 Πατρὶ
1007 1391 1101 1444 καὶ
1145 1391 1258 1462 Υίῷ
1311 1391 1727 1463 προσερῥίιρθαι.
1779 1393 1875 1459 Τις

293 1480 475 1536 δώσει
514 1480 588 1550 τῇ
633 1482 870 1551 κεφαλῇ
914 1502 1032 1552 μου
1093 1484 1269 1555 ὕδωρ,
1325 1488 1421 1539 καὶ
1479 1485 1602 1551 τοῖς
1651 1487 1873 1556 ὀφθαλ-

288 1571 429 1640 μοῖς
453 1569 563 1641 (65)
586 1589 706 1640 μου
741 1573 946 1639 πηγὴν
974 1573 1282 1644 δακρύων;
1315 1576 1410 1628 καὶ
1447 1576 1750 1647 κλαύσομαι
1784 1578 1874 1630 τὸν

292 1662 425 1716 λαὸν
455 1663 666 1734 ἡμέρας
695 1662 916 1728 πολλὰς,
948 1665 1038 1717 τὸν
1075 1669 1198 1730 ταῖς
1225 1670 1488 1737 πονηραῖς
1533 1667 1758 1731 ταύταις
1793 1669 1874 1721 διο

292 1753 610 1817 δασκαλίαις
641 1755 776 1826 πρὸς
808 1755 903 1826 τὴν
925 1755 1199 1810 ἀπώλειαν
1236 1756 1660 1828 συνωθούμενον.
1684 1761 1872 1830 Παρα-

1979 559 2308 632 Unigenitus
2333 562 2768 629 blasphematur,
2797 579 2898 619 nec
2927 573 3012 619 est
3063 564 3156 634 qui
3186 561 3550 618 contradicat.

1980 654 2221 725 Spiritus
2267 666 2498 711 sanctus
2543 656 2813 726 rejicitur,
2845 667 2900 712 et
2945 658 3040 729 qui
3071 657 3406 728 redarguere
3453 673 3553 728 po-

1978 754 2116 808 test,
2153 745 2391 816 fugatur.
2425 746 2711 803 Multitudo
2742 749 2984 804 obtinuit
3028 751 3274 807 deorum.
3319 749 3552 821 Magnus

1979 838 2121 894 Deus
2158 840 2302 909 apud
2333 841 2457 896 illos
2489 850 2543 897 et
2578 829 2801 911 parvus.
2833 842 3007 898 Filius
3038 859 3147 897 non
3191 853 3402 898 natura:
3451 858 3554 898 no-

1976 944 2100 984 men
2123 970 2138 994 ,
2169 930 2263 986 sed
2299 930 2590 1002 dignitatis
2625 934 2866 1003 alicujus
2902 933 3201 1004 appellatio
3235 949 3393 1001 esse;
3429 933 3555 1006 Spi-

1975 1023 2117 1078 ritus
2174 1032 2400 1079 sanctus
2440 1039 2551 1078 non
2595 1026 2875 1095 complere
2905 1015 3232 1081 Trinitatem
3272 1034 3554 1092 sanctam;

1975 1130 2154 1184 neque
2181 1116 2455 1185 particeps
2486 1131 2610 1171 esse
2643 1115 2843 1171 divinae
2877 1132 2941 1172 ac
2981 1117 3154 1172 beatae
3183 1127 3428 1181 naturae,
3457 1118 3555 1172 sed

1977 1221 2085 1260 una
2121 1207 2303 1277 aliqua
2342 1222 2409 1262 ex
2460 1207 2629 1264 rebus
2675 1210 2914 1274 creatis,
2967 1219 3172 1266 temere
3219 1217 3273 1265 et
3327 1210 3554 1264 fortuito

1976 1295 2123 1350 Patri
2151 1305 2207 1352 et
2243 1296 2381 1351 Filio
2404 1297 2650 1366 adjectus
2703 1299 3069 1354 existimatur.
3118 1300 3250 1365 Quis
3281 1299 3430 1354 dabit
3460 1318 3555 1355 ca-

1975 1387 2073 1455 piti
2099 1403 2212 1440 meo
2249 1403 2442 1457 aquam
2463 1427 2476 1450 ,
2511 1399 2559 1441 et
2597 1388 2864 1457 palpebris
2900 1391 3026 1444 meis
3060 1391 3259 1464 fontem
3288 1390 3554 1462 lacryma-

1977 1481 2152 1532 rum”
2172 1480 2194 1532 ?
2214 1480 2476 1536 etdiebus
2507 1482 2966 1551 multispopulum
2986 1482 3195 1537 deﬂebo
3217 1485 3402 1552 pravis
3434 1484 3555 1540 istis

1978 1569 2244 1624 doctrinis
2292 1569 2357 1623 ad
2412 1570 2638 1624 exitium
2689 1571 3004 1640 impulsum.
3048 1572 3402 1628 Seducuntur
3431 1574 3556 1628 sim-

1981 1661 2267 1731 pliciorum
2315 1676 2513 1726 aures,
2541 1661 2770 1732 jamque
2819 1671 3056 1719 assuetae
3103 1673 3236 1720 sunt
3285 1665 3554 1721 haeretica

1981 1755 2268 1824 impietati.
2314 1756 2690 1811 Enutriuntur
2736 1756 3000 1814 Ecclesia:
3055 1759 3295 1818 infantes
3348 1761 3402 1816 in
3457 1762 3554 1818 do-

293 1846 552 1918 σύρονται
583 1847 690 1899 τῶν
723 1848 1126 1919 ἀκεραιοτέρων
1155 1850 1209 1902 αί
1246 1849 1444 1902 ἀκοαί·
1481 1852 1560 1914 είς
1587 1850 1872 1920 συνήθειαν

1977 1849 2172 1903 ctrinis
2205 1849 2410 1918 impiis.
2441 1849 2581 1915 Quid
2605 1849 2748 1905 enim
2779 1850 3019 1906 facient?
3046 1850 3384 1922 Baptismata
3411 1853 3554 1924 apud

291 1938 483 1991 λοιπὸν
513 1933 676 2008 ἦλθον
717 1939 816 2009 τῆς
865 1940 1145 2010 αἱρετικῆς
1193 1939 1529 2003 δυσσεϐείας.
1574 1941 1874 2012 Συνεκτρέ-

292 2044 456 2096 φεται
477 2027 544 2080 τὰ
579 2029 746 2098 νήπια
770 2029 866 2098 τῆς
909 2029 1237 2099 Ἐκκλησίας
1266 2033 1380 2093 τοῖς
1410 2030 1588 2098 λόγοις
1617 2031 1715 2102 τῆς
1745 2033 1874 2084 ἀσε-

291 2118 470 2183 ϐείας.
489 2119 554 2172 Τί
583 2118 691 2190 γὰρ
716 2120 808 2172 καὶ
838 2122 1122 2191 ποιήσουσι
1143 2137 1161 2183 ;
1185 2121 1549 2183 Βαπτίσματα
1581 2123 1711 2194 παρ’
1733 2123 1876 2175 ὲκεί-

291 2227 408 2274 νοις
431 2209 568 2282 (66),
610 2211 936 2283 προπομπαὶ
981 2212 1090 2266 τῶν
1132 2207 1518 2279 ἐξοδευόντων,
1555 2212 1875 2282 ἐπισκέψεις

289 2303 403 2356 τῶν
420 2301 810 2367 ἀσθενούντων,
828 2303 1200 2376 παρακλήσεις
1216 2303 1326 2374 (67)
1350 2304 1459 2360 τῶν
1478 2303 1833 2377 λυπουμένων
1859 2345 1874 2370 ,

292 2393 542 2466 βοήθειαι
580 2396 689 2449 τῶν
738 2397 1230 2466 καταπονουμένων
1255 2435 1269 2460 ,
1318 2397 1632 2468 ἀντιλήψεις
1675 2414 1874 2450 παντο-

291 2483 485 2547 δαπαὶ,
520 2484 836 2557 μυστηρίων
887 2487 1198 2540 κοινωνίαι·
1228 2486 1264 2540 ἃ
1302 2487 1503 2552 πάντα,
1551 2489 1620 2542 δι’
1652 2489 1875 2543 ἐκείνων

291 2576 712 2646 ἐπιτελούμενα,
738 2577 1034 2649 σύνδεσμος
1061 2579 1268 2646 γίνεται
1297 2577 1410 2643 τοῖς
1435 2579 1585 2644 λαοῖς
1605 2584 1704 2652 τῆς
1739 2582 1875 2652 πρὸς

291 2666 495 2730 αὐτοὺς
518 2668 798 2737 ὁμονοίας·
831 2665 992 2733 ὥστε,
1032 2667 1230 2738 μικροῦ
1273 2669 1465 2737 χρόνου
1497 2669 1870 2740 προελθόντος,

1977 1939 2100 2004 illos
2136 1980 2150 2003 ,
2211 1941 2572 1997 deductiones
2643 1944 3150 2012 proficiscentium,
3209 1945 3552 2000 visitationes

1977 2033 2357 2101 aagrotantium
2391 2072 2405 2096 ,
2456 2035 2867 2088 consolationes
2933 2036 3283 2092 maerentium
3313 2077 3328 2101 ,
3395 2036 3550 2106 adju-

1977 2133 2158 2178 menta
2190 2125 2372 2180 omnis
2403 2126 2641 2196 generis,
2679 2111 3068 2197 mysteriorum
3101 2127 3550 2184 communiones:

1976 2230 2098 2284 qua:
2126 2215 2308 2269 omnia
2332 2256 2346 2281 ,
2380 2231 2476 2285 per
2515 2230 2610 2270 eos
2645 2214 3063 2280 administrata,
3099 2217 3318 2286 populis
3359 2217 3548 2274 vincu-

1978 2301 2090 2354 lum
2119 2312 2246 2356 sunt
2283 2301 2597 2357 concordiae
2629 2317 2755 2358 cum
2780 2305 2862 2359 eis
2901 2303 3190 2369 ineunda;
3222 2304 3361 2360 adeo
3389 2311 3448 2358 ut
3473 2304 3546 2360 in-

1975 2400 2060 2448 tra
2090 2395 2254 2450 breve
2286 2404 2533 2465 tempus,
2556 2395 2774 2450 etiamsi
2805 2411 2914 2466 qua
2935 2395 3163 2452 libertas
3191 2395 3374 2463 detur,
3404 2397 3550 2452 nulla

1973 2489 2086 2559 jam
2116 2504 2242 2559 spes
2292 2489 2365 2545 sit
2413 2489 2595 2545 futura
2625 2490 2878 2547 homines
2925 2489 3187 2544 diuturna
3234 2489 3548 2561 deceptione

1978 2581 2252 2645 detentos,
2277 2581 2476 2636 iterum
2505 2582 2574 2636 ad
2600 2584 2850 2638 veritatis
2873 2582 3211 2654 agnitionem
3237 2594 3548 2640 revocatum

1977 2689 2064 2726 ll‘l.

296 2758 424 2830 μηδ’
454 2760 506 2812 et
535 2757 746 2828 γένοιτό
778 2776 862 2823 τις
907 2758 1080 2825 ἄδεια,
1107 2757 1298 2812 ἐλπίδα
1341 2759 1528 2814 λοιπὸν
1561 2757 1701 2814 εἶναι
1750 2761 1878 2825 τοὺς
1916 2762 2020 2815 ὑπὸ
2049 2763 2149 2834 τῆς
2177 2765 2398 2836 χρονίας
2428 2765 2639 2836 ἀπάτης
2677 2765 3130 2836 κατασχεθέντας,
3197 2766 3360 2822 πάλιν
3418 2767 3545 2838 πρὸς

287 2853 393 2925 τὴν
421 2853 716 2922 ἐπίγνωσιν
742 2855 842 2925 τῆς
867 2853 1124 2924 ἀληθείας
1153 2855 1550 2925 ἀνακληθῆναι.

369 2947 421 2999 5.
458 2945 673 2999 Τούτων
700 2945 884 3000 ἕνεκεν
921 2945 1150 3010 πολλοὺς
1174 2949 1323 3018 ἡμᾶς
1350 2950 1516 3019 ἐχρῆν
1545 2948 1870 3020 συνδραμεῖν

291 3038 434 3109 πρὸς
478 3039 578 3111 τὴν
629 3038 897 3110 ὑμετέραν
952 3040 1276 3111 σεμνότητα,
1324 3042 1416 3094 καὶ
1472 3042 1700 3096 ’ἑκαστον
1760 3041 1869 3094 τῶν

2045 2947 2099 3002 5.
2137 2945 2232 3001 His
2249 2946 2315 3002 de
2330 2945 2514 3001 causis
2532 2945 2720 3017 plures
2747 2960 2811 3000 ex
2847 2945 3009 3002 nobis
3031 2945 3320 3016 oportebat
3353 2947 3420 3003 ad
3471 2963 3540 3003 ve

1978 3049 2147 3097 stram
2172 3039 2824 3110 dignitatemiaccurrere,
2844 3046 2899 3092 et
2933 3052 3376 3109 unumquemque
3393 3038 3547 3110 37G

291 3130 491 3184 ἑαυτοῦ
520 3133 855 3203 πραγμάτων
890 3131 1160 3204 ἐξηγητὴν
1202 3133 1474 3201 γενέσθαι.
1523 3135 1635 3188 Νῦν
1677 3134 1733 3188 δὲ
1779 3136 1873 3188 κα)⁸

1976 3148 2157 3187 rerum
2191 3147 2413 3186 suarum
2461 3139 2804 3184 narratorem
2836 3127 2974 3184 fieri.
3009 3127 3166 3184 Nunc
3204 3145 3334 3186 vero
3362 3138 3417 3186 et
3451 3130 3546 3185 hoc

289 3224 430 3277 αὐτὸ
472 3223 625 3278 τοῦτο
650 3226 844 3296 δεῖγμα
891 3225 1128 3295 γενέσθω
1166 3228 1295 3297 ὑμῖν
1339 3226 1439 3296 τῆς
1480 3225 1870 3294 κακοπαθείας,

291 3317 357 3368 ἐν
394 3310 733 3390 ᾗδιάγομεν,
770 3319 852 3372 ὅτι
882 3318 991 3372 ούδ⁴
1034 3318 1344 3390 ἀποδημίας
1385 3318 1550 3388 ἐσμὲν
1579 3317 1775 3390 κύριοι.
1810 3319 1872 3371 Εἰ

291 3409 408 3480 γάρ
449 3427 532 3474 τις
570 3411 663 3462 καὶ
711 3410 848 3482 πρὸς
883 3410 944 3462 τὸ
992 3409 1328 3480 βραχύτατον
1379 3410 1478 3480 τῆς
1550 3409 1872 3480 Ἐκκλησίας

292 3502 490 3557 ἑαυτοῦ
509 3501 621 3572 (68)
638 3502 929 3573 ἀποσταίη,
947 3502 1194 3566 ἐκδότους
1215 3503 1412 3573 ἀφήσει
1433 3503 1558 3565 τοὺς
1572 3503 1734 3567 λαοὺς
1758 3506 1872 3567 τοῖς

293 3593 696 3664 ἐφεδρεύουσιν.
740 3593 900 3646 Ἀλλά
936 3596 1002 3664 τῇ
1052 3592 1144 3645 τοῦ
1201 3592 1336 3645 Θεοῦ
1374 3592 1558 3664 χάριτι
1605 3593 1700 3646 ἕνα
1762 3593 1870 3646 ἀπ-

366 3753 416 3784 ”
452 3749 653 3806 Jercm.
698 3767 784 3816 lx,
827 3751 878 3804 1.

368 3884 483 3954 (64)
523 3884 671 3950 Υἱός.
705 3883 851 3954 Editi
884 3883 1215 3954 praemittunt
1246 3881 1558 3946 articulum,
1595 3882 1687 3952 qui
1717 3882 1870 3938 deest

294 3956 355 4009 in
380 3953 559 4009 tribus
579 3953 966 4008 vetustissimis
999 3953 1303 4006 codicibus.

371 4024 484 4096 (65)
509 4023 646 4096 fgig
681 4022 1027 4096 ὀφθαγζμοῖς.
1072 4020 1162 4076 Sic
1208 4030 1319 4077 tres
1366 4021 1722 4077 vetustissimi
1773 4038 1867 4079 co-

292 4093 467 4151 dices.
506 4093 645 4147 Editi
679 4095 791 4156 τοῖς
823 4093 1129 4163 βλεφάροις.

368 4163 484 4235 (66)
517 4164 661 4232 Παρ’
684 4161 980 4235 ἐκείνοιρζ
998 4161 1100 4235 Hic
1125 4161 1300 4235 etiam
1327 4161 1608 4235 sequimur
1630 4169 1741 4216 tres
1768 4177 1862 4235 ve-

298 4231 634 4290 tustissimos
671 4234 906 4289 codices.
941 4232 1097 4302 Editi
1121 4231 1250 4302 παρ’
1285 4232 1528 4283 ἐκείνων.
1569 4231 1863 4300 Sequentia

293 4305 460 4361 verba
485 4305 564 4358 sic
589 4306 1040 4372 interpretaretur
1067 4301 1430 4372 Combelisjus
1456 4321 1468 4355 :
1503 4304 1862 4356 excedentium

291 4391 498 4446 pompa:
531 4369 792 4442 funebres,
831 4373 1289 4446 deductafunera.
1324 4369 1378 4424 Si
1403 4372 1489 4424 cui
1516 4372 1694 4446 magis
1721 4373 1861 4446 arri-

293 4441 425 4501 tleat
454 4441 567 4499 haec
602 4446 997 4512 interpretatio,
1024 4443 1193 4497 libera
1225 4441 1387 4494 datur
1418 4442 1564 4510 optio
1603 4442 1855 4511 eligendi.

1975 3223 2152 3293 ipsum
2186 3223 2341 3277 vobis
2368 3220 2571 3276 indicio
2599 3221 2670 3276 sit
2691 3221 2838 3275 illius
2907 3221 2963 3273 in
2995 3235 3104 3290 qua
3135 3220 3384 3293 degimus
3416 3221 3548 3276 alni-

1973 3314 2193 3376 ctionis,
2219 3313 2364 3384 quod
2391 3329 2459 3367 ne
2489 3311 2722 3367 facultas
2758 3311 2978 3382 quidem
3013 3312 3172 3367 nobis
3213 3321 3298 3369 est
3341 3313 3546 3369 itineri!

1974 3406 2329 3476 suscipiendi.
2358 3404 2570 3461 Etenim
2603 3405 2647 3460 si
2679 3405 2803 3476 quis
2834 3406 2918 3460 vel
2949 3404 3278 3462 brevissimo
3309 3413 3546 3477 tempore

1973 3513 2002 3550 a
2038 3513 2137 3552 sua
2162 3496 2406 3552 Ecclesia
2447 3495 2705 3560 abfuerit,
2739 3496 2970 3552 traditos
3005 3496 3276 3567 relinquet
3315 3498 3547 3570 populor

1974 3590 2381 3646 insidiantibus.
2420 3588 2549 3654 Sed,
2579 3588 2673 3644 Dei
2707 3589 2903 3660 gratia,
2936 3605 3109 3645 unum
3142 3589 3396 3647 misimus
3434 3593 3544 3648 vict

1971 3878 2170 3951 mirum
2215 3891 2324 3931 non
2383 3876 2721 3951 fuissetpsub
2770 3878 3022 3951 haeretico
3061 3882 3411 3951 imperatore,
3454 3886 3550 3938 sed

1970 3949 2266 4022 etiameos
2299 3949 2671 4022 ecclesiastica
2703 3949 2892 4022 munia
2918 3951 2991 4022 ita
3022 3951 3125 4005 sibi
3145 3949 3463 4022 'arrogasse,
3490 3964 3551 4008 ut

1969 4017 2279 4072 Catholicos
2323 4019 2693 4073 excluderent.
2746 4018 2865 4073 Non
2919 4020 3028 4074 alio
3074 4017 3310 4076 consilio
3355 4022 3550 4079 Ariani

1967 4087 2315 4168 presbyteros
2339 4088 2735 4168 Antiochenos,
2761 4100 2820 4144 ut
2841 4088 3111 4146 discimus
3143 4105 3212 4146 ex
3245 4106 3458 4168 canone
3480 4095 3507 4168 l_
3518 4094 3550 4146 7

1969 4157 2174 4231 Basilii,
2215 4157 2402 4231 jurare
2445 4166 2764 4231 coegerunt,
2805 4174 2864 4215 se
2909 4175 3194 4231 nunquam
3241 4164 3549 4218 sacerdotio

1969 4227 2184 4297 publice
2216 4227 2618 4298 perfuncturos.
2664 4227 2974 4294 Quinetiam
3004 4227 3356 4286 ambitionem
3389 4247 3546 4289 suam

1967 4298 2032 4351 ad
2080 4297 2225 4352 alias
2262 4297 2532 4354 Ecclesias
2573 4299 2956 4354 extendebant.
3008 4298 3143 4354 Nam
3207 4300 3547 4366 Eustathius.

1965 4369 2057 4444 qui
2086 4383 2275 4444 eorum
2303 4369 2576 4444 ingenium
2602 4377 2848 4444 noverat,
2874 4371 2979 4444 hac
3006 4380 3335 4444 artecorum
3356 4384 3549 4444 capta-

1964 4440 2043 4491 vit
2097 4439 2526 4493 benevolentiam
2579 4439 2913 4496 :advoeavit
2967 4457 3062 4496 eos
3126 4441 3182 4494 in
3242 4439 3544 4499 Ecclesiam

295 4489 423 4571 Sed
602 4489 1193 4568 'iil."s'iii'ds"i{5é"i?£o"
1229 4489 1538 4583 recenseat
1560 4489 1859 4582 prmgipuos
1892 4489 1935 4543 D
1964 4523 2144 4583 suam.
2181 4508 2492 4583 concionati
2528 4517 2658 4583 sunt
2689 4525 2901 4583 summa
2928 4520 3387 4583 cumpotestate,
3431 4522 3546 4567 tra-

293 4589 622 4640 Arianorum
650 4584 831 4638 aditus
868 4583 933 4636 ad
973 4596 1212 4637 errorem
1249 4580 1659 4641 insinuandum.
1688 4580 1858 4636 multo

293 4657 476 4726 aptior
501 4654 714 4726 videtur
739 4655 882 4708 hunc
904 4653 971 4707 ad
1001 4667 1158 4726 usum
1197 4650 1367 4726 fuisse
1393 4652 1858 4726 proficiscentium

292 4722 572 4782 deductio.
615 4739 779 4794 quam
823 4737 1034 4794 pompm
1073 4722 1568 4794 funebres._Supra
1601 4722 1858 4794 observa-

291 4798 474 4850 vimus
503 4789 706 4848 morém
743 4789 930 4856 fuisse,
953 4789 1027 4846 _ut
1061 4793 1106 4847 si
1139 4792 1264 4860 quis
1289 4789 1579 4862 episcopus
1619 4789 1688 4844 ad
1728 4806 1860 4862 con-

290 4867 479 4920 cilium
513 4873 606 4917 aut
639 4863 706 4916 ad
737 4863 1098 4918 celebritatem
1121 4861 1365 4932 aliquam
1386 4869 1695 4932 vocaretur,
1730 4861 1857 4932 mit-

289 4945 500 4991 teretur
533 4935 625 5004 qui
654 4948 776 5004 eum
803 4933 1113 4987 deduceret.
1151 4929 1306 5004 Unde
1340 4931 1574 5004 Basilius
1607 4929 1711 5004 hoc
1743 4930 1860 4984 olli—

289 5007 438 5060 cium
466 5007 520 5060 in
546 4999 604 5060 se
635 5003 950 5057 advocando
977 5003 1402 5072 praetermissum
1435 5016 1464 5054 a
1497 4999 1782 5072 Theodoro
1803 5008 1858 5056 et

293 5075 515 5153 Mcletjo
547 5074 798 5153 queritur
837 5069 1078 5153 in‘ep'ist.
1115 5072 1204 5153 9_8.
1239 5071 1410 5153 Negat
1445 5086 1508 5153 se
1539 5069 1856 5153 adfuturum

288 5149 348 5200 in
382 5145 542 5214 epist.
565 5138 663 5206 '58,
695 5143 823 5207 nisi,
855 5150 913 5196 ut
954 5138 1050 5210 par
1089 5150 1195 5214 est,
1235 5138 1856 5214 advocetur._Eustatbii

289 5210 479 5271 clerici
513 5217 747 5269 Arianos
791 5230 886 5282 per
927 5221 1095 5266 totam
1128 5211 1411 5268 dioecesim
1457 5210 1857 5280 perltonoritice

288 5287 654 5349 deduxerunt,
685 5285 848 5354 epist.
879 5283 1004 5354 25f.

362 5357 476 5425 (67)
506 5350 942 5425 Hapaxlwiastc.
976 5351 1035 5407 ln
1073 5351 1321 5425 pluribus
1353 5365 1506 5425 mss._
1526 5350 1854 5425 recentiori:

287 5419 395 5482 bus
424 5419 618 5496 legitur
649 5419 990 5496 παράκλησις
1014 5419 1338 5496 ειξβοήθεια.
1377 5419 1547 5496 Paulo
1575 5430 1699 5496 post
1722 5421 1856 5496 editi

289 5491 540 5570 amna,
564 5491 740 5559 Harl.,
778 5491 946 5570 Cois].
997 5491 1210 5564 primus
1256 5501 1310 5547 et
1357 5491 1541 5570 plures
1580 5491 1674 5570 alii
1707 5498 1766 5544 ut
1799 5491 1856 5544 in

288 5578 464 5622 textu.
507 5566 639 5632 Quae
681 5573 862 5620 autem
893 5564 982 5618 hic
999 5561 1366 5618 recensentur
1403 5576 1434 5614 a
1474 5561 1856 5632 Basilio,ima-

283 5653 393 5709 gna
430 5653 498 5692 ex
525 5631 686 5709 parte
723 5635 898 5689 oilicia
926 5641 1053 5709 sunt
1081 5634 1463 5709 episcoporum
1495 5631 1856 5709 et‘presbyte—

285 5701 494 5763 Forum.
525 5701 770 5760 indicant
804 5713 984 5758 autem
1010 5701 1131 5757 haec
1152 5704 1318 5758 verba
1354 5715 1462 5755 non
1490 5701 1664 5755 solum
1698 5701 1856 5754 Aria-

287 5795 390 5836 nos
420 5778 488 5833 ad
522 5780 625 5833 has
659 5776 952 5847 dignitates
979 5772 1132 5830 evehi
1165 5773 1359 5829 solitos
1385 5784 1528 5834 esse.
1553 5771 1698 5842 quod
1721 5785 1853 5828 sane

1961 4577 2110 4648 ditus
2153 4587 2238 4634 cst
2279 4581 2360 4633 eis
2413 4579 2668 4648 populus,
2722 4580 2982 4634 traditum
3032 4577 3223 4644 alt'are,
3265 4597 3329 4636 ac
3374 4577 3544 4639 totam

1963 4647 2246 4721 regionem
2279 4647 2906 4721 peragrarunt,_ubique
2947 4651 3312 4721 episcopalem
3364 4653 3541 4708 hono-

1961 4733 2075 4792 rem
2107 4727 2168 4792 et
2197 4718 2635 4792 observationem
2681 4718 2997 4786 habentes;
3019 4728 3080 4776 ut
3113 4718 3442 4792 perspicitur
3473 4740 3541 4778 ex

1959 4787 2205 4857 epistolis
2236 4788 2343 4844 244
2372 4796 2427 4842 et
2462 4787 2590 4842 251.

2031 4857 2143 4932 (6_8)
2187 4857 2465 4932 Ἑαυτοῦ.
2500 4859 2846 4932 _Sic_eod_ices_
2881 4861 3128 4932 plerique
3159 4876 3293 4916 mss.
3334 4876 3434 4932 pro
3473 4877 3540 4916 eo

1959 4927 2106 4996 quod
2124 4927 2256 4982 erat
2295 4928 2352 4982 in
2382 4927 2544 4985 editis
2572 4929 2761 4986 αὑτοῦ.
2801 4930 2918 4986 Νοη
2961 4927 3080 4986 εἰηέ
3124 4945 3292 4986 causa
3335 4927 3537 4986 Orien-

1958 4997 2095 5052 tales
2143 4998 2246 5052 hac
2297 5000 2653 5054 excusatione
2702 5001 3016 5057 utebantur.
3065 4998 3339 5056 Metuendi
3389 5002 3537 5056 enim

1960 5067 2112 5123 locus
2155 5075 2295 5132 erat,
2346 5083 2416 5123 ne
2461 5066 2841 5126 Occidentales
2897 5069 3433 5132 suboffenderentur,
3490 5072 3537 5124 si

1958 5136 2202 5206 episcopi
2233 5153 2341 5191 non
2375 5139 2646 5196 venirent.
2691 5139 2850 5194 Anno
2886 5140 3012 5204 571,
3056 5155 3180 5194 cum
3231 5133 3536 5195 Orientales

1957 5207 2272 5279 diaconum
2301 5207 2620 5279 misissent,
2657 5209 2956 5279 diaconum
3011 5213 3212 5279 pariter
3265 5211 3537 5266 miserunt

1959 5276 2361 5333 Occidentales.
2389 5283 2548 5333 Anno
2575 5278 2682 5332 372
2719 5295 2880 5335 nemo
2907 5276 3110 5336 missus
3142 5281 3211 5335 ab
3241 5279 3536 5336 Orientali-

1959 5347 2084 5421 bus,
2116 5347 2211 5421 sed
2245 5363 2340 5421 per
2356 5347 2577 5421 Alitteras
2605 5349 2924 5419 suppliciter
2948 5353 3244 5421 petierunt,
3268 5358 3326 5404 ut
3348 5352 3534 5421 plures

1957 5417 2196 5486 episcopi
2232 5416 2301 5470 ad
2351 5417 2634 5472 ferendum
2671 5416 2880 5474 Orienti
2925 5416 3192 5475 a‘uxilium
3230 5416 3534 5476 mitteren-

1957 5495 2068 5561 tur.
2101 5486 2169 5539 At
2186 5487 2404 5561 nullam
2429 5503 2660 5561 prorsus
2685 5491 3098 5558 responsionem
3129 5491 3490 5561 impetrarunt
3517 5509 3530 5544 :

1957 5557 2323 5643 inmourediens
2371 5557 2542 5640 Roma
2595 5557 2882 5643 Evagrius.
2918 5557 3223 5643 presbyter:
3259 5562 3530 5642 nuntiavit

1958 5626 2182 5693 Basilio,
2215 5628 2387 5698 ipsius
2419 5629 2620 5696 scripta
2657 5626 3314 5699 Romanis'displicuisse,
3352 5647 3416 5686 ac
3449 5631 3529 5686 vi-

1959 5712 2050 5753 ros
2077 5700 2368 5757 autoritate
2405 5700 2661 5770 praeditos
2691 5699 2916 5756 Romam
2949 5707 3073 5759 esse
3103 5702 3419 5758 mittendos.
