3900 6208
317 293 420 349 915

317 408 579 479 ἔκπληξιν
614 409 962 472 πεπονθέναι.
1005 420 1127 490 ’Ἆρ’
1165 417 1257 477 οὖν
1288 426 1382 479 καὶ
1422 429 1487 481 σὺ
1533 428 1592 482 τὺ

317 500 426 555 λῶν
474 504 764 572 πέπονθας,

316 592 593 658 ἐξετάζειν
641 598 740 668 τὴν
794 601 976 670 φύσιν,
1015 607 1129 668 τοῖς
1182 607 1490 680 ἀνθρώποις
1550 592 1896 685 προσέχουσι,

317 685 452 755 περὶ
490 682 566 741 ὧν
604 689 654 741 οί
696 689 864 758 λόγοι,
907 695 1002 747 καὶ
1039 696 1276 764 γίνονται
1323 701 1444 771 οὐχὶ
1493 682 1606 774 τῆς⁷
1643 682 1898 776 ἀληθείας

1242 304 1732 368 EPISTOLARUM
1772 312 2058 372 CLASSlS
2098 317 2160 373 ιι.
2201 319 2419 378 EPIST.
2449 324 2721 382 ccxuv.
2799 289 2808 300 ’

3469 331 3574 386 9H

1632 431 1742 484 τῶν
1777 433 1904 485 πολ·
1932 459 1978 512 Α
2009 438 2317 506 attendunt,
2351 442 2594 514 ﬁuntque
2631 459 2741 500 non
2787 445 3034 500 veritatis
3067 445 3439 517 inquisitores,
3478 449 3572 503 sed

820 509 891 573 οἳ,
954 512 1343 580 καταλιπόντες
1396 518 1506 573 τῶν
1556 525 1897 593 πραγμάτων

2006 529 2326 587 diﬁerentiaa
2346 549 2706 605 personarum
2739 538 3120 606 aestimatores,
3149 539 3304 594 obliti
3327 540 3575 595 admoni-

2003 619 2174 677 tionis
2206 622 2374 690 illius,
2407 623 2732 696 Cognoscere
2755 644 3033 697 personam
3060 631 3113 684 in
3131 628 3336 700 judicio
3364 648 3468 685 non
3495 641 3575 686 est

2005 709 2194 766 bonum
2210 713 2276 768 “.
2891 719 2894 722 ’

316 774 622 886 ἐξετξπσταὶν
687 782 824 837 ἀλλὰ
867 785 966 857 τῆς
1022 788 1286 860 διαφορᾶς
1342 793 1451 847 τῶν
1495 774 1802 867 προσώπων
1850 801 2631 882 δοκιμασταὶ,⁶ὲπιλαθόμενοι
2697 811 2794 882 τῆς
2817 812 3227 886 ςπαραινέσεως,
3285 816 3366 868 ὅτι
3424 817 3577 866 Ἐπι-

317 869 639 959 ΑΓινώονκειιν·
661 878 985 944 πρόσωπον
1006 883 1076 937 ὲν
1097 887 1290 953 κρίσει
1318 887 1453 960 (74),
1481 893 1553 946 οὐ
1586 896 1798 950 καλόν.

389 964 445 1055 2.
473 965 618 1036 Πλὴν
649 966 764 1020 ἀλλ’
799 972 987 1044 ἐπειδὴ
1009 972 1141 1040 Θεὸς
1176 979 1467 1050 πρόσωπον
1495 983 1554 1035 ἐν
1591 985 1770 1055 κρίσει
1803 987 1898 1042 άν-

318 1051 540 1124 θρώπου
568 1057 627 1108 οὐ
659 1056 947 1129 λαμϐάνει,
988 1064 1054 1135 ἢν
1088 1067 1226 1137 πρὸς
1256 1069 1318 1121 τὸ
1368 1071 1511 1141 μέγα
1552 1051 1901 1148 δικαστήριον

318 1145 617 1217 ἀπολογίαν
666 1155 1072 1224 παρεσκεύασα,
1122 1158 1326 1230 ταύτην
1381 1166 1475 1217 καὶ
1520 1166 1606 1219 σοὶ
1638 1168 1901 1240 γνωρίσαι

318 1239 382 1292 οὐ
423 1242 856 1315 παραιτήσομαι.
897 1248 1020 1301 Ὀτι
1063 1250 1214 1306 οὐδὲν
1253 1255 1383 1326 παρ’
1414 1255 1570 1326 ἡμῶν
1607 1257 1668 1310 τὺ
1705 1239 1763 1326 ἐξ
1801 1261 1900 1332 άρ-

319 1331 446 1400 χῆς,
474 1331 596 1385 οὔτε
623 1336 817 1406 μικρὸν
845 1337 968 1391 οὔτε
1010 1340 1192 1410 μεῖζον
1229 1345 1422 1413 γέγονε
1442 1347 1543 1417 τῆς
1569 1331 1900 1416 διαστάσεως

320 1423 495 1476 αἴτιον
514 1441 527 1455 ’
561 1424 677 1479 ἀλλ’
706 1428 982 1500 ἄνθρωποι
1018 1433 1300 1502 μισοῦντες
1330 1437 1497 1507 ἡμᾶς,
1529 1440 1596 1492 δι’
1629 1440 1695 1505 ἀς
1726 1441 1900 1497 ἴσασιν

323 1515 632 1585 προφάσεις
663 1518 774 1591 (75)
803 1523 956 1575 αὐτοὶ
979 1522 1186 1596 (οὐγὰρ
1214 1528 1313 1598 ἐμὲ
1334 1530 1440 1601 χρὴ
1465 1531 1642 1600 λέγειν
1667 1535 1791 1606 περὶ
1805 1536 1902 1588 αὑ-

320 1603 434 1657 τῶν
471 1606 684 1678 οὐδὲν),
722 1615 964 1688 συνεχεῖς
1008 1616 1289 1670 ἐποιοῦντο
1334 1621 1434 1684 τὰς
1476 1603 1747 1688 διαϐολάςξ
1792 1625 1903 1678 Καὶ

2078 987 2134 1042 2.
2172 987 2278 1044 Sed
2324 991 2454 1061 quia
2485 991 2629 1049 Deus
2662 1010 2955 1065 personam
2993 997 3047 1052 in
3091 999 3327 1057 hominis
3367 1003 3576 1073 judicio

2008 1094 2122 1134 non
2155 1082 2376 1152 accipit,
2407 1097 2569 1152 quam
2599 1083 2732 1140 mihi
2764 1088 2905 1158 apud
2939 1104 3191 1160 magnum
3216 1093 3448 1147 tribunal
3482 1096 3575 1152 de-

2010 1170 2317 1229 fensionem
2348 1175 2557 1244 paravi,
2590 1190 2710 1232 eam
2742 1186 2796 1233 et
2823 1179 2917 1234 tibi
2947 1189 3131 1236 notam
3161 1183 3338 1240 facere
3367 1203 3475 1242 non
3503 1205 3578 1243 re-

2010 1264 2240 1319 cusabo.
2288 1264 2559 1322 Nimirum
2607 1269 2758 1324 nulla
2796 1286 2826 1324 a
2868 1275 3029 1328 nobis
3079 1276 3146 1330 ab
3195 1275 3354 1332 initio
3401 1295 3578 1351 neque

2013 1368 2178 1424 parva
2204 1370 2383 1424 neque
2407 1356 2583 1427 major
2611 1366 2729 1413 orta
2759 1369 2844 1416 est
2881 1362 3094 1419 dissidii
3121 1381 3320 1424 causa:
3352 1372 3444 1425 sed
3475 1373 3577 1426 ho-

2009 1443 2186 1500 mines
2231 1446 2390 1500 nohis
2415 1461 2522 1501 non
2563 1447 2747 1513 amici,
2774 1450 2844 1504 ob
2873 1467 3011 1520 quas
3041 1454 3145 1524 ipsi
3177 1456 3356 1511 sciunt
3383 1474 3576 1516 causas

2010 1535 2142 1606 (non
2186 1536 2332 1590 enim
2377 1553 2515 1608 opus
2547 1547 2633 1595 est
2667 1556 2754 1595 me
2793 1543 3088 1613 quidquam
3124 1545 3193 1602 de
3229 1547 3317 1604 his
3351 1549 3574 1623 dicere),

2010 1627 2306 1683 continuas
2329 1629 2460 1682 mihi
2498 1631 2799 1688 calumnias
2825 1642 3164 1690 struxerunt.
3195 1638 3272 1694 Ac
3303 1641 3423 1696 illas
3457 1644 3578 1713 qui-

321 1695 471 1763 ἅπαξ
505 1699 604 1769 μὲν
633 1703 831 1766 ταύτας
871 1706 965 1757 καὶ
989 1706 1068 1770 δὶς
1099 1709 1488 1782 άπεδυσάμεθα
1508 1731 1519 1743 ⁸
1570 1714 1646 1778 ὼς
1681 1715 1736 1768 δὲ
1773 1716 1907 1770 ἀπέ-

2007 1714 2132 1769 dem
2163 1717 2465 1786 repulimus
2491 1720 2657 1773 semel
2689 1728 2847 1790 atque
2881 1722 3108 1780 iterum:
3137 1729 3232 1782 sed
3261 1743 3384 1783 cum
3418 1695 3576 1787 ﬁnem

325 1804 523 1860 ραντον
584 1786 653 1862 ἦν
686 1792 746 1846 τὸ
781 1796 1035 1867 πρᾶγμα,
1074 1801 1168 1853 καὶ
1204 1801 1355 1854 οὐδὲν
1403 1803 1595 1874 δφελος
1633 1806 1736 1876 τῆς
1781 1824 1907 1860 συν-

322 1878 485 1947 εχοῦς
529 1881 841 1969 ἀπολογίας,
883 1889 1040 1957 ἡμῶν
1089 1892 1187 1960 μὲν
1234 1895 1450 1966 μακρὰν
1487 1897 1904 1969 ἀπῳκισμένων,

320 1970 434 2024 τῶν
461 1970 517 2024 δὲ
544 1968 881 2044 ψευδολόγων
919 1980 1148 2049 ἐγγύθεν
1181 1985 1414 2054 ἐχόντων
1434 1991 1554 2051 ταῖς
1598 1968 1720 2042 καθί
1747 1990 1906 2061 ήμῶν

319 2063 649 2136 τιτρώσκειν
691 2067 965 2134 διαϐολαῖς
1003 2074 1228 2143 καρδίαν
1273 2077 1773 2146 εὐκαταγώνιστον,
1811 2084 1904 2136 καὶ

321 2154 388 2207 οὐ
422 2155 809 2230 δεδιδαγμένην
859 2161 956 2233 τὴν
1004 2165 1196 2235 ἑτέραν
1252 2168 1360 2221 τῶν
1417 2171 1594 2224 ἀκοῶν
1639 2173 1903 2245 ἀκεραίαν

325 2246 614 2315 φυλάττειν
645 2250 724 2318 τῷ
769 2253 843 2324 μὴ
881 2255 1112 2324 παρόντι
1135 2273 1148 2287 ·
1185 2258 1296 2312 τῶν
1334 2260 1706 2316 Νικοπολιτῶν
1741 2265 1905 2318 ἀπαι-

321 2338 558 2392 τούντων
586 2341 707 2394 τινὰ
751 2343 1118 2416 πληροφορίαν
1159 2349 1392 2414 πίστεως
1447 2351 1495 2422 (ὃ
1531 2354 1748 2416 πάντως
1781 2355 1902 2408 οὐδὲ

324 2429 485 2499 ὑμεῖς
532 2435 877 2504 ὴγνοήσατε),
928 2436 1104 2501 ἔδοξεν
1158 2440 1290 2509 ἡμῖν
1343 2443 1443 2514 τὴν
1485 2443 1758 2499 διακονίαν
1807 2447 1901 2500 τοῦ

323 2523 652 2593 γράμματος
680 2526 1055 2594 ὑποδέξασθαι.
1106 2530 1494 2603 Ἐλογισάμεθα
1522 2535 1632 2608 γὰρ
1658 2536 1750 2590 δύο
1771 2556 1903 2592 κατ-

325 2615 592 2686 ορθώσειν
646 2619 703 2671 ἐν
742 2621 950 2690 ταυτῷ·
997 2624 1124 2688 τούς
1157 2643 1216 2677 τε
1273 2627 1639 2694 Νικοπολίτας
1696 2633 1903 2686 πείσειν

329 2707 406 2778 μὴ
428 2708 610 2773 κακῶς
649 2717 864 2780 φρονεῖν
894 2716 1135 2786 περὶτοῦ
1167 2720 1379 2790 ἀνδρὸς,
1408 2723 1500 2775 καὶ
1537 2725 1645 2777 τῶν
1680 2725 1900 2779 διαϐαλ-

324 2797 529 2852 λόντων
566 2802 713 2872 ἡμᾶς
756 2805 1053 2874 ἐμφράξειν
1081 2807 1147 2860 τὰ
1177 2810 1442 2878 στόματα,
1484 2812 1586 2882 τῆς
1625 2814 1769 2868 κατὰ
1803 2815 1902 2886 τὴν

328 2889 514 2942 πίστιν
546 2894 866 2962 συμφωνίας
896 2896 995 2959 τὰς
1020 2899 1356 2969 ἑκατέρωθεν
1383 2905 1746 2971 συκοφαντίας
1769 2907 1904 2959 ἀπο-

329 2979 640 3050 κλειούσης.
677 2983 786 3035 Καὶ
819 2983 884 3054 δὴ
925 2986 1020 3038 καὶ
1063 2987 1444 3059 συγγέγραπτο
1483 2990 1582 3059 μὲν
1615 2992 1648 3061 ή
1696 2990 1899 3056 πίστις,

2009 1803 2092 1857 illi
2125 1819 2235 1858 non
2262 1804 2523 1871 facerent,
2549 1823 2649 1863 nec
2674 1811 2970 1882 quidquam
3004 1816 3289 1885 prodesset
3317 1823 3578 1878 continua

2008 1894 2286 1964 defensio,
2343 1903 2800 1970 proptereaquod,
2863 1905 3024 1961 nobis
3088 1911 3277 1978 procul
3329 1912 3576 1980 dissitis,

2008 1986 2277 2042 mendacii
2334 1998 2589 2045 auctores
2633 1994 2882 2050 cominus
2927 2005 3177 2066 poterant
3223 2003 3339 2059 suis
3385 2013 3578 2060 contra

2007 2092 2110 2131 nos
2141 2079 2428 2134 vulnerare
2455 2081 2746 2138 calumniis
2784 2098 2879 2138 cor
2911 2085 3072 2143 facile
3105 2093 3438 2160 superabile,
3473 2111 3577 2152 nec

2007 2167 2260 2222 edoctum
2292 2184 2478 2224 aurem
2511 2172 2736 2228 alteram
2769 2175 2981 2230 absenti
3013 2178 3280 2251 integram
3315 2200 3572 2255 servare;

2006 2255 2403 2329 Nicopolitanis
2427 2261 2610 2331 aliqua
2644 2263 2764 2320 ﬁdei
2792 2267 2992 2322 indicia
3024 2269 3089 2323 ad
3132 2274 3574 2340 persuadendum

2007 2360 2131 2418 apta
2171 2357 2589 2422 exposcentibus
2619 2356 2783 2427 (quod
2819 2375 2888 2415 ne
2921 2376 3019 2415 vos
3065 2364 3286 2433 quidem
3347 2383 3573 2437 prorsus
3650 2407 3664 2426 .-

2009 2441 2348 2516 ignorastis),
2367 2445 2526 2500 nobis
2545 2448 2720 2527 visum
2746 2458 2829 2505 est
2853 2453 3045 2522 scripti
3064 2455 3429 2513 ministerium
3458 2477 3578 2517 sus-

2012 2535 2213 2604 cipere.
2244 2534 2436 2591 Putavi
2477 2540 2619 2592 enim
2656 2556 2740 2596 me
2791 2542 2901 2596 duo
2949 2545 3318 2613 perfecturum
3365 2567 3471 2606 una
3519 2561 3573 2608 et

2004 2626 2195 2681 eadem
2247 2643 2452 2698 opera;
2499 2638 2554 2685 et
2594 2631 2992 2703 Nicopolitanis
3041 2653 3470 2710 persuasurum,
3506 2661 3576 2701 ne

2006 2716 2146 2770 male
2178 2717 2243 2772 de
2274 2718 2393 2772 viro
2425 2721 2715 2786 sentirent,
2760 2732 2814 2776 et
2856 2726 3312 2784 calumniatorum
3348 2742 3573 2788 nostro-

2004 2822 2124 2861 rum
2158 2819 2257 2862 ora
2305 2811 2710 2877 obturaturum,
2766 2813 2891 2868 fidei
2943 2831 3219 2875 consensu
3268 2822 3573 2880 calumnias

2005 2896 2263 2966 utrinque
2293 2897 2634 2956 excludente.
2686 2900 2765 2957 Ac
2809 2903 2944 2960 ﬁdes
2990 2907 3210 2977 quidem
3257 2913 3572 2982 conscripta

2003 2995 2107 3052 est,
2141 2995 2195 3043 et
2236 3002 2266 3041 a
2296 2989 2457 3045 nobis
2487 2992 2648 3046 allata
2675 3012 2688 3048 :
2720 2995 3032 3068 subscripta
3063 3008 3150 3054 est
3187 3001 3374 3056 etiam.
3408 3002 3571 3060 Post-

328 3069 677 3141 προσηνέχθη
749 3073 806 3126 δὲ
871 3076 1001 3146 παρ’
1062 3076 1251 3147 ἡμῶνο
1315 3079 1605 3151 ὑπεγράφη
1666 3080 1742 3133 δέ.
1817 3082 1905 3145 Ὠς

2006 3091 2166 3146 quam
2223 3079 2562 3152 subscripta,
2618 3081 2772 3141 locus
2824 3085 3146 3157 designatus
3204 3099 3290 3146 est
3345 3093 3572 3149 alterius

325 3161 622 3233 ὑπεγράφη
659 3163 794 3234 (76),
827 3167 920 3218 καὶ
953 3166 1149 3238 χωρίον
1187 3168 1474 3240 ὑπεδείχθη
1519 3171 1738 3226 συνόδου
1784 3173 1904 3224 δευ-

321 3253 510 3324 τέρας,
539 3254 630 3307 καὶ
668 3255 858 3326 καιρὸς
898 3257 1117 3329 ἔτερος·
1150 3259 1290 3313 ὥστε
1331 3261 1424 3314 καὶ
1451 3264 1579 3326 τοὺς
1619 3262 1762 3317 κατά
1803 3265 1901 3335 τὴν

325 3349 619 3420 παροικίαν
649 3349 910 3420 ἀδελφοὺς
934 3353 1091 3422 ἡμῶν
1124 3353 1474 3419 συνελθόντας
1514 3356 1780 3427 ἐνωθῆναι
1815 3357 1902 3410 ἀλ-

324 3439 526 3511 λήλοις,
555 3441 648 3494 καὶ
676 3441 903 3511 γνησίαν
936 3444 1029 3496 καὶ
1057 3444 1241 3498 ἄδολον
1273 3445 1368 3499 τοῦ
1403 3447 1590 3501 λοιποῦ
1620 3445 1760 3504 εἶναι
1798 3451 1898 3522 τὴν

326 3533 632 3587 κοινωνίαν.
669 3534 860 3606 Ἡμεῖς
898 3537 996 3607 μὲν
1033 3533 1126 3591 οὖν
1175 3540 1566 3610 ἀπηντήσαμεν
1619 3545 1761 3598 κατὰ
1801 3545 1900 3614 τὴν

259 3675 264 3680 .
323 3624 682 3696 προθεσμίαν,
709 3628 803 3681 καὶ
824 3628 872 3680 οί
897 3628 993 3681 σὺν
1019 3630 1150 3700 ἡμῖν
1176 3630 1396 3700 ἀδελφοὶ
1416 3633 1465 3684 οί
1501 3631 1600 3701 μὲν
1623 3633 1896 3702 παρῆσαν,

323 3719 376 3771 οἱ
408 3718 466 3771 δὲ
507 3720 790 3792 ἐπέρρεον,
835 3722 1051 3792 φαιδροὶ
1107 3723 1308 3786 πάντες
1350 3724 1444 3776 καὶ
1495 3721 1796 3793 πρόθυμοι,
1825 3722 1900 3787 ὼς

324 3813 419 3866 ἐπὶ
448 3814 669 3885 εἰρήνην
697 3814 1015 3884 τρέχοντες·
1066 3813 1159 3866 καὶ
1202 3813 1507 3884 γράμματα
1543 3814 1674 3883 παρ’
1717 3810 1896 3882 ἡμῶν,

325 3904 424 3958 καὶ
466 3905 833 3976 ὴμεροδρόμοι
887 3905 1271 3976 σημαίνοντες,
1319 3904 1402 3957 ὃτι
1444 3905 1759 3976 πάρεσμενο
1808 3905 1901 3958 καὶ

325 3996 434 4065 γάρ
478 3997 742 4066 ἡμέτερον
777 3993 845 4068 ἦν
875 3999 933 4051 τὸ
986 3997 1183 4069 χωρίον
1218 3999 1280 4052 τὸ
1326 3997 1775 4067 ἀποδεδειγμένον
1821 3999 1899 4060 εἰς

327 4087 594 4158 ὑποδοχὴν
623 4088 732 4142 τῶν
781 4089 1198 4160 συντρεχόντων.
1239 4089 1330 4153 Ὦς
1371 4088 1430 4141 δέ
1459 4091 1524 4142 ἐκ
1563 4087 1659 4142 τοῦ
1710 4088 1898 4159 ἐτέρου

328 4180 529 4252 μέρους
572 4180 746 4244 οὐδεὶς
782 4176 870 4252 ἦν,
906 4179 1030 4234 οὔτε
1067 4183 1405 4254 προτρέχων.
1447 4179 1570 4235 οὔτε
1617 4180 1900 4248 εὐαγγελι-

325 4271 552 4342 ζόμενος
591 4273 689 4344 τὴν
731 4273 1030 4340 παρουσίαν
1061 4273 1169 4325 τῶν
1201 4270 1696 4342 προσδοκωμένων·
1745 4271 1794 4321 οἱ
1840 4267 1898 4322 ὣ

326 4364 456 4434 παρ’
488 4363 644 4433 ἡμῶν
669 4364 1061 4426 ἀποσταλέντες
1085 4362 1383 4431 ἐπανῆλθον
1420 4363 1724 4432 κατήφειαν
1770 4361 1898 4413 πολ-

324 4453 422 4524 λὴν
454 4455 549 4507 καὶ
580 4455 890 4524 γογγυσμὸν
914 4454 1022 4506 τῶν
1053 4455 1169 4506 ἐκεῖ
1197 4455 1568 4525 διηγούμενοι,
1599 4455 1675 4518 ὡς
1705 4455 1897 4525 καινῆς

325 4545 560 4610 πίστεως
598 4549 726 4618 παρ’
768 4546 922 4618 ἡμῶν
966 4546 1430 4616 καταγγελθείσης
1453 4563 1467 4576 ·
1520 4547 1614 4600 καὶ
1653 4547 1900 4614 ἐλέγοντο

323 4635 722 4710 διορίζεσθαι,ἧ
753 4638 858 4709 μὴν
883 4637 956 4708 μὴ
980 4637 1288 4708 ἐπιτρέψειν
1308 4637 1388 4708 τῷ
1415 4638 1700 4708 ἐπισκόπῳ
1719 4636 1898 4690 αὐτῶν

326 4729 464 4799 πρὸς
491 4732 636 4800 ἡμᾶς
661 4728 908 4799 διαϐῆναι
929 4746 942 4759 ·
969 4724 1098 4800 ἦλθε
1129 4729 1186 4782 δέ
1213 4747 1294 4794 τις
1328 4731 1421 4783 καὶ
1452 4731 1686 4801 γράμμα
1715 4729 1897 4800 φέρων

324 4824 458 4892 ἡμῖν
479 4823 886 4892 ἀφωσιωμένον,
932 4822 1025 4875 καὶ
1065 4821 1318 4892 οὐδεμίαν
1358 4821 1479 4892 ἕχον
1521 4824 1741 4894 μνήμην
1787 4822 1897 4875 τῶν

323 4913 385 4978 ἐξ
416 4913 592 4984 ἀρχῆς
615 4915 1016 4985 συγκειμένων·
1059 4913 1150 4968 καὶ
1188 4916 1216 4967 ό
1262 4913 1442 4986 πάσης
1485 4915 1542 4968 δέ
1585 4932 1674 4986 μοι
1715 4914 1896 4978 αἰδοῦς

326 5003 423 5057 καὶ
461 5005 627 5075 τιμῆς
662 5006 809 5070 ἄξιος
856 5005 1082 5074 ἀδελφὸς
1115 5005 1399 5074 Θεόφιλος,
1449 5006 1546 5060 ἕνα
1598 5005 1704 5059 τῶν
1745 5006 1894 5074 αὐτῷ

326 5091 592 5146 συνόντων
645 5094 990 5158 ἀποστείλας,
1026 5095 1261 5165 ἐδήλωσέ
1287 5112 1428 5159 τινα,
1465 5095 1500 5149 ἃ
1541 5094 1759 5164 ἐνόμισε
1801 5095 1894 5148 καὶ

323 5183 476 5254 αὐτῷ
524 5185 880 5240 ἐπιϐάλλοντα
924 5181 1060 5240 εἶναι
1107 5189 1313 5250 εἰπεῖν,
1360 5187 1452 5239 καὶ
1493 5185 1622 5256 ἡμῖν
1666 5182 1894 5238 ἀκοῦσαι

396 5317 442 5349 ⁸³
478 5315 632 5373 Deut.
677 5333 734 5385 ι,
771 5319 884 5386 l7;
925 5317 1084 5373 Prov.
1125 5333 1293 5386 xvm,
1334 5317 1390 5374 5.

399 5433 512 5502 (74)
555 5434 652 5484 Ἐν
676 5431 888 5500 κρίσει.
925 5431 1057 5502 ιίαξο
1077 5431 1276 5502 desunt
1316 5432 1370 5484 in
1410 5432 1655 5502 quinque
1681 5431 1922 5487 nostriS‘

322 5501 630 5582 codieibns,
661 5503 914 5582 leguntur
947 5502 1002 5582 in
1032 5501 1202 5557 Coisl.
1239 5501 1441 5572 primo.
1566 5501 1578 5502 “
1654 5579 1664 5582 _
1704 5568 1718 5582 _
1834 5572 1866 5582 η

399 5571 899 5652 (Ἱδὶηζῃοοςοᾴσεις.
947 5571 1022 5652 ita
1065 5571 1292 5652 septem,
1321 5586 1512 5652 omnes
1546 5571 1898 5652 ngstripodi-

323 5639 442 5698 ces.
498 5639 639 5696 Editi
667 5639 894 5705 ἀίτίας.
953 5639 1144 5697 Paulo
1179 5641 1519 5711 postAeditio
1568 5639 1894 5696 Parisiensis

327 5712 774 5783 ἀπεκδυσάμεθα.
803 5712 969 5768 Coisl.
1005 5709 1252 5782 uterque,
1290 5709 1439 5766 Harl.
1475 5719 1528 5768 et
1561 5711 1697 5768 Med.
1726 5720 1780 5767 et
1807 5728 1897 5769 ve-

2003 3177 2329 3236 conventus,
2359 3177 2413 3224 et
2442 3179 2656 3243 tempus
2685 3161 2836 3229 aliud
2866 3177 3253 3244 constitutum,
3288 3188 3349 3234 ut
3381 3189 3436 3236 et
3459 3180 3574 3236 fra-

2001 3265 2115 3315 tres
2142 3261 2336 3326 nostri,
2362 3265 2453 3332 qui
2480 3263 2533 3317 in
2559 3266 2799 3334 parmcia
2822 3280 2974 3334 sunt,
2997 3271 3408 3340 convenientes,
3434 3289 3568 3329 con-

1997 3353 2360 3423 jungerentur
2393 3356 2536 3411 inter
2560 3372 2640 3423 se,
2671 3366 2726 3412 et
2749 3363 2984 3429 genuina
2999 3363 3288 3422 acsincera
3313 3365 3567 3438 deinceps

2001 3446 2141 3501 foret
2194 3450 2528 3504 communio.
2583 3449 2771 3522 Itaque
2827 3468 2929 3511 nos
2975 3455 3194 3526 quidem
3248 3457 3565 3515 advenimus

2000 3539 2306 3607 praestituto
2339 3547 2603 3611 tempore,
2637 3549 2692 3597 et
2723 3544 2818 3613 qui
2855 3559 3072 3600 mecum
3101 3547 3387 3617 conjuncti
3412 3557 3564 3604 erant

2000 3629 2230 3695 fratres,
2278 3633 2477 3700 partim
2526 3632 2772 3698 aderant,
2810 3638 3008 3706 partim
3049 3638 3416 3706 confluebant,
3461 3641 3564 3695 laeti

1999 3735 2190 3777 omnes
2223 3734 2386 3793 atque
2415 3724 2648 3791 alacres,
2681 3736 2740 3782 ut
2771 3727 2840 3782 ad
2860 3745 3049 3799 pacem
3073 3742 3391 3788 currentes:
3425 3733 3562 3788 litte-

2000 3827 2074 3866 rae
2102 3813 2262 3866 etiam
2286 3829 2316 3867 a
2345 3816 2503 3870 nobis
2525 3831 2589 3871 ac
2615 3832 2888 3884 cursores,
2918 3822 3012 3890 qui
3049 3836 3151 3876 nos
3176 3822 3367 3879 adesse
3379 3812 3563 3896 ,έίεηί-

2000 3902 2247 3968 ﬁearent,
2280 3907 2549 3975 siquidem
2576 3916 2765 3964 noster
2791 3919 2910 3965 erat
2949 3911 3039 3967 ille
3066 3913 3222 3970 locus
3251 3914 3317 3969 ad
3348 3929 3444 3970 eos
3472 3917 3563 3985 qui

1999 3996 2400 4050 concurrebant
2436 3999 2788 4069 excipiendos
2825 4000 3166 4070 designatus.
3198 4003 3305 4060 Sed
3333 4021 3457 4084 cum
3497 4023 3563 4060 ex

1999 4085 2168 4140 altera
2214 4100 2366 4155 parte
2415 4103 2578 4142 nemo
2621 4088 2858 4158 adesset,
2907 4103 3001 4148 aut
3055 4109 3434 4163 praecurrens,
3471 4105 3562 4151 aut

1999 4176 2262 4232 nuntians
2285 4177 2577 4233 adventum
2598 4195 2790 4236 eorum
2815 4186 2907 4253 qui
2937 4185 3395 4255 exspectabantur
3421 4205 3434 4254 ;
3471 4190 3561 4258 qui

1999 4275 2180 4322 autem
2211 4283 2241 4321 a
2284 4269 2444 4325 nobis
2473 4271 2627 4326 missi
2655 4281 2832 4338 erant,
2869 4289 2993 4329 cum
3022 4277 3311 4342 rediissem
3341 4281 3565 4333 multam

1997 4373 2185 4413 eorum
2213 4361 2306 4430 qui
2340 4361 2452 4415 illic
2487 4371 2615 4416 sunt
2649 4363 2931 4420 tristitiam
2970 4380 3035 4421 ac
3073 4371 3565 4425 murmurationem

1999 4459 2338 4518 enarrantes,
2370 4455 2529 4522 quasi
2580 4470 2721 4509 nova
2766 4456 2899 4513 ﬁdes
2949 4472 2980 4512 a
3025 4461 3183 4517 nobis
3227 4462 3565 4532 promulgata

2001 4549 2166 4609 esset,
2204 4543 2367 4613 hique
2403 4546 2662 4604 statuisse
2692 4548 3028 4618 dicerentur,
3057 4566 3117 4606 se
3144 4558 3293 4608 certe
3325 4568 3426 4608 suo
3453 4553 3565 4622 epi-

2001 4648 2167 4703 scopo
2201 4636 2270 4690 ad
2322 4651 2425 4692 nos
2473 4639 2854 4708 proﬁciscendi
2901 4644 3114 4712 capiam
3164 4642 3409 4700 facturos
3457 4658 3565 4698 non

1998 4743 2121 4783 esse
2147 4744 2160 4792 ;
2193 4744 2428 4800 cumque
2448 4732 2690 4788 venisset
2716 4734 2938 4803 quidam
2962 4733 3195 4790 aﬁ‘erens
3218 4736 3377 4791 nobis
3401 4735 3576 4806 378-

1999 4821 2286 4890 epistolam
2338 4823 2708 4893 perfunctorie
2757 4827 3017 4896 scriptam
3045 4869 3060 4893 ,
3114 4837 3167 4883 et
3196 4843 3318 4897 quae
3359 4829 3565 4883 nullam

2001 4926 2192 4967 eorum
2215 4914 2282 4969 de
2309 4916 2512 4984 quibus
2555 4916 2626 4971 ab
2662 4917 2818 4972 initio
2848 4926 3201 4982 convenerat,
3233 4918 3564 4974 mentionem

2003 4999 2275 5068 habebat;
2316 5012 2370 5056 et
2404 5019 2527 5058 cum
2559 5006 2712 5060 omni
2747 5007 2878 5061 mihi
2911 5009 3219 5063 reverentia
3263 5015 3320 5062 et
3357 5008 3565 5062 honore

2002 5091 2198 5162 dignus
2240 5092 2404 5149 frater
2444 5094 2780 5168 Theophilus
2825 5113 2934 5154 uno
2980 5115 3048 5155 ex
3083 5099 3171 5158 his
3203 5101 3297 5170 qui
3330 5114 3454 5154 cum
3497 5113 3564 5154 eo

2007 5193 2138 5241 sunt
2173 5188 2367 5256 missi,
2412 5193 2677 5260 nonnulla
2721 5193 3094 5256 declarasset,
3145 5208 3265 5264 quae
3313 5208 3414 5249 nec
3457 5191 3564 5249 sibi

1997 5439 2160 5486 tustaa
2194 5429 2462 5485 editiones
2493 5438 2552 5485 ut
2584 5433 2638 5485 in
2671 5440 2840 5488 textu.
3025 5482 3030 5487 .

2069 5501 2181 5577 (_76)
2215 5501 2309 5566 Ὡς
2331 5500 2662 5577 ὺπξηφάεξση.
2685 5502 2826 5577 Editi
2860 5503 2948 5577 his
2970 5504 3199 5561 vocibus
3228 5506 3564 5577 praemittunt

1998 5571 2114 5635 καί,
2153 5585 2274 5640 quae
2317 5571 2633 5638 conjunctin
2671 5573 2826 5628 deest
2865 5575 2918 5628 in
2952 5590 3047 5630 sex
3079 5593 3213 5630 mss.
3228 5571 3298 5632 ἐι
3325 5577 3568 5634 editione

2000 5641 2207 5722 ἔθεσι).
2259 5640 2522 5722 οιηϐιιείιτ
2570 5642 2764 5722 prima.
2815 5643 3018 5722 Ibidem
3069 5647 3197 5700 editi
3248 5647 3560 5722 ἀπεδείχθη,

2000 5709 2136 5768 Tres
2166 5711 2523 5768 vetustissimi
2557 5709 2775 5770 codices
2806 5724 2862 5770 ut
2889 5717 2944 5772 in
2974 5723 3149 5772 textu.
