3900 6208
398 355 503 412 θιδ

1743 339 1802 397 S.
1842 336 2087 393 BASILII
2127 336 2338 394 HAGNI

3549 334 3648 390 9|6

400 474 656 530 indecora
704 468 852 527 dictu
919 477 972 526 et
1015 469 1173 525 nobis
1221 468 1409 525 auditu
1452 462 1812 536 congruentia
1856 473 1949 516 ess

2080 459 2376 530 πρέποντα.
2430 455 2757 511 Ἐπιστεῖλαι
2793 455 2899 528 γὰρ
2925 456 3024 509 οὐκ
3051 455 3298 526 ἠξίωσεν,
3347 456 3409 509 ού
3452 454 3543 507 τὸν
3588 458 3642 509 ἐν

398 564 653 621 ducebat.
695 562 948 619 Scribere
976 563 1121 618 enim
1151 576 1262 616 non
1293 561 1548 630 dignatus
1581 563 1687 623 est,
1721 570 1834 610 non
1857 561 1969 609 tam

399 667 651 717 metuens
677 675 747 716 ne
776 675 842 716 ex
871 658 1068 715 litteris
1106 664 1454 728 argueretur,
1496 668 1661 726 quam
1699 651 1968 708 sollicitus

397 762 469 802 ne
507 763 608 803 nos
642 762 869 805 necesse
907 747 1133 803 haberet
1162 755 1222 802 ut
1252 748 1542 817 episcopos
1570 745 1842 809 salutare;
1873 741 1968 797 sed

399 849 552 894 certe
582 840 748 896 verba
787 848 944 896 erant
993 839 1360 906 vehementia,
1392 845 1447 893 et
1489 853 1555 893 ex
1589 844 1806 906 pectore
1854 833 1966 890 l'er-

397 937 558 985 vente
585 932 818 1001 prolata.
866 933 924 987 In
960 932 1046 989 his
1075 931 1470 998 discessimus,
1504 931 1713 1001 pudore
1751 927 1964 991 allecti,

394 1021 857 1096 concidentesque
887 1025 1092 1088 animo,
1132 1039 1234 1080 nec
1267 1024 1532 1079 habentes
1563 1021 1710 1093 quod
1739 1021 1970 1076 interro-

397 1113 651 1182 gantibus
681 1116 1164 1186 responderemus.
1193 1115 1414 1172 Interim
1441 1131 1550 1170 non
1578 1114 1808 1169 multum
1835 1121 1966 1167 tem-

394 1217 533 1272 pus,
575 1215 629 1260 et
663 1206 765 1261 iter
807 1207 861 1261 in
903 1206 1188 1262 Ciliciam:
1236 1206 1361 1262 inde
1403 1206 1630 1268 reditus,
1673 1219 1736 1259 ac
1781 1202 1964 1258 statim

393 1293 592 1350 litterae
622 1298 1064 1354 communionem
1095 1300 1255 1355 nobis
1284 1301 1679 1354 renuntiantes.

465 1471 518 1524 5.
548 1470 741 1542 Baptae
769 1481 950 1530 autem
975 1476 1376 1532 communionis
1425 1491 1610 1539 causa,
1642 1477 1784 1546 quod
1817 1475 1961 1545 Apo-

393 1560 613 1628 linario,
649 1563 846 1630 aiebat,
884 1565 1322 1636 scripsissemus,
1353 1574 1406 1621 et
1438 1567 1583 1636 quod
1614 1567 1964 1636 compreshy-

395 1660 574 1707 terum
605 1663 855 1711 nostrum
897 1655 1190 1712 Diodorum
1233 1658 1558 1714 haberemus
1587 1660 1961 1714 communica-

2072 550 2180 603 τῶν
2201 549 2543 621 γραμμάτων
2570 549 2787 620 ἔλεγχον
2826 548 3170 620 ὑφορώμενος
3216 548 3492 612 τοσοῦτον,
3527 551 3636 604 ὅσοι

2074 641 2370 712 φροντίζων
2394 641 2485 694 τοῦ
2506 640 2580 712 μὴ
2610 643 2689 704 είς
2705 639 2948 711 ἀνάγκην
2967 639 3140 694 ὲλθεῖν
3161 643 3482 712 προσειπεῖν
3506 643 3636 712 ἡμᾶς

2070 731 2146 795 ώς
2172 732 2526 794 ἐπισκόπουςο
2563 731 2702 803 πλὴν
2728 747 2792 800 γε
2812 731 2898 802 δὴ,
2941 732 3022 785 ὅτι
3065 731 3268 804 σφοδρά
3313 728 3382 802 ἦν
3437 732 3506 785 τά
3552 736 3616 804 ρή

2074 841 2240 897 ματα,
2272 826 2366 878 καὶ
2387 825 2495 879 ἀπὸ
2525 824 2749 895 καρδίας
2779 823 3237 896 ἐκθερμανθείσης
3275 824 3637 895 ἐξενεχθέντα.

2084 919 2208 973 Ἐπὶ
2239 917 2452 982 τούτοις
2496 917 2816 988 διελύθημεν
2866 919 3333 989 κατησχυμμένοι,
3379 919 3475 971 καὶ
3507 933 3643 986 συμ-

2071 1009 2418 1074 πεπτωκότες
2456 1013 2522 1080 τῇ
2555 1007 2770 1079 γνώμη,
2801 1008 2901 1060 οὐκ
2943 1007 3156 1078 ἔχοντες
3200 1009 3229 1060 ὃ
3259 1025 3312 1060 τι
3351 1010 3468 1071 τοῖς
3505 1009 3644 1079 ἐρωο

2068 1101 2234 1155 τῶσιν
2279 1101 2745 1172 ἀποκρινούμεθα.
2788 1102 2992 1174 Χρόνος
3045 1100 3102 1153 δὲ
3149 1101 3210 1154 ού
3258 1101 3430 1165 πολὺς
3480 1104 3539 1155 ὲν
3570 1103 3644 1171 τῷ

2071 1197 2241 1268 μέσῳ,
2269 1198 2364 1250 καὶ
2392 1197 2666 1268 ἀποδημία
2698 1197 2858 1269 μέχρι
2893 1198 3154 1251 Κιλίκων·
3187 1197 3447 1251 κάκεῖθεν
3477 1199 3642 1252 ἐπάν-

2069 1291 2209 1355 οδος,
2245 1293 2340 1344 καὶ
2379 1290 2682 1362 γράμματα
2727 1291 2907 1354 εὐθὺς.
2941 1291 3310 1362 ἀπαγόρευσιν
3334 1291 3528 1360 ἔχοντα
3546 1292 3643 1363 τῆς

2067 1384 2203 1455 πρὸς
2227 1385 2373 1455 ἡμᾶς
2405 1383 2706 1447 κοινωνίας.

2137 1476 2189 1530 5.
2235 1475 2298 1528 Ἦ
2321 1474 2379 1527 δὲ
2409 1475 2556 1529 αἰτία
2590 1475 2690 1546 τῆς
2721 1473 3093 1545 ἀπορρήξεως,
3127 1474 3208 1528 ὅτι
3259 1473 3639 1544 Ἀπολιναρίῳ,

2067 1567 2251 1638 φησὶν,
2280 1567 2692 1638 ἐπεστείλαμεν,
2724 1568 2816 1620 καὶ
2842 1567 2932 1620 τὸν
2969 1565 3455 1636 συμπρεσόύτερον
3487 1563 3640 1635 ἡμῶν

2065 1659 2326 1731 Διόδωρον
2358 1659 2552 1731 ἔχομεν
2575 1659 2886 1714 κοινωνικόν
2917 1659 3054 1728 (77).
3092 1656 3230 1726 Ἐγὼ
3253 1657 3311 1710 δὲ
3357 1657 3636 1710 Ἀπολινά-

393 1748 590 1798 torem.
623 1743 736 1817 Ego
779 1755 960 1802 autem
988 1748 1362 1818 Apolinarium
1418 1751 1636 1820 quidem
1683 1766 1949 1822 nunquam

2069 1768 2180 1822 ριον
2218 1751 2316 1822 μὲν
2344 1752 2537 1823 ἐχθρὸν
2579 1751 2832 1804 οὐδέποτε
2868 1750 3186 1821 ἡγησάμην,
3231 1749 3349 1803 ἀλλ’
3376 1749 3524 1803 ἐστιν
3557 1751 3638 1817 ἐφ’

393 1833 678 1890 inimicum
710 1837 863 1903 duxi,
898 1839 1009 1894 imo
1038 1855 1145 1895 non
1185 1840 1382 1896 desunt
1416 1843 1487 1897 ob
1510 1858 1630 1912 qua:
1681 1844 1843 1899 etiam
1876 1860 1949 1898 rc-

2065 1821 2144 1905 οἷς
2163 1821 2259 1895 καὶ
2288 1821 2539 1911 αἰδοῦμαι
2579 1840 2670 1893 τὸν
2701 1841 2869 1912 ἄνδρα
2889 1855 2901 1868 ·
2935 1842 2994 1893 ού
3040 1841 3148 1911 μὴν
3183 1840 3359 1904 οὕτως
3405 1841 3638 1912 ἐμαυτὸν

391 1939 586 1980 verear
624 1928 845 1984 virum:
877 1931 972 1986 sed
1003 1938 1182 1987 tamen
1220 1949 1330 1988 non
1358 1935 1434 1988 ita
1473 1951 1560 1990 me
1587 1935 1791 1990 homini
1825 1950 1960 1990 con-

387 2017 569 2086 iunxi,
613 2028 673 2074 ut
706 2021 854 2078 illius
880 2024 1110 2079 crimina
1145 2027 1262 2096 ipse
1291 2026 1609 2096 suscipiam,
1647 2042 1771 2081 cum
1811 2037 1960 2083 certe

387 2117 444 2164 et
467 2109 584 2181 ipse
603 2114 868 2168 nonnulla
894 2115 1144 2180 habeam,
1179 2134 1300 2188 qua:
1325 2119 1382 2174 in
1417 2118 1512 2174 illo
1540 2119 1954 2189 reprehendam,

387 2199 548 2256 lectis
579 2201 726 2259 illius
763 2205 920 2262 libris
949 2209 1249 2266 nonnullis.
1281 2209 1399 2266 Non
1429 2221 1610 2268 tamen
1641 2213 1708 2268 de
1749 2212 1955 2283 Spiritu

387 2303 583 2350 sancto
624 2305 718 2350 aut
755 2296 958 2353 librum
1009 2316 1097 2356 me
1141 2303 1212 2357 ab
1253 2318 1318 2358 eo
1361 2313 1546 2374 petere
1574 2306 1830 2371 memini,
1863 2314 1956 2360 aut

384 2384 619 2441 missum
673 2387 942 2458 accipere.
993 2389 1098 2447 Sed
1129 2393 1568 2463 copiosissimum
1603 2395 1755 2450 illum
1791 2397 1955 2451 audio

385 2475 631 2530 omnium
653 2477 984 2548 scriptorum
1006 2482 1285 2539 exstitisse
1311 2504 1323 2538 :
1357 2485 1457 2554 legi
1480 2492 1660 2540 autem
1685 2501 1954 2556 perpauca

383 2581 452 2620 ex
487 2567 635 2625 illius
667 2569 908 2640 scriptis,
942 2587 1120 2644 neque
1155 2576 1299 2630 enim
1341 2576 1471 2630 mihi
1517 2578 1685 2631 otium
1713 2585 1798 2633 est
1827 2578 1954 2633 talia

382 2659 706 2727 scrutandi;
735 2674 800 2717 ac
822 2671 1080 2734 praeterea
1101 2667 1336 2724 dillicilis
1359 2669 1578 2740 quidam
1606 2685 1727 2727 sum
1752 2685 1816 2725 ac
1840 2685 1956 2724 mo-

382 2759 548 2801 rosus
585 2746 654 2802 ad
687 2751 994 2807 recentiora
1023 2755 1395 2824 admittenda;
1435 2759 1636 2830 quippe
1664 2775 1789 2815 cum
1821 2759 1951 2813 mihi

383 2854 483 2907 Per
528 2857 734 2916 corpus
765 2863 834 2903 ne
871 2848 930 2903 in
960 2847 1196 2904 lectione
1225 2849 1445 2918 quidem
1478 2848 1740 2907 divinitus
1781 2850 1956 2920 inspi-

382 2940 517 2989 rata:
540 2933 838 3009 Scriptura:
864 2940 1135 2997 laboriose
1169 2948 1332 3010 atque
1359 2951 1416 2995 ut
1447 2956 1546 3010 par
1573 2950 1676 3006 est,
1708 2950 1954 3012 perstare

382 3024 563 3082 liccat.
593 3027 736 3094 Quid
759 3030 863 3086 hoc
895 3031 1058 3102 igitur
1084 3031 1155 3087 ad
1181 3048 1288 3096 me,
1319 3033 1365 3089 si
1393 3033 1516 3104 quis
1545 3034 1676 3104 quid
1706 3035 1949 3104 scripsit,

2057 1932 2136 2002 τῷ
2179 1932 2450 2004 ἀνθρώπῳ
2498 1931 2728 2004 συνῆψα,
2774 1931 2913 1985 ὥστε
2965 1932 3033 1985 τά
3074 1931 3283 1984 ἐκείνου
3321 1931 3638 2003 ἐγκλήματα

2057 2023 2219 2088 αὐτὸς
2252 2024 2606 2094 ὑποδέχεσθαι
2626 2039 2638 2052 ·
2670 2024 2801 2076 ὅπου
2850 2041 2912 2092 γε
2945 2023 3051 2094 ἔχω
3075 2023 3197 2076 τινὰ
3228 2025 3322 2076 καὶ
3359 2023 3526 2086 αὐτὸς
3551 2023 3638 2091 ἐγ-

2057 2116 2242 2168 καλεῖν
2272 2115 2437 2186 αύτῴ,
2471 2113 2706 2186 ἐντυχών
2735 2133 2841 2168 τισι
2870 2116 2977 2169 τῶν
3024 2117 3418 2186 συνταγμάτων
3449 2112 3635 2170 αὐτοῦ.

2057 2207 2133 2259 Ού
2165 2206 2272 2277 μὴν
2307 2207 2437 2277 περὶ
2475 2207 2570 2259 τοῦ
2614 2205 2930 2275 Πνεύματος
2973 2205 3067 2257 τοῦ
3114 2205 3268 2273 ἁγίου
3326 2204 3360 2276 ἢ
3406 2205 3638 2274 αἰτήσας

2056 2302 2218 2355 αὐτὸν
2241 2299 2357 2354 οίδα
2387 2300 2608 2371 βιϐλίον,
2633 2301 2666 2370 ἢ
2694 2299 2992 2354 ἁποσταλὲν
3011 2298 3431 2369 ὑποδεξάμενος.
3477 2295 3638 2350 Ἀλλά

2055 2391 2498 2460 πολυφωνότατον
2549 2392 2646 2462 μὲν
2695 2378 2874 2444 αὐτὸν’
2898 2389 3080 2444 ἀκούω
3127 2389 3346 2442 πάντων
3393 2400 3634 2458 συγγρα-

2057 2485 2205 2554 φέων
2230 2484 2594 2555 γεγενῆσθαιο
2619 2483 2818 2552 ὀλίγοις
2856 2483 2912 2536 δὲ
2949 2482 3285 2554 ἐντετύῃκα
3310 2480 3420 2534 τῶν
3452 2495 3636 2532 συντα-

2056 2573 2280 2644 γμάτων
2322 2573 2433 2644 (78)
2481 2572 2676 2627 αὑτοῦ·
2734 2572 2855 2626 οὐδὲ
2901 2571 3010 2642 γὰρ
3059 2572 3222 2642 σχολή
3275 2571 3364 2642 μοί
3401 2571 3519 2623 ἐστι
3565 2569 3634 2623 τὰ

2053 2665 2278 2719 τοιαῦτα
2306 2664 2704 2736 διερευνᾶσθαι,
2723 2653 2822 2718 καῖ
2837 2664 2952 2735 ἀμα
2967 2664 3231 2735 δυσχερής
3247 2679 3333 2726 τις
3356 2662 3474 2732 εἰμὶ
3498 2661 3635 2733 πρὸς

2052 2758 2152 2830 τὴν
2184 2757 2293 2812 τῶν
2321 2758 2596 2831 νεωτέρων
2620 2757 2952 2829 παραδοχὴν,
2985 2751 3028 2825 ᾧ
3047 2775 3112 2826 γε
3139 2757 3200 2810 τὸ
3233 2758 3396 2827 σῶμα
3422 2739 3545 2809 οῦδὲ
3565 2758 3630 2826 τῇ

2053 2849 2358 2918 ἀναγνώσει
2399 2849 2509 2902 τῶν
2533 2849 2903 2904 θεοπνεύστων
2939 2849 3168 2921 Γραφῶν
3204 2848 3505 2918 φιλοπόνως
3540 2849 3633 2902 καὶ

2055 2941 2176 2994 καθ’
2211 2941 2268 2994 ὃν
2312 2941 2394 2994 δεῖ
2437 2942 2636 3012 τρόπον
2693 2943 2964 3013 συγχωρεῖ
3021 2941 3381 3012 παραμένειν.
3430 2939 3495 2993 Τί
3540 2935 3630 2994 οὖν

2057 3034 2192 3104 πρὸς
2222 3034 2321 3104 ἐμὲ
2347 3032 2523 3100 τοῦτο,
2561 3034 2614 3086 εἴ
2636 3051 2718 3097 τις
2749 3033 3052 3104 συνέγραψε
3081 3050 3132 3086 τι
3167 3031 3244 3104 μὴ
3283 3032 3520 3103 ἀρέσκον
3556 3032 3630 3103 τῷ

380 3116 530 3184 quod
569 3119 786 3174 cuidam
834 3136 944 3177 non
988 3123 1243 3194 placeat?
1288 3123 1607 3194 Quanquam
1652 3132 1707 3180 et
1738 3133 1949 3195 oportet

2059 3124 2225 3190 δεῖνι;
2259 3125 2450 3179 Καίτοι
2489 3126 2536 3177 εί
2565 3124 2646 3178 δεῖ
2682 3125 2838 3180 ἄλλον
2887 3125 3024 3196 ὑπὲρ
3058 3124 3220 3178 ἄλλου
3259 3123 3360 3188 τὰς
3401 3123 3630 3187 εὐθύνας

379 3209 551 3264 alium
583 3226 683 3281 pro
713 3213 823 3268 alio
849 3215 1117 3270 rationem
1160 3215 1408 3280 reddere,
1439 3215 1486 3272 is
1517 3218 1608 3287 qui
1653 3231 1740 3271 me
1786 3231 1949 3271 accu-

379 3306 470 3353 sat
488 3299 556 3355 de
575 3301 912 3372 Apolinario,
954 3304 1280 3376 respondeat
1306 3305 1467 3361 nobis
1489 3306 1556 3362 de
1576 3307 1707 3360 Ario
1727 3306 1948 3377 proprio

377 3405 484 3445 suo
533 3393 828 3463 magistro,
861 3403 914 3451 et
958 3396 1027 3453 de
1068 3398 1228 3453 Aetio
1270 3399 1490 3468 proprio
1525 3414 1628 3454 suo
1657 3399 1944 3469 discipulo.

376 3479 491 3538 Nos
529 3491 710 3540 autem
742 3502 920 3559 neque
941 3489 1270 3559 discipulum
1305 3489 1414 3543 ulla
1449 3490 1506 3544 in
1539 3505 1600 3545 re
1634 3490 1944 3556 habuimus,

377 3592 560 3649 neque
588 3579 908 3650 magistrum
939 3582 1084 3639 hunc
1114 3583 1410 3648 hominem,
1440 3583 1600 3652 cujus
1633 3583 1863 3639 crimina
1890 3583 1946 3638 in

377 3684 482 3725 nos
512 3679 858 3728 convertunt.
890 3672 1188 3729 Diodorum
1211 3681 1416 3741 autem,
1457 3682 1516 3730 ut
1545 3675 1690 3730 beati
1724 3675 1946 3746 Sylvani

375 3763 688 3829 alumnum,
720 3765 790 3819 ab
822 3765 978 3820 initio
1007 3766 1388 3836 suscepimus:
1426 3782 1572 3822 nunc
1601 3783 1731 3823 vero
1765 3777 1819 3822 et
1860 3768 1946 3822 di-

375 3853 600 3925 ligimus
647 3863 702 3911 et
740 3857 1159 3927 complectimur
1188 3859 1258 3913 ob
1288 3859 1508 3914 insitam
1555 3859 1634 3914 illi
1675 3862 1943 3917 sermonis

373 3949 638 4016 gratiam,
681 3961 789 4017 qua
831 3949 989 4002 multi
1027 3964 1100 4003 ex
1141 3949 1208 4005 iis
1249 3949 1341 4020 qui
1393 3949 1546 4004 illum
1587 3952 1940 4020 conveniunt,

372 4039 628 4096 meliores
661 4038 818 4094 ﬁunt.

445 4129 500 4184 4.
529 4128 759 4201 Propter
795 4131 894 4187 bas
941 4132 1173 4198 litteras,
1219 4143 1280 4188 ut
1321 4133 1565 4199 decebat,
1599 4133 1846 4202 allectus,
1889 4146 1943 4191 et

372 4221 444 4277 ad
474 4231 584 4276 tam
616 4223 1044 4293 inexspectatam
1087 4239 1152 4280 ac
1194 4225 1429 4280 subitam
1459 4226 1812 4282 mutationem
1844 4228 1942 4282 ob-

372 4323 718 4383 stupescens,
756 4329 826 4369 ne
868 4315 1203 4385 respondere
1235 4315 1453 4386 quidem
1486 4317 1657 4386 potui.
1690 4316 1941 4372 Constri-

368 4414 523 4462 ctum
550 4407 695 4462 enim
729 4414 845 4461 erat
885 4406 1021 4460 mihi
1062 4421 1178 4474 cor,
1221 4407 1460 4463 resoluta
1506 4407 1710 4478 lingua,
1742 4423 1938 4464 manus

2059 3217 2300 3288 ὑπέχειν,
2331 3219 2359 3270 ὀ
2389 3218 2510 3287 ἐμοὶ
2553 3215 2800 3285 ἐγκαλῶν
2833 3217 2971 3287 ὑπὲρ
3011 3216 3386 3288 Ἀπολιναρίου
3437 3216 3629 3270 ἀπολο-

2057 3308 2260 3377 γείσθω
2290 3308 2401 3380 (79)
2424 3312 2576 3380 ἡμῖν,
2603 3309 2742 3380 ὑπὲρ
2759 3310 2966 3379 Ἀρείου
3000 3309 3092 3362 τοῦ
3123 3309 3253 3363 ἰδίου
3284 3310 3626 3373 διδασκάλου,

2053 3400 2149 3452 καὶ
2177 3402 2316 3472 ὑπὲρ
2353 3401 2558 3454 Ἀετίου
2603 3401 2697 3454 τοῦ
2750 3400 2878 3453 ἰδίου
2916 3400 3079 3454 αὑτοῦ
3133 3401 3397 3473 μαθητοῦ.
3439 3401 3627 3472 Ἡμεῖς

2052 3489 2109 3542 δὲ
2148 3489 2270 3544 ούτε
2311 3491 2663 3563 ἐδιδάχθημεν
2697 3509 2768 3554 τι,
2800 3491 2922 3544 οῦτε
2957 3490 3406 3563 ὲμαθητεύθημεν
3443 3491 3521 3562 τῷ
3545 3493 3628 3546 ἀν-

2051 3582 2158 3653 δρὶ,
2202 3576 2264 3636 οὗ
2325 3582 2393 3636 τὰ
2429 3584 2746 3654 ἐγκλήματα
2801 3586 2931 3654 ἡμῖν
2978 3585 3391 3656 περιτρέπουσι.
3432 3585 3624 3638 Διόδω-

2055 3691 2145 3746 ρον
2167 3675 2248 3740 δὲ,
2279 3675 2355 3738 ὡς
2394 3675 2616 3746 θρέμμα
2669 3676 2762 3729 τοῦ
2822 3677 3088 3749 μακαρίου
3138 3676 3451 3744 Σιλουανοῦ,
3484 3677 3546 3730 τὸ
3567 3677 3621 3742 ἐξ

2052 3767 2224 3838 ἀρχῆς
2258 3766 2632 3837 ὑπεδεξάμεθα
2666 3769 2806 3839 (80)·
2837 3769 2930 3822 νῦν
2967 3771 3022 3822 δὲ
3055 3769 3149 3823 καὶ
3181 3771 3486 3841 ἀγαπῶμεν
3531 3774 3620 3824 καὶ

2057 3859 2390 3930 περιέπομεν
2419 3859 2506 3912 διά
2519 3860 2616 3929 τὴν
2634 3852 2943 3931 προσοῦσαν
2960 3861 3107 3932 αύτῷ
3128 3863 3222 3916 τοῦ
3253 3863 3414 3931 λόγου
3438 3865 3615 3934 χάριν,

2049 3951 2117 4004 δι’
2137 3946 2204 4022 ἦς
2232 3950 2413 4005 πολλοὶ
2435 3951 2544 4005 τῶν
2580 3954 3014 4023 ἐντυγχανόντων
3047 3955 3288 4024 βελτίους
3321 3956 3589 4024 γίνονται.

2117 4130 2173 4184 4.
2220 4131 2342 4184 Ἐπὶ
2374 4132 2582 4194 τούτοις
2610 4135 2720 4194 τοῖς
2750 4133 3037 4204 γράμμασι
3061 4132 3348 4198 διατεθεὶς,
3373 4133 3450 4197 ὼς
3476 4135 3619 4197 είκδς

2045 4219 2134 4294 ἦν,
2169 4225 2263 4279 καὶ
2298 4224 2590 4293 ἐκπλαγεὶς
2645 4225 2780 4294 πρὸς
2831 4226 2928 4296 τὴν
2979 4224 3119 4278 οὕτω
3164 4226 3475 4296 παράλογον
3527 4228 3618 4281 καὶ

2047 4315 2248 4386 ἀθρόαν
2295 4316 2614 4387 μεταϐολὴν,
2665 4316 2784 4369 οὐδὲ
2840 4316 3295 4386 ἀντιφθέγξασθαι
3327 4318 3614 4390 ἠδυνήθην.

2046 4406 2326 4460 Συνδέδετο
2351 4407 2448 4478 μὲν
2470 4408 2577 4479 γάρ
2601 4425 2690 4478 μοι
2714 4410 2746 4478 ἡ
2769 4409 2980 4479 καρδία,
3008 4411 3230 4478 παρεῖτο
3245 4409 3299 4461 δὲ
3322 4411 3355 4479 ἡ
3377 4409 3614 4477 γλῶσσα,

371 4496 646 4566 torpebat,
679 4503 842 4566 atque
874 4497 929 4551 in
968 4497 1133 4551 animi
1177 4512 1286 4552 non
1329 4496 1486 4553 fortis
1533 4498 1724 4553 vitium
1775 4499 1938 4554 incidi

2059 4499 2366 4569 νεναρκὴκει
2413 4496 2472 4549 δὲ
2539 4499 2572 4568 ἡ
2625 4497 2771 4568 χείρ’
2815 4499 2908 4550 καὶ
2963 4497 3164 4550 ἔπαθον
3208 4496 3378 4558 πάθος
3445 4496 3616 4567 ψυχῆς

370 4589 610 4658 (dicetur
657 4588 804 4643 enim
849 4587 996 4658 quod
1043 4603 1234 4643 verum
1274 4595 1380 4654 est,
1421 4590 1518 4645 sed
1564 4597 1748 4646 tamen
1785 4593 1941 4647 venia

367 4679 641 4750 dignum):
677 4694 847 4750 prope
881 4680 1088 4735 factum
1119 4688 1225 4745 est,
1260 4690 1320 4735 ut
1359 4697 1447 4738 me
1474 4682 1691 4753 generis
1714 4682 1939 4739 humani

367 4770 556 4827 odium
591 4781 830 4840 caperet,
878 4786 981 4828 nec
1024 4771 1118 4827 ulli
1157 4787 1338 4828 mores
1385 4777 1624 4844 suspecti
1665 4777 1796 4830 mihi
1829 4792 1937 4832 non

365 4871 585 4927 essent,
627 4863 1014 4936 crederemque
1056 4880 1166 4920 non
1209 4880 1333 4920 esse
1372 4865 1428 4920 in
1466 4865 1704 4924 hominis
1744 4876 1937 4923 natura

373 4956 655 5012 charitatis
695 4957 937 5026 bonum;
982 4959 1077 5014 sed
1120 4973 1317 5015 nomen
1347 4975 1471 5016 essc
1503 4960 1812 5030 speciosum
1850 4962 1937 5017 his

363 5048 460 5115 qui
496 5045 630 5100 illud
675 5049 1034 5117 pronuntiant
1071 5048 1279 5119 aliquid
1323 5048 1552 5104 honoris
1583 5047 1783 5114 ferens,
1826 5043 1966 5105 nou'

372 5151 549 5193 tamen
596 5152 786 5193 revera
827 5139 1010 5196 inesse
1044 5139 1282 5195 hominis
1323 5139 1476 5194 cordi
1521 5139 1666 5195 hanc
1698 5141 1936 5198 all‘ectio-

373 5244 513 5286 nem.
544 5229 602 5286 Si
626 5231 769 5287 enim
803 5233 898 5303 qui
927 5231 1214 5290 videbatur
1242 5248 1272 5288 a
1303 5248 1473 5304 puero
1499 5233 1566 5288 ad
1598 5233 1763 5305 379
1788 5250 1936 5289 sum-

400 5377 405 5382 '
434 5363 552 5504 (77)
585 5367 965 5421 Κοινωνικόν.
997 5366 1073 5421 Ita
1097 5383 1188 5422 sex
1216 5383 1350 5423 mss.
1381 5367 1522 5423 Editi
1554 5371 1824 5424 κοινωνόν.

438 5433 530 5501 (78
587 5436 1043 5504 Συνταγμὰτων.
1077 5436 1154 5490 lta
1185 5445 1298 5493 tres
1324 5439 1683 5494 vetustissimi
1714 5442 1815 5494 cod

438 5433 552 5504 (78)
583 5436 1043 5505 Συνταγμὰτων.
1077 5436 1154 5490 lta
1185 5445 1298 5493 tres
1324 5439 1683 5494 vetustissimi
1714 5441 1934 5497 codices

363 5515 490 5556 cum
542 5504 791 5580 pluribus
825 5504 989 5580 aliis.
1040 5506 1185 5580 Editi
1233 5509 1709 5580 συγγραμμάτων.
1763 5510 1934 5568 Paulo

441 5580 494 5649 st_
542 5573 671 5649 editi
704 5576 762 5629 ὃν
796 5592 878 5649 Te
903 5577 964 5628 τὸ
1013 5577 1190 5649 σῶμα.
1233 5573 1472 5649 Uterque
1495 5573 1719 5649 i'Coisl.,
1765 5580 1929 5646 Med,

395 5641 520 5720 _lar_l_.
549 5653 602 5698 et
631 5641 763 5720 lieg.
791 5641 1010 5720 primnus
1041 5641 1108 5700 ut'
1137 5647 1191 5720 in
1225 5641 1402 5720 t‘extu'.
1431 5648 1614 5703 Editio
1645 5641 1849 5720 "agam
1878 5641 1932 5708 et

368 5711 693 5786 llasjlcensis
717 5711 894 5782 prima
921 5715 994 5778 ῶς
1023 5715 1168 5786 γετὸ
1195 5716 1370 5786 σῶμα.

439 5781 548 5852 (79)
591 5781 1043 5853 Ἀποζῖογεὶσθωξ
1075 5783 1222 5842 Harl.
1267 5781 1318 5842 et
1356 5788 1522 5846 Coisl.
1556 5791 1762 5859 primus
1798 5792 1929 5847 ἀπο-

2047 4587 2302 4657 ἀγεννοῦς
2339 4589 2635 4661 (εἰρήσεται
2677 4590 2785 4660 γάρ
2819 4589 3068 4659 τάληθὲς,
3127 4588 3268 4659 πλὴν
3315 4587 3454 4641 ἀλλά
3487 4606 3616 4657 συγ-

2043 4680 2269 4751 γνώμης
2331 4680 2524 4749 άξιον)⁶
2586 4679 2783 4751 μικροῦ
2830 4681 2924 4733 καὶ
2963 4682 3042 4744 είς
3083 4680 3501 4751 μισανθρωπίαν
3534 4681 3616 4745 ἐξ·

2048 4774 2268 4835 ἐπεσον,
2294 4773 2390 4826 καὶ
2419 4773 2527 4826 πᾶν
2562 4790 2650 4842 μοι
2680 4768 2813 4842 ἦθος
2842 4769 3083 4824 ὕποπτον
3105 4771 3388 4842 ἐνομίσθη,
3416 4772 3511 4824 καὶ
3543 4771 3614 4842 μὴ

2042 4863 2180 4920 εἶναι
2209 4867 2268 4918 ἐν
2293 4863 2578 4936 ἀνθρώπου
2604 4863 2762 4930 φύσει
2791 4863 2902 4933 (81)
2925 4863 2986 4915 τὸ
3019 4863 3118 4932 τῆς
3162 4863 3384 4930 ἀγάπης
3422 4863 3610 4916 καλόνο

2043 4957 2177 5012 ἀλλὰ
2225 4957 2378 5028 ῥῆμα
2437 4950 2575 5008 εἶναι
2633 4955 2986 5025 εὐπρόσωπον
3055 4953 3444 5024 καλλωπισμόν
3495 4969 3610 5006 τινα

2039 5049 2280 5122 παρέχον
2309 5051 2422 5112 τοῖς
2458 5050 2841 5121 κεχρημένοις,
2891 5050 2952 5103 ού
2994 5049 3099 5119 μὴν
3127 5048 3456 5119 ἐνυπάρχειν
3493 5050 3610 5102 κατ’

2039 5140 2294 5212 ἀλήθειαν
2323 5142 2520 5213 καρδίᾳ
2557 5140 2844 5212 ἀνθρώπου
2878 5140 2975 5212 τὴν
3022 5139 3262 5194 διάθεσιν
3295 5141 3524 5211 ταύτην.
3553 5139 3610 5193 El

2039 5233 2144 5302 γὰρ
2169 5232 2391 5288 ὁδοκῶν
2439 5236 2504 5286 ἐκ
2544 5233 2732 5297 παιδὸς
2777 5235 2855 5298 είς
2897 5234 3074 5304 γῆρας
3115 5233 3250 5303 βαθὺ
3296 5235 3610 5304 ἐπιμέλειαν

2037 5366 2701 5519 έῗῖἓὸῗῗὲΐέξδεξάμερα.
2730 5434 2975 5519 ξιὲμηεε.
3009 5451 3106 5492 sex
3137 5444 3192 5492 et
3232 5443 3465 5493 vetusta:
3498 5435 3602 5492 edi-

2035 5504 2232 5562 tiones.
2265 5504 2592 5562 Parisiensis
2616 5504 3018 5575 ἀπεδεξάμεθα.

2106 5577 2217 5648 (81)
2247 5579 2448 5631 Φύσει.
2484 5576 2549 5630 1η
2579 5590 2789 5648 natura!
2821 5577 3067 5642 hominis,
3104 5575 3166 5648 id
3201 5583 3307 5638 est,
3344 5591 3453 5630 non
3475 5588 3603 5648 esse

2034 5643 2351 5703 in'homine
2400 5663 2584 5702 veram
2641 5654 2695 5702 et
2745 5646 3016 5705 sinceram
3070 5647 3417 5704 charitatem.
3475 5643 3602 5700 Vide

2035 5735 2200 5791 supra
2227 5729 2382 5776 notas
2413 5717 2470 5774 in
2500 5717 2660 5788 epist.
2699 5715 2786 5773 2'5.
