3900 6208
275 289 380 346 917

1126 288 1615 352 EPISTOLARUM
1651 293 1936 352 CLASSIS
1978 294 2044 354 11.
2076 295 2296 354 EPIST.
2330 293 2600 355 CCXLlV.

3415 304 3519 362 918

276 405 474 460 ἑαυτοῦ
527 409 855 480 πεποιῆσθαι
906 411 972 466 ἐκ
1019 412 1275 468 τοιούτων
1320 415 1650 487 προφάσεων
1707 414 1882 476 οὕτω,

1975 432 2095 472 nam
2132 433 2307 489 usque
2348 424 2624 474 senectam
2660 413 2763 472 sibi
2793 414 2900 487 ipsi
2945 415 3278 488 invigilasse,
3319 419 3520 476 talibus

280 498 480 570 ῥᾳδίως
511 499 841 574 ἐξηγριώθη,
868 504 1035 574 μηδὲν
1060 505 1168 559 τῶν
1213 507 1495 579 ἡμετέρων
1531 507 1854 577 ὑπολογισά-

281 601 464 660 μενος,
495 591 630 661 μηδὲ
659 588 767 663 τήν
782 596 839 647 ἐν
865 595 944 666 τῷ
976 597 1298 668 παρελθόντι
1332 601 1525 671 πεῖραν
1552 599 1651 670 τῆς
1684 598 1856 662 οὑτως

280 679 531 743 εὐτελοῦς
554 681 802 754 διαϐολῆς
833 687 1172 758 κυριωτέραν
1205 688 1425 760 θέμενος
1451 706 1463 720 ο
1504 690 1619 744 ἀλλ’
1642 687 1753 743 οἷόν
1771 706 1856 753 τις

280 769 461 835 πῶλος
491 772 820 844 ἀδάμαστος,
846 775 1004 830 οὔπω
1025 779 1210 850 φέρειν
1241 780 1419 845 καλῶς
1448 782 1540 836 τὸν
1579 783 1853 854 ἀναϐάτην

276 862 685 934 δεδιδαγμένος,
739 868 807 920 ἐκ
862 871 1062 940 μικρᾶς
1121 872 1353 941 ὑποψίας
1404 873 1709 944 ἀνεχαίτισε
1761 875 1854 928 καὶ

281 955 649 1021 ἀπεσείσατο,
699 958 796 1010 καί⁹
841 960 1016 1030 χαμαὶ⁵
1060 960 1284 1034 ἔρριψεν
1323 958 1405 1027 οἷς
1445 965 1706 1037 πρότερον
1754 967 1854 1018 ἐπ-

278 1047 548 1118 ηγάλλετο
565 1067 579 1080 ο
612 1050 663 1103 τί
696 1050 802 1122 χρὴ
825 1053 954 1125 περὶ
979 1053 1084 1109 τῶν
1113 1055 1290 1110 ἄλλων
1311 1057 1578 1123 ὑπονοεῖν,
1608 1057 1745 1128 πρὸς
1762 1057 1856 1122 οὒς

276 1139 405 1194 οὔτε
435 1143 566 1213 ήμῖν
600 1143 836 1199 τοσαῦτα
880 1145 979 1217 τῆς
1010 1147 1191 1216 φιλίας
1232 1149 1378 1202 ἐστὶν
1431 1148 1680 1220 ἐνέχυρα,
1729 1147 1853 1202 οὔτε

279 1231 414 1302 παρ’
448 1233 628 1288 αὑτῶν
681 1235 906 1307 τοιαύτη
966 1238 1065 1309 τῆς
1115 1239 1225 1292 τῶν
1272 1239 1489 1311 τρόπων
1542 1242 1855 1312 ἐπιμελείας

279 1323 572 1391 ὲπίδειξις;
623 1326 810 1382 Ταῦτα
839 1331 962 1383 κατ’
1015 1330 1252 1401 ἐμαυτὸν
1315 1333 1611 1386 ἀνελίσσων
1670 1335 1730 1386 ἐν
1785 1336 1852 1404 τῇ

277 1413 447 1486 ψυχῇ,
477 1417 571 1469 καὶ
602 1419 840 1489 συνεχῶς
868 1420 1112 1492 στρέφων
1143 1424 1202 1476 ἐν
1230 1425 1296 1494 τῇ
1331 1424 1546 1496 καρδίᾳ,
1576 1423 1775 1495 μᾶλλον
1796 1425 1854 1476 δὲ

277 1508 751 1580 ἀναστρεφόμενος
774 1510 885 1583 (82)
933 1513 1023 1565 ὑπ’
1071 1513 1250 1566 αὐτῶν
1287 1514 1385 1584 τὴν
1426 1514 1674 1586 καρδίαν,
1712 1513 1853 1568 οὕτω

277 1600 582 1655 δακνόντων
619 1621 686 1674 με
719 1604 814 1656 καὶ
848 1603 1150 1660 νυσσόντων
1182 1605 1269 1659 διά
1291 1606 1388 1676 τῆς
1426 1607 1666 1676 μνήμης,
1701 1606 1853 1660 οὐδὲν

279 1693 511 1758 ἐκείνοις
532 1696 913 1767 ἀπεκρινάμην
940 1699 1053 1761 τοῖς
1081 1699 1401 1768 γράμμασιν
1418 1715 1430 1726 ·
1457 1699 1554 1768 οὑχ
1583 1698 1854 1770 ὑπεροψίᾳ

281 1754 568 1857 σιωπήσας
595 1754 694 1858 (μή
725 1754 880 1841 τθὲτό
910 1754 1134 1862 alno-ﬁs;
1156 1754 1382 1859 ἀδέλφέσ
1416 1791 1476 1843 οὑ
1511 1754 1619 1862 γὰρ
1652 1754 1854 1861 ἀνθρώζ
1889 1754 1928 1808 Β

281 1893 409 1939 ποις
442 1877 888 1949 ἀπολογούμεθα,
924 1880 1062 1934 ἀλλά
1105 1880 1441 1935 κατενώπιον
1482 1880 1576 1934 τοῦ
1616 1881 1750 1934 Θεοῦ
1796 1883 1854 1933 ἐν

281 1966 506 2038 Χριστῷ
536 1967 847 2039 λαλοῦμεν),
879 1969 1084 2041 ἀπορίᾳ
1127 1970 1182 2023 δέ
1211 1971 1303 2024 κα)⁴
1334 1971 1614 2042 ἀμηχανίᾳ
1645 1971 1738 2024 καὶ
1777 1970 1856 2041 τῷ

283 2059 373 2130 μὴ
395 2057 537 2129 ἔχειν
565 2061 739 2113 εἰπεῖν
765 2079 820 2114 τι
852 2062 949 2130 τῆς
980 2060 1156 2132 λύπης
1176 2061 1343 2126 ἀξιον.

356 2153 412 2208 5.
435 2153 578 2218 Ἕως
603 2157 660 2209 ἐν
680 2155 888 2218 τούτοις
912 2151 1074 2228 ἦμεν,
1105 2156 1495 2210 ἐπικατέλαϐεν
1525 2157 1670 2226 ήμᾶς
1697 2155 1857 2226 ἕτερα

280 2246 588 2318 γράμματα
622 2247 759 2319 πρὸς
796 2247 1028 2313 Δαζίζαν
1061 2247 1174 2319 (85)
1212 2247 1335 2302 τινά
1377 2248 1734 2319 γεγραμμένα
1763 2247 1857 2317 δῆ-

283 2339 401 2401 θεν,
426 2342 491 2410 τῇ
513 2341 568 2392 δέ
589 2340 817 2412 ἀληθείᾳ
839 2343 1002 2395 πᾶσιν
1031 2340 1339 2413 ἀνθρώποις
1365 2340 1766 2410 ἐπεσταλμένα,
1784 2338 1859 2402 ὼς

281 2431 437 2502 δηλοῖ
486 2432 663 2486 αὐτῶν
701 2435 733 2504 ή
778 2433 949 2498 οὑτως
979 2434 1126 2499 ὀξεῖα
1157 2434 1408 2498 διάδοσις,
1437 2433 1512 2498 ὡς
1557 2433 1614 2486 ἐν
1653 2431 1858 2500 ὀλίγαις

283 2524 522 2596 ἡμέραις
557 2525 614 2578 ἐν
640 2526 803 2580 παντὶ
847 2526 945 2597 μὲν
988 2525 1064 2597 τῷ
1096 2527 1282 2595 Πόντῳ
1324 2524 1742 2594 κατασπαρῆναι
1767 2524 1861 2575 καὶ

283 2615 387 2685 τὴν
429 2615 688 2670 Γαλατίαν
738 2618 1078 2690 ἐπιδραμεῖν.
1126 2619 1262 2672 Φασὶ
1315 2617 1371 2670 δέ
1412 2634 1591 2680 τινες,
1636 2617 1716 2668 ὅτι
1769 2616 1862 2669 καὶ

285 2704 546 2770 Βιθυνοὺς
579 2707 938 2772 διεξελθόντες
974 2711 1023 2762 oi
1059 2708 1168 2762 τῶν
1216 2708 1434 2776 ἀγαθῶν
1471 2711 1673 2760 τούτων
1704 2707 1863 2774 ἀγγε-

284 2794 372 2848 λοι
424 2795 616 2866 μέχρις
668 2797 831 2851 αὑτοῦ
883 2797 1123 2867 ἔφθασαν
1174 2797 1586 2869 Ἑλλησπόντου.
1634 2797 1767 2850 Τίνα
1808 2797 1864 2850 δέ

286 2881 360 2956 ἦν
387 2886 456 2939 τά
489 2887 609 2940 καθ’
643 2887 800 2959 ήμῶν
843 2890 978 2961 πρὸς
1017 2888 1249 2954 Δαζίζαν
1294 2889 1689 2958 ἐπεσταλμένα,
1726 2889 1862 2942 πάν-

286 2992 401 3039 τως
438 2977 534 3046 μὲν
558 2973 722 3041 οἶδας.
750 2979 822 3032 Οὑ
849 2980 958 3050 γὰρ
994 2979 1135 3033 οὑτω
1175 2997 1234 3032 σε
1282 2979 1496 3050 μακρὰν
1529 2980 1625 3050 τῆς
1658 2979 1864 3034 ἑαυτῶν

1958 509 2025 565 de
2062 510 2246 566 causis
2293 511 2370 564 ita
2411 508 2570 565 facile
2615 506 2873 565 efferatus
2912 516 3019 574 est,
3045 509 3278 564 'nullam
3312 509 3522 566 habens

1957 615 2139 655 rerum
2174 607 2488 656 nostrarum
2523 599 2814 666 rationem,
2844 615 2946 656 nec
2975 599 3231 671 prateriti
3258 601 3522 675 temporis

1955 689 2346 760 experientiam
2373 689 2649 746 calumnia
2675 689 2812 746 adeo
2852 690 2946 745 vili
2985 691 3252 761 potiorem
3276 690 3518 746 ducens:
3591 733 3594 737 .

1956 781 2051 836 sed
2097 780 2269 836 veluti
2317 781 2538 851 quidam
2590 781 2774 852 pullus
2824 778 3126 837 indomitus
3173 796 3524 838 ascensorem

1954 881 2102 928 recte
2134 872 2278 929 ferre
2308 873 2552 928 nondum
2583 873 2829 938 edoctus,
2864 873 2936 928 ob
2966 873 3218 944 exiguam
3251 873 3524 944 suspicio-

1954 979 2084 1020 nem
2109 965 2496 1030 recalcitravit,
2524 965 2877 1036 excussitque
2903 973 2958 1022 et
2990 965 3140 1020 humi
3171 965 3401 1036 projecit
3428 979 3524 1020 eos

1953 1054 2021 1110 de
2043 1055 2247 1126 quibus
2269 1063 2430 1111 antea
2454 1055 2810 1127 gloriabatur.
2836 1056 2976 1122 Quid
2997 1056 3066 1111 de
3087 1056 3210 1112 aliis
3243 1057 3526 1127 suspican-

1953 1146 2104 1211 dum,
2155 1147 2483 1217 quibuscum
2529 1163 2707 1218 neque
2753 1149 2916 1204 nobis
2963 1156 3046 1204 tot
3092 1163 3156 1202 ac
3204 1154 3351 1202 tanta
3399 1156 3527 1203 sunt

1955 1238 2207 1294 amicitia:
2236 1240 2485 1310 pignora,
2513 1239 2716 1310 quique
2747 1246 2826 1294 tot
2851 1254 2916 1294 ac
2938 1247 3092 1294 tanta
3122 1255 3232 1295 non
3259 1239 3528 1295 dederunt

1953 1345 2167 1384 morum
2215 1329 2503 1400 probitatis
2541 1329 2890 1401 specimina?
2929 1329 3057 1384 Haec
3095 1344 3309 1385 mecum
3343 1331 3526 1384 animo

1953 1437 2077 1476 cum
2123 1423 2427 1488 volverem,
2476 1436 2540 1476 ac
2587 1421 2962 1476 indesinenter
3008 1419 3177 1476 corde
3208 1435 3527 1486 versarem,

1954 1513 2062 1568 imo
2095 1517 2276 1582 potius
2312 1528 2438 1568 cum
2482 1512 2551 1567 ab
2586 1511 2674 1568 his
2715 1526 2813 1566 cor
2853 1527 3037 1566 meum
3078 1519 3409 1575 versaretur,
3447 1511 3530 1566 sic

1953 1603 2328 1659 mordentibus
2357 1619 2444 1659 me
2472 1611 2526 1659 et
2557 1603 2936 1660 recordatione
2966 1602 3361 1674 pungentibus,
3390 1601 3532 1656 nihil

1956 1695 2061 1750 illis
2082 1695 2336 1765 respondi
2365 1696 2596 1761 litteris;
2623 1711 2732 1750 non
2761 1711 2829 1750 ex
2857 1703 3138 1750 contemtu
3159 1695 3328 1751 silens
3355 1694 3444 1766 (ne
3475 1693 3530 1748 id

1955 1789 2184 1856 cogites,
2235 1784 2437 1854 frater;
2489 1801 2597 1840 non
2639 1787 2786 1841 enim
2827 1787 2970 1856 apud
3019 1786 3272 1840 homines
3304 1799 3529 1840 causam

1955 1876 2209 1942 dicimus,
2242 1877 2339 1933 sed
2368 1891 2553 1930 coram
2595 1875 2704 1931 Deo
2749 1877 2805 1930 in
2835 1877 3053 1932 Christo
3087 1875 3402 1947 loquimur),
3435 1875 3532 1931 sed

1954 1968 2302 2024 haesitatione
2323 1985 2387 2023 ac
2419 1968 2637 2024 consilii
2668 1969 2849 2040 inopia
2875 1977 2927 2025 et
2951 1969 3097 2039 quod
3128 1969 3265 2023 nihil
3292 1982 3532 2026 ποίει-(πθ

1957 2059 2179 2131 dignum
2215 2060 2398 2114 dicere
2426 2075 2738 2130 possemus.

2027 2150 2080 2204 5.
2115 2149 2172 2203 In
2207 2151 2292 2205 his
2335 2151 2463 2204 dum
2507 2164 2874 2214 versaremur,
2918 2157 3254 2220 exceperunt
3283 2164 3385 2206 nos
3433 2148 3530 2202 lit-

1957 2247 2087 2295 tera:
2134 2240 2274 2306 aliae,
2325 2241 2393 2295 ad
2441 2239 2673 2294 Dazizan
2723 2240 3011 2310 quemdam
3073 2242 3292 2312 scripta
3340 2239 3533 2295 videli-

1959 2339 2064 2395 cet,
2111 2331 2202 2386 sed
2250 2347 2436 2387 revera
2468 2333 2531 2387 ad
2566 2347 2759 2388 omnes
2803 2332 3052 2389 homines
3088 2333 3294 2397 missae,
3344 2340 3403 2386 ut
3436 2330 3533 2385 de-

1959 2424 2130 2478 clarat
2171 2438 2359 2478 earum
2410 2422 2694 2478 celerrima
2734 2424 3070 2489 distributio,
3119 2425 3195 2478 ita
3245 2433 3302 2479 ut
3341 2421 3536 2492 paucis

1959 2515 2152 2572 diebus
2188 2531 2285 2585 per
2313 2531 2528 2570 omnem
2566 2515 2798 2570 Pontum
2842 2515 3307 2586 dispergerentur,
3333 2520 3389 2568 et
3433 2511 3536 2567 Ga-

1961 2605 2144 2660 latiam
2171 2614 2571 2675 percurrerent.
2604 2606 2913 2672 Quinetiam
2938 2607 3187 2660 nonnulli
3221 2607 3413 2660 dicunt
3436 2605 3532 2658 ho-

1963 2713 2082 2752 rum
2132 2697 2401 2752 bonorum
2452 2698 2676 2756 nuntios
2722 2697 2886 2752 etiam
2949 2706 3233 2767 peragrata
3283 2695 3536 2766 Bithynia

1963 2805 2137 2861 usque
2181 2789 2249 2844 ad
2279 2789 2460 2859 ipsum
2513 2789 2927 2860 Hellespontum
2973 2796 3309 2860 penetrasse.
3340 2786 3536 2855 Qualia

1963 2897 2093 2937 vero
2132 2880 2338 2937 fuerint
2379 2882 2447 2936 ad
2479 2880 2717 2936 Dazizan
2766 2888 2961 2936 contra
3008 2896 3112 2937 nos
3156 2881 3385 2952 scripta,
3426 2894 3538 2935 om-

1963 2973 2094 3026 nino
2137 2972 2358 3042 quidem
2409 2971 2578 3026 nosti.
2622 2969 2743 3024 Non
2794 2971 2938 3026 enim
2987 2980 3039 3025 te
3085 2969 3222 3024 adeo
3269 2969 3430 3040 longe
3470 2968 3541 3023 ab

291 3066 475 3135 φιλίας
508 3066 765 3134 τίθενται,
796 3067 935 3121 ὥστε
968 3085 1027 3121 σε
1067 3068 1225 3138 μόνον
1251 3069 1549 3138 ἀγέραστον
1578 3067 1676 3138 τῆς
1704 3067 1866 3137 τιμῆς

1975 3063 2205 3117 amicitia
2237 3077 2337 3118 sua
2359 3069 2663 3127 removent,
2697 3069 2756 3115 ut
2787 3061 2963 3117 solum
2996 3069 3047 3117 te
3075 3062 3282 3117 honore
3309 3061 3403 3115 illo
3429 3073 3539 3114 non

289 3156 508 3226 ἐκείνης
531 3156 867 3212 καταλιπεῖν.
902 3157 964 3210 Εἰ
1001 3157 1057 3232 δέ
1087 3158 1187 3211 οὐκ
1209 3153 1370 3229 ἦλθεν
1396 3161 1476 3223 είς
1503 3160 1562 3212 σὲ
1590 3160 1658 3214 τά
1685 3160 1863 3231 γράμ-

294 3264 465 3316 ματα,
505 3248 619 3301 ἀλλ’
671 3249 780 3319 ἐγώ
819 3267 901 3304 σοι
938 3249 1252 3304 ἀποστέλλω
1297 3249 1427 3321 (84).
1469 3252 1556 3305 Ἐν
1591 3245 1670 3314 οἷς
1703 3251 1866 3323 εὑρή-

293 3355 410 3402 σεις
441 3341 588 3410 ήμᾶς
629 3342 1150 3414 κατηγορουμένους,
1179 3344 1326 3398 δόλον
1363 3345 1458 3398 καὶ
1500 3344 1863 3414 ῥᾳδιουργίαν,

294 3431 504 3502 φθορὰν
554 3433 906 3505 Ἐκκλησιῶν,
949 3437 1043 3490 καὶ
1089 3436 1276 3507 ψυχῶν
1324 3437 1628 3501 ἀπώλειαν,
1670 3437 1764 3490 καὶ
1807 3439 1868 3490 τὸ

293 3523 535 3588 πάντων,
569 3524 646 3589 ὡς
677 3527 828 3580 αὑτοὶ
866 3528 1194 3598 νομίζουσιν,
1239 3529 1597 3600 ἀληθέστερον
1623 3529 1757 3598 (85),
1787 3528 1868 3581 ὅτι

296 3615 590 3683 ἐγκάθετον
620 3617 832 3689 ἐκείνην
862 3619 962 3690 τὴν
989 3619 1255 3691 προϐολήν
1287 3621 1385 3690 τῆς
1418 3620 1652 3683 πίστεως
1685 3623 1870 3690 ἐποιη-

296 3707 533 3776 σάμεθα,
581 3709 641 3760 οὑ
690 3709 1067 3774 Νικοπολίταις
1113 3709 1535 3780 διακονούμενοι,
1567 3709 1679 3762 ἀλλ’
1720 3711 1872 3762 αὐτοὶ

297 3797 481 3851 λαϐεῖν
513 3797 744 3870 δολερῶς
784 3800 1066 3870 ὁμολογίαν
1096 3803 1493 3871 ἐπινοήσαντες.
1527 3800 1741 3853 Τούτων
1773 3801 1871 3870 μὲν

299 3886 394 3945 οὖν
437 3891 628 3962 κριτὴς
666 3891 888 3963 Κύριος.
919 3893 1029 3946 Καὶ
1073 3894 1180 3964 γὰρ
1219 3894 1302 3956 τίς
1343 3894 1407 3947 ἂν
1439 3894 1646 3962 γένοιτο
1674 3893 1779 3945 τῶν
1816 3893 1872 3944 ἐν

306 3983 500 4054 καρδίᾳ
527 3983 801 4054 λογισμῶν
841 3984 1074 4056 ἐναργὴς
1105 3985 1411 4051 ἀπόδειξιςς
1451 3987 1654 4038 Ἐκεῖνο
1683 3985 1739 4038 δὲ
1780 3985 1875 4036 αὑ-

303 4076 414 4129 τῶν
443 4074 748 4146 ἐθαύμασα,
783 4078 853 4141 εἰ,
874 4078 955 4130 ὃτι
991 4078 1089 4148 μὲν
1114 4077 1223 4146 (86)
1259 4077 1336 4148 τῷ
1369 4079 1496 4150 παρ’
1520 4076 1674 4148 ἡμῶν
1700 4077 1877 4130 ἐπιδο-

306 4167 452 4220 θέντι
479 4167 666 4238 βιϐλίῳ
691 4167 1031 4239 ὑπέγραψαν,
1065 4169 1299 4240 τοσαύτῃ
1333 4169 1623 4242 κέχρηνται
1663 4169 1879 4222 διαστά-

309 4277 412 4323 σει,
441 4258 581 4311 ὥστε
626 4261 720 4312 καὶ
757 4259 886 4314 ὄντα
927 4263 1019 4316 καὶ
1050 4262 1124 4333 μή
1167 4262 1294 4314 ὅντα
1327 4262 1407 4327 εἰς
1447 4262 1544 4331 τὴν
1574 4260 1681 4313 τῶν
1714 4262 1878 4327 ἐγκα-

305 4351 540 4405 λούντων
567 4351 745 4414 αὐτοῖς
773 4350 1140 4422 πληροφορίαν
1169 4349 1472 4421 συμφύρειν
1492 4367 1504 4379 ’
1534 4350 1614 4402 ὅτι
1638 4348 1694 4402 δὲ
1724 4351 1780 4401 ἐν
1811 4353 1876 4419 τῇ

1968 3155 2230 3210 donatum
2259 3155 2605 3226 reliquerint.
2637 3153 2794 3220 Quod
2819 3154 2865 3210 si
2889 3154 3083 3208 litterae
3108 3153 3176 3208 ad
3208 3161 3262 3209 te
3285 3168 3396 3208 non
3421 3166 3542 3222 per—

1973 3255 2256 3311 venerunt,
2295 3255 2350 3300 at
2389 3261 2490 3316 ego
2528 3246 2629 3301 tibi
2663 3261 2756 3302 eas
2795 3245 3030 3299 mittam.
3066 3243 3125 3298 In
3154 3244 3242 3301 his
3283 3245 3402 3299 haec
3445 3257 3544 3298 no—

1970 3337 2056 3392 bis
2101 3337 2282 3409 alﬁngi
2331 3337 2564 3392 crimina
2606 3337 2840 3404 videbis,
2891 3337 3076 3391 dolum
3123 3343 3178 3392 et
3209 3336 3541 3409 perﬁdiam,

1973 3430 2375 3499 corruptionem
2400 3427 2794 3494 Ecclesiarum,
2818 3438 2872 3484 et
2893 3429 3202 3483 animarum
3220 3425 3542 3496 perniciem,

1973 3525 2028 3574 et
2067 3518 2212 3588 quod
2261 3520 2524 3584 omnium,
2569 3527 2628 3574 ut
2676 3519 2782 3590 ipsi
2810 3519 3146 3584 existimant,
3195 3517 3542 3573 verissimum

1974 3617 2078 3675 est,
2126 3611 2270 3679 quod
2311 3627 2378 3666 ex
2413 3611 2628 3666 insidiis
2679 3611 2828 3665 illam
2863 3610 2986 3666 fidei
3028 3609 3317 3665 formulam
3352 3624 3547 3680 propo-

1977 3702 2271 3769 suerimus,
2305 3719 2410 3757 non
2445 3702 2839 3772 Nicopolitanis
2863 3717 3084 3772 operam
3121 3710 3406 3763 navantes,
3449 3699 3544 3756 sed

1977 3794 2080 3863 ipsi
2103 3794 2382 3848 elicienda:
2410 3810 2505 3864 per
2532 3794 2719 3849 dolum
2751 3793 3116 3849 confessionis
3148 3791 3438 3847 consilium
3463 3791 3548 3843 in-

1978 3887 2284 3942 tendentes.
2311 3885 2516 3941 Horum
2540 3887 2760 3956 quidem
2779 3885 2948 3954 judex
2971 3891 3055 3938 est
3076 3882 3362 3938 Dominus.
3388 3881 3548 3947 Qua:-

1980 3994 2105 4033 nam
2147 3979 2292 4036 enim
2340 3994 2462 4033 esse
2505 3977 2694 4048 possit
2725 3977 3124 4048 cogitationum
3168 3973 3355 4030 cordis
3398 3973 3550 4028 clara

1981 4069 2417 4126 demonstratio?
2465 4069 2577 4124 Hoc
2629 4077 2811 4124 autem
2865 4069 2920 4122 in
2955 4067 3088 4138 ipsis
3132 4080 3254 4120 sum
3295 4065 3548 4128 miratus,

1984 4177 2082 4218 cur
2111 4162 2182 4217 ob
2206 4161 2858 4231 subscriptnmlibellum,
2890 4175 3050 4231 quem
3071 4160 3206 4229 ipsis
3229 4157 3550 4220 obtulimus,

1985 4262 2136 4310 tanto
2164 4262 2388 4308 utantur
2417 4253 2718 4310 dissidendi
2745 4253 2951 4317 studio,
2981 4260 3042 4307 nt
3080 4259 3137 4306 et
3168 4266 3290 4321 quae
3317 4256 3466 4312 sunt,
3499 4257 3554 4304 et

1984 4364 2106 4417 quae
2146 4364 2253 4402 non
2284 4355 2430 4412 sunt,
2467 4347 2557 4411 iis,
2601 4362 2629 4399 a
2681 4346 2882 4414 quibus
2930 4351 3282 4407 accusantur,
3329 4340 3552 4396 satisfa-

318 4439 510 4511 Ῥώμῃ
557 4440 829 4510 ἔγγραφος
877 4439 1055 4493 αὑτῶν
1105 4439 1361 4510 ὁμολογία
1414 4442 1508 4509 τῆς
1570 4440 1626 4492 ἐν
1676 4438 1880 4508 Νικαίᾳ

1988 4441 2164 4496 ciendi
2194 4455 2381 4502 causa,
2411 4439 2838 4501 commisceam;
2865 4434 3000 4489 illud
3027 4444 3212 4488 autem
3253 4447 3365 4487 non
3407 4431 3556 4500 cogi-

311 4535 550 4597 πίστεως
581 4534 894 4597 ἀπόκειται,
933 4533 1090 4586 τοῦτο
1141 4534 1240 4586 οὑκ
1292 4531 1588 4586 ἐννοοῦσιν·
1635 4531 1754 4584 οὐδὲ
1802 4533 1883 4584 ὅτι

311 4623 401 4676 διὰ
435 4623 536 4692 τῆς
557 4621 765 4675 ἑαυτῶν
794 4622 977 4692 χειρὸς
1020 4621 1296 4674 ἐπέδωκαν
1325 4623 1390 4690 τῇ
1430 4622 1485 4672 ἐν
1512 4619 1736 4682 Τυάνοις
1767 4635 1888 4671 συν-

311 4714 419 4783 όδῳ
443 4714 505 4766 τὸ
533 4712 640 4766 ἀπὸ
672 4712 888 4783 Ῥώμης
918 4711 1139 4782 βιϐλίον,
1167 4711 1195 4764 ὃ
1228 4712 1355 4782 παρ’
1384 4712 1515 4780 ήμῖν
1545 4710 1882 4770 κατάκειται,

314 4806 417 4876 τὴν
445 4803 613 4874 αὐτὴν
636 4803 837 4874 ταύτην
867 4803 1048 4856 πίστιν
1079 4803 1218 4872 ἕχον.
1253 4803 1361 4855 Καὶ
1392 4801 1489 4870 τῆς
1518 4801 1649 4864 ἰδίας
1681 4801 1886 4853 ἑαυτῶν

315 4895 654 4967 δημηγορίας
687 4893 1028 4958 ἐπελάθοντο,
1074 4895 1138 4964 ἣν
1181 4894 1258 4957 είς
1301 4893 1361 4946 τὸ
1398 4893 1558 4963 μέσον
1587 4894 1887 4946 καταστάν-

399 5090 510 5159 (82)
565 5091 1128 5159 Ἄναστρεφόμενος.
1159 5088 1234 5142 Ita
1269 5097 1380 5144 tres
1415 5091 1766 5144 vetustissimi
1800 5109 1891 5147 co-

322 5158 628 5216 dices'cum
665 5161 787 5214 aliis
833 5160 1075 5230 duobus.
1112 5158 1256 5230 Editi
1303 5161 1686 5230 στρεφόμενος.
1722 5159 1891 5215 Paulo

323 5241 450 5301 post
476 5230 606 5284 editi
635 5230 1010 5301 ἀμυσσόντων,
1042 5228 1477 5283 dilacerantibus.
1511 5228 1685 5286 ‘Coisl.
1728 5232 1890 5300 primi

320 5299 379 5354 et
407 5299 554 5353 Harl.
591 5300 1069 5370 scripturamulto
1103 5301 1280 5370 aptior
1313 5305 1367 5354 et
1396 5301 1603 5368 sanior,
1640 5299 1802 5370 quam
1833 5301 1888 5356 in

323 5379 643 5426 contextum
678 5369 1030 5424 adscivimus.

400 5439 512 5510 (85)
547 5438 805 5500 Δαζῖζαν.
841 5439 900 5493 In
927 5439 1159 5510 epistola
1191 5439 1258 5493 ad
1295 5438 1625 5510 Olympium,
1662 5455 1784 5562 quae
1809 5450 1892 5495 est

403 5509 454 5562 1.
502 5510 699 5562 lenitur
741 5509 992 5562 Δαζίναν.
1045 5510 1289 5562 excentis
1328 5509 1609 5562 codicibus
1654 5509 1796 5562 bed.
1837 5519 1892 5562 et

327 5509 454 5573 151,
496 5509 699 5579 legitur
741 5509 992 5574 Δαςίναν,
1045 5510 1290 5579 exceptis
1328 5509 1609 5564 codicibus
1654 5509 1796 5564 Med.
1837 5519 1892 5567 et

327 5580 451 5635 Vat.
477 5578 574 5648 qui
592 5579 793 5634 habent
819 5579 1060 5648 Δεξίναν,
1087 5587 1141 5634 et
1171 5578 1478 5646 Harlaeano,
1507 5580 1599 5648 qui
1623 5580 1704 5634 sic
1728 5580 1892 5635 etiam

326 5647 522 5720 habuit
550 5653 720 5720 prima
750 5664 936 5703 manu.
960 5647 1102 5720 _Utra
1136 5649 1299 5706 lectio
1320 5651 1497 5718 potior
1522 5647 1770 5720 habenda
1800 5650 1890 5712 sit,

333 5735 442 5775 non
475 5717 631 5776 facile
661 5728 918 5775 statuam.
953 5717 1058 5776 Sed
1089 5728 1268 5778 tamen
1298 5717 1424 5792 quia
1457 5734 1643 5777 omnes
1673 5718 1892 5776 codices

1988 4541 2126 4595 tent,
2159 4545 2312 4585 suam
2353 4529 2475 4584 fidei
2505 4527 2736 4582 Nicaenm
2765 4526 3168 4580 confessionem
3200 4522 3386 4576 Romae
3415 4521 3557 4576 scri-

1989 4630 2132 4691 ptam
2167 4620 2394 4682 servari,
2431 4634 2596 4689 seque
2621 4618 2839 4688 propria
2865 4632 3028 4671 manu
3055 4615 3320 4670 obtulisse
3347 4609 3555 4692 synodo

1990 4711 2264 4782 Tyanensi
2310 4712 2535 4765 allatum
2585 4709 2755 4763 Roma
2803 4709 3069 4772 libellum,
3117 4707 3210 4776 qui
3257 4704 3401 4774 apud
3455 4718 3555 4756 nos

1990 4811 2258 4864 servatur,
2290 4801 2534 4856 eamdem
2559 4799 2714 4854 fidem
2744 4798 3054 4853 continens.
3085 4795 3227 4862 Quin
3255 4804 3308 4850 et
3337 4794 3556 4848 concio~

1990 4893 2075 4947 nis
2117 4899 2247 4946 tunc
2291 4908 2320 4945 a
2369 4907 2428 4946 se
2457 4891 2652 4946 habitae
2677 4890 2832 4945 obliti
2865 4896 3016 4946 sunt.
3053 4902 3175 4942 cum
3220 4886 3276 4939 in
3317 4884 3569 4940 medium.

1993 5089 2049 5143 in
2077 5089 2180 5141 hac.
2206 5089 2436 5157 epistula
2471 5087 2845 5158 consentiunt,
2889 5083 3052 5158 etiam
3097 5081 3256 5158 ii.qui
3292 5080 3359 5158 ill
3378 5078 3560 5158 priore

1993 5149 2264 5213 habebant
2309 5158 2552 5224 Δεξίναν,
2599 5156 2783 5210 malim
2833 5154 2980 5207 hunc
3013 5149 3292 5205 hominem
3324 5149 3558 5201 Dazizan

1991 5243 2208 5283 vocare.
2882 5275 2890 5284 .

2065 5299 2175 5365 (84)
2222 5296 2610 5351 Ἀποστέλλω.
2651 5293 2784 5365 Reg.
2837 5291 3107 5348 secundus
3151 5298 3205 5346 et
3251 5288 3417 5344 Coisl.
3473 5302 3560 5342 $61

1993 5367 2206 5423 cundus
2252 5365 2554 5421 ἀποστελῶ.

2065 5439 2178 5507 (85)
2193 5435 2640 5507 ’Axndéo-tepqr.
2673 5433 2838 5499 Med.,
2868 5432 3034 5489 Coisl.
3068 5429 3344 5488 secundus
3370 5435 3423 5482 et
3455 5426 3563 5483 Re-

1995 5504 2114 5579 gius
2140 5504 2418 5579 secundus
2446 5504 2827 5579 ἀληθέστατον.

2069 5577 2180 5646 (86)
2221 5579 2310 5639 El,
2353 5575 2441 5628 ὅτι
2485 5568 2620 5644 μὲν.
2678 5576 2755 5628 Ita
2777 5581 2890 5646 tres
2932 5570 3290 5646 vetustissimi
3343 5568 3566 5646 codices
3625 5619 3632 5624 .

1997 5641 2123 5702 cum
2163 5641 2382 5700 duobus
2439 5641 2582 5706 aliis.
2649 5652 2703 5698 et
2756 5645 3024 5700 editiones
3093 5641 3463 5710 llaganoensis
3508 5647 3571 5695 et

1998 5719 2172 5781 prima
2196 5716 2544 5773 Basileensis.
2579 5713 2789 5772 Habent
2819 5715 2933 5772 alia:
2967 5717 3032 5771 εί.
3067 5715 3153 5768 ὅτε
3189 5712 3307 5774 μέν.
