3900 6208
411 313 517 377 019

1740 323 1796 385 S.
1837 323 1919 383 BA
1929 323 2080 385 SlLll
2128 326 2344 386 MAGNI

3559 339 3663 395 9‘20

410 436 744 506 prodeuntes
772 429 1018 494 fraudem
1041 434 1417 511 deplorarunt,
1440 457 1548 513 qua
1571 444 1809 515 decepti,
1835 455 1944 500 tom

2053 495 2056 507 ,
2084 462 2175 510 τες
2202 448 2346 511 τότε,
2381 446 2651 520 ὠδύροντο
2685 447 2786 519 μέν
2818 448 2913 520 τὴν
2954 448 3186 521 ἀπάτην,
3220 449 3285 503 δι’
3317 445 3386 522 ἧς
3416 452 3664 524 ὑπήχθη-

411 527 484 582 ab
509 527 738 583 Eudoxii
770 527 1009 586 factione
1029 534 1340 604 composito
1369 545 1802 603 consenserant;
1837 537 1982 594 unde

408 628 464 674 et
489 620 633 676 hanc
663 622 990 678 invenerunt
1010 627 1179 680 errati
1210 627 1357 684 illius
1383 631 1654 702 purgandi
1687 631 1979 697 rationem,

409 718 472 767 ut
495 707 721 770 Romam
750 716 1004 786 profecti,
1035 718 1161 774 inde
1193 720 1350 775 Iidem
1381 721 1605 778 Patrum
1643 723 1978 795 acciperent,

408 798 484 859 ita
531 817 590 861 ut
637 810 786 879 quod
819 809 984 880 380
1021 811 1280 868 Ecclesiis
1323 814 1632 871 detrimenti
1678 817 1981 872 intulerant

407 899 553 953 malo
591 901 967 970 approbando,
994 902 1048 956 id
1091 904 1320 961 meliore
1356 907 1760 963 introducendo
1789 918 1980 965 emen-

405 989 622 1045 darem.
675 991 744 1045 At
792 992 884 1061 qui
930 993 1127 1048 itinera
1175 996 1498 1068 longissima
1534 1015 1634 1070 pro
1673 1000 1779 1056 ﬁde
1813 1001 1980 1056 susti-

403 1090 666 1146 nuerunt,
703 1091 757 1138 et
786 1085 1087 1154 sapientem
1118 1086 1264 1141 illam
1291 1090 1613 1146 concionem
1644 1091 1975 1157 habuerunt,

403 1183 553 1226 nunc
585 1172 746 1229 nobis
795 1175 1196 1240 conviciantur,
1241 1187 1297 1232 ut
1342 1178 1532 1236 dolose
1571 1181 1977 1239 ambulantibus

405 1270 459 1317 et
479 1262 586 1318 sub
615 1257 927 1322 dilectionis
957 1268 1138 1336 specie
1166 1284 1229 1323 ea
1263 1285 1383 1340 qua;
1411 1271 1794 1326 insidiatorum
1822 1281 1972 1339 sunt,

402 1353 752 1412 facientibus.
792 1355 947 1412 Patet
987 1367 1168 1416 autem
1222 1364 1385 1417 etiam
1433 1379 1500 1418 ex
1547 1365 1636 1429 iis,
1672 1380 1793 1435 qua:
1827 1383 1974 1422 nunc

401 1446 884 1518 circumferuntur,
931 1453 1351 1509 condemnatam
1393 1457 1462 1512 ab
1507 1457 1616 1513 illis
1658 1474 1780 1514 esse
1811 1459 1973 1514 ﬁdem

398 1535 700 1594 Nicaenam.
721 1531 993 1596 Viderunt
1021 1544 1167 1598 enim
1187 1544 1472 1617 Cyzicum,
1504 1556 1559 1602 et
1587 1562 1712 1603 cum
1741 1549 1845 1606 alia
1870 1549 1974 1606 [ide

397 1633 607 1686 reversi
635 1641 784 1687 sunt.

2085 555 2183 591 σαν
2212 539 2495 594 συνθέσθαι
2544 540 2622 607 τῷ
2673 541 2826 612 τόμῳ
2868 540 2945 611 τῷ
2974 541 3125 614 παρὰ
3166 541 3261 595 τοῦ
3315 546 3664 616 συστήματος

2082 629 2333 694 Εὺδοξίου
2395 631 2847 703 συντεταγμένῳο
2915 631 3048 686 διότι
3104 632 3310 705 ταύτην
3362 637 3662 707 ἐπενόησαν

2083 719 2177 772 τοῦ
2201 720 2516 790 σφάλματος
2544 710 2753 776 ἐκείνου
2784 723 3096 791 ἀπολογίαν,
3117 723 3198 786 τὸ,
3227 724 3563 790 ἀπελθόντας
3587 732 3664 793 είς

2095 809 2330 883 Ῥώμην,
2382 813 2590 867 ἐκεῖθεν
2637 814 2822 868 λαϐεῖν
2867 815 2965 886 τὴν
3004 815 3112 868 τῶν
3143 817 3403 888 Πατέρων
3444 819 3658 872 πίστιν·

2083 902 2191 967 ἵνα,
2223 903 2289 975 ἣν
2325 904 2587 975 ἐποίησαν
2619 905 2823 977 βλάϐην
2859 910 2980 971 ταῖς
3032 909 3382 980 Ἐκκλησίαις
3423 913 3490 981 τῇ
3526 912 3662 982 πρὸς

2079 992 2142 1048 τὸ
2186 993 2351 1050 κακὸν
2403 998 2668 1070 συνθήκῃ,
2697 999 2900 1070 ταύτην
2943 1000 3437 1073 ἐπανορθώσωνται
3466 1007 3530 1073 τῇ
3567 1005 3662 1056 ἐπ-

2081 1090 2355 1157 εισαγωγῇ
2382 1087 2475 1140 τοῦ
2501 1087 2785 1157 βελτίονος.
2818 1090 2952 1143 Ἀλλ’
2969 1093 3016 1144 oi
3031 1091 3129 1155 τὰς
3155 1094 3507 1164 μακροτάτας
3523 1096 3661 1147 ἀπο-

2078 1175 2278 1247 δημίας
2311 1178 2448 1249 ὑπὲρ
2478 1180 2577 1250 τῆς
2615 1181 2850 1246 πίστεως
2893 1179 3242 1247 ὑποστάντες,
3267 1185 3364 1238 καὶ
3405 1185 3474 1238 τά
3519 1187 3658 1256 σοφὰ

2077 1266 2250 1320 ταῦτα
2291 1267 2796 1342 δημηγορήσαντες,
2825 1271 2920 1324 νῦν
2967 1272 3330 1345 λοιδοροῦνται
3370 1277 3540 1346 ἡμᾶς,
3583 1278 3656 1340 ὡς

2075 1354 2262 1420 δολίως
2289 1361 2708 1430 πορευομένους,
2737 1363 2829 1416 καὶ
2854 1365 2912 1418 ἐν
2941 1365 3177 1436 σχήματι
3207 1367 3434 1438 ἀγάπης
3455 1368 3523 1421 τὰ
3550 1370 3654 1422 τῶν

2075 1446 2530 1503 ἐπιϐουλευόντων
2562 1452 2864 1517 ποιοῦντας.
2890 1454 3052 1525 Δηλοῐ
3077 1454 3132 1507 δὲ
3162 1457 3256 1510 καὶ
3281 1459 3352 1510 τὰ
3383 1458 3480 1512 νῦν
3505 1478 3654 1530 περι-

2075 1537 2347 1606 φερόμενα
2394 1541 2794 1609 κατεγνωκέναι
2841 1546 3037 1610 αὑτοὺς
3073 1547 3171 1617 τῆς
3219 1549 3276 1602 ἐν
3318 1547 3524 1622 Νικαίᾳ
3566 1553 3654 1604 πί-

2076 1639 2262 1692 στεως.
2300 1627 2451 1684 Εἶδον
2486 1633 2595 1704 γὰρ
2624 1633 2880 1703 Κύζικον,
2928 1639 3024 1691 καὶ
3075 1641 3191 1710 μετ’
3214 1640 3384 1712 ἄλλης
3420 1642 3652 1708 πίστεως

2079 1718 2395 1789 ἐπανῆλθον.

470 1821 523 1876 6.
567 1820 675 1877 Sed
711 1824 842 1894 quid
879 1826 933 1880 in
967 1828 1149 1885 verbis
1194 1829 1617 1888 inconstantiam
1647 1835 1793 1900 dico,
1842 1853 1949 1892 cun

2145 1809 2197 1864 6.
2232 1809 2335 1864 Καὶ
2366 1811 2420 1864 τί
2449 1813 2510 1865 τὸ
2550 1814 2609 1865 ἐν
2642 1817 2754 1878 τοῖς
2791 1818 3028 1888 ῥήμασιν
3078 1819 3444 1891 εὐμετάθετον
3485 1821 3645 1890 λέγω,

394 1913 570 1967 multo
595 1915 804 1985 majora
831 1933 897 1972 ex
927 1919 1062 1988 ipsis
1088 1921 1253 1976 rebus
1282 1925 1452 1994 gestis
1484 1925 1712 1980 habeam
1749 1929 1965 1983 illorum

393 2005 451 2059 in
484 2009 762 2062 contraria
789 2012 1108 2068 mutationis
1135 2017 1492 2084 argumenta?
1511 2017 1614 2084 Qui
1638 2019 1782 2074 enim
1806 2021 1966 2091 quin-

389 2108 678 2168 gentorum
705 2104 1087 2174 episcoporum
1124 2110 1406 2164 sententiae
1439 2119 1631 2166 contra
1666 2112 1814 2183 ipsos
1845 2115 1968 2170 latae

389 2204 504 2246 non
542 2205 850 2263 cesserunt,
880 2213 1058 2269 neque
1103 2215 1133 2254 a
1173 2203 1561 2273 gubernaculis
1593 2206 1964 2263 Ecclesiarum

389 2283 677 2342 discedere
720 2289 1034 2355 voluerunt,
1076 2295 1329 2364 quamvis
1381 2302 1463 2350 tot
1497 2299 1741 2369 episcopi
1771 2301 1826 2355 in
1869 2317 1966 2356 eo-

386 2391 512 2430 rum
549 2377 913 2450 depositionis
939 2386 1210 2440 sententia
1251 2389 1686 2457 conspirassent,
1712 2399 1964 2461 propter-

385 2484 474 2534 ea,
501 2471 696 2540 inquit,
712 2477 857 2543 quod
881 2473 1119 2546 Spiritus
1145 2481 1318 2535 sancti
1346 2482 1642 2552 participes
1655 2498 1763 2537 non
1783 2492 1959 2545 erant,

384 2575 490 2615 nec
524 2559 618 2626 Dei
648 2566 824 2634 gratia
855 2565 1129 2624 Ecclesias
1161 2571 1557 2640 gubernabant,
1591 2575 1686 2629 sed
1724 2577 1960 2630 humana

383 2656 630 2723 potentia
652 2670 715 2711 ac
741 2657 923 2715 inanis
958 2661 1145 2730 gloria:
1166 2665 1466 2733 cupiditate
1493 2667 1834 2738 principatus
1868 2684 1957 2722 ra-

382 2753 620 2814 puerant
646 2758 658 2802 :
685 2749 741 2802 hi
778 2765 925 2806 nunc
950 2766 1047 2808 eos
1082 2754 1173 2823 qui
1206 2755 1274 2809 ab
1305 2756 1414 2811 illis
1443 2757 1684 2813 ordinati
1717 2767 1866 2825 sunt,
1900 2768 1961 2814 ut

381 2837 674 2908 episcopos
706 2842 1038 2913 suscipiunt.
1073 2845 1224 2912 Quos
1255 2863 1376 2904 meo
1413 2850 1631 2906 nomine
1673 2866 1836 2923 roges
1868 2868 1958 2907 ve-

380 2926 510 2991 lim,
555 2930 774 2988 etiamsi
819 2933 1070 2991 homines
1125 2953 1318 2995 omnes
1360 2949 1746 3008 contemnant,
1800 2945 1957 3016 quasi

376 3030 560 3087 neque
605 3021 795 3077 oculos
848 3023 1106 3093 habeant,
1159 3043 1336 3096 neque
1392 3046 1574 3098 aures,
1627 3048 1804 3105 neque
1861 3051 1958 3089 cor

379 3120 547 3165 sensu
579 3113 892 3182 praeditum,
925 3127 984 3172 ut
1026 3119 1336 3190 intelligere
1365 3125 1580 3193 possint
1610 3140 1801 3180 eorum
1834 3143 1954 3196 qua:
1979 3138 2022 3194 c

375 3199 518 3255 llunt
576 3207 1033 3276 repugnantiam;
1089 3227 1270 3283 roges,
1339 3215 1584 3285 inquam,
1649 3219 1844 3274 saltem
1895 3221 1952 3275 in

376 3293 546 3349 corde
591 3307 694 3350 suo
733 3298 999 3367 quidnam
1037 3303 1274 3360 habeant
1318 3309 1638 3364 sententiae?
1668 3311 1952 3376 Quomodo

376 3384 542 3441 ambo
564 3398 797 3458 possunt
829 3406 953 3448 esse
983 3395 1248 3466 episcopi,
1284 3407 1337 3452 et
1366 3401 1460 3468 qui
1491 3401 1559 3455 ab
1593 3400 1824 3472 Evippio
1856 3405 1953 3460 de-

374 3478 616 3548 positus,
652 3488 707 3536 et
731 3483 826 3553 qui
857 3485 927 3539 ab
973 3502 1040 3541 eo
1068 3488 1401 3546 ordinatus?
1436 3508 1563 3546 nam
1595 3510 1683 3551 res
1720 3505 1952 3569 utraque

373 3577 461 3625 est
492 3585 692 3628 manus
721 3575 966 3644 ejusdem
1009 3595 1169 3650 opus.
1203 3581 1308 3648 Qui
1342 3583 1451 3639 nisi
1487 3585 1674 3641 datum
1702 3587 1951 3646 Jeremiae

371 3661 578 3717 donum
611 3664 895 3724 habuisset
927 3670 1180 3728 diruendi
1229 3689 1293 3729 ac
1335 3676 1724 3744 reaedilicandi,
1765 3683 1948 3737 eradi-

370 3755 538 3811 candi
561 3770 625 3812 ac
654 3758 941 3828 plantandi
963 3763 1030 3830 ",
1054 3766 1245 3837 utique
1276 3783 1386 3822 non
1411 3769 1556 3825 hunc
1587 3771 1942 3841 eradicassct,

369 3861 552 3919 neque
581 3851 733 3908 illum
755 3853 1079 3924 plantasset.
1109 3857 1267 3924 Quod
1294 3863 1341 3916 si
1371 3862 1598 3917 alterum
1627 3864 1676 3918 ei
1706 3865 1942 3929 dederis,

370 3939 606 3996 alterum
637 3942 802 3998 etiam
834 3945 886 4001 ei
929 3948 1222 4004 concedes.
1275 3948 1383 4006 Sed
1420 3951 1554 4030 illis,
1602 3961 1663 4008 ut
1706 3955 1939 4024 videtur,

437 4098 485 4131 ’δ
521 4097 724 4157 Jerem.
765 4116 820 4168 ι,
858 4102 947 4178 1θ.

363 4322 396 4395 ξ
439 4256 550 4326 (87)
622 4259 1002 4329 Ἀποδείξεις.
1047 4261 1125 4320 Ita
1170 4277 1306 4323 mss.
1360 4282 1473 4324 sex.
1536 4271 1679 4327 Editi
1723 4269 1939 4329 ὑποδεί-

399 4344 498 4391 εις.

399 4344 498 4391 εις.

437 4395 550 4471 (88)
590 4397 760 4454 Θεοῦ.
818 4399 980 4457 Deest
1030 4418 1093 4457 ea
1146 4420 1249 4460 vox
1312 4408 1365 4460 in
1409 4408 1598 4465 codice
1655 4415 1934 4471 Medicaeo.

359 4461 542 4590 3’an
568 4477 695 4538 post
730 4473 978 4526 nonnulli
1016 4474 1237 4530 codices
1280 4461 1614 4538 recentiores
1655 4461 1778 4536 ita?

399 4555 428 4590 U
499 4553 584 4590 αν.

399 4553 584 4592 υικαν.

431 4537 710 4682 Esaia
728 4609 1081 4680 γενομένων.
1119 4610 1198 4668 lta
1235 4624 1348 4674 tres
1396 4622 1755 4678 vetustissimi
1788 4627 1941 4682 codi-

356 4677 479 4752 ces._
498 4677 665 4752 Editi,
677 4677 1000 4752 γινομένων.

431 4748 548 4874 (θίὲ
595 4748 744 4803 Ὑπὸ
765 4748 1089 4808 Εὐιππίου.
1118 4754 1209 4810 Sic
1240 4764 1353 4814 tres
1392 4762 1750 4816 vetustissimi
1785 4767 1936 4819 codi-

431 4833 472 4872 Β.
551 4817 650 4873 (Ιίιί
678 4820 830 4874 παρὰ
849 4823 1140 4874 Εὐιππίου.
1184 4825 1389 4874 Ibidem
1425 4829 1713 4874 Madipmne
1761 4837 1930 4874 ρηΛρτ

354 4817 650 4892 oes._Edit_i
678 4820 830 4892 ποιρᾲ
849 4823 1140 4879 Εὐιππίου.
1183 4825 1389 4882 Ibidem
1423 4829 1713 4886 Medicaeus
1761 4817 1933 4892 codex

353 4888 960 4977 Ῑιαηριὶι,τοιξιιεοιζζεοίειἶ
974 4905 1205 4977 uterque
1227 4907 1281 4952 et
1312 4897 1444 4969 Reg.
1473 4904 1749 4977 secundus
1781 4888 1934 4977 πάῥᾶ

351 4959 667 5032 ’τοῦμαθτοῦτ
703 4960 988 5017 Consentit
1031 4959 1349 5032 Haikeanus
1393 4959 1526 5024 cum
1580 4973 1763 5028 editis.
1805 4959 1928 5032 Μὲτέέ

347 5028 486 5106 editi
520 5030 849 5106 ἀμφότερον.
908 5030 1163 5106 Quinque
1202 5054 1335 5092 mss.
1392 5048 1451 5093 ut
1504 5041 1558 5094 in
1615 5050 1785 5099 textu.
1837 5028 1926 5102 Sic

347 5099 520 5220 iniam
564 5099 746 5156 habet
779 5099 1156 5174 Haganoensis
1210 5107 1378 5163 editio
1413 5118 1480 5165 et
1535 5112 1710 5181 prima
1773 5099 1926 5172 Basi;

371 5183 572 5220 censrs.

371 5183 572 5225 0811818.

419 5237 533 5310 (91)
585 5239 969 5310 Ἐφύτευσεν.
993 5243 1108 5302 Hoc
1136 5248 1189 5301 in
1219 5249 1342 5304 loco
1381 5257 1435 5305 et
1480 5250 1534 5304 in
1573 5251 1693 5308 aliis
1723 5256 1918 5310 simili-

345 5303 475 5384 bu's,
505 5303 702 5384 nempe
734 5313 1073 5384 iniepistolis
1112 5317 1218 5373 226
1250 5303 1311 5375 et
1354 5303 1918 5384 esi,”imn"§.{d"il2$-

345 5377 494 5464 inille
525 5377 1049 5464 1οηιὶἰιμι·βοέἱ1ἰιιε,
1078 5389 1173 5464 sed
1222 5391 1402 5459 potius
1434 5377 1723 5457 Eustathii,
1753 5377 1913 5464 quem

345 5445 675 5534 deductae:
688 5453 881 5534 ipsius.
892 5445 1158 5534 sententia
1197 5445 1518 5529 argumento
1554 5445 1615 5516 in
1631 5445 1912 5534 sagati};

343 5519 636 5575 concludit.
687 5519 989 5606 Depositus
1016 5527 1161 5606 enim
1205 5546 1235 5583 a
1261 5519 1586 5606 'quingentis
1617 5519 1906 5606 epi§c0pis,

341 5599 533 5642 eorum
569 5595 854 5648 sententia:
877 5611 988 5650 non
1020 5599 1188 5653 cessit
1217 5595 1353 5676 :_s_éd
1397 5595 1492 5676 eos
1516 5595 1742 5676 negavit
1790 5595 1906 5676 cpi;

343 5669 540 5740 scopas
563 5675 718 5740 esse,
743 5672 936 5740 utpote
967 5682 1076 5740 non
1106 5671 1398 5740 participes
1435 5669 1672 5740 Spiritus
1705 5669 1902 5740 sancti,

341 5733 401 5777 ut
435 5744 604 5796 supra
652 5732 881 5802 legimus
922 5736 978 5791 in
1014 5732 1120 5792 hac
1145 5740 1261 5811 ipsa
1291 5732 1538 5812 epistola.
1572 5732 1902 5816 Sequeretur

2069 1899 2247 1970 πολλῷ
2283 1902 2534 1972 μείζονας
2573 1905 2632 1971 ἐξ
2680 1906 2856 1961 αὐτῶν
2896 1909 3003 1965 τῶν
3053 1915 3394 1983 πραγμάτων
3431 1914 3534 1984 τῆς
3559 1916 3648 1968 ἐπὶ

2067 1991 2137 2044 τὰ
2182 1993 2398 2047 ἐναντία
2449 2001 2786 2070 περιτροπῆς
2835 2000 2972 2072 ἔχων
3015 2003 3114 2068 τὰς
3163 2005 3464 2070 ἀποδείξεις
3495 2006 3644 2077 (87);

2067 2085 2129 2136 υί
2159 2084 2266 2155 γὰρ
2300 2091 3016 2148 πεντακοσίωνέπισκόπων
3052 2095 3282 2166 δόγματι
3317 2100 3439 2151 κατ’
3467 2099 3646 2152 αὐτῶν

2065 2175 2395 2248 ἐξενεχθέντι
2447 2180 2524 2251 μὴ
2576 2182 2843 2247 εἴξαντες,
2897 2185 3030 2256 μηδὲ
3077 2187 3505 2260 καταδεξάμενοι
3551 2191 3646 2264 τῆς

2063 2270 2370 2340 οἰκονομίας
2398 2272 2505 2326 τῶν
2539 2263 2874 2346 Ἐκκλησιῶν
2910 2278 3232 2350 ἀποστῆναι,
3264 2282 3540 2337 τοσούτων
3568 2286 3646 2347 είς

2062 2358 2160 2430 τὴν
2192 2363 2289 2432 τῆς
2337 2364 2709 2437 καθαιρέσεως
2752 2369 2932 2422 αὐτῶν
2979 2369 3206 2442 γνώμην
3251 2376 3643 2446 συμφωνησάν·

2061 2467 2188 2516 των,
2219 2453 2372 2516 διότι,
2407 2457 2590 2526 φησὶν,
2634 2460 2734 2512 οὐκ
2768 2452 2908 2530 ἦσαν
2952 2462 3268 2533 Πνεῦματος
3309 2467 3467 2534 ἁγίου
3520 2469 3643 2538 μέτ-

2061 2559 2195 2611 οχοι,
2227 2545 2350 2597 οὐδὲ
2393 2546 2528 2599 Θεοῦ
2577 2547 2688 2616 (88)
2729 2550 2908 2620 χάριτι
2955 2552 3055 2616 τὰς
3088 2554 3417 2625 Ἑκκλησίας
3439 2559 3640 2611 οἰκονο-

2063 2632 2310 2700 μοῦντες,
2365 2635 2476 2688 ἀλλ’
2523 2637 2834 2711 ἀνθρωπίνῃ
2889 2641 3176 2714 δυναστείᾳ
3226 2645 3321 2696 καὶ
3373 2646 3639 2718 ἐπιθυμίᾳ

2059 2725 2216 2797 δόξης
2247 2728 2411 2798 κενῆς
2443 2730 2538 2793 τὰς
2566 2735 2901 2802 προστασίας
2941 2735 3288 2806 ἁρπάσαντες
3307 2753 3322 2766 ⁸
3353 2732 3498 2792 οὗτοι
3545 2740 3636 2794 νῦν

2057 2820 2184 2881 τοὺς
2228 2821 2356 2891 παρ’
2396 2823 2618 2875 ἐκείνων
2662 2826 3136 2898 χειροτονηθέντας
3179 2830 3256 2892 ὡς
3305 2832 3636 2895 ἐπισκόπους

2058 2908 2320 2978 δέχονται.
2345 2911 2450 2975 Οὓς
2478 2911 2752 2984 ἐρώτησον
2777 2917 2891 2970 ἀντ’
2917 2918 3072 2989 ἐμοῦ,
3101 2921 3150 2972 εἰ
3181 2922 3274 2974 καὶ
3299 2923 3410 2975 τῶν
3437 2924 3636 2995 ἀνθρώ-

2058 3019 2175 3055 πων
2229 3004 2445 3059 πάντων
2498 3011 2963 3080 καταφρονοῦσιν,
3019 3009 3094 3077 ὡς
3159 3013 3271 3066 οὔτ’
3325 3016 3635 3087 ὀφθαλμοὺς

2056 3091 2306 3162 ἐχόντων,
2353 3095 2466 3150 οὔτ’
2496 3092 2630 3162 ὦτα,
2678 3100 2802 3153 οὕτε
2848 3103 3072 3173 καρδίαν
3119 3105 3462 3178 αἰσθητικὴν,
3508 3108 3632 3161 ὅσον

2058 3183 2186 3251 γοῦν
2218 3185 2473 3240 δύνασθαι
2516 3191 2743 3243 συνιδεῖν
2781 3191 2887 3245 τῶν
2931 3195 3239 3264 γενομένων
3271 3197 3382 3267 (89)
3435 3198 3495 3252 τὸ
3538 3202 3631 3253 ἀν-

2057 3269 2367 3340 ακόλουθον,
2392 3278 2448 3329 ἐν
2472 3281 2536 3348 τῇ
2571 3280 2779 3333 ἐαυτῶν
2797 3284 2991 3355 καρδίᾳ
3005 3286 3128 3339 τίνα
3144 3285 3382 3342 διάνοιαν
3406 3289 3587 3360 ἔχουσι
3611 3306 3626 3356 ;

2055 3361 2180 3426 Πῶς
2220 3359 2468 3421 δύνανται
2507 3369 2600 3422 δύο
2649 3367 2788 3426 εἶναι
2819 3375 3126 3440 ἐπίσκοποι,
3150 3378 3178 3430 ὃ
3217 3395 3275 3431 τε
3311 3379 3629 3454 καθῃρημέ-

2055 3471 2141 3516 νος
2179 3455 2280 3510 ὑπὸ
2318 3456 2587 3514 Εὐιππίου
2617 3462 2750 3530 (90),
2782 3466 2876 3518 καὶ
2902 3468 2930 3519 ὁ
2963 3469 3090 3537 παρ’
3119 3467 3282 3521 αὐτοῦ
3325 3488 3626 3542 κεχειροτο-

2053 3545 2315 3616 νημένος;
2371 3549 2470 3620 τῆς
2514 3552 2623 3622 γὰρ
2669 3555 2840 3624 αὐτῆς
2887 3557 3066 3627 χειρὸς
3111 3556 3271 3628 ἔργον
3319 3560 3621 3634 ἀμφότερα.

2055 3636 2174 3701 Ὃς,
2218 3641 2266 3691 εί
2315 3641 2388 3711 μὴ
2433 3637 2546 3711 εἶχε
2591 3645 2691 3715 τὴν
2735 3644 3024 3718 δεδομένην
3051 3647 3129 3719 τῷ
3163 3649 3405 3722 Ἱερεμίᾳ
3445 3652 3621 3723 χάριν,

2048 3730 2454 3786 κατασκάπτειν
2482 3735 2576 3787 καὶ
2617 3737 3006 3808 ἀνοικοδομεῖν,
3043 3738 3293 3812 ἐκριζοῦν
3333 3743 3426 3796 καὶ
3454 3762 3618 3799 κατα-

2048 3821 2317 3889 φυτεύειν,
2349 3824 2461 3878 οὔτ’
2489 3827 2554 3880 ἂν
2586 3828 2909 3900 ἐξερρίζωσε
2939 3832 3145 3897 τοῦτον,
3180 3833 3289 3887 οὔτ’
3321 3835 3388 3889 ἂν
3420 3839 3620 3890 ἐκεῖνον

2045 3911 2342 3980 ἐφύτευσεν
2377 3917 2508 3988 (91).
2543 3919 2607 3970 Εἰ
2639 3919 2695 3971 δὲ
2724 3921 2782 3974 τὸ
2810 3923 2994 3991 ἓτερον
3025 3923 3174 3995 αὐτῷ
3202 3924 3380 3991 δίδως,
3411 3935 3617 3996 συγχώ-

2043 4229 2104 4268 ex
2145 4215 2547 4288 naciEustalhii
2582 4222 3020 4288 ratiocinatione,
3066 4225 3112 4281 si
3150 4228 3397 4284 strictius
3433 4246 3612 4288 sume-

2042 4294 2214 4348 retur,
2239 4287 2417 4340 datam
2460 4291 2528 4344 ab
2561 4292 2830 4347 haereticis
2877 4287 3272 4351 ordinationem
3307 4315 3417 4354 non
3453 4287 3611 4357 modo

2041 4369 2154 4439 non
2207 4358 2534 4426 legitimam,
2566 4363 2889 4439 _se_detiam
2942 4365 3231 4439 invalidam
3273 4384 3338 4424 ac
3389 4386 3610 4439 prorsus

2042 4426 2247 4479 nullam
2286 4443 2428 4500 esse,
2456 4445 2517 4500 ac
2565 4431 2825 4500 Spiritum
2874 4443 3126 4489 sanctum
3161 4437 3230 4490 ab
3260 4439 3342 4494 eis
3371 4426 3605 4496 conferri

1819 4489 1940 4541 ὲπι-
1972 4485 2016 4542 D
2041 4510 2358 4574 nonnpossen.
2395 4485 2498 4574 Sed
2529 4501 2575 4555 si
2606 4485 2668 4556 ca
2700 4485 3607 4574 runEngland"séﬁtéHuBTEéhé

2040 4562 2245 4645 _Bas'i|’io
2271 4567 2448 4645 allingi
2489 4586 2597 4627 non
2629 4580 2826 4633 potest.
2862 4573 2912 4645 Is
2939 4578 3082 4629 enim
3109 4585 3366 4640 testatur,
3389 4562 3602 4645 eam],

2038 4632 2279 4689 lzoinum
2308 4646 2363 4691 et
2398 4632 2764 4697 Saturninum
2799 4660 2864 4698 ex
2897 4644 3298 4701 Encralitarum
3328 4632 3520 4705 haeresi
3551 4632 3604 4705 in

2037 4706 2400 4790 episcopalem
2433 4712 2754 4790 cathedram
2798 4729 2922 4790 a_se
2969 4726 3254 4790 susceptos
3286 4735 3428 4774 esse.
3464 4721 3603 4790 lleji-

2035 4776 2108 4857 cit
2138 4776 2191 4856 in
2219 4778 2408 4856 eodem
2441 4795 2649 4857 canone
2676 4784 3001 4857 principium
3033 4776 3287 4857 Cypriani
3321 4799 3374 4843 et
3403 4776 3598 4846 Firm'i-

2033 4843 2186 4930 lieni,
2235 4847 2326 4930 qui
2375 4850 2504 4930 nulli
2551 4843 2776 4930 prorsus
2817 4843 3218 4930 lia-eretico'aut
3249 4843 3599 4916 schismatico

2030 4917 2410 4997 relinquebant
2447 4917 2757 4990 baptizandi
2781 4919 2895 4997 ha'ut
2921 4927 3223 4997 ordinandi
3255 4937 3596 4997 potestatem,

2030 4988 2208 5068 utut/ni
2245 5003 2346 5068 non
2395 4988 2601 5055 possent
2646 4988 3343 5068 ampliusSpirimsamicti
3369 4988 3595 5068 gratiam

2028 5053 2148 5108 aliis
2178 5053 2426 5137 Ermbere,
2459 5077 2490 5112 a
2517 5079 2621 5137 qu_a
2653 5053 2756 5131 ipsi
2784 5053 3105 5137 exciderant.
3139 5066 3191 5121 In
3222 5053 3452 5137 epistola
3498 5087 3593 5123 au-

2027 5134 2130 5176 tem
2177 5127 2302 5209 240,
2359 5127 2849 5210 cunL'dennntiat
2899 5127 3290 5206 Nicopolitanis
3349 5156 3418 5193 ne
3477 5142 3594 5210 quis

2023 5199 2409 5276 communione
2476 5200 2764 5276 Frontonis
2813 5199 3248 5276 praeoccupetur,
3305 5224 3447 5263 neve
3495 5199 3593 5264 'aco

2021 5275 2176 5331 cepta
2229 5268 2298 5346 ab
2343 5283 2442 5347 ρο.
2473 5287 2664 5347 manus
2706 5268 3081 5344 irnpositione;
3143 5268 3332 5347 postea
3382 5279 3589 5333 reddita

2019 5348 2151 5413 pace
2197 5337 2505 5413 vim_faciat
2533 5351 2588 5394 ut
2619 5343 2673 5396 in
2704 5337 2849 5398 clero
2885 5337 3269 5413 recensentur;
3302 5365 3429 5402 cum
3469 5351 3586 5411 hoc.

2017 5404 2261 5486 inquam,
2298 5409 2613 5473 denuntiat,
2649 5414 2890 5469 declarat
2923 5417 3012 5471 ille
3049 5404 3268 5486 quidem
3298 5434 3359 5473 se
3388 5419 3489 5472 hac
3534 5404 3584 5470 in

2016 5489 2073 5552 re
2113 5475 2179 5529 de
2221 5493 2492 5552 canonum
2540 5486 2826 5540 severitate
2867 5486 3004 5539 nihil
3049 5475 3446 5552 reinissnrnm;
3493 5489 3584 5543 sed

2015 5551 2193 5625 tamen
2240 5564 2346 5601 non
2384 5551 2615 5625 obscure
2663 5554 2862 5610 fatetur
2898 5556 3162 5625 ejusmodi
3211 5551 3583 5613 ordinationes

2010 5614 2216 5699 validas
2245 5635 2396 5699 esse,
2432 5636 2493 5679 ac
2534 5623 2806 5681 interdum
2861 5614 3202 5684 in'Ecclesia
3232 5630 3384 5699 pacis
3418 5642 3582 5684 causa

2008 5694 2154 5741 ratas
2184 5687 2385 5746 haberi.
