3900 6208
220 325 319 384 εει

1098 319 1585 379 EPISTOLARUM
1621 314 1902 376 CLASSIS
1930 310 1998 371 ll.
2035 310 2255 369 EPIST.
2294 308 2570 368 CCXLIV.

3372 301 3467 358 ρει

224 445 412 517 ρήσεις
448 439 597 512 αύτῷ
634 441 728 495 καί
765 440 826 494 τὸ
870 440 1077 512 ἕτερον.
1145 436 1283 494 Ἀλλ’
1328 437 1408 504 εἷς
1451 439 1674 502 σκοπὸς,
1728 437 1804 501 ὼς

1920 430 2255 502 propositum
2287 441 2458 482 unum
2492 430 2600 488 est,
2629 436 2789 478 suum
2819 419 3065 492 ipsorum
3095 422 3466 489 compendiun'

223 533 388 597 ἐοικε,
434 531 496 584 τὸ
539 528 747 586 ἑαυτῶν
795 529 983 601 ζητεῖν
1032 528 1328 601 πανταχοῦ,
1369 530 1465 584 καὶ
1508 528 1660 598 φίλον
1703 527 1800 597 μὲν

222 623 476 697 ἡγεῖσθαι
525 622 617 677 τὸν
660 622 781 686 ταῖς
823 620 1141 693 ἐπιθυμίαις
1192 621 1370 676 αὐτῶν
1416 618 1798 691 συνεργοῦντα,

223 716 485 787 πολέμιον
509 714 567 769 δέ
590 714 816 788 κρίνειν,
850 714 945 767 καὶ
973 714 1242 786 μηδεμιᾶς
1287 716 1406 768 κατ’
1427 711 1591 767 αὐτοῦ
1618 710 1800 764 διαϐο-

221 809 325 882 λῆς
353 805 649 878 φείδεσθαι,
686 804 780 860 τὸν
820 806 944 870 ταῖς
989 804 1304 876 ἐπιθυμίαις
1335 802 1514 857 αὐτῶν
1549 800 1801 856 ἀνθιστά-

225 917 411 973 μενον.

297 994 354 1048 7.
385 987 509 1048 Οἴαι
532 993 642 1067 γὰρ
669 992 847 1048 αὐτῶν
884 990 978 1047 κα)⁵
1001 991 1057 1046 αί
1085 989 1178 1045 νῦν
1193 986 1335 1042 κατὰ
1364 986 1462 1057 τῆς
1476 981 1802 1054 Ἐκκλησίας

220 1086 561 1157 οἰκονομίαις
588 1083 818 1157 Φρικταὶ
847 1083 946 1156 μὲν
982 1081 1069 1137 διὰ
1106 1080 1204 1154 τὴν
1234 1078 1344 1133 τῶν
1372 1076 1665 1131 ποιούντων
1691 1072 1800 1145 (92)

223 1176 499 1243 εὐκολίαν,
540 1177 769 1232 ἐλεειναὶ
801 1174 859 1230 δέ
888 1175 977 1230 διὰ
1018 1174 1118 1245 τὴν
1160 1172 1269 1226 τῶν
1308 1170 1623 1242 πασχόντων
1647 1168 1801 1221 ἀναι-

224 1267 475 1342 σθησίαν.
514 1268 781 1323 Εύιππίου
820 1266 1006 1334 τέκνα,
1055 1265 1150 1320 καὶ
1189 1263 1457 1317 Εύιππίου
1490 1260 1687 1330 ἔκγονα
1716 1256 1803 1311 διὰ

222 1360 523 1433 πρεσϐείας
570 1359 882 1424 ἀξιοπίστου
934 1360 999 1411 ἐκ
1046 1354 1149 1426 τῆς
1186 1351 1482 1425 ὑπερορίας
1531 1348 1803 1421 μετακλη-

222 1450 412 1515 θέντες
454 1453 534 1514 είς
575 1450 673 1522 τὴν
700 1449 1045 1511 Σεϐάστειαν,
1080 1445 1474 1516 ἐπιστεύθησαν
1516 1442 1607 1495 τὸν
1655 1440 1802 1494 λαόν.

1901 525 2108 593 ubique
2156 534 2426 591 quaerere,
2472 525 2528 572 et
2564 515 2799 569 amicum
2846 512 3067 583 quidem
3097 510 3300 565 ducere
3327 525 3466 565 eum.

1901 614 1995 685 qui
2040 614 2290 685 ipsorum
2333 607 2734 680 cupiditatibus
2777 603 3117 660 obseeundat
3147 620 3160 656 :
3192 600 3466 655 inimicuir

1900 721 2032 760 vero
2058 704 2328 775 judicare,
2361 714 2465 756 nec
2498 698 2598 754 ulli
2635 697 2696 752 in
2739 709 2867 752 eum
2911 693 3201 749 calumniae
3228 706 3470 763 parcere,

1901 795 1998 867 qui
2020 796 2271 866 ipsorum
2300 789 2700 863 cupiditatibus
2728 787 2967 844 obsistit.

1975 972 2027 1026 7.
2068 970 2270 1038 Quales
2314 969 2462 1025 enim
2504 977 2634 1025 sunt
2659 969 2962 1024 etiamnum
2996 967 3242 1037 ipsorum
3284 970 3472 1020 contra

1902 1063 2208 1120 Ecclesiam
2263 1062 2620 1117 mconomiae?
2661 1060 2961 1117 Horrenda
2996 1063 3220 1132 quidem
3268 1061 3340 1116 ob
3382 1075 3473 1115 eo-

1902 1169 2048 1218 rum,
2107 1152 2202 1223 qui
2262 1151 2318 1206 id
2375 1151 2606 1216 faciunt,
2660 1150 3098 1214 instabilitatem,
3154 1148 3474 1204 miseranda

1902 1260 2034 1300 vero
2064 1245 2145 1299 ob
2172 1259 2387 1308 eorum,
2424 1242 2516 1312 qui
2551 1241 2855 1311 patiuntur,
2890 1241 3287 1311 stupiditatem.
3319 1236 3475 1306 Evip—

1903 1337 1980 1408 pii
2015 1337 2113 1391 tilii
2156 1342 2211 1390 et
2252 1333 2465 1404 Evippii
2512 1340 2737 1402 nepotes
2780 1346 2878 1401 per
2906 1331 3234 1400 legationem
3270 1329 3372 1383 fide
3397 1327 3475 1382 dio

1905 1443 2066 1499 gnam
2089 1427 2160 1481 ab
2189 1434 2382 1481 extera
2412 1425 2637 1495 regione
2680 1422 2937 1476 accersiti
2973 1428 3103 1476 sunt
3149 1418 3476 1474 Sebastiam.

130 1542 137 1549 ⁸
220 1509 545 1613 Παρέλαϐον
578 1509 641 1593 τό
681 1509 1084 1608 θυσιαστήριον,
1118 1534 1266 1605 ζύμη
1297 1509 1544 1599 ἐγένοντο
1565 1529 1663 1600 τῆς
1694 1529 1808 1580 ἐκεῖ

1920 1518 2005 1574 llis
2053 1516 2303 1571 creditus
2349 1523 2434 1570 est
2487 1513 2724 1585 populus
2759 1533 2771 1568 :
2804 1511 2965 1582 potiti
3012 1519 3144 1566 sunt
3191 1509 3474 1575 altaribus,

236 1600 587 1702 Ἐκκλησίας.
631 1629 769 1702 Παρ’
815 1621 892 1682 ὧν
932 1600 1099 1698 ’ἡμεῖς
1148 1600 1265 1696 μέν-
1293 1623 1370 1687 ὡς
1402 1617 1807 1702 λόμοουσιασταὶ

1920 1609 2028 1679 ejus
2059 1624 2182 1680 qua:
2220 1609 2332 1662 illic
2379 1615 2463 1662 est
2491 1605 2753 1659 Ecclesia:
2794 1603 3123 1658 fermentum
3168 1600 3298 1654 facti
3329 1606 3476 1653 sunt.

220 1690 561 1795 GthoitsOa.
611 1690 908 1785 Εὐστάθιος
959 1690 1017 1772 δὲ
1068 1719 1097 1771 ὁ
1149 1690 1580 1788 ’βαστάσαςωω
1619 1713 1678 1766 ἐν
1728 1709 1808 1781 τῷ

1920 1700 1976 1755 I‘l-i
2003 1715 2104 1756 nos
2137 1707 2396 1769 tanquam
2422 1696 2866 1751 bomoousiastas
2906 1700 3343 1764 persequuntur;
3374 1690 3479 1743 Eu—

221 1783 410 1887 χάρτῇ
441 1812 550 1866 ἀπὸ
591 1810 807 1883 Ῥώμης
836 1783 995 1882 μέχρι
1031 1783 1255 1862 Τυάνων
1283 1806 1346 1860 τὸ
1372 1783 1676 1877 ὁμοούσιον,
1713 1795 1805 1855 οὗ·

1920 1793 2143 1849 statbius
2173 1803 2376 1855 autem,
2400 1791 2496 1859 qui
2520 1789 2577 1843 in
2605 1789 2798 1842 charta
2820 1785 3289 1840 consubstantiale
3311 1783 3479 1837 Roma

344 1876 439 1958 νῦν
461 1904 648 1967 αὐτοῖς
673 1876 1072 1974 άνακέκραται·
1103 1915 1152 1954 ει
1177 1900 1273 1954 καὶ
1296 1900 1379 1952 ὅτι
1402 1876 1805 1968 παραδεχθῆναι

1920 1888 2128 1958 fyanos
2189 1899 2365 1953 usque
2392 1882 2551 1953 381
2586 1880 2799 1943 attulit,
2862 1894 3009 1933 nunc
3056 1878 3166 1932 illis
3216 1876 3480 1929 admistus

222 1999 310 2062 εἰς
334 1996 432 2068 τὴν
459 1996 830 2068 πολυπόθητον
865 1993 1043 2048 αὐτῶν
1073 1992 1354 2047 κοινωνίαν
1391 1991 1490 2044 οὐκ
1531 1987 1768 2059 ἠδυνήθη
1788 2003 1802 2017 ·

221 2091 258 2162 ἢ
296 2088 640 2162 φοϐηθέντων
676 2088 736 2140 τὸ
766 2086 970 2157 πλῆθος
996 2085 1104 2140 τῶν
1149 2087 1268 2140 κατ’
1310 2082 1474 2138 αὐτοῦ
1515 2096 1808 2151 συμφωνη-

224 2181 459 2244 σάντων,
484 2179 517 2250 ἦ
547 2176 899 2232 αίδεσθέντων
918 2176 979 2229 τὸ
1007 2176 1335 2243 ἀξιόπιστον.
1362 2173 1517 2234 Τίνες
1536 2171 1645 2241 γὰρ
1668 2166 1808 2240 ἦσαν

220 2274 277 2327 οἱ
306 2269 728 2341 συνειλεγμένοι,
751 2269 843 2323 καὶ
872 2268 992 2332 πῶς
1021 2268 1119 2339 μὲν
1143 2263 1538 2338 χειροτονηθεὶς
1558 2262 1806 2326 ἕκαστος,

221 2366 340 2421 ἀπὸ
385 2366 538 2418 ποίου
582 2364 641 2417 δέ
685 2363 779 2416 τοῦ
830 2361 892 2428 ἐξ
933 2362 1108 2433 ἀρχῆς
1148 2359 1263 2430 βίου
1296 2358 1389 2411 ἐπὶ
1430 2356 1636 2425 ταύτην
1676 2371 1810 2424 παρ-

223 2452 362 2524 ῆλθε
385 2452 496 2524 (94)
524 2453 624 2523 τὴν
654 2450 969 2504 δυναστείαν
990 2448 1106 2512 νῦν,
1136 2446 1248 2516 ἐγὼ
1275 2447 1372 2518 μὲν
1402 2446 1474 2517 μή
1508 2462 1637 2498 ποτε
1667 2443 1809 2496 οὕτω

227 2544 555 2615 σχολάσαιμι
579 2584 595 2608 ,
642 2542 784 2596 ὥστε
838 2541 940 2605 τὰς
991 2540 1212 2597 ἐκείνων
1267 2537 1495 2610 πράξεις
1545 2536 1811 2607 ἐκδιηγεί-

228 2636 358 2689 σθαι
391 2635 526 2707 (95).
556 2633 800 2706 Ἐμαθον
851 2634 961 2705 γὰρ
1019 2630 1455 2705 προσεύχεσθαι,
1496 2631 1687 2694 Ὅπως
1734 2628 1811 2681 ἂν

223 2727 314 2798 μὴ
350 2724 594 2795 λαλήσῃ
638 2726 705 2779 τὸ
742 2726 937 2795 στόμα
958 2742 1078 2794 μου
1124 2723 1198 2776 τὰ
1241 2722 1387 2792 ἔργα
1427 2719 1546 2774 τῶν
1585 2716 1809 2785 ἀνθρώ-

225 2831 390 2871 arma"
427 2817 588 2880 αὐτὸς
613 2816 670 2868 δὲ
701 2816 999 2890 ἐρευνήσας
1038 2812 1287 2885 μαθήσῃ*
1319 2811 1418 2865 κᾶν
1458 2826 1518 2863 σε
1549 2809 1806 2879 διαφύγῃ..

226 2909 325 2963 τὸν
352 2908 545 2980 κριτὴν
573 2907 791 2971 πάντως
822 2906 885 2960 ού
913 2905 1156 2977 λήσεται.

302 3085 358 3141 8.
389 3086 454 3140 Ὀ
482 3084 665 3157 μέντοι
696 3081 941 3137 πέπονθα
969 3081 1160 3145 πάθος,
1191 3081 1252 3134 οὐ
1282 3079 1690 3151 παραιτήσομαι
1718 3077 1813 3131 καὶ
1840 3119 1887 3182 c

227 3178 372 3251 πρὸς
413 3177 512 3248 τὴν
549 3176 648 3248 σὴν
696 3175 930 3242 ἐξειπεῖν
961 3175 1202 3244 ἀγάπην,
1237 3172 1319 3226 ὅτι
1371 3171 1620 3243 πέρυσιν,
1654 3168 1787 3222 ἁσθε

230 3275 407 3343 νήσας
438 3270 657 3343 πυρετῷ
690 3268 1008 3340 λαϐροτάτῳ
1047 3264 1181 3337 (96),
1213 3264 1308 3318 καὶ
1352 3264 1578 3332 ἐγγίσας
1620 3260 1813 3332 μέχρις

230 3361 417 3418 αὐτῶν
459 3360 570 3415 τῶν
618 3358 802 3413 πυλῶν
838 3357 932 3412 τοῦ
969 3356 1230 3421 θανάτου,
1261 3351 1380 3406 εἶτα
1423 3352 1529 3405 ὑπὸ
1575 3351 1675 3422 τῆς
1717 3348 1813 3402 τοῦ

228 3454 370 3509 θεοῦ
427 3450 832 3524 φιλανθρωπίας
894 3445 1218 3518 ἀνακληθεὶς
1240 3484 1256 3509 ,
1317 3442 1593 3514 δυσχερῶς
1670 3437 1816 3512 εἶχον

231 3547 376 3620 πρὸς
406 3548 507 3618 τὴν
549 3543 827 3609 ἐπάνοδον,
875 3538 1222 3610 λογιζόμενος
1271 3540 1351 3603 είς
1398 3534 1484 3591 οἷα
1535 3535 1696 3590 πάλιν
1727 3534 1818 3605 ἐρ-

231 3653 404 3710 χομαι
446 3634 624 3690 κακά’
677 3634 772 3687 καὶ
820 3630 941 3684 κατ’
983 3627 1218 3700 ἐμαυτὸν
1265 3626 1554 3690 ἐσκόπουν,
1583 3623 1638 3676 τί
1685 3638 1815 3675 ποτε

232 3731 347 3801 ἄρα
393 3728 511 3782 ἐστὶ
558 3726 621 3780 τὸ
670 3727 729 3780 ἐν
778 3722 858 3795 τῷ
908 3721 1060 3792 βάθει
1089 3720 1188 3792 τῆς
1231 3717 1425 3787 σοφίας
1456 3715 1817 3785 ἀποκείμενον

232 3817 331 3873 τοῦ
368 3816 525 3881 Θεοῦ,
559 3815 628 3869 δι’
655 3815 829 3885 ὃέμοὶ
874 3811 1034 3866 πάλιν
1071 3808 1173 3878 τῆς
1218 3808 1276 3860 ἐν
1324 3807 1487 3877 σαρκὶ
1520 3805 1663 3875 ζωῆς
1688 3803 1819 3874 ἡμέ-

234 3927 333 3981 ραι
372 3904 849 3978 συνεχωρήθησαν.
892 3901 1109 3972 Ἐπειδὴ
1156 3900 1213 3954 δέ
1255 3898 1426 3966 ἔγνων
1459 3895 1652 3959 ταῦτα,
1697 3895 1817 3947 ἐλο-

233 4000 503 4071 γισάμην,
544 3999 627 4052 ὃτι
668 3993 933 4066 ἐϐουλήθη
978 3994 1124 4063 ἡμᾶς
1152 3993 1182 4045 ὁ
1218 3990 1421 4061 Κύριος
1450 3988 1576 4041 ἰδεῖν
1606 4002 1815 4039 παυσα-

239 4093 412 4165 μένας
455 4088 551 4143 τοῦ
599 4087 762 4140 σάλου
816 4084 915 4147 τὰς
952 4080 1306 4152 Ἐκκλησίας,
1356 4078 1415 4132 ὃν
1462 4075 1660 4129 ἔπαθον
1712 4073 1819 4145 πρὸ

234 4183 429 4240 τούτου
473 4180 567 4235 ἐπὶ
614 4177 693 4250 τῷ
742 4173 1004 4249 χωρισμῷ
1055 4171 1164 4227 τῶν
1213 4171 1302 4225 διὰ
1350 4170 1449 4239 τὴν
1482 4166 1819 4239 περιπεπλα-

237 4273 446 4345 σμένην
476 4270 588 4341 (97)
614 4269 800 4330 αὐτοῖς
833 4265 1135 4337 σεμνότητα
1175 4262 1354 4316 πάντα
1390 4257 1814 4328 πιστευομένων.

239 4363 316 4415 Ἦ
339 4361 435 4415 καὶ
469 4358 611 4429 τάχα
637 4354 870 4410 τονῶσαί
919 4370 1019 4424 μου
1063 4351 1165 4422 τὴν
1205 4348 1381 4420 ψυχὴν
1419 4346 1514 4401 καὶ¹
1540 4362 1817 4416 νηπτικω-

1906 1987 2034 2032 est:
2068 1990 2382 2047 quanquam
2432 1972 2647 2025 admitti
2688 1972 2744 2025 in
2788 1969 3188 2041 optatissimam
3239 1968 3481 2037 ipsorum

1906 2066 2351 2121 communionem
2408 2076 2520 2117 non
2564 2062 2778 2131 potuit,
2829 2060 2948 2115 sive
2991 2058 3138 2129 quod
3190 2055 3481 2113 metuerint

1918 2156 2327 2211 multitudinem
2370 2168 2560 2208 eorum
2607 2154 2703 2222 qui
2759 2152 3025 2217 adversus
3057 2151 3207 2204 illum
3250 2163 3482 2203 consen-

1910 2258 2124 2313 serant,
2150 2249 2267 2302 sive
2295 2245 2443 2316 quod
2473 2258 2663 2298 eorum
2693 2242 2913 2298 reveriti
2939 2241 3050 2296 sint
3075 2239 3480 2295 auctoritatem.

1913 2339 2116 2406 Quales
2165 2338 2311 2393 enim
2364 2341 2555 2390 essent
2582 2335 2675 2403 qui
2711 2332 3031 2404 congregati
3072 2340 3222 2397 sunt,
3253 2338 3309 2385 et
3347 2346 3483 2401 quo-

1914 2431 2077 2484 modo
2110 2443 2298 2483 eorum
2334 2426 2570 2496 quisque
2608 2425 2916 2487 ordinatus,
2948 2432 3003 2478 et
3030 2437 3059 2476 a
3091 2422 3242 2492 quali
3272 2423 3382 2477 vita
3414 2421 3484 2476 ab

1913 2520 2070 2575 initio
2101 2519 2266 2574 ducta
2295 2518 2363 2570 ad
2394 2518 2541 2569 hunc
2566 2515 2910 2570 dominatum
2935 2514 3262 2584 pervenerit,
3290 2528 3485 2584 precor

1913 2610 2167 2682 equidem
2200 2623 2483 2679 nunquam
2515 2606 2652 2661 mihi
2684 2613 2896 2660 tantum
2927 2604 3027 2660 otii
3052 2605 3398 2677 contingere.
3426 2611 3486 2658 ut
3512 2644 3523 2657 .

1916 2715 2005 2757 res
2040 2701 2256 2754 illorun
2312 2713 2588 2754 enarrem.
2625 2695 2801 2751 Didici
2841 2696 2987 2751 enim
3027 2697 3264 2766 precari,
3318 2694 3387 2749 Ut
3426 2709 3485 2751 ω

1917 2809 2091 2847 meum
2131 2807 2288 2860 opera
2328 2790 2600 2843 hominum
2632 2804 2735 2841 non
2781 2788 3111 2858 loquatur".
3144 2787 3265 2858 Ipse
3305 2796 3487 2842 autem

1914 2883 2049 2948 bam,
2082 2883 2130 2937 si
2172 2889 2458 2937 scrutatus
2506 2880 2700 2944 fueris,
2734 2878 2986 2946 edisces;
3031 2885 3087 2934 et
3127 2880 3174 2935 si
3208 2887 3261 2935 te
3294 2878 3487 2951 ell‘uge-

1914 2975 2047 3038 rint,
2081 2974 2330 3044 profecto
2350 2973 2594 3043 judicem
2626 2986 2736 3024 non
2764 2971 3029 3026 latebunt.

1988 3065 2041 3120 8.
2081 3067 2203 3132 Quo
2235 3073 2418 3119 tamen
2463 3063 2662 3118 fuerim
2708 3063 2911 3125 animo,
2954 3077 3066 3116 non
3114 3059 3384 3132 gravabor
3433 3067 3488 3116 et

1918 3169 2023 3213 tua:
2060 3172 2334 3226 exponere
2362 3155 2643 3220 dilectioni
2676 3174 2690 3210 :
2721 3154 2986 3209 nimirum
3026 3168 3172 3208 anno
3211 3155 3490 3225 praeterito

1917 3264 2043 3305 cum
2105 3256 2460 3318 aegrotassem
2510 3246 2662 3301 febre
2711 3245 3059 3316 gravissima,
3114 3251 3171 3299 et
3216 3242 3286 3298 ad
3343 3243 3491 3314 ipsas

1917 3340 2115 3395 mortis
2157 3346 2346 3408 portas
2379 3337 2937 3408 apprOpinquassem,
2964 3350 3028 3390 ac
3061 3334 3261 3391 deinde
3285 3333 3379 3390 Dei
3405 3333 3490 3390 be-

1917 3435 2186 3503 nignitate
2227 3446 2407 3485 essem
2454 3431 2677 3486 sanitati
2718 3429 3028 3491 restitutus,
3068 3442 3212 3498 aegre
3255 3426 3492 3482 ferebam

1917 3526 2180 3586 reditum,
2213 3531 2480 3591 reputans
2511 3537 2723 3576 meeum
2756 3521 2823 3575 ad
2847 3521 3034 3591 qualia
3061 3520 3297 3575 redirem
3320 3518 3493 3586 mala;

1917 3625 2081 3684 atque
2115 3613 2259 3682 apud
2307 3628 2394 3667 me
2435 3613 2553 3681 ipse
2586 3611 3005 3667 considerabam
3053 3610 3316 3680 quidnam
3363 3615 3491 3664 tan-

1919 3706 2041 3761 dem
2075 3713 2224 3759 esset
2270 3705 2327 3757 in
2373 3705 2647 3772 profundo
2687 3702 2783 3756 Dei
2815 3702 3097 3771 sapientiae
3130 3701 3491 3767 reconditum,

1917 3804 2143 3867 propter
2189 3796 2333 3865 quod
2384 3795 2518 3848 mihi
2567 3809 2762 3848 rursus
2805 3794 2922 3848 dies
2976 3791 3046 3846 ad
3098 3792 3389 3848 vivendum
3438 3792 3491 3847 in

1917 3903 2084 3943 carne
2122 3888 2378 3942 concessi
2412 3881 2670 3941 fuissent.
2702 3884 2804 3940 Ubi
2847 3894 3031 3939 autem
3073 3882 3188 3938 haec
3239 3884 3493 3953 cognovi,

1918 3981 2162 4034 voluisse
2186 3979 2478 4032 Dominum
2502 3977 2819 4032 .arbitratus
2859 3991 3003 4039 sum,
3032 3984 3093 4028 ut
3128 3974 3366 4030 viderem
3396 3974 3491 4030 Ec-

1919 4072 2115 4126 clesias
2161 4078 2486 4139 tempestate
2530 4068 2815 4129 liberatas,
2848 4079 3014 4135 quam
3056 4074 3215 4120 antea
3258 4066 3478 4134 pertule

1919 4169 2044 4216 rant
2093 4179 2162 4217 ex
2212 4159 2561 4231 separatione
2592 4172 2806 4221 eorum,
2858 4157 3063 4226 quibus
3109 4155 3293 4210 omnia
3333 4155 3406 4209 ob
3436 4156 3495 4210 fl-

1919 4262 2064 4308 ctam
2105 4267 2295 4308 eorum
2330 4250 2654 4320 gravitatem
2700 4248 3086 4303 credebantur.
3123 4248 3230 4301 Ant
3263 4244 3496 4303 fortasse

1919 4345 2084 4398 etiam
2118 4344 2381 4397 roborare
2424 4343 2666 4395 animum
2693 4356 2872 4395 meum
2905 4346 2959 4394 et
2996 4339 3191 4394 saltem
3231 4339 3285 4394 in
3316 4347 3501 4411 poste-

238 4454 405 4525 τέραν
435 4450 572 4522 πρός
595 4465 659 4517 γε
684 4447 746 4501 τὸ
778 4443 975 4516 ἐφεξῆς
1007 4442 1345 4512 καταστῆσαι
1363 4441 1398 4520 ,ὁ
1424 4437 1627 4509 Κύριος
1662 4436 1817 4489 ἐϐου-

1920 4449 2039 4487 rum
2088 4434 2485 4505 vigilantiorem
2534 4432 2750 4486 ellicere
2790 4432 2962 4485 voluit
2994 4429 3283 4493 Dominus,
3332 4437 3392 4484 ut
3432 4444 3501 4483 ne

239 4544 409 4619 λήθη,
449 4543 526 4607 ὼς
571 4541 647 4614 μὴ
696 4538 984 4610 προσέχειν
1024 4534 1362 4607 ἀνθρώποις,
1400 4531 1537 4584 ἀλλὰ
1572 4528 1663 4583 διὰ
1706 4527 1814 4581 τῶν

239 4633 609 4706 εύαγγελικῶν
639 4628 868 4684 ἐντολῶν
898 4622 1343 4698 καταρτίζεσθαι,
1376 4622 1431 4675 αϊ
1455 4620 1577 4674 οὔτε
1606 4620 1816 4690 καιροῖς

241 4727 365 4782 οὕτε
404 4723 788 4798 περιστάσεσιν
830 4718 1185 4787 ἀνθρωπίνων
1232 4712 1574 4785 πραγμάτων
1608 4726 1819 4781 συμμε-

240 4818 619 4881 ταϐάλλονται,
644 4813 759 4870 ἀλλ’
792 4814 848 4866 αἱ
892 4810 1055 4867 αὐταὶ
1085 4805 1450 4878 διαμένουσιν,
1471 4803 1554 4866 ὡς
1586 4800 1818 4874 προηνέ-

240 4911 451 4983 χθησαν
483 4908 591 4963 ἀπὸ
624 4904 718 4961 τοῦ
770 4900 1034 4975 ἀψευδοῦς
1079 4900 1174 4955 καὶ
1222 4895 1492 4969 μακαρίου
1532 4893 1817 4964 στόματος,

238 5000 384 5054 οῦτω
418 4994 830 5061 διαιωνίζουσαι.

310 5118 358 5153 ³⁸
396 5115 542 5187 Psal.
581 5129 707 5179 xvr,
737 5114 793 5169 4.

311 5230 426 5316 (θξὶ)
473 5226 594 5282 Τῶν
638 5227 991 5282 ποιούντων.
1048 5224 1126 5278 Ita
1183 5235 1281 5276 sex
1329 5229 1466 5272 mss.
1526 5212 1671 5269 Edtti
1714 5212 1824 5266 τῶν

558 5366 905 5452 ,βαστςίσαςἒ
931 5363 1166 5452 Ρῑοιιιξε
1205 5359 1436 5452 vocibus
1465 5370 1591 5452 quae
1617 5353 1675 5408 in
1713 5368 1823 5452 [sex

242 5423 524 5497 codicibus
558 5423 693 5495 inss.
724 5423 1001 5507 leguntur,
1049 5433 1252 5488 habent
1292 5429 1423 5486 editi
1450 5423 1819 5507 ‘EsGacrreiag.

242 5512 362 5578 Quo
388 5510 607 5579 quidem
642 5497 826 5579 erratvo
862 5497 1002 5579 cum;
1023 5518 1222 5579 sensus
1250 5497 1612 5579 perturbatus
1649 5501 1818 5579 esset,

242 5564 456 5637 librarii
480 5588 604 5650 post
632 5577 916 5649 ὁμοούσιον
939 5564 1539 5640 addiderunt—xenia“,
1562 5564 1707 5637 quod
1725 5564 1819 5618 de-

245 5661 1011 5804 Ιῗῖὶῖιὲῗῗὶίζῃῆλθςεβεείυξ
1040 5716 1345 5804 [deﬁniret
1400 5707 1567 5763 Coisl.
1622 5718 1821 5758 secun-

247 5782 347 5850 dus
384 5782 688 5862 παρελθών.
717 5782 919 5844 Ibidem
952 5784 1045 5841 νῦν
1098 5782 1406 5839 addidimus
1445 5795 1507 5835 ex
1544 5791 1639 5833 sex
1685 5791 1816 5831 mss.

1920 4528 2239 4583 hominibus
2289 4526 2558 4587 attendat,
2592 4524 2689 4581 sed
2726 4539 2824 4595 per
2867 4525 3186 4595 evangelica
3232 4531 3501 4594 praecepta

1921 4619 2238 4689 perficiatur
2263 4633 2415 4688 :qua:
2436 4632 2615 4687 neque
2637 4631 2762 4671 cum
2784 4615 3147 4684 temporibus,
3178 4628 3355 4683 neque
3378 4628 3501 4666 cum

1924 4710 2290 4764 humanarum
2321 4724 2506 4765 rerum
2530 4707 2972 4765 circumstantiis
2993 4707 3374 4767 immutantur,
3405 4703 3501 4758 sed

1922 4802 2116 4857 eadem
2148 4809 2492 4871 permanent,
2529 4810 2641 4856 uta
2672 4801 2857 4857 veraci
2881 4813 2948 4854 ac
2973 4799 3136 4855 beato
3170 4812 3266 4854 ore
3290 4797 3500 4868 prolata

1925 4900 2077 4960 sunt,
2116 4894 2190 4948 ita
2227 4895 2659 4965 perseverantia.

2002 5207 2114 5280 (95l
2166 5206 2619 5280 Ἐκδιηγεζσξᾷαι.
2642 5200 2747 5280 Alta
2797 5197 3210 5280 Harl.,‘Cois.l_._
3234 5205 3501 5280 _uterq_ue,

1930 5268 2065 5350 Reg.
2116 5268 2389 5350 uterque.
2402 5347 2414 5350 _
2426 5276 2577 5350 _Editi
2612 5342 2622 5350 .
2639 5272 2865 5350 ἐκδιηγή
2874 5269 3111 5350 σασθαιι
3137 5268 3340 5350 ibidem
3349 5340 3360 5350 .
3371 5345 3381 5350 _
3394 5277 3504 5350 tres

1928 5337 2288 5405 vetustissimi
2315 5347 2538 5402 codices
2567 5342 2667 5409 τὰς
2699 5337 2922 5397 ἐκείνων
2969 5338 3215 5411 πράξεις.
3265 5337 3409 5393 Editi
3437 5337 3504 5390 τὰ

1930 5419 2581 5559 ὲκῗὲἒῗχαϐροτᾴτῳλιε
2596 5493 2713 5559 tres
2733 5479 3090 5559 vetustissimi
3108 5475 3505 5559 codicesLEditi

1965 5546 2461 5636 αρυαὲἀτῳῖιὺὶάειῂ
2476 5555 2609 5610 editi
2629 5553 2855 5623 ἐγγίσας
2893 5548 3098 5621 σχεδόν.
3119 5549 3310 5604 Melius
3325 5546 3503 5610 Harl.,

1930 5628 2094 5689 Med,
2124 5641 2264 5695 quos
2292 5628 2464 5680 secuti
2493 5640 2702 5681 sumus.
3042 5659 3056 5675 .

1930 5695 2744 5822 Ἥξέτιέἓρὲἷεπλασμέινιν.
2776 5690 2865 5748 Sic
2899 5706 3033 5748 mss.
3065 5689 3326 5761 quinque.
3360 5685 3500 5741 Editi

1930 5788 1995 5825 πε
2005 5784 2065 5823 π)
2078 5784 2338 5839 ατμενην.
