3900 6208
393 334 501 397 923

1806 345 1864 403 S.
1913 343 2157 403 BASILll
2201 344 2389 401 MAGN

3545 347 3645 404 9'35

462 455 519 511 9.
561 450 824 513 Homines
861 471 995 512 vero
1024 455 1267 512 nubibus
1297 455 1507 514 similes
1534 465 1684 522 sunt,
1719 476 1843 530 quae
1868 477 1959 532 pre

2141 462 2195 517 9.
2230 462 2537 533 Ἄνθρωποι
2576 461 2633 516 δὲ
2671 462 2792 527 ταῖς
2838 461 3089 532 νεφέλαις
3114 462 3347 526 ἐοίκασι,
3382 459 3523 533 πρὸς
3551 463 3645 524 τάς

396 556 683 603 ventorum
710 551 1014 605 mutatione
1048 551 1188 605 alias
1217 550 1274 605 in
1299 551 1461 604 aliam
1487 552 1633 608 aeris
1655 561 1864 623 partem
1887 554 1965 610 fe-

396 649 613 697 runtur.
663 639 731 694 Et
777 643 1016 697 maxime
1071 642 1186 707 isti,
1235 641 1302 697 de
1342 643 1544 711 quibus
1591 644 1752 701 nobis
1785 660 1968 701 sermo

396 738 501 799 est,
547 732 812 798 omnium,
861 748 1097 804 quorum
1145 735 1452 804 perieulum
1501 735 1813 803 fecerimus,
1861 738 1966 794 visi

396 833 526 880 sunt
565 827 1078 884 inconstantissimi.
1122 832 1208 885 An
1254 832 1423 886 etiam
1468 832 1528 887 in
1572 834 1801 905 reliquis
1842 834 1970 890 vitae

397 917 583 984 rebus,
624 916 863 973 dixerint
907 921 1001 989 qui
1033 935 1142 974 una
1187 936 1313 975 cum
1357 922 1495 992 ipsis
1526 924 1823 991 vixerunt;
1870 926 1968 982 sed

396 1022 562 1078 quam
593 1007 649 1061 in
681 1008 818 1078 ipsis
850 1010 995 1064 circa
1031 1009 1189 1066 ﬁdem
1230 1011 1656 1067 inconstantiam
1684 1028 1748 1069 ac
1776 1014 1970 1071 levita-

398 1105 506 1153 tem
532 1097 805 1168 perspexi,
831 1113 941 1152 non
966 1099 1191 1154 memini
1228 1114 1315 1154 me
1341 1101 1395 1155 in
1421 1100 1546 1157 aliis
1575 1102 1845 1158 hactenus
1873 1113 1969 1157 aut

395 1203 493 1259 per
515 1188 785 1259 meipsum
812 1190 1017 1246 vidisse
1049 1199 1143 1245 aut
1180 1207 1247 1247 ex
1274 1193 1399 1248 aliis
1439 1193 1735 1250 audivisse.
1775 1194 1968 1251 Arium

396 1278 553 1333 initio
602 1280 997 1349 sequebantur.
1044 1280 1124 1335 Ad
1173 1280 1568 1351 Hermogenem
1611 1291 1802 1353 postea
1846 1300 1971 1340 sese

396 1371 824 1434 transtulerunt,
856 1388 921 1427 ex
957 1373 1226 1431 diametro
1251 1377 1534 1432 inimicum
1561 1394 1832 1449 perversae
1853 1379 1969 1433 Arii

398 1461 697 1530 opinionis,
732 1470 791 1518 ut
817 1464 1162 1521 demonstrat
1203 1467 1295 1521 illa
1327 1469 1444 1538 ipsa
1476 1468 1609 1525 ﬁdes
1631 1486 1753 1540 quae
1777 1469 1972 1527 Nicaeae

399 1552 471 1607 ab
523 1553 616 1608 illo
669 1555 787 1609 viro
837 1554 1129 1633 praedicata
1171 1566 1255 1613 est
1294 1559 1363 1614 ab
1408 1559 1584 1615 initio.
1633 1558 1973 1619 Obdormivit

398 1642 799 1715 Hermogenes,
831 1656 885 1703 et
928 1664 1126 1706 rursus
1158 1650 1225 1705 ad
1269 1650 1564 1706 Eusebium
1610 1655 1969 1718 transierunt,

2067 555 2176 608 τῶν
2215 554 2539 625 πνευμάτων
2590 554 2891 626 μεταϐολάς
2935 555 3120 609 ἄλλοτε
3166 557 3287 608 κατ’
3324 554 3454 609 ἀλλο
3484 553 3643 625 μέρος

2067 645 2163 701 τοῦ
2215 646 2375 717 ἀέρος
2427 646 2850 718 ὲμφερομέναις.
2905 647 3015 700 Καὶ
3068 646 3301 714 μάλιστα
3341 646 3409 718 δὴ
3456 642 3640 709 οὗτοι,

2069 740 2198 811 περὶ
2229 732 2304 793 ὧν
2332 742 2361 793 ὁ
2387 740 2564 808 λόγος,
2601 737 3077 810 πολυτροπώτατοι
3107 737 3215 791 τῶν
3249 738 3332 801 είς
3367 738 3644 808 ἡμετέραν

2071 831 2265 901 πεῖραν
2304 831 2547 901 ἡκόντων
2594 830 2889 900 ἐφάνησαν.
2925 830 2987 883 Εἰ
3017 830 3116 900 μὲν
3147 831 3241 883 καὶ
3277 831 3359 892 είς
3390 831 3458 882 τά
3484 829 3643 883 λοιπά

2069 919 2163 973 τοῦ
2195 920 2311 990 βίου
2350 922 2686 993 πράγματα,
2726 919 2927 974 εἴποιεν
2965 919 3031 974 ἀν
3075 924 3124 974 oi.
3169 920 3637 992 συμϐεϐιωκότεςο

2069 1012 2099 1065 ὃ
2143 1010 2188 1063 δ’
2238 1007 2331 1065 οὖν
2370 1013 2493 1083 ἐμοὶ
2542 1011 2750 1081 ἐφάνη,
2803 1012 2864 1065 τὺ
2922 1013 3049 1083 περὶ
3088 1011 3189 1084 τὴν
3239 1011 3423 1065 πίστιν
3464 1012 3642 1066 αὐτῶν

2070 1090 2463 1172 εὐμετάθετον,
2510 1103 2610 1156 οὐκ
2652 1098 2769 1155 οῖδα
2819 1100 2980 1172 μέχρι
3026 1100 3116 1154 τοῦ
3171 1099 3271 1155 νῦν
3312 1102 3375 1154 ἐν
3422 1101 3642 1165 ἄλλοις,

2070 1192 2194 1246 οὔτε
2225 1193 2387 1257 αὐτὸς
2416 1195 2726 1264 ἱστορήσας,
2754 1191 2878 1245 οὗτε
2910 1192 3151 1253 ἀκούσας
3188 1192 3414 1264 ἑτέρων.
3452 1193 3642 1263 Ἀρείῳ

2072 1283 2500 1355 κατηκολούθουν
2522 1284 2583 1337 τὸ
2609 1283 2669 1348 ἐξ
2712 1282 2914 1354 ἀρχῆς·
2953 1281 3237 1354 μετέθεντο
3267 1282 3409 1355 πρὸς
3448 1282 3642 1352 Ἑρμο-

2070 1374 2233 1446 γένην
2278 1375 2411 1445 (98),
2468 1375 2558 1428 τὸν
2609 1374 2749 1428 κατά
2798 1374 3090 1446 διάμετρον
3134 1374 3327 1444 ἐχθρὸν
3367 1374 3479 1443 (99)
3522 1374 3644 1427 εντα

2070 1466 2171 1536 τῆς
2208 1467 2413 1538 Ἀρείου
2458 1466 2793 1534 κακοδοξίας,
2837 1467 2913 1530 ὡς
2953 1465 3104 1537 δηλοί
3138 1465 3279 1536 αὐτὴ
3320 1468 3356 1537 ἡ
3398 1466 3640 1534 πίστιςὴ

2072 1556 2211 1611 κατὰ
2240 1558 2472 1611 Νίκαιαν
2505 1560 2634 1629 παρ’
2664 1557 2873 1610 ἐκείνου
2913 1555 3008 1609 τοῦ
3045 1555 3235 1628 ἀνδρὸς
3267 1555 3644 1625 ἐκφωνηθεῑσα

2072 1648 2132 1712 ἐξ
2156 1648 2353 1721 ἀρχῆς.
2378 1649 2670 1720 Ἐκοιμήθη
2702 1648 3054 1719 Ἑρμογένης,
3079 1648 3173 1701 καὶ
3202 1647 3362 1701 πάλιν
3389 1648 3645 1718 μετέστη-

398 1750 617 1795 coronie
640 1738 857 1794 Arianae
881 1742 1249 1813 coryphaeum,
1277 1750 1336 1797 ut
1376 1742 1613 1799 aﬂ‘erunt
1634 1746 1727 1815 qui
1757 1747 1959 1816 experti

2076 1756 2173 1793 σαν
2230 1741 2365 1812 πρὸς
2412 1741 2703 1804 Εὑσέϐιον,
2764 1740 2932 1810 ἄνδρα
2985 1742 3281 1811 κορυφαῖον
3344 1738 3442 1791 τοῦ
3507 1739 3644 1793 κατὰ

399 1834 549 1882 sunt.
602 1825 743 1883 llinc
784 1845 911 1883 cum
964 1830 1300 1888 excidissent
1347 1833 1418 1888 ob
1469 1835 1693 1903 quasvis
1746 1837 1964 1892 tandem

398 1932 619 1983 causas,
665 1920 860 1973 iterum
893 1924 1101 1977 reversi
1144 1924 1351 1979 suntin
1389 1925 1647 1996 patriam,
1680 1934 1735 1982 et
1772 1927 1968 1983 iterum

396 2007 656 2064 Arianam
689 2012 1035 2068 occultabant
1076 2017 1423 2073 sententiam.
1454 2015 1699 2073 Promoti
1740 2019 1809 2074 ad
1855 2018 1971 2087 epi-

398 2111 704 2170 scopatum,
756 2112 815 2158 ut
855 2105 1033 2161 media
1073 2106 1331 2173 incidam,
1368 2115 1503 2179 quot
1546 2109 1668 2165 iidei
1704 2108 1969 2165 formulas

396 2184 719 2248 ediderunt?
759 2194 934 2251 Aliam
977 2197 1224 2269 Ancyrae,
1265 2200 1426 2253 aliam
1479 2200 1760 2264 Seleuciae,
1807 2201 1969 2256 aliam

394 2282 898 2358 ConstantinOpoli,
922 2305 1153 2360 eamque
1174 2290 1611 2358 celeberrimam,
1630 2293 1792 2364 382
1810 2292 1970 2348 Lam-

399 2379 552 2447 psaci
586 2379 772 2444 aliam,
807 2380 1037 2449 posthac
1071 2380 1202 2437 Nice
1232 2382 1287 2437 in
1323 2382 1555 2439 Thracia
1597 2376 1784 2450 aliam',
1819 2399 1967 2439 nunc

396 2484 591 2524 rursus
618 2470 782 2523 aliam
821 2470 1028 2542 Cyzici,
1057 2473 1217 2543 cujus
1249 2475 1469 2544 quidem
1509 2476 1719 2546 reliqua
1752 2476 1964 2547 ignoro,

395 2561 491 2616 sed
524 2561 628 2616 hoc
659 2570 869 2617 tantum
900 2564 1085 2628 audio,
1117 2580 1213 2620 eos
1244 2566 1703 2621 consubstantiali
1744 2576 1964 2638 praeter-

393 2652 588 2714 misso.
631 2653 811 2708 simile
853 2655 1153 2710 secundum
1203 2658 1498 2719 essentiam
1544 2674 1691 2714 nunc
1743 2659 1963 2727 inferre,

395 2750 561 2814 atque
594 2760 703 2799 una
735 2760 861 2799 cum
904 2744 1171 2801 Eunomio
1199 2748 1568 2818 blasphemiae
1612 2751 1665 2803 in
1701 2747 1964 2819 Spiritum

394 2842 649 2890 sanctum
700 2837 1070 2893 conscribere.
1130 2837 1256 2895 Istae
1300 2849 1481 2896 autem
1533 2840 1654 2897 fidei
1693 2840 1962 2906 formulae,

394 2944 537 2999 quas
568 2931 847 2997 recensui,
882 2932 985 2987 etsi
1020 2948 1130 2987 non
1183 2949 1376 2989 omnes
1404 2937 1549 2990 inter
1596 2950 1656 2990 se
1695 2942 1961 3006 pugnant,

393 3028 451 3075 at
497 3030 649 3077 certe
702 3024 908 3093 pariter
960 3023 1128 3078 animi
1180 3026 1477 3081 ostendunt
1518 3027 1962 3089 inconstantiam,

2076 1838 2291 1907 Ἀρειον
2337 1837 2560 1899 κύκλου,
2590 1838 2665 1900 ὡς
2710 1838 2759 1889 οἱ
2799 1836 3149 1906 πειραθέντες
3182 1836 3367 1905 φασίν.
3408 1836 3645 1889 Ἐκεῖθεν

2073 1928 2395 1992 ἐκπεσόντες
2448 1929 2514 1982 δι’
2563 1927 2629 1992 ἃς
2673 1928 2872 1999 δήποτε
2920 1929 3116 1993 αἰτίας,
3159 1928 3322 1981 πάλιν
3350 1927 3645 1998 ἀνέδραμον

2071 2021 2151 2082 εἰς
2200 2018 2301 2091 τὴν
2351 2019 2603 2091 πατρίδα,
2652 2021 2746 2073 καὶ
2790 2019 2947 2073 πάλιν
2990 2018 3051 2072 τὸ
3096 2017 3373 2088 ’Δρειανδν
3412 2017 3645 2088 ύπέκρυ-

2072 2127 2203 2164 πτον
2236 2110 2508 2181 φρόνημα.
2543 2109 2908 2181 Παρελθόντες
2940 2110 3021 2173 εἰς
3065 2109 3163 2180 τὴν
3205 2107 3537 2179 ἐπισκοπὴν,
3562 2108 3646 2162 ἴνα
3694 2112 3703 2122 '

2068 2201 2136 2254 τά
2196 2204 2254 2255 ὲν
2312 2202 2462 2272 μέσῳ
2512 2203 2838 2273 παραλίπω,
2898 2203 3029 2265 ὅσας
3093 2200 3340 2265 ἐξέθεντο
3400 2201 3644 2263 πίστεις;

2053 2293 2199 2364 ,Ἐπ’
2244 2291 2514 2365 Ἀγκύρας
2558 2293 2741 2365 ἀλλην,
2783 2293 2974 2365 ἑτέραν
3018 2294 3075 2346 ὲν
3118 2292 3432 2363 Σελευκείᾳ,
3458 2292 3646 2364 ἑτέραν

2069 2384 2126 2436 ὲν
2157 2384 2740 2451 Κωνσταντινουπόλει,
2772 2385 2870 2453 τὴν
2903 2382 3359 2454 πολυθρύλλητον,
3406 2387 3464 2436 ὲν
3495 2385 3647 2453 Λαμο

2066 2475 2226 2547 ψάκῳ
2253 2476 2467 2546 ἑτέραν,
2496 2475 2571 2545 (l)
2599 2477 2736 2546 μετά
2766 2474 2935 2528 ταῦτα
2967 2473 3065 2545 τὴν
3104 2474 3162 2525 ἐν
3205 2474 3349 2544 Νίκῃ
3378 2475 3480 2543 τῆς
3510 2474 3647 2544 Θρά-

2069 2584 2191 2637 κης,
2213 2566 2308 2620 νῦν
2337 2567 2497 2620 πάλιν
2528 2567 2624 2637 τὴν
2646 2568 2703 2620 ὲν
2727 2565 2946 2636 Κυζίκῳ
2976 2563 3073 2636 (‘2)-
3092 2560 3158 2635 ἦς
3179 2563 3250 2617 τὰ
3271 2565 3371 2635 μὲν
3393 2564 3534 2618 ἄλλα
3550 2567 3646 2619 οὐκ

2069 2660 2385 2730 ἐπίσταμαι,
2438 2658 2692 2712 τοσοῦτον
2735 2658 2792 2711 δὲ
2834 2656 3037 2719 ἀκούω,
3066 2657 3126 2709 τὸ
3163 2656 3451 2727 όμοούσιον
3484 2674 3648 2711 κατα·

2069 2751 2410 2821 σιγάσαντες,
2434 2752 2495 2804 τὸ
2521 2753 2639 2803 κατ’
2660 2750 2846 2803 οὐσίαν
2875 2749 3057 2819 ὅμοιον
3079 2736 3524 2818 νῢνὲπιφέρουσι
3549 2750 3642 2815 (5),

2067 2844 2160 2896 καὶ
2186 2843 2285 2906 τὰς
2314 2845 2394 2906 εἰς
2435 2842 2657 2913 Πνεῦμα
2687 2841 2748 2893 τὸ
2774 2840 2927 2908 ἀγιον
2965 2839 3314 2908 βλασφημίας
3338 2841 3458 2909 μετ’
3488 2840 3645 2892 Εὐνο-

2071 2933 2191 3004 μίου
2224 2933 2617 3003 συγγράφουσι.
2654 2929 2868 2984 Τούτων
2897 2929 2954 2982 δὲ
3001 2929 3109 2983 τῶν
3152 2929 3389 2982 πίστεων
3428 2929 3497 2993 ἃς
3540 2932 3643 2983 άπ-

2066 3025 2478 3096 ηριθμησάμην,
2503 3025 2551 3076 εἰ
2577 3023 2669 3075 καὶ
2701 3022 2774 3091 μὴ
2809 3022 2979 3073 πᾶσαι
3013 3022 3148 3092 πρὸς
3174 3020 3411 3091 ἀλλήλας
3434 3020 3645 3090 ἔχουσιν

391 3122 682 3182 propterea
715 3113 860 3184 quod
892 3129 1171 3185 nunquam
1199 3116 1393 3171 iisdem
1436 3118 1492 3170 in
1519 3117 1699 3173 verbis
1744 3132 1959 3187 perma-

2068 3117 2340 3179 ὲναντίως,
2368 3115 2481 3168 ἀλλ’
2504 3111 2597 3168 οὖν
2623 3114 2684 3166 τὸ
2706 3110 3068 3181 εὐμετάϐολον
3094 3111 3190 3164 τοῦ
3215 3112 3418 3181 τρόπου
3444 3112 3644 3181 ὁμοίως

386 3208 545 3275 nent.
580 3200 704 3257 Haec
731 3216 865 3256 vera
898 3211 1048 3267 sunt,
1081 3204 1387 3259 innumeris
1413 3205 1536 3260 aliis
1580 3206 1799 3260 silentio
1828 3222 1966 3275 pra:—

391 3293 594 3348 teritis.
620 3293 889 3360 Quoniam
917 3304 1099 3349 autem
1126 3312 1273 3350 nunc
1304 3297 1468 3351 etiam
1504 3296 1572 3351 ad
1599 3312 1695 3352 vos
1729 3296 1966 3351 transie-

2068 3204 2375 3267 συνιστῶσι,
2419 3205 2506 3258 διά
2550 3205 2611 3258 τὸ
2652 3203 2920 3273 μηδέποτε
2964 3201 3162 3263 αὐτοὺς
3198 3202 3292 3255 ἐπί
3319 3200 3432 3254 τῶν
3461 3203 3642 3254 αὐτῶν

2064 3298 2285 3352 ἑστάναι
2330 3298 2605 3369 ῥημάτων.
2638 3294 2824 3347 Ταῦτά
2865 3296 3012 3346 ἐστιν
3041 3292 3238 3363 ἀληθῆ,
3270 3292 3481 3363 μυρίων
3525 3295 3641 3345 ὲτέ-

389 3391 542 3449 runt,
591 3385 867 3441 rescribas
927 3386 1090 3441 velim
1152 3403 1247 3457 per
1292 3387 1540 3442 eumdem
1592 3389 1770 3443 virum
1818 3388 1959 3460 (dico

2068 3406 2173 3459 ρων
2226 3387 2738 3459 άποσιωπηθέντων.
2783 3384 2999 3455 Ἐπειδὴ
3057 3383 3116 3436 δὲ
3146 3384 3265 3443 ,καὶ
3311 3384 3446 3454 πρὸς
3499 3385 3641 3455 ὑμᾶς

391 3486 572 3534 autem
594 3478 1093 3551 compresbyterum
1117 3488 1363 3535 nostrum
1384 3479 1757 3552 Strategium),
1777 3490 1959 3536 utrum

391 3570 535 3625 idem
576 3584 707 3639 erga
748 3584 849 3625 nos
890 3585 1014 3626 esse
1064 3585 1282 3641 pergas,
1322 3585 1390 3624 an
1442 3572 1519 3627 sis
1559 3587 1622 3627 ex
1662 3588 1960 3644 congressu

390 3662 684 3717 alienatus.
718 3659 850 3717 Nam
876 3678 975 3718 nec
1004 3677 1101 3717 eos
1134 3662 1435 3719 verisimile
1463 3671 1548 3719 est
1570 3665 1832 3731 tacuisse,
1859 3682 1960 3721 nec

388 3753 647 3824 teipsum,
679 3753 774 3824 qui
813 3755 947 3808 talia
977 3754 1142 3809 nobis
1173 3755 1467 3824 scripsisti,
1494 3770 1604 3810 non
1640 3757 1805 3811 etiam
1830 3773 1958 3829 erga

388 3842 513 3899 illos
547 3843 764 3899 dicendi
803 3843 1056 3899 libertate
1086 3860 1247 3898 usum
1283 3843 1476 3900 fuisse.
1509 3843 1665 3910 Quod
1695 3846 1741 3901 si
1770 3861 1958 3903 manes

389 3936 446 3991 in
475 3947 666 3992 nostra
707 3936 1118 4000 communione,
1158 3937 1427 4005 optimum
1470 3936 1575 3991 hoc
1603 3945 1657 3992 et
1701 3939 1957 3994 omnibus

385 4029 534 4085 votis
566 4027 961 4097 exoptandum.
995 4026 1091 4082 Sin
1117 4035 1300 4083 autem
1338 4037 1393 4084 te
1425 4028 1494 4083 ad
1528 4045 1589 4085 se
1615 4039 1959 4100 pertraxere,

388 4121 546 4177 triste
571 4121 625 4175 id
664 4120 882 4190 quidem
914 4140 927 4175 ε
961 4119 1155 4191 quidni
1182 4120 1330 4174 enim
1359 4121 1545 4176 fratris
1588 4121 1716 4177 talis
1748 4122 1956 4192 disjun-

387 4213 529 4269 ctio?
561 4212 664 4267 Sed
697 4221 880 4268 tamen
917 4213 964 4269 si
995 4212 1129 4267 nihil
1156 4213 1326 4279 aliud,
1366 4213 1558 4267 saltem
1598 4213 1652 4267 in
1683 4213 1951 4284 ejusmodi

384 4303 692 4373 dispendiis
730 4303 973 4359 ferendis
1004 4304 1219 4360 abunde
1255 4305 1324 4360 ab
1366 4302 1475 4359 illis
1507 4305 1642 4375 ipsis
1667 4306 1951 4361 exercitati

385 4410 598 4451 sumus.

452 4641 563 4711 (98)
614 4639 984 4712 Ἑρμογένην.
1016 4639 1162 4695 Harl.
1206 4642 1526 4712 Ἑρμογένη.

452 4709 563 4781 (99⁷)
614 4709 883 4781 meper.
918 4709 1032 4764 Non
1065 4712 1205 4766 male
1252 4709 1408 4765 abest
1457 4709 1521 4766 ea
1558 4726 1662 4765 vox
1699 4726 1729 4765 ιι
1758 4712 1947 4767 codice

380 4780 653 4836 Medicam.
712 4780 980 4836 Baronius
1018 4781 1085 4835 ad
1111 4797 1312 4835 annum
1349 4782 1552 4836 Christi
1590 4782 1714 4842 525,
1761 4799 1827 4836 ex
1862 4783 1946 4837 his

376 4852 582 4922 verbis,
614 4861 671 4905 ut
702 4851 1025 4906 demonstrat
1053 4852 1166 4922 ipsa
1201 4852 1298 4904 illa
1336 4852 1466 4920 ﬁdes
1508 4868 1624 4922 qua:
1652 4851 1850 4906 Nicazm
1878 4852 1941 4905 ab

376 4921 471 4975 illo
510 4923 619 4975 viro
647 4922 1035 4990 prwdicata’est
1063 4920 1127 4975 ab
1154 4922 1328 4981 initio,
1372 4920 1652 4975 concludit
1682 4923 1946 4977 memoria

376 4992 588 5059 lapsum
623 5007 747 5047 esse
775 4992 1033 5046 Basilium
1076 5008 1088 5043 :
1120 4990 1386 5061 siquidem
1417 5006 1524 5044 non
1552 4991 1939 5060 Hermogenes,

377 5061 472 5115 sed
516 5061 776 5117 Leontius
818 5062 1174 5117 Caesariensis
1206 5063 1499 5130 episcopus
1537 5061 1780 5116 interfuit
1810 5076 1943 5115 con-

373 5132 501 5185 cilio
524 5131 762 5186 Nicaeno.
798 5131 924 5185 Haec
962 5139 1141 5186 autem
1180 5132 1342 5186 verba
1383 5132 1464 5185 sic
1498 5131 1670 5200 accipi
1698 5143 1941 5200 possent,

373 5208 435 5254 ut
464 5201 832 5271 Hermogenes
860 5201 1135 5256 Niczenam
1179 5200 1336 5256 tidem
1384 5201 1709 5269 praedicasse
1744 5204 1812 5255 ah
1835 5201 1941 5254 ini-

371 5271 452 5323 tio
481 5271 775 5334 diceretur,
823 5273 877 5327 id
920 5279 1025 5335 est,
1061 5271 1214 5334 olim,
1249 5271 1591 5341 jamdudum,
1635 5287 1743 5341 non
1774 5272 1944 5341 multo

370 5350 504 5412 [ost
525 5342 793 5410 synodum
840 5343 1035 5412 ipsam.
1065 5349 1125 5395 ut
1154 5339 1356 5412 in_éan.
1391 5343 1415 5394 i
1456 5359 1471 5395 :
1508 5340 1693 5407 Ἔδοξε
1734 5343 1846 5404 τοῖς
1872 5339 1938 5412 ἐξ

384 5411 567 5480 -ρχῆς,
595 5413 763 5465 visum
797 5410 879 5467 est
906 5414 1019 5467 αηιί
1057 5414 1158 5465 uis.
1196 5410 1300 5466 Sed
1340 5418 1539 5481 cogunt
1571 5426 1658 5465 me
1681 5410 1934 5466 assentiri

372 5477 624 5552 Baronio
656 5495 778 5551 qua:
822 5482 890 5537 de
944 5430 1134 5537 eodem
1176 5480 1515 5552 Hermogene
1568 5482 1845 5552 leguntur
1882 5481 1938 5534 in

370 5549 532 5618 epist.
568 5549 734 5623 8l,p.
772 5552 889 5608 174.
927 5552 1007 5609 lbi
1043 5551 1191 5610 enim
1240 5549 1518 5623 conceptis
1576 5549 1770 5625 verbis.
1798 5550 1934 5605 dici-

1982 4477 2027 4532 D

2060 3479 2314 3549 διέϐησαν
2344 3480 2437 3532 νῦν
2461 3478 2559 3549 (αἱ),
2586 3477 2843 3548 ἀξιοῦμεν
2883 3474 3213 3545 ἀντιγράψαι
3237 3473 3326 3528 διὰ
3352 3474 3448 3527 τοῦ
3475 3475 3640 3528 αὐτοῦ

2061 3570 2248 3640 ἀνδρὸς
2277 3571 2437 3641 (λέγω
2468 3570 2525 3623 δὲ
2560 3569 2652 3622 τοῦ
2693 3571 3175 3643 συμπρεσσυτέρου
3206 3569 3365 3641 ήμῶν
3394 3570 3639 3641 Στρατη-

2058 3665 2222 3730 γίου),
2253 3664 2360 3715 εἴτε
2404 3664 2432 3715 ὁ
2470 3662 2631 3724 αὐτὸς
2678 3659 2951 3731 διέμεινας
2993 3661 3129 3732 πρὸς
3173 3661 3343 3730 ἡμᾶς,
3388 3660 3498 3712 είτε
3547 3659 3640 3712 καὶ

2058 3753 2354 3824 ἠλλοιώθης
2404 3754 2512 3807 ἀπὸ
2542 3754 2643 3823 τῆς
2691 3754 2997 3824 συντυχίας.
3047 3751 3184 3807 Οὔτε
3229 3752 3339 3823 γάρ
3395 3751 3638 3814 ἐκείνους

2058 3846 2203 3908 εἰκὸς
2233 3841 2301 3915 ἦν
2335 3846 2625 3917 σιωπῆσαι,
2652 3844 2773 3898 οὔτε
2804 3846 2965 3900 αὐτὸν
2997 3844 3081 3910 σὲ,
3124 3844 3217 3899 τὸν
3242 3847 3375 3916 ἡμῖν
3412 3844 3635 3897 τοιαῦτα

2056 3938 2362 4010 γράψαντα,
2400 3938 2474 4008 μὴ
2518 3937 2637 4007 οὐχὶ
2680 3939 2775 3991 καὶ
2827 3938 2962 4010 πρὸς
2990 3937 3230 4001 ἐκείνους
3258 3939 3323 4008 τῇ
3352 3935 3636 4006 παρρησία

2056 4029 2382 4102 χρήσασθαι.
2430 4031 2492 4082 Εἰ
2543 4030 2639 4099 μὲν
2670 4024 2763 4083 οὖν
2798 4030 2977 4100 μένοις
3011 4028 3088 4099 (5)
3130 4029 3187 4082 ὲν
3216 4031 3284 4099 τῇ
3324 4027 3462 4099 πρὸς
3486 4028 3633 4098 ἡμᾶς

2054 4121 2324 4192 κοινωνίᾳ,
2375 4118 2533 4172 τοῦτο
2588 4119 2826 4190 ἄριστον,
2866 4120 2958 4174 καὶ
3001 4119 3167 4189 εὐχῆς
3218 4118 3319 4189 τῆς
3373 4119 3633 4174 ἀνωτάτω

2053 4213 2229 4278 ἀξιον·
2280 4213 2329 4263 εί
2371 4212 2429 4265 δέ
2482 4228 2540 4265 σε
2591 4210 2725 4282 πρὸς
2760 4211 2986 4273 ἑαυτοὺς
3021 4210 3345 4281 μετέθηκαν,
3388 4210 3632 4280 λυπηρὸν

2056 4302 2182 4372 μέν’
2218 4302 2332 4364 πῶς
2362 4303 2470 4372 γάρ
2495 4302 2594 4353 οὐκ
2627 4300 2853 4367 ἁδελφοῦ
2876 4298 3117 4353 τοιούτου
3139 4299 3451 4371 χωρισμὸς;
3485 4300 3630 4369 Πλὴν

2052 4393 2101 4443 εί
2142 4392 2235 4444 καὶ
2282 4391 2446 4461 μηδὲν
2479 4390 2626 4449 ἄλλο.
2655 4389 2715 4442 τὸ
2740 4388 2870 4457 γοῦν
2899 4388 3085 4458 φέρειν
3116 4388 3215 4453 τάς
3247 4390 3506 4452 τοιαύτας
3537 4389 3631 4459 Cn-

2059 4482 2186 4552 μίας
2239 4484 2363 4551 παρ’
2397 4479 2575 4533 αὐτῶν
2606 4479 2826 4533 ἐκείνων
2859 4478 3059 4542 ἱκανῶς
3086 4479 3534 4550 ὲγυμνάσθημεν.

1998 4648 2003 4652 ”
2051 4650 2186 4695 tur:
2226 4638 2477 4710 Magnam
2522 4639 2674 4693 illam
2716 4647 2775 4710 et
2834 4636 3239 4709 insuperabilem
3294 4638 3452 4708 ﬁdem
3495 4618 3643 4694 strict

1975 5757 2040 5782 f-

2052 4713 2298 4781 psisseiin
2313 4707 2528 4781 jmagna
2560 4707 2780 4781 synodo.

2122 4782 2195 4848 (Ι)
2230 4779 2362 4833 Vide
2391 4779 2668 4833 Addenda.

2120 4847 2194 4921 (9)
2230 4852 2332 4921 Ἐν
2359 4848 2603 4915 Κυζῖκῳ.
2639 4847 2789 4905 Unus
2809 4847 2980 4905 codex
3008 4864 3039 4903 a
3071 4847 3403 4905 Combeiisio
3426 4848 3620 4904 citatus

2050 4922 2157 4975 ἀπὸ
2179 4918 2441 4983 Κυζίκου.

2119 4992 2195 5061 (5)
2241 4989 2646 5061 Ἑπιφέρουσι.
2680 4988 2763 5061 Ιιὲ
2784 4988 2933 5044 Ilarl.
2968 4998 3021 5043 et
3046 4987 3217 5061 coisl.
3250 4987 3483 5061 primus.
3523 4988 3618 5043 Le-

2048 5057 2193 5129 gitur
2234 5057 2607 5131 περιφέρουσα
2631 5060 2685 5113 in
2731 5057 2861 5131 Reg.
2903 5060 3144 5115 secundo
3183 5064 3237 5113 et
3307 5057 3478 5113 Coisl.
3536 5074 3617 5113 se-

2048 5130 2259 5211 Cnndo.‘
2280 5129 2418 5211 Ἐξιξὶιί
2435 5129 2819 5211 ἐπιφέρουσιν.

2120 5201 2193 5271 (ί)
2233 5200 2527 5267 Διέϐησαν
2559 5197 2715 5271 νῦν.
2780 5198 2878 5254 Hic
2918 5197 3180 5269 virgulam
3238 5200 3612 5271 apposuimus,

2050 5277 2110 5323 ut
2143 5271 2194 5324 in
2229 5278 2464 5340 quatuor
2488 5286 2622 5326 mss.
2658 5270 2986 5340 invenimus,
3019 5284 3211 5340 nempe
3241 5270 3421 5337 Harl.,
3450 5271 3609 5326 Coisl.

2046 5339 2280 5413 utroque
2300 5350 2351 5413 et
2383 5340 2565 5413 Regio
2587 5339 2848 5413 secundo.

2088 5407 2491 5531 έ(5)“1ι1ἐνοις.’
2526 5410 2693 5467 Coisl.
2757 5419 2982 5482 uterque
3035 5416 3089 5466 et
3138 5407 3272 5482 Reg.
3340 5411 3612 5468 secundus

2116 5497 2245 5531 νειε.

2048 5497 2245 5550 μενεις.

3866 1532 3868 1648 ψ
