3900 6208
252 343 368 398 923
1164 344 1656 407 ΕριδτοιΑιιωι
1692 349 1978 406 CLASSIS
2013 351 2081 408 ll.
2122 350 2340 409 EPIST.
2380 351 2650 410 CCXLVI.
3411 353 3515 411 926

780 466 1128 521 ΕΠΙΣΤΟΛΗ
1156 468 1330 524 ZME'.

2391 471 2729 528 EPISTOLA
2765 470 2988 528 CCXLV
3022 477 3062 529 '.

252 578 366 630 Per
388 581 683 647 Strategium
704 583 959 657 respondet
981 583 1246 657 Theophila
1270 584 1482 637 Basilius
1499 587 1793 657 ac_decl_arut
1809 601 2126 657 se_n_unquam
2144 589 2204 638 ab
2236 601 2294 640 eo
2331 587 2541 657 amando
2576 585 2874 657 discessisse,
2899 584 3117 647 quamvis
3139 591 3301 639 multa:
3327 585 3514 638 doloris

617 645 790 703 causw,‘
795 645 1059 696 acciderint
1069 658 1090 708 ;
1106 645 1334 698 ueterum
1348 662 1401 699 se
1422 662 1533 699 cum
1553 648 1825 701 horninibus
1847 645 2004 715 ﬁdem'
2013 658 2114 701 tam
2138 663 2266 712 ωερε
2283 649 2571 700 mutantibus
2592 645 2942 700 conmmnicare
2964 662 3059 699 nou
3074 662 3231 711 posse.

735 754 1005 838 Θεοφίλῳ
1037 754 1368 823 ἐπισκόπφ.

332 866 509 924 Πάλαι
557 866 848 938 δεξάμενος
884 866 953 920 τὰ
1005 867 1158 940 παρὰ
1205 868 1307 939 τῆς
1355 870 1453 942 σῆς
1498 871 1718 943 ἀγάπης
1760 870 1838 944 (6)

250 965 597 1034 γράμματα,
655 961 915 1032 ἀνέμενον
959 959 1047 1014 διά
1107 961 1330 1032 γνησίου
1379 961 1668 1033 προσώπου
1715 964 1840 1017 άντ-

253 1052 596 1116 επιστεῖλαι,
646 1051 735 1105 ἵνα
783 1052 879 1105 καὶ
930 1050 1030 1104 ὅσα
1068 1051 1168 1121 τὴν
1213 1051 1499 1123 επιστολὴν
1526 1051 1766 1124 διαφύγῃ
1809 1054 1838 1106 ό

248 1144 506 1208 διάκονος
551 1143 661 1197 τῶν
708 1141 1052 1214 γραμμάτων
1110 1141 1497 1215 ἀναπληρώσῃ.
1542 1143 1695 1196 Ἐπεὶ
1744 1139 1837 1197 οὖν

252 1236 594 1307 παρεγένετο
629 1235 762 1306 ἡμῖν
804 1233 833 1284 ὁ
879 1232 1255 1296 ποθεινότατος
1303 1233 1397 1286 καὶ
1444 1231 1838 1298 εὐλαϐέστατος

246 1325 486 1396 ἁδελφὸς
539 1324 694 1396 ἡμῶν
746 1325 1109 1397 Στρατήγιος,
1167 1322 1317 1395 αὐτῷ
1365 1324 1591 1395 ἐνόμισα
1631 1324 1836 1378 δίκαιον

253 1414 406 1470 εἶναι
437 1413 742 1487 χρήσασθαι
770 1414 1025 1486 διακόνῳ,
1058 1414 1138 1486 τῷ
1182 1415 1277 1468 καὶ
1307 1414 1468 1468 εἰδότι
1504 1415 1602 1486 τὴν
1639 1415 1837 1486 ἡμετέ-

254 1528 365 1581 ραν
387 1509 631 1582 γνώμην,
661 1509 758 1563 καὶ
784 1509 1067 1581 δυναμένῳ
1093 1508 1331 1581 γνησίως
1367 1526 1427 1562 τε
1469 1510 1585 1580 ἅμα
1624 1510 1720 1564 καὶ
1748 1512 1837 1564 εὐ·-

248 1602 440 1666 λαὸὦς
476 1602 792 1673 διακονῆσαι
824 1600 900 1672 (7)
932 1601 1000 1654 τὰ
1043 1601 1173 1676 παρ’
1216 1600 1392 1672 ήμῶν.
1437 1601 1677 1654 Γίνωσκε
1725 1602 1836 1654 τοί-

249 1712 356 1748 νυν
374 1735 389 1758 ,
440 1693 783 1748 ποθεινότατε
833 1695 964 1764 ἡμῖν
1008 1693 1102 1746 καὶ
1148 1690 1443 1763 τιμιώτατε
1493 1692 1592 1763 (8),
1638 1691 1834 1746 πολλοῦ

251 1786 418 1852 ἀξίαν
444 1783 686 1839 τίθεσθαι
713 1786 861 1856 ἡμᾶς
892 1784 989 1856 τὴν
1021 1785 1160 1857 πρὸς
1197 1785 1257 1838 σὲ
1284 1784 1525 1855 ἀγάπην,
1557 1780 1644 1855 ἧς,
1675 1784 1836 1838 ἕνεκα

250 1878 363 1947 μὲν
410 1877 508 1947 τῆς
546 1876 687 1930 κατά
729 1876 905 1948 ψυχὴν
948 1875 1259 1940 διαθέσεως,
1297 1875 1550 1948 οὐδεμίαν
1587 1875 1735 1948 ὥραν
1759 1876 1832 1946 (9)

247 1965 659 2036 ἀπολειφθεῖσιν
715 1970 927 2032 ἑαυτοῖς
977 1967 1390 2039 συνεγνώκαμεν
1414 2009 1429 2034 ,
1492 1969 1542 2022 εἰ
1604 1970 1698 2021 καὶ
1752 1970 1834 2022 ὅτι

243 2058 452 2113 πολλαὶ
501 2058 594 2112 καὶ
639 2059 867 2130 μεγάλαι
915 2058 1091 2131 λύπης
1132 2058 1351 2129 εὐλόγου
1397 2059 1507 2132 (10)
1548 2060 1834 2129 γεγόνασιν

247 2148 523 2222 ἀφορμαί,
561 2148 698 2202 Ἀλλ’
731 2144 822 2202 οὖν
866 2148 1160 2220 ἐκρίναμεν
1196 2148 1374 2214 τοῦτο,
1405 2148 1594 2220 ὥσπερ
1627 2150 1684 2202 ὲν
1708 2166 1833 2221 τρυ-

243 2244 424 2315 τάνῃ,
471 2243 538 2298 τὰ
591 2243 929 2315 χρηστότερα
978 2247 1091 2307 τοῖς
1142 2244 1486 2317 ἀηδεστέροις
1538 2246 1832 2300 ἀντιτιθέν-

244 2347 344 2397 τες
381 2333 513 2403 (11),
556 2335 622 2404 τῇ
664 2331 773 2385 τῶν
818 2331 1115 2403 ἀμεινόνων
1165 2332 1303 2404 ῥοπῇ
1353 2331 1682 2403 προσθέσθαι
1732 2332 1830 2404 τὴν

244 2425 480 2497 γνώμην
533 2424 667 2492 (12).
710 2424 928 2496 Ἐπειδὴ
970 2424 1028 2477 δὲ
1089 2424 1159 2478 τὰ
1209 2425 1509 2496 πράγματα
1563 2425 1828 2498 ἠλλοιώθη

244 2514 385 2587 παρ’
410 2508 486 2568 ὦν
517 2514 716 2586 ἥκιστα
763 2514 929 2586 ἐχρῆν
973 2512 1132 2568 τοῦτο
1176 2514 1447 2584 γενέσθαι,
1489 2516 1829 2584 συγγίνωσκε

244 2607 350 2660 καὶ
386 2608 517 2679 ἡμῖν
554 2605 675 2675 οὐχ).
710 2605 807 2677 τὴν
848 2605 1073 2677 γνώμην
1120 2604 1508 2671 ἀλλοιωθεῖσιν,
1552 2606 1689 2661 ἀλλά
1730 2609 1831 2679 τὴν

244 2698 405 2765 τάξιν
438 2699 550 2769 (f5)
584 2697 986 2770 μεταθεμένοις.
1022 2697 1237 2752 Μᾶλλον
1284 2698 1341 2751 δὲ
1382 2700 1544 2769 ἡμεῖς
1583 2698 1684 2770 μὲν
1736 2700 1830 2752 ἐπὶ

241 2786 352 2861 τῆς
380 2790 545 2862 αὐτῆς
580 2788 845 2862 μενοῦμεν
870 2788 1093 2856 τάξεως,
1133 2788 1308 2860 ἕτεροι
1342 2788 1400 2842 δέ
1443 2791 1580 2843 εἰσιν
1617 2793 1667 2844 ot
1706 2809 1830 2845 συν-

242 2881 393 2953 εχῶς
424 2881 852 2952 μετατιθέμενοι,
896 2880 991 2936 νῦν
1031 2880 1087 2934 δὲ
1125 2881 1219 2934 καὶ
1248 2881 1496 2952 φανερῶς
1537 2881 1673 2953 πρὸς
1703 2884 1830 2946 τοὺς

243 2973 529 3038 ἐναντίους
577 2972 1029 3045 αὐτομολοῦντες·
1058 2965 1133 3028 ὧν
1169 2976 1294 3028 ὅσου
1338 2973 1495 3038 ἀξίαν
1542 2974 1830 3045 ἐτιθέμεθα

240 3066 350 3138 τὴν
389 3067 692 3132 κοινωνίαν,
743 3067 848 3131 ἕως
875 3062 1016 3138 ἦσαν
1040 3067 1152 3138 (14)
1195 3067 1287 3120 ἐπὶ
1343 3066 1441 3137 τῆς
1483 3066 1831 3137 ὑγιαινούσης

245 3157 487 3229 μερίδος,
517 3157 637 3212 οὐδὲ
656 3157 818 3222 αὐτὸς
846 3158 1078 3227 ἀγνοεῖς.
1104 3155 1217 3210 Νῦν
1249 3157 1328 3222 δὲ,
1356 3159 1405 3210 εί
1435 3158 1572 3227 μήτε
1598 3157 1829 3221 ἐκείνοις

245 3249 627 3321 συνεπόμεθα,
672 3251 768 3303 κα).
813 3251 940 3313 τοὺς
984 3249 1054 3303 τὰ
1097 3247 1236 3303 αὐτά
1276 3247 1606 3319 φρονοῦντας
1646 3251 1829 3313 αὐτοῖς

241 3342 589 3415 ὲκκλίνομεν,
639 3340 970 3414 συγγνώμης
1015 3340 1082 3395 ἂν
1122 3341 1346 3404 δικαίως
1388 3340 1500 3411 (15)
1549 3341 1826 3412 τύχοιμεν,

245 3435 419 3507 μηδὲν
465 3435 853 3509 προτιμότερον
893 3433 993 3503 τῆς
1040 3431 1296 3503 ἀληθείας
1343 3432 1437 3485 κα)⁸
1482 3431 1580 3502 τῆς
1620 3432 1825 3496 οἰκείας
1854 3485 1897 3543 c

240 3522 460 3578 ἑαυτῶν
488 3522 786 3592 ἀσφαλείας
810 3520 1101 3595 τιθέμενοι.

752 3635 1098 3689 summm
1129 3636 1320 3703 ΣΜςυ.

1864 770 1916 828 Δ

2435 756 2716 828 Theophila
2743 758 2982 827 episcopo

2011 868 2147 926 Cum
2182 869 2508 940 jampridem
2554 870 2888 939 accepissem
2918 883 2948 923 a
2979 879 3071 924 tua
3101 867 3393 924 dilectione
3420 868 3512 923 lit-

1945 968 2114 1027 teras,
2160 960 2474 1030 exspectavi
2502 958 2631 1013 dum
2662 975 2761 1029 per
2804 959 3055 1013 idoneam
3090 973 3379 1029 personam
3421 973 3511 1014 re-

1942 1052 2265 1116 scriberem,
2300 1062 2360 1106 ιιι
2388 1059 2443 1107 et
2471 1051 2739 1123 quidquid
2762 1052 2972 1107 litteras
3003 1050 3302 1121 effugisset,
3329 1049 3384 1104 id
3406 1050 3512 1103 mi-

1942 1144 2120 1200 nister
2145 1145 2457 1200 litterarum
2492 1145 2798 1215 suppleret.
2843 1143 2979 1199 Cum
3015 1143 3181 1213 igitur
3212 1142 3510 1198 accesserit

1945 1237 2013 1292 ad
2042 1253 2143 1293 nos
2181 1237 2694 1292 desideratissimus
2739 1251 2805 1291 ac
2852 1226 3302 1307 religiosissimus
3336 1233 3509 1289 frater

1940 1338 2134 1386 noster
2175 1328 2502 1400 Strategius,
2554 1343 2769 1399 aequum
2819 1328 2953 1383 mibi
2996 1328 3173 1383 visum
3214 1335 3301 1383 est
3347 1332 3407 1380 ut
3441 1341 3508 1380 eo

1940 1429 2124 1475 uterer
2170 1420 2444 1485 ministro,
2475 1419 2674 1489 quippe
2703 1418 2796 1489 qui
2836 1426 2890 1473 et
2918 1433 3095 1473 meum
3138 1417 3381 1472 animum
3411 1429 3507 1470 co-

1938 1513 2148 1584 gnitum
2189 1513 2405 1578 habeat,
2460 1527 2524 1567 ac
2567 1511 2742 1583 possit
2782 1519 2905 1582 apte
2963 1511 3125 1567 simul
3155 1517 3208 1565 et
3256 1509 3508 1580 religiose

1938 1621 2029 1660 res
2075 1612 2297 1659 nostras
2331 1605 2667 1659 ministrare.
2722 1602 2877 1659 Scias
2923 1604 3106 1674 igitur,
3157 1601 3509 1657 desideratis-

1941 1696 2078 1751 sime
2115 1712 2181 1749 ac
2204 1693 2651 1759 honoratissime,
2677 1692 2894 1764 plurimi
2937 1706 2967 1746 a
3010 1707 3096 1747 me
3125 1690 3240 1747 ﬁeri
3264 1691 3507 1745 cbarita-

1937 1794 2046 1841 tem
2101 1787 2234 1841 mihi
2287 1794 2468 1851 tecum
2533 1785 2994 1849 intercedentem,
3049 1797 3080 1836 a
3129 1797 3236 1853 qua
3284 1781 3506 1852 quidem

1940 1885 2203 1949 quantum
2247 1879 2315 1934 ad
2354 1879 2521 1934 animi
2571 1877 2911 1932 affectionem
2956 1875 3172 1940 attinet,
3228 1890 3297 1929 ne
3340 1888 3504 1929 uuam

1937 1970 2160 2042 quidem
2193 1972 2381 2025 horam
2410 1970 2543 2025 mihi
2568 1969 2823 2024 conscius
2856 1982 2975 2023 sum
3018 1982 3106 2022 me
3147 1967 3505 2032 discessisse;

1938 2064 2191 2135 quamvis
2224 2065 2411 2118 multae
2449 2078 2514 2117 ac
2545 2078 2757 2132 magnae
2788 2061 2924 2132 justi
2958 2059 3167 2115 doloris
3205 2071 3386 2113 causae
3415 2070 3507 2111 ac-

1937 2153 2189 2209 ciderint.
2227 2152 2332 2208 Sed
2362 2152 2497 2207 illud
2520 2151 2840 2215 statuimus,
2868 2150 3019 2204 velut
3052 2149 3107 2203 in
3133 2147 3365 2211 trutina,
3396 2160 3507 2200 mo-

1934 2245 2090 2301 lestis
2111 2244 2355 2315 jucunda
2385 2251 2752 2314 opponentes,
2777 2242 3064 2297 meliorum
3091 2248 3367 2294 momento
3387 2237 3505 2293 ani-

1933 2350 2083 2390 mum
2115 2336 2371 2406 adjicere.
2412 2333 2518 2389 Sed
2545 2333 2672 2404 quia
2713 2348 2802 2388 res
2832 2338 3053 2385 mutata:
3079 2337 3209 2385 sunt
3233 2334 3276 2399 ξε
3303 2328 3504 2399 quibus

1932 2429 2174 2484 minime-
2201 2427 2490 2498 oportebat
2531 2425 2585 2479 id
2633 2424 2771 2483 fieri.
2815 2424 3037 2492 ignosce
3077 2430 3130 2476 et
3184 2420 3364 2487 nobis,
3408 2419 3504 2489 qui

1933 2531 2044 2571 non
2076 2517 2259 2571 animo
2282 2524 2336 2571 et
2362 2514 2631 2570 sententia
2665 2514 2881 2577 mutati,
2923 2512 3016 2568 sed
3044 2511 3293 2582 partibus
3328 2518 3507 2565 trans-

1931 2607 2098 2677 positi
2132 2621 2341 2662 sumus.
2372 2603 2486 2659 lmo
2514 2619 2644 2659 vero
2674 2619 2776 2658 nos
2807 2603 3028 2674 quidem
3075 2601 3130 2657 in
3166 2603 3357 2658 iisdem
3387 2617 3504 2656 ma-

1932 2699 2183 2753 nebimus
2217 2696 2488 2767 partibus,
2524 2694 2686 2766 383
2709 2693 2804 2749 sed
2835 2694 2926 2748 alii
2955 2700 3083 2749 sunt
3107 2694 3202 2763 qui
3241 2701 3505 2763 perpetuo

1929 2790 2388 2854 transmu‘tantur,
2435 2798 2488 2843 et
2532 2803 2680 2842 nunc
2725 2796 2912 2858 aperte
2944 2789 3107 2843 etiam
3139 2787 3203 2842 ad
3247 2787 3505 2842 adversa-

1929 2885 2045 2938 rios
2074 2881 2466 2953 transfugiunt.
2509 2881 2752 2948 Quorum
2804 2882 2991 2952 quanti
3032 2880 3321 2936 fecerimus
3354 2893 3504 2933 com-

1931 2977 2270 3038 muniouem,
2306 2975 2552 3045 quandiu
2595 2988 2627 3028 a
2677 2976 2829 3029 sanis
2867 2974 3117 3044 partibus
3157 2972 3401 3039 stabant,
3432 2984 3504 3026 ne

1932 3068 2049 3138 ipse
2086 3067 2305 3137 quidem
2342 3051 2587 3136 ignoras.
2630 3063 2785 3119 Nunc
2829 3072 3010 3118 autem
3060 3063 3109 3118 si
3160 3077 3337 3132 neque
3377 3060 3503 3115 illo:

1934 3160 2240 3230 sequimur,
2273 3165 2328 3213 et
2357 3173 2454 3213 eos
2481 3158 2574 3227 qui
2600 3156 2742 3211 idem
2775 3172 2840 3211 ac
2866 3156 2945 3210 illi
2971 3156 3213 3211 sentiunt
3237 3153 3501 3223 fugimus;

1932 3252 2090 3306 venia
2126 3266 2258 3307 sane
2300 3250 2575 3305 immerito
2616 3248 2778 3304 nobis
2823 3248 3144 3317 denegetur,
3175 3246 3312 3301 nihil
3354 3244 3503 3300 antié-

1931 3343 2097 3415 quius
2129 3343 2360 3399 veritate
2396 3357 2461 3397 ac
2487 3341 2710 3411 prepria
2743 3340 3041 3397 securitate
3071 3337 3433 3407 habentibus,

2383 3636 2717 3694 EPISTOLA
2749 3636 3042 3695 CCXLV!“

309 3750 523 3805 Basilius
547 3748 876 3815 Nicopolitaui
897 3750 1019 3803 cieri
1042 3750 1230 3803 animos
1250 3750 1443 3817 erigere
1462 3759 1662 3804 conatur
1684 3752 2197 3880 tauxitii,
2230 3753 2544 3821 hortaturque
2564 3762 2616 3806 ut
2635 3754 2763 3820 quod
2786 3754 3015 3806 hactenus
3034 3755 3259 3817 docuere,
3292 3769 3436 3820 opere

818 3918 1260 3986 Νιόιοπολιταις.

321 4032 489 4087 Ὅταν
518 4030 613 4085 ἴδω
643 4028 739 4083 καὶ
775 4028 837 4082 τὸ
860 4030 1028 4084 κακὸν
1062 4029 1173 4100 (16)
1203 4030 1572 4102 εὐοδούμενον,
1603 4033 1698 4086 κα)¹
1724 4033 1822 4105 τὴν

240 4124 521 4197 ὑμετέραν
568 4120 852 4175 εὐλάϐειαν
903 4124 1244 4193 κεκμηκυϊαν
1297 4123 1388 4176 καὶ
1445 4123 1821 4195 ἀπαγορεύου-

246 4236 351 4273 σαν
377 4216 488 4287 (17)
525 4215 662 4289 πρὸς
699 4214 761 4269 τὸ
812 4216 1033 4286 συνεχὲς
1079 4215 1190 4269 τῶν
1229 4214 1536 4287 ὲπηρειῶν,
1585 4216 1823 4287 ἀθυμίας

240 4307 579 4380 πληροῦμαι.
606 4308 774 4362 Ὅταν
820 4307 879 4361 δὲ
916 4307 1077 4361 πάλιν
1117 4307 1216 4379 τὴν
1262 4307 1502 4378 μεγάλην
1539 4310 1696 4378 χεῖρα
1725 4306 1820 4361 τοῦ

235 4399 379 4455 Θεοῦ
434 4400 692 4469 ὲννοήσω,
739 4399 834 4452 καὶ
875 4399 958 4452 ὅτι
996 4394 1136 4452 οἶδεν
1171 4397 1431 4470 ἀνορθοῦν
1459 4400 1585 4461 τοὺς
1621 4403 1821 4472 κατερ-

2508 3919 2921 3990 Nicopolitanis.

1997 4031 2134 4088 Cum
2167 4031 2325 4087 video
2356 4038 2411 4087 et
2439 4032 2643 4086 malum
2683 4031 2754 4087 ad
2788 4038 3007 4103 optatos
3034 4030 3216 4087 exitus
3246 4029 3495 4102 perduci,

1922 4134 1982 4181 et
2032 4132 2276 4181 vestram
2329 4127 2586 4196 pietatem
2633 4124 2944 4195 defatigari,
2994 4117 3359 4194 animumque
3395 4125 3498 4181 de-

1928 4218 2197 4288 spondere
2237 4219 2308 4272 ob
2349 4218 2642 4273 continuas
2692 4217 3068 4284 calamitates;
3116 4217 3376 4273 maestitia
3411 4233 3500 4273 re-

1932 4310 2108 4379 pleor.
2143 4307 2255 4363 Sed
2293 4324 2486 4364 rursus
2530 4324 2656 4363 cum
2700 4323 2955 4378 magnam
2994 4308 3090 4363 Dei
3117 4323 3341 4364 manum
3365 4324 3498 4365 con-

1926 4400 2131 4467 sidero,
2182 4415 2419 4470 eumque
2468 4416 2636 4456 nosse
2687 4410 2743 4455 et
2795 4402 3109 4458 confractos
3161 4405 3393 4475 erigere,
3440 4414 3497 4463 et

240 4492 549 4564 ραγμένους
573 4532 588 4557 ,
647 4491 742 4546 καὶ
807 4491 1026 4563 ἀγαπᾷν
1086 4490 1358 4557 δικαίους,
1412 4492 1717 4563 συντρίϐειν
1761 4491 1819 4546 δὲ

1949 4500 2102 4548 ustos
2150 4492 2397 4563 diligere,
2454 4493 2731 4562 superbos
2782 4508 2913 4549 vero
2950 4506 3253 4564 conterere,
3300 4506 3355 4553 et
3398 4513 3497 4568 po-

237 4584 647 4656 bmp'qcpdvouc,
675 4583 769 4639 καὶ
813 4581 1097 4655 καθαιρεῖν
1136 4581 1244 4636 άπὸ
1283 4581 1485 4654 θρόνων
1522 4581 1813 4647 δυνάστας·

318 4737 733 4814 ὤ);Τῇς,,σῆς
786 4736 1043 4814 ἀγάπης.
1095 4735 1353 4814 Nonnulli
1411 4752 1548 4814 mss.
1598 4736 1819 4806 ἀγάπης

1924 4589 2102 4638 tentes
2152 4583 2221 4638 de
2238 4583 2392 4652 “suis
2447 4585 2671 4640 sedibus
2719 4586 2995 4655 dejicere;
3040 4603 3251 4667 rursus
3296 4590 3493 4645 immu~

1926 4738 2037 4793 lelii
2072 4745 2299 4815 vocatur
2336 4740 2587 4805 σύνταξις
2642 4741 2698 4815 in
2747 4744 2922 4815 epist.
2950 4743 3074 4798 2M.
3105 4743 3397 4815 Gregorius
3426 4745 3494 4801 de

236 4806 718 4883 cou._'Sed"Coisl.
767 4806 981 4883 pri_mu_s_
1012 4813 1084 4883 et_
1106 4806 1248 4883 Med.
1293 4810 1642 4883 consentiunt
1662 4824 1815 4883 _cum
1851 4868 1895 4883 ﬁ
1926 4810 2317 4883 monachorum
2356 4823 2536 4876 cmtu,
2573 4814 2667 4882 qui
2715 4806 2794 4883 ab
2824 4813 2999 4883 ipsius
3042 4806 3493 4882 patris'conunu-

232 4881 424 4951 editis,
457 4889 684 4951 exceth
723 4876 1031 4951 quodediti
1057 4876 1354 4951 baberent
1373 4877 1594 4951 ἀγάπης
1626 4878 1746 4951 σῇς,

310 4950 390 5022 (7)
422 4944 804 5022 Διακοῇῆσάι.
831 4947 923 5003 Sic
952 4944 1093 5022 Med.
1125 4953 1180 5002 et
1209 4946 1378 5022 Coisl.
1410 4944 1643 5022 primus:
1663 4944 1816 5022 Editi

230 5016 579 5092 metuentem.
623 5016 744 5074 Non
787 5025 965 5092 exstat
991 5016 1122 5092 haec
1142 5017 1377 5092 epistola
1425 5017 1480 5092 in
1512 5017 1637 5092 cod.
1662 5016 1812 5092 Harl.

308 5085 749 5161 (8)'7Tt;tt(btats.
785 5087 1010 5143 Addunt
1037 5085 1391 5156 θάίιῖἀδελφὲ
1428 5085 1671 5156 Θεόφιλε.
1708 5088 1816 5145 Sed

231 5160 591 5216 haec’desunt
622 5161 677 5213 in
703 5167 909 5216 sentem
941 5171 1076 5211 mss.

329 5229 386 5300 9)
405 5231 607 5300 Ὥραν.
633 5230 727 5284 Sic
742 5223 884 5300 ﬂed.
913 5234 968 5283 et
989 5225 1156 5282 Coisl.
1170 5225 1400 5300 primus.
1411 5223 1811 5300 _Editifwépav.

332 5295 421 5371 10)
471 5295 770 5370 Εὐλόγου.
823 5296 977 5352 Hanc
1016 5311 1208 5353 vocem
1263 5295 1573 5351 addidimus
1602 5295 1814 5355 'ex'se-

232 5382 387 5441 ptem,
415 5386 553 5427 mss.

1847 4868 1899 4927 D
1924 4878 2089 4933 nioue
2127 4868 2631 4955 disces_serat,__ait',
2657 4868 3057 4955 μεθαρμόζεταί
3078 4884 3191 4955 Δκαι),
3220 4868 3491 4955 μετατάσ-

1925 4964 2098 5023 σεται,
2129 4958 2266 5023 orat.
2299 4950 2352 5011 3,
2390 4966 2445 5020 ι).
2475 4952 2564 5006 51.
2604 4950 2848 5008 Basilius
2876 4953 3025 5006 hom.
3070 4952 3096 5006 1
3140 4950 3232 5006 Βό
3263 4953 3489 5023 jejunio,

1924 5018 2058 5093 p._8,
2084 5019 2273 5093 eadem
2303 5018 2439 5093 voce
2473 5022 2663 5093 utitur,
2714 5023 2780 5093 de
2817 5037 2883 5076 eo
2920 5024 3179 5091 loquens,
3222 5018 3326 5093 qui
3357 5025 3490 5078 reli~

1921 5088 2232 5164 ctis_caruis
2273 5092 2523 5164 partibus
2553 5092 2622 5146 ad
2653 5092 2904 5162 spiritum
2929 5088 3155 5159 transit,
3189 5094 3218 5146 ὁ
3239 5088 3402 5164 ’πρὸς
3428 5094 3490 5147 τὸ

1921 5159 2136 5231 πνεῦμα
2187 5176 2390 5231 μετατα
2398 5161 2644 5231 ξάμενος.

2130 5226 2484 5304 ’Έως-ἦσαγξ
2525 5230 3066 5304 (ᾷοὶειζρτίῐηυςνέως
3095 5232 3161 5304 ἂν
3184 5227 3345 5304 ἦσαν.

1990 5300 2101 5372 (15)
2137 5300 2401 5372 Δικ-αίῳς.
2438 5300 2577 5356 Med.
2609 5309 2663 5372 et
2686 5301 2855 5356 Coisl.
2882 5303 3089 5372 primus
3112 5300 3344 5366 δικαίας.

1991 5371 2111 5440 (16)
2139 5369 2250 5423 Καὶ
2274 5370 2340 5422 τὸ
2379 5372 2586 5425 κακόν.
2628 5369 2959 5440 Conjunctio
2997 5372 3175 5427 addita
3224 5390 3291 5428 ex
3320 5372 3488 5428 Medi-

307 5439 982 5513 (H)_’Arr¢rtoérteg.lta
1002 5437 1173 5497 Coisl.
1199 5437 1411 5509 primus
1439 5451 1563 5492 cum
1594 5437 1810 5496 duobus
1917 5437 2049 5513 caeo.
2083 5437 2276 5513 Coisl.,
2314 5450 2553 5513 utroque
2596 5451 2649 5496 et
2693 5437 2861 5511 Regio
2916 5444 3113 5513 primo.
3157 5443 3315 5499 Deest
3372 5445 3488 5500 haec

231 5509 381 5565 aliis.
404 5509 561 5565 'Editi
598 5512 928 5576 ἀντιθέντες.

302 5579 418 5650 (12)
463 5580 582 5654 Τὴν
632 5580 892 5654 γνώμην.
939 5581 1123 5654 codex
1162 5577 1454 5654 Med‘icazus
1491 5580 1556 5648 τῇ
1591 5579 1804 5654 γνώμῃ.

232 5649 391 5722 Idem
408 5652 569 5722 paulo
602 5649 1095 5722 pestrbabetroﬁco
1116 5649 1381 5722 γίνεσθαι.

305 5718 425 5789 (13)
492 5718 620 5789 Thr—
641 5720 832 5786 τάξιν.
880 5721 936 5775 ld
972 5730 1078 5786 est,
1112 5735 1218 5772 non
1248 5719 1358 5786 jam
1383 5733 1575 5774 sumus
1603 5718 1655 5771 in
1684 5735 1805 5788 par-

235 5790 381 5848 tibus
410 5796 463 5847 et
494 5793 879 5850 communione
909 5789 1200 5849 Eustathii.
1227 5790 1570 5865 Commuuio
1604 5790 1660 5845 S.
1695 5789 1803 5848 tle-

1916 5511 2144 5580 epistola
2180 5511 2235 5562 in
2277 5508 2471 5564 codice
2514 5508 2816 5565 Harlaeano.

1988 5580 2101 5648 (17)
2153 5581 2685 5657 Ἁίταγορεύουσιιγ.
2716 5582 2791 5634 Ita
2820 5580 2989 5638 Coisl.
3017 5591 3242 5656 uterque
3274 5593 3325 5640 et
3347 5583 3481 5657 Reg.

1916 5665 2163 5719 Uterque.
2205 5650 2854 5721 Εὼιίίριπαγορεύσασαν.

1987 5727 1998 5741 ·
2039 5724 2189 5775 Alias
2214 5719 2690 5791 CCCJAXaScripta
2723 5737 2867 5775 anno
2899 5722 3018 5778 576.

1987 5793 2021 5813 “
2056 5793 2206 5849 Alias
2242 5789 2421 5847 LXVI.
2447 5789 2661 5862 Scripta
2698 5807 2840 5849 anno
2873 5792 2998 5849 576.

1881 5919 1947 5927 ‘-
