3900 6208
256 370 365 426 929

1240 366 1729 425 EPISTOLARUM
1768 365 2054 423 CLASSIS
2084 358 2150 421 11.
2191 364 2408 424 EPIST.
2449 369 2600 427 CCL.

3408 372 3516 431 930

254 482 578 554 καιοκρίτης
617 481 846 551 ἄγγελον
890 482 1096 551 Σατὰν,
1154 483 1353 549 ίκανῶς
1381 487 1529 557 ἡμᾶς
1570 502 1830 540 κατακον-

1940 485 2075 540 satis
2128 500 2401 555 superque
2458 491 2636 550 vexat,
2689 482 3051 555 baeresrmque
3086 486 3286 542 acriter
3324 488 3516 547 delen-

252 573 563 637 δυλίζοντα,
590 574 685 627 καὶ
719 573 964 647 σφοδρῶς
1002 576 1102 647 μὲν
1129 576 1449 633 ἐκδικοῦντα
1478 578 1577 650 τὴν
1608 579 1843 650 αἵρεσιν*

257 665 425 736 μέχρι
473 664 726 719 τοσούτου
773 665 831 719 δὲ
876 666 969 720 τὸν
1007 667 1145 740 πρὸς
1182 668 1331 739 ἡμᾶς
1365 667 1701 739 ἐξαγαγόντα
1741 669 1842 723 πό-

250 755 443 828 λεμον,
484 756 626 811 ὥστε
673 757 809 829 μηδέ
849 758 1082 829 αἵματος
1127 760 1418 830 φείσασθαι
1450 762 1560 815 τῶν
1595 764 1676 825 εἰς
1711 762 1844 816 Θεὸν

254 850 721 904 πεπιστευκότων.
778 851 1006 915 Πάντως
1048 851 1158 923 γὰρ
1209 853 1310 906 οὐκ
1369 852 1527 907 ἔλαθέ
1587 869 1682 906 σου
1743 854 1843 925 τὴν

252 942 503 1012 ἀγάπην,
538 942 619 996 ὅτι
656 941 979 1014 Ἀσκλήπιός
1009 960 1115 1008 τις,
1154 943 1242 997 διὰ
1283 944 1345 997 τὸ
1380 946 1453 1017 μὴ
1492 944 1706 999 ἑλέσθαι
1744 947 1842 1016 τὴν

254 1034 399 1104 προς
440 1033 531 1087 τὸν
568 1034 729 1106 Δωὴκ
770 1033 1075 1100 κοινωνίαν,
1114 1036 1448 1106 τυπτόμενος
1490 1039 1621 1108 παρ’
1663 1036 1841 1091 αὐτῶν

250 1126 379 1187 ταῖς
429 1123 667 1194 πληγαῖς
715 1123 1010 1178 ἐναπέθανε
1032 1163 1048 1187 ,
1094 1124 1294 1192 μᾶλλον
1340 1125 1396 1178 δέ
1438 1126 1525 1180 διὰ
1566 1126 1674 1180 τῶν
1712 1125 1842 1199 πλη-

251 1215 372 1283 γῶν
422 1217 501 1279 είς
551 1215 649 1287 τὴν
692 1215 837 1286 ζωὴν
886 1214 1168 1287 μετετέθη.
1206 1216 1497 1270 Ἀκόλουθα
1544 1217 1601 1271 δὲ
1646 1218 1840 1289 ἐκείνῳ

244 1292 438 1359 ’πάντα
471 1307 584 1360 οίου
616 1306 863 1376 γίνεσθαι
901 1307 972 1360 τὰ
1002 1306 1185 1361 λοιπά·
1233 1307 1505 1378 διωγμοὺς
1544 1307 1840 1379 πρεσϐυτέ-

252 1415 371 1471 ρων
427 1400 522 1453 καὶ
571 1399 922 1466 διδασκάλων,
974 1400 1044 1453 τὰ
1097 1399 1231 1453 ἄλλα
1282 1402 1381 1453 ὅσα
1430 1400 1496 1454 ἂν
1556 1402 1837 1472 ποιήσειαν

248 1491 531 1562 ἄνθρωποι
574 1494 641 1562 τῇ
683 1494 748 1545 ἐκ
776 1491 879 1562 τῆς
920 1492 1095 1563 ἀρχῆς
1129 1492 1415 1562 δυναστείᾳ
1451 1491 1588 1563 πρὸς
1620 1491 1682 1544 τὸ
1713 1494 1839 1545 ἐαυ-

246 1582 365 1635 τῶν
422 1583 667 1655 βούλημα
717 1584 1065 1656 κεχρημένοι.
1115 1582 1275 1638 Ἀλλὰ
1330 1584 1531 1637 τούτων
1596 1584 1694 1653 μέν
1737 1584 1836 1653 τὴν

248 1671 409 1725 λύσιν
434 1673 565 1743 ἡμῖν
587 1675 614 1727 ὁ
646 1673 848 1745 Κύριος
871 1677 991 1736 ταῖς
1020 1678 1141 1737 σαῖς
1167 1674 1352 1744 εὐχαῖς
1388 1672 1569 1738 δώσει,
1605 1673 1701 1727 καὶ
1735 1675 1836 1745 τὴν

250 1764 553 1836 ὑπομονήν·
601 1764 743 1818 ὥστε
790 1765 1052 1836 βαστάσαι
1094 1766 1244 1837 ἡμᾶς
1275 1765 1336 1818 τὸ
1372 1765 1536 1837 βάρος
1570 1764 1678 1818 τῶν
1710 1781 1833 1818 πει-

1945 574 2046 637 dit,
2075 582 2131 630 et
2159 576 2357 630 bellum
2391 577 2447 629 in
2469 590 2572 630 nos
2603 590 2671 629 eo
2712 574 2990 645 perduxit,
3038 584 3100 630 ut
3161 592 3231 632 ne
3260 581 3515 651 sanguini

1943 664 2163 735 quidem
2216 672 2404 735 parcat
2458 664 2798 719 credentium
2838 664 2896 718 in
2940 662 3129 719 Deum.
3162 663 3296 719 Nam
3342 669 3516 738 profe-

1943 762 2033 810 cto
2085 755 2429 811 dilectionem
2464 763 2611 809 tuam
2645 769 2754 825 non,
2781 755 2932 817 latet,
2964 754 3274 825 Asclepium
3322 774 3516 828 quem-

1942 845 2091 909 dam,
2119 860 2184 900 eo
2211 844 2357 916 quod
2406 845 2847 899 communionem
2880 860 3005 899 cum
3038 844 3184 901 Doec
3231 847 3372 903 inire
3395 848 3517 904 nol-

1944 936 2034 998 let,
2083 937 2151 990 ab
2191 936 2298 991 illis
2330 936 2700 999 verberatum,
2751 952 2817 991 ex
2858 937 3026 1008 plagis
3060 946 3333 994 mortuum
3367 955 3516 1007 esse,

1940 1028 2024 1082 vel
2057 1028 2238 1098 potius
2290 1043 2387 1098 per
2434 1029 2622 1099 plagas
2671 1031 2737 1083 ad
2773 1031 2940 1085 v‘itam
2987 1047 3112 1087 esse
3168 1034 3511 1089 translatum.

1940 1119 2319 1175 Consentanea
2392 1128 2575 1174 autem
2634 1120 2762 1175 huic
2805 1119 3034 1177 facinori
3072 1123 3281 1194 reliqua
3331 1123 3514 1178 omnia

1939 1223 2063 1264 esse
2113 1208 2409 1275 existima,
2469 1210 2884 1278 persecutiones
2948 1212 3393 1283 presbyterorum
3452 1228 3516 1269 ac

1938 1301 2360 1371 magistrorum,
2406 1308 2459 1355 et
2511 1302 2855 1372 qure'cunqne
2911 1303 3015 1356 alia
3069 1303 3297 1358 fecerint
3342 1304 3516 1359 homi-

1938 1409 2036 1448 nes
2077 1394 2289 1463 imperii
2339 1400 2664 1450 auctoritate
2716 1394 2785 1449 ad
2850 1409 3011 1450 suum
3072 1396 3315 1466 ipsorum
3366 1396 3514 1451 arbi-

1939 1486 2101 1539 trium
2176 1486 2485 1540 abutentes.
2552 1483 2658 1540 Sed
2718 1486 2914 1539 horum
2968 1486 3295 1542 solutionem
3358 1488 3515 1542 nobis

1936 1573 2200 1629 Dominus
2263 1577 2520 1645 precibus
2576 1577 2685 1634 tuis
2735 1575 2884 1631 dabit
2936 1586 2991 1631 et
3038 1578 3393 1648 patientiam,
3456 1585 3514 1633 ut

1936 1668 2296 1722 tentationum
2349 1669 2564 1738 pondus
2620 1669 2883 1734 feramus,
2921 1669 2995 1725 ita
3055 1678 3114 1724 ut
3163 1686 3259 1740 spe
3310 1672 3364 1725 in
3399 1671 3515 1742 ipso

1937 1761 2176 1830 reposita
2226 1759 2450 1831 dignum
2500 1771 2603 1817 est.
2660 1762 2776 1830 Ipse
2828 1776 2958 1818 vero
3017 1761 3257 1832 digneris
3316 1762 3382 1818 ad
3415 1777 3515 1818 nos

254 1857 485 1929 ρασμῶν
507 1856 672 1921 ἀξίως
696 1858 795 1928 τῆς
835 1859 921 1912 ἐπ’
958 1857 1119 1911 αὐτὸν
1146 1856 1358 1921 ἐλπίδος
1375 1874 1389 1888 ο
1418 1856 1580 1921 αὐτὸς
1612 1856 1670 1910 δὲ
1696 1874 1829 1910 κατ-

1937 1851 2244 1922 I‘requenter
2275 1852 2514 1907 scribere
2540 1851 2607 1907 de
2633 1852 2799 1908 rebus
2862 1852 2990 1908 tuis.
3052 1853 3130 1908 Ac
3165 1851 3212 1907 si
3274 1852 3515 1923 reperias

251 1946 409 2014 αξίου
446 1949 539 2000 καί
580 1948 916 2001 ἐπιστέλλειν
964 1950 1095 2019 ἡμῖν
1128 1947 1365 2017 συνεχῶς
1400 1948 1528 2019 περὶ
1558 1946 1667 2000 τῶν
1695 1947 1837 2001 κατὰ

251 2037 500 2091 σεαυτόν.
548 2037 663 2094 Κᾶν
699 2037 866 2111 εὕρῃς
894 2039 1014 2092 τινὰ
1051 2039 1142 2091 τὸν
1180 2037 1388 2101 πιστῶς
1429 2055 1510 2091 σοι
1543 2038 1837 2109 δυνάμενον

244 2128 568 2199 διακομίσαι
621 2129 683 2183 τὸ
734 2131 966 2201 πονηθέν
1011 2133 1144 2201 ἡμῖν
1200 2129 1444 2199 βιϐλίον,
1496 2129 1836 2195 καταξίωσον

249 2217 734 2288 μεταστείλασθαι,
769 2221 876 2285 ἵνα,
907 2224 973 2292 τῇ
1016 2222 1082 2291 σῇ
1123 2221 1399 2292 ἐπικρίσει
1444 2219 1837 2293 θαρρήσαντες,

244 2308 345 2362 καὶ
382 2311 463 2374 είς
492 2310 667 2364 ἄλλοιν
697 2315 885 2383 χεῖρας
922 2313 1054 2366 αὐτὸ
1084 2311 1538 2384 διαπεμψώμεθα.
1569 2313 1841 2385 Ἐρρωμέ-

242 2417 361 2466 νος,
419 2400 655 2473 εὔθυμος
699 2403 777 2474 τῷ
830 2404 1043 2475 Κυρίῳ,
1095 2404 1531 2475 ὐπερευχόμενος
1575 2405 1710 2474 (25),
1738 2420 1835 2475 χα-

244 2492 499 2564 ρισθείης
534 2511 623 2564 μοι
652 2496 748 2549 καὶ
772 2497 837 2568 τῇ
862 2495 958 2549 τοῦ
984 2495 1189 2568 Κυρίου
1218 2494 1515 2567 Ἐκκλησία
1540 2497 1723 2568 χάριτι
1744 2496 1841 2557 τοῦ

254 2581 439 2651 Ἀγίου
470 2584 600 2656 (26).

754 2696 1108 2785 ΕΠΙΣΤΟΛΗ
1145 2696 1320 2750 ΣΜΘ’.

1938 1945 2030 2014 qui
2091 1942 2322 1998 ﬁdeliter
2349 1942 2523 2014 possit
2551 1942 2620 1997 ad
2667 1951 2721 1999 te
2786 1943 3029 2013 perferre
3088 1944 3427 1999 elaboratum
3485 1959 3515 1997 θ

1938 2049 2026 2089 me
2082 2034 2280 2089 librum
2309 2074 2324 2099 ,
2374 2049 2658 2091 accersere
2690 2051 2761 2090 ne
2793 2037 3058 2107 graveris,
3091 2044 3150 2091 ut
3182 2043 3277 2091 tua
3320 2050 3513 2106 appro-

1937 2125 2160 2181 batione
2212 2127 2403 2181 conﬁsi
2436 2167 2452 2191 ,
2505 2127 2563 2183 in
2623 2128 2856 2183 aliorum
2899 2128 3064 2184 etiam
3117 2144 3314 2186 manus
3360 2129 3514 2184 illum

1935 2216 2392 2273 transmittamus.
2446 2215 2680 2283 Valens,
2717 2218 2873 2273 laetus
2919 2219 2977 2273 in
3007 2217 3272 2285 Domino,
3312 2227 3366 2274 et
3390 2233 3509 2288 pre-

1935 2321 2092 2373 cans,
2122 2308 2257 2362 mihi
2281 2318 2336 2364 et
2368 2308 2581 2364 Domini
2598 2307 2856 2366 Ecclesiae
2877 2310 3226 2376 concedaris,
3255 2326 3351 2382 per
3380 2308 3511 2365 San-

1936 2398 2009 2453 cti
2033 2399 2286 2470 gratiam.

2394 2705 2732 2763 EPISTOLA
2764 2707 2847 2764 CC
2856 2707 3060 2764 XLIX‘.

250 2813 566 2863 Commendat
586 2812 799 2880 aliquem
820 2813 871 2865 in
892 2817 983 2866 hac
1002 2814 1205 2880 epistola
1230 2816 1462 2892 Basilius,
1486 2830 1627 2892 quem
1650 2819 1837 2892 beatum
1870 2820 2119 2892 existimat
2143 2824 2272 2892 quod
2294 2822 2424 2892 hisce
2462 2821 2744 2875 tumultibus
2764 2822 3013 2887 liberetur,
3048 2830 3095 2877 et
3115 2824 3380 2878 conuictum
3402 2841 3509 2881 cum

1370 2881 1642 2932 horninibus
1680 2884 1835 2935 Deum
1858 2881 2130 2934 timentibus
2154 2881 2365 2949 elegerit
2699 2916 2709 2922 -

515 2984 962 3056 Ἀνεπίγραεοας,
991 2987 1085 3041 ἐπ’
1114 2987 1287 3059 ἀνδρὶ
1315 2990 1576 3046 εὐλαϐεῖ.

322 3097 612 3170 Συγχαίρω
664 3098 742 3169 τῷ
792 3098 1007 3171 ἀδελφῷ
1055 3099 1226 3171 τῷδε,
1281 3103 1377 3156 καὶ
1424 3103 1535 3157 τῶν
1598 3103 1830 3158 ἐνταῦθα

245 3187 498 3261 θορύϐων
548 3189 1036 3261 ἀπαλλασσομένῳ,
1096 3191 1192 3246 καὶ
1243 3191 1341 3263 τὴν
1391 3192 1490 3264 σὴν
1547 3195 1831 3249 εὐλάϐειαν

245 3279 744 3350 καταλαμϐάνοντι.
799 3281 1024 3350 ’Δγαθόν
1079 3282 1189 3354 γὰρ
1244 3282 1391 3354 αὐτῷ
1437 3284 1646 3353 ἐφόδιον
1696 3287 1832 3358 πρὸς

241 3373 341 3427 τὸν
389 3372 588 3443 ἐφεξῆς
633 3372 825 3438 αίῶνα,
870 3375 968 3445 τὴν
1008 3375 1146 3445 μετά
1194 3374 1304 3429 τῶν
1348 3376 1692 3447 φοϐουμένων
1741 3379 1831 3433 τὸν

242 3464 456 3535 Κύριον
491 3465 701 3536 ἀγαθὴν
738 3465 1038 3537 διαγωγὴν,
1073 3464 1375 3530 ἐξελέξατο.
1400 3469 1494 3520 "Ov
1526 3468 1620 3522 καὶ
1651 3485 1830 3540 παρα-

241 3556 510 3626 τιθέμεθοὶ
552 3575 645 3611 σου
675 3561 741 3629 τῇ
784 3559 1078 3630 τιμιότητι,
1116 3560 1209 3614 καὶ
1240 3560 1541 3631 παρακαλῶ
1570 3561 1636 3614 δι’
1664 3560 1828 3614 αὑτοῦ

244 3647 505 3720 εὔχεσθαι
530 3651 668 3722 ὑπὲρ
701 3651 798 3721 τῆς
824 3650 1061 3722 ἐλεεινῆς
1092 3651 1247 3721 ἡμῶν
1276 3651 1441 3723 ζωῆς,
1473 3652 1580 3713 ἵνα,
1610 3652 1830 3724 ῥυσθέν-

242 3757 342 3802 τες
365 3740 472 3795 τῶν
494 3742 817 3813 πειρασμῶν
841 3742 1066 3805 τούτων,
1106 3741 1402 3816 ἀρξώμεθα
1424 3743 1536 3814 (27)
1556 3742 1828 3797 δουλεύειν

244 3830 327 3900 τῷ
363 3831 553 3903 Κυρίῳ
578 3832 718 3886 κατὰ
742 3833 803 3886 τὸ
826 3832 1178 3902 Εὐαγγέλιον.

790 3953 1139 4007 ΕΠΙΣΤΟΛΗ
1178 3953 1301 4009 ZN'.

2249 2993 2376 3050 Sine
2397 2997 2881 3066 inscriptione,’viri
2910 2999 2985 3067 pii
3013 3015 3196 3054 causa.

2006 3104 2267 3162 Gratulor
2298 3108 2425 3164 huic
2448 3108 2627 3172 fratri.
2651 3112 2795 3182 quod
2819 3122 2873 3167 et
2896 3110 3048 3167 hisce
3075 3110 3282 3167 nostris
3304 3112 3510 3167 tumul-

1933 3198 2079 3255 tibus
2108 3188 2387 3266 liberetur,
2413 3211 2469 3258 et
2494 3203 2748 3274 pietatem
2774 3212 2923 3259 tuam
2947 3203 3123 3259 adeat.
3147 3202 3283 3259 Nam
3307 3205 3511 3281 bonum

1932 3290 2034 3345 subi
2064 3291 2319 3346 viaticum
2333 3294 2400 3348 ad
2436 3293 2678 3350 futuram
2708 3295 2906 3360 vitam,
2939 3295 3143 3350 bonum
3174 3311 3298 3351 cum
3330 3296 3511 3352 homi-

1928 3384 2091 3438 nibus
2120 3383 2406 3440 Dominum
2431 3387 2755 3443 timentibus
2769 3388 3103 3454 convictum,
3126 3389 3307 3459 elegit.
3337 3388 3507 3455 Quem

1928 3482 1982 3529 et
2006 3483 2113 3529 tuae
2141 3475 2393 3545 dignitati
2419 3481 2763 3545 commendo,
2787 3488 2844 3536 et
2865 3481 3127 3536 adhortor
3150 3495 3247 3551 per
3270 3496 3416 3543 eum,
3450 3490 3511 3534 nt

1928 3567 2172 3636 preceris
2193 3583 2293 3637 pro
2316 3584 2436 3624 mea
2458 3570 2759 3626 miserabili
2782 3570 2913 3636 vita,
2939 3580 3017 3633 ut,
3039 3572 3302 3626 liberatus
3330 3571 3399 3626 ab
3423 3571 3508 3625 his

1931 3655 2345 3724 tentationibus,
2386 3657 2643 3729 incipiam
2678 3659 2882 3714 servire
2923 3657 3157 3714 Domino
3204 3657 3508 3715 secundum

1934 3746 2308 3820 Evangelium.

2362 3949 2526 4021 335
2555 3947 2891 4006 EPISTOLA
2929 3949 3120 4005 CCL“.

246 4066 445 4120 Gratias
461 4066 582 4132 [agit
604 4066 895 4132 Patrophilo
922 4068 1154 4132 Basilius,
1193 4067 1322 4133 quod
1346 4067 1412 4117 ad
1435 4082 1486 4118 se
1508 4082 1595 4138 per
1628 4066 1919 4138 Strategium
1942 4065 2209 4138 scripserit,
2230 4074 2274 4117 et
2294 4080 2324 4116 a
2346 4081 2399 4118 se
2417 4064 2684 4138 .ditigendo
2704 4080 2796 4117 non
2819 4066 3053 4117 discedat.
3079 4065 3325 4117 Rationem
3347 4073 3506 4118 reaatt

1295 4145 1383 4180 cur
1405 4130 1515 4180 cum
1538 4130 2156 4181 Eustatltio’communicare
2180 4143 2275 4179 non
2296 4130 2463 4191 possit.
2531 4130 2547 4133 '
3135 4180 3141 4191 λ
3215 4170 3219 4175 .

244 4242 624 4309 Πατροερίλῳ,
652 4241 964 4309 ἐπισκόπῳ
990 4240 1102 4309 τῆς
1122 4241 1807 4311 ἐνΑίγεαῒςἙκκλησίίις

331 4356 460 4425 Ὄψέ
494 4357 592 4426 μὲν
627 4356 891 4429 ἐδεξάμην
919 4356 1020 4420 τὰς
1049 4357 1142 4410 ἐπὶ
1175 4360 1287 4420 τοῖς
1337 4357 1621 4429 προτέροις
1654 4357 1833 4429 γράμ-

2109 4239 2422 4309 Patrophilo
2441 4279 2457 4302 ,
2488 4237 2766 4309 Aigeensis
2798 4235 3047 4291 Ecclesia?
3065 4235 3327 4306 episcopo.

2003 4353 2140 4409 Sero
2177 4353 2395 4425 quidem
2454 4356 2639 4426 accepi
2693 4364 2787 4409 tua
2839 4352 3114 4424 prioribus
3154 4350 3355 4406 litteris
3418 4365 3507 4405 re-

246 4461 416 4516 μασιν
457 4445 810 4517 ἀποκρίσεις’
854 4445 1122 4517 ἐδεξάμην
1159 4446 1203 4498 δ’
1252 4442 1346 4500 οὖν
1393 4446 1542 4517 ὅμως
1591 4446 1682 4500 διὰ
1734 4445 1827 4499 τοῦ

1937 4461 2137 4516 sponsa
2166 4464 2179 4513 ;
2215 4446 2311 4501 sed
2346 4453 2529 4502 tamen
2556 4448 2744 4518 accepi
2784 4462 2878 4516 per
2901 4445 3305 4517 Optatissimum
3352 4441 3507 4497 Stra-

242 4537 633 4591 ποθεινοτάτου
650 4538 1009 4610 Στρατηγίου,
1029 4539 1122 4592 καὶ
1140 4539 1505 4611 εὐχαρίστησα
1526 4538 1604 4609 τῷ
1614 4538 1823 4609 Κυρίῳ,

239 4627 328 4681 ὅτι
358 4627 633 4699 διαμένεις
663 4630 692 4681 ὁ
720 4627 881 4691 αὐτὸς
909 4629 967 4682 ἐν
994 4631 1061 4699 τῇ
1095 4629 1230 4699 πρὸς
1259 4630 1404 4699 ἡμᾶς
1433 4628 1641 4701 ἀγάπῃ.
1673 4631 1739 4681 *Ἀ
1767 4629 1824 4683 δὲ

241 4715 344 4772 νῦν
363 4715 706 4793 κατηξίωσας
726 4718 970 4790 περὶτῆς
988 4721 1157 4790 αὐτῆς
1177 4720 1482 4782 ὑποθέσεως
1501 4719 1820 4786 ἐπιστεῖλαι,

244 4806 523 4873 ἀπόδειξιν
568 4808 679 4879 ἔχει
722 4810 820 4881 τῆς
872 4811 1084 4880 ἀγαθῆς
1144 4827 1239 4864 σου
1297 4811 1688 4883 προαιρέσεως·
1740 4812 1823 4865 ὅτι

244 4902 465 4969 φρονεῖς
488 4899 554 4954 τὰ
589 4899 799 4966 δέοντα,
839 4900 933 4954 καὶ
968 4900 1351 4972 συμϐουλεύεις
1400 4903 1531 4973 ἡμῖν
1570 4901 1638 4955 τὰ
1683 4901 1826 4955 λυσι-

241 4990 397 5062 τελῆ.
464 4992 613 5063 Πλὴν
663 4992 779 5046 ἀλλ’
841 4992 1026 5064 ἐπειδὴ
1098 4994 1257 5048 πάλιν
1316 4992 1428 5064 ὁρῶ
1488 4992 1823 5064 μακρότερον

247 5097 341 5152 μοι
385 5079 497 5152 (28)
544 5081 636 5136 τὸν
688 5082 844 5152 λόγον
901 5083 1213 5155 γινόμενον,
1267 5086 1316 5137 εί
1379 5082 1626 5154 μέλλοιμι
1686 5082 1821 5153 πρὸς

240 5170 473 5224 ἕκαστον
494 5170 601 5224 τῶν
630 5171 1045 5243 ἐπεσταλμένων
1093 5172 1246 5245 παρὰ
1277 5172 1377 5243 τῆς
1418 5173 1516 5243 σῆς
1557 5170 1822 5234 συνέσεως

317 5281 431 5354 (25)
472 5284 992 5354 Ύπερευχόμενος.
1021 5284 1205 5340 Codex
1228 5283 1693 5354 Claromontanus
1724 5283 1821 5337 ad-

242 5351 328 5425 dit
363 5351 542 5424 ήμῶν,
576 5351 727 5423 quod
740 5351 879 5409 'non
916 5357 1114 5425 legitur
1159 5356 1210 5408 in
1254 5353 1511 5410 Medicaeo
1551 5362 1607 5409 et
1647 5352 1815 5409 Coisl.

284 5422 447 5483 rimo.
478 5439 581 5478 nec
594 5422 989 5479 necessarium
1021 5434 1125 5480 est.
1167 5427 1318 5479 Alios
1354 5427 1407 5478 in
1438 5425 1580 5479 hanc
1609 5426 1820 5493 episto-

264 5508 353 5573 am
393 5494 617 5574 codices
658 5509 770 5548 non
815 5496 1106 5550 habuimus
1148 5504 1343 5565 praeter
1381 5505 1492 5550 tres
1524 5496 1647 5550 illos
1679 5510 1818 5564 quos

242 5573 647 5755 ῑιέἓῗῗιῗριτι
672 5634 778 5690 τοῦ
810 5637 1015 5703 Ἁγίου.
1047 5635 1170 5690 llaec
1192 5637 1392 5692 desunt
1415 5636 1466 5690 in
1491 5635 1679 5690 codice
1705 5633 1818 5690 Me-

280 5717 432 5755 ιριιεο.

280 5717 432 5756 ιριιξο.

314 5773 426 5836 (τ’-7)
468 5773 811 5843 Ἀρξώμεθα.
849 5778 924 5830 Ita
948 5776 1116 5836 Coisl.
1146 5786 1395 5845 uterque,
1434 5776 1571 5834 Med.
1598 5787 1649 5835 et
1681 5776 1811 5846 Reg.

1932 4539 2161 4609 legium,
2190 4545 2246 4593 et
2290 4539 2493 4609 gratias
2523 4539 2606 4611 egi
2641 4538 2897 4604 Domino,
2952 4536 3098 4609 quod
3132 4537 3275 4592 idem
3314 4537 3369 4590 in
3416 4534 3504 4590 di-

1928 4631 2163 4686 lectione
2218 4645 2346 4703 erga
2384 4646 2486 4686 nos
2543 4647 2885 4702 permaneas.
2943 4631 3077 4698 Quae
3126 4637 3307 4686 autem
3353 4642 3504 4682 nunc

1926 4720 2183 4792 dignatus
2226 4738 2288 4779 es
2339 4723 2407 4778 de
2453 4721 2644 4778 eodem
2698 4730 3023 4793 argumento
3075 4722 3318 4777 scribere
3345 4760 3361 4785 ,
3401 4717 3501 4775 de-

1925 4814 2383 4869 monstrationem
2412 4814 2621 4870 habent
2646 4814 2802 4869 bonte
2832 4822 2941 4869 tuae
2979 4812 3312 4875 voluntatis;
3373 4827 3498 4867 cum

1926 4905 2132 4960 sentias
2160 4920 2223 4959 ea
2262 4920 2384 4976 qua:
2413 4905 2608 4961 decent
2634 4915 2688 4961 et
2718 4905 2953 4961 suadeas
2982 4904 3143 4960 nobis
3168 4904 3345 4958 utilia.
3390 4901 3499 4958 Sed

1925 5004 2106 5052 tamen
2161 4997 2290 5067 quia
2343 5012 2537 5054 rursus
2586 4998 2745 5053 video
2789 4997 3087 5068 longiorem
3117 4995 3249 5050 mihi
3283 5009 3498 5049 sermo-

1923 5102 2049 5143 nem
2099 5087 2342 5144 futurum
2372 5129 2390 5156 ,
2431 5090 2480 5146 si
2526 5090 2688 5146 velim
2741 5090 3038 5160 unicuique
3090 5103 3311 5153 eorum,
3377 5103 3499 5157 qua}

1924 5181 2132 5252 scripta
2191 5189 2322 5238 sunt
2364 5197 2396 5237 a
2441 5189 2540 5238 tua
2585 5182 2902 5253 prudentia,
2948 5181 3285 5251 respondere
3320 5199 3333 5233 :
3368 5188 3497 5236 tan-

1923 5292 2217 5351 secundus.
2254 5294 2421 5366 Editig
2446 5294 2747 5366 ἀξιώμεθα,
2782 5303 2841 5348 ut
2869 5294 3057 5366 dignus
3087 5295 3216 5366 ﬁant
3234 5292 3495 5366 γρηὶ-ρο-

1921 5366 2063 5436 mino
2109 5366 2356 5420 serviam.
2397 5362 2560 5423 Deest
2588 5362 2722 5421 haec
2761 5362 2991 5436 epistola
3032 5366 3088 5418 in
3121 5362 3311 5420 codiCe
3352 5362 3494 5417 Har-

1921 5435 2520 5576 1ιὲῗὲίῖίΙιιαικρότιιιρόν
2555 5524 2677 5576 μοι.
2727 5504 2864 5562 Tres
2912 5504 3134 5561 codices
3184 5519 3294 5560 non
3347 5503 3495 5558 anti-

1921 5576 2171 5646 quissimi
2207 5576 2414 5646 μακρόν
2452 5594 2562 5646 μοι.

1992 5650 2008 5667 ⁴
2041 5644 2598 5719 Αιιωςςρξςιςιςνῃι.
2639 5646 2851 5716 Scripta
2883 5660 3030 5719 anno
3056 5644 3210 5719 376.,

1990 5717 2195 5772 "Alias
2224 5715 2483 5771 LXXXV.
2515 5716 2726 5789 Scripta
2759 5715 2903 5772 anno
2932 5716 3056 5772 576.
