3900 6208
392 357 490 408 931

1757 352 1808 400 ὃ.
1869 350 2112 401 ΒΑδΙΙΛΙ
2163 347 2375 400 MAGNI

3551 335 3651 384 95$

391 480 510 526 tum
553 467 769 529 dicam,
817 464 862 519 si
916 465 1067 535 pacis
1091 465 1293 519 bonum
1351 463 1472 519 solo
1529 463 1681 532 pacis
1750 463 1970 517 nomine

2084 462 2492 534 ἅποκρίνεσθαι,
2535 459 2786 514 τοσοῦτον
2827 459 2987 528 λέγωσ
3027 458 3138 519 ὅτι,
3182 455 3246 508 τὸ
3285 445 3387 524 τῆς
3431 453 3653 522 εἰρήνης

394 558 910 624 circumscribitur,
971 557 1265 611 ridiculum
1327 572 1451 611 esse
1497 556 1642 610 hunc
1701 565 1756 610 et
1815 555 1966 608 illum

394 654 699 724 eligentes,
739 651 808 704 iis
858 649 991 704 soiis
1040 663 1230 718 pacem
1289 647 1609 718 impertire,
1642 647 1778 702 alios
1837 663 1970 701 vero

398 739 824 798 innumerabiles
887 738 956 791 ab
1003 737 1149 792 illius
1196 737 1324 790 boni
1355 734 1851 790 communicatione
1875 748 1970 789 ex-

397 833 639 890 cludere.
693 829 800 885 Sed
859 830 904 884 si
943 844 1069 882 cum
1128 827 1452 899 perniciosis
1495 826 1812 880 hominibus
1838 839 1972 879 con-

398 924 606 988 sensio,
637 922 724 985 iis,
771 935 801 974 a
845 918 1048 990 quibus
1073 917 1400 987 suscipitur,
1458 916 1562 971 sub
1609 914 1761 984 pacis
1792 911 1972 984 specie

398 1015 657 1070 damnum
712 1011 878 1067 infert
943 1011 1190 1076 hostile;
1239 1008 1530 1063 considera
1584 1009 1809 1077 quinam
1863 1005 1973 1061 sint

397 1107 517 1172 illi,
551 1104 750 1175 quibus
777 1119 837 1159 se
871 1103 1020 1172 ipsos
1054 1101 1464 1156 admiscuerunt
1514 1100 1608 1170 qui
1651 1115 1753 1154 nos
1787 1098 1974 1168 iniquo

395 1196 521 1251 odio
570 1195 802 1251 oderunt
831 1212 845 1260 ;
874 1194 1122 1264 quinam,
1169 1192 1414 1262 inquam,
1457 1191 1589 1254 sint,
1647 1190 1753 1244 nisi
1795 1189 1972 1243 homi-

395 1303 495 1344 nes
533 1288 602 1341 ab
635 1302 824 1342 eorum
854 1285 1098 1356 partibus
1137 1292 1370 1344 stantes,
1403 1283 1496 1352 qui
1533 1277 1818 1337 nobiscum
1863 1297 1972 1336 non

394 1379 807 1434 communicant
851 1394 866 1428 ι
913 1391 1092 1446 neque
1157 1376 1304 1430 enim
1352 1391 1500 1428 nunc
1554 1374 1687 1427 mihi
1719 1388 1859 1444 opus
1890 1380 1974 1428 est

395 1470 721 1526 nominatim
779 1471 998 1524 illorum
1053 1467 1403 1523 meminisse.
1487 1465 1554 1520 Hi
1597 1474 1652 1520 et
1720 1467 1974 1521 accersiti

398 1572 527 1619 sunt
552 1562 773 1632 abipsis
804 1561 1108 1617 Scbastiam
1130 1602 1144 1626 ,
1181 1569 1235 1613 et
1265 1567 1596 1630 acceperunt
1629 1558 1929 1612 Eeclesiam
1957 1597 1972 1620 ,

397 1664 452 1709 et
503 1654 953 1710 sacriﬁcaverunt
997 1653 1051 1707 in
1093 1653 1292 1716 altari,
1349 1659 1402 1707 et
1437 1652 1717 1722 proprium
1779 1665 1973 1720 panem

397 1745 549 1799 omni
621 1744 1023 1799 distribuerunt
1083 1745 1330 1814 populo,
1408 1745 1650 1814 episcopi
1721 1743 1972 1813 appellati

2072 552 2235 604 καλὸν
2262 553 2310 603 εἰ
2333 551 2433 621 μὲν
2459 553 2514 602 ὲν
2535 549 2613 620 τῷ
2633 549 2855 621 ὀνόματι
2877 548 2977 618 τῆς
3000 549 3222 619 εἰρήνης
3249 544 3652 614 περιγράφεται

2076 645 2253 715 μόνῳ,
2293 642 2694 711 καταγέλαστόν
2740 644 2877 705 ἐστι,
2912 641 3006 693 τὸν
3045 639 3190 692 δεῖνα
3242 639 3340 690 καὶ
3379 635 3474 688 τὸν
3513 635 3654 687 δεῖνα

2073 737 2485 808 ἐκλεγομένους,
2526 734 2736 798 τούτοις
2783 734 2941 805 μόνον
2991 731 3328 804 μεταδιδόναι
3371 729 3468 782 τοῦ
3511 729 3653 798 εἰρη-

2073 829 2248 883 νεύειν
2273 829 2406 901 (29),
2447 829 2668 899 ἐτέρους
2699 828 2756 880 δὲ
2773 827 3017 898 ⁴μυρίους
3045 824 3357 879 ἀποκλείειν
3387 826 3490 894 τῆς
3523 822 3653 893 πρὸς

2071 923 2134 976 τὸ
2183 922 2344 976 καλὸν
2398 920 2701 984 κοινωνίας·
2744 922 2794 972 εἰ
2835 919 2893 972 δὲ
2937 921 2969 989 ή
3009 918 3145 990 πρὸς
3182 917 3310 980 τοὺς
3361 914 3654 986 βλαϐεροὺς

2077 1016 2365 1086 συμφωνία
2397 1016 2454 1068 ἐν
2485 1015 2706 1087 εἰρήνης
2739 1013 3088 1084 προσχήματι
3125 1010 3193 1064 τὰ
3229 1010 3338 1063 τῶν
3380 1008 3655 1078 πολεμίων

2075 1111 2199 1172 τοὺς
2237 1107 2700 1179 προσδεχομένους
2749 1107 3062 1177 ἐργάζεται,
3113 1104 3305 1157 σκόπει
3353 1102 3468 1173 (50)
3516 1101 3654 1164 τίνες

2075 1203 2240 1267 εἰσὶν,
2302 1195 2382 1264 οἷς
2431 1198 2687 1270 ἀνέμιξαν
2753 1199 3007 1260 ἑαυτοὺς,
3064 1197 3113 1250 οἳ
3165 1196 3226 1249 rb
3266 1195 3452 1250 ἄδικον
3507 1196 3656 1264 μῖσος

2076 1294 2342 1364 ἐμίσησαν
2363 1291 2532 1362 ἡμᾶς,
2553 1290 2666 1343 ἀλλ’
2693 1290 2744 1342 οἱ
2767 1291 2866 1361 τῆς
2893 1289 3108 1360 μερίδος
3137 1287 3244 1340 τῶν
3274 1287 3655 1354 ἀκοινωνήτων

2076 1387 2227 1455 ἡμῖν·
2279 1384 2402 1436 οὐδὲ
2453 1383 2560 1452 γὰρ
2612 1382 2804 1453 δέομαι
2858 1381 2952 1434 νῦν
3008 1381 3268 1450 ὀνομαστὶ
3325 1376 3654 1448 μεμνῆσθαι.

2076 1470 2234 1528 Οὗτοι
2261 1474 2355 1527 καὶ
2388 1473 2694 1545 ἐκλήθησαν
2729 1471 2857 1543 παρ’
2887 1472 3063 1524 αὐτῶν
3083 1473 3161 1533 εἰς
3186 1471 3282 1540 τὴν
3307 1471 3654 1530 Σεϐάστειαν,

2077 1569 2172 1622 καὶ
2183 1567 2488 1638 παρέλαϐον
2509 1567 2606 1638 τὴν
2622 1565 2968 1636 Ἐκκλησίαν,
2997 1565 3090 1618 καὶ
3119 1563 3545 1633 ἐλειτούργησαν
3572 1562 3659 1612 ἐπὶ

2077 1658 2169 1711 τοῦ
2201 1658 2609 1730 θυσιαστηρίου,
2635 1658 2729 1711 καὶ
2755 1656 2849 1710 τοῦ
2887 1656 3015 1709 ἰδίου
3041 1655 3204 1726 ἄρτου
3233 1655 3398 1708 παντὶ
3433 1653 3690 1726 μετέδω-⁸

2079 1769 2181 1804 καν
2200 1751 2278 1821 τῷ
2310 1751 2425 1820 λαῷ
2445 1791 2459 1813 ,
2499 1750 2788 1803 ἐπίσκοποι
2819 1748 3218 1820 κηρυσσόμενοι
3255 1745 3406 1816 παρὰ
3439 1744 3522 1814 τῷ
3551 1747 3662 1797 ἐκεῖ

399 1835 542 1906 apud
583 1835 732 1891 illius
785 1836 892 1890 loci
927 1836 1156 1899 clerum,
1199 1844 1252 1891 et
1307 1851 1404 1906 per
1435 1851 1652 1888 omnem
1700 1835 1974 1904 regionem

2084 1819 2286 1914 κλήρῳ,
2319 1819 2413 1895 καί
2442 1841 2529 1894 διὰ
2561 1841 2740 1912 πάσης
2770 1841 2869 1910 τῆς
2900 1819 3102 1910 χώρας,
3139 1839 3212 1901 ὡς
3241 1839 3388 1906 ἆγιοι
3412 1838 3544 1906 παρ’
3577 1837 3663 1889 αὖ·

397 1927 546 1981 velut
579 1927 757 1982 sancti
812 1927 882 1981 ab
923 1927 1033 1982 illis
1088 1935 1142 1981 et
1175 1927 1676 1982 communicatores
1731 1925 1973 1980 deducti.

398 2018 643 2086 Quorum
688 2019 736 2074 si
793 2026 1012 2088 oportet
1059 2018 1312 2088 amplecti
1373 2027 1620 2087 partem,
1684 2017 1976 2072 ridiculum

397 2115 484 2164 est
537 2108 608 2163 ab
643 2107 917 2178 unguibus
968 2106 1176 2169 ordiri,
1233 2114 1287 2161 et
1320 2122 1430 2160 non
1480 2107 1655 2177 magis
1685 2122 1809 2159 cum
1843 2107 1979 2176 ipsis

398 2199 618 2254 illorum
650 2199 925 2269 capitibus
975 2212 1090 2252 rem
1125 2197 1349 2252 habere.
1401 2197 1559 2264 Quod
1605 2197 1651 2251 si
1685 2197 1852 2267 igitur
1880 2213 1979 2251 ne-

395 2293 604 2348 minem
653 2299 872 2362 oportet
906 2292 1130 2347 omnino
1178 2291 1495 2346 hzereticum
1549 2291 1835 2361 judicare,
1865 2304 1982 2358 .ne-

399 2399 509 2454 que
559 2384 847 2451 aversari,
905 2383 1066 2453 cujus
1103 2385 1183 2438 rei
1233 2384 1442 2454 gratia,
1478 2382 1565 2437 dic
1598 2424 1613 2450 ,
1664 2397 1884 2453 quaeso,
1929 2390 1981 2437 te

400 2479 520 2547 ipse
567 2491 834 2546 separas,
875 2484 930 2530 et
993 2474 1136 2546 fugis
1191 2475 1585 2552 nonnullorum
1639 2473 1980 2529 communio-

401 2567 580 2624 nem?
630 2566 688 2620 Si
717 2581 848 2622 vero
891 2566 1110 2636 quidam
1164 2565 1402 2638 fugiendi
1459 2574 1623 2629 sunt,
1681 2563 1980 2620 secundum

400 2673 670 2715 accuratae
695 2660 896 2730 regula:
935 2660 1200 2713 rationem
1233 2698 1248 2721 ,
1280 2658 1465 2712 dicant
1491 2659 1648 2712 nobis
1694 2657 1772 2722 bi,
1825 2671 1978 2728 quo—

401 2766 522 2805 rum
576 2751 771 2821 agendi
823 2752 966 2805 ratio
1013 2751 1065 2802 in
1123 2750 1380 2804 omnibus
1435 2757 1691 2804 accurata
1729 2757 1855 2812 est,
1915 2763 1980 2802 ex

401 2859 510 2914 qua
558 2844 668 2899 sint
696 2850 850 2913 parte
879 2857 1018 2912 quos
1067 2842 1134 2895 ad
1167 2843 1379 2912 seipsos
1432 2859 1500 2897 ex
1544 2841 1753 2897 Galatia
1797 2855 1984 2895 accer~

403 2936 700 2992 siverunt?
746 2934 855 2989 lsta
903 2935 948 2990 si
989 2933 1084 2987 tibi
1139 2949 1377 2989 mmrore
1439 2934 1601 3004 digna
1647 2933 1980 2996 videantur,

401 3043 594 3084 eorum
633 3028 951 3081 auctoribus
1005 3028 1213 3096 imputa
1267 3027 1707 3096 separationcm;
1745 3025 1830 3080 sin
1888 3039 1983 3076 au-

2078 1934 2187 1987 τῶν
2237 1934 2332 1988 καὶ
2381 1931 2686 1986 κοινωνικοὶ
2736 1929 3252 2001 παραπεμπόμενοι.
3306 1921 3409 1980 Ὦν
3463 1929 3514 1979 εξ
3562 1927 3662 1997 χρὴ

2081 2027 2296 2080 ἑλέσθαι
2328 2024 2425 2096 τὴν
2455 2024 2670 2096 μερίδα,
2705 2022 3110 2091 καταγέλαστόν
3138 2023 3284 2073 ἐστιν
3308 2021 3374 2072 ἐκ
3397 2019 3512 2072 τῶν
3540 2019 3662 2070 ὀνύ-

2081 2136 2190 2190 χων
2223 2117 2512 2189 ἄρχεσθαι,
2544 2117 2640 2170 καὶ
2683 2116 2756 2187 μὴ
2799 2117 2989 2177 αὑταῖς
3024 2112 3204 2167 αὐτῶν
3236 2116 3358 2174 ταῖς
3400 2112 3666 2181 κεφαλαῖς

2083 2208 2564 2280 προσδιαλέγεσθαι
2592 2207 2726 2279 (51).
2752 2207 2815 2259 Εἰ
2847 2207 2945 2277 μὲν
2983 2202 3076 2259 οὖν
3105 2204 3295 2258 οὐδένα
3321 2205 3405 2258 δεῖ
3434 2203 3664 2258 καθόλου

2081 2301 2354 2373 αἱρετικὸν
2395 2300 2655 2372 νομίζειν,
2710 2299 2829 2353 οὐδὲ
2883 2298 3267 2370 ἐκτρέπεσθαι,
3325 2298 3450 2350 ἀντὶ
3503 2296 3663 2359 τίνος,

2082 2395 2203 2447 εἰπέ
2233 2410 2357 2465 μοι,
2389 2391 2611 2446 σεαυτὸν
2649 2391 2930 2462 ἀφορίζεις
2970 2391 3054 2452 σὺ,
3087 2389 3182 2442 καὶ
3219 2387 3529 2460 ὑποστέλλῃ
3570 2389 3666 2455 τήν

2082 2503 2242 2538 τινων
2268 2483 2582 2547 κοινωνίαν;
2613 2485 2662 2536 εἰ
2687 2482 2743 2536 δέ
2782 2482 2888 2536 εἰσί
2927 2499 3070 2546 τινες
3104 2482 3356 2551 φευκτοὶ,
3403 2480 3552 2533 κατά
3581 2480 3667 2532 τὶν

2083 2575 2182 2644 τῆς
2235 2575 2520 2647 ἀκριϐείας
2573 2575 2752 2643 λόγον,
2810 2557 3121 2627 εἰπάτωσαν
3182 2575 3332 2643 ἡμῖν,
3386 2574 3437 2625 οἰ
3491 2573 3669 2626 πάντα

2083 2666 2350 2737 ἀκριϐεῖς,
2374 2666 2470 2736 τῆς
2495 2666 2652 2729 ποίας
2675 2666 2780 2718 εἰσί
2809 2665 3045 2737 μερίδος,
3067 2664 3158 2729 οὓς
3188 2667 3252 2718 ἐκ
3277 2665 3377 2734 τῆς
3400 2665 3667 2725 Palam;

2086 2758 2220 2829 πρὸς
2252 2759 2477 2820 ἑαυτοὺς
2503 2757 2914 2830 προσηγάγοντο
2943 2757 3091 2828 (52);
3123 2757 3308 2810 Ταῦτα
3338 2758 3386 2808 εἰ
3414 2756 3517 2826 μὲν
3547 2755 3666 2820 ἄξια

2083 2851 2260 2920 λύττης
2291 2869 2370 2904 σοι
2409 2852 2820 2920 καταφαίνεται,
2847 2853 2957 2912 τοῖς
2987 2849 3182 2912 αἰτίοις
3215 2849 3421 2901 τούτων
3451 2848 3667 2916 λογίζου

2084 2942 2174 2994 τὸν
2213 2941 2508 3011 χωρισμόν·
2540 2943 2586 2994 εἰ
2612 2941 2667 2994 δὲ
2703 2941 2968 3013 ἀδιάφορα
2997 2941 3224 3012 κρίνεις,
3253 2940 3531 3007 σύγγνωθι
3561 2940 3666 3009 (33)

2087 3034 2216 3103 ἡμῖν
2244 3033 2315 3103 μὴ
2339 3034 2788 3105 καταδεχομένοις
2815 3035 2911 3106 τῆς
2938 3034 3116 3105 ζύμης
3139 3033 3395 3103 γενέσθαι
3422 3032 3534 3102 ι54)
3561 3032 3667 3084 τῶν

401 3127 514 3175 tem
567 3119 930 3174 indiﬂerentia
968 3119 1217 3188 iudicas,
1277 3119 1501 3188 ignosce
1537 3117 1698 3172 nobis
1734 3118 1978 3171 commit-

2088 3125 2724 3196 ὲτεροδιδασκαλούντων.
2749 3129 2931 3190 Ὥστε,
2979 3129 3028 3180 εἰ
3073 3127 3244 3190 δοκεῖ,
3281 3126 3394 3179 τῶν
3438 3127 3668 3192 εὐπροσ-

403 3225 521 3270 tere
565 3213 900 3275 nolentibus,
957 3221 1012 3265 ut
1067 3211 1315 3266 fermenti
1365 3226 1555 3265 eorum
1591 3249 1607 3272 ,
1666 3209 1762 3278 qui
1824 3208 1981 3261 aliter

402 3303 602 3360 docent
631 3344 646 3368 ,
686 3302 982 3374 participes
1039 3301 1228 3356 simus.
1293 3301 1507 3367 Quare,
1570 3300 1614 3354 si
1661 3299 1977 3362 videbitur,

406 3396 674 3466 speciosis
699 3395 807 3450 illis
843 3393 1231 3464 praetermissis
1279 3392 1647 3454 sermonibus,
1674 3407 1796 3445 cum
1829 3391 1977 3444 omni

406 3487 659 3542 libertate
688 3501 803 3550 eos,
836 3485 927 3555 qui
957 3499 1062 3538 non
1103 3493 1249 3539 recte
1291 3484 1575 3538 ambulant
1607 3483 1662 3537 in
1702 3481 1978 3553 Evangelii

407 3579 656 3643 veritate,
682 3578 968 3648 redargue.

479 3737 590 3808 (29)
629 3736 1000 3804 Εὶρηνεύειν.
1041 3733 1193 3808 Yat._,
1237 3733 1374 3808 Beg.
1423 3734 1699 3808 secundus
1731 3739 1784 3787 et
1804 3731 1977 3808 goisl.

409 3802 1016 3876 εοέυηὶΙιιεέὐρηναίου
1055 3803 1204 3876 [sic].
1239 3802 1408 3858 Paulo
1450 3813 1572 3874 post
1609 3805 1740 3859 edit.
1800 3802 1976 3857 Paris.

406 3878 470 3930 rb
503 3879 665 3932 καλὸν
703 3875 898 3930 ἐκεῖνο.
938 3875 1098 3930 Deest
1145 3875 1334 3928 ultima
1377 3890 1483 3927 vox
1527 3876 1579 3927 in
1611 3875 1854 3943 quinque
1881 3889 1981 3927 no-

410 3949 544 4004 stris
575 3947 860 4003 codicibus
897 3955 952 4000 et
988 3947 1042 3999 in
1075 3946 1307 4000 vetustis
1341 3945 1697 3998 editionibus.

449 4020 596 4143 x5550)
625 4017 864 4071 Σκόπει.
907 4017 986 4070 Ita
1025 4024 1135 4070 tres
1165 4015 1526 4070 vetustissuni
1563 4015 1801 4069 codices.
1838 4012 1978 4067 Editi

515 4105 706 4143 πησον.

411 4105 587 4142 σκοπῇ
597 4105 706 4141 σον.

483 4107 1189 4228 ῗέῧσῗῖροσδιαλέγεσθαι.
1244 4155 1298 4228 Id
1345 4162 1459 4228 est,_
1499 4154 1543 4208 si
1579 4167 1801 4228 eorum,
1843 4166 1982 4228 quos

413 4223 700 4282 advocavit
740 4223 1082 4285 Eustathius.
1124 4226 1498 4294 amplectenda
1529 4223 1872 4294 communio;
1906 4224 1983 4276 ri-

413 4299 657 4352 diculum
691 4305 774 4351 est
812 4313 1002 4350 eorum
1041 4293 1276 4350 ducibus
1315 4294 1516 4348 Euzoio
1555 4304 1609 4347 et
1645 4293 1893 4347 Eudoxio
1927 4300 1982 4346 et

413 4369 539 4424 aliis
586 4367 1080 4436 impudentioribus
1136 4365 1356 4420 Arianis
1410 4365 1662 4419 eumdem
1718 4364 1981 4417 honorem

414 4453 524 4492 non
566 4437 784 4490 habere.

484 4507 599 4578 ('52)
652 4504 1139 4575 Προσηγάγοντο.
1197 4503 1487 4560 Medicaeus
1543 4501 1712 4558 codex
1771 4502 1983 4572 ἐπηγὰ-

450 4594 589 4631 οντο.

413 4594 602 4720 ῒοῖἒέ)
632 4647 956 4720 Eii-rwan
979 4643 1166 4720 _Coisl.
1212 4644 1489 4720 secundus
1512 4651 1581 4720 _et
1618 4640 1754 4709 Reg.
1786 4657 1985 4720 secun-

414 4711 520 4774 dus
559 4711 867 4788 emam.
917 4713 1082 4769 Iidem
1126 4715 1346 4769 codices
1400 4715 1562 4784 paulo
1615 4720 1738 4782 post
1785 4711 1984 4767 habent

413 4787 682 4841 ἑτεροδιδα
690 4786 944 4838 σκὸντων.

487 4851 750 4929 (54)]’ᾔς
787 4855 968 4929 ζύμης
1015 4853 1313 4929 γενέσθαι.
1369 4853 1545 4929 Supra
1598 4851 1979 4929 legebatur_i_n

412 4920 1001 4997 ερῖειίῖηγεύεσθαι
1023 4920 1100 4978 ’ἰη
1128 4924 1374 4997 quodam
1397 4920 1586 4997 codice
1612 4920 1722 4997 nis.
1759 4920 1862 4976 Sed
1889 4920 1981 4997 llic

414 4991 564 5051 nulla
595 4991 846 5051 codicum
881 4991 1159 5051 varietasf
1182 4993 1469 5047 Simillima
1501 4993 1704 5048 Basilio
1743 5008 1843 5047 suo
1871 4991 1986 5045 dis-

413 5070 548 5123 serit
580 5067 878 5137 Gregorius
913 5066 968 5120 in
1002 5074 1143 5119 orat.
1174 5081 1270 5126 xu,
1303 5080 1425 5137 pag.
1460 5064 1718 5137 205._ubi
1746 5061 1984 5137 declarat

412 5153 523 5190 non
582 5132 798 5192 omnem
859 5152 1045 5206 pacem
1101 5151 1224 5189 esse
1281 5132 1987 5206 amplectendam,psed‘ut

413 5207 672 5278 Optimam
710 5201 1002 5278 quamdam
1039 5201 1463 5278 dissensionem,
1497 5205 1567 5258 ita
1590 5201 1981 5278 _perniciosis-

414 5273 609 5332 simam
655 5273 948 5348 quamdam
995 5291 1119 5331 esse
1163 5274 1534 5348 concordiam.
1589 5273 1791 5348 Deinde
1843 5273 1984 5348 lianc

415 5342 942 5417 regulam'apponit,
985 5363 1106 5417 quze
1142 5362 1272 5417 cuin
1308 5343 1494 5417 Basilii
1539 5342 1746 5417 agendi
1772 5343 1985 5417 ratione

415 5408 644 5472 miriﬁce
691 5408 948 5489 congruit
979 5408 1019 5474 ι’
1044 5417 1181 5470 Ἀλλ’
1215 5408 1276 5469 οὗ
1308 5415 1406 5486 μὲν
1437 5416 1502 5469 ἂν
1535 5408 1600 5486 if
1620 5413 1864 5486 πρόδηλα
1915 5412 1983 5464 τὰ

2087 3213 2252 3269 ώπων
2313 3217 2536 3269 ἐκείνων
2575 3218 2688 3289 (55)
2722 3218 2994 3288 ἀφέμενος
3030 3217 3226 3285 λόγων,
3254 3219 3312 3268 ὲν
3343 3217 3496 3289 πάσῃ
3531 3219 3668 3286 παῤ-

2089 3306 2252 3376 ρησίᾳ
2282 3306 2466 3378 ἔλεγχε
2503 3307 2630 3372 τοὺς
2670 3308 2744 3380 μὴ
2780 3307 3200 3380 ὀρθοποδοῦντας
3230 3309 3366 3379 πρὸς
3401 3308 3502 3381 τὴν
3535 3308 3667 3377 άλή-

2087 3403 2236 3456 θειαν
2257 3397 2348 3452 τοῦ
2378 3399 2730 3468 Εύαγγελίου.

2081 3733 2484 3806 τῆςάσεϐε.ας,
2510 3734 2608 3806 καὶ
2639 3734 2793 3806 πυρὶ,
2823 3733 2916 3806 καὶ
2945 3734 3165 3806 σιδήρῳ,
3193 3735 3288 3789 καὶ
3315 3737 3551 3805 καιροῖς,
3577 3737 3670 3788 καὶ

2081 3803 2389 3876 δυνάσταις,
2439 3803 2533 3876 κα).
2579 3803 2728 3876 πᾶσι
2769 3803 3245 3876 πρότερονᾏέιόσε
3295 3803 3595 3875 χωρητέον.
3633 3808 3665 3876 ἦ

2083 3874 2182 3959 τῇς
2215 3874 2392 3959 ζύμης
2428 3872 2718 3959 μεθεκτέον
2751 3872 2849 3944 τῆς
2892 3872 3154 3959 πονηράς,
3194 3872 3667 3959 reticulata-rufis;

2083 3942 2204 3995 τέον
2229 3942 2556 4006 τοῖςκακῶς
2587 3942 2815 4014 ἔχουσι·“
2840 3945 2935 3998 καὶ
2972 3942 3121 3998 οὐδὲν
3161 3943 3306 4014 οὕτω
3346 3942 3454 3998 τῶν
3491 3947 3668 3999 ἀπάν-

2084 4031 2192 4094 των
2225 4013 2623 4094 φοϐητέονκὸές
2662 4014 2790 4068 ἄλλο
2819 4032 2871 4094 τι
2905 4015 3009 4094 πρὸ
3040 4014 3173 4094 Θεοῦ
3211 4013 3541 4094 φοϐηθῆναι,
3579 4017 3670 4094 κα)

2086 4084 2175 4136 διὰ
2211 4084 2368 4155 τοῦτο
2399 4084 2687 4155 προδοῦναι
2737 4084 3010 4155 περὶτῆς
3049 4087 3286 4155 πίστεως
3324 4084 3538 4152 λόγους,
3578 4089 3670 4140 καὶ

2089 4155 2188 4222 τῆς
2215 4149 2492 4224 ἀληθείας,
2534 4154 2760 4225 ἀληθείᾳ
2793 4149 3162 4218 δουλεύοντας⁸
3193 4149 3254 4208 οὗ
3285 4156 3342 4208 δὲ
3369 4149 3433 4208 τὸ
3465 4149 3672 4210 λυποῦν

2091 4225 2316 4298 ὑπόνοια
2342 4225 2437 4298 καὶ
2458 4225 2652 4298 φόϐος.
2677 4225 3049 4298 ἀνεξέταστος,
3081 4225 3308 4298 βελτίων
3340 4227 3434 4278 τοῦ
3469 4228 3674 4298 τάχους

2087 4297 2124 4417 ή
2154 4295 2527 4364 μακροθυμία,
2571 4296 2665 4347 καὶ
2698 4296 2797 4366 τῆς
2828 4295 3120 4358 αὐθαδείας
3160 4297 3192 4366 ἠ
3237 4295 3666 4364 συγκατάϐασις·

2125 4365 2291 4417 ’erum
2330 4365 2418 4416 ubi
2448 4374 2624 4417 averte
2651 4382 2704 4417 se
2733 4366 2907 4417 prodit
2943 4367 3206 4417 impietas.
3246 4379 3358 4417 tum
3391 4385 3532 4417 vero-
3577 4385 3666 4417 no-

2125 4365 2291 4418 ’erum
2330 4365 2418 4416 ubi
2448 4374 2624 4434 aperte
2651 4382 2704 4418 se
2733 4365 2907 4433 prodit
2943 4365 3206 4434 impietas,
3246 4379 3358 4418 tum
3391 4385 3532 4431 vero,
3577 4385 3671 4421 no-

2090 4434 2167 4487 bis
2198 4434 2520 4504 faciendum,
2559 4446 2614 4488 ut
2651 4437 2901 4488 adversus
2940 4437 3110 4505 ignem
3143 4447 3190 4490 et
3217 4437 3439 4504 ferrum,
3467 4450 3517 4492 et
3550 4451 3671 4492 tem-

2092 4521 2244 4572 pora.
2286 4514 2336 4558 et
2376 4507 2658 4574 principes,
2696 4523 2757 4558 ac
2793 4508 3011 4576 denique
3034 4507 3180 4574 prius
3208 4506 3458 4563 adversus
3489 4513 3671 4563 ontnia

2093 4579 2329 4648 cominus
2359 4576 2616 4644 feramur,
2647 4593 2805 4648 quam
2837 4585 2896 4629 ut
2938 4579 3066 4629 mali
3107 4578 3348 4646 {ermenti
3383 4583 3672 4648 participes

2093 4647 2398 4720 efﬁciamur,
2440 4663 2501 4720 ac
2547 4647 2685 4700 male
2715 4647 2916 4720 affectis
2964 4651 3338 4701 assentiamur.
3377 4649 3489 4703 Nec
3523 4647 3674 4720 quid-

2093 4733 2250 4790 quam
2277 4716 2488 4782 perinde
2518 4716 2870 4776 metuendum,
2900 4732 3145 4790 quamne
3172 4720 3298 4787 quid
3324 4722 3492 4788 magis
3517 4716 3675 4790 quam

2095 4777 2611 4848 Deum-metuamus,
2649 4804 2710 4840 ac
2737 4777 3008 4856 propterea
3037 4787 3163 4854 ﬁdei
3183 4777 3239 4842 et
3267 4777 3541 4852 verita-tis:
3559 4809 3675 4844 cum

2088 4857 2296 4909 veritati
2323 4858 2636 4920 serviamus,
2681 4857 2978 4910 doctrinam
3013 4859 3210 4926 perﬁde
3239 4859 3572 4914 deseramus.
3605 4865 3673 4914 At

2089 4943 2206 4978 cum
2233 4928 2460 4995 suspicio
2490 4927 2606 4980 sola
2648 4929 2883 4980 animum
2932 4939 3171 4981 nostrum
3222 4931 3363 4983 natale
3394 4932 3574 4994 habet,
3606 4935 3674 4983 ti-

2089 5013 2303 5067 morque
2345 4997 2506 5050 nullis
2544 5001 2702 5051 certis
2750 5000 3076 5067 argumentis
3126 4999 3366 5060 innixus,
3412 5011 3522 5054 tum
3557 5019 3675 5055 vero

2092 5066 2359 5141 lenitatem
2404 5067 2778 5141 potius_quam
2819 5066 3166 5133 celeritatem,
3219 5080 3270 5123 et
3318 5071 3674 5141 indulgentem

2090 5137 2460 5209 demissionem
2490 5137 2664 5206 potius
2703 5154 2865 5207 quam
2905 5141 3273 5209 arrogantiam
3310 5152 3361 5193 et
3397 5137 3676 5195 contuma-

2092 5208 2228 5260 ciam
2261 5207 2506 5263 adhibere
2533 5209 2789 5261 convenit.

2091 5357 2143 5401 ει
2163 5277 2302 5404 (L331
2323 5278 2614 5335 Ἐκείνων.
2659 5277 2824 5334 Deest
2858 5292 2923 5333 ea
2953 5294 3059 5334 vox
3104 5279 3159 5333 in
3195 5279 3489 5336 codicibus
3522 5281 3670 5335 Harl.
