3900 6208
242 305 348 359 935

752 423 1097 477 ΕΠΙΣΤΟΛΗ
1141 426 1229 478 ΣΝ
1234 431 1287 478 A'

1129 309 1618 367 EPISTOLARUM
1650 311 1936 369 CLASSIS
1977 314 2041 370 ll.
2073 312 2296 372 EPIST.
2343 318 2516 373 CCLI.

3400 321 3502 378 954

2313 431 2478 503 386
2513 429 2852 487 EPISTOLA
2896 430 3090 488 cccr.

237 531 684 609 Evrcseuoslaut‘lat
712 533 924 586 Basilius
957 538 1104 609 quod.
1123 545 1244 590 slent
1263 539 1328 609 in
1349 537 1466 609 (ille,
1507 553 1565 590 ac
1603 539 1786 609 gratias
1804 539 1938 609 .agit,
1963 543 2092 604 (mod
2113 556 2258 609 aures
2278 556 2370 593 non
2399 541 2695 609 prrebuerint
2721 542 2992 609 calumniis
3014 544 3434 609 quastustatltius
3453 555 3504 601 et

301 601 566 669 struere-rat,
589 596 756 669 dolens
773 611 851 666 se,
870 611 926 669 eo
948 596 1231 669 postulante,
1252 596 1370 669 ﬁdei
1396 605 1438 652 Ν
1447 596 1986 669 ἰεωιιαῑευὸδσνὶμὲἱδέθξ
2008 606 2225 669 quamvis
2243 613 2382 655 antea
2399 596 2555 669 eidem
2573 603 2690 669 ﬁdei
2713 608 2876 669 Roma:
2894 596 3267 669 subscripsisset.
3295 596 3506 660 nemon;

300 661 425 730 Strat
445 657 746 708 Eustatlnum
766 657 814 708 in
838 657 958 728 aliis
990 657 1322 730 rebussecunt
1348 663 1509 727 ipsum
1548 677 1780 730 pugnare.
1807 657 1938 714 Nam
1958 657 2068 714 cuin
2101 665 2325 730 Arianos.
2358 681 2387 714 a
2427 657 2598 730 quibus
2639 665 2883 730 depositus
2907 657 3101 730 [ιιεναιίΔ
3125 657 3503 730 ηεθιιδεειτοίίίη

299 720 555 796 episcopos
576 733 698 796 esse,
719 733 844 790 nunc
863 720 945 781 iis,
966 734 1086 786 quos
1111 722 1186 772 illi
1209 720 1572 796 ordinaverunt,
1588 720 1835 796 supplicat
1857 740 1872 776 :
1896 733 1945 796 et
1963 739 2070 775 cum
2096 720 2322 778 violenter
2342 720 2630 796 exagitasset
2651 720 2732 796 eos
2753 727 2858 796 _qui
2878 741 2988 778 cum
3012 720 3208 796 4riam§
3235 720 3503 782 communi;

303 779 964 852 cacanth‘ituncarianorum
979 779 1368 852 commuttionem
1390 779 1670 852 suppliciter
1689 779 1809 852 petit
1832 801 1848 836 .·
1868 787 1945 852 sui
1975 801 2164 851 semper
2188 779 2462 852 compendii
2478 803 2624 839 causa
2645 779 2853 852 laudans
2875 796 2958 839 aut
2992 789 3286 852 vituperans,
3320 779 3501 843 acilia-

301 840 416 920 iilio
432 840 1151 920 indicens,utplaceat
1172 840 1617 920 lfuzoiozﬂétflarat
1633 840 1854 920 .Basilius
1875 847 2023 920 [idem
2039 840 2182 920 suam
2205 840 2349 899 una'm
2371 864 2556 920 semper
2588 857 2632 901 et
2659 850 2878 902 eamdem
2899 864 3002 902 esse
3025 864 3042 901 :
3067 840 3208 914 n'egat
3246 840 3297 903 se
3324 840 3500 920 ίέρῖιξίο

301 909 404 952 tum
423 904 567 952 Patri
591 910 674 954 aut
698 904 829 955 Filio
852 904 1108 970 prwl'erre,
1133 915 1183 958 ut
1207 909 1434 963 maledici
1457 909 1754 960 dictitabant.
1778 904 2012 960 Hortatur
2031 913 2304 975 Evazsenos,
2329 919 2378 962 ut
2406 911 2454 961 iu
2472 904 2575 976 'ﬁde
2595 919 2912 976 perseverent.

687 1013 818 1080 Τοῖς
861 1017 1229 1086 Εὐαισηνοῖς
1262 1019 1398 1091 (56).

309 1127 366 1180 ﬁ.
406 1127 471 1180 Εί
503 1126 599 1180 καὶ
639 1127 775 1180 πολὺ
822 1129 884 1181 τὸ
915 1129 1120 1201 πλῆθος
1151 1131 1259 1184 τῶν
1303 1133 1663 1205 περιεχόντων
1703 1134 1813 1203 (57)

233 1219 389 1291 ἡμᾶς
439 1219 802 1292 πραγμάτων,
837 1223 932 1274 καὶ
981 1223 1227 1293 φροντίσι
1278 1225 1497 1295 μυρίαις
1536 1226 1815 1296 συνέχεται

232 1309 399 1382 ἡμῶν
429 1311 463 1381 ἡ
504 1310 732 1376 διάνοια,
771 1311 920 1382 ὅμως
968 1313 1220 1366 οὐδέποτε
1249 1315 1348 1384 τῆς
1394 1319 1612 1386 μνήμης
1660 1317 1815 1387 ἡμῶν

234 1400 569 1470 ἐξεϐάλομεν
599 1399 699 1472 τὴν
733 1402 862 1472 περὶ
906 1402 1005 1472 τῆς
1061 1403 1334 1474 ὑμετέρας
1391 1405 1610 1475 ἀγάπης
1660 1406 1812 1476 μέρι-

235 1510 403 1564 μναν,
432 1492 674 1563 δεόμενοι
703 1493 796 1546 τοῦ
831 1493 966 1546 Θεοῦ
1003 1493 1159 1564 ἡμῶν
1193 1494 1466 1564 διαμεῖναι
1490 1496 1633 1566 ὑμᾶς
1662 1498 1719 1548 ὲν
1745 1499 1810 1566 τῇ

232 1585 444 1645 πίστει,
475 1586 532 1636 ὲν
631 1584 741 1655 (38)
771 1586 1039 1656 ἑστήκατε
1086 1587 1180 1638 καὶ
1217 1588 1492 1656 καυχᾶσθε
1522 1589 1607 1639 ἐπ’
1640 1587 1812 1640 ἐλπίδι

185 1700 192 1706 ·
230 1677 338 1748 τῆς
363 1674 516 1746 δόξης
543 1675 638 1728 τοῦ
667 1675 824 1728 Θεοῦ.
854 1677 944 1746 Τῷ
985 1678 1096 1730 ὗντι
1125 1676 1232 1748 γὰρ
1264 1678 1581 1748 δυσεύρετον
1629 1679 1813 1732 λοιπὸν

230 1772 335 1825 καὶ
368 1771 507 1826 πάνυ
541 1771 764 1846 σπάνιον
794 1771 918 1825 ἰδεῖν
962 1772 1286 1843 Ἐκκλησίαν
1325 1772 1609 1845 εἰλικρινῆ,
1648 1775 1810 1846 μηδὲν

229 1866 301 1918 ὲκ
333 1863 431 1934 τῆς
455 1863 562 1916 τῶν
573 1843 796 1934 ⁸’καιρῶν
820 1863 928 1934 (59)
955 1864 1319 1936 χαλεπότητος
1347 1843 1808 1936 παραϐλαϐεἰσαν,

229 1956 353 2009 ἀλλ’
385 1956 651 2028 ἀκεραίαν
692 1955 802 2026 (40)
844 1957 938 2008 καὶ
970 1955 1275 2028 ἄθραυστον
1316 1955 1414 2027 τὴν
1447 1957 1810 2028 ἀποστολικὴν

228 2048 605 2114 διασώζουσαν
625 2048 998 2112 διδασκαλίαν,
1028 2049 1146 2104 οἵαν
1172 2049 1272 2120 τὴν
1294 2050 1414 2102 καθ’
1440 2050 1584 2120 ὑμᾶς
1613 2049 1809 2116 ἔδειξεν

227 2143 288 2194 ἐν
319 2143 436 2203 τοῖς
462 2140 698 2210 παροῦσι
727 2143 935 2213 καιροῖς
961 2143 989 2194 ὁ
1020 2142 1340 2204 ἀναδεικνῦς
1367 2141 1492 2204 τοὺς
1523 2140 1643 2194 καθ’
1677 2141 1808 2195 ἑκά-

229 2248 369 2302 στην
401 2232 592 2300 γενεὰν
619 2231 800 2296 ἀξίους
839 2231 938 2302 τῆς
989 2232 1180 2286 ἑαυτοῦ
1227 2233 1489 2303 κλήσεως.
1537 2235 1650 2286 Kal
1695 2230 1806 2304 δῴη

228 2323 442 2395 Κύριος
485 2325 614 2394 ὑμῖν
659 2323 728 2377 τὰ
757 2325 937 2394 ἀγαθά
977 2326 1332 2396 Ἰερουσαλὴμ
1377 2326 1476 2395 τῆς
1513 2325 1644 2392 ἄνω,
1691 2325 1806 2379 ἀνθ’

228 2411 306 2469 ὦν
339 2417 441 2480 τὰς
489 2416 706 2486 ψευδεῖς
761 2417 880 2470 καθ’
933 2395 1090 2488 ἡμῶν
1135 2395 1387 2481 διαϐολὰς
1420 2418 1512 2470 ἐπὶ
1558 2417 1658 2480 τὰς
1703 2417 1812 2470 τῶν
1846 2395 1888 2454 Β

226 2509 573 2579 ψευδολόγων
613 2510 855 2579 κεφαλὰς
907 2510 1327 2580 ἀπεπέμψασθε,
1377 2510 1452 2582 μὴ
1488 2509 1672 2571 δόντες
1717 2509 1814 2562 αὑ·-

227 2606 347 2666 τοῖς
377 2601 578 2656 εἴσοδον
625 2603 718 2656 ἐπὶ
758 2603 858 2666 τὰς
903 2601 1132 2673 καρδίας
1171 2601 1346 2672 ὑμῶν.
1401 2601 1510 2654 Καὶ
1550 2595 1666 2654 οἴδα
1718 2601 1813 2654 καὶ

226 2695 536 2764 πέπεισμαι
570 2695 628 2748 ὲν
662 2695 874 2765 Κυρίῳ,
918 2697 1001 2748 ὅτι
1046 2696 1074 2748 ὁ
1129 2694 1318 2765 μισθὸς
1363 2694 1516 2765 ὑμῶν
1547 2693 1712 2756 πολὺς
1754 2695 1811 2745 ὲν

225 2790 345 2850 τοῖς
371 2788 620 2858 οὐρανοῖς
655 2787 787 2857 (41),
831 2790 924 2842 καὶ
955 2789 1047 2840 ἐπὶ
1077 2791 1142 2859 τῇ
1189 2787 1382 2860 πράξει
1432 2787 1624 2860 ταύτῃ.
1670 2786 1813 2840 Ἐλο-

228 2877 459 2948 γίσασθε
503 2878 611 2950 γὰρ
651 2878 807 2932 τοῦτο
856 2879 1034 2948 σοφῶς
1081 2881 1210 2950 παρ’
1242 2881 1471 2943 ἑαυτοῖς,
1516 2879 1545 2931 ὃ
1579 2877 1673 2931 καὶ
1697 2878 1812 2931 ἔστι

226 2973 355 3027 κατ’
403 2972 680 3042 ἀλήθειαν,
729 2972 810 3024 ὃτι
867 2974 915 3024 οἱ
959 2971 1398 3034 ἀνταποδιδόντες
1457 2989 1546 3042 μοι
1599 2970 1810 3040 πονηρά

226 3065 354 3119 ἀντὶ
386 3065 566 3118 καλῶν
595 3063 733 3134 (42),
765 3064 860 3116 καὶ
892 3066 1045 3134 μῖσος
1067 3064 1185 3117 ἀντὶ
1218 3063 1318 3132 τῆς
1349 3061 1678 3134 ἁγαπήσεὼς
1708 3079 1810 3132 μου

225 3159 332 3228 τῆς
356 3158 436 3220 είς
463 3156 681 3218 αὐτοὺς,
712 3155 1059 3209 διαϐάλλουσί
1087 3172 1155 3225 με
1199 3155 1292 3208 νῦν
1327 3157 1412 3207 ἐπ’
1443 3155 1694 3219 ἐκείνοις,
1729 3156 1809 3217 είς

225 3249 262 3303 ἀ
304 3250 460 3302 αὐτοὶ
503 3248 845 3318 εὑρίσκονται
887 3247 1195 3318 ἐγγράφους
1241 3247 1350 3318 (45)
1389 3245 1677 3316 ὁμολογίας
1721 3249 1808 3298 ὲκ-

225 3342 476 3412 θέμενοι.

301 3431 358 3486 2.
401 3432 512 3486 Kal
548 3430 609 3485 οὐ
651 3431 811 3501 μόνον
857 3431 937 3492 εἰς
978 3429 1183 3501 ταύτην
1235 3429 1488 3483 ἐνέπεσον
1521 3429 1618 3500 τὴν
1665 3430 1810 3483 ἐναν-

226 3522 442 3587 τίωσιν,
477 3523 586 3576 ῐδια
625 3521 876 3593 ἔγγραφα
919 3522 1046 3592 ὑμῖν
1081 3521 1202 3574 ἀντὶ
1235 3521 1570 3592 κατηγορίας
1603 3521 1806 3592 προφέ-

231 3631 423 3684 ροντες
473 3615 607 3685 (44),
656 3614 768 3668 ἀλλ’
796 3614 879 3666 ὅτι
911 3613 1005 3665 καὶ
1038 3612 1302 3682 παμψηφ).
1344 3613 1453 3683 (45)
1505 3611 1657 3682 παρὰ
1700 3610 1807 3664 τῶν

229 3705 594 3759 συνελθόντων
624 3707 705 3768 είς
729 3705 826 3776 τὴν
858 3703 1426 3759 Κωνσταντινούπολιν
1455 3702 1809 3774 καθαιρεθέν-
1834 3733 1879 3794 C

226 3815 344 3862 τες,
393 3798 493 3851 οὐκ
539 3796 786 3862 ἐδέξαντο
831 3797 929 3867 τὴν
975 3796 1290 3869 καθαίρεσιν
1341 3796 1541 3860 αὐτῶν,
1593 3795 1809 3849 σύνοδον

227 3889 571 3945 ἀθετοῦντων
601 3889 1118 3960 προσαγορεύοντες,
1153 3890 1246 3941 καὶ
1281 3889 1354 3959 μὴ
1389 3887 1809 3958 καταδεχόμενοι

228 3981 567 4044 ἐπισκόπους
615 3982 812 4044 αὐτοὺς
847 3981 1045 4050 λέγειν,
1079 3983 1164 4034 ἵνα
1215 3980 1288 4052 μὴ
1330 3981 1427 4051 τὴν
1476 3980 1598 4033 κατ’
1630 3979 1808 4032 αὐτῶν

227 4069 598 4141 ἑξενεχθείσαν
670 4069 848 4141 ψῆφον
924 4069 1244 4141 κυρώσωσι.
1294 4071 1404 4122 Kal
1463 4068 1560 4140 τὴν
1629 4069 1807 4122 αἰτίαν

227 4161 624 4234 προσετίθεσαν
643 4162 737 4215 τοῦ
777 4161 851 4233 μὴ
884 4157 1023 4216 εἶναι
1057 4163 1252 4225 αὐτοὺς
1281 4161 1630 4225 ἐπισκόπους,
1674 4160 1807 4213 διότι

228 4253 515 4322 αἱρέσεως,
574 4252 726 4324 φησὶ,
782 4253 1028 4322 πονηρᾶς
1078 4253 1471 4321 προεστήκασι.
1530 4249 1714 4303 Ταῦτα
1748 4249 1806 4302 δὲ

301 4407 346 4439 ’⁸
384 4405 532 4462 Psal.
573 4421 734 4473 cvm,
775 4405 826 4460 5.

300 4561 416 4634 (56)
446 4561 827 4634 Εὐαισηνοῖς.
853 4562 1264 4634 (Ζοιειιιπιῐηιιξ
1296 4575 1663 4634 ουαεισηνοις,
1683 4568 1796 4634 tum

226 4629 422 4688 eadem
457 4648 619 4686 manu
642 4633 858 4686 additur
888 4647 978 4699 γρ.
1008 4630 1310 4692 Θυσιανοῖς,
1334 4631 1585 4699 scriptum
1607 4629 1804 4683 inveni-

229 4714 339 4766 tur,
368 4701 670 4770 Thysiam‘s.
711 4701 893 4755 Codex
926 4699 1216 4754 Mediczeus
1260 4699 1562 4764 Εὑασινοῖς,
1602 4699 1802 4770 Regius

227 4773 508 4828 secundus
539 4770 874 4842 Εὺὸισηνοῖς.

301 4843 414 4912 (57)
441 4837 861 4912 Περιεχόντων,
889 4841 966 4895 Ita
993 4855 1086 4895 sex
1108 4856 1242 4912 mss.
1272 4839 1510 4894 codices.
1535 4837 1676 4891 Editi
1705 4855 1801 4912 πε-

268 4908 547 4981 ισχόντων.
597 4908 801 4967 Ibidem
835 4911 944 4964 duo
982 4911 1316 4966 recentiores
1369 4925 1502 4965 mss.
1554 4908 1797 4978 φροντίσι

293 4979 720 5052 ιῦαῖς,γ9ναυέὸιιδ
759 4982 922 5052 curis.

301 5053 416 5123 (7'58)
464 5045 565 5123 Ἑν
677 5049 1209 5123 Praepositioaddita
1229 5064 1292 5102 ex
1327 5047 1607 5123 codicibus
1628 5046 1791 5123 Med_.,

225 5117 407 5187 Coisli
441 5117 616 5187 primo
653 5131 708 5176 et
733 5117 910 5176 tribus
946 5119 1091 5174 aliis.
1126 5119 1286 5174 Deest
1329 5117 1441 5172 haec
1485 5119 1712 5187 epistola
1739 5118 1796 5172 in

226 5184 424 5245 codice
442 5184 752 5246 Harlaaano.
788 5189 990 5246 Ibidem
1021 5189 1224 5260 Regius
1249 5184 1601 5260 secundus—et
1621 5187 1792 5260 Coisl.

227 5261 509 5331 secundus
526 5260 852 5331 καυχᾶσθαι,
874 5271 924 5331 et
952 5257 1267 5329 gloriamini.
1286 5257 1454 5311 Paulo
1483 5266 1603 5331 post
1634 5257 1796 5331 iidem

227 5331 449 5402 codices
499 5328 701 5386 habent
751 5328 1090 5402 δυσεύρετον,
1145 5343 1244 5400 pro
1289 5343 1354 5383 eo
1386 5328 1533 5398 quod
1575 5336 1695 5383 erat
1739 5328 1797 5381 in

225 5401 403 5472 editis
421 5400 768 5472 δυσάρεστον.

298 5469 412 5539 (59)
446 5467 571 5524 Τῶνί
593 5471 831 5540 καιρῶν.
863 5469 1161 5526 Vaticanus
1186 5469 1378 5534 codex,
1404 5467 1571 5524 Coisl.
1601 5483 1799 5524 secun-

225 5539 347 5612 dus!
362 5547 416 5612 et
448 5541 578 5612 Reg.
623 5539 898 5597 secundus
936 5541 1028 5612 τοῦ
1053 5540 1269 5612 καιροῦ.

299 5610 414 5680 (40)
449 5608 600 5665 Ἀλλ’
627 5612 930 5679 ἀκεραίαν.
960 5611 1083 5666 Haec
1111 5608 1312 5666 desunt
1339 5609 1393 5663 in
1426 5608 1594 5680 Coisl.
1624 5609 1798 5677 primo

234 5688 283 5734 et
310 5678 431 5751 uno
457 5696 521 5734 ex
555 5678 742 5737 tribus
757 5682 960 5751 Regiis.
997 5682 1116 5737 Non
1150 5684 1322 5735 multo
1358 5689 1481 5750 post
1512 5678 1798 5735 Medicqu

235 5749 401 5804 :odex
441 5751 549 5804 Kal
581 5751 695 5812 δοίη
735 5749 956 5816 Κύριος.

2569 1022 2859 1078 vasenis.

1996 1135 2048 1188 1.
2092 1135 2205 1190 Etsi
2233 1150 2461 1205 magnus
2501 1151 2764 1193 numerus
2796 1139 3160 1195 detinentium
3203 1156 3307 1196 nos
3334 1157 3503 1212 nego-

1923 1227 2123 1281 tiorum
2145 1266 2160 1290 ,
2193 1228 2771 1300 sollicitudinibusque
2801 1231 3035 1288 infinitis
3074 1242 3378 1304 occupatur
3401 1250 3501 1288 no-

1924 1329 2036 1371 Ster
2071 1317 2285 1370 animus
2309 1355 2324 1381 ,
2357 1333 2637 1387 nunquam
2684 1325 2870 1374 tamen
2919 1337 2949 1375 c
3005 1323 3273 1377 memoria
3311 1319 3500 1378 no’stra

1921 1407 2254 1478 projecimus
2313 1415 2510 1462 vestrae
2566 1410 2854 1466 charitatis
2918 1427 3143 1479 curam,
3210 1425 3498 1484 precantes

1921 1497 2090 1552 Deum
2125 1505 2372 1552 nostrum
2405 1510 2464 1554 ut
2498 1503 2864 1569 permaneatis
2893 1503 2948 1556 in
2981 1504 3116 1570 fide,
3144 1506 3199 1560 in
3243 1490 3350 1578 qua
3385 1517 3514 1584 sta-.

1923 1589 1990 1642 tis
2039 1596 2093 1641 et
2122 1589 2430 1658 gloriamini
2488 1591 2540 1643 in
2607 1608 2703 1661 spe
2733 1593 2922 1664 glorise
2975 1594 3090 1649 Dei.
3144 1596 3278 1650 Nam
3310 1614 3499 1654 revera

1920 1677 2135 1733 difﬁcile
2163 1678 2274 1748 jam
2330 1680 2553 1735 inventu
2610 1699 2675 1736 ac
2728 1699 2958 1754 prorsus
2993 1701 3214 1752 rarum,
3248 1689 3498 1745 Ecclesia

1920 1771 2132 1825 sincera
2161 1812 2176 1836 ,
2212 1773 2348 1826 nihil
2381 1788 2444 1826 ex
2475 1781 2782 1844 temporum
2820 1777 3142 1834 difﬁcultate
3194 1779 3321 1836 laesa
3345 1822 3360 1845 ,
3403 1782 3498 1836 sed

1918 1863 2187 1935 integram
2220 1874 2274 1920 et
2300 1866 2623 1922 inoll‘ensam
2655 1885 2884 1926 servans
2909 1873 3268 1941 apostolicam
3294 1875 3498 1930 doctri-

1918 1969 2075 2020 nam,
2106 1957 2324 2026 qualem
2362 1967 2598 2014 vestram
2638 1961 2881 2015 ostendit
2913 1961 3000 2016 his
3030 1964 3371 2034 temporibus
3396 1965 3499 2021 Ec-

1918 2047 2143 2102 clesiam
2175 2049 2270 2119 qui
2318 2049 2642 2108 manifestos
2680 2051 2736 2106 in
2785 2055 3019 2123 singulis
3046 2057 3494 2125 generationibus

1919 2137 2052 2194 facit
2080 2155 2174 2196 eos
2195 2181 2209 2206 ,
2243 2142 2338 2211 qui
2371 2143 2546 2212 ipsius
2580 2145 2870 2201 vocatione
2903 2146 3055 2216 digni
3093 2157 3239 2203 sunt.
3290 2150 3368 2204 Ac
3404 2149 3496 2205 det

1916 2231 2071 2286 vobis
2121 2231 2384 2290 Dominus
2417 2235 2560 2289 bona
2585 2235 2890 2292 Jerusalem
2945 2254 3198 2309 superna:
3223 2281 3238 2305 ,
3273 2257 3373 2312 pro
3423 2258 3492 2298 eo

1917 2321 2062 2390 quod
2103 2322 2271 2380 falsas
2301 2333 2496 2380 contra
2533 2341 2634 2381 nos
2668 2329 2976 2384 calumnias
3018 2331 3074 2384 in
3106 2332 3488 2388 mentientium

1916 2417 2095 2484 capita
2144 2417 2452 2485 rejecistis,
2497 2419 2721 2473 minime
2772 2421 2967 2475 dantes
3022 2422 3100 2477 eis
3169 2423 3378 2477 aditum
3435 2425 3495 2482 in

1916 2505 2083 2561 corda
2133 2514 2339 2562 vestra.
2372 2507 2438 2561 Et
2474 2509 2588 2563 scio
2621 2498 2680 2564 et
2707 2525 3034 2579 persuasum
3089 2513 3264 2568 habeo
3295 2514 3352 2568 in
3387 2513 3497 2569 Βοι-

1916 2599 2066 2654 mino
2086 2638 2102 2664 ,
2127 2599 2433 2654 mercedem
2465 2610 2704 2656 vestram
2733 2603 3012 2671 copiosam
3042 2619 3164 2659 esse
3204 2605 3261 2658 in
3296 2607 3453 2662 cmlis
3474 2647 3491 2675 ,

1915 2692 2000 2747 vel
2027 2693 2099 2747 ob
2126 2692 2264 2746 hanc
2291 2694 2590 2748 actionem.
2628 2693 2767 2748 lllud
2787 2695 2931 2749 enim
2964 2698 3365 2754 considerastis
3399 2715 3491 2756 sa-

1916 2784 2127 2854 pienter
2147 2775 2292 2855 apud
2318 2801 2414 2840 vos
2433 2828 2448 2850 ,
2477 2787 2624 2856 quod
2659 2786 2880 2856 quidem
2916 2796 2969 2846 et
2998 2790 3220 2844 veritati
3256 2806 3493 2846 consen-

1913 2884 2172 2941 taneum,
2208 2892 2304 2931 eos
2342 2877 2439 2946 qui
2473 2877 2783 2930 retribuunt
2839 2877 2972 2932 mihi
3022 2880 3165 2934 mala
3205 2895 3305 2950 pro
3331 2881 3492 2937 bonis

1913 2979 1967 3021 et
1998 2967 2186 3021 odium
2239 2983 2338 3036 pro
2363 2982 2484 3022 mea
2531 2969 2585 3021 in
2623 2969 2744 3024 illos
2781 2969 3164 3038 dilectione“,
3187 2973 3493 3028 calumnias

1913 3057 2048 3112 mihi
2099 3074 2246 3113 nunc
2299 3059 2372 3114 ob
2416 3075 2481 3115 ea
2533 3068 2780 3126 struere,
2817 3077 2937 3131 qua:
2990 3063 3094 3133 ipsi
3147 3066 3495 3135 reperiuntur

1913 3154 2136 3224 scriptis
2166 3154 2609 3212 confessionibus
2639 3159 3049 3228 comprobasse.

1982 3423 2036 3477 2.
2095 3422 2282 3492 Neque
2313 3423 2365 3478 in
2409 3423 2549 3480 hanc
2580 3425 2756 3480 solam
2793 3424 3112 3480 inciderunt
3167 3442 3452 3498 repugnari

1913 3516 2040 3570 tiam
2066 3558 2080 3581 ,
2107 3524 2167 3570 ut
2203 3516 2420 3586 propria
2453 3519 2657 3586 scripta
2693 3518 2854 3570 nobis
2887 3518 3141 3573 criminis
3195 3519 3316 3574 loco
3350 3519 3493 3588 obji-

1912 3616 2133 3672 cerent,
2183 3608 2277 3663 sed
2309 3609 2472 3662 etiam
2509 3610 2766 3664 omnibus
2813 3609 3092 3680 suﬂ‘ragiis
3125 3613 3194 3664 ab
3245 3612 3349 3674 iis,
3397 3612 3490 3682 qui

1911 3713 2214 3755 convenere
2244 3699 2778 3770 Constantinopolim
2803 3741 2817 3765 ,
2849 3702 3084 3771 depositi
3113 3743 3126 3764 ,
3167 3703 3388 3756 illorum
3417 3705 3487 3759 de

1910 3790 2246 3860 depositione
2293 3791 2572 3845 decretum
2633 3808 2744 3846 non
2797 3801 3122 3862 receperunt
3151 3832 3166 3856 ,
3216 3794 3485 3864 synodum

1910 3883 2200 3951 impiorum
2247 3883 2580 3952 appellantes
2608 3923 2622 3945 ,
2654 3900 2757 3938 nec
2785 3884 2995 3954 dignati
3036 3885 3325 3955 episcopos
3357 3887 3482 3942 illos

1912 3973 2218 4043 appellare,
2247 3989 2317 4028 ne
2357 3975 2522 4028 latam
2559 3983 2754 4028 contra
2811 3991 2872 4030 se
2911 3976 3237 4029 sententiam
3284 3977 3487 4030 confir-

1911 4074 2140 4118 marent.
2191 4064 2258 4119 Et
2303 4081 2523 4120 causam
2589 4067 2948 4136 adjecerunt,
2991 4082 3092 4120 cur
3144 4083 3254 4122 non
3300 4055 3488 4124 essent

1911 4157 2154 4227 episcopi
2183 4177 2194 4212 :
2225 4172 2290 4212 eo
2315 4159 2460 4227 quod
2488 4159 2733 4221 hazresis,
2755 4157 3007 4222 aiebant,
3041 4157 3268 4212 nefaria:
3293 4167 3481 4214 essent

1911 4249 2178 4320 signiferi.
2214 4247 2340 4303 Haec
2394 4256 2576 4304 autem
2639 4259 2941 4304 evenerunt
2997 4258 3125 4305 ante
3182 4251 3371 4306 decem
3432 4258 3489 4306 et

1974 4557 2086 4632 (41)
2110 4557 2314 4632 Πολὺς
2338 4558 2431 4632 ἐκ,
2451 4567 2556 4611 etc.
2595 4556 2888 4632 Medicmus
2913 4574 3046 4632 cum
3075 4562 3322 4632 quinque
3361 4564 3485 4618 aliis

1904 4629 2070 4700 πολὺς
2105 4629 2162 4680 ὲν
2189 4631 2252 4700 τῇ
2288 4627 2482 4698 πράξει
2511 4628 2705 4700 ταύτῃ,
2743 4631 2957 4684 caeteris
2998 4627 3246 4700 otnissis:
3286 4634 3486 4687 Coisli-

1904 4699 2103 4752 nianus
2137 4699 2345 4772 primus
2368 4699 2783 4772 conscntitCum
2807 4701 2988 4772 editis.
3012 4699 3128 4754 Non
3162 4703 3334 4772 multo
3364 4713 3486 4772 post

1905 4776 2142 4838 quatuor
2173 4769 2390 4838 codices
2421 4784 2528 4822 non
2567 4771 2926 4824 vetustissimi
2963 4769 3374 4834 ἀνταποδόντεςζ

1977 4838 2086 4910 (42)
2119 4837 2348 4910 Καλρν.
2387 4839 2464 4892 lta
2512 4838 2681 4910 Cttis'.
2718 4841 2928 4910 primus
2958 4848 3011 4894 et
3039 4839 3178 4894 Med.
3213 4856 3339 4894 cum
3373 4858 3481 4897 uno

1903 4925 1969 4963 ex
1989 4977 1993 4978 ν
2011 4907 2213 4978 Regiis.
2245 4907 2384 4962 Editi
2411 4907 2652 4976 ἀγαθῶν.

1996 4978 2084 5047 45)
2119 4978 2497 5046 Ἐγγράςρους.
2526 4978 2622 5031 Hic
2649 4980 2803 5033 locus
2826 4979 3136 5033 illustratur
3157 4995 3222 5033 ex
3249 4979 3483 5048 epistola

1901 5046 2032 5112 244,
2062 5046 2114 5101 η.
2151 5049 2203 5110 5,
2243 5049 2334 5102 ubi
2378 5049 2612 5102 Basilius
2659 5049 2909 5116 miratur,
2961 5065 3060 5102 cur
3089 5050 3250 5103 bilem
3283 5046 3485 5104 Eusta-

1907 5118 2004 5170 thii
2035 5118 2170 5171 adeo
2201 5121 2431 5172 moverit
2460 5119 2531 5172 ob
2559 5120 2891 5187 postulatam
2923 5118 2990 5172 ab
3011 5134 3077 5173 eo
3102 5119 3220 5173 fidei
3251 5118 3482 5174 Nicmnte

1903 5187 2346 5253 confessionem;
2383 5204 2509 5241 cum
2551 5188 2799 5256 ejusdem
2834 5188 2957 5241 ﬁdei
2985 5189 3264 5244 confessio
3296 5190 3482 5244 Roma:

1908 5265 2174 5330 servetur,
2189 5259 2461 5330 Eustathii
2478 5273 2640 5312 manu
2657 5259 2884 5328 scripta,
2905 5273 2935 5312 a
2953 5261 3237 5328 quoetiam
3271 5263 3482 5330 synodo

1905 5326 2178 5395 Tyanensi
2215 5328 2398 5383 oblata
2431 5339 2536 5383 est.

1975 5398 2086 5468 (44)
2119 5397 2544 5469 Προφέροντες.
2579 5397 2654 5452 Ita
2682 5397 2850 5454 Coisl.
2880 5399 3090 5469 primus
3111 5408 3166 5454 et
3188 5397 3329 5454 Med.
3353 5414 3479 5454 cum

1903 5468 2084 5540 tribus
2117 5469 2260 5522 aliis.
2288 5468 2432 5540 Editi
2454 5469 2882 5540 προσφέροντες.

1978 5539 2089 5608 (45)
2117 5538 2432 5612 Παμψξηφί.
2454 5536 2761 5612 Vaticanus
2774 5539 2952 5612 codex
2976 5539 3285 5612 παμψηφεί.
3311 5537 3480 5612 Paulo

1907 5617 2031 5678 post
2068 5609 2235 5661 multa
2271 5609 2472 5680 desunt
2514 5610 2567 5662 in
2619 5609 2957 5662 Coisliniano
2993 5609 3170 5680 primo
3213 5618 3268 5664 et
3303 5610 3480 5664 tribus

1907 5681 2052 5738 aliis,
2081 5680 2142 5752 in
2173 5679 2392 5752 quibus
2413 5680 2610 5752 legitur
2640 5679 3001 5752 ἐπισκόπους,
3025 5680 3158 5734 διότι
3192 5679 3476 5752 αἱρέσεως.

2027 5698 2052 5738 ι,
2091 5694 2142 5729 ll]
2173 5694 2373 5746 QIIIDIIS
2414 5694 2460 5732 te
2505 5694 2610 5732 lllll‘
2640 5694 2992 5743 επισκοπους,
3025 5709 3026 5720 ι

2027 5750 2176 5804 Alias
2211 5747 2416 5802 LXXII.
2457 5694 2671 5812 gemma
2699 5766 2842 5804 almo
2873 5750 3026 5822 376..
