3900 6208
392 361 495 419 935

1835 340 1892 396 S.
1931 336 2174 394 BASILII
2214 335 2428 393 MAGNI

3545 328 3646 386 I36

395 482 601 543 septem
621 486 730 526 non
762 477 985 526 exactos
1022 480 1220 522 annos.
1264 462 1433 518 Erant
1466 469 1649 517 autem
1678 459 1847 515 duces
1871 470 1968 512 eo-

2098 454 2284 522 γένετο
2333 452 2444 522 (46)
2497 451 2603 523 πρὸ
2633 450 2767 504 δέκα
2819 447 2915 503 καὶ
2963 448 3105 501 ἑπτὰ
3157 447 3257 517 οὐχ
3304 443 3440 499 ὅλων
3491 444 3645 503 ἐτῶν.

393 582 517 623 rum
537 604 554 630 ,
582 564 676 635 qui
727 562 852 619 illos
893 561 1203 631 deposuere
1228 597 1244 623 ,
1293 553 1581 609 Eudoxius
1604 592 1619 617 ,
1655 549 1923 620 Evippius
1949 586 1965 613 ,

395 657 695 728 Georgius,
745 652 977 708 Aeacius
1018 656 1073 705 et
1118 649 1212 703 alii
1254 646 1412 702 vobis
1451 643 1646 713 ignoti.
1703 641 1806 707 Qui
1837 654 1968 694 vero

396 765 547 806 nunc
574 749 631 804 in
656 745 919 802 Ecclesiis
936 741 1316 803 dominantur,
1340 751 1531 794 eorum
1562 735 1725 806 387
1751 747 1972 788 succes-

399 856 554 897 sores
579 846 742 903 sunt,
773 836 865 891 alii
893 835 1114 889 illorum
1149 832 1274 887 loco
1301 829 1582 893 ordinati,
1610 825 1701 880 alii
1733 825 1802 879 ab
1833 823 1970 895 ipsis

398 929 705 990 constituti.

469 1110 523 1165 '5.
554 1107 710 1162 Nunc
753 1105 922 1175 igitur
963 1102 1055 1172 qui
1103 1116 1206 1156 nos
1238 1113 1418 1170 prava:
1456 1095 1723 1151 doctrinae
1750 1095 1972 1149 nomine

398 1202 690 1261 incusant,
721 1198 911 1252 dicant
940 1194 1100 1250 nobis
1122 1233 1137 1256 ,
1173 1190 1450 1262 quomodo
1484 1189 1723 1243 haeretici
1749 1186 1970 1257 quidem

396 1292 602 1347 fuerint
635 1290 708 1355 ii,
740 1302 975 1358 quorum
1028 1284 1312 1340 decretum
1351 1282 1418 1336 de
1465 1280 1812 1350 depositione
1862 1292 1975 1333 non

398 1380 766 1453 receperunt?
808 1378 1086 1451 quomodo
1120 1389 1250 1430 vero
1278 1373 1574 1428 orthodoxi
1609 1371 1733 1435 isti,
1772 1369 1867 1441 qui
1913 1368 1981 1423 ab

399 1477 510 1531 illis
540 1472 827 1529 constituti
852 1477 1018 1535 sunt,
1052 1476 1107 1523 et
1134 1467 1383 1523 eamdem
1419 1464 1745 1519 sententiam
1779 1475 1844 1535 ac
1877 1474 1976 1528 pa-

403 1574 518 1620 tres
541 1563 628 1619 sui
657 1559 1026 1618 conservant?
1055 1556 1191 1610 Nam
1230 1556 1277 1610 si
1318 1552 1662 1609 orthodoxus
1684 1549 1971 1620 Evippius,

401 1654 680 1726 quomodo
710 1667 821 1706 non
851 1651 1029 1705 laicus
1064 1646 1405 1711 Eustathius,
1429 1645 1523 1716 qui
1552 1644 1621 1698 ab
1660 1658 1728 1697 eo
1757 1642 1980 1711 deposi-

2070 538 2253 597 τΗσαν
2304 542 2360 594 δὲ
2411 543 2460 595 οί
2505 540 2725 615 ἔξαρχοι
2770 538 2880 594 τῶν
2925 538 3265 592 καθελόντων
3295 536 3515 599 αὐτοὺς,
3549 536 3649 587 Εὑ-

2070 636 2261 702 δόξιος,
2293 636 2580 697 Εὑίππιος.
2615 631 2908 704 Γεὼργιος,
2954 631 3227 694 Ἀκάκιος,
3259 629 3356 683 καὶ
3392 629 3440 681 οἱ
3480 628 3650 681 λοιποὶ

2072 731 2179 783 τῶν
2202 731 2330 801 ὑμῖν
2361 730 2472 799 (47)
2491 726 2889 796 ἀγνοουμένων.
2912 725 2975 777 Οἱ
3005 724 3063 776 δὲ
3080 723 3174 777 νῦν
3196 722 3531 793 κρατοῦντες
3548 723 3649 790 (48)

2073 820 2181 875 τῶν
2198 819 2557 890 Ἐκκλησιῶν,
2586 818 2810 872 ἐκείνων
2837 816 2947 869 εἰσ).
2990 815 3224 885 διάδοχοι
3248 831 3263 845 ⁸
3296 816 3349 868 οί
3382 815 3505 885 μὲν,
3547 814 3654 867 ἀντ’

2075 913 2253 968 αὐτῶν
2301 910 2792 984 χειροτονηθέντες,
2840 907 2891 959 oi
2942 906 3019 969 δὲ,
3070 906 3160 959 ὁπ’
3206 904 3438 959 ἐκείνων
3481 906 3657 961 αὐτῶν

2077 1005 2460 1078 προαχθέντες.

2146 1100 2200 1154 5.
2241 1098 2355 1151 Νῦν
2395 1093 2487 1150 οῦν
2518 1096 2567 1148 oi
2614 1095 2747 1165 ἡμῖν
2791 1093 2891 1166 τὴν
2935 1089 3255 1157 κακοδοξίαν
3298 1089 3659 1158 ἐγκαλοῦντες

2079 1192 2394 1246 εἰπάτωσαν
2445 1192 2597 1260 ἡμῖν,
2631 1187 2749 1251 πῶς
2796 1188 2894 1259 μὲν
2944 1186 3213 1257 αἱρετικοὶ¹
3245 1180 3391 1256 ἦσαν
3444 1184 3661 1247 ἐκεῖνοι,

2080 1278 2155 1338 ὧν
2179 1283 2278 1356 τὴν
2329 1282 2646 1354 καθαίρεσιν
2678 1281 2779 1333 οὐκ
2827 1277 3105 1343 ἐδέξαντος
3144 1276 3264 1341 πῶς
3302 1276 3362 1331 δὲ
3398 1274 3664 1346 ὀρθόδοξοι

2080 1372 2226 1431 οὗτοι
2275 1378 2326 1430 οἱ
2371 1376 2502 1448 παρ’
2553 1375 2777 1429 ἐκείνων
2824 1371 3226 1445 προαχθέντες,
3283 1369 3385 1423 καὶ
3432 1368 3501 1422 τὺ
3543 1366 3668 1422 αὐτὸ

2086 1470 2339 1542 φρόνημα
2368 1470 2480 1532 τοῖς
2516 1466 2788 1537 πατράσιν
2830 1464 3009 1517 αὐτῶν
3034 1461 3427 1526 διασώζοντεςς
3462 1461 3532 1514 Εἰ
3576 1461 3668 1532 μὲν

2084 1561 2195 1633 γὰρ
2223 1558 2500 1631 ὀρθόδοξος
2526 1558 2816 1620 Εὑίππιος,
2849 1555 2968 1619 πῶς
2998 1555 3119 1625 οὐχ),
3140 1552 3326 1617 λαῖκὺς
3347 1552 3668 1616 Εὐστάθιος,

2083 1655 2113 1707 ὁ
2140 1652 2271 1724 παρ’
2319 1652 2527 1706 ἐκείνου
2576 1648 2994 1723 καθῃρημένος;
3028 1648 3079 1701 εί
3121 1645 3178 1699 δὲ
3205 1645 3491 1717 αἱρετικὺς
3536 1644 3673 1697 ἐκεῖ-

402 1757 494 1804 tus
526 1746 650 1805 est?
689 1743 786 1799 Sin
822 1753 1002 1798 autem
1035 1741 1127 1795 ille
1167 1738 1476 1803 haereticus,
1508 1733 1784 1807 quomodo
1827 1747 1975 1788 nunc

2093 1761 2196 1808 νος,
2227 1760 2344 1806 πως
2386 1741 2703 1804 κοινωνικὸς
2749 1739 3050 1794 Εὐσταθίου
3083 1737 3179 1791 νῦν
3207 1738 3343 1810 (49),
3386 1740 3416 1790 ὀ
3453 1736 3549 1790 sta
3578 1737 3672 1805 τῆς

402 1837 842 1892 communicator
874 1831 1149 1888 Eustatbii
1174 1871 1188 1895 ,
1221 1829 1315 1901 qui
1338 1829 1457 1898 ejus
1489 1842 1663 1881 manu
1698 1825 1983 1879 ordinatus

2093 1834 2291 1889 ἐκείνου
2366 1835 2548 1906 χειρὸς
2602 1830 2932 1904 προαχθείς;
3002 1829 3163 1884 Ἀλλὰ
3218 1829 3434 1924 παιδιαὶ
3495 1822 3673 1894 αὗται,

401 1930 523 1988 est?
557 1927 665 1984 Sed
710 1928 763 1982 hi
804 1934 936 1984 sunt
982 1925 1095 1980 ludi
1118 1964 1132 1988 ,
1165 1938 1305 1994 quos
1336 1931 1526 1977 contra
1562 1918 1840 1974 Ecclesias
1888 1916 1983 1972 Dei

404 2021 638 2087 ludunt;
663 2019 733 2075 ad
764 2034 920 2075 suam
953 2019 1241 2072 utilitatem
1265 2023 1320 2071 et
1351 2029 1615 2070 accusare
1645 2012 1899 2068 homines
1929 2019 1986 2065 et

404 2128 600 2169 rursus
624 2112 1010 2167 commendare
1039 2109 1440 2181 aggredientes.
1468 2104 1727 2160 Basilidis
1748 2102 1985 2172 Paphla-

402 2206 565 2278 gonis
613 2203 810 2258 altaria
854 2203 1051 2258 evertit
1103 2201 1385 2255 transiens
1418 2214 1513 2269 per
1551 2195 1983 2267 Paphlagoniam

405 2295 762 2361 Eustathius,
796 2309 861 2349 ac
897 2294 954 2348 in
995 2292 1237 2363 propriis
1277 2290 1486 2345 mensis
1518 2288 1851 2343 sacriﬁcavit
1883 2305 1897 2342 :
1933 2294 1987 2341 et

404 2403 554 2443 nunc
585 2387 817 2458 supplex
848 2392 934 2441 est
969 2383 1196 2440 Basilidi
1218 2422 1233 2445 ,
1260 2388 1322 2437 ut
1359 2381 1684 2452 recipiatur.
1712 2378 1985 2449 Segrega-

409 2481 490 2535 vit
521 2478 795 2549 Elpidium
829 2475 1304 2546 religiosissimum
1340 2472 1565 2527 fratrem
1595 2470 1667 2526 ob
1693 2470 1839 2525 illius
1861 2472 1986 2524 cuni

412 2570 832 2626 Amasiensibus
862 2567 1310 2637 coniunctionem
1337 2584 1351 2621 :
1383 2574 1438 2618 et
1467 2579 1615 2619 nunc
1654 2563 1883 2634 supplex
1904 2570 1990 2617 est

406 2660 825 2719 Amasiensibus
851 2698 866 2724 ,
896 2674 1151 2729 quaerens
1180 2673 1372 2714 eorum
1417 2655 1885 2725 coniunctionem.
1917 2653 1990 2707 ll-

408 2756 518 2810 lius
564 2763 746 2811 autem
793 2753 1057 2808 adversus
1102 2750 1391 2822 Evippium
1462 2748 1884 2819 praedicationes
1934 2757 1991 2803 et

409 2862 510 2902 vos
543 2846 648 2916 ipsi
674 2844 834 2901 scitis
866 2858 1029 2914 quam
1060 2852 1250 2899 essent
1274 2842 1578 2896 horrendae.
1616 2839 1684 2894 Et
1712 2855 1863 2895 nunc
1892 2840 1988 2910 qui

409 2936 625 3009 Evippii
651 2937 982 3009 sententiam
1005 2942 1193 2990 tenent
1217 2974 1232 2998 ,
1262 2949 1357 2989 eos
1383 2933 1641 2989 laudibus
1681 2934 1755 2988 ob
1781 2939 1988 2987 rectam

411 3031 719 3088 doctrinam
758 3031 1005 3097 extollit,
1044 3030 1206 3085 modo
1235 3037 1295 3084 ut
1339 3030 1407 3083 ad
1443 3028 1594 3083 illius
1621 3027 1991 3084 restitutionis

408 3123 686 3187 studium,
715 3137 940 3192 operam
993 3129 1217 3176 navent.
1249 3118 1359 3176 Nos
1393 3127 1576 3174 autem
1606 3117 1990 3184 traducimur,

413 3228 524 3270 non
562 3213 692 3283 quia
729 3214 864 3267 mali
903 3212 1205 3284 quidquam
1252 3211 1615 3273 admittimus.
1649 3209 1746 3264 sed
1775 3209 1907 3280 quia
1936 3209 1993 3263 id

413 3304 751 3361 existimavit
783 3304 889 3360 sibi
917 3303 1130 3359 laudem
1158 3304 1578 3358 conciliaturum
1625 3300 1770 3369 apud
1799 3300 1996 3354 Antio-

414 3396 643 3453 cbenos.
676 3395 828 3463 Quos
858 3403 1040 3450 autem
1064 3410 1210 3450 anno
1236 3397 1510 3465 praeterito
1546 3408 1610 3447 ex
1644 3392 1858 3447 Galatia
1893 3405 1990 3445 ac-

414 3488 725 3555 cersivere,
767 3495 829 3543 ut
863 3486 1115 3550 idoneos,
1149 3501 1245 3557 per
1268 3501 1409 3556 quos
1438 3485 1666 3540 liberam
1705 3483 1996 3554 episcopa-

486 3665 924 3789 (ἑέᾲξτένετο.
948 3664 1030 3719 Ita
1052 3663 1342 3719 Medicaeus
1365 3661 1536 3719 codex
1554 3677 1619 3717 cu
1628 3677 1677 3715 ni
1700 3660 1829 3720 alio.
1849 3660 1997 3717 Editi

417 3740 683 3792 δγένοντο.

449 3755 822 3877 Tigrim...
860 3803 952 3877 Sic
976 3803 1120 3859 Med.
1173 3802 1424 3877 et‘Coisl.
1462 3803 1672 3872 primus
1720 3816 1845 3857 cum
1883 3817 1995 3857 uno

417 3873 718 3949 exillegiis;
757 3876 956 3931 melius
980 3890 1152 3949 quam
1188 3873 1320 3949 editi
1353 3875 1507 3949 ἡμῖν.

490 3941 760 4017 (48)”Νῦν
788 3941 1167 4017 κραεοῶοτες.
1215 3943 1341 3998 Haec
1374 3941 1539 4017 verba
1574 3941 1997 4017 sic_re_ddipos-

419 4012 563 4084 sent,
583 4012 686 4087 'qui
721 4012 858 4071 nunc
885 4014 1148 4069 Ecclesiae
1178 4025 1385 4087 regunt.
1415 4012 1520 4068 Sed
1548 4014 1714 4067 credo
1732 4012 1996 4087 Basiliutn

418 4082 695 4156 respicere
725 4088 793 4141 ad
845 4087 1137 4141 violentam
1174 4082 1322 4156 illam
1362 4086 1694 4156 Arianorum
1739 4082 1993 4156 domina-

418 4154 655 4227 tionem,
678 4160 771 4227 qui
802 4171 900 4226 per
924 4157 1006 4212 fas
1061 4163 1126 4227 et,
1150 4155 1331 4227 Διιοίιιιδ
1386 4155 1735 4227 Θρ-Ῑεεοριιιιιβ
1763 4154 1992 4227 invade-

418 4227 573 4282 bant.
614 4223 753 4281 Hinc
776 4223 828 4279 in
858 4229 1022 4295 epist.
1063 4224 1172 4278 ’244
1210 4223 1549 4286 δυναστείαν,
1580 4223 1996 4295 dominationem

418 4294 976 4366 vocatiepiscopalem
999 4297 1217 4349 illorum
1247 4296 1590 4364 dignitatem.
1628 4294 1718 4346 Ait
1750 4295 1802 4346 in
1826 4296 1993 4363 epist.

418 4365 526 4444 εεδ
552 4365 907 4444 _Eustatbiut_i_i
942 4375 1164 4444 captare
1201 4367 1431 4444 gratiam
1476 4379 1699 4444 eorum,
1728 4367 1821 4433 qui
1857 4381 1996 4444 nunc

419 4435 784 4499 dominantur,
828 4434 937 4488 τῶν
980 4433 1073 4488 νῦν
1125 4435 1490 4505 κρατούντων,
1537 4433 1799 4505 iiuzoiutu
1851 4436 1999 4490 desi-

420 4521 617 4576 gnans.
646 4489 992 4559 Demonstrat
1016 4507 1069 4558 in
1092 4489 1251 4572 epist.
1278 4506 1404 4564 245.
1432 4489 1489 4556 ηί
1532 4503 1587 4565 4,
1620 4504 1851 4559 Arianos
1876 4489 1995 4576 oin-
2030 4489 2075 4545 Ῐ)

420 4575 513 4630 nia
537 4576 912 4632 ecclesiastica
937 4576 1121 4628 munia
1148 4576 1200 4628 in
1261 4590 1414 4629 suam
1444 4584 1768 4643 potestatem
1804 4590 1869 4629 ac
1903 4575 1991 4628 di-

420 4648 625 4701 tionem
660 4646 907 4712 redigere
938 4645 1148 4699 conari.

492 4715 603 4786 (49)
638 4714 999 4779 Κοινωνικὸς
1053 4712 1578 4786 Εὺσταθίουηνῦν.
1633 4712 1725 4766 Sic
1773 4713 1992 4786 codices

419 4783 597 4909 mss?
635 4801 771 4927 ιιέεε.
826 4800 1043 4840 summo
1077 4800 1373 4839 consensu.
1409 4784 1550 4837 Editi
1595 4783 1849 4848 κοινωνὸς
1889 4787 1993 4839 Εὑ-

420 4873 743 4927 σταίῳνν.
838 4922 970 4927 __
1322 4923 1330 4927 Α

420 4873 624 4910 σταυιω
653 4873 743 4910 τιν.

491 4874 624 4927 αυιῳ
653 4874 743 4927 ην.

491 4926 602 4996 (50)
647 4922 927 4996 Ἐαυτῶν.
950 4922 1218 4996 Ιιαβοίει.
1252 4923 1461 4994 primus
1480 4933 1533 4979 et.
1555 4922 1693 4979 Med.
1727 4939 1851 4979 cum
1884 4941 1992 4981 uno

416 5011 486 5052 ex
501 4994 714 5068 Regiis.
751 4995 906 5068 Editi,
924 4994 1125 5068 αὐτων.

510 5067 572 5121 51
582 5063 617 5138 Ῐ
644 5065 971 5138 Ἀνέτρεψε.
995 5065 1103 5138 ,δί-(ι
1132 5064 1302 5138 Coisl.
1351 5063 1561 5138 primus
1583 5074 1655 5138 et
1686 5063 1833 5138 Med.
1865 5079 1991 5138 cum

417 5134 597 5192 tribus
622 5138 769 5191 aliis.
806 5134 949 5189 Editi
983 5135 1300 5206 ἀνέστρεψε.
1342 5136 1543 5189 Ibidem
1579 5134 1719 5190 Med.
1762 5134 1990 5206 περιών.

490 5207 599 5277 (52)
644 5206 1141 5277 ΤῶνίἈμασέων.
1190 5206 1607 5277 Αωαεὶειιδὶυιηγ
1642 5208 1864 5277 nomine
1904 5209 1991 5277 in-

417 5270 611 5347 telligit
637 5270 893 5347 Basilius;
922 5294 1031 5332 non
1064 5278 1212 5331 cives
1236 5276 1489 5347 Amasiae,
1519 5276 1613 5331 sed
1640 5276 1805 5344 hujus
1837 5270 1991 5331 urbis

416 5345 757 5418 episcopum.
789 5345 909 5400 Non
952 5350 1098 5402 enim
1144 5346 1360 5416 populis
1390 5347 1739 5418 supplicabat
1789 5347 1992 5400 Eusta-

416 5419 587 5480 thius,
608 5417 717 5472 sed
753 5419 1048 5487 episcopis,
1076 5433 1312 5487 quorum
1346 5420 1577 5487 gratiam
1624 5417 1899 5487 ambiebat
1931 5425 1991 5470 ut

416 5486 1120 5560 episcopatum’retineret;
1140 5486 1267 5560 Sed_
1300 5486 1460 5560 paulo
1494 5487 1747 5560 posthis
1778 5486 1987 5560 verbis,

416 5555 726 5628 {npbcﬁobg
757 5560 833 5628 ἐν
860 5557 1179 5628 Ἀντιοχείᾳ,
1228 5555 1510 5611 Euzoium
1530 5557 1782 5628 designat
1811 5555 1989 5628 _-Basi-'

417 5572 552 5626 προς
584 5572 709 5621 τους
757 5572 815 5610 εν
865 5572 1035 5610 Ἀντιο
1073 5574 1179 5622 εια,
1228 5572 1491 5611 nuzonum
1530 5572 1647 5612 uesr

417 5625 544 5707 lius.
566 5625 874 5707 lii-epistola
893 5627 1000 5681 244
1025 5576 1430 5707 ἐὶξὸρυιίιιιηοε
1451 5572 1684 5707 vocat.

416 5694 697 5766 Nicopolis
723 5697 1064 5766 episcOpum,
1096 5694 1427 5752 Sebastenos
1450 5698 1506 5750 in
1537 5698 1700 5766 epist.
1739 5695 1842 5749 129
1876 5695 1986 5750 Ευ-

417 5765 682 5820 stalhittm
724 5764 1106 5822 sebast‘enum.
1146 5766 1262 5822 lluc
1305 5766 1536 5831 accedit.
1568 5764 1715 5827 quod
1761 5766 1986 5823 Amasia

1689 5626 1985 5681 heodotum

2085 1927 2227 1983 κατὰ
2265 1926 2373 1981 τῶν
2390 1926 2726 1997 Ἐκκλησιῶν
2755 1924 2849 1979 τοῦ
2881 1923 3015 1979 Θεοῦ
3062 1921 3413 1994 παιζόμενξμ,
3450 1922 3595 1996 πρὸς
3618 1921 3676 1974 τὸ

2085 2019 2295 2074 ἑαυτῶν
2334 2019 2447 2088 (50)
2496 2018 2798 2089 συμφέρον,
2848 2017 2942 2070 καὶ
2983 2015 3290 2070 διαϐάλλειν
3322 2014 3677 2087 ἀνθρώπως,

2086 2110 2181 2163 καὶ
2228 2109 2391 2162 πάλιν
2440 2110 2699 2179 συνιστᾷν
2753 2106 3199 2180 ἐπιχειρούντων.
3245 2106 3328 2161 Τά
3356 2105 3676 2159 Βασιλείδου

2085 2200 2179 2253 τοῦ
2218 2199 2572 2269 Παφλαγόνος
2608 2198 2968 2271 θυσιαστήρια
3011 2198 3275 2271 ἀνέτρεψε
3316 2198 3434 2270 (51)
3465 2195 3679 2268 παριὼθ

2085 2291 2183 2364 τὴν
2208 2291 2590 2361 Παφλαγονίαν
2617 2289 2937 2353 Εὑστάθιος,
2965 2290 3061 2344 καὶ
3085 2289 3180 2343 ἐπὶ⁵
3210 2289 3358 2343 ίδίων
3382 2289 3679 2361 τραπεζῶν

2087 2383 2454 2455 ἐλειτούργειο
2510 2384 2605 2437 καὶ
2632 2383 2728 2437 νῦν
2776 2382 2959 2455 ἱκέτης
2994 2384 3113 2436 ἐστὶ
3150 2382 3501 2448 Βασιλείδου,
3546 2382 3682 2435 ὥστε

2086 2477 2363 2547 δεχθῆναι.
2414 2475 2683 2548 Ἀφὼρισε
2712 2476 2803 2529 τὸν
2845 2475 3239 2529 εὐλαϐέστατον
3279 2475 3526 2545 ἀδελφὸν
3569 2474 3682 2528 Ἐλ-

2090 2571 2264 2625 πίδιον
2291 2569 2379 2623 διὰ
2403 2570 2501 2640 τὴν
2530 2570 2665 2640 πρὸς
2690 2570 2815 2633 τοὺς
2837 2570 2895 2621 ἐν
2933 2569 3200 2640 Ἀμασείᾳ
3227 2570 3541 2638 συνάφειαν
3557 2585 3572 2599 ’
3595 2566 3684 2621 καὶ

2090 2661 2185 2714 νῦν
2202 2660 2383 2731 ἱκέτης
2399 2659 2505 2712 τῶν
2520 2658 2939 2729 Ἀμασέων(52),
2954 2657 3226 2728 ἐπιζητῶν
3243 2658 3429 2712 αὐτῶν
3444 2658 3550 2729 τὴν
3567 2676 3685 2713 συν-

2089 2754 2304 2822 άφειαν.
2332 2751 2412 2804 Τά
2439 2749 2582 2804 κατά
2618 2749 2885 2804 Εὐιππίου
2913 2750 3242 2821 κηρύγματα
3261 2750 3495 2819 (55)καὶ
3535 2749 3687 2821 ὑμεῖς

2091 2843 2245 2897 αὐτοὶ
2291 2841 2585 2895 ἐπίστασθε
2616 2842 2765 2905 ὅπως
2814 2836 2883 2911 ἦν
2917 2840 3140 2912 φρικτά.
3188 2842 3299 2894 Καὶ
3338 2841 3439 2895 νῦν
3465 2844 3601 2906 τοὺς
3622 2840 3687 2894 τὰ

2092 2933 2302 2987 ἐκείνου
2330 2931 2660 3003 φρονοῦντας
2694 2933 2786 2985 ἐπὶ
2814 2931 3065 3004 ὀρθότητι
3094 2932 3491 3004 ἀποσεμνύνει,
3530 2933 3689 3005 μάνον

2094 3022 2190 3077 ἐὰν
2245 3024 2325 3087 είς
2375 3023 2476 3095 τὴν
2525 3022 2627 3093 τῆς
2673 3023 3170 3087 ἀποκαταστάσεως
3219 3022 3390 3077 αὐτοῦ
3448 3024 3689 3097 σπουδὴν

2019 3145 2066 3207 C
2097 3116 2520 3207 συνεργήσωσιν.
2540 3115 2737 3207 Ἡμεῖς
2753 3113 2809 3167 δὲ
2822 3114 3361 3187 διαϐαλλόμεθα(54).
3375 3116 3482 3170 οὐκ
3502 3117 3688 3189 ἐπειδὴ

2097 3210 2260 3279 ἡμεῖς
2288 3206 2583 3277 ἀδικοῦμέν
2622 3224 2697 3271 τι,
2744 3207 2860 3261 ἀλλ’
2890 3206 3077 3277 ἐπειδὴ
3104 3207 3265 3261 τοῦτο
3294 3208 3563 3278 ἐνόμισεν
3606 3210 3688 3263 εὖ·

2097 3300 2383 3371 δοκίμησιν
2409 3299 2559 3370 αὐτῷ
2588 3298 2775 3370 φέρειν
2808 3298 2958 3371 παρά
2983 3302 3095 3363 τοῖς
3119 3301 3177 3353 ἐν
3202 3301 3531 3372 Ἀντιοχείᾳ.
3559 3301 3688 3355 Οὐδὲ

2100 3392 2327 3463 πέρυσιν
2387 3392 2452 3444 ἐκ
2508 3390 2610 3461 τῆς
2658 3390 2925 3454 Γαλατίας
2990 3390 3445 3461 μετεστείλαντο,
3504 3393 3585 3456 ὡς
3624 3391 3688 3444 δι’

2099 3482 2277 3536 αὐτῶν
2308 3482 2597 3552 δυνάμενοι
2623 3480 2723 3553 τὴν
2758 3481 3073 3554 παρρησίαν
3095 3482 3194 3553 τῆς
3223 3483 3540 3554 ἐπισκοπῆς
3560 3485 3687 3538 ἀπο-

2098 3664 2292 3719 civitas
2317 3669 2434 3719 erat
2461 3662 2747 3717 catholica:
2765 3659 2887 3716 ﬁdei
2916 3659 3371 3724 retinentissima,
3389 3662 3561 3715 etiam
3587 3662 3688 3717 sub

2099 3735 2306 3789 Ariano
2351 3733 2632 3803 episcopo,
2666 3747 2851 3803 quem,
2887 3732 3048 3803 pulso
3088 3730 3321 3796 Eulalio,
3355 3730 3554 3787 Ariani
3600 3733 3686 3785 in-

2099 3801 2402 3859 truserant.
2445 3801 2601 3857 Hunc
2643 3801 2916 3856 hominem
2946 3801 3038 3855 sio
3059 3808 3305 3855 aversata
3345 3810 3433 3856 est
3469 3804 3687 3868 civitas,

2100 3883 2160 3928 ut
2190 3876 2406 3928 rediens
2431 3874 2677 3928 Eulalius
2700 3880 2823 3941 post
2848 3886 3035 3940 pacem
3060 3878 3276 3925 mortuo
3298 3869 3537 3926 Valente
3557 3888 3689 3927 con-

2101 3960 2338 4007 cessam,
2374 3960 2482 3998 non
2522 3940 2716 4013 plures
2735 3956 2800 4013 ex
2853 3949 2966 4013 tota
2993 3940 3151 4005 urbe,
3186 3955 3352 4013 quam
3403 3942 3686 4011 quinqua-

2101 4017 2251 4085 ginta
2280 4010 2555 4085 homines,
2587 4028 2711 4085 cum
2746 4011 3004 4085 haeretico
3034 4010 3512 4085 communicantes
3542 4010 3688 4085 inve-

2103 4078 2262 4140 fuerit.
2300 4084 2424 4139 lianc
2462 4084 2729 4139 discimus
2749 4097 2815 4136 ex
2852 4078 3181 4152 Sozomeno,
3211 4080 3305 4152 lib.
3343 4097 3443 4143 vn.
3471 4098 3601 4152 cap.
3630 4084 3686 4138 2.

2103 4156 2282 4220 Quare
2304 4154 2501 4225 Elpidii
2526 4168 2649 4207 cum
2676 4152 3095 4225 Amasiensibus
3120 4151 3337 4225 civibus
3362 4151 3688 4207 communio

2104 4221 2429 4294 reprehendi
2464 4239 2572 4278 non
2613 4230 2864 4294 poterat:
2907 4221 3025 4294 sola
3061 4234 3186 4294 cum
3230 4221 3503 4294 episcopo
3533 4225 3688 4279 urbis

2104 4289 2419 4350 communio
2450 4289 2674 4349 causam
2705 4291 2996 4346 Eustathio
3030 4290 3204 4360 potuit
3230 4289 3455 4346 all‘erre'.

2177 4366 2285 4436 (55)
2312 4367 2685 4436 Κηρύγμιιτα.
2735 4360 3003 4436 Videntur
3031 4360 3264 4436 indicari
3311 4363 3687 4436 celeberrima

2108 4430 2214 4490 illa:
2262 4430 2533 4489 Eustathii
2584 4435 2800 4491 litterae.
2849 4432 2905 4484 in
2951 4432 3153 4501 quibus
3206 4445 3333 4484 cum
3374 4430 3683 4489 Eudoxium

2100 4506 2328 4575 ejusque
2384 4505 2635 4575 gregales
2684 4500 3325 4575 acerriine’exagitaret,
3379 4514 3441 4557 ut
3496 4507 3682 4575 estin

2095 4571 2259 4645 e'pist'.
2285 4571 2414 4637 2‘26,
2454 4571 2751 4645 Evippiunr
2769 4573 3043 4645 praecipue
3072 4571 3286 4645 videtur
3309 4582 3472 4628 aceto
3496 4574 3683 4645 perfu-

2096 4640 2263 4700 dissc.
2303 4648 2394 4699 illa
2434 4640 2948 4712 ριιὶιῐίκηρύγματά
2971 4642 3087 4696 sive
3112 4640 3543 4712 praedicationes
3571 4645 3685 4700 dis.

2095 4718 2267 4785 tingui
2312 4716 2510 4770 debent
2546 4728 2574 4766 a
2602 4711 2888 4785 concione,
2921 4726 3086 4785 quam
3111 4711 3433 4785 Eustathius
3460 4715 3682 4770 habuis-

2095 4804 2154 4841 se
2180 4781 2401 4841 'dicitur
2448 4787 2501 4839 iu
2546 4785 2706 4852 epist.
2756 4781 2884 4836 244.
2929 4782 2986 4836 In
3021 4796 3085 4836 ea
3132 4781 3278 4836 enim
3311 4798 3421 4836 non
3469 4787 3682 4841 videtur

2095 4866 2205 4910 tam
2248 4857 2594 4911 vehementer
2629 4855 2684 4907 in
2717 4852 3006 4906 haereticos
3044 4853 3295 4905 invectus
3330 4854 3511 4909 fuisse
3542 4877 3555 4910 :
3586 4854 3677 4909 sed

2094 4943 2253 4981 suum
2287 4928 2404 4997 ipse
2441 4932 2727 4997 peccatum
2762 4923 3034 4997 plorabat,
3069 4920 3217 4997 quod
3248 4925 3679 4997 compositast»

2094 4997 2204 5051 illis
2235 4991 2483 5051 formulae
2514 4993 2959 5062 subscripsisset.
2993 4992 3061 5044 At
3094 4993 3149 5045 in
3180 4991 3567 5052 celeberrimis
3594 4995 3679 5046 lit-

2094 5068 2246 5129 teris,
2274 5083 2412 5136 quas
2435 5065 2504 5120 ad
2528 5080 2720 5136 omnes
2749 5062 3123 5136 l'raternitates
3143 5062 3326 5136 misit,
3360 5078 3487 5129 eos,
3511 5080 3544 5119 a
3567 5066 3680 5134 qni-

2096 5139 2196 5192 bus
2224 5130 2506 5206 depositus
2552 5135 2751 5199 fuerat,
2801 5134 3035 5204 negabat
3072 5130 3365 5206 episcopos
3406 5149 3559 5198 esse,
3583 5130 3677 5206 ἰιι-

2093 5218 2218 5276 pote
2247 5202 2553 5268 haereticos,
2580 5202 3394 5276 eorumqueicomrnunionemi
3409 5214 3474 5276 ut
3508 5204 3676 5276 perni-

2093 5270 2232 5333 ciem
2293 5279 2623 5340 animarum,
2679 5270 2993 5344 fugiendam
3042 5270 3293 5344 doce_bat.
3339 5270 3673 5344 Refereth

2091 5364 2224 5418 ergo
2247 5352 2312 5402 ad
2341 5349 2444 5403 has
2485 5348 2695 5402 litteras
2736 5340 3025 5399 horrenda:
3060 5343 3117 5396 in
3156 5340 3450 5412 Evippium
3491 5347 3674 5415 praedi-

2092 5422 2359 5473 cationes.

2089 5507 2105 5541 r
2165 5490 2276 5559 (54)
2314 5487 2779 5559 Διαϐαλλόμεθᾳ.
2834 5481 3004 5547 Editi,
3054 5489 3282 5559 excepta
3334 5483 3515 5559 Paris.
3550 5483 3665 5559 rdi-

2091 5552 2241 5613 tione
2259 5552 2321 5620 ’2,
2354 5552 2691 5629 praemittunt
2709 5555 2795 5629 ἀν,
2818 5552 3283 5629 quaeeonjunctio
3301 5556 3504 5609 melius
3524 5555 3667 5629 deest

2090 5632 2147 5685 in
2173 5620 2552 5700 Cmslfprime
2581 5620 2878 5700 et‘duobu's
2908 5624 3061 5700 aliis.
3095 5620 3268 5677 Paulo
3304 5633 3433 5694 post
3468 5624 3667 5680 addidi-

2089 5716 2212 5757 mus
2248 5697 2433 5759 vocein
2465 5697 2817 5769 εὐδοκίμησιν
2850 5710 2917 5752 ex
2950 5699 3157 5765 septem
3184 5707 3299 5749 mss
