3900 6208
250 334 355 393 937

1194 336 1684 394 EPISTOLARUM
1721 338 2006 396 CLASSIS
2044 316 2107 398 ll.
2132 343 2367 399 ‘EPIST.
2408 346 2584 404 CCLI.

2196 352 2367 459 είδΤ.
2408 352 2584 404 CCLI.
3404 352 3511 407 958

246 449 454 517 λαϐεῖν,
472 449 703 505 τοιοῦτοί
733 452 894 515 εἰσιν,
923 451 1069 516 οἵους
1092 452 1238 507 ἴσασι
1264 437 1360 524 μὲν
1376 455 1469 507 καὶ
1497 457 1547 508 οἱ
1565 454 1677 527 (55)
1705 456 1819 526 πρὸς

1939 464 2029 512 tus
2060 437 2464 528 possessionem
2501 462 2840 531 reciperent,
2869 462 2927 516 hi
2955 463 3094 518 tales
3122 469 3250 519 sunt
3271 504 3287 529 ,
3322 467 3512 535 quales

245 541 432 611 ὀλίγον
461 545 850 612 συγγεγονότες
876 543 1077 608 αὐτοῖς.
1130 546 1284 614 Ἐμοὶ¹
1316 546 1373 598 δὲ
1397 546 1471 616 μὴ
1505 546 1777 618 παράσχοι
1805 549 1835 601 ὁ

246 633 457 705 Κύριος
502 634 769 707 τοσαύτην
819 635 1016 705 σχολήν
1069 651 1221 700 ποτε,
1273 635 1412 689 ὥστε
1463 636 1559 701 τὰς
1611 638 1834 691 ἐκείνων

245 723 480 794 πράξεις
498 724 701 796 ἁπαριθ
711 723 927 795 μεῖσθαι
943 722 1077 794 (56).
1093 724 1240 795 Πλὴν
1264 725 1377 778 ἀλλ’
1395 727 1500 780 ὑπὸ
1518 727 1836 798 δορυφόροις

245 817 365 876 τοῖς
403 815 758 884 τιμιωτάτοις
789 813 970 867 αὐτῶν
1014 814 1110 868 καὶ
1165 813 1511 886 συμμύσταις
1543 833 1837 887 παραπεμ-

246 907 495 977 φθέντες,
523 906 797 977 διεξῆλθον
836 908 936 977 μὲν
981 906 1071 960 διὰ
1108 908 1288 978 πάσης
1322 908 1501 961 αὐτῶν
1525 909 1627 979 τῆς
1654 908 1836 981 χώρας

244 997 349 1060 τὰς
377 996 486 1049 τῶν
535 996 851 1050 ἐπισκόπων
887 998 1053 1068 τιμὰς
1101 999 1196 1051 καὶ
1246 999 1540 1070 θεραπείας
1587 1000 1831 1070 ἔχοντες·

250 1086 593 1159 εἰσήχθησαν
625 1088 681 1141 δὲ
714 1088 1028 1159 περιφανῶς
1062 1089 1143 1151 είς
1191 1089 1290 1161 τὴν
1340 1091 1493 1144 πόλιν
1539 1091 1834 1161 ἐκκλησιά-

247 1195 443 1241 σαντες
473 1178 612 1248 μετὰ
640 1177 947 1241 αὐθεντίας.
972 1178 1250 1250 Παρεδὸθη
1281 1180 1390 1250 γὰρ
1418 1183 1599 1246 αὐτοῖς
1629 1182 1658 1232 ὁ
1685 1181 1831 1246 λαὸς,

244 1268 523 1341 παρεδόθη
542 1269 604 1322 τὸ
631 1268 1031 1341 θυσιαστήριον.
1051 1272 1134 1335 Οἳ,
1158 1272 1344 1342 ἐπειδὴ
1362 1272 1472 1342 (57)
1495 1274 1656 1343 μέχρι
1671 1274 1835 1327 Νικο-

244 1362 459 1426 πόλεως
490 1361 850 1435 προελθόντες
881 1364 1036 1415 ούδὲν
1070 1362 1433 1434 ἠδυνήθησαν,
1468 1359 1543 1417 ὧν
1576 1364 1835 1435 ἐπηγγεί-

243 1454 409 1508 λαντο
436 1454 857 1526 διαπράξασθαι,
884 1454 1003 1519 πῶς
1028 1456 1348 1527 ἐπανῆλθον,
1378 1459 1471 1510 καὶ
1514 1458 1629 1522 πῶς
1655 1457 1835 1529 ὤφθη-

246 1561 354 1598 σαν
387 1544 531 1598 κατὰ
563 1544 662 1615 τὴν
706 1545 986 1610 ἐπάνοδον,
1030 1546 1208 1599 ἴσασιν
1249 1549 1297 1599 οἱ
1331 1549 1614 1619 παρόντες.
1647 1549 1830 1615 Οὕτως

241 1636 336 1689 ἀεὶ
369 1636 504 1708 πρὸς
535 1636 597 1689 τὸ
635 1637 845 1690 ἑαυτῶν
876 1639 1155 1710 συμφέρον
1183 1638 1365 1694 πάντα
1395 1640 1674 1705 ποιοῦντες
1701 1643 1829 1711 φαί-

241 1743 450 1781 νονται.
485 1728 546 1780 Εἰ
578 1728 637 1781 δὲ
680 1728 954 1795 λέγουσιν,
984 1731 1066 1783 ὅτι
1101 1732 1456 1803 μετενόησαν,
1498 1731 1830 1798 δειξάτωσαν

1937 547 2120 600 sciunt
2169 548 2264 618 qui
2320 550 2406 605 vel
2461 552 2744 620 paululum
2798 566 2924 607 cum
2958 553 3068 609 illis
3114 555 3318 609 versati
3354 563 3511 611 sunt.

1936 635 2065 690 Mihi
2096 654 2225 694 vero
2247 655 2528 710 nunquam
2553 642 2822 713 largiatur
2845 642 3112 699 Dominus
3148 651 3362 699 tantum
3385 646 3508 708 otii,

1935 729 1995 775 ut
2026 723 2242 778 illorum
2275 728 2894 801 actionesenumerem.
2931 732 3038 787 Sed
3092 743 3277 788 tamen
3316 749 3510 790 eorum

1935 814 2134 883 quibus
2164 816 2244 871 illi
2274 800 2568 888 plurimum
2604 822 2831 879 honoris
2866 830 2922 879 et
2966 823 3093 879 ﬁdei
3125 825 3369 891 habent,
3405 842 3502 881 sa-

1936 906 2132 962 tellitio
2160 909 2383 979 stipati,
2430 922 2797 984 peragrarunt
2837 929 3053 989 omnem
3088 918 3308 972 illorum
3336 918 3512 989 regio-

1934 1013 2096 1064 nem,
2151 1002 2536 1072 episcoporum
2591 1005 2897 1060 honoribus
2951 1013 3006 1062 et
3061 1007 3255 1064 ofﬁciis
3304 1010 3507 1066 ornati.

1935 1085 2237 1143 lntroducti
2285 1100 2468 1145 autem
2521 1102 2650 1148 sunt
2702 1097 3105 1166 pe‘rhonoritice
3163 1099 3220 1153 in
3273 1101 3505 1164 urbem,

1934 1181 2257 1235 concionem
2308 1182 2577 1241 habentes
2610 1202 2822 1242 summa
2844 1203 2969 1243 cum
2994 1198 3282 1259 potestate.
3310 1191 3508 1246 Tradi-

1932 1277 2024 1327 tus
2050 1273 2198 1327 enim
2227 1282 2310 1328 est
2344 1276 2453 1330 illis
2477 1279 2710 1349 populus
2730 1320 2746 1344 ,
2778 1282 3041 1336 traditum
3071 1285 3263 1339 altare.
3314 1283 3381 1339 Hi
3414 1285 3509 1341 Ni-

1933 1361 2375 1437 copolim‘usque
2399 1372 2721 1440 progressi,
2753 1388 2877 1426 cum
2911 1375 3050 1428 nihil
3076 1377 3389 1445 potuissent
3413 1394 3509 1433 eo-

1932 1471 2054 1510 rum
2085 1472 2208 1526 qua:
2250 1461 2620 1528 promiserant
2664 1463 2962 1532 perﬁcere,
3011 1466 3288 1534 quomodo
3330 1467 3510 1521 redie-

1932 1546 2045 1598 rint
2069 1583 2084 1605 .
2120 1548 2422 1616 qualesque
2452 1548 2509 1603 in
2553 1548 2839 1605 redeundo
2878 1551 2982 1606 visi
3012 1552 3157 1615 sint,
3183 1561 3385 1605 norunt
3411 1551 3507 1622 qui

1932 1632 2251 1689 adfuerunt.
2311 1635 2390 1690 Ita
2440 1652 2658 1708 semper
2711 1640 2924 1710 proprii
2964 1641 3275 1710 compendii
3338 1654 3506 1696 causa

1931 1725 2120 1779 omnia
2148 1725 2333 1784 facere
2363 1729 2874 1799 deprehenduntur.
2911 1731 3068 1797 Quod
3095 1733 3140 1788 si
3181 1732 3367 1788 dicant
3409 1749 3506 1790 eos

242 1817 430 1871 αὐτῶν
466 1817 742 1889 ἔγγραφον
772 1813 872 1889 τὴν
915 1822 1224 1891 μετάνοιαν,
1275 1825 1369 1876 καὶ
1396 1824 1819 1896 ἁναθεματισμὺι

1933 1816 2265 1886 resipuisse,
2297 1818 2678 1876 demonstrent
2733 1822 2941 1891 scripto
2985 1824 3365 1895 consignatam
3409 1841 3508 1880 eo-

238 1913 345 1982 τῆς
382 1914 440 1964 ὲν
486 1913 1049 1966 Κωνσταντινουπόλει
1096 1914 1354 1979 πίστεως,
1407 1917 1501 1968 καὶ
1548 1918 1825 1988 χωρισμὸν

239 2003 354 2056 τῶν
381 2003 691 2076 αἱρετικῶν,
726 2006 821 2057 καὶ
861 2004 935 2076 μὴ
975 2005 1400 2069 ἐξαπατάτωσαν
1427 2007 1552 2071 τοὺς
1580 2009 1827 2079 άκεραιο-

238 2095 457 2167 τέρους.
490 2095 599 2147 Καὶ
633 2096 702 2148 τὰ
737 2097 834 2166 μὲν
866 2097 1089 2149 ἐκείνων
1117 2097 1362 2151 τοιαῦτα.

319 2275 375 2328 4.
412 2275 599 2346 Ἡμεῖς
619 2276 698 2338 δὲ,
724 2275 997 2346 ἀγαπητοὶ
1024 2274 1267 2343 ἀδελφοὶ,
1289 2278 1475 2346 μικροὶ
1504 2276 1599 2346 μὲν
1624 2277 1718 2329 καὶ
1737 2294 1826 2330 τα-

238 2367 441 2425 πεινοὶ.
471 2367 521 2419 οἱ
548 2367 702 2419 αὐτοὶ
731 2366 786 2419 δὲ
824 2368 910 2419 ἀεὶ
940 2369 1006 2437 τῇ
1035 2365 1129 2420 τοῦ
1160 2367 1294 2420 Θεοῦ
1326 2368 1529 2438 χάριτι,
1566 2368 1823 2421 οὐδέποτε

234 2457 365 2518 ταῖς
399 2454 718 2525 μεταϐολαῖς
747 2454 855 2507 τῶν
882 2455 1223 2526 πραγμάτων
1255 2456 1692 2526 συνδιετέθημεν.
1736 2456 1827 2508 Πί-

238 2562 363 2618 στις
389 2546 519 2617 παρ’
543 2548 675 2617 ἡμῖν
706 2547 807 2598 οὐκ
840 2544 972 2616 ἄλλη
1007 2546 1104 2616 μὲν
1125 2549 1182 2600 ἐν
1204 2546 1515 2617 Σελευκείᾳ,
1543 2548 1675 2618 άλλη
1694 2548 1750 2600 δὲ
1765 2551 1825 2601 ὲν

236 2636 832 2701 Κωνσταντινουπόλει,
857 2638 951 2691 καὶ
978 2636 1110 2708 ἄλλη
1141 2640 1199 2690 ὲν
1228 2638 1439 2709 Ζήλοις,
1469 2639 1564 2691 καὶ
1589 2640 1646 2691 ὲν
1670 2642 1825 2710 Λαμ-

232 2728 404 2800 ψάκῳ
447 2729 603 2800 άλλη,
633 2731 726 2782 καὶ
772 2730 867 2783 ἐπὶ
908 2729 1127 2801 Ῥώμης
1159 2730 1271 2802 (58)
1306 2730 1465 2801 ἑτέρα
1486 2746 1500 2759 ·
1537 2732 1633 2785 καὶ
1663 2734 1695 2802 ἡ
1729 2732 1822 2785 νῦν

235 2820 647 2890 περιφερομένη
675 2820 735 2872 οὐ
768 2819 1021 2891 διάφορος
1050 2820 1201 2892 παρὰ
1229 2820 1330 2884 τὰς
1362 2822 1652 2893 προτέρας,
1687 2822 1823 2877 ἀλλὰ

240 2910 343 2980 μία
375 2910 470 2962 καὶ
501 2911 533 2980 ή
570 2910 706 2980 αὐτὴ
733 2910 819 2963 ἀεί
849 2913 982 2983 (59).
1001 2915 1088 2977 Ὠς
1121 2912 1230 2984 γὰρ
1260 2912 1642 2984 παρελάϐομεν
1672 2914 1822 2984 παρὰ

232 2998 335 3055 τοῦ
384 3001 613 3073 Κυρίου,
666 3001 809 3055 οὕτω
844 3002 1255 3074 βαπτιζόμεθα’
1296 3003 1372 3066 ὡς
1420 3003 1818 3075 βαπτιζόμεθα,

233 3093 384 3147 οὕτω
425 3092 754 3164 πιστεύομεν
775 3110 790 3124 ·
832 3095 908 3158 ὡς
933 3094 1281 3164 πιστεύομεν,
1307 3093 1450 3148 οὕτω
1492 3096 1586 3148 καὶ
1618 3097 1822 3161 δοξολο-

233 3184 445 3255 γοῦμεν
464 3201 479 3214 ο
507 3183 629 3237 οὔτε
660 3186 984 3256 χωρίζοντες
1015 3186 1231 3257 Πατρὸς
1275 3186 1368 3239 καὶ
1404 3186 1532 3239 Υίοῦ
1575 3188 1636 3239 τὸ
1670 3189 1819 3257 ἅγιον

233 3274 485 3347 Πνεῦμα,
532 3275 655 3329 οὔτε
697 3276 1045 3347 προτιθέντες
1090 3277 1323 3349 Πατρὸς,
1368 3278 1401 3348 ἢ
1452 3278 1820 3351 πρεσϐύτερον

235 3365 380 3423 εἶναι
408 3368 504 3421 τοῦ
535 3368 665 3421 Υἱοῦ
691 3370 751 3422 τὸ
780 3369 1007 3439 Πνεῦμα
1027 3369 1311 3438 λέγοντες·
1345 3370 1421 3433 ὡς
1450 3372 1508 3423 αἱ
1550 3371 1659 3425 τῶν
1694 3371 1821 3442 βλα-

238 3462 475 3532 σφήμων
525 3460 768 3529 γλῶσσαι
818 3460 1311 3525 κατασκευάζουσι.
1367 3462 1463 3526 Τίς
1519 3462 1627 3534 γάρ
1677 3463 1820 3516 οὕτω

234 3553 530 3623 τολμηρὸς,
561 3551 638 3615 ὃς,
670 3551 765 3623 τὴν
796 3551 906 3622 (60)
936 3553 1269 3623 Δεσποτικὴν
1301 3554 1699 3625 παρωσάμενος
1735 3572 1821 3607 νο-

237 3643 521 3714 μοθεσίαν,
571 3644 705 3697 ἰδίαν
735 3644 908 3715 τολμᾷ
938 3646 1050 3708 τοῖς
1090 3645 1316 3714 ὀνόμασι
1350 3644 1504 3710 τάξιν
1548 3648 1815 3711 ἐπινοεῖν;

246 3734 390 3788 Ἀλλ’
415 3733 540 3788 οὔτε
570 3735 784 3787 κτιστὺν
818 3734 1046 3804 λέγομεν
1068 3734 1128 3786 τὸ
1163 3734 1407 3805 Πνεῦμα,
1441 3736 1504 3788 τὸ
1543 3736 1681 3805 μετὰ
1712 3739 1819 3790 [Ια-

231 3826 364 3898 τρὸς
398 3828 491 3879 καὶ
517 3825 650 3878 Υἱοῦ
682 3824 1012 3896 τεταγμένον
1034 3840 1047 3853 ·
1090 3824 1213 3879 οὔτε
1248 3825 1493 3879 δουλικὸν
1523 3826 1815 3898 τολμῶμεν

233 3920 411 3971 εἰπεῖν
441 3917 503 3970 τὸ
545 3917 890 3988 ἡγεμονικόν.
926 3917 1037 3969 Kai.
1077 3917 1223 3986 ὑμᾶς
1259 3917 1687 3988 παρακαλοῦμεν
1726 3937 1816 3989 με·

236 4010 548 4082 μνημένους
581 4010 681 4078 τῆς
707 4007 801 4062 τοῦ
850 4009 1058 4079 Κυρίου
1109 4008 1357 4079 ἀπειλῆς,
1402 4008 1496 4062 τοῦ
1548 4008 1811 4073 εἰπόντος,

233 4102 413 4157 Πᾶσα
451 4104 707 4172 ἁμαρτία
753 4102 849 4155 καὶ
882 4102 1251 4170 βλασφημία
1287 4101 1650 4171 ἀφεθήσεται
1690 4103 1817 4169 τοῖς

233 4193 567 4263 ἀνθρώποις
586 4211 599 4223 ·
631 4196 669 4262 ἡ
701 4192 769 4245 δὲ
800 4196 887 4258 εὶς
914 4192 982 4245 τὸ
1019 4193 1263 4261 Πνεῦμα
1300 4193 1363 4246 τὸ
1400 4193 1573 4262 ἅγιον
1612 4195 1815 4259 ,ϐλασ-

229 4287 425 4355 φημία
466 4289 576 4339 οὐκ
624 4285 1008 4353 ἀφεθήσεται,
1069 4285 1209 4338 οὔτε
1255 4286 1324 4338 ἐν
1370 4284 1447 4350 τῷ
1489 4286 1606 4339 νῦν
1646 4284 1814 4340 αἰῶνι

233 4379 376 4433 οὔτε
404 4380 474 4431 ἐν
504 4378 584 4442 τῷ
610 4377 931 4446 μέλλοντι·
969 4377 1243 4446 φυλάξατε
1289 4377 1403 4446 (61)
1443 4378 1669 4440 ἑαυτοὺς
1702 4378 1813 4431 τῶν

234 4468 515 4541 βλαϐερῶν
562 4468 704 4522 κατὰ
754 4468 847 4521 τοῦ
895 4467 1212 4539 Πνεύματος
1255 4468 1622 4538 διδαγμάτων.
1676 4470 1813 4540 Στή-

230 4578 361 4615 κετε
390 4562 448 4613 ἐν
475 4562 541 4630 τῇ
571 4560 773 4624 πίστει,
809 4558 1172 4630 περιϐλέψατε
1200 4562 1279 4623 είς
1324 4560 1424 4632 τὴν
1461 4561 1807 4630 οἰκουμένην,

229 4654 328 4707 καὶ
357 4652 512 4715 ἴδετε,
546 4654 628 4705 ὅτι
662 4651 855 4723 μικρόν
881 4653 997 4706 ἐστι
1022 4651 1180 4704 τοῦτο
1214 4652 1275 4705 τὸ
1305 4652 1469 4724 μέρος
1498 4652 1560 4705 τὸ
1591 4669 1811 4722 νενοση-

231 4745 361 4807 κὸς’
399 4747 432 4816 ἡ
464 4735 521 4797 δὲ
552 4744 711 4815 λοιπὴ
760 4744 910 4797 πᾶσα
953 4743 1272 4813 Ἐκκλησία,
1322 4744 1355 4812 ἡ
1402 4744 1511 4797 ἀπὸ
1557 4744 1810 4813 περάτων

229 4836 312 4898 είς
341 4835 553 4905 πέρατα
573 4834 843 4906 δεξαμένη
876 4835 938 4886 τὸ
973 4834 1324 4902 Εύαγγέλιον,
1356 4835 1449 4890 ἐπὶ
1479 4835 1581 4905 τῆς
1626 4835 1813 4903 ὑγιοῦς

322 4991 370 5021 ’⁷
402 4988 546 5045 Psal.
588 5005 654 5054 L,
694 4989 782 5043 14.
885 4990 931 5021 ⁸⁸
969 4987 1158 5044 Matth.
1201 5004 1316 5053 xu,
1355 4989 1446 5053 51,
1485 4988 1574 5043 52.

300 5146 415 5218 (55)
442 5146 550 5201 Καὶ
581 5150 653 5201 οἱ.
684 5145 1015 5218 coniunctio
1043 5145 1231 5200 addita
1255 5161 1324 5201 ex
1346 5144 1519 5200 Coisl.
1552 5147 1727 5210 primo
1751 5152 1806 5201 et

227 5215 372 5272 Med.
394 5215 465 5271 'et
496 5233 607 5271 uno
635 5233 698 5272 ex
740 5215 949 5286 Regiis.

300 5287 436 5358 (56_)_
468 5282 967 5358 ’ᾼπαριθμεῖᾱθαι.
1022 5282 1311 5358 Medicaeus
1361 5286 1800 5358 ὲπαριθμεϊσθαι.

227 5355 692 5438 maxime?
712 5355 1070 5438 ίτέμινςάξοις
1098 5355 1267 5438 siri-

297 5427 412 5497 (57)
457 5426 709 5492 Ἐπειδὴ.
739 5425 829 5480 Sic
856 5425 1080 5497 Me_d._et
1101 5425 1270 5497 Ceisl.
1299 5425 1509 5495 primus
1539 5440 1662 5481 cum
1690 5441 1801 5481 uno

223 5494 531 5579 ex'ﬂegiis.
564 5497 883 5579 ΙξὶιιὶιίιέίΛ-..είἸ
908 5494 1339 5579 .lni‘ra‘eosdem
1370 5498 1588 5579 codices
1623 5498 1800 5579 secuti

226 5565 563 5622 mutavimus
593 5568 735 5635 quod
770 5567 961 5621 eratin
996 5565 1182 5636 editis,
1213 5568 1300 5636 ᾁίεὶ
1332 5566 1513 5636 μέντοι
1542 5569 1591 5620 οἱ
1620 5566 1794 5621 αὐτοί.

299 5638 431 5708 (58)-
453 5637 576 5708 Ἐπὶ
619 5636 863 5708 Ῥώμης.
896 5636 997 5708 Sic_
1016 5635 1183 5708 Med..
1211 5634 1343 5690 Vat.
1364 5646 1418 5691 et
1438 5654 1582 5708 unus
1603 5654 1667 5708 ex
1696 5636 1801 5693 Re-

226 5704 353 5780 giis.
391 5706 536 5780 Editt
566 5706 657 5759 ἐπὶ
699 5704 906 5780 Ῥώμῃ.
959 5706 1126 5780 Coisl.
1163 5715 1391 5780 uterque
1420 5708 1512 5780 ἐπὶ
1556 5707 1796 5777 Ῥώμην.

229 5779 353 5834 Μοι
388 5778 543 5834 deest
572 5778 787 5846 negatio
816 5776 942 5830 ante
972 5776 1224 5847 διάφορος
1260 5777 1315 5830 in
1344 5776 1512 5834 Coisl.
1539 5776 1795 5848 utroque,

547 5872 820 5932 Ρλτιιοι..
862 5870 980 5933 Ga.
1030 5869 1296 5931 XXXII.

1927 1923 2049 1961 rum
2081 1911 2461 1978 ptenitentiam
2485 1952 2501 1977 ,
2531 1913 2699 1984 388
2743 1922 2799 1967 et
2831 1916 3348 1971 anathematismum
3382 1917 3507 1972 ﬁdei

1927 2001 2544 2070 Constantinopolitanae
2572 2014 2626 2061 et
2673 2007 3049 2063 secessionem
3097 2010 3167 2064 ab
3206 2010 3502 2074 haereticis,

1929 2104 2027 2144 nec
2065 2090 2345 2161 decipiant
2374 2094 2766 2164 simpliciores.
2802 2094 2980 2166 Atque
3011 2097 3234 2151 illorum
3281 2099 3506 2167 quidem

1926 2196 2015 2238 res
2039 2183 2119 2237 sic
2142 2198 2201 2238 se
2234 2183 2461 2239 habent.

1995 2273 2050 2328 4.
2097 2273 2208 2329 Nos
2241 2284 2422 2330 autem
2449 2318 2465 2344 ,
2501 2275 2684 2332 dilecti
2731 2278 2931 2334 fratres
2953 2318 2968 2343 ,
3003 2280 3158 2349 parvi
3189 2280 3409 2350 quidem
3442 2289 3500 2336 et

1925 2364 2160 2422 humiles
2189 2382 2382 2422 sumus
2405 2407 2420 2431 ,
2454 2384 2670 2438 semper
2697 2377 2881 2424 tamen
2934 2371 3098 2426 iidem
3146 2371 3243 2427 Dei
3287 2373 3461 2442 gratia
3481 2413 3500 2440 ,

1926 2470 2028 2510 nec
2079 2473 2320 2527 unquam
2374 2473 2499 2511 cum
2560 2460 2728 2515 rebus
2779 2461 3051 2515 immutati
3095 2478 3307 2517 sumus.
3342 2461 3504 2519 Fides

1927 2548 2074 2618 apud
2099 2564 2199 2603 nos
2219 2589 2235 2615 ,
2270 2563 2381 2604 non
2420 2550 2526 2603 alia
2554 2549 2844 2617 Seleuciae,
2869 2552 2973 2604 alia
3000 2551 3500 2623 Constantinopoli,

1926 2641 2032 2695 alia
2071 2639 2247 2705 Zelis,
2278 2648 2334 2696 et
2385 2636 2677 2711 Lampsaci
2722 2644 2829 2695 alia
2852 2684 2867 2706 ,
2908 2652 2962 2698 et
2993 2641 3180 2699 Romm
3208 2645 3315 2698 alia
3349 2663 3362 2698 :
3401 2657 3504 2699 nec

1924 2747 2047 2802 quae
2090 2747 2239 2787 nunc
2284 2733 2702 2798 circumfertur,
2733 2748 2763 2787 a
2799 2734 3078 2803 prioribus
3106 2735 3357 2800 diversa,
3401 2736 3503 2790 sed

1925 2839 2035 2878 una
2066 2832 2120 2879 et
2155 2823 2344 2879 eadem
2380 2840 2617 2894 semper.
2650 2824 3124 2891 Quemadmodum
3155 2830 3304 2882 enim
3349 2844 3502 2884 acce-

1925 2915 2107 2984 pimus
2140 2931 2171 2969 a
2204 2915 2466 2979 Domino,
2497 2916 2579 2970 sic
2619 2916 3001 2988 baptizamur;
3037 2921 3501 2988 quemadmodum

1926 3007 2291 3077 baptizamur,
2325 3009 2407 3064 sic
2461 3009 3270 3079 credimus:‘quemadmodum
3322 3012 3502 3067 credi—

1927 3113 2084 3165 mus,
2120 3100 2202 3154 sic
2234 3106 2289 3154 et
2319 3100 2730 3169 glorificamus;
2763 3117 2940 3172 neque
2976 3111 3298 3172 separantes
3333 3119 3365 3158 a
3394 3102 3503 3159 Ρα-

1849 3176 1888 3233 C
1923 3197 2006 3244 tre
2037 3199 2091 3244 et
2126 3188 2268 3244 Filio
2305 3188 2569 3260 Spiritum
2603 3200 2854 3247 sanctum
2878 3232 2893 3256 ,
2934 3208 3112 3262 neque
3148 3193 3500 3263 praaferentes

1924 3279 2104 3345 Patri,
2141 3288 2237 3334 aut
2267 3283 2636 3352 antiquiorem
2678 3281 2817 3338 Filio
2847 3282 3110 3351 Spiritum
3145 3284 3412 3348 oicentes,
3437 3291 3501 3340 ut

1921 3372 2366 3427 maledicentium
2380 3373 3083 3445 linguaeconﬁng:nnt.Quis
3100 3374 3245 3430 enim
3264 3374 3400 3430 adeo
3426 3382 3501 3430 te-

1921 3466 2189 3521 merarius
2204 3465 2538 3520 Dominicam
2558 3468 2861 3536 reprobans
2882 3467 3304 3528 institutionem,
3326 3467 3501 3521 nomi-

1921 3559 2083 3613 nibus
2101 3558 2381 3628 proprium
2396 3559 2593 3613 audeat
2612 3558 2864 3613 ordinem
2892 3560 3241 3629 excogitare?
3266 3558 3373 3612 Sed
3396 3573 3498 3614 nec

1918 3659 2163 3705 creatum
2200 3650 2438 3705 dicimus
2467 3647 2733 3718 Spiritum
2759 3689 2776 3715 ,
2808 3650 2901 3719 qui
2930 3664 3056 3703 cum
3095 3648 3255 3704 Patre
3283 3659 3337 3705 et
3358 3648 3499 3704 Filio

1918 3742 2249 3812 coniunctus
2275 3749 2359 3796 est
2382 3781 2397 3805 ,
2422 3756 2524 3794 nec
2554 3741 2806 3796 servilem
2835 3742 3100 3797 audemus
3122 3741 3308 3795 dicere
3334 3756 3458 3795 eum
3477 3779 3495 3803 ,

1918 3835 2010 3904 qui
2044 3833 2369 3904 principalis
2407 3841 2491 3888 est
2516 3832 2584 3887 ".
2614 3832 2693 3888 Ac
2740 3848 2837 3887 vos
2881 3833 3243 3888 adliortamur
3267 3841 3325 3886 ut
3367 3847 3497 3887 me-

1916 3938 2099 3979 mores
2128 3924 2405 3976 minarum
2438 3921 2651 3976 Domini
2673 3961 2689 3987 ,
2721 3921 2816 3991 qui
2866 3920 3007 3976 dixit
3043 3941 3056 3976 :
3113 3921 3278 3976 Omne
3304 3937 3494 3989 pecca-

1918 4024 2026 4068 tum
2053 4024 2106 4068 et
2125 4014 2455 4084 blasphemia
2485 4016 2781 4068 remittetur
2800 4013 3098 4067 hominibus
3121 4030 3141 4069 :
3170 4013 3498 4082 blasphemia
3527 4064 3533 4071 .

1917 4116 2091 4162 autem
2124 4108 2179 4160 in
2203 4105 2464 4176 Spiritum
2483 4115 2727 4160 sanctum
2760 4122 2865 4159 non
2893 4107 3211 4170 remittetur,
3238 4123 3401 4177 neque
3438 4107 3497 4160 in

1915 4198 2011 4252 hoc
2034 4203 2256 4261 amulo,
2290 4214 2452 4268 neque
2483 4199 2536 4253 in
2572 4199 2753 4267 futuro
2778 4198 2846 4261 9“,
2882 4200 3123 4254 caveatis
3157 4213 3186 4251 a
3219 4200 3496 4268 pernicio-

1917 4289 1995 4345 sis
2033 4298 2227 4343 contra
2270 4287 2536 4360 Spiritum
2567 4290 2856 4344 doctrinis.
2884 4288 3035 4344 State
3068 4290 3124 4343 in
3157 4290 3261 4345 ﬁde
3290 4290 3358 4356 ’³,
3384 4294 3496 4346 cir-

1915 4381 2239 4452 cumspicite
2265 4382 2452 4436 orbem
2482 4388 2779 4447 terrarum,
2802 4391 2857 4437 et
2877 4382 3059 4437 videte
3085 4384 3337 4453 exiguam
3370 4400 3497 4440 esse

1915 4473 2057 4526 hanc
2083 4481 2326 4542 partem,
2359 4488 2481 4543 quas
2514 4473 2710 4528 morbo
2734 4475 2980 4541 laborat;
3009 4474 3274 4544 reliquam
3307 4486 3495 4530 autem

1914 4560 2258 4629 Ecclesiam,
2312 4578 2436 4633 qua
2484 4576 2516 4615 a
2569 4564 2818 4618 terminis
2874 4578 3051 4634 usque
3104 4566 3172 4618 ad
3224 4565 3492 4619 terminos

1912 4651 2267 4724 Evangelium
2313 4655 2576 4724 suscepit,
2599 4655 2656 4709 in
2676 4670 2809 4709 sana
2839 4655 2944 4711 hac
2974 4657 3185 4711 versari
3217 4664 3272 4711 et
3304 4656 3491 4711 incor-

1914 4755 2071 4813 rupta
2099 4746 2373 4802 doctrina.
2407 4745 2651 4812 Quorum
2687 4755 2742 4802 et
2766 4762 2865 4802 nos
2898 4762 3209 4817 precamur,
3242 4763 3312 4803 ne
3342 4750 3492 4802 exci-

1913 4835 2110 4892 damus
2151 4828 2571 4905 communione,
2604 4850 2926 4909 partemque
2958 4838 3241 4892 vobiscum
3288 4838 3492 4893 habeaa

1678 4992 1723 5022 ’ν
1762 4989 1781 5042 1
1819 4988 1947 5047 Cor.
1991 5008 2116 5059 xvr,
2160 4993 2245 5047 15.

1914 5147 2040 5203 Vat.
2072 5158 2124 5202 et
2157 5149 2371 5204 duobus
2400 5148 2611 5205 Reaiis.

1985 5218 2097 5291 (59)
2133 5220 2203 5291 Ἡ
2220 5219 2374 5291 αὐτὴ
2406 5218 2518 5274 ἀεί.
2553 5220 2838 5291 Postrema
2867 5235 2969 5291 vox
3002 5219 3184 5275 addita
3218 5236 3284 5276 ex
3313 5220 3483 5278 Coisl.

1914 5287 2112 5362 primo,
2142 5287 2281 5362 Med.
2316 5300 2381 5362 et_
2415 5304 2525 5344 uno
2554 5306 2629 5362 ex
2666 5288 2869 5360 Regiis.
2909 5288 3080 5345 Paulo
3123 5298 3249 5361 post
3297 5293 3486 5362 plures

1907 5359 2266 5434 codjccsldtnb
2291 5359 2384 5434 τοῦ
2422 5360 2650 5434 κυρίου.

1921 5499 1934 5518 '
1979 5430 2089 5514 (69)
2131 5431 2255 5496 Ὃς,
2294 5430 2425 5497 τήν.
2471 5428 2563 5484 Sic
2598 5444 2731 5485 mss.
2767 5445 2982 5486 summo
3014 5444 3308 5487 consensu.
3339 5428 3483 5486 Editi

1905 5517 1980 5554 ως
2005 5518 2123 5554 την.

1953 5517 2450 5640 ῆϐῗῖἶιθυλὰξατε.
2488 5569 2632 5624 Editi
2670 5569 2877 5625 addunt
2915 5567 3030 5636 οὖν,
3058 5570 3205 5639 quod
3235 5569 3390 5626 deest
3425 5572 3480 5626 in

1906 5656 2000 5695 sex
2035 5656 2169 5696 mss.
2204 5640 2515 5710 chcndum
2550 5641 2768 5694 videtur
2799 5641 3031 5709 φυλάξαι
3074 5640 3323 5706 ἑαυτούς.
3358 5640 3480 5696 Mox

1904 5710 2074 5768 Coisl.
2112 5713 2320 5782 primus
2348 5726 2472 5765 cum
2499 5726 2611 5765 uno
2638 5726 2704 5766 ex
2739 5710 2925 5781 Regiis
2957 5711 3374 5783 περιϐλέψασθε.

3079 5870 3157 5929 30
