3900 6208
428 352 541 411 959

1827 351 1887 408 S.
1928 349 2173 406 BASlLll
2210 349 2430 407 MAGNI
3565 348 3659 403 9&0

429 490 557 533 mus
586 475 643 531 in
666 476 819 547 justo
846 473 1067 530 Domini
1096 472 1274 529 nostri
1315 471 1449 528 Jesu
1480 469 1685 528 Christi
1716 470 1807 526 die
1831 512 1847 537 ,
1878 485 2005 525 cum

2122 472 2228 525 im
2269 471 2475 542 ταύτης
2519 472 2615 526 καὶ
2657 470 3019 542 ἀδιαστρόφου
3061 465 3421 530 διδασκαλίας.
3455 458 3548 518 Ὧν
3575 465 3657 520 καὶ

428 567 613 625 veniet
641 568 940 641 unicuique
967 574 1222 624 nostrum
1255 563 1559 622 secundum
1580 578 1747 634 opera
1778 577 1877 618 sua
1904 562 2007 618 da-

2122 563 2271 634 ήμεῖς
2324 563 2597 639 εὐχόμεθα
2657 563 2760 634 τῆς
2814 562 3099 625 κοινωνίας
3145 560 3220 632 μὴ
3268 560 3531 623 ἐκπεσεῖν,
3575 558 3658 610 καὶ

430 666 615 715 turus.

2112 655 2240 725 ὑμῖν
2297 653 2409 727 (69.)
2468 654 2841 726 συνευχόμεθα
2889 655 2988 725 τὴν
3045 652 3239 724 μερίδα
3280 649 3461 703 λαϐεῖν
3506 650 3560 701 ἐν
3599 649 3658 719 τῇ

429 751 616 826 ἡμέρᾳ
644 751 741 807 τοῦ
769 752 977 825 Κυρίου
1002 749 1158 824 ἡμῶν
1198 748 1373 805 Ἰησοῦ
1419 747 1658 821 Χριστοῦ
1700 751 1766 820 τῇ
1806 748 2013 821 δικαίᾳ,
2048 748 2175 803 ὅταν
2219 747 2348 821 ἔλθῃ
2400 747 2585 803 δοῦναι
2638 747 2854 819 ἑκάστῳ
2883 745 3027 800 κατά
3058 743 3157 816 τὴν
3191 739 3391 814 πρᾶξιν
3427 736 3601 794 αὐτοῦ.

924 932 1265 989 EPISTOLA
1293 930 1494 989 CCLII'
1506 972 1521 985 .

2622 928 2969 984 ΕΠΙΣΤΟΛΗ
3017 925 3185 980 ΣΝΒ⁹.

551 1065 733 1117 Invitat
756 1064 969 1117 Basilius
992 1064 1220 1118 Ecclesia:
1244 1079 1349 1118 sum
1370 1062 1579 1126 nomine,
1602 1070 1652 1115 ut
1674 1062 2063 1117 consuetudinem
2085 1065 2307 1119 veniendi
2325 1066 2390 1117 ad
2417 1064 2547 1118 diem
2572 1064 2743 1129 festum
2764 1062 2919 1116 sancti
2938 1058 3201 1128 Eupsycltii
3224 1056 3556 1124 redintegrent.

818 1196 1059 1253 Pontica
1076 1196 1316 1253 dirzcesis
1339 1197 1621 1266 episcopis.

497 1310 802 1383 Martyrum
855 1312 1094 1368 honores
1132 1311 1393 1368 omnibus
1444 1309 1666 1381 quidem
1712 1309 1769 1364 in
1815 1308 2003 1363 Domi-

427 1419 562 1458 num
602 1404 977 1475 sperantibus,
1007 1418 1226 1459 summo
1272 1403 1458 1459 studio
1486 1417 1612 1458 esse
1645 1401 1877 1469 debent;
1903 1401 2002 1456 sed

2210 1196 2595 1261 Ἐπισκόποις
2621 1193 2731 1264 τῆς
2763 1191 3063 1260 Ποντικῆς
3091 1189 3203 1263 (63)
3231 1185 3597 1253 διοικήσεως.

2183 1308 2494 1381 Μαρτύρων
2550 1309 2707 1378 τιμαὶ
2751 1309 2882 1360 πᾶσι
2937 1306 3035 1377 μὲν
3080 1302 3532 1375 περισπούδαστοι
3572 1300 3668 1361 τοῖς

2111 1402 2203 1454 ἐπὶ
2236 1400 2439 1471 Κύριον
2473 1399 2781 1470 ⁴ηλτιικόσιν,
2815 1397 3108 1470 ἐξαιρέτως
3130 1396 3185 1449 δέ
3214 1395 3367 1466 ὑμῖν,
3409 1394 3520 1454 τοῖς
3558 1391 3667 1460 ἀρε-

426 1495 707 1567 ριυαξοίρυθ
727 1494 887 1550 vobis
915 1492 1136 1549 virtutis
1166 1494 1499 1560 cultoribus,
1536 1492 1631 1564 qui
1661 1499 1842 1549 vestra
1869 1506 2001 1563 erga

2122 1496 2209 1566 τῆς
2244 1494 2735 1565 ἀντιποιουμένοις,
2782 1493 2831 1545 οἳ
2875 1492 2965 1546 διὰ
3004 1492 3105 1563 τῆς
3143 1489 3280 1559 πρὸς
3313 1489 3444 1550 τοὺς
3485 1484 3667 1537 efﬁcaci-

426 1589 608 1645 claros
652 1602 717 1643 ac
759 1588 1005 1643 celebres
1046 1602 1346 1643 conservos
1398 1585 1702 1641 voluntatis
1758 1600 2001 1656 propen-

2113 1603 2248 1657 μους
2288 1586 2397 1639 τῶν
2441 1584 2745 1657 ὁμοδούλων
2772 1584 3060 1647 διαθέσεως
3097 1582 3194 1653 τὴν
3227 1579 3366 1651 πρὸς
3396 1577 3488 1630 τὸν
3516 1573 3668 1627 κοινὸν

428 1680 584 1736 sione
609 1693 851 1734 amorem
880 1679 937 1732 in
974 1693 1320 1733 communem
1353 1677 1644 1732 Dominum
1668 1676 1959 1733 ostenditis
1984 1694 2000 1732 :

2122 1678 2385 1750 Δεσπότην
2430 1678 2640 1732 εὔνοιαν
2679 1676 3090 1731 ἐπιδείκνυσθε·
3135 1673 3314 1735 ἄλλως
3360 1687 3422 1723 τε
3471 1668 3559 1723 καὶ
3594 1664 3668 1717 διὰ

428 1779 484 1827 et
506 1770 744 1825 maxime
764 1810 780 1836 ,
806 1769 950 1840 quod
981 1770 1188 1840 aliquid
1211 1769 1490 1824 allinitatis
1517 1769 1716 1823 habeat
1743 1777 2001 1823 accurata

2122 1771 2171 1823 τὸ
2196 1772 2457 1840 συγγενές
2485 1790 2534 1825 τι
2565 1772 2708 1842 ἔχειν
2732 1772 2824 1825 τὸν
2854 1773 2911 1824 ἐν
2944 1767 3198 1840 ἀκριϐείᾳ
3236 1766 3353 1837 βίον
3385 1762 3520 1831 πρὸς
3560 1759 3668 1820 τοὺς

426 1860 648 1918 vivendi
682 1861 826 1916 ratio
873 1876 998 1915 cum
1037 1860 1109 1916 iis
1143 1862 1235 1931 qui
1286 1876 1384 1931 per
1418 1861 1584 1914 animi
1629 1860 2006 1917 fortitudinem

2122 1862 2195 1917 sua
2231 1863 2525 1935 καρτερίας
2546 1862 2950 1925 τελειωθέντας.
2992 1860 3147 1913 Ἐπεὶ
3173 1854 3265 1911 οὖν
3300 1854 3667 1924 ἐπισημότατοι

429 1954 799 2009 consummati
822 1961 970 2009 sunt.
995 1952 1131 2007 Cum
1158 1952 1325 2023 igitur
1349 1952 1690 2007 celeberrimi
1721 1952 1831 2008 sint
1854 1969 2003 2007 mar-

2122 1954 2408 2026 μαρτύρων
2437 1955 2708 2026 Εὑψύχιος
2750 1955 2844 2007 καὶ
2891 1955 3098 2024 Δάμας,
3134 1950 3229 2004 καὶ
3264 1952 3294 2003 ὁ
3325 1949 3456 2020 περὶ
3495 1945 3668 2006 αὐτοὺς

428 2055 578 2119 tyres
609 2044 953 2117 Eupsychius
978 2052 1033 2100 et
1063 2043 1265 2099 Damas
1290 2059 1591 2114 eorumque
1606 2044 1807 2099 chorus
1827 2085 1841 2109 ,
1874 2059 2007 2115 quo-

2122 2046 2289 2115 ίορὸς.
2321 2041 2395 2099 ὧν
2432 2048 2465 2117 ἡ
2500 2048 2687 2118 μνήμη
2718 2046 2784 2100 δι’
2807 2045 2959 2108 ἔτους
2985 2044 3135 2118 παρὰ
3156 2042 3257 2112 τῆς
3285 2041 3495 2102 πόλεως
3530 2036 3668 2108 ἡμῶν

427 2151 553 2190 rum
583 2135 847 2190 memoria
900 2135 1200 2207 quotannis
1229 2135 1298 2190 ab
1323 2135 1459 2190 urbe
1491 2141 1678 2189 nostra
1700 2145 1753 2189 et
1790 2142 1902 2190 tota
1926 2137 2007 2189 vi-

2122 2138 2203 2190 ιιαὶ
2241 2139 2341 2210 τῆς
2380 2140 2707 2211 περιοικίδος
2745 2139 2925 2209 πάσης
2973 2138 3229 2201 τελεῖται,
3283 2132 3667 2205 ὑπομιμνήσκει

428 2229 573 2283 cinia
638 2228 973 2291 celebratur,
1018 2226 1278 2282 admonet
1318 2242 1456 2292 vos,
1500 2226 1786 2297 proprium
1844 2242 2005 2281 suum

2122 2231 2274 2297 ὒμᾶς,
2320 2230 2411 2284 τὸν
2461 2231 2590 2285 ἴδιον
2636 2230 2838 2301 ἐαυτῆς
2883 2230 3106 2296 κόσμον,
3154 2231 3188 2300 ἡ
3247 2224 3557 2296 Ἐκκλησία,
3594 2220 3668 2276 διὰ

428 2320 599 2376 decus
619 2360 634 2385 ,
662 2319 943 2384 Ecclesia,
976 2334 1040 2375 ac
1077 2326 1268 2375 nostra
1295 2318 1464 2390 389
1492 2333 1628 2372 voce
1660 2316 2002 2384 adhortatur,

2122 2321 2206 2392 τῆς
2255 2323 2532 2395 ἡμετέρας
2593 2323 2778 2392 φωνῆς
2838 2321 3265 2396 παρακαλοῦσα,
3313 2318 3415 2390 τὴν
3464 2316 3669 2388 ἀρχαίαν

428 2417 490 2464 ut
539 2409 820 2481 antiquam
870 2409 1168 2465 resumatis
1213 2407 1474 2465 visitandi
1527 2406 2001 2463 consuetudinem.

2122 2412 2398 2466 ὶπολασεῖν
2449 2415 2549 2485 τῆς
2596 2415 2937 2484 ἐπισκέψεως
2989 2413 3144 2485 ὑμῶν
3206 2411 3503 2483 συνήθειαν
3552 2406 3667 2477 (64).

426 2500 616 2572 Itaque
653 2509 714 2555 ut
744 2516 945 2573 magno
972 2507 1186 2571 quaestu
1224 2501 1384 2556 vobis
1428 2500 1715 2571 proposito
1751 2500 1805 2554 in
1852 2501 2007 2571 plebe

2122 2505 2202 2569 Ὠς
2229 2502 2320 2560 οὖν
2348 2508 2613 2577 ἐργασίας
2655 2508 2899 2579 μεγάλης
2924 2506 3295 2578 προκειμένης
3323 2504 3436 2575 (65)
3479 2504 3597 2572 ὑμῖν
3624 2503 3670 2553 ἐν

428 2611 552 2667 qua:
599 2611 631 2649 a
677 2594 835 2652 vobis
888 2594 1151 2650 aediﬁcari
1210 2595 1390 2664 cupit,
1436 2600 1601 2664 atque
1652 2601 1713 2648 ut
1764 2593 2007 2664 praemiis

2122 2596 2218 2668 ιαῷ
2266 2597 2617 2668 ἐπιζητοῦντι
2666 2599 2766 2670 τὴν
2820 2600 2950 2672 παρ’
3013 2597 3169 2670 ὑμῶν
3220 2598 3546 2667 οἰκοδομὴν,
3592 2593 3669 2648 καὶ

427 2689 625 2745 honori
672 2696 976 2762 martyrum
1013 2687 1311 2758 repositis,
1342 2686 1417 2740 ita
1454 2692 1702 2742 nostram
1741 2685 2007 2756 suscipite

2122 2688 2301 2742 ιισθὺν
2352 2692 2409 2743 ἐν
2463 2694 2530 2763 τῇ
2583 2694 2718 2762 τιμῇ
2773 2691 2880 2744 τῶν
2934 2691 3229 2764 μαρτύρων
3290 2689 3667 2759 ἀποκείμενον,

428 2780 871 2838 adhortationem
895 2787 950 2837 et
996 2779 1126 2835 huic
1158 2779 1389 2834 annuite
1436 2778 1719 2850 petitioni,
1749 2792 2007 2850 magnum

2122 2779 2332 2845 Ξέξασθε
2357 2782 2515 2852 ἡμῶν
2536 2782 2632 2854 τὴν
2665 2781 3030 2853 παράκλησιν,
3067 2782 3162 2835 καὶ
3205 2780 3531 2835 ἐπινεύσατε
3557 2776 3671 2848 πρὸς

429 2874 590 2931 nobis
618 2874 947 2931 beneﬁcium
979 2888 1092 2928 non
1124 2873 1299 2928 multo
1322 2872 1513 2929 labore
1544 2871 1875 2927 tribuentes.

2122 2871 2204 2942 τὴν
2246 2874 2408 2945 χάριν
2458 2874 2640 2945 μικρῴ
2691 2875 2837 2947 πόνῳ
2894 2874 3138 2946 μεγάλην
3186 2875 3321 2946 ἡμῖν
3376 2870 3670 2943 εὐεργεσίαν

2112 2966 2475 3037 παρεχόμενοι
2506 2967 2637 3039 (66).

916 3152 1255 3209 EPISTOLA
1292 3152 1568 3209 CCLIII“.

2631 3148 2975 3202 ΕΠΙΣΤΟΛΗ
3013 3148 3178 3203 ΣΝΓν.

432 3287 646 3341 Basilius
665 3300 730 3341 ea:
750 3286 844 3348 his,
866 3299 977 3353 qua:
1007 3286 1206 3339 audient
1241 3284 1523 3339 Antiocheni
1545 3285 2225 3399 presbyter‘ica‘eilanctissimp,
2243 3298 2427 3397 ‘eorum
2450 3280 2823 3335 sollicitudinem
2844 3280 3024 3347 partim
3062 3282 3333 3335 sedanaam
3371 3296 3492 3345 esse,
3513 3279 3670 3347 partim

1975 3362 2057 3397 am
2075 3363 2171 3399 nun
2194 3362 2240 3397 ια
2265 3386 2276 3397 ,

1975 3362 2057 3397 am
2075 3362 2276 3399 ηιιιιιιαι.

877 3472 1213 3545 Presbyteris
1247 3471 1568 3527 Antiochiam

2461 3473 2897 3541 Πρεσϐυτεροις
2948 3473 3336 3542 Ἀντιοχείας.

504 3587 942 3646 Sollicitudinem
963 3626 978 3652 ,
1014 3601 1179 3658 quam
1215 3601 1315 3657 pro
1343 3584 1441 3641 Dei
1477 3583 1740 3641 Ecclesiis
1770 3583 2003 3649 habetis,

429 3677 629 3749 partim
649 3675 871 3747 quidem
895 3674 1108 3731 sedabit
1142 3673 1651 3731 desideratissimus
1691 3688 1756 3728 ac
1785 3673 2009 3745 religio-

431 3765 687 3821 sissimus
716 3764 884 3821 frater
911 3770 1103 3819 noster
1149 3762 1548 3821 Sanctissimus
1578 3764 1885 3836 presbyter,
1921 3771 2007 3820 to-

2184 3582 2296 3655 Τὴν
2347 3582 2637 3656 μέριμναν,
2686 3585 2751 3657 ἣν
2796 3584 2948 3655 ἔχετε
3000 3584 3141 3655 ὑπὲρ
3186 3585 3297 3638 τῶν
3357 3584 3668 3656 Ἐκκλησιῶν

2111 3675 2206 3730 τοῦ
2237 3675 2396 3742 Θεοῦ,
2427 3678 2486 3730 ἐν
2521 3678 2676 3749 μέρει
2706 3678 2806 3748 μὲν
2845 3678 3201 3733 διαναπαύσει
3242 3680 3271 3731 ὁ
3315 3679 3668 3741 ποθεινότατος

2115 3770 2208 3823 καὶ
2261 3769 2652 3835 εὐλαϐέστατος
2706 3771 2863 3842 ἡμῶν
2924 3771 3151 3844 ἀδελφὸς
3211 3773 3605 3843 Σαγκτίσσιμος
3645 3773 3667 3825 ὁ

2116 3862 2617 3935 συμπρεσδύτερος,
2671 3864 3070 3935 διηγησάμενος
3121 3865 3303 3934 πάσης
3353 3866 3455 3935 τῆς
3480 3865 3667 3926 Δύσεως

2113 3954 2210 4025 τὴν
2243 3954 2373 4025 περὶ
2408 3956 2557 4025 ἡμᾶς
2588 3955 2811 4027 ἀγάπην
2860 3973 2917 4009 τε
2964 3956 3055 4010 καὶ
3104 3956 3382 4011 διάθεσιν·
3434 3963 3489 4011 ἐν
3533 3957 3666 4028 μέρει

2113 4044 2170 4098 δὲ
2204 4045 2297 4097 καὶ
2329 4044 2672 4118 διαναστήσει
2699 4047 2793 4101 καὶ
2821 4046 2983 4100 πλέον
3014 4047 3324 4119 παροξυνεῖ,
3352 4050 3484 4119 ὅσην
3523 4065 3667 4101 σπον-

2113 4135 2209 4206 δὴν
2233 4136 2479 4206 ἐπιζητεῖ
2508 4136 2576 4190 τά
2616 4136 2859 4206 παρόντα
2904 4138 3227 4207 πράγματα,
3272 4140 3519 4209 ἐναργῶς
3559 4138 3667 4205 ὑμῖν

2114 4227 2181 4281 δι’
2223 4227 2415 4281 ἐαυτοῦ
2464 4230 2841 4299 παραστήσας.
2900 4229 3011 4282 Καὶ
3055 4230 3164 4299 γὰρ
3209 4229 3318 4284 τῶν
3380 4233 3476 4301 μὲν
3518 4230 3667 4283 ἄλλων

2115 4317 2363 4383 ἕκαστος,
2408 4317 2595 4389 ὥσπερ
2646 4318 2705 4385 ἐξ
2752 4321 3027 4390 ἡμισείας,
3060 4321 3191 4389 ἡμῖν
3239 4320 3538 4390 ἀπήγγειλε
3573 4318 3663 4384 (67)

2116 4410 2211 4464 καὶ
2240 4411 2340 4474 τὰς
2370 4409 2595 4482 γνώμας
2626 4412 2734 4464 τῶν
2780 4413 2955 4465 ἐκεῖσε
2987 4412 3216 4484 ἀνδρῶν,
3259 4414 3355 4466 καὶ
3386 4414 3480 4484 τὴν
3510 4413 3666 4465 κατά-

2118 4517 2308 4554 στάσιν
2335 4500 2442 4553 τῶν
2477 4503 2851 4571 πραγμάτων·
2901 4502 3064 4566 αὐτὸς
3109 4502 3187 4567 δὲ,
3242 4503 3425 4566 ἱκανὸς
3472 4502 3542 4556 ὢν
3586 4501 3665 4553 καὶ

2118 4591 2440 4664 προαίρεσιν
2501 4592 2708 4666 ἀνδρῶν
2762 4593 3135 4664 καταμαθεῖν,
3200 4596 3296 4647 καὶ
3360 4595 3665 4649 κατάστασιν

2117 4684 2457 4754 πραγμάτων
2513 4683 2755 4755 ἀκριϐῶς
2807 4684 3278 4756 διερευνήσασθαι,
3336 4686 3513 4739 πάντα
3557 4686 3663 4752 ὑμῖν

2118 4775 2253 4846 ἐρεῖ,
2306 4775 2401 4828 καὶ
2450 4774 2586 4846 πρὸς
2646 4774 2824 4828 πάντα
2872 4778 3274 4846 χειραγωγήσει
3333 4775 3434 4845 τὴν
3480 4772 3662 4841 ἀγαθὴν

430 3856 543 3911 tius
569 3855 888 3912 Occidentis
916 3870 1045 3927 erga
1067 3870 1171 3911 nos
1208 3870 1451 3911 amorem
1476 3870 1542 3911 ac
1567 3856 1810 3911 studium
1834 3871 2006 3926 expo-

430 3964 572 4007 nens
597 3967 612 4017 ;
647 3948 847 4019 partim
874 3962 1007 4004 vero
1036 3947 1402 4005 exsuscitahit
1428 3962 1494 4003 ac
1534 3948 1710 4020 magis
1743 3956 2004 4014 exacuet,

429 4050 697 4114 quantum
723 4039 892 4097 studii
926 4055 1016 4096 res
1047 4046 1347 4110 presentes
1390 4038 1704 4109 requirant,
1738 4039 1886 4094 clare
1906 4053 2007 4094 vo-

430 4136 520 4191 bis
543 4151 640 4206 per
667 4150 727 4190 se
752 4135 871 4204 ipse
896 4132 1306 4189 demonstrans.
1337 4130 1474 4186 Nam
1500 4148 1692 4188 omnes
1722 4133 1815 4187 alii
1837 4133 2007 4189 veluti

432 4241 500 4281 ex
527 4224 754 4281 dimidio
779 4224 1175 4281 nuntiaverunt
1226 4225 1388 4305 nobis
1426 4233 1481 4281 et
1512 4226 1817 4281 sententias
1847 4225 2011 4280 Occi-

433 4316 734 4371 dentalium
758 4356 773 4382 ,
800 4324 855 4371 et
884 4331 1067 4371 rerum
1098 4324 1303 4372 statum
1334 4336 1348 4372 :
1387 4318 1506 4387 ipse
1536 4332 1668 4372 vero
1688 4359 1703 4383 ,
1734 4331 1858 4370 cum
1885 4317 2010 4372 ido-

434 4424 573 4464 neus
607 4408 679 4464 sit
727 4407 821 4477 qui
876 4417 932 4463 et
987 4408 1271 4462 hominum
1320 4408 1552 4464 consilia
1590 4408 1922 4479 perspiciat,
1955 4416 2011 4463 et

434 4516 620 4558 rerum
650 4506 854 4557 statum
907 4507 1166 4554 accurate
1215 4500 1537 4570 investiget;
1567 4500 1815 4554 narrabit
1851 4500 2009 4554 vobis

434 4592 654 4660 omnia,
712 4605 778 4647 ac
839 4590 1044 4646 bonum
1089 4597 1336 4646 vestrum
1400 4592 1641 4646 studium
1691 4591 1756 4645 ad
1825 4592 2011 4645 omnia

437 4680 596 4751 quasi
639 4693 806 4734 manu
845 4678 1029 4734 ducet.
1080 4676 1263 4746 Quare
1293 4680 1582 4735 materiam
1625 4680 1839 4736 habetis
1878 4695 2012 4735 con-

436 4777 721 4842 gruentem
759 4770 961 4826 eximio
1008 4777 1194 4826 vestro
1240 4773 1567 4842 proposito,
1599 4772 1746 4841 quod
1795 4787 2014 4841 semper

434 4871 618 4919 vestra
643 4876 745 4933 pro
769 4860 868 4917 Dei
902 4860 1168 4918 Ecclesiis
1190 4863 1564 4919 sollicitudine
1593 4864 1937 4919 declarastis.

2122 4865 2349 4937 σπουδὴν
2379 4866 2552 4933 ὑμῶν.
2587 4867 2749 4920 Ὥστε
2782 4866 2933 4937 ἔχετε
2966 4867 3076 4935 (68)
3112 4866 3244 4937 ὓλην
3277 4867 3583 4938 πρέπουσαν
3609 4865 3661 4931 τῇ

434 4955 620 5028 τελείᾳ
656 4953 810 5026 ὑμῶν
842 4953 1160 5026 προαιρέσει
1210 4955 1278 5007 ’ἣν
1328 4956 1416 5009 ἀεὶ
1458 4957 1516 5009 ἐν
1550 4958 1671 5019 ταῖς
1714 4955 1856 5028 ὑπὲρ
1905 4954 2015 5010 τῶν
2058 4956 2394 5029 Ἐκκλησιῶν
2421 4957 2516 5012 τοῦ
2548 4957 2682 5011 Θεοῦ
2717 4959 3006 5031 μερίμναις
3038 4958 3296 5025 ἐδείξατε.

510 5138 531 5158 ⁶
563 5134 715 5191 Alias
741 5133 968 5205 CCXCI.
1003 5134 1219 5205 Scripta
1249 5151 1394 5191 anno
1431 5136 1554 5191 576.

510 5206 559 5277 ff
576 5205 733 5277 _Alias
754 5204 1252 5277 rCXQlXtScripta
1285 5221 1430 5262 anno
1461 5208 1586 5262 576.

533 5274 627 5349 62)
659 5276 768 5331 Καὶ
799 5275 971 5349 ὑμῖν..
997 5275 1089 5349 S_ic
1126 5274 1263 5349 mss.
1293 5285 1524 5349 septem.
1552 5277 1694 5331 Editi
1734 5278 1827 5332 καὶ
1852 5280 2011 5349 ἡμῖν.

2116 5152 2240 5209 cum
2273 5138 2451 5193 tribus
2482 5138 2625 5194 alus.
2673 5132 2815 5192 Εσίῑί
2848 5138 3003 5209 ἡμῶν
3041 5137 3335 5195 referendo
3375 5138 3442 5193 ad
3470 5131 3660 5189 ἐπισκέο

2114 5206 2280 5277 ψεως.
2314 5209 2566 5262 uisitandi
2592 5209 2762 5263 nostri
2790 5206 3240 5265 consuetudinem.

2136 5271 2142 5291 ί
2178 5271 2300 5355 Δ(65)
2331 5278 2752 5355 Προνιειμένης.
2787 5277 2866 5333 lta
2896 5278 3050 5334 Harl.
3097 5287 3153 5334 et
3182 5280 3368 5350 plures
3405 5279 3515 5333 alii.
3540 5271 3660 5328 Edlti

440 5343 560 5419 Sub
599 5343 761 5419 linem
793 5343 924 5401 editi
943 5346 1133 5419 δοῦναι
1161 5348 1318 5419 ἡμῖν.
1348 5343 1632 5403 Postrema
1663 5362 1768 5403 vox
1801 5343 2007 5419 melius

2122 5343 2542 5419 προσκειμένης.

441 5416 783 5491 deesseyisa
824 5416 1433 5491 ιιξι-ἰιι-(Ζοίίειξιπίιιιο⁸
1467 5427 1521 5473 et
1553 5434 1663 5491 uno
1707 5416 2007 5491 ex_Begiis.

2164 5416 2303 5491 ’(66)
2332 5416 2756 5490 Παρὲχόμενοι.
2818 5419 2988 5477 Coisl.
3026 5428 3084 5476 et
3124 5419 3218 5473 alii
3262 5420 3501 5476 nonnulli
3539 5430 3657 5484 παρ-

442 5482 626 5560 Editio
649 5486 826 5543 Paris.
860 5486 897 5560 2
925 5487 1089 5560 habet
1110 5482 1286 5560 ἡμῶν.
1307 5486 1527 5560 ibidem
1549 5490 1658 5545 duo
1686 5482 1909 5544 codices
1927 5504 2007 5544 re-

2122 5482 2403 5560 εχὸμὲνην.

444 5557 714 5637 angores
726 5558 889 5637 graia
918 5557 987 5611 τά
1011 5557 1148 5637 ἔργα
1170 5558 1356 5637 αὑτοῦ.
1604 5631 1618 5637 _
1781 5630 1797 5637 _
1854 5628 1899 5637 __
1970 5629 1984 5637 _

2149 5557 2307 5637 "(67)
2338 5557 2696 5631 Ἆπήγγειλε.
2721 5559 2797 5615 ita
2827 5576 2921 5615 sex
2937 5562 3158 5617 codices
3180 5577 3315 5617 mss.
3362 5558 3494 5615 Editi
3519 5557 3656 5627 ἀνήγ·

522 5626 649 5699 ἶίὶξν),
669 5625 791 5699 Τῆςί
816 5625 1135 5697 Ποντικῆὸ.
1167 5627 1332 5685 Deest
1363 5644 1428 5687 ea
1469 5645 1575 5691 vox
1602 5631 1659 5686 in
1698 5630 1821 5686 cod.
1853 5628 2007 5683 Harl.

2122 5625 2317 5686 νειλεν.

444 5685 690 5753 -Ὑὶᾙο
718 5685 995 5754 Addenda.

2193 5701 2303 5771 (68)
2341 5702 2572 5771 Ἔχετε.
2627 5700 2718 5756 Sic
2765 5701 2939 5766 Harl.,
2972 5701 3238 5767 Clarom.,
3298 5703 3467 5770 Bigot.
3519 5699 3650 5760 alter.

520 5768 631 5840 (64)
669 5767 865 5837 ’Υμῶν
882 5767 1228 5837 συνήθειαν.
1249 5766 1327 5824 Ita
1351 5767 1501 5826 Harl.
1533 5778 1588 5826 et
1609 5770 1777 5827 Coisl.
1804 5772 2013 5843 primus

2121 5770 2328 5844 Regius
2359 5783 2606 5843 uterque,
2637 5772 2805 5830 Coisl.
2849 5777 3145 5831 secundus.
3184 5774 3328 5830 Editi
3352 5777 3502 5845 ἔχειν.
