3900 6208
275 343 382 400 9η

791 456 1137 512 ΕΠΙΣΤΟΛΙῙ
1174 456 1339 512 ΣΝΔν.

1169 336 1660 398 EPISTOLARUM
1687 335 1974 395 CLASSIS
2004 336 2070 394 ll.
2109 335 2328 394 EPIST.
2370 337 2571 397 CCLV.

3428 339 3534 398 912

2446 452 2791 512 EPISTOLA
2826 454 3075 512 ccuv-.
3178 466 3181 467 ί
3463 424 3472 433 ’

1112 569 1303 624 Salutat
1320 586 1410 637 per
1431 571 1824 636 Sanctissimum,
1853 583 1998 636 reque
2016 571 2122 638 ejus
2145 538 2368 636 precibus
2385 568 2702 623 commendat.

350 681 624 751 Πελαγίφ
657 679 798 752 (69),
833 680 1144 749 ἐπισκόπφ
1172 680 1525 748 Λαοδικείας
1579 680 1821 751 Συρίας.
1879 685 1929 743 Α

350 797 632 869 Παράσχοι
677 796 706 848 ὁ
736 793 943 867 Κύριός
983 811 1114 849 ποτε
1159 795 1255 849 καὶ
1297 796 1447 868 αὐτῷ
1503 813 1593 868 μοι
1624 796 1706 860 είς
1736 795 1859 866 ὄψιν

280 870 461 945 ἐλθεῖν
493 892 558 962 τῇ
598 888 826 960 ἀληθινῇ
878 905 972 941 σου
1007 887 1306 962 θεοσεϐείᾳ,
1341 891 1436 945 καὶ
1478 890 1578 944 ὅσα
1617 889 1860 945 ὲνελίπο-

282 1001 386 1053 μεν
440 981 520 1053 τῷ
564 981 890 1052 γράμματι,
945 979 1117 1034 ταῦτα
1163 980 1553 1054 ἀναπληρῶσαι
1602 983 1752 1053 ἡμᾶς
1789 984 1855 1053 τῇ

278 1073 581 1146 παρουσίᾳ.
645 1072 773 1141 Ὀψὲ
823 1071 932 1143 γὰρ
984 1070 1078 1125 τοῦ
1124 1073 1359 1143 γράφειν
1407 1073 1715 1144 ἠρξάμεθα,
1763 1074 1859 1126 καὶ

278 1164 452 1235 πολλὴ
485 1165 616 1234 ἡμῖν
655 1162 767 1232 (70)
816 1162 915 1232 τῆς
959 1161 1252 1230 ἀπολογίας
1301 1164 1481 1235 χρεία.
1543 1163 1760 1235 Ἐπειδὴ
1800 1163 1858 1217 δὲ

277 1256 549 1327 πάρεστιν
591 1257 620 1307 ὁ
649 1253 1027 1317 ποθεινότατος
1068 1254 1161 1307 xal.
1203 1255 1597 1320 εὐλαϐέστατος
1630 1255 1858 1326 ἀδελφὸς

277 1346 683 1417 Σαγκτίσσιμος
720 1348 748 1399 ὀ
785 1344 1286 1417 συμπρεσϐύτερος,
1334 1346 1494 1411 αὐτὸς
1540 1348 1716 1403 πάντα
1777 1349 1857 1402 δι-

274 1438 544 1510 ηγήσεταί
582 1455 685 1502 σοι,
730 1438 802 1490 τά
843 1454 904 1489 τε
950 1437 1195 1509 ἡμέτερα
1229 1437 1340 1509 (71)
1374 1439 1469 1491 κα)⁴
1510 1437 1579 1492 τὰ
1629 1439 1735 1493 ἀπὸ
1760 1439 1860 1509 τῆς

272 1531 510 1594 Δύσεως.
540 1530 650 1582 Καὶ
674 1530 760 1582 ἐπ’
788 1529 1015 1592 ἐκείνοις
1043 1529 1140 1599 μὲν
1172 1529 1464 1599 εὐφρανεῖ·
1496 1530 1594 1594 τὰς
1625 1531 1682 1585 δὲ
1710 1533 1858 1602 ἡμᾶς

272 1622 656 1694 κατασχούσας
701 1620 947 1693 ταραχὰς
992 1619 1182 1685 εἰπὼν,
1216 1621 1345 1685 ἴσως
1394 1621 1690 1694 προσθήσει
1737 1622 1860 1677 τινὰ

271 1715 454 1786 λύπην
474 1714 568 1768 καὶ
589 1713 843 1786 φροντίδα
862 1716 975 1776 τοῖς
995 1714 1094 1785 ἤδη
1126 1715 1565 1784 ὲναποκειμένοις
1588 1717 1654 1786 τῇ
1678 1715 1855 1788 ἀγαθῇ

274 1825 372 1861 σου
407 1808 623 1878 καρδίᾳ.
673 1807 747 1860 Οὐ
805 1809 911 1877 μὴν
955 1807 1228 1878 ἄχρηστον
1271 1807 1333 1860 τὸ
1375 1806 1662 1861 λυπεῖσθαι
1712 1808 1857 1878 ὑμᾶς

271 1903 401 1965 τοὺς
430 1900 761 1972 δυναμένους
787 1901 1056 1953 δυσωπεῖν
1083 1900 1173 1953 τὸν
1204 1900 1429 1972 Κύριον.
1473 1901 1569 1964 Είς
1603 1900 1718 1954 δέον
1746 1901 1855 1974 γὰρ

273 1995 410 2065 ἡμῖν
437 1994 774 2065 ἀποϐήσεται
806 1995 838 2063 ἡ
876 1993 1117 2065 ὑμετέρα
1162 1992 1435 2063 μέριμναο
1468 1993 1562 2044 καὶ
1604 1988 1721 2046 οἶδα
1770 1992 1853 2046 ὅτι
1881 2033 1926 2089 Β

269 2084 578 2156 τευξόμεθα
605 2085 706 2155 τῆς
731 2083 882 2155 παρὰ
910 2083 1005 2136 τοῦ
1034 2083 1168 2136 Θεοῦ
1197 2083 1307 2155 (72)
1325 2081 1680 2155 ἀντιλήψεως,
1705 2082 1857 2154 ἕχον-

268 2191 366 2239 τες
412 2158 512 2246 τὴν
572 2175 724 2246 παρά
783 2173 892 2228 τῶν
955 2172 1273 2245 προσευχῶν
1326 2173 1479 2245 ὑμῶν
1541 2174 1849 2244 συνεργίαν.

285 2265 414 2319 Ἐὰν
456 2265 514 2319 δὲ
558 2263 790 2335 συνεύξῃ
840 2266 972 2336 ἡμῖν
1015 2263 1336 2337 ἀπαλλαγὴν
1377 2263 1485 2316 τῶν
1536 2263 1850 2348 φροντίδων,

271 2357 368 2411 καὶ
404 2356 722 2429 προσθήκην
763 2356 884 2410 τινὰ
914 2359 981 2427 τῇ
1015 2356 1243 2424 δυνάμει
1280 2354 1373 2409 τοῦ
1407 2353 1659 2425 σώματος
1689 2353 1849 2425 ἡμῶν

270 2452 501 2523 αἰτήσῃ,
543 2448 900 2505 κατευοδώσει
942 2448 1055 2517 (75)
1102 2451 1250 2520 ἡμᾶς
1290 2449 1321 2501 ὁ
1364 2448 1570 2519 Κύριος
1603 2447 1741 2519 πρὸς
1791 2446 1853 2501 τὸ

265 2539 371 2609 τὴν
403 2539 698 2611 ἐπιθυμίαν
726 2541 862 2610 ἡμῖν
890 2538 1331 2610 ὲκπληρωθῆναι,
1371 2539 1466 2591 καὶ
1498 2540 1577 2601 είς
1605 2537 1725 2608 ὄψιν
1756 2535 1847 2589 ἐλ-

269 2626 388 2683 θεῖν
417 2632 486 2702 τῇ
514 2629 833 2702 κοσμιότητί
872 2645 964 2682 σου
1007 2628 1146 2701 (74).

788 2741 1135 2795 ΕΠΙΣΤΟΛΗ
1173 2738 1319 2794 ΣΝΕ*
1328 2781 1343 2795 .

2224 676 2479 750 Pelagio,
2504 679 2748 748 episcopo
2779 674 3062 734 Laodicea:
3084 675 3281 748 Syria.

2028 791 2321 866 Largiatur
2361 800 2416 849 et
2449 792 2585 848 mihi
2616 791 2883 849 Dominus
2928 792 3151 849 tandem
3192 790 3490 863 aliquando
3511 832 3530 860 ,

1956 889 2020 938 ut
2062 884 2120 940 in
2168 891 2525 955 conspectum
2559 883 2790 941 sincerae
2822 893 2931 939 tuae
2971 883 3160 956 pietati
3197 883 3411 938 veniam
3436 923 3452 948 ,
3475 891 3531 938 et

1958 990 2080 1046 qua
2111 991 2144 1031 a
2177 976 2380 1041 litteris
2422 976 2585 1033 nobis
2620 977 2951 1043 defuerunt,
2982 993 3046 1032 ea
3085 992 3275 1031 coram
3308 976 3532 1047 explea-

1956 1082 2104 1123 mus.
2135 1066 2428 1123 Enimvero
2468 1082 2593 1123 sero
2628 1069 2872 1124 scribere
2901 1069 3149 1140 aggressi
3197 1084 3424 1132 sumus,
3463 1083 3531 1123 ac

1956 1159 2117 1219 valde
2166 1158 2328 1215 nobis
2369 1174 2511 1230 opus
2539 1171 2625 1215 est
2657 1162 3031 1215 excusatione.
3076 1159 3183 1215 Sed
3231 1175 3354 1215 cum
3386 1159 3532 1214 adsit

1958 1251 2466 1308 desideratissimus
2505 1268 2569 1307 ac
2603 1251 3056 1322 religiosissimus
3082 1252 3248 1307 frater
3279 1250 3530 1307 Sanctis-

1958 1345 2132 1400 simus
2160 1345 2596 1416 compresbyter,
2629 1345 2745 1415 ipse
2772 1345 2866 1399 tibi
2896 1345 3077 1399 omnia
3119 1344 3385 1409 narrabit,
3411 1353 3527 1398 tum

1956 1442 2177 1503 nostra,
2207 1443 2323 1489 tum
2355 1450 2476 1504 quae
2492 1436 2561 1490 ab
2581 1433 2899 1491 Occidente.
2931 1435 3010 1489 Ac
3039 1450 3136 1504 per
3163 1434 3280 1489 haec
3305 1434 3529 1504 quidem

1957 1526 2161 1597 gaudio
2209 1534 2263 1582 te
2313 1526 2512 1581 afﬁciet
2545 1545 2559 1581 :
2593 1527 2722 1581 dum
2751 1542 2882 1581 vero
2914 1527 3355 1597 perturbationes
3409 1525 3531 1594 qui-

1957 1618 2060 1673 bus
2118 1633 2548 1682 commovcmur,
2600 1619 2703 1673 tibi
2758 1617 3071 1682 nuntiabit,
3125 1616 3267 1672 forte
3319 1614 3529 1687 aliquid

1957 1709 2221 1765 molestiae
2269 1725 2333 1764 ac
2380 1710 2770 1765 sollicitudinis
2825 1710 3046 1779 adjiciet
3104 1708 3190 1763 bis
3248 1724 3369 1778 qua:
3412 1708 3529 1777 jam

1957 1803 2103 1857 bono
2127 1810 2221 1857 tuo
2253 1804 2407 1857 cordi
2439 1803 2700 1858 insident.
2733 1801 2853 1857 Non
2884 1809 3066 1856 tamen
3092 1801 3285 1856 inutile
3312 1807 3396 1855 est
3428 1815 3529 1855 vos

1957 1892 2149 1963 atlligi,
2188 1895 2280 1963 qni
2335 1894 2623 1949 Dominum
2664 1895 2895 1965 potestis
2933 1895 3173 1963 placare.
3227 1891 3529 1948 Commode

1956 1985 2100 2038 enim
2150 1987 2307 2040 nobis
2354 1987 2511 2042 cedet
2563 1995 2745 2041 vestra
2798 1985 3150 2050 sollicitudo,
3182 2000 3284 2040 nec
3331 1985 3528 2039 dubito

1954 2075 2092 2143 quin
2124 2078 2388 2131 auxilium
2412 2093 2443 2131 a
2478 2079 2584 2133 Deo
2603 2078 2961 2148 accipiamus,
2982 2081 3029 2133 si
3058 2094 3160 2134 nos
3177 2089 3376 2134 vestrae
3402 2095 3530 2149 pre-

1953 2181 2044 2222 ces
2075 2167 2354 2235 adjuvent.
2396 2166 2553 2234 Quod
2586 2170 2633 2223 si
2667 2183 2777 2223 una
2809 2168 3102 2223 nobiscum
3151 2168 3429 2238 preceris,
3466 2175 3528 2223 ut

1953 2257 2103 2313 curis
2140 2258 2463 2322 eximamur,
2499 2266 2554 2314 et
2606 2259 2982 2315 accessionem
3030 2259 3269 2329 aliquam
3313 2259 3526 2315 viribus

1953 2349 2203 2417 corporis
2228 2349 2403 2403 nostri
2433 2351 2714 2418 postules;
2740 2365 2998 2420 prospere
3023 2365 3125 2405 nos
3157 2350 3390 2406 deducet
3419 2349 3526 2404 D0»-

1949 2440 2134 2496 minus
2156 2480 2170 2505 ,
2205 2449 2265 2493 ut
2297 2440 2632 2496 desiderium
2656 2450 2905 2496 nostrum
2936 2441 3248 2511 impleatur,
3279 2450 3334 2497 et
3361 2441 3526 2498 urba-

1947 2531 2112 2585 nitati
2144 2539 2250 2586 tuae
2276 2532 2334 2586 in
2372 2542 2733 2603 conspectum
2763 2533 3072 2589 veniamus.

2284 2744 2291 2751 ·
2325 2738 2490 2810 390
2525 2738 2865 2795 EPISTOLA
2900 2739 3163 2796 CCLV

1042 2849 1326 2915 Honorifica
1347 2849 1573 2901 salutatio
1595 2863 1683 2917 per
1708 2847 2073 2902 Sanctissimum
2098 2847 2160 2899 ab
2183 2848 2439 2900 Occidente
2460 2848 2753 2902 redeuntem.

578 2967 732 3032 Βίτῳ
760 2965 872 3037 (75)
893 3005 908 3032 ,
935 2965 1249 3029 ἐπισκόπῳ
1275 2963 1542 3033 Καῤῥῶν.

340 3052 469 3108 Εῖθε
520 3049 588 3124 ἦν
624 3070 714 3125 μοι
766 3051 993 3107 δυνατὸν
1044 3052 1141 3105 καὶ
1194 3051 1317 3105 καθ’
1351 3052 1587 3124 ἑκάστην
1640 3055 1852 3127 ἡμέραν

266 3145 613 3201 ἐπιστέλλειν
641 3148 709 3216 τῇ
752 3144 1009 3215 εὐλαϐείᾳ
1041 3160 1157 3197 σου.
1206 3144 1323 3213 Ἀφ’
1356 3135 1418 3196 οὐ
1460 3143 1570 3216 γὰρ
1609 3146 1688 3209 είς
1730 3148 1851 3198 πεῖ-

270 3252 373 3309 ραν
422 3230 586 3306 ἦλθον
625 3235 726 3305 τῆς
769 3235 992 3303 ἀγάπης
1026 3249 1155 3298 σου,
1198 3233 1366 3287 πολὺν
1410 3233 1517 3304 ἔχω
1558 3235 1649 3288 τὸν
1688 3235 1851 3288 πόθον

271 3328 513 3400 μαλιστα
550 3329 648 3398 μὲν
678 3327 773 3380 τοῦ
809 3325 1112 3395 συνδιάγειν
1145 3343 1261 3390 σοι,
1296 3327 1427 3380 εἰδὲ
1465 3326 1573 3399 μὴ,
1600 3328 1850 3382 ἐπιστέλ-

270 3420 387 3473 λειν
413 3420 545 3488 γοῦν
578 3420 667 3472 καὶ
699 3419 950 3488 δέχεσθαι
984 3418 1322 3489 γράμματα,
1356 3418 1442 3472 ἵνα
1486 3419 1593 3490 ἔχω
1626 3421 1722 3473 καὶ
1755 3438 1852 3493 ση-

272 3514 490 3587 μαίνειν
541 3512 611 3564 τὰ
658 3511 780 3565 κατ’
813 3510 1049 3582 ἐμαυτὸν
1079 3552 1092 3574 ,
1127 3511 1221 3562 καὶ
1262 3512 1553 3580 μανθάνειν
1605 3512 1673 3564 τὰ
1724 3514 1852 3583 περὶ

277 3607 369 3678 τῆς
400 3603 692 3667 διαθέσεως
726 3621 842 3658 σου.
891 3602 1107 3674 Ἐπειδὴ
1143 3602 1254 3673 (76)
1289 3604 1346 3657 δὲ
1379 3604 1476 3674 οὐχ
1513 3604 1613 3657 ὅσα
1663 3605 1852 3673 βουλό·

272 3696 414 3768 μεθα
466 3696 700 3765 ὑπάρχει
764 3695 937 3764 ἡμῖν,
986 3694 1102 3747 ἀλλ’
1151 3695 1252 3748 ὅσα
1307 3694 1336 3745 ὁ
1388 3696 1591 3764 Κύριος
1645 3696 1849 3762 δίδωσι,

276 3789 443 3844 ταῦτα
476 3788 763 3858 ὀφείλομεν
812 3786 1059 3857 δέχεσθαι
1110 3789 1225 3857 μετ’
1262 3787 1643 3858 εὐχαριστίας’
1682 3789 1855 3859 ηὐχα-

271 3882 607 3954 ριστήσαμεν
640 3877 719 3949 τῷ
768 3879 906 3948 ἁγίῳ
951 3877 1071 3948 Θεῷ
1105 3878 1505 3949 παρασχομένῳ
1538 3880 1668 3949 ἡμῖν
1721 3880 1855 3932 ὐπό-

270 3972 422 4025 θεσιν
472 3970 814 4042 γραμμάτων
876 3969 1011 4040 πρὸς
1055 3968 1168 4040 ,τὴν
1224 3969 1510 4023 εὐλάϐειαν
1561 3986 1653 4023 σου
1686 4011 1700 4034 ,
1751 3972 1852 4041 τὴν

273 4063 459 4134 ἄφιξιν
497 4063 593 4114 τοῦ
633 4062 1016 4116 ποθεινοτὰτου
1050 4062 1145 4114 καὶ
1192 4061 1587 4115 εὐλαϐεστάτου
1619 4063 1850 4132 ἀδελφοῦ

273 4153 433 4224 ἡμῶν
471 4152 872 4224 Σαγκτισσίμου
920 4152 1013 4204 τοῦ
1063 4152 1583 4224 συμπρεσϐυτέρου·
1624 4152 1682 4216 ὃς
1705 4194 1719 4217 ,
1756 4172 1854 4207 πο-

274 4246 374 4301 λύν
405 4245 645 4308 ὑποστὰς
674 4246 731 4299 ὲν
758 4247 825 4315 τῇ
864 4244 1143 4315 ὁδοιπορίᾳ
1168 4244 1261 4296 τὸν
1291 4246 1459 4298 κόπον
1491 4246 1603 4315 (77)
1625 4285 1639 4309 ,
1673 4247 1853 4301 πάντα

270 4338 591 4409 διηγήσεταί
634 4353 715 4391 σοι
745 4338 861 4406 μετ’
901 4337 1187 4408 ἀκριϐείας
1222 4338 1323 4389 ὅσα
1364 4337 1662 4391 κατέλαϐεν
1688 4340 1745 4392 ὲν
1781 4342 1849 4410 τῇ

271 4427 451 4484 Δύσει.
491 4426 661 4497 Ὑπὲρ
696 4419 771 4480 ὧν
808 4427 903 4478 καὶ
932 4426 1276 4497 εὐχαριστεῖν
1314 4425 1599 4496 ὀφείλομεν
1631 4426 1708 4497 τῷ
1740 4429 1853 4480 Κυ-

274 4519 378 4590 ρίῳ
400 4556 415 4581 ,
464 4516 560 4568 καὶ
613 4519 937 4586 προσκυνεῖν
985 4516 1181 4578 αὐτὸν,
1219 4517 1307 4569 ἵνα
1339 4515 1413 4586 δῷ
1447 4517 1541 4570 καὶ
1578 4518 1709 4588 ἡμῖν
1748 4519 1849 4589 τὴν

271 4609 442 4677 αὐτὴν
465 4607 705 4678 εἰρήνην,
731 4607 828 4660 καὶ
858 4606 1220 4677 ἀπολάϐωμεν
1251 4607 1514 4678 ἀλλήλους
1552 4610 1669 4679 μετ’
1696 4608 1849 4662 ἐλευ-

2364 2963 2503 3029 Vita,
2524 2961 2847 3019 Carrhorum
2862 2964 3121 3034 episcopo.

2023 3053 2242 3108 Utinam
2285 3070 2501 3124 possem
2548 3054 2714 3110 etiam
2755 3055 3007 3126 quotidie
3045 3055 3291 3114 scribere
3338 3057 3527 3129 pietati

1950 3148 2098 3201 tuae!
2132 3146 2209 3200 Ex
2254 3162 2364 3216 quo
2410 3148 2556 3202 enim
2600 3148 2994 3222 experientiam
3044 3150 3165 3219 cepi
3212 3149 3526 3207 dilectionis

1952 3247 2078 3302 tuae,
2113 3238 2462 3294 vehementer
2488 3253 2625 3294 aveo
2655 3240 2893 3294 maxime
2921 3241 3144 3311 quidem
3176 3250 3357 3297 tecum
3387 3260 3528 3299 ver-

1956 3328 2110 3395 sari;
2161 3328 2251 3383 sin
2301 3329 2506 3394 minus,
2545 3329 2758 3385 litteras
2801 3331 2995 3387 saltem
3049 3333 3268 3389 mittere
3290 3344 3345 3389 et
3378 3337 3527 3390 acci-

1953 3436 2104 3490 pere,
2143 3428 2202 3474 ut
2250 3436 2447 3491 queam
2497 3430 2551 3476 et
2600 3438 2689 3478 res
2740 3432 2961 3480 nostras
3011 3425 3110 3479 tibi
3153 3427 3419 3491 indicare,
3470 3438 3526 3484 et

1952 3513 2227 3585 quomodo
2263 3522 2316 3569 te
2357 3513 2563 3569 habeas
2608 3514 2841 3572 discere.
2893 3515 2999 3571 Sed
3042 3518 3172 3588 quia
3220 3534 3328 3574 non
3372 3538 3525 3590 qua:-

1952 3621 2170 3676 cunque
2225 3607 2479 3660 volumus
2543 3607 2705 3662 nobis
2759 3608 2984 3673 adsunt,
3040 3610 3137 3666 sed
3181 3628 3526 3683 quaecunque

1952 3698 2098 3754 Deus
2152 3699 2287 3763 dat,
2346 3714 2472 3751 cum
2524 3700 2825 3769 gratiarum
2887 3702 3107 3757 actione
3171 3706 3524 3775 suscipienda

1953 3798 2119 3857 sunt;
2169 3789 2375 3859 gratias
2418 3790 2503 3859 egi
2548 3799 2742 3845 sancto
2775 3789 2909 3855 Deo,
2945 3795 3039 3863 qui
3088 3795 3222 3848 mihi
3271 3796 3339 3849 ad
3372 3808 3524 3852 tuam

1951 3881 2207 3950 pietatem
2259 3880 2537 3935 scribendi
2592 3882 2939 3938 occasionem
2988 3885 3240 3953 praebuit,
3284 3888 3522 3945 adventu

1952 3972 2408 4027 desideratissimi
2432 3988 2497 4026 ac
2526 3973 2933 4043 religiosissimi
2963 3975 3154 4032 fratris
3178 3979 3351 4033 nostri
3386 3979 3523 4035 San-

1951 4063 2185 4118 ctissimi
2216 4064 2649 4135 compresbyteri
2682 4079 2698 4117 :
2731 4066 2825 4134 qui
2860 4067 3091 4122 multum
3126 4085 3421 4140 perpessus
3462 4074 3522 4129 in

1951 4152 2293 4209 conﬁciendo
2339 4154 2534 4210 itinere
2570 4155 2844 4219 laborem,
2904 4159 3088 4213 omnia
3127 4162 3226 4216 tibi
3262 4172 3523 4220 accurate

1950 4253 2223 4314 exponet,
2269 4260 2611 4316 quaecunque
2648 4248 2703 4302 in
2737 4248 3030 4306 Occidente
3068 4252 3398 4312 observavit.
3432 4255 3517 4314 0b

1950 4350 2074 4404 quae
2105 4335 2369 4391 debemus
2392 4343 2447 4391 et
2476 4335 2708 4393 Domino
2730 4348 2914 4410 grates
2943 4342 3265 4412 rependere,
3297 4354 3354 4401 et
3392 4363 3520 4404 eum

1950 4426 2216 4493 adorare,
2252 4434 2313 4480 ut
2354 4428 2446 4482 det
2472 4435 2529 4482 et
2568 4430 2728 4485 nobis
2762 4446 2952 4500 pacem
2992 4434 3261 4501 eamdem,
3309 4453 3521 4510 nosque

1949 4519 2185 4573 invicem
2230 4533 2358 4572 cum
2404 4519 2659 4577 libertate
2698 4524 3050 4593 recipiamus.
3097 4526 3520 4586 Fraternitatem

1949 4623 2164 4662 onmem
2188 4616 2381 4662 nostro
2413 4610 2638 4667 nomine
2665 4613 2869 4668 saluta.

272 4701 478 4775 θερίας.
515 4699 700 4753 Πᾶσαν
736 4700 837 4770 τὴν
869 4703 928 4755 ἐν
972 4700 1191 4772 Χριστῷ
1230 4701 1566 4773 ἀδελφότητα
1611 4701 1857 4755 ἄσπασαι
1888 4702 2020 4774 παρ’
2051 4701 2227 4773 ἡμῶν.

352 4856 466 4936 (69)
498 4853 1333 4936 I_h.1a»ﬂcp._consentiunt-cum
1363 4856 1527 4936 editis
1558 4856 1613 4909 in
1647 4856 1750 4936 hoc
1780 4857 1848 4909 ti-

1960 4857 2129 4936 dicgs.
2161 4857 2306 4936 [ξεί-ἰιί
2337 4861 2603 4936 αἰτήσεις,
2625 4862 2724 4936 Δἵνα
2752 4865 3121 4936 κατε-υοδὼσῃι

274 4924 396 4982 tuto
423 4924 641 4981 codices
670 4924 1080 4995 antiquissimi.
1111 4924 1278 4995 Coisl.
1312 4929 1590 4981 secundus
1626 4935 1680 4980 et
1712 4925 1844 4995 Reg.

278 4995 556 5054 secundus
596 4993 846 5066 Πελαγίῴ
876 4993 1215 5057 Λαοδικείας.
1255 4994 1384 5067 Reg.
1426 4998 1635 5067 primus
1678 4993 1850 5049 Πελᾶ-

273 5067 871 5205 γιῧῧῗίῖἔὲἳῖίὴμῖν.
898 5133 991 5190 Sic
1014 5133 1181 5189 Coisl.
1207 5134 1417 5204 primus
1441 5145 1493 5189 et
1516 5134 1679 5198 Med.,
1698 5137 1846 5204 quod

276 5206 500 5277 melius_
516 5207 694 5260 visum
730 5213 817 5260 est
847 5220 1011 5275 quam
1054 5206 1275 5277 vulgata
1321 5206 1595 5274 scriptura
1645 5206 1847 5277 πολλῆς

274 5278 430 5345 ἡμῖν.
468 5274 793 5349 Quanquam
833 5274 947 5329 tota
978 5289 1067 5330 res
1093 5274 1249 5345 parvi
1279 5277 1563 5341 momenti,
1608 5291 1709 5331 nec
1733 5274 1859 5349 ma:

274 5360 445 5416 gnum
468 5348 782 5416 discrimen.

835 5412 985 5505 Fditi
1033 5414 1240 5470 addunt
1270 5415 1339 5470 τὰ
1382 5415 1705 5487 παρεθέντα,

272 5485 392 5540 haec
424 5484 624 5540 desunt
649 5486 703 5538 in
735 5493 939 5553 septem
972 5500 1105 5538 mss.

348 5554 461 5626 (72)
496 5557 660 5626 Παρὰ
682 5554 789 5626 τοῦ
829 5555 1107 5626 aconita
1150 5554 1298 5610 Harl.
1334 5569 1459 5610 cum
1491 5555 1665 5610 tribus
1694 5556 1834 5611 aliis.

274 5624 501 5697 Legitur
531 5628 583 5679 in
614 5625 870 5679 Medicae
898 5633 953 5680 et
989 5625 1155 5680 Coisl.
1196 5627 1370 5694 primo
1396 5626 1497 5695 τῆς
1528 5628 1653 5697 παρ’
1675 5626 1837 5679 αὐτοῦ

274 5695 630 5767 ἀντιλήψεως-τ

346 5763 744 5837 (75)Αίτήσῃ,
772 5764 1184 5822 κατευοδώσει.
1226 5763 1305 5819 Ita
1348 5780 1539 5821 novem
1584 5780 1715 5821 mss.
1752 5783 1843 5822 co—

2023 4928 2136 4996 (74)
2170 4927 2250 4998 Τῇ
2288 4932 2635 4998 κοσμιότητι
2686 4949 2821 4985 σου.
2872 4927 3174 4989 Pronoinen
3225 4936 3411 4993 deerat
3463 4941 3519 4995 in

1950 4997 2189 5077 editione
2212 5000 2235 5051 1
2256 4997 2443 5077 επις.
2471 4997 2692 5070 Legitur
2713 5003 2768 5056 in
2789 5002 3042 5059 Medicam
3062 5015 3116 5059 et
3141 5004 3308 5061 Coisl.
3338 5008 3519 5077 primo

1947 5067 2059 5140 τῆς
2077 5069 2451 5140 κοσμιότητός
2462 5067 2574 5123 σουξ

2022 5137 2368 5218 (75)”⁷Βίτ‹ιίξἰ
2415 5138 2843 5218 (30d.__Clarom.
2876 5144 3049 5218 ᾙτῳ,
3092 5145 3256 5218 et__ad
3315 5149 3518 5218 margi-

1949 5208 2270 5280 n‘em_B£zgg.
2320 5208 2511 5280 Codex
2552 5208 2840 5267 Medicaeus
2898 5208 3090 5280 Βίττῳ.
3137 5213 3339 5269 Ibidem
3385 5208 3514 5273 editi

1951 5277 2171 5352 Eapcbv.
2196 5277 2614 5352 _Harl_.,_Regius
2645 5290 2892 5352 uterque,
2938 5277 3106 5339 Coisl.
3144 5285 3420 5342 secundus
3461 5299 3517 5344 et

1946 5344 2122 5421 Biggt.
2161 5348 2295 5421 alter
2326 5344 2525 5421 habent
2558 5344 2812 5421 Καρρῶν.
2877 5344 2888 5350 ’
3444 5396 3447 5399 μ

2018 5415 2441 5497 (76)..ςΕλτειδή.
2494 5420 2570 5497 l_ta
2618 5415 2790 5487 Βάκ-1.,
2825 5421 2992 5479 Coisl.
3058 5431 3286 5497 uterque
3322 5433 3378 5482 et
3421 5428 3513 5483 alii

1945 5487 2207 5540 nonnulli.
2234 5487 2373 5540 Editi
2399 5488 2539 5540 ἐπεί.

1943 5556 2383 5680 ἡέὧᾎιιίόπον.
2414 5557 2581 5613 Coisl.
2615 5558 2824 5631 primus
2853 5569 2908 5616 et
2955 5563 3094 5621 Med.
3132 5568 3394 5635 κίνδυνον,
3423 5584 3512 5638 pe-

2020 5700 2039 5719 ⁹
2072 5698 2221 5752 Alias
2251 5696 2453 5768 CCCX]
2507 5696 2720 5768 Scripta
2750 5715 2893 5755 anno
2920 5702 3041 5759 576.

2022 5770 2059 5790 “
2091 5768 2239 5824 Alias
2271 5766 2540 5823 CCCXIV.
2575 5766 2787 5839 Scripta
2839 5787 2981 5828 anno
3015 5774 3134 5831 576.
