3900 6208
353 330 459 389 945

442 402 445 405 Ι
821 445 1163 504 EPISTOLA
1195 443 1399 501 CCLV!
1431 446 1469 497 '.

1658 321 1718 378 S.
1758 321 1845 377 BA
1852 320 2004 378 SILI]
2041 321 2257 380 MAGNI

3506 326 3607 383 9H

2542 447 2887 501 ΕΠΙΣΤΟΛΗ
2931 447 3116 515 ΣΝςσ.

355 566 477 615 Cum
510 558 727 625 audisset
763 556 993 625 Basilius
1010 556 1355 625 monachorum
1397 552 1527 623 mdes
1557 552 1617 625 ab
1650 550 1847 625 Arianis
1873 553 1993 625 igne
2016 568 2286 625 succensas,
2325 554 2873 625 futurumnsperabatut
2894 557 2959 606 ad
2980 572 3033 625 se
3054 552 3612 625 ἱηψηιρηηίεροηῆιρετ

414 630 542 686 rent.
558 624 658 675 Sed
683 634 793 686 cum
814 619 956 686 id_eis
976 617 1027 686 in
1043 624 1245 686 mentem
1267 631 1362 686 non
1385 613 1607 686 venisset.
1632 613 1799 686 saltem
1819 616 1883 663 ad
1903 613 1994 665 'eos
2014 615 2241 686 hortandi
2273 613 2429 686 causa
2467 613 2678 668 scribere
2698 616 2930 686 cupiebat.
2977 619 3195 686 Tandem
3219 619 3315 686 hoc
3330 616 3403 668 eis
3425 613 3611 686 eihibet

414 683 645 749 officium,
684 682 841 733 oblata
859 680 1083 747 facultate
1120 678 1422 730 Sanctissimi
1463 678 1757 740 presbyteri,
1788 689 1963 740 eosque
1994 679 2264 730 consolatur
2288 692 2373 744 spe
2392 678 2572 743 futura:
2603 678 2859 738 mercedis,
2877 687 2924 731 et
2944 689 2995 731 ut
3019 694 3112 746 pro
3132 678 3348 731 Ecclesia
3371 685 3507 729 orent
3524 680 3613 727 ad-

413 745 650 797 hortatur.

358 850 843 912 Desideratissimis
867 858 919 904 et
942 847 1362 918 religiosissimis
1384 844 1647 918 fratribus
1696 861 1929 918 compre-

2044 848 2169 916 Τοῖς
2203 849 2646 917 ποθεινοτάτοις
2688 850 2786 903 καὶ
2820 848 3285 915 εὐλαϐεστάτοις
3323 848 3614 918 ἀδελφοῖς

425 916 1102 997 sbyteris_Acacio,_Aetio,
1130 917 1323 978 Paulo,
1360 926 1411 997 et
1446 916 1666 997 ξὶιυαξιρ
1688 957 1703 981 ,
1739 926 1789 969 et
1818 917 1933 971 Sil-

425 986 544 1051 vitio
563 1005 612 1049 et
644 991 808 1046 Lucio
854 990 1094 1043 diaconis
1135 997 1186 1042 et
1225 988 1429 1042 ca’leris
1455 986 1719 1056 fratribus
1749 1003 1934 1042 mona-

424 1066 557 1127 chis,
590 1062 829 1119 Basilius
858 1061 1148 1129 episcopus.

423 1266 537 1337 Ego
574 1278 700 1319 cum
751 1261 1030 1316 audissem
1064 1258 1443 1312 vehementem
1487 1256 1636 1311 illam
1672 1273 1932 1328 persecu-

353 1361 556 1414 tionem
608 1370 731 1426 qua:
762 1353 819 1407 in
874 1366 973 1407 vos
1026 1350 1266 1404 excitata
1323 1356 1428 1413 est,
1485 1357 1539 1404 et
1590 1350 1773 1405 statim
1809 1358 1933 1421 post

351 1448 566 1505 Pascha
593 1461 711 1510 eos,
743 1444 839 1515 qui
874 1443 942 1497 ad
969 1442 1181 1513 judicia
1212 1448 1266 1496 et
1296 1456 1509 1511 pugnas
1537 1442 1860 1512 jejunarunt
1888 1445 1928 1511 ί,

351 1540 553 1598 vestris
577 1536 955 1592 tabernaculis
990 1536 1469 1603 supervenientes.
1497 1534 1608 1603 igni
1639 1534 1932 1591 tradidisse

242 1668 247 1671 μ
351 1632 572 1686 labores
601 1632 837 1687 vestros,
870 1623 1028 1678 vobis
1055 1622 1277 1692 quidem
1311 1622 1653 1677 domicilium
1691 1623 1746 1677 in
1773 1625 1929 1681 cmlis

351 1738 465 1778 non
493 1718 871 1775 mannfactum
904 1720 1299 1786 prmparantes,
1333 1714 1437 1768 sibi
1465 1729 1596 1768 vero
1634 1714 1778 1783 ignis
1808 1715 1928 1770 the-

354 1828 582 1871 saurum
617 1818 1025 1880 comparantes,
1057 1820 1169 1874 quo
1212 1805 1279 1860 ad
1317 1805 1476 1859 vobis
1507 1804 1815 1860 nocendum
1843 1808 1930 1862 usi

354 1914 519 1971 sunt;
548 1900 787 1973 ingemui
816 1915 883 1954 ex
920 1898 1026 1952 hoc
1054 1904 1282 1959 eventu,
1321 1912 1431 1950 non
1458 1898 1658 1960 vestri,
1696 1896 1892 1953 fratres
1911 1939 1927 1963 ,

353 1994 869 2053 commiserescens,
902 1988 1073 2044 absit!
1121 1986 1220 2042 sed
1256 2002 1445 2041 eorum
1486 1989 1579 2057 qui
1615 1988 1689 2041 ita
1727 1998 1855 2042 sunt
1897 2003 1928 2043 a

355 2064 568 2140 malitia
603 2081 869 2151 absorpti,
911 2088 970 2134 ut
999 2095 1065 2134 eo
1099 2094 1271 2149 usque
1300 2078 1601 2148 nequitiam
1639 2094 1795 2134 suam
1827 2096 1926 2134 ex-

355 2175 654 2231 tenderint.
686 2172 959 2228 Futurum
1006 2178 1188 2224 autem
1215 2171 1619 2238 exspectabam,
1652 2180 1713 2225 ut
1742 2172 1930 2227 confe-

2105 920 2656 989 συμπρεσϐυτέροις
2677 920 2788 989 (78)
2831 921 3090 984 Ἀκακίῳ,
3137 920 3364 986 Ἀετίῳ,
3393 922 3616 986 Παύλῳ

2105 992 2202 1044 καὶ
2238 989 2579 1057 Σιλουὰνῳ,
2617 990 2716 1044 καὶ
2756 991 3047 1053 Σιλουίνῳ
3077 990 3210 1054 (79),
3248 990 3347 1043 καὶ
3379 992 3618 1055 Ammius

2104 1061 2404 1126 διακόνοις
2455 1060 2552 1113 καὶ
2603 1061 2838 1125 λοιποῖς
2882 1058 3251 1129 μονάζουσιν
3301 1061 3614 1128 ἀδελφοῖς,

2109 1130 2424 1195 Βασίλειος
2451 1130 2805 1196 ἐπίσκοπος.

2115 1240 2258 1310 Ἐγὼ
2276 1281 2290 1305 ,
2320 1242 2560 1306 ἀκούσας
2592 1242 2683 1295 τὸν
2708 1242 2879 1313 βαρὺν
2916 1242 3120 1294 ἐκεῖνον
3149 1241 3387 1311 διωγμὸν
3411 1244 3621 1295 ἐπανα-

2034 1330 2236 1384 στάντα
2271 1331 2428 1401 ύμῖν,
2468 1332 2562 1384 καὶ
2592 1331 2674 1384 ὅτι
2712 1332 2918 1394 εὐθέως
2950 1331 3089 1400 μετά
3120 1331 3182 1383 τὸ
3227 1331 3423 1401 Πάσχα
3456 1334 3509 1384 οἱ
3542 1334 3620 1394 εἰς

2032 1422 2243 1493 κρίσεις
2276 1423 2371 1476 καὶ
2404 1424 2583 1494 μάχας
2628 1423 3056 1494 νηστεύσαντες,
3106 1422 3431 1486 ἐπελθόντες
3463 1424 3619 1492 ὑμῶν

2028 1517 2149 1578 ταῖς
2198 1518 2424 1588 σκηναῖς
2446 1557 2461 1580 ,
2504 1517 2637 1587 πυρὶ
2675 1515 2998 1585 παρέδωκαν
3034 1515 3161 1577 τοὺς
3203 1516 3402 1577 πόνους
3434 1514 3615 1585 ὑμῶν,

2031 1606 2160 1677 ὑμῖν
2196 1608 2294 1678 μὲν
2335 1609 2434 1680 τὴν
2486 1609 2543 1663 ὲν
2581 1610 2831 1681 οὐρανοῖς
2865 1611 3039 1664 οἰκίαν
3068 1609 3165 1680 τὴν
3196 1609 3618 1681 ἀχειροποίητον

2027 1702 2476 1773 εὐτρεπίζοντες,
2524 1705 2734 1767 ἑαυτοῖς
2769 1704 2826 1758 δὲ
2854 1705 2916 1758 τὸ
2948 1705 3059 1775 πῦρ
3091 1704 3543 1775 θησαυρίζοντες,
3572 1695 3618 1769 ᾧ

2029 1795 2108 1856 είς
2159 1794 2259 1864 τὴν
2304 1794 2427 1848 καθ’
2474 1796 2629 1865 ὑμῶν
2693 1798 2996 1868 ἐχρήσαντο
3050 1795 3255 1866 βλάϐην
3281 1836 3295 1861 ,
3351 1795 3618 1861 ἐστέναξα

2032 1884 2132 1953 μὲν
2170 1886 2261 1938 ἐπὶ
2309 1884 2387 1956 τῷ
2435 1886 2703 1957 συμϐάντι
2728 1927 2742 1949 ,
2776 1889 2873 1959 οὐχ
2928 1889 3055 1958 ὑμῖν
3097 1888 3376 1955 συναλγῶν
3402 1927 3417 1950 ,
3455 1889 3615 1940 ἀδελ-

2029 1976 2152 2044 φοὶ,
2211 1976 2284 2048 μὴ
2335 1978 2577 2046 γένοιτοί
2621 1979 2756 2033 ἀλλὰ
2803 1984 2916 2044 τοῖς
2965 1978 3107 2034 οὕτω
3152 1979 3615 2034 καταϐαπτισθεῖ-

2030 2085 2114 2121 σιν
2142 2068 2253 2140 (80)
2303 2071 2407 2124 ὑπὸ
2444 2071 2548 2141 τῆς
2592 2073 2824 2137 κακίας,
2855 2072 2996 2125 ὥστε
3029 2074 3191 2144 μέχρι
3224 2072 3489 2126 τοσούτου
3518 2074 3616 2142 τὴν

2027 2160 2235 2214 ἑαυτῶν
2279 2163 2543 2235 πονηρίαν
2586 2165 2824 2218 ἐκτεῖναι
2849 2182 2864 2195 ’
2902 2166 3280 2236 προσεδόκησα
3317 2164 3377 2217 δὲ
3408 2163 3616 2225 εὐθέως

354 2267 484 2345 stim
512 2264 579 2319 ad
612 2275 862 2334 paratum
891 2260 1223 2332 perfugium,
1256 2262 1619 2316 humilitatem
1655 2273 1922 2327 nostram,

2044 2253 2111 2320 :cp’
2161 2254 2385 2325 ἑτοίμην
2434 2256 2757 2327 καταφυγὴν
2809 2255 2907 2326 τὴν
2963 2258 3241 2327 ἡμετέραν
3278 2256 3617 2308 ταπείνωσιν

353 2372 548 2413 omnes
589 2355 988 2419 accurreretis;
1038 2353 1442 2423 sperabamque
1483 2353 1741 2408 daturum
1794 2355 1926 2409 mihi

354 2447 646 2504 Dominum
672 2462 739 2501 ex
768 2453 953 2501 vestro
976 2445 1265 2515 complexu
1296 2445 1716 2515 respirationem
1746 2462 1776 2499 a
1797 2462 1929 2501 con-

354 2540 524 2595 tinuis
550 2539 831 2594 doloribus
852 2578 866 2601 ,
899 2554 1095 2608 meque
1128 2537 1451 2607 praeclarum
1478 2539 1627 2592 illum
1652 2539 1927 2603 sudorem,

352 2644 517 2700 quem
550 2643 651 2699 pro
672 2630 901 2684 veritate
924 2628 1168 2694 stillatis,
1193 2628 1296 2682 hoc
1328 2628 1489 2682 inerti
1514 2644 1745 2700 corpore
1768 2628 1925 2684 exci-

355 2723 618 2794 pientem,
652 2721 1026 2792 prtemiorum,
1061 2734 1183 2790 quae
1210 2719 1367 2774 vobis
1402 2734 1433 2774 a
1466 2720 1718 2774 veritatis
1743 2719 1931 2789 judice

353 2817 593 2885 reposita
622 2823 784 2879 sunt,
835 2815 892 2868 in
935 2820 1144 2883 partem
1196 2813 1436 2882 aliquam
1471 2820 1787 2866 venturum.
1824 2810 1931 2865 Sed

353 2904 482 2974 quia
527 2903 584 2958 id
612 2903 769 2958 vobis
821 2918 890 2957 ne
942 2904 999 2957 in
1048 2911 1287 2956 mentem
1338 2901 1559 2971 quidem
1605 2902 1776 2964 venit,
1830 2916 1931 2955 nec

353 2994 656 3064 quidquam
694 3008 724 3046 a
776 2993 936 3047 nobis
982 2993 1341 3062 exspectastis
1393 2993 1597 3059 solatii,
1645 2993 1931 3063 cupiebam

354 3085 552 3140 saltem
585 3082 904 3153 frequentes
935 3083 1003 3137 ad
1034 3098 1133 3137 vos
1159 3082 1318 3153 391
1372 3083 1654 3139 scribendi
1688 3084 1933 3139 invenire

355 3173 706 3236 occasiones,
748 3180 808 3227 ut
849 3188 999 3226 more
1025 3188 1216 3226 eorum
1247 3174 1339 3242 qui
1377 3174 1717 3228 certantibus
1747 3175 1930 3228 accla-

360 3269 537 3327 mant,
572 3275 675 3332 ego
707 3261 873 3316 etiam
908 3262 1119 3331 aliquid
1150 3263 1309 3316 vobis
1337 3279 1432 3332 per
1463 3263 1678 3318 litteras
1702 3263 1771 3316 ad
1803 3263 1933 3318 boni

354 3354 525 3409 vestri
564 3352 886 3408 certaminis
918 3353 1198 3407 hortatum
1232 3354 1548 3407 clamarem.
1588 3353 1692 3408 Sed
1735 3370 1801 3409 ne
1829 3355 1933 3410 hoc

356 3445 575 3517 quidem
606 3445 765 3500 nobis
800 3442 961 3498 facile
996 3442 1098 3498 fuit
1128 3443 1267 3499 duas
1296 3445 1368 3499 ob
1399 3459 1633 3499 causas:
1672 3447 1929 3515 primum,

355 3537 502 3610 quod
532 3536 628 3591 ubi
674 3534 950 3606 degeretis
992 3534 1345 3605 ignorabam:
1390 3535 1589 3590 deinde
1635 3536 1779 3606 quod
1821 3551 1932 3591 non

354 3628 512 3684 multi
546 3628 677 3682 hinc
694 3626 764 3681 ad
783 3642 879 3682 vos
893 3626 1337 3697 proficiscantur.
1362 3625 1469 3681 Sed
1499 3644 1645 3683 nunc
1671 3629 1931 3686 Dominus

355 3720 584 3776 adduxit
647 3720 808 3776 nobis
859 3718 1385 3774 desideratissimum
1449 3734 1513 3774 ac
1578 3720 1933 3791 religiosissi-

355 3828 503 3866 mum
539 3810 761 3867 fratrem
783 3809 1203 3866 Sanctissimum
1222 3817 1275 3866 et
1290 3812 1816 3881 compresbyterum,
1839 3828 1937 3882 per

353 3920 515 3975 quem
550 3912 605 3960 et
631 3911 870 3961 vestram
892 3905 1216 3959 charitatem
1248 3903 1448 3970 saluto,
1477 3909 1532 3957 et
1582 3903 1844 3958 adhortor
1874 3911 1934 3958 ut

353 4013 453 4067 pro
501 3997 660 4053 nobis
687 3997 985 4067 precemini
1020 3998 1265 4051 laetantes
1303 4004 1355 4050 et
1386 3995 1746 4061 exsultantes,
1785 3997 1934 4066 quod

354 4104 565 4146 merces
589 4098 771 4144 vestra
798 4090 970 4144 multa
991 4097 1075 4144 est
1105 4088 1161 4143 in
1194 4088 1351 4144 caelis
1382 4089 1402 4119 ⁸
1438 4106 1451 4142 :
1482 4097 1536 4142 et
1565 4088 1695 4157 quia
1718 4088 1786 4141 ad
1819 4087 1926 4143 Do-

350 4181 562 4238 minum
598 4180 856 4250 loquendi
889 4181 1106 4236 habetis
1139 4180 1425 4241 ﬁduciam,
1458 4195 1528 4235 ne
1551 4182 1929 4237 intermittatis

353 4282 519 4327 noctu
551 4286 617 4327 ac
649 4269 884 4326 interdiu
908 4269 977 4325 ad
1009 4271 1187 4340 ipsum
1212 4270 1473 4335 clamare,
1503 4278 1564 4324 ut
1593 4270 1711 4327 haac
1738 4270 1927 4327 Eccle-

353 4367 562 4422 siarum
584 4365 805 4422 sedetur
817 4365 1076 4434 procella,
1096 4362 1236 4432 plebi
1255 4361 1554 4417 reddantur
1568 4370 1844 4432 pastores,
1873 4372 1930 4418 et

354 4458 602 4515 Ecclesia
631 4457 698 4512 ad
724 4472 881 4513 suam
900 4458 1093 4527 ipsius
1118 4457 1438 4527 dignitatem
1470 4466 1802 4513 revertatur.
1830 4457 1929 4513 Est

353 4553 501 4606 enim
536 4549 668 4604 mihi
687 4562 1033 4620 persuasum,
1061 4549 1106 4603 si
1128 4548 1291 4603 modo
1316 4550 1623 4617 reperiatur
1652 4564 1778 4612 vox,
1805 4565 1927 4619 quae

352 4643 524 4698 Deum
567 4642 772 4697 bonum
819 4641 1036 4706 ﬂectat,
1073 4656 1182 4694 non
1225 4640 1388 4709 longe
1437 4640 1711 4695 facturum
1762 4640 1920 4694 illum

355 4736 740 4791 miserationes
774 4749 903 4790 suas
925 4775 939 4799 ,
968 4733 1063 4788 sed
1095 4740 1151 4788 et
1182 4731 1346 4786 nobis
1375 4731 1636 4801 deinceps
1660 4729 1923 4785 daturum

457 4889 475 4919 ¹
516 4889 805 4954 lsa.t.vm,
845 4887 904 4944 4.
979 4890 1000 4919 ²
1025 4885 1215 4942 Matth.
1254 4901 1309 4952 v,
1351 4885 1439 4939 i2.

475 5046 627 5119 Alias
652 5044 757 5099 CC.
793 5044 1006 5119 Scripta
1034 5040 1336 5119 annoj76.
1522 5109 1535 5119 _
1604 5109 1616 5119 _
1785 5106 1828 5119 ﬁ

427 5116 537 5187 (78)
572 5106 1146 5187 Συμπρεσϐύτέροις.
1180 5109 1271 5166 Sic
1321 5124 1467 5166 mss;
1486 5109 1752 5181 plerique.
1785 5106 1931 5163 Editi

356 5186 764 5258 πρεσϐυτέροις.

356 5324 400 5341 υ
427 5257 554 5341 (79)Δ
579 5254 1025 5341 puteum).
1047 5251 1177 5308 Haec
1207 5250 1392 5305 addita
1423 5265 1490 5305 ex
1523 5249 1692 5307 Coisl.
1728 5249 1927 5321 primo,

356 5324 477 5379 Vat.
510 5324 562 5380 et
590 5325 829 5378 Claram.

429 5395 540 5467 (80)
607 5393 1205 5449 Καταϐαπτισθεῒσιν.
1263 5391 1551 5448 Μθάἰοωιιε
1614 5388 1928 5461 βαπτισθεῖ-

360 5481 540 5604 mihi)
616 5534 1035 5604 Ἀνάπνευσιτρ
1108 5531 1256 5587 Harl.
1312 5532 1667 5604 ἀναπνεῦσαι.
1724 5530 1927 5604 Ibidem

357 5602 849 5688 (.Ipisl._secundus
893 5613 950 5660 et
1003 5602 1137 5675 Reg.
1197 5604 1470 5660 secundus
1521 5603 1630 5657 τῶν
1691 5602 1929 5673 συνεχῶν

358 5690 624 5745 ωυρμων.

1958 3545 2068 3642 cf]

2031 2346 2238 2410 πάντας
2278 2348 2422 2417 ὑμᾶς
2470 2347 2795 2419 δραμεῖσθαι
2820 2364 2832 2377 ·
2874 2347 2969 2401 καὶ
3000 2350 3057 2399 έν
3087 2348 3264 2400 ἐλπίδι
3301 2344 3478 2417 εἶχον,
3533 2347 3618 2398 ὅτι

2027 2437 2189 2490 δώσει
2239 2441 2390 2509 μοιό
2428 2439 2632 2510 Κύριος
2671 2440 2999 2493 ἀνάπνευσιν
3048 2439 3156 2507 (Si)
3209 2440 3317 2492 τῶν
3375 2438 3616 2508 συνεχῶν

2028 2528 2227 2583 ὀδυνῶν
2269 2532 2333 2583 ὲκ
2372 2531 2466 2585 τοῦ
2512 2531 2948 2603 περιπτύξασθαι
2985 2534 3129 2602 ὑμᾶς
3152 2572 3166 2595 ,
3200 2534 3295 2586 καὶ
3327 2532 3421 2584 τὸν
3450 2531 3617 2584 καλὸν

2032 2621 2232 2693 ἱδρῶτα
2261 2661 2276 2685 ,
2325 2622 2383 2676 ὃν
2437 2624 2577 2694 ὑπὲρ
2629 2624 2729 2693 τῆς
2777 2623 3032 2695 ἀληθείας
3084 2624 3310 2690 στάςετε
3341 2624 3493 2691 (82),
3537 2622 3616 2693 τῷ

2031 2713 2184 2785 ἀργῷ
2218 2714 2393 2785 τούτῳ
2429 2715 2541 2784 (8'5)
2582 2714 2793 2784 σώματι
2834 2715 3262 2785 ὑποδεξάμενος,
3305 2715 3449 2779 ἕξειν
3492 2717 3616 2767 τινα

2032 2807 2312 2862 κοινωνίαν
2343 2808 2451 2860 τῶν
2505 2808 2883 2879 ἀποκειμένων
2925 2809 3052 2878 ὑμῖν
3104 2807 3284 2861 ἄθλων
3320 2806 3474 2876 παρὰ
3518 2805 3613 2857 τοῦ

2032 2898 2218 2967 κριτοῦ
2248 2900 2346 2969 τῆς
2376 2899 2656 2970 ἀληθείας.
2694 2898 2834 2951 Ἀλλ’
2869 2899 3054 2969 ἐπειδὴ
3081 2900 3238 2951 τοῦτο
3265 2898 3367 2968 μὲν
3391 2898 3503 2950 οὐδ’
3535 2898 3615 2959 εἰς

2031 2990 2237 3044 ἔννοιαν
2274 2992 2404 3062 ὑμῖν
2446 2989 2643 3063 ἦλθεν,
2685 2991 2804 3044 οὐδὲ
2844 2990 3281 3061 προσεδοκήσατέ
3321 3006 3446 3042 τινα
3484 2989 3616 3042 ἀνά-

2033 3099 2232 3135 παυσιν
2266 3083 2406 3147 ἕξειν
2438 3083 2567 3155 παρ’
2591 3084 2746 3155 ἡμῶν
2770 3124 2784 3147 ,
2818 3082 3126 3151 ἐπεθύμουν
3160 3081 3451 3145 ὑποθέσεις
3485 3080 3618 3149 γοῦν

2032 3175 2309 3244 εὑρίσκειν
2340 3178 2585 3245 συνεχεῖς
2614 3175 2723 3229 τῶν
2757 3176 2892 3246 πρὸς
2924 3175 3069 3244 ὑμᾶς
3104 3173 3452 3243 γραμμάτων
3478 3212 3495 3235 ,
3524 3172 3612 3233 ἵν’,

2033 3265 2221 3337 ῶσπερ
2272 3267 2322 3319 οἱ
2371 3270 2485 3330 τοῖς
2517 3266 2937 3338 ἀγωνιζομένοις
2976 3265 3483 3335 ὑποφθεγγόμενοι,
3524 3264 3617 3317 καὶ

2034 3359 2195 3423 αὐτὸς
2226 3375 2350 3412 τινα
2384 3361 2513 3429 ὑμῖν
2548 3359 2641 3411 διὰ
2668 3359 3015 3429 γραμμάτων
3039 3361 3119 3421 είς
3148 3358 3467 3428 προτροπὴν
3503 3356 3615 3427 (84)

2032 3450 2134 3520 τῆς
2169 3450 2381 3523 ἀγαθῆς
2425 3452 2580 3521 ὑμῶν
2625 3451 2903 3521 ἀθλήσεως
2949 3450 3232 3521 ἐνεϐόησα.
3278 3450 3530 3518 Ἐγένετο
3559 3450 3617 3502 δὲ

2077 3545 2167 3614 μῖν
2195 3543 2315 3595 οὐδὲ
2344 3542 2501 3596 τοῦτο
2527 3543 2706 3614 ῥᾴδιον
2740 3542 2827 3595 διὰ
2849 3541 2941 3594 δύο
2965 3541 3267 3610 προφάσεις
3285 3556 3299 3570 ”
3332 3542 3465 3610 μίαν
3495 3539 3613 3609 μὲν,

2033 3638 2115 3690 ὅτι
2152 3635 2252 3689 οὐκ
2282 3635 2504 3706 ᾔδειμεν
2547 3636 2683 3688 ὅπου
2715 3636 2929 3704 διάγετε
2972 3634 3086 3704 (85)
3113 3650 3129 3664 ⁶
3179 3633 3373 3705 ἑτέραν
3407 3633 3465 3686 δὲ
3486 3673 3502 3694 ,
3535 3633 3615 3685 ὅτι

2035 3727 2153 3780 οὐδὲ
2182 3727 2367 3780 πολλοί
2399 3730 2537 3781 εἰσιν
2578 3728 2627 3780 οἱ
2659 3727 2785 3801 παρ’
2824 3726 2980 3798 ἡμῶν
3010 3726 3145 3797 πρὸς
3173 3726 3316 3795 ὑμᾶς
3354 3724 3617 3794 ἀπαίρον-

2035 3835 2145 3882 τες.
2193 3818 2353 3871 Ἀλλά
2382 3818 2476 3872 νῦν
2505 3820 2533 3870 ὁ
2564 3817 2769 3888 Κύριος
2814 3819 3019 3888 ἤγαγεν
3064 3818 3196 3887 ἡμῖν
3242 3816 3331 3868 τὸν
3373 3814 3617 3869 ποθεινὸ-

2035 3926 2195 3963 τατον
2236 3912 2329 3962 καὶ
2385 3910 2779 3965 εύλαὸἐστατον
2826 3909 3052 3979 ἀδελφὸν
3087 3909 3493 3979 Σαγκτίσσιμον
3529 3909 3616 3960 τὸν

2037 4002 2556 4074 συμπρεσϐύτερον,
2594 4002 2658 4055 δι’
2702 3997 2763 4057 οὗ
2793 4004 2885 4057 καὶ
2930 4002 3428 4074 προσφθεγγὸμεθα
3464 4001 3615 4072 ὑμῶν

2029 4093 2129 4165 τὴν
2161 4094 2383 4165 ἀγάπην
2405 4134 2418 4157 ,
2450 4096 2545 4147 καὶ
2572 4093 3003 4168 παρακαλοῦμεν
3034 4095 3435 4167 προσεύχεσθαι
3472 4096 3615 4164 ὑμᾶς

2032 4185 2172 4255 ὑπὲρ
2216 4185 2405 4256 ἡμῶν,
2447 4187 2735 4257 χαίροντας
2785 4188 2881 4239 καὶ
2940 4185 3419 4258 άγαλλιωμένους,
3457 4188 3541 4241 ὃτι
3589 4190 3616 4239 ὁ

2035 4276 2225 4348 μισθὸς
2273 4276 2426 4347 ὑμῶν
2464 4278 2629 4340 πολὺς
2663 4279 2722 4330 ὲν
2758 4281 2871 4341 τοῖς
2901 4280 3183 4349 οὐρανοῖς,
3217 4279 3312 4331 καὶ
3357 4278 3435 4342 ὡς
3469 4279 3606 4349 ἔχον·

2030 4386 2129 4430 τας
2159 4370 2469 4440 παρρησίαν
2519 4371 2656 4440 πρὸς
2682 4369 2774 4422 τὸν
2804 4369 3040 4441 Κύριον,
3078 4370 3152 4439 μὴ
3185 4371 3394 4423 ἀνεῖναι
3425 4371 3616 4432 νυκτὸς

2032 4460 2128 4513 καὶ
2159 4461 2372 4531 ἡμέρας
2422 4460 2660 4529 βοῶντας
2704 4462 2835 4532 πρὸς
2877 4462 3038 4515 αὑτὸν
3059 4502 3073 4524 ,
3107 4463 3245 4533 ὑπὲρ
3276 4462 3373 4515 τοῦ
3407 4463 3617 4516 παύσα-

2037 4551 2159 4604 σθαι
2195 4553 2292 4622 μὲν
2323 4552 2415 4605 τὸν
2441 4553 2601 4605 σάλον
2625 4553 2732 4607 τῶν
2772 4554 3106 4625 Ἐκκλησιῶν
3129 4554 3315 4607 τοῦτον
3339 4556 3621 4626 (86),ἀπο-

2035 4643 2252 4713 δοθῆναι
2285 4644 2341 4697 δὲ
2387 4649 2500 4709 τοῖς
2530 4646 2679 4710 λαοῖς
2710 4649 2836 4710 τοὺς
2865 4646 3132 4717 ποιμένας
3151 4687 3166 4710 ,
3199 4648 3521 4703 ἐπανελθεῖν
3563 4650 3617 4701 δὲ

2034 4731 2133 4801 τὴν
2178 4730 2508 4802 Ἐκκλησίαν
2543 4736 2623 4797 εὶς
2659 4734 2719 4788 τὸ
2771 4737 2973 4789 οἰκεῖον
3008 4735 3179 4807 αὐτῆς
3224 4735 3466 4808 ἀξίωμα.
3518 4739 3621 4791 Πέ-

2251 5035 2830 5119 ξ-τᾴζετειῃλίεᾴἰῡῳμε
2858 5037 3026 5119 codex
3067 5037 3326 5119 κάμνετε.

2130 5107 2219 5177 85)
2263 5108 2472 5178 Τούτῳ.
2501 5106 2642 5178 Editi
2682 5107 2888 5161 addunt
2939 5106 3198 5178 ἐμαυτοῦ,
3243 5109 3393 5178 quod
3426 5112 3621 5164 melius

2035 5176 2266 5260 deestin
2285 5176 2565 5260 codicibus
2584 5176 2723 5232 Med.
2747 5187 2799 5231 et
2815 5176 2982 5233 Coisl.
3002 5180 3198 5247 primo.
3223 5176 3376 5234 Harl.
3405 5182 3622 5252 σώματι

2034 5249 2762 5400 τᾳῗῶῧαῗῖἔοπροτροπήν.
2808 5316 2959 5400 Harl.
3013 5320 3256 5400 et_Med.
3294 5322 3377 5386 ei;
3422 5339 3620 5393 προκο-

2036 5390 2167 5459 πήν,
2201 5388 2279 5441 ad
2311 5388 2433 5459 boni
2466 5390 2626 5443 vestri
2657 5390 2959 5443 certaminis
2982 5391 3294 5458 profectum.

2108 5456 2219 5529 (85)
2258 5456 2510 5527 Διάγετε.
2550 5459 2690 5513 Editi
2717 5460 2811 5513 καὶ
2858 5456 3090 5528 διάγετε.
3123 5462 3295 5517 Abest
3338 5462 3410 5516 ab
3440 5462 3616 5517 omni-

2037 5528 2149 5599 bus
2168 5528 2299 5584 mss.
2330 5530 2665 5599 conjunctio.

2108 5598 2221 5684 (86)
2266 5599 2508 5655 Τοῦτον.
2562 5600 2731 5663 Coisl.
2785 5610 3017 5674 uterque
3046 5609 3102 5659 et
3150 5603 3285 5674 Reg.
3339 5601 3613 5659 secundus

2036 5686 2256 5725 τουτων.
2546 5686 2553 5691 ’
