3900 6208
276 335 385 392 945

1170 336 1663 395 EPISTOLARUM
1700 330 1987 396 CLASSIS
2025 341 2086 398 ll.
2132 336 2351 399 EPIST.
2391 344 2634 402 CCLVII.

3424 356 3531 413 916

277 473 514 527 πεισμαι
565 456 708 528 γὰρ,
762 458 883 523 ὅτι,
938 457 1032 512 ἐὰν
1078 459 1276 531 εὑρεθῇ
1329 459 1481 531 φωνὴ
1536 459 1895 524 δυσωιιτεοῦσα⁴

1990 478 2073 516 ma
2104 477 2229 517 cum
2262 465 2562 521 tentatione
2604 467 2834 531 exitum,
2867 473 2926 521 ut
2976 464 3122 523 ferre
3164 469 3440 539 possimus
3486 472 3528 527 ³.

274 548 371 600 τὸν
405 546 608 615 ἀγαθὸν
648 547 781 601 Θεὸν
830 549 963 619 (87),
1013 550 1114 603 οὐκ
1165 552 1245 613 εὶς
1295 549 1513 622 μακρὰν
1544 552 1862 623 ποιήσειτά

1967 552 2170 609 Omnes
2202 555 2258 608 in
2287 554 2510 610 Christo
2539 555 2740 612 fratres
2773 557 2956 612 verbis
2983 558 3121 614 meis
3150 560 3405 615 salutate.

275 638 404 708 ὲλέη
440 638 605 692 αὐτοῦ
632 656 645 668 ·
687 639 822 694 ἀλλά
861 640 1093 712 παρέξει
1128 643 1256 712 ἡμῖν
1281 643 1468 696 λοιπὸν
1499 645 1597 696 σὺν
1623 643 1701 715 τῷ
1736 647 2030 717 πειρασμῷ
2063 647 2157 700 καὶ
2189 648 2289 718 τὴν
2321 646 2580 715 ἔκϐασιν,
2626 649 2721 703 τοῦ
2753 649 3014 705 δύνασθαι
3044 652 3155 724 (88)
3183 653 3530 723 ὑπενεγκεῖν.

275 733 470 785 Πᾶσαν
529 733 628 805 τὴν
662 735 720 786 ὲν
751 734 973 806 Χριστῷ
1015 735 1352 808 ἀδελφότητα
1390 737 1711 792 ἀσπάσασθε
1751 738 1810 805 ἐξ
1843 738 2002 810 ἡμῶν
2032 741 2167 812 (89).

780 866 1145 936 ιΕΠΙΣΤυΛΗ
1187 869 1350 926 ΣΝΖ·.

2420 876 2758 932 EPISTOLA
2798 877 3027 935 CCLVII
3050 882 3086 933 '.

286 1003 518 1078 Ostendit
532 1002 622 1078 etsi
645 1003 908 1078 Christiani
927 1012 1161 1078 uocantur
1182 1014 1528 1071 persecutores,
1552 1023 1646 1060 non
1666 1008 1852 1078 idcirco
1884 1025 2054 1078 eorum
2069 1010 2153 1076 qui
2174 1016 2407 1078 uexantur
2431 1010 2586 1062 minui
2610 1012 2897 1078 nwrcedem,
2920 1013 3006 1078 sed
3027 1013 3174 1064 etiam
3193 1012 3383 1078 augeri.
3406 1014 3541 1066 Hor-

501 1074 647 1121 tatur.
670 1074 719 1116 ut
736 1081 822 1117 nec
845 1068 1031 1118 exsiliis
1052 1068 1405 1129 episcoporum,
1429 1068 1522 1121 nec
1537 1072 1877 1123 nonnullorum
1898 1088 1925 1125 e
1941 1068 2318 1138 clero'perﬁdia,
2344 1087 2430 1124 nec
2451 1074 2717 1125 errantium
2738 1068 3041 1126 multitudine
3060 1068 3355 1127 moveani'ur.

384 1177 723 1239 Μονάζουσι
771 1178 881 1249 (90)
937 1182 1442 1249 καταπονηθεῐοιν
1494 1183 1615 1239 ὑπὸ
1659 1184 1778 1240 τῶν

911 1249 1242 1316 Ἀρειανῶν.

387 1363 454 1414 Ἀ
509 1361 628 1414 κατ’
661 1361 895 1431 ἐμαυτὸν
943 1362 1316 1436 ἐφθεγξάμην,
1348 1366 1588 1430 ἀκούσας
1618 1368 1747 1439 περὶ
1775 1363 1869 1421 τοῦ

290 1453 599 1525 πειρασμοῦ
637 1452 732 1505 τοῦ
766 1452 1095 1522 ἐπαχθέντος
1138 1457 1267 1526 ὑμῖν
1318 1458 1466 1529 παρά
1511 1459 1621 1512 τῶν
1659 1459 1869 1530 ἐχθρῶν

290 1543 385 1596 τοῦ
416 1542 570 1608 Θεοῦ,
601 1543 772 1596 ταῦτα
801 1542 864 1613 δὴ
892 1543 979 1597 διὰ
1009 1545 1337 1617 γράμματος
1371 1548 1705 1617 ἀπαγγεῖλαι
1731 1550 1868 1621 πρὸς

292 1635 442 1705 ὑμᾶς
490 1634 669 1699 καλῶς
715 1634 860 1705 ἔχειν
910 1637 1174 1708 ἐνόμισα,
1204 1640 1286 1691 ὅτι
1332 1641 1391 1694 ἐν
1428 1640 1604 1712 καιρῷ
1654 1641 1871 1713 νομιζο-

296 1725 447 1796 μένῳ
489 1726 861 1798 εἰρηνεύεσθαι
899 1729 1202 1799 ἐκτήσασθε
1260 1731 1470 1795 ἑαυτοῖς
1499 1734 1869 1805 μακαρισμὸν,

2254 1185 2341 1238 Ad
2369 1186 2655 1240 monachos
2679 1185 2740 1240 ab
2765 1188 2984 1242 Arianis
3015 1201 3250 1245 vexatos.

2046 1364 2179 1430 Quae
2226 1378 2442 1420 mecum
2491 1364 2612 1435 ipse
2662 1380 2786 1420 sum
2843 1366 3100 1431 locutus,
3137 1366 3323 1422 audita
3358 1373 3540 1423 tenta-

1975 1457 2146 1523 tione,
2183 1473 2304 1528 quae
2328 1457 2484 1513 vobis
2507 1473 2539 1511 a
2566 1456 2661 1512 Dei
2682 1457 2934 1514 hostibus
2957 1459 3108 1513 illata
3137 1467 3241 1524 est,
3273 1474 3337 1516 ea
3359 1467 3413 1515 et
3446 1476 3542 1530 per

1976 1550 2185 1606 litteras
2202 1550 2358 1605 vobis
2375 1550 2685 1621 signiﬁcare
2711 1551 3034 1621 praeclarum
3060 1566 3182 1606 esse
3205 1551 3336 1606 duxi
3358 1570 3371 1605 :
3393 1551 3543 1606 scili-

1976 1649 2094 1707 cet,
2126 1657 2193 1697 eo
2237 1651 2479 1712 tempore
2508 1642 2654 1712 quod
2691 1651 2946 1712 pacatum
2979 1641 3328 1695 existimatur
3349 1680 3365 1706 ,
3394 1655 3547 1695 com-

1976 1735 2213 1805 parastis
2242 1734 2655 1805 vobismetipsis
2716 1733 3111 1789 beatitudinem
3163 1732 3250 1789 his
3290 1733 3383 1804 qui
3414 1748 3542 1803 per-

296 1818 386 1869 τὸν
422 1818 561 1888 ὑπὲρ
582 1817 690 1872 τῶν
721 1818 1065 1890 διωκομένων
1113 1820 1298 1875 ἕνεκεν
1339 1822 1432 1874 τοῦ
1466 1824 1732 1896 ὀνόματος
1774 1825 1868 1878 τοῦ

1990 1822 2310 1877 secutionem
2328 1838 2428 1894 pro
2444 1823 2652 1879 Christi
2673 1825 2890 1879 nomine
2908 1824 3210 1894 patiuntur,
3227 1823 3542 1894 repositam.

296 1910 533 1981 Χριστοῦ
568 1910 948 1982 ἀποκείμενον.
985 1912 1061 1967 Οὐ
1099 1913 1209 1985 γὰρ
1245 1914 1433 1986 ἐπειδὴ
1467 1915 1641 1984 ὄνομα
1706 1934 1873 1988 προσ-

301 2003 433 2073 ηνὲς
461 2005 553 2057 καὶ
582 2006 740 2075 ἤπιον
766 2007 1072 2077 περίκειται
1108 2010 1220 2071 τοῖς
1248 2007 1318 2061 τὰ
1346 2009 1560 2081 πονηρά
1577 2010 1873 2080 ἐργαζομέ-

299 2110 408 2154 νοις
428 2135 443 2159 ,
482 2094 672 2148 τούτου
699 2096 886 2149 ’ένεκεν
919 2098 1013 2150 καὶ
1043 2097 1112 2151 τά
1144 2097 1445 2169 πράγματα
1493 2099 1736 2170 νομίζειν
1764 2099 1870 2171 χρὴ

300 2183 377 2254 μὴ
404 2184 675 2255 πολεμίων
698 2183 856 2240 εἶναι.
887 2187 1281 2261 Χαλεπώτερον
1306 2189 1415 2260 γὰρ
1445 2190 1617 2261 κρίνω
1646 2189 1756 2259 ὲγὼ
1778 2191 1872 2242 τὸν

299 2274 452 2344 παρά
481 2276 589 2328 τῶν
624 2276 907 2347 ὁμοφύλων
942 2278 1210 2348 πόλεμον·
1252 2277 1385 2330 διότι
1432 2281 1556 2342 τοὺς
1596 2278 1695 2349 μὲν
1738 2296 1873 2349 προ-

299 2369 746 2439 κεκηρυγμένους
779 2370 1004 2441 ἐχθροὺς
1037 2372 1132 2423 καὶ
1160 2369 1500 2439 φυλάξασθαι
1532 2371 1733 2442 ῥᾴδιον,
1761 2374 1873 2435 τοῖς

298 2459 356 2512 δὲ
380 2461 844 2532 ἀναμεμιγμένοις
877 2466 1011 2532 ἡμῖν
1036 2464 1248 2535 ἀνάγκη
1283 2463 1533 2527 ἐκδότους
1560 2460 1699 2517 εἶναι
1736 2464 1874 2534 πρὸς

301 2554 482 2606 πᾶσαν
516 2554 719 2626 βλάϐην
738 2571 751 2585 ·
783 2555 811 2608 ὃ
837 2557 929 2609 καὶ
955 2557 1111 2628 ὑμεῖς
1143 2558 1465 2612 πεπόνθατε.
1511 2556 1872 2628 Ἐδιώχθησαν

303 2643 404 2711 μὲν
428 2643 535 2712 γὰρ
563 2643 655 2696 καὶ
695 2646 743 2697 οἱ
775 2644 1006 2716 πατέρες
1037 2644 1193 2715 ἡμῶν
1221 2646 1332 2715 (91)
1360 2685 1375 2709 ,
1404 2645 1541 2699 ἀλλά
1587 2645 1738 2718 παρὰ
1765 2646 1873 2700 τῶν

299 2733 829 2806 εἰδωλολατρούντων
855 2751 870 2765 ⁸
906 2737 1000 2789 καὶ
1024 2737 1305 2808 διηρπάγη
1330 2737 1509 2790 αὐτῶν
1541 2741 1569 2791 ὁ
1604 2738 1748 2807 βίος,
1780 2737 1873 2790 καὶ

300 2822 437 2879 οἶκοι
468 2827 851 2899 ἀνετράπησαν
871 2868 886 2893 ,
919 2831 1014 2882 καὶ
1037 2829 1189 2882 αὐτοὶ
1216 2829 1694 2899 ἐφυγαδεύθησαν,
1724 2828 1875 2900 παρά

299 2920 409 2972 τῶν
455 2919 566 2990 (92)
611 2920 859 2992 φανερῶς
902 2921 1279 2992 πολεμούντων
1312 2923 1443 2993 ἡμῖν
1491 2922 1578 2975 διὰ
1612 2922 1670 2974 τὸ
1703 2922 1874 2994 ὄνομα

298 3010 393 3062 τοῦ
422 3012 679 3080 Χριστοῦ.
712 3013 774 3064 υἱ
801 3011 857 3065 δὲ
883 3012 977 3065 νῦν
1009 3012 1375 3082 ἀναφανέντες
1401 3011 1623 3065 διῶκται
1657 3012 1872 3083 μισοῦσι

302 3100 407 3171 μὲν
460 3102 602 3171 ἡμᾶς
647 3102 796 3156 οὐδὲν
843 3097 1003 3173 ἦττον
1061 3103 1093 3174 ἢ
1144 3105 1376 3166 ἐκεῖνοι,
1407 3105 1487 3166 εἰς
1522 3103 1578 3156 δὲ
1625 3102 1724 3174 τὴν
1765 3103 1874 3156 τῶν

1971 1914 2092 1970 Non
2142 1917 2286 1971 enim
2341 1916 2469 1987 quia
2518 1932 2719 1972 nomen
2774 1917 3037 1971 blandum
3076 1925 3130 1972 et
3169 1918 3292 1973 lene
3331 1917 3417 1972 his
3455 1918 3544 1987 qui

1973 2009 2115 2064 male
2145 2007 2393 2070 faciunt,
2443 2008 2761 2079 impositum
2795 2017 2914 2072 est,
2959 2008 3170 2063 idcirco
3200 2024 3290 2063 res
3318 2009 3547 2064 hostiles

1972 2116 2083 2155 non
2126 2117 2252 2157 esse
2276 2100 2729 2157 existimandum.
2761 2100 2874 2172 Ego
2893 2103 3038 2157 enim
3068 2102 3437 2157 truculentius
3457 2103 3548 2171 ju-

1972 2193 2097 2247 dico
2143 2207 2175 2246 a
2207 2192 2509 2247 tribulibus
2532 2193 2758 2257 bellum,
2784 2192 2914 2262 quia
2944 2193 3133 2248 hostes
3157 2193 3308 2264 prius
3335 2193 3548 2247 denun-

1972 2283 2138 2339 tiatos
2166 2284 2330 2338 etiam
2375 2282 2614 2353 effugere
2655 2281 2862 2338 facile:
2897 2289 2952 2336 at
2998 2283 3069 2338 iis
3113 2288 3209 2353 qui
3259 2283 3549 2339 nobiscum

1973 2375 2424 2442 commiscentur,
2460 2390 2689 2430 necesse
2715 2381 2800 2429 est
2834 2374 2902 2428 ad
2923 2390 3140 2429 omnem
3171 2374 3430 2445 injuriam
3455 2391 3551 2430 ex-

1971 2466 2183 2536 positos
2206 2480 2364 2534 esse;
2402 2469 2550 2536 quod
2578 2473 2634 2520 et
2668 2465 2848 2535 ipsum
2877 2464 3036 2520 vobis
3066 2464 3289 2520 accidit.
3334 2462 3472 2519 Nam
3496 2472 3553 2520 et

1973 2556 2212 2627 majores
2249 2556 2425 2611 nostri
2452 2557 2893 2626 persecutionem
2920 2555 3167 2626 perpessi
3194 2560 3358 2622 sunt,
3391 2556 3485 2610 sed
3518 2569 3557 2607 a'

1975 2649 2401 2703 simulacrorum
2430 2647 2738 2703 cultoribus
2766 2665 2780 2701 :
2811 2657 2864 2702 et
2907 2645 3200 2700 facultates
3246 2660 3438 2701 eorum
3464 2645 3552 2699 di-

1973 2747 2142 2809 repta:
2166 2747 2316 2802 sunt,
2349 2745 2404 2793 et
2441 2738 2587 2794 aedes
2634 2754 2858 2802 eversae,
2895 2744 2950 2791 et
2994 2737 3097 2807 ipsi
3136 2736 3305 2806 fugati
3353 2735 3424 2790 ab
3461 2735 3551 2799 iis,

1974 2831 2065 2899 qui
2124 2829 2331 2883 bellum
2379 2830 2541 2884 nobis
2586 2837 2774 2899 aperte
2824 2834 3048 2897 propter
3098 2825 3308 2881 Christi
3350 2839 3552 2880 nomen

1974 2918 2300 2973 inferebant.
2331 2916 2433 2983 Qui
2463 2932 2589 2972 vero
2622 2931 2768 2970 nunc
2798 2915 3116 2986 prodierunt
3140 2920 3550 2984 persecutores,

1974 3011 2205 3062 oderunt
2226 3008 2446 3077 quidem
2480 3023 2583 3063 nos
2604 3023 2760 3077 aeque
2787 3022 2852 3062 ac
2888 3007 2990 3073 illi,
3024 3006 3119 3062 sed
3149 3005 3218 3062 ad
3254 3005 3553 3061 multorum

1975 3099 2352 3169 deceptionem
2388 3100 2591 3155 Christi
2620 3098 2918 3155 ostendunt
2956 3114 3157 3154 nomen
3180 3138 3195 3163 ,
3229 3106 3289 3152 ut
3327 3114 3396 3154 ne
3421 3112 3555 3152 con-

300 3194 518 3248 πολλῶν
550 3195 765 3266 ἀπάτην
801 3196 865 3248 τὸ
913 3195 1006 3249 τοῦ
1049 3195 1284 3266 Χριστοῦ
1328 3195 1719 3267 προϐάλλονται
1770 3195 1879 3249 ὅνο-

1990 3190 2237 3247 iessionis
2261 3192 2482 3262 quidem
2529 3190 2789 3246 solatium
2820 3192 3080 3259 habeant,
3115 3191 3210 3261 qui
3239 3198 3546 3246 vexantur:

303 3302 418 3355 μα,
463 3286 549 3339 ἵνα
601 3288 736 3357 μηδὲ
776 3286 874 3357 τὴν
930 3287 994 3339 ὲκ
1043 3288 1140 3359 τῆς
1186 3288 1475 3357 ὁμολογίας
1527 3285 1879 3358 παραμυθίαν

299 3377 499 3449 ἔχωσιν
540 3380 589 3431 οἱ
624 3379 973 3451 διωκόμενοι,
1003 3379 1111 3433 τῶν
1162 3378 1369 3432 πολλῶν
1420 3379 1515 3431 καὶ
1560 3378 1878 3450 ἀκεραιοτέ-

307 3486 417 3540 ρων
448 3469 747 3523 ἀδικεῖσθαι
783 3471 882 3542 μὲν
916 3473 1062 3543 ἡμᾶς
1098 3470 1535 3541 ὁμολογούντων,
1567 3472 1647 3533 εἰς
1677 3470 1883 3541 μαρτύ-

307 3576 425 3631 ριον
456 3559 513 3612 δὲ
542 3561 671 3631 ἡμῖν
705 3562 795 3615 τὸν
830 3562 970 3633 ὑπὲρ
1011 3563 1111 3633 τῆς
1142 3561 1399 3632 ἀληθείας
1429 3561 1656 3615 θάνατον
1689 3561 1763 3631 μὴ
1791 3559 1881 3613 λο-

302 3648 631 3722 γιζομένων.
667 3653 865 3723 Διόπερ
898 3652 1007 3721 ἐγὼ
1036 3652 1338 3722 πέπεισμαι
1377 3651 1597 3723 μείζονα
1625 3652 1751 3722 ὑμῖν
1774 3650 1880 3721 (95)

304 3743 339 3813 ἢ
387 3745 502 3805 τοῖς
537 3743 657 3796 τότε
694 3743 1031 3815 μαρτυροῦσι
1073 3745 1160 3799 τὸν
1195 3744 1346 3814 παρά
1378 3741 1472 3796 τοῦ
1514 3742 1723 3795 δικαίου
1759 3758 1882 3811 κρι-

303 3832 401 3886 τοῦ
432 3833 621 3905 μισθὸν
652 3835 1005 3899 ἀποκεῖσθαι,
1058 3837 1215 3907 εἴπερ
1256 3837 1451 3889 ἐκεῖνοι
1488 3835 1583 3887 καὶ
1612 3833 1711 3903 τὴν
1735 3832 1885 3904 παρά

305 3922 418 3976 τῶν
450 3924 752 3996 ἀνθρώπων
795 3925 1062 3999 ἀποδοχὴν
1094 3926 1527 3997 ὁμολογουμένην
1561 3921 1739 3996 εἶχον,
1791 3925 1885 3976 καὶ

304 4015 401 4068 τὸν
436 4016 588 4086 παρά
613 4016 707 4070 τοῦ
739 4017 873 4071 Θεοῦ
909 4018 1098 4088 μισθὸν
1134 4018 1471 4088 ἐξεδέχοντο,
1512 4019 1641 4087 ὑμῖν
1681 4016 1738 4068 δὲ
1773 4014 1882 4087 (94)

308 4106 399 4158 ἐπ’
424 4106 559 4169 ῐσοις
586 4110 696 4170 τοῖς
730 4108 1148 4180 κατορθώμασιν
1198 4111 1255 4162 αἱ
1297 4108 1451 4180 παρὰ
1489 4108 1599 4162 τῶν
1631 4107 1774 4161 λαῶν
1803 4125 1885 4160 τι-

315 4198 415 4268 μαὶ
454 4199 553 4270 οὐχ
570 4200 924 4272 ὑπάρχουσιν·
957 4202 1097 4256 ὥστε
1130 4203 1276 4266 εἰκὸς
1309 4201 1711 4255 πολυπλασίονα
1750 4202 1886 4255 ἀπο-

308 4287 525 4344 κεῖσθαι
553 4293 610 4344 ὲν
632 4291 708 4362 τῷ
736 4292 982 4361 μέλλοντι
1009 4294 1164 4348 αἰῶνι
1186 4293 1294 4348 τῶν
1319 4295 1458 4366 ὑπὲρ
1483 4294 1583 4365 τῆς
1608 4291 1886 4354 εὐσεϐείας

308 4378 490 4433 πόνων
516 4380 616 4452 τὴν
648 4382 1013 4453 ἀντιμισθίαν.

380 4537 405 4569 ³
441 4535 464 4590 l
502 4535 633 4591 Cor.
671 4552 743 4602 ι,
787 4536 875 4591 1⁵5.

385 4694 499 4767 (87)
542 4695 655 4748 Τὸν
680 4695 717 4749 ἀ

311 4763 570 4822 Medicam
618 4775 673 4820 et
704 4763 871 4820 Cuisl.
917 4765 1115 4834 primo.
1148 4763 1279 4834 Reg.
1315 4763 1590 4820 secundus
1622 4771 1677 4818 et
1717 4763 1887 4818 Coisl.

311 4837 589 4893 secundus
615 4836 705 4907 τὸν
722 4833 940 4907 ⁸ἀγαθὸν
962 4835 1045 4888 Κύ
1055 4851 1185 4907 ριον.

384 4907 498 4973 (88)
543 4905 653 4960 Τοῦ
709 4904 1023 4959 δύνασθαι.
1055 4903 1215 4959 ⁷Ει1ἰιί
1264 4904 1469 4960 addunt
1519 4906 1686 4975 ἡμᾶς,
1743 4903 1887 4975 quod

312 4975 470 5032 deest
499 4977 553 5030 in
582 4991 675 5046 sex
714 4990 872 5046 m§S.,
907 4991 1015 5046 non
1046 4975 1299 5029 tamenin
1337 4975 1504 5029 Cois].
1540 4975 1741 5046 primo.

386 5046 499 5118 (89)
544 5044 647 5110 Ἐξ
671 5042 859 5118 ἡμῶν.
908 5044 1026 5118 l‘ion
1050 5046 1223 5118 _m_ale
1265 5042 1581 5118 Harlaaanuis
1620 5042 1791 5118 codex
1832 5052 1889 5101 et

313 5113 604 5173 Medicaeus
647 5114 776 5186 παρ’
817 5115 991 5186 ἡμῶν.
1045 5113 1151 5186 sed
1208 5116 1264 5186 in
1310 5116 1475 5186 simili
1521 5114 1762 5186 clausula
1799 5130 1887 5172 se-

313 5188 535 5257 quentis
551 5184 810 5261 epistOIa‘,
832 5184 1028 5257 legitur
1052 5184 1113 5250 ἐξ
1135 5185 1294 5257 ἡμῶν
1322 5184 1577 5241 omnibus
1598 5185 1885 5261 codicibus

314 5257 806 5313 consentientibus.

388 5327 501 5397 (90)
540 5325 894 5397 Μονάζουσι,
928 5332 1034 5382 etc.
1068 5324 1165 5397 Ita,
1192 5333 1303 5382 tres
1351 5324 1713 5397 antiquissimi
1738 5324 1889 5397 codi-

315 5395 431 5454 ces.
462 5397 681 5452 Addunt
718 5396 1004 5451 Medicaeus
1030 5404 1086 5451 et
1126 5396 1309 5466 (Coisl.
1351 5397 1559 5466 primus
1597 5411 1610 5446 :
1649 5395 1886 5466 Εὑθαλες

318 5469 488 5539 στάτη
515 5467 653 5539 πρὸς
672 5466 962 5539 ’ὑπομονὴν
991 5465 1333 5539 παράκλησις
1351 5463 1455 5539 ’καὶ
1481 5468 1766 5539 σύγκρισις
1792 5463 1885 5539 τοῦ

314 5557 376 5592 τε
428 5534 540 5591 ἀπὸ
561 5534 694 5591 ’τῶν
750 5534 1147 5606 εἰδωλολατρῶν
1193 5534 1289 5590 καὶ
1334 5535 1427 5589 τοῦ
1468 5534 1576 5590 ἀπὸ
1598 5534 1888 5606 αἱρετικῶν

314 5607 655 5679 ἐπαγομένου
674 5606 936 5729 διωγμοῦ,
969 5604 1064 5689 καὶ
1086 5607 1168 5660 ὅτι
1191 5607 1253 5660 οὐ
1285 5606 1478 5689 πλήθει
1521 5604 1763 5676 ὁριστέον
1790 5605 1888 5686 τῂν

316 5679 616 5729 amnaiav-
656 5676 804 5729 Prwc
828 5693 1078 5729 artsstma
1106 5676 1174 5729 ad
1203 5685 1514 5729 natrentiam
1557 5674 1885 5729 adhortatio.

316 5674 616 5749 σωτηρίαν
656 5674 1078 5732 Prwclarissima
1106 5676 1174 5731 ad
1203 5674 1514 5749 patientiam
1554 5674 1885 5749 adhortatio,

315 5762 363 5804 et
393 5745 723 5817 comparatio
744 5748 1116 5817 persecutionis
1157 5745 1638 5802 a‘simulacrorum
1667 5745 1889 5800 cultori-

1983 3282 2175 3338 multis
2202 3298 2267 3336 ac
2315 3272 2748 3352 simplicioribus
2798 3283 3059 3353 injuriam
3110 3281 3328 3352 quidem
3392 3282 3551 3337 nobis

1981 3373 2096 3428 fieri
2127 3373 2444 3438 fatentibus,
2465 3382 2520 3428 at
2547 3375 2602 3429 in
2630 3375 2878 3444 martyrii
2910 3375 3028 3429 loco
3048 3374 3207 3429 nobis
3227 3372 3387 3444 392
3409 3389 3557 3428 mor-

1983 3474 2090 3519 tem
2156 3479 2256 3535 pro
2308 3464 2539 3519 veritate
2611 3465 2900 3519 toleratam
2963 3478 3074 3519 non
3133 3464 3557 3520 ascribentibus.

1983 3552 2323 3625 Quapmpter
2344 3570 2665 3624 persuasum
2698 3555 2831 3609 mihi
2850 3561 2934 3610 est
2955 3554 3166 3624 majora
3195 3553 3375 3621 vobis,
3394 3569 3559 3623 quam

1983 3646 2052 3701 iis
2080 3646 2175 3716 qui
2203 3654 2334 3700 tunc
2360 3646 2688 3717 martyrium
2724 3647 2873 3715 passi
2919 3655 3090 3712 sunt,
3142 3659 3173 3699 a
3204 3645 3562 3715 justojudice

1984 3736 2209 3807 praemia
2237 3736 2448 3791 servari
2473 3753 2488 3801 ;
2522 3736 2793 3807 siquidem
2828 3736 2903 3790 illi
2932 3743 2985 3791 et
3010 3736 3078 3791 ab
3101 3736 3417 3792 hominibus
3446 3751 3562 3792 cer-

1987 3836 2096 3882 tam
2125 3834 2180 3882 et
2222 3828 2560 3898 exploratam
2605 3826 2821 3881 laudem
2862 3828 3363 3897 consequebantur,
3430 3836 3486 3882 et
3527 3842 3561 3881 a

1985 3919 2099 3977 Deo
2127 3922 2435 3977 mercedem
2457 3920 2887 3991 exspectabant;
2921 3920 3078 3976 vobis
3103 3926 3284 3976 autem
3327 3920 3383 3975 in
3413 3921 3561 3990 pari-

1986 4012 2090 4068 bus
2124 4013 2387 4082 praeclare
2416 4010 2577 4068 factis
2608 4013 2845 4067 honores
2869 4026 2899 4064 a
2924 4010 3141 4081 populis
3167 4026 3277 4065 non
3299 4010 3562 4067 deferun-

1987 4114 2106 4172 tur;
2142 4104 2285 4159 unde
2326 4119 2424 4175 par
2451 4113 2536 4159 est
2577 4105 2992 4175 multiplicatam
3035 4104 3228 4175 reponi
3269 4105 3327 4160 in
3370 4104 3558 4161 futuro

1986 4210 2102 4250 awo
2150 4196 2402 4251 laborum
2447 4212 2547 4267 pro
2577 4197 2775 4267 pietate
2820 4207 3205 4267 susceptorum
3238 4213 3556 4256 remunera-

1987 4289 2209 4344 tionem.

721 4692 906 4764 γαθὸν
936 4694 1103 4748 Θεόν.
1150 4693 1311 4764 Deest
1356 4701 1628 4764 postrema
1680 4707 1780 4764 vox
1832 4692 1888 4747 in
1915 4694 1966 4755 D
1994 4691 2284 4764 busitlataa
2314 4706 2431 4744 cum
2453 4705 2658 4764 eaqua:
2690 4689 3317 4764 ahhwreticisjnfertur,
3345 4697 3396 4745 et
3422 4706 3556 4764 quoa

1992 4762 2326 4836 multitudine
2350 4779 2461 4836 Anon
2501 4760 2801 4836 deﬁnienda
2834 4761 3004 4836 salus.
3042 4760 3184 4815 Editi
3223 4762 3366 4836 Πρὸς
3397 4762 3560 4832 μονά-

1992 4831 2180 4904 ζοντας
2200 4832 2305 4885 ὑπὸ
2349 4831 2643 4904 ἶΑρειανῶν
2667 4831 3196 4904 καταπονηθέντας.Δ
3267 4831 3286 4904 κ’
3344 4902 3354 4904 _
3402 4831 3407 4832 ⁷
3443 4840 3451 4849 ’

2064 4903 2174 4972 (91)
2213 4900 2468 4970 Πατέρές
2507 4900 2695 4971 ἡμῶν.
2730 4901 2819 4972 Alta
2858 4900 2969 4956 tres
3004 4901 3359 4972 vetustissimi
3408 4900 3560 4957 codi-

1990 4970 2083 5026 ces
2116 4970 2238 5043 cum
2281 4973 2401 5027 aliis
2430 4970 2697 5043 pluribus.
2729 4970 2870 5043 Editi
2898 4970 3132 5042 πατέρες
3164 4972 3337 5043 ὑμῶν.

2061 5042 2372 5113 (92)(Παρὰ
2420 5040 2558 5096 τῶν.
2614 5040 2758 5096 Editi
2814 5040 3149 5112 praemittunt
3203 5040 3370 5106 ἀλλά,
3414 5041 3560 5112 quod

1989 5111 2141 5167 deest
2176 5112 2228 5166 in
2260 5128 2453 5166 novem
2481 5127 2612 5167 mss.

2062 5183 2177 5251 (95)
2220 5181 2471 5242 Μείζονα
2494 5181 2653 5250 ὑμῖν.
2685 5180 2852 5251 coisl.
2889 5191 3137 5250 uterque,
3161 5180 3304 5237 Med.
3340 5191 3394 5236 et
3424 5179 3558 5249 Reg.

1991 5250 2265 5307 seCundus
2297 5252 2516 5322 μείζονα
2548 5253 2699 5322 ἡμῖν.
2731 5250 2834 5307 Sed
2864 5251 3184 5308 Harlzeanus
3213 5259 3268 5307 et
3299 5252 3393 5305 alii
3437 5268 3564 5305 con-

1990 5323 2233 5377 sentiunt
2261 5338 2383 5375 cum
2418 5322 2597 5377 editis.

2063 5392 2174 5463 (94)
2218 5390 2500 5463 'ntiroé.
2556 5390 2697 5445 Editi
2729 5391 3064 5461 praemittunt
3094 5393 3221 5457 καί,
3265 5406 3426 5461 quam
3468 5406 3564 5443 vo-

1992 5461 2171 5517 culam
2204 5461 2548 5527 sustulimus,
2577 5463 2705 5531 quia
2738 5463 2931 5518 melius
2962 5462 3114 5517 abest
3152 5479 3183 5516 a
3220 5464 3396 5531 tribus
3428 5475 3560 5514 mss.

1993 5533 2096 5588 etsi
2150 5549 2255 5587 non
2299 5530 2705 5602 vetustissimis.
2742 5530 2869 5585 Haec
2909 5533 3139 5602 epistola
3160 5535 3235 5602 ~in
3278 5530 3563 5602 Harlaeano

1996 5603 2183 5657 codice
2237 5603 2317 5673 sic
2356 5601 2545 5673 linitur
2583 5620 2597 5656 :
2648 5598 3083 5673 ὁμολογουμένην
3132 5598 3273 5673 εἶχον
3312 5601 3397 5655 ἐπ’
3430 5600 3577 5662 ἴσοις,

1995 5674 2110 5745 τοῖς
2132 5670 2566 5745 κατορριέιξᾳειν-

2067 5744 2086 5769 ’⁸
2117 5739 2279 5800 Alias
2293 5739 2514 5809 CCCI",
2542 5743 2743 5809 scripta
2781 5757 2923 5797 anno
2952 5740 3073 5796 376.
