3900 6208
358 355 465 414 947
1703 354 1761 410 S.
1798 354 1948 409 BASI

2085 355 2298 411 MAGNI
3508 351 3615 409 918

431 471 486 526 2.
522 470 701 537 Quare
736 471 1092 526 adhortamur
1118 485 1238 534 vos,
1272 475 1332 525 ut
1360 484 1429 524 ne
1445 468 1631 524 animo
1657 469 1712 523 in
1738 484 1937 524 aerum-

2108 472 2161 528 2.
2210 470 2302 524 Διὸ
2330 470 2756 543 παρακαλοῦμεν
2796 472 2939 542 ὑμᾶς
2992 470 3068 543 μὴ
3102 472 3358 523 ἐκκακεῖν
3391 470 3450 522 ἐν
3499 471 3622 532 ταῖς

369 564 459 619 nis
488 562 813 629 concidatis,
844 565 939 619 sed
960 564 1013 617 in
1040 562 1134 617 Dei
1172 561 1465 616 dilectione
1484 561 1842 625 renovemini,
1869 576 1933 615 ac

2055 562 2276 634 ίλίψεσιν
2301 602 2316 629 ,
2361 562 2476 616 ἀλλ’
2510 562 2864 617 ἀνανεοῦσθαι
2909 566 2979 634 τῇ
3031 562 3169 634 πρὸς
3215 561 3351 615 Θεὸν
3393 559 3622 631 ἀγάπῃ,

359 653 607 723 quotidie
644 654 829 709 studio
860 662 1047 708 vestro
1091 651 1370 722 adjiciatis
1404 672 1416 707 :
1453 653 1696 707 scientes
1728 653 1795 739 in‘
1830 667 1932 707 vo-

2055 653 2128 707 ιαὶ
2152 652 2276 706 καθ’
2297 652 2509 725 ἡμέραν
2537 653 2885 725 προστιθέναι
2909 656 2975 725 τῇ
3005 653 3229 724 σπουδῇ,
3252 652 3463 714 εἰδότας
3483 651 3622 720 (95),

360 745 451 802 his
478 745 677 801 debere
714 746 976 815 reliquias
1016 746 1237 815 pietatis
1268 745 1502 807 servari,
1536 760 1678 814 quas
1707 743 1935 799 veniens

2055 747 2112 799 ἑτι
2168 746 2227 798 ἐν
2265 745 2394 815 ὑμῖν
2446 744 2651 813 ὀφείλει
2688 745 2749 799 τὸ
2780 744 3032 815 λείψανον
3063 745 3163 815 τῆς
3192 743 3479 806 εὐσεϐείας
3516 761 3626 795 σω-

360 837 628 894 Dominus
656 839 710 891 in
746 845 892 893 terra
925 838 1251 893 inventurus
1273 849 1376 893 est.
1416 835 1543 892 Sive
1573 844 1753 892 autem
1775 837 1935 906 ejecti

363 937 497 984 sunt
523 931 769 1001 episc0pi
799 946 830 985 e
852 931 971 985 suis
1001 929 1281 996 Ecclesiis,
1320 930 1424 984 hoc
1454 944 1553 984 vos
1591 944 1933 999 nequaquam

363 1025 644 1076 concutiat
665 1040 679 1088 ;
706 1023 821 1079 sive
838 1023 1148 1092 proditores
1169 1022 1418 1078 nonnulli
1437 1038 1503 1077 ex
1532 1022 1667 1091 ipsis
1685 1020 1938 1092 prodiere

363 1112 604 1172 clericis,
638 1129 814 1183 neque
842 1114 946 1168 hoc
977 1122 1217 1169 vestram
1257 1112 1313 1167 in
1358 1111 1468 1168 Dco
1501 1111 1754 1167 ﬁduciam
1784 1110 1940 1165 inﬁr-

360 1210 492 1258 met.
541 1202 660 1258 Non
689 1207 835 1259 enim
886 1207 1109 1260 nomina
1160 1212 1292 1260 sunt
1317 1220 1440 1274 quae
1490 1205 1673 1259 salvos
1724 1219 1826 1258 nos
1857 1202 1938 1256 fa-

361 1295 529 1355 cient.
551 1296 642 1351 sed
663 1298 1020 1365 propositum,
1040 1312 1102 1351 ac
1127 1312 1248 1350 vera
1280 1296 1333 1349 in
1354 1297 1664 1349 Creatorem
1687 1306 1937 1349 nostrum

363 1387 606 1442 dilectio.
635 1387 995 1443 Considerate
1050 1389 1104 1441 in
1147 1386 1362 1442 insidiis
1417 1400 1540 1455 qum
1578 1385 1809 1440 Domino
1838 1399 1940 1438 no-

365 1490 481 1536 stro
512 1489 734 1534 structae
763 1487 913 1542 sunt,
949 1480 1226 1549 principes
1260 1477 1608 1533 sacerdotum
1634 1487 1685 1532 et
1717 1477 1934 1531 scribas

365 1580 421 1627 et
454 1573 700 1627 seniores
734 1571 918 1625 dolum
950 1571 1335 1633 concinnasse,
1376 1569 1472 1639 qui
1513 1577 1695 1625 autem
1727 1570 1937 1624 doctri-

365 1677 493 1716 nam
526 1662 744 1717 sincero
776 1662 959 1715 animo
988 1667 1374 1730 susceperunt,
1409 1675 1618 1731 paucos
1644 1675 1709 1715 ex
1739 1660 1939 1730 populo

365 1753 620 1807 inventos
650 1768 804 1814 esse.
841 1768 1020 1823 neque
1063 1753 1468 1808 multitudinem
1500 1768 1624 1807 esse
1680 1768 1801 1822 quae
1832 1753 1940 1807 sal-

2035 835 2195 907 θῆναι
2214 878 2229 902 ,
2260 837 2289 890 ὃ
2316 836 2488 890 ἐλθὼν
2517 840 2546 892 ὀ
2587 838 2793 909 Κύριος
2823 839 3048 909 εὑρήσει
3081 840 3175 891 ἐπὶ
3205 838 3305 909 τῆς
3337 837 3463 907 γῆς.
3508 837 3628 890 Καὶ

2034 926 2144 980 εἴτε
2167 927 2581 1001 ἀπεδιώχθησαν
2609 930 2896 983 ἐπίσκοποι
2930 928 3041 982 τῶν
3085 927 3442 999 Ἐκκλησιῶν,
3463 926 3630 980 τοῦτο

2037 1020 2181 1090 ὑμᾶς
2225 1019 2299 1090 μὴ
2332 1020 2605 1073 σαλευέτω
2629 1038 2643 1050 ’
2677 1020 2787 1074 εἴτε
2820 1020 3077 1091 προδόται
3117 1018 3178 1085 ἐξ
3219 1019 3400 1074 αὐτῶν
3451 1019 3631 1090 ἐφύη-

2039 1126 2139 1162 σαν
2202 1109 2313 1162 τῶν
2369 1109 2689 1181 κληρικῶν,
2750 1111 2885 1182 μηδὲ
2932 1109 3092 1163 τοῦτο
3142 1109 3239 1181 τὴν
3294 1109 3629 1180 πεποίθησιν

2038 1200 2192 1272 ὐμῶν
2232 1200 2330 1273 τὴν
2383 1203 2464 1264 είς
2518 1201 2652 1255 Θεὸν
2709 1201 3008 1274 σαθρούτω.
3047 1202 3121 1255 Οὐ
3167 1203 3276 1274 γὰρ
3309 1200 3381 1254 τὰ
3417 1201 3629 1271 ὀνόμα-

2035 1294 2105 1347 τά
2137 1292 2349 1347 ἐστιτὰ
2381 1293 2622 1359 σώζοντα
2656 1295 2803 1365 ἡμᾶς
2825 1334 2841 1359 ,
2873 1294 2987 1348 ἀλλ’
3021 1297 3077 1347 αἱ
3109 1293 3497 1366 προαιρέσεις,
3528 1292 3630 1345 καὶ

2036 1386 2071 1453 ἡ
2106 1383 2333 1456 ἀληθινὴ
2364 1384 2496 1456 περὶ
2528 1385 2618 1439 τὸν
2645 1386 2908 1440 κτίσαντα
2930 1387 3074 1457 ἡμᾶς
3103 1386 3315 1457 ἀγάπη.
3353 1385 3631 1454 Ἐνθυμή-

2040 1472 2168 1545 θητε
2186 1512 2200 1537 ,
2239 1473 2321 1527 ὅτι
2349 1475 2443 1527 καὶ
2470 1476 2527 1528 ἐν
2551 1478 2618 1545 τῇ
2650 1474 2792 1528 κατά
2820 1474 2914 1527 τοῦ
2944 1473 3147 1546 Κυρίου
3172 1473 3329 1544 ἡμῶν
3356 1471 3625 1542 ἐπιϐουλῇ

2038 1566 2313 1637 ἀρχιερεῖς
2354 1567 2454 1638 μὲν
2496 1568 2591 1621 καὶ
2622 1570 2971 1640 γραμματεῖς
3000 1567 3097 1620 καὶ
3135 1564 3498 1637 πρεσϐύτεροι
3528 1565 3629 1616 τὸν

2038 1657 2187 1711 δόλον
2235 1659 2736 1720 συνεσκευάσαντο.
2771 1661 2943 1729 ὀλίγοι
2992 1660 3050 1713 δὲ
3087 1658 3195 1713 τῶν
3240 1661 3305 1712 ἐκ
3342 1657 3434 1711 τοῦ
3488 1656 3628 1710 λαοῦ

2039 1750 2357 1821 εὑρίσκοντο
2403 1752 2452 1805 οἱ
2509 1752 2752 1823 γνησίως
2807 1751 2899 1806 τὸν
2945 1751 3102 1820 λόγον
3159 1750 3587 1820 καταδεχόμενοι
3609 1765 3624 1777 ·

365 1854 549 1908 vatur,
589 1843 684 1899 sed
714 1845 917 1899 electos
960 1844 1080 1899 Dei.
1116 1843 1485 1911 Quamobrem
1523 1860 1805 1915 nunquam
1842 1859 1941 1900 vos

2055 1843 2137 1894 ιιαὶ
2186 1844 2267 1896 ὅτι
2323 1844 2385 1896 οὐ
2426 1843 2489 1896 τὸ
2541 1842 2746 1915 πλῆθός
2779 1844 2896 1897 ἐστι
2931 1843 2994 1896 τὸ
3046 1842 3389 1914 σωζόμενον,
3426 1841 3544 1895 ἀλλ’
3573 1843 3629 1894 οἱ

367 1941 673 2003 perterreat
697 1948 890 2005 magna
923 1933 1107 2004 populi
1133 1933 1456 2001 multitudo;
1485 1935 1577 2004 qui
1604 1936 1753 1989 velut
1788 1950 1941 2004 aquae

367 2026 542 2082 maris
574 2041 604 2078 a
632 2037 794 2081 vento
823 2026 878 2080 in
910 2027 1047 2082 alias
1080 2034 1247 2095 atque
1277 2026 1412 2081 alias
1449 2038 1635 2097 partes
1670 2026 1939 2082 feruntur.

366 2112 503 2168 Nam
553 2115 767 2170 etiamsi
820 2131 964 2171 unus
1014 2116 1258 2170 salvetur
1284 2116 1432 2170 velut
1480 2114 1616 2170 Loth
1666 2114 1939 2184 Sodomis,

368 2222 592 2261 manere
618 2207 778 2262 debet
806 2207 861 2261 in
885 2216 1037 2261 recto
1062 2207 1296 2277 judicio,
1338 2207 1672 2264 immobilem
1702 2209 1942 2264 retinens

369 2297 426 2351 in
471 2298 691 2353 Christo
732 2314 918 2369 spem,
963 2299 1094 2371 quia
1142 2315 1253 2355 non
1303 2300 1646 2372 derelinquet
1681 2301 1943 2357 Dominus

371 2397 593 2446 sanctos
641 2407 793 2446 suos.
834 2389 1038 2447 Omnes
1082 2392 1139 2446 in
1168 2392 1389 2448 Christo
1435 2392 1636 2448 fratres
1678 2410 1800 2448 meo
1844 2411 1943 2449 no-

370 2482 519 2536 mine
543 2482 823 2539 salutate:
863 2498 963 2554 pro
1020 2483 1322 2539 miserabili
1362 2499 1482 2541 mea
1509 2485 1692 2539 anima
1732 2488 1945 2542 sincere

370 2574 697 2643 precamini.

821 2772 1160 2829 EPISTOLA
1197 2772 1446 2829 CCLVIII
1474 2776 1511 2825 °.

2046 1934 2292 1988 ἐκλεκτοὶ
2338 1934 2433 1988 τοῦ
2484 1933 2640 1989 Θεοῦ.
2673 1936 2836 1988 Ὥστε
2886 1936 3151 2007 μηδέποτε
3191 1936 3335 2006 ὑμᾶς
3389 1933 3631 1987 πτοεῖτω

2045 2024 2175 2077 λαοῦ
2218 2026 2511 2097 πολυοχλία
2544 2066 2559 2090 ,
2623 2028 2673 2079 οἱ
2741 2026 2930 2099 ὥσπερ
2993 2028 3139 2101 ῦδωρ
3194 2027 3473 2097 θαλάσσης
3521 2027 3630 2078 ὐπὸ

2049 2118 2372 2187 πνευμάτων
2408 2118 2855 2190 μεταφερόμενοι.
2897 2120 3022 2174 Ἐάν
3065 2120 3176 2192 γὰρ
3222 2120 3316 2173 καὶ
3365 2115 3448 2182 εἷς
3480 2118 3626 2188 σωθῇ

2048 2207 2239 2280 ὥσπερ
2287 2209 2410 2263 Λὼτ
2461 2211 2519 2263 ἐν
2551 2211 2844 2281 Σοδόμοις,
2897 2212 3082 2281 μένειν
3128 2212 3333 2282 ὀφείλει
3380 2212 3474 2264 ἐπὶ
3528 2210 3629 2280 τῆς

2047 2299 2217 2371 ὀρθῆς
2258 2301 2491 2372 κρίσεως
2513 2344 2527 2368 ,
2561 2303 2962 2374 ἀμετακίνητον
3001 2303 3141 2375 ἔχων
3174 2304 3274 2375 τὴν
3313 2305 3373 2356 ἐν
3405 2301 3629 2373 Χριστῷ

2049 2393 2238 2446 ἐλπίδα
2259 2434 2273 2458 ,
2315 2394 2446 2448 διότι
2482 2397 2583 2449 οὐκ
2635 2396 3019 2467 ἐγκαταλείψει
3049 2398 3255 2469 Κύριος
3284 2399 3414 2460 τοὺς
3446 2397 3628 2459 ὁσίους

2052 2484 2237 2538 αὐτοῦ.
2272 2486 2459 2538 Πᾶσαν
2510 2487 2610 2557 τὴν
2658 2489 2714 2541 ἐν
2744 2488 2964 2561 Χριστῷ
2994 2489 3331 2560 ἀδελφότητα
3380 2490 3630 2542 ἀσπάσα-

2053 2573 2144 2626 σθε
2176 2574 2235 2639 ἐξ
2267 2576 2399 2645 ἐμοῦ
2428 2593 2441 2606 ο
2478 2577 2844 2649 προσεύχεσθε
2879 2580 3115 2651 γνησίως
3153 2580 3294 2651 ὑπὲρ
3325 2580 3425 2651 τῆς
3450 2579 3629 2649 ψυχῆς

2054 2679 2155 2733 μου
2187 2665 2285 2735 τῆς
2313 2666 2569 2738 ἐλεεινῆς.

2557 2777 2902 2832 ΕΠΙΣΤΟΛΗ
2947 2777 3121 2834 ΣΝΗ’.

377 2889 564 2959 Laudat
596 2888 811 2961 Basilius
831 2889 1111 2942 charitatcm
1140 2888 1414 3000 Egiplmnii,
1436 2888 1520 2953 qui
1540 2889 1605 2959 ad
1627 2903 1678 2940 se
1699 2888 1950 2953 scripserit
1966 2895 2010 2941 et
2029 2889 2205 2959 fratres
2230 2890 2433 2959 miserit.
2454 2905 2513 2941 ac
2532 2892 2594 2943 de
2614 2893 2951 2958 componendis
2972 2893 3022 2945 in
3046 2898 3237 2948 Etwone
3257 2903 3417 2948 monte
3437 2896 3633 2949 dissen-

436 2950 651 3001 sionibus
670 2958 856 3001 coartet.
882 2952 1098 3001 Delatam
1122 2951 1166 3001 si
1197 2952 1215 3001 i
1240 2953 1300 3000 ab
1328 2952 1592 3001 Epiphanio
1613 2952 1843 3001 sedanda'
1859 2959 2196 3001 controversia:
2216 2954 2517 3001 prouinciam
2538 2964 2757 3001 recusat:
2784 2969 2927 3001 seaue
2947 2955 3017 3001 ait
3042 2956 3138 3001 iam
3161 2972 3248 3001 mr
3269 2957 3456 3001 litteras
3474 2958 3626 3001 simi.

436 2948 651 3001 sionibus
670 2951 856 3004 coaitet.
882 2952 1098 3004 velatam
1122 2951 1166 3001 si

1240 2951 1595 3025 abutipip’ltanio
1613 2951 2196 3025 sedanduicoutroversice
2216 2951 2728 3025 provinciamrecusai
2738 2969 2775 3025 ;_
2784 2969 2927 3025 seque
2947 2955 3017 3005 ait
3029 2956 3138 3016 jam
3161 2972 3248 3025 per
3269 2957 3456 3025 litteras
3474 2958 3626 3025 signi:

435 3010 856 3083 ﬁcassefalladig
874 3020 919 3065 et
948 3011 1237 3083 Innocentio,
1262 3010 1441 3083 nihilo
1459 3027 1510 3063 se
1530 3012 1808 3083 addiposse
1830 3016 1873 3062 Ν
1882 3011 2032 3063 immo
2049 3010 2283 3083 symbolo,
2319 3013 2413 3064 nisi
2435 3022 2615 3064 tantum
2646 3016 2708 3066 de
2738 3010 2927 3080 Spiritu
2958 3010 3172 3083 _sancto.'
3192 3021 3330 3083 Quod
3562 3022 3628 3070 ad

435 3072 775 3144 Antiochenam
802 3073 1162 3131 dissensionem,
1184 3075 1399 3144 declarat
1418 3087 1469 3125 se
1489 3087 1598 3144 cum
1625 3072 1814 3124 .ll'clctio
1827 3088 2028 3143 semper
2049 3072 2419 3144 communicasse
2440 3088 2497 3144 ac
2510 3090 2707 3144 semper
2729 3072 3221 3139 communicaturum:
3227 3094 3285 3129 ac
3306 3072 3470 3144 ipsum
3488 3081 3630 3134 etiam

438 3132 751 3200 Athanasium
790 3148 899 3184 cum
936 3149 993 3185 eo
1011 3134 1381 3200 communicare
1408 3133 1628 3200 _vol_uisse
1650 3148 1667 3183 :
1687 3148 1796 3184 cum
1810 3132 1881 3200 iis
1909 3132 2070 3200 autem
2098 3136 2188 3200 qui
2213 3144 2317 3198 post
2357 3137 2599 3200 Meletiwn
2620 3132 2863 3200 uenerunt,

3029 3154 3141 3191 nam
3161 3155 3213 3192 se
3233 3144 3627 3201 conmmnicassc,

439 3193 656 3268 quamvis
677 3210 758 3268 eos
780 3209 879 3268 non
896 3197 1193 3268 condemnet,
1214 3210 1299 3247 nec
1319 3195 1500 3245 adduci
1520 3210 1659 3257 posse
1674 3194 1920 3268 _u_t.ad_cos
1940 3193 2141 3268 scribat.
2164 3193 2329 3268 Ipsum
2357 3196 2675 3268 Epiphaniam
2697 3193 2860 3268 rogat;
2875 3208 2930 3268 ιιι
2952 3193 3307 3268 dissensionem
3341 3193 3629 3268 componere

436 3256 650 3330 conetur,
670 3257 1256 3330 et_cwn_tre.shl_zypostases
1278 3270 1465 3330 necesse
1481 3256 1583 3330 esse
1601 3256 1839 3330 satist-ima
1862 3256 2097 3326 conﬁteri,
2120 3256 2209 3309 hoc
2226 3258 2371 3309 etiam
2392 3256 2558 3309 doceat
2578 3256 3107 3321 ['ratres'Antiodtenos.
3132 3263 3345 3330 Denique
3376 3256 3632 3329 respondet

437 3315 694 3381 (μιωαίοηὶ
715 3316 765 3368 in
788 3317 902 3369 aliis
926 3315 1096 3369 litteris
1127 3317 1404 3382 proposita,
1426 3316 1546 3383 quid
1567 3316 1662 3368 sint
1683 3316 1935 3383 Maguswi.

873 3424 1168 3495 Epiphanio
1192 3427 1452 3497 episcOpo.

446 3528 506 3590 ’1.
534 3536 691 3604 Quod
722 3536 1049 3608 jampridem
1097 3544 1475 3608 exspectatum
1522 3545 1607 3592 est
1638 3551 1702 3591 ex
1737 3535 1950 3595 Domini

348 3620 669 3693 'vaticinio,
706 3644 771 3683 ac
803 3644 951 3683 nunc
984 3628 1204 3683 tandem
1242 3643 1425 3683 rerum
1456 3627 1791 3697 experientia
1821 3643 1953 3681 con-

383 3720 694 3783 ﬁrmatum,
745 3718 863 3774 fore
887 3717 1143 3773 videlicet
1183 3728 1242 3772 ut
1283 3724 1507 3789 propter
1536 3717 1951 3787 multiplicatam

377 3812 733 3882 iniquitatem
788 3810 1034 3865 charitas
1083 3809 1378 3863 multorum
1427 3806 1752 3878 refrigescat
1792 3806 1847 3873 ";
1898 3805 1954 3860 id

376 3905 488 3975 jam
522 3904 666 3975 apud
696 3918 800 3959 nos
830 3901 1184 3971 adimpletum
1225 3900 1353 3953 visae
1382 3908 1511 3954 sunt
1534 3899 1756 3953 abolere
1802 3898 1951 3951 litte-

381 4008 457 4045 rae
486 3991 817 4061 praestantiae
848 3998 957 4045 tuae
984 3989 1054 4045 ad
1084 4004 1187 4045 nos
1214 3988 1410 4041 allatae.
1438 3985 1578 4042 Vere
1605 3987 1748 4041 enim
1779 3984 1958 4039 chari-

380 4086 514 4140 tatis
544 4084 806 4138 indicium
833 4098 944 4137 non
968 4079 1265 4144 mediocre,
1296 4078 1532 4150 primum
1562 4078 1783 4150 quidem
1810 4075 1955 4147 quod

382 4177 560 4232 nostri
609 4176 960 4240 memineris,
1005 4174 1099 4245 qui
1137 4173 1275 4228 adeo
1305 4172 1443 4228 viles
1467 4181 1522 4226 et
1554 4172 1763 4226 nullius
1795 4168 1956 4241 pretii

384 4286 580 4327 sumus
614 4288 629 4324 :
664 4270 865 4326 deinde
906 4270 1071 4324 etiam
1121 4268 1269 4339 quod
1299 4267 1500 4323 tratres
1548 4266 1769 4322 miseris
1811 4264 1956 4320 invi-

384 4359 544 4417 sendi
594 4359 771 4415 nostri
803 4373 994 4421 causa,
1026 4357 1254 4413 idoneos
1292 4356 1577 4411 ministros
1606 4354 1955 4425 pacificarum

382 4454 716 4509 litterarum.
752 4449 869 4506 Hoc
897 4449 1043 4505 enim
1069 4449 1385 4518 spectaculo
1413 4447 1627 4502 nullum
1646 4446 1827 4501 rarius
1850 4450 1955 4509 est,

385 4544 651 4614 cumjam
692 4557 886 4598 omnes
920 4541 1186 4598 omnibus
1231 4541 1473 4612 suspecti
1517 4539 1647 4595 sint.
1677 4537 1959 4607 Nusquam

382 4637 531 4694 enim
559 4635 972 4700 misericordia,
999 4632 1161 4705 393
1196 4647 1468 4703 nusquam
1513 4631 1955 4695 commiseratio,

382 4744 661 4801 nusquam
692 4726 949 4784 fraternae
969 4726 1228 4797 lacryma:
1246 4725 1318 4780 ob
1344 4723 1568 4779 fratrem
1593 4723 1954 4780 laborantem.

382 4819 506 4877 Non
547 4818 967 4891 persecutiones
999 4831 1102 4888 pro
1138 4816 1370 4871 veritate
1400 4814 1667 4880 tolerata,
1697 4827 1810 4868 non
1833 4822 1957 4870 tota:

385 4912 651 4971 Ecclesia:
685 4912 1132 4984 ingemiscentes.
1169 4924 1281 4964 non
1319 4921 1552 4978 magnus
1591 4919 1953 4961 aerumnarum

385 5022 491 5063 nos
516 5005 999 5067 circumstantium
1031 5015 1297 5058 numerus
1337 4999 1406 5054 ad
1441 5006 1685 5053 mutuam
1717 5012 1820 5053 nos
1846 4997 1959 5052 sol-

381 5098 726 5155 licitudinem
749 5108 1097 5152 commovere
1136 5098 1337 5163 potest.
1371 5087 1481 5145 Sed
1513 5088 1758 5159 lapsibus
1785 5088 1957 5143 insul-

382 5196 603 5256 tamus;
658 5188 1009 5243 lancinamus
1048 5184 1312 5249 vulnera;
1357 5181 1538 5236 illatas
1578 5179 1650 5235 ab
1685 5177 1956 5235 haereticis

384 5279 643 5350 injurias,
675 5279 770 5351 qui
809 5279 957 5334 idem
985 5276 1237 5332 videmur
1268 5273 1412 5329 inter
1441 5286 1548 5328 nos
1595 5271 1822 5338 sentire,
1870 5270 1956 5326 in-

454 5398 478 5431 ‘
516 5398 705 5456 Matth.
747 5415 904 5463 xxrv,
948 5396 1036 5455 12.

456 5514 478 5534 ‘
514 5510 664 5565 Alias
693 5506 992 5578 CCCXXV.
1030 5506 1243 5578 Scripta
1270 5508 1413 5563 circa
1450 5521 1650 5561 annum
1682 5504 1806 5578 577.

459 5578 877 5661 (9513;16de
910 5577 1039 5633 Mss.
1071 5573 1313 5649 quinque
1352 5591 1463 5631 non
1491 5586 1668 5631 tamen
1696 5573 1964 5644 antiquis-

384 5650 509 5707 simi
540 5650 761 5712 ειδότες.

460 5718 571 5788 (96)
613 5718 797 5788 ἶᾘόη.
820 5716 911 5788 Sic
957 5732 1090 5772 mss.
1124 5732 1315 5788 novem
1347 5730 1543 5788 proco
1579 5715 1723 5788 quod
1756 5721 1873 5788 e_r_at
1898 5714 1959 5788 in

389 5783 642 5845 editis'cb
665 5783 938 5841 66.7Paulo
969 5794 1093 5856 post
1120 5785 1248 5841 editi
1288 5783 1752 5855 μεμνῆσθαιτῶν.
1784 5783 1957 5845 llarl.,

2506 3429 2829 3500 Ἐπιφανίῳ
2859 3432 3184 3502 ἐπισκόπῳ.

2126 3537 2177 3590 1.
2202 3537 2275 3590 Τὸ
2304 3537 2470 3591 πάλαι
2500 3540 2869 3613 προσδοκηθὲν
2900 3542 2965 3595 ἐκ
2986 3543 3087 3614 τῆς
3106 3540 3200 3597 τοῦ
3226 3542 3440 3614 Κυρίου
3464 3546 3626 3615 προρο

2054 3627 2292 3697 ρήσεως,
2332 3626 2427 3680 νῦν
2480 3628 2536 3681 δὲ
2585 3628 2771 3683 λοιπὸν
2804 3632 2870 3700 τῇ
2928 3629 3092 3701 πείρᾳ
3132 3627 3241 3682 τῶν
3290 3630 3627 3699 πραγμάτων

2055 3716 2438 3788 βεϐαιούμενον
2463 3758 2478 3782 ,
2507 3720 2588 3772 ὅτι
2637 3718 2725 3772 διὰ
2762 3720 2823 3772 τὸ
2857 3719 3223 3792 πληθυνθῆναι
3271 3718 3370 3789 τὴν
3402 3720 3627 3790 ἀνομίαν

2052 3807 2355 3879 ψυγήσεται
2376 3810 2409 3880 ἡ
2432 3811 2619 3881 ἀγάπη
2651 3810 2759 3864 τῶν
2784 3810 3012 3874 πολλῶν,
3040 3811 3139 3883 ἤδη
3160 3809 3270 3883 (96)
3287 3812 3628 3883 κεκρατημέ-

2052 3913 2142 3949 νον
2174 3899 2305 3969 παρ⁹
2335 3900 2465 3970 ἡμῖν
2486 3939 2502 3964 ,
2537 3898 2682 3964 ἔδοξε
2710 3899 2859 3953 λύειν
2904 3902 2972 3954 τὰ
3004 3899 3306 3971 γράμματα
3328 3901 3431 3971 τῆς
3454 3901 3627 3970 τιμιό-

2052 3990 2213 4060 τητός
2245 4007 2337 4044 σου
2369 3990 2723 4061 κομισθέντα.
2754 3991 2959 4054 Ὄντως
2986 3989 3094 4061 γὰρ
3121 3988 3342 4058 ἀγάπης
3375 3989 3627 4059 ἔνδειγμα

2053 4080 2115 4133 οὐ
2146 4079 2209 4133 τὸ
2237 4081 2421 4151 τυχὸν,
2456 4080 2670 4151 πρῶτον
2704 4079 2801 4153 μὲν
2826 4080 3121 4152 μνησθῆναι
3163 4080 3319 4151 ἡμῶν
3353 4082 3465 4135 τῶν
3493 4081 3628 4133 οὕτω

2058 4171 2270 4244 μικρῶν
2327 4172 2422 4225 καὶ
2472 4170 2699 4243 μηδενὸς
2745 4171 2911 4237 ἀξίων
2936 4190 2949 4203 ·
2986 4173 3177 4227 ἔπειτα
3229 4175 3324 4227 καὶ
3372 4174 3629 4244 ἀδελφοὺς

2055 4261 2371 4316 ἀποστεῖλαι
2401 4263 2481 4324 εἰς
2506 4261 2792 4332 ἐπίσκεψιν
2818 4262 3094 4333 ἡμετέραν
3112 4302 3127 4325 ,
3152 4263 3472 4334 πρέποντας
3498 4261 3628 4318 εἶναι

2055 4354 2335 4417 διακόνους
2361 4352 2653 4425 εἰρηνικῶν
2680 4354 3042 4425 γραμμάτων.
3091 4354 3260 4409 Οὐδὲν
3303 4356 3416 4427 γὰρ
3444 4356 3628 4410 τούτου

2057 4445 2429 4518 σπανιώτερον
2463 4445 2672 4516 θέαμα,
2726 4445 2946 4499 πάντων
3000 4446 3136 4517 πρὸς
3191 4448 3405 4511 πάντας
3450 4450 3629 4502 λοιπὸν

2057 4538 2317 4602 ὑπόπτως
2363 4536 2738 4607 διακειμένων.
2779 4536 3029 4607 Οὐδαμοῦ
3083 4536 3191 4609 γὰρ
3238 4539 3628 4611 εὐσπλαγχνία,

2055 4627 2292 4700 οὐδαμοῦ
2329 4627 2675 4698 συμπάθεια,
2710 4627 2771 4680 οὐ
2809 4626 3042 4698 δάκρυον
3071 4627 3183 4698 (97)
3216 4629 3510 4700 ἀδελφικὸν
3549 4632 3629 4685 ἐπ’

2057 4718 2270 4789 ἀδελφῷ
2301 4718 2584 4789 κάμνοντι.
2641 4717 2718 4771 Οὐ
2749 4717 2979 4788 διωγμο)⁵
3031 4718 3171 4790 ὐπὲρ
3210 4720 3311 4790 τῆς
3354 4722 3631 4793 ἀληθείας,

1987 4788 2033 4843 D
2059 4809 2159 4865 οὐκ
2202 4788 2528 4881 Ἐκκλησίαν,
2562 4805 2911 4871 στενάξουσαι
2950 4806 3061 4879 (98)
3108 4788 3414 4881 πανδημεὶ,
3449 4788 3563 4881 οὐχ
3605 4814 3632 4864 ὀ

2059 4910 2228 4974 πολὺς
2252 4900 2408 4973 οὗτος
2431 4909 2539 4962 τῶν
2568 4908 2929 4980 περιεχόντων
2962 4909 3113 4980 ἡμᾶς
3145 4909 3428 4981 δυσχερῶν
3472 4912 3625 4967 κατά-

2059 5000 2214 5071 λογος
2246 5002 2415 5055 κινεῖν
2441 4999 2661 5053 δύναται
2694 5000 2843 5071 ἡμᾶς
2890 5000 3027 5069 πρὸς
3074 4999 3171 5070 τὴν
3203 5001 3345 5073 ὑπὲρ
3393 5002 3633 5074 ἀλλήλων

2065 5089 2352 5161 μέριμναν.
2406 5087 2564 5141 Ἀλλά
2620 5089 2732 5151 τοῖς
2786 5085 3073 5159 πτώμασιν
3125 5088 3459 5160 ὲναλλόμεθα
3490 5135 3507 5156 ,
3569 5094 3633 5145 τὰ

2060 5178 2348 5250 τραύματα
2400 5175 2780 5246 ἐπιξαίνομεν,
2832 5174 2934 5239 τὰς
2984 5174 3132 5246 παρὰ
3181 5175 3290 5229 τῶν
3338 5178 3631 5247 αἱρετικῶν

2062 5268 2326 5343 ἐπηρείας
2349 5308 2365 5335 ,
2406 5269 2458 5321 οἱ
2514 5266 2799 5331 δοκοῦντες
2828 5265 2907 5339 τῷ
2949 5267 3098 5339 αὐτῷ
3126 5271 3406 5324 κοινωνεῖν
3437 5270 3628 5341 φρονήο

2060 5501 2229 5557 Coisl.
2263 5508 2489 5568 uterque
2528 5505 2582 5552 et
2606 5504 2842 5567 quatuor
2867 5496 2958 5552 alii
2980 5506 3040 5550 ut
3062 5497 3116 5550 in
3146 5503 3318 5553 textu.

2133 5572 2243 5643 (97)
2298 5573 2379 5624 Οὺ
2402 5568 2691 5643 δάκρυον.
2727 5568 2805 5620 Ita
2839 5575 2949 5643 tres
2990 5568 3349 5643 vetustissimi
3391 5570 3628 5626 codices.

2059 5635 2200 5696 Editi
2226 5635 2317 5699 hic
2342 5641 2505 5695 etiam
2538 5644 2789 5707 repetunt
2812 5635 3068 5707 οὐδαμοῦ.

2130 5712 2238 5781 (98)
2279 5706 2695 5769 Στενὰζουσαι.
2732 5705 2822 5761 Sic
2850 5705 2984 5763 mss.
3020 5721 3231 5765 omnes.
3260 5705 3408 5764 Editi
3443 5710 3625 5765 στενά-

2058 5782 2225 5846 ζουσι.
