3900 6208
276 329 388 389 9ι9

1110 334 1602 392 EPISTOLARUM
1636 335 1925 393 CLASSIS
1963 340 2028 395 ll.
2072 340 2293 399 EPIST.
2335 342 2606 399 CCLVIII.

3428 352 3537 409 950

281 465 454 518 ματι,
504 447 843 519 ὲπιτείνομεν
869 488 883 509 ,
946 444 1038 501 καὶ
1091 449 1138 501 oi
1201 451 1258 503 ἐν
1318 451 1430 513 τοῖς
1487 452 1868 524 καιριωτάτοις

1988 455 2278 524 .endimus;
2324 464 2379 512 et
2425 457 2519 528 qui
2563 457 2620 512 in
2669 457 2960 529 prmoipuis
2991 460 3265 529 capitibus
3300 463 3443 519 inter
3474 483 3536 523 se

277 539 499 609 ἔχοντες
532 540 850 609 συμφωνίαν
899 538 977 591 ἐνί
1012 539 1076 607 γέ
1119 556 1224 592 τινι
1263 540 1478 604 πάντως
1509 542 1858 614 διεστήκασιν

279 628 380 681 ἀπ’
410 626 674 699 ἀλλήλων.
706 629 830 692 Πῶς
856 624 949 681 οὖν
986 628 1061 699 μὴ
1101 628 1451 700 θαυμάσομεν
1483 631 1574 686 τὸν
1606 633 1665 685 ἐν
1694 633 1864 686 τοιού-

275 737 398 783 τοις
450 721 740 792 πράγμασι
794 720 1039 792 καθαρὰν
1072 720 1165 773 καὶ
1202 721 1384 775 ἄδολον
1432 723 1530 794 τὴν
1569 723 1707 793 πρὸς
1738 726 1863 789 τοὺς

280 811 513 881 πλησίον
563 813 782 882 ἀγάπην
822 812 1297 883 ἐπιδεικνύμενον,
1333 815 1427 868 καὶ
1464 815 1553 869 διὰ
1596 817 1865 889 τοσαύτης

280 901 563 971 Θαλάσσης
596 903 691 954 καὶ
710 902 941 972 ἠπείρου
963 943 977 969 ,
1011 904 1111 972 τῆς
1135 904 1473 976 χωριζούσης
1505 907 1653 978 ἡμᾶς
1680 925 1867 978 σωμα-

285 993 477 1057 τικῶς,
501 991 597 1063 τὴν
624 992 977 1065 ἐνδεχομένην
1003 994 1321 1065 ἐπιμέλειαν
1346 999 1462 1061 ταῖς
1486 998 1686 1067 ψυχαῖς
1709 998 1866 1069 ἡμῶν

287 1084 647 1157 χαριζόμενον
668 1103 684 1152 ;

359 1177 415 1231 2.
465 1176 785 1249 Ἐθαύμασα
813 1177 870 1230 δέ
904 1195 997 1231 σου
1039 1179 1289 1247 κάκεῖνο,
1322 1181 1408 1234 ὅτι
1442 1182 1536 1235 καὶ
1565 1181 1662 1254 τὴν
1694 1183 1752 1236 ἐν
1790 1183 1868 1254 τῷ

300 1270 552 1323 Ἐλαιῶνι
601 1270 710 1324 τῶν
760 1270 1004 1340 ἀδελφῶν
1052 1272 1333 1327 διάστασιν
1371 1274 1629 1346 λυπηρῶς
1681 1275 1864 1342 ἐδέξω,

289 1363 406 1438 καὶ.
443 1362 621 1433 βούλει
674 1362 798 1417 τινὰ
864 1365 1048 1428 αὐτοῖς
1108 1365 1362 1434 γενέσθαι
1418 1369 1554 1442 πρὸς
1605 1368 1871 1440 ἀλλήλους

290 1454 693 1526 συμϐιϐασμόν.
744 1457 855 1510 Καὶ
903 1457 985 1510 ὅτι
1048 1474 1110 1510 σε
1168 1459 1288 1511 οὐδὲ
1340 1459 1411 1513 τά
1467 1463 1871 1533 παρευρεθέντα

290 1545 401 1598 ὑπὸ
444 1545 641 1614 τινῶν,
695 1547 790 1600 καὶ
842 1548 1090 1619 ταραχὰς
1144 1549 1519 1621 ὲμποιήσαντα
1551 1554 1617 1623 τῇ
1651 1553 1873 1622 ἀδελφό-

290 1654 436 1707 τητι,
469 1638 775 1710 παρέλαθεν
807 1639 955 1709 (99),
1000 1640 1137 1694 ἀλλά
1168 1643 1263 1695 καὶ
1290 1643 1389 1714 τὴν
1420 1645 1513 1698 ἐπὶ
1537 1645 1748 1710 τούτοις
1777 1646 1873 1717 μέ-

296 1745 495 1800 ριμναν
539 1732 809 1798 ἀνεδέξω,
868 1732 964 1786 καὶ
1015 1732 1190 1788 ταῦτα
1231 1736 1599 1808 ἀπεδεξάμην.
1669 1737 1873 1795 Ἐκεῖνο

1963 550 2317 604 consentiunt
2342 589 2358 615 ,
2412 550 2469 605 in
2493 565 2604 605 una
2633 549 2816 621 aliqua
2847 566 2907 605 re
2940 566 3170 621 prorsus
3202 555 3272 608 ab
3302 570 3362 610 se
3392 556 3540 612 invi-

1962 656 2083 695 cem
2111 641 2401 698 dissident.
2438 641 2724 709 Quomodo
2756 642 2928 713 igitur
2972 660 3099 700 eum
3152 660 3260 700 non
3306 647 3541 704 admire-

1963 748 2111 799 mur,
2158 734 2253 804 qui
2289 735 2343 789 in
2370 735 2465 790 tali
2503 751 2689 791 rerum
2732 742 2880 790 statu
2919 751 3117 806 purum
3167 752 3233 792 ac
3265 739 3539 794 sincerum

1964 839 2095 895 erga
2126 823 2328 881 fratres
2359 841 2603 883 amorem
2638 827 2902 893 ostendit,
2930 834 2985 882 et
3009 843 3078 883 ex
3106 835 3259 883 tanto
3290 831 3460 886 maris
3484 838 3541 886 et

1965 928 2145 984 terrae,
2176 921 2378 991 quibus
2405 935 2635 991 corpore
2665 921 3008 992 sejungimur
3036 922 3348 989 intervallo,
3372 938 3541 994 quan-

1969 1020 2082 1065 tum
2126 1012 2182 1066 in
2217 1027 2277 1068 se
2309 1021 2428 1077 est,
2456 1012 2763 1069 animarum
2807 1020 3124 1070 nostrarum
3173 1028 3363 1069 curam
3413 1032 3541 1072 sus-

1967 1101 2135 1171 cipit?

2040 1190 2096 1246 2.
2132 1190 2269 1248 Illud
2297 1199 2480 1248 autem
2515 1192 2680 1247 etiam
2707 1193 2764 1248 in
2800 1202 2852 1248 te
2877 1195 3109 1251 miratus
3134 1211 3277 1259 sum,
3308 1195 3456 1267 quod
3488 1204 3547 1250 et

1970 1284 2225 1350 fratrum,
2257 1284 2353 1356 qui
2396 1286 2453 1339 in
2484 1284 2701 1342 Elaeone
2743 1294 2908 1351 sunt,
2938 1289 3169 1342 moleste
3205 1288 3398 1343 tuleris
3423 1287 3543 1343 dis-

1971 1378 2319 1443 sensionem,
2353 1377 2606 1447 velisque
2652 1377 2892 1447 aliquam
2938 1378 3077 1448 ipsis
3126 1378 3246 1433 ﬁeri
3290 1378 3434 1435 inter
3483 1393 3546 1434 se

1972 1467 2430 1525 conciliationem.
2463 1466 2621 1533 Quod
2667 1474 2850 1523 autem
2894 1475 2946 1523 te
2974 1483 3087 1523 non
3114 1468 3393 1524 latuerunt
3423 1484 3547 1539 qua:

1973 1578 2005 1616 a
2033 1561 2315 1616 nonnullis
2345 1560 2489 1616 male
2521 1559 2850 1630 excogitata,
2883 1558 3082 1615 fratres
3112 1561 3544 1625 conturbarunt,

1975 1668 2039 1708 ac
2086 1653 2155 1708 de
2192 1652 2277 1709 his
2323 1666 2543 1723 quoque
2587 1651 3016 1707 sollicitudinem
3064 1652 3394 1722 suscepisti,
3430 1651 3547 1707 haec

1975 1745 2139 1799 etiam
2185 1743 2323 1798 mihi
2369 1743 2597 1813 probata
2639 1751 2789 1799 sunt.
2825 1741 2964 1797 Illud
2993 1758 3125 1798 vero
3153 1758 3263 1798 non
3289 1743 3403 1814 jam
3450 1750 3547 1802 tua

290 1821 351 1873 δὲ
380 1821 563 1874 ούκέτι
595 1822 694 1893 τῆς
725 1823 826 1895 σῆς
854 1824 1083 1896 ἐνόμισα
1117 1822 1257 1880 εἶναι
1286 1828 1553 1893 συνέσεως
1586 1829 1735 1898 ἀξιον
1761 1872 1776 1896 ,
1812 1832 1873 1886 τὸ

1988 1834 2214 1901 iudicavi
2241 1810 2681 1903 esse—prudentia
2706 1832 2953 1903 dignum,
2987 1832 3135 1903 quod
3162 1810 3321 1889 nobis
3351 1832 3548 1887 harum

292 1913 428 1982 ἡμῖν
459 1914 558 1985 τὴν
608 1916 737 1987 περὶ
786 1915 896 1969 τῶν
949 1917 1282 1989 τηλικούτων
1333 1920 1618 1993 διόρθωσιν
1653 1924 1874 1996 ἐπιτρέ-

292 2023 450 2071 πειν,
506 2006 822 2080 ἀνθρώποις
854 2009 978 2062 οὔτε
1018 2010 1202 2083 χάριτι
1250 2013 1385 2068 Θεοῦ
1429 2016 1755 2087 ἀγομένοις,
1789 2017 1877 2071 διὰ

291 2098 356 2151 τὸ
387 2100 683 2171 ἁμαρτίαις
726 2099 896 2174 συζῇν
928 2145 942 2171 ,
984 2103 1110 2157 οὔτε
1161 2105 1285 2158 τινὰ
1344 2109 1706 2180 κεκτημένοις
1749 2113 1878 2181 περὶ

291 2190 420 2255 τοὺς
460 2191 650 2261 λόγους
676 2192 940 2265 δύναμιν,
985 2194 1073 2249 διὰ
1098 2198 1159 2249 τὸ
1186 2195 1293 2250 τῶν
1327 2198 1427 2267 μὲν
1469 2200 1714 2269 ματαίων
1748 2202 1879 2270 ἀγα-

292 2282 485 2353 πητῶς
520 2284 595 2354 (1)
637 2286 969 2356 ἀποστῆναι,
1024 2288 1132 2342 τῶν
1163 2290 1221 2343 δὲ
1250 2292 1350 2361 τῆς
1383 2291 1643 2362 ἀληθείας
1676 2294 1879 2365 δογμά-

293 2392 403 2428 των
458 2378 623 2448 μήπω
658 2379 759 2449 τὴν
796 2381 1179 2451 προσήκουσαν
1211 2383 1324 2448 ’ἐξιν
1391 2384 1702 2440 ἀναλαϐεῖν.
1748 2388 1878 2441 Ἐπ-

292 2468 615 2540 ιστείλαμεν
661 2466 753 2525 οὖν
781 2474 881 2545 ἤδη
920 2478 1032 2539 τοῖς
1083 2477 1384 2547 ἀγαπητοῖς
1418 2477 1667 2548 ἀδελφοῖς
1696 2480 1876 2552 ἡμῶν,

293 2562 410 2623 τοῖς
434 2561 578 2614 κατὰ
601 2561 692 2614 τὸν
736 2565 1003 2620 Ἐλαιῶνα
1026 2606 1041 2631 ,
1084 2567 1370 2639 Παλλαδίῳ
1406 2569 1485 2641 τῷ
1508 2572 1764 2644 ἡμετέρῳ
1785 2574 1880 2625 καὶ

307 2652 640 2724 Ἰννοκεντίῳ
670 2656 746 2727 (2)
771 2656 849 2728 τῷ
881 2658 1067 2731 Ἰταλῷ
1086 2700 1101 2723 ,
1132 2660 1265 2733 πρὸς
1285 2662 1353 2715 τὰ
1381 2664 1512 2735 παρ’
1539 2665 1717 2719 αὐτῶν
1747 2669 1880 2738 ἡμῖν

295 2745 679 2817 ἐπεσταλμένα
703 2764 717 2778 ·
752 2749 835 2803 ὅτι
868 2751 1022 2804 οὐδὲν
1065 2752 1345 2825 δυνάμεθα
1373 2758 1437 2826 τῇ
1480 2757 1622 2809 κατά
1648 2758 1880 2812 Νίκαιαν

297 2837 479 2891 πίστει
545 2841 894 2911 προστιθέναι
950 2846 1113 2915 ἡμεῖς
1143 2885 1159 2909 ,
1218 2846 1338 2899 οὐδὲ
1397 2847 1459 2901 τὸ
1522 2848 1878 2921 βραχύτατον,

299 2928 442 3000 πλὴν
480 2931 583 3000 τῆς
632 2934 712 2996 είς
744 2933 807 2987 τὸ
852 2935 1076 3006 Πνεῦμα
1112 2936 1173 2989 τὸ
1219 2937 1374 3006 ἅγιον
1420 2938 1759 3007 δοξολογίας,
1792 2942 1883 2997 διὰ

295 3019 360 3072 τὸ
406 3021 464 3072 ἐν
503 3022 827 3093 παραδρομῇ
884 3025 1009 3088 τοὺς
1068 3024 1313 3097 πατέρας
1366 3026 1523 3097 ἡμῶν
1564 3027 1755 3080 τούτου
1784 3028 1879 3083 τοῦ

300 3110 505 3181 μέρους
541 3113 946 3203 ἐπιμνησθῆναι
971 3132 985 3146 ⁸
1021 3114 1175 3169 οῦπω
1212 3115 1307 3170 τοῦ
1362 3118 1481 3171 κατ’
1534 3119 1666 3173 αὐτὸ
1716 3119 1883 3193 ζητή-
1907 3143 1951 3203 c

302 3216 473 3269 ματος
510 3200 621 3254 τότε
651 3204 1035 3275 κεκινημένου.
1076 3205 1157 3259 Τά
1184 3206 1243 3258 δὲ
1293 3210 1770 3281 προσυφαινόμενα
1802 3212 1877 3283 (5)

296 3293 367 3361 τῇ
422 3291 602 3346 πίστει
645 3295 832 3369 ἐκείνῃ
884 3296 1132 3368 δόγματα
1186 3299 1313 3371 περὶ
1373 3302 1471 3372 τῆς
1524 3301 1618 3355 τοῦ
1674 3305 1879 3375 Κυρίου

299 3385 803 3457 ἐνανθρωπήσεως,
842 3388 916 3452 ὡς
961 3390 1233 3462 βαθύτερα
1274 3392 1373 3462 τῆς
1405 3394 1677 3467 ἡμετέρας
1711 3412 1882 3449 κατα-

299 3473 553 3544 λήψεως,
602 3477 724 3531 οὔτε
770 3478 1209 3551 ἐϐασανίσαμεν,
1260 3481 1381 3534 οὔτε
1438 3484 1878 3555 παρεδεξάμεθω

299 3566 539 3632 εἰδότες,
590 3570 712 3636 ὅτι,
771 3571 992 3625 ἐπειδὰν
1038 3572 1137 3644 τὴν
1188 3573 1465 3645 ἁπλότητα
1510 3576 1609 3646 τῆς
1648 3577 1883 3643 πίστεως

303 3659 455 3726 ἅπαξ
499 3662 998 3733 παρακινήσωμεν,
1033 3663 1155 3717 οὔτε
1202 3682 1252 3717 τι
1297 3664 1374 3737 (4)
1426 3666 1599 3736 πέρας
1652 3666 1758 3720 τῶν
1795 3667 1883 3720 λό-

1976 1940 2161 1980 rerum
2195 1924 2636 1980 emendationem
2677 1924 3048 1988 commiseris,
3091 1924 3408 1980 hominibus
3453 1938 3550 1979 ne-

1976 2033 2083 2088 que
2112 2016 2290 2087 gratia
2318 2014 2415 2070 Dei
2437 2016 2640 2081 ductis,
2674 2025 2736 2070 ut
2766 2014 2862 2085 qui
2896 2014 2953 2069 in
2981 2016 3227 2085 peccatis
3260 2015 3511 2071 vivamus
3530 2055 3548 2080 ,

1976 2126 2079 2165 nec
2102 2111 2211 2164 ulla
2233 2108 2452 2164 dicendi
2475 2107 2740 2163 facultate
2764 2105 3034 2177 praeditis,
3064 2121 3130 2161 eo
3159 2107 3307 2176 quod
3338 2121 3370 2160 a
3393 2107 3552 2162 'vanis

1977 2204 2197 2275 quidem
2229 2204 2466 2259 libenter
2491 2204 2891 2258 recesserimus
2911 2242 2927 2267 ,
2959 2200 3211 2258 veritatis
3239 2208 3423 2256 autem
3454 2199 3554 2256 do-

1978 2305 2219 2367 gmatum
2265 2295 2511 2351 nondum
2556 2295 2796 2350 assecuti
2844 2294 3102 2350 idoneum
3146 2309 3308 2348 usum
3354 2291 3550 2360 simus.

1977 2386 2096 2441 Jain
2131 2386 2300 2456 igitur
2344 2386 2733 2456 respondimus
2774 2387 2993 2442 dilectis
3031 2384 3301 2440 fratribus
3346 2384 3554 2440 nostris

1980 2478 2038 2534 in
2054 2478 2269 2534 Elaaone
2288 2478 2636 2549 degentibus,
2654 2477 2899 2533 Palladio
2924 2485 3119 2533 nostro
3140 2487 3195 2532 et
3224 2475 3555 2531 Innocentio

1979 2568 2135 2638 Italo,
2169 2571 2234 2625 ad
2259 2585 2323 2625 ea
2346 2584 2469 2641 quae
2502 2570 2665 2625 nobis
2688 2570 2757 2624 ab
2787 2570 2925 2640 ipsis
2948 2568 3171 2625 fuerunt
3204 2569 3430 2639 scripta,
3452 2581 3556 2623 nos

1981 2663 2193 2719 scilicet
2223 2662 2359 2716 nihil
2390 2677 2551 2730 posse
2582 2660 2817 2716 Nicanaa
2862 2660 2988 2716 fidei
3023 2660 3291 2731 adjicere,
3336 2674 3407 2714 ne
3430 2658 3558 2714 bre-

1980 2756 2266 2813 vissimum
2292 2754 2536 2825 quidem,
2567 2760 2799 2824 excepta
2825 2750 3067 2823 Spiritus
3087 2750 3268 2806 sancti
3292 2748 3560 2821 gloriﬁca-

1982 2850 2150 2914 tione,
2180 2857 2472 2920 propterea
2503 2846 2651 2919 quod
2684 2846 2921 2916 majores
2949 2843 3125 2900 nostri
3155 2842 3363 2898 cursim
3392 2840 3560 2911 hujus

1982 2939 2156 3012 partis
2187 2938 2563 3002 meminerint,
2605 2935 2851 2992 nondum
2886 2943 3020 2989 tunc
3053 2934 3123 2988 de
3169 2931 3381 3003 Spiritu
3410 2936 3560 2985 mota

1983 3028 2306 3100 quaestione.
2359 3027 2491 3095 Quae
2542 3036 2726 3083 autem
2778 3026 3112 3083 adtexuntur
3149 3023 3279 3078 huic
3304 3021 3428 3077 fidei
3457 3020 3558 3076 do-

1985 3129 2198 3193 gmata,
2227 3121 2295 3177 de
2333 3120 2554 3177 Domini
2586 3119 3003 3183 lncarnatione,
3035 3133 3101 3173 ea
3128 3125 3189 3172 ut
3218 3114 3421 3171 altiora
3462 3127 3561 3169 no-

1984 3220 2099 3270 stra
2117 3213 2490 3283 intelligentia,
2513 3228 2693 3283 neque
2713 3210 3169 3275 examinavimus,
3198 3221 3380 3278 neque
3405 3220 3563 3263 rece-

1980 3305 2200 3374 pimus:
2238 3305 2495 3369 scientes,
2535 3304 2626 3360 ubi
2644 3302 3049 3373 simplicitatem
3086 3299 3211 3355 fidei
3240 3298 3409 3355 semel
3438 3313 3564 3354 sus-

1985 3395 2311 3460 tulerimus,
2360 3395 2575 3449 nullum
2607 3393 2721 3464 jam
2768 3405 3085 3448 sermonum
3119 3389 3281 3445 finem
3311 3403 3414 3443 nos
3441 3402 3567 3443 esse

1990 3487 2347 3552 inventuros,
2412 3485 2853 3542 contradictione
2903 3499 3007 3540 nos
3070 3496 3286 3551 semper
3333 3478 3565 3547 ulterius

1989 3579 2328 3650 abripiente;
2354 3594 2418 3633 ac
2442 3577 2841 3648 simpliciorum
2866 3576 3081 3632 animas
3109 3570 3564 3638 conturbaturos,

1986 3671 2144 3725 novis
2171 3670 2335 3724 rebus
2356 3667 2787 3724 introducendis.

302 3768 420 3819 γων
481 3752 823 3825 εὑρήσομεν,
859 3758 947 3809 ἀεὶ
999 3756 1102 3827 τῆς
1155 3756 1465 3826 ἀντιλογίας
1512 3760 1593 3822 είς
1630 3758 1691 3811 τὸ
1732 3758 1915 3815 πλεῖον
1955 3764 2101 3832 ἡμᾶς
2171 3761 2548 3835 προαγούσης,
2599 3760 2693 3814 καὶ
2738 3757 2838 3823 τὰς
2885 3755 3063 3828 ψυχὰς
3104 3754 3211 3809 τῶν
3252 3753 3567 3825 ἀκεραιοτές

307 3858 421 3913 ρων
459 3845 915 3917 παραταράξομεν
955 3847 1031 3916 (5)
1069 3849 1135 3919 τῇ
1191 3851 1586 3920 παρεισαγωγῇ
1636 3848 1745 3903 τῶν
1797 3850 2131 3917 ξενιζόντων.

378 3937 430 3989 5.
467 3937 575 4008 Τὴν
613 3937 669 3990 δὲ
715 3938 856 3992 κατὰ
896 3941 1226 4011 Ἀντιόχειαν
1272 3941 1621 4011 Ἐκκλησίαν,
1650 3942 1792 4012 λέγω
1831 3944 1895 4017 δὴ

305 4027 410 4097 τὴν
442 4027 520 4097 τῷ
564 4027 714 4098 αὐτῷ
763 4032 1071 4101 φρονήματι
1129 4031 1565 4101 συμϐαίνουσαν,
1606 4032 1716 4106 δῴη
1756 4036 1889 4087 ποτὲ

304 4121 337 4172 ὁ
388 4119 593 4191 Κύριος
641 4121 771 4174 ἰδεῖν
822 4121 992 4193 αὐτὴν
1041 4122 1724 4194 ἡνωμένην.·Κινδυνεύει
1781 4126 1890 4198 γὰρ

308 4211 449 4282 αῦτη
499 4212 731 4283 μάλιστα
774 4213 1018 4284 δεδέχθαι
1070 4216 1171 4279 τὰς
1205 4216 1497 4280 ἐπιϐουλὰς
1535 4216 1628 4270 τοῦ
1670 4217 1889 4289 ἐχθροῦ,

315 4306 783 4377 μνησικακοῦντος
817 4309 953 4379 αὐτῇ
987 4307 1074 4362 διὰ
1106 4309 1169 4362 τὸ
1219 4309 1435 4379 πρῶτον
1477 4312 1590 4374 τοῖς
1642 4313 1760 4366 ἐκεῖ
1794 4311 1891 4384 τὴν

2074 3947 2126 4002 '5.
2169 3945 2325 4013 Quod
2380 3954 2561 4001 autem
2594 3946 2788 4000 attinet
2823 3943 2890 3998 ad
2926 3940 3226 3998 Ecclesiam
3268 3939 3567 3997 Antioche.

1992 4053 2143 4103 nam,
2176 4038 2321 4090 illam
2358 4036 2504 4099 dico,
2536 4051 2659 4106 qua:
2682 4035 2735 4088 in
2764 4032 2955 4087 eadem
2983 4031 3233 4087 doctrina
3267 4031 3567 4097 consentit,

1993 4127 2257 4197 largiatur
2287 4125 2585 4197 aliquando
2629 4123 2893 4179 Dominus
2938 4130 3000 4176 ut
3023 4120 3187 4194 394
3226 4135 3346 4176 eam
3385 4120 3571 4176 videa-~

1994 4234 2117 4274 inus
2133 4219 2512 4288 conjunctam,
2534 4215 2848 4274 Periculum
2870 4213 3017 4269 enim
3037 4220 3141 4278 cst,
3167 4228 3237 4268 ne
3258 4213 3378 4284 ipsa
3396 4211 3570 4266 maxi-

1995 4323 2081 4364 me
2114 4316 2299 4380 pateat
2330 4308 2552 4365 insidiis
2584 4306 2815 4374 inimici,
2863 4305 2969 4376 qui
3003 4304 3061 4361 ei
3096 4311 3412 4370 succenset,
3437 4301 3569 4374 quia

388 4461 499 4537 (99)
540 4463 903 4537 Παρέλαθεν.
936 4464 1079 4520 Editi
1125 4466 1463 4537 praemittunt
1512 4468 1593 4521 οὐ.
1640 4466 1743 4522 Sed
1778 4468 1893 4524 haec
1923 4429 1972 4489 Β
1997 4465 2389 4534 simpliciorum
2418 4466 2583 4521 animi
2610 4466 2792 4537 (novis
2827 4466 2991 4522 rebus
3036 4466 3101 4537 in,
3139 4464 3440 4537 symbolum
3479 4464 3569 4518 in-

313 4534 534 4609 negatio
557 4534 751 4609 melius
796 4537 949 4609 a_best
977 4551 1008 4589 a
1034 4536 1316 4609 codicibus
1338 4536 1501 4604 Med.,
1531 4537 1662 4609 Reg.
1692 4540 1890 4609 primo,

311 4603 486 4677 Coisl.
511 4605 799 4677 _secundo,_
817 4604 991 4677 Paris.
1026 4614 1080 4661 et
1109 4605 1284 4677 Bigot.

364 4672 465 4755 ~(l)
510 4674 861 4743 Ἀγαπητῶς.
900 4675 975 4731 lta
1025 4672 1423 4732 mssfnovem.
1458 4675 1599 4731 Editi
1624 4678 1895 4748 ἀγαπητι-

314 4760 428 4805 κως
436 4785 447 4797 .

388 4815 465 4883 (2)
517 4816 906 4888 Ἰννοκεντίφ.
943 4814 1115 4888 Coisl.
1155 4823 1405 4888 uterque,
1457 4815 1631 4881 Harl.,
1665 4817 1803 4872 Med.
1839 4827 1894 4875 et

313 4881 458 4958 Reg.
488 4886 763 4958 secundus
812 4886 1126 4958 Ἰνοκεντίῳ.

392 4955 468 5027 (3)
514 4957 590 5011 Τὰ
641 4954 1298 5027 δρ-γπροσυφίιιιλόμενα.
1330 4956 1485 5025 Quod
1518 4957 1599 5027 ait
1639 4956 1891 5024 Basilius,

319 5023 408 5077 se
439 5023 642 5081 attexta
688 5023 920 5081 Nicaante
953 5023 1094 5082 ‘fldei
1122 5023 1373 5096 dogmata
1417 5029 1485 5083 de
1517 5023 1895 5084 lncarnatione

319 5108 433 5168 nec
445 5099 810 5168 examinasse,
846 5112 959 5168 nec
989 5099 1282 5168 recepisse,
1313 5098 1366 5152 id
1399 5098 1468 5153 de
1497 5098 1617 5167 ipso
1645 5098 1896 5168 dogmate

322 5166 499 5238 accipi
525 5181 633 5220 non
647 5165 839 5238 debet,
871 5166 965 5238 sed
997 5165 1064 5238 de
1105 5165 1268 5222 modo
1306 5165 1682 5238 dogmatisita
1714 5165 1896 5238 expri-

323 5237 527 5293 mendi.
560 5244 621 5307 ut
646 5236 887 5291 haeretici
912 5236 1132 5292 eludere
1153 5253 1261 5292 non
1292 5236 1521 5307 possint.
1552 5236 1687 5291 Nam
1714 5236 1894 5307 ipsum

322 5306 546 5378 quidem
591 5305 787 5377 dogma
831 5307 1136 5378 certissime
1180 5305 1396 5363 tenebat
1430 5308 1683 5378 Basilius,
1720 5305 1896 5378 neque

326 5374 393 5426 ad
418 5391 538 5431 eam
583 5374 696 5430 rem
740 5391 878 5445 opus
908 5376 1139 5431 habebat
1172 5379 1441 5432 examine.
1475 5376 1581 5432 Sed
1606 5392 1729 5431 cum
1756 5374 1896 5432 non-

320 5447 460 5517 nulli
490 5446 738 5517 formulae
783 5445 1017 5502 Nicaenaa
1047 5447 1252 5517 aliquid
1279 5447 1347 5503 de
1378 5447 1759 5517 incarnatione
1802 5448 1899 5503 ad-

321 5514 517 5571 derent
537 5516 604 5571 ad
638 5518 1077 5587 comprimendos
1092 5514 1541 5586 Apollinaristas;
1582 5516 1637 5571 id
1663 5517 1895 5574 Basilius

320 5586 905 5658 necﬂexaminaverat,
937 5602 1040 5658 nec
1080 5596 1379 5658 receperat,
1421 5595 1547 5658 tum,
1575 5587 1704 5658 quia
1732 5587 1895 5646 altius

322 5656 680 5727 intelligentia
726 5673 824 5712 sua
855 5672 975 5714 esse
1009 5656 1274 5728 ducebat;
1307 5663 1420 5728 tum
1460 5656 1898 5728 quiafmetuebat

322 5743 394 5784 ne
442 5728 605 5784 tinem
664 5742 771 5783 non
821 5727 1083 5784 haberent
1111 5727 1377 5799 ejusmodi
1427 5727 1788 5801 quaestiones,
1830 5743 1893 5784 ac

1995 4537 2176 4592 ductis
2204 4538 2549 4591 laederentur.
2577 4536 2798 4591 Minime
2818 4545 2998 4592 autem
3032 4534 3253 4599 mirum,
3278 4534 3348 4599 si,
3379 4548 3571 4604 quam-

1994 4608 2077 4678 vis
2098 4605 2357 4678 Basilium
2386 4623 2545 4665 nemo
2566 4606 2901 4678 intelligendi
2935 4614 2990 4660 et
3016 4604 3327 4678 explicandi
3347 4604 3574 4674 dogma-

1994 4677 2067 4748 t_is
2110 4676 2254 4733 dono
2297 4686 2605 4748 superaret,
2645 4674 2869 4748 suarum
2916 4674 3102 4730 tamen
3131 4674 3429 4748 viriut_n_a_c
3460 4689 3572 4727 sua:

1996 4745 2272 4818 facultatis
2319 4742 2441 4803 esse
2496 4763 2606 4801 non
2655 4747 2899 4818 putabat,
2941 4754 3143 4818 attexta
3185 4743 3310 4818 fidei
3342 4742 3574 4818 Nitamur:

1994 4816 2485 4892 deulncarnatione
2520 4814 3173 4892 dogniataﬁxaminaren
3208 4814 3390 4892 Longe
3425 4816 3571 4892 enim

1995 4886 2372 4942 difficillimum
2406 4882 2623 4944 sciebat
2639 4902 2763 4944 esse
2784 4885 3071 4940 formulam
3104 4882 3229 4938 fidei
3259 4882 3347 4938 ita'
3368 4883 3575 4940 consti-

1997 4965 2187 5030 tuere,
2207 4966 2300 5024 ut,
2322 4958 2467 5027 quod
2495 4958 2731 5030 omnino
2749 4955 3116 5030 necessarium
3147 4968 3268 5008 esse
3295 4952 3574 5030 ad_leg_i_ti.:

1997 5042 2138 5080 mam
2164 5020 2451 5083 formulam
2483 5027 2644 5083 docet
2677 5027 2773 5081 lib.
2807 5026 2904 5079 riu
2936 5023 3261 5093 Eunom.,p.
3292 5020 3573 5093 213,1i_i_liil

1996 5097 2045 5151 ei
2076 5098 2248 5160 desit,
2287 5105 2341 5154 et
2374 5097 2753 5152 haereticorum
2788 5110 2891 5149 usu
2947 5093 3047 5148 teri
3082 5088 3432 5163 pon'possit.
3464 5088 3573 5163 Nec

1996 5181 2122 5223 eum
2158 5169 2356 5223 latebat
2396 5169 2545 5238 ipsos
2572 5169 2754 5238 etiam
2802 5160 3271 5238 NicaanoszPatres
3304 5160 3571 5220 forniulw,

2038 5252 2162 5292 nam
2213 5232 2825 5308 primo-condiderant,
2871 5232 3075 5308 aliquid
3121 5233 3574 5308 addere__coactos

2038 5252 2162 5292 nam
2213 5254 2393 5308 primo
2444 5252 2822 5299 condiderant,
2871 5252 3075 5303 anqqu
3121 5252 3320 5287 audere
3352 5252 3574 5286 coactus

1997 5252 2189 5373 ﬁnisse,
2215 5308 2679 5378 postquamillam
2714 5306 2789 5369 ab,
2812 5304 3192 5366 haereticorum
3218 5302 3444 5357 auribus
3464 5313 3575 5357 nor.

1997 5377 2294 5433 abhorrere
2316 5377 2835 5432 animadverterunt.

2069 5447 2147 5516 (4‘)
2176 5448 2326 5500 Οὔτε
2349 5464 2425 5500 τι.
2460 5445 2552 5501 Sic
2579 5461 2769 5516 omnes
2792 5460 2923 5516 mss.
2960 5442 3110 5516 AEdi_li
3129 5439 3335 5516 οὐκέτι.

2185 5516 2706 5590 Παραταρᾴξομεν.
2732 5514 2809 5569 Ita
2845 5513 3021 5590 Ποῖ-1.,
3054 5512 3185 5590 Reg.
3210 5512 3439 5590 primus,
3465 5507 3576 5590 Ἰξί-

2070 5535 2148 5588 (0)
2185 5535 2706 5640 ιιιξαταραςομεν.
2732 5535 2809 5569 ua
2851 5535 3021 5579 natm,
3054 5535 3185 5582 neg.
3210 5535 3439 5585 prunus,
3472 5535 3573 5590 ιῖᾱ-

1999 5588 2096 5645 ris.
2150 5595 2253 5658 et,
2302 5589 2434 5658 igot.
2459 5586 2680 5655 Legitur
2722 5583 3031 5658 τερα-ἐσμεν
3086 5585 3143 5658 in
3192 5582 3374 5658 tribus
3429 5579 3573 5643 aliis,

1998 5673 2195 5731 nempe
2217 5650 2384 5715 Coisl.
2412 5650 2642 5731 utroque
2667 5663 2722 5714 et
2742 5650 2913 5731 Regio
2934 5650 3202 5711 secundo.
3234 5650 3378 5710 Editi
3397 5665 3580 5723 παρα.-

2000 5727 2249 5800 τάξομεν.
