3878 6222
350 283 447 340 951
1701 290 1760 346 5.
1801 289 2047 347 BASILII
2086 289 2301 347 MAGNI
3515 294 3617 349 952

346 394 460 453 illic
506 396 745 467 primum
771 395 1218 454 Christianorum
1246 400 1421 470 viguit
1470 401 1791 471 appellatio.
1847 404 1915 457 Δ(

2031 404 2139 460 τῶν
2169 406 2516 476 Χριστιανῶν
2540 407 2911 479 προσηγορίαν
2952 407 3477 479 ἐμπολιτεύσασθαι.
3508 412 3617 466 Καὶ

344 493 519 545 scissa
547 489 766 559 quidem
790 501 874 545 est
895 492 1120 547 haeresis
1140 502 1331 547 contra
1356 502 1561 548 rectam
1590 493 1915 562 doctrinam,

2028 497 2294 569 τέτμηται
2323 498 2423 569 μὲν
2448 499 2481 569 ἡ
2515 499 2726 571 αἵρεσις
2754 500 2894 572 πρὸς
2920 500 3017 571 τὴν
3036 498 3372 571 ὀρθοδοξίαν·
3409 502 3616 575 τέτμη-

343 586 519 639 scissa
546 581 711 636 etiam
735 593 790 639 et
818 587 936 654 ipsa
965 593 1158 639 contra
1189 600 1249 639 se
1288 595 1438 640 recta
1482 585 1636 642 ﬁdes.
1672 585 1785 641 Nos
1824 603 1915 641 au-

2028 600 2114 636 ται
2160 584 2218 636 δέ
2275 584 2369 637 καὶ
2420 584 2558 655 αὑτὴ
2611 585 2748 655 πρὸς
2786 586 2983 656 ἐαυτὴν
3032 587 3064 656 ἡ
3116 585 3367 654 ὀρθότης.
3427 585 3615 655 Ἡμεῖς

341 688 477 742 tem,
517 678 650 749 quia
680 676 777 747 qui
811 677 962 747 prior
1005 676 1292 732 veritatem
1332 678 1506 732 libere
1555 676 1833 743 defendit,
1869 688 1915 734 et

2028 672 2099 739 δὲ,
2131 673 2318 745 ἐπειδὴ
2349 674 2443 727 καὶ
2471 676 2500 727 6
2526 673 2743 746 πρῶτος
2767 674 3285 747 παρρησιασάμενος
3325 673 3475 744 ὑπὲρ
3521 675 3617 745 τῆς

340 769 548 824 bonum
592 766 726 821 illud
779 776 1055 822 certamen
1093 768 1421 823 Constantio
1461 769 1767 840 imperante
1804 787 1915 828 cer-

2028 762 2317 835 άληθείας,
2359 764 2454 818 καὶ
2496 765 2589 818 τὸν
2639 765 2803 819 καλὸν
2851 766 3057 819 ἐκεῖνον
3094 765 3394 837 διαθλήσας
3426 766 3615 835 ἀγῶνα

342 858 501 921 lavit,
551 856 800 911 Meletius
830 863 915 911 est
948 857 1439 915 reverendissimus
1484 861 1816 931 episcopus;
1867 871 1915 919 et

2028 857 2118 909 ἐπὶ
2147 857 2255 911 τῶν
2287 856 2496 930 καιρῶν
2546 857 2949 922 Κωνσταντίου,
2990 860 3019 910 6
3050 858 3484 928 αίδεσιμώτατος
3512 860 3620 912 Με-

340 953 471 1022 quia
501 968 625 1007 eum
672 950 865 1005 habuit
919 950 1164 1008 Ecclesia
1203 968 1325 1007 mea
1358 956 1916 1020 communicatorem,

340 1058 675 1114 magnOpere
707 1059 832 1098 eum
873 1042 1109 1113 diligens
1137 1044 1207 1098 ob
1249 1044 1448 1100 fortem
1492 1047 1641 1101 illam
1681 1063 1744 1102 ac
1777 1050 1919 1104 invi-

341 1141 485 1188 ctam
517 1133 958 1200 dimicationem,
998 1132 1205 1189 idcirco
1240 1135 1504 1191 habemus
1536 1137 1689 1192 illum
1733 1138 1920 1193 hacte-

339 1237 477 1291 nus,
513 1221 625 1279 Deo
651 1223 941 1294 largiente,
970 1225 1498 1282 communicatorem
1522 1267 1536 1289 ,
1563 1235 1618 1282 et
1659 1237 1835 1293 certe,
1870 1231 1917 1286 si

339 1314 488 1370 Deus
507 1315 766 1382 voluerit,
790 1316 1134 1371 habebimus.
1159 1316 1293 1371 Nam
1316 1328 1371 1373 et
1404 1318 1754 1375 beatissimus
1776 1336 1917 1391 papa

339 1408 717 1471 Athanasius,
770 1424 896 1463 cum
945 1409 1336 1464 Alexandriam
1381 1411 1645 1474 venisset,
1690 1412 1917 1468 omnino

339 1500 585 1569 Optabat,
617 1510 676 1553 ut
705 1500 809 1555 sibi
837 1516 962 1554 cum
993 1501 1113 1571 ipso
1144 1503 1461 1559 communio
1484 1504 1911 1573 conciliaretur;

340 1591 438 1644 sed
491 1592 701 1644 malitia
735 1592 1181 1647 consiliariorum
1222 1594 1278 1647 in
1320 1595 1467 1649 aliud
1497 1604 1716 1668 tempus
1746 1598 1912 1653 dilata

340 1698 531 1738 eorum
572 1683 894 1753 conjunctio
948 1704 961 1739 :
1006 1685 1153 1756 quod
1202 1686 1409 1742 utinam
1453 1703 1560 1743 non
1593 1692 1908 1746 evenisset!

2020 948 2195 1012 λέτιός
2238 950 2386 1003 ἐστιν
2434 952 2463 1004 ὁ
2507 950 2830 1016 ἐπίσκοπος,
2867 950 2962 1003 καὶ
3012 949 3170 1019 ἔσχεν
3221 949 3388 1003 αὐτὸν
3420 953 3456 1021 ἡ
3506 950 3616 1020 ἐμὴ

2036 1041 2337 1113 Ἐκκλησία
2390 1041 2726 1108 κοινωνικὸν,
2774 1042 3254 1112 ὑπεραγαπήσασα
3306 1041 3477 1093 αὑτὸν
3531 1040 3620 1093 διὰ

2021 1131 2119 1203 τὴν
2151 1131 2427 1204 καρτερὰν
2461 1133 2678 1205 ἐκείνην
2731 1133 2825 1186 καὶ
2878 1132 3155 1187 ἀνένδοτον
3190 1132 3475 1186 ἔνστασινσ
3507 1131 3621 1201 ἐχο-

2024 1239 2122 1291 μεν
2163 1222 2238 1293 (6)
2301 1222 2462 1277 αὐτὸν
2522 1223 2837 1277 κοινωνικὸν
2895 1225 3057 1296 μέχρι
3107 1224 3202 1278 τοῦ
3253 1225 3350 1279 νῦν
3398 1228 3469 1295 τῇ
3521 1224 3617 1277 τοῦ

2020 1315 2154 1367 Θεοῦ
2179 1315 2398 1387 χάριτι,
2422 1316 2517 1371 καὶ
2534 1316 2734 1389 ’ἐξομέν
2759 1334 2822 1386 γε
2848 1356 2863 1380 ,
2900 1319 2994 1370 ἐὰν
3030 1320 3059 1370 6
3087 1316 3221 1380 Θεὸς
3261 1316 3417 1388 θέλῃ.
3463 1318 3619 1371 Ἐπεὶ

2018 1406 2113 1458 καὶ
2161 1408 2190 1459 ὁ
2235 1408 2658 1478 μακαριώτατος
2710 1408 2900 1471 πάπας
2959 1408 3275 1472 Ἀθανάσιος
3309 1447 3327 1475 ,
3383 1409 3618 1473 ἐπιστὰς

2018 1496 2126 1548 ἀπὸ
2185 1496 2631 1571 Ἀλεξανδρείας,
2676 1497 2817 1552 πάνυ
2849 1498 3102 1551 ἐϐούλετο
3144 1499 3295 1569 αὐτῷ
3333 1500 3437 1570 τὴν
3476 1501 3617 1571 πρὸς

2017 1587 2179 1641 αὐτὸν
2213 1589 2497 1643 κοινωνίαν
2543 1590 2994 1661 καταπραχθῆναι
3023 1604 3038 1618 ’
3070 1589 3208 1643 ἀλλὰ
3258 1589 3436 1660 κακίᾳ
3483 1606 3618 1661 συμμ-

2018 1679 2224 1735 6ούλων
2261 1684 2342 1747 είς
2374 1683 2559 1754 ἕτερον
2595 1682 2785 1756 καιρὸν
2839 1682 3142 1755 ὑπερετέθη
3188 1681 3370 1735 αὐτῶν
3415 1684 3452 1753 ἡ
3498 1699 3620 1734 συν-

338 1774 558 1831 Nullius
583 1786 761 1832 autem
791 1794 859 1832 ex
884 1776 991 1841 his,
1029 1779 1124 1848 qui
1155 1788 1346 1849 postea
1384 1781 1740 1847 introierunt,
1773 1799 1915 1838 com-

2028 1772 2201 1841 άφεια·
2236 1774 2311 1839 ῶς
2350 1777 2452 1828 οὐκ
2484 1774 2709 1843 ῶφειλεῐ
2791 1775 2914 1829 Τῶν
2946 1774 3003 1827 δὲ
3041 1774 3346 1828 τελευταῖον
3377 1774 3621 1828 ἐπεισελ-

340 1869 657 1925 munionem
717 1884 960 1941 unquam
1022 1870 1346 1927 admisimus
1395 1894 1407 1928 :
1448 1891 1556 1929 non
1617 1878 1760 1947 quod
1822 1894 1918 1935 eos

224 2001 238 2006 -
338 1961 653 2030 iudicemus
684 1963 973 2034 indignos,
1027 1965 1123 2019 sed
1165 1964 1314 2035 quod
1375 1968 1512 2021 nihil
1572 1969 1915 2038 habeamus,

344 2053 490 2108 unde
521 2054 667 2108 hunc
700 2055 1155 2112 condemnemus.
1188 2057 1352 2128 Atqui
1383 2059 1554 2114 multa
1579 2061 1801 2130 quidem
1823 2077 1919 2117 au-

342 2143 579 2196 divimus
609 2158 640 2196 a
668 2142 952 2211 fratribus,
976 2145 1071 2199 sed
1098 2144 1259 2200 iidem
1301 2162 1411 2201 non
1444 2147 1819 2215 adhibuimus,
1851 2167 1918 2206 eo

341 2234 487 2303 quod
517 2249 703 2288 coram
749 2237 1170 2293 accusatoribus
1220 2254 1332 2293 non
1381 2248 1592 2295 starent
1633 2244 1914 2303 accusati.

340 2325 488 2379 sicut
513 2326 779 2396 scriptum
810 2336 895 2382 est
922 2347 935 2382 :
981 2327 1089 2382 Lea;
1120 2339 1307 2385 nostra
1356 2348 1460 2386 non
1480 2332 1695 2401 judicat
1747 2334 1920 2389 homi-

318 2432 483 2484 ,πείνῃ
511 2415 617 2470 nisi
644 2418 797 2486 prius
826 2436 944 2473 eum
973 2421 1204 2476 audierit
1230 2432 1280 2476 et
1306 2425 1507 2478 noverit
1537 2428 1666 2495 quid
1685 2427 1853 2495 faciat
1872 2428 1915 2485 '.

340 2510 524 2575 Quare
550 2511 792 2565 nondum
830 2528 1149 2583 possumus,
1176 2516 1347 2571 frater
1382 2519 1801 2585 colendissime,
1828 2522 1920 2575 lit-

338 2609 490 2656 teras
532 2602 599 2656 ad
644 2603 769 2658 illos
807 2604 959 2670 dare,
998 2622 1178 2677 neque
1225 2608 1293 2663 ad
1336 2608 1440 2663 hoc
1473 2613 1592 2681 COgi
1629 2612 1914 2667 debemus.

339 2692 478 2747 illud
503 2703 684 2751 autem
707 2696 935 2765 pacifica
966 2707 1060 2753 tuo
1089 2700 1273 2754 animo
1307 2700 1533 2772 dignum
1567 2702 1752 2767 fuerit,
1784 2721 1914 2770 non,

340 2802 511 2842 unum
552 2790 774 2862 quidem
812 2791 1149 2863 conjungere
1170 2833 1184 2858 ,
1234 2795 1383 2849 aliud
1410 2812 1538 2851 vero
1568 2798 1881 2870 disjungere
1901 2840 1916 2866 ,

341 2878 439 2933 sed
474 2880 541 2934 ad
571 2895 689 2935 eam
735 2881 1204 2950 conjunctionem,
1232 2901 1355 2955 quae
1394 2889 1545 2956 prior
1580 2891 1807 2953 exstitit,
1853 2908 1917 2947 ea

339 2988 464 3041 quae
504 2984 634 3028 sunt
675 2976 1257 3046 separata-reducere.
1290 2977 1637 3051 Quapropter
1677 2984 1914 3052 primum

340 3063 560 3133 quidem
597 3079 855 3134 precare,
896 3066 1096 3122 deinde
1112 3070 1284 3123 iétiam
1305 3108 1321 3133 ,
1353 3079 1622 3139 quantum
1657 3072 1712 3127 in
1759 3083 1811 3129 te
1842 3078 1918 3130 si—
1945 3107 1987 3165 ο

340 3162 457 3209 tum
496 3155 624 3219 erit,
659 3157 972 3222 exhortare,
1016 3165 1077 3213 ut
1112 3160 1357 3230 projecta
1396 3178 1462 3217 ex
1502 3165 1702 3220 animis
1735 3168 1916 3221 ambi-

338 3249 509 3311 tione,
538 3255 653 3303 tum
679 3250 747 3304 ad
776 3250 944 3305 robur
969 3252 1227 3308 Ecclesiae
1263 3256 1687 3322 restituendum,
1713 3262 1918 3315 tum'ad

340 3341 813 3411 comprimendum
865 3344 1214 3400 inimicorum
1262 3347 1504 3402 furorem
1560 3350 1703 3404 inter
1734 3368 1793 3407 se
1832 3369 1919 3409 re-

340 3432 725 3490 concilientur.
758 3432 928 3491 V'alde
963 3444 1147 3492 autem
1193 3454 1374 3493 meum
1408 3440 1544 3495 illud
1587 3444 1753 3497 etiam
1799 3446 1919 3499 ani-

340 3538 493 3577 mum
532 3526 837 3591 recreavit,
879 3527 1026 3597 quod
1070 3527 1350 3600 diligentia
1391 3538 1483 3584 tua
1518 3533 1734 3589 caeteris
1780 3551 1919 3605 prte-

339 3615 488 3671 clare
525 3623 580 3672 et
613 3625 869 3675 accurate
891 3622 1143 3676 tractatis
1167 3622 1387 3692 adjecit,
1416 3632 1526 3680 tres
1549 3642 1775 3682 necesse
1797 3646 1919 3685 esse

340 3704 667 3776 hypostases
714 3708 985 3765 confiteri.
1034 3711 1380 3783 Quapropter
1430 3715 1536 3771 hoc
1581 3718 1744 3771 etiam
1789 3733 1820 3772 a
1866 3728 1919 3775 te

339 3794 540 3850 fratres
591 3797 923 3855 Antiocheni
968 3801 1304 3859 edoceantur
1352 3823 1367 3859 :
1421 3806 1672 3876 profecto
1730 3820 1918 3865 autem

333 3889 449 3960 jam
479 3890 658 3946 edocti
700 3905 848 3949 sunt.
884 3893 1021 3949 Nam
1057 3898 1178 3953 sine
1207 3897 1375 3954 dubio
1406 3915 1595 3956 eorum
1630 3904 1918 3973 amplexus

338 3998 451 4037 non
488 4001 643 4042 esses
674 3991 1116 4047 communionem
1139 4031 1154 4057 ,
1192 3992 1298 4048 nisi
1326 3995 1561 4051 maxime
1598 3995 1693 4050 tibi
1719 3995 1785 4052 dc
1814 3997 1919 4053 hoc

340 4075 520 4145 capite
546 4086 771 4133 cautum
805 4089 970 4137 esset.

414 4255 468 4311 4.
525 4254 669 4312 Gens
714 4265 896 4313 autem
947 4257 1347 4331 Magusazorum
1392 4264 1467 4335 (id
1522 4267 1668 4337 quod
1724 4267 1917 4323 alteris

339 4348 478 4403 mihi
522 4349 719 4404 litteris
770 4350 1019 4408 indicare
1059 4365 1320 4424 gravatus
1366 4372 1475 4412 non
1521 4359 1605 4428 es)
1655 4361 1919 4431 frequens

2021 1864 2223 1920 θόντων
2266 1868 2479 1932 οὐδενὸς
2512 1868 2727 1922 οὐδέπω
2765 1867 2863 1940 τὴν
2915 1869 3202 1921 κοινωνίαν
3261 1868 3621 1939 προσηκάμε-

2021 1957 2088 2011 θα
2118 1976 2131 1989 ⁸
2174 1961 2276 2013 οὐκ
2326 1961 2569 2025 ἐκείνους
2605 1961 2886 2033 κρίνοντες
2930 1960 3219 2027 ἀναξίους,
3270 1960 3411 2013 ἀλλὰ
3453 1960 3620 2031 μηδὲν

2019 2050 2235 2121 ἔχοντες
2284 2051 2473 2105 τούτου
2532 2051 2991 2122 καταγινώσκειν.
3049 2053 3247 2106 Καίτοι
3296 2053 3476 2107 πολλὰ
3518 2054 3619 2125 μὲν

2019 2143 2335 2215 ἠκούσαμεν
2373 2144 2503 2213 περὶ
2556 2143 2667 2197 τῶν
2715 2144 2961 2213 ἀδελφῶν
2987 2185 3003 2208 ,
3039 2143 3154 2197 ἀλλ’
3205 2145 3267 2197 οὐ
3328 2146 3617 2216 προσηκά-

2022 2235 2201 2307 μεθα,
2254 2235 2343 2290 διὰ
2386 2237 2447 2289 τὸ
2483 2235 2559 2307 μὴ
2609 2236 3071 2307 ἀντικαταστῆναι
3117 2239 3230 2299 τοῖς
3283 2236 3619 2307 κατηγόροις

2017 2329 2144 2392 τοὺς
2193 2328 2630 2398 ἐγκαλουμένους
2660 2327 2805 2381 κατὰ
2846 2327 2908 2380 16
2960 2327 3379 2400 γεγραμμένον,
3409 2329 3495 2381 ὅτι
3519 2326 3618 2397 Μὴ

2019 2422 2052 2473 ό
2090 2420 2275 2489 νόμος
2307 2419 2479 2488 ἡμῶν
2508 2420 2699 2488 κρίνει
2730 2419 2807 2491 (7)
2861 2418 2971 2472 τὸν
3006 2419 3359 2487 ἄνθρωπον,
3390 2419 3502 2473 ἐὰν
3528 2419 3615 2489 μὴ

2020 2511 2256 2580 πρῶτον
2287 2511 2478 2566 αὐτοῦ
2510 2513 2782 2580 ἀκούσῃ,
2830 2512 2931 2566 καὶ
2971 2512 3094 2581 γνῷ
3137 2513 3197 2565 τί
3241 2512 3420 2566 ποιεῖ.
3452 2512 3616 2567 Ὥστε

2018 2602 2172 2656 οὔπω
2208 2603 2484 2673 δυνάμεθα
2524 2604 2708 2667 αὐτοῖς
2741 2604 3077 2657 ἐπιστέλλειν
3098 2645 3113 2669 ,
3142 2603 3448 2675 τιμιώτατε
3473 2604 3619 2657 ἀδελο

2020 2696 2087 2764 φέ
2106 2736 2121 2759 ,
2162 2694 2287 2748 οὔτε
2315 2694 2724 2763 ἀναγκάζεσθαι
2757 2696 2837 2759 είς
2860 2695 3019 2749 τοῦτο
3046 2695 3360 2767 ὀφείλομεν.
3396 2695 3615 2766 Πρέπον

2018 2787 2062 2840 δ’
2092 2786 2158 2840 ἂν
2182 2788 2266 2858 εἴη
2298 2790 2365 2859 τῇ
2406 2791 2654 2859 εἰρηνικῇ
2706 2805 2799 2841 σου
2838 2788 3096 2858 προθέσει
3129 2787 3202 2858 μὴ
3246 2787 3309 2841 τὸ
3345 2788 3447 2857 μὲν
3489 2804 3613 2840 συν-

2020 2878 2234 2942 άπτειν,
2274 2879 2335 2932 16
2364 2879 2419 2931 δὲ
2460 2879 2716 2951 διασπᾷν,
2750 2879 2886 2933 ἀλλὰ
2914 2881 2981 2950 τῇ
3010 2878 3450 2952 προῦπαρχούσῃ
3478 2877 3611 2932 ἐνώ-

2021 2988 2102 3024 σει
2161 2973 2230 3025 τὰ
2270 2972 2651 3043 κεχωρισμένα
2682 2974 3003 3044 προσάγειν.
3042 2974 3205 3025 Ὥστε
3248 2971 3467 3044 πρῶτον
3516 2971 3615 3043 μὲν

2021 3060 2213 3127 εὖξαι,
2244 3062 2434 3117 ἔπειτα
2476 3064 2598 3126 καὶ,
2635 3064 2734 3134 ὅση
2772 3063 3003 3134 δύναμις
3027 3105 3041 3130 ,
3076 3052 3464 3136 παρακάλεσον
3489 3107 3503 3132 ,
3535 3066 3616 3137 ρί-

2023 3152 2232 3223 ψαντας
2269 3155 2468 3218 αὐτοὺς
2516 3155 2580 3206 ἐκ
2631 3153 2738 3208 τῶν
2789 3154 2976 3226 ψυχῶν
3028 3155 3089 3208 16
3137 3156 3420 3227 φιλότιμον
3451 3198 3467 3224 ,
3521 3158 3613 3210 καὶ

2026 3245 2167 3317 ὑπὲρ
2203 3246 2295 3298 τοῦ
2347 3244 2637 3299 ἀποδοῦναι
2687 3245 2786 3316 τὴν
2835 3247 2989 3316 ίσχὺν
3032 3250 3098 3319 τῇ
3139 3248 3445 3319 Ἐκκλησία
3473 3289 3487 3314 ,
3521 3249 3613 3302 καὶ

2025 3338 2273 3392 καθελεῖν
2304 3337 2364 3390 16
2403 3337 2668 3410 φρύαγμα
2697 3337 2806 3390 τῶν
2836 3338 3066 3410 ἐχθρῶν,
3112 3340 3389 3411 συμϐῆναι
3420 3342 3614 3405 αὐτοὺς

2026 3428 2164 3498 πρὸς
2192 3426 2478 3498 ἀλλήλους.
2522 3426 2744 3490 Ἱκανῶς
2778 3427 2835 3479 δέ
2890 3446 2991 3498 μου
3042 3429 3262 3482 κάκεῖνο
3298 3429 3401 3500 τὴν
3440 3428 3613 3499 ψυχὴν

2026 3520 2372 3592 παρεκάλεσε
2395 3562 2410 3586 ,
2445 3520 2505 3574 τὸ
2546 3520 2843 3591 προστεθὲν
2877 3521 3032 3592 παρὰ
3074 3522 3173 3591 τῆς
3204 3521 3303 3591 σῆς
3330 3522 3613 3594 ἀκριϐείας

2025 3617 2138 3679 τοῖς
2180 3614 2386 3677 λοιποῖς
2429 3612 2611 3676 καλῶς
2659 3614 2754 3666 καὶ
2810 3613 3056 3685 ἀκριϐῶς
3101 3612 3476 3685 θεολογηθεῖσι
3503 3634 3516 3645 ·
3556 3615 3612 3669 τὸ

2024 3708 2175 3778 τρεῖς
2223 3706 2523 3772 ἀναγκαῖον
2585 3698 2723 3756 εἶναι
2783 3703 2883 3767 τὰς
2930 3704 3260 3767 ὑποστάσεις
3305 3704 3607 3775 ὁμολογεῖν.

2027 3797 2189 3850 Ὥστε
2225 3793 2384 3849 τοῦτο
2418 3797 2512 3849 καὶ
2563 3796 2613 3848 οἱ
2647 3795 2789 3849 κατὰ
2839 3797 3170 3866 Ἀντιόχειαν
3218 3797 3443 3866 ἀδελφοὶ
3468 3798 3608 3852 διδα-

2026 3885 2343 3940 σκὲσοωσαν
2398 3884 2548 3957 παρὰ
2586 3885 2681 3938 σοῦ
2709 3901 2722 3915 ’
2759 3885 2977 3949 πάντως
3026 3885 3082 3939 δέ
3139 3904 3242 3939 που
3294 3887 3393 3940 καὶ
3439 3887 3609 3941 ἐδιδά-

2024 3980 2258 4052 χθησαν.
2291 3980 2364 4032 Οὐ
2397 3979 2507 4051 γὰρ
2540 3977 2606 4032 ἂν
2629 3978 2773 4032 εἵλου
2815 3979 2890 4051 (8)
2925 3978 3170 4048 δηλονότι
3196 3977 3296 4050 τὴν
3340 3980 3481 4051 πρὸς
3512 3981 3610 4033 αὖα

2023 4075 2149 4138 τοὺς
2179 4073 2465 4127 κοινωνίαν
2491 4114 2505 4140 ,
2553 4072 2628 4145 μὴ
2667 4073 2824 4127 τοῦτο
2854 4073 3032 4127 αὐτῶν
3066 4073 3304 4145 μάλιστα
3343 4073 3405 4127 16
3449 4074 3608 4146 μέρος

2025 4166 2494 4237 ἀσφαλισάμενος.

2095 4279 2148 4333 4.
2173 4279 2245 4332 Τὸ
2273 4278 2331 4332 δέ
2354 4278 2464 4332 τῶν
2488 4278 2855 4346 Μαγουσαίων
2880 4277 3031 4341 ἐθνος
3067 4277 3226 4349 (ὅπερ
3254 4279 3347 4332 διὰ
3370 4281 3470 4352 τῆς
3500 4278 3611 4333 ἐτέ-

2028 4389 2127 4444 ρας
2164 4370 2455 4439 ἐπιστολῆς
2491 4369 2732 4439 σημῆναι
2769 4368 2844 4439 (9)
2882 4371 3012 4440 ἡμῖν
3055 4370 3431 4441 κατηξίωσας)
3480 4372 3608 4426 πολύ

340 4448 427 4495 est
474 4441 619 4511 apud
657 4456 781 4505 nos,
814 4459 913 4513 per
953 4459 1145 4502 omnes
1186 4446 1300 4503 fere
1333 4463 1499 4520 agros
1525 4467 1737 4521 sparsa,
1765 4456 1915 4509 colo-

2028 4465 2136 4517 ἐστι
2176 4462 2308 4532 παρ’
2344 4463 2475 4532 ἡμῖν
2515 4461 2658 4515 κατὰ
2697 4463 2877 4515 πᾶσαν
2933 4461 3118 4531 σχεδὸν
3163 4462 3263 4532 τὴν
3316 4462 3503 4535 χώραν
3537 4464 3611 4517 δι-

339 4532 454 4587 niis
491 4532 600 4586 huc
638 4532 969 4603 jampridem
1010 4534 1288 4608 Babylone
1317 4538 1591 4597 adductis.
1637 4540 1705 4596 Hi
1754 4551 1918 4598 utun-

337 4633 433 4681 tur
474 4627 723 4682 moribus
769 4627 1144 4697 peculiaribus
1196 4646 1210 4682 :
1249 4632 1398 4686 nulla
1439 4633 1575 4703 ipsis
1621 4649 1745 4689 cum
1784 4636 1915 4690 reli-

338 4720 466 4790 quis
532 4721 848 4776 hominibus
907 4723 1181 4789 societas,
1243 4740 1345 4780 nec
1400 4725 1516 4781 fieri
1581 4728 1693 4782 ullo
1754 4728 1918 4783 modo

341 4820 543 4883 potest,
598 4820 659 4868 ut
726 4829 851 4869 cum
903 4814 1013 4871 illis
1062 4832 1246 4872 sermo
1294 4818 1580 4885 habeatur,
1645 4819 1917 4889 siquidem

408 5029 429 5060 '
469 5026 627 5084 Joan.
673 5047 783 5096 vn,
822 5031 911 5087 5L

416 5212 487 5282 (6)
521 5213 802 5283 Ἐχομεν.
826 5212 904 5268 Ita
935 5221 1051 5270 tres
1082 5230 1217 5271 mss.
1250 5216 1628 5271 vetustissimi.
1654 5216 1797 5273 Editi
1828 5219 1924 5273 καὶ

339 5282 744 5429 εχῗςῗνίἷρίνει.
772 5353 865 5429 Sic
902 5355 1146 5429 plerique
1185 5371 1319 5429 mss.
1354 5356 1497 5429 Editi
1520 5360 1714 5429 κρινεῖ.
1744 5358 1920 5414 Paulo

339 5426 780 5510 antenguamvis
822 5426 887 5510 in.
914 5427 1170 5510 erunibus
1194 5427 1476 5510 codicibus
1530 5426 1741 5510 legatur
1787 5431 1920 5501 περὶ

337 5492 447 5542 τῶν
483 5492 748 5563 ἀδελφῶν,
777 5495 947 5550 multa
988 5496 1283 5551 audivimus
1311 5497 1375 5551 de
1405 5492 1683 5567 μαινίδας,
1724 5492 1920 5570 legen—

340 5558 470 5612 dum
521 5570 700 5618 tamen
738 5565 954 5620 videtur
996 5567 1147 5625 παρὰ
1178 5566 1287 5621 τῶν
1329 5568 1591 5625 ἀδελφῶν.
1638 5570 1741 5624 llic
1772 5572 1918 5625 enim

344 5584 470 5612 uum
522 5584 700 5618 tamen
738 5584 954 5620 vnuetur
996 5584 1147 5638 παρα
1178 5584 1287 5621 των
1329 5584 1591 5637 αοελφων.
1638 5584 1741 5624 HIC
1772 5586 1918 5625 enim

344 5630 819 5722 fnr'atruminomine
851 5637 1189 5722 probabilius
1211 5646 1298 5693 est
1325 5654 1420 5694 eos
1446 5640 1862 5722 designari,_qui
1887 5657 1918 5696 a

346 5699 404 5754 S.
438 5700 633 5756 Meletii
663 5699 906 5772 partibus
947 5707 1181 5771 stabant,
1218 5724 1380 5777 quam
1424 5710 1515 5780 qui
1550 5699 1596 5762 av
1612 5699 1841 5766 Paulini.

2018 4553 2393 4626 εσπαρμένον,
2426 4552 2669 4606 ἀποίκων
2691 4554 2753 4605 16
2787 4553 3015 4607 παλαιὸν
3051 4554 3161 4624 (10)
3198 4555 3265 4607 ἐκ
3296 4556 3400 4626 τῆς
3438 4556 3611 4609 Βαθυ-

2018 4645 2215 4707 λωνίας
2283 4646 2415 4716 ἡμῖν
2474 4645 2928 4717 ἐπεισαχθέντων.
2992 4644 3056 4698 Οἳ
3113 4644 3292 4699 ἔθεσιν
3353 4647 3609 4712 ίδιάζουσι

2021 4736 2346 4808 κέχρηνται,
2380 4739 2603 4807 ἄμικτοι
2645 4738 2798 4801 ὄντες
2828 4737 2965 4809 πρὸς
3000 4739 3127 4800 τοὺς
3170 4737 3369 4803 ἄλλους
3396 4738 3607 4810 ἀνθρώ-

2024 4845 2185 4890 πους·
2217 4828 2359 4898 λόγῳ
2397 4828 2453 4881 δὲ
2492 4828 2630 4899 πρὸς
2682 4829 2878 4892 αὐτοὺς
2936 4827 3236 4899 κεχρῆσθαι
3265 4868 3281 4893 ,
3328 4829 3470 4883 καθό
3505 4828 3609 4899 (Η)

2104 5220 2178 5289 (8)
2223 5223 2332 5275 Ἂν
2352 5222 2540 5289 εἵλου.
2565 5221 2749 5278 Codex
2763 5222 3050 5277 Medicmus
3071 5222 3219 5278 εἴλω.

2103 5288 2179 5360 (9)
2218 5288 2508 5360 Σημῆναι.
2543 5293 2616 5348 Ita
2647 5301 2761 5349 tres
2798 5294 3157 5351 vetustissimi
3191 5294 3438 5351 codices.
3474 5293 3611 5349 Editi

2032 5363 2292 5431 σημᾶναι.

2068 5430 2208 5554 ἁὲιο)
2274 5431 2346 5486 Τὸ
2379 5434 2657 5489 παλαιόν.
2712 5431 2792 5487 Ita
2846 5449 2974 5490 mss.
3027 5434 3292 5505 quinque.
3348 5435 3495 5490 Editi
3552 5434 3610 5487 τὸ

2135 5520 2210 5554 αι.

2024 5517 2189 5555 παλαι

2261 5573 2440 5647 Καρό.
2495 5573 2636 5630 Med.
2692 5582 2749 5632 et
2789 5574 2961 5632 Coisl.
3020 5575 3253 5647 primus,
3291 5574 3416 5629 καθ’
3464 5575 3602 5630 ὅσον.

2026 5638 2174 5696 Harl.
2189 5638 2327 5698 ’καθ’
2373 5645 2451 5698 ὃν.
