3878 6222
225 282 341 341 955

1113 283 1605 342 EPlSTOLARUM
1634 282 1922 340 CLASSIS
1958 283 2024 339 ll.
2067 282 2286 341 EPIST.
2325 282 2527 340 CCLX.

3383 286 3491 342 954

224 406 370 457 εἰσιν
414 403 788 473 ἐζωγρημένοι
834 404 939 456 ὑπὸ
980 402 1074 456 τοῦ
1111 404 1359 457 διαϐόλου
1389 405 1469 467 εἰς
1512 405 1574 457 τὸ
1601 405 1810 458 ἐκείνου

1942 403 2117 459 liaboli
2146 404 2274 457 lacti
2326 410 2456 459 sunt
2506 400 2709 473 praeda,
2752 408 2814 456 ut
2858 400 3009 456 illius
3065 401 3367 457 inserviant
3398 421 3495 458 vo-

224 488 477 560 θέλημα,
513 490 789 547 παντελῶς
819 492 966 544 ἐστιν
996 492 1274 546 ἀδύνατον.
1309 491 1447 546 Οῦτε
1479 492 1588 564 γάρ
1626 492 1811 563 βιϐλία

225 580 351 635 ἐστι
388 581 520 651 παρ’
549 581 764 645 αὐτοῖς,
816 580 939 635 οὔτε
973 582 1283 635 διδάσκαλοι
1316 583 1603 653 δογμάτων
1626 623 1641 648 ,
1676 584 1811 638 ἀλλὰ

224 672 344 725 ἔθει
368 674 547 743 ἀλόγῳ
595 675 980 744 συντρέφονται
1006 716 1019 737 ,
1056 680 1183 739 παῖς
1218 676 1368 748 παρὰ
1401 678 1609 749 πατρὸς
1638 677 1813 732 διαδε-

224 767 448 837 χόμενοι
490 767 588 838 τὴν
640 767 911 821 ἀσέϐειαν.
977 769 1163 832 Ἐκτὸς
1213 770 1276 840 δὴ
1327 770 1563 835 τούτων,
1616 771 1652 825 ά
1707 772 1813 825 ὑπὸ

224 862 452 912 πὰῖντων
505 861 696 930 ὁρᾶται
722 900 736 923 ,
791 861 888 929 τὴν
945 858 1243 923 ζωοθυσίαν
1294 862 1687 933 παραιτοῦνται
1738 864 1815 927 ὡς

228 953 454 1022 μίασμα
476 993 491 1017 ,
530 953 598 1005 δι’
635 953 930 1024 ἀλλοτρίων
979 954 1176 1025 χειρῶν
1226 955 1295 1008 τὰ
1340 956 1475 1025 πρὸς
1503 956 1599 1027 τὴν
1627 956 1814 1027 χρείαν

226 1041 352 1105 ζῶα
379 1044 850 1112 κατασφάττοντες
880 1044 1023 1112 (12)·
1069 1046 1267 1114 γάμοις
1299 1046 1671 1115 ἐπιμαίνονται
1709 1065 1815 1099 πα-

227 1136 492 1205 ρανόμοις
524 1152 537 1165 ·
575 1136 669 1188 καὶ
721 1135 782 1188 τὸ
830 1134 942 1206 πῦρ
990 1135 1251 1205 ἡγοῦνται
1309 1137 1469 1189 θεόν·
1515 1138 1610 1191 καὶ
1665 1139 1719 1191 εἴ
1763 1156 1814 1191 τι

224 1226 462 1279 τοιοῦτο.
504 1226 613 1291 Τὰς
665 1227 722 1279 δὲ
760 1228 826 1280 ἐκ
888 1226 982 1279 τοῦ
1039 1226 1290 1297 Ἀϐραάμ
1338 1228 1684 1296 γενεαλογίας
1724 1229 1814 1281 οῦ-

225 1316 344 1379 ὃεὶς
397 1317 529 1387 ἡμῖν
575 1317 734 1388 μέχρι
784 1317 880 1369 τοῦ
926 1316 1190 1387 παρόντος
1222 1317 1330 1369 τῶν
1380 1319 1566 1388 μάγων
1615 1317 1814 1388 ἐμυθο-

226 1401 462 1474 λόγησεν
486 1421 498 1433 ·
534 1404 668 1457 ἀλλὰ
711 1404 987 1476 Ζαρνοῦάν
1026 1422 1145 1458 τινα
1194 1407 1410 1470 ἑαυτοῖς
1450 1407 1690 1478 ἀρχηγὸν
1720 1408 1812 1461 τοῦ

226 1493 426 1559 γένους
464 1495 874 1566 ὲπιφημίζουσι.
930 1496 1130 1568 Διόπερ
1174 1496 1326 1549 οὐδὲν
1360 1497 1467 1567 ἔχω
1508 1498 1618 1570 (15)
1658 1497 1815 1551 πλέον

228 1585 572 1640 ἐπιστέλλειν
606 1588 748 1659 ὑπὲρ
776 1588 953 1642 αὐτῶν
989 1591 1056 1661 τῇ
1097 1589 1372 1660 τιμιότητί
1417 1607 1535 1644 σου.

743 1704 1093 1758 ΕΠΙΣΤΟΛΗ
1139 1706 1308 1761 ΣΝΘ.

1918 495 2137 549 luntati.
2186 493 2321 548 Nam
2367 509 2468 548 nec
2512 492 2638 547 libri
2680 492 2825 562 apud
2866 493 3011 559 illos,
3050 506 3151 546 nec
3180 492 3494 562 dogmatnm

1917 584 2191 654 magistri,
2225 584 2319 639 sed
2362 583 2608 637 moribus
2636 582 2864 637 insulsis
2902 582 3291 647 instituuntur,
3351 582 3497 637 lilius

1920 691 1951 727 a
1992 682 2147 745 patre
2191 675 2529 743 impietatem
2574 673 2932 742 excipientes.
2964 672 3084 727 Jam
3125 688 3256 728 vero
3305 682 3499 743 praeter

1921 767 2037 821 lure
2087 781 2210 836 quae
2261 766 2681 835 conspiciuntur
2736 765 2805 819 ab
2851 764 3126 828 omnibus,
3182 766 3500 820 animalium

1920 856 2120 911 caedem
2188 865 2517 912 aversantur
2587 864 2647 910 ut
2713 856 3229 925 inquinamentum,
3302 857 3499 912 alienis

1921 949 2178 1004 manibus
2230 948 2489 1002 animalia
2525 947 2593 1002 ad
2635 964 2768 1004 suos
2807 965 2940 1005 usus
2980 950 3292 1005 necessaria
3335 949 3499 1020 395

1921 1048 2231 1095 mactantes
2264 1058 2278 1094 :
2311 1039 2523 1110 nuptiis
2553 1040 2837 1095 insaniunt
2866 1041 3185 1110 illegitimis,
3226 1053 3291 1095 ac
3319 1043 3498 1110 ignem

1927 1136 2090 1190 deum
2139 1149 2262 1189 esse
2309 1135 2650 1188 arbitrantur
2682 1151 2696 1201 ;
2750 1141 2804 1188 et
2843 1136 2886 1189 si
2920 1135 3066 1205 quod
3103 1134 3249 1189 aliud
3281 1134 3501 1189 institu-

1925 1233 2041 1280 tum
2081 1225 2381 1294 ejusmodi.
2435 1223 2708 1280 Caeterum
2754 1240 3038 1296 magorum
3083 1227 3151 1280 ab
3187 1225 3500 1281 Abrahamo

1922 1316 2271 1386 genealogias
2316 1330 2478 1370 nemo
2519 1316 2787 1370 hactenus
2839 1317 2998 1373 nobis
3050 1318 3295 1372 narravit
3339 1337 3354 1372 :
3404 1313 3502 1370 sed

1923 1406 2195 1460 Zarnuam
2218 1404 2503 1475 quemdam
2527 1406 2743 1475 generis
2761 1406 2845 1461 sui
2866 1414 3142 1461 auctorem
3165 1422 3285 1462 esse
3299 1406 3497 1461 ferunt.

1924 1499 2273 1569 Quapmpter
2307 1497 2444 1551 nihil
2492 1498 2729 1568 amplius
2763 1499 2960 1564 habeo,
3005 1499 3154 1569 quod
3183 1499 3250 1554 de
3284 1497 3371 1553 his
3419 1495 3503 1550 di-

1926 1591 2118 1663 gnitati
2154 1599 2261 1645 tua:
2285 1590 2547 1646 scribam.

2388 1704 2729 1760 EPISTOLA
2774 1702 2977 1760 CCLIX
3000 1707 3041 1756 '.

230 1823 375 1875 Dolet
393 1823 605 1877 Basilius
625 1826 755 1892 quod
773 1840 941 1890 pacem
962 1826 1222 1881 conciliare
1244 1844 1337 1880 non
1370 1829 1594 1896 potuerit,
1614 1830 1700 1896 sed
1720 1837 1877 1896 tamen
1901 1829 2081 1882 nemini
2100 1838 2357 1882 succenset.
2386 1833 2498 1882 Non
2521 1828 2635 1896 petit
2658 1833 2710 1878 ut
2733 1840 2783 1878 se
2806 1823 2977 1874 crebro
3014 1818 3223 1871 invisent
3245 1814 3503 1868 Palladius

1340 1891 1386 1942 et
1409 1894 1431 1940 1
1439 1891 1735 1953 nnocentius,
1759 1893 1844 1942 sed
1867 1899 1916 1942 ut
1932 1906 2023 1957 pro
2046 1906 2099 1944 se
2127 1900 2400 1956 precentur.

319 1996 642 2062 Παλλαδίῳ
669 1997 791 2050 καί
814 1998 1179 2064 Ἰνιόκεντίῳ
1197 1997 1567 2069 μονάζουσιν
1600 2000 1734 2070 (H).

322 2108 463 2177 Ἐγὼ
493 2108 658 2161 πόσον
708 2107 806 2177 μὲν
852 2108 997 2177 ὑμᾶς
1028 2107 1229 2176 ἀγαπῶ
1252 2150 1266 2174 ,
1304 2108 1544 2173 εἰκάζειν
1579 2109 1823 2179 ὀφείλετε

235 2200 298 2267 ἐξ
349 2194 423 2253 ὧν
457 2200 603 2270 ἡμᾶς
653 2199 806 2251 αὐτοὶ
845 2200 1115 2267 ἀγαπᾶτε.
1164 2201 1275 2253 Καὶ
1319 2202 1541 2271 εἰρήνης
1578 2202 1676 2272 μὲν
1722 2205 1824 2255 ὲπο

236 2291 491 2363 εθύμησα
536 2292 624 2344 ἀεὶ
669 2289 921 2359 γενέσθαι
954 2290 1281 2362 βραϐευτὴς,
1335 2293 1726 2360 ἀποτυγχάνων
1767 2293 1824 2346 δὲ

235 2382 513 2453 λυποῦμαι
546 2381 666 2452 μέν.
701 2380 826 2444 Πῶς
858 2382 965 2452 γὰρ
1002 2381 1100 2448 ob;
1132 2383 1207 2435 Οὐ
1240 2382 1344 2453 μὴν
1374 2383 1485 2453 (15)
1519 2384 1823 2454 ὲχθραίνειν

237 2477 474 2548 δύναμαί
515 2494 626 2529 τισι
660 2476 851 2528 τούτου
901 2492 965 2544 γε
1018 2474 1234 2539 ἕνεκεν,
1289 2475 1479 2539 εἰδὼς,
1526 2477 1608 2529 ὅτι
1658 2476 1826 2530 πάλαι

236 2571 333 2638 ἀφ’
360 2568 518 2640 ἡμῶν
553 2567 694 2639 ἤρθη
746 2567 807 2620 τὸ
855 2567 956 2636 τῆς
994 2568 1218 2637 εἰρήνης
1262 2565 1446 2621 καλὸν.
1490 2567 1553 2619 Εἰ
1586 2566 1643 2620 δὲ
1694 2568 1824 2638 παρ’

239 2662 423 2725 ἄλλοις
475 2663 507 2731 ἡ
565 2660 712 2713 αἰτία
749 2660 849 2729 τῆς
881 2659 1252 2724 διαστάσεως,
1309 2659 1580 2729 παράσχοι
1621 2659 1827 2731 Κύριος

238 2751 554 2809 παύσασθαι
583 2752 710 2815 τοὺς
736 2753 835 2815 τὰς
870 2750 1215 2822 διχοστασίας
1247 2750 1555 2814 ποιοῦντας.
1584 2753 1659 2804 Οὺ
1693 2752 1823 2821 μέν·

239 2865 323 2900 τοι
349 2846 470 2899 οὐδὲ
493 2844 735 2915 ἐπιζητῶ
761 2844 959 2914 συνεχῆ
988 2843 1141 2915 ὑμῶν
1172 2845 1270 2914 τὴν
1304 2844 1624 2915 ἐπιδημίανο
1685 2845 1826 2898 ὥστε

240 2939 432 2993 τούτου
462 2938 647 2992 ἕνεκεν
677 2938 811 3008 μηδὲ
836 2936 1223 3006 ἀπολογεῖσθαί
1249 2936 1357 3008 (16)
1395 2955 1505 3007 μοι.
1538 2934 1670 2992 Οἶδα
1695 2937 1824 3009 γάρ,

241 3034 323 3086 ὅτι
353 3030 545 3102 ἄνδρες
576 3030 667 3083 τὸν
708 3030 1082 3102 πεπονημένον
1126 3028 1479 3101 προελόμενοι
1533 3029 1682 3100 βίον,
1735 3030 1829 3082 κα)⁵

242 3124 331 3185 ἀεὶ
376 3123 464 3177 διὰ
504 3121 613 3176 τῶν
658 3122 855 3194 χειρῶν
888 3124 1104 3185 ἑαυτοῖς
1147 3121 1217 3174 τὰ
1250 3124 1522 3191 ἀναγκαῖα
1553 3140 1827 3193 συμπορι-

242 3216 461 3286 ζέμενοι
489 3254 504 3278 ,
536 3214 700 3268 πολὺν
739 3215 1040 3285 ἀποδημεῖν
1080 3214 1271 3285 χρόνον
1316 3216 1425 3268 τῶν
1476 3216 1622 3269 ἰδίων
1651 3218 1710 3269 οὐ
1737 3216 1828 3269 δύ-

242 3322 455 3360 νανται.
499 3305 637 3358 Ἀλλ’
668 3306 912 3376 ὅπουπερ
943 3304 1007 3358 ἂν
1035 3302 1134 3376 ἦτε
1153 3345 1167 3369 ,
1205 3306 1481 3376 μέμνησθε
1507 3308 1663 3377 ἡμῶν
1684 3324 1696 3336 ·
1734 3308 1827 3360 καὶ

2208 1997 2467 2051 Palladio
2493 2004 2544 2050 et
2577 1991 2890 2048 Innocentio
2920 1983 3211 2041 monachis.

1996 2111 2274 2178 Quantum
2335 2126 2436 2182 ego
2504 2126 2602 2165 vos
2661 2108 2912 2175 diligam,
2965 2101 3235 2169 conjicere
3295 2098 3506 2153 debetis

1925 2219 1992 2259 ex
2033 2211 2216 2259 vestro
2254 2204 2308 2256 in
2350 2218 2438 2257 me
2484 2216 2689 2254 amore.
2742 2197 2807 2251 Et
2844 2195 2996 2266 pacis
3026 2192 3246 2263 quidem
3289 2204 3507 2258 semper

1926 2296 2110 2365 optavi
2162 2295 2486 2351 conciliator
2532 2307 2674 2357 esse,
2735 2289 2854 2353 sed,
2900 2303 2959 2341 re
3004 2285 3227 2351 inlecta,
3273 2298 3500 2338 moereo.

1922 2387 2207 2453 Quomodo
2273 2386 2421 2441 enim
2482 2400 2590 2439 non
2645 2380 2986 2437 mwrerem?
3029 2376 3139 2432 Sed
3207 2384 3389 2430 tamen
3442 2389 3508 2429 ea
3552 2430 3561 2443 ,

1927 2493 2099 2531 causa
2146 2490 2473 2530 succensere
2521 2473 2729 2529 nemini
2781 2484 3006 2541 possum
3046 2484 3062 2535 ;
3126 2467 3326 2537 quippe
3381 2482 3507 2521 cum

1928 2570 2104 2624 sciam
2146 2570 2299 2639 pacis
2347 2569 2549 2623 bonum
2577 2567 2692 2637 jam
2739 2566 2870 2619 olim
2907 2578 2937 2616 a
2970 2562 3130 2618 nobis
3168 2576 3292 2617 esse
3326 2560 3510 2615 subla-

1929 2671 2066 2715 tum.
2108 2659 2262 2726 Quod
2297 2661 2343 2716 si
2385 2662 2441 2715 in
2488 2659 2614 2713 aliis
2664 2672 2833 2713 causa
2875 2656 3079 2711 residet
3120 2653 3506 2717 dissensionis,

1925 2754 2062 2808 faxit
2116 2753 2376 2808 Dominus
2432 2761 2490 2807 ut
2545 2750 2901 2807 dissidiorum
2946 2756 3199 2835 auctores
3245 2746 3511 2816 conquie-

1927 2852 2107 2901 scant.
2183 2844 2303 2899 Non
2360 2859 2492 2900 sane
2543 2857 2575 2897 a
2613 2843 2768 2897 vobis
2823 2849 2981 2912 peto,
3037 2847 3098 2893 ut
3172 2854 3259 2893 me
3315 2838 3510 2892 crebro

1926 2937 2293 2993 conveniatis.
2350 2937 2533 3003 Quare
2576 2951 2688 2990 non
2729 2942 2814 2990 est
2859 2950 2959 2989 cur
2988 2948 3052 2988 ea
3084 2932 3150 2988 de
3181 2948 3241 2987 re
3280 2946 3509 2986 causam

1929 3030 2076 3100 apud
2127 3045 2214 3085 me
2261 3028 2479 3083 dicatis.
2528 3026 2665 3082 Novi
2710 3027 2857 3082 enim
2903 3025 3177 3087 homines,
3214 3036 3511 3093 pauperem

1932 3121 2214 3191 amplexos
2240 3121 2432 3182 vitam,
2469 3134 2535 3174 ac
2584 3134 2801 3188 semper
2830 3119 2947 3173 suis
2991 3116 3246 3170 manibus
3274 3114 3380 3170 sibi
3414 3128 3513 3168 ne-

1933 3212 2181 3266 cessaria
2230 3217 2637 3280 comparantes,
2692 3209 2856 3279 longo
2893 3206 3234 3278 peregrinari
3268 3213 3514 3275 tempore

1934 3319 1964 3356 a
2004 3304 2118 3357 suis
2151 3302 2360 3357 aedibus
2395 3316 2504 3355 non
2544 3315 2726 3371 posse.
2766 3296 2885 3371 Sed
2911 3298 3228 3368 ubicunque
3266 3296 3511 3349 locorum

242 3394 614 3467 προσεύχεσθε
647 3395 787 3465 ὑπὲρ
825 3370 983 3465 ήμῶν
1020 3370 1167 3466 7),
1205 3370 1295 3449 ῖνα
1325 3370 1477 3448 avito).
1522 3370 1651 3465 γοῦν
1689 3397 1826 3468 πρὸς

1942 3394 2167 3457 fueritis,
2183 3394 2354 3448 nostri
2374 3400 2704 3446 mementote
2723 3409 2735 3445 :
2757 3406 2822 3446 ac
2835 3404 2934 3461 pro
2950 3389 3106 3444 nobis
3119 3385 3438 3459 precamini,
3456 3392 3514 3438 ut

243 3487 473 3550 ἑαυτοὺς
510 3487 735 3557 εἰρήνην
788 3487 1001 3559 ἔχωμεν
1049 3488 1308 3557 καὶπρὸς
1339 3488 1428 3540 τὸν
1468 3487 1632 3551 Θεὸν,
1667 3489 1829 3559 μηδε-

248 3580 382 3649 μιᾶς
423 3581 537 3642 τοῖς
564 3578 843 3650 λογισμοῖς
872 3578 1028 3650 ἡμῶν
1062 3579 1310 3651 ταραχῆς
1348 3581 1683 3650 ἐνοικοῦσης.

794 3820 1138 3873 ΕΠΙΣΤΟΛΗ
1181 3820 1295 3874 ΣΞ’.

1938 3500 2041 3540 nos
2072 3485 2265 3538 saltem
2301 3484 2590 3537 nobiscum
2624 3481 2730 3552 ipsi
2762 3495 2953 3551 pacem
2984 3480 3283 3534 habeamus
3309 3483 3512 3531 etcum

1935 3575 2079 3640 Deo,
2137 3576 2288 3629 nulla
2336 3574 2764 3643 cogitationibus
2830 3571 3039 3625 nostris
3099 3568 3515 3642 perturbatione

1936 3666 2233 3723 insidente.

2377 3819 2717 3877 EPISTOLA
2779 3818 2962 3875 CCLX
2987 3820 3047 3873 “.

250 3936 438 3999 Rogata
462 3930 639 3998 Optimi
658 3930 875 3997 pluribus
890 3930 1098 3996 explicat
1118 3901 1331 4001 Basilius
1351 3930 1472 4001 illud
1494 3929 1764 4001 Scriptura:
1783 3946 1800 3983 :
1817 3933 1986 4001 Omnis
2005 3937 2087 4001 qui
2108 3935 2490 4001 occideritgain,
2509 3941 2702 3997 septem
2726 3936 2961 3985 vindictas
2981 3934 3232 3996 exsolvet;
3254 3938 3353 3983 tum
3370 3930 3513 3983 etimit

1213 3993 1435 4044 Lumeclii
1458 3993 1522 4042 ad
1543 3993 1719 4044 uxores
1740 3995 1901 4057 verba,
1925 4002 1971 4047 et
1996 3993 2234 4048 Simeonis
2250 3999 2315 4047 ad
2342 3993 2571 4047 Mariam;

738 4147 985 4215 Ὀπτίμῳ
1014 4147 1345 4212 ἐπισκόπῳ.

330 4260 380 4314 1.
408 4259 518 4314 Καὶ
548 4259 722 4323 άλλως
757 4259 868 4331 (18)
902 4260 1000 4331 μὲν
1051 4258 1221 4329 ήδέως
1248 4258 1391 4331 ὁρῶν
1440 4260 1565 4323 τοῦς
1595 4258 1833 4328 ἀγαθοὺς

331 4465 443 4534 (12)
482 4462 1316 4534 Κατασεράττοντεςηϐοόἰοοε
1373 4466 1619 4520 nonnulli
1664 4482 1835 4519 καταυ

260 4535 592 4606 σφάζοντες.
618 4535 806 4606 liasilii
863 4533 1231 4606 narrationem
1279 4540 1608 4590 contirrnant
1641 4535 1837 4588 Bnrde—

2474 4150 2683 4221 Optimo
2729 4151 2993 4220 episcopo.

2014 4266 2067 4319 l.
2099 4263 2235 4320 Cum
2265 4271 2319 4320 et
2353 4265 2491 4319 alias
2526 4264 2757 4318 libenter
2786 4262 2999 4317 videam
3031 4263 3266 4333 Optimos
3292 4276 3516 4331 pueros,

1943 4471 2116 4525 cibus.
2152 4468 2293 4523 Editi
2343 4470 2611 4540 μοναχοῖς.
2643 4466 2779 4540 Tres
2815 4466 3056 4540 codices,
3106 4481 3300 4540 nempe
3340 4464 3515 4540 ωτι,

1941 4542 2108 4595 Coisl.
2149 4535 2358 4609 primus
2389 4547 2443 4594 et
2482 4535 2718 4593 Claroni.
2768 4538 2971 4592 habent
3004 4535 3393 4609 πρεσϐυτέροις
3424 4538 3517 4589 καὶ

261 4603 424 4687 sanes
455 4604 593 4693 apud
617 4604 929 4693 Eusebium,
951 4603 1126 4693 Ρίανρ.
1151 4606 1403 4685 evangel.,
1421 4607 1519 4693 lib:
1545 4623 1616 4693 vr”,
1639 4606 1828 4693 p.275},

1945 4603 2287 4682 μονάζουσιν.

261 4685 316 4730 et
348 4676 463 4745 ipse
491 4673 831 4744 Epiphanius
871 4673 926 4726 in
975 4673 1314 4745 Expositione
1344 4676 1538 4729 cut/ml.
1576 4673 1672 4745 ﬁd.
1713 4675 1836 4728 Pri-

260 4761 387 4799 inus
419 4752 651 4798 testatur
680 4746 847 4813 legem
903 4759 1025 4798 esse
1076 4746 1218 4813 apud
1270 4744 1463 4801 Persas
1498 4744 1583 4800 ut
1610 4747 1749 4799 tilias
1785 4753 1839 4799 et

261 4825 468 4870 matres
492 4815 545 4886 in
575 4814 977 4886 matrimonium
1002 4814 1268 4886 ducant;
1315 4832 1488 4886 neque
1521 4818 1572 4870 id
1609 4818 1662 4870 in
1706 4816 1838 4871 Per-

262 4886 385 4939 side
427 4885 602 4939 solum
641 4884 786 4954 ﬁeri.
809 4885 903 4939 sed
940 4885 1104 4938 etiam
1141 4884 1456 4954 quotquot‘e
1486 4887 1707 4941 Perside
1738 4887 1842 4939 mi-

265 4965 531 5023 grarunt,
573 4970 712 5026 quos
743 4953 1042 5026 Muguszeos
1078 4953 1294 5026 vocant,
1325 4958 1515 5009 iisdem
1545 4957 1597 5009 in
1622 4956 1840 5026 ﬂagitiis

265 5040 511 5087 manere,
535 5032 588 5079 et
615 5025 737 5078 liliis
761 5025 917 5093 quasi
945 5026 1172 5092 patriam
1197 5025 1567 5080 haereditatcm
1602 5025 1842 5081 hosmo-

266 5110 360 5149 res
391 5095 626 5165 tradere.
651 5094 820 5165 Addit
839 5096 1039 5148 multos
1068 5095 1331 5150 hactenus
1363 5096 1662 5165 Magusmos
1686 5111 1844 5163 repe-

265 5165 365 5220 riri
398 5165 454 5218 in
517 5163 710 5228 Media,
758 5163 1016 5233 Ailgypto,
1055 5164 1315 5233 Phrygia,
1351 5176 1405 5220 et
1432 5163 1663 5220 Galatia.
1711 5165 1846 5221 Vide

266 5251 323 5305 p.
348 5234 478 5289 259.
510 5234 848 5305 Epiphanius
892 5237 967 5305 ait
1018 5235 1318 5302 Maguszeos
1353 5237 1494 5305 apud
1533 5235 1732 5290 Persas
1778 5238 1846 5290 si-

267 5303 515 5359 inulacra
540 5303 837 5376 detestari,
858 5303 954 5359 sed
979 5320 1041 5359 ea
1074 5313 1256 5358 tamen
1288 5303 1536 5372 adorare,
1577 5307 1846 5376 siquidem

270 5376 507 5429 adorant
535 5375 733 5443 ignem,
762 5375 930 5429 solem
952 5383 1006 5429 et
1042 5376 1246 5445 lunam.
1646 5375 1657 5376 7
1812 5377 1822 5387 '

272 5455 280 5491 ί
343 5440 859 5518 (13)'Ezw.Coisl.
896 5445 1102 5518 primus
1147 5440 1312 5518 έχον.
1357 5445 1557 5499 ibidem
1601 5447 1730 5501 editi
1778 5449 1849 5518 τῇ

268 5513 542 5585 τιμιότητί
572 5513 688 5567 ’σου
732 5515 869 5585 ὑπὲρ
912 5515 1110 5567 αὐτῶν.
1151 5513 1285 5585 Tres
1324 5518 1541 5571 codices
1587 5513 1852 5571 vetustis:

271 5584 420 5671 simi:
458 5584 518 5639 ut
538 5585 595 5639 in
624 5592 795 5650 textu,
830 5584 932 5639 nisi
970 5586 1116 5655 quod
1162 5584 1478 5642 Harlaeanus
1525 5588 1688 5641 habet
1719 5590 1847 5657 περὶ

272 5673 474 5710 οντων.

346 5727 462 5799 (Η)
489 5725 883 5787 Μονάζουσιν.
919 5724 1008 5782 Sic
1032 5727 1227 5798 legitur
1256 5728 1309 5783 in
1349 5743 1442 5782 sex
1473 5728 1676 5782 nostris
1706 5726 1850 5782 codi-

2011 4683 2122 4753 (15)
2167 4683 2249 4753 Οὐ
2283 4679 2442 4753 μήν.-
2472 4677 2693 4753 _lta__t_res
2721 4676 3081 4753 vetustissimi
3121 4676 3358 4733 codices.
3391 4676 3516 4731 Plu-

1938 4747 2029 4807 res
2056 4747 2144 4804 alii
2193 4747 2504 4822 οὐδέ.
2540 4747 2681 4822 Editi
2713 4750 2773 4801 οὐ
2803 4748 2899 4822 μὲν
2926 4747 3001 4801 δέ.

2009 4822 2120 4893 (16)
2160 4816 2362 4893 mea"
2378 4816 2827 4893 ἀπολογεῖσθαι.
2872 4819 2951 4872 lta
2999 4826 3110 4873 tres
3152 4816 3515 4872 vetustissimi

1938 4890 2175 4947 codices.
2211 4891 2352 4945 Editi
2382 4890 2455 4960 μὴ
2485 4890 2853 4956 ἀπολογεῖσθε.

2013 4982 2338 5056 (17)Ϋ’Υπὲρν
2359 4980 2546 5050 ἡμῶν.
2574 4981 2699 5056 llaec
2723 4981 2920 5036 desunt
2943 4981 2997 5034 in
3029 4979 3313 5045 Vaticano,
3342 4978 3514 5035 Coisl.

1942 5051 2186 5109 secundo
2224 5061 2276 5105 et
2308 5053 2439 5120 Reg.
2474 5051 2736 5105 secundo.

2016 5125 2129 5193 (18)
2166 5122 2277 5176 Καὶ
2305 5119 2523 5186 ἄλλως.
2553 5121 2683 5193 Post
2733 5121 2868 5193 hate
2888 5121 3048 5193 verba
3090 5119 3397 5193 addidimus
3426 5136 3520 5193 ro-

1942 5189 2121 5248 eul'am
2153 5209 2217 5247 ex
2252 5193 2530 5246 codicibus
2561 5192 2708 5244 llarl.
2733 5199 2787 5243 et
2820 5189 2960 5244 Med.
2992 5201 3047 5244 et
3072 5206 3180 5245 uno
3214 5206 3279 5261 ex
3314 5190 3518 5261 Regiis.

1942 5265 2145 5320 Ibidem
2181 5262 2494 5315 Ilarlaeunus
2533 5262 2703 5315 codex
2726 5261 2896 5331 prima
2928 5276 3090 5331 manu
3136 5259 3269 5331 ὁρῶ,
3292 5269 3345 5314 et
3371 5259 3519 5329 plist-

1945 5352 2007 5390 ea
2040 5333 2223 5404 ἐπειδὴ
2267 5332 2334 5404 ’δὲ
2376 5332 2470 5384 καὶ
2498 5331 2635 5402 μετὰ
2648 5330 3009 5404 γραμμάτων.
3042 5329 3108 5404 Et
3138 5329 3278 5404 alius
3312 5331 3520 5401 quidem

1948 5404 2167 5458 libenter
2194 5399 2356 5463 video,
2389 5399 2517 5463 etc.,
2556 5410 2611 5453 at
2649 5399 2739 5453 ubi
2767 5399 2904 5452 cum
2938 5399 3129 5455 litteris
3178 5399 3340 5454 etiam
3392 5411 3517 5454 tuis.

1948 5476 2091 5528 Ε(Ιὶιὶ
2127 5472 2395 5542 ἐπειδὴδὲ
2425 5472 2519 5523 καὶ
2553 5470 2689 5541 μετὰ
2728 5471 3089 5541 γραμμάτων.
3138 5469 3299 5542 Deest
3345 5473 3520 5542 prima

1948 5545 2141 5600 vocula
2172 5546 2226 5597 in
2255 5540 2496 5610 quinque
2522 5540 2798 5595 veteribus
2831 5541 3003 5603 libris,
3030 5542 3198 5595 altera
3239 5540 3292 5595 in
3322 5540 3516 5596 tribus.

2024 5640 2038 5658 ‘
2078 5637 2225 5691 Alias
2248 5632 2574 5689 CLXXXIV.
2609 5633 2825 5703 Scripta
2859 5648 3004 5717 anno
3032 5633 3134 5688 577

2026 5732 2063 5749 “
2101 5727 2249 5780 Alias
2272 5722 2566 5779 CCCXVII.
2593 5723 2804 5792 Scripta
2836 5737 2980 5777 anno
3008 5723 3133 5778 377.
