3878 6222
418 335 523 393 935

1756 335 1811 392 S.
1854 330 2099 389 BASILII
2137 326 2353 387 MAGNI

3564 328 3670 385 αδδ

417 461 533 506 ιυιι]
567 451 689 522 quia
724 451 942 508 illorum
979 469 1159 511 mores
1186 457 1325 511 ultra
1354 465 1566 512 (etatem
1597 456 1811 527 egregie
1834 470 1985 510 com-

2102 452 2282 515 παῖδας
2309 452 2398 506 διά
2427 468 2486 503 τε
2523 451 2585 504 τὸ
2617 451 2759 521 ὑπὲρ
2791 450 2891 521 τὴν
2916 448 3131 521 ἠλικίαν
3158 449 3268 503 τῶν
3301 449 3451 518 ἠθῶν
3486 451 3675 501 εὐστο-

414 544 603 613 positi,
641 552 758 598 tum
792 554 1013 615 propter
1052 562 1241 602 eorum
1280 564 1404 603 cum
1442 560 1530 603 tua
1570 550 1769 619 pietate
1798 565 1989 604 neces-

416 635 752 704 situdinem,
814 652 883 691 ex
938 654 1044 709 qua
1099 640 1263 695 etiam
1319 642 1504 712 magni
1557 642 1761 711 aliquid
1791 641 1860 696 ab
1909 641 1989 696 cis

415 737 742 797 exspectare
781 731 948 797 licet;
998 740 1289 803 postquam
1329 748 1455 788 cum
1499 734 1697 789 litteris
1733 734 1842 788 tuis
1875 733 1988 789 vidi

413 831 512 872 eos
565 819 633 873 ad
685 835 771 875 me
815 821 1118 885 venientes,
1150 822 1427 892 duplicavi
1465 823 1520 878 in
1559 824 1682 878 illos
1721 838 1984 878 amorem.

416 904 522 962 Ubi
573 918 753 964 autem
791 911 894 981 legi
935 912 1241 981 epistolam,
1287 928 1351 968 ac
1386 915 1441 968 in
1481 928 1547 967 ea
1582 914 1835 985 perspexi
1862 929 1987 969 cum

423 998 703 1069 providam
756 1003 928 1056 animi
984 1004 1061 1057 tui
1108 1004 1174 1059 de
1224 1004 1487 1060 Ecclesiis
1528 1005 1986 1070 sollicitudinem,

415 1101 533 1144 tum
577 1092 817 1162 legendae
864 1095 1160 1166 Scriptura;
1205 1097 1405 1153 divina:
1450 1099 1691 1154 studium
1732 1117 1747 1165 ;
1782 1101 1989 1169 gratias

413 1183 501 1250 egi
556 1182 807 1250 Domino,
850 1201 915 1241 ac
955 1187 1098 1243 bona
1148 1198 1404 1259 precatus
1450 1207 1570 1245 sum
1599 1192 1685 1245 his
1724 1192 1818 1262 qui
1852 1193 1990 1248 tales

415 1270 577 1325 nobis
622 1271 919 1327 ail‘erebant
965 1276 1199 1342 litteras,
1245 1278 1516 1347 imprimis
1566 1292 1698 1333 vero
1741 1278 1846 1348 ipsi
1883 1278 1985 1343 illi,

415 1359 509 1427 qui
544 1360 703 1416 nobis
734 1362 979 1432 scripsit.

485 1532 539 1587 2.
605 1536 945 1602 Quazsivisti,
1012 1539 1428 1597 celeberrimum
1495 1541 1625 1597 illud
1682 1542 1889 1597 dictum
1935 1550 1991 1599 et

416 1625 563 1695 apud
615 1642 807 1684 omnes
854 1632 1132 1701 susdeque
1181 1643 1490 1696 versatum,
1539 1649 1702 1703 quam
1755 1635 1987 1690 solutio-

414 1732 540 1771 nem
588 1718 753 1791 396
795 1722 992 1777 habeat
1034 1743 1048 1778 :
1079 1739 1275 1795 nempe
1300 1725 1434 1780 illud
1470 1746 1484 1782 :
1517 1726 1701 1781 Omnis
1725 1729 1817 1797 qui
1854 1729 1991 1782 occi-

2091 542 2182 606 θές
2215 544 2310 597 καὶ
2338 543 2428 596 διὰ
2459 542 2520 595 τὸ
2547 542 2682 612 πρὸς
2718 542 2818 614 τὴν
2855 541 2953 612 σὴν
2993 541 3279 595 εὐλάϐειαν
3310 542 3539 605 οἰκεῖον,
3582 542 3671 606 ἀφ’

2088 628 2150 687 οῦ
2184 652 2238 688 τι
2275 636 2371 688 καὶ
2420 635 2562 705 μέγα
2595 634 2902 705 προσδοκᾷν
2929 633 3077 686 ἔστιν
3116 634 3202 695 ἐπῗ
3236 634 3452 696 αὐτοῖς·
3485 632 3672 703 ἐπειδὴ

2090 729 2182 782 καὶ
2214 728 2352 799 μετὰ
2382 730 2726 801 γραμμάτων
2769 728 2879 782 σῶν
2926 724 3068 781 εἶδον
3106 730 3304 791 αὐτοὺς
3346 727 3675 797 προσιόντας

2093 835 2219 891 μοι,
2274 819 2631 873 ἐδιπλασίασα
2679 820 2739 873 τὸ
2790 820 2876 873 ἐπ’
2915 822 3098 884 αὐτοῖς
3147 819 3392 890 φίλτρον.
3437 820 3572 871 ’Ὀτε
3620 817 3676 870 δὲ

2089 911 2333 978 ἀνέγνων
2386 912 2483 982 τὴν
2521 911 2850 982 ἐπιστολὴν,
2885 912 2982 964 καὶ
3035 908 3170 964 εἶδον
3227 913 3286 963 ἐν
3342 911 3485 980 αὐτῇ
3543 908 3675 978 ὁμοῦ

2093 1000 2193 1070 μὲν
2245 1001 2305 1053 τὸ
2340 1002 2468 1072 περ)⁸
2515 1001 2615 1065 τὰς
2655 1002 2980 1072 Ἐκκλησίας
3022 1002 3133 1072 (19)
3173 1002 3540 1073 προνοητικὸν
3582 1000 3677 1070 τῆς

2092 1092 2190 1162 σῆς
2222 1092 2513 1155 διαθέσεως
2540 1132 2554 1157 ,
2594 1094 2729 1163 ὁμοῦ
2761 1093 2820 1146 δὲ
2848 1094 2909 1146 τὸ
2933 1094 3062 1165 περὶ
3092 1095 3194 1165 τὴν
3233 1094 3555 1161 ἀνάγνωσιν
3574 1093 3677 1144 τῶν

2091 1181 2250 1236 θείων
2281 1184 2513 1255 Γραφῶν
2560 1185 2857 1255 ἐπιμελὲς,
2900 1186 3281 1257 ηὐχαρίστησα
3327 1184 3409 1256 τῷ
3462 1185 3678 1255 Κυρίῳ,

2090 1275 2186 1328 καὶ
2220 1275 2546 1346 ἐπηυξάμην
2575 1276 2643 1330 τὰ
2687 1276 2868 1346 ἀγαθά
2904 1280 3015 1339 τοῖς
3036 1276 3106 1329 τὰ
3133 1276 3360 1330 τοιαῦτα
3397 1278 3537 1347 ἡμῖν
3570 1277 3680 1329 δια-

2093 1366 2376 1437 κομίζουσι
2411 1368 2751 1439 γράμματα,
2782 1368 2877 1421 καὶ
2909 1367 3016 1440 πρό
3061 1384 3125 1436 γε
3174 1367 3357 1421 αὐτῶν
3400 1365 3564 1437 αὑτῷ
3604 1366 3683 1436 τῷ

2090 1458 2361 1527 γράψαντι
2384 1461 2538 1530 ἡμῖν.

2161 1546 2215 1601 2.
2272 1548 2643 1620 Ἐπεζήτησας
2697 1548 2760 1601 τὸ
2813 1546 3247 1618 πολυθρύλλητον
3298 1546 3487 1599 ἐκεῖνο
3521 1585 3537 1606 ,
3592 1546 3681 1598 καὶ

2090 1638 2242 1709 παρὰ
2281 1641 2449 1692 πᾶσιν
2503 1639 2616 1693 ἄνω
2665 1639 2764 1691 καὶ
2796 1640 2948 1693 κάτω
2997 1636 3436 1708 περιφερόμενον
3494 1634 3678 1706 ῥητὸν.

2089 1731 2211 1783 τίνα
2250 1730 2348 1801 τὴν
2384 1730 2535 1783 λύσιν
2574 1730 2717 1800 ἔχει·
2766 1729 2860 1793 τὸ,
2895 1727 3021 1795 Πᾶς
3051 1731 3084 1781 ό
3112 1727 3486 1792 ἀποκτείνας
3534 1726 3682 1781 Κόϊν-

414 1806 552 1861 derit
617 1809 774 1876 Cain,
828 1822 1023 1881 septem
1078 1816 1338 1871 vindictas
1394 1819 1556 1873 solvet
1584 1819 1623 1872 ⁸.
1661 1818 1775 1874 Hac
1803 1830 1988 1875 autem

2102 1818 2241 1873 ἑπτὰ
2270 1820 2661 1889 ὲκδικούμενα
2686 1820 3044 1888 παραλύσει.
3079 1817 3178 1871 Διά
3204 1817 3396 1870 τούτου
3445 1817 3508 1869 δὲ
3548 1817 3682 1880 τέως

414 1896 869 1972 interrogatione,
927 1906 1161 1975 primum
1202 1909 1423 1979 quidem
1461 1910 1696 1979 teipsum
1761 1910 1993 1967 demonu

416 1991 607 2045 strasti
646 1993 699 2046 id
743 1994 891 2064 quod
925 1994 1132 2053 Paulus
1178 2001 1436 2071 praecepit
1479 2001 1767 2057 Timotheo
1808 2004 1830 2035 "
1895 2018 1990 2058 ac-

419 2091 611 2139 curate
666 2100 887 2143 servare
956 2089 1149 2160 (liquet
1214 2093 1360 2147 enim
1409 2102 1463 2148 te
1533 2102 1805 2150 attentum
1860 2112 1984 2152 esse

415 2171 705 2247 lectioni);
761 2178 958 2235 deinde
992 2197 1123 2237 vero
1162 2194 1218 2239 et
1264 2199 1393 2251 nos,
1438 2186 1529 2256 qui
1574 2202 1735 2242 senes
1776 2202 1987 2254 sumus,

417 2271 474 2318 et
513 2265 627 2334 jam
671 2273 1041 2328 emarcuimus
1092 2284 1147 2329 et
1193 2282 1442 2347 tempore
1500 2286 1554 2331 et
1612 2279 1991 2335 imbecillitate

417 2359 688 2427 corporis,
721 2370 774 2415 ct
806 2364 1158 2420 multitudine
1186 2366 1564 2434 amictionum,
1596 2385 1716 2439 quae
1746 2371 1993 2439 plurima:

415 2447 473 2502 in
506 2463 605 2503 nos
638 2452 924 2507 concitata:
965 2455 1130 2509 vitam
1165 2466 1409 2512 nostram
1438 2468 1869 2530 praegravarunt,
1902 2469 1987 2515 ta-

415 2556 539 2595 men
566 2545 944 2611 exsuscitasti,
975 2560 1040 2600 ac
1080 2545 1293 2603 fervens
1329 2548 1526 2617 spiritu
1555 2565 1658 2607 nos
1695 2549 1994 2621 frigescen-

418 2640 523 2697 tes,
566 2643 826 2707 tanquam
877 2639 1102 2693 latentia
1134 2639 1191 2693 in
1228 2640 1419 2696 lustris
1452 2642 1731 2710 animalia,
1765 2645 1833 2698 ad
1877 2661 1993 2701 me-

418 2724 661 2781 diocrem
680 2728 1020 2799 vigilantiam
1038 2738 1093 2786 et
1109 2731 1331 2786 vitalem
1351 2735 1725 2803 operationem
1743 2752 1989 2794 revocas.

417 2816 599 2886 Atque
648 2818 784 2874 illud
830 2821 1051 2890 quidem
1101 2821 1310 2877 dictum
1352 2833 1406 2879 et
1439 2826 1768 2895 simpliciter
1798 2828 1879 2883 sic
1906 2831 1989 2885 in-

417 2909 590 2980 telligi
640 2918 841 2981 potest,
886 2920 942 2968 et
975 2914 1181 2970 variam
1232 2917 1481 2986 accipere
1526 2921 1989 2990 explanationem.

2097 1911 2195 1981 μὲν
2221 1910 2381 1974 αὐτὸς
2411 1910 2635 1963 σεαυτὸν
2662 1911 3024 1980 συνέστησας,
3047 1909 3106 1962 τὸ
3128 1908 3224 1961 τοῦ
3245 1908 3526 1979 Τιμοθέου
3551 1908 3679 1978 (20),

2091 1999 2121 2052 ὃ
2158 1999 2473 2070 παρέδωκεν
2521 1998 2669 2069 αὑτῷ
2723 1999 2970 2062 Παῦλος,
3036 1998 3281 2069 ἀκριϐῶς
3338 1997 3682 2065 φυλάττοντα

2093 2090 2276 2161 (δῆλος
2321 2090 2429 2161 γὰρ
2471 2086 2523 2143 εἴ
2554 2090 2835 2160 προσέχων
2874 2092 2940 2160 τῇ
2973 2088 3328 2158 ἀναγνώσει)⁶
3358 2089 3562 2142 ἔπειτα
3594 2090 3683 2143 καὶ

2092 2184 2243 2253 ἡμᾶς
2292 2184 2417 2246 τοὺς
2446 2183 2741 2253 γέροντας,
2772 2182 2869 2236 καὶ
2906 2181 3311 2252 νεναρκηκότας
3346 2181 3453 2252 ἥδη
3489 2183 3586 2233 καὶ
3610 2181 3683 2251 τῷ

2093 2275 2270 2345 χρόνῳ
2303 2275 2397 2327 καὶ
2419 2276 2486 2345 τῇ
2518 2273 2773 2344 ἀσθενείᾳ
2808 2272 2902 2326 τοῦ
2935 2272 3187 2343 σώματος
3207 2311 3222 2335 ,
3253 2272 3349 2325 καὶ
3376 2273 3460 2343 τῷ
3489 2271 3682 2342 πλήθει

2092 2365 2201 2418 τῶν
2240 2366 2506 2436 θλίψεων,
2541 2365 2597 2420 αἲ
2654 2364 2847 2418 πολλαὶ
2881 2364 2977 2418 νῦν
3019 2365 3148 2436 περὶ
3187 2365 3335 2434 ἡμᾶς
3374 2364 3683 2433 κινηθεῖσαι

2094 2457 2371 2529 ἐδάρησαν
2399 2457 2511 2528 (21)
2562 2457 2718 2528 ἡμῶν
2760 2456 2858 2528 τὴν
2892 2455 3035 2527 ζωὴν
3059 2496 3073 2519 ,
3111 2457 3263 2525 ὅμως
3293 2455 3679 2526 διανέστησειςι

2094 2553 2187 2602 καὶ
2216 2549 2355 2613 ζέων
2384 2548 2462 2619 τῷ
2503 2549 2774 2618 πνεύματι
2823 2547 3269 2618 κατεψυγμένους
3296 2549 3451 2617 ἡμᾶς
3469 2586 3485 2611 ,
3510 2547 3591 2608 ὡς
3619 2547 3684 2598 τά

2095 2639 2406 2708 φωλεύοντα
2451 2639 2559 2693 τῶν
2594 2637 2784 2702 ζώων,
2819 2638 2899 2701 εἰς
2943 2639 3272 2709 ἐγρήγορσιν
3322 2636 3560 2708 μετρίαν
3596 2636 3684 2689 καὶ

2094 2730 2330 2799 ζωτικὴν
2376 2730 2655 2801 ἐνέργειαν
2703 2730 2996 2798 ἐπανάγεις
3027 2728 3158 2798 (22).
3198 2729 3353 2780 Ἐστι
3401 2727 3449 2780 δ’
3491 2723 3590 2780 οῦν
3627 2727 3683 2778 τὸ

2097 2824 2259 2893 ῥητὸν
2315 2822 2409 2875 καὶ
2459 2821 2647 2885 ἀπλῶς
2685 2820 2828 2874 οῦτω
2877 2821 3134 2892 νοηθῆναι
3194 2819 3537 2890 δυνάμενον,
3594 2818 3683 2872 καὶ

2094 2910 2338 2964 ποικίλον
2380 2908 2729 2974 ἐπιδέξασθαι
2765 2909 2877 2980 (25)
2908 2910 3085 2978 λόγον.
3125 2910 3191 2962 Ἡ
3225 2908 3328 2980 μὲν
3354 2904 3452 2963 οὖν
3487 2908 3682 2962 ἁπλου-

418 2998 732 3070 Simplicior
761 3012 943 3059 autem
969 3014 1025 3060 et
1057 3022 1177 3076 qua:
1207 3009 1435 3063 cuilibet
1458 3013 1631 3079 possit
1665 3027 1762 3067 sua
1797 3024 1990 3084 sponte

2102 3002 2263 3072 στέρα
2297 3003 2392 3055 καὶ
2442 3003 2604 3056 παντὶ
2636 3001 2907 3072 δυναμένη
2939 3002 3004 3055 ἐκ
3051 3000 3144 3054 τοῦ
3177 3001 3477 3073 προχείρου
3509 3018 3681 3071 παρα-

414 3107 705 3150 occurrere
730 3098 1020 3163 sententia,
1037 3100 1152 3153 haec
1179 3107 1262 3155 est
1283 3119 1297 3155 :
1319 3111 1570 3170 oportere
1591 3104 1724 3159 Cain
1758 3115 1990 3177 septem-

2102 3092 2290 3163 στῆναι
2334 3093 2541 3148 διάνοια
2585 3091 2723 3164 αῦτη
2755 3091 2902 3145 ἐστίν
2925 3108 2940 3122 ο
2968 3092 3049 3145 ὅτι
3081 3091 3163 3145 δεῖ
3207 3090 3300 3144 τὸν
3335 3092 3480 3145 Κάῖν
3512 3092 3679 3144 ἐπτα-

416 3184 614 3269 plicem
666 3187 795 3241 dare
846 3203 1063 3258 prunam
1107 3200 1484 3260 peccatorum.
1538 3195 1656 3250 Non
1711 3176 1857 3253 enim
1906 3209 1990 3255 est

2102 3184 2361 3237 πλασίονα
2412 3182 2705 3237 ἀποδοῦναι
2755 3183 2867 3253 (24)
2926 3182 3025 3255 τὴν
3078 3183 3352 3254 τιμωρίαν
3410 3183 3555 3256 ὑπὲρ
3608 3176 3679 3237 ὢν

411 3272 551 3346 justi
592 3278 817 3348 judicis,
870 3296 1032 3350 pares
1072 3284 1300 3352 paribus
1358 3292 1601 3349 statuere
1650 3291 1930 3347 mercedes
1973 3312 1986 3347 :

419 3367 517 3422 sed
556 3383 785 3423 necesse.
826 3380 911 3423 est
952 3379 1013 3424 ut
1055 3373 1179 3425 mali
1227 3375 1473 3445 inceptor
1506 3379 1841 3436 cumulatius
1868 3397 1995 3451 per-

413 3458 590 3511 solvat
623 3457 826 3523 dcbita,
864 3460 911 3515 si
947 3462 1109 3516 modo
1142 3470 1196 3517 et
1242 3465 1359 3532 ipse
1393 3467 1587 3522 melior
1612 3485 1679 3523 ex
1706 3472 1992 3541 suppliciis

417 3546 639 3603 futurus
683 3549 771 3615 sit,
818 3560 873 3607 et
924 3552 1061 3607 alios
1110 3554 1367 3611 meliores
1430 3559 1678 3615 facturus
1719 3564 1989 3632 exemplo.

421 3640 693 3706 Quoniam
748 3643 916 3715 igitur
971 3653 1238 3700 statutum
1284 3656 1403 3714 est,
1462 3660 1522 3704 ut
1584 3655 1993 3724 septemplicem

419 3734 557 3788 Cain
589 3734 883 3806 adimpleat
913 3744 1260 3808 peccatorum
1296 3756 1535 3811 poenam,
1586 3745 1869 3813 dissolvet,
1906 3747 1994 3801 in-

419 3828 561 3896 quit,
601 3826 652 3882 id
685 3828 831 3898 quod
865 3829 1053 3884 divino
1077 3818 1301 3898 judicio'
1335 3834 1403 3889 de
1454 3850 1519 3890 eo
1571 3836 1854 3893 decretum
1883 3846 1991 3905 est,

414 3922 510 3990 qui
547 3935 672 3975 eum
705 3920 939 3976 occidet.
977 3921 1103 3977 Haec
1128 3933 1212 3978 est
1246 3928 1512 3980 sententia
1554 3942 1655 3984 sua
1704 3940 1897 3988 soonte
1925 3948 1994 3987 ex

417 4011 593 4082 prima
631 4012 867 4068 lectione
896 4013 1057 4070 nobis
1086 4030 1410 4071 occurrens.

446 4295 450 4300 '
487 4279 542 4333 5.
596 4278 702 4349 Sed
741 4278 868 4351 quia
920 4285 1058 4339 solet
1103 4285 1373 4355 profunda
1423 4290 1660 4345 scrutari
1706 4290 1991 4349 hominum

419 4370 627 4427 laboris
656 4374 955 4428 amantium
1003 4377 1220 4432 animus
1242 4419 1256 4445 ,
1295 4381 1493 4449 quaerit
1522 4384 1802 4451 quomodo
1827 4385 1995 4455 justi—

417 4466 494 4517 tia
533 4466 586 4519 in
614 4465 953 4540 septemplici
987 4469 1371 4541 adimpleatur,
1395 4484 1450 4529 et
1483 4474 1618 4545 quid
1648 4476 1760 4531 sint
1789 4477 1857 4531 τὰ
1898 4481 1990 4533 ἐκ·
2020 4463 2065 4519 Ῑ)

413 4555 711 4628 δικούμενα
732 4599 747 4623 ,
780 4566 962 4613 utrum
990 4570 1211 4630 peccata
1240 4571 1466 4633 septem,
1495 4581 1565 4621 an
1595 4582 1763 4621 unum
1795 4584 1992 4639 pecca-

384 4661 553 4733 _tnm,
588 4659 641 4707 et
675 4661 880 4723 septem
913 4669 1011 4724 pro
1039 4671 1150 4711 uno
1181 4660 1487 4730 supplicia?
1512 4660 1738 4731 Semper
1769 4663 1988 4733 quidem

420 4740 706 4814 Scriptura
744 4745 1121 4803 remissionem
1163 4757 1511 4819 peccatorum
1541 4767 1772 4808 numero
1811 4765 1990 4825 septe-

413 4833 572 4913 nario
593 4835 803 4891 deﬁnit.
844 4836 1086 4904 Quoties,
1118 4840 1315 4910 inquit,
1341 4842 1573 4910 peccabit
1611 4843 1665 4897 in
1695 4861 1775 4899 me
1798 4846 1988 4913 frater,

412 4910 759 4982 et'remiuam
786 4928 868 4983 illi
900 4928 1115 5001 (Petrus
1137 4940 1221 4988 cst
1243 4933 1336 5003 qui
1364 4934 1480 4988 haec
1510 4934 1740 4992 Domino
1773 4910 1908 4993 dicit
1928 4910 1989 5002 )‘i

488 5080 508 5111 ⁸
545 5081 682 5137 Gen.
725 5098 801 5149 IV,
842 5082 932 5139 15.
1008 5085 1028 5114 ⁷
1068 5083 1090 5139 ι
1125 5084 1266 5139 Tim.
1309 5101 1384 5153 tv,
1411 5088 1507 5150 15.

462 5194 765 5301 ςὲξθὶζζερὶ
802 5197 909 5265 τὰς
947 5199 1329 5271 Ἐκκλησίας.
1365 5200 1457 5259 Sic
1492 5218 1627 5260 mss.
1668 5213 1814 5260 octo.
1844 5203 1990 5261 Editi

418 5281 938 5417 ﬂ'fgittfnf'cmqaéou.
994 5338 1300 5417 Post_han_c
1361 5356 1550 5417 vocem
1599 5344 1805 5417 addunt
1860 5344 1992 5417 editi

421 5410 608 5499 ποις)ιὲ
637 5410 781 5490 quod
814 5410 1010 5499 melius
1037 5412 1209 5499 multo
1236 5413 1434 5499 deesse
1460 5414 1634 5467 visum
1664 5423 1749 5499 est
1778 5416 1832 5499 in
1862 5416 1994 5471 duo-

418 5473 521 5528 bus
568 5473 772 5547 Rogiis,
817 5477 990 5551 Bigot.
1034 5480 1228 5546 altero,
1288 5481 1461 5537 Coisl.
1508 5485 1751 5540 secundo
1775 5494 1831 5542 et
1882 5501 1994 5541 uno

417 5543 752 5601 Colbertino.

490 5587 1002 5693 i'ljlé‘gdpngrar.
1038 5620 1203 5677 Coisl.
1235 5622 1442 5691 primus
1460 5621 1744 5693 ὲόάρυναν.

489 5686 606 5758 (92)
651 5687 1021 5758 Ἐπανάγεις.
1067 5693 1142 5747 Ita
1193 5686 1308 5748 tr'es
1355 5686 1713 5750 vetustissimi
1749 5696 1988 5755 codices.

420 5751 561 5807 Editi
584 5751 952 5826 ἐπανήγαγὲς.

2092 3276 2360 3347 ἥμαρτεν.
2396 3276 2469 3329 Οὐ
2503 3276 2612 3346 γάρ
2637 3276 2751 3328 ἐστι
2779 3275 2987 3328 δικαίου
3018 3274 3205 3347 κριτοῦ
3231 3276 3355 3339 ἴσας
3392 3275 3535 3347 πρὸς
3565 3275 3678 3338 ἴσας

2093 3364 2293 3435 ὁρίζειν
2317 3365 2416 3428 τὰς
2448 3366 2745 3428 ἀντιδόσεις
2773 3366 2885 3437 (25)
2907 3383 2921 3396 ·
2945 3365 3061 3419 ἀλλ’
3084 3366 3296 3437 ἀνάγκη
3318 3406 3333 3432 ,
3362 3366 3457 3419 τὸν
3480 3367 3679 3437 κατάρ-

2096 3456 2259 3520 ξαντα
2290 3456 2462 3510 κακοῦ
2497 3457 2634 3528 μετὰ
2684 3456 3005 3528 προσθήκης
3057 3457 3312 3511 ἀποτίσαι
3362 3456 3435 3511 τά
3472 3457 3677 3527 ὀφειλό-

2098 3566 2263 3619 μενα,
2319 3550 2367 3600 εί
2410 3546 2591 3618 μέλλοι
2629 3550 2788 3613 αὐτός
2839 3567 2900 3602 τε
2956 3548 3178 3618 βελτίων
3229 3551 3353 3613 ταῖς
3387 3552 3676 3622 τιμωρίαις

2094 3639 2457 3709 γενήσεσθαι,
2483 3639 2574 3691 καὶ
2607 3639 2731 3702 τοὺς
2764 3637 2985 3701 λοιποὺς
3017 3639 3495 3710 σωφρονεστέρους
3527 3641 3676 3711 ποιή·

2096 3746 2209 3783 σειν
2240 3730 2352 3804 (26)
2394 3730 2471 3801 τῷ
2502 3730 2882 3801 ὑποδείγματι.
2918 3731 3127 3784 Οὐκοῦν
3146 3770 3162 3796 ,
3193 3731 3384 3803 ἐπειδὴ
3422 3732 3674 3785 τέτακται

2095 3820 2324 3883 ἐπτάκις
2368 3820 2764 3891 ἀποπληρῶσαι
2805 3820 2906 3892 τὴν
2939 3821 3093 3892 δίκην
3118 3821 3226 3875 τῶν
3268 3823 3674 3893 ἡμαρτημένων

2092 3911 2186 3965 τὸν
2216 3914 2358 3966 Κάῖν
2382 3953 2396 3977 ,
2432 3913 2733 3983 παραλύσει
2753 3954 2767 3978 ,
2800 3914 2957 3984 φησὶ,
2988 3914 3149 3967 τοῦτο
3174 3914 3235 3967 τὸ
3265 3916 3372 3968 ὑπὸ
3399 3916 3503 3987 τῆς
3532 3916 3675 3980 θείας

2095 4003 2330 4073 κρίσεως
2369 4004 2455 4056 ἐπ’
2486 4002 2635 4074 αὑτῷ
2663 4003 2981 4075 δεδογμένον
3003 4045 3017 4070 ,
3061 4005 3091 4057 ὀ
3133 4007 3465 4071 ἀποκτείνας
3498 4007 3671 4063 αὐτόν.

2096 4088 2265 4157 Οὗτός
2292 4095 2438 4147 ἐστιν
2462 4096 2490 4147 ὁ
2522 4094 2645 4157 νοῦς
2680 4097 2709 4148 ὁ
2745 4094 2997 4148 ἐντεῦθεν
3031 4096 3138 4148 ἀπὸ
3176 4096 3278 4166 τῆς
3310 4098 3540 4170 πρώτης
3562 4100 3676 4152 ἀνα·

2095 4182 2349 4251 γνώσεως
2379 4185 2512 4255 ἡμῖν
2542 4183 2925 4257 προσπίπτων.

2164 4298 2218 4351 5.
2262 4297 2478 4369 Ἐπειδὴ
2510 4297 2568 4351 δὲ
2597 4297 2826 4369 ἐρευνᾷν
2856 4297 3068 4367 πέφυκε
3095 4298 3165 4352 τὸ.
3205 4297 3349 4370 βάθη
3388 4299 3499 4353 τῶν
3536 4301 3674 4371 φιλο-

2098 4390 2419 4461 πονωτέρων
2461 4392 2493 4462 ἡ
2527 4390 2735 4444 διάνοια
2755 4431 2770 4455 ,
2803 4390 3083 4462 ἐπιζητεῖ,
3128 4390 3189 4443 τὸ
3217 4390 3429 4445 δίκαιον
3478 4393 3593 4456 πῶς
3621 4395 3672 4445 ἐν

2092 4481 2171 4552 τῷ
2208 4483 2435 4546 ἑπτάκις
2482 4482 2898 4553 ἀποπληροῦται
2918 4523 2933 4549 ,
2980 4484 3077 4537 καὶ
3110 4482 3163 4535 τί
3191 4483 3262 4536 τά
3296 4484 3669 4556 ἐκδικούμενα,

2091 4574 2320 4645 πότερον
2371 4574 2441 4628 τὰ
2485 4574 2875 4646 ἁμαρτηθέντα
2903 4576 3047 4629 ἑπτά
3075 4576 3225 4627 ἐστιν
3249 4614 3264 4639 ,
3295 4576 3331 4647 ἧ
3374 4576 3435 4629 ἓν
3482 4578 3579 4649 μὲν
3618 4577 3671 4630 τδ

2094 4665 2396 4736 ἁμάρτημα
2421 4705 2435 4729 ,
2469 4665 2610 4719 ἐπτά
2655 4666 2714 4719 δὲ
2766 4666 2860 4719 ἐπὶ
2910 4665 2990 4736 τῷ
3028 4666 3109 4719 ἐνὶ
3146 4666 3204 4718 αἱ
3239 4666 3528 4731 κολάσειςς
3574 4667 3672 4721 ’Δεὶ

2096 4757 2193 4828 μὲν
2221 4752 2313 4811 οὖν
2350 4758 2383 4827 ἡ
2419 4756 2609 4828 Γραφὴ
2642 4757 2735 4810 τὸν
2781 4756 2880 4827 τῆς
2929 4758 3180 4825 ἀφέσεως
3207 4756 3319 4810 τῶν
3352 4758 3672 4830 ἁμαρτημά-

2096 4864 2206 4901 των
2238 4848 2469 4919 ἀριθμὸν
2498 4850 2555 4901 ἐν
2585 4851 2698 4912 τοῖς
2723 4848 2865 4902 ἑπτά
2891 4848 3214 4920 περιορίζει.
3247 4850 3521 4917 Πυσὰκις
3546 4852 3668 4922 (9.7),

2099 4942 2294 5012 φησιν,
2328 4940 2658 5011 ἁμαρτήσει
2711 4943 2798 5007 εἰς
2847 4940 2953 5011 ἐμὲ
3003 4944 3037 4995 ὁ
3069 4940 3339 5011 ἀδελφός
3382 4960 3548 5011 μου,
3582 4942 3670 4997 καὶ

2169 5205 2304 5276 (25)-
2331 5205 2767 5276 Ἐπιδέξασθαι.
2800 5204 3058 5276 Nonnulli
3133 5205 3358 5263 codices
3408 5206 3671 5272 ἐπιδείξα-

2100 5274 2244 5331 σθαι.
2262 5274 2505 5341 Quidam
2534 5277 2626 5329 alii
2662 5275 3064 5341 ὑποδείξασθαι.

2070 5406 2078 5414 ,
2169 5347 2281 5417 (24)
2304 5415 2311 5417 _
2332 5344 2796 5417 Ἃπορρῦναιέιιει
2819 5345 2969 5400 Harl.
2993 5353 3051 5402 et
3077 5343 3249 5403 Coisl.
3276 5346 3516 5417 primus.
3538 5345 3667 5401 Med.

2098 5414 2423 5471 ἀποδιδόναι.
2446 5414 2587 5470 Editi
2623 5415 2827 5470 δοῦναι.

2171 5486 2282 5558 (25)
2323 5484 2690 5551 Ἀντιδόσεις.
2726 5484 2800 5558 l_ta
2840 5483 2992 5558 Harl.
3032 5493 3088 5540 et
3113 5484 3287 5543 Coisl.
3317 5486 3533 5558 primus
3553 5497 3665 5541 cum

2098 5554 2399 5625 An‘gliCano
2421 5563 2614 5625 etiuno
2641 5571 2708 5610 ex
2737 5554 2943 5624 Regiis.

2175 5624 2287 5698 (26)
2348 5624 2650 5691 Ποιήσειν.
2707 5625 2861 5679 Multi
2920 5624 3141 5682 codices
3192 5626 3287 5682 sed
3342 5627 3664 5683 recentiores

2100 5699 2293 5750 ποιεῖν.

2171 5767 2281 5837 (27)
2329 5764 2613 5833 Ποσάκις.
2664 5764 2806 5821 Editi
2863 5765 3070 5822 addunt
3121 5766 3259 5837 γὰρ,
3311 5782 3437 5837 qua:
3480 5762 3660 5822 vocula
