3878 6222
401 310 509 368 959

1738 321 1797 378 S.
1833 320 2082 377 BASILII
2118 321 2335 378 MAGNI

402 431 503 494 sic,
536 431 589 487 id
618 440 720 501 est,
750 450 862 492 non
908 438 1200 495 occideris.
1246 439 1486 496 Lucrum
1517 457 1664 497 enim
1712 457 1865 499 mors
1895 451 1980 499 est

2107 443 2232 514 ιύτῷ
2263 443 2356 496 ἐπὶ
2407 441 2485 513 τῷ
2515 420 2692 513 φόνῳ,
2730 443 2805 506 ὡς
2831 438 2954 496 οὔτε
2988 440 3097 495 ἀπὸ
3124 439 3249 512 γῆς,
3290 438 3421 493 οὔτε
3456 439 3558 492 ἀπ’
3582 439 3683 492 οὐ-

406 522 495 581 his
529 526 623 595 qui
674 531 1001 598 puniuntur,
1040 532 1368 589 solutionem
1413 533 1648 590 aﬂ‘erens
1694 550 1758 590 ex
1811 537 1984 590 mole-

407 615 552 671 stiis.
586 615 692 672 Sed
742 620 1073 689 produceris
1103 625 1161 677 in
1186 624 1333 690 vita,
1366 633 1426 679 ut
1469 640 1570 696 pro
1607 626 1819 680 meritis
1856 642 1984 696 pec-

410 716 659 761 catorum
685 711 1054 779 rependantur
1083 714 1178 768 tibi
1200 715 1491 785 supplicia.
1518 716 1789 781 Quoniam
1819 716 1986 786 igitur

414 796 549 851 illud
573 800 955 872 ὲκδικούμενον
978 804 1184 875 duplici
1215 822 1379 861 sensu
1416 807 1757 878 intelligitur,
1789 824 1985 878 nempe

414 898 721 959 peccatum,
771 894 859 947 cui
908 896 1150 950 vindicta
1190 897 1477 968 inﬂigitur,
1521 905 1574 954 et
1623 900 1820 955 modus
1854 915 1986 968 sup-

416 981 587 1049 plicii,
634 998 730 1051 per
789 984 934 1055 quod
977 988 1259 1056 vindicta;
1316 990 1597 1046 videamus
1639 1006 1708 1044 an
1779 1001 1983 1060 septem

415 1072 808 1139 suppliciorum
862 1077 1009 1132 modi
1072 1078 1266 1133 inllicti
1315 1080 1522 1135 fuerint
1576 1082 1648 1146 ei,
1700 1082 1793 1151 qui
1844 1080 1985 1135 male

410 1162 635 1218 fecerat.

408 1258 571 1329 τηθὲν
600 1299 614 1324 ,

2088 537 2248 608 ρανοῦ
2277 536 2611 607 ἀντιλήψεως
2646 535 2796 606 αὐτῷ
2826 534 3149 605 λειπομένης
3169 550 3182 564 ·
3221 534 3440 586 Ἔσται
3460 571 3477 595 ,
3513 531 3679 600 φησι,

2085 625 2205 692 πᾶς
2249 629 2283 679 ό
2323 626 2623 694 εὑρίσκω·
2642 641 2753 695 με,
2781 623 3106 679 ἀποκτενεῖ
3146 640 3244 693 με·
3311 621 3537 690 ἐλέγχει
3566 621 3679 691 (Si)

2085 717 2250 772 αὑτοῦ
2284 717 2344 770 τὸ
2386 716 2610 787 σφάλμα
2654 717 2682 768 ὁ
2713 716 2871 783 λόγος
2913 715 3114 782 λέγων,
3146 717 3272 782 Οὐχ
3305 713 3465 766 οὕτω
3485 752 3501 776 ,
3534 728 3685 764 τουτο

2089 808 2258 871 ἐστιν,
2290 808 2390 859 οὑκ
2430 806 2783 878 ἀναιρεθήσῃ.
2819 806 3025 878 Κέρδος
3056 804 3167 875 γὰρ
3211 806 3330 866 τοῖς
3372 802 3683 872 κολαζομέ-

2088 915 2200 962 νοις
2248 901 2276 952 ὁ
2326 898 2555 962 θάνατος
2580 937 2595 962 ,
2641 897 2960 968 ἀπαλλαγὴν
3012 898 3194 967 φέρων
3225 895 3337 948 τῶν
3382 893 3678 964 λυπηρῶν.

2102 993 2263 1047 Ἀλλὰ
2323 992 2689 1065 παραταθήσῃ
2739 990 2817 1062 τῷ
2863 990 2961 1060 βίῳ
2983 1032 2999 1057 ,
3040 989 3130 1043 ἴνα
3174 988 3296 1041 κατ’
3349 987 3517 1052 ἀξίαν
3570 985 3683 1037 τῶν

2087 1083 2493 1154 ἡμαρτημένων
2513 1082 2880 1153 ἀντιμετρηθῇ
2913 1098 2995 1133 σοι
3013 1079 3081 1133 τὰ
3102 1079 3468 1149 κολαστήρια.
3501 1077 3684 1128 Ἐπει-

2089 1173 2153 1245 δὴ
2186 1174 2243 1226 δὲ
2275 1174 2337 1226 τὸ
2366 1172 2745 1243 ὲκδικούμενον
2793 1171 2955 1243 διχῶς
2996 1174 3196 1224 νοεῖται
3216 1209 3232 1234 ,
3282 1169 3346 1222 τό
3402 1185 3467 1220 τε
3502 1168 3685 1237 ἁμαρ-

701 1262 787 1330 ἐφ’
836 1256 881 1330 ᾧ
934 1265 967 1335 ἡ
1032 1265 1357 1337 ἐκδίκησις,
1419 1268 1513 1321 καὶ
1576 1268 1605 1320 ὁ
1665 1266 1867 1339 τρόπος
1923 1268 2022 1340 τῆς
2087 1269 2408 1336 κολάσεως,
2460 1269 2509 1322 δι
2575 1263 2634 1322 οὗ
2684 1270 2718 1338 ή
2774 1266 3053 1337 ἐκδίκησις
3085 1280 3101 1296 ·
3165 1264 3370 1333 ἴδωμεν
3436 1262 3489 1314 εί
3542 1259 3683 1312 ἑπτὰ

407 1350 599 1422 τρόποι
643 1352 1076 1426 βασανιστηρίων
1125 1358 1510 1429 ἐπήνέχθησαν
1545 1358 1653 1428 (55)
1699 1358 1779 1430 τῷ
1824 1361 2302 1431 πονηρευσαμένῳ.

480 1444 535 1500 4.
562 1445 780 1516 Septem
811 1449 1030 1517 quidem
1055 1459 1281 1520 peccata
1306 1451 1459 1505 Caiui
1485 1454 1734 1522 superior
1755 1467 1984 1507 enume-

409 1536 551 1589 ravit
601 1539 801 1593 oratio.
854 1538 1011 1594 Nunc
1062 1548 1245 1596 autem
1292 1544 1587 1612 quaerimus
1632 1558 1703 1597 an
1756 1549 1983 1612 septena

408 1628 541 1691 sint,
585 1644 705 1697 quae
760 1630 862 1698 ipsi
907 1630 973 1684 ad
1019 1633 1345 1701 supplicium
1392 1635 1749 1701 inferuntur;
1795 1649 1858 1688 ac
1904 1635 1985 1688 sic

2153 1453 2206 1507 4.
2248 1453 2329 1506 Τὰ
2356 1482 2357 1485 η
2387 1453 2484 1523 μὲν
2531 1444 2622 1506 οὖν
2677 1450 2818 1504 ἑπτὰ
2862 1450 3233 1520 ἁμαρτήματα
3288 1444 3387 1499 τοῦ
3426 1444 3578 1498 Κάῖν
3624 1444 3683 1496 ἐν

2083 1548 2198 1609 τοῖς
2218 1544 2448 1599 κατόπιν
2473 1546 2501 1597 ὁ
2526 1543 2684 1612 λόγος
2706 1541 3149 1613 ἀπηριθμήσατο.
3175 1536 3292 1592 Νὖν
3310 1536 3368 1589 δὲ
3401 1530 3680 1603 ζητοῦμεν

2085 1637 2134 1689 εἰ
2192 1635 2333 1688 ἑπτά
2383 1635 2597 1687 ἐστιτὰ
2641 1636 2722 1695 εἰς
2765 1632 2985 1685 κόλασιν
3025 1629 3175 1701 αὐτῷ
3205 1626 3563 1696 ὲπαγὸμενα,
3591 1620 3683 1674 καί

408 1715 755 1772 disserimus.
786 1719 1145 1791 Interrogavit
1195 1722 1460 1779 Dominus
1488 1725 1531 1756 ”
1565 1745 1578 1781 :
1618 1723 1716 1778 Ubi
1744 1734 1823 1779 est
1851 1723 1985 1778 Abel

2107 1741 2271 1796 ραμεν
2300 1723 2472 1787 οὕτως
2490 1724 2619 1795 (56).
2637 1723 2792 1776 Μετὰ
2816 1722 2914 1793 τὴν
2937 1719 3127 1774 πεῦσιν
3150 1718 3244 1772 τοῦ
3278 1715 3521 1787 Κυρίου,
3558 1711 3680 1764 Ποῦ

2107 1819 2193 1826 ..Α
2239 1821 2255 1826 -
2313 1819 2325 1826 .
2371 1816 2426 1826 ..ι
2477 1820 2493 1826 -
2568 1818 2579 1826 .
2846 1815 2865 1826 ιε
2984 1813 2994 1826 ι
3044 1811 3055 1826 ὶ
3189 1809 3273 1826 ἢν
3325 1805 3660 1826 ηηθιι->-----

411 1807 579 1876 frater
603 1813 765 1865 tuus?
796 1813 939 1881 quod
973 1815 1192 1884 quidem
1227 1830 1338 1869 non
1382 1816 1593 1872 discere
1622 1817 1839 1881 volens,
1888 1816 1984 1872 sed

410 1900 742 1970 paenitentiae
800 1905 877 1958 illi
946 1906 1297 1961 occasionem
1364 1909 1654 1977 praebens,
1715 1909 1984 1979 benignus

410 1989 675 2048 Dominus
718 1996 991 2065 quwsivit,
1048 2004 1108 2052 ut
1164 1998 1546 2054 demonstrant
1607 2002 1724 2071 ipsa
1794 2002 1982 2055 verba.

409 2083 705 2156 Postquam
744 2090 889 2143 enim
930 2091 1151 2161 negavit
1195 2092 1305 2154 ille,
1346 2093 1458 2153 cito
1500 2093 1706 2163 arguit,
1741 2092 1931 2147 dicens
1969 2110 1983 2146 :

419 2177 535 2232 Vox
585 2182 865 2250 sanguinis
918 2181 1107 2249 fratris
1150 2183 1228 2235 tui
1268 2183 1468 2236 clamat
1521 2184 1591 2237 ad
1645 2200 1746 2239 me.
1807 2182 1988 2249 Quare

410 2269 567 2335 illud,
599 2268 700 2323 Ubi
723 2280 801 2324 est
829 2271 958 2324 Abel
980 2271 1152 2341 frater
1176 2281 1297 2327 tuus
1319 2273 1344 2325 ?
1363 2273 1710 2327 occasionem
1745 2274 1795 2327 ei
1823 2273 1988 2327 dabat

408 2362 786 2431 persentieudi
819 2366 1052 2435 peccati,
1095 2381 1206 2419 non
1242 2364 1353 2420 Deo
1384 2365 1755 2435 cognitionem
1785 2366 1978 2420 affere-

410 2452 527 2506 bat.
577 2452 711 2507 Nam
757 2456 801 2510 si
847 2456 1119 2510 caruisset
1148 2455 1490 2525 inspectione
1518 2452 1636 2522 Dei,
1665 2460 1985 2523 praetextum

412 2543 734 2611 habuisset,
769 2553 828 2600 ut
860 2546 1176 2611 derelictus,
1227 2561 1330 2600 nec
1365 2546 1477 2600 ullo
1514 2546 1821 2600 instructus
1851 2558 1988 2614 prae-

414 2635 557 2689 sidio
607 2636 674 2690 ad
725 2638 1132 2706 paenitentiam.
1186 2636 1344 2691 Nunc
1405 2644 1587 2691 autem
1640 2634 1891 2705 apparuit
1937 2634 1988 2688 ei

412 2725 682 2788 medicus,
710 2736 769 2780 ut
813 2727 880 2781 ad
927 2743 1050 2782 eum
1089 2738 1326 2798 aegrotus
1354 2726 1652 2797 confugiat.
1683 2728 1778 2782 llle
1808 2733 1986 2780 autem

415 2828 531 2867 non
577 2816 740 2869 modo
773 2815 940 2887 393
982 2817 1276 2871 abscondit
1307 2817 1487 2882 ulcus,
1523 2817 1616 2872 sed
1650 2816 1798 2871 aliud
1833 2816 1990 2871 insu-

414 2921 511 2976 per
551 2906 732 2972 ellicit,
785 2909 919 2961 caedi
982 2909 1329 2964 mendacium
1396 2910 1724 2981 adjungens,
1771 2909 1987 2965 Nescio.

415 2994 561 3048 Nam
600 3006 775 3050 custos
816 2998 1003 3066 fratris
1058 3000 1159 3052 mei
1196 3016 1315 3053 sum
1353 3003 1491 3070 ego?
1531 2998 1660 3055 Inde
1696 3001 1810 3069 jam
1846 3017 1987 3055 enu-

2089 1819 2259 1871 'A6’s.1
2292 1819 2325 1871 ὀ
2352 1816 2614 1885 ἀδελφός
2633 1831 2786 1880 σου;
2840 1815 2906 1884 ἣν
2943 1811 3066 1882 οὐχὶ
3110 1809 3303 1881 μαθεῖν
3324 1805 3680 1877 βουλόμενος,

2084 1910 2222 1963 ἀλλὰ
2254 1909 2540 1981 μετανοίας
2572 1907 2722 1979 αὐτῷ
2737 1904 2990 1978 ἀφορμὴν
3012 1903 3409 1975 παρεχόμενος,
3443 1901 3472 1950 ό
3488 1896 3681 1964 φιλαν-

2086 2002 2301 2073 θρωπος
2371 2001 2647 2070 Δεσπότης
2696 1999 3066 2069 προσήγαγεν,
3119 1995 3195 2056 ὼς
3260 1990 3418 2061 δηλοῖ
3445 1987 3596 2044 αὐτὰ
3615 1987 3685 2038 τὰ

2089 2092 2328 2164 ῥήματα.
2386 2087 2793 2160 Ἀρνησαμένου
2823 2087 2934 2156 γὰρ
2989 2083 3177 2148 αὑτοῦ,
3225 2081 3403 2150 ταχὺν
3447 2079 3684 2131 ποιεῖται

2084 2183 2176 2236 τὸν
2193 2183 2433 2253 ἔλεγχον,
2463 2180 2630 2234 εἰπών
2655 2197 2668 2210 ·
2696 2179 2867 2245 Φωνὴ
2890 2179 3139 2246 αἳματος
3148 2174 3255 2227 τοῦ
3271 2169 3554 2239 ἀδελφοῦ
3570 2183 3684 2222 σου

2081 2271 2204 2339 ,βοᾷ
2226 2274 2373 2343 πρὸς
2390 2272 2484 2343 μέ.
2525 2274 2686 2325 Ὥστε
2715 2272 2796 2335 τὸ,
2820 2270 2946 2323 Ποῦ
2982 2270 3154 2323 Ἅϐελ
3179 2269 3212 2320 ὁ
3234 2264 3511 2332 ἀδελφός
3534 2276 3686 2321 cev:

2086 2367 2281 2437 ἐκείνῳ
2310 2364 2563 2436 ἀφορμὴν
2593 2363 2764 2416 ἐδίδου
2807 2363 2905 2433 τῆς
2937 2359 3345 2430 συναισθήσεως
3376 2354 3480 2408 τοῦ
3502 2356 3686 2423 ἡμαρ-

2085 2475 2151 2527 τη
2162 2458 2341 2529 μένου,
2368 2458 2428 2510 ού
2480 2455 2558 2526 τῷ
2602 2453 2720 2524 Θεῷ
2753 2454 2961 2521 ἐγίνετο
3005 2449 3353 2510 διδασκαλίας
3398 2445 3681 2517 πρόξενον.

2088 2550 2152 2601 Ei
2188 2548 2297 2619 γὰρ
2331 2548 2404 2617 μὴ
2438 2546 2626 2615 ἔτυχεν
2658 2543 2962 2613 ἐπισκοπῆς
2993 2540 3150 2603 Θεοῦ,
3187 2535 3334 2608 εἶχεν
3373 2536 3444 2589 ἂν
3469 2534 3683 2604 πρόφα-

2089 2657 2172 2693 σιν
2200 2639 2276 2703 ὡς
2301 2637 2881 2708 ἐγκαταλελειμμένος,
2906 2635 2999 2688 καὶ
3022 2630 3278 2702 οὐδεμίαν
3302 2628 3492 2682 λαϐὼν
3524 2630 3681 2696 ἀφορ-

2093 2731 2198 2802 μὴν
2244 2733 2324 2793 εἰς
2379 2730 2688 2800 μετάνοιαν.
2716 2726 2830 2780 Νῦν
2860 2726 2917 2778 δὲ
2952 2725 3194 2814 ἐπεφάνη
3234 2722 3386 2792 αὐτῷ
3412 2723 3443 2774 ὁ
3475 2718 3678 2790 ἰατρὸς.

2092 2823 2180 2876 ἵνα
2209 2821 2496 2893 προσφύγῃ
2552 2819 2702 2890 αὐτῷ
2731 2819 2842 2889 ('57)
2866 2820 2894 2870 ὁ
2926 2810 3189 2870 ἀσθενῶν.
3235 2817 3292 2867 '0
3337 2814 3396 2865 δὲ
3427 2812 3492 2865 οὐ
3527 2810 3683 2882 μόνον

2090 2916 2150 2967 οὐ
2166 2914 2297 2985 (⁸57⁸)
2311 2913 2541 2983 κρύπτει
2562 2912 2623 2964 τὸ
2644 2912 2819 2975 ἓλκος,
2836 2909 2970 2963 ἀλλὰ
2987 2908 3080 2962 καὶ
3105 2908 3191 2961 ἓτε
3202 2924 3292 2978 ρον
3310 2903 3545 2976 προσεξε
3555 2901 3685 2973 ργὰ-

2054 3050 2057 3051 ν
2092 3005 2261 3067 ζεται,
2279 3004 2356 3074 τῷ
2378 3005 2521 3074 φόνῳ
2542 3004 2602 3055 τὸ
2621 3002 2812 3072 ψεῦδος
2832 2999 3237 3062 ὲπισυνὰπτων,
3260 3000 3383 3050 Οὐκ
3408 2991 3565 3049 οἶδα.
3591 2993 3681 3059 Μὴ

416 3102 563 3141 mera
608 3090 895 3159 supplicia.
932 3089 1225 3145 Maledicta
1262 3102 1405 3145 terra
1440 3101 1653 3160 propter
1698 3101 1767 3147 te.
1806 3091 1981 3147 Unum

2107 3096 2291 3160 ρύλαξ
2323 3095 2431 3148 τοῦ
2461 3090 2727 3161 ἀδελφοῦ
2759 3109 2877 3161 μου
2903 3089 3019 3157 εἰμὶ
3063 3089 3210 3158 ἐγὼ;
3256 3084 3549 3140 Ἐντεῦθεν
3578 3083 3685 3135 λοι-

416 3178 772 3246 supplicium.
823 3178 1136 3247 Operaberis
1166 3189 1387 3236 terram.
1426 3182 1589 3235 Aliud
1639 3182 1991 3252 supplicium.

417 3268 730 3325 Necessitas
759 3272 903 3325 enim
938 3287 1139 3326 arcana
1163 3272 1411 3342 quaedam
1456 3273 1710 3343 imposita
1752 3274 1829 3327 illi
1858 3282 1993 3336 erat,

420 3362 489 3415 ad
525 3377 664 3431 opus
701 3364 1052 3433 agriculturae
1092 3381 1316 3435 urgens,
1344 3366 1421 3418 ita
1450 3373 1606 3419 utne
1635 3365 1838 3419 volenti
1872 3367 1996 3435 qui-

419 3455 542 3508 dem
586 3454 772 3509 liceret
795 3457 1155 3525 requiescere,
1170 3456 1261 3512 sed
1282 3471 1496 3525 semper
1515 3458 1853 3511 cruciaretur
1874 3472 1997 3511 cum

419 3547 642 3602 inimica
674 3561 774 3601 sua
805 3556 973 3613 terra,
1010 3565 1171 3618 quam
1222 3548 1568 3603 maledictam
1615 3549 1733 3619 ipse
1779 3549 1881 3604 sibi
1930 3548 2004 3602 fe-

406 3646 601 3704 cerat,
636 3640 883 3709 polluens
909 3655 1030 3695 eam
1061 3640 1305 3697 fraterno
1340 3644 1626 3713 sanguine.
1687 3640 2000 3709 Operaberis

423 3745 558 3801 ergo
592 3740 809 3783 terram.
864 3729 1044 3786 Grave
1084 3732 1433 3801 supplicium,
1463 3746 1587 3785 cum
1622 3731 1709 3795 iis,
1751 3731 1841 3800 qui
1878 3729 2002 3784 odio

430 3823 655 3883 habent,
681 3821 905 3893 degere,
939 3822 1194 3877 comitem
1227 3824 1431 3878 habere
1468 3822 1703 3885 hostem,
1744 3823 2003 3891 implaca-

436 3915 600 3969 llilem
639 3914 943 3968 inimicum.
990 3913 1302 3984 Operaberis
1354 3922 1590 3975 terram;
1626 3914 1731 3967 hoc
1771 3921 1878 3977 est,
1919 3914 1997 3966 in-

439 4015 621 4062 tentus
661 4006 731 4061 ad
773 4021 940 4077 opera
991 4006 1375 4076 agriculturae,
1412 4007 1622 4059 nullum
1673 4013 1887 4075 tempus
1917 4020 2006 4057 re-

440 4098 649 4161 mittes,
702 4111 804 4150 nec
860 4104 1022 4151 nocte
1073 4111 1177 4151 nec
1228 4095 1316 4150 die
1361 4097 1576 4151 solutus
1626 4111 1657 4149 a
1705 4095 2005 4159 laboribus,

402 4186 536 4242 sed
584 4187 806 4241 domino
854 4187 1092 4256 quodam
1146 4188 1346 4242 acerbo
1392 4187 1766 4243 molestiorem
1801 4187 2008 4241 habens

435 4292 696 4332 arcanam
754 4279 1158 4345 necessitatem,
1190 4279 1258 4332 ad
1286 4294 1450 4350 opera
1476 4287 1531 4335 te
1569 4280 1906 4335 ineitantem.
1941 4277 2009 4331 Et

2096 3190 2196 3242 πδν
2250 3187 2471 3259 ἀρίθμει
2526 3186 2636 3254 (58)
2671 3184 2770 3247 τὰς
2804 3183 3095 3254 τιμωρίας.
3137 3177 3610 3245 Ἐπικατάρατος
3642 3176 3678 3242 ἡ

2097 3280 2173 3352 γῆ
2207 3280 2326 3334 ἀπὸ
2351 3279 2486 3332 σοῦ.
2508 3278 2624 3331 Μία
2652 3276 2892 3338 κόλασις.
2932 3271 3109 3342 Ἐργᾷ
3137 3271 3254 3339 τὴν
3271 3269 3413 3341 γῆν.
3447 3268 3683 3335 Δευτέρα

2099 3372 2258 3443 αὕτη.
2312 3370 2548 3441 Ἀνάγκη
2598 3369 2704 3439 γάρ
2748 3384 2829 3429 τις
2868 3366 3106 3437 ἄρῤητος
3139 3362 3287 3433 αὐτῷ
3336 3360 3679 3424 συνέζευκτο,

2100 3465 2236 3536 πρὸς
2282 3463 2344 3516 τὸ
2392 3462 2550 3533 ἔργον
2590 3462 2690 3530 τῆς
2713 3459 2819 3529 γῆς
2848 3458 3008 3512 αὑτὸν
3048 3455 3495 3521 κατεπείγουσα·
3548 3452 3679 3505 ὥστε

2106 3555 2240 3627 μηδὲ
2279 3553 2587 3624 βουλομένῳ
2617 3550 2763 3621 αύτῷ
2793 3549 2993 3614 ἐξεῖναι
3029 3546 3433 3608 ἀναπαύεσθαι,
3460 3544 3577 3596 ἀλλ’
3604 3544 3684 3594 ἀεὶ

2103 3646 2264 3699 αὑτὸν
2318 3642 2920 3717 προσταλαιπωρείσθαι
2954 3643 3018 3711 τῇ
3060 3638 3230 3710 ἐχθρᾷ
3267 3636 3436 3691 αὑτοῦ
3475 3638 3571 3706 γῇ,
3624 3637 3682 3703 ἦν

2104 3737 2503 3808 ὲπικατὰρατον
2546 3732 2710 3797 αὐτὸς
2739 3731 2916 3803 ἑαυτῷ
2940 3732 3050 3802 ('59)
3086 3730 3333 3800 εποίησε.
3366 3728 3571 3799 μιάνας
3594 3728 3684 3779 αὖε

2103 3831 2204 3902 τὴν
2262 3828 2534 3898 ἀδελφικῷ
2594 3828 2807 3896 αἵματι.
2851 3824 3022 3895 Ἐργᾷ
3057 3819 3151 3877 οὖν
3191 3823 3308 3890 τὴν
3348 3821 3493 3891 γῆν.
3536 3820 3682 3890 Δεινὴ

2106 3920 2364 3991 τιμωρία,
2405 3921 2437 3990 ἡ
2483 3920 2624 3989 μετὰ
2664 3918 2774 3972 τῶν
2823 3917 3120 3989 μισούντων
3146 3915 3414 3985 διαγωγὴ,
3447 3913 3682 3966 σύνοικον

2108 4012 2252 4081 ἔχειν
2299 4009 2577 4079 πολέμιον,
2633 4009 2912 4063 ἄπαυστον
2953 4005 3146 4077 ἐχθρόν
3187 4005 3321 4075 (40).
3364 4001 3547 4072 Ἑργᾷ
3578 4003 3683 4070 τὴν

2109 4097 2226 4168 γῆν
2244 4115 2257 4128 ο
2290 4097 2554 4161 τουτέστι,
2586 4094 3037 4166 κατατεινόμενος
3066 4095 3180 4156 τοῖς
3203 4092 3387 4163 ἔργοις
3420 4095 3536 4155 τοῖς
3560 4108 3680 4160 γεη-

2110 4191 2375 4252 πονικοῖς.
2415 4188 2606 4241 οὐδένα
2650 4187 2843 4259 χρόνον
2896 4187 3137 4257 ἀνήσεις,
3181 4184 3303 4238 οὔτε
3350 4185 3549 4247 νυκτὸς
3571 4182 3681 4236 οὔτε

2111 4283 2320 4353 ἡμέρας
2367 4281 2695 4353 ἐκλυόμενος
2743 4283 2810 4335 ἐκ
2844 4280 2954 4334 τῶν
2991 4279 3192 4343 πόνων,
3241 4277 3381 4332 ἀλλὰ
3429 4278 3680 4331 δεσπότου

449 4387 555 4425 non
608 4369 824 4439 adjiciet
868 4369 998 4424 dare
1047 4372 1289 4425 virtutem
1335 4388 1509 4427 suam.
1561 4373 1737 4443 Atque
1794 4372 1997 4427 etiamsi

2110 4374 2255 4438 τινὸς
2298 4372 2501 4443 πικροῦ
2537 4373 2923 4445 χαλεπωτέραν
2946 4371 3084 4443 ἔχων
3122 4371 3218 4441 τήν
3248 4370 3494 4441 ἄρρητον
3526 4370 3681 4436 ἀνάγ-

439 4459 575 4515 illud
626 4477 736 4515 non
781 4462 1156 4516 intermissum
1239 4478 1377 4533 opus
1439 4464 1674 4535 aliquem
1728 4464 1997 4518 babuissel

2112 4484 2233 4537 κην.
2266 4466 2359 4519 ἐπὶ
2377 4466 2444 4520 τὰ
2456 4464 2595 4538 ἔργα
2622 4482 2679 4518 σε
2695 4464 3087 4535 διεγείρουσαν.
3113 4462 3223 4518 Καὶ
3254 4464 3328 4515 οὐ
3360 4460 3683 4529 προσθήσει

435 4552 680 4610 fructum
714 4570 729 4620 ;
768 4553 887 4624 ipse
933 4553 1088 4608 labor
1144 4569 1256 4609 non
1296 4554 1594 4611 mediocris
1635 4554 1832 4609 fuisset
1873 4570 2004 4609 cru-

510 4733 558 4766 “
592 4733 728 4791 Gen.
769 4751 851 4798 IV,
892 4733 926 4790 9
965 4749 1086 4806 sqq.

511 4896 622 4967 (5i)
657 4894 945 4965 Ἐλέγχει.
978 4892 1123 4967 Editi
1168 4892 1380 4962 ἐλέγχει
1410 4890 1489 4957 δέ,
1530 4890 1626 4946 sed
1668 4890 1789 4950 haec
1826 4891 2020 4946 vocula

439 4965 679 5025 deest'in
707 4977 913 5035 septem
932 4965 1215 5020 codicibus
1251 4978 1387 5035 mss.

511 5038 626 5108 (55)
699 5031 1175 5105 Ἐὲιηνέχθησαν.
1250 5031 1402 5085 llarl.
1466 5038 1518 5087 et
1589 5031 1757 5088 Coisl.
1812 5037 2021 5105 primus

400 5109 777 5179 ἐπήχθησαν·
916 5174 934 5179 -
1375 5172 1387 5179 .
1438 5142 1443 5149 -

514 5171 885 5250 (36)‘_Qi3w_c_.
916 5174 996 5229 lla
1048 5181 1162 5250 tres
1187 5171 1550 5250 vetustissimi
1581 5171 1818 5250 codices.
1871 5172 2019 5250 Edit-i

442 5241 618 5324 οὕτως
646 5248 768 5324 Mox
800 5241 964 5324 iidem
1001 5246 1219 5324 codices
1262 5243 1489 5324 ἁδελφός
1532 5241 1851 5324 σούὲστινς
1883 5244 2021 5324 οὐχι

448 5321 658 5389 μαθεῖν.
685 5317 859 5389 Totus
888 5316 977 5370 hic
1016 5318 1172 5370 locus
1211 5329 1319 5368 non
1355 5314 1489 5389 satis
1526 5313 1787 5367 astrictus
1816 5321 1937 5389 est;
1965 5313 2020 5367 id

445 5384 588 5458 quod
615 5388 815 5443 Basilio
863 5400 1255 5458 nonnunquam
1308 5384 1505 5437 accidit
1522 5400 1544 5458 ;_
1569 5399 1693 5458 nam
1726 5391 1802 5458 ut_
1827 5385 2024 5438 verbo-

446 5454 569 5512 rum
627 5458 966 5512 constructio
1008 5455 1391 5526 perSpiciatur,
1428 5454 1759 5526 cogitatione
1791 5454 2029 5526 interpo-

448 5527 627 5582 nenda
657 5536 742 5581 est
761 5524 1021 5597 quaedam
1039 5524 1382 5597 parentliesis
1404 5524 1584 5597 abhis
1609 5525 1789 5597 verbis
1810 5524 1876 5597 ἣν
1906 5524 2026 5597 nexi.

454 5596 669 5667 μαθεῖν,
702 5593 875 5666 usque
902 5596 971 5667 ad
1002 5593 1095 5667 illa
1141 5595 1198 5647 Ὀ
1229 5593 1294 5667 δὲ
1321 5594 1382 5667 ού
1404 5593 1721 5667 -μόνονηοι
1748 5593 1910 5648 etiam
1936 5595 2028 5667 illa

466 5665 745 5737 Ἐντεῦθεν
774 5662 957 5719 λοιπὸν
980 5664 1221 5737 ἀριθμεῖ.
1263 5662 1370 5737 Sed
1404 5662 1520 5719 haec
1541 5665 1595 5718 in
1620 5664 2029 5735 interpretando

455 5736 860 5806 perspicuitatis
886 5734 1053 5792 causa
1082 5734 1440 5805 n‘egleximus.

2111 4555 2319 4609 δοῦναι
2346 4555 2460 4622 τὴν
2480 4554 2663 4624 ἰσχὺν
2686 4553 3094 4622 αὺτῆς.Καίτοι
3116 4553 3168 4605 ει
3200 4553 3296 4605 καὶ⁵
3322 4552 3387 4605 τὺ
3411 4552 3516 4622 τῆς
3532 4555 3681 4624 ἐργα-

2186 4889 2300 4962 (57)
2355 4886 2545 4952 Αὐτῷ.
2596 4886 2780 4941 Multis
2831 4885 2889 4940 in
2955 4883 3239 4939 codicibus
3296 4885 3686 4940 recentioribus

2116 4962 2290 5017 deest.

2188 5033 2320 5099 (δῖ’)
2357 5028 2566 5082 Habent
2634 5027 2798 5081 iidem
2837 5020 3057 5081 codices
3113 5025 3176 5078 οὐ
3236 5024 3402 5095 μόνον
3467 5023 3686 5099 κρύπτει

2120 5112 2175 5159 et
2200 5096 2455 5167 ‘sic'legit
2489 5099 2781 5167 interpres.

2190 5171 2312 5242 (581
2356 5165 2618 5242 Ἁριθέιεῖ.
2648 5166 2866 5242 lta_tres
2897 5165 3534 5242 vetustissim_i__codices.
3555 5165 3685 5242 Editi

2115 5235 2440 5313 dnaptouej.
2478 5235 2633 5313 _Mox_
2679 5235 2840 5313 iidem
2885 5243 2941 5290 et
2989 5237 3143 5313 multi
3175 5236 3288 5313 _alii
3334 5238 3500 5313 ξργᾷ.
3560 5236 3685 5289 Edui

2118 5307 2583 5383 Epya'ianl__Eadern
2620 5309 2762 5361 infra
2792 5311 3036 5383 occurrit
3074 5307 3311 5362 varietas
3347 5308 3405 5360 in
3441 5309 3547 5361 hac
3571 5322 3685 5361 voce

2120 5375 2263 5436 inter
2294 5375 2469 5434 editos
2499 5387 2554 5434 et
2584 5393 2713 5433 mss.
2746 5375 2985 5431 codices.

2193 5450 2304 5517 (39)
2337 5449 2527 5514 Αὐτὸς
2556 5446 2767 5513 ἑαυτῷ.
2798 5446 2959 5517 Deest
2984 5445 3162 5516 prima
3180 5460 3286 5501 vos
3309 5446 3367 5500 in
3392 5447 3581 5501 multis
3607 5460 3683 5498 re-

2121 5515 2458 5577 centiOribus
2515 5517 2813 5572 codicibus.
2844 5515 3014 5571 Paulo
3069 5523 3195 5586 post
3237 5517 3403 5572 iidem
3454 5534 3569 5571 non
3600 5516 3674 5569 ha-

2121 5592 2250 5647 bent
2275 5588 2444 5660 αὑτὴν
2473 5596 2597 5660 post
2629 5586 2848 5660 μιάνας.

2198 5662 2311 5729 (40)
2364 5654 2641 5727 Έχθρόν.’
2669 5657 2776 5710 Pro
2819 5657 2934 5729 bac
2963 5671 3094 5713 voce
3128 5656 3325 5729 legitur
3352 5656 3413 5709 τὸ
3443 5656 3600 5726 μίσος
3632 5654 3678 5709 in

2124 5726 2301 5788 tribus
2329 5728 2718 5785 vetustissimis
2744 5726 3042 5783 codicibus.
