3878 6222
152 308 266 371 961:

1104 304 1592 362 EPlSTOLARU.“
1631 306 1916 362 CLASSlS
1953 308 2015 363 ll.
2059 309 2279 366 EPIST.
2317 307 2519 366 CCLX.

3327 309 3434 365 962

157 429 292 494 σίας
332 429 610 485 ἄπαυστον
655 424 771 501 εῖχέ
808 445 932 483 τινα
969 428 1202 501 καρπὸν,
1237 428 1400 491 αὐτὸς
1428 430 1456 481 ὁ
1496 428 1657 490 πόνος
1689 428 1749 481 οὐ

1876 429 2029 484 :iatus
2082 446 2301 502 semper
2347 431 2561 485 intento
2606 434 2661 484 et
2703 427 2999 482 laboranti.
3048 425 3157 483 Sed
3198 427 3327 498 quia
3378 434 3435 485 et

163 521 370 593 μετρία
423 520 654 592 βάσανος
697 517 766 592 ἦν
797 520 876 591 τῷ
911 520 999 573 ἀεὶ
1045 517 1485 589 κατατεινομένῳ
1509 518 1622 591 (Η)
1663 518 1759 572 καὶ

157 610 448 666 κοπιῶντι.
512 610 731 681 Ἐπειδὴ
790 609 848 663 δὲ
895 609 989 662 καὶ
1024 609 1253 680 ἐργασία
1300 609 1612 672 ἄπαυστος,
1663 608 1759 662 καὶ

159 702 416 774 ἄκαρπος
440 704 474 773 ἡ
499 703 626 773 περὶ
658 703 760 773 γῆν
802 700 1145 773 ταλαιπωρία
1190 700 1273 769 (οὐ
1316 700 1423 771 γὰρ
1455 700 1623 752 ἐδίδου
1652 700 1754 771 τὴν

164 792 365 864 ἰσχύν)’
382 792 538 865 τρίτη
564 791 701 863 αὕτη
719 792 832 845 ἐστὶ
851 791 1133 862 τιμωρίαὴ
1159 791 1405 861 ἀκαρπία
1426 788 1533 843 τῶν
1558 790 1755 844 πόνων.

166 883 406 938 Στένων
428 882 529 937 καί
553 882 904 951 τρέμωνέσῃ
915 882 1011 935 ἐπὶ
1028 880 1136 950 τῆς
1149 880 1278 950 γῆς.
1294 880 1398 934 Δύο
1418 880 1759 953 προσέθηκεν

163 975 361 1039 ἄλλαις
404 977 525 1038 ταῖς
559 973 705 1046 τρισί
728 991 740 1005 ·
797 972 1097 1044 στεναγμὸν
1131 972 1378 1043 διηνεκῆ,
1413 971 1510 1026 καὶ
1552 971 1759 1044 τρόμον

163 1060 265 1115 τοῦ
309 1062 581 1133 σώματος,
612 1060 702 1114 τὸν
728 1061 794 1113 ὲκ
813 1062 912 1131 τῆς
929 1059 1109 1130 ἰσχύος
1137 1060 1439 1131 στηριγμὸν
1454 1059 1566 1116 τῶν
1582 1060 1760 1132 μελῶν

167 1153 271 1207 οὐκ
300 1153 548 1224 ἐχόντων.
590 1151 807 1223 Ἐπειδὴ
849 1151 959 1223 γὰρ
990 1151 1176 1215 κακῶς
1214 1153 1485 1224 ἐχρήσατο
1511 1154 1581 1224 τῇ
1602 1150 1762 1206 δυνάσ-

171 1260 267 1313 μει
288 1242 383 1296 τοῦ
416 1242 685 1314 σώματος,
715 1242 961 1315 ύφῃρέθη
994 1241 1159 1295 αὑτοῦ
1186 1243 1214 1294 6
1260 1242 1437 1307 τόνος,
1461 1240 1605 1296 ayss.
1630 1241 1759 1296 κλο-

168 1332 381 1386 νεῖσθαι
418 1333 578 1386 αύτὸν
638 1333 733 1386 καὶ
786 1332 1204 1397 κατασείεσθαι,
1259 1332 1381 1386 οὕτε
1434 1332 1598 1402 ἄρτον
1648 1331 1758 1403 (42)

171 1425 376 1495 ῥᾳδίως
408 1425 737 1496 προσφέρειν
762 1424 1059 1495 δυνάμενον
1081 1424 1157 1495 τῷ
1185 1425 1429 1495 στόματι,
1447 1423 1570 1477 οὔτε
1598 1423 1762 1477 ποτὸν

168 1514 567 1586 προσκομίζειν
593 1532 607 1546 ⁸
659 1515 760 1586 τῆς
808 1517 1050 1586 πονηρᾶς
1104 1513 1284 1586 χειρὸς
1336 1515 1474 1586 μετὰ
1525 1514 1621 1586 τὴν
1657 1516 1752 1569 άν-

167 1604 328 1657 οσίαν
358 1604 467 1675 (45)
527 1605 726 1675 πρᾶξιν
760 1604 882 1657 οὐδὲ
917 1608 1038 1668 ταῖς
1091 1604 1250 1667 ἰδίαις
1294 1605 1387 1657 καὶ
1431 1602 1761 1671 ἀναγκαίαις

169 1692 390 1764 χρείαις
411 1691 505 1745 τοῦ
550 1692 801 1761 σώματος
844 1694 1027 1746 λοιπὸν
1056 1692 1448 1764 ὑπηρετεῖσθαι
1484 1693 1594 1763 (aid)
1629 1708 1759 1761 συγ-

1858 533 1998 590 Opus
2047 538 2159 576 non
2205 522 2605 588 intermissum,
2649 526 2704 574 et
2747 517 3106 573 infructuosa:
3134 518 3283 573 circa
3324 525 3438 574 ter-

1858 626 1975 665 ram
2029 628 2289 669 :erumnaa
2329 613 2462 684 (non
2498 614 2642 666 enim
2704 610 2871 664 dabat
2900 609 3158 664 virtutem
3215 610 3434 681 suam);

1859 704 2079 757 tertium
2133 712 2218 759 est
2273 705 2378 758 hoc
2430 702 2782 772 supplicium,
2832 701 3100 757 iuutilitas
3160 700 3435 755 laborum.

1863 793 2083 850 Gemens
2141 805 2189 849 et
2233 805 2457 850 tremens
2509 796 2613 850 eris
2671 810 2828 863 super
2882 807 3100 849 terram.
3157 793 3275 848 Duo
3330 794 3436 847 alia

1861 886 2041 941 tribus
2083 886 2283 956 adjecit
2332 906 2345 941 :
2391 888 2651 958 gemitum
2691 886 3034 950 continuum,
3065 893 3119 939 et
3145 893 3435 940 tremorem

1860 979 2145 1049 corporis,
2220 979 2418 1033 virium
2481 978 2739 1034 ﬁrmitate
2808 979 3067 1035 membris
3139 976 3435 1032 destitutis.

1858 1070 1992 1124 Nam
2041 1073 2169 1141 quia
2208 1072 2352 1126 male
2382 1086 2516 1125 usus
2548 1070 2725 1124 fuerat
2749 1070 2962 1124 viribus
2991 1067 3263 1137 corporis,
3298 1069 3435 1121 sub-

1861 1170 2096 1217 tractum
2131 1162 2210 1215 illi
2258 1163 2445 1228 robur,
2490 1162 2565 1215 ita
2609 1169 2670 1215 ut
2718 1162 2981 1215 titubaret
3009 1169 3063 1215 et
3090 1166 3433 1230 quateretur,

1861 1270 1965 1308 nec
1994 1268 2189 1323 panem
2240 1251 2401 1308 facile
2433 1259 2623 1323 posset
2670 1252 2749 1306 ori
2786 1253 3096 1315 admovere,
3129 1259 3220 1305 aut
3247 1259 3435 1321 potum

1863 1359 2101 1409 sumere,
2137 1360 2260 1398 cum
2298 1345 2546 1415 improba
2600 1361 2798 1401 manus
2847 1354 2970 1416 post
3012 1346 3279 1400 nefarium
3318 1362 3438 1402 sce-

1862 1437 1947 1491 lus
1996 1452 2067 1491 ne
2113 1436 2354 1507 propriis
2400 1436 2621 1506 quidem
2681 1446 2735 1491 et
2796 1438 3127 1493 necessariis
3187 1437 3438 1506 corporis

1863 1528 2052 1584 usibus
2087 1529 2198 1597 jam
2247 1529 2559 1584 ministrare
2609 1529 2902 1584 sineretur.
2934 1529 3093 1582 Aliud
3119 1537 3198 1584 est
3234 1529 3439 1598 suppli-

1861 1619 2029 1680 cium,
2072 1618 2219 1688 quod
2271 1619 2388 1689 ipse
2423 1619 2681 1689 patefecit
2721 1619 2880 1682 Cain,
2931 1619 3155 1674 dicens:
3190 1618 3247 1673 St
3288 1621 3438 1689 ejicis

1861 1726 1943 1763 me
1984 1725 2123 1762 nunc
2171 1708 2233 1762 de
2267 1718 2430 1775 terra,
2462 1719 2512 1763 et
2558 1726 2591 1763 a
2637 1710 2776 1778 [acie
2820 1719 2911 1762 tua
2944 1709 3259 1764 abscondar.
3297 1710 3441 1776 Quid

170 1783 549 1855 χωρουμένης.
577 1783 750 1854 Ἀλλη
797 1784 1067 1855 τιμωρία,
1116 1784 1181 1854 ἣν
1214 1783 1374 1846 αὐτὸς
1411 1783 1757 1852 ἀπεκάλυψεν

1876 1809 1944 1856 :st
1972 1800 2131 1866 illud,
2161 1800 2219 1855 Si
2240 1801 2387 1870 ejicis
2410 1818 2489 1854 me
2505 1800 2568 1854 de
2589 1804 2771 1856 terra?
2794 1800 2849 1855 Id
2879 1809 2982 1863 est,
3002 1801 3049 1855 si
3080 1817 3165 1856 me
3193 1801 3444 1856 excludis

167 1879 199 1929 6
234 1877 399 1939 Κάῖν,
423 1875 591 1928 εἰπών
613 1893 628 1908 ·
668 1880 737 1929 Ei
760 1876 1076 1941 ἐκϐάλλεις
1091 1893 1169 1944 με
1200 1875 1319 1928 νῦν
1345 1875 1464 1929 ἀπὸ
1495 1875 1607 1944 τῆς
1624 1875 1757 1944 γῆς,

169 1967 272 2019 καὶ
332 1966 448 2021 ἀπὸ
493 1966 601 2019 τοῦ
627 1964 953 2035 προσώπου
971 1983 1085 2019 σου
1121 1966 1514 2034 κρυϐήσομαι.
1558 1966 1622 2018 Τί
1645 1966 1760 2019 ἐστι

168 2058 256 2121 τὸ,
301 2061 373 2110 El
424 2058 739 2124 ἐκϐάλλεις
778 2074 850 2126 με
891 2056 1009 2112 ἀπὸ
1040 2057 1150 2123 τῆς
1184 2057 1333 2126 γῆς
1374 2058 1683 2121 Τουτέστιν,
1713 2059 1761 2111 εί

168 2146 429 2217 χωρίζεις
456 2164 522 2217 με
553 2148 651 2210 τῆς
694 2148 788 2201 ἀπ’
837 2147 1006 2217 αὐτῆς
1052 2147 1337 2217 ὡφελείας.
1372 2147 1446 2199 Οὐ
1492 2147 1599 2217 γὰρ
1635 2164 1762 2218 μετ⁸

184 2240 400 2293 ετίθετο
439 2240 523 2308 ἐφ’
575 2239 760 2308 ἐτερον
790 2238 972 2303 τόπον,
1008 2238 1123 2292 ἀλλ’
1153 2237 1500 2309 ὴλλοτριοῦτο
1532 2240 1636 2292 τῶν
1670 2238 1762 2292 ἀπ’

172 2333 486 2401 αὐτῆςμὸ)
542 2332 746 2387 καλῶν.
791 2332 902 2388 Καὶ
946 2333 1065 2386 ἀπὸ
1091 2333 1197 2385 τοῦ
1242 2331 1581 2400 ’προσώπου
1647 2347 1763 2386 σου

172 2424 571 2493 προϐήσομαι.
613 2421 677 2477 Ἦ
715 2423 993 2496 βαρυτάτη
1035 2423 1256 2487 κόλασις
1304 2426 1417 2486 τοῖς
1476 2423 1765 2494 εὐφρονοῦο

175 2533 262 2567 σιν
315 2515 426 2579 (46)
467 2519 494 2568 6
536 2516 643 2569 ἀπὸ
681 2515 816 2569 Θεοῦ
869 2516 1167 2587 χωρισμός.
1198 2515 1306 2569 Καὶ
1357 2515 1550 2579 ἔσται,
1607 2515 1762 2586 φησὶ,

172 2606 298 2672 πᾶς
343 2610 376 2659 ὁ
410 2607 705 2674 εὑρίσκων
721 2625 799 2676 με
827 2607 1150 2661 ἀποκτενεῖ
1185 2624 1280 2676 με.
1322 2605 1547 2670 Είκάζει
1582 2608 1646 2661 ὲκ
1671 2606 1764 2659 τοῦ

176 2696 479 2750 ἀκολούθου
532 2698 638 2751 τῶν
688 2700 1038 2768 προαγόντων
1093 2700 1228 2769 (47).
1280 2700 1343 2752 Ei
1386 2699 1496 2752 ἀπὸ
1541 2698 1641 2768 τῆς
1664 2699 1767 2770 γῆς

174 2787 537 2858 ἑκϐἐὸλημαι,
572 2789 620 2841 εἱ
652 2788 760 2840 ἀπὸ
801 2786 894 2841 τοῦ
936 2787 1229 2860 προσώπου
1262 2804 1355 2840 σου
1390 2789 1765 2858 κρυϐήσομαι,

174 2878 425 2932 λείπεται
462 2879 570 2933 ἀπὸ
605 2879 802 2943 παντὸς
842 2879 1200 2951 ἀναιρεῖσθαι.
1247 2880 1311 2932 Τί
1347 2874 1438 2932 οὖν
1469 2882 1496 2932 6
1524 2879 1764 2949 Κύριος;

178 2972 308 3039 Οὐχ
339 2970 548 3036 οὕτως.
588 2970 726 3023 Ἀλλ’
758 2970 911 3023 ἔθετο
945 2974 1166 3042 σημεῖον
1196 2972 1281 3025 ἐπ’
1312 2972 1496 3024 αὐτόν.
1534 2970 1767 3042 Ἑϐδόμη

174 3059 317 3131 αὕτη
369 3061 640 3133 τιμωρία,
687 3063 749 3116 τὸ
802 3063 937 3134 μηδὲ
974 3062 1315 3134 κρύπτεσθαι
1337 3063 1434 3133 τὴν
1472 3064 1767 3134 τιμωρίαν,

174 3160 317 3214 ἀλλὰ
380 3162 591 3233 σημείῳ
643 3162 895 3234 προδήλῳ
939 3164 1075 3215 πᾶσι
1141 3161 1628 3232 προκεκηρύχθαι,
1688 3161 1769 3214 ὃτι

177 3244 333 3315 οὗτός
387 3252 533 3305 ἐστιν
577 3254 604 3304 6
645 3252 755 3304 τῶν
802 3251 1032 3305 ἀνοσίων
1065 3250 1240 3322 ἔργων
1272 3251 1623 3322 δημιουργός.
1658 3249 1767 3304 Καὶ

175 3342 288 3414 γὰρ
340 3342 418 3415 τῷ
458 3342 634 3415 ὀρθῶς
690 3341 1027 3413 λογιζομένῳ
1078 3341 1350 3413 βαρυτάτη
1407 3342 1686 3396 κολάσεων
1735 3344 1769 3413 ἡ

1862 1892 1930 1946 ab
1955 1891 2194 1946 utilitate
2233 1907 2356 1962 qua:
2386 1907 2448 1944 ex
2481 1906 2545 1947 ea
2580 1893 2901 1962 percipitur.
2935 1891 3054 1947 Non
3086 1898 3233 1947 enim
3269 1902 3445 1949 trans-

1862 1982 2141 2036 ferebatur
2184 1982 2242 2036 in
2305 1982 2473 2035 alium
2538 1984 2740 2047 locum,
2794 1984 2889 2038 sed
2935 1985 3327 2040 excludebatur
3363 1987 3434 2039 ab

1863 2073 2012 2127 illius
2040 2073 2220 2127 bonis.
2264 2070 2334 2125 Et
2359 2089 2392 2126 a
2416 2072 2551 2140 facie
2582 2082 2673 2125 tua
2697 2072 3012 2127 abscondar.
3047 2072 3440 2129 Gravissimum

1864 2163 1969 2218 hoc
2003 2164 2337 2233 supplicium
2374 2165 2616 2220 cordatis
2658 2166 2812 2228 viris,
2859 2166 3103 2235 separari
3133 2181 3163 2219 a
3200 2165 3329 2220 Deo.
3371 2165 3440 2219 Et

1864 2256 1985 2318 erit,
2036 2254 2235 2324 inquit,
2284 2255 2457 2310 omnis
2503 2257 2593 2325 qui
2643 2257 2895 2310 invenerit
2944 2273 3043 2319 me,
3095 2256 3295 2310 occidet
3338 2274 3439 2311 mc.

1864 2346 2250 2416 Conjecturam
2318 2346 2450 2400 facit
2511 2362 2578 2402 ex
2651 2348 3085 2416 praecedentibus
3150 2358 3445 2403 consenta—

1866 2454 2047 2493 neam.
2087 2436 2142 2492 Si
2177 2439 2241 2493 de
2292 2447 2440 2494 terra
2480 2439 2696 2509 ejicior,
2729 2441 2774 2494 si
2809 2455 2840 2493 a
2875 2439 3015 2493 facie
3063 2447 3155 2492 tua
3200 2441 3439 2494 abscon-

1876 2530 1997 2596 dar,
2039 2531 2369 2601 relinquitur
2411 2539 2527 2586 uta
2562 2532 2808 2600 quolibet
2834 2531 3073 2586 occidar.
3111 2532 3250 2598 Quid
3281 2533 3446 2603 igitur

1869 2622 2169 2678 Dominus?
2210 2622 2334 2677 Non
2368 2626 2465 2678 sic.
2510 2623 2617 2679 Sed
2662 2626 2840 2694 posuiI
2877 2626 3093 2694 signum
3136 2640 3299 2695 super
3365 2626 3447 2694 ip-

1869 2730 2014 2769 sum.
2053 2713 2355 2785 Septimum
2378 2717 2481 2771 hoc
2512 2718 2864 2787 supplicium,
2899 2725 2957 2771 ut
2986 2732 3055 2771 ne
3078 2717 3448 2771 abscondatur

1870 2805 2092 2875 quidem
2134 2823 2314 2876 paena,
2347 2808 2443 2863 sed
2486 2808 2776 2863 manifesto
2821 2809 2978 2880 signo
3022 2810 3277 2866 omnibus
3305 2825 3447 2879 prae—

1870 2897 2087 2951 dicetur
2113 2899 2265 2952 huuc
2310 2916 2433 2956 esse
2475 2899 2839 2955 nefandorum
2890 2902 3158 2956 scelerum
3196 2903 3449 2957 invento-

1871 3004 2009 3044 rem.
2040 2990 2135 3045 Est
2172 2992 2340 3054 enim,
2387 2993 2432 3047 si
2476 2993 2598 3062 quis
2628 3000 2776 3048 recte
2820 2994 3199 3057 ratiociuetur,
3237 2996 3449 3065 gravis-

1874 3076 2013 3131 sima
2054 3093 2339 3147 poenarum
2392 3080 2749 3150 opprobrium
2802 3099 2815 3134 :
2849 3073 2993 3151 quod
3028 3082 3242 3151 quidem
3293 3092 3345 3137 et
3380 3085 3447 3136 .iu

1872 3166 2082 3235 judicio
2128 3168 2372 3225 futurum
2420 3171 2736 3236 didicimus,
2762 3173 2891 3242 quia
2943 3172 3035 3226 alii
3069 3182 3353 3243 resurgent
3393 3176 3449 3227 in

1876 3258 2043 3312 vitam
2078 3273 2365 3324 attentam,
2398 3266 2452 3316 et
2491 3263 2581 3316 alii
2620 3263 2677 3317 in
2726 3263 3080 3333 opprobrium
3116 3272 3170 3319 et
3214 3264 3451 3320 dedecus

1882 3364 1995 3404 sem
2005 3351 2276 3419 piternum
2310 3352 2375 3406 ¹⁵.

179 3434 444 3506 αἰσχύνη·
490 3436 556 3505 ἢν
614 3436 709 3489 καὶ
753 3435 881 3506 περὶ
942 3436 1043 3505 τῆς
1084 3435 1319 3506 κρίσεως
1371 3435 1793 3505 μεμαθήκαμεν,
1843 3438 1925 3494 ὅτι
1968 3435 2112 3496 οὗτοι
2160 3444 2557 3515 ἀναστήσονται
2603 3446 2684 3509 είς
2723 3444 2868 3518 ζωὴν
2896 3444 3133 3512 αἰώνιον,
3179 3447 3271 3499 καὶ
3305 3439 3453 3516 οὗτε)ι

179 3528 259 3591 είς
291 3525 553 3596 αἰσχύνην
584 3528 677 3579 καὶ
713 3526 1012 3595 ὀνειδισμὸν
1044 3523 1155 3596 (48)
1180 3523 1417 3578 αἰώνιον.

251 3621 306 3675 5.
370 3620 675 3672 Ἀκολουθεί
712 3619 886 3690 τούτῳ
934 3618 1155 3689 ζήτημα
1193 3618 1472 3687 συγγενὲς,
1512 3617 1574 3669 τὸ
1623 3616 1773 3688 παρὰ

178 3712 274 3767 τοῦ
328 3712 522 3781 Λάμεχ
574 3715 692 3774 ταῖς
733 3711 976 3779 γυναιξὶν
1026 3711 1354 3782 εἰρημένον,
1412 3711 1494 3762 ὅτι
1561 3709 1774 3777 Ἄνδρα

126 3804 499 3859 κάπὲκτεινα
519 3802 628 3873 (49)
651 3805 736 3868 είς
759 3803 989 3872 τραῦμα
1021 3803 1172 3871 ἐμοὶ,
1206 3802 1302 3855 καὶ
1335 3801 1665 3855 νεανίσκον
1683 3802 1771 3864 εὶς

174 3893 445 3964 μώλωπά
466 3911 569 3963 μοι
592 3911 603 3922 ·
630 3893 718 3946 ὅτι
748 3895 801 3946 εί
835 3892 1080 3957 ἑπτάκις
1107 3891 1479 3958 ὲκδεδίκηται
1504 3891 1571 3942 ἐκ
1601 3887 1768 3951 Κάϊν,

178 3989 247 4041 ἐκ
272 3986 343 4039 δὲ
372 3985 571 4055 Λάμεχ
603 3985 1107 4054 ἑϐδομηκοντάκις
1140 3982 1308 4037 ἑπτά.
1353 3984 1460 4036 Καὶ
1489 3980 1768 4052 νομίζουσί

177 4097 326 4143 τινες
356 4078 461 4131 ὑπὸ
489 4078 583 4131 τοῦ
620 4079 811 4149 Λάμεχ
842 4077 1149 4148 ἀνῃρῆσθαι
1176 4076 1267 4128 τὸν
1297 4076 1436 4129 Κάῐν
1460 4092 1474 4105 ·
1494 4075 1569 4138 ὡς
1602 4074 1768 4146 μέχρι

177 4173 276 4242 τῆς
308 4172 502 4239 γενεᾶς
532 4170 745 4241 ἐκείνης
790 4169 1175 4239 διαρκέσαντος
1208 4167 1395 4228 αὑτοῦ,
1420 4168 1512 4221 ἐπὶ
1560 4165 1636 4237 τῷ
1670 4185 1774 4234 μα-

176 4260 452 4332 κροτέραν
484 4259 668 4313 δοῦναι
691 4260 789 4331 τὴν
827 4259 1120 4331 τιμωρίαν.
1158 4260 1311 4312 Ἔστι
1344 4258 1401 4310 δὲ
1430 4258 1528 4309 οὐκ
1550 4256 1769 4327 ἀληθές.

176 4346 284 4404 Δύο
315 4350 423 4423 γὰρ
464 4350 713 4421 φαίνεται
756 4351 949 4420 φόνους
1000 4348 1339 4420 πεποιηκὼς,
1389 4348 1449 4413 ἐξ
1492 4342 1567 4401 ὧν
1613 4348 1773 4410 αὐτὸς

1949 3618 2003 3671 5.
2041 3616 2304 3686 Sequitur
2340 3616 2483 3670 hanc
2516 3616 2874 3686 quaestionem
2902 3617 3007 3670 alia
3036 3617 3254 3679 similis,
3287 3619 3455 3689 399

1878 3708 2023 3779 quod
2052 3724 2081 3761 a
2114 3707 2350 3763 Lamecb
2393 3707 2658 3762 uxoribus
2680 3707 2888 3761 dictum
2916 3714 3001 3761 est
3028 3726 3041 3762 :
3081 3708 3263 3761 Occidi
3284 3712 3454 3763 virum

1878 3802 1931 3854 in
1961 3801 2147 3854 vulnus
2172 3800 2319 3867 mihi,
2349 3809 2398 3853 et
2435 3798 2891 3853 adolescentulum
2933 3800 2988 3852 in
3027 3799 3237 3853 livorem
3268 3801 3397 3854 mihi
3429 3818 3450 3855 :

1876 3891 2125 3961 quoniam
2158 3893 2348 3959 septies
2376 3891 2700 3944 vindicatum
2735 3900 2809 3945 est
2841 3890 2905 3944 de
2930 3889 3065 3944 Cain
3091 3908 3110 3945 :
3138 3889 3203 3944 de
3225 3890 3454 3945 Lamech

1880 3990 2054 4034 autem
2093 3982 2389 4051 septuagies
2437 3983 2625 4050 septies
2663 3981 2727 4034 ¹⁶.
2771 3980 3100 4035 Existimant
3142 3983 3389 4036 nonnulli
3419 3999 3453 4037 a

1883 4072 2114 4126 Lamech
2166 4075 2410 4128 occisum
2467 4090 2590 4129 esse
2644 4072 2806 4136 Cain,
2858 4073 3016 4142 quasi
3068 4073 3115 4129 is
3168 4089 3345 4144 usque
3383 4075 3452 4130 ad

1884 4166 2023 4217 hanc
2080 4170 2293 4219 tetatem
2365 4165 2603 4230 vixerit,
2651 4173 2710 4218 ut
2782 4164 3059 4236 longiores
3118 4167 3455 4234 persolveret

1881 4272 2092 4326 poenas.
2155 4254 2263 4310 Sed
2306 4256 2357 4311 id
2389 4272 2577 4311 verum
2623 4271 2731 4311 non
2774 4266 2878 4311 est.
2918 4256 3063 4311 Duas
3102 4258 3247 4312 enim
3296 4258 3450 4312 illum

1882 4348 2056 4401 cmdes
2087 4357 2330 4415 patrasse
2355 4348 2679 4417 perspicitur
2717 4364 2781 4401 ex
2816 4347 2903 4402 his
2931 4363 3052 4417 qum
3084 4349 3202 4417 ipse
3227 4360 3450 4404 narrat:

175 4445 451 4515 διηγεῖται
471 4460 485 4475 ο
521 4445 735 4513 Ἄνδρα
759 4443 1084 4499 ἀπέκτεινα
1146 4442 1244 4497 καὶ
1283 4443 1644 4496 νεανίσκων
1678 4440 1764 4493 τὸν

1887 4438 2069 4492 Virum
2106 4437 2293 4500 occidi,
2334 4448 2382 4491 et
2413 4437 2855 4492 adolescentulum
2878 4454 2902 4504 ;
2924 4440 3103 4494 virum
3133 4440 3189 4494 in
3231 4441 3450 4504 vulnus,

177 4536 352 4608 ἄνδρα
382 4539 463 4599 είς
482 4536 725 4609 τραῦμα,
756 4539 852 4591 καὶ
880 4536 1161 4591 νεανίσκον
1200 4536 1281 4597 είς
1309 4532 1574 4604 μώλωπα.
1608 4530 1772 4584 Ἀλλο

177 4622 276 4680 οὖν
320 4626 563 4699 τραῦμα,
602 4628 696 4681 καὶ
747 4627 875 4683 ἄλλο
914 4624 1119 4697 μώλωψ
1144 4641 1158 4654 ·
1211 4624 1305 4676 καὶ
1333 4623 1460 4676 ἄλλο
1492 4619 1651 4692 ἀνὴρ,
1679 4620 1770 4673 καὶ

257 4783 303 4816 ¹⁸
346 4782 481 4836 Dan.
523 4797 637 4846 xu,
676 4782 730 4835 ‘2.
806 4779 851 4812 “
889 4779 1026 4834 Gen.
1068 4795 1160 4842 tv,
1201 4777 1306 4842 23,
1344 4775 1436 4829 24.

257 4936 372 5006 (41)
412 4934 913 5006 Κατατεινομένῳ.
944 4932 1036 4988 Sic
1061 4948 1193 5006 mss.
1220 4945 1436 5006 summo
1466 4922 1769 4992 consensu,

181 5002 324 5065 satis
354 5002 539 5061 tamen
571 5002 859 5061 commode
900 5005 1103 5076 legitur
1154 5005 1212 5058 in
1260 5002 1424 5058 editis
1456 5016 1774 5072 κατατειρο-

186 5078 370 5217 ﬂag.)
412 5144 559 5199 Οὔτε
604 5144 806 5214 ἄρτον.
840 5143 1408 5217 _Editidpra:mittunt
1453 5140 1569 5205 καί,
1623 5140 1771 5210 quod

182 5215 343 5273 deest
366 5217 422 5269 in
455 5231 648 5271 novem
686 5215 962 5270 veteribus
1002 5215 1180 5269 libris.

259 5286 375 5355 (45)
429 5286 721 5340 Ἀνοσιαν.
756 5284 847 5340 Sic
879 5287 1184 5357 reperimus
1218 5283 1274 5338 in
1304 5289 1428 5337 octo
1460 5295 1591 5337 mss.
1622 5280 1769 5347 Edili

183 5357 885 5505 ἀνῗιῗίὶῗνξγπηρετεῒσραι.
914 5424 1066 5505 nari.
1097 5420 1567 5505 ύπηρετήσασθαι.

279 5497 374 5567 45)
411 5495 527 5551 Ἀπ’
548 5495 757 5567 αὐτῆς.
780 5494 1096 5567 Praepositio
1107 5494 1292 5549 addita
1318 5509 1385 5567 ex
1405 5506 1602 5567 novem
1616 5505 1764 5567 Inss.

279 5500 374 5567 45)
411 5500 527 5551 Ἀπ’
548 5500 757 5563 αὐτῆς.
780 5500 1096 5563 Ρταεροείιίο
1107 5500 1292 5549 addita
1318 5509 1385 5547 ex
1406 5506 1602 5546 novem
1627 5505 1764 5546 mss.

258 5500 376 5640 246)
416 5566 856 5640 Εὐφρονοῦσιν.
887 5565 966 5640 ita
997 5574 1111 5620 tres
1138 5563 1497 5640 vetustissimi
1528 5560 1767 5640 codices.

189 5630 749 5761 Εὲἰξιϊσωιῗρόνοῦσιν.
796 5634 967 5691 Paulo
1005 5642 1129 5706 post
1171 5634 1304 5691 editi
1344 5634 1437 5687 καὶ
1466 5634 1601 5684 ἐστι.
1634 5630 1763 5687 Mss.

187 5724 222 5762 u
276 5724 335 5763 in
364 5716 454 5763 tex
483 5721 536 5759 u.

1879 4536 1933 4582 et
1966 4528 2441 4583 adolescentulum
2472 4530 2527 4583 in
2555 4530 2802 4585 livorem.
2834 4531 2997 4584 Aliud
3035 4533 3201 4601 igitur
3227 4532 3453 4597 vulnus,

1877 4627 1931 4674 et
1963 4620 2112 4674 aliud
2147 4621 2286 4676 livor
2319 4640 2333 4675 ε
2364 4637 2428 4676 ac
2458 4622 2606 4676 aliud
2648 4623 2752 4686 vir,
2801 4631 2854 4676 et
2881 4623 3030 4678 aliud
3074 4623 3456 4679 adolescentu-

1953 4927 2066 4998 (47)
2112 4927 2235 4981 Τῶν
2257 4931 2658 4998 προαγόντων.
2704 4928 2872 4983 Coisl.
2926 4928 3200 4985 secundus
3230 4934 3283 4983 et
3315 4927 3453 4999 Reg.

1882 5015 2012 5070 secu
2024 4999 2164 5070 ndus
2176 4998 2285 5052 τῶν
2303 4999 2667 5070 πραγμάτων,
2690 5008 2743 5053 ει
2773 5001 2932 5068 paulo
2962 5000 3205 5069 ροειύπὸ
3231 4998 3454 5070 παντός.

1953 5069 2064 5139 (48)
2102 5070 2209 5122 Καὶ
2247 5067 2610 5139 ὀνειδισμόν.
2634 5067 2722 5139 ita
2761 5067 3276 5139 tresrvétustissimi
3306 5068 3459 5124 codi-

1877 5137 1971 5194 ces
1996 5137 2121 5210 cum
2142 5146 2376 5210 quatuor
2394 5139 2537 5210 aliis.
2573 5137 2830 5210 Editi_xa‘t
2855 5138 2933 5201 είς
2960 5139 3280 5210 ὀνειδισμόν.

1948 5209 2058 5279 (49)
2102 5208 2315 5279 Ἄνδρα
2344 5209 2682 5279 ἀπέκτεινα.
2719 5207 2777 5261 ln
2820 5210 2990 5264 Coisl.
3024 5207 3279 5279 utroque,
3312 5207 3455 5264 duo-

1874 5277 1978 5349 bus
2005 5279 2210 5348 Regiis,
2242 5277 2506 5333 Vaticano
2527 5286 2582 5332 et
2612 5277 2788 5347 Bigot.
2821 5280 2995 5333 altero
3020 5280 3101 5333 sic
3126 5277 3325 5349 legitur
3349 5279 3455 5334 hoc

1877 5348 2173 5417 Scriptum
2207 5350 2579 5419 testimonium
2618 5349 2847 5419 ε’ᾼνδρα
2875 5348 3298 5419 ἀπέκτειναίκαὶ
3328 5365 3454 5402 νεα-

1874 5419 2077 5489 νίσκον.
2108 5420 2218 5489 ,Τὸν
2255 5417 2426 5489 ἄνδρα
2477 5419 2559 5480 είς
2588 5417 2841 5489 τραῦμα,
2874 5419 2991 5489 καὶ
3040 5418 3322 5489 νεανίσκον
3373 5422 3454 5482 είς

1878 5488 2125 5556 μώλωπά
2157 5505 2268 5560 μοι·
2287 5487 2469 5560 Virum
2495 5488 2663 5560 occidi
2681 5487 3242 5560 et‘adolescentulutn:
3269 5487 3455 5542 Virum

1830 5602 1835 5612 .
1872 5562 1928 5613 in
1960 5560 2141 5613 vulnus
2160 5556 2220 5612 ἐι
2242 5558 2690 5613 αάοίεδεεηηιιιιηι
2720 5559 2777 5611 in
2800 5559 3011 5612 livorem
3037 5556 3453 5613 mihi.(‘.onscn-

1875 5630 2021 5682 tiunt
2050 5644 2175 5683 cum
2204 5629 2368 5684 editis
2400 5627 2707 5695 Medic-mus,
2739 5627 3059 5685 Harlaeanus
3088 5636 3143 5682 et
3174 5625 3447 5685 Colberti-

1876 5714 1995 5753 nus.
