3878 6222
450 365 558 421 963

1797 362 1854 417 S.
1897 360 2142 417 BASILII
2181 359 2396 417 MAGNI
2642 364 2647 373 ’
3593 365 3679 423 σοι

452 481 559 534 lus.
595 478 668 533 De
694 476 831 534 Cain
856 477 1177 533 vindicatum
1226 486 1304 532 est
1321 479 1529 546 septies,
1560 478 1624 532 de
1646 478 1874 534 Lamecli
1908 496 2028 534 vero

2154 477 2258 532 ἱλλο
2283 477 2586 543 νεανίσκος.
2626 480 2748 532 Ὅτι
2787 478 2857 532 ἐκ
2880 477 3027 534 Κάτν
3051 477 3421 546 ἐκδεδίκηται
3442 478 3679 545 ἑπτάκις,

455 571 756 640 scptuagies
781 571 991 640 septies.
1032 567 1274 638 Equum
1304 570 1391 623 est
1433 575 1494 623 ut
1531 568 1933 639 quadringenta
1974 577 2030 624 et

458 663 760 733 nonaginta
803 663 1027 716 subeam
1067 661 1383 730 supplicia;
1420 661 1469 716 si
1506 660 1720 731 justum
1752 660 1848 716 Dei
1884 661 2037 731 judi-

456 756 602 807 cium
644 754 711 809 de
754 752 910 819 Cain,
943 760 1002 807 ut
1038 759 1246 821 septem
1294 752 1386 806 ille
1431 753 1769 821 persolveret
1815 766 2029 823 poenas.

458 846 556 899 llle
593 846 762 910 enim,
792 844 1250 914 quemadmodum
1278 844 1348 898 ab
1383 844 1491 898 alio
1520 860 1630 898 non
1659 843 1850 898 didicit
1886 844 2036 898 occi-

459 940 608 1003 dere,
652 939 726 992 ita
772 953 882 992 non
913 936 1050 992 vidit
1083 952 1276 1008 pmnas
1321 937 1648 992 subeuntem
1679 935 2033 991 homicidam.

461 1033 574 1103 Ego
607 1043 789 1086 autem
821 1039 950 1086 ante
996 1031 1189 1085 oculos
1228 1029 1441 1085 habens
1473 1044 1598 1085 eum
1633 1029 1729 1100 qui
1764 1027 2034 1098 gemebat,

461 1132 515 1177 et
543 1122 835 1184 tremebat,
864 1130 919 1176 et
942 1121 1375 1192 magnitudinem
1407 1121 1502 1175 ira;
1531 1119 1648 1185 Dei,
1680 1120 1899 1189 sapiens
1926 1134 2038 1173 non

463 1214 644 1270 factus
673 1232 792 1271 sum
825 1216 1091 1286 exemplo.
1122 1214 1281 1271 Unde
1318 1230 1535 1284 aequum
1563 1223 1648 1269 est
1691 1223 1749 1267 ut
1774 1213 2039 1281 quadrin-

462 1318 620 1377 genta
652 1316 707 1360 et
744 1307 1039 1376 nonaginta
1072 1306 1219 1359 luam
1267 1305 1554 1375 supplicia.
1588 1303 1823 1370 Quidam
1858 1312 2038 1358 autem

462 1400 520 1453 in
560 1398 832 1467 ejusmodi
870 1398 1197 1454 sententiam
1233 1397 1400 1452 delati
1447 1406 1597 1458 sunt,
1641 1412 1762 1467 quae
1795 1412 1906 1451 non
1940 1397 2040 1451 ab-

462 1492 650 1546 horret
683 1491 751 1545 ab
792 1489 1173 1546 ecclesiastico
1215 1489 1468 1560 dogmate
1519 1508 1532 1544 :
1584 1489 1797 1543 scilicet
1831 1504 1860 1542 a
1904 1487 2041 1543 Cain

464 1599 640 1653 usque
679 1584 745 1637 ad
779 1584 1047 1637 diluvium
1079 1591 1286 1651 septem
1317 1581 1700 1650 praeterierunt
1730 1580 2041 1652 generatio-

465 1691 587 1741 nes,
620 1683 674 1731 et
704 1675 976 1730 inllictum
1021 1684 1107 1730 est
1154 1674 1428 1727 universa:
1475 1681 1637 1728 terra:
1685 1674 2038 1746 supplicium,

467 1781 532 1820 co
565 1767 711 1836 quod
754 1767 862 1820 late
892 1765 1091 1819 diliusa
1119 1771 1269 1818 esset
1298 1764 1579 1833 iniquitas.
1608 1763 1896 1819 Peccatum
1944 1780 2045 1818 au-

2135 572 2204 626 ἐκ
2230 571 2298 625 δὲ
2332 570 2532 641 Λάμεχ
2585 570 3090 641 ἑϐδομηκοντάκις
3132 570 3300 624 ἑπτά.
3341 568 3682 641 Τετρακοσίσς

2138 663 2232 716 καὶ
2256 663 2609 734 ἐννενήκοντα
2650 660 2921 732 τιμωρίας
2977 660 3234 732 ὑποσχεῖν
3296 661 3413 732 εἰμι
3467 659 3680 722 δίκαιος·

2138 752 2295 823 εἴπερ
2333 751 2518 805 δικαία
2545 754 2579 823 ἡ
2612 750 2707 804 τοῦ
2743 749 2878 803 Θεοῦ
2926 749 3109 819 κρίσις
3142 750 3234 803 ἐπὶ
3263 748 3343 820 τῷ
3381 747 3538 810 Κὰῖν,
3565 749 3685 802 ὥστε

2139 841 2277 895 ἑπτὰ
2319 842 2481 895 αὑτὸν
2527 843 2829 912 παρασχεῖν
2875 839 2972 904 τὰς
3014 838 3287 902 κολάσεις.
3343 838 3405 891 ὐ
3446 837 3540 908 μὲν
3574 837 3683 907 γὰρ,

2138 930 2327 1005 ὥσπερ
2355 934 2456 986 οὐκ
2506 932 2674 1003 ἔμαθε
2715 934 2846 1003 παρ’
2881 930 3042 985 ἄλλου
3089 930 3360 1000 φονεύειν,
3401 928 3566 992 οὕτως
3587 929 3687 981 οὑδὲ

2138 1020 2249 1078 οἶδε
2277 1023 2545 1096 τιμωρίαν
2578 1024 2850 1094 ὑπέχοντα
2878 1024 3137 1094 φονευτήν
3156 1039 3170 1053 ’
3207 1021 3320 1091 ἐγὼ
3345 1022 3424 1086 δὲ,
3446 1023 3501 1073 ὲν
3521 1019 3692 1089 ὀφθαλ-

2144 1122 2265 1190 μοῖς
2294 1117 2434 1188 ἔχων
2466 1117 2558 1171 τὸν
2587 1117 2861 1180 στένοντα,
2890 1115 2984 1169 καὶ¹
3012 1114 3306 1187 τρέμοντα,
3343 1115 3441 1166 καὶ
3474 1112 3532 1166 τὺ
3561 1114 3692 1183 μέγε-

2142 1209 2233 1272 θος
2256 1209 2357 1279 τῆς
2388 1209 2555 1279 ὀργῆς
2590 1207 2682 1261 τοῦ
2720 1205 2879 1271 Θεοῦ,
2910 1208 3010 1259 οὑκ
3039 1204 3454 1276 ἑσωφρονίσθην
3487 1202 3561 1274 τῷ
3582 1205 3692 1257 ὑπο-

2139 1302 2410 1372 δείγματι.
2439 1301 2600 1355 Ὅθεν
2628 1299 2777 1364 ἄξιός
2806 1302 2921 1371 εἰμι
2954 1298 3317 1369 τετρακοσίας
3372 1298 3469 1352 καὶ
3508 1298 3692 1367 ἐννενή-

2142 1410 2307 1446 κοντα
2358 1392 2539 1447 δοῦναι
2578 1392 2846 1455 κολάσεις.
2911 1392 3083 1444 Ἔνιοι
3141 1390 3197 1443 δέ
3243 1407 3396 1452 τινες
3437 1389 3545 1460 (50)
3585 1388 3697 1462 πρὸς

2141 1484 2380 1538 τοιοῦτον
2400 1485 2667 1558 ὥρμησαν
2694 1485 2872 1555 λόγον,
2896 1485 2997 1538 οὑκ
3022 1483 3297 1554 ἀπᾴδοντα
3323 1480 3424 1534 τοῦ
3444 1480 3699 1551 ἐκκλησια-

2146 1566 2331 1631 στικοῦ
2359 1578 2626 1649 δόγματος
2652 1595 2668 1610 ·
2707 1579 2788 1632 ὅτι
2841 1578 2949 1631 ἀπὸ
2993 1576 3089 1630 τοῦ
3120 1576 3261 1630 Κὰῖν
3295 1574 3409 1636 ἕως
3438 1572 3532 1625 τοῦ
3561 1589 3701 1625 κατα-

2146 1671 2394 1742 κλυσμοῦ
2420 1671 2561 1726 ἑπτὰ
2584 1671 2991 1745 παρεληλύθασι
3015 1670 3219 1739 γενεαὶ,
3243 1668 3341 1720 κα)⁸
3381 1666 3587 1737 ἐπήχθη
3608 1666 3699 1736 (Si)

2146 1766 2292 1837 πάσῃ
2324 1769 2391 1837 τῇ
2416 1769 2535 1839 γῇή
2563 1767 2821 1839 τιμωρία,
2856 1767 2944 1820 διὰ
2966 1765 3027 1819 τὸ
3056 1764 3258 1833 πολλὴν
3290 1760 3550 1831 γενέσθαι
3573 1761 3702 1830 χύσιν

468 1868 572 1913 tem
614 1856 871 1911 Lamechi
929 1872 1040 1911 non
1076 1856 1283 1928 indiget
1326 1856 1532 1911 diluvio
1585 1856 1653 1909 ad
1712 1857 2039 1923 curandum,

2154 1858 2242 1930 τῆς
2277 1861 2574 1931 ἁμαρτίας.
2607 1861 2682 1912 Τὸ
2714 1860 2770 1913 δὲ
2814 1860 3117 1931 ἁμάρτημα
3144 1856 3239 1910 τοῦ
3265 1855 3468 1927 Λάμεχ
3487 1855 3545 1907 οὑ
3564 1870 3703 1906 κατα-

469 1945 565 2002 sed
591 1946 710 2015 ipso
742 1947 837 2001 illo
871 1948 965 2017 qui
994 1947 1136 2001 tollit
1162 1953 1447 2016 peccatum
1474 1946 1665 2000 mundi
1697 1947 1762 2003 ".
1804 1945 2044 2002 Enume-

466 2052 529 2091 ra
578 2036 746 2107 igitur
780 2037 870 2102 _ab
929 2036 1101 2090 Adam
1152 2050 1328 2105 usque
1380 2036 1449 2089 ad
1496 2035 1789 2090 adventum
1835 2035 2043 2091 Christi

465 2128 846 2199 generationes
872 2145 887 2196 ;
911 2138 965 2183 et
992 2128 1237 2184 invenies
1270 2127 1573 2184 secundum
1602 2128 1764 2184 Luca:
1790 2130 2045 2201 genealo-

467 2220 612 2289 giam
672 2219 727 2274 in
799 2219 1204 2291 septuagesima
1274 2227 1329 2275 et
1400 2220 1631 2290 septima
1692 2222 2045 2292 generatione

467 2320 658 2365 uatum
716 2326 841 2365 esse
894 2309 1210 2365 Dominum.
1261 2311 1440 2380 Atque
1493 2311 1611 2366 haec
1669 2311 1888 2382 quidem
1944 2326 2047 2382 pro

468 2403 679 2458 viribus
726 2402 1053 2473 investigata
1101 2410 1265 2469 sunt,
1305 2403 1515 2470 multis,
1554 2419 1676 2474 qua:
1725 2403 2045 2473 investigari

466 2505 742 2566 poterant,
780 2497 1189 2567 praetermissis,
1222 2514 1291 2551 ne
1338 2497 1485 2552 ultra
1534 2498 1780 2568 epistolae
1820 2497 2046 2552 modum

469 2605 782 2649 sermonem
819 2590 1233 2659 producamus;
1277 2590 1557 2645 sulIiciunt
1588 2599 1769 2645 autem
1802 2590 2047 2660 pruden-

469 2686 558 2738 tite
591 2693 707 2739 tua
740 2684 829 2739 vel
869 2683 1065 2753 exigua
1104 2683 1335 2738 semina.
1390 2683 1477 2737 Da
1519 2684 1681 2746 enim,
1726 2683 1922 2751 inquit,
1957 2700 2049 2736 sa-

464 2776 629 2844 pienti
664 2776 1013 2839 occasionem,
1036 2783 1087 2828 et
1102 2777 1393 2843 sapientior
1413 2776 1591 2842 erit“;
1620 2784 1673 2829 et
1698 2792 1712 2827 ε
1743 2774 2050 2829 Sermonem

468 2867 735 2934 accipiens
782 2867 1016 2934 sapiens,
1058 2863 1303 2919 laudabit
1350 2866 1525 2931 illum,
1556 2875 1606 2918 et
1637 2865 1849 2934 adjiciat
1893 2879 2050 2932 super

464 2956 621 3011 illum
660 2959 726 3011 η.

540 3137 597 3191 6.
639 3134 915 3191 Simeonis
958 3141 1144 3190 autem
1195 3134 1264 3188 ad
1305 3133 1530 3188 Mariam
1580 3134 1748 3188 verba
1781 3135 1917 3189 nihil
1944 3135 2049 3189 ha-

2144 1952 2386 2023 κλυσμοῦ
2446 1953 2615 2006 δεῖται
2651 1952 2788 2023 πρὸς
2826 1950 3143 2023 θεραπείαν,
3178 1949 3293 2003 ἀλλ’
3327 1947 3499 2002 αὑτοῦ
3536 1944 3619 1998 τοῦ
3639 1944 3705 1998 αἴ-

2146 2059 2330 2115 ροντος
2348 2042 2446 2114 τὴν
2477 2042 2750 2115 ἁμαρτίαν
2777 2042 2871 2096 τοῦ
2903 2043 3131 2112 κόσμου.
3179 2038 3522 2111 Ἀρίθμησον
3557 2036 3703 2089 τοίνυν

2144 2134 2251 2188 ἀπὸ
2291 2135 2464 2205 ’Λδὰμ
2518 2135 2680 2207 μέχρι
2719 2134 2820 2207 τῆς
2882 2133 3186 2206 παρουσίας
3233 2131 3330 2185 τοῦ
3368 2127 3603 2202 Χριστοῦ
3628 2127 3703 2188 τὰς

2143 2228 2359 2295 γενεὰς,
2383 2230 2477 2280 καὶ
2509 2227 2782 2299 εὑρήσεις,
2824 2225 2969 2281 κατὰ
3005 2227 3104 2297 τὴν
3136 2222 3233 2278 τοῦ
3265 2224 3462 2277 Λουκᾶ.
3489 2219 3704 2290 γενεαλο-

2144 2317 2290 2385 γίαν,
2323 2319 2392 2388 τῇ
2445 2316 2819 2388 ἑϐδομηκοστῇ
2851 2319 2948 2371 κα)⁴
2976 2317 3179 2388 ἐϐδόμῃ
3208 2315 3437 2386 διαδοχῇ
3481 2329 3704 2381 γεγεννηο

2149 2407 2309 2478 μένον
2356 2406 2471 2478 (52)
2517 2408 2608 2460 τὸν
2636 2406 2865 2479 Κύριον.
2896 2407 3084 2461 Ταῦτα
3115 2408 3213 2479 μὲν
3249 2402 3347 2461 οὖν
3396 2407 3481 2470 είς
3512 2404 3707 2474 δύναμιν

2146 2496 2439 2570 ἐξητάσθη,
2484 2498 2695 2552 πολλῶν
2749 2496 2860 2551 τῶν
2908 2499 3135 2552 ἐνόντων
3169 2497 3535 2568 ἐξετασθῆναι
3594 2512 3705 2566 παρ-

2147 2587 2400 2652 εθέντων,
2446 2588 2533 2641 ἵνα
2560 2589 2635 2659 μὴ
2681 2588 2786 2656 ἔξω
2830 2588 2924 2642 τοῦ
2958 2588 3160 2660 μέτρου
3189 2590 3289 2660 τῆς
3326 2587 3621 2658 ἐπιπολῆς
3639 2586 3707 2639 τὸν

2147 2679 2303 2747 λόγον
2336 2683 2742 2752 προαγάγωμεν
2763 2699 2776 2712 ο
2815 2684 2976 2753 ἀρκεῖ
3000 2681 3055 2735 δὲ
3082 2684 3147 2753 τῇ
3176 2682 3399 2735 συνέσει
3436 2698 3528 2735 σου
3559 2682 3642 2733 καὶ
3659 2680 3707 2731 τὰ

2153 2770 2357 2843 βραχέα
2389 2774 2705 2845 σπέρματα.
2733 2775 2907 2828 Δίδου
2924 2775 3054 2845 γὰρ,
3081 2776 3235 2846 φησὶ,
3251 2772 3338 2838 τῷ
3357 2772 3533 2844 σοφῷ
3559 2773 3705 2842 ἀφορ-

2144 2865 2291 2935 μὴν,
2334 2867 2432 2920 καὶ
2465 2866 2803 2936 σοφώτερος
2846 2868 3054 2922 ἔσται⁹
3102 2867 3216 2931 καὶ,
3252 2870 3464 2937 Λόγον
3494 2864 3713 2933 δεξόμε-

2148 2974 2255 3021 νος
2290 2956 2501 3024 σοφὸς,
2547 2956 2776 3010 αἰνέσει
2812 2957 3020 3020 αὐτὸν,
3066 2956 3164 3010 καὶ
3197 2956 3294 3010 ἐπ’
3326 2956 3523 3010 αὐτὸν
3560 2969 3713 3023 xpec-

2151 3047 2343 3113 θήσει.

2222 3139 2275 3194 6.
2305 3139 2387 3193 Τὰ
2422 3141 2479 3193 δὲ
2526 3140 2619 3194 τοῦ
2673 3141 2898 3210 Συμεὼν
2960 3143 3184 3214 ῥήματα
3220 3142 3364 3210 πρὸς
3398 3143 3500 3212 τὴν
3525 3140 3713 3211 Μαρίαν

467 3227 601 3282 bent
629 3227 774 3296 quod
817 3233 910 3279 aut
943 3227 1158 3280 varium
1206 3227 1303 3290 sit,
1356 3234 1451 3280 aut
1493 3226 1846 3295 profundum.
1881 3226 2048 3281 Bene-

2154 3231 2302 3285 οὑδὲν
2328 3232 2437 3301 ἔχει
2456 3232 2849 3297 ποικίλον,οὑδὲ
2865 3233 2999 3304 βαθύ
3046 3236 3368 3304 Εὺλὸγησε
3391 3235 3503 3307 γὰρ
3528 3232 3713 3297 αὐτοὺς

468 3312 605 3366 dixit
635 3313 780 3368 enim
804 3313 915 3367 illis
956 3312 1192 3377 Simeon,
1224 3323 1271 3367 et
1301 3314 1437 3368 dixit
1462 3314 1529 3367 ad
1560 3313 1796 3368 Mariam
1827 3326 2051 3371 matrem

467 3406 583 3476 ejus
613 3422 631 3459 :
666 3404 802 3460 Ecce
828 3407 914 3458 hic
946 3405 1151 3473 positus
1186 3414 1265 3460 est
1296 3407 1351 3459 in
1384 3407 1597 3459 ruinam
1624 3414 1673 3459 et
1704 3411 2051 3463 resurrectio-

470 3512 586 3549 nem
618 3496 909 3549 multorum
948 3497 1003 3549 in
1035 3494 1234 3559 Israel,
1264 3504 1313 3549 et
1357 3496 1413 3549 in
1450 3497 1678 3566 signant,
1717 3497 1803 3550 cui
1836 3507 2053 3551 contra-

468 3588 691 3641 dicetur.
744 3586 915 3640 Tuam
966 3596 1141 3640 autem
1184 3587 1350 3655 ipsius
1411 3589 1646 3641 animam
1704 3589 2051 3657 perlransibit

466 3679 697 3749 gladius,
750 3687 809 3731 ut
855 3677 1150 3732 revelentur
1188 3693 1255 3731 ea:
1304 3678 1488 3732 multis
1542 3678 1791 3733 cordibus
1848 3682 2052 3751 cogitu-

472 3772 638 3825 tiones
670 3772 739 3825 ²⁰.
781 3771 840 3826 In
874 3772 1079 3842 quibus
1103 3771 1247 3840 illud
1294 3773 1529 3828 miratus
1559 3789 1705 3836 sum,
1749 3773 2049 3842 quomodo,

467 3864 836 3936 praecedentia
880 3875 940 3919 ut
972 3866 1123 3921 clara
1171 3870 1622 3937 praetermittens,
1681 3867 1749 3922 de
1792 3867 1897 3922 hoc
1940 3882 2051 3921 uno

468 3959 756 4029 quaesieris
799 3975 812 4010 :
861 3957 1031 4014 Tuam
1071 3968 1249 4013 autem
1293 3961 1460 4027 ipsius
1494 3960 1730 4013 animam
1782 3968 2057 4028 pertrans-

467 4050 565 4104 ibit
607 4049 839 4120 gladius.
890 4050 968 4104 Ac
1018 4051 1151 4104 mihi
1201 4050 1422 4119 quidem
1460 4066 1570 4104 non
1611 4050 1792 4104 minus
1834 4050 2053 4105 videtur

468 4142 706 4207 diliicile,
736 4142 1017 4212 quomodo
1048 4142 1190 4196 idem
1218 4142 1273 4195 in
1305 4141 1523 4195 ruinam
1558 4144 1772 4211 positus
1803 4142 1875 4197 sit
1907 4150 1962 4197 et
1993 4142 2050 4196 in

470 4235 960 4297 resurrectionem,
996 4242 1049 4289 et
1078 4234 1209 4304 quid
1230 4234 1303 4289 sit
1332 4231 1547 4305 signum
1578 4234 1669 4288 cui
1702 4234 2052 4290 contradice-

469 4336 580 4391 tur,
611 4342 775 4396 quam
817 4327 951 4381 illud
992 4328 1238 4394 tertium,
1275 4327 1548 4397 quomodo
1579 4326 1765 4383 Maria:
1811 4328 2052 4382 animam

471 4419 831 4490 pertransibit
862 4418 1099 4489 gladius.

541 4512 598 4570 7.
630 4512 894 4568 Existimo
928 4512 1094 4584 igitur
1133 4513 1189 4567 in
1233 4513 1452 4568 ruinam
1492 4522 1544 4569 et
1584 4513 2046 4570 resurrectionem
2080 4551 2124 4606 Β

468 4623 594 4664 esse
622 4606 939 4671 Dominum,
972 4621 1081 4659 non
1118 4605 1265 4675 quod
1297 4607 1390 4660 alii
1423 4606 1642 4671 cadant,
1674 4604 1839 4677 400
1868 4615 1924 4662 et
1953 4607 2047 4661 alii

470 4705 787 4771 resurgant,
824 4697 921 4753 sed
952 4697 1097 4767 quod
1127 4698 1317 4751 vitium
1350 4698 1406 4752 in
1443 4698 1604 4753 nobis
1647 4699 1828 4764 cadat,
1851 4707 1906 4753 et
1936 4700 2056 4753 vir-

469 4799 560 4846 tus
600 4797 873 4862 resurgat.
908 4789 1147 4845 Eversor
1185 4798 1271 4845 est
1305 4791 1453 4844 enim
1490 4805 1883 4861 corporearum
1928 4792 2049 4847 libi-

468 4882 660 4937 dinum
701 4880 917 4936 Domini
946 4881 1238 4945 adventus,
1286 4890 1341 4936 et
1375 4884 1644 4937 excitator
1685 4884 1882 4939 animae
1920 4901 2050 4955 pro-

468 4973 780 5045 prietatum.
808 4972 970 5030 Velut
1007 4989 1129 5029 cum
1171 4974 1246 5028 ait
1283 4972 1486 5028 Paulus
1516 4992 1531 5028 :
1564 4974 1695 5028 Cum
1724 4978 1860 5030 enim
1892 4978 2049 5047 inﬁr-

470 5083 607 5134 mor,
641 5075 763 5120 tunc
794 5075 975 5137 potens
1004 5084 1121 5121 sum
1147 5066 1227 5132 ²¹;
1258 5066 1401 5121 idem
1434 5065 1744 5122 inﬁrmatur
1775 5077 1830 5124 et
1859 5078 2052 5140 potens

541 5226 584 5257 ιτ
623 5223 783 5280 Joan.
826 5225 978 5290 1,29.
1058 5227 1101 5258 ¹⁸
1137 5226 1301 5281 Prov.
1347 5240 1425 5288 Ix,
1466 5224 1519 5279 9.
1597 5224 1643 5257 ³³
1684 5224 1849 5280 Eccli.
1889 5241 2004 5291 χχι,
2046 5226 2135 5282 18.

540 5341 650 5411 (50)
700 5342 885 5394 Ἔνιοι
936 5341 1005 5395 δέ
1059 5358 1235 5407 τινες.
1280 5339 1561 5394 Postrema
1613 5354 1716 5392 vox
1765 5337 1948 5393 addita
1979 5352 2083 5394 ex‘

468 5413 643 5467 tribus
672 5412 1062 5467 vetustissimis
1095 5411 1401 5466 codicibus.

544 5482 656 5554 (51)
690 5481 803 5535 Καὶ
837 5481 1092 5554 ῥπήχθη.
1136 5481 1227 5554 Sic
1266 5482 1427 5554 iidem
1467 5488 1581 5533 tres
1609 5495 1746 5534 mss.
1776 5478 1918 5532 Editi
1952 5479 2048 5534 καὶ

470 5550 672 5623 essent;
706 5551 914 5623 ἐπήχθη
939 5570 951 5581 ·
987 5562 1036 5623 et
1066 5553 1247 5605 statim
1274 5551 1537 5620 iuﬂictum
1566 5559 1666 5611 est,
1691 5559 1798 5603 etc.

543 5621 652 5690 (52)
691 5619 1160 5690 mmmam.
1204 5624 1280 5677 lta
1316 5619 1564 5691 plerique
1613 5635 1747 5675 mss.
1799 5619 2041 5675 codices.

471 5689 613 5743 Editi
638 5689 641 5690 ⁷
662 5689 857 5762 γεγενη
868 5693 1043 5762 μένον.

543 5762 652 5830 (53)
698 5763 805 5813 ’Ἐν
837 5759 1029 5813 τοῦτο.
1066 5759 1159 5815 Sic
1190 5777 1290 5832 ope
1334 5779 1466 5822 mss.
1514 5760 1765 5817 codicum
1791 5759 2020 5815 emenda

2153 3323 2417 3392 Συμεὼν,
2441 3324 2538 3377 καὶ
2555 3320 2685 3377 εἷπε
2713 3324 2864 3393 πρὸς
2888 3326 3121 3394 Μαρίαν
3140 3325 3257 3394 τὴν
3276 3327 3518 3396 μητέρα
3534 3325 3711 3379 αὑτοῦ·

2165 3415 2311 3483 Ἰδοὺ
2359 3411 2537 3482 οὗτος
2577 3415 2767 3470 κεῖται
2820 3420 2909 3482 εἰς
2949 3415 3184 3471 πτῶσιν
3236 3416 3337 3471 καί
3403 3417 3714 3473 ἀνάστασιν

2152 3507 2402 3562 πολλῶν
2437 3510 2509 3562 ἐν
2547 3508 2628 3574 τῷ
2667 3509 2935 3577 Ἰσραὴλ,
2975 3511 3073 3565 καὶ
3114 3514 3200 3577 είς
3238 3513 3505 3580 σημεῖον
3526 3512 3714 3566 (irrele-

2152 3603 2429 3670 τόμενον.
2496 3603 2606 3657 Καὶ
2653 3603 2771 3657 σοῦ
2819 3602 2887 3656 δὲ
2916 3602 3107 3672 αὐτῆς
3127 3603 3242 3673 τὴν
3276 3606 3503 3674 ψυχὴν
3525 3604 3712 3659 διελεύ⁴

2150 3707 2318 3746 σεται
2336 3695 2623 3763 ῥομφαία·
2657 3694 2819 3760 ὅπως
2848 3695 2927 3748 ἂν
2945 3696 3471 3766 ἀποκαλυφθῶσιν
3502 3698 3571 3751 ἐκ
3602 3698 3712 3750 aol-

2149 3782 2277 3837 λῶν
2293 3784 2550 3852 καρδιῶν
2573 3784 2972 3855 διαλογισμοί.
3011 3785 3100 3839 Ἐν
3120 3781 3202 3849 οἷς
3228 3788 3412 3842 ἐκεῖνο
3437 3786 3713 3859 ἐθαύμασα.

2152 3874 2375 3939 πῶς,τὰ
2401 3876 2711 3949 προάγοντα
2731 3879 2807 3942 ὡς
2843 3880 2989 3949 σαφῆ
3020 3878 3331 3949 παρελθὼν,
3365 3880 3428 3934 ἓν
3453 3879 3606 3934 τοῦτο
3624 3878 3713 3951 (53)

2152 3967 2515 4039 ὲπεζήτησας,
2547 3968 2628 4032 τὸ,
2651 3969 2761 4023 Καὶ
2790 3968 2907 4023 σοῦ
2926 3969 2996 4023 δὲ
3024 3969 3215 4039 αὐτῆς
3251 3970 3371 4039 τὴν
3423 3971 3631 4042 ψυχὴν
3647 3968 3715 4022 ει-

2151 4061 2467 4113 ελεύσεται
2491 4061 2783 4130 ῥομφαία.
2820 4059 3005 4114 Καίτοι
3031 4063 3155 4132 ἐμοὶ
3174 4063 3274 4132 οὑχ
3297 4056 3468 4133 ἦττον
3497 4062 3713 4131 φαίνεται

2152 4148 2377 4221 ἄπορον,
2406 4149 2524 4213 πῶς
2552 4150 2580 4200 ὁ
2613 4150 2777 4213 αὑτὸς
2826 4152 2908 4213 εἰς
2930 4150 3137 4204 πτῶσιν
3162 4154 3341 4204 κεῖται
3380 4152 3479 4205 καί⁹
3512 4149 3713 4206 ἀνάστα-

2154 4259 2236 4295 σιν
2255 4258 2269 4272 ⁶
2319 4243 2413 4295 καὶ
2445 4242 2497 4294 τί
2528 4242 2590 4294 τὸ
2615 4245 2839 4313 σημεῖον
2890 4242 2951 4295 τὸ
2982 4244 3401 4314 ἀντιλεγόμενον
3420 4262 3434 4274 ·
3487 4245 3580 4298 καὶ
3618 4241 3714 4312 τρία

2151 4351 2242 4388 τον
2294 4334 2430 4406 (54),
2481 4332 2600 4398 πῶς
2645 4336 2746 4406 τῆς
2786 4336 3005 4408 Μαρίας
3039 4335 3139 4408 τὴν
3185 4336 3366 4408 ψυχὴν
3405 4338 3713 4391 διελεύσεται

2155 4428 2421 4497 ῥομφαία.

2226 4517 2276 4572 7.
2315 4515 2584 4587 Ἠγοῦμαι
2607 4515 2787 4571 τοίνυν
2809 4534 2889 4581 ε.ς
2917 4534 3128 4572 πτωσιν
3155 4535 3249 4572 και
3274 4536 3575 4574 αναστασιν
3598 4535 3711 4572 srvat

2151 4609 2243 4663 τὸν
2275 4608 2502 4679 Κύριον,
2550 4610 2650 4663 οὑκ
2688 4608 2865 4662 ἄλλων
2909 4610 3240 4677 πιπτόντων,
3274 4611 3373 4664 καὶ
3425 4611 3599 4666 ἄλλων
3634 4611 3711 4662 ἀνα

2157 4703 2479 4774 ισταμένων,
2503 4702 2643 4757 ἀλλὰ
2670 4703 2764 4757 τοῦ
2786 4705 2845 4757 ὲν
2861 4705 2991 4774 ἡμῖν
3011 4703 3254 4775 χείρονος
3279 4705 3707 4763 καταπίπτοντος,

2154 4794 2369 4848 καὶτοῦ
2420 4793 2693 4865 βελτίονος
2736 4795 3169 4866 διανισταμένου.
3216 4796 3589 4869 Καθαιρετικὴ
3629 4794 3709 4864 μὲν

2154 4886 2265 4958 γὰρ
2285 4886 2394 4940 τῶν
2418 4885 2745 4957 σωματικῶν
2779 4886 2966 4941 παθῶν
2991 4889 3138 4940 ἐστιν
3175 4888 3208 4959 ή
3247 4888 3343 4941 τοῦ
3373 4890 3579 4960 Κυρίου
3608 4888 3708 4938 ἐπι-

2156 4979 2374 5049 φάνεια,
2423 4979 2734 5052 διεγερτικὴ
2797 4980 2857 5034 δὲ
2881 4981 2991 5035 τῶν
3040 4981 3143 5051 τῆς
3178 4981 3359 5053 ψυχῆς
3409 4982 3707 5052 ἰδιωμάτων.

2171 5071 2261 5136 Ὠς
2325 5073 2452 5128 ὅταν
2497 5071 2630 5145 λέγῃ
2673 5072 2885 5139 Παῦλος
2926 5072 3038 5146 (55)
3062 5089 3078 5103 ·
3106 5074 3295 5129 Ὅταν
3318 5072 3575 5136 ἀσθενῶ,
3601 5072 3709 5126 τότε

2225 5229 2275 5260 ὀ
2308 5226 2442 5283 Luc.
2483 5244 2560 5295 ιι,
2609 5228 2710 5297 54,
2752 5229 2842 5285 55.
2918 5230 2963 5261 ἰ
3003 5229 3048 5284 Il
3084 5229 3212 5286 Cor.
3266 5246 3385 5300 ιιι,
3435 5232 3521 5287 10.

2154 5343 2333 5415 vimus
2362 5342 2507 5415 quod
2533 5357 2699 5415 prave
2724 5341 2971 5415 in_editis
2988 5342 3282 5415 legebatur
3307 5345 3366 5397 ὲν
3396 5344 3585 5415 τούτῳ.

2227 5408 2338 5487 (ὗῆ
2375 5408 2494 5487 Kal
2531 5408 2751 5487 τρίτον.
2788 5408 3098 5487 Legendut'n
3140 5415 3414 5487 ﬁitpltov,
3458 5408 3552 5470 aut
3578 5412 3705 5468 nulla

2153 5483 2351 5551 poterit
2381 5483 2498 5537 erui
2528 5498 2593 5538 ex
2634 5484 2719 5537 his
2764 5485 2948 5538 verbis
2980 5483 3270 5539 sententia)

2226 5552 2339 5625 (55)
2374 5552 2531 5625 Λέτῃ
2564 5554 2845 5625 Hamae.
2868 5553 2967 5625 ita
2991 5554 3160 5609 Coisl.
3206 5564 3456 5625 uterque,
3503 5552 3635 5610 Med.
3657 5559 3704 5606 et

2153 5630 2266 5677 tres
2294 5623 2407 5676 alii.
2444 5622 2581 5677 Editi
2613 5624 2759 5691 λέγει
2782 5625 2810 5676 ὁ
2836 5623 3068 5685 Παῦλος.
3096 5624 3212 5679 Νοιι
3238 5622 3416 5680 tamen
3455 5627 3598 5681 deest
3625 5638 3701 5676 ar-

2154 5694 2358 5749 ticulus
2382 5695 2437 5747 in
2463 5693 2717 5750 Medicaeo
2752 5692 2960 5761 codice,
3004 5694 3101 5751 sed
3134 5696 3289 5752 deest
3317 5697 3375 5751 in
3418 5695 3700 5751 Harlaeano.
