  <div class='ocr_page' id='page_1' title='image "/cluster/home/n/w/nwhite01/storage/ocr_20150623/32/mdp.39015011915462/496.png"; bbox 0 0 3878 6222; ppageno 0'>
   <div class='ocr_carea' id='block_1_1' title="bbox 1590 205 1625 237">
    <p class='ocr_par' dir='ltr' id='par_1_1' title="bbox 1590 205 1625 237">
     <span class='ocr_line' id='line_1_1' title="bbox 1590 205 1625 237; baseline 0 0"><span class='ocrx_word' id='word_1_1' title='bbox 1590 205 1625 237; x_wconf 61' lang='grc' dir='ltr'><strong>θ’</strong></span> 
     </span>
    </p>
   </div>
   <div class='ocr_carea' id='block_1_2' title="bbox 186 310 302 367">
    <p class='ocr_par' dir='ltr' id='par_1_2' title="bbox 186 310 302 367">
     <span class='ocr_line' id='line_1_2' title="bbox 186 310 302 367; baseline 0 -1"><span class='ocrx_word' id='word_1_2' title='bbox 186 310 302 367; x_wconf 80' lang='lat'><strong>965</strong></span> 
     </span>
    </p>
   </div>
   <div class='ocr_carea' id='block_1_3' title="bbox 1029 304 2467 369">
    <p class='ocr_par' dir='ltr' id='par_1_3' title="bbox 1029 304 2467 369">
     <span class='ocr_line' id='line_1_3' title="bbox 1029 304 2467 369; baseline -0.001 -7"><span class='ocrx_word' id='word_1_3' title='bbox 1029 304 1529 363; x_wconf 83' lang='lat' dir='ltr'><strong>EPISTOLARUM</strong></span> <span class='ocrx_word' id='word_1_4' title='bbox 1568 304 1861 363; x_wconf 83' lang='lat' dir='ltr'><strong>CLASSIS</strong></span> <span class='ocrx_word' id='word_1_5' title='bbox 1897 308 1963 362; x_wconf 87' lang='lat' dir='ltr'><strong>Il.</strong></span> <span class='ocrx_word' id='word_1_6' title='bbox 2004 306 2226 369; x_wconf 83' lang='lat' dir='ltr'><strong>EPIST.</strong></span> <span class='ocrx_word' id='word_1_7' title='bbox 2266 306 2467 364; x_wconf 78' lang='lat' dir='ltr'><strong>CCLX.</strong></span> 
     </span>
    </p>
   </div>
   <div class='ocr_carea' id='block_1_4' title="bbox 3344 305 3453 363">
    <p class='ocr_par' dir='ltr' id='par_1_4' title="bbox 3344 305 3453 363">
     <span class='ocr_line' id='line_1_4' title="bbox 3344 305 3453 363; baseline -0.009 0"><span class='ocrx_word' id='word_1_8' title='bbox 3344 305 3453 363; x_wconf 87' lang='lat'><strong>966</strong></span> 
     </span>
    </p>
   </div>
   <div class='ocr_carea' id='block_1_5' title="bbox 188 413 1767 492">
    <p class='ocr_par' dir='ltr' id='par_1_5' title="bbox 188 413 1767 489">
     <span class='ocr_line' id='line_1_5' title="bbox 188 413 1767 489; baseline 0.001 -18"><span class='ocrx_word' id='word_1_9' title='bbox 188 418 452 485; x_wconf 75' lang='grc' dir='ltr'>δυνατός</span> <span class='ocrx_word' id='word_1_10' title='bbox 472 419 620 489; x_wconf 71' lang='grc' dir='ltr'>ειμιο</span> <span class='ocrx_word' id='word_1_11' title='bbox 654 418 685 471; x_wconf 97' lang='lat'><strong>6</strong></span> <span class='ocrx_word' id='word_1_12' title='bbox 714 413 876 478; x_wconf 75' lang='grc' dir='ltr'>αὐτὸς</span> <span class='ocrx_word' id='word_1_13' title='bbox 908 414 1002 469; x_wconf 81' lang='grc' dir='ltr'>καὶ</span> <span class='ocrx_word' id='word_1_14' title='bbox 1027 415 1247 470; x_wconf 82' lang='grc' dir='ltr'>ἀσθενεῖ</span> <span class='ocrx_word' id='word_1_15' title='bbox 1267 418 1361 471; x_wconf 63' lang='grc' dir='ltr'><strong>καὶ¹</strong></span> <span class='ocrx_word' id='word_1_16' title='bbox 1385 416 1630 485; x_wconf 87' lang='grc' dir='ltr'>δύναται,</span> <span class='ocrx_word' id='word_1_17' title='bbox 1663 416 1767 473; x_wconf 81' lang='grc' dir='ltr'><strong>ἀλλ</strong></span> 
     </span>
    </p>
   </div>
   <div class='ocr_carea' id='block_1_6' title="bbox 1880 413 3455 492">
    <p class='ocr_par' dir='ltr' id='par_1_6' title="bbox 1883 420 3455 492">
     <span class='ocr_line' id='line_1_6' title="bbox 1883 420 3455 492; baseline -0.001 -16"><span class='ocrx_word' id='word_1_18' title='bbox 1883 427 1988 485; x_wconf 91' lang='lat' dir='ltr'><strong>est,</strong></span> <span class='ocrx_word' id='word_1_19' title='bbox 2024 421 2119 477; x_wconf 87' lang='lat' dir='ltr'><strong>sed</strong></span> <span class='ocrx_word' id='word_1_20' title='bbox 2161 420 2470 475; x_wconf 83' lang='lat' dir='ltr'><strong>inﬁrmatur</strong></span> <span class='ocrx_word' id='word_1_21' title='bbox 2505 420 2727 492; x_wconf 84' lang='lat' dir='ltr'><strong>quidem</strong></span> <span class='ocrx_word' id='word_1_22' title='bbox 2778 434 2965 481; x_wconf 88' lang='lat' dir='ltr'><strong>carne.</strong></span> <span class='ocrx_word' id='word_1_23' title='bbox 3004 425 3200 491; x_wconf 90' lang='lat' dir='ltr'><strong>potens</strong></span> <span class='ocrx_word' id='word_1_24' title='bbox 3231 425 3317 476; x_wconf 89' lang='lat' dir='ltr'><strong>est</strong></span> <span class='ocrx_word' id='word_1_25' title='bbox 3354 435 3455 474; x_wconf 85' lang='lat' dir='ltr'><strong>au-</strong></span> 
     </span>
    </p>
   </div>
   <div class='ocr_carea' id='block_1_7' title="bbox 190 508 1773 583">
    <p class='ocr_par' dir='ltr' id='par_1_7' title="bbox 190 508 1773 583">
     <span class='ocr_line' id='line_1_7' title="bbox 190 508 1773 583; baseline 0.001 -19"><span class='ocrx_word' id='word_1_26' title='bbox 190 511 412 564; x_wconf 82' lang='grc' dir='ltr'>ἀσθενεί</span> <span class='ocrx_word' id='word_1_27' title='bbox 441 512 537 582; x_wconf 86' lang='grc' dir='ltr'><strong>μὲν</strong></span> <span class='ocrx_word' id='word_1_28' title='bbox 575 513 642 581; x_wconf 83' lang='grc' dir='ltr'>τῇ</span> <span class='ocrx_word' id='word_1_29' title='bbox 674 508 860 580; x_wconf 76' lang='grc' dir='ltr'>σαρκὶ,</span> <span class='ocrx_word' id='word_1_30' title='bbox 885 508 1108 574; x_wconf 86' lang='grc' dir='ltr'>δυνατὸς</span> <span class='ocrx_word' id='word_1_31' title='bbox 1140 509 1197 562; x_wconf 89' lang='grc' dir='ltr'><strong>δέ</strong></span> <span class='ocrx_word' id='word_1_32' title='bbox 1227 513 1344 563; x_wconf 76' lang='grc' dir='ltr'>ἐστι</span> <span class='ocrx_word' id='word_1_33' title='bbox 1370 509 1449 581; x_wconf 83' lang='grc' dir='ltr'><strong>τῷ</strong></span> <span class='ocrx_word' id='word_1_34' title='bbox 1476 510 1773 583; x_wconf 83' lang='grc' dir='ltr'>πνεύματι.</span> 
     </span>
    </p>
   </div>
   <div class='ocr_carea' id='block_1_8' title="bbox 189 599 1777 672">
    <p class='ocr_par' dir='ltr' id='par_1_8' title="bbox 189 599 1777 672">
     <span class='ocr_line' id='line_1_8' title="bbox 189 599 1777 672; baseline 0.001 -18"><span class='ocrx_word' id='word_1_35' title='bbox 189 601 351 656; x_wconf 74' lang='grc' dir='ltr'>Οὕτω</span> <span class='ocrx_word' id='word_1_36' title='bbox 409 602 506 656; x_wconf 71' lang='grc' dir='ltr'><strong>καὶ</strong></span> <span class='ocrx_word' id='word_1_37' title='bbox 551 603 581 655; x_wconf 89' lang='lat'><strong>6</strong></span> <span class='ocrx_word' id='word_1_38' title='bbox 617 599 818 671; x_wconf 88' lang='grc' dir='ltr'>Κύριος</span> <span class='ocrx_word' id='word_1_39' title='bbox 866 599 989 671; x_wconf 73' lang='grc' dir='ltr'>οὐχὶ</span> <span class='ocrx_word' id='word_1_40' title='bbox 1024 602 1139 664; x_wconf 83' lang='grc' dir='ltr'>τοῖς</span> <span class='ocrx_word' id='word_1_41' title='bbox 1176 601 1274 672; x_wconf 81' lang='grc' dir='ltr'><strong>μὲν</strong></span> <span class='ocrx_word' id='word_1_42' title='bbox 1298 599 1393 654; x_wconf 89' lang='grc' dir='ltr'><strong>τοῦ</strong></span> <span class='ocrx_word' id='word_1_43' title='bbox 1428 602 1649 655; x_wconf 83' lang='grc' dir='ltr'><strong>πίπτειν</strong></span> <span class='ocrx_word' id='word_1_44' title='bbox 1677 600 1777 666; x_wconf 74' lang='grc' dir='ltr'>τὰς</span> 
     </span>
    </p>
   </div>
   <div class='ocr_carea' id='block_1_9' title="bbox 187 691 1776 765">
    <p class='ocr_par' dir='ltr' id='par_1_9' title="bbox 187 691 1776 765">
     <span class='ocr_line' id='line_1_9' title="bbox 187 691 1776 765; baseline -0.001 -18"><span class='ocrx_word' id='word_1_45' title='bbox 187 696 452 765; x_wconf 72' lang='grc' dir='ltr'>ἀφορμὰς</span> <span class='ocrx_word' id='word_1_46' title='bbox 500 693 753 764; x_wconf 81' lang='grc' dir='ltr'><strong>παρέχει,</strong></span> <span class='ocrx_word' id='word_1_47' title='bbox 805 694 916 756; x_wconf 82' lang='grc' dir='ltr'>τοῖς</span> <span class='ocrx_word' id='word_1_48' title='bbox 962 691 1019 744; x_wconf 87' lang='grc' dir='ltr'>δὲ</span> <span class='ocrx_word' id='word_1_49' title='bbox 1057 691 1150 746; x_wconf 91' lang='grc' dir='ltr'><strong>τοῦ</strong></span> <span class='ocrx_word' id='word_1_50' title='bbox 1194 692 1534 746; x_wconf 89' lang='grc' dir='ltr'>ἀνίστασθαι.</span> <span class='ocrx_word' id='word_1_51' title='bbox 1571 694 1633 747; x_wconf 79' lang='lat' dir='ltr'><strong>OE</strong></span> <span class='ocrx_word' id='word_1_52' title='bbox 1665 692 1776 765; x_wconf 86' lang='grc' dir='ltr'><strong>γὰρ</strong></span> 
     </span>
    </p>
   </div>
   <div class='ocr_carea' id='block_1_10' title="bbox 188 777 1777 856">
    <p class='ocr_par' dir='ltr' id='par_1_10' title="bbox 188 777 1777 856">
     <span class='ocr_line' id='line_1_10' title="bbox 188 777 1777 856; baseline -0.001 -17"><span class='ocrx_word' id='word_1_53' title='bbox 188 786 488 849; x_wconf 81' lang='grc' dir='ltr'>πίπτοντες</span> <span class='ocrx_word' id='word_1_54' title='bbox 533 784 639 839; x_wconf 84' lang='grc' dir='ltr'>ἀπὸ</span> <span class='ocrx_word' id='word_1_55' title='bbox 670 783 771 853; x_wconf 85' lang='grc' dir='ltr'>τῆς</span> <span class='ocrx_word' id='word_1_56' title='bbox 803 783 1067 847; x_wconf 85' lang='grc' dir='ltr'>στάσεως,</span> <span class='ocrx_word' id='word_1_57' title='bbox 1094 784 1152 836; x_wconf 84' lang='grc' dir='ltr'><strong>ἐν</strong></span> <span class='ocrx_word' id='word_1_58' title='bbox 1257 801 1390 837; x_wconf 86' lang='grc' dir='ltr'>ποτε</span> <span class='ocrx_word' id='word_1_59' title='bbox 1424 779 1584 856; x_wconf 83' lang='grc' dir='ltr'>ἦσαν,</span> <span class='ocrx_word' id='word_1_60' title='bbox 1607 802 1777 838; x_wconf 85' lang='grc' dir='ltr'>κατα-</span> 
     </span>
    </p>
   </div>
   <div class='ocr_carea' id='block_1_11' title="bbox 188 873 1776 946">
    <p class='ocr_par' dir='ltr' id='par_1_11' title="bbox 188 873 1776 946">
     <span class='ocr_line' id='line_1_11' title="bbox 188 873 1776 946; baseline 0.001 -18"><span class='ocrx_word' id='word_1_61' title='bbox 188 875 474 930; x_wconf 84' lang='grc' dir='ltr'>πίπτουσι.</span> <span class='ocrx_word' id='word_1_62' title='bbox 503 874 671 946; x_wconf 79' lang='grc' dir='ltr'>Δῆλον</span> <span class='ocrx_word' id='word_1_63' title='bbox 714 873 771 927; x_wconf 81' lang='grc' dir='ltr'><strong>δὲ</strong></span> <span class='ocrx_word' id='word_1_64' title='bbox 803 874 888 927; x_wconf 86' lang='grc' dir='ltr'>ὅτι</span> <span class='ocrx_word' id='word_1_65' title='bbox 933 873 1189 927; x_wconf 80' lang='grc' dir='ltr'>οὐδέποτε</span> <span class='ocrx_word' id='word_1_66' title='bbox 1225 875 1414 945; x_wconf 85' lang='grc' dir='ltr'>στήκει</span> <span class='ocrx_word' id='word_1_67' title='bbox 1440 874 1553 946; x_wconf 82' lang='grc'>(56)</span> <span class='ocrx_word' id='word_1_68' title='bbox 1591 877 1619 929; x_wconf 90' lang='lat'><strong>6</strong></span> <span class='ocrx_word' id='word_1_69' title='bbox 1647 875 1776 929; x_wconf 83' lang='grc' dir='ltr'>ἀπι-</span> 
     </span>
    </p>
   </div>
   <div class='ocr_carea' id='block_1_12' title="bbox 189 959 1777 1037">
    <p class='ocr_par' dir='ltr' id='par_1_12' title="bbox 189 959 1777 1037">
     <span class='ocr_line' id='line_1_12' title="bbox 189 959 1777 1037; baseline 0.001 -18"><span class='ocrx_word' id='word_1_70' title='bbox 189 984 343 1031; x_wconf 79' lang='grc' dir='ltr'>στος,</span> <span class='ocrx_word' id='word_1_71' title='bbox 375 968 463 1021; x_wconf 74' lang='grc' dir='ltr'>ἀεὶ</span> <span class='ocrx_word' id='word_1_72' title='bbox 490 965 667 1037; x_wconf 73' lang='grc' dir='ltr'>χαμαὶ</span> <span class='ocrx_word' id='word_1_73' title='bbox 697 964 1015 1036; x_wconf 83' lang='grc' dir='ltr'><strong>συρόμενος,</strong></span> <span class='ocrx_word' id='word_1_74' title='bbox 1048 964 1185 1035; x_wconf 85' lang='grc' dir='ltr'><strong>μετά</strong></span> <span class='ocrx_word' id='word_1_75' title='bbox 1206 964 1301 1019; x_wconf 89' lang='grc' dir='ltr'><strong>τοῦ</strong></span> <span class='ocrx_word' id='word_1_76' title='bbox 1353 965 1550 1035; x_wconf 77' lang='grc' dir='ltr'>ὄφεως,</span> <span class='ocrx_word' id='word_1_77' title='bbox 1584 959 1629 1034; x_wconf 79' lang='grc' dir='ltr'>ᾧ</span> <span class='ocrx_word' id='word_1_78' title='bbox 1652 984 1777 1020; x_wconf 82' lang='grc' dir='ltr'>συν-</span> 
     </span>
    </p>
   </div>
   <div class='ocr_carea' id='block_1_13' title="bbox 187 1050 1773 1129">
    <p class='ocr_par' dir='ltr' id='par_1_13' title="bbox 187 1050 1773 1129">
     <span class='ocr_line' id='line_1_13' title="bbox 187 1050 1773 1129; baseline 0.002 -20"><span class='ocrx_word' id='word_1_79' title='bbox 187 1057 408 1113; x_wconf 83' lang='grc' dir='ltr'>έπεται.</span> <span class='ocrx_word' id='word_1_80' title='bbox 444 1058 556 1111; x_wconf 85' lang='grc' dir='ltr'>Ούκ</span> <span class='ocrx_word' id='word_1_81' title='bbox 600 1056 714 1126; x_wconf 74' lang='grc' dir='ltr'>ἔχει</span> <span class='ocrx_word' id='word_1_82' title='bbox 752 1050 846 1109; x_wconf 75' lang='grc' dir='ltr'><strong>οὖν</strong></span> <span class='ocrx_word' id='word_1_83' title='bbox 885 1055 1009 1109; x_wconf 82' lang='grc' dir='ltr'>ὅθεν</span> <span class='ocrx_word' id='word_1_84' title='bbox 1031 1055 1194 1127; x_wconf 79' lang='grc' dir='ltr'>πέσῃ,</span> <span class='ocrx_word' id='word_1_85' title='bbox 1221 1056 1311 1110; x_wconf 83' lang='grc' dir='ltr'>διὰ</span> <span class='ocrx_word' id='word_1_86' title='bbox 1338 1057 1398 1110; x_wconf 80' lang='grc' dir='ltr'><strong>τὸ</strong></span> <span class='ocrx_word' id='word_1_87' title='bbox 1432 1058 1773 1129; x_wconf 74' lang='grc' dir='ltr'>προκαταϐεο</span> 
     </span>
    </p>
   </div>
   <div class='ocr_carea' id='block_1_14' title="bbox 187 1146 1776 1221">
    <p class='ocr_par' dir='ltr' id='par_1_14' title="bbox 187 1146 1776 1221">
     <span class='ocr_line' id='line_1_14' title="bbox 187 1146 1776 1221; baseline 0.002 -19"><span class='ocrx_word' id='word_1_88' title='bbox 187 1148 427 1219; x_wconf 76' lang='grc' dir='ltr'>ϐλῆσθαι</span> <span class='ocrx_word' id='word_1_89' title='bbox 471 1151 539 1220; x_wconf 82' lang='grc' dir='ltr'>τῇ</span> <span class='ocrx_word' id='word_1_90' title='bbox 588 1147 837 1219; x_wconf 75' lang='grc' dir='ltr'>ἀπιστία.</span> <span class='ocrx_word' id='word_1_91' title='bbox 887 1148 1049 1200; x_wconf 80' lang='grc' dir='ltr'>Ὥστε</span> <span class='ocrx_word' id='word_1_92' title='bbox 1111 1146 1300 1221; x_wconf 69' lang='grc' dir='ltr'>πρώτη</span> <span class='ocrx_word' id='word_1_93' title='bbox 1359 1150 1646 1220; x_wconf 76' lang='grc' dir='ltr'>εὐεργεσία</span> <span class='ocrx_word' id='word_1_94' title='bbox 1685 1150 1776 1206; x_wconf 78' lang='grc' dir='ltr'>τὸν</span> 
     </span>
    </p>
   </div>
   <div class='ocr_carea' id='block_1_15' title="bbox 189 1237 1777 1312">
    <p class='ocr_par' dir='ltr' id='par_1_15' title="bbox 189 1237 1777 1312">
     <span class='ocr_line' id='line_1_15' title="bbox 189 1237 1777 1312; baseline 0.001 -18"><span class='ocrx_word' id='word_1_95' title='bbox 189 1243 464 1312; x_wconf 84' lang='grc' dir='ltr'>στήκοντα</span> <span class='ocrx_word' id='word_1_96' title='bbox 515 1242 579 1309; x_wconf 81' lang='grc' dir='ltr'>τῇ</span> <span class='ocrx_word' id='word_1_97' title='bbox 628 1238 871 1310; x_wconf 71' lang='grc' dir='ltr'>ἁμαρτία</span> <span class='ocrx_word' id='word_1_98' title='bbox 917 1241 1106 1292; x_wconf 83' lang='grc' dir='ltr'>πεσεῖν</span> <span class='ocrx_word' id='word_1_99' title='bbox 1164 1239 1260 1292; x_wconf 82' lang='grc' dir='ltr'><strong>καὶ</strong></span> <span class='ocrx_word' id='word_1_100' title='bbox 1306 1239 1618 1304; x_wconf 88' lang='grc' dir='ltr'>ἀποθανεῖν,</span> <span class='ocrx_word' id='word_1_101' title='bbox 1660 1237 1777 1295; x_wconf 79' lang='grc' dir='ltr'>εἶτα</span> 
     </span>
    </p>
   </div>
   <div class='ocr_carea' id='block_1_16' title="bbox 188 1328 1776 1403">
    <p class='ocr_par' dir='ltr' id='par_1_16' title="bbox 188 1328 1776 1403">
     <span class='ocr_line' id='line_1_16' title="bbox 188 1328 1776 1403; baseline 0.002 -20"><span class='ocrx_word' id='word_1_102' title='bbox 188 1329 361 1401; x_wconf 78' lang='grc' dir='ltr'>ζῆσαι</span> <span class='ocrx_word' id='word_1_103' title='bbox 394 1332 506 1402; x_wconf 80' lang='lat'><strong>(57)</strong></span> <span class='ocrx_word' id='word_1_104' title='bbox 540 1332 605 1401; x_wconf 82' lang='grc' dir='ltr'>τῇ</span> <span class='ocrx_word' id='word_1_105' title='bbox 645 1328 958 1401; x_wconf 81' lang='grc' dir='ltr'>δικαιοσύνῃ</span> <span class='ocrx_word' id='word_1_106' title='bbox 1014 1329 1110 1383; x_wconf 74' lang='grc' dir='ltr'><strong>καὶ</strong></span> <span class='ocrx_word' id='word_1_107' title='bbox 1158 1331 1479 1402; x_wconf 77' lang='grc' dir='ltr'>ἀναστῆναι,</span> <span class='ocrx_word' id='word_1_108' title='bbox 1540 1333 1641 1403; x_wconf 75' lang='grc' dir='ltr'><strong>τῆς</strong></span> <span class='ocrx_word' id='word_1_109' title='bbox 1696 1335 1776 1397; x_wconf 88' lang='grc' dir='ltr'>εἰς</span> 
     </span>
    </p>
   </div>
   <div class='ocr_carea' id='block_1_17' title="bbox 185 1421 1773 1498">
    <p class='ocr_par' dir='ltr' id='par_1_17' title="bbox 185 1421 1773 1498">
     <span class='ocr_line' id='line_1_17' title="bbox 185 1421 1773 1498; baseline 0.002 -22"><span class='ocrx_word' id='word_1_110' title='bbox 185 1423 430 1494; x_wconf 78' lang='grc' dir='ltr'>Χριστὸν</span> <span class='ocrx_word' id='word_1_111' title='bbox 478 1424 713 1486; x_wconf 87' lang='grc' dir='ltr'>πίστεως</span> <span class='ocrx_word' id='word_1_112' title='bbox 769 1421 879 1492; x_wconf 83' lang='grc'>(58)</span> <span class='ocrx_word' id='word_1_113' title='bbox 922 1422 1181 1495; x_wconf 83' lang='grc' dir='ltr'>ἑκάτερον</span> <span class='ocrx_word' id='word_1_114' title='bbox 1230 1425 1360 1494; x_wconf 79' lang='grc' dir='ltr'>ἡμῖν</span> <span class='ocrx_word' id='word_1_115' title='bbox 1389 1423 1773 1498; x_wconf 81' lang='grc' dir='ltr'><strong>χαριζομένης.</strong></span> 
     </span>
    </p>
   </div>
   <div class='ocr_carea' id='block_1_18' title="bbox 187 1513 1774 1586">
    <p class='ocr_par' dir='ltr' id='par_1_18' title="bbox 187 1513 1774 1586">
     <span class='ocr_line' id='line_1_18' title="bbox 187 1513 1774 1586; baseline 0.002 -18"><span class='ocrx_word' id='word_1_116' title='bbox 187 1514 449 1568; x_wconf 80' lang='grc' dir='ltr'><strong>Πιπτέτω</strong></span> <span class='ocrx_word' id='word_1_117' title='bbox 487 1513 556 1568; x_wconf 86' lang='grc' dir='ltr'><strong>τά</strong></span> <span class='ocrx_word' id='word_1_118' title='bbox 613 1513 851 1585; x_wconf 81' lang='grc' dir='ltr'>χείρονα,</span> <span class='ocrx_word' id='word_1_119' title='bbox 882 1513 969 1566; x_wconf 81' lang='grc' dir='ltr'>ἵνα</span> <span class='ocrx_word' id='word_1_120' title='bbox 1022 1513 1160 1586; x_wconf 76' lang='grc' dir='ltr'>λάϐῃ</span> <span class='ocrx_word' id='word_1_121' title='bbox 1194 1515 1384 1585; x_wconf 75' lang='grc' dir='ltr'>καιρὸν</span> <span class='ocrx_word' id='word_1_122' title='bbox 1431 1516 1500 1570; x_wconf 83' lang='grc' dir='ltr'><strong>τὰ</strong></span> <span class='ocrx_word' id='word_1_123' title='bbox 1533 1516 1774 1586; x_wconf 81' lang='grc' dir='ltr'>βελτίονα</span> 
     </span>
    </p>
   </div>
   <div class='ocr_carea' id='block_1_19' title="bbox 187 1604 1769 1679">
    <p class='ocr_par' dir='ltr' id='par_1_19' title="bbox 187 1604 1769 1679">
     <span class='ocr_line' id='line_1_19' title="bbox 187 1604 1769 1679; baseline 0.002 -19"><span class='ocrx_word' id='word_1_124' title='bbox 187 1606 333 1679; x_wconf 74' lang='grc' dir='ltr'>πρὸς</span> <span class='ocrx_word' id='word_1_125' title='bbox 391 1606 488 1677; x_wconf 85' lang='grc' dir='ltr'>τὴν</span> <span class='ocrx_word' id='word_1_126' title='bbox 543 1606 862 1660; x_wconf 88' lang='grc' dir='ltr'>ἀνάστασιν.</span> <span class='ocrx_word' id='word_1_127' title='bbox 916 1604 1041 1659; x_wconf 78' lang='grc' dir='ltr'>Ἐὰν</span> <span class='ocrx_word' id='word_1_128' title='bbox 1101 1604 1175 1676; x_wconf 83' lang='grc' dir='ltr'>μὴ</span> <span class='ocrx_word' id='word_1_129' title='bbox 1204 1606 1409 1678; x_wconf 80' lang='grc' dir='ltr'>πέσῃή</span> <span class='ocrx_word' id='word_1_130' title='bbox 1452 1609 1700 1676; x_wconf 82' lang='grc' dir='ltr'>πορνεία,</span> <span class='ocrx_word' id='word_1_131' title='bbox 1735 1609 1769 1679; x_wconf 85' lang='grc' dir='ltr'><strong>ἡ</strong></span> 
     </span>
    </p>
   </div>
   <div class='ocr_carea' id='block_1_20' title="bbox 189 1696 1771 1771">
    <p class='ocr_par' dir='ltr' id='par_1_20' title="bbox 189 1696 1771 1771">
     <span class='ocr_line' id='line_1_20' title="bbox 189 1696 1771 1771; baseline 0.001 -20"><span class='ocrx_word' id='word_1_132' title='bbox 189 1700 517 1771; x_wconf 72' lang='grc' dir='ltr'>σωφροσύνη</span> <span class='ocrx_word' id='word_1_133' title='bbox 558 1699 657 1752; x_wconf 77' lang='grc' dir='ltr'><strong>οὐκ</strong></span> <span class='ocrx_word' id='word_1_134' title='bbox 706 1698 1012 1751; x_wconf 86' lang='grc' dir='ltr'>ἀνίσταται.</span> <span class='ocrx_word' id='word_1_135' title='bbox 1059 1696 1185 1750; x_wconf 78' lang='grc' dir='ltr'><strong>Ἐάν</strong></span> <span class='ocrx_word' id='word_1_136' title='bbox 1235 1699 1309 1768; x_wconf 87' lang='grc' dir='ltr'>μὴ</span> <span class='ocrx_word' id='word_1_137' title='bbox 1343 1700 1377 1770; x_wconf 86' lang='grc' dir='ltr'><strong>ή</strong></span> <span class='ocrx_word' id='word_1_138' title='bbox 1411 1699 1603 1767; x_wconf 84' lang='grc' dir='ltr'>ἀλογία</span> <span class='ocrx_word' id='word_1_139' title='bbox 1650 1717 1771 1753; x_wconf 82' lang='grc' dir='ltr'>συν-</span> 
     </span>
    </p>
   </div>
   <div class='ocr_carea' id='block_1_21' title="bbox 1880 508 3454 581">
    <p class='ocr_par' dir='ltr' id='par_1_21' title="bbox 1880 508 3454 581">
     <span class='ocr_line' id='line_1_21' title="bbox 1880 508 3454 581; baseline 0.001 -18"><span class='ocrx_word' id='word_1_140' title='bbox 1880 518 1989 564; x_wconf 89' lang='lat' dir='ltr'><strong>tem</strong></span> <span class='ocrx_word' id='word_1_141' title='bbox 2057 510 2276 581; x_wconf 75' lang='lat' dir='ltr'><strong>spiritu.</strong></span> <span class='ocrx_word' id='word_1_142' title='bbox 2340 509 2417 565; x_wconf 84' lang='lat' dir='ltr'><strong>lta</strong></span> <span class='ocrx_word' id='word_1_143' title='bbox 2480 519 2535 565; x_wconf 90' lang='lat' dir='ltr'><strong>et</strong></span> <span class='ocrx_word' id='word_1_144' title='bbox 2589 508 2854 567; x_wconf 87' lang='lat' dir='ltr'><strong>Dominus</strong></span> <span class='ocrx_word' id='word_1_145' title='bbox 2915 524 3265 579; x_wconf 78' lang='lat' dir='ltr'><strong>nequaquam</strong></span> <span class='ocrx_word' id='word_1_146' title='bbox 3330 510 3454 564; x_wconf 91' lang='lat' dir='ltr'><strong>aliis</strong></span> 
     </span>
    </p>
   </div>
   <div class='ocr_carea' id='block_1_22' title="bbox 1878 600 3457 672">
    <p class='ocr_par' dir='ltr' id='par_1_22' title="bbox 1878 600 3457 672">
     <span class='ocr_line' id='line_1_22' title="bbox 1878 600 3457 672; baseline -0.003 -17"><span class='ocrx_word' id='word_1_147' title='bbox 1878 601 2096 672; x_wconf 82' lang='lat' dir='ltr'><strong>quidem</strong></span> <span class='ocrx_word' id='word_1_148' title='bbox 2137 600 2367 656; x_wconf 85' lang='lat' dir='ltr'><strong>cadendi</strong></span> <span class='ocrx_word' id='word_1_149' title='bbox 2410 615 2606 656; x_wconf 85' lang='lat' dir='ltr'><strong>causas</strong></span> <span class='ocrx_word' id='word_1_150' title='bbox 2654 600 2877 671; x_wconf 73' lang='lat' dir='ltr'><strong>praebet,</strong></span> <span class='ocrx_word' id='word_1_151' title='bbox 2915 600 3037 655; x_wconf 89' lang='lat' dir='ltr'><strong>aliis</strong></span> <span class='ocrx_word' id='word_1_152' title='bbox 3085 613 3219 654; x_wconf 91' lang='lat' dir='ltr'><strong>vero</strong></span> <span class='ocrx_word' id='word_1_153' title='bbox 3270 612 3457 653; x_wconf 88' lang='lat' dir='ltr'><strong>resur-</strong></span> 
     </span>
    </p>
   </div>
   <div class='ocr_carea' id='block_1_23' title="bbox 1878 688 3456 763">
    <p class='ocr_par' dir='ltr' id='par_1_23' title="bbox 1878 688 3456 763">
     <span class='ocr_line' id='line_1_23' title="bbox 1878 688 3456 763; baseline -0.004 -15"><span class='ocrx_word' id='word_1_154' title='bbox 1878 691 2060 763; x_wconf 83' lang='lat' dir='ltr'><strong>gendi.</strong></span> <span class='ocrx_word' id='word_1_155' title='bbox 2095 692 2229 746; x_wconf 85' lang='lat' dir='ltr'><strong>Nam</strong></span> <span class='ocrx_word' id='word_1_156' title='bbox 2258 692 2352 762; x_wconf 90' lang='lat' dir='ltr'><strong>qui</strong></span> <span class='ocrx_word' id='word_1_157' title='bbox 2378 691 2604 754; x_wconf 87' lang='lat' dir='ltr'><strong>cadunt,</strong></span> <span class='ocrx_word' id='word_1_158' title='bbox 2630 707 2697 745; x_wconf 73' lang='lat' dir='ltr'><strong>ex</strong></span> <span class='ocrx_word' id='word_1_159' title='bbox 2733 699 2902 755; x_wconf 90' lang='lat' dir='ltr'><strong>statu,</strong></span> <span class='ocrx_word' id='word_1_160' title='bbox 2936 690 2991 744; x_wconf 90' lang='lat' dir='ltr'><strong>in</strong></span> <span class='ocrx_word' id='word_1_161' title='bbox 3016 704 3127 759; x_wconf 91' lang='lat' dir='ltr'><strong>quo</strong></span> <span class='ocrx_word' id='word_1_162' title='bbox 3159 688 3456 757; x_wconf 85' lang='lat' dir='ltr'><strong>aliquando</strong></span> 
     </span>
    </p>
   </div>
   <div class='ocr_carea' id='block_1_24' title="bbox 1877 780 3457 853">
    <p class='ocr_par' dir='ltr' id='par_1_24' title="bbox 1877 780 3457 853">
     <span class='ocr_line' id='line_1_24' title="bbox 1877 780 3457 853; baseline -0.005 -14"><span class='ocrx_word' id='word_1_163' title='bbox 1877 791 2055 849; x_wconf 90' lang='lat' dir='ltr'><strong>erant,</strong></span> <span class='ocrx_word' id='word_1_164' title='bbox 2099 784 2325 838; x_wconf 87' lang='lat' dir='ltr'><strong>cadunt.</strong></span> <span class='ocrx_word' id='word_1_165' title='bbox 2359 781 2556 853; x_wconf 89' lang='lat' dir='ltr'><strong>Liquet</strong></span> <span class='ocrx_word' id='word_1_166' title='bbox 2588 790 2774 837; x_wconf 87' lang='lat' dir='ltr'><strong>autem</strong></span> <span class='ocrx_word' id='word_1_167' title='bbox 2816 796 3096 851; x_wconf 88' lang='lat' dir='ltr'><strong>nunquam</strong></span> <span class='ocrx_word' id='word_1_168' title='bbox 3142 788 3291 836; x_wconf 87' lang='lat' dir='ltr'><strong>stare</strong></span> <span class='ocrx_word' id='word_1_169' title='bbox 3330 780 3457 833; x_wconf 85' lang='lat' dir='ltr'><strong>inli-</strong></span> 
     </span>
    </p>
   </div>
   <div class='ocr_carea' id='block_1_25' title="bbox 1877 873 3457 945">
    <p class='ocr_par' dir='ltr' id='par_1_25' title="bbox 1877 873 3457 945">
     <span class='ocr_line' id='line_1_25' title="bbox 1877 873 3457 945; baseline -0.005 -15"><span class='ocrx_word' id='word_1_170' title='bbox 1877 874 2076 938; x_wconf 88' lang='lat' dir='ltr'><strong>delem,</strong></span> <span class='ocrx_word' id='word_1_171' title='bbox 2120 882 2179 928; x_wconf 94' lang='lat' dir='ltr'><strong>ut</strong></span> <span class='ocrx_word' id='word_1_172' title='bbox 2212 874 2305 944; x_wconf 90' lang='lat' dir='ltr'><strong>qui</strong></span> <span class='ocrx_word' id='word_1_173' title='bbox 2345 889 2566 945; x_wconf 83' lang='lat' dir='ltr'><strong>semper</strong></span> <span class='ocrx_word' id='word_1_174' title='bbox 2611 873 2766 928; x_wconf 88' lang='lat' dir='ltr'><strong>humi</strong></span> <span class='ocrx_word' id='word_1_175' title='bbox 2816 881 2972 943; x_wconf 89' lang='lat' dir='ltr'><strong>repat</strong></span> <span class='ocrx_word' id='word_1_176' title='bbox 3026 888 3152 927; x_wconf 90' lang='lat' dir='ltr'><strong>cum</strong></span> <span class='ocrx_word' id='word_1_177' title='bbox 3199 877 3457 941; x_wconf 91' lang='lat' dir='ltr'><strong>serpente</strong></span> 
     </span>
    </p>
   </div>
   <div class='ocr_carea' id='block_1_26' title="bbox 1878 959 3451 1037">
    <p class='ocr_par' dir='ltr' id='par_1_26' title="bbox 1878 959 3451 1037">
     <span class='ocr_line' id='line_1_26' title="bbox 1878 959 3451 1037; baseline -0.004 -17"><span class='ocrx_word' id='word_1_178' title='bbox 1878 982 2042 1037; x_wconf 89' lang='lat' dir='ltr'><strong>quem</strong></span> <span class='ocrx_word' id='word_1_179' title='bbox 2097 973 2429 1021; x_wconf 87' lang='lat' dir='ltr'><strong>assectatur.</strong></span> <span class='ocrx_word' id='word_1_180' title='bbox 2484 964 2604 1021; x_wconf 85' lang='lat' dir='ltr'><strong>Non</strong></span> <span class='ocrx_word' id='word_1_181' title='bbox 2654 966 2818 1020; x_wconf 87' lang='lat' dir='ltr'><strong>habet</strong></span> <span class='ocrx_word' id='word_1_182' title='bbox 2872 964 3041 1035; x_wconf 79' lang='lat' dir='ltr'><strong>igitur</strong></span> <span class='ocrx_word' id='word_1_183' title='bbox 3080 961 3226 1017; x_wconf 92' lang='lat' dir='ltr'><strong>unde</strong></span> <span class='ocrx_word' id='word_1_184' title='bbox 3270 959 3451 1023; x_wconf 88' lang='lat' dir='ltr'><strong>cadat,</strong></span> 
     </span>
    </p>
   </div>
   <div class='ocr_carea' id='block_1_27' title="bbox 1872 1052 3454 1130">
    <p class='ocr_par' dir='ltr' id='par_1_27' title="bbox 1872 1052 3454 1130">
     <span class='ocr_line' id='line_1_27' title="bbox 1872 1052 3454 1130; baseline -0.006 -18"><span class='ocrx_word' id='word_1_185' title='bbox 1872 1058 1988 1130; x_wconf 88' lang='lat' dir='ltr'><strong>jam</strong></span> <span class='ocrx_word' id='word_1_186' title='bbox 2073 1057 2447 1128; x_wconf 56' lang='lat' dir='ltr'><strong>praecipitatus</strong></span> <span class='ocrx_word' id='word_1_187' title='bbox 2533 1055 2875 1112; x_wconf 82' lang='lat' dir='ltr'><strong>inﬁdelitate.</strong></span> <span class='ocrx_word' id='word_1_188' title='bbox 2952 1054 3134 1122; x_wconf 85' lang='lat' dir='ltr'><strong>Quare</strong></span> <span class='ocrx_word' id='word_1_189' title='bbox 3211 1052 3454 1124; x_wconf 88' lang='lat' dir='ltr'><strong>primum</strong></span> 
     </span>
    </p>
   </div>
   <div class='ocr_carea' id='block_1_28' title="bbox 1875 1142 3451 1220">
    <p class='ocr_par' dir='ltr' id='par_1_28' title="bbox 1875 1142 3451 1220">
     <span class='ocr_line' id='line_1_28' title="bbox 1875 1142 3451 1220; baseline -0.006 -14"><span class='ocrx_word' id='word_1_190' title='bbox 1875 1151 2200 1208; x_wconf 76' lang='lat' dir='ltr'><strong>beneficium</strong></span> <span class='ocrx_word' id='word_1_191' title='bbox 2261 1157 2367 1214; x_wconf 89' lang='lat' dir='ltr'><strong>est,</strong></span> <span class='ocrx_word' id='word_1_192' title='bbox 2432 1158 2491 1204; x_wconf 94' lang='lat' dir='ltr'><strong>ut</strong></span> <span class='ocrx_word' id='word_1_193' title='bbox 2549 1150 2643 1220; x_wconf 90' lang='lat' dir='ltr'><strong>qui</strong></span> <span class='ocrx_word' id='word_1_194' title='bbox 2695 1157 2804 1204; x_wconf 85' lang='lat' dir='ltr'><strong>stat</strong></span> <span class='ocrx_word' id='word_1_195' title='bbox 2871 1149 2927 1202; x_wconf 87' lang='lat' dir='ltr'><strong>in</strong></span> <span class='ocrx_word' id='word_1_196' title='bbox 2978 1152 3222 1217; x_wconf 87' lang='lat' dir='ltr'><strong>peccato,</strong></span> <span class='ocrx_word' id='word_1_197' title='bbox 3288 1142 3451 1198; x_wconf 85' lang='lat' dir='ltr'><strong>cadat</strong></span> 
     </span>
    </p>
   </div>
   <div class='ocr_carea' id='block_1_29' title="bbox 1875 1238 3450 1307">
    <p class='ocr_par' dir='ltr' id='par_1_29' title="bbox 1875 1238 3450 1307">
     <span class='ocr_line' id='line_1_29' title="bbox 1875 1238 3450 1307; baseline -0.008 -9"><span class='ocrx_word' id='word_1_198' title='bbox 1875 1253 1932 1298; x_wconf 92' lang='lat' dir='ltr'><strong>et</strong></span> <span class='ocrx_word' id='word_1_199' title='bbox 1989 1241 2282 1305; x_wconf 87' lang='lat' dir='ltr'><strong>moriatur,</strong></span> <span class='ocrx_word' id='word_1_200' title='bbox 2339 1240 2537 1297; x_wconf 88' lang='lat' dir='ltr'><strong>deinde</strong></span> <span class='ocrx_word' id='word_1_201' title='bbox 2591 1240 2739 1293; x_wconf 86' lang='lat' dir='ltr'><strong>vivat</strong></span> <span class='ocrx_word' id='word_1_202' title='bbox 2783 1238 3015 1307; x_wconf 72' lang='lat' dir='ltr'><strong>justitize</strong></span> <span class='ocrx_word' id='word_1_203' title='bbox 3069 1244 3123 1291; x_wconf 88' lang='lat' dir='ltr'><strong>et</strong></span> <span class='ocrx_word' id='word_1_204' title='bbox 3174 1241 3450 1304; x_wconf 79' lang='lat' dir='ltr'><strong>resurgat,</strong></span> 
     </span>
    </p>
   </div>
   <div class='ocr_carea' id='block_1_30' title="bbox 1876 1325 3454 1405">
    <p class='ocr_par' dir='ltr' id='par_1_30' title="bbox 1876 1325 3454 1405">
     <span class='ocr_line' id='line_1_30' title="bbox 1876 1325 3454 1405; baseline -0.007 -16"><span class='ocrx_word' id='word_1_205' title='bbox 1876 1344 2171 1405; x_wconf 88' lang='lat' dir='ltr'><strong>utrumque</strong></span> <span class='ocrx_word' id='word_1_206' title='bbox 2220 1332 2324 1387; x_wconf 84' lang='lat' dir='ltr'><strong>ﬁde</strong></span> <span class='ocrx_word' id='word_1_207' title='bbox 2366 1336 2422 1386; x_wconf 92' lang='lat' dir='ltr'><strong>in</strong></span> <span class='ocrx_word' id='word_1_208' title='bbox 2476 1332 2753 1388; x_wconf 82' lang='lat' dir='ltr'><strong>Christum</strong></span> <span class='ocrx_word' id='word_1_209' title='bbox 2803 1331 2961 1386; x_wconf 91' lang='lat' dir='ltr'><strong>nobis</strong></span> <span class='ocrx_word' id='word_1_210' title='bbox 3006 1328 3290 1398; x_wconf 80' lang='lat' dir='ltr'><strong>largiente.</strong></span> <span class='ocrx_word' id='word_1_211' title='bbox 3347 1325 3454 1380; x_wconf 80' lang='lat' dir='ltr'><strong>Ca-</strong></span> 
     </span>
    </p>
   </div>
   <div class='ocr_carea' id='block_1_31' title="bbox 1875 1420 3454 1497">
    <p class='ocr_par' dir='ltr' id='par_1_31' title="bbox 1875 1420 3454 1497">
     <span class='ocr_line' id='line_1_31' title="bbox 1875 1420 3454 1497; baseline -0.006 -17"><span class='ocrx_word' id='word_1_212' title='bbox 1875 1426 2007 1481; x_wconf 91' lang='lat' dir='ltr'><strong>dant</strong></span> <span class='ocrx_word' id='word_1_213' title='bbox 2060 1426 2268 1497; x_wconf 86' lang='lat' dir='ltr'><strong>pejora,</strong></span> <span class='ocrx_word' id='word_1_214' title='bbox 2337 1432 2398 1477; x_wconf 94' lang='lat' dir='ltr'><strong>ut</strong></span> <span class='ocrx_word' id='word_1_215' title='bbox 2452 1424 2633 1478; x_wconf 91' lang='lat' dir='ltr'><strong>locum</strong></span> <span class='ocrx_word' id='word_1_216' title='bbox 2700 1422 2938 1476; x_wconf 82' lang='lat' dir='ltr'><strong>habeant</strong></span> <span class='ocrx_word' id='word_1_217' title='bbox 2987 1420 3213 1474; x_wconf 83' lang='lat' dir='ltr'><strong>meliora</strong></span> <span class='ocrx_word' id='word_1_218' title='bbox 3266 1432 3454 1472; x_wconf 85' lang='lat' dir='ltr'><strong>resur-</strong></span> 
     </span>
    </p>
   </div>
   <div class='ocr_carea' id='block_1_32' title="bbox 1875 1512 3453 1589">
    <p class='ocr_par' dir='ltr' id='par_1_32' title="bbox 1875 1512 3453 1589">
     <span class='ocr_line' id='line_1_32' title="bbox 1875 1512 3453 1589; baseline -0.006 -15"><span class='ocrx_word' id='word_1_219' title='bbox 1875 1519 2057 1589; x_wconf 84' lang='lat' dir='ltr'><strong>gendi.</strong></span> <span class='ocrx_word' id='word_1_220' title='bbox 2118 1518 2237 1574; x_wconf 76' lang='lat' dir='ltr'><strong>Nisi</strong></span> <span class='ocrx_word' id='word_1_221' title='bbox 2311 1516 2474 1571; x_wconf 86' lang='lat' dir='ltr'><strong>cadat</strong></span> <span class='ocrx_word' id='word_1_222' title='bbox 2533 1514 2865 1577; x_wconf 80' lang='lat' dir='ltr'><strong>fornicatio,</strong></span> <span class='ocrx_word' id='word_1_223' title='bbox 2919 1512 3281 1580; x_wconf 85' lang='lat' dir='ltr'><strong>temperantia</strong></span> <span class='ocrx_word' id='word_1_224' title='bbox 3338 1524 3453 1565; x_wconf 90' lang='lat' dir='ltr'><strong>non</strong></span> 
     </span>
    </p>
   </div>
   <div class='ocr_carea' id='block_1_33' title="bbox 1872 1605 3449 1682">
    <p class='ocr_par' dir='ltr' id='par_1_33' title="bbox 1872 1605 3449 1682">
     <span class='ocr_line' id='line_1_33' title="bbox 1872 1605 3449 1682; baseline -0.007 -15"><span class='ocrx_word' id='word_1_225' title='bbox 1872 1618 2145 1682; x_wconf 82' lang='lat' dir='ltr'><strong>resurget.</strong></span> <span class='ocrx_word' id='word_1_226' title='bbox 2204 1609 2320 1666; x_wconf 88' lang='lat' dir='ltr'><strong>Nisi</strong></span> <span class='ocrx_word' id='word_1_227' title='bbox 2374 1609 2427 1664; x_wconf 91' lang='lat' dir='ltr'><strong>id</strong></span> <span class='ocrx_word' id='word_1_228' title='bbox 2480 1607 2631 1679; x_wconf 92' lang='lat' dir='ltr'><strong>quod</strong></span> <span class='ocrx_word' id='word_1_229' title='bbox 2683 1623 2715 1662; x_wconf 91' lang='lat' dir='ltr'><strong>a</strong></span> <span class='ocrx_word' id='word_1_230' title='bbox 2774 1607 2990 1661; x_wconf 80' lang='lat' dir='ltr'><strong>ratione</strong></span> <span class='ocrx_word' id='word_1_231' title='bbox 3034 1605 3272 1659; x_wconf 89' lang='lat' dir='ltr'><strong>alienum</strong></span> <span class='ocrx_word' id='word_1_232' title='bbox 3327 1610 3449 1667; x_wconf 91' lang='lat' dir='ltr'><strong>est,</strong></span> 
     </span>
    </p>
   </div>
   <div class='ocr_carea' id='block_1_34' title="bbox 1874 1695 3451 1773">
    <p class='ocr_par' dir='ltr' id='par_1_34' title="bbox 1874 1695 3451 1773">
     <span class='ocr_line' id='line_1_34' title="bbox 1874 1695 3451 1773; baseline -0.006 -15"><span class='ocrx_word' id='word_1_233' title='bbox 1874 1711 2212 1767; x_wconf 89' lang='lat' dir='ltr'><strong>conteratur,</strong></span> <span class='ocrx_word' id='word_1_234' title='bbox 2265 1702 2321 1757; x_wconf 91' lang='lat' dir='ltr'><strong>id</strong></span> <span class='ocrx_word' id='word_1_235' title='bbox 2385 1702 2533 1773; x_wconf 91' lang='lat' dir='ltr'><strong>quod</strong></span> <span class='ocrx_word' id='word_1_236' title='bbox 2582 1700 2850 1756; x_wconf 89' lang='lat' dir='ltr'><strong>rationale</strong></span> <span class='ocrx_word' id='word_1_237' title='bbox 2900 1708 2983 1754; x_wconf 92' lang='lat' dir='ltr'><strong>est</strong></span> <span class='ocrx_word' id='word_1_238' title='bbox 3027 1698 3083 1752; x_wconf 92' lang='lat' dir='ltr'><strong>in</strong></span> <span class='ocrx_word' id='word_1_239' title='bbox 3132 1695 3292 1751; x_wconf 90' lang='lat' dir='ltr'><strong>nobis</strong></span> <span class='ocrx_word' id='word_1_240' title='bbox 3338 1710 3451 1750; x_wconf 86' lang='lat' dir='ltr'><strong>non</strong></span> 
     </span>
    </p>
   </div>
   <div class='ocr_carea' id='block_1_35' title="bbox 185 1785 1767 1866">
    <p class='ocr_par' dir='ltr' id='par_1_35' title="bbox 185 1789 1767 1864">
     <span class='ocr_line' id='line_1_35' title="bbox 185 1789 1767 1864; baseline -0.001 -18"><span class='ocrx_word' id='word_1_241' title='bbox 185 1793 377 1864; x_wconf 78' lang='grc' dir='ltr'>τριϐῇ,</span> <span class='ocrx_word' id='word_1_242' title='bbox 436 1792 498 1844; x_wconf 77' lang='grc' dir='ltr'>τὸ</span> <span class='ocrx_word' id='word_1_243' title='bbox 551 1789 857 1861; x_wconf 81' lang='grc' dir='ltr'>λογιστικὸν</span> <span class='ocrx_word' id='word_1_244' title='bbox 920 1792 978 1844; x_wconf 80' lang='grc' dir='ltr'><strong>ἐν</strong></span> <span class='ocrx_word' id='word_1_245' title='bbox 1032 1791 1163 1861; x_wconf 81' lang='grc' dir='ltr'>ἡμῖν</span> <span class='ocrx_word' id='word_1_246' title='bbox 1212 1790 1323 1860; x_wconf 83' lang='lat'><strong>(59)</strong></span> <span class='ocrx_word' id='word_1_247' title='bbox 1379 1791 1479 1843; x_wconf 84' lang='grc' dir='ltr'><strong>οὐκ</strong></span> <span class='ocrx_word' id='word_1_248' title='bbox 1528 1790 1767 1861; x_wconf 85' lang='grc' dir='ltr'>ἀνθήσει.</span> 
     </span>
    </p>
   </div>
   <div class='ocr_carea' id='block_1_36' title="bbox 1880 1785 3452 1866">
    <p class='ocr_par' dir='ltr' id='par_1_36' title="bbox 1880 1785 3452 1866">
     <span class='ocr_line' id='line_1_36' title="bbox 1880 1785 3452 1866; baseline -0.006 -19"><span class='ocrx_word' id='word_1_249' title='bbox 1880 1794 2108 1849; x_wconf 88' lang='lat' dir='ltr'><strong>llorebit.</strong></span> <span class='ocrx_word' id='word_1_250' title='bbox 2159 1793 2251 1849; x_wconf 90' lang='lat' dir='ltr'><strong>Sic</strong></span> <span class='ocrx_word' id='word_1_251' title='bbox 2301 1793 2469 1866; x_wconf 80' lang='lat' dir='ltr'><strong>igitur</strong></span> <span class='ocrx_word' id='word_1_252' title='bbox 2514 1792 2570 1847; x_wconf 92' lang='lat' dir='ltr'><strong>in</strong></span> <span class='ocrx_word' id='word_1_253' title='bbox 2610 1791 2830 1845; x_wconf 88' lang='lat' dir='ltr'><strong>ruinam</strong></span> <span class='ocrx_word' id='word_1_254' title='bbox 2877 1796 2933 1844; x_wconf 92' lang='lat' dir='ltr'><strong>et</strong></span> <span class='ocrx_word' id='word_1_255' title='bbox 2989 1785 3452 1843; x_wconf 84' lang='lat' dir='ltr'><strong>resurrectionem</strong></span> 
     </span>
    </p>
   </div>
   <div class='ocr_carea' id='block_1_37' title="bbox 185 1878 1764 1951">
    <p class='ocr_par' dir='ltr' id='par_1_37' title="bbox 185 1878 1764 1951">
     <span class='ocr_line' id='line_1_37' title="bbox 185 1878 1764 1951; baseline -0.002 -13"><span class='ocrx_word' id='word_1_256' title='bbox 185 1883 380 1948; x_wconf 83' lang='grc' dir='ltr'>Οῦτως</span> <span class='ocrx_word' id='word_1_257' title='bbox 426 1878 516 1936; x_wconf 84' lang='grc' dir='ltr'><strong>οῦν</strong></span> <span class='ocrx_word' id='word_1_258' title='bbox 546 1883 626 1947; x_wconf 84' lang='grc' dir='ltr'><strong>είς</strong></span> <span class='ocrx_word' id='word_1_259' title='bbox 669 1883 875 1937; x_wconf 78' lang='grc' dir='ltr'>πτῶσιν</span> <span class='ocrx_word' id='word_1_260' title='bbox 906 1882 1001 1935; x_wconf 80' lang='grc' dir='ltr'><strong>καὶ</strong></span> <span class='ocrx_word' id='word_1_261' title='bbox 1054 1882 1347 1936; x_wconf 83' lang='grc' dir='ltr'>ἀνάστασιν</span> <span class='ocrx_word' id='word_1_262' title='bbox 1389 1880 1599 1934; x_wconf 81' lang='grc' dir='ltr'>πολλῶν</span> <span class='ocrx_word' id='word_1_263' title='bbox 1631 1880 1764 1951; x_wconf 90' lang='grc'>(60).</span> 
     </span>
    </p>
   </div>
   <div class='ocr_carea' id='block_1_38' title="bbox 262 1973 1769 2044">
    <p class='ocr_par' dir='ltr' id='par_1_38' title="bbox 262 1973 1769 2044">
     <span class='ocr_line' id='line_1_38' title="bbox 262 1973 1769 2044; baseline -0.003 -15"><span class='ocrx_word' id='word_1_264' title='bbox 262 1975 317 2029; x_wconf 89' lang='grc'><strong>8.</strong></span> <span class='ocrx_word' id='word_1_265' title='bbox 352 1978 456 2040; x_wconf 76' lang='grc' dir='ltr'><strong>Εἰς</strong></span> <span class='ocrx_word' id='word_1_266' title='bbox 483 1975 538 2027; x_wconf 82' lang='grc' dir='ltr'><strong>δὲ</strong></span> <span class='ocrx_word' id='word_1_267' title='bbox 568 1974 821 2044; x_wconf 82' lang='grc' dir='ltr'>σημεῖον</span> <span class='ocrx_word' id='word_1_268' title='bbox 871 1973 1352 2043; x_wconf 71' lang='grc' dir='ltr'>ἀντιλεγόμενον.</span> <span class='ocrx_word' id='word_1_269' title='bbox 1388 1973 1607 2043; x_wconf 79' lang='grc' dir='ltr'>Κυρίως</span> <span class='ocrx_word' id='word_1_270' title='bbox 1665 1988 1769 2041; x_wconf 79' lang='grc' dir='ltr'>ση-</span> 
     </span>
    </p>
   </div>
   <div class='ocr_carea' id='block_1_39' title="bbox 182 2063 1768 2137">
    <p class='ocr_par' dir='ltr' id='par_1_39' title="bbox 182 2063 1768 2137">
     <span class='ocr_line' id='line_1_39' title="bbox 182 2063 1768 2137; baseline -0.004 -17"><span class='ocrx_word' id='word_1_271' title='bbox 182 2066 361 2137; x_wconf 84' lang='grc' dir='ltr'>μεῖον</span> <span class='ocrx_word' id='word_1_272' title='bbox 410 2065 658 2136; x_wconf 76' lang='grc' dir='ltr'>ἔγνωμεν</span> <span class='ocrx_word' id='word_1_273' title='bbox 716 2065 871 2137; x_wconf 89' lang='grc' dir='ltr'><strong>παρά</strong></span> <span class='ocrx_word' id='word_1_274' title='bbox 912 2067 980 2135; x_wconf 81' lang='grc' dir='ltr'>τῇ</span> <span class='ocrx_word' id='word_1_275' title='bbox 1017 2063 1208 2135; x_wconf 74' lang='grc' dir='ltr'>Γραφῇ</span> <span class='ocrx_word' id='word_1_276' title='bbox 1240 2064 1329 2115; x_wconf 80' lang='grc' dir='ltr'><strong>τὸν</strong></span> <span class='ocrx_word' id='word_1_277' title='bbox 1362 2063 1593 2134; x_wconf 75' lang='grc' dir='ltr'>σταυρὸν</span> <span class='ocrx_word' id='word_1_278' title='bbox 1618 2064 1768 2133; x_wconf 81' lang='grc' dir='ltr'>εἰρη-</span> 
     </span>
    </p>
   </div>
   <div class='ocr_carea' id='block_1_40' title="bbox 190 2154 1764 2229">
    <p class='ocr_par' dir='ltr' id='par_1_40' title="bbox 190 2154 1764 2229">
     <span class='ocr_line' id='line_1_40' title="bbox 190 2154 1764 2229; baseline -0.004 -18"><span class='ocrx_word' id='word_1_279' title='bbox 190 2159 375 2229; x_wconf 81' lang='grc' dir='ltr'>μένον.</span> <span class='ocrx_word' id='word_1_280' title='bbox 428 2158 648 2225; x_wconf 82' lang='grc' dir='ltr'>Ἔθηκε</span> <span class='ocrx_word' id='word_1_281' title='bbox 708 2157 841 2229; x_wconf 86' lang='grc' dir='ltr'>γὰρ,</span> <span class='ocrx_word' id='word_1_282' title='bbox 872 2156 1025 2228; x_wconf 73' lang='grc' dir='ltr'>φησὶ,</span> <span class='ocrx_word' id='word_1_283' title='bbox 1083 2154 1305 2223; x_wconf 82' lang='grc' dir='ltr'>Μωσῆς</span> <span class='ocrx_word' id='word_1_284' title='bbox 1338 2155 1445 2208; x_wconf 84' lang='grc' dir='ltr'>τὸν</span> <span class='ocrx_word' id='word_1_285' title='bbox 1500 2156 1638 2223; x_wconf 59' lang='grc' dir='ltr'>ὅφιν</span> <span class='ocrx_word' id='word_1_286' title='bbox 1666 2154 1764 2206; x_wconf 78' lang='grc' dir='ltr'><strong>ἐπὶ</strong></span> 
     </span>
    </p>
   </div>
   <div class='ocr_carea' id='block_1_41' title="bbox 184 2245 1766 2319">
    <p class='ocr_par' dir='ltr' id='par_1_41' title="bbox 184 2245 1766 2319">
     <span class='ocr_line' id='line_1_41' title="bbox 184 2245 1766 2319; baseline -0.003 -15"><span class='ocrx_word' id='word_1_287' title='bbox 184 2250 443 2319; x_wconf 82' lang='grc' dir='ltr'>σημείου</span> <span class='ocrx_word' id='word_1_288' title='bbox 470 2266 482 2278; x_wconf 69' lang='grc'><strong>⁸</strong></span> <span class='ocrx_word' id='word_1_289' title='bbox 536 2247 831 2312; x_wconf 78' lang='grc' dir='ltr'>τουτέστιν,</span> <span class='ocrx_word' id='word_1_290' title='bbox 867 2247 959 2300; x_wconf 75' lang='grc' dir='ltr'><strong>ἐπὶ</strong></span> <span class='ocrx_word' id='word_1_291' title='bbox 1008 2245 1265 2317; x_wconf 87' lang='grc' dir='ltr'>σταυροῦ.</span> <span class='ocrx_word' id='word_1_292' title='bbox 1301 2246 1372 2298; x_wconf 83' lang='lat' dir='ltr'><strong>&quot;II</strong></span> <span class='ocrx_word' id='word_1_293' title='bbox 1403 2247 1624 2317; x_wconf 80' lang='grc' dir='ltr'>σημεῖόν</span> <span class='ocrx_word' id='word_1_294' title='bbox 1649 2249 1766 2299; x_wconf 79' lang='grc' dir='ltr'>ἐστι</span> 
     </span>
    </p>
   </div>
   <div class='ocr_carea' id='block_1_42' title="bbox 183 2336 1767 2411">
    <p class='ocr_par' dir='ltr' id='par_1_42' title="bbox 183 2336 1767 2411">
     <span class='ocr_line' id='line_1_42' title="bbox 183 2336 1767 2411; baseline -0.001 -17"><span class='ocrx_word' id='word_1_295' title='bbox 183 2341 249 2394; x_wconf 75' lang='grc' dir='ltr'>τὸ</span> <span class='ocrx_word' id='word_1_296' title='bbox 275 2338 579 2411; x_wconf 81' lang='grc' dir='ltr'>παραδόξου</span> <span class='ocrx_word' id='word_1_297' title='bbox 602 2336 748 2402; x_wconf 81' lang='grc' dir='ltr'>τινὸς</span> <span class='ocrx_word' id='word_1_298' title='bbox 774 2337 869 2391; x_wconf 78' lang='grc' dir='ltr'>καὶ</span> <span class='ocrx_word' id='word_1_299' title='bbox 900 2336 1139 2407; x_wconf 82' lang='grc' dir='ltr'>ἀφανοῦς</span> <span class='ocrx_word' id='word_1_300' title='bbox 1166 2336 1487 2408; x_wconf 82' lang='grc' dir='ltr'>πράγματος</span> <span class='ocrx_word' id='word_1_301' title='bbox 1512 2339 1767 2393; x_wconf 81' lang='grc' dir='ltr'>ἐνδεικτι-</span> 
     </span>
    </p>
   </div>
   <div class='ocr_carea' id='block_1_43' title="bbox 182 2429 1766 2504">
    <p class='ocr_par' dir='ltr' id='par_1_43' title="bbox 182 2429 1766 2504">
     <span class='ocr_line' id='line_1_43' title="bbox 182 2429 1766 2504; baseline -0.001 -17"><span class='ocrx_word' id='word_1_302' title='bbox 182 2433 284 2487; x_wconf 86' lang='grc' dir='ltr'>κόν</span> <span class='ocrx_word' id='word_1_303' title='bbox 309 2450 324 2463; x_wconf 77' lang='grc'><strong>’</strong></span> <span class='ocrx_word' id='word_1_304' title='bbox 381 2432 655 2503; x_wconf 84' lang='grc' dir='ltr'>ὁρώμενον</span> <span class='ocrx_word' id='word_1_305' title='bbox 710 2429 863 2504; x_wconf 88' lang='grc' dir='ltr'><strong>παρά</strong></span> <span class='ocrx_word' id='word_1_306' title='bbox 887 2429 996 2484; x_wconf 86' lang='grc' dir='ltr'><strong>τῶν</strong></span> <span class='ocrx_word' id='word_1_307' title='bbox 1034 2429 1442 2502; x_wconf 85' lang='grc' dir='ltr'>ἁπλουστέρων,</span> <span class='ocrx_word' id='word_1_308' title='bbox 1478 2429 1766 2501; x_wconf 70' lang='grc' dir='ltr'>νοούμενον</span> 
     </span>
    </p>
   </div>
   <div class='ocr_carea' id='block_1_44' title="bbox 181 2519 1765 2595">
    <p class='ocr_par' dir='ltr' id='par_1_44' title="bbox 181 2519 1765 2595">
     <span class='ocr_line' id='line_1_44' title="bbox 181 2519 1765 2595; baseline -0.001 -17"><span class='ocrx_word' id='word_1_309' title='bbox 181 2525 243 2578; x_wconf 81' lang='grc' dir='ltr'>δὲ</span> <span class='ocrx_word' id='word_1_310' title='bbox 273 2523 422 2595; x_wconf 81' lang='grc' dir='ltr'>παρὰ</span> <span class='ocrx_word' id='word_1_311' title='bbox 452 2523 558 2577; x_wconf 88' lang='grc' dir='ltr'><strong>τῶν</strong></span> <span class='ocrx_word' id='word_1_312' title='bbox 604 2522 874 2595; x_wconf 82' lang='grc' dir='ltr'>ἐντρεχῶν</span> <span class='ocrx_word' id='word_1_313' title='bbox 916 2521 1028 2593; x_wconf 84' lang='grc'>(61)</span> <span class='ocrx_word' id='word_1_314' title='bbox 1056 2523 1154 2592; x_wconf 82' lang='grc' dir='ltr'>τὴν</span> <span class='ocrx_word' id='word_1_315' title='bbox 1184 2520 1448 2575; x_wconf 87' lang='grc' dir='ltr'>διάνοιαν.</span> <span class='ocrx_word' id='word_1_316' title='bbox 1493 2522 1647 2575; x_wconf 77' lang='grc' dir='ltr'>Ἐπεὶ</span> <span class='ocrx_word' id='word_1_317' title='bbox 1671 2519 1765 2577; x_wconf 81' lang='grc' dir='ltr'><strong>οὖν</strong></span> 
     </span>
    </p>
   </div>
   <div class='ocr_carea' id='block_1_45' title="bbox 181 2612 1764 2686">
    <p class='ocr_par' dir='ltr' id='par_1_45' title="bbox 181 2612 1764 2686">
     <span class='ocr_line' id='line_1_45' title="bbox 181 2612 1764 2686; baseline -0.001 -18"><span class='ocrx_word' id='word_1_318' title='bbox 181 2616 250 2668; x_wconf 78' lang='grc' dir='ltr'><strong>οὐ</strong></span> <span class='ocrx_word' id='word_1_319' title='bbox 304 2614 567 2669; x_wconf 82' lang='grc' dir='ltr'>παύονται</span> <span class='ocrx_word' id='word_1_320' title='bbox 624 2612 1061 2686; x_wconf 77' lang='grc' dir='ltr'>ζυγομαχοῦντες</span> <span class='ocrx_word' id='word_1_321' title='bbox 1112 2612 1370 2685; x_wconf 76' lang='grc' dir='ltr'>περὶτῆς</span> <span class='ocrx_word' id='word_1_322' title='bbox 1410 2613 1764 2685; x_wconf 83' lang='grc' dir='ltr'>ὲνανθρωπή-</span> 
     </span>
    </p>
   </div>
   <div class='ocr_carea' id='block_1_46' title="bbox 184 2704 1762 2778">
    <p class='ocr_par' dir='ltr' id='par_1_46' title="bbox 184 2704 1762 2778">
     <span class='ocr_line' id='line_1_46' title="bbox 184 2704 1762 2778; baseline 0 -18"><span class='ocrx_word' id='word_1_323' title='bbox 184 2724 328 2771; x_wconf 88' lang='grc' dir='ltr'>σεως</span> <span class='ocrx_word' id='word_1_324' title='bbox 385 2706 479 2760; x_wconf 80' lang='grc' dir='ltr'><strong>τοῦ</strong></span> <span class='ocrx_word' id='word_1_325' title='bbox 538 2705 746 2778; x_wconf 79' lang='grc' dir='ltr'>Κυρίου</span> <span class='ocrx_word' id='word_1_326' title='bbox 771 2722 785 2736; x_wconf 75' lang='grc' dir='ltr'><strong>ο</strong></span> <span class='ocrx_word' id='word_1_327' title='bbox 820 2706 870 2760; x_wconf 88' lang='grc' dir='ltr'>οἱ</span> <span class='ocrx_word' id='word_1_328' title='bbox 900 2705 998 2776; x_wconf 85' lang='grc' dir='ltr'>μὲν</span> <span class='ocrx_word' id='word_1_329' title='bbox 1039 2704 1386 2775; x_wconf 75' lang='grc' dir='ltr'>ἀνειληφέναι</span> <span class='ocrx_word' id='word_1_330' title='bbox 1422 2705 1602 2777; x_wconf 84' lang='grc' dir='ltr'>σῶμα,</span> <span class='ocrx_word' id='word_1_331' title='bbox 1626 2708 1675 2759; x_wconf 81' lang='grc' dir='ltr'>οἱ</span> <span class='ocrx_word' id='word_1_332' title='bbox 1705 2707 1762 2760; x_wconf 83' lang='grc' dir='ltr'>δὲ</span> 
     </span>
    </p>
   </div>
   <div class='ocr_carea' id='block_1_47' title="bbox 181 2797 1764 2871">
    <p class='ocr_par' dir='ltr' id='par_1_47' title="bbox 181 2797 1764 2871">
     <span class='ocr_line' id='line_1_47' title="bbox 181 2797 1764 2871; baseline 0.001 -19"><span class='ocrx_word' id='word_1_333' title='bbox 181 2798 476 2870; x_wconf 84' lang='grc' dir='ltr'>ἀσώματον</span> <span class='ocrx_word' id='word_1_334' title='bbox 530 2798 692 2851; x_wconf 80' lang='grc' dir='ltr'>αὐτοῦ</span> <span class='ocrx_word' id='word_1_335' title='bbox 728 2797 827 2869; x_wconf 82' lang='grc' dir='ltr'><strong>τὴν</strong></span> <span class='ocrx_word' id='word_1_336' title='bbox 859 2797 1152 2869; x_wconf 81' lang='grc' dir='ltr'>ἐπιδημίαν</span> <span class='ocrx_word' id='word_1_337' title='bbox 1191 2797 1521 2869; x_wconf 80' lang='grc' dir='ltr'>γεγενῆσθαι</span> <span class='ocrx_word' id='word_1_338' title='bbox 1542 2798 1764 2871; x_wconf 76' lang='grc' dir='ltr'>διοριζό-</span> 
     </span>
    </p>
   </div>
   <div class='ocr_carea' id='block_1_48' title="bbox 185 2889 1762 2963">
    <p class='ocr_par' dir='ltr' id='par_1_48' title="bbox 185 2889 1762 2963">
     <span class='ocr_line' id='line_1_48' title="bbox 185 2889 1762 2963; baseline -0.001 -17"><span class='ocrx_word' id='word_1_339' title='bbox 185 2906 341 2963; x_wconf 79' lang='grc' dir='ltr'>μενοι</span> <span class='ocrx_word' id='word_1_340' title='bbox 361 2908 375 2921; x_wconf 91' lang='grc'><strong>·</strong></span> <span class='ocrx_word' id='word_1_341' title='bbox 407 2891 503 2945; x_wconf 82' lang='grc' dir='ltr'><strong>καὶ</strong></span> <span class='ocrx_word' id='word_1_342' title='bbox 542 2893 592 2943; x_wconf 84' lang='grc' dir='ltr'>οἱ</span> <span class='ocrx_word' id='word_1_343' title='bbox 625 2890 723 2961; x_wconf 86' lang='grc' dir='ltr'><strong>μὲν</strong></span> <span class='ocrx_word' id='word_1_344' title='bbox 777 2890 1022 2963; x_wconf 77' lang='grc' dir='ltr'>παθητὸν</span> <span class='ocrx_word' id='word_1_345' title='bbox 1064 2892 1356 2962; x_wconf 82' lang='grc' dir='ltr'>ἐσχηκέναι</span> <span class='ocrx_word' id='word_1_346' title='bbox 1387 2889 1448 2942; x_wconf 84' lang='grc' dir='ltr'><strong>τὸ</strong></span> <span class='ocrx_word' id='word_1_347' title='bbox 1481 2890 1659 2961; x_wconf 88' lang='grc' dir='ltr'>σῶμα,</span> <span class='ocrx_word' id='word_1_348' title='bbox 1712 2893 1762 2944; x_wconf 79' lang='grc' dir='ltr'>οἱ</span> 
     </span>
    </p>
   </div>
   <div class='ocr_carea' id='block_1_49' title="bbox 180 2980 1763 3055">
    <p class='ocr_par' dir='ltr' id='par_1_49' title="bbox 180 2980 1763 3055">
     <span class='ocr_line' id='line_1_49' title="bbox 180 2980 1763 3055; baseline -0.003 -17"><span class='ocrx_word' id='word_1_349' title='bbox 180 2984 241 3038; x_wconf 75' lang='grc' dir='ltr'>δὲ</span> <span class='ocrx_word' id='word_1_350' title='bbox 273 2984 544 3055; x_wconf 74' lang='grc' dir='ltr'>φαντασίᾳ</span> <span class='ocrx_word' id='word_1_351' title='bbox 592 2985 699 3037; x_wconf 77' lang='grc' dir='ltr'>τινὶ</span> <span class='ocrx_word' id='word_1_352' title='bbox 737 2982 837 3054; x_wconf 81' lang='grc' dir='ltr'><strong>τὴν</strong></span> <span class='ocrx_word' id='word_1_353' title='bbox 867 2982 955 3038; x_wconf 77' lang='grc' dir='ltr'><strong>διὰ</strong></span> <span class='ocrx_word' id='word_1_354' title='bbox 999 2981 1250 3052; x_wconf 84' lang='grc' dir='ltr'>σώματος</span> <span class='ocrx_word' id='word_1_355' title='bbox 1281 2980 1594 3052; x_wconf 88' lang='grc' dir='ltr'>οἰκονομίαν</span> <span class='ocrx_word' id='word_1_356' title='bbox 1622 2980 1763 3053; x_wconf 90' lang='grc' dir='ltr'>πλη-</span> 
     </span>
    </p>
   </div>
   <div class='ocr_carea' id='block_1_50' title="bbox 184 3073 1763 3146">
    <p class='ocr_par' dir='ltr' id='par_1_50' title="bbox 184 3073 1763 3146">
     <span class='ocr_line' id='line_1_50' title="bbox 184 3073 1763 3146; baseline -0.001 -18"><span class='ocrx_word' id='word_1_357' title='bbox 184 3074 314 3145; x_wconf 87' lang='grc' dir='ltr'>ροῦν</span> <span class='ocrx_word' id='word_1_358' title='bbox 339 3093 351 3105; x_wconf 93' lang='grc'><strong>·</strong></span> <span class='ocrx_word' id='word_1_359' title='bbox 411 3076 504 3128; x_wconf 75' lang='grc' dir='ltr'><strong>καὶ</strong></span> <span class='ocrx_word' id='word_1_360' title='bbox 549 3074 699 3128; x_wconf 84' lang='grc' dir='ltr'>ἄλλοι</span> <span class='ocrx_word' id='word_1_361' title='bbox 743 3074 925 3145; x_wconf 84' lang='grc' dir='ltr'>χοῖκὸν</span> <span class='ocrx_word' id='word_1_362' title='bbox 957 3073 1088 3145; x_wconf 73' lang='lat'><strong>(62),</strong></span> <span class='ocrx_word' id='word_1_363' title='bbox 1135 3073 1283 3128; x_wconf 82' lang='grc' dir='ltr'>ἄλλοι</span> <span class='ocrx_word' id='word_1_364' title='bbox 1333 3073 1392 3127; x_wconf 85' lang='grc' dir='ltr'>δὲ</span> <span class='ocrx_word' id='word_1_365' title='bbox 1442 3074 1763 3146; x_wconf 79' lang='grc' dir='ltr'>ἐπουράνιον</span> 
     </span>
    </p>
   </div>
   <div class='ocr_carea' id='block_1_51' title="bbox 184 3162 1766 3235">
    <p class='ocr_par' dir='ltr' id='par_1_51' title="bbox 184 3162 1766 3235">
     <span class='ocr_line' id='line_1_51' title="bbox 184 3162 1766 3235; baseline 0.001 -19"><span class='ocrx_word' id='word_1_366' title='bbox 184 3164 379 3235; x_wconf 85' lang='grc' dir='ltr'>σῶμα·</span> <span class='ocrx_word' id='word_1_367' title='bbox 414 3166 509 3218; x_wconf 67' lang='grc' dir='ltr'>καὶ</span> <span class='ocrx_word' id='word_1_368' title='bbox 563 3166 612 3217; x_wconf 81' lang='lat' dir='ltr'><strong>oi</strong></span> <span class='ocrx_word' id='word_1_369' title='bbox 673 3165 772 3234; x_wconf 78' lang='grc' dir='ltr'><strong>μὲν</strong></span> <span class='ocrx_word' id='word_1_370' title='bbox 811 3162 1137 3234; x_wconf 78' lang='grc' dir='ltr'>προαιὼνιον</span> <span class='ocrx_word' id='word_1_371' title='bbox 1192 3168 1292 3235; x_wconf 80' lang='grc' dir='ltr'><strong>τὴν</strong></span> <span class='ocrx_word' id='word_1_372' title='bbox 1344 3162 1599 3234; x_wconf 75' lang='grc' dir='ltr'>ὓπαρξιν,</span> <span class='ocrx_word' id='word_1_373' title='bbox 1634 3165 1766 3218; x_wconf 80' lang='grc' dir='ltr'>οἱδὲ</span> 
     </span>
    </p>
   </div>
   <div class='ocr_carea' id='block_1_52' title="bbox 181 3253 1768 3326">
    <p class='ocr_par' dir='ltr' id='par_1_52' title="bbox 181 3253 1768 3326">
     <span class='ocr_line' id='line_1_52' title="bbox 181 3253 1768 3326; baseline 0 -18"><span class='ocrx_word' id='word_1_374' title='bbox 181 3256 291 3308; x_wconf 80' lang='grc' dir='ltr'><strong>ἀπὸ</strong></span> <span class='ocrx_word' id='word_1_375' title='bbox 327 3256 542 3324; x_wconf 84' lang='grc' dir='ltr'>Μαρίας</span> <span class='ocrx_word' id='word_1_376' title='bbox 574 3255 674 3326; x_wconf 78' lang='grc' dir='ltr'>τὴν</span> <span class='ocrx_word' id='word_1_377' title='bbox 731 3256 905 3326; x_wconf 67' lang='grc' dir='ltr'>ἀρχὴν</span> <span class='ocrx_word' id='word_1_378' title='bbox 961 3256 1274 3326; x_wconf 80' lang='grc' dir='ltr'>ἐσχηκέναι’</span> <span class='ocrx_word' id='word_1_379' title='bbox 1334 3254 1423 3307; x_wconf 84' lang='grc' dir='ltr'>διὰ</span> <span class='ocrx_word' id='word_1_380' title='bbox 1458 3253 1615 3307; x_wconf 89' lang='grc' dir='ltr'>τοῦτο</span> <span class='ocrx_word' id='word_1_381' title='bbox 1662 3253 1768 3323; x_wconf 84' lang='grc' dir='ltr'><strong>Εὶς</strong></span> 
     </span>
    </p>
   </div>
   <div class='ocr_carea' id='block_1_53' title="bbox 183 3348 966 3416">
    <p class='ocr_par' dir='ltr' id='par_1_53' title="bbox 183 3348 966 3416">
     <span class='ocr_line' id='line_1_53' title="bbox 183 3348 966 3416; baseline -0.004 -15"><span class='ocrx_word' id='word_1_382' title='bbox 183 3348 447 3416; x_wconf 81' lang='grc' dir='ltr'>σημεῖον</span> <span class='ocrx_word' id='word_1_383' title='bbox 474 3348 966 3416; x_wconf 75' lang='grc' dir='ltr'>ἀντιλεγόμενον.</span> 
     </span>
    </p>
   </div>
   <div class='ocr_carea' id='block_1_54' title="bbox 252 3434 1764 3509">
    <p class='ocr_par' dir='ltr' id='par_1_54' title="bbox 252 3434 1764 3509">
     <span class='ocr_line' id='line_1_54' title="bbox 252 3434 1764 3509; baseline -0.003 -16"><span class='ocrx_word' id='word_1_384' title='bbox 252 3440 306 3493; x_wconf 91' lang='lat'><strong>9.</strong></span> <span class='ocrx_word' id='word_1_385' title='bbox 352 3438 649 3509; x_wconf 69' lang='grc' dir='ltr'>Ῥομφαίαν</span> <span class='ocrx_word' id='word_1_386' title='bbox 677 3438 734 3491; x_wconf 82' lang='grc' dir='ltr'>δὲ</span> <span class='ocrx_word' id='word_1_387' title='bbox 768 3436 917 3506; x_wconf 81' lang='grc' dir='ltr'>λέγει</span> <span class='ocrx_word' id='word_1_388' title='bbox 950 3435 1039 3489; x_wconf 85' lang='grc' dir='ltr'><strong>τὸν</strong></span> <span class='ocrx_word' id='word_1_389' title='bbox 1077 3434 1236 3504; x_wconf 81' lang='grc' dir='ltr'>λόγον</span> <span class='ocrx_word' id='word_1_390' title='bbox 1264 3435 1357 3489; x_wconf 73' lang='grc' dir='ltr'>τὸν</span> <span class='ocrx_word' id='word_1_391' title='bbox 1389 3435 1764 3507; x_wconf 71' lang='grc' dir='ltr'>πειραστικὸν,</span> 
     </span>
    </p>
   </div>
   <div class='ocr_carea' id='block_1_55' title="bbox 181 3526 1766 3600">
    <p class='ocr_par' dir='ltr' id='par_1_55' title="bbox 181 3526 1766 3600">
     <span class='ocr_line' id='line_1_55' title="bbox 181 3526 1766 3600; baseline -0.003 -17"><span class='ocrx_word' id='word_1_392' title='bbox 181 3529 274 3583; x_wconf 79' lang='grc' dir='ltr'><strong>τὸν</strong></span> <span class='ocrx_word' id='word_1_393' title='bbox 301 3530 544 3600; x_wconf 81' lang='grc' dir='ltr'>κριτικὸν</span> <span class='ocrx_word' id='word_1_394' title='bbox 574 3527 680 3581; x_wconf 85' lang='grc' dir='ltr'><strong>τῶν</strong></span> <span class='ocrx_word' id='word_1_395' title='bbox 718 3527 1089 3599; x_wconf 80' lang='grc' dir='ltr'>ἐνθυμήσεων,</span> <span class='ocrx_word' id='word_1_396' title='bbox 1111 3528 1203 3579; x_wconf 81' lang='grc' dir='ltr'><strong>τὸν</strong></span> <span class='ocrx_word' id='word_1_397' title='bbox 1230 3526 1600 3597; x_wconf 73' lang='grc' dir='ltr'>διικνούμενον</span> <span class='ocrx_word' id='word_1_398' title='bbox 1638 3527 1766 3597; x_wconf 85' lang='grc' dir='ltr'>ἄχρι</span> 
     </span>
    </p>
   </div>
   <div class='ocr_carea' id='block_1_56' title="bbox 185 3619 1766 3694">
    <p class='ocr_par' dir='ltr' id='par_1_56' title="bbox 185 3619 1766 3694">
     <span class='ocr_line' id='line_1_56' title="bbox 185 3619 1766 3694; baseline -0.002 -20"><span class='ocrx_word' id='word_1_399' title='bbox 185 3619 459 3694; x_wconf 81' lang='grc' dir='ltr'>μερισμοῦ</span> <span class='ocrx_word' id='word_1_400' title='bbox 501 3619 680 3692; x_wconf 72' lang='grc' dir='ltr'>ψυχῆς</span> <span class='ocrx_word' id='word_1_401' title='bbox 724 3637 785 3672; x_wconf 88' lang='grc' dir='ltr'><strong>τε</strong></span> <span class='ocrx_word' id='word_1_402' title='bbox 832 3620 925 3673; x_wconf 71' lang='grc' dir='ltr'>καὶ</span> <span class='ocrx_word' id='word_1_403' title='bbox 977 3619 1289 3690; x_wconf 83' lang='grc' dir='ltr'>πνεύματος</span> <span class='ocrx_word' id='word_1_404' title='bbox 1319 3619 1452 3691; x_wconf 77' lang='grc'>(65),</span> <span class='ocrx_word' id='word_1_405' title='bbox 1483 3619 1678 3692; x_wconf 84' lang='grc' dir='ltr'>ἁρμῶν</span> <span class='ocrx_word' id='word_1_406' title='bbox 1707 3637 1766 3672; x_wconf 89' lang='grc' dir='ltr'><strong>τε</strong></span> 
     </span>
    </p>
   </div>
   <div class='ocr_carea' id='block_1_57' title="bbox 183 3711 1765 3786">
    <p class='ocr_par' dir='ltr' id='par_1_57' title="bbox 183 3711 1765 3786">
     <span class='ocr_line' id='line_1_57' title="bbox 183 3711 1765 3786; baseline -0.003 -19"><span class='ocrx_word' id='word_1_407' title='bbox 183 3715 278 3768; x_wconf 79' lang='grc' dir='ltr'><strong>καὶ</strong></span> <span class='ocrx_word' id='word_1_408' title='bbox 307 3713 539 3786; x_wconf 83' lang='grc' dir='ltr'>μυελῶν,</span> <span class='ocrx_word' id='word_1_409' title='bbox 567 3714 661 3767; x_wconf 71' lang='grc' dir='ltr'><strong>καὶ</strong></span> <span class='ocrx_word' id='word_1_410' title='bbox 706 3712 953 3784; x_wconf 82' lang='grc' dir='ltr'>κριτικὸν</span> <span class='ocrx_word' id='word_1_411' title='bbox 987 3713 1337 3783; x_wconf 79' lang='grc' dir='ltr'>ἐνθυμήσεων</span> <span class='ocrx_word' id='word_1_412' title='bbox 1373 3712 1506 3784; x_wconf 68' lang='grc'>(64).</span> <span class='ocrx_word' id='word_1_413' title='bbox 1547 3711 1765 3781; x_wconf 87' lang='grc' dir='ltr'>Ἐπειδὴ</span> 
     </span>
    </p>
   </div>
   <div class='ocr_carea' id='block_1_58' title="bbox 183 3802 1767 3877">
    <p class='ocr_par' dir='ltr' id='par_1_58' title="bbox 183 3802 1767 3877">
     <span class='ocr_line' id='line_1_58' title="bbox 183 3802 1767 3877; baseline -0.002 -18"><span class='ocrx_word' id='word_1_414' title='bbox 183 3806 363 3859; x_wconf 83' lang='grc' dir='ltr'>τοίνυν</span> <span class='ocrx_word' id='word_1_415' title='bbox 398 3807 545 3859; x_wconf 78' lang='grc' dir='ltr'>πᾶσα</span> <span class='ocrx_word' id='word_1_416' title='bbox 560 3804 706 3876; x_wconf 76' lang='grc' dir='ltr'>ψυχὴ</span> <span class='ocrx_word' id='word_1_417' title='bbox 728 3805 880 3877; x_wconf 88' lang='grc' dir='ltr'><strong>παρά</strong></span> <span class='ocrx_word' id='word_1_418' title='bbox 907 3805 997 3858; x_wconf 86' lang='grc' dir='ltr'>τὸν</span> <span class='ocrx_word' id='word_1_419' title='bbox 1027 3806 1218 3873; x_wconf 81' lang='grc' dir='ltr'>καιρὸν</span> <span class='ocrx_word' id='word_1_420' title='bbox 1240 3802 1334 3858; x_wconf 87' lang='grc' dir='ltr'><strong>τοῦ</strong></span> <span class='ocrx_word' id='word_1_421' title='bbox 1368 3805 1573 3869; x_wconf 86' lang='grc' dir='ltr'>πάθους</span> <span class='ocrx_word' id='word_1_422' title='bbox 1602 3804 1767 3859; x_wconf 70' lang='grc' dir='ltr'>οἱονεὶ</span> 
     </span>
    </p>
   </div>
   <div class='ocr_carea' id='block_1_59' title="bbox 182 3895 1767 3969">
    <p class='ocr_par' dir='ltr' id='par_1_59' title="bbox 182 3895 1767 3969">
     <span class='ocr_line' id='line_1_59' title="bbox 182 3895 1767 3969; baseline -0.004 -16"><span class='ocrx_word' id='word_1_423' title='bbox 182 3898 453 3969; x_wconf 67' lang='grc' dir='ltr'>διακρίσει</span> <span class='ocrx_word' id='word_1_424' title='bbox 476 3898 582 3951; x_wconf 72' lang='grc' dir='ltr'>τινὶ</span> <span class='ocrx_word' id='word_1_425' title='bbox 606 3897 957 3963; x_wconf 77' lang='grc' dir='ltr'>ὑπεδάλλετο,</span> <span class='ocrx_word' id='word_1_426' title='bbox 986 3896 1129 3950; x_wconf 84' lang='grc' dir='ltr'><strong>κατά</strong></span> <span class='ocrx_word' id='word_1_427' title='bbox 1168 3895 1264 3967; x_wconf 79' lang='grc' dir='ltr'><strong>τὴν</strong></span> <span class='ocrx_word' id='word_1_428' title='bbox 1293 3897 1384 3950; x_wconf 89' lang='grc' dir='ltr'><strong>τοῦ</strong></span> <span class='ocrx_word' id='word_1_429' title='bbox 1413 3896 1616 3967; x_wconf 86' lang='grc' dir='ltr'>Κυρίου</span> <span class='ocrx_word' id='word_1_430' title='bbox 1653 3913 1767 3965; x_wconf 77' lang='grc' dir='ltr'>(ρω-</span> 
     </span>
    </p>
   </div>
   <div class='ocr_carea' id='block_1_60' title="bbox 184 3986 1767 4061">
    <p class='ocr_par' dir='ltr' id='par_1_60' title="bbox 184 3986 1767 4061">
     <span class='ocr_line' id='line_1_60' title="bbox 184 3986 1767 4061; baseline -0.003 -17"><span class='ocrx_word' id='word_1_431' title='bbox 184 3990 301 4061; x_wconf 79' lang='grc' dir='ltr'>νὴν,</span> <span class='ocrx_word' id='word_1_432' title='bbox 368 3990 631 4053; x_wconf 78' lang='grc' dir='ltr'>εἰπόντος,</span> <span class='ocrx_word' id='word_1_433' title='bbox 662 3989 743 4042; x_wconf 86' lang='grc' dir='ltr'>ὃτι</span> <span class='ocrx_word' id='word_1_434' title='bbox 788 3987 1018 4054; x_wconf 80' lang='grc' dir='ltr'>Πάντες</span> <span class='ocrx_word' id='word_1_435' title='bbox 1051 3986 1671 4056; x_wconf 71' lang='grc' dir='ltr'>σκανδαλισθήσεσθε</span> <span class='ocrx_word' id='word_1_436' title='bbox 1697 3987 1767 4040; x_wconf 79' lang='grc' dir='ltr'><strong>ἐν</strong></span> 
     </span>
    </p>
   </div>
   <div class='ocr_carea' id='block_1_61' title="bbox 182 4074 1766 4147">
    <p class='ocr_par' dir='ltr' id='par_1_61' title="bbox 182 4074 1766 4147">
     <span class='ocr_line' id='line_1_61' title="bbox 182 4074 1766 4147; baseline 0.001 -20"><span class='ocrx_word' id='word_1_437' title='bbox 182 4074 344 4145; x_wconf 77' lang='grc' dir='ltr'>ἐμοί’</span> <span class='ocrx_word' id='word_1_438' title='bbox 377 4075 712 4146; x_wconf 79' lang='grc' dir='ltr'>προφητεύει</span> <span class='ocrx_word' id='word_1_439' title='bbox 740 4075 767 4127; x_wconf 87' lang='lat'><strong>6</strong></span> <span class='ocrx_word' id='word_1_440' title='bbox 793 4074 1015 4146; x_wconf 86' lang='grc' dir='ltr'>Συμεὼν</span> <span class='ocrx_word' id='word_1_441' title='bbox 1051 4077 1146 4129; x_wconf 76' lang='grc' dir='ltr'><strong>καὶ</strong></span> <span class='ocrx_word' id='word_1_442' title='bbox 1172 4077 1301 4147; x_wconf 88' lang='grc' dir='ltr'><strong>περί</strong></span> <span class='ocrx_word' id='word_1_443' title='bbox 1322 4076 1492 4145; x_wconf 73' lang='grc' dir='ltr'>αὐτῆς</span> <span class='ocrx_word' id='word_1_444' title='bbox 1515 4076 1616 4145; x_wconf 78' lang='grc' dir='ltr'>τῆς</span> <span class='ocrx_word' id='word_1_445' title='bbox 1643 4077 1766 4129; x_wconf 87' lang='grc' dir='ltr'><strong>Μα-</strong></span> 
     </span>
    </p>
   </div>
   <div class='ocr_carea' id='block_1_62' title="bbox 183 4165 1766 4239">
    <p class='ocr_par' dir='ltr' id='par_1_62' title="bbox 183 4165 1766 4239">
     <span class='ocr_line' id='line_1_62' title="bbox 183 4165 1766 4239; baseline 0.003 -21"><span class='ocrx_word' id='word_1_446' title='bbox 183 4167 329 4236; x_wconf 79' lang='grc' dir='ltr'>ρίας.</span> <span class='ocrx_word' id='word_1_447' title='bbox 358 4167 439 4219; x_wconf 84' lang='grc' dir='ltr'><strong>δτι</strong></span> <span class='ocrx_word' id='word_1_448' title='bbox 493 4165 827 4237; x_wconf 82' lang='grc' dir='ltr'>παρεστῶσα</span> <span class='ocrx_word' id='word_1_449' title='bbox 881 4166 957 4238; x_wconf 84' lang='grc' dir='ltr'>τῷ</span> <span class='ocrx_word' id='word_1_450' title='bbox 988 4168 1225 4239; x_wconf 80' lang='grc' dir='ltr'>σταυρῷ,</span> <span class='ocrx_word' id='word_1_451' title='bbox 1266 4170 1359 4221; x_wconf 72' lang='grc' dir='ltr'><strong>καὶ</strong></span> <span class='ocrx_word' id='word_1_452' title='bbox 1391 4168 1663 4238; x_wconf 81' lang='grc' dir='ltr'>βλέπουσα</span> <span class='ocrx_word' id='word_1_453' title='bbox 1696 4168 1766 4223; x_wconf 79' lang='grc' dir='ltr'><strong>τά</strong></span> 
     </span>
    </p>
   </div>
   <div class='ocr_carea' id='block_1_63' title="bbox 183 4257 1764 4332">
    <p class='ocr_par' dir='ltr' id='par_1_63' title="bbox 183 4257 1764 4332">
     <span class='ocr_line' id='line_1_63' title="bbox 183 4257 1764 4332; baseline 0.001 -21"><span class='ocrx_word' id='word_1_454' title='bbox 183 4259 465 4329; x_wconf 66' lang='grc' dir='ltr'>γινόμενα,</span> <span class='ocrx_word' id='word_1_455' title='bbox 518 4259 612 4312; x_wconf 78' lang='grc' dir='ltr'><strong>καὶ</strong></span> <span class='ocrx_word' id='word_1_456' title='bbox 658 4258 928 4312; x_wconf 86' lang='grc' dir='ltr'>ἀκούουσα</span> <span class='ocrx_word' id='word_1_457' title='bbox 959 4258 1067 4312; x_wconf 88' lang='grc' dir='ltr'><strong>τῶν</strong></span> <span class='ocrx_word' id='word_1_458' title='bbox 1102 4259 1316 4329; x_wconf 77' lang='grc' dir='ltr'>φωνῶν,</span> <span class='ocrx_word' id='word_1_459' title='bbox 1368 4262 1506 4330; x_wconf 78' lang='grc' dir='ltr'>μετὰ</span> <span class='ocrx_word' id='word_1_460' title='bbox 1530 4260 1629 4332; x_wconf 83' lang='grc' dir='ltr'>τὴν</span> <span class='ocrx_word' id='word_1_461' title='bbox 1669 4257 1764 4313; x_wconf 88' lang='grc' dir='ltr'><strong>τοῦ</strong></span> 
     </span>
    </p>
   </div>
   <div class='ocr_carea' id='block_1_64' title="bbox 177 4350 1767 4424">
    <p class='ocr_par' dir='ltr' id='par_1_64' title="bbox 177 4350 1767 4424">
     <span class='ocr_line' id='line_1_64' title="bbox 177 4350 1767 4424; baseline 0.001 -20"><span class='ocrx_word' id='word_1_462' title='bbox 177 4350 425 4423; x_wconf 76' lang='grc' dir='ltr'>Γαϐριὴλ</span> <span class='ocrx_word' id='word_1_463' title='bbox 456 4352 783 4423; x_wconf 86' lang='grc' dir='ltr'>μαρτυρίαν,</span> <span class='ocrx_word' id='word_1_464' title='bbox 815 4352 955 4424; x_wconf 85' lang='grc' dir='ltr'><strong>μετά</strong></span> <span class='ocrx_word' id='word_1_465' title='bbox 974 4351 1071 4423; x_wconf 86' lang='grc' dir='ltr'>τὴν</span> <span class='ocrx_word' id='word_1_466' title='bbox 1098 4353 1411 4423; x_wconf 72' lang='grc' dir='ltr'>ἀπόρρητον</span> <span class='ocrx_word' id='word_1_467' title='bbox 1434 4352 1634 4421; x_wconf 85' lang='grc' dir='ltr'>γνῶσιν</span> <span class='ocrx_word' id='word_1_468' title='bbox 1666 4355 1767 4424; x_wconf 81' lang='grc' dir='ltr'><strong>τῆς</strong></span> 
     </span>
    </p>
   </div>
   <div class='ocr_carea' id='block_1_65' title="bbox 177 4442 1765 4516">
    <p class='ocr_par' dir='ltr' id='par_1_65' title="bbox 177 4442 1765 4516">
     <span class='ocr_line' id='line_1_65' title="bbox 177 4442 1765 4516; baseline 0.001 -20"><span class='ocrx_word' id='word_1_469' title='bbox 177 4444 335 4508; x_wconf 80' lang='grc' dir='ltr'>θείας</span> <span class='ocrx_word' id='word_1_470' title='bbox 391 4442 724 4515; x_wconf 76' lang='grc' dir='ltr'>συλλήψεως,</span> <span class='ocrx_word' id='word_1_471' title='bbox 768 4443 906 4516; x_wconf 87' lang='grc' dir='ltr'><strong>μετά</strong></span> <span class='ocrx_word' id='word_1_472' title='bbox 930 4444 1030 4516; x_wconf 80' lang='grc' dir='ltr'>τὴν</span> <span class='ocrx_word' id='word_1_473' title='bbox 1072 4444 1314 4516; x_wconf 77' lang='grc' dir='ltr'>μεγάλην</span> <span class='ocrx_word' id='word_1_474' title='bbox 1337 4444 1445 4497; x_wconf 88' lang='grc' dir='ltr'><strong>τῶν</strong></span> <span class='ocrx_word' id='word_1_475' title='bbox 1471 4444 1765 4515; x_wconf 85' lang='grc' dir='ltr'>θαυμάτων</span> 
     </span>
    </p>
   </div>
   <div class='ocr_carea' id='block_1_66' title="bbox 1875 1888 2195 1941">
    <p class='ocr_par' dir='ltr' id='par_1_66' title="bbox 1875 1888 2195 1941">
     <span class='ocr_line' id='line_1_66' title="bbox 1875 1888 2195 1941; baseline 0.003 -1"><span class='ocrx_word' id='word_1_476' title='bbox 1875 1888 2195 1941; x_wconf 90' lang='lat' dir='ltr'><strong>multorum.</strong></span> 
     </span>
    </p>
   </div>
   <div class='ocr_carea' id='block_1_67' title="bbox 1942 1966 3451 2050">
    <p class='ocr_par' dir='ltr' id='par_1_67' title="bbox 1942 1966 3451 2050">
     <span class='ocr_line' id='line_1_67' title="bbox 1942 1966 3451 2050; baseline -0.008 -16"><span class='ocrx_word' id='word_1_477' title='bbox 1942 1978 1999 2034; x_wconf 92' lang='lat'><strong>8.</strong></span> <span class='ocrx_word' id='word_1_478' title='bbox 2055 1978 2122 2033; x_wconf 85' lang='lat' dir='ltr'><strong>In</strong></span> <span class='ocrx_word' id='word_1_479' title='bbox 2159 1979 2366 2050; x_wconf 81' lang='lat' dir='ltr'><strong>signum</strong></span> <span class='ocrx_word' id='word_1_480' title='bbox 2418 1985 2599 2031; x_wconf 89' lang='lat' dir='ltr'><strong>autem</strong></span> <span class='ocrx_word' id='word_1_481' title='bbox 2645 1975 2730 2029; x_wconf 84' lang='lat' dir='ltr'><strong>cui</strong></span> <span class='ocrx_word' id='word_1_482' title='bbox 2774 1971 3184 2028; x_wconf 80' lang='lat' dir='ltr'><strong>contradicetur.</strong></span> <span class='ocrx_word' id='word_1_483' title='bbox 3221 1966 3451 2037; x_wconf 82' lang='lat' dir='ltr'><strong>Proprie</strong></span> 
     </span>
    </p>
   </div>
   <div class='ocr_carea' id='block_1_68' title="bbox 1873 2059 3448 2141">
    <p class='ocr_par' dir='ltr' id='par_1_68' title="bbox 1873 2059 3448 2141">
     <span class='ocr_line' id='line_1_68' title="bbox 1873 2059 3448 2141; baseline -0.008 -16"><span class='ocrx_word' id='word_1_484' title='bbox 1873 2071 2087 2141; x_wconf 85' lang='lat' dir='ltr'><strong>signum</strong></span> <span class='ocrx_word' id='word_1_485' title='bbox 2134 2070 2389 2126; x_wconf 81' lang='lat' dir='ltr'><strong>novimus</strong></span> <span class='ocrx_word' id='word_1_486' title='bbox 2441 2072 2497 2124; x_wconf 91' lang='lat' dir='ltr'><strong>in</strong></span> <span class='ocrx_word' id='word_1_487' title='bbox 2555 2068 2845 2138; x_wconf 83' lang='lat' dir='ltr'><strong>Scriptura</strong></span> <span class='ocrx_word' id='word_1_488' title='bbox 2894 2079 3117 2120; x_wconf 87' lang='lat' dir='ltr'><strong>crucem</strong></span> <span class='ocrx_word' id='word_1_489' title='bbox 3159 2059 3448 2133; x_wconf 84' lang='lat' dir='ltr'><strong>appellari.</strong></span> 
     </span>
    </p>
   </div>
   <div class='ocr_carea' id='block_1_69' title="bbox 1874 2151 3448 2233">
    <p class='ocr_par' dir='ltr' id='par_1_69' title="bbox 1874 2151 3448 2233">
     <span class='ocr_line' id='line_1_69' title="bbox 1874 2151 3448 2233; baseline -0.008 -17"><span class='ocrx_word' id='word_1_490' title='bbox 1874 2161 2063 2217; x_wconf 82' lang='lat' dir='ltr'><strong>Posuit</strong></span> <span class='ocrx_word' id='word_1_491' title='bbox 2104 2162 2276 2227; x_wconf 91' lang='lat' dir='ltr'><strong>enim,</strong></span> <span class='ocrx_word' id='word_1_492' title='bbox 2326 2161 2523 2233; x_wconf 91' lang='lat' dir='ltr'><strong>inquit,</strong></span> <span class='ocrx_word' id='word_1_493' title='bbox 2580 2158 2756 2214; x_wconf 82' lang='lat' dir='ltr'><strong>Moses</strong></span> <span class='ocrx_word' id='word_1_494' title='bbox 2815 2165 3104 2225; x_wconf 80' lang='lat' dir='ltr'><strong>serpentem</strong></span> <span class='ocrx_word' id='word_1_495' title='bbox 3152 2169 3310 2224; x_wconf 84' lang='lat' dir='ltr'><strong>super</strong></span> <span class='ocrx_word' id='word_1_496' title='bbox 3369 2151 3448 2205; x_wconf 85' lang='lat' dir='ltr'><strong>si-</strong></span> 
     </span>
    </p>
   </div>
   <div class='ocr_carea' id='block_1_70' title="bbox 1871 2243 3451 2325">
    <p class='ocr_par' dir='ltr' id='par_1_70' title="bbox 1871 2243 3451 2325">
     <span class='ocr_line' id='line_1_70' title="bbox 1871 2243 3451 2325; baseline -0.007 -17"><span class='ocrx_word' id='word_1_497' title='bbox 1871 2272 2033 2325; x_wconf 86' lang='lat' dir='ltr'><strong>gnum</strong></span> <span class='ocrx_word' id='word_1_498' title='bbox 2058 2256 2124 2320; x_wconf 82' lang='grc'>¹²,</span> <span class='ocrx_word' id='word_1_499' title='bbox 2153 2254 2207 2309; x_wconf 90' lang='lat' dir='ltr'><strong>id</strong></span> <span class='ocrx_word' id='word_1_500' title='bbox 2242 2262 2346 2318; x_wconf 88' lang='lat' dir='ltr'><strong>est,</strong></span> <span class='ocrx_word' id='word_1_501' title='bbox 2386 2269 2551 2325; x_wconf 89' lang='lat' dir='ltr'><strong>super</strong></span> <span class='ocrx_word' id='word_1_502' title='bbox 2584 2267 2825 2307; x_wconf 88' lang='lat' dir='ltr'><strong>crucem.</strong></span> <span class='ocrx_word' id='word_1_503' title='bbox 2864 2249 2962 2305; x_wconf 81' lang='lat' dir='ltr'><strong>Vel</strong></span> <span class='ocrx_word' id='word_1_504' title='bbox 2993 2250 3208 2318; x_wconf 86' lang='lat' dir='ltr'><strong>signum</strong></span> <span class='ocrx_word' id='word_1_505' title='bbox 3239 2253 3325 2303; x_wconf 90' lang='lat' dir='ltr'><strong>est</strong></span> <span class='ocrx_word' id='word_1_506' title='bbox 3365 2243 3451 2298; x_wconf 88' lang='lat' dir='ltr'><strong>in-</strong></span> 
     </span>
    </p>
   </div>
   <div class='ocr_carea' id='block_1_71' title="bbox 1872 2342 3450 2417">
    <p class='ocr_par' dir='ltr' id='par_1_71' title="bbox 1872 2342 3450 2417">
     <span class='ocr_line' id='line_1_71' title="bbox 1872 2342 3450 2417; baseline -0.006 -16"><span class='ocrx_word' id='word_1_507' title='bbox 1872 2348 2107 2417; x_wconf 73' lang='lat' dir='ltr'><strong>0pinatae</strong></span> <span class='ocrx_word' id='word_1_508' title='bbox 2140 2346 2427 2417; x_wconf 89' lang='lat' dir='ltr'><strong>cujusdam</strong></span> <span class='ocrx_word' id='word_1_509' title='bbox 2457 2354 2512 2400; x_wconf 93' lang='lat' dir='ltr'><strong>et</strong></span> <span class='ocrx_word' id='word_1_510' title='bbox 2559 2345 2807 2400; x_wconf 77' lang='lat' dir='ltr'><strong>obscurae</strong></span> <span class='ocrx_word' id='word_1_511' title='bbox 2861 2344 2941 2399; x_wconf 90' lang='lat' dir='ltr'><strong>rei</strong></span> <span class='ocrx_word' id='word_1_512' title='bbox 3001 2342 3264 2396; x_wconf 91' lang='lat' dir='ltr'><strong>indicium</strong></span> <span class='ocrx_word' id='word_1_513' title='bbox 3317 2358 3330 2394; x_wconf 92' lang='lat'><strong>:</strong></span> <span class='ocrx_word' id='word_1_514' title='bbox 3386 2354 3450 2392; x_wconf 85' lang='lat' dir='ltr'><strong>ac</strong></span> 
     </span>
    </p>
   </div>
   <div class='ocr_carea' id='block_1_72' title="bbox 1871 2433 3451 2509">
    <p class='ocr_par' dir='ltr' id='par_1_72' title="bbox 1871 2433 3451 2509">
     <span class='ocr_line' id='line_1_72' title="bbox 1871 2433 3451 2509; baseline -0.006 -16"><span class='ocrx_word' id='word_1_515' title='bbox 1871 2439 2089 2493; x_wconf 85' lang='lat' dir='ltr'><strong>videtur</strong></span> <span class='ocrx_word' id='word_1_516' title='bbox 2116 2439 2335 2508; x_wconf 90' lang='lat' dir='ltr'><strong>quidem</strong></span> <span class='ocrx_word' id='word_1_517' title='bbox 2366 2453 2396 2492; x_wconf 91' lang='lat' dir='ltr'><strong>a</strong></span> <span class='ocrx_word' id='word_1_518' title='bbox 2426 2437 2881 2509; x_wconf 87' lang='lat' dir='ltr'><strong>simplicioribus,</strong></span> <span class='ocrx_word' id='word_1_519' title='bbox 2915 2433 3238 2505; x_wconf 78' lang='lat' dir='ltr'><strong>intelligitur</strong></span> <span class='ocrx_word' id='word_1_520' title='bbox 3266 2438 3451 2486; x_wconf 87' lang='lat' dir='ltr'><strong>autem</strong></span> 
     </span>
    </p>
   </div>
   <div class='ocr_carea' id='block_1_73' title="bbox 1872 2526 3451 2600">
    <p class='ocr_par' dir='ltr' id='par_1_73' title="bbox 1872 2526 3451 2600">
     <span class='ocr_line' id='line_1_73' title="bbox 1872 2526 3451 2600; baseline -0.003 -17"><span class='ocrx_word' id='word_1_521' title='bbox 1872 2531 1941 2585; x_wconf 89' lang='lat' dir='ltr'><strong>ab</strong></span> <span class='ocrx_word' id='word_1_522' title='bbox 1966 2530 2052 2586; x_wconf 88' lang='lat' dir='ltr'><strong>his</strong></span> <span class='ocrx_word' id='word_1_523' title='bbox 2082 2530 2174 2600; x_wconf 90' lang='lat' dir='ltr'><strong>qui</strong></span> <span class='ocrx_word' id='word_1_524' title='bbox 2208 2538 2390 2585; x_wconf 90' lang='lat' dir='ltr'><strong>mente</strong></span> <span class='ocrx_word' id='word_1_525' title='bbox 2420 2537 2547 2586; x_wconf 91' lang='lat' dir='ltr'><strong>sunt</strong></span> <span class='ocrx_word' id='word_1_526' title='bbox 2572 2528 2936 2599; x_wconf 88' lang='lat' dir='ltr'><strong>perspicaces.</strong></span> <span class='ocrx_word' id='word_1_527' title='bbox 2983 2526 3250 2593; x_wconf 84' lang='lat' dir='ltr'><strong>Quoniam</strong></span> <span class='ocrx_word' id='word_1_528' title='bbox 3283 2526 3451 2596; x_wconf 82' lang='lat' dir='ltr'><strong>igitur</strong></span> 
     </span>
    </p>
   </div>
   <div class='ocr_carea' id='block_1_74' title="bbox 1872 2619 3445 2692">
    <p class='ocr_par' dir='ltr' id='par_1_74' title="bbox 1872 2619 3445 2692">
     <span class='ocr_line' id='line_1_74' title="bbox 1872 2619 3445 2692; baseline -0.004 -15"><span class='ocrx_word' id='word_1_529' title='bbox 1872 2638 1983 2678; x_wconf 91' lang='lat' dir='ltr'><strong>non</strong></span> <span class='ocrx_word' id='word_1_530' title='bbox 2024 2632 2244 2679; x_wconf 88' lang='lat' dir='ltr'><strong>cessant</strong></span> <span class='ocrx_word' id='word_1_531' title='bbox 2289 2622 2578 2692; x_wconf 85' lang='lat' dir='ltr'><strong>digladiari</strong></span> <span class='ocrx_word' id='word_1_532' title='bbox 2625 2621 2694 2676; x_wconf 90' lang='lat' dir='ltr'><strong>de</strong></span> <span class='ocrx_word' id='word_1_533' title='bbox 2740 2620 3122 2675; x_wconf 87' lang='lat' dir='ltr'><strong>lncarnatione</strong></span> <span class='ocrx_word' id='word_1_534' title='bbox 3170 2619 3383 2674; x_wconf 88' lang='lat' dir='ltr'><strong>Domini</strong></span> <span class='ocrx_word' id='word_1_535' title='bbox 3432 2637 3445 2672; x_wconf 75' lang='grc' dir='ltr'>ε</span> 
     </span>
    </p>
   </div>
   <div class='ocr_carea' id='block_1_75' title="bbox 1871 2706 3450 2779">
    <p class='ocr_par' dir='ltr' id='par_1_75' title="bbox 1871 2706 3450 2779">
     <span class='ocr_line' id='line_1_75' title="bbox 1871 2706 3450 2779; baseline -0.002 -17"><span class='ocrx_word' id='word_1_536' title='bbox 1871 2708 1964 2762; x_wconf 90' lang='lat' dir='ltr'><strong>alii</strong></span> <span class='ocrx_word' id='word_1_537' title='bbox 2000 2708 2222 2779; x_wconf 89' lang='lat' dir='ltr'><strong>quidem</strong></span> <span class='ocrx_word' id='word_1_538' title='bbox 2254 2724 2379 2763; x_wconf 92' lang='lat' dir='ltr'><strong>eum</strong></span> <span class='ocrx_word' id='word_1_539' title='bbox 2422 2723 2627 2779; x_wconf 90' lang='lat' dir='ltr'><strong>corpus</strong></span> <span class='ocrx_word' id='word_1_540' title='bbox 2662 2708 3054 2779; x_wconf 86' lang='lat' dir='ltr'><strong>assumpsisse,</strong></span> <span class='ocrx_word' id='word_1_541' title='bbox 3082 2708 3170 2762; x_wconf 88' lang='lat' dir='ltr'><strong>alii</strong></span> <span class='ocrx_word' id='word_1_542' title='bbox 3202 2722 3332 2763; x_wconf 88' lang='lat' dir='ltr'><strong>vero</strong></span> <span class='ocrx_word' id='word_1_543' title='bbox 3363 2706 3450 2760; x_wconf 80' lang='lat' dir='ltr'><strong>in-</strong></span> 
     </span>
    </p>
   </div>
   <div class='ocr_carea' id='block_1_76' title="bbox 1870 2797 3448 2871">
    <p class='ocr_par' dir='ltr' id='par_1_76' title="bbox 1870 2797 3448 2871">
     <span class='ocr_line' id='line_1_76' title="bbox 1870 2797 3448 2871; baseline -0.003 -15"><span class='ocrx_word' id='word_1_544' title='bbox 1870 2816 2196 2871; x_wconf 86' lang='lat' dir='ltr'><strong>corporeum</strong></span> <span class='ocrx_word' id='word_1_545' title='bbox 2221 2800 2371 2855; x_wconf 88' lang='lat' dir='ltr'><strong>illius</strong></span> <span class='ocrx_word' id='word_1_546' title='bbox 2405 2799 2698 2854; x_wconf 78' lang='lat' dir='ltr'><strong>adventum</strong></span> <span class='ocrx_word' id='word_1_547' title='bbox 2732 2798 2903 2855; x_wconf 79' lang='lat' dir='ltr'><strong>fuisse</strong></span> <span class='ocrx_word' id='word_1_548' title='bbox 2932 2801 3329 2855; x_wconf 84' lang='lat' dir='ltr'><strong>decernentes:</strong></span> <span class='ocrx_word' id='word_1_549' title='bbox 3358 2797 3448 2852; x_wconf 91' lang='lat' dir='ltr'><strong>alii</strong></span> 
     </span>
    </p>
   </div>
   <div class='ocr_carea' id='block_1_77' title="bbox 1871 2892 3449 2966">
    <p class='ocr_par' dir='ltr' id='par_1_77' title="bbox 1871 2892 3449 2966">
     <span class='ocr_line' id='line_1_77' title="bbox 1871 2892 3449 2966; baseline 0 -17"><span class='ocrx_word' id='word_1_550' title='bbox 1871 2895 2138 2966; x_wconf 91' lang='lat' dir='ltr'><strong>passibile</strong></span> <span class='ocrx_word' id='word_1_551' title='bbox 2176 2909 2404 2964; x_wconf 50' lang='lat' dir='ltr'><strong>.corpus</strong></span> <span class='ocrx_word' id='word_1_552' title='bbox 2460 2893 2738 2959; x_wconf 89' lang='lat' dir='ltr'><strong>habuisse,</strong></span> <span class='ocrx_word' id='word_1_553' title='bbox 2812 2893 2903 2947; x_wconf 89' lang='lat' dir='ltr'><strong>alii</strong></span> <span class='ocrx_word' id='word_1_554' title='bbox 2959 2893 3141 2962; x_wconf 86' lang='lat' dir='ltr'><strong>specie</strong></span> <span class='ocrx_word' id='word_1_555' title='bbox 3211 2892 3449 2961; x_wconf 85' lang='lat' dir='ltr'><strong>quadam</strong></span> 
     </span>
    </p>
   </div>
   <div class='ocr_carea' id='block_1_78' title="bbox 1870 2986 3450 3059">
    <p class='ocr_par' dir='ltr' id='par_1_78' title="bbox 1870 2986 3450 3059">
     <span class='ocr_line' id='line_1_78' title="bbox 1870 2986 3450 3059; baseline -0.003 -16"><span class='ocrx_word' id='word_1_556' title='bbox 1870 3003 2195 3059; x_wconf 87' lang='lat' dir='ltr'><strong>corpoream</strong></span> <span class='ocrx_word' id='word_1_557' title='bbox 2231 2987 2699 3056; x_wconf 74' lang='lat' dir='ltr'><strong>dispensationem</strong></span> <span class='ocrx_word' id='word_1_558' title='bbox 2735 2986 3118 3055; x_wconf 86' lang='lat' dir='ltr'><strong>adimplevisse</strong></span> <span class='ocrx_word' id='word_1_559' title='bbox 3162 3005 3175 3040; x_wconf 91' lang='lat'><strong>:</strong></span> <span class='ocrx_word' id='word_1_560' title='bbox 3209 2986 3301 3039; x_wconf 87' lang='lat' dir='ltr'><strong>alii</strong></span> <span class='ocrx_word' id='word_1_561' title='bbox 3338 2994 3450 3039; x_wconf 91' lang='lat' dir='ltr'><strong>ter-</strong></span> 
     </span>
    </p>
   </div>
   <div class='ocr_carea' id='block_1_79' title="bbox 1873 3077 3449 3147">
    <p class='ocr_par' dir='ltr' id='par_1_79' title="bbox 1873 3077 3449 3147">
     <span class='ocr_line' id='line_1_79' title="bbox 1873 3077 3449 3147; baseline -0.001 -14"><span class='ocrx_word' id='word_1_562' title='bbox 1873 3087 2069 3143; x_wconf 89' lang='lat' dir='ltr'><strong>restre,</strong></span> <span class='ocrx_word' id='word_1_563' title='bbox 2119 3078 2213 3132; x_wconf 88' lang='lat' dir='ltr'><strong>alii</strong></span> <span class='ocrx_word' id='word_1_564' title='bbox 2259 3078 2484 3133; x_wconf 69' lang='lat' dir='ltr'><strong>cmleste</strong></span> <span class='ocrx_word' id='word_1_565' title='bbox 2529 3092 2731 3147; x_wconf 83' lang='lat' dir='ltr'><strong>corpus</strong></span> <span class='ocrx_word' id='word_1_566' title='bbox 2781 3094 2796 3131; x_wconf 85' lang='lat'><strong>:</strong></span> <span class='ocrx_word' id='word_1_567' title='bbox 2842 3078 2934 3132; x_wconf 88' lang='lat' dir='ltr'><strong>alii</strong></span> <span class='ocrx_word' id='word_1_568' title='bbox 2978 3093 3101 3132; x_wconf 92' lang='lat' dir='ltr'><strong>eum</strong></span> <span class='ocrx_word' id='word_1_569' title='bbox 3142 3077 3210 3131; x_wconf 91' lang='lat' dir='ltr'><strong>ab</strong></span> <span class='ocrx_word' id='word_1_570' title='bbox 3245 3084 3449 3132; x_wconf 66' lang='lat' dir='ltr'><strong>teterno</strong></span> 
     </span>
    </p>
   </div>
   <div class='ocr_carea' id='block_1_80' title="bbox 1792 3168 3447 3241">
    <p class='ocr_par' dir='ltr' id='par_1_80' title="bbox 1792 3168 3447 3241">
     <span class='ocr_line' id='line_1_80' title="bbox 1792 3168 3447 3241; baseline 0 -16"><span class='ocrx_word' id='word_1_571' title='bbox 1792 3182 1835 3238; x_wconf 72' lang='grc' dir='ltr'>ο</span> <span class='ocrx_word' id='word_1_572' title='bbox 1868 3170 2280 3241; x_wconf 78' lang='lat' dir='ltr'><strong>praeexstitisse,</strong></span> <span class='ocrx_word' id='word_1_573' title='bbox 2312 3169 2404 3223; x_wconf 89' lang='lat' dir='ltr'><strong>alii</strong></span> <span class='ocrx_word' id='word_1_574' title='bbox 2424 3184 2490 3224; x_wconf 83' lang='lat' dir='ltr'><strong>ex</strong></span> <span class='ocrx_word' id='word_1_575' title='bbox 2515 3168 2684 3223; x_wconf 79' lang='lat' dir='ltr'><strong>Maria</strong></span> <span class='ocrx_word' id='word_1_576' title='bbox 2712 3169 2930 3223; x_wconf 84' lang='lat' dir='ltr'><strong>initium</strong></span> <span class='ocrx_word' id='word_1_577' title='bbox 2969 3170 3286 3239; x_wconf 88' lang='lat' dir='ltr'><strong>accepisse:</strong></span> <span class='ocrx_word' id='word_1_578' title='bbox 3318 3185 3447 3240; x_wconf 83' lang='lat' dir='ltr'><strong>pro-</strong></span> 
     </span>
    </p>
   </div>
   <div class='ocr_carea' id='block_1_81' title="bbox 1867 3261 2952 3333">
    <p class='ocr_par' dir='ltr' id='par_1_81' title="bbox 1867 3261 2952 3333">
     <span class='ocr_line' id='line_1_81' title="bbox 1867 3261 2952 3333; baseline -0.003 -17"><span class='ocrx_word' id='word_1_579' title='bbox 1867 3270 2056 3333; x_wconf 87' lang='lat' dir='ltr'><strong>pterea</strong></span> <span class='ocrx_word' id='word_1_580' title='bbox 2087 3261 2150 3316; x_wconf 84' lang='lat' dir='ltr'><strong>In</strong></span> <span class='ocrx_word' id='word_1_581' title='bbox 2189 3263 2399 3333; x_wconf 81' lang='lat' dir='ltr'><strong>signum</strong></span> <span class='ocrx_word' id='word_1_582' title='bbox 2430 3262 2514 3315; x_wconf 85' lang='lat' dir='ltr'><strong>cui</strong></span> <span class='ocrx_word' id='word_1_583' title='bbox 2538 3262 2952 3316; x_wconf 82' lang='lat' dir='ltr'><strong>contradicetur.</strong></span> 
     </span>
    </p>
   </div>
   <div class='ocr_carea' id='block_1_82' title="bbox 1936 3436 3447 3495">
    <p class='ocr_par' dir='ltr' id='par_1_82' title="bbox 1936 3436 3447 3495">
     <span class='ocr_line' id='line_1_82' title="bbox 1936 3436 3447 3495; baseline 0 -1"><span class='ocrx_word' id='word_1_584' title='bbox 1936 3438 1991 3494; x_wconf 92' lang='lat'><strong>9.</strong></span> <span class='ocrx_word' id='word_1_585' title='bbox 2028 3436 2285 3493; x_wconf 79' lang='lat' dir='ltr'><strong>Gladium</strong></span> <span class='ocrx_word' id='word_1_586' title='bbox 2330 3446 2516 3493; x_wconf 86' lang='lat' dir='ltr'><strong>autem</strong></span> <span class='ocrx_word' id='word_1_587' title='bbox 2553 3446 2687 3494; x_wconf 80' lang='lat' dir='ltr'><strong>dicit</strong></span> <span class='ocrx_word' id='word_1_588' title='bbox 2720 3454 3027 3495; x_wconf 91' lang='lat' dir='ltr'><strong>sermonem</strong></span> <span class='ocrx_word' id='word_1_589' title='bbox 3061 3440 3308 3495; x_wconf 90' lang='lat' dir='ltr'><strong>tentandi</strong></span> <span class='ocrx_word' id='word_1_590' title='bbox 3337 3440 3447 3494; x_wconf 85' lang='lat' dir='ltr'><strong>vim</strong></span> 
     </span>
    </p>
   </div>
   <div class='ocr_carea' id='block_1_83' title="bbox 1867 3530 3449 3603">
    <p class='ocr_par' dir='ltr' id='par_1_83' title="bbox 1867 3530 3449 3603">
     <span class='ocr_line' id='line_1_83' title="bbox 1867 3530 3449 3603; baseline 0.003 -19"><span class='ocrx_word' id='word_1_591' title='bbox 1867 3530 2160 3585; x_wconf 86' lang='lat' dir='ltr'><strong>habentem</strong></span> <span class='ocrx_word' id='word_1_592' title='bbox 2191 3539 2245 3585; x_wconf 91' lang='lat' dir='ltr'><strong>et</strong></span> <span class='ocrx_word' id='word_1_593' title='bbox 2299 3530 2649 3586; x_wconf 90' lang='lat' dir='ltr'><strong>discernendi</strong></span> <span class='ocrx_word' id='word_1_594' title='bbox 2695 3532 3077 3602; x_wconf 86' lang='lat' dir='ltr'><strong>cogitationes,</strong></span> <span class='ocrx_word' id='word_1_595' title='bbox 3138 3534 3449 3603; x_wconf 85' lang='lat' dir='ltr'><strong>pertingen-</strong></span> 
     </span>
    </p>
   </div>
   <div class='ocr_carea' id='block_1_84' title="bbox 1868 3620 3448 3691">
    <p class='ocr_par' dir='ltr' id='par_1_84' title="bbox 1868 3620 3448 3691">
     <span class='ocr_line' id='line_1_84' title="bbox 1868 3620 3448 3691; baseline 0.001 -16"><span class='ocrx_word' id='word_1_596' title='bbox 1868 3630 1978 3677; x_wconf 90' lang='lat' dir='ltr'><strong>tem</strong></span> <span class='ocrx_word' id='word_1_597' title='bbox 2022 3636 2199 3691; x_wconf 88' lang='lat' dir='ltr'><strong>usque</strong></span> <span class='ocrx_word' id='word_1_598' title='bbox 2245 3620 2314 3674; x_wconf 91' lang='lat' dir='ltr'><strong>ad</strong></span> <span class='ocrx_word' id='word_1_599' title='bbox 2370 3620 2698 3676; x_wconf 85' lang='lat' dir='ltr'><strong>divisionem</strong></span> <span class='ocrx_word' id='word_1_600' title='bbox 2742 3622 2939 3675; x_wconf 72' lang='lat' dir='ltr'><strong>anima:</strong></span> <span class='ocrx_word' id='word_1_601' title='bbox 2973 3629 3026 3675; x_wconf 88' lang='lat' dir='ltr'><strong>et</strong></span> <span class='ocrx_word' id='word_1_602' title='bbox 3068 3623 3330 3691; x_wconf 90' lang='lat' dir='ltr'><strong>spiritus,</strong></span> <span class='ocrx_word' id='word_1_603' title='bbox 3362 3638 3448 3676; x_wconf 89' lang='lat' dir='ltr'><strong>ar-</strong></span> 
     </span>
    </p>
   </div>
   <div class='ocr_carea' id='block_1_85' title="bbox 1868 3712 3449 3785">
    <p class='ocr_par' dir='ltr' id='par_1_85' title="bbox 1868 3712 3449 3785">
     <span class='ocr_line' id='line_1_85' title="bbox 1868 3712 3449 3785; baseline 0 -17"><span class='ocrx_word' id='word_1_604' title='bbox 1868 3722 2026 3768; x_wconf 87' lang='lat' dir='ltr'><strong>tuum</strong></span> <span class='ocrx_word' id='word_1_605' title='bbox 2070 3728 2287 3785; x_wconf 90' lang='lat' dir='ltr'><strong>quoque</strong></span> <span class='ocrx_word' id='word_1_606' title='bbox 2335 3721 2389 3767; x_wconf 90' lang='lat' dir='ltr'><strong>et</strong></span> <span class='ocrx_word' id='word_1_607' title='bbox 2441 3712 2803 3768; x_wconf 89' lang='lat' dir='ltr'><strong>medullarum</strong></span> <span class='ocrx_word' id='word_1_608' title='bbox 2851 3713 2918 3771; x_wconf 85' lang='grc'><strong>²³.</strong></span> <span class='ocrx_word' id='word_1_609' title='bbox 2968 3712 3236 3779; x_wconf 84' lang='lat' dir='ltr'><strong>Quoniam</strong></span> <span class='ocrx_word' id='word_1_610' title='bbox 3281 3714 3449 3785; x_wconf 85' lang='lat' dir='ltr'><strong>igitur</strong></span> 
     </span>
    </p>
   </div>
   <div class='ocr_carea' id='block_1_86' title="bbox 1868 3804 3446 3875">
    <p class='ocr_par' dir='ltr' id='par_1_86' title="bbox 1868 3804 3446 3875">
     <span class='ocr_line' id='line_1_86' title="bbox 1868 3804 3446 3875; baseline -0.001 -15"><span class='ocrx_word' id='word_1_611' title='bbox 1868 3806 2049 3861; x_wconf 91' lang='lat' dir='ltr'><strong>omnis</strong></span> <span class='ocrx_word' id='word_1_612' title='bbox 2116 3805 2298 3859; x_wconf 88' lang='lat' dir='ltr'><strong>anima</strong></span> <span class='ocrx_word' id='word_1_613' title='bbox 2355 3804 2629 3875; x_wconf 88' lang='lat' dir='ltr'><strong>passionis</strong></span> <span class='ocrx_word' id='word_1_614' title='bbox 2684 3812 2930 3874; x_wconf 89' lang='lat' dir='ltr'><strong>tempore</strong></span> <span class='ocrx_word' id='word_1_615' title='bbox 2991 3804 3209 3857; x_wconf 88' lang='lat' dir='ltr'><strong>cuidam</strong></span> <span class='ocrx_word' id='word_1_616' title='bbox 3274 3805 3446 3859; x_wconf 92' lang='lat' dir='ltr'><strong>veluti</strong></span> 
     </span>
    </p>
   </div>
   <div class='ocr_carea' id='block_1_87' title="bbox 1868 3892 3445 3965">
    <p class='ocr_par' dir='ltr' id='par_1_87' title="bbox 1868 3892 3445 3965">
     <span class='ocr_line' id='line_1_87' title="bbox 1868 3892 3445 3965; baseline -0.001 -15"><span class='ocrx_word' id='word_1_617' title='bbox 1868 3895 2199 3950; x_wconf 90' lang='lat' dir='ltr'><strong>dubitationi</strong></span> <span class='ocrx_word' id='word_1_618' title='bbox 2225 3894 2470 3965; x_wconf 90' lang='lat' dir='ltr'><strong>subjecta</strong></span> <span class='ocrx_word' id='word_1_619' title='bbox 2502 3894 2623 3959; x_wconf 77' lang='lat' dir='ltr'><strong>fuit,</strong></span> <span class='ocrx_word' id='word_1_620' title='bbox 2650 3894 2950 3949; x_wconf 88' lang='lat' dir='ltr'><strong>secundum</strong></span> <span class='ocrx_word' id='word_1_621' title='bbox 2980 3892 3197 3949; x_wconf 90' lang='lat' dir='ltr'><strong>Domini</strong></span> <span class='ocrx_word' id='word_1_622' title='bbox 3224 3909 3445 3960; x_wconf 87' lang='lat' dir='ltr'><strong>vocem,</strong></span> 
     </span>
    </p>
   </div>
   <div class='ocr_carea' id='block_1_88' title="bbox 1867 3984 3425 4052">
    <p class='ocr_par' dir='ltr' id='par_1_88' title="bbox 1867 3984 3425 4052">
     <span class='ocr_line' id='line_1_88' title="bbox 1867 3984 3425 4052; baseline 0 -12"><span class='ocrx_word' id='word_1_623' title='bbox 1867 3985 2103 4042; x_wconf 86' lang='lat' dir='ltr'><strong>dicentis</strong></span> <span class='ocrx_word' id='word_1_624' title='bbox 2128 4004 2142 4040; x_wconf 74' lang='grc' dir='ltr'><strong>ι</strong></span> <span class='ocrx_word' id='word_1_625' title='bbox 2179 3985 2371 4041; x_wconf 86' lang='lat' dir='ltr'><strong>Omnes</strong></span> <span class='ocrx_word' id='word_1_626' title='bbox 2397 3984 2900 4040; x_wconf 75' lang='lat' dir='ltr'><strong>scandalizabimini</strong></span> <span class='ocrx_word' id='word_1_627' title='bbox 2929 3987 2986 4039; x_wconf 82' lang='lat' dir='ltr'><strong>in</strong></span> <span class='ocrx_word' id='word_1_628' title='bbox 3026 4002 3106 4039; x_wconf 85' lang='lat' dir='ltr'><strong>me</strong></span> <span class='ocrx_word' id='word_1_629' title='bbox 3135 3985 3180 4017; x_wconf 73' lang='lat'><strong>“</strong></span> <span class='ocrx_word' id='word_1_630' title='bbox 3209 4001 3224 4052; x_wconf 90' lang='lat'><strong>;</strong></span> <span class='ocrx_word' id='word_1_631' title='bbox 3260 3987 3425 4041; x_wconf 89' lang='lat' dir='ltr'><strong>vatici</strong></span> 
     </span>
    </p>
   </div>
   <div class='ocr_carea' id='block_1_89' title="bbox 1868 4074 3443 4147">
    <p class='ocr_par' dir='ltr' id='par_1_89' title="bbox 1868 4074 3443 4147">
     <span class='ocr_line' id='line_1_89' title="bbox 1868 4074 3443 4147; baseline -0.001 -16"><span class='ocrx_word' id='word_1_632' title='bbox 1868 4085 2030 4131; x_wconf 90' lang='lat' dir='ltr'><strong>natur</strong></span> <span class='ocrx_word' id='word_1_633' title='bbox 2080 4076 2305 4132; x_wconf 90' lang='lat' dir='ltr'><strong>Simeon</strong></span> <span class='ocrx_word' id='word_1_634' title='bbox 2345 4085 2398 4132; x_wconf 93' lang='lat' dir='ltr'><strong>et</strong></span> <span class='ocrx_word' id='word_1_635' title='bbox 2431 4076 2498 4131; x_wconf 86' lang='lat' dir='ltr'><strong>de</strong></span> <span class='ocrx_word' id='word_1_636' title='bbox 2528 4075 2648 4147; x_wconf 87' lang='lat' dir='ltr'><strong>ipsa</strong></span> <span class='ocrx_word' id='word_1_637' title='bbox 2690 4074 2880 4141; x_wconf 84' lang='lat' dir='ltr'><strong>Maria,</strong></span> <span class='ocrx_word' id='word_1_638' title='bbox 2916 4083 3132 4130; x_wconf 84' lang='lat' dir='ltr'><strong>astante</strong></span> <span class='ocrx_word' id='word_1_639' title='bbox 3171 4075 3355 4139; x_wconf 82' lang='lat' dir='ltr'><strong>cruci,</strong></span> <span class='ocrx_word' id='word_1_640' title='bbox 3393 4087 3443 4129; x_wconf 88' lang='lat' dir='ltr'><strong>et</strong></span> 
     </span>
    </p>
   </div>
   <div class='ocr_carea' id='block_1_90' title="bbox 1867 4167 3444 4239">
    <p class='ocr_par' dir='ltr' id='par_1_90' title="bbox 1867 4167 3444 4239">
     <span class='ocr_line' id='line_1_90' title="bbox 1867 4167 3444 4239; baseline -0.002 -18"><span class='ocrx_word' id='word_1_641' title='bbox 1867 4167 2089 4223; x_wconf 89' lang='lat' dir='ltr'><strong>vidente</strong></span> <span class='ocrx_word' id='word_1_642' title='bbox 2138 4184 2259 4239; x_wconf 71' lang='lat' dir='ltr'><strong>qua:</strong></span> <span class='ocrx_word' id='word_1_643' title='bbox 2314 4167 2664 4238; x_wconf 88' lang='lat' dir='ltr'><strong>gerebantur,</strong></span> <span class='ocrx_word' id='word_1_644' title='bbox 2694 4175 2751 4222; x_wconf 91' lang='lat' dir='ltr'><strong>et</strong></span> <span class='ocrx_word' id='word_1_645' title='bbox 2785 4182 2946 4223; x_wconf 88' lang='lat' dir='ltr'><strong>voces</strong></span> <span class='ocrx_word' id='word_1_646' title='bbox 2986 4167 3243 4222; x_wconf 90' lang='lat' dir='ltr'><strong>audiente</strong></span> <span class='ocrx_word' id='word_1_647' title='bbox 3276 4185 3289 4235; x_wconf 91' lang='lat'><strong>;</strong></span> <span class='ocrx_word' id='word_1_648' title='bbox 3323 4176 3444 4239; x_wconf 85' lang='lat' dir='ltr'><strong>post</strong></span> 
     </span>
    </p>
   </div>
   <div class='ocr_carea' id='block_1_91' title="bbox 1868 4257 3445 4330">
    <p class='ocr_par' dir='ltr' id='par_1_91' title="bbox 1868 4257 3445 4330">
     <span class='ocr_line' id='line_1_91' title="bbox 1868 4257 3445 4330; baseline 0.001 -17"><span class='ocrx_word' id='word_1_649' title='bbox 1868 4257 2142 4315; x_wconf 79' lang='lat' dir='ltr'><strong>Gabrielis</strong></span> <span class='ocrx_word' id='word_1_650' title='bbox 2190 4260 2590 4325; x_wconf 89' lang='lat' dir='ltr'><strong>testimonium,</strong></span> <span class='ocrx_word' id='word_1_651' title='bbox 2621 4266 2746 4330; x_wconf 90' lang='lat' dir='ltr'><strong>post</strong></span> <span class='ocrx_word' id='word_1_652' title='bbox 2784 4274 3042 4314; x_wconf 90' lang='lat' dir='ltr'><strong>arcanam</strong></span> <span class='ocrx_word' id='word_1_653' title='bbox 3085 4261 3283 4316; x_wconf 69' lang='lat' dir='ltr'><strong>divina:</strong></span> <span class='ocrx_word' id='word_1_654' title='bbox 3310 4275 3445 4316; x_wconf 89' lang='lat' dir='ltr'><strong>con-</strong></span> 
     </span>
    </p>
   </div>
   <div class='ocr_carea' id='block_1_92' title="bbox 1869 4351 3446 4422">
    <p class='ocr_par' dir='ltr' id='par_1_92' title="bbox 1869 4351 3446 4422">
     <span class='ocr_line' id='line_1_92' title="bbox 1869 4351 3446 4422; baseline 0.001 -16"><span class='ocrx_word' id='word_1_655' title='bbox 1869 4351 2141 4422; x_wconf 90' lang='lat' dir='ltr'><strong>ceptionis</strong></span> <span class='ocrx_word' id='word_1_656' title='bbox 2212 4351 2603 4422; x_wconf 87' lang='lat' dir='ltr'><strong>cognitionem,</strong></span> <span class='ocrx_word' id='word_1_657' title='bbox 2683 4358 2808 4421; x_wconf 92' lang='lat' dir='ltr'><strong>post</strong></span> <span class='ocrx_word' id='word_1_658' title='bbox 2882 4351 3122 4421; x_wconf 89' lang='lat' dir='ltr'><strong>plurima</strong></span> <span class='ocrx_word' id='word_1_659' title='bbox 3200 4352 3446 4408; x_wconf 80' lang='lat' dir='ltr'><strong>exhibita</strong></span> 
     </span>
    </p>
   </div>
   <div class='ocr_carea' id='block_1_93' title="bbox 1870 4443 3448 4515">
    <p class='ocr_par' dir='ltr' id='par_1_93' title="bbox 1870 4443 3448 4515">
     <span class='ocr_line' id='line_1_93' title="bbox 1870 4443 3448 4515; baseline 0.001 -16"><span class='ocrx_word' id='word_1_660' title='bbox 1870 4443 2162 4510; x_wconf 89' lang='lat' dir='ltr'><strong>miracula,</strong></span> <span class='ocrx_word' id='word_1_661' title='bbox 2218 4445 2346 4511; x_wconf 88' lang='lat' dir='ltr'><strong>erit,</strong></span> <span class='ocrx_word' id='word_1_662' title='bbox 2395 4444 2592 4515; x_wconf 91' lang='lat' dir='ltr'><strong>inquit,</strong></span> <span class='ocrx_word' id='word_1_663' title='bbox 2643 4443 2891 4514; x_wconf 60' lang='lat' dir='ltr'><strong>quadam</strong></span> <span class='ocrx_word' id='word_1_664' title='bbox 2928 4451 2982 4499; x_wconf 89' lang='lat' dir='ltr'><strong>et</strong></span> <span class='ocrx_word' id='word_1_665' title='bbox 3033 4445 3180 4500; x_wconf 88' lang='lat' dir='ltr'><strong>circa</strong></span> <span class='ocrx_word' id='word_1_666' title='bbox 3210 4446 3448 4500; x_wconf 87' lang='lat' dir='ltr'><strong>animam</strong></span> 
     </span>
    </p>
   </div>
   <div class='ocr_carea' id='block_1_94' title="bbox 253 4594 1970 4664">
    <p class='ocr_par' dir='ltr' id='par_1_94' title="bbox 253 4594 1970 4664">
     <span class='ocr_line' id='line_1_94' title="bbox 253 4594 1970 4664; baseline 0.002 -14"><span class='ocrx_word' id='word_1_667' title='bbox 253 4598 300 4630; x_wconf 80' lang='lat'>“</span> <span class='ocrx_word' id='word_1_668' title='bbox 338 4594 502 4652; x_wconf 85' lang='lat' dir='ltr'><strong>Num.</strong></span> <span class='ocrx_word' id='word_1_669' title='bbox 535 4613 648 4661; x_wconf 77' lang='lat' dir='ltr'><strong>ni,</strong></span> <span class='ocrx_word' id='word_1_670' title='bbox 676 4599 732 4656; x_wconf 91' lang='lat'><strong>8.</strong></span> <span class='ocrx_word' id='word_1_671' title='bbox 807 4596 854 4629; x_wconf 82' lang='grc'><em>³³</em></span> <span class='ocrx_word' id='word_1_672' title='bbox 893 4596 1058 4654; x_wconf 88' lang='lat' dir='ltr'><strong>llebr.</strong></span> <span class='ocrx_word' id='word_1_673' title='bbox 1100 4614 1191 4664; x_wconf 82' lang='lat' dir='ltr'><strong>iv,</strong></span> <span class='ocrx_word' id='word_1_674' title='bbox 1233 4597 1321 4652; x_wconf 77' lang='lat' dir='ltr'><strong>i2.</strong></span> <span class='ocrx_word' id='word_1_675' title='bbox 1397 4597 1444 4629; x_wconf 74' lang='lat'>“</span> <span class='ocrx_word' id='word_1_676' title='bbox 1482 4596 1671 4652; x_wconf 78' lang='lat' dir='ltr'><strong>Matth.</strong></span> <span class='ocrx_word' id='word_1_677' title='bbox 1700 4600 1970 4663; x_wconf 75' lang='lat' dir='ltr'><strong>xxvr,5|.</strong></span> 
     </span>
    </p>
   </div>
   <div class='ocr_carea' id='block_1_95' title="bbox 255 4741 1767 4815">
    <p class='ocr_par' dir='ltr' id='par_1_95' title="bbox 255 4741 1767 4815">
     <span class='ocr_line' id='line_1_95' title="bbox 255 4741 1767 4815; baseline -0.001 -18"><span class='ocrx_word' id='word_1_678' title='bbox 255 4742 368 4814; x_wconf 80' lang='lat'><strong>(56)</strong></span> <span class='ocrx_word' id='word_1_679' title='bbox 400 4743 634 4815; x_wconf 79' lang='grc' dir='ltr'>Στήκει.</span> <span class='ocrx_word' id='word_1_680' title='bbox 667 4742 815 4815; x_wconf 12' lang='lat' dir='ltr'><strong>&#39;lfresg</strong></span> <span class='ocrx_word' id='word_1_681' title='bbox 834 4742 1063 4815; x_wconf 80' lang='lat' dir='ltr'><strong>codices</strong></span> <span class='ocrx_word' id='word_1_682' title='bbox 1104 4757 1214 4795; x_wconf 91' lang='lat' dir='ltr'><strong>non</strong></span> <span class='ocrx_word' id='word_1_683' title='bbox 1264 4741 1625 4797; x_wconf 85' lang='lat' dir='ltr'><strong>vetustissimi</strong></span> <span class='ocrx_word' id='word_1_684' title='bbox 1650 4742 1767 4815; x_wconf 17' lang='lat' dir='ltr'><strong>Aha-</strong></span> 
     </span>
    </p>
   </div>
   <div class='ocr_carea' id='block_1_96' title="bbox 1880 4741 3445 4815">
    <p class='ocr_par' dir='ltr' id='par_1_96' title="bbox 1880 4741 3445 4815">
     <span class='ocr_line' id='line_1_96' title="bbox 1880 4741 3445 4815; baseline 0 -19"><span class='ocrx_word' id='word_1_685' title='bbox 1880 4743 2037 4798; x_wconf 84' lang='lat' dir='ltr'><strong>verba</strong></span> <span class='ocrx_word' id='word_1_686' title='bbox 2068 4750 2191 4815; x_wconf 91' lang='lat' dir='ltr'><strong>post</strong></span> <span class='ocrx_word' id='word_1_687' title='bbox 2223 4742 2753 4815; x_wconf 38' lang='grc' dir='ltr'>είρημένονηΡευιο</span> <span class='ocrx_word' id='word_1_688' title='bbox 2773 4750 2907 4815; x_wconf 79' lang='lat' dir='ltr'><strong>post</strong></span> <span class='ocrx_word' id='word_1_689' title='bbox 2949 4742 3148 4815; x_wconf 78' lang='lat' dir='ltr'><strong>legitur</strong></span> <span class='ocrx_word' id='word_1_690' title='bbox 3173 4741 3229 4797; x_wconf 92' lang='lat' dir='ltr'><strong>in</strong></span> <span class='ocrx_word' id='word_1_691' title='bbox 3273 4742 3445 4814; x_wconf 89' lang='lat' dir='ltr'><strong>pluri-</strong></span> 
     </span>
    </p>
   </div>
   <div class='ocr_carea' id='block_1_97' title="bbox 181 4812 1765 4885">
    <p class='ocr_par' dir='ltr' id='par_1_97' title="bbox 181 4812 1765 4885">
     <span class='ocr_line' id='line_1_97' title="bbox 181 4812 1765 4885; baseline 0.001 -20"><span class='ocrx_word' id='word_1_692' title='bbox 181 4812 315 4885; x_wconf 78' lang='lat' dir='ltr'><strong>bent</strong></span> <span class='ocrx_word' id='word_1_693' title='bbox 350 4812 636 4885; x_wconf 63' lang='grc' dir='ltr'>εἱστήκει.</span> <span class='ocrx_word' id='word_1_694' title='bbox 695 4812 755 4868; x_wconf 91' lang='lat' dir='ltr'><strong>ln</strong></span> <span class='ocrx_word' id='word_1_695' title='bbox 803 4813 997 4868; x_wconf 87' lang='lat' dir='ltr'><strong>iisdem</strong></span> <span class='ocrx_word' id='word_1_696' title='bbox 1033 4812 1233 4867; x_wconf 83' lang='lat' dir='ltr'><strong>desunt</strong></span> <span class='ocrx_word' id='word_1_697' title='bbox 1266 4815 1430 4883; x_wconf 90' lang='lat' dir='ltr'><strong>paulo</strong></span> <span class='ocrx_word' id='word_1_698' title='bbox 1476 4820 1601 4883; x_wconf 90' lang='lat' dir='ltr'><strong>post</strong></span> <span class='ocrx_word' id='word_1_699' title='bbox 1649 4813 1765 4867; x_wconf 55' lang='lat' dir='ltr'><strong>haec</strong></span> 
     </span>
    </p>
   </div>
   <div class='ocr_carea' id='block_1_98' title="bbox 180 4877 751 4950">
    <p class='ocr_par' dir='ltr' id='par_1_98' title="bbox 180 4877 751 4950">
     <span class='ocr_line' id='line_1_98' title="bbox 180 4877 751 4950; baseline 0.004 -13"><span class='ocrx_word' id='word_1_700' title='bbox 180 4877 350 4939; x_wconf 81' lang='lat' dir='ltr'><strong>verba</strong></span> <span class='ocrx_word' id='word_1_701' title='bbox 378 4877 422 4950; x_wconf 83' lang='grc' dir='ltr'><strong>ᾧ</strong></span> <span class='ocrx_word' id='word_1_702' title='bbox 446 4877 751 4939; x_wconf 76' lang='grc' dir='ltr'>συνέπεται.</span> 
     </span>
    </p>
   </div>
   <div class='ocr_carea' id='block_1_99' title="bbox 253 4949 1762 5023">
    <p class='ocr_par' dir='ltr' id='par_1_99' title="bbox 253 4949 1762 5023">
     <span class='ocr_line' id='line_1_99' title="bbox 253 4949 1762 5023; baseline 0 -15"><span class='ocrx_word' id='word_1_703' title='bbox 253 4953 369 5021; x_wconf 81' lang='grc'>(57)</span> <span class='ocrx_word' id='word_1_704' title='bbox 396 4949 554 5007; x_wconf 78' lang='grc' dir='ltr'>Εἶτα</span> <span class='ocrx_word' id='word_1_705' title='bbox 587 4952 781 5022; x_wconf 83' lang='grc' dir='ltr'>ζῆσαι.</span> <span class='ocrx_word' id='word_1_706' title='bbox 814 4953 1181 5023; x_wconf 76' lang='lat' dir='ltr'><strong>Consentium</strong></span> <span class='ocrx_word' id='word_1_707' title='bbox 1234 4953 1292 5007; x_wconf 90' lang='lat' dir='ltr'><strong>in</strong></span> <span class='ocrx_word' id='word_1_708' title='bbox 1331 4953 1435 5007; x_wconf 91' lang='lat' dir='ltr'><strong>hac</strong></span> <span class='ocrx_word' id='word_1_709' title='bbox 1486 4951 1762 5023; x_wconf 86' lang='lat' dir='ltr'><strong>scriptura</strong></span> 
     </span>
    </p>
   </div>
   <div class='ocr_carea' id='block_1_100' title="bbox 183 5021 1191 5094">
    <p class='ocr_par' dir='ltr' id='par_1_100' title="bbox 183 5021 1191 5094">
     <span class='ocr_line' id='line_1_100' title="bbox 183 5021 1191 5094; baseline 0 -17"><span class='ocrx_word' id='word_1_710' title='bbox 183 5033 399 5094; x_wconf 81' lang='lat' dir='ltr'><strong>veteres</strong></span> <span class='ocrx_word' id='word_1_711' title='bbox 426 5024 573 5079; x_wconf 88' lang='lat' dir='ltr'><strong>libri.</strong></span> <span class='ocrx_word' id='word_1_712' title='bbox 605 5021 769 5094; x_wconf 32' lang='lat' dir='ltr'><strong>EditiA</strong></span> <span class='ocrx_word' id='word_1_713' title='bbox 787 5021 902 5077; x_wconf 78' lang='grc' dir='ltr'>εἶτα</span> <span class='ocrx_word' id='word_1_714' title='bbox 922 5026 983 5078; x_wconf 83' lang='grc' dir='ltr'><strong>τὸ</strong></span> <span class='ocrx_word' id='word_1_715' title='bbox 1008 5026 1191 5094; x_wconf 76' lang='grc' dir='ltr'>ζῆσαι.</span> 
     </span>
    </p>
   </div>
   <div class='ocr_carea' id='block_1_101' title="bbox 256 5092 1756 5163">
    <p class='ocr_par' dir='ltr' id='par_1_101' title="bbox 256 5092 1756 5163">
     <span class='ocr_line' id='line_1_101' title="bbox 256 5092 1756 5163; baseline 0 -16"><span class='ocrx_word' id='word_1_716' title='bbox 256 5093 368 5163; x_wconf 78' lang='lat'><strong>(58)</strong></span> <span class='ocrx_word' id='word_1_717' title='bbox 407 5093 690 5159; x_wconf 85' lang='grc' dir='ltr'>Πίστεως.</span> <span class='ocrx_word' id='word_1_718' title='bbox 746 5092 851 5149; x_wconf 89' lang='lat' dir='ltr'><strong>Pro</strong></span> <span class='ocrx_word' id='word_1_719' title='bbox 912 5096 1013 5149; x_wconf 85' lang='lat' dir='ltr'><strong>hac</strong></span> <span class='ocrx_word' id='word_1_720' title='bbox 1060 5092 1191 5149; x_wconf 81' lang='lat' dir='ltr'><strong>voce</strong></span> <span class='ocrx_word' id='word_1_721' title='bbox 1239 5094 1408 5147; x_wconf 90' lang='lat' dir='ltr'><strong>miror</strong></span> <span class='ocrx_word' id='word_1_722' title='bbox 1440 5092 1557 5163; x_wconf 77' lang='lat' dir='ltr'><strong>legi</strong></span> <span class='ocrx_word' id='word_1_723' title='bbox 1613 5093 1756 5162; x_wconf 85' lang='grc' dir='ltr'>γνώ-</span> 
     </span>
    </p>
   </div>
   <div class='ocr_carea' id='block_1_102' title="bbox 181 5162 1761 5233">
    <p class='ocr_par' dir='ltr' id='par_1_102' title="bbox 181 5162 1761 5233">
     <span class='ocr_line' id='line_1_102' title="bbox 181 5162 1761 5233; baseline 0.001 -17"><span class='ocrx_word' id='word_1_724' title='bbox 181 5162 335 5233; x_wconf 84' lang='grc' dir='ltr'>σεως</span> <span class='ocrx_word' id='word_1_725' title='bbox 359 5164 414 5216; x_wconf 93' lang='lat' dir='ltr'><strong>in</strong></span> <span class='ocrx_word' id='word_1_726' title='bbox 456 5164 635 5219; x_wconf 90' lang='lat' dir='ltr'><strong>tribus</strong></span> <span class='ocrx_word' id='word_1_727' title='bbox 662 5166 1049 5221; x_wconf 83' lang='lat' dir='ltr'><strong>vetustissimis</strong></span> <span class='ocrx_word' id='word_1_728' title='bbox 1094 5164 1397 5219; x_wconf 85' lang='lat' dir='ltr'><strong>codicibus.</strong></span> <span class='ocrx_word' id='word_1_729' title='bbox 1435 5162 1604 5233; x_wconf 81' lang='lat' dir='ltr'><strong>Paulo</strong></span> <span class='ocrx_word' id='word_1_730' title='bbox 1638 5173 1761 5233; x_wconf 85' lang='lat' dir='ltr'><strong>post</strong></span> 
     </span>
    </p>
   </div>
   <div class='ocr_carea' id='block_1_103' title="bbox 183 5232 1763 5304">
    <p class='ocr_par' dir='ltr' id='par_1_103' title="bbox 183 5232 1763 5304">
     <span class='ocr_line' id='line_1_103' title="bbox 183 5232 1763 5304; baseline 0.002 -19"><span class='ocrx_word' id='word_1_731' title='bbox 183 5232 344 5287; x_wconf 91' lang='lat' dir='ltr'><strong>multi</strong></span> <span class='ocrx_word' id='word_1_732' title='bbox 389 5234 608 5289; x_wconf 88' lang='lat' dir='ltr'><strong>codices</strong></span> <span class='ocrx_word' id='word_1_733' title='bbox 650 5237 986 5292; x_wconf 86' lang='lat' dir='ltr'><strong>recentiores</strong></span> <span class='ocrx_word' id='word_1_734' title='bbox 1026 5235 1096 5289; x_wconf 75' lang='grc' dir='ltr'>τὰ</span> <span class='ocrx_word' id='word_1_735' title='bbox 1135 5232 1326 5303; x_wconf 84' lang='grc' dir='ltr'>βελτίω</span> <span class='ocrx_word' id='word_1_736' title='bbox 1358 5234 1439 5295; x_wconf 80' lang='grc' dir='ltr'>εἰς</span> <span class='ocrx_word' id='word_1_737' title='bbox 1473 5232 1572 5304; x_wconf 77' lang='grc' dir='ltr'><strong>τὴν</strong></span> <span class='ocrx_word' id='word_1_738' title='bbox 1631 5232 1763 5288; x_wconf 81' lang='grc' dir='ltr'>ἀνά-</span> 
     </span>
    </p>
   </div>
   <div class='ocr_carea' id='block_1_104' title="bbox 182 5320 398 5357">
    <p class='ocr_par' dir='ltr' id='par_1_104' title="bbox 182 5320 398 5357">
     <span class='ocr_line' id='line_1_104' title="bbox 182 5320 398 5357; baseline 0.005 -1"><span class='ocrx_word' id='word_1_739' title='bbox 182 5320 398 5357; x_wconf 81' lang='grc' dir='ltr'>στασιν.</span> 
     </span>
    </p>
   </div>
   <div class='ocr_carea' id='block_1_105' title="bbox 258 5372 1760 5445">
    <p class='ocr_par' dir='ltr' id='par_1_105' title="bbox 258 5372 1760 5445">
     <span class='ocr_line' id='line_1_105' title="bbox 258 5372 1760 5445; baseline 0.001 -19"><span class='ocrx_word' id='word_1_740' title='bbox 258 5372 372 5445; x_wconf 82' lang='lat'><strong>(59)</strong></span> <span class='ocrx_word' id='word_1_741' title='bbox 417 5372 490 5445; x_wconf 71' lang='grc' dir='ltr'>Τρ</span> <span class='ocrx_word' id='word_1_742' title='bbox 513 5373 864 5445; x_wconf 65' lang='grc' dir='ltr'>λογιστικὸν</span> <span class='ocrx_word' id='word_1_743' title='bbox 903 5377 973 5429; x_wconf 83' lang='grc' dir='ltr'>ἐν</span> <span class='ocrx_word' id='word_1_744' title='bbox 1012 5375 1173 5445; x_wconf 74' lang='grc' dir='ltr'>ἡμῖν.</span> <span class='ocrx_word' id='word_1_745' title='bbox 1206 5374 1284 5428; x_wconf 88' lang='lat' dir='ltr'><strong>Ita</strong></span> <span class='ocrx_word' id='word_1_746' title='bbox 1322 5373 1470 5427; x_wconf 89' lang='lat' dir='ltr'><strong>llarl.</strong></span> <span class='ocrx_word' id='word_1_747' title='bbox 1510 5385 1564 5429; x_wconf 90' lang='lat' dir='ltr'><strong>et</strong></span> <span class='ocrx_word' id='word_1_748' title='bbox 1591 5372 1760 5445; x_wconf 85' lang='lat' dir='ltr'><strong>Coisl.</strong></span> 
     </span>
    </p>
   </div>
   <div class='ocr_carea' id='block_1_106' title="bbox 183 5443 1767 5515">
    <p class='ocr_par' dir='ltr' id='par_1_106' title="bbox 183 5443 1767 5515">
     <span class='ocr_line' id='line_1_106' title="bbox 183 5443 1767 5515; baseline 0.001 -19"><span class='ocrx_word' id='word_1_749' title='bbox 183 5444 419 5515; x_wconf 77' lang='lat' dir='ltr'><strong>primus.</strong></span> <span class='ocrx_word' id='word_1_750' title='bbox 452 5443 593 5498; x_wconf 81' lang='lat' dir='ltr'><strong>Editi</strong></span> <span class='ocrx_word' id='word_1_751' title='bbox 627 5444 688 5498; x_wconf 85' lang='grc' dir='ltr'>τὸ</span> <span class='ocrx_word' id='word_1_752' title='bbox 718 5445 1025 5514; x_wconf 80' lang='grc' dir='ltr'>λογιστικὸν</span> <span class='ocrx_word' id='word_1_753' title='bbox 1053 5443 1115 5498; x_wconf 81' lang='grc' dir='ltr'><strong>τὸ</strong></span> <span class='ocrx_word' id='word_1_754' title='bbox 1146 5448 1202 5498; x_wconf 81' lang='grc' dir='ltr'><strong>ἐν</strong></span> <span class='ocrx_word' id='word_1_755' title='bbox 1232 5447 1388 5515; x_wconf 72' lang='grc' dir='ltr'>ἡμῖν.</span> <span class='ocrx_word' id='word_1_756' title='bbox 1420 5445 1643 5513; x_wconf 83' lang='lat' dir='ltr'><strong>Legitur</strong></span> <span class='ocrx_word' id='word_1_757' title='bbox 1673 5444 1767 5498; x_wconf 68' lang='grc' dir='ltr'>λοε-</span> 
     </span>
    </p>
   </div>
   <div class='ocr_carea' id='block_1_107' title="bbox 183 5514 1600 5593">
    <p class='ocr_par' dir='ltr' id='par_1_107' title="bbox 183 5514 1600 5593">
     <span class='ocr_line' id='line_1_107' title="bbox 183 5514 1600 5593; baseline 0.001 -28"><span class='ocrx_word' id='word_1_758' title='bbox 183 5514 426 5593; x_wconf 27' lang='grc' dir='ltr'>γικςξνὶίιι</span> <span class='ocrx_word' id='word_1_759' title='bbox 444 5516 700 5593; x_wconf 58' lang='lat' dir='ltr'><strong>quinque</strong></span> <span class='ocrx_word' id='word_1_760' title='bbox 728 5516 1008 5593; x_wconf 57' lang='lat' dir='ltr'><strong>cgiicibus</strong></span> <span class='ocrx_word' id='word_1_761' title='bbox 1043 5531 1153 5569; x_wconf 91' lang='lat' dir='ltr'><strong>non</strong></span> <span class='ocrx_word' id='word_1_762' title='bbox 1184 5514 1600 5593; x_wconf 73' lang='lat' dir='ltr'><strong>antiquissimis.</strong></span> 
     </span>
    </p>
   </div>
   <div class='ocr_carea' id='block_1_108' title="bbox 258 5584 1761 5654">
    <p class='ocr_par' dir='ltr' id='par_1_108' title="bbox 258 5584 1761 5654">
     <span class='ocr_line' id='line_1_108' title="bbox 258 5584 1761 5654; baseline -0.001 -16"><span class='ocrx_word' id='word_1_763' title='bbox 258 5585 373 5654; x_wconf 81' lang='grc'>(60)</span> <span class='ocrx_word' id='word_1_764' title='bbox 433 5584 706 5639; x_wconf 78' lang='grc' dir='ltr'>Πολλῶν.</span> <span class='ocrx_word' id='word_1_765' title='bbox 760 5587 867 5651; x_wconf 84' lang='grc' dir='ltr'>Είς</span> <span class='ocrx_word' id='word_1_766' title='bbox 934 5585 1003 5639; x_wconf 83' lang='grc' dir='ltr'>δὲ</span> <span class='ocrx_word' id='word_1_767' title='bbox 1072 5585 1323 5654; x_wconf 80' lang='grc' dir='ltr'>σημεῖον</span> <span class='ocrx_word' id='word_1_768' title='bbox 1382 5584 1761 5652; x_wconf 48' lang='lat' dir='ltr'><strong>artandas-</strong></span> 
     </span>
    </p>
   </div>
   <div class='ocr_carea' id='block_1_109' title="bbox 183 5654 1760 5717">
    <p class='ocr_par' dir='ltr' id='par_1_109' title="bbox 183 5654 1760 5717">
     <span class='ocr_line' id='line_1_109' title="bbox 183 5654 1760 5717; baseline 0.001 -11"><span class='ocrx_word' id='word_1_769' title='bbox 183 5670 319 5717; x_wconf 80' lang='grc' dir='ltr'>νον,</span> <span class='ocrx_word' id='word_1_770' title='bbox 373 5661 481 5709; x_wconf 90' lang='lat' dir='ltr'><strong>etc.</strong></span> <span class='ocrx_word' id='word_1_771' title='bbox 545 5654 1031 5711; x_wconf 89' lang='lat' dir='ltr'><strong>Consentientibus</strong></span> <span class='ocrx_word' id='word_1_772' title='bbox 1083 5656 1359 5711; x_wconf 86' lang='lat' dir='ltr'><strong>veteribus</strong></span> <span class='ocrx_word' id='word_1_773' title='bbox 1417 5656 1571 5708; x_wconf 87' lang='lat' dir='ltr'><strong>libris</strong></span> <span class='ocrx_word' id='word_1_774' title='bbox 1613 5655 1760 5707; x_wconf 86' lang='lat' dir='ltr'><strong>hunc</strong></span> 
     </span>
    </p>
   </div>
   <div class='ocr_carea' id='block_1_110' title="bbox 187 5723 1760 5794">
    <p class='ocr_par' dir='ltr' id='par_1_110' title="bbox 187 5723 1760 5794">
     <span class='ocr_line' id='line_1_110' title="bbox 187 5723 1760 5794; baseline 0.001 -20"><span class='ocrx_word' id='word_1_775' title='bbox 187 5725 371 5783; x_wconf 77' lang='lat' dir='ltr'><strong>lbcum</strong></span> <span class='ocrx_word' id='word_1_776' title='bbox 410 5728 749 5780; x_wconf 87' lang='lat' dir='ltr'><strong>sanavimus.</strong></span> <span class='ocrx_word' id='word_1_777' title='bbox 786 5723 1131 5794; x_wconf 84' lang='lat' dir='ltr'><strong>Legebantur</strong></span> <span class='ocrx_word' id='word_1_778' title='bbox 1167 5724 1311 5781; x_wconf 85' lang='lat' dir='ltr'><strong>enim</strong></span> <span class='ocrx_word' id='word_1_779' title='bbox 1356 5727 1408 5777; x_wconf 89' lang='lat' dir='ltr'><strong>in</strong></span> <span class='ocrx_word' id='word_1_780' title='bbox 1448 5724 1609 5777; x_wconf 78' lang='lat' dir='ltr'><strong>editis</strong></span> <span class='ocrx_word' id='word_1_781' title='bbox 1646 5726 1760 5777; x_wconf 60' lang='lat' dir='ltr'><strong>hare</strong></span> 
     </span>
    </p>
   </div>
   <div class='ocr_carea' id='block_1_111' title="bbox 1871 4813 3444 4885">
    <p class='ocr_par' dir='ltr' id='par_1_111' title="bbox 1871 4813 3444 4885">
     <span class='ocr_line' id='line_1_111' title="bbox 1871 4813 3444 4885; baseline 0.001 -20"><span class='ocrx_word' id='word_1_782' title='bbox 1871 4813 1974 4868; x_wconf 91' lang='lat' dir='ltr'><strong>bus</strong></span> <span class='ocrx_word' id='word_1_783' title='bbox 2026 4813 2425 4869; x_wconf 75' lang='lat' dir='ltr'><strong>recentioribus</strong></span> <span class='ocrx_word' id='word_1_784' title='bbox 2457 4813 2737 4869; x_wconf 84' lang='lat' dir='ltr'><strong>codicibus</strong></span> <span class='ocrx_word' id='word_1_785' title='bbox 2767 4813 2796 4867; x_wconf 85' lang='grc' dir='ltr'>ὃ</span> <span class='ocrx_word' id='word_1_786' title='bbox 2832 4813 3056 4885; x_wconf 82' lang='grc' dir='ltr'>σημεῖόν</span> <span class='ocrx_word' id='word_1_787' title='bbox 3106 4814 3244 4875; x_wconf 78' lang='grc' dir='ltr'>ἐστι.</span> <span class='ocrx_word' id='word_1_788' title='bbox 3277 4813 3444 4882; x_wconf 73' lang='lat' dir='ltr'><strong>super</strong></span> 
     </span>
    </p>
   </div>
   <div class='ocr_carea' id='block_1_112' title="bbox 1869 4886 2599 4962">
    <p class='ocr_par' dir='ltr' id='par_1_112' title="bbox 1869 4886 2599 4962">
     <span class='ocr_line' id='line_1_112' title="bbox 1869 4886 2599 4962; baseline 0 -26"><span class='ocrx_word' id='word_1_789' title='bbox 1869 4898 2243 4962; x_wconf 59' lang='grc' dir='ltr'>ενιιςςῃι,-ς1ιιιες</span> <span class='ocrx_word' id='word_1_790' title='bbox 2270 4886 2474 4962; x_wconf 61' lang='lat' dir='ltr'><strong>signum</strong></span> <span class='ocrx_word' id='word_1_791' title='bbox 2502 4894 2599 4938; x_wconf 84' lang='lat' dir='ltr'><strong>est.</strong></span> 
     </span>
    </p>
   </div>
   <div class='ocr_carea' id='block_1_113' title="bbox 1941 4950 3444 5025">
    <p class='ocr_par' dir='ltr' id='par_1_113' title="bbox 1941 4950 3444 5025">
     <span class='ocr_line' id='line_1_113' title="bbox 1941 4950 3444 5025; baseline 0 -19"><span class='ocrx_word' id='word_1_792' title='bbox 1941 4956 2053 5025; x_wconf 74' lang='lat' dir='ltr'><strong>(ﬁt)</strong></span> <span class='ocrx_word' id='word_1_793' title='bbox 2090 4950 2255 5022; x_wconf 83' lang='grc' dir='ltr'>Παρὰ</span> <span class='ocrx_word' id='word_1_794' title='bbox 2279 4950 2398 5007; x_wconf 77' lang='grc' dir='ltr'><strong>τῶν</strong></span> <span class='ocrx_word' id='word_1_795' title='bbox 2423 4952 2739 5022; x_wconf 78' lang='grc' dir='ltr'>ἐντρεχῶν.</span> <span class='ocrx_word' id='word_1_796' title='bbox 2774 4950 2880 5007; x_wconf 80' lang='lat' dir='ltr'><strong>Pro</strong></span> <span class='ocrx_word' id='word_1_797' title='bbox 2932 4953 3018 5010; x_wconf 89' lang='lat' dir='ltr'><strong>his</strong></span> <span class='ocrx_word' id='word_1_798' title='bbox 3048 4953 3275 5025; x_wconf 87' lang='lat' dir='ltr'><strong>vocibus</strong></span> <span class='ocrx_word' id='word_1_799' title='bbox 3309 4953 3444 5023; x_wconf 86' lang='lat' dir='ltr'><strong>legi-</strong></span> 
     </span>
    </p>
   </div>
   <div class='ocr_carea' id='block_1_114' title="bbox 1867 5024 3444 5109">
    <p class='ocr_par' dir='ltr' id='par_1_114' title="bbox 1867 5024 3444 5109">
     <span class='ocr_line' id='line_1_114' title="bbox 1867 5024 3444 5109; baseline 0.001 -33"><span class='ocrx_word' id='word_1_800' title='bbox 1867 5030 1958 5109; x_wconf 80' lang='lat' dir='ltr'><strong>tur</strong></span> <span class='ocrx_word' id='word_1_801' title='bbox 1980 5026 2061 5107; x_wconf 38' lang='lat' dir='ltr'><strong>&#39;in</strong></span> <span class='ocrx_word' id='word_1_802' title='bbox 2114 5033 2355 5094; x_wconf 87' lang='lat' dir='ltr'><strong>quatuor</strong></span> <span class='ocrx_word' id='word_1_803' title='bbox 2409 5025 2695 5080; x_wconf 88' lang='lat' dir='ltr'><strong>codicibus</strong></span> <span class='ocrx_word' id='word_1_804' title='bbox 2726 5038 2837 5077; x_wconf 89' lang='lat' dir='ltr'><strong>non</strong></span> <span class='ocrx_word' id='word_1_805' title='bbox 2886 5024 3277 5081; x_wconf 88' lang='lat' dir='ltr'><strong>vetustissimis</strong></span> <span class='ocrx_word' id='word_1_806' title='bbox 3310 5025 3444 5094; x_wconf 78' lang='grc' dir='ltr'>παρ’</span> 
     </span>
    </p>
   </div>
   <div class='ocr_carea' id='block_1_115' title="bbox 1865 5111 2063 5149">
    <p class='ocr_par' dir='ltr' id='par_1_115' title="bbox 1865 5111 2063 5149">
     <span class='ocr_line' id='line_1_115' title="bbox 1865 5111 2063 5149; baseline 0.01 -2"><span class='ocrx_word' id='word_1_807' title='bbox 1865 5111 2063 5149; x_wconf 89' lang='grc' dir='ltr'>αυτων.</span> 
     </span>
    </p>
   </div>
   <div class='ocr_carea' id='block_1_116' title="bbox 1938 5161 3445 5236">
    <p class='ocr_par' dir='ltr' id='par_1_116' title="bbox 1938 5161 3445 5236">
     <span class='ocr_line' id='line_1_116' title="bbox 1938 5161 3445 5236; baseline 0.001 -19"><span class='ocrx_word' id='word_1_808' title='bbox 1938 5166 2048 5233; x_wconf 75' lang='grc'>(62)</span> <span class='ocrx_word' id='word_1_809' title='bbox 2084 5165 2194 5221; x_wconf 76' lang='grc' dir='ltr'><strong>Καὶ</strong></span> <span class='ocrx_word' id='word_1_810' title='bbox 2227 5165 2405 5219; x_wconf 74' lang='grc' dir='ltr'>ἄλλοι</span> <span class='ocrx_word' id='word_1_811' title='bbox 2437 5166 2668 5234; x_wconf 82' lang='grc' dir='ltr'>χοϊκόν.</span> <span class='ocrx_word' id='word_1_812' title='bbox 2705 5161 2868 5220; x_wconf 80' lang='lat' dir='ltr'><strong>Deest</strong></span> <span class='ocrx_word' id='word_1_813' title='bbox 2903 5164 3218 5236; x_wconf 82' lang='lat' dir='ltr'><strong>conjunctio</strong></span> <span class='ocrx_word' id='word_1_814' title='bbox 3249 5163 3307 5218; x_wconf 82' lang='lat' dir='ltr'><strong>in</strong></span> <span class='ocrx_word' id='word_1_815' title='bbox 3332 5163 3445 5219; x_wconf 81' lang='lat' dir='ltr'><strong>Me-</strong></span> 
     </span>
    </p>
   </div>
   <div class='ocr_carea' id='block_1_117' title="bbox 1872 5234 2560 5305">
    <p class='ocr_par' dir='ltr' id='par_1_117' title="bbox 1872 5234 2560 5305">
     <span class='ocr_line' id='line_1_117' title="bbox 1872 5234 2560 5305; baseline -0.003 -16"><span class='ocrx_word' id='word_1_816' title='bbox 1872 5234 2044 5289; x_wconf 69' lang='lat' dir='ltr'><strong>dica-0</strong></span> <span class='ocrx_word' id='word_1_817' title='bbox 2075 5246 2127 5290; x_wconf 89' lang='lat' dir='ltr'><strong>et</strong></span> <span class='ocrx_word' id='word_1_818' title='bbox 2159 5237 2327 5290; x_wconf 86' lang='lat' dir='ltr'><strong>Coisl.</strong></span> <span class='ocrx_word' id='word_1_819' title='bbox 2363 5238 2560 5305; x_wconf 87' lang='lat' dir='ltr'><strong>primo.</strong></span> 
     </span>
    </p>
   </div>
   <div class='ocr_carea' id='block_1_118' title="bbox 1944 5301 3442 5374">
    <p class='ocr_par' dir='ltr' id='par_1_118' title="bbox 1944 5301 3442 5374">
     <span class='ocr_line' id='line_1_118' title="bbox 1944 5301 3442 5374; baseline -0.003 -15"><span class='ocrx_word' id='word_1_820' title='bbox 1944 5306 2054 5374; x_wconf 79' lang='grc'>(65)</span> <span class='ocrx_word' id='word_1_821' title='bbox 2090 5305 2201 5359; x_wconf 81' lang='lat' dir='ltr'><strong>Kal</strong></span> <span class='ocrx_word' id='word_1_822' title='bbox 2235 5301 2590 5374; x_wconf 71' lang='grc' dir='ltr'>πνεῦματος.</span> <span class='ocrx_word' id='word_1_823' title='bbox 2616 5301 2672 5356; x_wconf 91' lang='lat' dir='ltr'><strong>In</strong></span> <span class='ocrx_word' id='word_1_824' title='bbox 2716 5302 2992 5368; x_wconf 72' lang='lat' dir='ltr'><strong>Medicam,</strong></span> <span class='ocrx_word' id='word_1_825' title='bbox 3048 5303 3223 5363; x_wconf 84' lang='lat' dir='ltr'><strong>Harl..</strong></span> <span class='ocrx_word' id='word_1_826' title='bbox 3271 5303 3442 5358; x_wconf 86' lang='lat' dir='ltr'><strong>Coisl.</strong></span> 
     </span>
    </p>
   </div>
   <div class='ocr_carea' id='block_1_119' title="bbox 1873 5374 3446 5446">
    <p class='ocr_par' dir='ltr' id='par_1_119' title="bbox 1873 5374 3446 5446">
     <span class='ocr_line' id='line_1_119' title="bbox 1873 5374 3446 5446; baseline -0.001 -18"><span class='ocrx_word' id='word_1_827' title='bbox 1873 5376 2049 5444; x_wconf 87' lang='lat' dir='ltr'><strong>primo</strong></span> <span class='ocrx_word' id='word_1_828' title='bbox 2076 5384 2131 5429; x_wconf 90' lang='lat' dir='ltr'><strong>et</strong></span> <span class='ocrx_word' id='word_1_829' title='bbox 2165 5376 2296 5445; x_wconf 76' lang='lat' dir='ltr'><strong>Reg.</strong></span> <span class='ocrx_word' id='word_1_830' title='bbox 2326 5379 2503 5445; x_wconf 86' lang='lat' dir='ltr'><strong>primo</strong></span> <span class='ocrx_word' id='word_1_831' title='bbox 2536 5374 2728 5446; x_wconf 83' lang='lat' dir='ltr'><strong>legitur</strong></span> <span class='ocrx_word' id='word_1_832' title='bbox 2753 5376 2849 5428; x_wconf 79' lang='grc' dir='ltr'><strong>καὶ</strong></span> <span class='ocrx_word' id='word_1_833' title='bbox 2884 5374 3154 5446; x_wconf 86' lang='grc' dir='ltr'>σώματος,</span> <span class='ocrx_word' id='word_1_834' title='bbox 3184 5389 3344 5445; x_wconf 82' lang='lat' dir='ltr'><strong>usque</strong></span> <span class='ocrx_word' id='word_1_835' title='bbox 3375 5374 3446 5426; x_wconf 80' lang='lat' dir='ltr'><strong>ad</strong></span> 
     </span>
    </p>
   </div>
   <div class='ocr_carea' id='block_1_120' title="bbox 1867 5445 2761 5511">
    <p class='ocr_par' dir='ltr' id='par_1_120' title="bbox 1867 5445 2761 5511">
     <span class='ocr_line' id='line_1_120' title="bbox 1867 5445 2761 5511; baseline 0.002 -15"><span class='ocrx_word' id='word_1_836' title='bbox 1867 5445 2173 5499; x_wconf 82' lang='lat' dir='ltr'><strong>divisionem</strong></span> <span class='ocrx_word' id='word_1_837' title='bbox 2208 5449 2399 5500; x_wconf 69' lang='lat' dir='ltr'><strong>animo:</strong></span> <span class='ocrx_word' id='word_1_838' title='bbox 2426 5455 2473 5498; x_wconf 86' lang='lat' dir='ltr'><strong>et</strong></span> <span class='ocrx_word' id='word_1_839' title='bbox 2508 5445 2761 5511; x_wconf 80' lang='lat' dir='ltr'><strong>corporis.</strong></span> 
     </span>
    </p>
   </div>
   <div class='ocr_carea' id='block_1_121' title="bbox 1939 5513 3445 5587">
    <p class='ocr_par' dir='ltr' id='par_1_121' title="bbox 1939 5513 3445 5587">
     <span class='ocr_line' id='line_1_121' title="bbox 1939 5513 3445 5587; baseline 0 -17"><span class='ocrx_word' id='word_1_840' title='bbox 1939 5517 2051 5587; x_wconf 70' lang='grc'>(64)</span> <span class='ocrx_word' id='word_1_841' title='bbox 2082 5517 2190 5570; x_wconf 81' lang='grc' dir='ltr'><strong>Καὶ</strong></span> <span class='ocrx_word' id='word_1_842' title='bbox 2233 5517 2499 5584; x_wconf 80' lang='grc' dir='ltr'>κριτικὸν</span> <span class='ocrx_word' id='word_1_843' title='bbox 2540 5514 2949 5583; x_wconf 74' lang='grc' dir='ltr'>ἐνθυμήσεων.</span> <span class='ocrx_word' id='word_1_844' title='bbox 2982 5515 3110 5573; x_wconf 69' lang='lat' dir='ltr'><strong>Haae</strong></span> <span class='ocrx_word' id='word_1_845' title='bbox 3141 5516 3338 5571; x_wconf 83' lang='lat' dir='ltr'><strong>desunt</strong></span> <span class='ocrx_word' id='word_1_846' title='bbox 3389 5513 3445 5570; x_wconf 87' lang='lat' dir='ltr'><strong>in</strong></span> 
     </span>
    </p>
   </div>
   <div class='ocr_carea' id='block_1_122' title="bbox 1866 5587 3447 5711">
    <p class='ocr_par' dir='ltr' id='par_1_122' title="bbox 1866 5587 3447 5711">
     <span class='ocr_line' id='line_1_122' title="bbox 1866 5587 3447 5711; baseline 0.001 -73"><span class='ocrx_word' id='word_1_847' title='bbox 1866 5589 2149 5711; x_wconf 64' lang='lat' dir='ltr'><strong>30nr;ullis</strong></span> <span class='ocrx_word' id='word_1_848' title='bbox 2188 5587 2470 5640; x_wconf 77' lang='lat' dir='ltr'><strong>codicibus</strong></span> <span class='ocrx_word' id='word_1_849' title='bbox 2501 5587 2919 5654; x_wconf 85' lang='lat' dir='ltr'><strong>recentioribus,</strong></span> <span class='ocrx_word' id='word_1_850' title='bbox 2964 5598 3020 5643; x_wconf 93' lang='lat' dir='ltr'><strong>et</strong></span> <span class='ocrx_word' id='word_1_851' title='bbox 3061 5588 3315 5643; x_wconf 88' lang='lat' dir='ltr'><strong>videntur</strong></span> <span class='ocrx_word' id='word_1_852' title='bbox 3360 5600 3447 5640; x_wconf 83' lang='lat' dir='ltr'><strong>re-</strong></span> 
     </span>
     <span class='ocr_line' id='line_1_123' title="bbox 1908 5672 2134 5711; baseline -0.004 0"><span class='ocrx_word' id='word_1_853' title='bbox 1908 5674 1997 5711; x_wconf 85' lang='lat' dir='ltr'><strong>um</strong></span> <span class='ocrx_word' id='word_1_854' title='bbox 2020 5672 2134 5711; x_wconf 90' lang='lat' dir='ltr'><strong>are.</strong></span> 
     </span>
    </p>
   </div>
   <div class='ocr_carea' id='block_1_123' title="bbox 1908 5672 2134 5711">
    <p class='ocr_par' dir='ltr' id='par_1_123' title="bbox 1908 5672 2134 5711">
     <span class='ocr_line' id='line_1_124' title="bbox 1908 5672 2134 5711; baseline -0.004 0"><span class='ocrx_word' id='word_1_855' title='bbox 1908 5672 2134 5711; x_wconf 75' lang='lat' dir='ltr'><strong>undare.</strong></span> 
     </span>
    </p>
   </div>
  </div>
