3878 6222
466 305 572 363 967

1690 309 1747 365 S.
1787 309 2033 365 BASILII
2074 308 2290 365 MAGNI
3586 315 3670 373 963

463 435 615 482 tuam
672 425 974 482 fluctuatio.
1024 425 1321 498 Oportebat
1361 428 1509 483 enim
1551 428 1843 484 Dominum
1887 428 2028 501 40]

2150 426 2428 494 ἐπίδειξιν,
2480 398 2795 498 γενήσεται,
2840 430 2994 502 φησὶ,
3051 430 3137 495 τὶς
3186 431 3281 485 καὶ
3465 430 3551 500 τὴν
3594 434 3671 503 σὴν

463 534 564 588 pro
617 519 875 574 omnibus
914 527 1136 590 gustare
1185 528 1416 575 mortem
1445 560 1461 584 ,
1507 534 1571 573 ac
1601 519 2042 591 propitiationem

465 612 658 667 mundi
691 611 896 665 factum
921 652 937 677 ,
975 626 1164 667 omnes
1190 611 1499 681 justiﬁcare
1534 613 1591 666 in
1624 626 1725 666 suo
1752 611 2037 680 sanguine.

468 702 532 754 Et
565 710 618 757 te
670 703 835 774 igitur
875 706 1073 772 ipsam,
1113 718 1236 772 quae
1269 703 1488 757 caelitus
1529 701 1776 756 didicisti
1820 717 1942 772 quae
1973 702 2041 755 ad

465 792 755 849 Dominum
784 803 1056 865 spectant,
1091 804 1280 866 tanget
1306 796 1556 867 quaedam
1593 796 1887 852 dubitatio.
1924 794 2041 850 Hoc

462 885 712 954 designat
756 886 991 956 gladius.
1052 885 1121 939 Ut
1148 888 1441 941 revelantur
1482 903 1547 942 ea;
1579 888 1761 941 multis
1795 886 2039 941 cordibus

461 975 801 1043 cogitationes
842 995 854 1028 :
898 977 1189 1047 signiﬁcat,
1233 987 1356 1048 post
1388 979 1734 1040 scandalum,
1786 979 1931 1048 quod
1984 977 2040 1032 in

460 1063 668 1117 Christi
719 1080 887 1120 cruce
941 1067 1213 1138 contigit,
1259 1067 1548 1138 discipulis
1591 1083 1656 1123 ac
1705 1067 1810 1137 ipsi
1858 1066 2040 1122 Mariae

461 1155 695 1209 celerem
764 1157 1060 1226 quamdam
1112 1158 1441 1213 medicinam
1502 1158 1791 1212 aﬂ‘uturam
1837 1173 1867 1211 a
1927 1157 2037 1211 Do-

461 1249 630 1313 mino,
679 1265 799 1319 qua:
851 1250 1096 1320 ipsorum
1150 1251 1317 1304 corda
1379 1250 1731 1305 conﬁrmaret
1781 1250 1837 1304 in
1890 1251 2037 1305 illius

462 1339 586 1395 ﬁde.
649 1340 743 1396 Sic
797 1342 943 1397 enim
1007 1342 1258 1398 videmus
1314 1350 1369 1398 et
1426 1341 1677 1405 Petrum,
1749 1351 2036 1412 postquam

459 1431 778 1488 Scandalum
827 1448 1026 1503 passus
1072 1442 1178 1498 est,
1224 1434 1436 1491 ﬁrmius
1466 1434 1627 1490 ﬁdem
1669 1437 1725 1489 in
1756 1436 2035 1491 Christum

461 1526 773 1581 retinuisse.
821 1527 978 1593 Quod
1025 1526 1195 1597 igitur
1247 1528 1548 1581 humanum
1597 1535 1737 1594 erat,
1787 1528 2035 1582 imbecil-

460 1619 572 1672 lum
589 1635 711 1674 esse
739 1620 1032 1689 probatum
1063 1627 1170 1687 est,
1203 1626 1261 1674 ut
1292 1620 1536 1691 potentia
1572 1619 1787 1675 Domini
1812 1619 2036 1676 demon-

459 1715 748 1764 straretur.

916 1943 1252 2002 EPISTOLA
1286 1946 1497 2003 CCLXl
1514 1949 1553 2003 ‘.

2144 518 2324 591 ψυχὴν
2379 518 2538 583 σάλος
2590 519 2723 591 (65).
2759 521 2904 575 Ἔδει
2931 522 3040 594 γάρ
3073 522 3167 576 τὸν
3194 522 3395 594 Κύριον
3422 523 3548 592 ὑπὲρ

2142 609 2234 672 τὸς
2259 608 2368 679 (66)
2402 608 2702 677 γεύσασθαι
2743 608 2997 671 θανάτου,
3040 609 3138 663 καὶ
3169 609 3468 681 ἱλαστήριον
3489 609 3673 680 γενόμεο

2141 716 2231 753 νον
2268 699 2363 753 τοῦ
2406 701 2635 771 κόσμου,
2682 701 2891 764 πάντας
2934 701 3226 755 δικαιῶσαι
3259 702 3316 753 ὲν
3347 700 3424 770 τῷ
3453 700 3594 753 αὐτοῦ
3609 702 3672 753 αῖ-

2145 808 2293 861 ματι.
2320 792 2428 845 Καὶ
2464 792 2556 846 σοῦ
2609 788 2702 846 οὖν
2740 792 2931 862 αὐτῆς,
2974 792 3073 861 τῆς
3102 792 3307 846 ἄνωθεν
3338 791 3672 862 δεδιδαγμένης

2139 882 2208 936 τά
2242 884 2371 954 περὶ
2426 884 2520 936 τοῦ
2575 885 2804 954 Κυρίου,
2847 884 3044 953 ἅψεταί
3104 902 3188 948 τις
3221 886 3504 956 διάκρισις.
3546 886 3674 937 Τουτ-

2141 974 2288 1027 έστιν
2349 977 2381 1045 ἡ
2428 976 2689 1047 ῥομφαία.
2725 977 2916 1043 Ὅπως
2954 977 3031 1031 ἂν
3066 976 3564 1047 ἀποκαλυφθῶσιν
3583 978 3675 1032 ἀετὺ

2139 1065 2388 1120 πολλῶν
2410 1065 2665 1135 καρδιῶν
2679 1067 3089 1138 διαλογισμοί·
3124 1068 3443 1131 αἰνίττεται,
3464 1071 3539 1122 ὅτι
3566 1072 3675 1139 μετὰ

2137 1158 2229 1214 τὸν
2286 1162 2702 1233 σκανδαλισμὺν,
2756 1162 2847 1215 τὸν
2883 1163 2978 1216 ἐπὶ
3015 1161 3092 1232 τῷ
3118 1161 3337 1233 σταυρῷ
3365 1161 3457 1213 τοῦ
3479 1160 3673 1231 Χριστοῦ

2138 1251 2449 1321 γενόμενον,
2486 1255 2596 1318 τοῖς
2628 1270 2687 1305 τε
2722 1252 2993 1324 μαθηταῖς
3035 1252 3129 1305 καὶ
3150 1252 3286 1323 αὐτῇ
3316 1254 3384 1322 τῇ
3407 1252 3579 1321 Μαρίᾳ
3605 1269 3677 1304 τα-

2138 1343 2260 1411 χεῖά
2311 1360 2396 1406 τις
2452 1343 2595 1407 ἴασις
2649 1344 3079 1416 ἐπακολουθήσει
3126 1344 3278 1414 παρὰ
3336 1343 3433 1395 τοῦ
3476 1343 3676 1413 Κυρίου,

2139 1431 2429 1502 βεϐαιοῦσα
2491 1433 2672 1486 αὐτῶν
2714 1432 2813 1503 τὴν
2871 1434 3100 1505 καρδίαν
3144 1434 3224 1496 είς
3287 1432 3394 1504 τὴν
3441 1434 3520 1486 ἐπ’
3562 1432 3679 1502 αὐτῷ

2138 1523 2340 1576 πίστιν.
2378 1524 2534 1577 Οῦτω
2565 1523 2674 1596 γὰρ
2711 1524 2922 1595 εἴδομεν
2945 1525 3039 1578 καὶ
3078 1524 3284 1595 Πέτρον
3314 1522 3457 1594 μετά
3476 1523 3531 1575 τὸ
3550 1539 3680 1575 σκαν-

2134 1615 2451 1684 δαλισθῆναι
2500 1615 2846 1687 βεϐαιότερον
2900 1616 3000 1685 τῆς
3062 1618 3142 1679 είς
3202 1613 3443 1686 Χριστὸν
3488 1614 3680 1677 πίστεως

2136 1707 2539 1778 ἀντισχὸμενον.
2569 1709 2642 1761 Τὸ
2677 1708 3018 1780 ἀνθρώπινον
3040 1704 3135 1761 οὖν
3168 1707 3374 1779 σαθρὸν
3407 1705 3677 1778 διηλέγχθη,

2063 1798 2107 1853 Β
2137 1799 2223 1852 ἵνα
2248 1799 2309 1852 τὸ
2337 1800 2552 1871 ἰσχυρὸν
2583 1800 2676 1853 τοῦ
2705 1800 2914 1872 Κυρίου
2936 1799 3231 1871 διαδειχθῇ.

2650 1951 2998 2005 ΕΠΙΣΤΟΛΗ
3037 1948 3178 2004 ΣΞΑ¹

459 2063 576 2112 Cum
599 2055 901 2129 scripsissent
926 2057 1110 2129 {insitio
1133 2057 1463 2129 Sozopolitani
1488 2058 1738 2129 nonnullos
1757 2072 1951 2129 carnem
1967 2059 2201 2111 caelestem
2221 2061 2667 2129 gtzristoaﬁingere
2687 2068 2732 2113 et
2767 2061 2964 2129 a/fectus
2984 2061 3217 2129 humanos
3249 2062 3300 2129 in
3344 2061 3497 2118 ipsam
3530 2059 3680 2129 dirimi-

510 2128 651 2171 tatem
672 2120 920 2188 cbnl‘errjc;
943 2120 1145 2188 breviter
1172 2120 1299 2188 (tunc
1318 2135 1535 2188 errorem
1546 2120 1734 2188 refellit
1748 2134 1766 2181 ;
1789 2134 1844 2170 (τις
1870 2123 2163 2188 demonstrat
2182 2121 2300 2172 nihil
2323 2124 2458 2188 nobis
2469 2120 2706 2188 'pro'ttesse
2728 2120 2977 2188 passiones
3003 2124 3200 2188 Christi,
3224 2122 3269 2174 si
3290 2138 3389 2188 non
3419 2126 3622 2174 eamdem
3640 2138 3684 2172 ac

514 2198 600 2233 rms
622 2181 814 2232 carnem
837 2182 1018 2233 habuit.
1049 2183 1184 2241 Quod
1211 2190 1388 2244 spectat
1415 2184 1479 2232 ad
1499 2181 1695 2248 affectus
1716 2183 1969 2242 humanos,
1990 2184 2158 2243 probat
2181 2184 2425 2236 naturales
2456 2181 2489 2235 ἁ
2529 2181 3010 2248 Christo'assumptos
3050 2181 3217 2247 fuisse,
3253 2185 3455 2237 vitiosos
3487 2198 3589 2236 vero
3620 2199 3685 2235 ue-

514 2258 760 2309 quaquam

1029 2326 1450 2418 Sosopolitanis.

522 2467 575 2521 1.
630 2465 759 2536 Legi
810 2466 1024 2522 litteras
1066 2474 1301 2529 vestras,
1338 2466 1539 2521 fratres
1573 2482 1836 2537 perquam
1872 2483 2030 2523 reve-

454 2558 649 2624 rendi,
702 2573 841 2628 quas
894 2559 962 2613 de
1007 2559 1172 2614 rebus
1216 2560 1417 2614 vestris
1475 2559 1797 2629 scripsistis.
1855 2558 2034 2629 Atque

449 2652 703 2722 equidem
753 2651 898 2721 quod
947 2666 1047 2706 nos
1095 2651 1530 2705 sollicitudinum
1569 2652 1751 2707 socios
1779 2652 2033 2706 adhibui-

452 2744 554 2799 stis
580 2743 647 2797 ad
675 2759 861 2798 rerum
894 2744 1049 2798 vobis
1071 2745 1511 2799 necessariarum
1535 2759 1597 2798 ac
1624 2745 1808 2799 studio
1839 2745 2032 2815 digna:

453 2850 575 2890 rum
630 2851 844 2901 curam,
894 2833 1127 2889 Domino
1194 2836 1405 2905 egimus
1445 2836 1679 2905 gratias.
1741 2832 1845 2889 Sed
1889 2836 2033 2906 inge-

452 2928 716 2991 muimus,
750 2927 839 2980 ubi
863 2926 1173 2981 audivimus
1204 2934 1403 2995 praeter
1429 2926 1643 2989 turbas,
1676 2942 1815 2995 quas
1837 2926 2028 2980 Ariani

453 3018 509 3071 in
559 3017 823 3072 Ecclesiis
856 3018 1193 3081 excitarunt,
1233 3031 1298 3071 ac
1332 3017 1733 3083 confusionem,
1778 3036 1941 3089 quam
1972 3023 2028 3075 in

2625 2356 2753 2422 Τοῖς
2785 2369 2854 2408 εν
2881 2353 3228 2416 Σωζοπόλει.

2209 2464 2260 2517 l.
2315 2467 2595 2539 Ἐνέτυχον
2635 2471 2750 2531 τοῖς
2800 2467 3118 2539 γράμμασιν
3161 2469 3341 2541 ὑμῶν,
3391 2470 3597 2538 ἀδελφοὶ
3624 2486 3686 2521 τι-

2140 2557 2423 2627 μιώτατοι,
2473 2558 2509 2613 ἃ
2549 2559 2679 2631 περὶ
2716 2560 2824 2614 τῶν
2868 2560 2990 2614 καθ’
3031 2543 3178 2632 ’ὑμᾶς
3235 2563 3573 2634 πραγμάτων
3606 2562 3683 2613 ἐπ-

2136 2647 2431 2705 εστείλατε.
2462 2650 2575 2703 Καὶ
2624 2651 2707 2703 ὅτι
2745 2651 2841 2722 μὲν
2887 2653 3035 2723 ἡμᾶς
3075 2655 3372 2727 κοινωνοὺς
3431 2652 3685 2724 φροντίδων

2135 2740 2473 2812 παρελάϐετε
2513 2741 2623 2812 (67)
2666 2745 2746 2807 είς
2792 2742 2890 2813 τὴν
2937 2743 3045 2798 τῶν
3089 2746 3409 2813 ἀναγκαίων
3458 2746 3573 2815 ὑμῖν
3611 2742 3687 2796 καὶ

2139 2831 2373 2900 σπουδῆς
2407 2831 2569 2896 ἀξίων
2601 2833 2917 2904 ἐπιμέλειαν
2937 2875 2951 2898 ,
2983 2836 3472 2907 ηὐχαριστήσαμεν
3506 2834 3576 2904 τῷ
3600 2836 3687 2886 Κυ-

2139 2922 2259 2993 ρίῳ.
2298 2923 2689 2994 Ἐστενάξαμεν
2711 2924 2787 2988 δὲ,
2820 2925 3171 2990 ἀκούσαντες,
3198 2926 3281 2979 ὅτι
3307 2926 3450 2996 πρὸς
3473 2930 3533 2997 τῇ
3565 2925 3687 2996 παρὰ

2134 3013 2244 3067 τῶν
2279 3014 2567 3085 Ἀρειανῶν
2602 3017 2915 3090 ἐπειγομένῃ
2952 3020 3163 3088 ταραχῇ
3200 3022 3324 3082 ταῖς
3350 3018 3685 3087 Ἐκκλησίαις,

453 3109 576 3165 ﬁdei
607 3111 916 3164 doctrinam
944 3110 1299 3172 induxerunt,
1333 3109 1514 3164 adhuc
1543 3120 1597 3165 et
1632 3111 1793 3165 aliam
1830 3128 2026 3182 quam-

2136 3105 2231 3158 καὶ
2265 3108 2330 3177 τῇ
2374 3108 2652 3177 συγχύσει,
2698 3112 2763 3178 ἢν
2798 3110 2995 3162 ἐκεῖνοι
3047 3111 3173 3180 περὶ
3209 3111 3303 3163 τὸν
3342 3113 3445 3182 τῆς
3489 3110 3687 3170 πίστεως

449 3203 577 3259 dam
626 3203 945 3266 novitatem,
995 3220 1117 3273 qua:
1157 3206 1212 3258 in
1264 3205 1564 3275 plurimum
1618 3220 1929 3271 mmrorem,
1968 3216 2029 3262 ut

452 3295 587 3350 mihi
612 3297 935 3365 scripsistis,
964 3297 1191 3366 conjicit
1224 3296 1646 3358 fraternitatem,
1676 3298 1832 3353 vobis
1864 3299 2027 3352 obor-

448 3392 560 3440 tam
592 3401 736 3449 esse,
775 3386 844 3440 ab
889 3386 1203 3440 hominibus
1236 3401 1378 3440 nova
1410 3398 1466 3442 et
1509 3387 1734 3442 auribus
1789 3388 2028 3443 ﬁdelium

450 3476 693 3531 inaudita
725 3476 892 3531 veluti
949 3493 1017 3531 ex
1045 3473 1346 3546 Scriptura:
1379 3476 1639 3532 doctrina
1671 3478 2025 3533 introducen-

449 3567 619 3623 tibus.
670 3566 990 3637 Scripsistis
1022 3568 1168 3622 enim
1208 3569 1504 3624 nonnullos
1553 3571 1696 3638 apud
1735 3585 1834 3625 vos
1878 3585 2023 3635 esse,

446 3659 543 3732 qui
584 3658 890 3714 dissolvaut
943 3661 1240 3714 salutarem
1289 3659 1760 3730 dispensationem
1811 3661 2026 3717 Domini

449 3752 626 3807 nostri
657 3749 787 3807 Jesu
817 3750 1047 3815 Christi,
1091 3760 1356 3821 quantum
1388 3753 1441 3806 in
1473 3754 1609 3823 ipsis
1635 3762 1743 3819 est,
1773 3770 1838 3809 ac
1863 3771 2024 3810 ever-

448 3851 568 3898 tant
594 3845 777 3914 magni
807 3845 1052 3916 myslerii
1080 3844 1331 3915 gratiam,
1355 3846 1506 3899 taciti
1538 3848 1755 3916 quidem
1790 3862 1820 3900 a
1852 3863 2027 3903 saecu-

449 3935 517 3991 lis
532 3938 601 4001 ²⁵,
631 3936 727 3991 sed
750 3938 1010 3992 declarati
1040 3938 1155 3993 suis
1188 3939 1542 4006 temporibus.
1570 3954 1692 3992 cum
1730 3938 2020 4005 Dominus,

448 4028 541 4099 qui
568 4028 681 4097 jam
707 4029 888 4082 omnia
917 4030 983 4082 ad
1014 4027 1233 4099 generis
1263 4028 1488 4083 humani
1509 4030 1771 4083 medelam
1796 4031 2027 4082 attinen-
2069 4071 2071 4075 ς

446 4120 524 4175 tia
552 4127 919 4190 percurrerat,
946 4127 1071 4189 post
1103 4121 1284 4174 omnia
1319 4136 1477 4175 suum
1504 4122 1662 4176 nobis
1686 4121 1913 4192 largitus
1938 4130 2023 4176 est

519 4254 567 4286 ³⁸
604 4253 627 4307 Ι
663 4254 805 4309 Tim.
847 4270 943 4321 tu,
985 4252 1083 4308 16.

521 4392 540 4412 ‘
578 4388 725 4443 Alias
750 4387 905 4443 LXV.
942 4387 1158 4458 Scripta
1187 4391 1331 4444 circa
1365 4405 1566 4444 annum
1599 4391 1723 4446 577.

521 4460 632 4541 (65)
656 4458 884 4541 ,Σάλρςκ
930 4457 1226 4541 [fatendum
1260 4476 1392 4541 sane
1424 4471 1507 4541 est
1545 4463 1645 4515 hoc
1677 4463 1795 4541 loco
1914 4459 2019 4541 Ba-
2050 4459 2095 4514 D

449 4529 635 4601 silium
651 4530 814 4601 (quod
843 4529 1093 4597 equidem
1122 4546 1205 4601 me
1236 4540 1388 4585 certo
1421 4534 1537 4585 scio
1568 4546 1675 4584 non
1705 4532 1822 4585 sine
1845 4532 2016 4600 ipsius

450 4617 582 4672 pace
610 4600 904 4669 dicturum)
931 4601 1089 4672 longe
1113 4600 1369 4672 aberrare
1393 4609 1455 4672 et
1486 4603 1555 4653 ab
1590 4602 1905 4669 evangelica
1935 4602 2019 4655 lii-

450 4668 620 4725 étoria
652 4678 705 4723 et
758 4684 787 4721 a
834 4676 984 4723 recta
1035 4668 1637 4739 Siuieonisverborum
1688 4668 2019 4739 interpreta-

448 4743 617 4795 tione.
649 4739 798 4810 Nihil
821 4739 967 4792 enim
993 4739 1262 4810 ejusmodi
1298 4738 1367 4793 de
1406 4741 1755 4795 sanctissima
1787 4738 2016 4810 lteipara

447 4810 722 4880 suspicari
758 4809 968 4870 sinunt,
1031 4825 1156 4863 cum
1205 4809 1377 4880 ipsius
1445 4810 1757 4865 constantia
1814 4809 2018 4864 in’ﬁlii

449 4878 625 4936 morte
663 4880 839 4934 oculis
883 4880 1000 4932 suis
1044 4878 1360 4947 spectanda,
1400 4888 1513 4934 tum
1552 4890 1752 4935 tenera:
1795 4881 1861 4933 ad
1897 4896 2018 4934 eam

450 4951 546 5005 ﬁlii
615 4949 900 5004 morientis
955 4946 1136 5003 voces.
1199 4946 1303 5003 Sed
1376 4951 1625 5018 quamvis
1682 4950 1828 5004 illius
1887 4949 2019 5005 ﬁdes

449 5022 676 5075 minime
716 5019 1068 5082 vacillaverit,
1121 5032 1228 5071 non
1272 5019 1477 5073 idcirco
1537 5029 1717 5073 tamen
1774 5029 2019 5074 materna

449 5092 660 5147 viscera
710 5091 900 5144 dolore
944 5088 1037 5143 illo
1064 5098 1596 5159 caruerunﬁt,‘quem
1631 5090 1679 5143 ei
1719 5090 1822 5143 sub
1851 5090 2020 5159 gladii

449 5162 670 5216 nomine
710 5159 933 5214 Simeon
984 5159 1246 5228 praedicit.
1307 5158 1533 5214 Videtur
1588 5159 1823 5214 Basilius
1862 5158 2019 5214 hanc

447 5233 758 5301 opinionem
788 5227 1038 5284 hausisSe
1081 5244 1148 5301 ex
1179 5227 1430 5299 Origenis
1466 5229 1747 5301 fontibus,_
1769 5230 2020 5301 quamvis

450 5298 503 5354 iu
563 5303 667 5355 hoc
719 5300 945 5370 legendo
987 5299 1255 5369 scriptore
1286 5298 1426 5354 satis
1481 5309 1676 5370 cautus
1725 5298 1914 5370 fuerit.
1961 5298 2020 5354 ld

447 5374 593 5424 enim
637 5368 797 5425 docet
841 5368 1117 5427 Origenes
1159 5371 1345 5424 horuil.
1389 5372 1460 5427 27
1497 5372 1549 5424 in
1598 5369 1822 5423 Lucam.
1870 5369 2020 5425 Nona

449 5441 582 5494 nulli
634 5441 725 5494 alii
774 5448 896 5509 post
939 5441 1198 5496 Basilium
1241 5442 1536 5513 scriptores
1567 5442 1707 5513 idem
1741 5457 2020 5513 commen-

446 5513 778 5580 tumﬁsecuti
814 5518 961 5574 sunt,
988 5526 1127 5580 quos
1177 5512 1424 5568 recenset
1479 5512 1733 5567 Petavius
1777 5512 1872 5566 lib.
1926 5527 2020 5566 xw

449 5578 528 5632 De
570 5578 882 5644 Inearn.,c.
918 5583 970 5635 l.

519 5648 631 5722 (θὸ)
659 5650 837 5718 ’Υπὲρ
859 5652 1103 5722 agnae.
1124 5650 1486 5708 Consentiunt
1512 5654 1565 5706 in
1597 5652 1700 5706 hac
1746 5653 2018 5722 scriptura

449 5718 669 5774 codices
707 5735 861 5791 mss,
885 5720 1026 5775 Editi
1058 5722 1195 5792 ὑπὲρ
1222 5723 1458 5779 πάντων.
1513 5723 1678 5778 Paulo
1720 5718 2016 5779 ante—editi

2130 3195 2287 3264 λόγον
2313 3197 2662 3268 πεποίηνται,
2686 3196 2766 3250 ἔτι
2792 3199 2887 3250 καὶ
2909 3198 3040 3270 ἄλλη
3063 3218 3147 3264 τις
3176 3201 3305 3271 ὑμῖν
3336 3201 3573 3270 ἀνεφάνη
3597 3199 3685 3269 (68)

2130 3288 2480 3357 καινοφωνία,
2529 3290 2611 3352 είς
2650 3290 2847 3362 πολλὴν
2892 3291 3185 3363 ἀδημονίαν
3228 3278 3570 3362 ἐμϐάλλουσα
3608 3292 3685 3361 τὴν

2129 3377 2486 3449 ἀδελφότητα,
2529 3378 2603 3442 ὡς
2647 3379 2995 3433 ὲπεστείλατε
3035 3382 3188 3450 ἡμῖν,
3221 3380 3527 3453 ἀνθρώπων
3553 3379 3685 3433 καινᾶ

2131 3469 2224 3521 καὶ
2254 3468 2496 3540 ἀσυνήθη
2521 3472 2642 3532 ταῖς
2674 3471 2862 3534 ἀκοαῖς
2888 3470 2995 3525 τῶν
3036 3472 3244 3526 πιστῶν
3267 3472 3346 3536 ὡς
3382 3475 3449 3526 ἐκ
3480 3473 3569 3542 τῆς
3600 3470 3684 3523 τῶν

2128 3558 2360 3629 Γραφῶν
2376 3560 2726 3625 διδασκαλίας
2741 3561 2900 3633 δῆθεν
2919 3563 3392 3635 παρεισαγόντων.
3416 3563 3685 3634 Ἐγράφετε

2127 3648 2237 3719 γάρ
2267 3645 2406 3702 εἷναί
2430 3667 2583 3715 τινας
2617 3652 2748 3724 παρ’
2771 3655 2899 3722 ὑμῖν
2926 3654 3051 3717 τοὺς
3078 3652 3304 3718 λύοντας
3324 3654 3429 3726 τὴν
3455 3656 3685 3724 σωτήριον

2126 3742 2433 3813 οἰκονομίαν
2457 3744 2549 3797 τοῦ
2579 3744 2785 3817 Κυρίου
2814 3748 2847 3817 ή
2858 3745 2972 3817 μῶν
3002 3745 3175 3815 Ἰησοῦ
3206 3746 3473 3818 Χριστοῦ,
3504 3748 3613 3800 ὅσον
3640 3744 3685 3798 τό

2127 3834 2214 3886 ἐπ’
2247 3836 2449 3902 αὐτοῖς,
2484 3837 2577 3889 καῖ⁹
2622 3836 2950 3902 ἀθετοῦντας
2990 3838 3084 3891 τοῦ
3130 3839 3371 3909 μεγάλου
3414 3839 3682 3912 μυστηρίου

2125 3929 2225 3998 τὴν
2268 3930 2449 3999 χάριν,
2499 3929 2595 3983 τοῦ
2645 3931 3004 4002 σεσιγημένου
3050 3932 3147 4002 μὲν
3193 3933 3300 3985 ἀπὸ
3331 3934 3444 3987 τῶν
3483 3932 3683 3995 αἰώνων,

2127 4023 2532 4092 φανερωθέντος
2555 4024 2612 4077 δὲ
2651 4028 2862 4094 καιροῖς
2889 4025 3059 4089 ἰδίοις,
3092 4026 3181 4079 ὅτε
3208 4028 3237 4080 ὁ
3274 4026 3504 4098 Κύριος,
3534 4027 3682 4078 πάντα

2124 4113 2409 4178 διεξελθὼν
2442 4114 2553 4186 (69)
2587 4115 2657 4168 τὰ
2701 4117 2779 4179 εἰς
2815 4116 3132 4187 ἐπιμέλειαν
3164 4118 3368 4186 ἥκοντα
3396 4120 3491 4169 τοῦ
3522 4118 3683 4184 γένους

2125 4390 2432 4464 τὴνψυχὴν
2457 4394 2697 4464 τὴν-σήν.
2739 4394 2869 4449 Mss.
2911 4397 3045 4451 utin
3081 4406 3252 4452 textu.

2196 4463 2305 4531 (67)
2333 4462 2724 4531 Παρελάϐέτε.
2769 4466 2938 4522 Coisl.
2985 4470 3196 4537 primus
3242 4476 3297 4523 et
3338 4468 3482 4524 Med.
3526 4485 3681 4540 παρα-

2121 4531 2447 4584 λαμϐάνετε.

2156 4548 2447 4600 αμοανετε,

2194 4600 2305 4725 Ἧ8)
2353 4602 2655 4682 Ἇῖεφάνη.
2701 4604 2778 4657 lta
2819 4605 2988 4661 Coisl.
3036 4609 3244 4678 primus
3285 4618 3340 4665 et
3389 4610 3527 4665 Med.
3571 4623 3675 4663 cum

2242 4688 2306 4725 us
2339 4674 2485 4725 aliis.
2523 4673 2664 4725 Edili
2697 4676 2954 4725 ἐνεφάνη-
2987 4680 3230 4725 exve-niis
3256 4690 3437 4725 [nmen
3472 4679 3675 4725 vetustis

2123 4672 2306 4748 tribus
2334 4672 2664 4748 aliis._Edi_ti
2697 4676 2955 4748 ἐνεφάνη,
2987 4672 3230 4748 eice-ptis
3256 4690 3437 4734 tamen
3472 4679 3675 4733 vetustis

2123 4743 2474 4819 editiopibus.
2500 4743 2670 4797 Paulo
2692 4755 2812 4819 post
2834 4743 2997 4801 iidem
3019 4743 3373 4819 duo'rotlices
3403 4751 3673 4819 Ἐγράφετε

2123 4812 2232 4899 γέιρ
2263 4809 2401 4867 εἶναι
2431 4829 2531 4884 pro
2560 4829 2626 4868 eo
2658 4809 2811 4884 .q'uod
2851 4825 2970 4871 erat
3007 4820 3064 4873 in
3094 4818 3260 4874 editis
3308 4809 3602 4892 Ἐγρᾶςρετὲ
3627 4817 3673 4869 δὲ

2123 4898 2279 4934 ειναι.

2194 4951 2305 5023 (69)
2348 4952 2694 5030 Διεξενζθῴν.
2743 4954 3054 5030 Notandum
3090 4958 3384 5030 diligenter
3425 4961 3530 5014 hoc
3571 4973 3674 5030 ver-

2127 5021 2294 5082 bum,
2316 5025 2460 5091 quod
2493 5023 2702 5079 idcirco
2736 5027 3011 5082 simillima
3052 5021 3419 5084 voce'Latina
3459 5026 3674 5085 reddidi-

2123 5107 2266 5167 mus,
2309 5109 2500 5167 nempe
2531 5107 2884 5163 percurrerat,
2921 5100 3046 5167 quia
3079 5100 3285 5154 indicat
3323 5101 3558 5156 Basilius
3600 5095 3673 5149 Fi-

2123 5161 2255 5241 lium
2309 5161 2757 5241 Deiian'tequam
2791 5161 3125 5241 nasceretur
3166 5185 3230 5224 ex
3267 5169 3510 5240 Virgine.
3543 5167 3670 5241 anti-

2123 5233 2246 5306 quis
2286 5233 2537 5306 patribus
2580 5233 2922 5306 apparuisse.
2969 5239 3108 5293 Hinc
3141 5233 3427 5296 contendit
3461 5242 3516 5294 in
3550 5239 3669 5291 libro

2123 5318 2161 5354 ιι
2190 5302 2768 5381 ἱιιβιιιιιοηὶιιιηξρωιι
2793 5310 2888 5377 qui
2928 5308 3070 5381 Deus
3100 5321 3155 5365 et
3184 5313 3410 5381 angelus
3440 5315 3667 5381 vocatur.

2122 5385 2187 5451 ac
2227 5372 2395 5451 Moysi
2431 5377 2705 5451 apparuit,
2756 5372 2864 5451 non
2900 5380 3064 5451 alium
3105 5396 3227 5435 esse
3258 5372 3433 5451 quam
3468 5379 3666 5433 Filium.

2124 5442 2521 5519 Simili'sensu—
2541 5445 2712 5519 Filius
2762 5447 2851 5519 Dei
2891 5450 3034 5519 apud
3080 5442 3410 5508 Clementem
3448 5451 3667 5503 Alexan-

2120 5512 2337 5566 drinum
2366 5517 2418 5567 in
2448 5516 2587 5571 libro
2612 5518 2742 5582 Quis
2768 5517 2908 5572 dites
2927 5512 3249 5585 'salrandus,
3276 5539 3333 5576 n.
3363 5523 3416 5584 8,
3450 5520 3665 5574 dicitur:

2121 5585 2163 5635 A
2197 5585 2459 5638 creatione
2488 5586 2670 5661 mundi
2700 5604 2865 5661 usque
2907 5590 2979 5661 ad
3007 5592 3210 5661 signum
3242 5594 3416 5647 crucis
3442 5587 3666 5661 humani-

2122 5663 2281 5734 tatem
2308 5659 2628 5734 percurrisse
2646 5657 3123 5734 :A’Anoyevécsio;
3149 5662 3311 5734 μέχρι
3335 5663 3426 5716 τοῦ
3457 5657 3666 5732 σημείου

2119 5723 2216 5794 τὴν
2244 5724 2636 5798 ἅνθρωπότητα
2667 5723 2982 5800 διατρέχων.
