3878 6222
344 340 446 396 974

1580 334 1639 391 S.
1664 332 1918 389 BASILII
1953 331 2174 389 MAGNI

3515 336 3616 392 97?.

338 458 524 529 lugere
561 456 837 523 convenit,
889 470 1060 513 novas
1112 455 1255 512 inter
1300 468 1401 511 vos
1429 454 1618 511 tdrbas
1659 455 1922 511 inducen—

2046 454 2446 526 τροσειλῆφθαι.
2493 454 2729 519 Τούτους
2768 454 2978 510 ἐοίκασι
3015 457 3249 527 συγγενῆ
3283 455 3616 526 φθέγγεσθαι

339 550 506 604 tibus.

422 690 455 713 Β

412 732 467 787 3.
516 730 672 800 Quod
741 738 925 786 autem
980 730 1177 785 dicunt
1234 728 1467 785 aﬂ'ectus
1541 730 1814 785 humanos
1869 730 1928 785 in

339 822 516 894 ipsam
545 822 890 879 divinitatem
934 824 1191 888 transire,
1214 837 1406 878 eorum
1437 832 1543 889 est,
1592 824 1688 896 qui
1718 823 1776 878 in
1807 824 1925 880 suis

337 916 767 988 cogitationibus
831 914 1044 970 nullum
1101 915 1350 971 ordinem
1414 923 1678 980 servant,
1751 931 1927 987 neque

339 1017 550 1064 norunt
582 1007 722 1065 alios
762 1023 886 1064 esse
908 1008 1095 1064 carnis
1134 1007 1386 1073 affectus,
1416 1008 1557 1064 alios
1584 1009 1774 1063 carnis
1803 1010 1925 1063 ani-

338 1110 535 1165 matae,
576 1100 716 1157 alios
772 1100 970 1156 animae
1033 1114 1267 1170 corpore
1315 1099 1544 1156 utentis.
1598 1098 1700 1154 Est
1763 1100 1930 1171 igitur

338 1195 525 1250 carnis
580 1194 862 1265 proprium
939 1193 1152 1257 secari,
1218 1192 1471 1247 imminui
1542 1200 1598 1247 et
1651 1192 1928 1248 dissolvi:

337 1299 393 1345 et
425 1303 622 1345 rursus
650 1288 837 1351 carnis
872 1287 1147 1352 animatae,
1176 1284 1419 1358 fatigari,
1452 1286 1659 1351 dolere,
1691 1286 1927 1353 esurire,

338 1382 494 1438 sitire
549 1388 606 1438 et
656 1394 855 1437 somno
912 1379 1146 1450 opprimi
1195 1398 1207 1433 :
1268 1379 1466 1434 animae
1531 1388 1661 1434 vero
1700 1390 1932 1449 corpore

341 1473 548 1532 utentis
606 1472 815 1544 proprii
859 1478 991 1529 sunt
1033 1486 1300 1528 maerores
1328 1511 1345 1536 ,
1405 1479 1461 1529 et
1499 1474 1805 1529 anxietates
1828 1513 1841 1534 .
1875 1476 1930 1530 et

340 1582 523 1631 curae,
580 1574 634 1621 et
676 1565 888 1634 reliqua
938 1563 1232 1635 ejusmodi.
1265 1562 1512 1630 Quorum
1564 1566 1671 1620 alia
1706 1565 1928 1636 quidem

339 1659 618 1714 naturalia
658 1664 827 1721 sunt,
862 1662 917 1712 et
965 1656 1189 1711 animali
1244 1658 1598 1712 necessaria:
1658 1657 1765 1711 alia
1801 1673 1930 1713 vero

2027 540 2194 611 οὗτοι,
2218 545 2311 608 οὓς
2331 545 2695 617 ἀποδύρεσθαι
2718 545 2830 618 (76)
2856 548 3146 619 προσήκει,
3166 547 3267 612 τὰς
3284 552 3618 619 νεωτερικὰς

2029 642 2157 713 ὑμῖν
2183 642 2579 710 ἐπεισάγοντας
2606 642 2870 713 ταραχάς.

2097 736 2149 789 ‘5.
2203 735 2277 789 Τὸ
2316 735 2375 790 δὲ
2421 736 2509 788 ἐπ’
2554 735 2723 807 αὐτὴν
2767 734 2948 805 λέγειν
2986 734 3086 808 τὴν
3133 734 3368 806 θεότητα
3405 735 3480 789 τὰ
3525 735 3618 789 τοῦ

2027 826 2319 900 ἀνθρώπου
2361 827 2473 898 (77)
2509 826 2806 881 διαϐαίνειν
2853 826 3003 897 πάθη
3039 826 3291 898 οὐδαμῶς
3334 825 3621 890 σωζόντων

2027 922 2146 976 ἐστὶ
2191 922 2254 976 τὸ
2302 923 2361 974 ἐν
2406 921 2667 986 διανοίαις
2717 919 3029 985 ἀκόλουθον,
3079 918 3203 973 οὔτε
3250 919 3497 982 εἰδότων,
3540 919 3622 972 ὅτι

2027 1015 2165 1069 ἄλλα
2199 1015 2402 1086 σαρκὸς
2435 1014 2607 1086 πάθη,
2653 1011 2748 1068 καὶ
2788 1013 2925 1068 ἄλλα
2975 1013 3178 1082 σαρκὸς
3214 1012 3489 1084 ἐμψύχου,
3529 1012 3623 1066 καὶ

2027 1105 2162 1162 ἄλλα
2193 1105 2374 1178 ψυχῆς
2420 1105 2632 1177 σώματι
2678 1107 3049 1179 κεχρημένης.
3112 1107 3326 1178 Σαρκὸς
3377 1106 3482 1177 μὲν
3528 1100 3624 1159 ὦν

2028 1198 2161 1253 ῐδιον
2202 1198 2262 1253 τὸ
2302 1199 2620 1270 τέμνεσθαι,
2661 1199 2758 1254 καὶ
2801 1199 3107 1272 μειοῦσθαι,
3149 1199 3246 1253 καὶ
3281 1197 3619 1254 διαλύεσθαι·

2028 1291 2124 1344 καὶ
2154 1291 2316 1345 πάλιν
2344 1290 2547 1364 σαρκὸς
2569 1290 2818 1363 ἐμψύχου
2846 1292 2907 1345 τὸ
2942 1290 3264 1352 κοποῦσθαι,
3303 1290 3401 1343 καὶ
3429 1288 3621 1343 ὀδυνᾶ-

2032 1381 2175 1447 σθαι,
2212 1383 2306 1437 καὶ
2341 1384 2553 1455 πεινᾷν,
2597 1384 2689 1438 καὶ
2727 1383 2910 1456 διψᾷν,
2948 1384 3041 1437 καὶ
3080 1382 3234 1454 ὕπνῳ
3270 1380 3617 1456 κρατεῖσθαυ

2026 1474 2205 1546 ψυχῆς
2234 1475 2294 1529 δὲ
2325 1476 2539 1547 σώματι
2573 1475 2920 1548 κεχρημένης
2954 1474 3141 1541 λύπαι,
3175 1475 3271 1529 καὶ
3302 1471 3620 1546 ἀδημονίαι,

2028 1558 2124 1621 καὶ
2151 1568 2459 1640 φροντίδες,
2503 1569 2597 1623 καὶ
2634 1569 2737 1623 ὅσα
2770 1567 3016 1623 τοιαῦτα.
3041 1561 3141 1621 Ὧν
3177 1565 3246 1620 τὰ
3280 1567 3381 1637 μὲν
3416 1564 3625 1635 φυσικά

2031 1661 2125 1713 καὶ
2145 1661 2418 1729 ἀναγκαῖα
2443 1660 2522 1731 τῷ
2549 1658 2694 1731 ζώῳ.
2726 1660 2795 1714 τὰ
2822 1659 2881 1713 δὲ
2918 1663 2983 1715 ἐκ
3011 1657 3384 1730 προαιρέσεως
3414 1658 3622 1728 μοχθη-

340 1769 408 1810 ex
463 1766 632 1824 prava
690 1751 1015 1810 voluntate.
1055 1758 1278 1821 propter
1325 1749 1494 1805 vitam
1529 1750 1671 1805 male
1707 1751 1928 1805 institu-

2046 1754 2162 1819 ρᾶς,
2207 1751 2297 1806 διὰ
2344 1752 2405 1807 τὸ
2449 1753 2734 1823 ἀνάγωγον
2778 1752 2872 1807 τοῦ
2923 1752 3038 1824 βίου
3089 1752 3187 1805 καὶ
3232 1750 3373 1824 πρὸς
3422 1750 3623 1822 ἀρετὴν

340 1817 492 1912 tam,
527 1861 631 1901 nec
667 1845 872 1901 virtute
902 1817 1291 1905 ‘ini‘orinatam.
1326 1843 1738 1915 superinducta.
1770 1840 1927 1899 Unde

2046 1844 2381 1916 Ξιγύμναστον
2412 1817 2836 1918 ἐπεισαγύμενα.
2873 1817 3034 1900 Ὅθεν
3069 1817 3319 1914 φαίνεται
3351 1845 3381 1897 ὁ
3417 1817 3623 1914 Κύριος

340 1939 517 2010 liquet
570 1937 862 1994 Dominum
914 1936 1197 1992 naturales
1251 1928 1501 2006 quidem'
1531 1934 1757 1991 affectus
1802 1951 1928 1992 susa-

2046 1937 2098 1992 τὰ
2150 1939 2252 2007 μὲν
2301 1938 2507 2008 φυσικά
2553 1938 2700 2010 πάθη
2756 1936 3205 2009 παραδεξάμενος
3249 1933 3365 2007 (78)
3407 1934 3492 1998 είς
3532 1932 3622 2003 βε-

342 2031 576 2101 cepisse,
607 2027 768 2100 5,03
813 2026 882 2081 ad
914 2025 1390 2082 conﬁrmationem
1440 2040 1605 2087 verae,
1633 2039 1734 2080 nec
1763 2025 1928 2095 phan-

2046 2029 2259 2084 Ξαίωσιν
2285 2030 2386 2100 τῆς
2416 2029 2698 2101 ἀληθινῆς,
2731 2028 2826 2084 καὶ
2864 2029 2925 2082 οὐ
2962 2028 3103 2083 κατὰ
3132 2026 3442 2098 φαντασίαν
3466 2026 3622 2078 ἐναν-

339 2118 1004 2184 tasticazlncarnationis,
1063 2119 1297 2174 vitiosos
1341 2131 1474 2173 vero
1504 2116 1770 2182 ali‘ectus,
1833 2118 1928 2188 qui

2046 2122 2389 2193 ipmrrﬁa'swg,
2411 2122 2480 2176 τὰ
2505 2123 2563 2177 δὲ
2591 2123 2702 2176 ἀπὸ
2731 2111 2931 2186 κακίας
2957 2120 3129 2193 πάθη,
3159 2121 3263 2175 ὅσα
3288 2116 3352 2173 τὸ
3383 2116 3625 2187 καθαρδν

341 2223 549 2273 nostra:
595 2215 718 2270 vitae
753 2214 1047 2285 puritatem
1087 2213 1473 2285 coinquinant,
1510 2222 1568 2267 ut
1607 2213 1928 2267 intaminata

2046 2215 2127 2286 τῆς
2151 2213 2297 2286 ζωῆς
2327 2213 2485 2285 ἡμῶν
2525 2208 2930 2286 ὲπιρῤυπαίνει,
2969 2212 3144 2267 ταῦτα
3177 2205 3255 2275 ὼς
3289 2208 3491 2275 ἀνάξια
3528 2208 3628 2278 τῆς

342 2304 632 2361 divinitate
687 2305 945 2376 indignos
980 2305 1262 2375 reiecisse.
1308 2303 1450 2359 Eam-
1475 2305 1547 2358 ob
1582 2319 1807 2359 causam
1847 2304 1928 2359 di—

2046 2307 2298 2380 ixpawou
2333 2307 2585 2379 θεότητος
2628 2299 3008 2377 ἀπωσάμενος.
3055 2304 3156 2361 Διά
3201 2301 3364 2359 τοῦτο
3410 2304 3627 2374 εἴρηται

342 2405 493 2455 ctum
523 2404 604 2452 est
629 2436 646 2461 ,
697 2396 905 2452 factum
935 2413 1061 2453 eum
1116 2396 1289 2452 fuisse
1326 2396 1382 2450 in
1418 2395 1781 2451 similitudine
1806 2411 1928 2450 car-

2046 2405 2088 2454 '-:v
2117 2392 2422 2471 ὁμοιώματι
2449 2393 2776 2470 γεγενῆσθαι
2810 2398 3010 2471 σαρκὸς
3059 2390 3359 2469 ἁμαρτίας.
3395 2394 3476 2448 Οὐ
3517 2394 3629 2464 γὰρ

327 2490 433 2546 ηιιίε
491 2489 749 2560 peccati;
804 2504 915 2544 non
978 2490 1168 2558 utique
1235 2489 1294 2543 in
1360 2487 1729 2543 similitudine
1805 2502 1928 2541 car-

2046 2494 2089 2542 ὲν
2145 2484 2451 2561 ὁμοιώματι
2515 2489 2738 2562 σαρκὸς,
2792 2490 2868 2554 ὡς
2917 2488 3130 2551 τούτοις
3179 2486 3349 2550 δοκεῖ,
3401 2485 3518 2540 ἀλλ’
3570 2489 3630 2538 ὲν

342 2582 473 2648 nis,
522 2589 583 2638 ut
627 2582 715 2638 his
768 2582 1024 2647 videtur,
1086 2581 1183 2637 sed
1244 2582 1299 2635 in
1341 2581 1704 2637 similitudine
1747 2581 1928 2636 carnis

2046 2581 2338 2652 ὃμοιώματι
2382 2576 2585 2654 σαρκδς
2619 2582 2914 2654 ἁμαρτίας.
2967 2581 3131 2634 Ὥστε
3169 2575 3351 2651 σάρκα
3390 2577 3493 2649 μὲν
3528 2578 3630 2648 τὴν

343 2670 557 2746 peccati
581 2675 649 2728 ⁸⁸.
698 2672 881 2741 Quare
912 2688 1133 2729 carnem
1168 2679 1413 2729 nostram
1463 2687 1571 2728 una
1614 2687 1740 2727 cum
1769 2680 1928 2726 natu-

2046 2673 2310 2746 ᾐμετέραν
2342 2673 2572 2727 ἀνέλαϐε
2614 2673 2752 2744 μετὰ
2784 2673 2893 2727 τῶν
2926 2671 3170 2742 φυσικῶν
3205 2671 3380 2741 αὐτῆς
3414 2668 3627 2733 παθῶν,

344 2766 559 2823 talibus
594 2765 770 2837 ipsius
800 2764 1087 2821 aﬂ’ectibus
1119 2764 1451 2833 assumpsit,
1486 2773 1768 2836 peccatum
1799 2779 1928 2820 vero

2046 2765 2308 2839 ὶμαρτίαν
2337 2767 2393 2820 δὲ
2422 2768 2523 2821 οὐκ
2547 2768 2826 2838 ἐποίησεν.
2850 2764 2993 2819 Ἀλλ’
3022 2764 3210 2836 ὥσπερ
3234 2764 3263 2817 δ
3302 2760 3537 2826 θάνατος
3555 2803 3571 2826 ,
3601 2763 3631 2815 δ

345 2875 459 2915 non
509 2858 725 2916 fecit".
777 2856 884 2914 Sed
943 2857 1404 2929 quemadmodum
1459 2873 1609 2913 mors
1643 2896 1659 2923 ,
1710 2872 1832 2927 quae
1870 2843 1928 2912 in

2046 2859 2094 2911 ὲν
2119 2861 2185 2929 τῇ
2224 2860 2411 2929 σαρκὶ,
2445 2857 2536 2912 διὰ
2564 2858 2659 2911 τοῦ
2689 2857 2864 2927 Ἀδὰμ
2887 2857 2967 2920 εἰς
2992 2856 3144 2925 ἡμᾶς
3175 2851 3627 2923 παραπεμφθεὶς.

347 2965 516 3007 carne
545 2967 643 3022 per
670 2949 941 3004 Adamum
990 2949 1058 3005 ad
1107 2965 1209 3004 nos
1256 2949 1583 3004 transmissa
1610 2989 1626 3014 ,
1672 2949 1928 3019 absorpta

2046 2950 2310 3020 ιατεπόθη
2358 2950 2462 3004 ὑπὸ
2508 2950 2607 3021 τῆς
2665 2948 2937 3019 θεότητος,
2981 2940 3126 3002 οὕτω
3161 2943 3257 3001 καὶ
3296 2946 3332 3017 ἠ
3381 2943 3628 3016 ἁμαρτία

346 3043 455 3100 fuit
486 3057 519 3096 a
547 3041 835 3097 divinitate
870 3059 884 3096 :
919 3041 1000 3097 sic
1050 3046 1105 3096 et
1152 3049 1440 3110 peCcatum
1499 3041 1849 3112 absumptum
1897 3055 1928 3096 a

2046 3043 2346 3114 ἱξανηλώθη
2377 3043 2491 3114 (79)
2522 3042 2629 3096 ὑπὸ
2654 3041 2755 3112 τῆς
2782 3032 3131 3111 δικαιοσύνης
3164 3038 3264 3108 τῆς
3306 3038 3366 3091 ἐν
3403 3034 3627 3109 Χριστῷ

344 3136 563 3208 iustitia
596 3150 721 3206 quae
757 3135 812 3187 in
848 3132 1070 3188 Christo
1101 3132 1231 3188 Jesu
1278 3143 1363 3188 est
1396 3132 1441 3164 ³⁰
1475 3148 1491 3189 :
1551 3139 1611 3186 ut
1642 3132 1697 3186 in
1747 3147 1928 3188 resur-

2046 3135 2231 3209 “Ιησοῦ·
2270 3136 2422 3189 ὥστε
2450 3136 2599 3206 ἡμᾶς
2634 3124 2695 3185 ἒν
2743 3135 2810 3204 τῇ
2855 3128 3146 3186 ἀναστάσει
3193 3127 3489 3197 ἀπολαϐεῖν
3528 3127 3627 3196 τὴν

349 3227 608 3282 rectione
682 3239 1029 3280 resumamus
1104 3238 1327 3279 carnem
1371 3265 1387 3291 ,
1469 3238 1572 3277 nec
1638 3224 1934 3279 obnoxiam

347 3316 540 3385 morti,
572 3331 749 3387 neque
785 3314 1091 3385 subjectam
1129 3323 1376 3384 peccato.
1438 3312 1563 3369 Haec
1616 3323 1766 3378 sunt,
1822 3314 1935 3369 fra-

350 3416 468 3466 tres
502 3449 518 3476 ,
565 3405 828 3462 Ecclesiae
882 3404 1143 3477 mysteria
1165 3444 1179 3469 ,
1213 3404 1296 3460 lia:
1325 3403 1548 3458 Patrum
1584 3405 1931 3464 traditiones.

351 3502 612 3557 Obtestor
666 3498 942 3554 hominem
966 3512 1229 3561 omnem,
1288 3498 1381 3568 qui
1437 3496 1726 3553 Dominum
1761 3501 1934 3568 timet,

350 3593 561 3666 Deique
584 3593 854 3665 judicium
888 3597 1173 3661 exspectat
1199 3629 1214 3654 ,
1243 3598 1304 3644 ut
1353 3606 1421 3647 ne
1462 3590 1631 3648 variis
1666 3594 1935 3652 doctrinis

354 3686 683 3758 abripiatur.
743 3683 801 3740 Si
849 3684 974 3755 quis
1013 3683 1173 3738 aliter
1224 3682 1419 3750 docet,
1469 3699 1571 3739 nec
1623 3687 1833 3741 accedit
1867 3688 1936 3743 ad

352 3780 680 3858 sanoslidei
733 3792 1052 3842 sermones,
1114 3777 1210 3833 sed
1262 3776 1499 3848 Spiritus
1542 3781 1764 3835 oracula
1809 3780 1937 3851 reji-

351 3875 538 3937 ciens,
592 3871 871 3943 propriam
908 3870 1217 3925 doctrinam
1250 3871 1519 3942 potiorem
1572 3872 1738 3928 habet
1778 3890 1938 3930 evan-

350 3964 540 4035 gelicis
587 3961 972 4028 documentis;
1021 3962 1186 4018 talem
1241 3962 1430 4018 vitate.
1485 3961 1707 4018 Utinam
1752 3973 1937 4021 autem

350 4056 621 4133 Dominus
681 4056 948 4126 largiatur
973 4095 988 4119 ,
1033 4062 1094 4109 ut
1144 4054 1310 4110 etiam
1341 4056 1636 4127 aliquando
1666 4057 1725 4111 in
1765 4074 1934 4114 unum

351 4147 781 4212 conveniamus,
846 4153 910 4200 ut
963 4161 1085 4217 quae
1134 4155 1386 4201 nostrum
1448 4161 1753 4204 sermonem
1798 4148 1937 4205 effu-

349 4248 586 4311 gerunt,
664 4255 729 4296 ea
795 4254 984 4295 coram
1042 4239 1461 4311 congredientes
1538 4239 1929 4313 suppleamusl

350 4331 489 4386 Nam
531 4331 690 4387 vobis
734 4345 905 4402 pauca
959 4346 1028 4386 ex
1090 4332 1280 4387 multis
1334 4332 1680 4404 scripsimus,
1710 4334 1933 4391 modum

351 4425 599 4496 epistola:
629 4423 898 4479 excedere
933 4424 1206 4486 nolentes.
1244 4433 1360 4479 tum
1410 4426 1576 4481 etiam
1623 4427 1752 4497 quia
1806 4443 1927 4498 per-

2043 3229 2239 3302 σάρκα,
2312 3229 2450 3299 μήτε
2504 3225 2758 3279 ὑπόδικον
2818 3222 3054 3293 θανάτῳ,
3123 3219 3260 3291 μήτε
3324 3218 3626 3272 ὑπεύθυνον

2041 3321 2304 3392 ἁμαρτία.
2346 3319 2532 3373 Ταῦτά
2573 3320 2742 3379 ἐστιν,
2782 3312 3020 3385 ἀδελφοὶ,
3061 3313 3129 3367 τὰ
3165 3310 3262 3383 τῆς
3296 3309 3628 3381 Ἑκκλησίας

2043 3415 2338 3485 μυστήρια,
2379 3405 2541 3466 αὗται
2579 3410 2687 3463 τῶν
2720 3405 2983 3478 Πατέρων
3020 3406 3077 3459 αἱ
3102 3403 3455 3476 παραδόσεις.
3495 3406 3625 3455 Διαν

2043 3503 2432 3578 μαρτυρόμεθα
2456 3501 2619 3557 παντὶ
2644 3499 2915 3572 ἀνθρώπῳ
2937 3496 3256 3567 φοϐουμένῳ
3277 3495 3370 3549 τὸν
3396 3496 3627 3564 Κύριον.

2040 3602 2133 3653 καὶ
2168 3600 2348 3671 κρίσιν
2379 3595 2514 3650 Θεοῦ
2545 3594 2867 3665 ἀναμένοντι
2907 3591 3041 3664 (80),
3074 3589 3318 3658 διδαχαῖς
3352 3585 3626 3642 ποικίλαις

2043 3693 2118 3764 μὴ
2152 3688 2588 3765 παραφέρεσθαι.
2625 3688 2691 3741 Εἴ
2735 3703 2821 3748 τις
2867 3681 3374 3755 ἑτεροδιδασκαλεῖ,
3414 3680 3509 3734 καὶ
3551 3678 3626 3750 μὴ

2040 3781 2404 3855 προσέρχεται
2446 3777 2748 3848 ὑγιαίνουσι
2800 3776 2980 3844 λόγοις
3029 3773 3130 3844 τῆς
3177 3772 3439 3834 πίστεως,
3490 3770 3626 3826 ἀλλά

2039 3873 2464 3947 παρωθούμενος
2499 3870 2569 3924 τὰ
2595 3867 2690 3923 τοῦ
2720 3863 3037 3939 Πνεύματος
3070 3864 3246 3934 λόγια,
3278 3863 3380 3935 τὴν
3418 3865 3626 3918 οίκεὲαν

2037 3967 2387 4023 διδασκαλίαν
2419 3962 2757 4036 κυριωτέραν
2790 3961 2903 4031 (81)
2933 3961 3167 4013 ποιεῖται
3196 3957 3306 4011 τῶν
3334 3957 3623 4025 εὐαγγελι-

2039 4063 2150 4117 κῶν
2171 4058 2536 4132 διδαγμάτων,
2562 4053 2901 4127 φυλάσσεσθε
2934 4052 3025 4107 τὸν
3050 4049 3312 4108 τοιοῦτον.
3342 4050 3627 4122 Παράσχοι

2037 4156 2094 4210 δὲ
2121 4154 2150 4207 ὁ
2180 4153 2385 4224 Κύριος
2423 4148 2515 4205 καὶ
2544 4151 2624 4214 είς
2654 4148 2852 4202 ταυτὸν
2884 4148 3032 4219 ἡμᾶς
3064 4142 3314 4216 ἀλλήλοις
3351 4141 3627 4196 συνελθεῖν

2038 4265 2190 4302 ποτε·
2215 4245 2357 4300 ὥστε
2384 4246 2485 4298 ὅσα
2512 4243 2605 4296 τὸν
2630 4240 2787 4311 λόγον
2827 4240 2985 4312 ἡμῶν
3019 4239 3245 4309 διέφυγε
3264 4276 3280 4301 ,
3322 4234 3500 4290 ταῦτα
3538 4233 3626 4287 διὰ

2036 4339 2137 4409 τῆς
2178 4339 2299 4392 κατ’
2339 4334 2652 4405 ὀφθαλμοὺς
2703 4331 2992 4404 συντυχίας
3039 4326 3437 4400 ἀναπληρῶσαι
3475 4324 3623 4396 (89).

2036 4432 2143 4486 Καὶ
2171 4431 2280 4502 γὰρ
2311 4428 2465 4498 ὀλίγα
2495 4429 2559 4481 ὲκ
2579 4425 2789 4481 πολλῶν
2809 4426 2936 4495 ὑμῖν
2964 4421 3379 4492 ἐπεστείλαμεν.
3406 4420 3470 4473 οὐ
3501 4420 3627 4490 βου-

350 4533 577 4575 suasum
609 4517 895 4583 habemus,
951 4517 1041 4582 iis,
1076 4517 1171 4587 qui
1202 4516 1493 4573 Dominum
1547 4520 1760 4587 timent,
1795 4522 1928 4579 satis

2046 4493 2263 4597 λύμενοι
2288 4493 2675 4599 ἐξω-γενέσθαι
2701 4516 2795 4569 τοῦ
2828 4493 3024 4595 μέτρου
3062 4514 3162 4584 τῆς
3190 4514 3504 4586 ἐπιστολῆς
3534 4511 3627 4566 καὶ

347 4628 471 4669 esse
491 4612 574 4668 vel
610 4612 828 4667 brevem
854 4611 1282 4667 admonitionem

2041 4618 2159 4686 ἅμα
2197 4612 2586 4682 πεπεισμένοι,
2627 4611 2711 4663 ὅτι
2749 4612 2860 4672 τοῖς
2899 4606 3252 4678 φοϐουμένοις
3289 4608 3381 4660 τὸν
3421 4603 3627 4677 Κύριον

2042 4708 2261 4779 ἐξαρκεῖ
2287 4704 2380 4758 καὶ
2410 4705 2444 4775 ἡ
2471 4703 2537 4756 δι’
2571 4702 2766 4771 ὀλίγων
2799 4700 3123 4772 ὑπόμνησις.

419 4796 464 4828 ³⁸
487 4794 645 4849 Rom.
674 4807 794 4858 vm,
824 4793 878 4847 '5.
955 4791 1001 4823 ’θ
1024 4788 1042 4843 l
1062 4789 1206 4846 Petr.
1240 4789 1414 4857 11,22.
1487 4791 1532 4823 ³⁸
1557 4789 1715 4848 Rom.
1741 4809 1795 4858 v,
1829 4793 1896 4847 l2
1912 4812 2034 4871 sqq.

421 4917 532 4990 (76)
591 4916 1046 4990 145730613980qu
1075 4912 1247 4969 Cois].
1284 4913 1500 4990 primus
1531 4914 1925 4990 ἀποδύρασθαι.

344 4984 466 5044 Non
504 4984 849 5043 incommode
893 4984 1050 5057 reddi
1088 4992 1314 5057 posset:
1352 4984 1442 5054 qui
1469 4984 1678 5057 quidem
1709 4984 1927 5057 lugendi

345 5069 491 5120 sunt.
523 5053 1122 5129 sicqueihabuit_prioi_'
1151 5053 1563 5129 interpretatio.
1614 5053 1728 5129 Sed
1754 5053 1920 5129 Sequi

344 5130 515 5185 malui
551 5124 889 5184 simillimum
932 5124 1118 5180 Basilii
1151 5125 1332 5179 locum
1378 5124 1432 5178 in
1472 5125 1633 5195 epist.
1670 5126 1797 5188 210,
1833 5124 1927 5183 ubi

345 5200 413 5254 de
435 5200 504 5256 iis
535 5200 629 5269 qui
664 5197 1035 5269 sabellianam
1076 5196 1412 5269 impietatem
1450 5197 1811 5269 renovabant.
1846 5208 1929 5254 sic

344 5264 590 5339 loquitur
624 5285 681 5323 η.
710 5268 744 5323 5
769 5287 785 5321 :
808 5266 953 5339 μῦς,
987 5266 1080 5339 εὰν
1115 5264 1542 5339 μὴ-παύσῳντοιι
1571 5267 1754 5321 λαλεῖν
1783 5270 1927 5324 κατὰ

345 5335 478 5393 Θεοῦ
523 5339 757 5402 ἀδικίανς
795 5335 1232 5410 ὀδύρεσθαι-χρὴ
1277 5335 1416 5410 μετά
1460 5336 1571 5410 τῶν
1602 5339 1921 5410 ἀρνησιχρί-

347 5426 507 5480 στων·
544 5410 748 5476 Quibus
777 5406 1007 5480 quidem,
1052 5406 1438 5460 nisidesinant
1483 5408 1629 5480 loqui
1643 5406 1918 5480 adversus

347 5477 514 5533 Deum
546 5476 900 5549 iniquitatem,
944 5476 1225 5549 lugendum
1268 5485 1347 5531 est
1385 5493 1505 5549 cum
1535 5476 1601 5532 iis
1631 5480 1722 5547 qui
1763 5478 1921 5534 Chri-

343 5559 486 5602 stum
514 5546 724 5620 negant.
756 5549 957 5620 Ibidem
986 5546 1119 5620 editi
1140 5547 1274 5620 ῄμῖν
1305 5546 1717 5620 ἐπεισάγοντας.
1738 5550 1912 5605 Coisl.

342 5611 731 5690 uterque'cum
774 5619 993 5673 duobus
1028 5611 1213 5686 Regiis
1252 5611 1643 5690 ΔΙιειιξεηι-ὗμῖν.
1678 5611 1915 5690 Legitur
1966 5611 1973 5627 ’

344 5687 888 5810 ἓῖἱῗῖποὲλὲσὲἓὲίές
923 5700 1022 5756 pro
1057 5687 1302 5757 ταραχάς
1349 5688 1405 5740 ἱη
1445 5687 1615 5746 Coisl.
1670 5687 1915 5747 secundo

345 5768 399 5815 et
433 5758 646 5812 duobus
676 5758 880 5827 Regiis.

416 5827 528 5897 (77)
574 5830 648 5882 Τὰ
687 5824 791 5882 τοῦ
825 5826 1161 5897 ἀνθρώπου.
1196 5825 1273 5882 Ita
1310 5824 1451 5883 Med.
1497 5836 1549 5884 et
1587 5831 1757 5889 Coisl.
1802 5832 1912 5888 nri-

2028 4935 2172 4975 mus.
2208 4915 2349 4970 Editi
2377 4914 2445 4987 τά
2472 4912 2798 4987 ἀνθρώπων.

2100 4988 2214 5060 (78)
2251 4978 2765 5060 Παραδεξάλιεγοςτ
2817 4981 2923 5036 Sex
2971 4995 3106 5060 m‘ss.
3152 4978 3618 5060 παραδεχόμενος,

2027 5048 2226 5129 nempe
2256 5048 2785 5129 _Va_1ic:a_nus,_C0isl.
2823 5050 3103 5129 secundus
3139 5058 3196 5105 et
3229 5048 3481 5129 quatuor
3516 5048 3622 5103 Be-

2026 5130 2124 5200 gii.
2158 5119 2272 5185 Sed
2307 5126 2481 5183 Coisl.
2514 5126 2729 5197 primus
2757 5132 2814 5179 et
2842 5121 2984 5177 Med.
3017 5135 3145 5176 cum
3178 5119 3346 5176 editis
3378 5132 3621 5176 consen-

2026 5202 2194 5256 tiunt.

2127 5269 2217 5342 79)
2261 5265 2660 5342 Ἐξανηλὼθη.
2692 5262 2926 5342 ϐρίίίρθε
2951 5259 3208 5342 nonnulli
3239 5259 3584 5342 ἐξαναλώθη.

2125 5329 2214 5410 80)
2274 5329 2668 5410 mmmam.
2714 5334 2889 5391 Coisl.
2932 5330 3211 5390 secundus
3262 5341 3321 5386 et
3359 5329 3497 5402 Reg.
3536 5344 3621 5386 se-

2028 5408 2244 5467 cundus
2269 5408 2665 5480 διαναμένοντι.

2101 5481 2213 5553 (81)
2269 5473 2662 5553 Κυριὼτέραν.
2698 5473 2871 5533 Coisl.
2912 5473 3188 5532 secundus
3233 5487 3357 5527 cum
3381 5477 3619 5542 quatuor

2026 5549 2212 5624 Regiis
2240 5549 2664 5624 προτιμοτέραν.

2100 5612 2737 5693 (82)ᾃᾏναέτληρὧσᾳι.
2787 5615 2884 5693 ita
2908 5614 3120 5693 _C_oisl.__
3139 5612 3455 5693 pri_mus.et
3503 5620 3617 5693 tres

2026 5682 2207 5764 ne‘gii.’
2228 5691 2373 5746 Editi
2400 5682 2811 5762 ἐναπληρῶσαι.
2846 5685 3051 5742 Ibidem
3079 5682 3250 5741 ciiisl.
3294 5682 3511 5754 primus
3559 5686 3616 5737 et

2030 5764 2173 5817 Med.
2212 5763 2322 5817 ἀπὺ
2354 5761 2583 5816 πολλῶν.

2033 5761 2148 5820 Med
2160 5807 2173 5821 .
2212 5763 2322 5818 ἀπὸ
2354 5761 2583 5816 πολλῶν.
