3878 6222
299 306 409 366 977

1188 313 1688 372 EPISTOLARUM
1719 315 2007 373 CLASSIS
2045 317 2106 373 II.
2146 316 2363 373 EPIST.
2394 315 2663 374 CCLXIII.

3456 313 3558 368 978

300 422 577 494 προϐάτου
612 421 1088 494 περιϐεϐλημένοι,
1128 425 1222 478 καὶ
1262 426 1361 497 τὴν
1393 428 1715 497 ἐπιφάνειαν
1743 429 1882 499 ἣμε-

1992 445 2051 483 ac
2102 430 2338 502 speciem
2395 430 2653 486 blandam
2703 442 2815 501 pra;
2868 442 2926 483 se
2982 425 3167 483 ferunt
3223 442 3287 482 ac
3340 428 3558 498 leuem,

300 533 397 589 ρον
430 513 859 586 προϐαλλόμενοι
889 515 985 568 καὶ
1012 518 1265 587 πραεῖαν,
1303 516 1515 572 ἔνδοθεν
1539 519 1597 573 δὲ
1631 524 1881 591 σπαράσ-

302 625 490 672 σοντες
531 608 764 677 ἀφειδῶς
795 608 865 663 τὰ
896 607 989 662 τοῦ
1021 610 1256 682 Χριστοῦ
1294 613 1540 684 ποίμνια,
1576 615 1671 668 καὶ
1701 615 1790 669 διὰ
1820 617 1882 669 τὸ

300 701 363 767 ἐξ
410 701 566 773 ἡμῶν
606 701 921 773 ὡρμῆσθαι,
970 703 1208 769 εὐκόλως
1261 705 1624 776 ἐμϐάλλοντες
1679 706 1882 780 βλάϐην

299 796 415 857 τοῖς
441 793 829 867 ἁπλουστέροις
850 811 864 825 ⁸
913 787 1058 848 οὗτοί
1087 796 1226 850 εἰσιν
1265 799 1313 850 ol
1362 799 1591 869 χαλεποὶ
1622 802 1714 855 καὶ
1752 802 1881 855 δυσ-

301 885 586 955 φύλακτοι.
625 886 734 949 Οὓς
784 886 1041 959 ἀξιοῦμεν
1074 889 1226 959 παρὰ
1269 893 1371 961 τῆς
1417 892 1688 965 ὑμετέρας
1725 894 1883 966 ἀκρι-

302 977 456 1042 ϐείας
492 979 629 1050 πρὸς
683 979 864 1044 πάσας
904 980 1003 1045 τὰς
1038 982 1180 1036 κατὰ
1212 984 1311 1054 τὴν
1333 983 1621 1056 Ἀνατολὴν
1655 987 1883 1059 Ἐκκλη-

303 1068 427 1132 σίας
486 1068 946 1141 δημοσιευθῆναιο
1005 1072 1173 1145 ἴνα,ῆ
1216 1074 1702 1147 ὀρθοποδήσαντες,
1745 1094 1881 1150 γνη-

303 1161 436 1224 σίως
470 1154 571 1215 ὦσι
606 1163 704 1215 σὺν
739 1163 893 1233 ἡμῖν,
933 1163 967 1235 ἢ
1004 1164 1253 1234 μένοντες
1279 1167 1372 1219 ἐπὶ
1400 1168 1498 1239 τῆς
1528 1168 1878 1241 διαστροφῆς,

301 1254 361 1306 ὲν
391 1255 603 1318 ἑαυτοῖς
645 1253 829 1324 μόνοις
869 1256 968 1329 τὴν
1003 1254 1208 1329 βλάϐην
1259 1257 1441 1329 ἔχωσι,
1478 1260 1553 1332 μὴ
1594 1260 1882 1333 δυνάμενοι

300 1343 367 1395 ὲκ
398 1346 498 1415 τῆς
525 1344 837 1413 ἀφυλάκτου
867 1348 1153 1412 κοινωνίας
1176 1352 1276 1421 τῆς
1313 1350 1447 1416 ἰδίας
1478 1352 1633 1406 νόσου
1666 1355 1883 1425 μεταδι-

300 1433 452 1488 δόναι
498 1436 608 1504 (97)
655 1439 769 1500 τοῖς
818 1436 1231 1509 πλησιάζουσιν.
1292 1441 1529 1517 Ἀνάγκη
1574 1443 1629 1497 δὲ
1676 1445 1883 1501 τούτων

299 1524 565 1596 ὀνομαστὶ
595 1527 921 1599 μνησθῆναι,
970 1531 1057 1584 ἵνα
1100 1531 1194 1584 καὶ
1231 1532 1384 1585 αὑτοὶ
1424 1534 1729 1607 γνωρίσητε
1754 1537 1882 1604 τοὺς

298 1618 545 1690 ταραχὰς
574 1621 702 1692 παρ’
735 1623 867 1693 ἡμῖν
900 1622 1012 1694 (98)
1044 1623 1464 1698 ἐργαζομένους,
1478 1628 1570 1680 καὶ
1596 1626 1715 1694 ταῖς
1756 1628 1881 1682 Ἐκ-

299 1712 549 1786 κλησίαις
582 1714 736 1786 ήμῶν
782 1716 1014 1787 φανερὸν
1061 1721 1439 1790 καταστήσατε
1477 1720 1610 1791 (99).
1683 1724 1741 1776 'O
1781 1722 1879 1792 μὲν

300 1804 413 1879 γὰρ
447 1809 574 1879 παρ’
604 1806 763 1879 ἡμῶν
793 1808 951 1878 λόγος
988 1808 1225 1876 ὕποπτός
1251 1813 1368 1865 ἐστι
1400 1814 1512 1876 τοῖς
1539 1813 1774 1878 πολλοῖς,
1805 1816 1880 1879 ὡς

299 1898 443 1969 τάχα
471 1898 560 1953 διά
589 1917 740 1963 τινας
789 1900 1064 1965 ἰδιωτικὰς
1114 1903 1445 1972 φιλονεικίας
1486 1904 1586 1976 τὴν
1616 1906 1881 1976 μικροψυ-

300 1989 425 2060 χίαν
456 1990 594 2062 πρὸς
622 1992 819 2055 αὐτοὺς
857 1990 1127 2063 ἑλομένων
1147 2011 1159 2023 °
1210 1996 1367 2064 ὑμεῖς
1409 1994 1485 2061 δὲ,
1512 1994 1635 2048 ὅσον
1668 1993 1880 2066 μακρὰν

298 2081 481 2136 αὐτῶν
524 2083 595 2154 (1)
641 2084 1015 2154 ἀπῳκισμένοι
1067 2087 1385 2155 τυγχάνετε,
1434 2084 1671 2157 τοσούτῳ
1722 2086 1883 2140 πλέον

297 2172 455 2246 παρὰ
483 2177 594 2239 τοῖς
632 2174 781 2240 λαοῖς
831 2177 891 2229 τὸ
936 2176 1249 2243 ἀξιόπιστον
1282 2179 1457 2250 ἔχετε,
1504 2179 1640 2252 πρὸς
1667 2178 1746 2249 τῷ
1786 2178 1881 2232 καὶ

296 2265 399 2338 τὴν
430 2266 580 2340 παρὰ
624 2267 716 2320 τοῦ
751 2266 885 2321 Θεοῦ
920 2270 995 2340 (2)
1032 2269 1192 2342 χάριν
1236 2269 1586 2339 συναίρεσθαι
1627 2272 1755 2342 ὑμῖν
1801 2272 1879 2335 εἰς

297 2358 399 2429 τὴν
431 2359 571 2431 ὑπὲρ
603 2359 710 2414 τῶν
742 2362 1230 2432 καταπονουμένων
1275 2363 1615 2433 ἐπιμέλειαν.
1666 2364 1790 2415 Ἐὰν
1822 2362 1880 2416 δὲ

300 2450 397 2504 καὶ
438 2449 744 2521 συμφώνως
773 2452 1017 2515 πλείονες
1045 2451 1180 2524 ὁμοῦ
1214 2452 1283 2506 τὰ
1322 2453 1459 2508 αὑτὰ
1492 2453 1877 2524 δογματίσητε,

297 2539 477 2613 δῆλον,
514 2542 595 2594 ὅτι
638 2542 700 2595 τὸ
745 2542 946 2609 πλῆθος
988 2542 1097 2596 τῶν
1139 2543 1584 2613 δογματισάντων
1630 2544 1882 2616 ἀναντίρ-

301 2633 466 2703 ρητον
513 2634 649 2686 πᾶσι
707 2633 805 2706 τὴν
852 2634 1164 2708 παραδοχὴν
1211 2636 1612 2689 κατασκευάσει
1660 2636 1753 2687 τοῦ
1794 2635 1881 2689 δό-

295 2737 530 2793 γματος.

371 2813 425 2867 5.
471 2814 628 2868 Ἔστι
658 2816 838 2871 τοίνυν
870 2811 950 2881 εἷς
985 2816 1096 2871 τῶν
1136 2818 1335 2890 πολλὴν
1371 2821 1502 2889 ἡμῖν
1537 2837 1878 2874 κατασκευα-

297 2902 502 2969 ζόντων
544 2907 620 2977 (5)
654 2907 831 2979 λύπην
876 2909 1173 2973 Εὑστάθιος
1221 2912 1249 2963 ὁ
1294 2913 1359 2964 ὲκ
1403 2911 1506 2982 τῆς
1554 2912 1880 2979 Σεϐαστείας

296 2993 400 3064 τῆς
432 2996 574 3049 κατὰ
605 2996 703 3068 τὴν
738 2998 940 3069 μικρὰν
980 3000 1303 3070 Ἀρμενίαν·
1353 3000 1433 3066 ὃς,
1483 3001 1652 3055 πάλαι
1702 3003 1879 3075 μαθη-

296 3086 510 3150 τευθεὶς
559 3087 637 3157 τῷ
697 3089 908 3160 Ἀρείῳ,
960 3090 1055 3145 καὶ
1100 3092 1190 3144 ὅτε
1241 3091 1316 3163 (4)
1368 3092 1614 3163 ἤκμαζεν
1657 3094 1749 3146 ἐπὶ
1781 3093 1949 3178 τῆςῦ

312 3177 747 3253 ’Δλεξανδρείας,
797 3181 894 3244 τὰς
936 3182 1179 3254 πονηρὰς
1212 3184 1355 3237 κατὰ
1401 3183 1494 3237 τοῦ
1543 3184 1880 3253 Μονογενοῦς

301 3270 573 3333 συντιθεὶς
621 3272 985 3344 βλασφημίας,
1020 3275 1329 3329 ἀκολουθῶν
1374 3275 1587 3346 ἐκείνῳ,
1628 3277 1721 3331 καὶ
1770 3279 1881 3340 τοῖς

295 3365 695 3435 γνησιωτάτοις
759 3366 925 3420 αὑτοῦ
976 3367 1087 3420 τῶν
1156 3368 1413 3439 μαθητῶν
1477 3368 1880 3440 ἐναριθμούμε-

296 3471 391 3518 νος
416 3457 517 3526 (5),
553 3457 740 3529 ἐπειδὴ
775 3457 1077 3529 ἐπανῆλθεν
1107 3459 1186 3523 είς
1217 3459 1314 3531 τὴν
1353 3461 1569 3523 ἑαυτοῦ,
1595 3459 1673 3531 τῷ
1705 3478 1881 3531 μακα-

300 3546 555 3619 ριωτάτῳ
597 3548 881 3619 ἐπισκόπῳ
927 3548 1001 3620 (6)
1042 3550 1359 3621 Ἑρμογένει
1402 3550 1479 3622 τῷ
1520 3553 1877 3623 Καισαρείας,

296 3637 543 3708 κρίνοντι
587 3639 751 3692 αὑτὸν
792 3640 887 3692 ἐπὶ
918 3643 983 3712 τῇ
1029 3642 1339 3713 κακοδοξίᾳ,
1380 3641 1669 3713 ὁμολογίαν
1711 3643 1880 3695 ἔδωκε

301 3727 541 3791 πίστεως
577 3728 780 3798 ὑγιοῦς.
828 3729 938 3784 Καὶ
970 3730 1112 3784 οὑτω
1140 3731 1237 3803 τὴν
1288 3731 1620 3802 χειροτονίαν
1666 3733 1757 3784 ὑπ’
1785 3731 1882 3786 αὑ-

296 3820 397 3875 τοῦ
438 3820 726 3893 δεξάμενος
760 3821 854 3891 (7),
912 3822 1049 3893 μετά
1074 3823 1173 3895 τὴν
1203 3824 1410 3876 ἐκείνου
1447 3824 1702 3896 κοίμησιν
1740 3822 1877 3897 πρὸς

296 3913 393 3967 τὸν
421 3914 514 3968 ἐπὶ
538 3914 637 3985 τῆς
668 3916 1287 3979 Κωνσταντινουπὸλεως
1320 3917 1580 3970 Εὑσέϐιον
1623 3917 1875 3989 ἔδραμεν,

297 4005 515 4071 οὐδενὸς
566 4007 783 4062 ἔλαττον
822 4007 915 4060 καὶ
946 4006 1108 4059 αὑτὸν
1154 4006 1214 4059 τὸ
1256 4007 1516 4072 δυσσεϐὲς
1559 4008 1734 4079 δόγμα
1783 4008 1879 4062 τοῦ

316 4097 525 4167 Ἀρείου
578 4096 963 4162 πρεσϐεύοντα.
1015 4093 1148 4151 Εἶτα
1210 4097 1419 4152 ἐκεῖθεν
1474 4099 1562 4153 διὰ
1621 4100 1739 4163 οἵας
1788 4100 1882 4172 δή·

302 4204 439 4242 ποτε
473 4188 550 4258 (8)
594 4188 772 4253 αἰτίας
812 4188 1123 4252 ἀπελαθεὶς,
1166 4188 1334 4244 ἐλθὼν
1361 4193 1475 4254 τοῖς
1518 4192 1610 4245 επ).
1644 4191 1744 4261 τῆς
1777 4208 1882 4245 πα-

302 4277 482 4349 τρίδος
530 4278 905 4350 ἀπελογήσατο
954 4279 1148 4333 πάλιν·
1186 4279 1248 4332 τὸ
1301 4280 1399 4350 μὲν
1445 4280 1702 4343 δυσσεϐὲς
1760 4284 1879 4334 ἐπι-

302 4365 678 4437 κρυπτόμενος
725 4368 999 4439 φρόνημα,
1054 4367 1316 4441 ῥημάτιον
1357 4368 1414 4423 δέ
1446 4386 1567 4422 τινα
1610 4369 1873 4440 ὀρθότητα

1985 523 2133 577 intus
2188 540 2320 579 vero
2366 523 2639 578 dilaniant
2673 521 2973 577 crudeliter
3035 520 3243 577 Christi
3304 536 3553 592 gregem,

1982 620 2035 667 et
2067 625 2351 683 propterea
2393 612 2538 685 quod
2578 629 2646 668 ex
2697 612 2859 668 nobis
2915 611 3095 666 exorti
3150 617 3319 678 sunt,
3400 611 3559 666 facile

1983 704 2280 773 perniciem
2328 702 2572 758 inferunt
2607 702 3043 774 simplicioribus
3076 720 3091 769 ;
3156 702 3210 756 bi
3264 710 3429 766 sunt,
3464 702 3559 771 qui

1985 795 2287 850 molestiam
2355 795 2663 859 exhibent,
2720 810 2784 848 ac
2860 808 3004 865 aegre
3078 793 3236 848 vitari
3306 800 3556 864 possunt.

1984 887 2095 944 llos
2154 903 2412 959 rogamus
2464 898 2522 943 ut
2551 897 2732 944 vestra
2787 888 3068 958 diligentia
3119 887 3376 942 omnibus
3437 884 3562 940 Ori-

1983 981 2126 1035 entis
2175 979 2436 1036 Ecclesiis
2486 980 2795 1043 denuntiet,
2865 988 2942 1045 ut,
3007 988 3104 1033 aut
3174 987 3380 1034 rectam
3419 977 3559 1031 viam

1984 1069 2220 1141 ingressi
2290 1070 2504 1126 sincere
2570 1077 2865 1126 versentur
2936 1069 3249 1136 nobiscum,
3328 1076 3443 1132 aut,
3512 1067 3561 1122 si

1984 1159 2040 1215 in
2090 1176 2189 1214 sua
2244 1167 2604 1229 permaneant
2674 1161 3060 1231 perversitate,
3149 1160 3409 1215 damnum
3477 1161 3563 1214 in-

1984 1260 2068 1307 tra
2125 1268 2185 1308 se
2218 1256 2367 1310 solos
2425 1256 2767 1319 contineant,
2828 1270 2930 1309 nec
2964 1255 3178 1325 possint
3223 1269 3288 1309 ex
3341 1255 3562 1309 incauta

1984 1345 2370 1400 communione
2419 1345 2669 1399 morbum
2704 1361 2866 1400 suum
2915 1361 3040 1400 cum
3094 1345 3361 1416 proximis
3412 1361 3563 1399 com-

1984 1435 2290 1492 municare.
2347 1435 2585 1493 Necesse
2635 1449 2721 1492 est
2755 1447 2937 1491 autem
2984 1437 3182 1492 horum
3240 1438 3562 1492 nominatim

1985 1528 2300 1583 meminisse
2330 1567 2345 1593 ,
2402 1536 2462 1583 ut
2497 1536 2551 1583 et
2593 1528 2696 1600 ipsi
2753 1529 3103 1600 cognoscatis
3160 1545 3255 1585 eos
3307 1531 3401 1599 qui
3448 1539 3565 1583 tur-

1986 1617 2083 1672 bas
2141 1620 2285 1689 apud
2318 1633 2420 1674 nos
2468 1626 2732 1683 movent,
2784 1634 2989 1689 eosque
3042 1619 3254 1675 nostris
3300 1619 3564 1675 Ecclesiis

1986 1710 2309 1766 manifestos
2362 1710 2543 1767 facite.
2593 1709 2729 1765 Nam
2793 1727 2976 1767 sermo
3028 1720 3220 1771 noster
3276 1721 3563 1783 suspectus

1981 1811 2066 1855 est
2122 1802 2412 1872 pluribus,
2461 1804 2620 1873 quasi
2681 1803 2824 1859 forte
2879 1805 2950 1858 ob
2998 1804 3243 1873 privatas
3296 1805 3561 1875 quasdam

1984 1895 2286 1950 simultates
2317 1896 2442 1951 exili
2500 1903 2555 1951 et
2601 1896 2792 1967 jejuno
2851 1896 2908 1951 in
2976 1897 3104 1953 illos
3142 1898 3326 1952 animo
3365 1899 3559 1954 simus.

1984 1984 2094 2041 Vos
2143 2000 2273 2040 vero
2324 1994 2531 2056 quanto
2583 1987 2654 2040 ob
2716 1986 2828 2041 illis
2886 1987 3104 2057 longius
3143 1987 3362 2058 degitis,
3411 1994 3565 2041 tanto

1982 2077 2245 2147 majorem
2277 2077 2419 2148 apud
2452 2078 2683 2148 populos
2713 2078 2926 2133 habetis
2965 2079 3351 2134 auctoritatem
3381 2121 3397 2146 ,
3425 2096 3564 2150 prte-

1984 2176 2230 2237 terquam
2282 2168 2428 2237 quod
2483 2167 2572 2222 Dei
2620 2169 2782 2223 etiam
2835 2170 3007 2239 gratia
3056 2184 3152 2225 vos
3210 2168 3433 2240 adjuvat
3493 2170 3562 2226 ad

1983 2259 2413 2314 succurrendum
2472 2260 2540 2315 iis
2596 2261 2689 2331 qui
2751 2270 3040 2317 vexantur.
3083 2261 3239 2328 Quod
3297 2264 3343 2318 si
3395 2263 3561 2318 etiam

1982 2354 2241 2407 concordi
2277 2354 2462 2408 animo
2498 2354 2686 2424 plures
2741 2354 2905 2409 simul
2953 2356 3141 2410 eadem
3206 2355 3516 2411 decernetis
3543 2396 3559 2421 ,

1982 2447 2326 2515 perspicuum
2342 2446 2835 2502 estmultitudinem
2865 2446 3272 2502 decernentium
3306 2448 3563 2504 omnibus

1983 2554 2384 2608 persuasuram,
2422 2547 2480 2593 ut
2509 2538 2789 2595 decretum
2814 2538 2954 2593 citra
2981 2540 3414 2596 controversiam
3438 2556 3563 2597 sus-

1981 2631 2205 2700 cipiaut.

2049 2815 2084 2869 5
2157 2814 2251 2870 Est
2289 2816 2469 2885 itaque
2525 2831 2667 2871 unus
2706 2832 2771 2871 ex
2812 2816 2880 2871 iis
2906 2856 2923 2882 ,
2975 2816 3069 2888 qui
3112 2816 3271 2873 nobis
3328 2817 3560 2884 multum

1981 2907 2233 2962 exhibent
2321 2908 2629 2973 molestiae,
2686 2906 3008 2964 Eustathius
3074 2925 3141 2964 ex
3207 2908 3455 2963 Sebastia
3504 2909 3561 2963 in

1980 3000 2192 3054 minore
2225 3000 2474 3053 Armenia
2510 3037 2525 3062 ,
2561 3001 2654 3071 qui
2703 3001 2831 3055 olim
2885 2999 3115 3057 edoctus
3159 3002 3228 3056 ab
3288 3000 3419 3055 Ario
3448 3042 3462 3063 ,
3508 3008 3562 3056 et

1981 3105 2104 3144 cum
2157 3091 2202 3147 is
2234 3092 2449 3145 lloreret
2477 3090 2820 3145 Alexandria:
2878 3105 3077 3161 pravas
3121 3092 3174 3145 in
3208 3088 3562 3161 Unigenitum

1984 3193 2308 3237 construens
2363 3181 2764 3251 blasphemias,
2826 3196 2948 3237 eum
2979 3190 3239 3243 secutus,
3270 3180 3435 3252 406
3479 3188 3563 3233 at-

1982 3288 2098 3343 que.
2136 3273 2277 3326 inter
2324 3271 2777 3341 germanissimos
2829 3270 2980 3326 illius
3017 3269 3322 3341 discipulos
3353 3284 3563 3324 nume-

1982 3370 2137 3417 ratus
2162 3402 2178 3427 ,
2248 3370 2603 3432 posteaquam
2647 3360 2811 3417 rediit
2841 3362 2901 3416 in
2931 3361 3167 3431 patriam
3191 3400 3205 3425 ,
3238 3361 3563 3417 beatissimo

1979 3454 2241 3510 Caesareae
2272 3456 2531 3526 episcopo
2572 3453 2921 3524 Hermogeni,
2979 3454 3159 3523 ipsum
3217 3453 3290 3507 ob
3340 3468 3563 3523 pravam

1981 3548 2287 3603 doctrinam
2349 3547 2780 3612 condemnanti,
2847 3545 3252 3602 confessionem
3293 3560 3442 3601 sana:
3494 3545 3563 3600 lia

1980 3640 2067 3694 dei
2121 3640 2339 3693 obtulit.
2383 3640 2562 3709 Atque
2612 3640 2689 3693 ita
2735 3637 2804 3693 ab
2863 3638 2985 3708 ipso
3051 3636 3333 3693 ordinatus
3367 3678 3382 3703 ,
3438 3647 3561 3709 post

1981 3732 2128 3787 illius
2156 3731 2540 3786 dormitiouein
2594 3730 2782 3786 statim
2820 3730 2889 3784 ad
2943 3729 3242 3786 Eusebium
3285 3730 3561 3787 Constan-

1981 3822 2399 3892 tinopolitanum
2447 3821 2736 3888 accurrit,
2775 3822 2868 3890 qui
2901 3828 2954 3876 et
3005 3821 3126 3890 ipse
3173 3821 3381 3881 nemini
3426 3836 3561 3875 con-

1980 3916 2209 3971 cedebat
2266 3916 2322 3970 in
2372 3916 2539 3985 impio
2591 3914 2707 3969 Arii
2767 3914 3019 3984 dogmate
3072 3914 3298 3968 tuendo.
3354 3911 3561 3968 Deinde

1981 4011 2110 4066 hinc
2156 4011 2228 4064 ob
2278 4010 2489 4080 aliquas
2549 4022 2792 4075 causas,
2839 4022 3185 4078 quaecunque
3241 4006 3347 4061 illa:
3411 4008 3556 4071 sint,

1980 4104 2264 4175 expulsus,
2303 4116 2429 4157 cum
2489 4101 2557 4155 ad
2621 4115 2753 4156 suos
2813 4100 3108 4171 populares
3139 4099 3382 4155 venisset
3410 4137 3425 4161 ,
3457 4100 3560 4155 ite-

1980 4210 2102 4249 rum
2153 4210 2275 4251 sese
2331 4194 2623 4265 purgavit,
2682 4193 2908 4264 impiam
2987 4191 3208 4261 quidem
3273 4193 3560 4249 occultans

1981 4286 2338 4351 sententiam;
2369 4286 2424 4340 in
2463 4285 2647 4341 verbis
2681 4295 2862 4340 autem
2898 4284 3034 4341 recti
3085 4283 3292 4355 aliquid
3321 4292 3376 4341 et
3403 4300 3559 4340 accu-

1979 4379 2084 4434 rati
2116 4393 2229 4449 pra:
2270 4394 2330 4434 se
2383 4377 2586 4435 ferens.
2646 4376 3035 4447 Episcopatum
3092 4375 3234 4432 forte
3287 4377 3556 4447 adeptus,

304 4457 742 4530 προϐαλλόμενος
772 4459 866 4578 (9)..
905 4459 1017 4515 Καὶ
1060 4461 1238 4532 τυχὼν
1282 4461 1379 4533 τῆς
1428 4462 1754 4533 ἐπισκοπῆς,
1803 4464 1879 4527 ὡς

1992 4469 2132 4525 illico
2185 4468 2519 4539 comperitur
2594 4466 3116 4522 anathematismum
3188 4467 3557 4520 consubstan—

300 4610 491 4734 6,332
524 4611 932 4672 Μεταδιδόναι.
977 4613 1144 4672 Coisl.
1187 4616 1396 4687 primus
1437 4626 1491 4671 et
1525 4616 1662 4673 Med.
1713 4635 1878 4688 μετα-

366 4698 465 4734 υνα
471 4699 506 4734 ι.

379 4751 491 4821 (98)
529 4753 672 4819 Hap’
706 4752 869 4821 ἡμῖν.
900 4752 1044 4810 Editi
1096 4755 1304 4811 addunt
1346 4759 1436 4810 καὶ
1484 4758 1553 4815 τὰ
1585 4760 1875 4817 σκάνδαλα.

303 4820 464 4886 Quod
495 4820 919 4877 additamentum
950 4826 1104 4879 deest
1131 4828 1183 4879 in
1213 4834 1336 4879 octo
1370 4843 1504 4882 mss.

379 4891 491 4960 (99)
514 4893 778 4969 φανερῷ
803 4894 1239 4969 καταστήσητε.
1259 4895 1484 4969 Videtur
1509 4900 1678 4968 prima
1701 4900 1881 4969 specie

304 4964 617 5040 accuratior
653 4962 935 5040 editorum
985 4966 1161 5040 lectio-
1178 4968 1442 5040 φανεροὺς
1482 4962 1875 5040 καταστήσητε.

307 5029 416 5085 Sed
434 5037 611 5086 tamen
633 5031 913 5089 discedere
928 5050 1037 5089 non
1057 5029 1276 5090 libet'ab
1296 5029 1617 5092 auctoritate
1643 5029 1767 5092 υιεὶο
1781 5029 1880 5095 ’νε-

304 5108 485 5155 terum
511 5102 814 5179 _librorum,
847 5118 971 5179 cum
1004 5107 1305 5176 praesertim
1351 5122 1539 5179 eorum
1587 5110 1879 5179 scriptura,

303 5171 565 5244 quam_in
590 5180 751 5244 (textu
784 5171 1086 5244 posuimus,
1137 5176 1423 5230 commodo
1454 5192 1617 5233 sensu
1662 5171 1766 5232 nou
1795 5171 1882 5234 ca;

302 5238 444 5318 ﬂeat.
468 5238 694 5318 Regitur
720 5238 886 5318 etiam
914 5239 1144 5318 φανερόν
1182 5247 1236 5300 in
1268 5247 1507 5318 editione
1536 5246 1740 5317 Hagan.
1772 5249 1880 5303 lbi—

303 5309 429 5388 dem
466 5309 763 5388 Mhedicaeus
788 5309 959 5388 codex
971 5309 1099 5388 cum
1120 5318 1296 5372 tribus
1322 5313 1508 5385 Regiis
1536 5309 1881 5388 ‘Eixlnctat;

304 5378 480 5451 ὑμῶν.
498 5379 796 5457 Sed_magis
819 5384 994 5454 placet
1016 5387 1232 5456 vulgata
1244 5378 1530 5456 scriptura.
1552 5378 1880 5457 Supra'euiui
1952 5394 1957 5401 ’

306 5460 573 5529 cogantur
600 5451 996 5529 Qccidentales,
1024 5464 1084 5511 ut
1113 5451 1378 5529 ejusmodi
1414 5451 1657 5513 homines
1689 5458 1880 5517 Orien-

304 5520 393 5576 tis'
412 5520 669 5577 Ecclesiis
707 5524 1047 5582 denuntient.

406 5592 458 5661 1)
490 5592 747 5679 λῌαθξράζ
771 5594 1204 5679 ,ιξύτῶνλ-ῼοὶει.
1220 5598 1548 5679 ~pritnu‘s_e_t
1583 5598 1716 5679 Med.
1774 5616 1878 5679 ματ
1961 5621 1967 5629 ι

308 5664 447 5742 κρὰν
474 5664 679 5742 αὑτοῖς..
709 5664 909 5720 Ibidem
933 5667 1064 5742 editi
1090 5664 1360 5742 τοσοῦτον.
1389 5669 1565 5742 Coisl.
1598 5664 1803 5742 primus
1828 5678 1880 5742 et

307 5741 421 5790 tres
449 5734 541 5789 alii
577 5735 713 5793 utin
742 5741 908 5792 textu.
949 5737 1068 5795 Mox
1096 5740 1311 5796 codices
1347 5734 1766 5811 nunuulli‘rrpb;
1796 5739 1875 5799 τά.

2052 4619 2129 4688 (9.)
2161 4619 2325 4685 Παρὰ
2347 4619 2452 4671 τοῦ
2484 4619 2650 4689 Θεοῦ.
2686 4617 2846 4673 Deest
2871 4618 3184 4689 praepositio
3208 4617 3456 4689 inCoisl.
3501 4619 3551 4672 l.

2054 4690 2126 4757 (5)
2152 4687 2741 4759 Κιιτασκευιιζόντων.
2774 4690 2847 4743 Ita
2871 4687 3004 4745 mss}
3036 4696 3181 4744 octo.
3208 4687 3350 4742 Editi
3379 4705 3555 4759 παρα-

1983 4758 2373 4822 σκευαςόντων.

2074 4828 2127 4897 4)
2156 4829 2266 4883 Καὶ
2291 4828 2408 4881 ὅτε.
2443 4827 2770 4897 Coujunctio
2797 4827 2982 4882 addita
3009 4844 3075 4883 ex
3106 4843 3201 4882 sex
3229 4843 3362 4882 mss.

2077 4900 2129 4971 .5)
2163 4896 2709 4971 Ἐναριθμούμὲνος.
2731 4896 2808 4955 Ita
2832 4906 3115 4971 octoimss.
3140 4897 3350 4971 Editiév
3370 4900 3548 4960 τοῖς...

1980 4966 2406 5040 ἀριθμούμενος,
2432 4977 2657 5048 excepta
2700 4975 2882 5023 tamen
2911 4968 3153 5023 editione
3191 4966 3397 5039 Hagan.
3431 4983 3551 5036 quae

1981 5055 2104 5095 cum
2145 5052 2278 5092 11188.
2308 5046 2600 5093 ροηεειιιίι.

2052 5109 2128 5178 (6)
2180 5106 2727 5178 Ἐπισκόπῳηρεεει
2755 5122 2819 5161 ea
2843 5123 2949 5178 vox
2976 5108 3030 5162 in
3058 5106 3246 5163 codice
3270 5105 3545 5178 Medicam.

2052 5176 2129 5248 (7)
2161 5176 2508 5246 Δεξάμενος.
2546 5176 2644 5232 llic
2671 5177 2803 5234 editi
2823 5177 3028 5248 addunt
3058 5178 3371 5242 Εὑστάθιος,
3405 5177 3551 5245 quod

1983 5246 2177 5304 melius
2229 5248 2439 5317 abesta
2490 5248 2771 5303 codicibus
2827 5246 2975 5301 Harl.
3022 5256 3078 5302 et
3132 5248 3300 5304 Coisl.
3348 5250 3547 5317 primo.

1982 5318 2150 5373 Paulo
2187 5325 2310 5386 post
2342 5316 2627 5372 Medicaeus
2667 5317 2839 5371 codex
2866 5319 2925 5370 ὲν
2962 5316 3547 5377 Κωνσταντινουπόλει,

2156 5387 2268 5471 9ςίιί
2292 5388 2424 5471 οἵας
2461 5387 2701 5471 δήποξε.
2724 5387 2819 5471 _lta
2849 5386 2988 5471 Med.
3026 5388 3280 5471 (προίει.
3316 5388 3545 5471 primus.

1968 5457 2124 5513 ‘Editi
2152 5459 2217 5512 δι’
2245 5457 2311 5522 ἃς
2357 5457 2574 5528 δήποτε.
2608 5457 2781 5514 Paulo
2816 5465 2941 5528 post
2974 5459 3026 5512 in
3068 5458 3238 5513 Coisl.
3286 5457 3462 5528 primo
3495 5467 3551 5515 et

1982 5530 2105 5585 aliis
2147 5528 2422 5584 nonnullis
2469 5529 2669 5599 legitur
2698 5528 3094 5600 ᾁπελογήσατο,
3121 5529 3294 5600 πάλιν
3335 5529 3414 5591 τό,
3442 5542 3547 5585 etc.

2054 5600 2129 5671 (9)
2161 5598 2668 5671 Πρρϐαλλόμένος.
2698 5598 2777 5653 lla
2808 5598 2940 5671 mss.
2971 5615 3084 5655 sex.
3115 5599 3252 5653 Editi
3277 5600 3552 5670 προσϐαλρ

1981 5667 2224 5798 λόμενῗς.
2247 5668 2417 5796 lPaulo
2443 5667 2563 5743 post
2599 5671 2727 5726 cditi
2754 5667 2998 5741 φαίνεται
3023 5671 3249 5744 γράψαι.
3279 5667 3381 5727 sex
3415 5687 3546 5731 mss.

1983 5750 2041 5798 ut
2068 5758 2125 5799 tu
2176 5756 2240 5799 ex
2271 5757 2321 5797 u.
