3878 6222
347 323 452 380 979

1752 329 1809 384 S.
1846 327 2090 383 BASILII
2131 327 2344 385 MAGNI

3513 323 3613 380 980

349 439 500 494 tralis
550 437 912 509 scripsissein
949 440 1236 514 Ancyrana
1284 440 1514 513 synodo,
1556 456 1677 513 quae
1716 442 1784 497 ab
1850 442 1932 512 ip-

2049 442 2242 511 ἔτυχεν,
2276 441 2437 503 εὐθὺς
2477 440 2724 510 φαίνεται
2770 439 2986 510 γράψας
3031 437 3476 508 ἀναθεματισμον
3512 437 3608 489 τοῦ

350 531 432 588 sis
478 530 801 587 habebatur.
862 530 1001 586 Hinc
1066 542 1246 588 autem
1297 549 1421 587 cum
1474 531 1779 588 Seleuciam
1837 548 1930 590 ve-

349 625 564 692 nisset,
603 639 666 679 ea
700 623 872 695 gessit
909 638 1036 679 cum
1086 641 1199 680 suae
1247 626 1536 680 sententia:
1579 625 1931 680 consortibus

353 729 476 786 qua:
504 730 697 770 omnes
729 723 955 770 norunt.
986 715 1465 786 Constantinopoli
1516 724 1695 771 autem
1733 715 1932 771 iterum

355 821 621 862 assensus
656 814 742 862 est
781 807 850 862 iis
881 822 1002 879 quae
1035 807 1103 862 ab
1167 807 1438 863 haereticis
1493 807 1769 877 proposita
1815 806 1932 863 fue-

352 907 505 954 runt.
571 899 749 967 Atque
788 899 862 952 ita
911 913 977 953 ex
1011 899 1329 972 episcopatu
1383 899 1616 969 ejectus,
1681 907 1933 967 propter—

354 1005 420 1044 ea
455 989 601 1062 quod
632 998 792 1046 antea
833 989 1086 1046 Melitinae
1113 991 1396 1061 depositus
1427 998 1593 1057 esset,
1648 990 1791 1044 hanc
1829 988 1932 1044 sibi

354 1084 721 1138 restitutionis
768 1084 911 1138 viam
976 1085 1224 1149 invenit,
1260 1092 1319 1138 ut
1379 1082 1447 1136 ad
1478 1099 1576 1139 vos
1622 1098 1681 1140 se
1716 1081 1935 1137 confer-

352 1183 457 1229 ret.
493 1173 754 1240 Quaenam
786 1183 970 1230 autem
997 1177 1046 1231 ei
1081 1176 1360 1250 proposita
1409 1174 1609 1230 fuerint
1651 1189 1680 1228 a
1728 1175 1932 1229 beatis-

353 1267 496 1320 simo
556 1267 816 1341 episcopo
875 1267 1134 1332 Liberio,
1169 1275 1224 1323 et
1284 1267 1614 1338 quibusnam
1671 1281 1932 1325 assensus

354 1359 447 1423 sit,
507 1359 849 1429 ignoramus,
905 1360 1015 1415 nisi
1048 1361 1194 1435 quod
1229 1359 1516 1430 epistolam
1567 1359 1770 1423 attulit,
1811 1374 1933 1429 qum

353 1468 479 1506 eum
529 1453 880 1518 restituebat,
921 1468 1091 1523 eaque
1133 1461 1355 1508 ostensa
1387 1452 1624 1507 concilio
1658 1451 1931 1524 Tyanensi

355 1546 413 1600 in
459 1561 618 1601 suum
659 1547 840 1602 locum
890 1546 1176 1602 restitutus
1219 1554 1321 1600 est.
1357 1543 1459 1600 Hic
1509 1560 1654 1599 nunc
1691 1545 1933 1616 depopu-

355 1638 502 1692 latur
557 1639 716 1694 ﬁdem
745 1640 915 1705 illam,
940 1639 1011 1694 ob
1046 1654 1212 1710 quam
1259 1647 1549 1710 susceptus
1590 1646 1672 1695 est
1703 1677 1719 1702 ,
1768 1645 1934 1708 atque

2029 531 2336 600 όμοουσίου,
2369 533 2427 583 ἐν
2475 529 2554 600 τῷ
2596 531 2738 584 κατὰ
2778 530 3052 600 Ἀγκύραν
3099 528 3378 598 γενομένῳ
3425 527 3607 591 αὐτοῖς

2033 619 2296 689 συλλόγῳ.
2340 618 2608 672 Κάκεῖθεν
2654 619 2746 672 ἐπὶ
2787 618 2886 688 τὴν
2937 618 3252 670 Σελεύκειαν
3289 616 3484 680 ἐλθὼν,
3528 615 3605 669 δέ-

2028 711 2193 783 δρακε
2225 711 2336 781 (10)
2373 710 2512 780 μετά
2539 709 2647 763 τῶν
2672 709 2865 763 ἑαυτοῦ
2900 708 3168 780 ὁμοδόξων
3197 708 3235 762 ἃ
3260 709 3465 772 πάντες
3492 709 3596 762 ἶσαι

2033 821 2138 859 σιν.
2201 805 2287 858 Ἐν
2325 805 2382 859 δὲ
2422 805 2489 876 τῇ
2535 803 3101 857 Κωνσταντινουπόλει
3148 803 3405 857 συνέθετο
3450 802 3610 856 πάλιν

2031 899 2143 962 τοῖς
2170 897 2279 951 ἀπὸ
2305 896 2412 951 τῶν
2441 896 2732 968 αίρετικῶν
2775 897 3109 967 πρπαθεῖσι.
3143 897 3256 950 Ka‘t
3289 895 3469 959 οὕτως
3504 897 3612 949 άπ-

2034 986 2247 1050 ελαθεὶς
2276 985 2378 1056 τῆς
2409 985 2736 1056 ἐπισκοπῆς,
2763 985 2852 1039 διὰ
2893 985 2956 1038 τὸ
3001 987 3059 1039 ἐν
3088 987 3155 1055 τῇ
3187 985 3452 1056 Μελιτινῇ
3498 985 3611 1055 (ll)

2034 1075 2525 1148 προκαθῃρῆσθαι,
2571 1077 2687 1131 ὁδὸν
2734 1075 2912 1147 ἐαυτῷ
2968 1075 3068 1145 τῆς
3113 1075 3612 1138 ἀποκαταστάσεως

2034 1171 2296 1244 ἐπενόησε
2328 1170 2427 1242 τὴν
2453 1171 2528 1234 ὼς
2563 1173 2706 1242 ὑμᾶς
2739 1169 2942 1239 ἄφιξιν.
2976 1169 3086 1222 Καὶ
3115 1168 3238 1222 τίνα
3267 1169 3368 1239 μέν
3396 1170 3548 1222 ἐστιν
3577 1168 3612 1222 ά

2035 1263 2312 1338 προετάθη
2356 1262 2507 1334 αὐτῷ
2547 1262 2699 1334 παρὰ
2732 1262 2826 1315 τοῦ
2858 1261 3278 1332 μακαριωτάτου
3313 1261 3613 1314 ἐπισκόπου

2036 1355 2308 1427 Λιϐερίου,
2338 1357 2460 1410 τίνα
2489 1356 2547 1410 δέ
2578 1355 2614 1409 ἃ
2640 1354 2801 1418 αὐτὸς
2826 1353 3097 1420 συνέθετο,
3120 1351 3454 1422 ἀγνοοῦμεν,
3478 1351 3618 1419 πλὴν

2034 1450 2116 1502 ὅτι
2167 1449 2454 1520 ἐπιστολὴν
2506 1449 2762 1519 ἐκόμισεν
2811 1446 3266 1502 ἁποκαθιστῶσαν
3316 1444 3506 1508 αὐτὸν,
3551 1446 3618 1514 ἣν

2036 1540 2307 1607 ἐπιδείξας
2353 1543 2420 1612 τῇ
2473 1540 2614 1594 κατά
2648 1541 2834 1594 Τύανα
2888 1539 3113 1610 συνόδῳ,
3146 1537 3499 1607 ἀποκατέστη
3541 1535 3617 1607 τῷ

2036 1642 2207 1712 τόπῳ.
2254 1634 2422 1705 υῦτος
2449 1641 2545 1694 νῦν
2586 1640 2778 1712 πορθεῖ
2813 1640 2912 1711 τὴν
2943 1640 3124 1694 πίστιν
3166 1638 3409 1710 ἐκείνην,
3454 1639 3540 1707 ἐφ’

359 1744 472 1783 una
520 1744 644 1784 cum
678 1730 746 1785 iis
773 1738 880 1795 est,
920 1730 1015 1801 qui
1055 1729 1528 1786 consubstantiale
1568 1728 1934 1785 anathemati-

2049 1731 2255 1803 ἐδέχθη,
2289 1731 2382 1785 καὶ
2425 1734 2537 1796 τοῖς
2581 1732 3035 1802 ἀναθεματίζουσι
3061 1731 3124 1784 τὸ
3154 1731 3444 1802 όμοούσιον
3493 1728 3619 1784 σύν-

357 1828 486 1874 zant
515 1860 530 1885 ,
591 1835 758 1891 seque
791 1797 983 1876 ducem
1029 1821 1234 1891 praabet
1259 1820 1486 1876 haeresis
1513 1819 1934 1879 Pneumatoma-

2049 1841 2180 1887 εστι,
2239 1823 2334 1876 καὶ
2377 1822 2766 1894 πρωτοστάτης
2811 1822 2929 1875 ἐστὶ
2961 1823 3061 1893 τῆς
3090 1821 3201 1874 τῶν
3227 1820 3619 1892 πνευματομά-

358 1912 611 1969 chorum.
668 1913 936 1985 Quoniam
979 1914 1146 1990 igitur
1190 1914 1355 1969 istinc
1419 1915 1601 1970 evenit
1640 1915 1720 1972 illi
1756 1914 1929 1969 facul-

359 2019 447 2065 tas
507 2007 735 2064 laedendi
799 2007 1100 2074 Ecclesias,
1153 2024 1216 2064 ac
1268 2009 1395 2066 data
1444 2024 1474 2063 a
1517 2009 1674 2066 vobis
1731 2007 1933 2070 ﬁducia

355 2099 536 2154 utitur
602 2099 670 2155 ad
713 2101 1123 2158 subversionem
1178 2101 1509 2165 multorum.
1561 2089 1932 2161 necessemest

359 2189 531 2248 istinc
556 2207 775 2265 quoque
809 2193 996 2250 venire
1025 2202 1079 2248 et
1113 2194 1568 2260 emendationem,
1607 2209 1670 2248 ac
1707 2209 1804 2265 per
1845 2195 1936 2248 lit-

359 2290 510 2344 teras
535 2284 802 2341 Ecclesiis
830 2285 1493 2358 signiﬁcari,quibusnam
1526 2286 1935 2346 conditionibus

360 2385 657 2450 susceptus
688 2377 781 2445 sit,
806 2386 860 2431 et
892 2379 1172 2448 quomodo
1203 2395 1351 2434 nunc
1376 2380 1695 2436 immutatus
1718 2379 1934 2436 irritum

362 2465 530 2523 faciat
584 2469 909 2524 beneficium
961 2472 1065 2528 sibi
1100 2487 1425 2527 concessum
1480 2489 1510 2527 a
1542 2471 1798 2528 Patribus
1842 2473 1937 2541 qui

363 2569 497 2613 tunc
523 2567 703 2616 erant.

435 2672 488 2728 4.
546 2670 832 2729 Secundus
867 2681 990 2745 post
1025 2675 1202 2745 ipsum
1242 2683 1327 2731 est
1375 2675 1731 2746 Apolinarius
1764 2718 1780 2742 ,
1829 2692 1938 2733 non

365 2779 558 2835 parum
591 2775 644 2820 et
703 2768 820 2836 ipse
869 2766 1147 2823 Ecclesias
1185 2769 1546 2825 contristaris.
1587 2767 1726 2824 Cum
1792 2769 1939 2824 enim

364 2857 644 2918 scribendi
700 2859 959 2914 facilitate
1018 2861 1205 2932 lingua
1250 2861 1302 2917 ei
1332 2862 1401 2916 ad
1452 2877 1614 2917 omne
1643 2877 1939 2932 argumen-

365 2958 483 3005 tum
515 2960 766 3020 prompta
799 2951 895 3016 sit,
925 2954 1152 3022 replevit
1193 2954 1415 3023 scriptis
1455 2953 1574 3008 suis
1603 2951 1788 3007 orbem
1831 2960 1942 3005 ter-

367 3058 552 3102 rarum
585 3083 602 3106 ,
638 3053 955 3116 contempta
989 3047 1368 3117 objurgatione
1402 3047 1588 3111 illius,
1639 3044 1734 3115 qui
1763 3045 1896 3099 dicit
1926 3062 1939 3097 :

2039 1932 2153 1986 χων
2197 1916 2480 1987 αἱρέσεως.
2529 1914 2682 1966 Ἐπεὶ
2727 1908 2820 1967 οὖν
2867 1913 3091 1966 αὐτόθεν
3127 1912 3353 1982 γέγονεν
3392 1912 3544 1982 αὐτῷ
3589 1914 3623 1982 ἠ

2039 2009 2264 2079 δύναμις
2295 2007 2388 2060 τοῦ
2436 2006 2639 2061 ἀδικεῖν
2687 2006 2788 2069 τὰς
2853 2003 3203 2076 Ἐκκλησίας,
3244 2003 3342 2056 καὶ
3375 2005 3444 2074 τῇ
3496 2005 3622 2074 παρ’

2043 2097 2196 2168 ὑμῶν
2233 2095 2492 2169 δεδομένῃ
2531 2095 2680 2166 αὐτῷ
2713 2096 2995 2167 παρρησίᾳ
3032 2096 3296 2167 κέχρηται
3340 2095 3422 2158 εἰς
3459 2110 3626 2147 κατα-

2044 2188 2280 2260 στροφὴν
2326 2186 2435 2241 τῶν
2481 2187 2711 2252 πολλῶν,
2767 2188 2980 2258 ἀνάγκη
3035 2186 3262 2240 αὐτόθεν
3311 2185 3489 2239 ἐλθεῖν
3533 2184 3628 2238 καὶ

2041 2289 2140 2360 τὴν
2189 2287 2492 2359 διόρθωσιν,
2545 2287 2639 2340 καὶ
2686 2285 3039 2357 ἐπιπαλῆναι
3089 2285 3208 2348 ταῖς
3249 2283 3624 2354 Ἐκκλησίαις,

2043 2380 2164 2439 τίνα
2196 2379 2295 2451 μέν
2327 2381 2476 2432 ἐστιν
2507 2378 2592 2446 ἐφ’
2618 2373 2699 2444 οἷς
2741 2376 2956 2448 ἐδέχθη,
2994 2374 3111 2439 πῶς
3145 2374 3204 2428 δὲ
3233 2373 3330 2428 νῦν
3360 2373 3629 2445 μεταϐλη-

2045 2472 2159 2536 θεὶς
2200 2472 2394 2543 ἀκυροῖ
2438 2471 2538 2541 τὴν
2585 2469 2744 2540 χάριν
2786 2471 2884 2540 τὴν
2917 2467 3159 2522 δοθεῖσαν
3195 2465 3348 2537 αὐτῷ
3395 2464 3483 2518 διὰ
3519 2465 3629 2519 τῶν

2043 2565 2166 2616 τότε
2198 2564 2342 2617 Πατέ
2352 2581 2478 2634 ρων.

2053 2690 2058 2694 ’
2120 2690 2174 2743 4.
2216 2689 2478 2761 Δεύτερος
2527 2689 2644 2760 μετ’
2693 2686 2858 2741 αὐτόν
2909 2686 3056 2740 ἐστιν
3116 2685 3513 2757 Ἀπολινάριος,
3567 2684 3628 2738 οὐ

2050 2779 2262 2853 μικρῶς
2306 2781 2401 2832 καὶ
2439 2777 2604 2842 αὐτὸς
2641 2777 2742 2842 τὰς
2784 2776 3109 2847 Ἐκκλησίας
3149 2775 3508 2848 παραλυπῶν.
3549 2777 3627 2847 Τῇ

2048 2873 2157 2943 γάρ
2182 2870 2275 2924 τοῦ
2309 2871 2542 2943 γράφειν
2573 2870 2793 2942 εὐκολίᾳ
2825 2869 2962 2940 πρὸς
2990 2871 3168 2923 πᾶσαν
3202 2868 3462 2922 ὑπόθεσιν
3489 2867 3629 2939 ἔχων

2049 2964 2324 3036 ἀρκοῦσαν
2372 2962 2519 3032 αύτῷ
2570 2963 2669 3034 τὴν
2720 2961 2992 3031 γλῶσσαν,
3042 2959 3311 3032 ἐνέπλησε
3363 2959 3466 3030 μὲν
3521 2957 3628 3011 τῶν

2049 3055 2241 3110 ἐαυτοῦ
2291 3054 2682 3125 συνταγμάτων
2726 3052 2823 3124 τὴν
2865 3052 3223 3122 οἰκουμένην,
3268 3049 3628 3120 παρακούσας

371 3131 510 3189 Cave
541 3134 716 3205 facere
757 3137 919 3194 libros
950 3139 1147 3195 multos
1179 3139 1223 3170 ³³
1259 3153 1274 3190 :
1325 3138 1400 3192 ita
1446 3152 1666 3208 quoque
1696 3134 1942 3206 proiecto

2049 3147 2141 3199 τοῦ
2193 3146 2536 3217 ἐγκλήματος
2581 3144 2676 3197 τοῦ
2724 3143 2836 3215 (12)
2890 3143 3169 3212 λέγοντος,
3223 3142 3305 3195 ὅτι
3359 3142 3630 3204 (hilaria;

370 3224 430 3283 in
479 3223 830 3281 multitudine
886 3237 1109 3297 peccata
1193 3228 1363 3282 multa
1428 3235 1576 3281 sunt.
1659 3223 1943 3292 Quomodo

2049 3239 2299 3308 ποιῆσαι
2326 3239 2536 3304 ,ϐιϐλία
2579 3235 2814 3292 πολλὰ*
2843 3237 2900 3288 ἐν
2926 3236 2983 3289 δὲ
3024 3234 3101 3304 τῷ
3147 3232 3343 3304 πλήθει
3386 3232 3628 3302 δηλονότι

369 3313 518 3372 enim
580 3318 757 3386 possit
817 3318 874 3375 in
937 3319 1287 3389 multiloquio
1316 3319 1361 3350 ³³
1407 3317 1690 3390 peccatum
1736 3316 1950 3370 vitari?

372 3405 529 3463 Illius
561 3407 726 3480 igitur
759 3410 828 3466 de
887 3412 1164 3483 theologia
1221 3411 1624 3482 disputationes
1646 3449 1662 3476 ,
1711 3425 1822 3465 non
1852 3426 1949 3479 pe-

374 3498 492 3554 titis
529 3515 560 3555 e
597 3501 883 3572 Scriptura
919 3503 1356 3574 probationibus,
1412 3503 1510 3559 sed
1568 3503 1824 3558 humanis
1857 3518 1950 3557 ar-

374 3595 652 3664 gumentis
725 3595 999 3651 nituntur.
1073 3595 1213 3656 Sunt
1269 3604 1450 3652 autem
1495 3597 1574 3654 illi
1627 3605 1682 3653 et
1747 3598 1812 3653 de
1865 3614 1954 3653 re-

376 3687 723 3742 surrectione
774 3687 1220 3745 elucubrationes
1271 3689 1521 3744 fabulose
1565 3691 1818 3761 scriptae,
1867 3693 1954 3745 vel

377 3781 562 3851 potius
585 3778 812 3836 Judaice
843 3798 858 3834 :
886 3781 941 3835 in
979 3782 1180 3852 quibus
1215 3783 1292 3837 ait
1327 3798 1428 3839 nos
1462 3799 1660 3839 rursus
1693 3784 1760 3838 ad
1803 3789 1954 3855 lega-

376 3870 486 3927 lem
544 3887 863 3928 reversuros
900 3873 1131 3938 cultum,
1204 3889 1508 3946 rursusque
1563 3875 1954 3930 circumcisum

2049 3331 2218 3385 πολλά
2235 3332 2327 3385 καὶ
2347 3330 2677 3402 ἡμάρτηται.
2697 3327 2823 3392 Πῶς
2851 3327 2958 3398 γὰρ
2981 3326 3204 3380 δυνατὸν
3221 3326 3286 3378 ἐκ
3304 3324 3628 3392 πολυλογίας

2052 3425 2313 3492 ἐκφυγεῖν
2347 3423 2619 3493 ἁμαρτίαν
2641 3439 2654 3484 ;
2682 3422 2839 3474 Ἔστι
2884 3421 2984 3491 μὲν
3009 3415 3102 3474 οὖν
3125 3418 3291 3472 αὐτοῦ
3318 3420 3416 3473 καὶ
3437 3420 3506 3473 τά
3530 3419 3628 3489 τῆς

2053 3515 2329 3584 θεολογίας
2354 3515 2527 3568 οὐκέκ
2538 3513 2822 3586 γραφικῶν
2846 3510 3188 3576 ἀποδείξεων,
3206 3509 3397 3574 ἀλλ’ἐξ
3416 3509 3628 3582 ἀνθρω-

2055 3607 2224 3660 πίνων
2259 3606 2520 3677 ἀφορμῶν
2536 3605 2647 3676 (15)
2674 3603 2774 3674 τὴν
2805 3600 3146 3672 κατασκευὴν
3171 3601 3364 3672 ἔχοντα
3384 3618 3399 3631 ’
3430 3601 3550 3654 ἐστι
3577 3601 3631 3655 δὲ

2055 3698 2205 3769 αύτῷ
2235 3699 2330 3751 καὶ
2359 3698 2427 3751 τὰ
2464 3697 2590 3768 περὶ
2617 3695 2965 3758 ἀναστάσεως
2996 3692 3240 3765 μυθικῶς
3273 3693 3628 3765 συγκείμενα,

2061 3791 2261 3862 μᾶλλον
2289 3792 2346 3846 δὲ
2387 3789 2690 3852 Ἰουδαϊκῶς
2708 3805 2720 3822 ·
2754 3790 2812 3841 ἐν
2839 3783 2922 3853 οἷς
2951 3803 3083 3857 φησι
3122 3786 3284 3839 πάλιν
3313 3787 3466 3857 ἡμᾶς
3496 3785 3631 3855 πρὸς

2055 3883 2155 3955 τὴν
2200 3883 2430 3952 νομικὴν
2466 3883 2825 3952 ὑποστρέφειν
2871 3879 2981 3950 (14)
3020 3878 3297 3950 λατρείαν,
3345 3878 3442 3932 καὶ
3474 3879 3632 3933 πάλιν

377 3963 476 4028 iri,
516 3972 572 4019 et
626 3964 866 4020 Sabbata
917 3966 1341 4031 observaturos,
1385 3974 1549 4036 atque
1602 3968 1943 4022 abstenturos

2056 3976 2204 4047 ἡμᾶς
2237 3972 2762 4046 περιτμηθήσεσθαι,
2813 3972 2907 4025 καὶ
2956 3969 3324 4034 σαϐϐατίζειν,
3359 3971 3456 4024 καὶ
3493 3969 3633 4041 βρω-

339 4085 348 4098 ο
381 4075 411 4110 a
445 4057 586 4117 cibis
615 4099 630 4123 ,
667 4067 722 4113 et
763 4060 1016 4114 victimas
1069 4058 1352 4114 oblaturos
1388 4057 1519 4124 Deo,
1555 4069 1610 4117 et
1635 4060 1943 4117 adoraturos

2063 4068 2247 4138 μάτων
2277 4063 2596 4137 ἀπέχεσθαι,
2629 4063 2723 4117 καὶ
2768 4062 2957 4126 θυσίας
3005 4061 3315 4132 προσοίσειν
3356 4059 3496 4130 Θεῷ,
3542 4062 3634 4113 καὶ

379 4149 740 4221 Jerosolymis
768 4149 932 4222 407
961 4152 1015 4205 in
1051 4153 1273 4222 templo,
1307 4167 1371 4207 ac
1399 4154 1623 4208 omnino
1659 4151 1874 4224 Iudaeos
1891 4167 1943 4208 ex

2060 4157 2460 4227 προσκυνήσειν
2509 4155 2569 4207 ἐν
2631 4151 3023 4223 Ἱεροσολύμοις
3069 4151 3162 4204 ἐπὶ
3202 4149 3298 4204 τοῦ
3338 4150 3490 4215 ναοῦ,
3543 4150 3634 4203 καὶ

381 4241 714 4299 Christianis
754 4241 992 4302 futuros.
1027 4242 1239 4310 Quibus
1275 4243 1536 4315 quidnam
1591 4243 1766 4315 magis
1824 4243 1943 4298 ridi-

2060 4251 2196 4314 ὅλως
2235 4251 2344 4305 ἀπὸ
2372 4249 2709 4322 Χριστιανῶν
2754 4248 3040 4311 Ἰουδαίους
3066 4246 3419 4318 γενήσεσθαι.
3451 4243 3555 4301 Ὧν
3584 4247 3634 4299 τί

380 4335 571 4390 culum
597 4350 721 4391 esse
757 4336 952 4406 possit,
985 4346 1080 4390 aut
1103 4337 1172 4393 ab
1200 4338 1512 4410 evangelco
1556 4338 1810 4410 dogmate
1849 4355 1943 4392 ma-

2062 4344 2130 4398 ἂν
2155 4343 2366 4412 γένοιτο
2394 4341 2946 4414 καταγελαστότερον,
2998 4338 3197 4411 μᾶλλον
3240 4339 3299 4392 δὲ
3344 4337 3632 4411 ἀλλοτριώ-

385 4429 471 4497 gis
498 4427 781 4489 alienum?
808 4427 1014 4484 Deinde
1041 4443 1104 4484 ea
1134 4431 1299 4485 etiam
1326 4447 1448 4501 quae
1481 4432 1548 4488 de
1578 4430 1943 4487 lncarnatiom

2061 4452 2220 4507 τερον
2251 4434 2344 4488 τοῦ
2389 4433 2742 4502 εὐαγγελικοῦ
2777 4433 3078 4503 δόγματος;
3113 4426 3245 4484 Εἶτα
3273 4430 3466 4484 καὶτὰ
3511 4433 3638 4501 περὶ

385 4519 653 4586 tradidit,
713 4528 921 4574 tantam
985 4521 1289 4577 intulerunt
1342 4497 1610 4578 iratribus
1671 4525 1943 4593 perturba-

2067 4527 2394 4598 σαρκώσεως
2433 4525 2699 4596 τοσαύτην
2724 4525 2944 4595 ἐποίησε
2970 4527 3038 4594 τῇ
3071 4522 3391 4594 ἀδελφότητι
3417 4523 3522 4596 τὴν
3547 4540 3638 4576 τα-

389 4613 594 4667 tionem
623 4649 638 4675 ,
690 4620 748 4666 ut
785 4610 897 4682 jam
932 4611 1090 4682 pauci
1140 4629 1210 4668 cx
1251 4615 1319 4669 iis
1353 4615 1449 4685 qui
1499 4615 1792 4685 legerunt,
1849 4615 1962 4685 pri-

387 4717 538 4768 scam
575 4705 796 4774 pietatis
834 4703 1067 4759 formam
1099 4716 1422 4762 conservent
1460 4723 1473 4758 :
1507 4717 1695 4762 contra
1725 4747 1743 4772 ,
1799 4708 1962 4778 pleri—

389 4812 496 4867 que
521 4797 853 4855 novitatibus
878 4799 1089 4864 intenti,
1123 4799 1190 4854 ad
1217 4802 1542 4870 quaestiones
1566 4808 1619 4856 et
1644 4803 1711 4857 ad
1729 4802 1965 4872 pertina-

388 4908 485 4949 ces
541 4891 810 4947 inutilium
859 4892 1053 4948 borum
1092 4892 1378 4954 verborum
1410 4892 1854 4965 investigationes
1879 4889 1966 4944 de-

391 4987 660 5044 ﬂexerint.

465 5173 510 5204 ³⁸
536 5171 715 5228 Eccle.
753 5186 852 5236 xu,
891 5169 978 5225 {2.
1054 5172 1098 5214 ."
1124 5170 1285 5226 Prov.
1323 5188 1375 5235 ις,
1409 5149 1492 5228 l9.

469 5349 581 5418 (10)
613 5350 882 5420 Δέδρακε.
927 5349 1033 5412 Sex
1074 5349 1292 5407 codices
1327 5365 1460 5406 mss.
1505 5348 1760 5420 ἔγραψεν.
1796 5348 1965 5406 Coisl.

396 5420 606 5491 primus
631 5430 684 5476 et
713 5420 849 5478 Med.
873 5436 1010 5491 cum
1041 5421 1203 5477 editis
1227 5421 1593 5476 consentiunt.

397 5558 732 5702 λιᾎὲἷῶῦ
753 5631 1125 5702 ἐγκλήματος
1149 5632 1277 5699 τοῦ,
1309 5640 1414 5690 etc.
1448 5631 1524 5688 lta
1557 5647 1692 5688 mss.
1742 5639 1967 5702 septem.

497 5490 583 5563 ll)
609 5489 916 5561 Μελιτινῇ,
945 5491 1230 5548 Medicaeus
1267 5505 1393 5552 cum
1423 5491 1602 5548 tribus
1634 5489 1820 5563 Regiis
1858 5493 1970 5547 Με-

402 5698 573 5776 Alius:
591 5701 751 5776 habet
787 5698 881 5757 τοῦ
928 5698 1283 5776 ἐντάλέιατος.
1321 5702 1469 5760 Editi
1520 5702 1610 5758 τοῦ
1654 5698 1971 5776 Ἐκκλησια-

402 5770 530 5826 “ob
560 5769 825 5840 λέγοντος.

2069 4621 2261 4696 ραχὴν,
2296 4621 2436 4675 ὥστε
2483 4621 2653 4688 ὀλίγοι
2699 4619 2882 4672 λοιπὸν
2927 4617 3033 4670 τῶν
3079 4617 3521 4688 ἐντετυχηκότων
3549 4615 3636 4670 τὸν

2065 4715 2287 4784 ἀρχαῖον
2321 4713 2418 4782 τῆς
2449 4710 2732 4774 εὐσεϐείας
2757 4708 3080 4773 διασώζουσι
3110 4707 3470 4780 χαρακτῆραο
3498 4708 3551 4760 οἱ
3582 4707 3636 4760 δὲ

2066 4803 2270 4867 πολλοὶ,
2303 4804 2423 4863 ταῖς
2455 4799 2825 4870 καινοτομίαις
2855 4797 3233 4870 προσέχοντες,
3260 4796 3636 4869 ἐξετράπησαν

2066 4899 2146 4960 είς
2174 4896 2426 4967 ζητήσεις
2455 4894 2548 4946 καὶ
2583 4891 2916 4961 φιλονείκους
2941 4889 3260 4967 ἐφευρέσεις
3289 4889 3403 4944 τῶν
3435 4891 3615 4958 άνωφε

2065 4988 2172 5054 λῶν
2209 4987 2412 5052 τούτων
2447 4985 2727 5066 ῥημάτων.

2139 5347 2250 5428 (ιβ)
2297 5342 2606 5428 Αερορμῶν.
2636 5339 2809 5398 Coisl.
2833 5333 3101 5394 secundus
3134 5341 3188 5389 et
3217 5330 3423 5403 Regius
3457 5345 3636 5388 secun-

2070 5420 2171 5476 dus
2199 5418 2490 5486 λογισμῶν.

2048 5547 2052 5551 ,
2141 5488 2253 5558 (14)
2293 5483 2740 5558 ’Υποστρέφεικ
2765 5478 2843 5558 Ita
2869 5488 3076 5558 septem
3099 5488 3259 5558 mss,
3291 5479 3636 5558 quor-uanita-

2069 5539 2341 5618 men—duo
2371 5539 2571 5610 habent
2586 5539 2990 5622 ’ἀποστρέφεζνι
3023 5545 3113 5601 Sic
3123 5539 3507 5622 etiam'editio
3529 5539 3634 5622 _H__:_i-

2073 5611 2379 5699 gaiioensis,
2403 5625 2535 5680 Aliae
2561 5638 2692 5699 vero
2715 5611 3091 5699 ὑποστρέψειν.
3123 5612 3293 5699 ξξμίο
3315 5621 3462 5699 posit,
3472 5611 3636 5699 editio

2073 5681 2401 5758 ﬁta-risiensis
2432 5681 3047 5767 npoagépew._Vetustz
3071 5683 3384 5767 _editio_nes,
3416 5681 3564 5767 Harl.
3588 5691 3632 5733 et

2074 5752 2357 5834 Vra-ticum
2376 5752 2548 5828 tribus
2569 5752 2690 5826 aliis
2708 5772 2767 5820 ut
2791 5758 2850 5818 in
2870 5767 3041 5817 textu.
3071 5754 3184 5810 Duo
3209 5752 3300 5809 alii
3322 5752 3631 5826 προσάγειν.
