3878 6222
300 287 404 343 931

1183 278 1671 334 EPISTULARUM
1707 278 1992 335 CLASSIS
2030 280 2094 336 ll.
2135 279 2350 336 EPIST.
2392 279 2663 336 CCLXIV.

3445 282 3549 338 982

377 397 430 452 5.
483 394 544 450 '0
587 399 769 466 μέντοι
799 394 1082 460 Παυλῖνος,
1121 396 1170 448 εί
1211 395 1311 465 μέν
1353 413 1406 447 τι
1451 395 1548 449 καὶ
1601 396 1730 467 περὶ
1778 396 1876 466 τὴν

2050 398 2103 452 5.
2154 397 2421 453 Paulinus
2455 404 2636 452 autem
2685 402 2870 450 utrum
2915 395 3120 466 aliquid
3161 404 3215 450 et
3265 396 3409 451 circa
3453 414 3550 449 or-

303 486 640 561 χειροτονίαν
663 485 996 557 ἐπιλήψιμον
1020 486 1152 556 ἔχει,
1177 487 1332 540 αὑτοὶ⁹
1365 487 1429 541 ἂν
1459 486 1665 541 εἴποιτε
1686 505 1698 518 ·
1733 489 1879 559 ἡμᾶς

301 580 360 634 δὲ
389 580 570 642 λυπεῖ,
616 581 729 642 τοῖς
778 578 1096 649 Μαρκέλλου
1151 577 1580 648 προσπεπονθὼς
1635 579 1747 649 (15)
1791 579 1878 632 66'-

305 689 502 744 γμασι,
539 671 634 725 καὶ
665 671 792 734 τοὺς
811 669 1237 732 ἀκολουθοῦντας
1268 670 1418 742 αὐτῷ
1441 671 1770 742 ἀδιακρίτως
1798 672 1880 734 είς

303 761 404 833 τὴν
428 761 711 816 κοινωνίαν
739 760 931 814 ἐαυτοῦ
963 761 1338 831 προσιέμενος.
1389 762 1577 814 Οἴδατε
1623 761 1700 826 δὲ,
1729 761 1881 814 ἀδελ-

305 854 398 924 φοὶ
424 852 765 925 τιμιώτατοι,
792 853 875 906 ὅτι
904 851 1084 917 πάσης
1123 852 1280 924 ἡμῶν
1303 853 1403 924 τῆς
1431 853 1644 917 ἐλπίδος
1680 853 1880 924 ἀθέτη-

306 963 393 999 σιν
421 945 532 1016 ἐχει
564 944 624 998 τὸ
651 944 974 1016 Μαρκέλλου
1000 945 1196 1015 δόγμα,
1218 943 1341 998 οὔτε
1375 946 1500 998 Υἱὺν
1533 947 1593 997 ἐν
1620 945 1724 1018 ἰδίᾳ
1749 947 1882 998 ὑπο-

307 1037 498 1091 στάσει
545 1035 863 1107 ὁμολογοῦν,
924 1035 1060 1090 ἀλλὰ
1108 1037 1524 1108 προενεχθέντα,
1574 1038 1668 1090 καὶ
1719 1037 1879 1090 πάλιν

304 1127 723 1199 ὑποστρέψαντα
758 1129 838 1192 είς
880 1127 971 1183 τὸν
1003 1128 1126 1181 ὄθεν
1158 1129 1450 1199 προῆλθεν,
1485 1129 1608 1182 οὗτε
1635 1130 1728 1183 τὸν
1769 1131 1882 1182 Ila-

307 1219 576 1292 ράκλητον
620 1219 765 1284 ίδίως
811 1220 1175 1292 ὑφεστηκέναι
1211 1221 1562 1293 συγχωροῦνο
1593 1221 1733 1275 ὥστε
1780 1222 1880 1276 οὐκ

303 1315 372 1369 ἄν
407 1330 493 1376 τις
538 1313 775 1385 ἁμάρτοι
810 1312 1238 1384 Χριστιανισμοῦ
1270 1314 1366 1383 μὲν
1397 1311 1677 1376 παντελῶς
1723 1314 1880 1366 ἀλλο-

301 1404 462 1474 τρίαν
494 1403 809 1472 ἀποφαίνων
851 1404 951 1474 τὴν
978 1403 1210 1473 αἵρεσιν,
1259 1404 1592 1474 Ἰουδαῖσμὸν
1635 1404 1693 1458 δέ
1736 1422 1878 1476 παρ-

302 1496 646 1568 εφθαρμένον
689 1495 859 1567 αὑτὴν
904 1495 1344 1569 προσαγορεύων.
1387 1496 1604 1550 Τούτων
1629 1497 1726 1568 τὴν
1770 1499 1881 1549 ἐπι-

306 1586 528 1656 μέλειαν
560 1585 813 1655 γενέσθαι
865 1585 994 1656 παρ’
1039 1586 1193 1657 ὑμῶν
1228 1586 1614 1658 ἐπιζητοῦμεν.
1664 1588 1880 1642 Γένοιτο

303 1677 349 1729 δ’
383 1677 472 1740 ἂν,
501 1679 551 1730 εἰ
592 1678 892 1731 ἐπιστεῖλαι
923 1676 1295 1748 καταξιώσητε
1344 1680 1545 1743 πάσαις
1575 1683 1696 1743 ταῖς
1736 1681 1878 1734 κατὰ

303 1765 404 1837 τὴν
438 1767 728 1838 Ἀνατολὴν
771 1767 1136 1838 Ἐκκλησίαις,
1162 1747 1287 1832 τοὺς
1321 1769 1494 1825 ταῦτα
1525 1772 1876 1843 παραχαράσ-
1910 1747 1952 1802 Β

304 1877 519 1925 σοντας,
561 1862 610 1913 εί
662 1862 760 1932 μὲν
793 1861 1107 1937 διορθοῖντο,
1146 1859 1283 1916 εἶναι
1313 1866 1658 1930 κοινωνικούς
1682 1883 1694 1894 ³
1746 1866 1876 1920 εἰδὲ

305 1952 582 2022 ἐπιμένειν
631 1953 947 2022 φιλονείκως
999 1955 1271 2025 βούλοιντο
1313 1958 1436 2020 ταῖς
1484 1957 1872 2028 καινοτομίαις,

303 2043 632 2116 χωρίζεσθαι
660 2047 757 2100 ἀπ’
794 2047 994 2101 αὑτῶν.
1025 2048 1135 2101 Καὶ
1171 2048 1253 2100 ὅτι
1301 2047 1400 2118 μὲν
1440 2047 1548 2101 ἔδει
1577 2051 1727 2120 ἡμᾶς
1753 2066 1876 2102 συν-

302 2137 620 2208 εδρεύοντας
653 2138 792 2209 μετὰ
815 2140 918 2210 τῆς
965 2140 1236 2211 ὑμετέρας
1269 2142 1586 2212 φρονήσεως
1627 2143 1685 2195 ἐν
1723 2145 1874 2213 κοινῇ

305 2229 496 2300 σκέψει
514 2231 584 2284 τὰ
611 2233 740 2303 περὶ
760 2232 964 2286 τούτων
987 2232 1282 2297 διαλαϐεῖν,
1317 2235 1439 2287 οὑδέ
1470 2235 1623 2288 αὑτοὶ
1651 2236 1874 2304 ἀγνοοῦ-

305 2339 444 2393 μεν·
499 2323 613 2377 ἀλλ’
663 2325 850 2395 ἐπειδὴ
895 2327 924 2378 ὁ
969 2325 1160 2396 καιρὸς
1207 2327 1308 2380 οὑκ
1357 2327 1631 2389 ἐνδίδωσι,
1681 2327 1775 2380 καὶ
1818 2328 1877 2381 τὸ

301 2412 698 2467 ἀναϐάλλεσθαι
746 2413 1026 2486 βλαϐερὸν,
1068 2415 1167 2486 τῆς
1196 2416 1290 2468 ἀπ’
1329 2416 1506 2468 αὐτῶν
1535 2417 1646 2486 (16)
1675 2415 1876 2487 βλάϐης

301 2502 704 2574 ἐρῤιζωμένης,
753 2503 1066 2572 ἀναγκαίως
1115 2504 1513 2576 ἀπεστείλαμεν
1559 2507 1684 2568 τοὺς
1725 2506 1878 2560 ἀδελ-

303 2593 475 2663 (ρούς⁸
512 2595 599 2649 ἵνα
639 2596 738 2648 ὅσα
775 2596 868 2649 καὶ
905 2597 1004 2667 τὴν
1033 2598 1097 2650 ἐκ
1125 2595 1218 2649 τοῦ
1255 2597 1580 2668 γράμματος
1623 2598 1877 2652 διδασκα-

301 2685 427 2738 λίαν
466 2685 761 2757 παρέλαθε,
789 2686 962 2741 ταῦτα
1009 2689 1138 2758 παρ’
1189 2687 1396 2740 ἑαυτῶν
1445 2688 1874 2754 ἀναδιδάξαντες,

304 2779 599 2849 κινήσωσιν
639 2779 793 2850 ὑμῶν
829 2779 927 2852 τὴν
958 2781 1247 2834 εὐλάϐειαν
1295 2782 1374 2844 είς
1406 2781 1465 2834 τὸ
1502 2784 1875 2854 παρασχέσθαι

301 2863 404 2936 τὴν
448 2870 878 2942 ἐπιζητουμένην
915 2872 1166 2944 βοήθειαν
1194 2876 1312 2936 ταῖς
1351 2873 1444 2926 τοῦ
1479 2874 1614 2927 Θεοῦ
1654 2875 1877 2946 Ἐκκλη-

305 2965 472 3025 σίαις.

829 3073 1175 3129 ΕΠΙΣΤΟΛΗ
1212 3074 1365 3130 ΣΞΔ’.

1981 489 2321 544 dinationem
2350 489 2770 560 reprehensioni
2811 488 3107 543 obnoxium
3158 488 3401 554 habeat,
3445 489 3550 558 ipsi

1981 581 2254 637 dixeritis.
2298 581 2409 637 Nos
2440 596 2574 637 sane
2615 595 2853 637 mmrore
2895 580 3059 636 aliieit
3085 620 3101 646 ,
3139 581 3282 651 quod
3312 581 3366 634 iu
3412 580 3550 634 Mar-

1979 673 2104 728 celli
2141 673 2394 744 dogmata
2444 672 2778 743 propendet,
2815 688 2879 726 ac
2926 671 3074 726 illius
3103 679 3401 727 sectatores
3432 672 3551 726 sine

1980 765 2302 820 discrimine
2332 765 2398 819 ad
2435 780 2592 820 suam
2632 765 3069 819 communionem
3109 763 3370 818 admittit.
3432 761 3552 815 Sei-

1979 857 2052 912 tis
2101 857 2247 912 euim
2274 896 2288 919 ,
2315 855 2517 910 fratres
2557 856 2794 910 maxime
2827 855 3068 922 colendi,
3115 869 3265 924 spem
3298 861 3550 908 nostram

1980 964 2198 1004 omnem
2272 948 2445 1003 everti
2525 947 2766 1004 Marcelli
2811 947 3108 1020 dogmate,
3165 946 3310 1018 quod
3376 962 3552 1018 neque

1981 1037 2178 1094 Filium
2216 1039 2270 1092 in
2320 1039 2544 1109 propria
2589 1039 2869 1109 hypostasi
2915 1039 3205 1094 confitetur
3231 1078 3248 1106 ,
3295 1037 3389 1092 sed
3423 1051 3552 1106 pro-

1980 1133 2152 1187 latum
2213 1147 2336 1187 esse
2370 1171 2386 1198 ,
2461 1141 2514 1186 et
2572 1146 2768 1186 rursus
2816 1146 3099 1186 reversum
3129 1130 3196 1184 ad
3227 1146 3353 1184 eum
3387 1169 3401 1194 ,
3485 1144 3551 1182 ex

1981 1240 2093 1295 quo
2137 1231 2531 1294 processerat,
2586 1235 2762 1290 neque
2824 1220 3165 1276 Paracletum
3213 1218 3550 1290 bypostasim

1980 1316 2256 1388 propriam
2312 1313 2514 1367 habere
2565 1311 2816 1366 concedit
2863 1327 2878 1365 :
2933 1325 3103 1381 quare
3152 1325 3263 1364 non
3330 1309 3553 1362 aberra-

1980 1411 2140 1471 verit,
2182 1406 2275 1476 qui
2316 1420 2346 1458 a
2405 1403 2830 1459 Christianismo
2887 1403 3104 1472 penitus
3159 1402 3400 1454 alienam
3442 1400 3554 1452 hae-

1980 1499 2144 1555 resim
2192 1497 2556 1569 pronuntiet,
2621 1510 2685 1550 ae
2735 1493 3076 1548 JudaiSmum
3107 1499 3425 1561 corruptum
3481 1491 3551 1544 ii-

1981 1592 2084 1645 lam
2141 1589 2395 1660 appellet.
2461 1586 2504 1640 A
2543 1587 2697 1642 vobis
2759 1595 2818 1640 ut
2879 1585 3075 1640 horum
3128 1599 3316 1638 curam
3374 1583 3554 1637 suscio

1979 1683 2140 1753 piatis
2165 1681 2548 1751 efﬂagitamus.
2597 1676 2923 1746 Suscipietis
2971 1683 3177 1738 autem,
3219 1675 3266 1729 si
3293 1673 3552 1728 omnibus

1983 1768 2221 1824 Orientis
2277 1767 2538 1822 Ecclesiis
2588 1766 2832 1821 scribere
2904 1780 3012 1819 non
3070 1763 3410 1835 gravemini,
3459 1776 3554 1815 eos

1981 1861 2077 1932 qui
2113 1860 2228 1914 haec
2263 1860 2564 1929 depravaut
2597 1898 2611 1922 ,
2661 1859 2707 1912 si
2743 1857 3083 1928 corrigantur
3120 1896 3134 1916 .
3189 1853 3556 1908 admittendos

1983 1954 2052 2009 ad
2083 1953 2572 2016 communionem;
2636 1950 2721 2004 sin
2772 1961 2952 2005 autem
2990 1947 3346 2020 pertinaciter
3397 1946 3555 2000 novi-

1982 2046 2185 2101 tatibus
2219 2044 2592 2104 adhaerescu'e
2640 2043 2955 2106 voluerint,
3021 2041 3090 2094 ab
3146 2038 3406 2094 Ecclesiis
3456 2037 3556 2091 ab-

1983 2134 2332 2190 seindendos.
2400 2133 2582 2202 Atque
2643 2131 2698 2186 id
2753 2132 2971 2200 quidem
3032 2130 3238 2184 factum
3301 2143 3332 2182 a
3394 2129 3555 2183 nobis

1981 2225 2291 2297 oportuisse
2319 2265 2332 2286 ,
2395 2233 2453 2279 ut
2483 2239 2591 2278 una
2621 2238 2746 2278 cum
2789 2232 2970 2278 vestra
3021 2222 3310 2292 prudentia
3364 2220 3556 2276 seden-

1983 2328 2087 2381 tes,
2112 2317 2387 2372 communi
2438 2315 2832 2371 deliberatione
2870 2315 2936 2370 de
2988 2315 3074 2370 his
3132 2330 3439 2385 ageremus,
3484 2333 3556 2370 ne

1982 2408 2086 2478 ipsi
2134 2406 2350 2480 quidem
2419 2407 2760 2478 ignoramus.
2824 2406 2932 2461 Sed
3003 2407 3261 2476 quoniam
3339 2414 3557 2478 tempus

1983 2515 2092 2553 non
2122 2498 2429 2569 permittit,
2478 2508 2533 2552 et
2579 2499 2768 2553 dilatio
2807 2499 3035 2554 exitiosa
3062 2505 3168 2564 est,
3193 2499 3343 2554 illato
3371 2501 3439 2555 ab
3474 2501 3556 2571 ip-

1984 2592 2062 2646 sis
2099 2591 2301 2646 damno
2351 2591 2531 2646 radice
2586 2599 2816 2662 agente,
2860 2591 3176 2647 necessario
3217 2592 3319 2647 hos
3355 2592 3554 2649 fratres

1983 2683 2234 2738 misimus
2266 2705 2281 2746 ,
2327 2690 2387 2736 ut
2425 2692 2479 2738 et
2513 2698 2859 2754 quaecunque
2893 2685 3200 2739 litterarum
3223 2685 3556 2739 documenta

1983 2772 2290 2843 elfugeruut
2315 2813 2330 2836 ,
2383 2773 2499 2827 hrec
2546 2791 2642 2843 per
2673 2791 2733 2830 se
2777 2775 2879 2845 ipsi
2915 2776 3210 2832 edocentes
3241 2817 3257 2843 ,
3298 2777 3554 2848 pietatem

1985 2875 2220 2919 vestram
2275 2865 2500 2920 incitent
2540 2866 2607 2919 ad
2672 2868 2968 2937 expetitum
3025 2866 3116 2922 Dei
3171 2868 3430 2924 Ecclesiis
3473 2868 3541 2923 fe-

1983 2955 2210 3012 rendum
2238 2958 2524 3012 auxilium.

2411 3075 2749 3132 EPISTOLA
2793 3077 3088 3133 CCLXIV".

305 3196 516 3245 Bursam
544 3192 772 3254 Basilius,
796 3191 951 3244 oblata
975 3191 1469 3265 occasionepomnini
1486 3202 1530 3246 et
1560 3194 1800 3265 sociorum
1828 3195 1949 3265 ejus,
1969 3193 2159 3264 .sulutat
2188 3194 2548 3265 etlzormturm
2573 3202 2677 3264 oret
2695 3209 2786 3258 pro
2815 3193 3046 3256 Ecclesia,
3072 3192 3151 3248 cui
3181 3195 3375 3260 quidem
3397 3202 3557 3261 sperat

1214 3257 1424 3306 Basilius
1446 3269 1614 3320 pacem
1636 3257 1801 3307 datum
1824 3257 1906 3314 iri,
1931 3257 2022 3306 nisi
2045 3257 2396 3320 appropinquat
2415 3257 2635 3320 defectio.

381 3362 608 3432 Βὰρσῃ,
632 3362 942 3426 ὲπισκόπφ
991 3362 1305 3431 Ἐδέσσης.
1337 3364 1406 3417 ἐν
1430 3363 1633 3432 ἐξορίᾳ
1661 3364 1806 3418 ὄντι.

379 3473 471 3545 Τῷ
518 3473 592 3538 ὡς
639 3474 855 3546 άληθῶς
901 3473 1297 3551 θεοφιλεστάτη)
1341 3475 1432 3527 καὶ
1481 3475 1661 3545 πάσης
1704 3476 1880 3539 αἰδοῦς

307 3569 404 3628 καὶ
426 3569 590 3639 τιμῆς
617 3567 753 3639 ἀξίῳ
780 3568 1061 3638 ἐπισκόπῳ
1087 3568 1271 3641 Βάρσῃ
1301 3568 1580 3631 Βασίλειος
1611 3569 1669 3620 ἐν
1695 3569 1882 3639 Κυρίῳ

306 3662 542 3734 χαίρειν.
583 3661 924 3733 Ἐρχομένων
952 3659 1059 3714 τῶν
1089 3659 1472 3730 γνησιωτάτων
1499 3659 1744 3728 ἀδελφῶν
1774 3661 1883 3715 τῶν

288 3752 440 3824 ,περὶ
472 3755 727 3823 Δομνϊνον
755 3753 866 3823 (l7)
913 3751 1050 3824 πρὸς
1091 3750 1190 3823 τὴν
1238 3750 1522 3806 εὐλάϐειάν
1563 3769 1679 3816 σου,
1716 3753 1884 3822 ἡδέως

308 3844 410 3917 τὴν
437 3844 692 3916 ἀφορμὴν
725 3844 832 3899 τῶν
862 3843 1206 3916 γραμμάτων
1242 3840 1560 3914 ἐδεξάμεθα,
1589 3844 1683 3897 καὶ
1715 3860 1883 3915 προσ-

309 3936 648 4008 αγορεύομέν
692 3954 752 3989 σε
792 3936 859 3990 δι’
906 3937 1106 4000 αὑτῶν,
1153 3936 1438 4008 εὐχόμενοι
1476 3935 1555 4006 τῷ
1581 3935 1723 4006 ἁγίῳ
1765 3935 1885 4006 Θεῷ

315 4027 476 4099 μέχρι
515 4026 768 4082 τοσούτου
797 4028 1134 4098 φυλαχθῆναι
1166 4028 1277 4101 (l8)
1307 4030 1373 4100 τῇ
1402 4026 1514 4098 ζωῇ
1556 4028 1750 4100 ταύτῃ,
1784 4029 1881 4100 μέ-

310 4136 434 4196 χρις
462 4111 524 4173 οὗ
557 4118 983 4190 καταξιωθῶμεν
1028 4119 1154 4172 ἰδεῖν
1194 4135 1276 4186 σε,
1308 4120 1401 4174 καὶ
1443 4118 1748 4174 ἀπολαῦσαι
1775 4119 1884 4173 τῶν

312 4214 370 4264 ἐν
416 4213 498 4264 σοὶ
526 4211 897 4283 χαρισμάτων.
944 4211 1118 4264 Μόνον
1154 4211 1332 4280 εὔχου,
1381 4210 1705 4282 παρακαλῶ,
1737 4211 1822 4264 ἵνα
1856 4214 1885 4265 ὁ

310 4301 517 4372 Κύριος
551 4301 624 4372 μὴ
661 4301 885 4372 παραδῷ
929 4301 1076 4372 ἡμᾶς
1105 4301 1183 4364 εἰς
1212 4301 1368 4364 τέλος
1399 4305 1511 4364 τοῖς
1542 4301 1756 4374 ἐχθροῖς
1789 4303 1882 4360 τοῦ

313 4392 549 4465 σταυροῦ
579 4393 675 4446 τοῦ
706 4391 968 4465 Χριστοῦ,
997 4392 1132 4446 ἀλλὰ
1175 4393 1381 4464 φυλάξῃ
1412 4393 1521 4463 (i9)
1552 4395 1652 4456 τὰς
1691 4394 1882 4447 ἐαυτοῦ

327 4483 650 4555 Ἐκκλησίας
686 4484 844 4556 μέχρι
878 4483 970 4538 τοῦ
1001 4483 1196 4556 καιροῦ
1225 4485 1321 4555 τῆς
1355 4486 1598 4556 εἰρήνης,
1628 4485 1696 4556 ἢν
1725 4487 1886 4548 αὑτὸς

310 4570 451 4629 οἶδεν
477 4578 506 4630 ό
549 4577 756 4640 δίκαιος
802 4577 994 4647 κριτὴς
1050 4577 1182 4632 πότε
1228 4577 1520 4632 ἀποδώσει.
1587 4577 1883 4644 Ἀποδώσει

2232 3365 2438 3427 Bai-sar,
2469 3363 2683 3418 Edessa:
2724 3367 2986 3434 episcopo,
3018 3364 3310 3430 exsulanti.

2057 3455 2196 3514 Vere
2241 3456 2658 3526 religiosissime
2693 3458 2954 3528 omnique
2987 3457 3291 3513 reverentia
3341 3465 3394 3511 et
3457 3456 3555 3512 lio—

1983 3566 2116 3609 nore
2163 3549 2327 3619 digno
2390 3550 2646 3618 episc0po
2709 3550 2892 3606 Barsae
2941 3550 3175 3607 Basilius
3231 3551 3286 3606 in
3325 3550 3557 3617 Domino

1984 3643 2230 3696 salutem.
2271 3641 2408 3695 Cum
2451 3642 2890 3711 proficisceretur
2942 3644 3394 3714 germanissimus
3445 3643 3558 3698 fra-

1985 3740 2066 3787 ter
2103 3731 2414 3792 Dumninus,
2477 3732 2542 3785 ad
2585 3740 2733 3788 tuam
2783 3735 3039 3803 pietatem
3065 3775 3080 3800 ,
3128 3736 3353 3791 libenter
3391 3751 3554 3792 occa-

1985 3823 2508 3888 sionemscribendi
2540 3824 2878 3895 excepimus,
2934 3833 3096 3896 teque
3129 3843 3224 3898 per
3267 3827 3420 3882 illum
3467 3843 3558 3893 stt-

1985 3915 2248 3976 lutamus,
2280 3913 2450 3971 Deum
2500 3925 2751 3971 sanetum
2781 3925 3105 3987 precantes,
3151 3927 3209 3972 ut
3245 3919 3434 3974 taudiu
3459 3936 3557 3978 eu.-

1985 4005 2289 4060 stodiamur
2338 4005 2392 4059 in
2446 4005 2550 4067 bae
2593 4007 2703 4068 vita
2734 4046 2748 4068 ,
2801 4007 2973 4062 donec
3009 4007 3160 4078 digni
3210 4009 3554 4074 habeamur,

1984 4095 2079 4165 qui
2124 4105 2176 4151 te
2222 4094 2544 4163 videamus,
2594 4112 2659 4160 ac
2691 4096 2853 4152 donis
2879 4139 2892 4161 ,
2926 4113 3049 4167 quae
3078 4098 3131 4152 in
3161 4105 3215 4154 te
3244 4109 3393 4164 sunt,
3431 4115 3557 4171 per-

1985 4186 2254 4244 fruantur.
2317 4186 2551 4242 Tantum
2607 4203 2862 4259 precare,
2923 4190 3174 4256 obsecro,
3206 4199 3265 4244 ut
3290 4189 3554 4258 Dominus

1984 4280 2150 4352 408
2176 4295 2282 4334 non
2305 4279 2488 4334 tradat
2515 4296 2616 4336 nos
2652 4281 2707 4335 in
2726 4290 3070 4352 perpetuum
3089 4283 3342 4348 inimicis
3372 4285 3556 4347 crucis

1985 4371 2236 4434 Christi,
2299 4372 2394 4427 sed
2451 4372 2723 4427 custodiat
2779 4371 3060 4427 Eeelesias
3101 4390 3232 4430 suas
3278 4391 3454 4446 usque
3487 4376 3555 4430 ad

1987 4472 2201 4535 tempus
2225 4465 2396 4536 pacis,
2415 4480 2577 4536 quam
2602 4466 2755 4520 novit
2779 4465 2896 4536 ipse
2917 4465 3100 4536 justus
3121 4467 3310 4538 judex,
3335 4469 3556 4539 quando

1987 4555 2059 4611 sit
2121 4557 2455 4621 redditurus.
2509 4556 2720 4613 Reddet
2785 4559 2968 4626 enim,_
3021 4575 3123 4621 nec
3155 4576 3258 4618 nos
3293 4567 3556 4630 perpetuo

383 4711 494 4780 (15)
517 4713 1009 4788 "modestos-0mg.
1040 4711 1118 4788 Ita
1140 4711 1434 4788 Harl._eum
1457 4713 1623 4788 Coisl.
1646 4715 1885 4788 secundo
1915 4709 1962 4768 D
1988 4717 2170 4788 plures
2193 4715 2558 4788 mitterentur,
2590 4729 2736 4788 unus
2752 4721 2959 4788 ‘tamen
3007 4715 3425 4788 nominaretur.‘
3452 4712 3556 4766 Do-

313 4789 369 4835 et
389 4791 625 4850 quatuor
649 4783 936 4854 codicibus
962 4782 1166 4852 Regiis.
1193 4781 1478 4854 Mediczeus
1504 4791 1558 4838 et
1583 4784 1750 4839 Coisl.
1779 4787 1885 4854 pri-

314 4865 436 4907 mus
471 4851 882 4924 nponarrontbg.
911 4851 1061 4924 Etliti’
1086 4851 1377 4924 πεποιθώς.
1408 4851 1578 4907 Paulo
1611 4862 1731 4924 post
1751 4851 1884 4910 editi

314 4919 596 4994 κοινωνίαν
634 4922 817 4994 αὑτοῦ
838 4923 1155 4994 προέμενος.
1190 4919 1325 4977 Octo
1356 4938 1488 4994 mss.
1522 4933 1582 4994 ut
1610 4919 1663 4977 in
1711 4931 1882 4994 textu.

316 4988 409 5070 Sic
437 4993 600 5073 etiam
627 4988 1096 5049 οωεηόοιίιηιόειε
1112 4992 1168 5046 in
1202 4991 1439 5047 secunda
1471 4993 1708 5051 editione
1734 4993 1884 5048 Pari-

315 5074 505 5116 SICIISI.

387 5131 496 5202 (l6)
523 5131 638 5200 Τῆς
657 5132 758 5187 ἀπ’
780 5133 996 5188 αὐτῶν.
1029 5131 1105 5187 lta
1126 5143 1337 5192 veteres
1351 5134 1483 5191 .libri
1501 5148 1714 5190 summo
1745 5149 1881 5190 con-

313 5215 499 5274 sensu.
530 5203 673 5258 Editi
703 5203 815 5274 τῆς
834 5205 925 5259 ὑπ’
957 5202 1155 5274 αὑτῶν.

386 5273 496 5345 (17)
523 5274 655 5345 ζῶν
691 5272 824 5343 περι
863 5273 1171 5345 Δομνῖνον.
1203 5275 1486 5330 Existimat
1519 5272 1882 5331 Combcfisius

314 5341 493 5398 solum
523 5341 852 5400 Domuinitm
889 5341 972 5404 sic
1003 5344 1227 5400 honoris
1255 5361 1422 5400 causa
1463 5345 1754 5409 nominari,
1779 5360 1881 5399 nec

316 5413 458 5468 ullos
497 5414 776 5486 designari
820 5415 1066 5486 comites.
1098 5414 1274 5486 Atque
1312 5417 1367 5470 id
1393 5416 1612 5486 quidem
1652 5415 1881 5470 libenter

315 5485 588 5539 assentior
619 5483 940 5540 doctissimo
969 5483 1109 5547 viro,
1138 5483 1310 5542 solum
1345 5483 1432 5541 hic
1463 5484 1748 5540 Dominum
1781 5501 1880 5538 no-

313 5554 546 5626 minari;
596 5571 709 5626 non
747 5556 954 5611 idcirco
1001 5559 1206 5626 tamen,
1250 5557 1394 5626 quod
1441 5555 1877 5626 sociis_careret,

315 5623 408 5696 sed
441 5627 570 5695 quia
611 5625 686 5680 illi
736 5627 1005 5696 praecipue
1043 5625 1218 5682 honor
1263 5623 1589 5696 habebatur.
1612 5623 1701 5678 Sic
1731 5625 1876 5696 enim

315 5694 432 5751 ﬁeri
465 5694 661 5755 solere
713 5694 1125 5756 observavimus
1181 5696 1247 5753 ad
1285 5697 1444 5766 epist.
1489 5695 1614 5765 2-13,
1652 5701 1710 5752 ut
1753 5694 1878 5751 Cum

1987 4783 2174 4840 iuuino
2202 4795 2380 4839 autem
2413 4786 2644 4854 aliquem
2674 4783 2912 4854 adfuisse
2937 4785 3188 4840 comitem
3202 4783 3554 4854 kconjieimus

1986 4873 2052 4910 ex
2079 4856 2241 4924 epist.
2273 4855 2375 4908 267
2410 4855 2475 4908 ad
2505 4852 2765 4924 eumdem
2797 4853 3043 4918 Barsam,
3078 4854 3170 4909 ubi
3201 4852 3434 4907 Basilius
3473 4854 3553 4908 la-

1987 4923 2133 4980 tores
2167 4926 2469 4979 litterarum
2490 4939 2712 4980 suarum
2745 4923 2943 4980 fratres
2971 4931 3384 4988 commemorat,
3413 4924 3555 4978 hanc

1988 4997 2162 5066 ipsam
2201 4993 2796 5066 epistolamiindicans.
2832 4995 2934 5066 _Ait
2957 4995 3102 5048 enim
3145 5011 3203 5066 se
3230 4993 3411 5066 Darsa:
3443 5010 3553 5066 non

1989 5061 2134 5136 saepe
2157 5061 2375 5134 quidem
2407 5065 2714 5136 scripsisse.
2752 5061 2845 5119 sed
2875 5075 3058 5136 tamen
3084 5064 3370 5133 scripsisse
3395 5083 3408 5118 :
3439 5065 3554 5134 qui-

1991 5134 2094 5190 bus
2125 5136 2307 5189 verbis
2334 5135 2493 5204 unica
2523 5134 2840 5204 designatur
2867 5134 3118 5204 epistola.

1971 5213 1974 5216 ’
2060 5205 2172 5274 (l8)
2211 5202 2613 5272 Φυλαχθῆιηι.
2645 5202 3156 5274 Itamssfseptem.
3192 5202 3332 5258 Editi
3365 5205 3555 5271 διαφυ-

1990 5272 2270 5346 λαχθῆναι.
2304 5274 2471 5355 Paulo
2500 5281 2622 5355 post
2663 5273 2793 5327 editi
2827 5272 2924 5326 καὶ
2950 5274 3389 5344 αὑτοπροσώπως
3427 5274 3552 5327 ἰδεῖν

1988 5361 2068 5410 σε,
2102 5357 2224 5398 octo
2255 5360 2387 5398 mss.
2412 5351 2471 5397 ut
2503 5351 2555 5398 in
2581 5353 2750 5398 textu.

2056 5413 2472 5484 (19)Φυλάξῃ.
2518 5412 2608 5467 Sic
2657 5411 2800 5484 νειμ
2835 5413 3003 5468 Coisl.
3050 5420 3276 5484 uterque
3321 5423 3374 5469 et
3415 5411 3548 5484 Beg.

1985 5485 2257 5554 secundus
2279 5498 2342 5539 ac
2363 5484 2538 5553 Bigot.
2570 5483 2726 5538 alter.
2751 5483 2998 5549 Quatuor
3022 5484 3112 5537 alii
3136 5483 3378 5554 φυλάξει.
3409 5483 3552 5538 Editi

1984 5553 2257 5684 (magis
2291 5621 2610 5680 CCCXXVI.
2645 5621 2856 5701 Scripta
2897 5626 3043 5681 circa
3084 5640 3284 5681 annum
3321 5623 3444 5686 577..
