3878 6222
394 347 495 399 987

1692 338 1749 397 S.
1788 338 2039 396 BASILII
2076 339 2291 395 MAGNI

3547 331 3651 386 988

397 463 605 529 partem
669 459 795 512 cum
862 455 930 512 iis
990 455 1086 527 qui
1142 455 1224 511 sic
1277 455 1580 526 loquuntur
1634 456 1958 512 habeamus.

2105 455 2319 509 κοτεινά
2348 452 2694 525 ἀσεϐήματα,
2721 451 2758 506 ἀ
2788 451 2951 522 ἡμεῖς
2975 448 3095 503 οὐδέ
3120 449 3238 510 ταῖς
3268 445 3464 507 ἀκοαῖς
3491 444 3650 515 ἡμῶν

396 546 589 604 Nonne
623 546 926 603 doctrinam
971 546 1259 602 confundit
1304 538 1740 603 lﬁcarnationis?
1785 563 1967 603 nonne

395 635 564 694 dubia
592 638 779 693 multis
802 637 945 692 facta
966 644 1051 692 est
1079 624 1361 693 salutifera
1397 636 1613 694 Domini
1645 637 1820 692 nostri
1852 637 1968 693 dis-

398 728 650 800 pensatio
711 745 781 783 ex
832 728 1116 784 lutulentis
1179 737 1234 784 et
1294 728 1656 785 tenebricosis
1704 730 1856 785 illius
1900 727 1969 784 de

398 818 782 876 Incarnatione
827 819 1264 890 quaestionibus?
1292 821 1425 887 Quze
1468 821 1653 876 omnia
1697 828 1759 874 ut
1811 821 1969 875 colli-

401 921 601 985 gantur
630 920 687 970 et
728 910 995 983 arguendi
1025 911 1188 984 410
1212 927 1379 967 causa
1407 921 1776 983 exponentur,
1807 913 1970 984 longo

399 1012 645 1077 tempore
663 1014 717 1060 et
738 1019 989 1059 sermone
1011 1019 1151 1074 opus
1185 1011 1289 1060 est.
1326 1002 1756 1060 Promissionum
1787 1010 1971 1059 autem

400 1095 705 1152 doctrinam
736 1098 860 1167 quis
886 1096 971 1151 sic
1009 1095 1320 1151 obliteravit
1354 1111 1418 1151 ac
1448 1097 1671 1161 delevit,
1715 1105 1776 1152 ut
1822 1097 1971 1153 illius

401 1186 664 1245 fabulosae
704 1176 898 1259 nugae?
926 1189 1030 1255 Qui
1069 1189 1287 1260 quidem
1318 1189 1529 1244 beatam
1570 1203 1721 1259 spem
1761 1188 1974 1259 reposi-

401 1288 515 1335 tam
551 1280 670 1345 his,
722 1282 814 1352 qui
849 1282 1149 1338 secundum
1181 1281 1387 1337 Christi
1423 1281 1775 1353 Evangelium
1819 1283 1972 1336 vixe-

401 1370 544 1432 rint,
577 1370 650 1425 ita
678 1373 895 1428 exiliter
933 1381 987 1428 et
1015 1372 1253 1429 demisse
1281 1389 1450 1429 ausus
1478 1381 1564 1428 est
1602 1373 1971 1443 interpretari,

405 1467 467 1515 ut
488 1460 557 1517 ad
583 1460 798 1518 fabulas
829 1463 1003 1519 aniles
1034 1472 1089 1519 et
1117 1462 1341 1518 Judaica
1373 1472 1681 1519 commenta
1702 1461 1973 1519 deﬂectat.

405 1552 597 1609 Denuo
643 1554 934 1625 pollicetur
976 1555 1166 1626 templi
1211 1555 1665 1612 instaurationem
1696 1563 1750 1611 et
1791 1556 1975 1611 cultus

406 1642 596 1715 legalis
649 1646 1132 1710 observationem,
1189 1647 1501 1718 pontiﬁcem
1556 1648 1798 1718 typicum
1853 1654 1978 1718 post

410 1750 597 1791 verum
663 1737 1018 1807 pontiﬁcem,
1087 1737 1342 1793 vietimas
1398 1753 1496 1809 pro
1556 1740 1796 1809 peccatis
1855 1746 1979 1809 post

2073 543 2481 615 κατεδεξάμεθα
2512 540 2925 614 παραδέξασθαι
2966 538 3100 610 (52),
3145 536 3437 607 εὐχόμενοι
3484 532 3649 604 μηδε-

2062 638 2210 709 μίαν
2257 634 2447 708 μερίδα
2498 634 2643 705 ἔχειν
2691 633 2828 703 πρὸς
2875 632 3001 696 τοὺς
3059 632 3242 683 ἐκεῖνα
3294 626 3365 680 τά
3426 627 3652 697 ῥήματα

2076 728 2502 799 φθεγξαμένους.
2551 727 2685 796 Οὐχὶ
2726 723 3058 794 συγκέχυται
3096 721 3228 793 παρ’
3274 718 3431 790 αὐτῷ
3478 719 3508 771 ό
3552 717 3653 788 τῆς

2075 820 2538 891 ἐνανθρωπήσεως
2586 817 2783 886 λόγος;
2826 816 2929 870 οὐκ
2964 814 3261 887 ἀμφίϐολος
3297 811 3499 882 γέγονε
3542 811 3655 873 τοῖς

2076 908 2292 975 πολλοῖς
2337 914 2371 981 ὴ
2406 911 2673 982 σωτήριος
2716 907 2806 961 τοῦ
2848 906 3051 978 Κυρίου
3082 905 3239 977 ἡμῶν
3271 901 3563 972 οἰκονομία
3591 902 3655 954 ἐκ

2074 1006 2183 1060 τῶν
2223 1003 2476 1082 θολερῶν,
2499 1000 2664 1057 αὐτοῦ
2696 1002 2792 1055 καὶ
2833 999 3123 1054 σκοτεινῶν
3160 998 3293 1070 περὶ
3324 993 3655 1067 σαρκώσεως

2078 1097 2449 1170 ζητημάτων;
2487 1096 2555 1150 Ἀ
2590 1098 2769 1151 πάντα
2807 1094 3131 1163 συναγαγεῖν
3167 1091 3265 1146 καὶ
3312 1092 3397 1153 εἰς
3439 1087 3657 1157 ἔλεγχον

2079 1190 2423 1260 καταστῆσαι
2472 1187 2683 1261 μακροῦ
2727 1189 2822 1243 καὶ
2873 1186 3067 1259 χρόνου
3106 1183 3200 1238 καὶ
3247 1182 3413 1251 λόγου
3461 1180 3655 1234 δεῖται.

2078 1283 2182 1337 Τὸν
2203 1283 2259 1335 δὲ
2288 1282 2398 1337 τῶν
2421 1281 2767 1350 ἐπαγγελιῶν
2788 1281 2951 1333 τόπον
2976 1277 3060 1340 τίς
3080 1275 3253 1337 οὔτως
3282 1272 3525 1344 ἠφάνισε
3548 1270 3656 1340 ('53)

2081 1373 2174 1426 καὶ
2209 1372 2562 1445 ἠμαύρωσεν,
2591 1372 2667 1436 ὡς
2695 1374 2728 1443 ή
2757 1369 2949 1424 τούτου
2980 1366 3304 1440 μυθοποιίας
3335 1366 3441 1427 Ὃς
3470 1379 3539 1432 γε
3564 1360 3658 1431 τὴν

2084 1463 2357 1537 μακαρίαν
2400 1463 2609 1528 ἐλπίδα,
2641 1463 2740 1534 τὴν
2771 1459 3140 1531 ἀποκειμένην
3178 1459 3295 1520 τοῖς
3338 1455 3662 1508 πολιτευσα-

2085 1556 2268 1626 μένοις
2296 1553 2412 1627 (54)
2451 1554 2595 1608 κατά
2626 1553 2690 1607 τὸ
2731 1552 3063 1621 Εὐαγγέλιον
3090 1548 3186 1603 τοῦ
3224 1544 3494 1620 Χριστοῦ,
3523 1543 3661 1598 οὕτω

2081 1647 2353 1711 ταπεινῶς
2385 1647 2481 1699 καὶ
2521 1645 2876 1717 ἐρριμμένως
2925 1641 3223 1713 ἐτόλμησεν
3262 1636 3658 1708 ἐξηγήσασθαι,

2082 1738 2224 1793 ὥστε
2261 1740 2342 1802 εἰς
2374 1736 2643 1810 γραώδεις
2671 1736 2782 1808 (55)
2823 1734 3024 1807 μύθους
3070 1730 3164 1786 καὶ
3195 1730 3393 1799 λόγους
3442 1728 3660 1781 Ἰουδαῖ-

410 1827 619 1900 Agnum
646 1827 742 1884 Dei
761 1832 852 1901 qui
879 1841 1163 1902 peccatum
1188 1830 1376 1886 mundi
1407 1832 1624 1897 tollit“,
1652 1832 1975 1903 baptismata

2105 1833 2205 1897 ιούς
2224 1831 2586 1901 ἐκτραπῆναι.
2608 1828 2848 1881 Ἀνωθεν
2865 1825 3261 1896 ἐπαγγέλλεται
3279 1824 3396 1895 (56)
3416 1822 3515 1876 τοῦ
3537 1818 3663 1875 ναοῦ

412 1920 561 1976 varia
603 1931 730 1992 post
767 1925 989 1979 unicum
1020 1925 1328 1995 baptisma,
1371 1934 1426 1980 et
1452 1925 1699 1993 iuvencae
1741 1926 1979 1991 cineres,

411 2011 615 2082 quibus
647 2022 970 2083 aspergatur
999 2013 1265 2077 Ecclesia,
1296 2031 1416 2085 quae
1445 2015 1518 2071 ob
1548 2016 1707 2070 ﬁdem
1740 2016 1795 2071 in
1824 2015 1984 2071 Chri-

413 2110 558 2160 stum
582 2118 692 2158 non
716 2103 881 2159 habet
909 2105 1177 2160 maculam
1204 2120 1304 2161 nec
1332 2121 1521 2177 rugam
1546 2121 1648 2161 nec
1683 2106 1983 2176 quidquam

414 2193 684 2265 ejusmodi
701 2194 744 2225 "’
766 2214 779 2250 :
800 2194 962 2265 lepra:
990 2198 1440 2268 expurgationem
1479 2204 1602 2267 post
1633 2199 1986 2253 resurrectio-

415 2288 504 2343 nis
528 2295 729 2342 statum
759 2288 1132 2357 perpessionis
1165 2297 1446 2359 expertem
1473 2306 1488 2356 ;
1522 2290 1802 2361 zelotypia:
1835 2289 1986 2344 obla-

415 2379 642 2443 tionem,
662 2378 757 2434 ubi
783 2394 960 2449 neque
982 2382 1395 2437 matrimonium
1428 2384 1791 2448 contrahunt,
1809 2399 1988 2453 neque

417 2469 695 2524 connubio
746 2468 1087 2541 junguntur;
1150 2487 1319 2541 panes
1378 2475 1810 2544 propositionis,
1868 2484 1991 2545 post

418 2574 611 2629 panem
649 2560 803 2614 illutn
834 2560 929 2630 qui
976 2560 1045 2617 de
1076 2563 1219 2618 caelo
1251 2564 1536 2619 descendit
1569 2583 1582 2619 :
1618 2566 1871 2620 lucernas
1901 2581 1991 2619 ar-

418 2647 633 2713 dentes,
662 2656 785 2720 post
820 2667 1008 2706 verum
1042 2653 1248 2717 lumen.
1285 2652 1351 2706 Et
1382 2655 1438 2708 in
1466 2671 1679 2710 summa
1701 2694 1716 2719 ,
1760 2655 1804 2710 si
1835 2670 1990 2710 man-

420 2739 674 2796 datorum
706 2741 793 2796 lex
841 2740 899 2796 in
938 2743 1286 2814 dogmatibus
1325 2744 1527 2799 abolita
1557 2760 1662 2808 est,
1697 2746 1876 2816 palam
1909 2753 1994 2802 est

421 2838 555 2887 tunc
592 2832 800 2888 Christi
843 2832 1096 2904 dogmata
1143 2835 1199 2889 in
1227 2836 1514 2907 praeceptis
1556 2836 1824 2908 legalibus
1852 2838 1993 2892 anti-

420 2933 645 2995 quntum
690 2926 779 2980 iri.
827 2924 908 2983 0b
939 2926 1057 2981 haec
1100 2928 1278 2998 pudor
1326 2936 1381 2983 et
1436 2928 1765 2984 verecundia
1808 2929 1994 2984 vultus

421 3023 645 3072 nostros
686 3018 940 3087 operuit,
987 3023 1044 3073 et
1092 3018 1317 3074 tristitia
1364 3019 1657 3089 vehemens
1694 3020 1856 3081 corda
1891 3036 1994 3075 no-

2078 1924 2176 1995 τὴν
2203 1922 2527 1988 ἀνανέωσιν,
2564 1922 2661 1975 καὶ
2688 1921 2790 1991 τῆς
2815 1920 3047 1992 νομικῆς
3072 1917 3330 1989 λατρείας
3360 1916 3465 1987 τὴν
3490 1931 3668 1986 παρα-

2079 2016 2347 2087 τήρησιν,
2394 2015 2490 2068 καὶ
2556 2013 2719 2067 πάλιν
2774 2011 3039 2083 ἀρχιερέα
3089 2008 3320 2063 τυπικὺν
3383 2005 3531 2078 μετά
3578 2004 3668 2058 τὸν

2081 2106 2336 2177 ἀληθινὸν
2381 2105 2665 2177 ἀρχιερέα,
2699 2104 2794 2158 καὶ
2841 2103 3030 2157 θυσίαν
3056 2099 3169 2173 (57)
3207 2100 3349 2170 ὑπὲρ
3380 2096 3671 2168 ἀμαρτιιῖιν

2087 2200 2225 2270 μετὰ
2246 2199 2339 2253 τὸν
2367 2198 2541 2269 ἀμνὸν
2568 2197 2663 2250 τοῦ
2685 2195 2820 2250 Θεοῦ
2849 2196 2940 2249 τὸν
2967 2194 3192 2265 αἴροντα
3218 2192 3329 2262 (58)
3358 2192 3462 2259 τὴν
3488 2191 3673 2261 ἁμαρ-

2080 2292 2204 2344 τίαν
2227 2291 2321 2344 τοῦ
2355 2291 2563 2361 κόσμου
2586 2305 2600 2320 ⁸
2652 2289 2748 2342 καὶ
2789 2287 3147 2358 βαπτίσματα
3180 2282 3385 2355 μερικά
3428 2281 3574 2352 μετά
3614 2282 3674 2333 τὺ

2085 2383 2143 2437 ἓν
2169 2382 2473 2453 βάπτισμα,
2510 2382 2605 2435 καὶ
2640 2380 2834 2433 σποδὸν
2856 2378 3140 2448 δαμάλεως
3181 2374 3550 2447 ῥαπίζουσιν
3576 2371 3675 2442 τὴν

2099 2474 2425 2546 Ἐκκλησίαν
2471 2474 2570 2545 τὴν
2607 2473 2709 2526 οὐκ
2758 2471 2987 2542 ἔχουσαν
3029 2468 3119 2523 διά
3171 2468 3273 2537 τῆς
3312 2468 3398 2529 είς
3438 2465 3677 2535 Χριστὸν

2087 2566 2321 2630 πίστεως
2369 2564 2559 2618 σπῖλον
2594 2564 2627 2635 ἢ
2666 2564 2890 2633 ῥυτίδα,
2935 2562 2969 2632 ἦ
3018 2579 3070 2614 τι
3103 2560 3212 2615 τῶν
3252 2557 3550 2611 τοιούτων·
3585 2554 3677 2608 καὶ

2090 2658 2433 2728 καθαρισμὸν
2482 2657 2690 2728 λέπρας
2734 2655 2874 2727 μετά
2921 2654 3020 2725 τὴν
3059 2652 3333 2707 ἀπάθειαν
3384 2650 3490 2719 τῆς
3546 2650 3680 2703 ἁνα-

2093 2750 2361 2810 στὰσεως·
2404 2749 2501 2801 καὶ
2533 2747 2860 2818 ζηλοτυπίας
2896 2744 3233 2818 προσφορὰν,
3288 2744 3379 2796 ὅτε
3410 2741 3543 2795 οὐτε
3580 2757 3681 2809 γα-

2096 2841 2317 2913 μοῦσιν,
2371 2840 2494 2894 οὔτε
2540 2841 2932 2911 γαμίσκονται·
2985 2838 3139 2909 ἄρτοι
3190 2835 3305 2908 (59)
3360 2834 3680 2907 προθέσεως

2097 2934 2234 3006 μετά
2263 2934 2352 2987 τὸν
2385 2934 2547 3005 ἄρτον
2569 2934 2660 2986 τὸν
2686 2935 2749 2987 ἐκ
2769 2931 2863 2987 τοῦ
2887 2928 3116 3002 οὐρανοῦ
3144 2945 3158 2959 ’
3181 2928 3367 2999 λύχνοι
3393 2926 3679 2996 καιόμενοι

2099 3026 2236 3098 μετὰ
2272 3025 2335 3079 τὸ
2381 3025 2496 3093 φῶς
2522 3023 2583 3076 τὸ
2612 3023 2893 3094 ἀληθινόν·
2932 3023 3030 3076 καὶ
3067 3021 3205 3084 ὅλως
3241 3021 3292 3072 εί
3324 3018 3423 3074 νῦν
3459 3019 3501 3081 ὁ,
3518 3017 3679 3086 νόμος

422 3116 541 3163 stra
586 3109 846 3179 opplevit.
889 3108 1232 3180 Quapropter
1277 3111 1537 3166 adhortor
1589 3129 1688 3169 vos
1734 3119 1990 3187 tanquam

2105 3116 2201 3170 τῶν
2235 3116 2460 3187 ἐντολῶν
2489 3117 2546 3168 ἐν
2578 3114 2808 3186 δόγμασι
2839 3114 3204 3185 κατήργηται,
3232 3110 3418 3180 δῆλον,
3446 3108 3533 3161 ὅτι
3560 3107 3679 3160 τότε

424 3200 671 3256 medicos
702 3203 932 3272 peritos,
962 3211 1017 3258 et
1047 3201 1286 3258 scientes
1317 3202 1372 3257 in
1404 3204 1627 3259 lenitate
1656 3180 1873 3259 erudire
1899 3219 1990 3259 eos

2105 3209 2218 3282 (Ιιθ)
2260 3180 2335 3262 τά
2350 3208 2597 3279 δόγματα
2631 3180 2724 3260 τοῦ
2767 3180 3006 3278 Χριστόύ
3033 3180 3105 3258 ἐν
3133 3206 3247 3268 τοῖς
3299 3202 3553 3273 νομικοῖς
3592 3202 3680 3253 tv-

425 3292 523 3363 qui
546 3291 925 3359 adversantur,
950 3300 1008 3347 ut
1029 3294 1178 3347 illutn
1199 3294 1469 3349 conemini
1493 3294 1560 3349 ad
1583 3304 1791 3350 rectum
1817 3294 1997 3350 Eccle-

426 3385 522 3441 sia
561 3383 808 3440 ordinem
841 3384 1126 3451 reducere,
1160 3385 1320 3456 eique
1351 3385 1702 3456 persuadere,
1744 3396 1801 3441 ut
1844 3403 1996 3442 com-

426 3479 825 3535 mentationum
857 3493 1083 3534 suarum
1116 3479 1502 3551 loquacitatem
1540 3489 1856 3536 contemnat
1886 3479 1999 3552 (et-

426 3571 575 3627 enim
628 3569 979 3638 conﬁrmavit
1035 3571 1204 3626 verba
1261 3572 1588 3642 proverbii:
1628 3570 1753 3625 Non
1804 3580 1883 3626 est
1944 3570 1999 3624 in

428 3661 597 3717 multo
630 3677 867 3716 sermone
903 3670 1175 3729 peccatum
1203 3662 1426 3733 effugere
1449 3663 1552 3733 '3);
1593 3662 1753 3733 eique
1787 3660 2002 3715 fortiter

428 3760 593 3809 recta:
622 3751 744 3808 ﬁdei
776 3752 1032 3825 dogmata
1059 3755 1398 3824 proponatis,
1430 3761 1487 3808 ut
1513 3755 1662 3809 illius
1691 3753 2003 3810 emendatio

430 3844 723 3900 manifesta
753 3843 878 3911 ﬁat,
921 3859 987 3900 ac
1016 3844 1282 3902 fratribus
1315 3846 1625 3902 innotescat
1650 3846 1798 3902 illius
1827 3845 2002 3917 paeni-

429 3939 623 3994 tentia.

2099 3302 2392 3372 τόιλμασιν,
2426 3299 2864 3372 ἀκυρωθήσεται.
2899 3298 3022 3351 Ἐπὶ
3062 3297 3272 3358 τούτοις
3314 3293 3556 3363 αἰσχύνη

2102 3393 2197 3446 καὶ
2237 3390 2473 3464 ἐντροπὴ
2519 3390 2788 3460 ἐκάλυψεν
2815 3390 2974 3461 ήμῶν
3014 3388 3083 3441 τὰ
3116 3388 3415 3459 πρόσωπα’
3446 3385 3593 3456 λύπη
3624 3381 3681 3437 δὲ

2106 3485 2297 3556 βαρεῖα
2341 3483 2700 3555 πεπλήρωκεν
2732 3482 2888 3553 ήμῶν
2932 3481 3033 3545 τάς
3075 3480 3327 3553 καρδίας.
3371 3478 3468 3531 Διό
3504 3492 3683 3548 παρα·

2105 3574 2379 3646 καλοῦμεν
2420 3576 2587 3646 ὑμᾶς,
2620 3574 2695 3639 ὼς
2740 3574 3112 3644 ἐπιστήμονας
3165 3570 3389 3642 ἰατροὺς
3418 3569 3515 3623 καὶ
3549 3567 3680 3622 δεδι-

2105 3667 2408 3739 δαγμένους
2442 3667 2502 3718 ἐν
2534 3667 2808 3737 πραΰτητι
2848 3664 2958 3736 (41)
2990 3662 3264 3717 παιδεύειν
3292 3662 3424 3724 τοὺς
3450 3659 3683 3717 ἀντιδια-

2107 3759 2459 3832 τιθεμένους,
2520 3757 2844 3831 πειραθῆναι
2898 3756 3062 3809 αὐτὸν
3115 3756 3491 3822 ἐπαναγαγεῖν
3552 3750 3682 3822 πρὸς

2107 3852 2206 3923 τὴν
2260 3849 2514 3915 εὐταξίαν
2565 3851 2663 3921 τῆς
2719 3847 3081 3919 Ἐκκλησίας,
3133 3845 3231 3899 καὶ
3277 3847 3471 3898 πεῖσαι
3526 3840 3681 3896 αὐτὸν

2110 3944 2521 4015 καταφρονῆσαι
2570 3943 2669 4013 τῆς
2723 3925 3067 4010 πολυφωνίας
3131 3937 3240 3991 τῶν
3290 3935 3681 4007 συνταγμάτων

433 4028 767 4097 (ἐϐεϐαίωσε
800 4029 910 4101 γὰρ
942 4030 1034 4084 τὸν
1068 4029 1171 4101 τῆς
1216 4030 1515 4101 παροιμίας
1547 4030 1724 4100 λόγον,
1776 4032 1859 4086 ὅτι
1897 4036 2020 4089 Οὐκ
2077 4034 2250 4090 ἐστιν
2284 4035 2356 4089 ἐκ
2407 4035 2780 4104 πολυλογίας
2825 4032 3112 4102 ἐκφυγεῖν
3147 4030 3261 4100 (42)
3322 4018 3676 4099 άμαρτίᾱγ)·

433 4121 676 4192 στερρῶς
716 4120 773 4175 δὲ
833 4120 982 4193 αὐτῷ
1029 4120 1352 4193 προϐάλλειν
1426 4121 1497 4176 τὰ
1539 4122 1640 4194 τῆς
1693 4123 2004 4195 ὀρθοδοξίας
2049 4126 2329 4198 δόγματα,
2379 4127 2467 4180 ἵνα
2525 4125 2780 4180 κάκείνου
2834 4127 2869 4196 ἠ
2910 4121 3286 4193 ἐπανόρθωσις
3341 4118 3555 4191 φανερά
3598 4116 3686 4187 γέφ

431 4234 621 4288 νηται,
657 4219 752 4271 καὶ
800 4222 913 4283 τοῖς
943 4218 1193 4289 ἀδελφοῖς
1234 4219 1399 4273 αὐτοῦ
1451 4218 1728 4291 γνωρισθῇ
1760 4221 1794 4292 ή
1831 4221 2183 4293 μεταμέλεια.

503 4312 559 4365 5.
597 4309 711 4366 Nec
742 4312 841 4367 abs
871 4327 931 4367 re
974 4310 1141 4368 fuerit
1179 4312 1249 4368 de
1290 4311 1532 4368 Marcelli
1563 4312 1852 4384 discipulis
1893 4314 2009 4385 pie-

2180 4316 2234 4370 5.
2271 4313 2509 4383 Εὐλογον
2534 4312 2590 4366 δὲ
2623 4309 2869 4381 καὶπερὶ
2892 4308 3002 4363 τῶν
3034 4306 3177 4362 κατά
3205 4303 3532 4379 Μάρκελλον
3557 4304 3686 4357 ὐπο-

435 4409 603 4456 tatem
632 4409 870 4457 vestram
909 4417 1280 4468 commonere,
1312 4411 1372 4457 ut
1406 4403 1542 4458 nihil
1581 4405 1990 4461 inconsiderate.

2118 4405 2323 4478 μνῆσαι
2345 4406 2454 4477 (45)
2482 4404 2581 4476 τὴν
2611 4401 2903 4457 εὐλάϐειαν
2938 4399 3115 4472 ὑμῶν,
3157 4399 3246 4453 ῖνα
3283 4397 3453 4469 μηδὲν
3483 4398 3689 4467 ἀπερι-

435 4493 574 4550 nihil
621 4492 783 4549 facile
829 4493 898 4550 de
941 4494 1051 4550 illis
1096 4497 1373 4552 statuatis.
1408 4495 1516 4552 Sed
1564 4511 1692 4551 cum
1740 4497 1811 4552 ob
1844 4498 2010 4568 impia

508 4651 554 4682 ³⁸
576 4647 735 4708 Joan.
764 4664 805 4714 ι,
829 4649 920 4706 29.
999 4648 1042 4683 ³⁷
1070 4649 1275 4720 Ephes.
1307 4668 1362 4716 v,
1390 4650 1485 4708 ‘27.
1560 4652 1605 4684 ³⁸
1630 4649 1793 4706 Prov.
1822 4668 1880 4713 ι,
1907 4651 1999 4708 l9.

437 4769 596 4828 lzeani
633 4784 701 4825 eo
746 4767 922 4840 magis
972 4769 1183 4834 arrisit,
1237 4771 1385 4840 quod
1427 4770 1478 4827 ei
1528 4768 1678 4825 favet
1720 4769 2011 4840 Medicmus

437 4857 564 4899 cum
601 4841 789 4911 tribus
813 4839 959 4904 aliis,
997 4841 1052 4911 in
1092 4839 1531 4911 quibus'legitur
1561 4839 1814 4893 σκοτεινά
1842 4841 2012 4910 ἀσεϐῆ

392 4942 393 4945 η
439 4914 680 4984 ῥήματα.
713 4909 977 4984 Ειιὶξίᾐκαὶ
1002 4909 1139 4965 ἄλλα
1164 4909 1418 4984 σκοτεινά
1448 4912 1543 4966 καί⁸
1568 4911 1739 4981 ἀσεϐῆ
1770 4909 2009 4982 ῥήματα.

2116 4499 2389 4561 σκέπτως,
2416 4497 2536 4568 μηδ’
2570 4495 2807 4558 εὐκόλως
2830 4492 2963 4565 περὶ
2993 4490 3173 4545 αὐτῶν
3200 4488 3518 4560 τυπώσητε.
3553 4486 3689 4540 Ἀλλ’

2184 4767 2298 4839 (3'7)
2328 4766 2439 4820 Καὶ
2467 4762 2711 4818 θυσίαν.
2748 4758 2828 4815 lta
2851 4774 2948 4816 sex
2982 4772 3117 4814 mss.
3147 4754 3389 4812 codices.
3426 4752 3574 4809 Editi
3606 4752 3699 4807 aut

2116 4839 2454 4989 iu‘zé§§.]‘br
2478 4904 2744 4973 αἴροντα.
2788 4900 2867 4954 Ita
2911 4905 3024 4955 tres
3060 4895 3424 4953 vetustissimi
3450 4894 3689 4949 codices.

511 4975 621 5053 (ὅθ)
651 4979 1128 5053 Παραὸἐξασθαι.
1169 4980 1321 5036 Hanc
1359 4998 1565 5046 vocem,
1608 4975 1990 5053 quie'ne'cessa-

2117 4975 2385 5053 nam
2415 4976 2644 5053 deme:

439 5051 541 5123 ria;
567 5051 788 5123 quidem
837 5068 946 5107 non
989 5053 1227 5113 videtur,
1277 5053 1370 5107 sed
1422 5051 1790 5123 tamenﬁnihil
1822 5058 2008 5115 nocet,

442 5121 755 5178 addidimus
779 5139 847 5178 ex
889 5123 1069 5179 tribus
1103 5123 1495 5180 vetustissimis
1523 5122 1808 5179 codicibus
1840 5132 1897 5177 et
1927 5130 2015 5176 to-

440 5192 608 5247 tidem
649 5194 773 5249 aliis
804 5208 909 5247 non
935 5194 1009 5248 ita
1036 5194 1302 5262 antiquis.

513 5262 635 5345 (δῇ).
670 5262 970 5345 Ἠςράνισε,
999 5272 1106 5345 e_tc_.
1138 5260 1231 5345 Sic
1261 5276 1371 5319 tres
1395 5261 1749 5345 vetustissimi
1773 5260 2015 5317 codices.

441 5331 913 5405 Editiiﬂpaiipwae
946 5335 1043 5388 καὶ
1062 5335 1307 5405 ,ἠφάνισε
1339 5331 1652 5404 μυθολογία.

513 5399 1219 5477 (54)’Πολιτευσαμέιλὸις.
1247 5399 1393 5462 (ὶοῖει
1442 5399 1651 5474 primus
1677 5399 2021 5473 πολιτευομέ-

442 5489 575 5536 νοις.

465 5511 628 5628 :65)
661 5543 976 5613 Γραώδεις.
1012 5544 1092 5600 Ita
1122 5561 1256 5602 mss.
1287 5544 1507 5601 codices
1538 5559 1654 5602 sex.
1689 5540 1832 5599 Editi
1861 5511 2019 5613 γραι-

445 5612 619 5678 ὠδεις.

521 5683 634 5751 ('56)
667 5686 921 5741 Ἄνωθεν
964 5687 1081 5740 ἐπα

452 5751 592 5809 Med.
628 5755 721 5807 καὶ
752 5754 955 5809 ἄνωθεν
985 5751 1431 5824 ἐπαγγέλλεσθαι.

1085 5686 1413 5757 nudarat.
1471 5685 1703 5742 Codices
1762 5682 1914 5745 Harl.
1970 5688 2023 5736 et

2187 5031 2307 5119 (59),
2338 5031 2553 5119 "Apici.
2587 5044 2679 5098 Sic
2710 5045 3140 5119 habentctnnes
3164 5035 3378 5119 editinet
3402 5049 3569 5119 iussn
3594 5031 3693 5119 nisi

2159 5105 2355 5173 uiid'iti
2389 5105 2582 5171 codice
2605 5131 2708 5170 ms.
2742 5112 2974 5182 insignis
3004 5108 3261 5164 Ecclesia:
3289 5105 3473 5160 Paris.
3503 5105 3695 5176 legitur

2159 5137 2266 5173 [10¢]
2301 5137 2355 5171 Ill
2389 5137 2582 5171 coutce
2606 5137 2708 5170 IIIS.
2744 5137 2974 5182 IIISIBIIIS
3004 5137 3261 5164 DUUIODIG
3289 5137 3313 5159 ι
3334 5137 3389 5159 ιιι
3403 5137 3473 5160 ιο.
3503 5137 3631 5176 ius"

2118 5137 2316 5261 391095
2343 5195 2398 5261 εξ
2434 5185 2599 5261 paulo
2630 5191 2753 5253 Ροει
2784 5182 3070 5261 MPUE
3227 5247 3241 5261 .
3495 5243 3541 5261 ..
3562 5259 3571 5261 -

2192 5243 2313 5330 (40)
2342 5243 2736 5330 Καξτψγηται,
2785 5243 3003 5330 δῆλος,
3038 5249 3126 5330 ᾇτι
3172 5247 3324 5330 τότε..
3374 5243 3459 5330 Ita
3472 5243 3696 5330 "Regius

2119 5314 2373 5398 uterque,
2400 5314 2570 5398 Coi'sl'.
2592 5314 2913 5398 secundus.“
2937 5314 3116 5398 Paris.
3158 5327 3208 5374 et
3254 5316 3439 5386 Bigot.
3470 5314 3695 5370 Editioz':

2122 5388 2496 5472 κατήργηται,
2523 5393 2721 5472 δῆλον,
2740 5394 2822 5472 ὅτι
2859 5388 3157 5472 obes-edas.

2195 5454 2655 5539 (ι’ῘίΠραῧτητι.
2681 5454 2834 5539 Harl.
2856 5469 2911 5539 et
2948 5459 3093 5539 Med.
3120 5461 3178 5513 ἐν
3207 5454 3511 5539 πραότητι.

2194 5520 2307 5609 (ᾗ)
2351 5520 2689 5605 ’ἐκφυγεῖπ
2729 5533 2898 5591 Coisl.
2942 5531 3155 5601 primus
3202 5520 3513 5596 διαφυγεῖν.
3565 5520 3696 5577 ﬂed.

2128 5612 2438 5663 ἐκφεύγειν.

2196 5624 2762 5748 ῗῗέἷεεῖπομνῆααι.
2831 5670 3076 5739 Quatuor
3120 5667 3341 5741 codices
3400 5680 3509 5722 non
3562 5661 3698 5719 anti~

2133 5743 2380 5812 quiSsitni
2406 5743 2843 5807 ὑπομνησθῆναι.
