3878 6222
229 319 340 379 989

1115 321 1604 380 EPISTOLARUM
1643 321 1932 380 CLASSIS
1969 320 2032 377 11.
2077 321 2298 378 EPIST.
2338 322 2580 381 CCLXV.

3386 322 3491 380 990

233 433 427 505 ἐπειδὴ
456 434 743 504 δογμάτων
770 435 957 490 ἕνεκεν
991 435 1204 490 ἀσεϐῶν
1232 436 1424 508 ἐξῆλθε
1449 439 1551 509 τῆς
1589 438 1818 510 Ἐκκλη-

1933 437 2176 502 logmata
2204 437 2400 492 exierit
2441 437 2534 494 ille
2563 453 2630 492 ex
2674 437 2942 504 Ecclesia,
2974 452 3202 494 necesse
3228 446 3313 493 est
3341 436 3492 494 illius

238 525 361 590 σίας
387 523 505 597 (44)
537 527 765 593 ἐκεῖνος,
805 527 933 591 τοὺς
966 528 1266 599 ἑπομένους
1307 529 1457 601 αὑτῷ
1496 531 1812 600 ἀναγκαῖον,

236 615 750 689 ἁναθεματίσαντας
811 620 1029 691 ἐκείνην
1097 621 1196 691 τὴν
1253 621 1468 691 αἵρεσιν
1536 621 1680 676 οὕτω
1729 622 1815 675 δε-

236 709 405 770 κτοὺς
436 709 550 779 (45)
583 711 833 780 γενέσθαι
875 715 958 783 τῇ.
983 712 1272 786 κοινωνίᾳ,
1312 714 1378 768 ἵν’
1425 716 1475 767 οἱ
1516 716 1644 785 ἡμῖν
1693 731 1817 767 συν-⁴

237 797 536 868 απτόμενοι
560 799 628 853 δι’
661 800 812 871 ὑμῶν
846 800 998 872 παρὰ
1033 802 1214 873 πάσης
1257 801 1486 874 δεχθῶσι
1519 804 1617 873 τῆς
1663 802 1816 856 ἀδελ-

243 888 495 960 φότητος.
514 891 665 945 Ἐπεὶ
691 892 785 947 νῦν
820 910 884 962 γε
925 894 985 947 οὐ
1019 894 1214 966 μετρία
1243 895 1477 965 κατέσχε
1518 894 1661 966 λύπη
1690 895 1817 959 τοὺς

242 983 496 1048 πολλοὺς,
523 984 884 1052 ἀκούσαντας,
925 986 1006 1040 ὅτι
1035 986 1512 1058 παραγενομένους
1551 987 1687 1060 πρὸς
1718 986 1818 1058 τὴν

245 1072 522 1145 ὑμετέραν
553 1076 842 1147 τιμιότητα
877 1077 972 1131 καὶ
1003 1077 1374 1150 προσήκασθε,
1409 1078 1502 1130 καὶ
1535 1077 1819 1138 κοινωνίας

242 1163 433 1227 αὐτοῖς
461 1164 920 1238 ἐκκλησιαστικῆς
951 1166 1305 1237 μετεδώκατε.
1333 1167 1590 1235 Καίτοιγε
1619 1167 1819 1220 εἰδέναι

183 1265 187 1270 ’
244 1254 392 1324 ὑμᾶς
433 1256 620 1328 ἐχρῆν,
665 1257 746 1311 ὅτι
769 1259 835 1329 τῇ
865 1258 960 1312 τοῦ
998 1256 1134 1311 Θεοῦ
1167 1259 1350 1331 χάριτι
1390 1257 1514 1311 οὔτε
1547 1258 1690 1312 κατὰ
1718 1258 1818 1330 τὴν

265 1346 559 1419 ’Δνατολὴν
587 1347 735 1418 μόνοι
756 1349 912 1410 ἐστὲ,
952 1350 1088 1405 ἀλλὰ
1131 1351 1226 1405 καί⁸
1266 1351 1494 1416 πολλοὺς
1517 1351 1668 1422 ἔχετε
1718 1352 1820 1421 τῆς

244 1440 458 1494 ἐαυτῶν
511 1440 750 1512 μερίδος,
805 1442 854 1496 οἳ
905 1442 1004 1515 τὴν
1051 1442 1159 1496 τῶν
1213 1445 1472 1515 Πατέρων
1512 1443 1820 1498 ὲκδικοῦσιν

244 1530 578 1602 ὀρθοδοξίαν,
598 1533 708 1586 τῶν
741 1533 884 1588 κατά
911 1535 1146 1588 Νίκαιαν
1177 1535 1239 1588 τὸ
1270 1536 1490 1600 εὐσεϐὲς
1522 1536 1696 1607 δόγμα
1720 1536 1822 1607 τῆς

249 1625 490 1688 πίστεως
516 1625 824 1696 ἐκθεμένων
841 1644 854 1656 ·
885 1627 982 1681 καὶ
1009 1627 1058 1680 οἱ
1083 1628 1184 1699 τῆς
1210 1627 1424 1692 Δύσεως
1453 1629 1652 1692 πάντες
1685 1627 1822 1699 σύμ-

246 1731 418 1782 φωνοι
458 1715 586 1786 ὑμῖν
616 1731 674 1767 τε
711 1717 805 1770 καὶ
846 1719 979 1788 ἡμῖν
1014 1717 1405 1788 τυγχάνουσιν·
1437 1712 1511 1772 ὧν
1541 1717 1820 1790 δεξάμενοι

243 1803 350 1874 τῆς
375 1805 612 1870 πίστεως
636 1806 728 1860 τὸν
753 1807 918 1878 τόμον
939 1807 1133 1880 ἔχομεν
1160 1809 1290 1879 παρ’
1310 1809 1542 1871 ἑαυτοῖς,
1565 1809 1817 1879 ἑπόμενοι
1850 1793 1896 1853 Β

243 1897 429 1951 αὐτῶν
451 1901 518 1970 τῇ
552 1898 868 1972 ὑγιαινούσῃ
891 1900 1002 1972 (46)
1030 1901 1361 1974 διδασκαλίᾳ.
1382 1901 1530 1956 Ἔδει
1559 1898 1652 1956 οὖν
1683 1903 1821 1956 πάν-

238 2004 346 2054 τας
370 1988 831 2062 πληροφορεῖσθαι
852 1991 978 2056 τοὺς
1003 1993 1060 2044 ἐν
1079 1996 1145 2064 τῇ
1168 1994 1304 2065 αὐτῇ
1335 1993 1595 2065 συναφείᾳ
1623 1992 1824 2064 τυγχά-

244 2097 440 2146 νοντας
487 2082 638 2153 ὑμῖν,
673 2082 761 2136 ἵνα
805 2084 901 2137 καὶ
949 2083 1019 2138 τὰ
1051 2085 1314 2156 γινόμενα
1347 2085 1546 2157 μᾶλλον
1591 2083 1822 2155 βεϐαιω-

245 2173 316 2246 θῇ
343 2175 454 2246 (⁵47)
482 2177 540 2228 ἐν
572 2179 637 2248 τῇ
681 2175 942 2231 πλειόνων
975 2177 1390 2247 συγκαταθέσει,
1434 2179 1528 2233 καὶ
1557 2180 1588 2250 ἡ
1630 2178 1822 2250 εἰρήνη

248 2266 328 2338 μὴ
370 2266 660 2333 διεσπᾶτο,
696 2267 756 2321 ἐν
800 2270 868 2339 τῇ
913 2285 1075 2324 τινων
1113 2270 1411 2343 προσλήψει
1469 2271 1671 2342 ἑτέρων
1716 2272 1822 2340 ὰφ-

249 2359 583 2429 ισταμένων.
610 2360 796 2425 Οὕτως
819 2356 910 2418 οὖν
931 2359 998 2434 ἦν
1020 2363 1231 2434 πρέπον
1260 2363 1649 2434 βουλεύσασθαι
1681 2365 1823 2434 ὑμᾶς

250 2450 526 2522 στιϐαρῶς
559 2452 654 2505 καὶ
700 2453 892 2524 πράως
921 2456 1050 2526 περὶ
1090 2455 1432 2527 πραγμάτων
1463 2455 1665 2518 πάσαις
1703 2458 1824 2518 ταῖς

248 2540 394 2594 κατὰ
440 2542 539 2614 τὴν
578 2544 904 2615 οἰκουμένην
937 2543 1288 2615 Ἐκκλησίαις
1328 2542 1710 2614 διαφερόντων.
1747 2543 1822 2596 Οὐ

247 2631 364 2704 γὰρ
395 2633 424 2686 ὀ
459 2633 596 2704 ταχύ
630 2652 681 2688 τι
707 2635 1041 2706 δογματίσας
1073 2636 1376 2700 ἐπαινετὸς,
1405 2635 1520 2689 ἀλλ’
1556 2637 1583 2688 ό
1612 2634 1825 2704 παγίως

245 2725 348 2779 ιιιαί⁵
405 2725 718 2790 ἀσαλεύτως
773 2729 982 2783 ἕκαστα
1033 2729 1357 2796 κανονίσας,
1410 2728 1550 2782 ὥστε
1596 2727 1692 2782 καὶ
1746 2730 1826 2791 εἰς

245 2818 344 2871 τὸν
387 2817 527 2888 μετὰ
572 2819 744 2873 ταῦτα
792 2820 982 2892 χρόνον
1025 2820 1420 2892 ἐξεταζομένην
1464 2819 1562 2891 τὴν
1599 2815 1825 2891 γνώμην

243 2909 624 2982 δοκιμωτέραν
661 2912 974 2982 φαίνεσθαι,
1006 2908 1160 2977 οὗτος
1193 2913 1490 2977 ἁπόδεκτος
1525 2913 1620 2966 καὶ
1675 2912 1826 2982 παρὰ

247 3003 372 3075 Θεῷ
402 3005 497 3058 καὶ
519 3004 847 3076 ἀνθρώποις,
870 3005 945 3068 ὡς
973 3003 1271 3075 οἰκονομῶν
1295 3007 1422 3068 τοὺς
1443 3005 1635 3074 λόγους
1658 3004 1823 3058 αὐτοῦ

1916 536 2239 594 sectatores,
2273 529 2734 584 anathematizata
2763 531 2855 584 illa
2887 530 3102 597 haeresi,
3133 530 3214 584 sic
3243 528 3310 584 ad
3338 543 3491 582 com-

1914 619 2234 674 munionem
2259 619 2495 684 admitti,
2517 627 2578 675 ut
2623 620 2718 690 qui
2747 620 2913 675 nobis
2951 619 3233 690 conjuncti
3265 634 3363 690 per
3391 631 3492 675 vos

1915 708 2155 775 fuerint,
2201 711 2270 765 ab
2317 713 2470 766 omni
2520 712 2868 783 recipiantur
2912 710 3280 767 fraternitate.
3333 709 3492 766 Nunc

1916 800 2061 856 enim
2103 802 2352 872 pluribus
2404 819 2514 859 non
2559 803 2856 859 mediocris
2889 804 3046 860 dolor
3089 803 3357 869 inﬂictus,
3398 801 3492 857 ubi

1918 893 2224 966 audierunt
2248 909 2344 950 eos
2373 895 2441 949 ad
2471 905 2712 950 vestram
2755 895 3124 965 praestantiam
3156 893 3260 966 41
3273 895 3494 963 Lacce-

1917 984 2134 1049 dentes,
2161 963 2224 1040 ρι’
2253 985 2524 1040 admissos
2555 1001 2677 1041 esse
2711 963 2926 1040 a'vobis
2945 1024 2960 1051 ,
2996 992 3051 1040 et
3084 963 3493 1038 communionis

1917 1075 2308 1132 ecclesiasticae
2332 1075 2509 1132 factos
2536 1092 2660 1131 esse
2682 1077 2998 1147 participes.
3028 1076 3106 1131 Ac
3134 1091 3234 1131 vos
3271 1073 3491 1145 quidem

1919 1181 2019 1238 par
2056 1174 2174 1222 erat
2199 1167 2522 1239 intelligere,
2555 1167 2648 1222 Dei
2677 1169 2852 1240 gratia
2883 1183 2986 1224 nec
3017 1168 3074 1222 in
3097 1167 3317 1222 Oriente
3343 1166 3492 1222 solos

1920 1274 2017 1316 vos
2061 1274 2215 1323 esse,
2265 1259 2361 1316 sed
2401 1266 2455 1315 et
2496 1260 2701 1315 multos
2740 1259 2944 1315 habere
2973 1258 3491 1322 communicatores,

1918 1349 2142 1406 Patrum
2169 1351 2408 1417 illorum,
2431 1353 2526 1422 qui
2550 1350 2743 1405 Nicaeae
2773 1351 2923 1420 pium
2952 1349 3076 1406 ﬁdei
3103 1349 3297 1420 dogma
3327 1363 3494 1419 expo-

1923 1450 2179 1502 suerunt.
2238 1451 2390 1498 recte
2436 1441 2561 1497 ﬁdei
2609 1441 2967 1508 defensores;
3011 1449 3065 1497 et
3112 1441 3168 1496 in
3198 1440 3495 1496 Occidente

1923 1550 2114 1591 omnes
2145 1535 2426 1590 vobiscum
2461 1550 2524 1589 ac
2553 1535 2837 1590 nobiscum
2876 1535 3187 1590 consentire
3216 1551 3229 1589 :
3261 1548 3494 1604 quorum

1922 1628 2050 1682 ﬁdei
2103 1637 2312 1683 tomum
2362 1635 2642 1696 acceptum
2691 1624 2836 1695 apud
2873 1641 2975 1680 nos
3018 1623 3392 1686 custodimus,
3444 1630 3496 1676 et

1923 1735 2112 1777 sanam
2157 1722 2402 1791 ipsorum
2443 1719 2747 1773 doctrinam
2793 1718 3094 1788 sequimur.
3129 1715 3362 1771 Decebat
3397 1713 3496 1784 igi-

1925 1821 2036 1878 tur,
2078 1813 2360 1875 omnibus,
2406 1811 2498 1882 qui
2530 1814 2587 1866 in
2628 1810 2818 1866 eadem
2869 1826 2933 1865 ac
2975 1825 3074 1865 vos
3112 1807 3497 1864 communione

1923 1914 2080 1970 sunt,
2125 1903 2411 1968 satisﬁeri,
2445 1911 2644 1980 utres
2673 1909 2838 1974 gestae
2869 1901 3046 1971 magis
3095 1900 3380 1957 ﬁrmentur
3427 1917 3497 1958 ex

1923 1998 2220 2052 multorum
2244 2011 2537 2060 consensu,
2568 2009 2674 2049 nec
2698 2009 2802 2064 pax
2832 1993 3136 2057 scindatur,
3164 1995 3287 2049 aliis
3309 1995 3497 2050 absce-

1923 2088 2177 2144 dentibus
2203 2087 2331 2143 dum
2366 2087 2458 2140 alii
2493 2085 2881 2141 admittuntur.
2936 2083 3028 2139 Sic
3082 2085 3250 2156 igitur
3270 2085 3498 2141 decebat

1923 2178 2216 2234 concilium
2246 2193 2276 2230 a
2305 2178 2460 2233 vobis
2487 2177 2724 2249 graviter
2751 2192 2814 2230 ac
2840 2176 3048 2230 leniter
3078 2176 3202 2230 iniri
3235 2176 3303 2230 de
3335 2179 3499 2231 rebus

1925 2273 1994 2327 ad
2041 2287 2230 2327 omnes
2279 2271 2428 2326 orbis
2471 2279 2740 2326 terrarum
2773 2269 3050 2324 Ecclesias
3101 2269 3496 2339 spectantibus.

1923 2362 2042 2418 Non
2065 2363 2208 2418 enim
2235 2364 2328 2432 qui
2358 2363 2468 2416 cito
2507 2361 2713 2431 aliquid
2741 2361 3005 2421 decernit,
3039 2358 3343 2414 laudandus
3375 2367 3499 2425 est;

1926 2456 2020 2510 sed
2049 2454 2144 2524 qui
2188 2454 2342 2508 ﬁrma
2371 2462 2427 2507 et
2457 2453 2721 2508 immobili
2749 2469 2940 2507 norma
2986 2453 3170 2506 omnia
3195 2451 3498 2514 constituit,

1927 2545 2064 2600 adeo
2105 2551 2166 2598 ut
2207 2543 2517 2599 examinata
2547 2544 2902 2614 subsequenti
2944 2552 3189 2614 tempore
3231 2546 3500 2598 sententia

1925 2638 2205 2708 probatior
2251 2646 2304 2692 et
2346 2637 2643 2708 spectatior
2672 2637 2784 2702 ﬁat,
2841 2637 2888 2694 is
2939 2635 3051 2691 Deo
3083 2645 3137 2692 et
3181 2637 3501 2693 hominibus

1926 2740 2182 2800 acceptus
2224 2737 2348 2793 est,
2392 2736 2452 2783 ut
2487 2723 2588 2799 ‘qui
2635 2743 2917 2784 sermones
2963 2744 3094 2784 suos
3141 2728 3395 2799 disponat
3444 2728 3500 2782 in

1922 2821 2135 2892 judicio
2154 2821 2219 2877 ⁸³.
2247 2819 2343 2875 liis
2376 2819 2578 2884 verbis,
2612 2828 2874 2890 quantum
2905 2835 3002 2890 per
3032 2820 3241 2875 litteras
3263 2819 3500 2889 colloqui

1926 2910 2060 2966 mihi
2111 2910 2300 2975 licuit,
2353 2910 2609 2981 pietatem
2653 2917 2891 2965 vestram
2953 2909 3291 2979 compellavi.
3345 2906 3502 2962 Faxit

1929 3011 2110 3059 autem
2144 3003 2411 3058 Dominus
2431 3043 2444 3067 ,
2487 3011 2547 3056 ut
2577 3016 2678 3057 nos
2707 3012 2896 3056 mutuo
2927 3002 3218 3072 aliquando
3246 3001 3303 3055 in
3333 3017 3500 3056 unum

249 3096 312 3148 ἐν
344 3094 542 3167 κρίσει.
576 3095 780 3161 Ταῦτα,
811 3097 912 3150 ὅσα
951 3096 1122 3150 ἐδίδου
1158 3098 1293 3167 ἡμῖν
1323 3097 1357 3168 η
1399 3096 1488 3150 διὰ
1519 3094 1612 3149 τοῦ
1642 3097 1825 3168 γράμ-

1933 3095 2322 3151 conveniamus
2351 3114 2364 3150 :
2393 3103 2453 3149 ut
2503 3094 2685 3148 omnia
2724 3092 2792 3147 ad
2831 3092 3197 3149 Ecclesiarum
3237 3091 3329 3147 Dei
3370 3108 3503 3147 con-

251 3205 425 3258 ματος
474 3187 680 3259 ὁμιλία,
730 3187 1261 3260 προσεφθεγξάμεθα
1311 3187 1465 3259 ὑμῶν
1511 3188 1612 3260 τὴν
1669 3187 1826 3241 εὐλά-

252 3280 430 3334 ϐειαν.
463 3280 746 3351 Παράσχοι
775 3281 832 3334 δὲ
865 3281 894 3334 ό
936 3281 1139 3352 Κύριος
1187 3281 1280 3334 καὶ
1319 3281 1398 3344 εἰς
1441 3280 1633 3333 ταυτὸν
1681 3281 1830 3352 ἡμᾶς

249 3368 503 3440 ἀλλήλοις
545 3371 796 3439 γενέσθαι
833 3369 998 3423 ποτέ⁸
1037 3370 1144 3433 ἵνα,
1178 3369 1356 3422 πάντα
1395 3366 1534 3438 πρὸς
1571 3384 1830 3439 καταρτι-

254 3461 396 3532 σμὸν
438 3461 546 3515 τῶν
583 3460 916 3532 Ἐκκλησιῶν
946 3460 1040 3514 τοῦ
1086 3459 1222 3514 Θεοῦ
1259 3458 1378 3530 μεθ’
1423 3457 1578 3528 ὑμῶν
1629 3458 1831 3511 οἰκονο-

255 3549 552 3621 μήσαντες,
590 3549 707 3620 μεθ’
741 3550 895 3621 ὑμῶν
923 3548 1204 3620 δεξώμεθα
1235 3547 1325 3602 τὸν
1357 3547 1545 3618 μισθὸν
1568 3547 1656 3601 τὸν
1681 3549 1829 3618 ἡτοι-

257 3641 538 3715 μασμένον
567 3641 718 3713 παρὰ
755 3641 850 3696 τοῦ
874 3642 1083 3696 δικαίου
1117 3640 1304 3712 κριτοῦ
1338 3643 1452 3704 τοῖς
1490 3643 1703 3704 πιστοῖς
1736 3641 1830 3694 καὶ

253 3735 544 3808 φρονίμοις
574 3735 877 3807 οἰκονόμοις
893 3776 906 3789 .
926 3733 1076 3798 Τέως
1101 3733 1160 3786 δὲ
1188 3732 1282 3787 νῦν
1303 3731 1676 3800 καταξιώσατε
1700 3736 1832 3803 ἡμῖν

252 3829 576 3883 ἀποστεῖλαι
615 3829 716 3894 τὰς
768 3828 1089 3902 προτάσεις,
1150 3829 1234 3898 ἐφ’
1267 3824 1355 3892 αἷς
1408 3826 1658 3894 ἐδέξασθε
1706 3829 1833 3891 τοὺς

251 3921 600 3988 Μαρκέλλου,
628 3923 803 3977 ἐκεῖνο
824 3920 1044 3987 εἰδοτες,
1065 3921 1147 3975 ὅτι
1179 3920 1282 3976 κᾶν
1309 3921 1448 3976 πάνυ
1472 3920 1534 3973 τὸ
1561 3918 1684 3974 καθ’
1709 3922 1834 3974 ἑαυο

329 4101 377 4132 ³³
395 4099 544 4156 Psal.
564 4115 676 4166 cn,
707 4101 762 4158 5.

333 4257 446 4329 (44)
501 4258 755 4328 Ἐξῆλθε
780 4258 891 4330 τῆς
934 4259 1315 4328 Ἑκκλησίας.
1360 4257 1556 4330 Mirum
1587 4257 1650 4330 id
1682 4257 1832 4330 vide,-

251 4327 351 4389 tur
387 4327 452 4383 ac
495 4327 671 4399 prima
721 4327 904 4401 specie
954 4333 1044 4385 vix
1075 4327 1720 4401 credibile_._Mar_cel_lum
1765 4329 1835 4384 ob

255 4401 459 4470 impios
489 4397 708 4456 errores
733 4397 800 4455 ex
822 4399 1063 4457 Ecclesia
1089 4401 1311 4470 exiisse.
1338 4397 1474 4453 Nam
1509 4397 1567 4452 S.
1592 4399 1836 4452 Athana-

1930 3187 2250 3243 cinnitatem
2283 3189 2568 3244 vobiscum
2599 3186 3024 3250 constituentes,
3058 3186 3338 3240 vobiscum
3369 3185 3504 3239 reci-

1929 3280 2141 3350 piamus
2153 3279 2454 3336 mercedem
2474 3287 2833 3350 praeparatam
2854 3273 3236 3348 ajustojudice
3253 3275 3505 3331 ﬁdelibus

1931 3369 2400 3441 prudentibusque
2423 3369 2930 3440 dispensatoribus!
2971 3367 3125 3422 Nunc
3159 3367 3376 3422 interim
3417 3365 3498 3420 di.

1930 3461 2176 3529 gnemini
2196 3461 2260 3514 ad
2281 3477 2366 3515 me
2393 3461 2798 3530 pr0positiones
2825 3460 3060 3523 mittere,
3093 3459 3293 3528 quibus
3318 3472 3503 3512 assen-

1930 3554 2134 3608 tientes
2179 3551 2419 3607 Marcelli
2462 3551 2767 3621 discipulos
2814 3552 3132 3620 recepistis;
3175 3549 3320 3604 haud
3371 3548 3504 3604 illud

1933 3645 2270 3716 ignorantes,
2298 3645 2513 3700 etiamsi
2537 3645 2760 3698 omnino
2791 3644 2843 3698 id
2875 3645 3022 3714 quod
3061 3645 3118 3698 in
3148 3643 3303 3698 vobis
3340 3642 3504 3698 situm

1932 3747 2050 3804 est,
2091 3749 2302 3794 sartum
2338 3745 2652 3807 tectumque
2693 3735 2997 3806 praestetis,
3033 3751 3142 3790 non
3184 3745 3366 3788 tamen
3407 3747 3504 3789 vos

1933 3847 2050 3887 rem
2102 3831 2240 3886 tanti
2283 3829 2548 3886 momenti
2596 3829 3002 3898 vobismetipsis
3043 3827 3337 3882 attribuere
3374 3824 3505 3880 solis

1933 3922 2168 3989 debere;
2211 3920 2307 3976 sed
2343 3928 2620 3990 oportere,
2658 3927 2718 3974 ut
2743 3927 2794 3974 et
2829 3915 3228 3981 Occidentales,
3251 3923 3306 3972 et
3325 3914 3428 3988 qui‘
3447 3914 3504 3971 in

1936 4261 2289 4324 Athanasius,
2323 4275 2461 4329 opus
2486 4259 2806 4313 habuissent
2832 4259 2980 4313 illius
3012 4255 3498 4329 discipuliiconl‘es-

1939 4335 2094 4389 sione
2129 4331 2249 4386 ﬁdei
2281 4327 2781 4400 ad‘impetrandam
2815 4330 3190 4400 cont‘essorum
3213 4327 3507 4400 ﬂﬂgyplio-

1939 4419 2060 4457 rum
2087 4397 2523 4455 connnunione'm
2559 4419 2570 4454 :
2603 4415 2705 4454 nec
2734 4397 2931 4455 Petrus
2963 4398 3247 4453 Athanasii
3288 4397 3508 4455 succes-

255 4471 377 4542 sius
405 4477 720 4542 suspectum
751 4471 905 4542 illum
934 4471 1176 4542 quidem,
1208 4469 1302 4526 sed
1333 4477 1514 4523 tamen
1547 4477 1836 4542 purgatum
1870 4475 1913 4531 D
1944 4488 2036 4527 sor
2067 4486 2308 4526 canones
2348 4471 2600 4542 violatos,
2643 4485 2907 4542 concessa
2929 4469 3064 4542 illis
3106 4470 3509 4542 communione,

257 4539 475 4607 habuit,
505 4537 651 4596 teste
679 4537 1008 4610 Epiphanio,
1041 4542 1234 4595 haares.
1268 4554 1440 4610 um,
1465 4554 1518 4607 p.
1540 4537 1675 4610 8575
1698 4537 1838 4594 Hinc

257 4611 413 4665 illius
461 4609 1281 4678 discipuli’communicatorias
1328 4609 1632 4680 beatissimi
1687 4625 1840 4680 papa:

255 4680 568 4751 Athanasii,
587 4681 799 4736 litteras
839 4681 1202 4751 ostenderunt
1228 4679 1638 4751 confessoribus
1666 4679 1836 4751 [Egy-

255 4751 415 4823 ptiis,
464 4749 595 4805 ibid.
635 4749 952 4823 333.4845.
991 4751 1250 4823 Testatur
1303 4749 1474 4823 idem
1501 4747 1836 4823 Epiphanius

253 4819 416 4874 varia
461 4835 585 4876 esse
625 4819 1031 4876 Catholicorum
1065 4821 1133 4875 de
1165 4819 1419 4874 Marcello
1454 4819 1683 4888 judicia,
1715 4821 1837 4877 aliis

257 4906 390 4960 eum
425 4891 838 4955 accusantibus,
879 4892 1004 4947 aliis
1055 4890 1496 4953 defendentibus,
1540 4904 1662 4960 pag.
1709 4891 1832 4946 854.

257 4959 526 5033 Paulinus
571 4960 692 5030 ejus
742 4961 1043 5033 discipulos
1080 4962 1212 5033 sine
1238 4960 1561 5033 discrimine
1600 4959 1836 5033 recipie-

260 5032 382 5103 bat,
407 5037 466 5103 ut
498 5028 870 5103 insuperiore
883 5028 1130 5103 'epistola
1162 5028 1574 5103 vidimus._lp§e
1600 5028 1836 5103 Basilius

256 5101 322 5155 in
353 5100 617 5174 epist._69
642 5099 890 5174 queritur
915 5099 1060 5174 quod
1089 5116 1226 5174 eum_
1243 5099 1484 5174 Ecclesia
1506 5099 1750 5174 Romana
1780 5102 1836 5156 in

258 5169 706 5241 communionem
732 5172 802 5227 ab
828 5169 984 5228 initio
1012 5170 1373 5241 suscepisset.
1397 5169 1680 5236 Quomodo
1705 5187 1835 5241 ergo

258 5240 466 5312 exiisse
494 5241 695 5312 dicitur
714 5256 795 5312 ex
840 5241 1082 5299 Ecclesia
1117 5243 1322 5312 quiitot
1362 5240 1551 5312 habuit
1576 5240 1836 5312 commu-

260 5311 581 5367 nicatores‘!
618 5310 726 5366 Sed
765 5319 945 5367 tamen
992 5312 1050 5368 S.
1094 5310 1278 5366 Basilii
1315 5310 1682 5364 testimonium
1710 5327 1835 5367 cum

261 5396 365 5452 sua
396 5391 590 5452 sponte
621 5384 801 5452 magni
831 5391 917 5438 est
947 5382 1208 5438 momenti
1240 5383 1372 5452 (non
1393 5380 1536 5452 enim
1575 5388 1632 5452 ut
1664 5381 1718 5435 in
1749 5383 1837 5436 di-

256 5449 578 5524 iudicandis
609 5449 847 5524 Μαι-ἱειιί
891 5454 1132 5524 scriptis,
1179 5449 1257 5524 ita
1292 5450 1364 5524 in_
1389 5449 1657 5520 ejusmodi
1696 5452 1837 5507 facto

261 5522 510 5591 proclive
557 5521 659 5575 fuit
701 5523 930 5591 errare),
977 5521 1092 5578 tum
1139 5523 1304 5577 etiam
1353 5521 1468 5591 hoc
1513 5532 1836 5590 argumento

263 5590 626 5664 conﬁrmatur
669 5593 816 5664 quod
866 5590 1210 5664 Athanasius
1245 5590 1505 5647 extremis
1553 5594 1678 5645 vitae
1723 5609 1837 5648 sua).

265 5662 430 5717 annis
485 5660 799 5718 Marcellum
853 5679 883 5717 a
939 5661 1321 5719 communione
1375 5675 1473 5718 sua
1525 5664 1830 5718 removerit.

265 5731 456 5806 Neque
506 5733 674 5802 enim,
725 5733 772 5793 si
819 5739 1034 5808 Semper
1086 5749 1211 5792 cum
1263 5747 1328 5792 eo
1375 5733 1834 5795 communicasset

1941 4550 2282 4610 quereretur,
2332 4547 2391 4594 ut
2441 4539 2689 4611 videmus
2745 4541 2801 4611 in
2857 4539 3087 4611 epistola
3138 4540 3407 4607 sequenti,
3462 4541 3508 4594 si

1938 4609 2233 4683 Egyptum
2272 4613 2414 4683 inter
2451 4625 2516 4664 ac
2567 4609 3404 4683 Marcellum'ejusqueelernm
3455 4617 3509 4663 et

1979 4675 2151 4744 [Ehem
2186 4696 2296 4736 non
2327 4680 2521 4735 fuisset
2555 4687 2717 4750 rupta
2749 4675 3083 4750 communio.
3120 4675 3346 4731 Videtur
3381 4693 3509 4750 ergo

1968 4753 2228 4807 larcellus
2269 4751 2372 4807 sub
2405 4752 2567 4804 ﬁnem
2618 4747 2743 4805 vitae
2786 4747 2991 4817 aliquid
3037 4762 3315 4816 peccasse,
3362 4747 3508 4817 (μιοά

1937 4823 2298 4878 Anathasium
2335 4821 2402 4875 ab
2432 4820 2553 4889 ejus
2604 4819 2987 4874 communione
3027 4817 3312 4889 discedere
3351 4832 3509 4886 coge-

1940 4901 2024 4948 ret
2059 4912 2071 4947 :
2108 4900 2163 4947 ct
2189 4908 2314 4947 cum
2340 4885 2659 4960 jamdudum
2691 4905 2719 4942 a
2747 4894 2861 4960 toto
2893 4889 3005 4942 fere
3034 4885 3256 4960 Oriente
3284 4885 3508 4960 damna-

1938 4970 2028 5017 tus
2054 4971 2220 5026 esset,
2265 4956 2468 5015 amissa
2497 4958 2783 5013 Athanasii
2810 4958 3215 5018 communione,
3239 4972 3360 5026 quae
3383 4956 3508 5010 uni-

1939 5047 2064 5088 cum
2098 5035 2210 5086 fere
2241 5032 2388 5085 illius
2411 5028 2684 5099 refugium
2713 5035 2851 5099 erat,
2880 5027 3130 5099 desertus
3152 5027 3221 5082 ab
3249 5027 3507 5082 omnibus

1938 5103 2110 5157 videri
2145 5103 2352 5165 debuit,
2398 5115 2501 5153 nec
2530 5097 2581 5154 ei
2623 5113 2783 5169 nova
2810 5097 3110 5169 ignominia
3151 5105 3338 5169 nota_to
3377 5111 3510 5169 pro-

1938 5172 2097 5229 desse
2142 5183 2355 5242 poterat
2404 5183 2670 5224 concessa
2716 5165 2857 5222 olim'
2894 5183 2927 5222 a
2973 5165 3218 5222 Romana
3263 5165 3510 5222 Ecclesia

1940 5257 2274 5298 communio.

2011 5312 2120 5383 (45)
2156 5313 2319 5367 Οὕτω
2342 5309 2611 5375 δεκτούς.
2640 5306 2752 5362 Has
2778 5321 2941 5362 voces
2964 5306 3273 5362 addidimus
3300 5323 3365 5363 ex
3388 5314 3510 5362 octo

1938 5399 2072 5440 mss.

2011 5452 2125 5526 (46)
2152 5451 2241 5526 -Τῇ
2281 5449 2661 5526 ὑγιαινρύσῃ.
2713 5447 2790 5502 Ita
2824 5458 2934 5502 tres
2963 5447 3318 5504 vetustissimi
3359 5447 3511 5503 codi-

1939 5521 2050 5581 ces.
2087 5521 2235 5577 Editi
2260 5525 2326 5592 τῇ
2353 5521 2514 5592 ὑγιεῖἶ

2011 5596 2120 5665 (47)
2152 5585 2756 5665 Βεϐίὶιωθῇ.ῌΙιιι-Ηιινιἒ
2775 5596 2840 5665 et
2863 5585 3002 5641 Med.
3019 5586 3162 5665 Editi
3184 5587 3506 5665 é656attbﬁrj.

1939 5657 2140 5721 Ibidem
2190 5664 2320 5719 editi
2350 5662 2406 5715 ἐν
2441 5657 2507 5731 τῇ
2534 5659 2642 5712 τῶν
2669 5657 2882 5731 ,πολλῶν
2919 5667 2972 5711 et
3015 5658 3322 5718 διέσπαστο,
3373 5657 3510 5714 Tres

1940 5735 2299 5795 vetustissimi
2333 5730 2546 5790 codices
2581 5737 2637 5787 ut
2664 5730 2716 5785 in
2748 5737 2914 5788 textu.
