3878 6222
210 298 405 392 ρξε’

1095 328 1589 388 EPISTOLARUM
1626 329 1915 388 CLASSIS
1955 329 2019 387 11.
2061 331 2282 391 EPIST.
2323 332 2600 391 CCLXVI‘

3365 343 3466 399 996

212 458 312 529 μὲν
344 453 566 526 ἀγάπης
598 452 673 526 μὴ
701 452 1021 524 ἀποστῆναι,
1054 451 1155 523 τὴν
1181 450 1240 504 δὲ
1272 451 1560 524 διόρθωσιν
1588 451 1791 522 ἀναμέ-

1895 467 2009 518 eos,
2044 454 2171 524 quia
2219 430 2709 527 dissensio-aliqua
2763 455 2909 512 inter
2957 455 3180 525 fratres,
3213 461 3307 531 qui
3357 462 3470 519 illic

207 567 322 604 νειν
351 547 506 622 παρὰ
529 547 641 601 τῶν
665 545 981 618 δυναμένων
1009 544 1482 616 ὲκκλησιαστικῶς
1516 542 1785 615 ἰατρεύειν

204 642 281 696 τὰ
317 641 658 713 πταίσματα.
687 640 866 710 Ὅπερ
916 636 1106 709 ἐπειδὴ
1136 636 1434 707 ἐποίησας,
1478 634 1661 699 καλῶς
1693 635 1788 689 καὶ

207 732 599 805 προσηκόντως
624 729 888 802 κινηθεὶς,
924 728 1272 801 ὲπῃνέσαμέν
1304 747 1384 795 σε,
1416 731 1510 784 καὶ
1552 730 1787 801 ηὐχαρι-

207 827 490 897 στήσαμεν
536 823 650 895 (5%)
692 822 771 894 τῷ
821 822 1048 894 Κυρίῳ,
1100 823 1183 876 ὅτι
1233 822 1351 875 ἐστὶ
1397 821 1646 892 λείψανον
1688 821 1788 893 τῆς

205 918 450 982 παλαιᾶς
482 915 737 983 εὐταξίας
768 913 880 987 (55)
926 912 1235 985 σωζόμενον
1277 913 1431 984 παρὰ
1478 914 1581 978 σοὶ,
1620 915 1714 967 καὶ
1750 916 1784 986 ἠ

217 1008 519 1079 Ἐκκλησία
564 1007 665 1080 τὴν
709 1007 910 1078 ἑαυτῆς
955 1008 1109 1078 ἰσχὺν
1151 1007 1251 1061 οὐκ
1283 1007 1565 1062 ἀπώλεσεν
1608 1010 1666 1062 ὲν
1706 1006 1786 1078 τῷ

202 1082 465 1170 ⁴ἡμετέρῳ
506 1098 752 1170 διωγμῷ.
801 1099 876 1151 Οὐ
923 1098 1035 1169 γάρ
1082 1097 1200 1169 μεθ’
1256 1099 1415 1170 ἡμῶν
1453 1098 1786 1169 ἐδιώχθησαν

204 1191 304 1244 καὶ
340 1191 391 1244 οἱ
436 1191 681 1254 κανόνες.
729 1189 1000 1253 Πολλάκις
1050 1186 1142 1244 οὖν
1182 1190 1428 1262 ὀχληθεὶς
1481 1191 1629 1262 παρὰ
1677 1190 1786 1244 τῶν

206 1283 503 1347 Γαλατῶν,
537 1283 797 1336 οὐδέποτε
836 1282 1107 1353 ἠδυνήθην
1138 1282 1320 1346 αὐτοῖς
1354 1280 1748 1353 ἀποκρίνασθαι
1768 1320 1783 1344 ,

202 1375 499 1446 ἀναμένων
522 1375 622 1438 τὰς
657 1373 930 1445 ὑμετέρας
967 1373 1295 1445 ἐπικρίσεις.
1333 1373 1445 1426 Καὶ
1479 1373 1594 1438 νῦν,
1626 1373 1721 1428 ἐὰν
1756 1373 1786 1426 ό

202 1463 409 1537 Κύριος
434 1464 529 1534 δῷ,
557 1466 653 1518 καὶ
700 1463 1000 1534 θελήσωσιν
1041 1462 1372 1534 ἀνασχέσθαι
1408 1462 1587 1535 ἡμῶν,
1636 1464 1786 1516 ἐλπί-

203 1557 376 1628 ζομεν
406 1557 497 1611 τὸν
522 1557 652 1611 λαὸν
697 1556 989 1628 προσάξειν
1015 1558 1079 1629 τῇ
1111 1554 1443 1628 Ἐκκλησίαν
1481 1557 1556 1618 ὡς
1582 1555 1656 1628 μὴ
1689 1557 1789 1609 αὐο

200 1650 334 1713 τοὺς
363 1651 512 1721 ἡμᾶς
539 1648 896 1713 ὀνειδίζεσθαι
932 1647 1362 1719 Μαρκελλιανοῖς
1393 1664 1785 1719 προσκεχωρη-

200 1742 363 1797 κέναι
385 1743 438 1813 (5
452 1743 519 1812 ι),
543 1742 659 1797 ἀλλ’
690 1742 930 1805 ἐκείνους
960 1740 1096 1812 μέλη
1124 1739 1376 1809 γενέσθαι
1401 1741 1494 1794 τοῦ
1533 1740 1786 1811 σώματος

1893 553 2040 611 sunt,
2092 546 2514 613 intercesserat,
2564 555 2626 602 ut
2674 562 2706 603 a
2758 548 3029 606 charitate
3081 551 3302 621 quidem
3358 570 3469 610 non

1892 634 2200 704 discedant,
2226 639 2294 693 ab
2324 638 2393 694 iis
2423 646 2605 695 autem
2640 642 2735 711 qui
2763 641 3143 699 ecclesiastico
3166 644 3292 713 jure
3318 660 3469 701 erra-

1891 727 1964 782 tis
2022 727 2227 783 mederi
2293 739 2558 800 possunt,
2616 740 2940 805 eXSpectcnt
3004 735 3468 793 emendationem.

1892 816 2048 884 Quod
2072 835 2196 873 cu-m
2230 822 2555 890 praestiteris
2584 825 2850 895 prafclaro
2877 841 2944 882 ac
2969 828 3316 883 convenienti
3343 843 3452 884 con

1892 910 2037 974 silio,
2070 912 2284 968 laudavi
2327 921 2415 979 te,
2458 930 2522 969 ac
2556 914 2788 971 Domino
2813 918 2898 990 egi
2927 921 3153 989 gratias,
3184 919 3331 989 quod
3365 921 3471 975 ali-

1891 1017 2019 1072 qua}
2050 1004 2250 1059 veteris
2289 1004 2594 1077 disciplinae
2627 1007 2868 1078 reliquiae
2899 1008 3043 1081 apud
3070 1018 3124 1065 te
3157 1018 3466 1076 serventur.

1892 1108 1995 1149 nec
2028 1094 2272 1151 Ecclesia
2304 1112 2464 1151 suum
2498 1096 2677 1167 ipsius
2702 1098 2875 1154 robur
2908 1099 2964 1154 in
2995 1110 3185 1157 nostra
3213 1116 3469 1171 persecu-

1893 1187 2040 1240 tione
2067 1187 2334 1242 amiserit.
2374 1186 2494 1243 Non
2524 1187 2672 1243 enim
2718 1190 3004 1245 nobiscum
3034 1191 3469 1265 persecutionem

1891 1277 2041 1346 passi
2073 1285 2201 1332 sunt
2231 1284 2285 1332 et
2318 1293 2579 1333 canones.
2615 1276 2804 1350 Itaque
2850 1295 2994 1351 saepe
3040 1294 3072 1336 a
3121 1280 3328 1339 Galatis
3357 1284 3463 1338 im-

1891 1376 2127 1440 portune
2173 1378 2429 1440 rogatus,
2478 1371 2719 1425 nondum
2763 1371 2873 1427 illis
2913 1373 3065 1442 potui
3113 1375 3467 1444 respondere,

1891 1469 2136 1517 vestrum
2168 1473 2495 1532 exspectans
2520 1462 2809 1531 judicium.
2843 1462 2911 1518 Et
2941 1480 3088 1519 nunc
3114 1464 3162 1520 si
3195 1465 3338 1522 Deus
3368 1467 3468 1524 de-

1891 1552 2056 1616 derit,
2109 1554 2378 1625 nobisque
2420 1556 2715 1624 patientem
2768 1570 2955 1609 aurem
2993 1556 3302 1627 praebeant,
3345 1574 3471 1629 spe-

1892 1659 2080 1700 ramus
2111 1661 2212 1698 nos
2245 1647 2508 1715 populum
2555 1646 2621 1700 ad
2654 1646 2959 1703 Ecclesiam
2992 1647 3345 1712 adducturos.
3392 1652 3469 1704 ita

1894 1743 1954 1789 ut
1989 1752 2099 1789 non
2147 1736 2282 1804 ipsis
2322 1736 2484 1790 nobis
2512 1737 3011 1806 exprobretur'nos
3048 1736 3117 1791 ad
3167 1736 3470 1791 Marcellia-

198 1833 310 1905 τῆς
346 1834 674 1906 Ἐκκλησίας
704 1832 797 1887 τοῦ
829 1830 1069 1905 Χριστοῦ
1090 1849 1105 1862 ο
1134 1830 1274 1885 ὥστε
1302 1832 1394 1886 τὸν
1423 1832 1658 1903 πονηρὸν
1694 1831 1791 1901 ψό-

1895 1844 1996 1884 nos
2034 1829 2372 1891 accessisse,
2425 1829 2520 1885 sed
2572 1829 2651 1883 illi
2686 1830 2929 1884 membra
2982 1831 3233 1899 corporis
3279 1829 3472 1886 Ecclec

200 1943 326 1995 γον,
362 1927 454 1979 τὸν
488 1926 1002 1980 κατασκεδασθέντα
1039 1927 1104 1979 ὲκ
1137 1925 1235 1996 τῆς
1267 1923 1553 1995 αἱρέσεως,
1590 1923 1790 1991 ἐναφα-

199 2019 456 2090 νισθῆναι
492 2021 558 2092 τῇ
601 2018 846 2091 ἡμετέρᾳ
876 2016 1197 2089 προσλήψει,
1234 2017 1330 2070 καὶ
1376 2015 1452 2088 μὴ
1475 2017 1625 2087 ἡμᾶς
1653 2033 1789 2068 κατ-

196 2112 564 2183 αισχυνθῆναι
600 2110 677 2175 ὼς
724 2109 1132 2182 προσθεμένους
1163 2108 1365 2172 αὐτοῖς.

276 2289 334 2345 Ξ.
387 2288 655 2359 Ἐλύπησε
690 2288 746 2340 δὲ
770 2287 917 2359 ἡμᾶς
956 2288 985 2340 ὀ
1026 2284 1251 2354 ἀδελφὸς
1274 2282 1567 2355 Δωρόθεος,
1594 2283 1667 2346 ὡς
1695 2284 1793 2336 αὐ-

197 2382 299 2447 τὸς
354 2380 689 2444 ἐπέστειλας,
728 2377 805 2450 μὴ
858 2378 1036 2431 πάντα
1077 2375 1384 2446 προσηνῶς,
1425 2374 1557 2445 μηδὲ
1601 2374 1789 2445 πράως

197 2469 509 2543 διαλεχθεὶς
560 2472 627 2541 τῇ
698 2465 1017 2539 κοσμιότητί
1068 2483 1183 2520 σου.
1232 2465 1339 2519 Καὶ
1367 2464 1524 2518 τοῦτο
1574 2467 1640 2536 τῇ
1684 2465 1790 2519 τῶν

200 2563 416 2636 καιρῶν
448 2561 731 2631 λογίζομαι
762 2558 873 2631 (55)
917 2557 1196 2629 δυσκολίᾳ.
1243 2557 1532 2628 Ἐοίκαμεν
1556 2557 1667 2629 γὰρ
1710 2559 1791 2621 εἰς

202 2656 403 2729 μηδὲν.
428 2653 742 2708 εὐοδοῦσθαι
797 2652 903 2705 ὐπὸ
936 2648 1044 2704 τῶν
1092 2650 1375 2720 ἁμαρτιῶν
1422 2648 1789 2733 ἡμῶνηεῖπερ

199 2749 254 2802 oi
292 2747 699 2800 σπουδαιότατοι
720 2743 828 2799 τῶν
859 2740 1102 2812 ἀδελφῶν
1128 2743 1226 2811 οὐχ
1253 2741 1599 2813 εὑρίσκονται
1626 2757 1793 2810 προσ-

198 2842 376 2913 ηνεῖς,
420 2838 541 2892 οὐδὲ
593 2834 800 2890 εὐθετοι
834 2837 960 2898 ταῖς
1009 2833 1330 2898 διακονίαις,
1364 2832 1438 2903 τῷ
1500 2831 1575 2902 μὴ
1612 2831 1791 2885 πάντα

198 2932 350 2988 κατὰ
399 2930 624 3001 γνώμην
658 2928 934 3001 ἡμετέραν
964 2926 1232 2980 ἐπιτελεῖν
1262 2924 1395 2996 (56).
1435 2926 1531 2989 Ὃς
1562 2924 1791 2978 ἐπανελ-

202 3023 318 3077 θὼν
366 3023 666 3093 διηγήσατο
724 3023 852 3092 ἡμῖν
892 3018 993 3083 τὰς
1040 3018 1133 3072 ἐπὶ
1174 3017 1269 3071 τοῦ
1315 3019 1646 3088 σεμνοτάτου
1678 3020 1793 3071 ἐπι-

1891 1921 1984 1976 sim
2024 1920 2232 1976 Christi
2290 1919 2422 1974 ﬁant
2455 1938 2468 1974 :
2504 1928 2559 1976 et
2615 1922 2821 1975 malum
2877 1919 3152 1985 dedecus,
3209 1921 3357 1992 qnod
3400 1935 3468 1977 ex

1891 2011 2083 2067 haeresi
2137 2027 2419 2082 aspersum
2474 2020 2585 2074 est,
2628 2023 2816 2068 nostra
2865 2012 3206 2083 suscipiendi
3256 2014 3471 2070 ratione

1890 2098 2157 2161 deleatur,
2183 2115 2284 2155 nec
2305 2100 2466 2157 nobis
2495 2103 2850 2173 opprobrium
2878 2103 3151 2171 inuratur,
3173 2111 3235 2159 ut
3253 2103 3324 2159 ad
3344 2105 3469 2161 illos

1890 2193 2198 2247 translatis.

1960 2280 2015 2336 2.
2054 2280 2168 2338 Nos
2193 2290 2375 2338 autem
2408 2282 2463 2337 in
2492 2282 2777 2338 tristitiam
2807 2285 3049 2355 coniecit
3082 2284 3255 2340 frater
3289 2283 3467 2340 Doro-

1893 2373 2075 2438 theus,
2107 2374 2276 2444 quod,
2311 2382 2369 2430 ut
2411 2375 2528 2444 ipse
2558 2375 2856 2444 scripsisti,
2894 2391 3007 2431 non
3043 2379 3227 2432 omnia
3270 2378 3471 2435 leniter

1890 2471 1945 2519 et
1984 2475 2271 2521 mansuete
2302 2467 2505 2522 dixerit
2535 2466 2792 2537 dignitati
2827 2479 2953 2524 tuae.
3001 2470 3178 2540 Atque
3220 2470 3277 2525 id
3320 2471 3473 2541 equi-

1890 2555 2015 2611 dem
2066 2565 2374 2627 temporum
2419 2559 2662 2614 attribuo
2706 2559 3035 2616 dilﬁcultati.
3080 2561 3282 2619 Videor
3322 2564 3470 2621 enim

1891 2650 2026 2704 mihi
2058 2651 2210 2705 nulla
2235 2651 2290 2706 in
2333 2667 2391 2708 re
2425 2652 2496 2707 ob
2525 2667 2647 2707 mea
2679 2663 2903 2722 peccata
2940 2669 3239 2726 prosperos
3265 2657 3472 2713 habere

1894 2756 2192 2798 successus
2237 2744 2553 2813 :siquidem
2589 2744 2821 2799 fratrum
2866 2747 3056 2815 optimi
3096 2762 3206 2801 non
3252 2762 3474 2820 compﬁ

1891 2831 2107 2885 riuutur
2138 2833 2311 2898 lenes,
2348 2850 2526 2904 neque
2572 2834 2640 2889 ad
2693 2836 2947 2891 obeunda
2993 2852 3222 2893 munera
3262 2839 3471 2904 idonei,

1890 2938 1956 2980 eo
1987 2924 2133 2994 quod
2161 2940 2228 2979 ex
2267 2941 2384 2980 mea
2412 2926 2684 2981 sententia
2732 2942 2842 2982 non
2884 2930 3069 2982 omnia
3102 2938 3389 3000 peragunt.
3419 2929 3473 2987 Is

1891 3032 2147 3071 reversus
2192 3017 2325 3071 mihi
2369 3019 2622 3073 narravit
2670 3035 2810 3089 quos
2858 3036 3041 3076 coram
3074 3020 3310 3077 Damaso
3352 3023 3473 3095 epi-

200 3113 414 3168 σκόπου
449 3110 701 3182 Δαμάσου
748 3109 880 3181 πρὸς
924 3108 1025 3179 τὴν
1056 3107 1153 3179 σὴν
1182 3107 1470 3177 τιμιότητα
1493 3106 1790 3176 γενομένας

1895 3123 2060 3177 scopo
2082 3109 2545 3165 reverendissimo
2567 3125 2691 3165 cum
2720 3121 2813 3166 tua
2838 3114 3160 3183 praestantia
3188 3130 3476 3172 sermones

199 3204 359 3277 αὐτῷ
388 3202 670 3267 διαλέξεις,
702 3203 799 3255 καὶ
826 3199 1013 3254 ἐλύπει
1046 3200 1193 3270 ἡμᾶς
1227 3199 1401 3268 λέγων
1436 3201 1549 3261 τοῖς
1586 3199 1791 3269 Ἀρειο-

1895 3170 2053 3272 413
2086 3201 2415 3257 habuisset:
2459 3218 2525 3256 ac
2567 3192 2815 3259 dolorem
2838 3170 2989 3259 ⁸ιιιίιιί
3038 3170 3300 3262 all'erebat
3342 3170 3472 3263 cum

203 3301 465 3373 μανίταις
495 3294 1046 3368 συγκατηριθμῆσθαι
1065 3292 1176 3362 (57‘)
1193 3292 1320 3355 τούς
1346 3291 1792 3361 θεοφιλεστάτους

201 3391 472 3460 ἀδελφοὺς
519 3388 675 3461 ἡμῶν
728 3387 855 3451 τοὺς
903 3384 1350 3455 συλλειτουργούς
1383 3383 1647 3438 Μελέτιον
1696 3384 1792 3437 καὶ

204 3483 489 3538 Εὐσέϐιον.
544 3475 645 3535 ’Ὧν
679 3481 727 3533 εί
778 3466 870 3532 καὶ
894 3477 1060 3549 μηδὲν
1092 3476 1220 3530 ἄλλο
1248 3474 1470 3546 συνίστη
1507 3474 1605 3546 τὴν
1633 3474 1791 3545 ὀρθο-

200 3576 407 3642 δοξίαν,
431 3575 460 3628 ὀ
487 3571 616 3643 γοῦν
645 3570 796 3643 παρὰ
822 3569 931 3623 τῶν
975 3565 1268 3640 Ἀρειανῶν
1308 3565 1547 3637 πόλεμος
1575 3565 1795 3619 ἀπόδει-

206 3668 296 3734 ξιν
319 3666 432 3737 ἔχει
469 3664 759 3737 ὀρθότητος
789 3661 890 3714 οὐκ
913 3659 1099 3728 ὀλίγην
1121 3661 1231 3722 τοῖς
1262 3658 1623 3728 εὐγνωμόνως
1642 3656 1792 3725 λογι-

203 3757 474 3829 ζομένοις.
504 3746 615 3829 Ίξὴν
644 3754 703 3807 δὲ
736 3753 835 3824 σὴν
870 3750 1150 3804 εὐλάϐειαν
1193 3748 1484 3802 συνάπτειν
1506 3748 1686 3810 αὐτοῖς
1713 3749 1794 3812 είς

204 3849 432 3916 ἀγάπην
487 3845 692 3915 ὀφείλει
743 3843 837 3896 καὶ
874 3843 908 3913 ἡ
940 3840 1194 3893 κοινωνία
1230 3839 1337 3892 τῶν
1370 3839 1509 3909 ὑπὲρ
1552 3836 1788 3909 Χριστοῦ

204 3937 573 4009 παθημάτων.
624 3936 832 3989 Ἐκεῖνο
883 3933 941 3987 δὲ
983 3931 1233 3993 πέπεισο,
1256 3930 1332 3993 ὡς
1362 3928 1578 4000 άληθῶς
1598 3926 1791 3999 τιμιὼο

205 4047 361 4095 τατε,
393 4031 475 4083 ὅτι
507 4030 608 4082 οὐκ
665 4027 781 4081 ἔστι
831 4043 883 4078 τι
923 4025 1071 4095 ῥῆμα
1108 4020 1436 4095 ὀρθοδοξίας,
1478 4020 1505 4073 ὃ
1542 4021 1617 4092 μὴ
1652 4020 1790 4090 μετὰ

206 4124 395 4194 πάσης
456 4120 769 4192 παρρησίας
822 4116 973 4189 παρὰ
1032 4114 1143 4168 τῶν
1191 4112 1550 4184 (58),ἁνδρῶν
1584 4112 1789 4166 τούτων

205 4213 491 4288 ἐκηρύχθη
544 4212 648 4265 ὑπὸ
708 4210 827 4281 Θεῷ
893 4209 1129 4281 μάρτυρι
1168 4206 1266 4260 καὶ
1304 4206 1598 4277 ἀκροαταῖς
1634 4207 1786 4276 ἡμῖν.

206 4307 271 4363 Οἳ
328 4306 438 4360 οὐδ’
487 4304 552 4359 ἂν
601 4303 740 4374 πρὸς
785 4301 934 4370 ὤραν
974 4299 1152 4355 αὐτῶν
1193 4297 1489 4367 ἐδεξάμεθα
1521 4298 1619 4369 τὴν
1663 4314 1790 4351 συν-

280 4438 989 4513 (52)ᾏΗὺχαριστήσαμενρ
1045 4434 1314 4513 Sicllarl.
1357 4444 1413 4513 e_t_
1443 4433 1621 4513 _Cnoisl_.
1672 4434 1788 4513 pri-

1892 3296 2102 3349 diceret
2149 3303 2470 3351 numeratos
2509 3296 2566 3350 in
2614 3295 2839 3352 Arianis
2891 3297 3067 3352 fuisse
3118 3298 3477 3370 religiosissi-

1892 3401 2016 3442 mos
2047 3385 2252 3442 fratres
2278 3387 2690 3444 comministros
2722 3394 2948 3445 nostros
2977 3388 3254 3445 Meletium
3283 3397 3339 3445 et
3360 3388 3476 3443 Eu-

1891 3478 2127 3533 sebium.
2179 3477 2422 3544 Quorum
2486 3487 2692 3534 rectam
2732 3479 3038 3535 doctrinam
3079 3481 3298 3537 etiamsi
3336 3482 3474 3537 nihil

1892 3569 2042 3623 aliud
2076 3569 2508 3634 commendaret,
2544 3570 2738 3625 saltem
2765 3571 2978 3625 illatum
3005 3571 3074 3627 ab
3105 3572 3330 3629 Arianis
3354 3572 3475 3628 bel-

1892 3658 2004 3714 lum
2033 3674 2143 3713 non
2172 3660 2316 3715 exile
2339 3669 2504 3715 recta:
2536 3660 2661 3716 ﬁdei
2692 3660 2957 3715 indicium
2979 3662 3124 3731 apud
3155 3676 3344 3734 tequos
3382 3678 3476 3720 re-

1891 3762 2012 3802 rum
2056 3750 2417 3804 mstimatores
2463 3749 2713 3805 haberet.
2756 3748 2931 3804 Tuam
2980 3757 3162 3805 autem
3214 3753 3473 3820 pietatem

1891 3839 2229 3910 conjungere
2275 3856 2403 3894 cum
2472 3840 2581 3897 illis
2632 3845 2698 3895 ad
2748 3841 3074 3896 charitatem
3132 3841 3294 3897 debet
3348 3843 3470 3914 ipsa

1890 3933 2054 3989 etiam
2097 3948 2467 3988 aerumnarum
2499 3948 2600 4005 pro
2629 3933 2853 3989 Christo
2892 3934 3247 3990 toleratarum
3292 3937 3472 3993 socie—

1890 4032 2001 4080 tas.
2036 4023 2373 4080 Persuasum
2422 4035 2604 4080 autem
2640 4025 2714 4081 sit
2745 4025 2868 4091 tibi,
2904 4026 2989 4078 vir
3030 4032 3181 4081 certe
3210 4041 3472 4084 reveren-

1890 4116 2142 4184 dissime,
2170 4117 2383 4172 nullum
2413 4125 2576 4173 rectae
2598 4117 2865 4173 doctrinae
2894 4117 3123 4173 verbum
3147 4133 3293 4186 esse,
3323 4120 3470 4190 quod

1893 4208 1963 4265 ab
1991 4210 2077 4264 his
2105 4210 2241 4265 viris
2278 4225 2403 4264 cum
2435 4209 2587 4263 omni
2613 4209 2867 4263 libertate
2911 4222 3024 4263 non
3067 4209 3234 4264 fuerit
3271 4210 3474 4280 praedi-

1892 4309 2099 4368 catum,
2132 4301 2244 4356 Deo
2277 4310 2416 4357 teste
2455 4310 2510 4357 et
2550 4300 2907 4357 audientibus
2936 4300 3115 4356 nobis.
3157 4297 3263 4366 Qui
3294 4301 3474 4372 profe-

1894 4433 2112 4504 Arianis
2159 4432 2349 4489 fuisse.
2389 4431 2508 4488 Non
2542 4433 2683 4504 alius
2712 4448 2843 4504 ergo
2883 4435 3192 4493 collocutus
3223 4446 3308 4495 est
3342 4453 3466 4494 cum

206 4503 358 4570 tntis.
382 4503 1058 4630 ἘιΙίιίἐύχαριστἾσαμεν.
1092 4506 1294 4561 Ibidem
1328 4504 1457 4560 editi
1480 4505 1563 4558 ὅτι
1592 4506 1707 4558 ἐστὶ
1735 4522 1789 4558 τι

206 4583 485 4630 λείψανον.
510 4580 671 4630 Deest
702 4595 837 4630 vocu
864 4594 893 4630 a
927 4579 982 4630 in
1009 4576 1199 4630 iisdem
1224 4576 1440 4630 duobus
1477 4590 1608 4629 mss.

1896 4503 2186 4569 Dorotheo,
2220 4520 2323 4559 nec
2357 4506 2496 4559 alius
2526 4503 2802 4559 Meletium
2841 4513 2894 4559 et
2923 4506 3219 4562 Eusebium
3246 4516 3355 4562 tam
3384 4510 3470 4564 in-

1896 4574 2123 4630 honeste
2144 4574 2455 4630 aunellavit.
2478 4575 2573 4630 His
2595 4575 2733 4629 adde
2756 4574 3056 4630 adhibitam
3077 4593 3106 4630 a
3130 4577 3332 4630 Basilio
3348 4593 3470 4630 one-

206 4583 485 4637 λείψανον.
510 4576 671 4636 Deest
702 4576 893 4633 vocula
927 4576 982 4630 in
1009 4576 1199 4630 iisdem
1224 4576 1440 4631 duobus
1477 4590 1608 4629 mss.

282 4644 401 4723 (55)
429 4650 748 4715 Εὑταξίας.
783 4648 926 4723 Editi
957 4645 1167 4700 addunt
1201 4646 1437 4717 ἐκείνης,
1468 4645 1613 4717 quod
1640 4644 1792 4700 nullo

208 4723 269 4778 in
294 4719 499 4777 codice
528 4735 633 4776 ms.
672 4719 961 4789 reperitur.

285 4785 1024 4864 (54)'Hpoo'xsxdipnxérat.
1056 4785 1240 4842 Codex
1291 4785 1581 4842 Medica‘uS
1618 4802 1796 4857 παρα-

208 4862 613 4918 κεκωρηκέναι.

280 4880 756 5002 Ξὲῡὸςηέἓζοῗῗομαι.
777 4927 947 5002 C_oisl.
977 4926 1263 5002 primuset
1277 4923 1790 5002 _Med._)toy_i§dp50a_t.

312 4938 404 4995 55)
427 4938 630 5002 Λογίζο
673 4946 756 4982 αι.
777 4938 947 4983 Uotsl.
977 4941 1186 4995 primus
1208 4938 1263 4980 et
1287 4938 1421 4980 med.
1443 4938 1790 4995 λογιςομευα.

286 4938 401 5076 256)
452 4950 764 5076 Ἡμετέὲαν
798 4993 1115 5052 ἐπιτελεῖν.
1158 4994 1310 5050 Harl.
1343 5004 1394 5051 et
1426 4994 1564 5051 Med.
1600 4996 1794 5067 ὑμετέ-

353 5072 706 5127 ἐπιστέλλειν.

288 5144 404 5215 (57)
433 5134 1193 5215 zvmmoceyﬁodatﬂaec
1231 5138 1503 5215 scriptura
1528 5136 1797 5206 antiquis-

212 5206 343 5275 simi
371 5206 578 5268 codicis
604 5206 770 5266 Coisl.
801 5206 1017 5265 videtur
1041 5206 1377 5277 praeferenda
1414 5206 1647 5277 vulgatae
1671 5223 1795 5275 συγ-

212 5279 1225 5356 καταριθμεῖσθαι.-νίκ-οτριίἰὺὶιοιοξι
1246 5284 1363 5356 tam
1394 5277 1640 5356 iniquum
1662 5290 1795 5356 lser-

212 5345 538 5411 monem'ex
569 5367 667 5408 ore
706 5349 855 5406 Petri
904 5348 1258 5406 Alexandrini
1304 5346 1563 5401 emissum
1603 5345 1793 5400 fuisse.

216 5426 327 5482 Sed
360 5434 545 5479 tamen
577 5422 765 5478 Basilii
793 5423 1165 5491 querelzenon
1192 5418 1356 5471 alium
1388 5426 1570 5486 petere
1602 5416 1795 5491 viden-

219 5504 331 5559 tur,
357 5494 608 5566 quamvis
646 5487 996 5566 leniterrem
1036 5489 1353 5566 in_siuuet_et
1391 5500 1517 5566 cum
1549 5487 1796 5540 urbanis-

221 5557 643 5634 sima'quadam
693 5563 1040 5634 circuitio_ne.
1074 5560 1165 5613 Ait
1209 5559 1355 5611 enim
1400 5557 1503 5610 sibi
1537 5571 1795 5634 narrasse

221 5625 553 5689 Durotheum
593 5648 733 5703 quos
779 5648 903 5687 cum
936 5630 1095 5703 Petro
1129 5643 1410 5703 sermones
1450 5643 1632 5703 coram
1660 5625 1795 5703 ‘Da-

222 5720 379 5757 maso
413 5697 913 5777 lia_huissut_,_seque
957 5699 1108 5777 addit
1137 5700 1486 5777 vehementer
1527 5697 1791 5777 doluisse,

223 5789 347 5830 cum
379 5775 427 5831 is
454 5771 660 5829 diceret
693 5769 963 5829 Melctium
990 5780 1043 5826 et
1067 5769 1360 5825 Eusebium
1387 5777 1703 5822 numeratos
1738 5769 1790 5821 iu

1896 4574 2123 4630 honeste
2144 4574 2733 4648 appellavit._llis_adtle
2756 4574 3056 4648 adhibitam
3077 4593 3106 4631 a
3130 4577 3332 4634 Basilio
3348 4593 3473 4648 ope-

1894 4660 2036 4707 ram,
2072 4644 2419 4716 uteximium
2460 4644 2593 4698 illud
2626 4660 2726 4715 par
2755 4645 3135 4716 episcoporum
3167 4648 3312 4716 apud
3365 4644 3469 4705 Pe-

1895 4723 2042 4786 trum
2088 4714 2512 4786 Alexandrinum
2559 4713 2805 4786 purget;
2822 4713 3169 4772 Demonstrat
3204 4713 3342 4772 etim
3385 4718 3469 4774 vel

1895 4785 1969 4857 ob
2006 4786 2177 4857 solam
2208 4785 2626 4857 persecutionis
2673 4785 2992 4857 Societatem
3036 4786 3295 4857 conjungi
3341 4802 3465 4843 eum

1895 4854 2006 4925 illis
2031 4855 2163 4909 viris
2190 4855 2478 4925 debuisse;
2506 4856 2777 4925 praeterita
2809 4855 3041 4925 libenter
3070 4854 3328 4911 oblivioni
3353 4864 3469 4911 trao

1894 4924 1995 4989 dit,
2024 4925 2185 4996 modo
2220 4924 2476 4994 deinceps
2503 4924 2716 4996 initium
2750 4924 2968 4994 aliquod
2991 4927 3276 4996 pacillcum
3309 4927 3469 4982 insti-

1896 5003 2105 5065 tuatur.
2142 4994 2267 5065 ΕΙωο
2300 5000 2554 5065 proiecto
2576 4995 2810 5064 probant
2831 4994 3077 5065 iniquum
3110 4996 3242 5051 illud
3273 4996 3342 5052 de
3366 4996 3470 5052 Me-

1898 5064 2027 5118 letio
2064 5071 2120 5118 et
2172 5063 2408 5121 Eusebio
2461 5063 2752 5132 judicium,
2797 5063 2946 5133 quod
2997 5065 3201 5121 Basilio
3252 5073 3466 5122 tantum

1895 5134 2100 5201 inussit
2131 5135 2363 5197 doloris,
2401 5149 2430 5188 a
2456 5133 2618 5189 Petro
2647 5133 2953 5204 profectum
2997 5152 3140 5192 esse.
3172 5135 3369 5191 Mirum
3410 5136 3467 5192 id

1894 5204 1966 5260 de
2003 5213 2158 5259 tanto
2187 5206 2310 5260 viro
2349 5221 2414 5259 ac
2441 5206 2797 5276 luctuosum:
2834 5206 2930 5276 sed
2973 5206 3101 5261 inde
3140 5207 3469 5276 perSpicitur

1896 5276 2029 5343 quid
2072 5284 2300 5345 peccent
2332 5276 2512 5331 studia
2557 5274 2816 5343 partium.
2851 5274 3121 5330 Videntur
3140 5274 3291 5332 enim
3322 5277 3467 5332 hanc

1897 5347 2059 5400 Petro
2090 5346 2401 5416 opinionem
2443 5346 2698 5416 injecisse
2749 5346 3040 5403 calidiores
3070 5346 3282 5401 Paulini
3331 5350 3467 5402 asti-

1895 5414 2194 5488 pulatores.
2228 5414 2348 5471 Non
2394 5418 2601 5485 aaquior
2638 5415 2758 5488 fuit
2792 5415 2849 5470 in
2874 5416 3158 5488 _M_eletium
3200 5416 3470 5488 Hieron?

1896 5485 2041 5548 inus.
2074 5496 2131 5541 ut
2152 5495 2298 5557 patet
2322 5502 2391 5557 e_x
2413 5487 2534 5557 ejus
2565 5485 2798 5554 epistola
2825 5485 2893 5540 ad
2922 5485 3216 5557 Damasum
3248 5485 3466 5557 papam.

1968 5558 2080 5629 (58)
2112 5552 2280 5624 Παρὰ
2302 5552 2686 5629 edn-.iltatres
2715 5552 3072 5629 vetustissimi
3096 5552 3467 5612 codices'cum

1898 5624 2145 5699 pluribus
2176 5629 2317 5701 aliis.
2365 5625 2655 5701 Editiﬁrzo
2684 5624 2814 5701 τῷν.
2855 5627 3024 5684 l’auio
3070 5634 3194 5701 post
3234 5636 3470 5700 quatuor

1898 5696 2030 5753 iuss.
2060 5698 2394 5754 recentiores
2424 5696 2816 5767 ὲπεδεξάμεθα.
