3878 6222
415 363 516 426 993
1707 393 1717 420 ;
1742 374 1801 428 S.
1846 370 2093 427 BASlLll
2132 370 2347 428 MAGNI
3570 360 3670 415 996

414 493 506 537 cto
531 496 600 536 ne
623 479 692 536 ad
717 481 908 536 horam
935 483 1156 553 quidem
1179 483 1597 541 admisissemus
1627 500 1818 542 eorum
1842 501 1990 542 com~

2113 486 2310 555 'tcpstav,
2349 484 2397 536 εἰ
2449 481 2746 546 σκάζοντας
2785 480 2980 542 αὐτοὺς
3014 478 3141 549 περὶ
3177 476 3275 547 τὴν
3304 475 3494 528 πίστιν
3514 473 3671 544 εὖρο-

414 574 756 640 munionem,
805 576 850 632 si
879 575 1008 633 illos
1037 577 1094 630 in
1124 575 1231 631 ﬁde
1263 577 1641 634 claudicantes
1682 579 1987 649 deprehen-

2113 596 2214 633 ιεν.
2263 576 2439 641 Ἀλλά,
2475 577 2523 628 εί
2555 574 2720 638 δοκεῖ,
2749 573 2819 626 τὰ
2860 569 3196 643 παρελθόντα
3234 569 3514 638 ἐάσωμεν,
3560 569 3673 630 τοῖς

415 666 712 722 dissemus.
745 664 874 734 Sed,
917 669 962 724 si
1012 669 1307 736 videbitur,
1344 669 1664 726 omittamus
1689 672 1990 741 praeterita,

2113 670 2146 722 ἑὲ
2169 667 2367 738 ἐφεξῆς
2387 667 2561 738 ἀρχήν
2583 681 2702 718 τινα
2721 662 2901 734 δῶμεν
2921 662 3221 732 εἰρηνικήν.
3240 657 3536 731 Χρῄζομεν
3565 656 3673 727 γὰρ

416 761 618 818 futuris
662 767 846 816 autem
894 760 1113 815 initium
1171 761 1391 831 aliquod
1446 761 1636 817 demus
1677 762 1986 833 paciﬁcum.

2113 759 2335 831 ιλλήλων
2359 758 2557 820 πάντες
2587 754 2729 809 κατὰ
2756 754 2854 826 τὴν
2881 753 2991 808 τῶν
3023 751 3198 824 μελῶν
3227 749 3542 814 κοινωνίαν,
3577 751 3672 803 καὶ

414 849 552 906 Nam
601 851 762 908 nobis
807 851 1043 906 invicem
1093 852 1401 924 indigemus
1449 869 1642 910 omnes
1685 855 1990 911 secundum

2113 852 2327 906 ιάλιστα
2351 851 2466 915 νῦν,
2490 851 2578 903 ὅτε
2612 850 2668 903 αἱ
2698 849 2794 920 τῆς
2819 846 3108 918 Ἀνατολῆς
3151 842 3478 915 Ἐκκλησίαι
3532 842 3670 913 πρὸς

416 946 788 1000 membrorum
813 947 1155 1010 societatem,
1199 953 1254 1001 et
1300 946 1536 1002 maxime
1565 948 1819 1017 praesenti
1851 956 1990 1003 tem-

2113 945 2240 1015 “1.5.;
2269 942 2378 1012 (59)
2415 940 2800 1006 ἀποϐλέπουσι,
2849 940 2944 992 καὶ
2973 939 3072 1009 τὴν
3105 937 3202 1007 μὲν
3227 935 3504 1007 ὑμετέραν
3541 935 3672 1005 ὁμό-

416 1050 570 1106 pore,
600 1052 710 1108 quo
733 1035 973 1093 Orientis
1007 1037 1264 1092 Ecclesia:
1317 1039 1385 1094 ad
1427 1055 1529 1096 nos
1561 1040 1881 1110 respiciunt,
1925 1054 1990 1094 ac

2113 1055 2238 1092 ιοιαν
2265 1034 2516 1108 ἀφορμὴν
2545 1036 2626 1098 εἰς
2651 1031 2952 1105 στηριγμδν
2987 1032 3083 1085 καὶ
3109 1029 3441 1100 βεϐαιότητα
3471 1028 3670 1098 λήψον-

415 1133 600 1182 vestra
633 1128 852 1198 quidem
897 1128 1007 1184 illis
1037 1127 1339 1182 concordia
1368 1130 1586 1186 roboris
1626 1139 1681 1186 et
1718 1130 1990 1186 ﬁrmitatis

2113 1147 2208 1184 ταν
2241 1130 2335 1183 ἐὰν
2392 1129 2450 1182 δὲ
2503 1127 2796 1182 αἴσθωνται
2845 1125 2990 1196 ὑμᾶς
3035 1125 3094 1176 ἐν
3137 1121 3349 1192 ὑποψία
3377 1120 3484 1172 τινῖ
3511 1120 3672 1190 ,πρὸς

415 1219 521 1276 erit
559 1222 819 1288 occasio;
851 1221 947 1276 sed
987 1221 1035 1278 si
1065 1238 1162 1278 vos
1191 1224 1434 1278 sentiant
1463 1233 1651 1278 mutua
1679 1223 1863 1294 aliqua
1900 1239 1993 1279 su-

2113 1219 2356 1291 ἰλλήλους
2380 1214 2540 1284 εἷναι,
2564 1215 2951 1287 ἐκλυθήσονται
2982 1215 3076 1268 καὶ
3100 1215 3440 1284 παρήσουσιν
3465 1209 3672 1264 ἑαυτῶν

419 1308 668 1381 spicione
698 1311 974 1375 laborare,
1002 1309 1350 1366 resolventur
1378 1327 1442 1366 ac
1472 1327 1669 1369 manus
1695 1311 1994 1379 remittent,

2113 1312 2193 1376 τὰς
2225 1315 2434 1385 χεῖρας,
2456 1311 2593 1384 πρὸς
2625 1308 2687 1364 τδ
2711 1309 2786 1382 μὴ
2825 1308 3103 1378 ἀνταίρειν
3130 1308 3244 1369 τοῖς
3270 1303 3558 1375 πολεμίοις
3575 1303 3671 1372 τῆς

416 1403 718 1473 quominus
747 1403 1032 1460 obsistant
1061 1401 1184 1457 ﬁdei
1218 1401 1489 1460 hostibus.

851 1553 1189 1612 EPISTOLA
1224 1553 1502 1613 CCLXVII
1527 1558 1569 1614 '.

2097 1403 2349 1468 πίστεως.

2608 1555 2958 1611 ΕΠΙΣΤΟΛΗ
2987 1555 3145 1609 ΣΞΐ.

422 1687 636 1742 Basilius
655 1689 820 1761 gravi
838 1692 1060 1755 corporis
1101 1689 1393 1756 inﬁmitate,
1437 1691 1692 1756 quominus
1734 1697 1942 1761 Bai-sam
1959 1692 2171 1761 'invisat,
2204 1702 2262 1761 et
2284 1693 2610 1761 Ecclesiamm
2635 1693 3018 1761 cura_de_tentu_s,
3041 1689 3290 1761 desiderio
3327 1703 3534 1761 suo_per
3552 1688 3678 1761 (itte:

479 1764 562 1801 ras
589 1752 838 1821 satisfecit,
883 1752 1084 1818 eumque
1121 1752 1260 1821 rogat
1301 1762 1354 1805 ut
1382 1752 1481 1818 ’pr'o
1513 1769 1564 1806 se
1599 1763 1642 1806 et
1681 1770 1771 1818 pro
1810 1757 2026 1808 Ecclesia
2067 1752 2170 1809 oret
2186 1772 2206 1820 ;
2230 1756 2341 1820 jam
2371 1771 2422 1810 se
2458 1760 2523 1807 ad
2543 1770 2653 1808 eum
2674 1753 2927 1818 scripsisse
2948 1752 3180 1815 declarat,
3202 1761 3247 1805 et
3284 1752 3516 1816 quaedam
3535 1752 3674 1802 mittit

479 1814 781 1864 munuscula.

667 1939 878 2008 Barsaz,
916 1943 1157 2010 episcopo
1197 1941 1434 2009 Edessa,
1463 1943 1751 1999 exsulanti.

494 2075 760 2149 Equidem
803 2093 906 2150 pro
937 2095 1058 2135 mea
1090 2079 1147 2134 in
1174 2088 1323 2134 tuam
1355 2082 1612 2151 pietatem
1662 2081 1830 2135 animi
1864 2079 1996 2137 affe-

423 2169 605 2224 ctione
633 2178 950 2238 exoptarem
974 2185 1160 2225 coram
1187 2171 1405 2236 adesse,
1437 2183 1492 2227 et
1519 2186 1705 2227 veram
1737 2179 1886 2226 tuam
1911 2171 1996 2227 di-

423 2258 712 2315 lectionem
742 2274 839 2330 per
867 2275 952 2315 me
995 2261 1112 2332 ipse
1154 2261 1428 2331 amplecti,
1461 2275 1526 2316 ac
1557 2259 1847 2316 Dominum
1875 2261 1995 2331 glo-

427 2351 664 2418 riﬁcare,
697 2351 792 2421 qui
823 2351 878 2405 in
908 2360 960 2406 te
991 2351 1372 2422 magniﬁcatus
1406 2361 1511 2419 est,
1541 2353 1996 2406 ac'venerandam

426 2448 579 2494 tuam
627 2450 964 2496 senectutem
997 2442 1258 2496 omnibus
1291 2441 1584 2497 Dominum
1630 2444 1687 2497 in
1721 2450 1995 2499 terrarum

424 2531 560 2587 orbe
589 2532 910 2589 timentibus
942 2534 1210 2588 illustrem
1239 2549 1303 2589 ac
1329 2537 1684 2606 conspicuam
1722 2536 1995 2606 praestitit.

429 2621 536 2680 Sed
563 2625 691 2695 quia
721 2633 776 2680 et
809 2627 994 2696 gravis
1023 2627 1273 2699 corporis
1309 2629 1601 2685 infirmitas
1633 2644 1720 2683 me
1753 2628 1996 2694 afﬂictat,

428 2727 485 2770 et
517 2714 886 2772 Ecclesiarum
930 2733 1062 2772 cura
1097 2734 1208 2774 non
1251 2719 1579 2774 enarrabilis
1610 2720 1741 2772 mihi
1785 2720 1999 2773 incum-

428 2810 528 2876 bit,
565 2811 763 2872 nec,in
792 2826 910 2866 mea
948 2812 1116 2866 situm
1155 2824 1241 2868 est
1270 2819 1560 2881 potestate,
1613 2819 1672 2864 ut
1701 2825 1810 2879 quo
1843 2810 1998 2865 velim

428 2903 779 2972 proﬁciscar,
831 2912 885 2958 et
936 2903 1263 2974 congrediar
1307 2903 1634 2974 quibuscum
1671 2903 1864 2973 cupio;
1905 2917 2002 2972 per

429 2994 642 3052 litteras
676 2995 824 3055 lenio
868 3011 1048 3050 meum
1101 2996 1282 3061 bonis,
1331 3011 1452 3065 quae
1502 2996 1558 3049 in
1601 3004 1652 3050 te
1684 3002 1833 3059 sunt,
1880 3010 2003 3064 per-

429 3087 649 3150 fruendi
703 3088 1035 3144 desiderium
1091 3103 1156 3144 ac
1222 3089 1481 3144 eximiam
1544 3097 1693 3142 tuam
1749 3090 2000 3158 pietatem

429 3180 712 3248 adhortor,
739 3189 800 3234 ut
826 3196 924 3251 pro
953 3197 1038 3236 me
1067 3197 1134 3235 ac
1156 3179 1403 3236 Ecclesia
1434 3181 1700 3251 preceris,
1735 3188 1794 3234 ut
1821 3178 2003 3233 Domi-

429 3287 536 3327 nus
571 3271 665 3327 det
704 3272 863 3328 nobis
907 3273 1028 3327 sine
1079 3271 1381 3327 offensione
1417 3273 1710 3327 decurrere
1763 3272 2003 3341 reliquos

429 3364 551 3420 dies
587 3374 684 3420 aut
718 3364 886 3420 horas
919 3365 1383 3436 peregrinationis
1424 3375 1646 3428 nostrae,
1680 3379 1745 3420 ac
1784 3371 2006 3434 praestet

430 3458 622 3524 etiam,
651 3465 714 3513 ut
754 3459 1042 3514 videamus
1073 3473 1262 3529 pacem
1305 3457 1681 3513 Ecclesiarum
1724 3459 1919 3529 ipsius,
1954 3469 2008 3515 et

433 3557 552 3604 tum
587 3548 656 3604 de
680 3549 909 3621 reliquis
936 3550 1052 3606 tuis
1088 3550 1486 3606 comministris
1517 3565 1582 3604 ac
1623 3549 2008 3605 commilitoni-

432 3641 538 3697 bus
575 3641 866 3698 audiamus
908 3657 974 3697 ea
1015 3657 1137 3712 quae
1172 3657 1483 3712 precamur,
1536 3649 1655 3696 tum
1694 3641 1762 3697 de
1811 3643 2005 3713 teipso,

432 3748 556 3803 quae
584 3733 672 3790 die
715 3749 780 3791 ac
815 3741 976 3790 nocte
1008 3735 1195 3805 populi
1236 3735 1336 3788 tibi
1389 3734 1593 3788 subditi
1641 3733 1938 3805 efflagitant
1978 3751 2008 3790 a

435 3824 669 3882 Domino
706 3827 955 3898 justitiae.
1000 3826 1153 3882 Scito
1205 3837 1384 3881 autem
1421 3842 1506 3882 me
1524 3826 1689 3899 414
1713 3842 1824 3882 non
1868 3843 2010 3900 sape

434 3917 657 3989 quidem
691 3919 1005 3989 scripsisse,
1036 3934 1138 3974 nec
1172 3920 1391 3989 quoties
1417 3935 1516 3989 par
1553 3921 1755 3986 fuerat,
1791 3919 1887 3975 sed
1921 3929 2002 3974 ta-

437 4024 565 4066 men
593 4011 887 4082 scripsisse
919 4011 983 4065 ad
1011 4021 1161 4066 tuam
1195 4013 1472 4082 pietatem.
1505 4011 1583 4065 Ac
1614 4011 1753 4067 forte
1781 4029 1888 4066 non
1916 4028 2012 4082 po—

437 4109 667 4157 tuerunt
723 4117 947 4157 servare
992 4103 1354 4158 salutationes
1397 4118 1568 4164 meas,
1623 4103 1718 4172 qui
1771 4103 2012 4159 ministe-

439 4193 582 4246 rium
606 4193 911 4248 litterarum
942 4201 1299 4264 susceperant
1325 4193 1547 4248 fratres.
1581 4191 1688 4247 Sed
1713 4209 1863 4248 nunc
1886 4209 2011 4248 cum

441 4285 600 4354 copia
639 4286 711 4340 sit
739 4287 872 4340 mihi
906 4286 1272 4357 quorumdam
1297 4302 1327 4342 e
1358 4287 1567 4341 nostris
1591 4285 1659 4339 ad
1690 4294 1838 4341 tuam
1875 4301 2008 4357 prae-

440 4375 698 4430 stantiam
747 4376 1236 4445 proﬁciscentium,
1288 4386 1344 4432 et
1380 4376 1592 4431 litteras
1635 4375 1718 4431 eis
1763 4377 2012 4431 commisi

440 4468 692 4533 libenter,
725 4475 780 4524 et
810 4468 937 4524 misi
975 4470 1260 4532 nonnulla,
1295 4484 1416 4539 qua:
1445 4470 1669 4538 dignare
1703 4484 1734 4523 a
1759 4485 1880 4525 mea
1913 4470 2014 4524 hu-

441 4559 673 4614 militate
716 4561 997 4630 suscipere
1048 4559 1169 4614 sine
1204 4560 1448 4622 fastidio,
1495 4575 1559 4614 ac
1604 4561 1738 4614 mihi
1766 4561 2014 4631 exemplo

2029 1957 2073 2013 Β
2109 1915 2119 2008 ,ί
2170 1943 2397 2014 Βάρσῃ,
2431 1944 2740 2007 ἐπισκόπῳ
2789 1942 3096 2010 Ἐδέσσης,
3116 1940 3187 1995 ἐν
3220 1939 3430 2008 ἐξορίᾳ
3459 1939 3607 1992 ὄντι.

2181 2082 2322 2153 Ἐγὼ
2352 2082 2452 2152 τῆς
2492 2080 2785 2144 διαθέσεως
2811 2079 2909 2151 μὲν
2941 2079 3149 2141 ἕνεκεν,
3174 2072 3243 2148 ἧς
3281 2076 3394 2146 ἐχω
3421 2075 3555 2146 περὶ
3582 2076 3681 2144 τὴν

2101 2174 2199 2247 σὴν
2220 2173 2549 2239 θεοσέϐειαν,
2576 2172 2883 2243 ἐπεθύμουν
2922 2171 3084 2235 αὐτὸς
3112 2169 3548 2241 παραγενέσθαι,
3588 2168 3679 2221 καὶ

2099 2269 2166 2322 δι’
2202 2266 2440 2339 ἐμαυτοῦ
2490 2265 2920 2338 περιπτύξασθαί
2972 2283 3066 2318 σου
3099 2265 3200 2336 τὴν
3240 2264 3508 2334 ἀληθινὴν
3547 2263 3682 2328 ἀγά-

2101 2373 2232 2429 πην,
2280 2357 2375 2411 καλ⁹
2420 2356 2640 2422 δοξάσαι
2696 2357 2788 2410 τὸν
2837 2357 3042 2427 Κύριον
3069 2354 3162 2408 τὸν
3197 2356 3256 2407 ἐν
3291 2355 3374 2406 σοὶ
3409 2351 3679 2424 μεγαλύνε-

2103 2451 2285 2514 θέντα,
2317 2451 2412 2504 καὶ
2443 2450 2504 2504 τὸ
2539 2449 2718 2520 τίμιόν
2747 2466 2839 2501 σου
2871 2449 3047 2520 γῆρας
3080 2446 3380 2518 περιφανὲς
3406 2445 3684 2514 κατακτή-

2105 2559 2272 2596 σαντα
2312 2543 2444 2595 πᾶσι
2475 2545 2586 2606 τοῖς
2620 2544 2676 2595 ἐν
2700 2545 2768 2613 τῇ
2792 2541 3082 2612 οἰκουμένῃ
3114 2539 3472 2610 φοϐουμένοις
3499 2537 3681 2590 αὐτόν·

2104 2634 2289 2706 ἐπειδὴ
2318 2634 2374 2688 δὲ
2408 2635 2502 2688 καὶ
2557 2635 2808 2688 ἀσθένεια
2839 2634 2931 2686 τοῦ
2987 2631 3237 2702 σώματος
3268 2631 3467 2702 βαρεῖα
3515 2646 3682 2681 κατα-

2105 2729 2258 2779 πονεῖ
2284 2727 2482 2796 μενκαὶ
2507 2727 2726 2797 φροντὶς
2753 2723 3085 2796 Ἐκκλησιῶν
3117 2723 3391 2776 ἐπίκειταί
3427 2738 3520 2792 μοι
3544 2720 3684 2790 ἀμύ-

2107 2819 2290 2890 θητος,
2331 2818 2424 2872 καὶ
2453 2819 2553 2872 οὐκ
2597 2819 2713 2889 εἰμὶ
2745 2817 2981 2888 ἐμαυτοῦ
3019 2814 3208 2887 κύριος
3237 2814 3375 2885 πρὸς
3391 2814 3452 2865 τὸ
3481 2811 3684 2883 ἀποδη-

2111 2914 2231 2982 μεῖν
2264 2911 2396 2964 όπου
2429 2909 2709 2980 βούλομαι,
2756 2910 2851 2961 καὶ
2881 2906 3267 2976 συντυγχάνειν
3302 2899 3384 2967 οἷς
3407 2902 3684 2973 ἐπιθυμῶ,

2106 3003 2194 3058 διὰ
2223 3003 2315 3056 τοῦ
2361 3003 2686 3074 γράμματος
2720 3000 2982 3056 ἀναπαύω
3026 2999 3116 3054 τὸν
3154 2997 3318 3051 πόθον
3353 2996 3416 3049 δν
3443 2996 3557 3068 έχω
3595 2995 3686 3046 ἐπὶ

2108 3097 2173 3164 τῇ
2206 3094 2500 3146 ἀπολαύσει
2549 3092 2656 3145 τῶν
2686 3093 2744 3144 ἐν
2795 3089 2878 3145 σοὶ
2899 3089 3100 3155 καλῶν,
3125 3088 3220 3142 καὶ
3258 3086 3567 3159 παρακαλῶ
3589 3087 3688 3155 τὴν

2110 3183 2517 3256 ἀνυπέρϐλητόν
2549 3200 2642 3237 σου
2667 3182 2952 3237 εὐλάϐειαν
2975 3178 3227 3250 εθχεσθαι
3253 3179 3396 3249 ὑπὲρ
3428 3175 3567 3247 ἐμοῦ
3594 3176 3687 3229 καὶ

2108 3276 2208 3346 τῆς
2248 3274 2589 3344 Ἐκκλησίας,
2620 3275 2708 3328 ἴνα
2750 3276 2778 3327 ό
2803 3272 3020 3344 ’Κύριος
3047 3271 3121 3343 δῷ
3153 3273 3285 3342 ἡμῖν
3317 3268 3688 3339 ὰπροσκόπως

2107 3367 2394 3438 παρελθεῖν
2417 3367 2514 3430 τὰς
2539 3365 2880 3436 λυπουμένας
2901 3364 3117 3437 ἡμέρας
3165 3364 3199 3434 ἢ
3234 3362 3386 3434 ῶρας
3407 3363 3510 3432 τῆς
3544 3378 3686 3432 παρ·

2109 3459 2400 3530 επιδημίας
2438 3459 2593 3531 ἡμῶν
2619 3475 2634 3489 ·
2691 3459 2961 3530 παράσχοι
3014 3457 3071 3510 δὲ
3111 3459 3242 3527 ἡμῖν
3273 3456 3368 3509 καὶ
3420 3456 3552 3508 ἰδεῖν
3589 3454 3688 3524 τὴν

2108 3551 2330 3622 εἰρήνην
2356 3550 2465 3604 τῶν
2495 3550 2828 3622 Έκκλησιῶν
2861 3549 3049 3616 αὑτοῦ,
3087 3549 3182 3602 καὶ
3207 3547 3437 3601 ἀκοῦσαι
3468 3547 3597 3618 περί
3627 3563 3684 3598 τε

2107 3645 2216 3698 τῶν
2240 3644 2442 3698 λοιπῶν
2482 3642 2908 3714 συλλειτουργῶν
2946 3659 3039 3695 σου
3080 3642 3173 3694 καὶ
3201 3639 3307 3694 τῶν
3337 3639 3689 3710 συναθλητῶν

2108 3737 2144 3792 ἃ
2176 3735 2465 3808 εὐχόμεθα,
2495 3737 2590 3790 καὶ
2619 3734 2748 3806 περὶ
2778 3733 2871 3787 σοῦ
2930 3732 3119 3797 αὐτοῦ,
3152 3730 3190 3785 ἃ
3228 3731 3421 3793 νυκτὸς
3453 3729 3568 3801 (60)
3594 3731 3687 3782 καὶ

2111 3832 2324 3901 ἡμέρας
2343 3831 2392 3883 οἱ
2423 3829 2526 3882 ὑπὸ
2551 3828 2609 3882 σὲ
2635 3828 2753 3882 λαοὶ¹
2776 3825 2995 3896 ζητοῦσι
3036 3825 3186 3896 παρὰ
3211 3823 3305 3878 τοῦ
3346 3824 3558 3894 Κυρίου
3593 3824 3686 3892 τῆς

2109 3921 2474 3994 δικαιοσύνης.
2522 3921 2760 3974 Γίνωσκε
2787 3918 2863 3984 δέ,
2890 3921 2970 3974 ὅτι
2993 3918 3251 3981 πολλάκις
3302 3918 3405 3989 μὲν
3431 3919 3535 3971 οὐκ
3589 3920 3686 3970 ἐπ-

2111 4013 2427 4082 εστείλαμεν
2456 4051 2471 4076 ,
2521 4011 2643 4066 ούδέ
2699 4011 2886 4073 ὁσάκις
2931 4009 3276 4080 ὀφειλόμενον
3319 4005 3409 4080 ἦν,
3444 4009 3686 4061 ἐπεστεί-

2110 4106 2281 4177 λαμεν
2339 4106 2396 4159 δὲ
2441 4106 2590 4175 ὅμως
2627 4109 2693 4176 τῇ
2755 4103 3033 4174 θεοσεϐείᾳ
3081 4121 3195 4158 σου.
3246 4106 3356 4158 Καὶ
3407 4106 3551 4174 τάχα
3593 4105 3691 4156 οὐκ

2111 4195 2454 4266 ἠδυνήθησαν
2498 4195 2758 4248 διασῶσαι
2796 4194 2896 4259 τὰς
2931 4195 3298 4267 προσηγορίας
3326 4197 3484 4268 ἡμῶν
3518 4198 3569 4249 οἱ
3605 4214 3690 4248 πι-

2115 4288 2428 4351 στευθέντες
2463 4288 2563 4359 τὴν
2599 4286 2872 4341 διακονίαν
2911 4288 3020 4341 τῶν
3067 4290 3413 4360 γραμμάτων
3450 4287 3686 4357 ἀδελφοί.

2127 4379 2285 4433 Ἀλλὰ
2316 4379 2432 4444 νῦν,
2486 4379 2673 4451 ἐπειδὴ
2723 4379 3059 4451 ἐπετύχομεν
3103 4380 3392 4452 ἡμετέρων
3419 4380 3530 4434 τῶν
3555 4380 3688 4432 660t-

2115 4473 2424 4545 πορούντων
2464 4473 2601 4543 πρὸς
2643 4471 2742 4543 τὴν
2798 4473 2897 4543 σὴν
2936 4473 3242 4543 τιμιότητα,
3276 4473 3372 4525 καὶ
3407 4472 3477 4524 τὰ
3509 4471 3688 4541 γράμ-

2119 4581 2265 4636 ματα
2296 4564 2479 4627 αὐτοῖς
2499 4563 2907 4635 ἐνεχειρίσαμεν
2957 4564 3273 4636 προθύμως,
3309 4563 3406 4616 καὶ
3438 4563 3690 4617 ἀπεστείι

440 4647 592 4704 lsaac
621 4647 945 4718 patriarchae
975 4647 1301 4704 benedicere
1320 4649 1385 4704 "°.
1415 4649 1571 4714 Quod
1593 4651 1637 4703 si
1665 4649 1794 4718 quid
1825 4652 2006 4715 etiam,

2118 4655 2286 4726 λαμέν
2333 4655 2444 4726 (61)
2487 4672 2628 4719 τινα,
2663 4654 2700 4708 ἂ
2742 4652 3077 4719 καταξίωσον
3124 4653 3486 4720 ὑποδέξασθαι
3545 4655 3691 4724 παρὰ

443 4747 503 4794 ιιι
525 4739 777 4809 occupati
821 4739 1174 4810 animumque
1201 4755 1458 4794 curarum
1479 4739 1829 4796 multitudine
1848 4742 2014 4796 obru-

443 4840 558 4885 tum
587 4829 872 4896 habentes,
913 4831 1102 4886 decori
1151 4830 1513 4901 negleximus,
1550 4831 1684 4884 mihi
1722 4846 1792 4886 ne
1837 4833 2013 4902 impu-

444 4921 668 4986 taveris,
709 4937 888 4992 neque
918 4922 1173 4979 afﬁciaris
1207 4921 1476 4976 tristitia:
1506 4921 1598 4976 sed
1633 4930 1778 4975 tuam
1813 4924 1869 4978 in
1897 4940 2013 4979 om-

448 5014 608 5068 nibus
641 5012 1026 5082 perfectionem
1066 5014 1282 5069 imitare
1319 5032 1332 5068 :
1363 5019 1423 5067 ut
1453 5021 1506 5067 et
1549 5028 1649 5067 nos
1689 5014 1889 5069 virtute
1920 5021 2013 5066 tua

450 5102 812 5173 perfruamur,
849 5105 1306 5176 quemadmodum
1335 5115 1389 5162 et
1420 5106 1616 5177 reliqui
1663 5121 1876 5162 onmes.
1918 5106 2013 5160 Sa-

522 5263 567 5295 “
587 5259 724 5320 Gen.
758 5261 1045 5331 xxvibgj.

521 5419 720 5474 ‘Alias
767 5413 1110 5474 CCCXXV".
1161 5417 1375 5488 Scripta
1452 5416 1663 5472 videtur
1716 5431 1859 5472 anno
1913 5414 2019 5470 577

449 5499 698 5550 exeunte,
723 5497 816 5543 aut
844 5488 948 5543 578
985 5490 1228 5544 ineunte.

521 5558 632 5629 (59)
659 5558 814 5629 Πρὸς
865 5558 1044 5628 ἡμᾶς.
1090 5558 1265 5618 Harl.,
1300 5557 1486 5629 Coisl.
1534 5557 1796 5629 primus,_
1815 5554 2018 5627 Regius

451 5626 682 5699 primus,
713 5626 980 5699 Paris.'et
1009 5629 1183 5699 Bigot.
1218 5627 1354 5699 πρὸς
1381 5626 1552 5699 ἠμᾶςξ
1585 5627 1728 5681 Infra
1766 5626 2018 5699 Βεεζεβ-

451 5697 682 5837 (ig-rigua
691 5706 745 5752 et
766 5698 932 5754 Coisl.
966 5697 1239 5754 secundus
1263 5697 1362 5768 τὴν
1387 5697 1681 5768 ἡμετέραν,
1715 5708 1766 5754 et
1791 5697 2013 5751 αἴσθων-

452 5785 482 5820 τ
523 5784 540 5819 ι
607 5783 644 5836 μ
683 5783 732 5828 ς.

452 5779 540 5822 ται
565 5779 732 5836 ημᾶς.

2116 4745 2503 4818 τῆςὴμετέρας
2521 4744 2900 4811 ταπεινώσεως
2930 4747 3388 4818 ἁνυπερηφάνως,
3419 4745 3689 4800 καὶ-εὐλορ

2117 4839 2282 4908 γῆσαι
2339 4838 2488 4907 ἡμᾶς
2533 4837 2670 4891 κατὰ
2705 4839 2934 4909 μίμησιν
2960 4838 3053 4891 τοῦ
3095 4837 3436 4909 πατριάρχου
3489 4837 3687 4890 Ἰσαάκ.

2118 4929 2180 4981 Εἰ
2237 4928 2294 4982 δέ
2349 4945 2423 4991 τι,
2472 4929 2566 4981 καὶ
2606 4928 2681 4993 ὡς
2722 4928 3130 4999 ἀσχολούμενοι,
3182 4928 3276 4980 καὶ
3314 4927 3422 4980 ὑπὸ
3459 4927 3692 4998 πλήθους

2119 5015 2414 5087 φροντίδων
2440 5015 2532 5069 τὸν
2555 5017 2679 5072 νοῦν
2711 5016 3078 5088 βαπτισμένον
3094 5017 3329 5088 ἔχοντες,
3361 5018 3691 5089 παρείδομεν

2118 5107 2224 5160 τῶν
2272 5107 2610 5177 πρεπόντων,
2670 5108 2745 5180 μὴ
2791 5109 2982 5181 λογίσῃ
3024 5110 3178 5179 ἡμῖν,
3235 5108 3370 5180 μηδὲ
3409 5108 3651 5180 λυπηθῇς
3675 5123 3688 5134 ·

2191 5415 2302 5485 (60)
2332 5418 2401 5468 Ἃ
2434 5418 2676 5483 νυκτός.
2711 5414 2857 5471 Editi
2901 5414 2938 5469 ἃ
2971 5416 3063 5469 καὶ
3109 5413 3322 5485 νυκτός,
3368 5411 3534 5471 Deest
3562 5427 3694 5485 geon-

2115 5483 2329 5568 iunctio
2363 5487 2417 5540 in
2446 5487 2721 5558 plerisque
2753 5501 2884 5543 mss.
2917 5485 3087 5540 Paulo
3119 5493 3246 5539 ante
3277 5483 3452 5540 Coisl.
3489 5483 3694 5555 primus

2119 5554 2831 5698 ἀθίὲῗῗγλπεστειλαμεν.
2864 5625 3113 5698 Quinque
3134 5624 3354 5698 codices
3383 5620 3690 5698 sitaqu-

2167 5687 2251 5818 596
2277 5687 2522 5761 Quatuor
2563 5687 2909 5768 ἐστείλαμενῖ
2945 5687 3062 5749 Mo'x
3091 5695 3261 5751 codex
3299 5693 3589 5749 Medicaeus
3610 5687 3690 5741 δέ·

2167 5783 2220 5818 ισ
2255 5783 2328 5818 αι.

2122 5783 2328 5830 ςασυαι.
