3878 6222
212 328 351 384 997‘

1161 317 1652 376 EPISTOLARUM
1685 315 1974 373 CLASSIS
2010 317 2076 372 Il.
2117 316 2340 374 EPIST.
2380 316 2700 374 CCLXVIII.

3378 319 3475 377 998

212 443 351 498 ἀλλὰ
382 442 624 514 μίμησαι
680 440 780 511 τὴν
831 439 1061 493 σεαυτοῦ
1095 441 1152 492 ἐν
1183 440 1317 492 πᾶσι
1343 439 1679 510 τελειότητα,
1712 436 1799 489 ἵνα
1829 488 1832 496 ,

1921 453 2030 501 ηιιε,
2073 437 2126 491 in
2156 435 2389 493 Domino
2421 438 2601 502 laetus,
2650 452 2715 492 ac
2739 445 2958 506 prome
2989 449 3174 500 orans,
3217 438 3476 495 conceda-

211 537 310 590 καὶ
367 537 530 606 ἡμεῖς
593 532 991 603 ἀπολαύσωμεν
1052 549 1144 584 σου
1188 533 1285 603 τῆς
1345 531 1565 602 ἀρετῆς,
1603 530 1678 592 ὼς
1712 527 1807 582 καὶ

1921 529 1991 583 ris
2020 530 2155 584 mihi
2187 539 2240 585 et
2273 530 2368 586 Dei
2394 529 2675 587 Ecclesiae.

210 632 262 686 oi
301 632 484 686 λοιποὶ
535 629 756 694 πάντες.
819 629 1180 700 Ἐρῤωμένος,
1232 628 1470 699 εὔθυμος
1500 626 1613 696 (62)
1664 627 1723 678 ἐν
1763 623 1974 695 Κυρίῳ,
2039 627 2470 699 ὑπερευχόμενός
2511 645 2635 698 μου,
2667 625 2984 699 χαρισθείης
3018 642 3107 697 μοι
3142 624 3236 680 καί
3263 627 3333 696 τῇ
3389 621 3480 679 τοῦ

210 723 349 776 Θεοῦ
392 721 691 795 Ἐκκλησία

739 835 1089 889 ΕΠΙΣΤΟΛΗ
1115 836 1278 889 ΣΞΗ¹.

2313 829 2664 887 EPISTOLA
2686 827 3009 906 eamut
3032 837 3070 886 ι.

213 957 419 1022 Eusebio
434 955 732 1022 mirabiliter
755 961 947 1022 servato
968 955 1260 1022 gratulatur_.
1281 953 1480 1020 ejusque
1518 952 1729 1022 reditum
1753 955 1916 1022 sperat
1939 949 2269 1022 Ecclesiarugi
2298 950 2521 1022 precibus
2561 963 2840 1022 concessum
2865 949 2950 1001 iri.
2978 952 3053 1022 De
3063 952 3231 1022 rebus
3423 960 3484 1018 ex

275 1019 475 1071 Libanio
495 1020 700 1070 diacono
730 1017 944 1078 edoctus,
968 1010 1155 1069 "cattera
1177 1010 1318 1080 εδει-ε’
1338 1010 1460 1080 avet,
1496 1022 1580 1080 aut
1603 1010 1867 1080 citius,'aut
1893 1011 2176 1080 sgltemper
2199 1010 2411 1080 Paulum
2448 1014 2798 1080 presbyterum,
2831 1026 2942 1062 cum
2965 1012 3158 1080 redibit.
3186 1010 3327 1080 Nihil
3350 1010 3398 1062 ei
3428 1010 3486 1080 in

273 1097 448 1132 manus
479 1081 674 1144 tradere
696 1093 844 1130 ausus
865 1072 972 1140 est;
996 1092 1052 1130 eo
1070 1077 1198 1144 quod
1221 1078 1314 1144 via;
1333 1072 1603 1144 latronibus
1619 1083 1664 1126 et
1687 1072 2013 1144 desertoribus
2034 1072 2196 1137 planta
2227 1072 2338 1125 sint.
2365 1072 2621 1125 Exercitus
2643 1074 2851 1126 adventu
2874 1073 3092 1126 nuntiato
3130 1078 3296 1140 sperat
3325 1078 3482 1124 modi-

274 1157 385 1194 cam
403 1140 798 1209 tranquillitatem
820 1155 840 1203 ;
861 1133 1054 1207 tum'que
1077 1133 1224 1191 mittet
1245 1137 1454 1202 aliquem
1476 1153 1502 1190 e
1526 1137 1628 1189 suis
1645 1140 1709 1187 ad
1729 1133 2002 1186 Eusebium.

603 1267 878 1332 Εὐσεὸίφ
913 1267 984 1320 ἐν
1015 1265 1222 1334 ἐξορίᾳ
1263 1264 1411 1320 ὄντι.

290 1378 503 1445 Ἐδειξε
537 1377 634 1432 καὶ
688 1375 774 1447 ἐφ’
807 1375 967 1448 ἡμῶν
995 1378 1024 1429 ὁ
1051 1376 1278 1448 Κύριος,
1306 1376 1388 1429 ὅτι
1430 1375 1532 1428 οὐκ
1562 1376 1798 1444 ἐγκατα-

210 1471 390 1526 λείπει
439 1470 568 1535 τοὺς
627 1470 810 1532 ὁσίους
866 1467 1058 1533 αὐτοῦ,
1091 1471 1156 1540 τῇ
1186 1468 1400 1539 μεγάλῃ
1427 1467 1522 1522 καὶ
1563 1469 1800 1539 κραταιᾷ

210 1561 360 1634 χειρὶ
405 1560 570 1614 αὐτοῦ
621 1558 1033 1631 περισκεπάσας
1074 1558 1172 1629 τὴν
1217 1557 1361 1629 ζωὴν
1389 1558 1488 1629 τῆς
1523 1557 1802 1628 όσιότητός

214 1671 333 1706 σου.
382 1653 576 1724 Σχεδὸν
598 1651 706 1723 γὰρ
743 1651 1124 1723 παραπλήσιον
1161 1650 1318 1703 τοῦτο
1343 1650 1603 1721 τιθέμεθα
1631 1649 1710 1720 τῷ
1744 1652 1800 1703 ἐν

211 1745 395 1814 κοιλία
447 1744 645 1814 κήτους
691 1740 880 1811 ἀπαθῆ
940 1740 1212 1811 διαμεῖναι
1253 1740 1344 1794 τὸν
1399 1741 1573 1809 ἅγιον,
1609 1741 1704 1794 καὶ
1742 1741 1802 1792 ἐν

2465 1262 2696 1319 Eusebio
2725 1265 2918 1319 exsuli.

1976 1372 2174 1429 Docuit
2197 1381 2389 1431 nostra
2414 1376 2581 1431 etiam
2610 1383 2772 1432 aetate
2799 1375 3084 1442 Dominus,
3112 1383 3333 1432 sanctos
3355 1389 3487 1431 suos

1906 1481 1938 1520 a
1964 1481 2023 1521 se
2051 1481 2162 1521 non
2193 1467 2395 1535 deseri,
2433 1466 2566 1522 dum
2606 1483 2804 1540 magna
2834 1477 2888 1524 et
2932 1469 3144 1539 potenti
3180 1482 3346 1522 manu
3386 1481 3488 1522 sua

1906 1559 2073 1614 vitam
2107 1559 2422 1618 sanctitatis
2455 1569 2564 1616 tua;
2593 1561 2849 1632 protexit.
2886 1560 3022 1618 Fere
3046 1560 3194 1616 enim
3225 1559 3404 1616 simile
3432 1559 3488 1613 id

1907 1651 2161 1709 ducimus
2197 1669 2261 1708 ac
2298 1655 2354 1708 in
2379 1662 2572 1710 ventre
2600 1655 2707 1708 ceti
2739 1653 2969 1710 illaesum
3006 1668 3331 1725 permanere
3361 1666 3489 1708 san-

1907 1748 2079 1807 ctum,
2111 1749 2164 1798 et
2195 1742 2250 1798 in
2293 1744 2598 1799 vehementi
2630 1743 2846 1797 ﬂamma
2889 1746 3028 1798 citra
3065 1744 3327 1799 damnum
3367 1758 3490 1797 ver-

214 1837 353 1908 πυρὶ
406 1835 591 1906 λάϐρῳ
629 1833 882 1897 ἀϐλαϐῶς
905 1832 1213 1886 διαιτᾶσθαι
1255 1833 1382 1898 τοὺς
1432 1833 1801 1904 φοϐουμένους

1921 1835 2020 1890 sari
2078 1835 2329 1891 homines
2363 1835 2652 1890 Dominum
2696 1837 2994 1903 timentes;
3046 1833 3491 1907 quandoquidem

211 1929 308 1983 τὸν
340 1929 544 2000 Κύριον
567 1946 578 1958 ·
606 1930 741 1982 ὅπου
769 1944 835 1996 γε
874 1927 970 1979 καὶ
996 1925 1097 1998 τὴν
1126 1926 1226 1997 σὴν
1255 1926 1564 1980 θεοσέϐειαν
1598 1943 1803 1981 παντα-

214 2022 376 2094 χόθεν
401 2023 548 2092 ὑμῖν,
592 2020 667 2084 ὡς
709 2019 914 2081 ἀκούω,
968 2018 1064 2072 τοῦ
1104 2019 1341 2091 πολέμου
1393 2019 1799 2090 περιχυθέντος,

213 2113 432 2184 ἀϐλαϐῆ
455 2110 761 2182 διεφύλαξε.
796 2112 907 2165 Καὶ
932 2109 1188 2180 φυλάξειέ
1222 2110 1403 2182 γε(65)
1423 2112 1559 2182 πρὸς
1579 2111 1641 2164 τὸ
1676 2113 1802 2182 ἑξῆς

215 2207 247 2257 ὁ
276 2203 502 2266 δυνατὸς
531 2202 665 2266 Θεὸς
694 2204 845 2272 ἡμῖν,
870 2201 964 2254 ἐὰν
988 2201 1066 2254 ἔτι
1109 2200 1292 2272 ζῶμεν
1320 2201 1452 2272 (64),
1474 2201 1535 2255 τὸ
1576 2200 1805 2255 πολύευ-

217 2314 349 2351 κτον
379 2295 584 2366 θέαμα·
609 2293 643 2366 ἢ
684 2297 795 2358 τοῖς
823 2292 954 2364 γοῦν
978 2292 1180 2356 ἄλλοις,
1203 2292 1253 2344 οἳ
1283 2293 1384 2364 τὴν
1421 2291 1519 2364 σὴν
1548 2291 1805 2347 ἐπάνοδον

215 2386 395 2451 οὕτως
447 2386 828 2458 ἀναμένουσιν,
879 2386 954 2450 ὡς
999 2386 1206 2440 οἰκείαν
1237 2385 1448 2439 ἑαυτῶν
1484 2385 1797 2456 σωτηρίαν.

216 2480 532 2551 Πέπεισμαι
568 2479 701 2551 γὰρ,
739 2479 821 2531 ὅτι
875 2481 988 2542 τοῖς
1018 2478 1248 2550 δάκρυσι
1287 2477 1396 2531 τῶν
1435 2477 1797 2549 Ἐκκλησιῶν,

215 2572 319 2626 atati.
345 2575 456 2636 τοῖς
493 2573 819 2642 στεναγμοῖς
863 2565 946 2635 οἷς
979 2571 1072 2624 ἐπὶ
1106 2571 1190 2623 σοὶ
1239 2570 1352 2640 (65)
1383 2570 1586 2634 πάντες
1618 2570 1807 2625 στενά-

218 2662 375 2726 ζουσι
409 2659 662 2733 προσχὼν
685 2661 713 2712 ὁ
740 2660 1142 2732 φιλάνθρωπος,
1165 2651 1478 2729 διαφυλάξει
1503 2677 1561 2712 σε
1586 2659 1664 2732 τῷ
1684 2660 1804 2731 βίῳ,

217 2755 329 2819 ἕως
356 2755 423 2808 ἂν
465 2754 540 2826 δῷ
585 2756 685 2827 τὴν
706 2753 866 2827 χάριν
891 2757 1004 2818 τοῖς
1040 2755 1233 2818 νυκτὸς
1267 2755 1361 2808 καὶ
1387 2754 1598 2826 ἡμέρας
1628 2754 1809 2824 δεομέ-

221 2864 340 2910 νοις
379 2847 565 2902 αὐτοῦ.
629 2848 710 2902 Τὰ
766 2847 865 2919 μὲν
918 2843 1012 2900 οῦν
1057 2847 1217 2919 μέχρι
1252 2848 1352 2918 τῆς
1387 2846 1678 2918 ἐπιδημίας
1709 2846 1805 2899 τοῦ

217 2939 510 3012 ἀγαπητοῦ
546 2940 774 3012 ἀδελφοῦ
807 2939 966 3011 ἡμῶν
1025 2939 1281 2993 Λιϐανίου
1327 2937 1422 2992 τοῦ
1459 2938 1804 2992 συνδιακόνου

220 3033 592 3105 πεπραγμένα
644 3032 766 3087 καθ’
825 3033 981 3103 ὑμῶν
1021 3032 1132 3103 (66)
1179 3032 1246 3084 δι’
1289 3031 1454 3086 αὑτοῦ
1518 3031 1659 3084 κατά
1707 3031 1808 3102 τὴν

219 3127 459 3198 πάροδον
493 3125 692 3190 ἱκανῶς
724 3124 1082 3196 ἐδιδάχθημεν
1111 3140 1126 3153 '
1171 3123 1238 3177 τὰ
1267 3123 1324 3177 δὲ
1346 3124 1442 3176 ἀπ’
1470 3124 1678 3176 ἐκείνου
1713 3122 1806 3176 τοῦ

1909 1928 2166 1998 pietatem
2201 1935 2353 1982 tuam
2395 1928 2540 1982 bello
2590 1927 2850 1999 undique,
2903 1936 2962 1982 ut
3007 1928 3192 1993 audio,
3233 1943 3330 1983 vos
3377 1927 3491 1981 cir-

1909 2025 2239 2084 cumstante,
2278 2020 2608 2075 incolumem
2658 2021 2920 2078 servavit.
2963 2019 3031 2074 Et
3057 2021 3269 2075 utinam
3313 2026 3492 2076 servet

1910 2111 2257 2182 omnipotens
2281 2110 2425 2167 Deus
2457 2112 2638 2176 nobis,
2670 2113 3059 2180 si,vixerimus,
3092 2114 3493 2184 peroptandum

1911 2203 2312 2273 spectaculum,
2363 2211 2457 2258 aut
2501 2204 2697 2259 saltem
2746 2205 2888 2271 aliis,
2926 2205 3020 2276 qui
3052 2212 3208 2260 tuum
3253 2204 3493 2260 reditum

1911 2293 2139 2364 perinde
2163 2302 2481 2362 exspectant
2510 2300 2570 2346 ut
2599 2306 2756 2348 suam
2781 2293 3026 2363 ipsorum
3054 2294 3322 2348 salutem!
3354 2291 3493 2346 Nam

1911 2384 2159 2439 futurum
2186 2384 2321 2438 mihi
2365 2383 2688 2454 persuadeo,
2723 2391 2786 2437 ut
2825 2382 3198 2438 Ecclesiarum
3232 2381 3494 2454 lacrymis

1911 2485 1968 2534 et
1994 2478 2311 2547 gemitibus,
2342 2493 2482 2547 quos
2511 2488 2604 2532 tua
2647 2492 2814 2533 causa
2842 2493 3034 2534 omnes
3067 2476 3374 2545 effundunt,
3412 2487 3498 2532 at-

1914 2579 2100 2627 tentus
2146 2570 2467 2627 misericors
2518 2569 2661 2626 Deus
2708 2571 3043 2625 incolumem
3098 2579 3149 2624 te
3193 2570 3492 2636 custodiat,

1913 2663 2091 2719 donec
2117 2670 2325 2717 annuat
2364 2662 2456 2728 iis,
2490 2663 2584 2732 qui
2625 2678 2752 2718 eum
2783 2670 2952 2717 noctu
2993 2678 3059 2717 ac
3091 2661 3329 2731 interdiu
3370 2677 3498 2733 pre-

1913 2763 2130 2811 cantur.
2164 2754 2429 2826 Equidem
2470 2769 2593 2825 quae
2637 2770 2812 2826 usque
2841 2754 2910 2810 ad
2945 2754 3134 2810 dilecti
3174 2755 3364 2813 fratris
3403 2769 3498 2810 no-

1915 2849 2016 2904 stri
2049 2847 2268 2905 Libanii
2313 2847 2642 2903 condiaconi
2685 2847 2982 2905 adventum
3013 2856 3206 2903 contra
3231 2864 3332 2906 vos
3373 2857 3498 2904 acta

1915 2949 2066 3006 sunt,
2103 2941 2242 2997 satis
2267 2957 2335 2996 ex
2370 2941 2491 3010 ipso
2524 2951 2845 2996 transeunte
2873 2941 3055 2997 edocti
3094 2957 3288 2998 sumus
3324 2959 3338 2997 :
3374 2957 3499 3013 quae

1913 3048 2047 3088 vero
2091 3033 2161 3087 ab
2208 3032 2304 3086 illo
2346 3039 2592 3102 tempore
2640 3032 3024 3103 contigerunt,
3072 3031 3290 3089 discere
3335 3033 3501 3104 cupi-

1916 3140 2060 3180 mus.
2109 3123 2317 3194 Majora
2366 3124 2515 3179 enim
2549 3124 2840 3193 interjecto
2870 3131 3116 3195 tempore
3162 3133 3216 3180 et
3244 3127 3500 3196 graviora

219 3219 420 3289 χρόνου
475 3217 706 3288 δεόμεθα
737 3216 947 3288 μαθεῖν.
990 3214 1230 3280 Μείζονα
1259 3215 1369 3287 γὰρ
1403 3216 1462 3267 ἐν
1497 3214 1577 3285 τῷ
1609 3213 1811 3285 μεταξὺ

1921 3219 2173 3273 audimus
2207 3217 2354 3272 mala
2380 3217 2507 3273 istic
2539 3217 2794 3272 evenisse
2824 3236 2836 3271 :
2867 3232 2988 3288 quae
3019 3217 3261 3288 quidem,
3297 3218 3344 3274 si
3380 3218 3499 3273 fieri

223 3311 324 3364 καὶ
378 3309 734 3383 χαλεπώτερα
775 3308 1047 3381 ἀκούομεν
1093 3304 1425 3379 γεγενῆσθαι
1489 3307 1634 3380 πάθη
1671 3307 1811 3378 ’περὶ

221 3405 354 3467 τοὺς
376 3404 572 3467 τόπους
598 3403 710 3474 (67)
741 3420 753 3433 '
785 3402 952 3473 άπερ,
984 3402 1078 3456 ἐὰν
1109 3397 1256 3473 μένῇ
1282 3401 1527 3466 δυνατὸν,
1559 3403 1654 3454 καὶ
1684 3401 1814 3455 θᾶτο

222 3513 318 3550 τον
341 3495 472 3566 (68),
501 3499 548 3549 εί
592 3495 650 3549 δὲ
700 3495 796 3566 μὴ,
827 3494 915 3549 διὰ
937 3492 1068 3564 γοῦν
1103 3493 1197 3547 τοῦ
1233 3494 1632 3549 εύλαϐεστάτου
1658 3495 1812 3548 ἀδελ-

224 3589 331 3660 φοῦ
363 3589 577 3643 Παύλου
629 3588 723 3642 τοῦ
765 3587 1250 3660 συμπρεσϐυτέρου
1274 3587 1590 3650 ἐπανιόντος
1623 3586 1814 3658 μάθοι-

226 3699 355 3753 μεν,
393 3681 469 3746 ὡς
516 3681 810 3753 εὐχόμεθα,
860 3681 942 3734 ὄτι
977 3679 1217 3751 ἀϐλαϐὴς
1261 3681 1356 3733 κα)⁴
1408 3679 1814 3749 ἀνεπηρέαστος

223 3775 389 3848 ὑμῶν
449 3775 776 3846 φυλάττεται
811 3776 845 3845 ἡ
873 3772 1010 3844 ζωή.
1044 3771 1143 3825 Διά
1188 3773 1244 3825 δὲ
1278 3772 1340 3824 τὸ
1371 3771 1604 3825 ἀκοῦσαι
1635 3771 1815 3824 πάντα

223 3867 444 3944 λῃστῶν
491 3868 588 3922 κα)⁸
634 3867 974 3940 δησερτόρων
1025 3865 1132 3936 (69)
1191 3864 1581 3936 πεπληρῶσθαι
1625 3863 1693 3917 τὰ
1717 3864 1816 3936 τῆς

223 3960 377 4025 ὁδοῦ,
401 3959 750 4032 ἐφοϐήθημεν
777 3977 828 4012 τι
853 3961 932 4022 είς
958 3960 1148 4030 χεῖρας
1168 3956 1423 4027 ἐμϐαλεῖν
1447 3955 1540 4009 τοῦ
1561 3953 1814 4024 ἀδελφοῦ,

230 4055 312 4127 μὴ
343 4054 435 4107 καὶ
465 4053 612 4124 αὐτῷ
641 4052 751 4125 (76)
777 4051 1056 4124 παραίτιοι
1076 4049 1306 4104 θανάτου
1335 4048 1643 4120 γενώμεθα.
1687 4047 1816 4101 Ἐάν

225 4147 287 4200 δὲ
332 4145 408 4216 δῷ
455 4149 484 4200 ὁ
529 4145 734 4218 Κύριος
764 4144 993 4218 μετρίαν
1023 4143 1286 4214 γαλήνην,
1315 4141 1391 4205 ὡς
1417 4140 1688 4211 ἀκούομεν
1719 4139 1815 4193 τοῦ

231 4239 602 4310 στρατοπέδου
671 4238 770 4308 τὴν
814 4235 1070 4307 πάροδον,
1125 4233 1500 4304 σπουδάσόμεν
1563 4232 1658 4286 καὶ
1707 4231 1817 4286 τῶν

226 4323 522 4396 ἡμετέρων
582 4321 864 4393 ἐκπέμψαι
917 4321 1059 4385 τινὰ,
1099 4320 1192 4373 τὸν
1231 4317 1665 4388 ἐπισκεψόμενον
1725 4317 1820 4372 καὶ

227 4417 441 4470 ἕκαστα
466 4419 596 4488 ἡμῖν
615 4415 724 4469 τῶν
741 4416 872 4486 παρ’
901 4414 1028 4484 ὑμῖν
1063 4413 1175 4484 (71)
1198 4410 1623 4480 ἁναγγέλλοντα.

1914 3313 2111 3381 possit,
2145 3311 2311 3366 etiam
2339 3311 2528 3376 citius,
2566 3311 2654 3365 sin
2684 3312 2890 3376 minus,
2931 3311 3124 3367 saltem
3145 3327 3244 3382 per
3281 3312 3502 3382 religio-

1914 3403 2196 3458 sissimum
2247 3403 2473 3457 fratrem
2527 3400 2757 3455 Paulum
2795 3401 3324 3472 compresbyterum,
3368 3415 3498 3458 cum

1915 3502 2245 3560 revertetur,
2275 3495 2556 3550 discamus
2587 3495 2662 3548 ita
2683 3509 2828 3561 esse,
2865 3503 2926 3548 ut
2956 3509 3270 3566 precamur,
3305 3509 3502 3564 nempe

1914 3589 2084 3642 vitam
2120 3596 2270 3641 tuam
2308 3587 2642 3642 incolumem
2671 3592 2727 3641 et
2758 3586 2988 3642 illaesum
3023 3585 3312 3642 custodiri.
3348 3584 3500 3650 Quo-

1915 3683 2066 3736 niam
2094 3689 2277 3735 autem
2316 3680 2629 3734 audivimus
2657 3685 2888 3735 cunctas
2917 3677 3271 3748 praedonibus
3312 3691 3376 3731 ac
3403 3677 3497 3732 de-

1918 3773 2228 3830 sertoribus
2268 3771 2504 3828 refertas
2552 3787 2675 3828 esse
2716 3771 2868 3836 vias,
2924 3770 3084 3826 veriti
3111 3769 3274 3842 5.15
3307 3784 3502 3826 sumus

1918 3866 2218 3937 quidquam
2266 3866 2320 3919 in
2372 3863 2561 3918 fratris
2609 3877 2805 3917 manus
2837 3861 3076 3925 tradere,
3114 3876 3184 3916 ne
3231 3861 3282 3916 ei
3331 3861 3501 3915 etiam

1917 3958 2114 4014 mortis
2147 3971 2318 4012 causa
2351 3956 2547 4012 simus.
2590 3953 2747 4022 Quod
2780 3954 2824 4010 si
2851 3953 3062 4009 dederit
3092 3952 3357 4009 Dominus
3382 3967 3502 4009 mo-

1917 4049 2097 4105 dicam
2152 4047 2614 4118 tranquillitatem
2672 4046 2966 4117 (siquidem
3017 4045 3296 4100 exercitus
3343 4044 3501 4100 audi-

1916 4159 2042 4197 mus
2080 4141 2423 4209 adventum),
2464 4137 2786 4194 curabimus
2814 4146 2868 4193 et
2914 4146 3228 4194 nostrorum
3263 4137 3500 4208 aliquem

1917 4236 2157 4300 mittere,
2211 4234 2308 4304 qui
2355 4248 2454 4289 vos
2495 4233 2720 4298 invisat,
2772 4237 2828 4288 et
2875 4231 3091 4303 singula
3131 4245 3252 4302 qua:
3293 4229 3362 4286 ad
3403 4245 3500 4286 vos

1917 4338 2194 4401 spectant,
2235 4326 2399 4383 nobis
2429 4327 2665 4382 nuntiet.

331 4599 421 4670 62)
453 4598 746 4670 Εὔθυμος.
777 4591 924 4648 Editi
951 4591 1046 4644 καὶ
1093 4588 1350 4661 εῦθυμος.
1395 4589 1558 4646 Deest
1585 4590 1818 4662 conjun-

1925 4669 1935 4670 ί
1994 4594 2104 4670 (69)
2125 4593 2234 4670 Καὶ
2256 4589 2653 4670 δησερτόρων.
2675 4587 2753 4642 ita
2783 4587 2955 4670 codex
2970 4586 3267 4670 vaticanus
3292 4603 3344 4642 .n
3369 4586 3504 4670 duo-

231 4671 349 4726 ctio
370 4667 435 4723 in
461 4667 746 4737 plerisque,
761 4679 895 4719 mss.

306 4740 421 4810 (6'5)
445 4729 1208 4810 I'IartaigdﬂerngavxdEeté
1233 4748 1318 4810 γε.
1347 4730 1421 4784 Ita
1454 4738 1666 4810 veteres
1688 4731 1817 4810 libri

231 4801 454 4868 summo
490 4801 785 4863 consensu.
817 4801 964 4858 Editi
1012 4801 1341 4872 πανταχόσε,
1385 4810 1439 4858 et
1484 4803 1646 4872 paulo
1693 4808 1818 4873 post

231 4878 580 4950 διαφυλάξειέ
608 4893 689 4950 γε.

930 4950 1048 5024 tres
1066 4941 1425 4997 vetustissimi
1449 4941 1670 4997 codices
1691 4955 1819 4995 cum

233 5012 490 5094 pluribus
507 5012 687 5094 _aliis._'
702 5014 847 5094 Editi
867 5012 1184 5094 ἐςπιζῶμεν.

309 5091 425 5164 (65)
459 5084 691 5164 Οἷς-ἐπί
714 5086 835 5140 σοι.
867 5079 1122 5164 Plerique
1150 5095 1284 5164 mss.
1312 5079 1406 5143 οὒς
1429 5079 1652 5164 σοί.
1687 5079 1820 5136 Har-

233 5150 447 5218 laeanu's
482 5150 845 5215 et'Medicaeus
874 5150 1228 5210 consentiunt
1261 5165 1385 5204 cum
1421 5150 1604 5206 editis.

309 5232 424 5304 (66)
458 5231 597 5286 Καθ’
632 5225 818 5304 ήμῶν.
853 5224 1006 5304 Multi
1037 5223 1254 5304 codices
1287 5219 1409 5304 καθ’
1441 5221 1606 5304 ὑμᾶς,

447 5289 822 5377 tersui-ﬂeam
871 5295 1031 5377 πάθη
1083 5291 1214 5377 περ)
1263 5291 1405 5357 τοὺς
1446 5289 1700 5377 τάζεοιυς.Δ
1741 5289 1822 5344 Ita

237 5360 618 5439 lla‘rlﬂ-Coisl.
652 5360 1057 5439 uterque,_\_lat.
1077 5371 1142 5439 _et
1172 5360 1306 5439 Reg.
1340 5361 1618 5439 secundus
1651 5369 1706 5415 et
1730 5377 1824 5439 ve:

233 5430 419 5503 tuam,
442 5444 732 5500 editiones.
795 5430 1124 5492 Parisiensis
1186 5430 1431 5501 γίνεσθαι
1465 5430 1638 5504 ’πάθη
1694 5431 1824 5502 περὶ

243 5515 483 5579 ἐκείνους
514 5515 640 5577 τοὺς
671 5511 899 5579 τόπους.
931 5509 947 5574 |

315 5585 426 5653 (ω)
460 5572 568 5640 Kal
603 5572 840 5638 όᾶττον.
869 5572 1202 5653 ροηῇυῃριὶο
1247 5572 1432 5653 addita
1474 5589 1542 5628 ex
1580 5575 1826 5653 quinque

243 5643 381 5709 mss.
411 5643 656 5710 melioris
682 5661 844 5706 notae.
882 5648 976 5703 Sic
989 5643 1164 5703 etiam
1199 5643 1615 5700 eosdemsecuti
1647 5643 1828 5699 muta-

245 5725 427 5812 vimus
448 5726 590 5794 quod
622 5723 766 5780 infra
795 5722 1075 5792 legebatur
1104 5719 1160 5773 in
1190 5716 1350 5773 editis
1378 5713 1826 5784 διαφυλάττονται

249 5811 415 5862 υμων.

1923 4658 2029 4725 bus
2063 4658 2238 4731 locis;
2280 4658 2368 4718 bis
2397 4658 2543 4717 enim
2577 4660 2692 4731 haec
2736 4659 2969 4731 epistola
3012 4659 3068 4712 in
3093 4659 3284 4712 eodem
3307 4658 3506 4731 _cod_ice

1923 4727 2233 4820 reperitur.
2262 4733 2354 4787 Sic
2384 4732 2549 4820 etiam
2589 4727 3276 4820 codex'gllarogmonta'nus.
3302 4727 3504 4820 Reginis

1923 4797 2137 4880 primus
2165 4803 2528 4880 _6~qaap*_cdpwv
2549 4817 2566 4834 ο
2619 4799 2892 4880 δεουράσρ
2943 4798 3286 4880 δισερτόρων.
3320 4797 3503 4880 βῶσι.

1963 4879 2136 4934 rimus
2159 4867 2489 4945 δισεκτόρὼν
2509 4889 2524 4904 ⁸
2556 4871 2828 4927 secundus
2843 4867 3190 4945 δισερτέρων.
3218 4867 3505 4945 Medicaeus

1963 4897 2136 4934 l'lmllS
2159 4897 2484 4945 οισεκτορων
2510 4897 2523 4904 ’
2556 4897 3190 4940 δυυιιιιυυδυιυιρτιρων.
3218 4897 3505 4923 "cuneatus

1925 4897 2261 5022 guaspzépwv
2285 4943 2528 5022 secunda
2545 4957 2709 5022 manu
2731 4949 2826 5021 ;.at
2851 4940 3026 5022 prima
3050 4939 3313 5022 scripturn
3336 4938 3506 5022 fuisse

1926 5006 2261 5090 δεσερτάρωγ
2294 5015 2520 5090 conjicit
2550 5006 2907 5090 doctissimus
2935 5006 3232 5090 Salvinius.
3269 5006 3507 5090 Harlma-

1927 5105 2035 5160 nus
2055 5079 2214 5160 ἠυὴο
2234 5079 2488 5160 ᾑθὺοιίιι
2521 5081 2653 5160 editi
2692 5079 3011 5160 διακτόρων,
3048 5087 3103 5160 at
3131 5079 3258 5160 olim
3290 5079 3511 5160 videtur

1929 5159 2188 5212 habuisse
2208 5153 2576 5226 δισερτόρων.
2607 5149 2989 5226 Non‘dubium
3023 5157 3107 5203 est
3137 5150 3270 5218 quin
3323 5149 3508 5220 legen-

1929 5229 2060 5284 dum
2098 5228 2170 5296 sit
2199 5219 2561 5296 δησερτόρων,
2597 5221 2700 5296 vel_
2725 5219 3077 5296 δεσεετόρων,
3111 5234 3236 5274 cum
3292 5219 3508 5296 constet

1928 5306 2064 5354 tunc
2087 5287 2399 5360 Thraciam,
2432 5287 2523 5348 ubi
2548 5291 2837 5347 exsulabat
2855 5287 3152 5356 Euéebius,
3179 5289 3507 5361 gravissimo

1931 5371 2074 5427 bello
2113 5367 2335 5422 arsisse.

2001 5439 2115 5512 (70)
2147 5437 2257 5512 Kal
2279 5433 2460 5512 αὐτῷ.
2497 5431 2828 5512 anjunctio
2856 5431 3060 5512 addita
3081 5447 3148 5487 ex
3180 5447 3276 5488 sex
3301 5445 3436 5512 mss:

2001 5439 2093 5512 (70
2147 5439 2257 5491 Kal
2279 5439 2460 5499 αὐτῷ.
2497 5439 2828 5502 Conjunctio
2856 5439 3044 5486 addita
3081 5447 3148 5487 ex
3180 5447 3276 5488 sex
3301 5445 3436 5487 mss.

2001 5439 2116 5581 mi
2154 5508 2299 5581 119,9“
2328 5503 2503 5581 Δὑμῖν·ἱ
2538 5503 2912 5581 _Co_nser_l_ti_unt
2945 5503 3002 5581 in
3045 5503 3149 5581 hac
3194 5517 3358 5581 voce_
3384 5501 3511 5581 libri

1931 5571 2168 5638 veteres.
2197 5571 2342 5631 Editi
2373 5571 2504 5646 παρ’
2529 5573 2703 5643 ὑμῶν.
2735 5572 2938 5646 Ibidem
2960 5572 3130 5646 Coisl.
3154 5571 3430 5646 secundus
3457 5577 3513 5626 et

1930 5652 2066 5722 Reg.
2087 5649 2367 5706 secundus
2381 5641 2472 5700 τὸν
2488 5641 2583 5698 καί
2600 5641 3026 5766 ἐπισκεψόμενον
3042 5643 3136 5698 καὶ
3156 5641 3508 5712 ἀγγελοῦντα.

2008 5728 2021 5745 ·
2060 5722 2205 5766 Alias
2230 5717 2320 5766 IX.
2355 5717 2573 5766 Serinta
2610 5729 2756 5766 anno
2786 5711 2853 5766 57
2898 5752 2912 5766 .

2008 5711 2205 5776 ’νΑιὶειδ
2230 5717 2320 5773 IX.
2355 5717 2573 5788 Scripta
2610 5729 2756 5770 anno
2786 5711 2912 5768 578.
