3878 6222
173 350 305 405 10οΙ

1086 351 1568 407 EPISTULARUM
1605 351 1890 407 CLASSIS
1924 351 1987 408 ll.
2028 353 2243 409 EPIST.
2282 355 2530 412 CCLXX.

3270 356 3406 412 £003

168 465 339 536 αὐτῷ,
372 466 530 538 χάριν
556 466 765 538 ἔχωμεν
787 467 864 538 τῷ
899 469 1232 534 συζεύξαντι.
1259 471 1332 524 Το
1359 470 1458 542 μὲν
1497 473 1604 543 γὰρ
1627 469 1737 541 (85)

1852 471 1962 541 ipso
2008 472 2328 538 vixerimus,
2365 474 2572 544 gratias
2618 487 2842 544 agamus
2871 473 2920 527 ei
2963 472 3060 542 qui
3099 471 3406 542 conjunxit.

171 559 500 632 στερηθῆναι
535 560 724 630 ἀνδρὸς
769 561 946 615 κοινόν
973 579 1053 614 σοι
1075 562 1212 633 πρὸς
1238 562 1339 626 τὰς
1369 561 1532 626 ἄλλας
1558 565 1742 631 γυναῖ-

169 666 304 713 κας·
366 650 459 702 ἐπὶ
511 650 568 703 δέ
625 651 847 722 τοιαύτῃ
893 653 1201 723 συνοικήσει
1246 653 1345 706 οὐκ
1384 648 1536 721 οἶμαι
1576 653 1740 723 ἄλλην

167 740 445 808 γυναικῶν
500 741 568 794 τά
621 742 710 794 ἴσα
766 741 909 812 ἔχειν
954 743 1332 814 σεμνύνεσθαι.
1392 744 1488 797 ’Ἑν
1519 745 1627 814 γάρ
1664 743 1741 814 τῷ

167 831 284 882 ὃντι
323 832 626 902 ὑπόδειγμα
683 833 781 904 τῆς
815 834 1158 905 ἀνθρωπείας
1194 835 1406 904 φύσεως
1438 835 1529 889 τὸν
1576 834 1742 904 ἄνδρα

168 923 380 975 ἐκεῖνον
409 927 437 976 ὁ
471 924 660 987 κτίσας
688 925 832 994 ἡμᾶς
871 924 1300 997 ἐδημιούργησεν
1326 943 1340 958 ο
1370 925 1511 978 ὥστε
1545 923 1743 987 πάντες

173 1015 276 1083 μὲν
300 1014 566 1084 ὀφθαλμοὶ
590 1016 723 1085 πρὸς
756 1015 918 1069 αὐτὸν
961 1016 1237 1088 ἐφέροντο,
1271 1018 1422 1070 πᾶσα
1447 1016 1504 1070 δὲ
1525 1015 1744 1085 γλῶσσα

168 1108 243 1159 τὰ
270 1107 390 1160 κατ’
416 1107 576 1161 αὐτὸν
627 1108 824 1178 διεξῄει
854 1124 866 1136 ’
905 1112 1138 1179 γραιρεῖς
1166 1108 1223 1161 δέ
1249 1108 1343 1161 καὶ
1395 1107 1623 1161 πλάσται
1646 1107 1745 1177 τῆς

171 1197 335 1262 ἀξίας
363 1197 796 1268 άπελιμπάνοντο
820 1216 834 1229 ·
880 1199 1144 1270 ἱστορικοὶ
1173 1199 1228 1252 δὲ
1267 1199 1478 1270 ἄνδρες,
1503 1197 1570 1251 τά
1605 1198 1744 1252 κατὰ

171 1290 301 1351 τοὺς
327 1289 592 1358 πολέμους
620 1290 926 1361 ἁνδραγαθή
937 1309 1080 1362 ματα
1103 1291 1464 1363 διηγούμενοι,
1488 1292 1620 1363 πρὸς
1647 1293 1746 1363 τὴν

169 1379 284 1432 τῶν
332 1381 514 1451 μύθων
579 1383 928 1436 ἐκπίπτουσιν
975 1385 1252 1439 ἀπιστίαν.
1296 1383 1458 1438 Ὅθεν
1503 1385 1622 1438 οὐδὲ
1667 1403 1747 1438 πι-

174 1471 392 1526 στεύειν
418 1473 692 1543 ἠνείχοντο
720 1476 768 1527 οἱ
805 1474 989 1527 πολλοὶ
1009 1478 1074 1547 τῇ
1108 1478 1263 1547 φήμῃ
1295 1477 1392 1544 τήν
1422 1475 1746 1547 σκυθρωπὴν

172 1564 396 1634 ἐκείνην
411 1564 668 1632 ἀγγελίαν
684 1565 1038 1638 περιαγούσῃ,
1057 1566 1175 1618 ούδέ
1189 1564 1568 1634 καταδέχεσθαι
1589 1567 1744 1630 ὅλως,

169 1653 527 1723 ὄτιτέθνηκεν
542 1655 857 1726 Ἀρινθαῖος.
877 1657 1014 1710 Ἀλλ’
1032 1659 1178 1727 ὅμως
1194 1655 1452 1709 πέπονθεν
1476 1655 1511 1708 ἃ
1534 1657 1592 1708 οὐ
1602 1655 1746 1727 ρανῴ

170 1743 271 1795 καὶ
309 1743 446 1813 ἡλίῳ
492 1744 586 1796 καὶ
623 1748 694 1815 γῇ
742 1746 1100 1818 συμϐήσεται.
1163 1748 1380 1817 Οίχεται
1439 1746 1748 1810 καταλύσας

169 1834 478 1907 λαμπρῶς,
533 1837 607 1908 μὴ
648 1837 752 1890 ὑπὸ
784 1839 968 1910 γήρως
1006 1839 1435 1910 κατακαμφθεὶς,
1494 1841 1566 1911 μὴ
1614 1839 1746 1894 καθ-

171 1927 336 1995 υφείς
390 1927 498 1996 (84)
548 1946 601 1981 τι
632 1929 733 1998 τῆς
788 1931 1174 2002 περιφανείαςο
1227 1933 1398 2002 μέγας
1435 1932 1529 2002 μὲν
1569 1933 1624 1984 ἐν
1668 1930 1744 2002 τῷ

172 2019 406 2090 παρόντι
436 2017 554 2090 βίῳ,
587 2020 758 2091 μέγας
788 2021 841 2074 δὲ
865 2024 920 2075 ἐν
940 2021 1016 2092 τῷ
1047 2021 1289 2093 μέλλοντι
1309 2040 1322 2052 ο
1353 2023 1518 2094 μηδὲν
1553 2026 1616 2077 ἐκ
1647 2023 1744 2094 τῆς

170 2112 457 2184 παρούσης
503 2113 884 2184 λαμπρότητος
915 2115 1050 2185 πρὸς
1071 2115 1164 2184 τὴν.
1205 2113 1560 2185 ἐλπιζομένην
1591 2114 1746 2179 δόξαν

170 2202 494 2273 ζημιωθεὶς,
519 2205 606 2259 διὰ
648 2208 708 2258 τὸ
735 2208 912 2259 πᾶσαν
941 2206 1131 2278 κηλῖδα
1160 2207 1257 2277 τῆς
1278 2206 1454 2276 ψυχῆς
1482 2207 1616 2278 πρὸς
1650 2207 1747 2259 αύ-

167 2297 296 2357 ταίς
313 2297 433 2358 ταῖς
461 2296 570 2365 (85)
603 2297 802 2363 ἐξόδοις
827 2297 918 2350 τοῦ
944 2297 1058 2367 βίου
1083 2297 1160 2369 τῷ
1189 2297 1396 2368 λουτρῷ
1421 2298 1522 2367 τῆς
1550 2297 1745 2367 παλιγ-

170 2387 426 2454 γενεσίας
479 2388 952 2461 ἀποκαθήρασθαι.
979 2385 1079 2442 Ὧν
1128 2388 1265 2459 αὑτὴ
1311 2389 1569 2460 πρόξενος
1599 2391 1747 2462 αύτῷ

169 2478 271 2531 καὶ
295 2479 552 2550 συνεργὸς
587 2483 873 2553 γενομένη,
909 2481 1173 2552 μεγίστην
1212 2480 1324 2550 ἔχει
1363 2481 1743 2552 παραμυθίαν·

171 2568 272 2621 καὶ
310 2570 539 2640 μετάθες
586 2571 685 2643 τὴν
712 2573 888 2643 ψυχὴν
923 2573 1029 2626 άπὸ
1060 2571 1166 2625 τῶν
1212 2571 1494 2644 παρόντων
1521 2573 1612 2625 ἐπὶ
1648 2573 1748 2641 τὴν

167 2661 286 2714 τῶν
354 2661 651 2732 μελλόντων
705 2664 1004 2734 μέριμναν,
1061 2663 1201 2717 ὥστε
1244 2662 1641 2734 καταξιωθῆναι
1679 2664 1746 2717 δι’

170 2751 356 2822 ἔργων
406 2753 623 2822 ἀγαθῶν
675 2755 764 2807 τὸν
806 2756 988 2825 ὅμοιον
1046 2754 1194 2825 αὐτῷ
1243 2755 1341 2825 τῆς
1389 2754 1748 2818 ἀναπαύσεως

170 2844 342 2896 τόπον
389 2844 730 2900 καταλαϐεῖν.
778 2846 964 2900 Φείδου
1013 2846 1216 2918 μητρὸς
1260 2848 1518 2917 γηραιᾶς,
1565 2846 1745 2914 φείδου

171 2935 448 3008 θυγατρὸς
502 2941 722 3010 νεαρᾶς,
765 2933 852 3001 αἷς
884 2937 1016 3009 μόνη
1047 2938 1181 3010 πρὸς
1204 2937 1551 3008 παραμυθίαν
1583 2936 1751 2989 λέλει-

166 3027 292 3097 ψαι.
320 3029 478 3081 Γενοῦ
511 3031 814 3101 ὑπόδειγμα
847 3030 1096 3101 ἀνδρείας
1119 3033 1244 3092 ταῖς
1275 3029 1485 3093 λοιπαῖς
1501 3028 1745 3098 γυναιξί·

169 3121 273 3172 καὶ
302 3120 441 3173 οὕτω
469 3121 528 3173 τὸ
551 3121 721 3185 πάθος
774 3122 1064 3193 μέτρησον,
1090 3121 1164 3185 ὡς
1195 3121 1332 3192 μήτε
1372 3120 1618 3174 ἐκϐαλεῖν
1647 3119 1748 3190 τῆς

167 3211 423 3283 καρδίας,
471 3214 606 3284 μήτε
664 3215 1035 3286 καταποθῆναι
1089 3213 1194 3267 ὑπὸ
1241 3214 1341 3283 τῆς
1383 3213 1575 3285 λύπης.
1629 3214 1751 3266 Ἐπὶ

168 3305 311 3356 πᾶσι
345 3303 479 3374 πρὸς
507 3305 597 3357 τὸν
633 3305 805 3375 μέγαν
835 3307 934 3376 τῆς
978 3305 1253 3375 ὑπομονῆς
1296 3303 1483 3376 μισθὸν
1521 3305 1724 3358 άπόϐλε

167 3395 296 3464 ᾤου,
323 3395 416 3446 τὸν
445 3395 593 3466 παρὰ
629 3396 725 3448 τοῦ
775 3395 978 3468 Κυρίου
1005 3395 1160 3466 ἡμῶν
1198 3395 1370 3466 Ἰησοῦ
1419 3394 1653 3467 Χριστοῦ
1690 3396 1749 3448 ὲν

167 3487 241 3556 τῇ
263 3485 610 3539 ἀνταποδόσει
638 3487 744 3540 τῶν
777 3487 1120 3558 βεϐιωμένων
1158 3488 1288 3557 ἡμῖν
1317 3485 1743 3557 ἐπηγγελμένον.

702 3645 1043 3698 ΕΠΙΣΤΟΛΗ
1095 3643 1212 3700 ΣΟ⁹.

1843 561 2056 617 Etenim
2089 564 2210 619 viro
2239 565 2444 628 orbari,
2482 565 2583 620 tibi
2616 578 2738 618 cum
2765 564 2890 620 aliis
2908 563 3229 618 mulieribus
3252 578 3408 618 com-

1844 670 2010 709 mune
2038 663 2121 710 est
2155 675 2167 709 :
2199 656 2296 711 sed
2323 656 2390 712 de
2417 657 2513 712 tali
2545 655 2800 726 conjugio
2834 670 2944 709 non
2973 655 3208 708 arbitror
3243 654 3406 708 aliam

1843 747 2128 801 mulierem
2169 763 2324 817 aeque
2349 763 2511 818 posse
2542 746 2788 819 gloriari.
2827 743 3006 799 Unum
3033 745 3178 799 enim
3217 758 3405 799 revera

1843 839 2120 908 exemplar
2178 848 2388 894 naturae
2440 842 2690 895 humanae
2728 840 2907 894 virum
2948 838 3098 892 illum
3144 836 3405 890 Conditor

1846 940 2033 986 noster
2062 942 2367 997 creaverat,
2395 934 2538 989 unde
2577 948 2768 989 omnes
2797 933 2850 985 in
2882 946 3006 985 eum
3035 927 3407 996 conjicieban-

1845 1029 1936 1074 tur
1974 1023 2141 1086 oculi,
2176 1031 2229 1077 et
2264 1024 2444 1095 lingua
2483 1025 2663 1079 omnis
2712 1039 2802 1079 res
2851 1022 2999 1077 illius
3034 1021 3360 1090 praedicabat
3389 1038 3404 1073 :

1849 1114 2096 1183 pictores
2128 1125 2312 1170 autem
2353 1123 2407 1169 et
2455 1116 2708 1170 statuarii
2737 1114 2922 1169 forma:
2963 1114 3276 1183 dignitatem
3319 1127 3408 1166 as.

1847 1203 2004 1272 sequi
2037 1219 2145 1258 non
2177 1213 2427 1274 poterant
2459 1224 2471 1259 :
2509 1204 2756 1259 historici
2801 1217 2952 1264 vero,
2977 1203 3104 1256 dum
3151 1218 3236 1258 res
3269 1210 3407 1271 pra“:—

1846 1297 1994 1351 clare
2024 1296 2076 1350 in
2113 1297 2252 1350 bello
2280 1305 2460 1366 gestas
2498 1295 2761 1361 referunt,
2800 1294 2852 1347 in
2892 1294 3195 1348 fabularum
3231 1292 3409 1345 incre-

1847 1388 2094 1442 dibilium
2129 1387 2530 1442 incommodum
2568 1386 2834 1440 incidunt.
2883 1383 3061 1450 Quare
3108 1399 3175 1438 ne
3211 1382 3408 1437 adduci

1847 1479 2064 1550 quidem
2111 1479 2357 1549 plerique
2409 1485 2660 1548 poterant
2713 1484 2772 1530 ut
2800 1476 2955 1529 fama:
2994 1475 3201 1529 tristem
3256 1474 3410 1527 illum

1849 1571 2101 1627 nuntium
2134 1569 2543 1639 circumferenti
2568 1570 2876 1631 crederent,
2900 1578 2993 1622 aut
3015 1569 3236 1622 omnino
3265 1581 3411 1622 mor-

1849 1671 2004 1717 tuum
2043 1678 2167 1717 esse
2193 1662 2532 1715 Arinthzeum
2569 1661 2891 1716 faterentur.
2936 1658 3042 1714 Sed
3083 1671 3262 1714 tamen
3288 1673 3411 1728 per-

1850 1768 2043 1823 pessus
2075 1760 2181 1816 est,
2205 1768 2324 1822 quae
2357 1759 2411 1807 et
2444 1753 2586 1806 caelo
2617 1761 2670 1806 et
2716 1751 2818 1808 soli
2850 1758 2904 1806 et
2947 1760 3105 1806 terra:
3143 1749 3408 1804 accident.

1850 1845 1999 1899 Abiit
2027 1844 2372 1914 splendidum
2401 1851 2594 1899 nactus
2617 1844 2844 1908 exitum,
2874 1859 2982 1897 non
3005 1844 3160 1897 senio
3184 1841 3409 1907 fractus,

1850 1937 2104 1992 claritate
2127 1937 2263 1990 nihil
2299 1936 2582 1990 imminuta
2613 1955 2626 1990 :
2657 1951 2886 2005 magnus
2917 1937 2972 1990 in
3003 1935 3252 2005 praesenti
3279 1935 3408 1996 vita,

1851 2045 2082 2099 magnus
2119 2028 2286 2082 etiam
2330 2029 2386 2082 in
2435 2027 2653 2092 futura;
2693 2043 2795 2082 nec
2825 2043 2889 2082 ex
2940 2027 3194 2098 praesenti
3240 2027 3414 2095 splen-

1851 2117 1984 2173 dore
2035 2117 2421 2171 detrimentum
2471 2116 2640 2170 ullum
2690 2132 2886 2186 passus
2929 2121 3255 2185 exspectata:
3292 2114 3412 2184 glo-

1852 2209 1948 2263 ria:
1980 2223 2088 2263 :eo
2113 2207 2256 2277 quod
2302 2222 2519 2262 omnem
2561 2208 2759 2262 anima:
2793 2207 3060 2262 maculam
3096 2205 3150 2259 in
3180 2207 3301 2275 ipso
3333 2203 3414 2258 vi-

1854 2308 1918 2352 tae
1948 2298 2094 2352 exitu
2124 2297 2340 2350 lavacro
2367 2298 2798 2368 regenerationis
2847 2295 3237 2365 repurgaverit.
3275 2292 3414 2359 Quo-

1852 2405 1972 2444 rum
2003 2390 2080 2444 illi
2123 2389 2468 2444 conciliatrix
2503 2404 2627 2444 cum
2657 2389 2827 2444 fueris
2861 2399 2913 2444 et
2953 2387 3215 2458 adjutrix,
3243 2386 3416 2440 maxi-

1853 2498 2000 2536 mum
2060 2481 2200 2536 habe
2279 2482 2569 2546 solatium,
2651 2495 2714 2537 ac
2779 2481 3017 2535 transfer
3067 2479 3314 2547 animum
3382 2492 3415 2532 a

1851 2573 2210 2641 prresentihus
2255 2571 2322 2625 ad
2379 2570 2687 2625 futurorum
2734 2584 2944 2633 curam,
2992 2575 3050 2623 ut
3103 2569 3266 2638 digna
3314 2568 3414 2621 ha-

1853 2663 2052 2730 bearis,
2081 2678 2203 2732 quae
2231 2678 2324 2733 per
2352 2663 2490 2716 bona
2523 2677 2688 2731 opera
2725 2677 2907 2732 parem
2939 2676 3003 2714 ac
3037 2661 3126 2716 ille
3155 2660 3414 2730 requietis

1852 2754 2033 2808 locum
2081 2768 2441 2823 consequare.
2490 2751 2663 2807 Parce
2718 2751 2881 2806 matri
2923 2752 3076 2806 senio
3127 2751 3414 2813 confectae,

1856 2859 2019 2915 parce
2043 2845 2166 2899 lilia:
2202 2853 2421 2909 tenerm,
2446 2844 2646 2914 quibus
2678 2843 2794 2897 sola
2835 2842 2900 2896 ad
2939 2843 3193 2898 solatium
3228 2842 3417 2895 relicta

1854 2953 1935 2992 es.
1971 2935 2059 2992 Sis
2085 2936 2394 3006 exemplum
2433 2935 2772 2990 fortitudinis
2814 2936 3025 2989 carteris
3063 2932 3413 2997 mulieribus;

1854 3037 1908 3085 et
1936 3029 2011 3083 ita
2042 3029 2218 3083 dolori
2245 3027 2550 3090 moderare,
2577 3035 2635 3080 ut
2673 3041 2849 3096 neque
2877 3025 3027 3079 illum
3069 3024 3252 3078 animo
3292 3037 3418 3092 pro-

1851 3121 2035 3192 jicias,
2061 3136 2234 3191 neque
2265 3135 2297 3174 a
2329 3119 2549 3174 tristitia
2578 3118 2944 3173 absorbearis.
2971 3115 3029 3171 In
3065 3114 3322 3170 omnibus
3350 3113 3419 3167 ad

1856 3229 2107 3285 magnam
2158 3214 2430 3284 patientiae
2463 3211 2770 3267 mercedem
2803 3210 3034 3280 respice,
3081 3223 3203 3278 quae
3248 3222 3278 3261 a
3312 3204 3420 3260 Do-

1855 3306 2006 3361 mino
2032 3313 2226 3361 nostro
2252 3303 2381 3360 Jesu
2413 3305 2636 3360 Christo
2670 3303 2726 3356 in
2761 3302 2886 3358 vita:
2907 3317 2938 3356 a
2969 3299 3127 3357 nobis
3166 3306 3302 3354 actae
3331 3311 3418 3354 re-

1853 3401 2236 3456 muneratione
2261 3399 2532 3470 promissa
2561 3405 2666 3453 est.

2294 3634 2633 3691 EPlSTOLA
2670 3632 2900 3690 CCLXX
2920 3638 2962 3688 ‘.

173 3775 519 3842 Presbyterum
557 3773 763 3842 aliquem
803 3772 1014 3842 Basilius
1047 3771 1095 3824 in
1131 3771 1383 3836 puniendis
1424 3769 1706 3842 "interimis
1728 3771 1995 3842 segniorem
2024 3770 2245 3842 objurgqt
2272 3782 2295 3842 _:
2330 3783 2388 3818 ae
2412 3775 2563 3842 sancit
2599 3775 2648 3818 ut
2679 3766 2839 3832 puclla
2871 3763 3152 3842 parentibus
3178 3762 3418 3842 restitue:

241 3827 1090 3900 turfgruplorup'recibusejiciatur,
1126 3827 1170 3886 ὲι
1205 3827 1642 3900 exwmmuriicatus
1675 3827 1996 3889 denuntietur,
2020 3827 2122 3897 ejus
2145 3827 2391 3900 ddjulores
2414 3845 2499 3900 per
2521 3837 2616 3880 tres
2635 3827 2784 3879 muros
2817 3827 2926 3900 eum
2947 3834 3042 3900 tota
3065 3841 3154 3876 sua
3171 3827 3358 3900 familia
3385 3839 3418 3900 α

236 3888 458 3962 precibus
495 3888 783 3962 ejieiimtur._
810 3888 981 3948 To'lum
1017 3888 1162 3948 etiam
1201 3911 1396 3962 pagum,
1417 3895 1501 3960 qui
1525 3901 1714 3959 raptam
1750 3888 2012 3958 receperat,
2035 3888 2117 3944 ῐηιι
2149 3888 2460 3950 custodierat,
2479 3900 2559 3941 aut
2582 3905 2673 3955 pro
2693 3905 2751 3942 ea
2775 3888 3023 3940 retinenda
3045 3888 3360 3954 pugnaverat,
3383 3899 3416 3935 a

234 3957 455 4025 precibus
466 3957 656 4035 puriter
672 3957 818 4024 ejicit.

472 4066 910 4134 Ἀνεπίγεοαφος,
971 4062 1122 4131 ὑπὲρ
1174 4059 1466 4132 ἁρπαγῆς.

244 4180 395 4232 Πάνυ
424 4178 718 4248 λιυποῦμαι,
757 4180 837 4231 δτι
872 4179 971 4249 οὐχ
1008 4178 1244 4248 εὑρίσκω
1301 4177 1444 4248 ὑμᾶς
1497 4177 1587 4228 ἐπὶ
1635 4178 1743 4238 τοῖς

167 4272 640 4342 ἀπηγορευμένοις
683 4271 804 4324 οὗτε
849 4269 1310 4338 ἀγανακτοῦντας,
1351 4268 1474 4321 οὔτε
1515 4267 1747 4338 δυναμέ-

167 4381 299 4426 νους
333 4360 662 4428 λογίζεσθαι,
689 4363 768 4414 δτι
807 4363 884 4425 είς
917 4361 1080 4414 αὐτὸν
1102 4360 1190 4413 τὸν
1224 4359 1336 4429 βίον
1362 4359 1454 4412 καὶ
1478 4358 1574 4428 τὴν
1603 4357 1746 4428 ζωὴν

2232 4056 2356 4113 Sine
2383 4055 2745 4125 inscriptione,
2777 4051 2840 4108 de
2867 4063 3037 4122 raptu.
3118 4045 3124 4051 ’

1928 4171 2094 4228 Valde
2117 4172 2298 4240 doleo,
2326 4171 2472 4242 quod
2510 4185 2605 4225 vos
2649 4169 2706 4222 in
2739 4167 2919 4223 vetitis
2963 4165 3126 4221 rebus
3150 4179 3251 4219 nee
3280 4161 3420 4218 indi-

1853 4265 2010 4337 gnari
2047 4268 2335 4335 reperiam,
2366 4278 2468 4318 nec
2509 4261 2810 4332 intelligere
2837 4273 2997 4330 posse
3031 4258 3083 4310 in
3115 4257 3289 4327 ipsam
3323 4255 3420 4310 ho-

1856 4359 2066 4430 minum
2097 4358 2264 4412 vitam
2301 4364 2356 4412 et
2390 4357 2444 4410 in
2478 4355 2772 4408 humanum
2805 4367 2977 4423 genus
3003 4350 3182 4406 scelus
3210 4362 3332 4403 esse
3357 4361 3420 4401 ac

174 4455 274 4518 τὴν
326 4455 672 4524 ἀνθρωπίνην
724 4453 1037 4525 παρανομία
1094 4453 1210 4504 ἐστὶ
1258 4453 1353 4504 καὶ
1407 4452 1656 4523 τυραννὶς
1713 4450 1745 4520 ἡ

1858 4449 2221 4520 tyrannidem,
2265 4447 2620 4504 commissum
2657 4447 2808 4499 illum
2856 4455 3092 4514 raptum,
3127 4452 3182 4496 et
3222 4440 3419 4493 factam

176 4545 433 4616 γινομένη
474 4546 611 4617 αῦτη
638 4545 883 4617 ἁρπαγὴ,
915 4545 1010 4597 καὶ
1037 4543 1194 4615 ὕϐρις
1227 4543 1366 4597 κατὰ
1399 4543 1506 4596 τῶν
1534 4541 1748 4596 ἐλευθέ-

183 4647 318 4700 ρων-
344 4624 468 4682 Οἷδσν
496 4638 623 4708 γὰρ,
649 4639 749 4698 ὅτι,
786 4639 833 4689 εί
869 4635 1121 4705 τοιαύτην
1160 4634 1333 4704 εἴχετε
1360 4632 1584 4704 γνώμην
1611 4633 1748 4686 πάν-

174 4737 293 4782 νεςν
330 4719 704 4779 οὖδένέκώλυε
752 4727 916 4779 παλαι
960 4725 1052 4778 τοῦ
1104 4725 1275 4778 κακοῦ
1316 4723 1414 4795 τὴν
1461 4723 1748 4794 συνήθειαν

174 4809 371 4862 τούτου
418 4810 730 4883 ἐξελαθῆναι
790 4817 890 4887 τῆς
943 4815 1195 4886 πατρίδος
1251 4814 1428 4884 ἡμῶν.
1489 4813 1747 4867 Ἀνάλαδε

173 4901 358 4953 τοίνυν
394 4902 486 4954 ἐπὶ
513 4902 607 4956 τοῦ
645 4907 911 4976 παρόντος
935 4907 1094 4976 ζῆλον
1127 4904 1458 4976 Χριστιανοῦ
1479 4923 1492 4934 ·
1541 4905 1632 4957 καὶ
1661 4922 1748 4958 κι-

175 4993 372 5065 νήθητι
399 4994 562 5058 ἀξίως
599 4995 692 5048 τοῦ
737 4998 1091 5070 ἀδικήματος.
1144 4999 1252 5053 Καὶ
1303 4999 1401 5068 τήν
1433 4998 1530 5068 μὲν
1560 4997 1746 5064 παῖδα,

175 5086 424 5157 ὅπουπερ
453 5085 518 5138 ἂν
557 5086 741 5158 εὖρης,
775 5091 1105 5160 ἀφελόμενος
1148 5092 1296 5160 πάσῃ
1344 5089 1576 5158 εὐτονίᾳ,
1611 5091 1747 5142 ἀπο-

177 5178 521 5248 κατάστησον
554 5182 663 5241 τοῐς
691 5180 946 5248 γονεῦσι·
985 5183 1078 5235 καὶ
1119 5183 1281 5234 αὑτὸν
1317 5181 1375 5234 δὲ
1415 5183 1620 5234 ἐκεῖνον
1659 5180 1748 5246 ἐξ-

175 5271 362 5340 όρισον
382 5269 488 5321 τῶν
509 5271 704 5339 εὐχῶν,
740 5272 834 5324 καὶ
853 5275 1192 5345 ἐκκήρυκτον
1214 5274 1438 5344 ποίησον
1459 5289 1472 5303 ⁸
1504 5271 1746 5335 καὶτοὺς

249 5419 376 5491 (851
403 5422 470 5473 Τὸ
494 5419 609 5489 μὲν
637 5421 764 5489 γάρ.
797 5421 1080 5479 Postrema
1108 5426 1298 5481 vocula
1327 5425 1507 5480 addita
1529 5441 1595 5481 ex
1624 5434 1748 5482 octo

176 5490 314 5546 mss.
351 5490 520 5544 Paulo
547 5501 667 5560 post
714 5492 902 5546 iisdem
934 5495 1052 5547 freti
1101 5497 1383 5550 codicibus
1435 5497 1747 5549 immutari-

178 5577 307 5637 mus
341 5562 486 5637 quod
517 5572 634 5637 erat
669 5563 721 5614 in
760 5563 920 5637 editis
953 5563 1123 5637 άλλην
1152 5570 1402 5637 γυναῖκα,
1434 5565 1543 5618 Nec
1577 5567 1748 5637 longe

179 5633 309 5712 editi
339 5632 745 5712 δημιουργήσας
777 5634 921 5703 ἡμᾶς
950 5632 1180 5688 ἕκτισενέ
1216 5635 1351 5694 Tres
1387 5632 1748 5692 vetustissimi

179 5704 394 5757 codices
427 5709 483 5753 ut
512 5704 568 5755 in
602 5709 772 5756 textu.

249 5771 362 5844 (84)
398 5772 496 5839 Μὴ
528 5773 832 5838 καθυφείς-
886 5770 1056 5827 Οιιίειο
1104 5775 1317 5843 primus
1360 5791 1486 5832 cum
1523 5777 1632 5832 alio
1671 5777 1745 5847 μὴ

454 5867 726 5929 ΡΑτῐιοι.
761 5867 876 5927 Gri.
903 5867 1172 5933 XXXII.

1854 4541 2041 4596 liberis
2069 4541 2350 4611 injuriam.
2388 4539 2515 4594 Scio
2567 4540 2734 4604 enim,
2787 4538 2832 4593 si
2867 4537 2919 4591 id
2971 4536 3125 4590 vobis
3167 4533 3419 4587 omnibus

1852 4641 2000 4686 esset
2059 4632 2378 4696 sententiae,
2445 4630 2768 4701 jamdudum
2833 4627 2966 4680 nihil
3019 4625 3420 4694 prohibiturum

1853 4720 2044 4787 fuisse,
2072 4723 2368 4792 quominus
2411 4720 2540 4773 mali
2576 4720 2723 4774 illius
2757 4715 3098 4770 consuetudo
3139 4730 3202 4767 ex
3248 4711 3419 4781 patria

1853 4821 2043 4868 nostra
2099 4813 2411 4882 pelleretur.
2457 4811 2694 4866 Assume
2739 4809 2905 4879 igitur
2957 4807 3012 4860 in
3061 4820 3119 4860 re
3163 4802 3419 4874 praesenti

1853 4904 2028 4958 zelum
2051 4901 2374 4966 Christiani,
2394 4909 2448 4956 et
2468 4916 2565 4972 pro
2584 4900 2807 4955 sceleris
2834 4898 3026 4952 merito
3050 4909 3415 4950 commovere.

1852 4997 1930 5050 Ac
1970 4995 2206 5064 puellam
2250 4994 2508 5063 quidem,
2557 4992 2867 5060 ubicunque
2918 4988 3226 5050 inveneris,
3270 4985 3418 5038 omni

1853 5087 2162 5144 constantia
2213 5086 2510 5149 auferens,
2573 5085 2801 5138 restitue
2850 5083 3168 5151 parentibus
3210 5095 3224 5132 ε
3273 5079 3419 5130 hunc

1850 5181 2029 5250 ipsum
2069 5186 2248 5232 autem
2281 5193 2409 5232 arce
2443 5192 2474 5230 a
2516 5175 2791 5246 precibus,
2827 5187 3061 5243 eumque
3103 5185 3418 5225 excommu-

1851 5273 2094 5327 nicatum
2135 5270 2436 5326 denuntia:
2469 5279 2632 5338 atque
2676 5282 2774 5322 eos
2819 5266 3006 5333 etiam,
3053 5264 3146 5334 qui
3187 5276 3309 5317 eum
3351 5274 3416 5314 eo

1851 5424 2155 5493 καθυφιείς.
2200 5421 2402 5479 Ibidem
2430 5422 2586 5476 multi
2628 5420 2848 5477 codices
2888 5437 2999 5475 non
3049 5415 3416 5489 antiquissimi

1851 5495 2219 5652 “(figlclfpéq
2267 5562 2476 5629 αὐταῖς
2522 5561 2672 5630 ταῖς.
2723 5559 2803 5616 Ita
2854 5574 3042 5616 omnes
3080 5574 3215 5615 mss.
3271 5553 3412 5614 ΕΖὰίιὶ

1852 5636 2435 5762 πρῆλῦἒξϐωἰων.
2460 5700 2674 5775 Scripta
2697 5709 2821 5774 post
2854 5715 3055 5759 annum
3079 5699 3204 5756 574.

3066 5865 3148 5927 32
