3878 6222
512 412 650 472 1005
718 434 723 445 ’

1812 424 1875 482 S.
1913 425 2162 483 BASlLll
2198 428 2415 486 MAGNI

3619 434 3760 489 10οι

509 535 725 593 facinus
762 539 1020 609 aggressi
1074 547 1240 607 sunt,
1288 540 1590 597 secundum
1613 540 1776 614 417
1801 557 2062 599 canonem

2177 547 2597 611 συνεπελθόντας
2645 547 2814 619 αὐτῷ,
2876 546 3015 601 κατὰ
3058 547 3121 600 τὸ
3161 547 3260 618 ήδη
3304 547 3583 616 προλαϐον
3624 552 3757 622 παρ’

505 626 621 699 jam
662 643 692 682 a
733 629 893 685 nobis
933 630 1233 701 vulgatum,
1279 637 1394 687 tres
1424 645 1599 687 annos
1638 647 1763 687 cum
1791 634 1920 689 totis
1952 635 2070 690 suis

510 714 735 773 familiis
758 734 788 772 a
820 719 1075 788 precibus
1112 718 1269 788 ejice.
1305 719 1447 785 Quin
1488 728 1543 775 et
1564 721 1728 775 illum
1759 722 1939 793 ipsum
1973 738 2074 793 pa-

509 823 660 879 gum,
697 810 789 879 qui
829 817 1037 880 raptam
1067 810 1272 881 recepit
1306 826 1371 866 ac
1409 812 1724 877 custodivit,
1781 819 1875 866 aut
1906 814 2072 869 etiam

511 904 577 958 ad
608 920 725 959 eam
758 906 1095 960 retinendam
1128 907 1406 977 pugnavit,
1439 907 1755 962 universum
1790 922 1820 960 a
1847 923 2071 977 precum

509 997 769 1051 societate
788 997 1043 1052 abscinde
1069 1017 1081 1052 :
1117 1007 1173 1053 ut
1194 999 1409 1053 discant
1429 1014 1640 1061 omnes,
1667 1006 1926 1070 tanquam
1958 1015 2075 1054 ser-

510 1096 747 1159 pentem,
770 1097 1027 1159 tauquam
1055 1090 1217 1144 aliam
1246 1090 1499 1160 quamvis
1537 1090 1787 1157 bestiam,
1824 1106 2074 1146 commu-

508 1192 632 1232 nem
658 1178 869 1233 hostem
909 1180 1287 1235 existimantes
1331 1190 1627 1251 raptorem,
1652 1182 1727 1235 ita
1758 1198 1883 1238 eum
1917 1184 2069 1240 inse~

508 1269 647 1323 ctari
670 1276 727 1324 et
754 1269 959 1340 injuria
992 1270 1202 1327 allectis
1223 1271 1500 1342 opitulari.

942 1423 1279 1479 EPISTOLA
1316 1423 1567 1480 CCLXXI
1590 1426 1630 1478 ‘.

2173 642 2332 713 ἡμῶν
2382 642 2640 712 κήρυγμα
2692 639 2822 710 (86),
2881 641 3123 712 τριετίαν
3171 641 3427 693 πανοικεὶ
3481 640 3598 712 (87)
3647 642 3757 697 τῶν

2205 735 2347 806 ὺχῶν
2376 735 2634 806 ὲξόρισον.
2668 735 2778 788 Καὶ
2815 734 2913 804 τὴν
2952 734 3144 805 κώμην
3193 734 3292 805 τὴν
3338 734 3759 806 ὑποδεξαμένην

2183 826 2269 896 ..ὴν
2300 827 2655 898 ἁρπαγεῖσαν,
2686 826 2781 878 κα)¹
2814 822 3147 893 φυλάξασαν,
3194 826 3312 894 ἢτοι
3352 826 3755 896 ὑπερμαχήσα-

2176 928 2295 973 σαν,
2318 911 2411 963 καὶ
2431 911 2597 983 αὐτὴν
2617 911 2721 977 ἔξω
2742 910 2849 965 τῶν
2872 912 3047 981 εὐχῶν
3068 912 3342 981 πανδημεὶ
3359 914 3475 982 (88)
3498 913 3631 982 ποίη
3641 930 3753 966 σον⁴

2175 1000 2263 1052 ἵνα
2308 998 2517 1068 μάθωσι
2567 999 2787 1064 πάντες,
2839 1000 2915 1062 ὼς
2953 999 3109 1069 ὅφιν,
3142 999 3218 1063 ὡς
3252 1000 3382 1054 ἄλλο
3436 1018 3491 1053 τι
3541 1000 3756 1071 θηρίον.

2175 1089 2351 1143 κοινὸν
2383 1088 2575 1160 ἐχθρὸν
2617 1088 2908 1160 ἡγούμενοι
2960 1090 3053 1142 τὸν
3097 1090 3346 1161 ἅρπαγα,
3397 1090 3577 1154 οὕτως
3618 1092 3757 1143 ἁπο-

2173 1180 2388 1234 διὼκειν
2428 1180 2539 1252 (89)
2579 1180 2779 1246 αὐτὸν,
2827 1179 2924 1235 καὶ
2970 1179 3330 1251 προΐστασθαι
3378 1179 3492 1251 τῶν
3537 1180 3756 1234 ἀδικου-

2179 1272 2373 1344 μένων.

2688 1426 3033 1480 ΕΠΙΣΤΟΛΗ
3069 1427 3231 1479 ΣΟΑἎ

512 1538 767 1610 Signiﬁcat.
788 1537 1000 1609 Basilius
1021 1536 1237 1609 Eusebio,
1258 1538 1449 1602 quicum
1470 1538 1585 1589 olim
1602 1544 1647 1590 et
1665 1538 1858 1609 domum
1879 1547 1922 1591 et
1940 1541 2263 1651 ρωάαροριιηι
2283 1550 2327 1595 et
2345 1542 2508 1615 omnia
2527 1541 2800 1594 communia
2823 1543 3069 1612 habuerat.
3091 1550 3320 1613 quantum
3342 1543 3538 1595 doloris
3559 1557 3755 1607 accepe-

570 1609 652 1651 rit.
675 1615 730 1651 eo
752 1614 799 1649 ιη
819 1607 1021 1651 ctmtate.
1045 1613 1093 1649 ιη
1116 1613 1261 1651 quam
1282 1601 1558 1651 advenerat.
1587 1614 1681 1649 nou
1708 1608 1907 1651 invento.
1970 1611 2141 1651 nterim
2161 1619 2264 1651 sese
2288 1605 2539 1651 scribendo
2560 1606 2853 1651 consolatur.
2876 1616 3013 1651 eiaue
3037 1607 3313 1651 Curtacum.
3336 1613 3387 1651 ut
3414 1610 3754 1651 ambula-nun

570 1599 730 1664 rit;ng
751 1599 799 1664 in
819 1599 1021 1658 civitate,
1045 1600 1093 1649 in
1116 1613 1261 1664 quam
1271 1599 1558 1657 advenerat,
1587 1614 1681 1649 nou
1708 1601 1907 1651 invento.

568 1661 787 1713 criminis
805 1669 1049 1726 expertem
1067 1661 1319 1726 secumque
1340 1664 1645 1726 conjunctum
1676 1664 1991 1714 commendat.

512 1776 739 1834 Eusebio
760 1776 935 1832 sodali
951 1775 1376 1829 commendatitia
1391 1792 1486 1846 pro
1502 1770 1727 1848 Cyriaco
1744 1778 2065 1849 presbytero.

579 1940 777 2012 Statim
808 1966 862 2010 et
890 1970 921 2010 e
943 1954 1171 2025 vestigio
1192 1961 1316 2025 post
1342 1963 1495 2010 tuum
1526 1955 1986 2013 discessum'cum
2016 1957 2071 2016 in

507 2048 782 2104 civitatem
814 2045 1174 2109 advenissem,
1207 2055 1430 2115 quanta,
1459 2054 1514 2102 te
1554 2063 1664 2102 nou
1698 2048 1940 2113 invento,
1990 2050 2073 2103 al-

508 2139 682 2195 fectus
707 2138 809 2194 sim
846 2137 1093 2197 tristitia,
1129 2137 1257 2206 quid
1301 2136 1495 2191 attinet
1541 2138 1722 2193 dicere
1771 2139 1839 2193 ad
1891 2141 2071 2194 virum

507 2233 691 2288 verbis
733 2247 843 2287 non
877 2231 1231 2301 indigentem,
1268 2229 1365 2285 sed
1406 2230 1742 2299 experientia
1782 2232 2063 2296 edoctum,

506 2331 569 2378 ut
594 2324 687 2395 qui
711 2321 901 2378 eodem
938 2314 1351 2375 modo'all‘ectus
1379 2320 1713 2385 sit?Quanti
1753 2321 1900 2376 enim
1938 2322 2072 2376 mihi

505 2414 702 2471 fuisset
734 2414 914 2485 pretii,
944 2412 1238 2469 Eusebium
1286 2427 1545 2483 perquam
1588 2413 1857 2483 optimum
1888 2414 2073 2470 videre

500 2515 560 2564 et
586 2509 858 2579 amplecti,
896 2522 960 2562 ac
985 2506 1367 2561 recordatione
1396 2504 1462 2560 ad
1492 2505 1833 2575 juventutem
1866 2506 2066 2561 iterum

504 2597 707 2663 redire,
764 2607 818 2654 et
861 2597 1074 2653 dierum
1119 2598 1340 2653 illorum
1387 2599 1725 2663 meminisse,
1772 2600 1830 2653 in
1871 2598 2071 2667 quibus

504 2690 667 2748 nobis
703 2700 759 2745 et
787 2690 984 2747 domus
1014 2706 1143 2757 una,
1173 2701 1225 2746 et
1256 2690 1412 2747 locus
1443 2706 1605 2756 unus,
1652 2700 1706 2746 et
1734 2690 2066 2761 paedagogus

503 2779 671 2847 idem,
703 2789 759 2836 et
800 2781 969 2835 animi
1010 2782 1296 2846 relaxatio,
1334 2790 1388 2837 et
1426 2783 1690 2846 studium,
1737 2790 1792 2838 et
1833 2782 2065 2847 deliciar,

500 2881 558 2929 et
588 2872 794 2942 in0pia,
827 2880 881 2927 et
907 2873 1090 2928 omnia
1124 2872 1269 2929 inter
1294 2888 1396 2929 nos
1441 2889 1508 2929 ex
1544 2890 1701 2945 aequo
1744 2884 1902 2929 erant
1928 2889 2073 2928 com-

502 2963 725 3019 munia!
757 2963 959 3031 Quanti
1003 2979 1091 3020 me
1134 2972 1300 3036 putas
1336 2966 1730 3021 aestimaturum
1775 2967 1968 3031 fuisse,
2011 2972 2071 3020 ut

501 3052 619 3108 haec
645 3054 830 3108 omnia
864 3054 921 3108 in
942 3055 1264 3109 memoriam
1284 3069 1393 3125 per
1419 3062 1572 3108 tuum
1594 3070 1950 3125 congressum
1984 3070 2072 3111 re—

502 3159 779 3207 vocarem,
812 3150 866 3199 et
905 3145 1056 3214 gravi
1097 3145 1202 3199 hoc
1230 3145 1386 3200 senio
1416 3146 1691 3210 absterso,
1718 3146 1936 3216 juvenis
1969 3146 2070 3202 ite-

1970 1604 2264 1657 nterim'sese
2288 1604 2539 1657 scribendo
2560 1606 2853 1665 consolatur,
2876 1604 3013 1667 eique
3037 1604 3313 1670 Cy'riacum,
3336 1613 3387 1655 ut
3411 1604 3754 1671 presbyter-inn

2174 1781 2441 1845 Εὐσεόίῳ
2491 1778 2699 1848 ἑταίρῳ
2755 1777 3094 1848 συστατικὴ
3140 1778 3238 1831 ἐπὶ
3292 1776 3572 1846 Κυριακῷ
3614 1794 3755 1847 ,αρε-

2813 1847 3098 1917 σϐυτέρῳ.

2245 1962 2420 2027 Εὐθὺς
2458 1980 2549 2016 και
2570 1962 2711 2015 κατὰ
2745 1962 2912 2025 πόδας
2939 1961 3048 2032 (90)
3081 1962 3181 2034 τῆς
3223 1962 3324 2025 σῆς
3350 1963 3755 2034 ἀναχωρήσεως

2174 2054 2400 2118 ἐπιστὰς
2432 2058 2496 2127 τῇ
2555 2054 2726 2119 πόλει,
2775 2055 2896 2106 ὅσον
2944 2053 3201 2123 ὴθύμησα
3256 2052 3580 2125 διαμαρτών
3634 2070 3752 2117 σου,

2172 2148 2226 2200 τί
2257 2147 2337 2200 δεῖ
2381 2147 2474 2200 καὶ
2522 2145 2700 2215 λέγειν
2746 2144 2880 2216 πρὸς
2930 2143 3096 2213 ἄνδρα
3147 2146 3210 2198 οὐ
3262 2144 3425 2212 λόγου
3474 2144 3754 2214 δεόμενον,

2174 2238 2310 2293 ἀλλὰ
2349 2239 2515 2311 πείρᾳ⁵
2561 2238 2760 2301 εἰδότα,
2800 2236 2876 2308 τῷ
2914 2235 2984 2289 τὰ
3028 2236 3138 2307 (9|)
3181 2238 3344 2307 ὃμοια
3384 2236 3753 2300 πεπονθέναι;

2176 2332 2339 2385 Ὅσου
2373 2331 2482 2403 γὰρ
2520 2326 2588 2402 ἦν
2630 2327 2779 2394 ἄξιον
2807 2328 2930 2399 ἐμοὶ
2983 2327 3108 2380 ἰδεῖν
3159 2328 3252 2380 τὸν
3304 2328 3487 2380 πάντα
3536 2329 3755 2397 ἄριστον

2174 2424 2451 2487 Εὐσέϐιον,
2484 2423 2577 2476 καὶ
2598 2419 3055 2492 περιπτύξασθαι,
3089 2420 3345 2490 καὶπρὸς
3383 2419 3488 2490 τὴν
3526 2422 3753 2490 νεότητα

2174 2514 2337 2568 πάλιν
2395 2514 2462 2586 τῇ
2521 2514 2711 2585 μνήμῃ
2769 2511 3082 2566 ἐπανελθεῖν
3103 2552 3118 2577 ,
3169 2512 3263 2564 καὶ
3329 2512 3755 2582 ὑπομνησθῆναι

2174 2604 2395 2679 ἡμερῶν
2423 2604 2669 2669 ἐκείνων,
2712 2607 2769 2658 ὲν
2809 2598 2898 2668 αἷς
2936 2604 3031 2658 καὶ
3069 2604 3337 2674 δωμάτιον
3377 2605 3517 2675 ἡμῖν
3546 2604 3629 2665 ἓν,
3664 2605 3753 2658 καὶ

2173 2699 2326 2751 ἑστία
2386 2697 2502 2769 μία,
2553 2696 2646 2750 κα).
2686 2694 3034 2765 παιδαγωγὸς
3077 2695 3107 2747 ό
3152 2694 3334 2759 αὐτὸς,
3388 2695 3488 2748 καὶ
3546 2695 3749 2761 ἄνεσις,

2174 2788 2268 2842 καὶ
2295 2788 2519 2858 σπουδὴ,
2551 2787 2645 2841 καὶ
2672 2786 2870 2858 τρυφὴ,
2908 2786 3001 2839 καὶ
3038 2785 3231 2849 ἔνδεια,
3270 2786 3364 2839 καὶ
3404 2786 3588 2841 πάντα
3622 2789 3751 2857 ἡμῖν

2173 2877 2234 2943 ἐξ
2266 2877 2379 2931 ἴσου
2404 2877 2514 2945 (92)
2544 2876 2680 2947 πρὸς
2708 2876 2966 2947 ἀλλήλους
2991 2875 3222 2946 ὑπῆρχε.
3270 2876 3446 2930 Πόσου
3481 2878 3585 2929 olet
3612 2877 3750 2929 τίθε-

2175 2963 2298 3017 σθαί
2336 2980 2402 3034 με
2430 2962 2577 3030 ἄξιον
2618 2963 2796 3017 πάντα
2831 2962 3004 3016 ταῦτα
3045 2964 3134 3016 διὰ
3174 2963 3275 3033 τῆς
3310 2964 3410 3035 σῆς
3458 2954 3749 3035 συντυχξαξ

2171 3054 2457 3109 ἀναλαϐεῖν
2488 3057 2553 3126 τῇ
2598 3056 2803 3126 μνήμῃ,
2838 3055 2930 3108 καὶ
2955 3054 3015 3108 τὸ
3038 3053 3174 3125 βαρὺ
3209 3053 3367 3108 τοῦτο
3399 3056 3584 3128 γῆρας
3622 3061 3748 3110 ἁπο-

2175 3144 2492 3218 ξυσάμενον,
2550 3146 2667 3200 νέον
2707 3146 2883 3199 δοκεῖν
2925 3146 3087 3201 πάλιν
3127 3150 3192 3201 ὲκ
3229 3147 3489 3219 γέροντος
3525 3151 3743 3218 γεγενῆ-

504 3250 627 3291 rum
651 3252 717 3291 ex
748 3250 877 3292 sene
922 3234 1103 3291 factus
1132 3235 1388 3291 viderer?
1422 3234 1527 3290 Sed
1573 3236 1660 3291 bis
1692 3237 2062 3306 voluptatibus

2177 3239 2330 3303 σθαι;
2374 3238 2509 3291 Ἀλλ’
2546 3239 2767 3292 ἐκείνων
2798 3239 2897 3309 μέν
2932 3256 2997 3309 με
3044 3239 3299 3309 διέφυγεν
3328 3242 3363 3312 ἡ
3406 3240 3744 3302 ἀπόλαυσις

502 3329 677 3386 carui.
716 3327 789 3384 Ut
826 3336 1007 3384 autem
1042 3344 1140 3399 per
1184 3329 1392 3384 litteras
1424 3329 1772 3399 prudentiam
1800 3338 1948 3383 tuam
1982 3329 2068 3384 vi-

501 3403 709 3485 derem,
738 3435 933 3489 meque
964 3420 1082 3490 ipse
1114 3434 1225 3490 quo
1248 3427 1491 3490 poteram
1538 3420 1699 3475 modo
1728 3421 2066 3481 consolarer,

498 3510 556 3565 id
583 3510 716 3564 mihi
747 3516 996 3579 ereptum
1036 3525 1147 3564 non
1177 3516 1280 3573 est,
1325 3507 1781 3563 reverendissimo
1825 3523 2071 3578 compre-

499 3601 721 3672 sbytero
759 3608 1080 3657 occurrente
1119 3600 1381 3673 Cyriaco,
1414 3616 1575 3671 quem
1621 3617 1709 3657 me
1764 3601 1862 3656 tibi
1904 3601 2071 3671 pudet

498 3692 904 3757 commendare,
959 3707 1197 3763 eumque
1251 3694 1351 3749 tibi
1396 3693 1679 3763 proprium
1731 3708 1827 3763 per
1869 3699 2071 3747 memet

498 3784 755 3848 reddere,
796 3799 867 3839 ne
899 3783 1040 3840 forte
1083 3800 1369 3856 perperam
1410 3784 1591 3839 facere
1624 3784 1832 3849 videar,
1863 3791 1923 3838 ut
1968 3783 2068 3838 tibi

490 3875 819 3942 adducamy
851 3891 972 3946 quae
1018 3876 1117 3932 tibi
1160 3878 1381 3949 propria
1430 3884 1560 3933 sunt
1606 3882 1660 3931 et
1702 3874 1922 3931 eximia.
1963 3873 2070 3930 Sed

531 4036 765 4161 ⁸1λΑιῑιιε,
811 4035 905 4090 XI.
937 4034 1169 4108 .Scripta
1213 4035 1269 4091 in
1304 4034 1596 4108 postremis
1650 4036 1810 4091 annis
1856 4033 1914 4088 S.
1963 4033 2069 4089 Ba-

531 4121 623 4161 ιιι.

573 4174 685 4245 (86)
712 4174 1016 4245 Κήρυγμα.
1055 4175 1201 4231 Satis
1227 4176 1511 4231 commode
1544 4175 1646 4230 hac
1671 4188 1805 4230 voce
1844 4173 2069 4244 intelligi

498 4255 684 4316 posset
716 4247 947 4315 epistola
969 4246 1035 4300 ad
1061 4246 1509 4316 promulganﬁdam
1546 4245 2068 4316 excommunicatio-

478 4315 622 4384 jitem
659 4330 1098 4384 quoquoversum
1143 4317 1327 4372 missa.
1367 4315 1472 4370 Sed
1501 4315 1798 4370 verisimile
1847 4329 1955 4368 non
1984 4322 2069 4368 est

496 4383 645 4456 hunc
672 4383 945 4439 hominem
986 4400 1015 4437 a
1043 4384 1243 4440 Basilio
1266 4386 1377 4455 jam
1409 4384 1585 4456 palam
1613 4392 1698 4456 et_
1718 4392 1914 4456 aperte
1938 4399 2067 4453 pro-

496 4454 757 4523 scriptum
784 4464 839 4509 et
875 4452 1623 4523 excommunicatum'fuisse.
1656 4452 1812 4507 Tunc
1832 4452 1977 4508 enim
2007 4456 2063 4508 iu

479 4522 849 4594 presbyteris,
875 4523 971 4593 qui
1003 4522 1271 4591 ejusmodi
1299 4524 1570 4594 hominem
1594 4523 1663 4577 ab
1694 4525 1950 4594 episcopo
1970 4539 2063 4578 ex-

477 4593 951 4649 ‘comm’unicatum
991 4593 1059 4648 ad
1089 4609 1285 4662 preces
1330 4593 1698 4657 admisissent,
1731 4593 1964 4647 audacia
2004 4601 2058 4648 et

491 4665 775 4719 temeritas
818 4663 1140 4733 reprehendi
1187 4663 1473 4726 deberent,
1540 4678 1647 4733 non
1692 4663 2053 4733 negligentia,

490 4749 613 4803 qua:
643 4731 955 4814 umeri-sola
988 4733 1241 4814 a_Bas_ilio
1273 4732 1706 4803 reprehenditur.
1734 4731 1914 4814 Quare

496 4800 684 4876 ῥυγμα
713 4800 850 4857 ηἰῙιΙι
880 4801 1036 4876 aliud
1067 4803 1280 4876 videtur
1314 4800 1628 4876 essequam
1662 4800 2050 4876 canon__Basilii

490 4871 826 4943 trigesimus,
877 4873 935 4927 in
987 4888 1098 4943 quo
1134 4873 1202 4928 de
1243 4873 1311 4943 iis
1356 4872 1451 4942 qui
1500 4879 1745 4940 raptores
1792 4871 2053 4941 adjuvant

490 4890 559 4926 ιι·ι
598 4890 826 4935 estmus,
877 4890 935 4927 ιιι
987 4890 1098 4943 quo
1134 4890 1202 4928 ae
1243 4890 1311 4928 us
1356 4890 1451 4942 qui
1500 4890 1662 4940 raptm

489 4890 677 4998 eadem
707 4958 771 4997 ac
800 4943 854 4998 in
887 4944 988 4997 hac
1018 4943 1246 5011 epistola
1279 4942 1662 5011 decernuntur.

583 5013 673 5080 87)
713 5014 1005 5067 Πανοικεί.
1038 5010 1205 5068 Coisl.
1251 5021 1478 5082 uterque
1512 5018 1580 5082 et
1609 5010 1772 5082 Med:
1810 5012 2049 5065 πανοικι.

583 5015 673 5080 87)
713 5015 1005 5067 Πανοικεί.
1038 5015 1205 5068 Coisl.
1251 5021 1478 5082 uterque
1525 5018 1580 5065 et
1630 5015 1770 5067 Med.
1810 5015 2049 5065 πανοικι.

559 5015 672 5155 (88)
713 5082 1180 5155 Πακόημεί.ςγὶεἱ
1212 5091 1341 5155 sunt
1370 5081 1483 5142 sibi
1510 5080 1566 5134 in
1607 5080 1709 5155 hoc
1742 5080 1928 5136 Basilii
1955 5083 2051 5155 de-

487 5150 662 5209 creto'
696 5153 894 5207 eruditi
920 5150 1049 5208 'viri
1094 5153 1384 5221 imaginem
1440 5150 1729 5221 quamdam
1771 5153 2050 5221 generalis

487 5169 641 5209 creto
696 5169 894 5207 eruam
946 5169 1049 5208 Vll'l
1094 5169 1200 5206 ima
1242 5169 1384 5206 mem
1440 5169 1729 5221 quamuam
1785 5169 2049 5221 generaus

487 5221 759 5293 interdicti
785 5223 1111 5293 perspicere.
1129 5169 1238 5278 Seﬁ
1264 5233 1587 5293 tamennon
1616 5222 1730 5293 leve
1754 5219 2049 5277 discrimen

486 5290 800 5363 intercedit.
830 5290 963 5346 Nam
995 5293 1049 5346 1ο
1092 5292 1236 5363 quod
1268 5292 1491 5363 sceleris
1536 5291 1790 5363 conscios
1821 5302 1971 5346 arcet
2006 5307 2050 5363 7a

487 5362 744 5428 precibus
776 5361 1209 5430 argumento'est‘
1245 5362 1518 5431 liturgiam
1558 5361 1612 5414 in
1649 5362 1754 5415 hoc
1783 5375 1917 5431 pago
1943 5362 2050 5431 7mi-

487 5431 635 5486 nime
683 5432 1049 5487 intermissam
1093 5432 1279 5489 fuisse.
1336 5433 1392 5487 2“
1426 5430 1554 5485 Inde
1585 5430 1747 5485 etiam
1800 5430 2050 5499 sequitur

488 5513 597 5572 non
630 5515 820 5555 omnes
843 5503 965 5572 pagi
997 5502 1205 5559 incolas
1235 5517 1265 5556 a
1290 5502 1545 5572 precibus
1578 5501 2045 5572 remotosluisse,

489 5569 585 5642 sed
610 5584 705 5624 eos
743 5568 976 5635 tantum,
1006 5573 1099 5642 qui
1138 5568 1318 5628 scelus
1359 5571 1698 5640 adjuverant.
1745 5571 1800 5625 5°
1832 5568 1889 5642 ιιι
1910 5585 2047 5625 con-

481 5638 734 5692 ﬁrmatur
761 5654 827 5694 ex
853 5638 1105 5695 accurata
1143 5638 1552 5712 enumeratione
1579 5655 1766 5712 eorum
1799 5641 1889 5712 qui
1915 5655 2047 5712 ope-

485 5720 606 5792 ram
628 5722 787 5792 suam
817 5712 1178 5792 contulerant,
1194 5720 1296 5792 aut
1324 5711 1557 5792 puellam
1580 5710 1919 5792 recipiendo,
1949 5710 2046 5764 aut

483 5776 830 5841 occultando,
876 5782 960 5834 vel
998 5776 1173 5835 etiam
1207 5776 1536 5836 dimicando.
1580 5776 1771 5836 Inutile
1796 5781 1946 5835 enim
1991 5789 2046 5834 et

481 5842 809 5920 absurdum
830 5846 1026 5908 luisset
1062 5860 1176 5907 tam
1226 5859 1484 5908 accurate
1522 5850 1673 5908 varia
1723 5850 2045 5908 delictorum

2170 3329 2231 3381 τὸ
2256 3329 2313 3382 δὲ
2343 3328 2429 3382 διὰ
2462 3328 2789 3401 γράμματος
2831 3329 2959 3382 ἰδεῖν
3015 3346 3107 3382 σου
3154 3331 3252 3401 τὴν
3289 3329 3607 3402 λογιότητα,
3659 3334 3745 3384 καὶ

2170 3418 2259 3472 τὸν
2303 3420 2492 3473 ἐνόντα
2555 3421 2756 3491 τρόπον
2808 3420 2997 3473 ἑαυτὸν
3051 3419 3597 3492 παραμυθήσασθαι,
3652 3423 3744 3475 οὐκ

2170 3511 2450 3582 ἀφῃρέθην
2471 3512 2537 3581 τῇ
2568 3510 2822 3582 συντυχίᾳ
2852 3509 2944 3563 τοῦ
2979 3510 3409 3581 αἱδεσιμωτάτου
3450 3511 3733 3583 Κυριακσῦ

2169 3603 2262 3657 τοῦ
2310 3601 2823 3674 ωμπρεσσυτέρου·
2874 3602 2932 3655 ὃν
2981 3603 3307 3673 αἰσχύνομαι
3365 3605 3637 3657 συνιστῶν
3669 3620 3740 3656 σοι

2171 3695 2262 3747 καὶ
2285 3696 2479 3749 οἰκεῖον
2516 3694 2683 3748 ποιῶν
2714 3694 2781 3747 δι’
2815 3695 3076 3766 ἐμαυτοῦ,
3127 3697 3199 3766 μή
3237 3712 3368 3749 ποτε
3416 3695 3560 3761 δόξω
3602 3695 3738 3765 περί-

2170 3787 2324 3857 εργόν
2367 3805 2417 3840 τι
2456 3790 2660 3850 ποιεῖν,
2698 3787 2780 3840 col.
2817 3787 3110 3856 προσάγων
3145 3787 3212 3840 τὰ
3248 3786 3359 3840 ῐδιὰ
3400 3804 3498 3839 σου
3534 3789 3629 3839 καὶ
3661 3787 3737 3853 £5-

2171 3876 2376 3947 αἶρετα.
2411 3875 2554 3931 Ἀλλ’
2588 3875 2773 3947 ἐπειδή
2807 3893 2874 3947 με
2914 3876 2996 3929 δεῖ
3031 3876 3127 3933 κα)⁵
3168 3877 3423 3948 μάρτυρα
3471 3871 3616 3930 εἶναι
3648 3876 3736 3945 τῆς

2170 4046 2366 4102 genera
2405 4045 2707 4090 recensere.
2750 4029 2798 4085 si
2834 4028 3020 4084 eadem
3056 4031 3323 4102 sententia
3361 4033 3733 4102 comprehensi

2173 4099 2423 4164 fuissent,
2447 4102 2540 4170 qui
2559 4102 2692 4154 nihil
2717 4114 2943 4169 prorsus
2968 4101 3377 4171 commiserant.
3408 4099 3595 4171 Pagus
3616 4118 3731 4171 ergo

2171 4171 2393 4242 intelligi
2414 4169 2573 4225 debet
2598 4185 2790 4241 magna
2820 4185 2946 4239 pars
2978 4171 3300 4242 incolarum.
3323 4169 3379 4224 Si
3409 4169 3537 4239 quis
3561 4169 3733 4242 tamen

2169 4240 2438 4297 existimet
2488 4240 2705 4311 nullum
2727 4242 2783 4293 in
2826 4242 2927 4293 hoc
2964 4254 3103 4311 pago
3137 4240 3520 4311 presbyterum
3552 4240 3729 4299 fuisse.

2171 4312 2564 4380 universosque
2596 4310 2828 4380 incolas
2870 4324 2902 4362 a
2944 4310 3218 4380 precibus,
3254 4310 3378 4380 quae
3420 4311 3478 4364 in
3520 4311 3732 4365 alterius

2170 4381 2290 4453 pagi
2320 4378 2551 4453 ecclesia
2583 4379 2803 4453 ﬁebant.
2835 4378 3088 4453 exclusos
3114 4378 3324 4445 fuisse;
3361 4380 3500 4453 illud
3528 4395 3733 4449 semper

2171 4449 2437 4515 inanebit,
2473 4450 2618 4520 quod
2650 4450 2783 4503 mihi
2819 4449 3162 4520 probandum
3207 4451 3494 4519 proposui,
3536 4453 3727 4504 nullam

2209 4536 2395 4576 rorsus
2439 4519 2727 4575 ecclesiam
2769 4520 3011 4586 generali
3054 4519 3277 4574 decreto
3313 4520 3666 4575 interdictam
3702 4534 3723 4564 ι

2209 4537 2395 4576 rorsus
2439 4537 2727 4575 eccnesnam
2769 4537 3011 4586 generau
3054 4537 3277 4574 decreto
3313 4537 3666 4575 mtemnctam
3702 4537 3723 4564 ι

2166 4537 2369 4646 Basilio
2423 4589 2613 4646 fuisse.
2670 4588 2941 4643 Praeterea
2978 4604 3103 4642 cum
3152 4599 3408 4645 accurate
3441 4591 3724 4653 distans-183

2162 4660 2485 4732 delictorum
2536 4660 2763 4732 species,
2800 4657 2940 4732 inde
2976 4660 3241 4732 sequitur,
3286 4662 3370 4716 vel
3401 4670 3598 4732 omne

2161 4739 2345 4804 centes
2366 4723 2581 4804 luisse,"
2596 4731 2683 4804 vel
2716 4728 3039 4804 nocentium
3056 4723 3137 4804 '_e_t
3179 4723 3555 4804 innocentium
3584 4723 3723 4804 habi-

2160 4807 2274 4853 tum
2302 4799 2473 4855 fuisse
2508 4800 2821 4855 discrimen.
2844 4796 2921 4865 Ex
2947 4798 3032 4852 his
3064 4798 3197 4853 illud
3224 4800 3384 4853 etiam
3409 4794 3599 4863 coiligi
3632 4809 3717 4862 po-

2158 4876 2286 4940 test,
2318 4885 2435 4936 eos,
2460 4870 2554 4940 qui
2589 4868 3170 4940 raptoremjuverunt,
3198 4866 3419 4940 _idcirco
3459 4879 3586 4916 cum
3619 4870 3721 4915 tota

2159 4938 2362 4994 familia
2418 4934 2622 5010 puniri,
2652 4934 2803 5009 —quia
2854 4934 3058 5010 fauiiilia
3105 4934 3328 5010 sceleris
3367 4948 3569 5010 expers
3622 4948 3718 4986 non

2157 5017 2277 5064 erat
2305 5029 2318 5064 :
2352 5003 2515 5079 idque
2546 5003 2832 5065 conﬁrmat
2857 5007 2980 5079 ipse
3007 5003 3382 5079 Basilius,_q_u_i
3411 5017 3512 5079 eos
3537 5017 3720 5079 secun-

2158 5079 2286 5133 dum
2326 5072 2590 5135 can-onem
2620 5080 2733 5149 jam
2762 5091 2793 5149 a
2831 5072 2893 5149 se
2918 5077 3125 5130 editum
3151 5074 3330 5149 puniri
3351 5072 3540 5149 jubet._
3564 5076 3721 5126 Porro

2160 5149 2216 5202 in
2267 5148 2371 5204 hoc
2404 5143 2860 5205 canone'nemini
2898 5160 3126 5216 prorsus
3154 5143 3274 5199 nisi
3318 5143 3543 5197 nocenti
3571 5157 3718 5213 pinna

2160 5218 2472 5275 imponitur.

2229 5234 2788 5360 (gglgltgaodabxsw.
2820 5282 2903 5340 Ita
2938 5296 3073 5338 mss.
3129 5290 3387 5354 quatuor.
3428 5279 3577 5336 Editi
3610 5281 3718 5334 διώ-

2156 5374 2291 5415 κειν.

2226 5428 2340 5501 (90)
2372 5429 2497 5501 Kal
2515 5426 2664 5482 κατὰ
2688 5426 2896 5491 πόδας.
2945 5422 3106 5501 Deest
3137 5421 3457 5501 conjunctio
3500 5422 3555 5475 in
3580 5419 3717 5492 quia-

2155 5491 2262 5567 que
2305 5491 2612 5561 codicibus,
2664 5506 2988 5551 nontamen
3031 5494 3088 5548 in
3146 5491 3321 5561 Coisl.
3373 5491 3717 5563 primo,’nec

2152 5568 2364 5624 inutilis
2402 5570 2636 5623 videtur.
3392 5572 3399 5581 '

2224 5638 2334 5709 (9|)
2375 5641 2461 5709 οὐ
2496 5639 2754 5709 λόγουηι
2783 5636 3013 5709 εἰδότα,
3068 5630 3144 5703 τῷ
3192 5629 3281 5685 τά.
3332 5629 3412 5686 lla
3462 5645 3557 5687 se!
3593 5645 3711 5687 mss.

2153 5705 2381 5764 Editibt’i
2406 5705 2647 5778 λόγωνζ..
2688 5707 2865 5778 εἰδότα
2896 5705 2984 5778 τά,

2227 5779 2340 5852 (92)
2391 5770 2494 5846 Ἐξ
2543 5778 2704 5835 ῑσου.
2736 5777 2816 5834 lta
2850 5775 3094 5849 plerique
3124 5787 3260 5833 mss.
3288 5770 3438 5831 Editi
3484 5771 3548 5839 ἐξ
3582 5773 3709 5844 ἴσης.
