3878 6222
450 348 587 404 1007

1778 350 1839 406 S.
1878 350 2122 405 BASILII
2163 350 2379 407 MAGNI

3513 359 3625 417 i008

444 472 564 541 ipse
587 483 726 541 Opus
754 484 786 524 a
806 483 896 526 me
919 470 975 524 in
1003 469 1258 524 amicitiae
1286 469 1563 540 specimen
1587 471 1844 542 exquires
1870 491 1882 525 :
1908 469 2005 527 sed

2108 472 2267 545 ἔργον
2296 476 2425 544 παρ’
2460 472 2595 545 ἐμοῦ
2625 475 2705 537 είς
2737 473 3008 541 ἀπόδειξιν
3040 474 3138 546 τῆς
3156 474 3379 537 ἐὐνοίας
3405 473 3626 548 ἐπιζητή-

443 561 781 617 voluntatem
826 560 1078 617 videlicet
1125 561 1329 630 optima
1369 575 1598 631 quaeque
1628 558 1728 617 tibi
1778 576 2007 633 precan-

445 659 575 708 tem.
600 652 759 709 Absit
785 651 932 708 enim
957 658 1017 706 ut
1045 650 1338 722 aliquando
1368 667 1457 708 res
1487 662 1593 708 tua:
1621 668 1688 710 eo
1715 669 1893 725 usque
1912 655 2005 710 de-

440 745 768 815 primantur,
797 751 857 799 ut
893 743 1027 799 adeo
1071 744 1339 807 tenuium,
1375 745 1556 816 qualis
1583 761 1684 818 ego
1727 762 1872 813 sum,
1906 747 2002 803 be-

441 834 641 891 neﬁcio
676 849 856 906 egeas.

509 925 565 980 2.
606 925 890 994 Quomodo
926 926 1093 998 igitur
1124 941 1226 998 ego
1259 937 1452 983 contra
1483 936 1536 984 te
1559 927 1800 983 dicerem
1840 929 2003 1000 quid-

439 1030 599 1086 quam
627 1021 721 1069 aut
747 1013 978 1071 facerem
1002 1015 1057 1069 in
1088 1015 1381 1072 Memnonii
1405 1018 1664 1089 negotio?
1691 1017 1818 1073 Haec
1846 1018 1991 1074 enim

438 1108 573 1162 mihi
602 1107 847 1162 narravit
876 1107 1163 1162 diaconus.
1192 1108 1477 1175 Quomodo
1511 1108 1867 1165 familiaritati
1894 1119 2003 1165 tuae

438 1198 675 1272 Hymetii
709 1214 842 1270 opes
890 1200 1348 1270 anteposuissem,
1384 1200 1627 1258 hominis
1656 1202 1735 1257 ita
1773 1202 2000 1274 prodige

436 1307 552 1348 rem
593 1306 747 1347 suam
788 1292 1168 1348 absumentis?
1214 1291 1467 1349 Profecto
1510 1293 1649 1349 nihil
1679 1293 1873 1350 horum
1908 1309 2003 1350 ve-

436 1399 558 1439 rum
600 1392 686 1439 est
715 1402 726 1438 :
758 1398 940 1453 neque
966 1382 1103 1448 dixi,
1139 1399 1314 1455 neque
1345 1382 1449 1440 feci
1475 1385 1772 1456 quidquam
1803 1394 1997 1441 contra

436 1482 511 1531 te.
546 1474 712 1547 419
741 1474 878 1529 Illud
927 1484 1107 1530 autem
1158 1475 1393 1533 fortasse
1453 1478 1796 1535 occasionem
1844 1479 1997 1534 dedit

434 1568 849 1632 mentientibus,
874 1567 1024 1638 quod
1051 1582 1081 1621 a
1103 1582 1191 1624 me
1211 1568 1493 1625 nonnullis
1527 1568 1991 1626 tumultuantibus

438 1656 646 1712 dictum
679 1665 765 1712 est
798 1676 811 1712 :
842 1653 899 1710 Si
955 1656 1143 1712 statuit
1171 1657 1262 1715 ille
1303 1657 1388 1713 vir
1416 1657 1486 1713 ad
1527 1673 1666 1729 opus
1698 1660 2003 1729 perducere

438 1745 728 1801 consilium
758 1759 941 1809 suum,
975 1746 1089 1800 sive
1115 1747 1539 1811 tumultuemini,
1565 1748 1681 1803 sive
1711 1764 1842 1814 non,
1870 1749 2002 1805 tient

2109 583 2220 629 σεις
2242 564 2341 635 (2)*
2373 565 2510 619 ἀλλά
2542 565 2859 638 προαίρεσιν
2900 565 3138 638 δηλονότι
3185 565 3254 618 τὰ
3286 565 3519 637 βέλτιστά
3560 583 3629 620 σοι

2107 658 2527 730 συνευχομένην.
2567 659 2659 730 Μὴ
2692 659 2800 729 γάρ
2825 674 2957 712 ποτε
2999 660 3080 721 εἰς
3104 656 3264 711 τοῦτο
3301 659 3551 728 καταϐαίη
3575 658 3631 712 τὰ

2107 750 2195 814 σὰ,
2225 749 2364 803 ὥστε
2389 750 2487 821 τῆς
2509 750 2659 821 παρά
2700 750 2809 804 τῶν
2836 749 2977 803 οὕτω
3008 751 3236 823 μικρῶν,
3285 751 3457 813 ὁποῖος
3500 752 3633 815 αὑτάς

2086 840 2240 908 εἰμι,
2270 837 2592 908 εὐεργεσίας
2618 837 3036 910 προσδεηθῆναι.

2174 928 2227 979 2.
2253 925 2389 989 ’Πῶς
2419 923 2512 979 οὖν
2541 925 2765 997 ἔμελλον
2794 925 2907 995 ἐγὼ
2932 926 3247 982 ὑπεναντίον
3273 928 3326 980 τί
3354 945 3431 981 σοι
3466 929 3633 996 λέγειν,

2103 1018 2136 1090 ἢ
2193 1018 2453 1091 πράττειν
2524 1020 2585 1073 ἐν
2634 1020 2746 1083 τοῖς
2797 1018 2940 1071 κατὰ
2991 1020 3292 1090 Μεμνόνιον
3356 1020 3636 1091 πράγμασις

2104 1110 2288 1165 Ταῦτα
2326 1111 2435 1182 γάρ
2475 1127 2565 1181 μοι
2592 1109 2927 1181 ἀπήγγειλεν
2960 1112 2988 1163 ὁ
3013 1110 3277 1176 διάκονος.
3326 1112 3446 1175 Πῶς
3474 1111 3526 1165 δὲ
3557 1113 3638 1183 τὴν

2115 1200 2377 1272 ’Υμητίου
2416 1201 2494 1272 (5)
2534 1201 2792 1272 εὐπορίαν
2837 1201 3237 1273 προτιμοτέραν
3275 1202 3524 1272 ἐτιθέμην
3557 1203 3638 1272 τῆς

2106 1294 2217 1363 σῆς,
2256 1291 2578 1357 οἰκειώσεως
2625 1291 2727 1363 (4),
2764 1291 2958 1362 ἀνδρὸς
2998 1290 3141 1346 οὕτω
3201 1293 3535 1354 δαπανῶντος
3560 1292 3641 1360 τὴν

2101 1383 2320 1449 οὐσίαν;
2378 1382 2514 1436 Ἀλλ’
2559 1383 2658 1436 οὐκ
2696 1382 2811 1437 ἐστι
2858 1383 3061 1436 τούτων
3101 1383 3252 1437 οὐδὲν
3288 1382 3513 1453 ἀληθές’
3540 1381 3641 1436 οὔτε

2100 1492 2154 1528 τι
2185 1474 2399 1547 εἴρηται
2437 1474 2567 1546 παρ’
2612 1473 2768 1545 ἐμοῦ,
2807 1472 2929 1527 οὔτε
2976 1474 3291 1545 πέπρακται
3329 1473 3640 1526 ὑπεναντίον.

2115 1566 2319 1619 Ἐκεῖνο
2357 1566 2415 1619 δὲ
2442 1564 2572 1629 ί¹σως
2599 1563 2854 1634 ἀφορμὴν
2883 1563 3050 1617 ἔδωκε
3100 1566 3212 1627 τοῖς
3264 1563 3335 1618 τὰ
3371 1562 3532 1634 ψευδῆ
3571 1562 3644 1615 λέ·

2101 1674 2277 1727 γουσι,
2321 1657 2382 1711 τὸ
2434 1658 2564 1728 παρ’
2599 1655 2731 1728 ἐμοῦ
2773 1655 2908 1727 πρὸς
2935 1656 3086 1720 τινὰς
3132 1655 3242 1710 τῶν
3303 1654 3644 1726 θορυϐούντων

2101 1749 2323 1819 λεχθέν·
2374 1749 2478 1813 ὅτι,
2535 1749 2598 1802 Ei
2638 1748 2738 1819 μὲν
2784 1746 3106 1818 προείρηται
3145 1749 3226 1810 εἰς
3254 1746 3417 1818 ἔργον
3448 1746 3645 1813 ἀγαγεῖν

433 1836 703 1909 profecto,
726 1844 780 1891 et
803 1836 1153 1907 loquentibus
1174 1836 1331 1892 vobis
1356 1845 1413 1893 et
1437 1838 1768 1904 tacentibus,
1796 1839 1998 1894 nihilo-

2107 1841 2196 1913 τὴν
2241 1840 2436 1896 ἑαυτοῦ
2483 1838 2709 1911 γνώμην
2755 1841 2784 1893 ὁ
2823 1837 3138 1909 ἄνθρωπος,
3189 1838 3294 1893 κᾶν
3340 1836 3645 1908 θορυϐήσητε

433 1929 616 1984 minus
657 1942 780 1998 quae
817 1928 922 1983 sibi
968 1929 1242 1998 proponit.
1296 1928 1394 1983 Sin
1431 1937 1611 1984 autem
1660 1932 1994 1986 sententiam

432 2021 747 2084 mutaverit,
778 2026 965 2074 cavete
986 2019 1288 2091 deturpetis
1312 2023 1682 2077 venerandum
1708 2022 1869 2077 amici
1891 2037 1993 2078 uo-

435 2113 539 2170 stri
569 2128 765 2168 nomen
796 2131 810 2167 :
843 2127 1021 2183 neque
1051 2112 1153 2168 sub
1191 2112 1374 2184 specie
1416 2114 1586 2169 studii
1623 2115 1677 2169 in
1708 2125 1999 2185 patronum

433 2211 700 2268 vestrum,
724 2203 882 2259 vobis
913 2204 1126 2258 lucrum
1152 2218 1250 2274 per
1279 2210 1518 2261 terrores
1548 2219 1613 2260 ac
1634 2204 1834 2270 minas,
1859 2219 1998 2276 quas

430 2295 741 2360 intentatis,
791 2300 1125 2365 comparate.
1170 2294 1254 2349 Ad
1286 2294 1421 2349 illud
1465 2304 1646 2351 autem
1689 2296 1786 2367 qui
1829 2302 2001 2352 testa-

432 2398 614 2449 menta
639 2391 987 2461 conscripsit,
1019 2405 1196 2460 neque
1225 2404 1323 2460 per
1360 2404 1448 2445 me
1480 2406 1657 2461 neque
1700 2407 1798 2463 per
1827 2390 1996 2446 alium

432 2486 499 2542 de
523 2486 627 2540 hoc
657 2483 876 2556 negotio
919 2497 1172 2554 magnum
1213 2482 1466 2539 minusve
1505 2482 1807 2555 quidquam
1836 2484 1997 2539 locu—

428 2586 519 2640 tus
550 2592 692 2635 sum.

496 2838 551 2894 Ξ.
590 2835 779 2894 Fidem
803 2842 985 2892 autem
1013 2833 1101 2890 his
1120 2848 1232 2889 non
1257 2832 1424 2890 debes
1449 2833 1746 2906 denegare,
1775 2833 1888 2889 nisi
1911 2848 1999 2888 me

429 2929 654 2984 omnino
685 2929 1037 2999 desperatum
1066 2941 1190 2982 esse
1222 2931 1406 2996 putes,
1436 2940 1500 2981 ac
1542 2940 1799 2998 magnum
1837 2940 1997 2981 men-

429 3018 572 3076 dacii
610 3032 894 3091 peccatum
923 3017 1333 3090 parvipendere.
1370 3017 1480 3073 Sed
1504 3019 1733 3074 omnino
1759 3018 1896 3074 mihi
1943 3025 1999 3073 et

429 3115 497 3171 de
528 3116 633 3170 hoc
685 3114 906 3184 negotio
944 3113 1315 3184 suspicionem
1354 3113 1594 3179 remitte,
1646 3122 1703 3170 et
1737 3113 1793 3168 in
1823 3120 2000 3185 poste

429 3223 550 3264 rum
579 3207 853 3262 calumnia
883 3204 1030 3259 omni
1061 3205 1322 3275 majorem
1348 3204 1603 3260 existima
1635 3219 1812 3260 meam
1852 3204 1911 3259 in
1942 3212 1997 3259 te

429 3299 595 3356 animi
647 3296 989 3353 affectionem
1037 3310 1152 3351 :ac
1202 3295 1421 3351 imitare
1467 3295 1858 3361 Alexandrum,
1903 3295 1999 3366 qui

429 3407 553 3447 cum
598 3390 892 3462 epistolam
941 3394 1134 3443 contra
1179 3386 1455 3442 medicum
1514 3394 1575 3441 ut
1616 3386 1997 3442 insidiatorem

429 3484 751 3554 accepisset,
802 3488 966 3551 atque
1014 3481 1118 3535 hoc
1155 3480 1276 3550 ipso
1320 3486 1566 3550 tempore
1616 3477 1997 3533 medicamen-

429 3585 542 3632 tum
568 3574 635 3630 ad
665 3573 958 3630 bibendum
990 3578 1251 3638 sumeret,
1283 3578 1495 3625 tantum
1539 3568 1713 3625 abfuit
1741 3576 1801 3623 ut
1835 3569 1997 3625 fidem

428 3667 710 3724 adhiberet
741 3664 1121 3729 calumnianti,
1157 3672 1216 3719 ut
1254 3663 1414 3720 simul
1448 3663 1657 3734 legeret
1683 3662 1995 3733 epistolam,

427 3766 480 3816 et
508 3760 787 3830 potionem
818 3758 1047 3814 biberet.
1080 3754 1240 3811 Nullo
1271 3756 1416 3811 enim
1443 3771 1511 3810 ex
1548 3755 1641 3820 iis,
1673 3754 1769 3826 qui
1800 3754 1997 3810 amici-

427 3850 515 3906 tia:
546 3849 705 3905 laude
739 3848 967 3920 spectati
994 3854 1145 3911 sunt,
1181 3845 1563 3915 ignobiliorem
1595 3859 1684 3899 me
1717 3859 1842 3899 esse
1870 3859 1999 3914 pro-

427 3944 606 4010 ﬁteor,
631 3945 899 4015 siquidem
933 3955 1213 4011 nunquam
1239 3939 1295 3993 in
1336 3937 1580 3992 amicitia
1610 3953 1876 4008 peccasse
1902 3936 2000 3993 de-

427 4036 733 4107 prehensus
764 4049 907 4100 sum,
933 4048 997 4087 ac
1022 4038 1287 4102 praetcrea
1309 4043 1340 4082 a
1370 4027 1483 4083 Deo
1517 4042 1639 4083 meo
1674 4028 1994 4082 mandatum

428 4128 714 4183 charitatis
748 4126 971 4196 accepi:
1007 4125 1168 4194 cujus
1195 4120 1295 4176 tibi
1329 4136 1448 4176 sum
1493 4119 1729 4184 debitor,
1762 4135 1873 4173 non
1913 4133 1997 4175 so-

426 4225 540 4276 lum
581 4219 650 4275 ob
681 4232 1026 4274 communem
1058 4216 1342 4271 hominum
1373 4219 1653 4278 naturam,
1705 4211 1802 4267 sed
1832 4212 1999 4266 etiam

428 4314 560 4385 quia
580 4312 833 4385 privatim
863 4318 919 4366 te
954 4318 1070 4364 tum
1096 4308 1152 4363 in
1191 4322 1301 4373 me,
1334 4313 1450 4360 tum
1475 4305 1532 4360 in
1561 4305 1794 4376 patriam
1828 4305 2000 4361 bene-

428 4405 592 4461 ﬁcum
624 4416 883 4474 agnosco.

832 4530 1170 4589 EPISTOLA
1205 4529 1512 4588 CCLXXII!
1534 4532 1577 4586 ‘.

2101 1935 2279 2005 ὑμεῖς,
2327 1933 2429 1987 κᾶν
2489 1931 2584 2004 μὴ,
2630 1933 2916 2003 γενήσεται
2970 1932 3187 1993 πάντως
3228 1929 3327 1983 καὶ
3370 1926 3646 1981 λαλούντων

2100 2025 2253 2098 ὑμῶν
2279 2027 2374 2079 καὶ
2400 2023 2728 2079 σιωπώντων
2764 2026 2915 2079 οὐδὲν
2940 2019 3101 2096 ¹ἦττον
3128 2023 3198 2076 τὰ
3229 2020 3644 2090 σπουδαζόμενα·

2099 2118 2148 2169 εί
2182 2115 2238 2169 δὲ
2281 2114 2788 2187 μεταϐουλεύσεται,
2822 2117 2895 2187 μὴ
2932 2114 3290 2187 παρασύρητε
3313 2114 3378 2168 τὸ
3412 2112 3648 2182 σεμνότα-

2099 2223 2191 2260 τον
2227 2207 2303 2278 (5)
2340 2207 2511 2277 ὄνομα
2536 2205 2632 2260 τοῦ
2666 2207 2824 2276 φίλου
2856 2207 3033 2278 ἡμῶν,
3068 2207 3203 2278 μηδὲ
3241 2207 3304 2259 ἐν
3331 2209 3649 2276 προσχήματι

2097 2298 2258 2369 δῆθεν
2292 2297 2394 2368 τῆς
2422 2298 2550 2370 περὶ
2596 2298 2687 2352 τὸν
2728 2298 3038 2370 προστάτην
3069 2297 3221 2369 ὑμῶν
3264 2296 3521 2367 σπουδῆς,
3544 2296 3650 2346 ἐαυ-

2098 2393 2211 2454 τοῖς
2240 2407 2293 2443 τι
2323 2389 2513 2461 κέρδος
2553 2389 2821 2457 ἐντεῦθεν,
2855 2389 2913 2458 ἐξ
2957 2384 3032 2443 ὢν
3073 2386 3489 2442 ἑπανατείνεσθε
3513 2384 3651 2456 φόϐον

2099 2482 2196 2536 καὶ
2223 2481 2476 2554 ἀπειλὴν,
2512 2481 2980 2555 καταπράττεσθε.
3012 2481 3157 2553 Πρὸς
3188 2480 3247 2533 δὲ
3278 2480 3445 2534 αὑτὸν
3474 2479 3649 2531 ἐκεῖνον

2098 2572 2191 2626 τὸν
2219 2573 2319 2636 τὰς
2344 2571 2609 2641 διαθήκας
2633 2572 2915 2643 γράφοντα
2942 2571 3064 2625 οὕτε
3094 2570 3160 2624 δι’
3190 2568 3437 2640 ἐμαυτοῦ
3461 2566 3575 2620 οὔτε
3595 2565 3649 2618 δι’

2100 2663 2286 2735 ἐτέρου
2350 2661 2701 2735 ἐφθεγξάμην
2748 2663 2781 2736 ἢ
2825 2662 3020 2735 μικρὸν
3086 2662 3120 2734 ἢ
3174 2658 3363 2733 μεῖξον
3411 2660 3535 2730 περὶ
3572 2656 3648 2710 τοῦ

2100 2755 2426 2827 πράγματος
2449 2754 2658 2809 τούτου.

2171 2846 2224 2901 '5.
2257 2847 2369 2901 Καὶ
2385 2845 2597 2910 τούτοις
2633 2846 2885 2899 ἀπιστεῖν
2928 2845 3028 2898 οὐκ
3056 2844 3317 2914 ὀφείλεις,
3349 2843 3400 2896 εί
3432 2841 3505 2913 μὴ
3538 2857 3653 2893 παν-

2099 2937 2267 3003 τελῶς
2316 2956 2383 3010 με
2420 2937 2840 3009 ἀπεγνωσμένον
2875 2940 2983 3009 ἡγῇ
3021 2936 3117 3007 (6),
3166 2938 3262 2990 καὶ
3315 2935 3651 3007 καταφρονεῖν

2099 3032 2199 3101 τῆς
2260 3029 2501 3101 μεγάλης
2554 3029 2827 3100 ἁμαρτίας
2881 3029 2975 3082 τοῦ
3023 3029 3271 3099 ψεύδους.
3313 3028 3476 3082 Ἀλλά
3530 3026 3649 3081 πάνυ

2100 3120 2235 3190 ἡμῖν
2265 3117 2426 3182 αὐτὸς
2452 3118 2547 3171 καὶ
2569 3116 2668 3189 τὴν
2695 3118 2789 3172 ἐπὶ
2808 3117 2887 3189 τῷ
2913 3117 3197 3190 πράγματι
3218 3116 3401 3185 τούτῳ
3424 3115 3653 3169 ὑπόνοιαν

2099 3211 2255 3280 ἄφες,
2300 3211 2394 3265 καὶ
2438 3209 2531 3264 τοῦ
2584 3209 2773 3263 λοιποῦ
2820 3208 3001 3280 πάσης
3048 3207 3302 3278 διαϐολῆς
3341 3206 3654 3278 ὑψηλοτέραν

2098 3298 2251 3352 ποιοῦ
2279 3299 2379 3371 τὴν
2412 3299 2548 3371 ἐμὴν
2600 3299 2729 3370 περὶ
2774 3299 2833 3352 σὲ
2864 3298 2940 3370 (7)
2973 3297 3233 3365 διάθεσιν,
3283 3297 3381 3351 τὸν
3437 3295 3657 3360 Ἀλέξαν-

2097 3391 2220 3463 δρον
2261 3391 2612 3463 μιμούμενος,
2661 3390 2740 3456 ὃς,
2796 3391 3080 3461 ἐπιστολὴν
3135 3389 3276 3444 κατὰ
3324 3388 3428 3444 τοῦ
3497 3384 3655 3458 ἰατροῦ

2096 3483 2384 3554 δεξάμενος
2403 3482 2479 3545 ὡς
2504 3480 2964 3545 ἐπιϐουλεύοντος,
3001 3479 3188 3551 ἐπειδὴ
3215 3479 3412 3549 ἔτυχεν
3448 3480 3506 3534 ἐν
3531 3473 3655 3545 αὐτῷ

2096 3572 2174 3645 τῷ
2232 3572 2410 3646 καιρῷ
2462 3573 2754 3646 φάρμακον
2805 3572 2986 3628 λαϐὼν
3029 3571 3169 3626 ὥστε
3217 3574 3389 3636 πιεῖν,
3432 3569 3656 3624 τοσοῦτον

2097 3665 2305 3737 ἀπέσχε
2339 3664 2627 3718 πιστεῦσαι
2654 3664 2731 3736 τῷ
2760 3664 3120 3727 διαϐάλλοντι,
3159 3663 3301 3716 ὥστε
3331 3662 3478 3733 ὁμοῦ
3506 3679 3561 3714 τε
3578 3658 3655 3730 τὴν

2100 3756 2388 3825 ἐπιστολὴν
2429 3755 2782 3825 ἀνεγίνωσκε,
2807 3756 2899 3809 καὶ
2926 3756 2986 3808 τὸ
3021 3754 3308 3827 φάρμακον
3336 3753 3541 3807 ἔπινεν.
3569 3752 3656 3804 οὐ·

2099 3848 2247 3913 δενὸς
2272 3848 2381 3921 γὰρ
2406 3848 2516 3902 τῶν
2540 3849 2631 3901 ἐπὶ
2656 3848 2805 3920 φιλίᾳ
2827 3848 3121 3920 γνωρίμων
3150 3846 3481 3917 ἀτιμότερον
3508 3847 3656 3915 ἐμαυ-

2100 3942 2188 3996 τὸν
2224 3940 2359 4009 ἀξιῶ
2386 3939 2651 4003 τίθεσθαι,
2692 3939 2772 4011 τῷ
2807 3940 2943 4012 μήτε
2967 3938 3169 3994 ἀλῶναί
3200 3955 3329 3992 ποτε
3380 3940 3464 4002 είς
3500 3935 3657 4005 φιλίαν

2101 4031 2447 4105 ἐξαμαρτὼν,
2472 4033 2565 4085 καὶ
2598 4031 2677 4084 ἔτι
2701 4030 2853 4103 παρά
2890 4029 2986 4084 τοῦ
3035 4030 3171 4083 Θεοῦ
3220 4047 3322 4100 μου
3371 4029 3555 4082 λαϐεῖν
3578 4026 3658 4095 τὴν

2103 4123 2320 4194 ἐντολὴν
2358 4123 2457 4194 τῆς
2488 4124 2729 4194 ἀγάπης,
2782 4116 2851 4193 ἧς
2903 4119 3183 4193 χρεώστης
3240 4119 3362 4190 είμὶ
3411 4120 3471 4172 οὐ
3522 4118 3658 4190 μόνον

2100 4213 2242 4267 κατά
2276 4212 2375 4285 τὴν
2410 4214 2595 4285 κοινὴν
2622 4213 2731 4267 τῶν
2769 4211 3070 4283 ἀνθρώπων
3098 4208 3280 4279 φύσιν,
3327 4207 3450 4261 ἀλλ’
3481 4208 3558 4261 ὅτι
3581 4204 3658 4258 καὶ

2102 4305 2248 4368 ίδίως
2300 4305 2593 4377 εὐεργέτην
2644 4321 2703 4357 σε
2740 4300 2990 4375 γνωρίζω
3042 4300 3279 4373 ἐμαυτοῦ
3326 4317 3393 4354 τε
3434 4299 3532 4353 καὶ
3576 4296 3658 4367 τῆς

2101 4396 2380 4467 πατρίδος.

2620 4530 2967 4585 ΕΠΙΣΤΟΛΗ
2998 4527 3136 4581 ΣΟΓ⁹
3164 4550 3179 4561 -

1304 4647 1489 4697 Herum
1506 4642 1805 4697 commendat
1824 4640 2130 4711 hominijam
2144 4658 2272 4711 saepe
2290 4645 2353 4697 de
2372 4659 2423 4698 se
2444 4642 2559 4698 bene
2589 4643 2778 4696 merito.

776 4788 905 4848 Sine
944 4787 1307 4856 inscriptione,
1352 4803 1448 4857 pro
1481 4786 1649 4842 Hera.

495 4904 634 4960 Cum
665 4901 889 4959 omnino
912 4915 1236 4972 persuasum
1268 4901 1341 4955 sit
1361 4898 1494 4954 mihi
1520 4914 1609 4955 me
1637 4914 1667 4954 a
1692 4906 1788 4954 tua
1816 4900 2000 4971 digni-

429 5003 539 5051 tate
567 4994 647 5049 ita
677 4992 853 5065 diligi,
876 5002 935 5048 ut
960 5006 1081 5063 quae
1111 4990 1179 5046 ad
1209 5005 1297 5046 me
1320 4997 1592 5073 spectant,
1619 4998 1715 5046 tua
1740 5000 2000 5063 reputes;

458 5166 695 5294 ῚξσΔιίαε
736 5165 964 5224 CCXVI.
985 5164 1201 5238 Scripta
1223 5165 1280 5221 in
1298 5166 1590 5237 postremis
1619 5165 1779 5220 annis
1816 5163 1873 5219 S.
1909 5164 2006 5219 Ba-

460 5257 475 5294 ι
502 5255 557 5293 ιι.

429 5255 557 5295 81111.

500 5310 575 5380 (2)
614 5305 1056 5380 :Eattnnjo'etc.
1092 5306 1172 5380 I_Ia
1199 5305 1375 5380 Harl.,
1408 5304 1549 5362 Med.
1581 5313 1647 5380 _et
1679 5303 1849 5360 Coisl.
1898 5305 2005 5380 pri-

430 5375 573 5434 mus.
609 5377 753 5433 Editi
776 5375 1072 5449 ἐπιζητεῖς.
1103 5377 1274 5433 Paulo
1304 5384 1445 5449 post~
1465 5376 1684 5449 eosdem
1711 5380 1826 5449 tres
1856 5375 2004 5449 codi-

432 5463 524 5503 ces
548 5450 730 5520 secuti
757 5445 1086 5520 mutavimus
1102 5449 1246 5520 quod
1278 5445 1397 5503 erat
1433 5447 1491 5501 iu
1522 5446 1684 5502 editis
1712 5447 1791 5507 εἰς
1825 5445 2004 5500 τοσοῦ-

432 5534 522 5572 τον
561 5519 855 5588 καταϐαίη.

526 5589 580 5660 5)
621 5586 910 5660 Ὺμητίου.
948 5589 1093 5660 RegL
1127 5588 1337 5660 primus
1362 5595 1417 5643 et
1462 5586 1638 5660 Bigot.
1702 5587 1998 5660 'Ypmiou.

527 5657 583 5729 ᾗ)
619 5656 1011 5729 οἰκειώσεως.
1033 5656 1224 5713 'Coisl.
1277 5656 1693 5729 uterque,'lieg.
1722 5656 2000 5729 secundus

434 5735 491 5782 et
517 5727 695 5780 Paris.
724 5727 920 5789 οἰκίας.
968 5727 1283 5782 Harlaaanus
1311 5736 1365 5783 et
1399 5728 1491 5782 alii
1520 5727 1833 5783 cum'cditis
1868 5744 2002 5783 con-

437 5797 701 5853 sentiunt.
731 5793 958 5852 Videtur
987 5812 1099 5853 non
1129 5797 1249 5853 sine
1276 5797 1451 5854 ironia
1492 5795 1729 5853 Basilius
1763 5796 2000 5869 Hymetii

2490 4792 2930 4861 Ἁνεπίγραφος,
2962 4789 3095 4857 περὶ
3134 4788 3297 4857 Ἥρα.

2189 4903 2456 4976 Ἀκριϐὦς
2497 4904 2860 4976 πεπεισμένος
2895 4901 3066 4964 οὕτως
3115 4902 3267 4972 ἡμᾶς
3310 4897 3533 4967 ἀγαπᾷν
3575 4892 3656 4963 τὴν

2106 4993 2205 5066 σὴν
2231 4997 2538 5069 τιμιότητα,
2562 4995 2703 5050 ὥστε
2741 4995 2811 5050 τά
2848 4995 2980 5066 ἡμῖν
3018 4992 3343 5064 διαφέροντα
3384 4988 3558 5043 οίκεῐα
3584 4983 3657 5037 λο-

2104 5182 2237 5237 opes
2274 5168 2593 5239 praedicare,
2630 5184 2794 5241 quem
2841 5165 3065 5239 prodige
3110 5180 3199 5221 res
3236 5177 3369 5219 suas
3414 5161 3495 5217 ait
3522 5157 3656 5214 absu-

2103 5253 2271 5389 Τῗέὶῖ.
2296 5308 2365 5389 Τὸ
2386 5309 2776 5389 σεμνςότατον.
2798 5306 2876 5364 Ita
2904 5277 3029 5364 tres.
3042 5302 3404 5362 vetustissimi
3430 5299 3654 5357 codices.

2102 5377 2247 5433 Editi
2372 5377 2586 5451 σεμνόν.

2175 5451 2251 5570 (liii)
2295 5441 2775 5537 Ἀσξεᾴνέυσμένον
2814 5445 2952 5570 imi.
3004 5444 3081 5500 Ita
3115 5443 3265 5500 Harl.
3307 5449 3362 5499 et
3400 5441 3495 5496 alii
3537 5452 3653 5526 noti-

2224 5537 2258 5570 l.
2299 5518 2442 5570 Edltt
2482 5537 2557 5570 ως
2611 5522 2910 5570 ἀπεγνωσυ.
2940 5533 3030 5570 νον
3065 5512 3205 5569 εῖναι
3247 5516 3378 5570 ἡγῇ.
3411 5511 3567 5568 Deest
3591 5524 3653 5570 ως

2102 5511 2258 5600 nulli.
2296 5511 2557 5600 βόίιῇὡς
2586 5511 3030 5602 ’ἀπεγνωσμένον
3065 5512 3205 5598 εῖναι
3246 5516 3378 5640 EQ.
3411 5511 3567 5568 Deest
3591 5511 3653 5572 ὡς

2102 5596 2265 5640 etiam
2294 5606 2349 5640 ιιι
2374 5588 2544 5640 Corsi.
2577 5604 2773 5640 Immo.
2815 5587 3022 5640 Ibidem
3048 5587 3207 5640 multi
3353 5597 3467 5639 tces
3498 5595 3652 5635 κατα-

2101 5590 2265 5643 etiam
2294 5590 2349 5643 iu
2374 5588 2544 5646 Coisl.
2576 5587 2773 5661 primo.
2815 5587 3022 5645 Ibidem
3048 5587 3207 5642 multi
3246 5587 3467 5640 codices
3498 5595 3652 5635 κατα-

2104 5662 2546 5801 ῗρρῖἴῗϊῖἵειὲῗσέ.
2571 5728 2723 5801 Harl.
2745 5736 2801 5801 et
2826 5728 2999 5786 Coisl.
3019 5726 3230 5801 primus
3251 5724 3387 5797 πρὸς
3407 5724 3488 5780 σέ.
3522 5718 3651 5777 Infra

2103 5799 2265 5857 iidem
2295 5801 2512 5858 codices
2547 5800 2684 5866 πρὸς
2715 5800 2920 5864 φιλίαν.
