3878 6222
258 255 398 310 ίθθθ
1157 249 1640 306 EPISTOLARUM
1678 248 1844 306 CLAS

1959 276 1964 297 ι
1997 247 2058 305 ΙΙ.
2099 247 2314 304 EPIST.
2352 246 2647 304 CCLXXV.
3362 249 3497 306 iOiO

254 375 533 444 γίζεσθαι,
569 375 659 431 τὸν
702 377 1124 449 αίδεσιμὼτατον
1161 377 1388 448 ἀδελφὺν
1424 377 1582 448 ἡμῶν
1628 376 1826 448 Ἥραν,

1959 375 2376 432 ηοιεηᾶίεείιηιιηι
2407 373 2632 428 fratrem
2661 379 2910 429 nostrum
2941 369 3163 440 Horam,
3194 385 3356 443 quem
3383 387 3497 428 non

253 467 318 522 ὃν
343 468 405 520 οὐ
443 466 588 522 κατά
633 468 920 542 συνήθειάν
955 486 1075 522 τινα
1113 467 1337 538 ἀδελφὸν
1381 469 1536 540 ἡμῶν
1565 486 1832 540 προσαγο-

1959 485 2003 522 :x
2041 469 2276 538 quadam
2325 465 2727 522 consuetudine
2766 465 2992 522 fratrem
3025 464 3259 537 appello,
3305 462 3401 520 sed
3428 479 3497 520 ex

258 558 516 629 ρεύομεν,
550 558 688 612 ἀλλά
714 559 854 613 κατά
875 560 1270 632 ἀκριϐεστάτην
1295 561 1390 614 καὶ
1415 560 1666 630 οὐδεμίαν
1688 559 1832 631 έχου-

1959 559 2374 624 tccuratissima,
2400 565 2456 613 et
2499 572 2607 626 qua
2641 557 2816 626 major
2853 571 2978 613 esse
3014 571 3126 611 non
3155 555 3327 626 possit
3356 553 3498 609 ami-

261 663 363 700 σαν
388 648 464 718 (8)
493 647 796 720 ὑπερϐολὴν
824 648 920 720 τῆς
949 649 1133 717 φιλίας
1171 647 1429 713 διάθεσιν,
1467 647 1698 700 συνιστῶ
1729 664 1823 699 σου

1959 651 2076 706 :itiae
2109 649 2416 714 affectione,
2443 663 2672 704 summae
2703 657 2812 703 tua:
2846 647 3107 718 probitati
3146 645 3497 711 commendo,

264 739 333 808 τῇ
367 738 638 809 ὑπερφυεῖ
666 738 1058 810 καλοκαγαθίᾳ,
1088 737 1181 792 καὶ
1207 736 1504 810 παρακαλῶ
1527 737 1742 798 οἰκείως
1758 735 1833 806 (9)

1959 760 2003 798 ιο
2044 757 2201 815 rogo,
2251 749 2312 797 ut
2355 751 2410 798 et
2463 741 2614 796 illum
2658 756 2770 796 non
2817 755 2978 796 secus
3027 755 3093 796 ac
3127 739 3498 796 necessarium

259 845 322 882 τε
355 830 519 884 αὐτὸν
552 830 866 894 θεάσασθαι,
919 832 1012 885 καὶ
1047 833 1145 903 τὴν
1175 830 1317 883 κατὰ
1347 829 1573 900 δύναμίν
1608 845 1688 881 σοι
1733 845 1838 880 πα-

267 921 566 992 ρασχέσθαι
624 922 775 993 αὐτῷ
823 922 1155 993 προστασίαν
1190 923 1247 974 ὲν
1276 916 1356 985 οἷς
1385 921 1451 974 ἂν
1499 921 1687 992 δέηται
1735 918 1837 989 τῆς

267 1003 620 1084 μεγαλονοίας
669 1032 762 1068 σου
784 1033 798 1046 ο
853 1015 994 1068 ὥστε
1053 1031 1119 1085 με
1177 1017 1290 1076 τοῖς
1342 1012 1554 1077 πολλοῖς
1601 1007 1682 1076 οἷς
1733 1011 1834 1082 ἤδη

261 1104 536 1176 τετύχηκα
591 1106 746 1178 παρά
784 1107 868 1160 σοὶ
909 1106 1134 1176 ἀγαθοῖς
1175 1107 1269 1160 καὶ
1310 1104 1512 1176 ταύτην
1559 1104 1701 1156 ἔνειν
1739 1103 1836 1174 τὴν

263 1199 584 1269 εὐεργεσίαν
608 1199 977 1272 συναριθμεῖν.

778 1332 1122 1385 ΕΠΙΣΤΟΛΗ
1159 1328 1316 1385 ΣοΔ’.

1939 843 2092 888 tuum
2131 832 2478 902 conspicias,
2537 832 2696 903 eique
2739 846 2840 902 pro
2880 831 3092 886 viribus
3133 830 3498 901 patrocinium

1938 923 2247 992 impendas,
2280 922 2481 992 quibus
2508 922 2564 976 in
2593 923 2758 978 rebus
2793 938 2931 993 opus
2961 924 3010 979 ei
3042 921 3207 978 fuerit
3235 930 3331 978 tua
3365 938 3500 993 pru-

1945 1015 2128 1070 dentia
2153 1033 2166 1082 ;
2195 1015 2330 1070 adeo
2354 1023 2414 1068 ut
2454 1015 2596 1069 inter
2623 1015 2816 1079 multa,
2841 1030 2963 1085 quae
2989 1014 3102 1085 jam
3132 1015 3200 1071 de
3223 1031 3312 1071 me
3339 1015 3503 1070 meri-

1934 1113 2025 1162 tus
2054 1122 2136 1172 cs,
2168 1106 2272 1162 hoc
2293 1107 2458 1162 etiam
2484 1105 2808 1162 beneficium
2839 1121 3127 1164 numerare
3153 1107 3384 1179 possim.

2255 1328 2419 1401 420
2437 1327 2772 1384 EPISTOLA
2809 1326 3108 1385 CCLXXIV
3135 1332 3174 1384 ⁶.

624 1446 934 1497 Commendat
955 1443 1173 1495 Himerio
1194 1443 1416 1496 eumdem
1436 1444 1636 1504 Herum,
1656 1453 1797 1506 quem
1817 1439 1880 1492 ab
1897 1439 2100 1505 infantia
2120 1456 2269 1509 usque
2286 1442 2351 1494 ad
2369 1450 2652 1496 senectutem
2671 1442 2882 1495 amicum
2899 1444 3146 1497 habuerat.

717 1553 928 1624 Ἱμερίῳ
958 1555 1068 1624 (10)
1090 1553 1415 1624 μαγίστρῳ.

2457 1552 2696 1608 Himerio
2723 1555 3002 1625 magistro.

349 1668 414 1723 Ἠ
445 1668 583 1739 πρὸς
611 1669 700 1721 τὸν
737 1666 1159 1737 αἱδεσιμώτατον
1197 1664 1422 1734 ἀδελφὺν
1457 1665 1636 1736 ’Ἦραν
1687 1663 1836 1734 φιλία

2018 1665 2190 1720 Meam
2225 1679 2349 1720 cum
2397 1664 2564 1721 fratre
2595 1665 2985 1722 colendissimo
3024 1665 3166 1720 Hera
3208 1666 3505 1722 amicitiam

266 1775 361 1832 μοι
407 1759 501 1813 καὶ
555 1759 828 1829 συνήθεια,
875 1761 957 1814 ὃτι
1010 1761 1074 1812 ἐκ
1130 1758 1272 1812 πάνυ
1317 1756 1506 1820 παιδὸς
1535 1757 1634 1828 τὴν
1667 1755 1840 1826 ἀρχὴν

262 1849 448 1914 ἔλαϐε,
497 1851 592 1904 καὶ⁹
639 1849 802 1921 μέχρι
841 1852 1026 1922 γήρως
1061 1849 1469 1921 συμπαρέμεινε
1498 1847 1608 1918 (Η)
1651 1850 1718 1918 τῇ
1745 1845 1838 1900 τοῦ

264 1941 402 1996 Θεοῦ
433 1942 634 2012 χάριτι,
675 1942 875 2006 παντὸς
923 1941 1142 2012 ἄμεινον
1187 1941 1281 1996 καὶ
1330 1941 1490 2003 αὐτὸς
1521 1940 1835 1993 ἐπίστασαι.

263 2034 458 2104 Σχεδὸν
489 2033 595 2103 γὰρ
630 2032 725 2086 καὶ
760 2032 857 2103 τὴν
903 2033 1002 2103 τῆς
1057 2033 1154 2103 σῆς
1205 2031 1572 2104 μεγαλοφυῒας
1626 2029 1844 2098 ἀγάπην

264 2125 328 2191 ἐξ
352 2125 566 2179 ἐκείνου
619 2126 751 2195 ἡμῖν
792 2126 820 2178 ὁ
857 2124 1060 2196 Κύριος
1109 2125 1419 2195 ἐχαρίσατο,
1479 2122 1537 2190 ἐξ
1577 2122 1700 2176 ὅτου
1749 2121 1844 2174 καὶ

263 2219 365 2289 τὴν
394 2218 529 2288 πρὸς
555 2217 814 2289 ἀλλήλους
849 2219 981 2288 ⁴ἡμῖν
1001 2217 1202 2286 γνῶσιν
1257 2216 1637 2290 προεξένησεν.
1693 2216 1846 2268 Ἐπεὶ

262 2305 360 2362 οὖν
405 2309 571 2362 δεῖται
599 2309 698 2379 τῆς
727 2308 878 2378 παρὰ
924 2307 1019 2362 σοῦ
1070 2307 1426 2380 προστασίας,
1459 2304 1758 2378 παρακαλῶ
1786 2321 1844 2358 σε

265 2401 364 2455 καὶ
390 2400 746 2464 καθικετεύω,
787 2403 852 2471 τῇ
889 2417 950 2453 τε
989 2399 1191 2470 ἀρχαίᾳ
1217 2398 1330 2470 (12)
1365 2398 1494 2468 περὶ
1534 2399 1683 2468 ἡμᾶς
1725 2396 1845 2450 δια-

263 2491 414 2546 θέσει
446 2491 819 2563 χαριζόμενον,
855 2493 949 2545 καὶ
984 2494 1048 2563 τῇ
1094 2491 1189 2545 νῦν
1226 2490 1571 2561 κατασχούσῃ
1629 2488 1842 2559 ἀνάγκῃ

264 2585 592 2656 προσχόντα,
625 2583 796 2649 οὕτως
822 2583 1205 2639 οἰκειώσασθαι
1235 2584 1303 2637 τὰ
1349 2584 1467 2636 κατ’
1511 2583 1673 2637 αὐτὸν
1717 2582 1850 2652 πρά-

265 2693 496 2746 γματα,
561 2675 700 2729 ὥστε
733 2677 1002 2747 μηδεμιᾶς
1058 2676 1218 2728 αὐτὸν
1278 2676 1469 2746 ἑτέρας
1519 2673 1848 2746 προστασίας

264 2767 543 2838 δεηθῆναι,
565 2767 678 2820 ἀλλ’
709 2767 1018 2820 ἐπανελθεῖν
1041 2766 1174 2837 πρὸς
1201 2767 1347 2836 ἡμᾶς
1365 2765 1540 2818 πάντα
1568 2781 1849 2836 καταπρα-

267 2859 504 2928 ξάμενον
531 2859 598 2912 τὰ
637 2861 754 2912 κατ’
803 2859 992 2929 εὐχάς-
1031 2859 1168 2911 ὥστε
1202 2859 1323 2921 ταῖς
1367 2856 1588 2919 πολλαῖς
1616 2850 1704 2919 αἷς
1742 2873 1842 2908 πε-

265 2951 543 3022 πόνθαμεν
589 2952 742 3023 παρὰ
793 2951 886 3004 σοῦ
930 2951 1294 3022 εὐεργεσίαις,
1351 2951 1445 3003 καὶ
1467 2949 1670 3017 ταύτην
1703 2949 1850 3019 ἡμᾶς

1941 1766 1996 1814 et
2037 1759 2489 1815 consuetudinem
2525 1775 2555 1813 a
2586 1774 2760 1830 puero
2784 1774 3014 1829 prorsus
3042 1758 3316 1831 incepisse
3353 1766 3410 1814 et
3439 1759 3509 1813 ad

1942 1859 2280 1907 senectutem
2329 1868 2502 1923 usque
2557 1851 2651 1907 Dei
2697 1852 2842 1907 dono
2889 1868 3291 1922 perseverasse,
3347 1869 3510 1911 nemo

1941 1951 2027 2000 est
2073 1944 2168 2014 qui
2202 1944 2397 1999 melius
2427 1959 2588 2015 quam
2635 1951 2692 1998 tu
2725 1946 3084 2014 perspexerit.
3130 1944 3324 2002 Ferme
3363 1947 3510 2003 enim

1942 2045 2127 2091 ettuaa
2157 2035 2625 2106 magnanimitatis
2677 2037 2976 2091 amicitiam
3021 2037 3090 2092 ab
3123 2037 3218 2092 illo
3262 2046 3510 2108 tempore

1944 2127 2104 2182 nobis
2153 2127 2422 2182 Dominus
2471 2126 2700 2197 largitus
2739 2134 2844 2194 est,
2888 2143 2954 2182 ex
3010 2142 3120 2197 quo
3155 2129 3319 2182 etiam
3369 2129 3512 2184 inter

1945 2235 2076 2282 nos,
2125 2235 2193 2275 eo
2232 2221 2492 2281 donante,
2529 2220 2903 2290 cognovimus.
2950 2219 3084 2274 Cum
3137 2220 3304 2292 igitur
3339 2220 3389 2275 ei
3419 2229 3512 2276 tuo

1947 2312 2259 2382 patrocinio
2284 2327 2424 2383 opus
2457 2311 2549 2376 sit,
2582 2311 2842 2366 adhortor
2867 2319 2922 2366 te
2949 2326 3013 2367 ac
3052 2327 3206 2384 rogo,
3239 2303 3301 2367 ut
3339 2319 3394 2369 et
3419 2327 3514 2368 ve-

1945 2405 2048 2458 teri
2079 2411 2282 2459 nostrae
2310 2403 2565 2461 amicitia
2592 2403 2799 2474 aliquid
2828 2404 3098 2470 tribuens,
3126 2411 3181 2458 et
3213 2403 3281 2458 ad
3311 2419 3514 2474 urgen-

1946 2485 2055 2548 tem
2090 2509 2236 2548 nunc
2270 2494 2652 2549 necessitatem
2701 2501 2961 2559 attentus,
2998 2494 3073 2548 ita
3113 2496 3328 2566 negotia
3363 2495 3514 2550 illius

1947 2593 2040 2639 tua
2089 2583 2282 2648 facias,
2341 2593 2399 2638 ut
2455 2585 2609 2639 nullo
2667 2585 2778 2639 alio
2821 2585 3130 2656 patrocinio
3173 2593 3331 2656 egeat
3367 2605 3380 2640 :
3417 2586 3512 2641 sed

1948 2678 2206 2733 omnibus
2240 2693 2305 2732 ex
2338 2676 2613 2732 sententia
2639 2678 2929 2742 confectis,
2959 2677 3025 2731 ad
3051 2693 3151 2732 nos
3174 2687 3512 2735 revertatur:

1950 2769 2088 2824 adeo
2116 2778 2171 2824 ut
2212 2770 2354 2825 inter
2382 2769 2553 2823 multa
2577 2769 2840 2825 beneficia
2881 2786 3003 2839 qua:
3030 2778 3087 2824 tu
3111 2771 3164 2824 in
3205 2786 3292 2826 me
3322 2779 3514 2825 contu-

1949 2860 2080 2924 listi,
2142 2859 2278 2914 illud
2329 2861 2493 2915 etiam
2549 2876 2746 2931 queam
2804 2876 3117 2926 numerare,
3170 2878 3279 2933 quo
3333 2865 3514 2933 majus

1952 2953 2122 3016 aliud,
2155 2960 2249 3008 aut
2273 2953 2421 3023 quod
2449 2954 2625 3025 magis
2646 2969 2766 3010 mea
2794 2954 3019 3020 referat,
3055 2955 3185 3010 mihi
3217 2955 3516 3012 attribuere

265 3042 413 3112 ἔχειν
473 3044 856 3114 συναριθμεῖν,
906 3037 974 3114 ἧς
1021 3044 1119 3095 οὐκ
1165 3042 1231 3096 ἂν
1302 3042 1521 3112 μείζονα
1595 3038 1844 3103 ὲαυτὸῖς,

1959 3061 2017 3100 ac
2051 3047 2330 3102 vindicare
2371 3062 2478 3100 non
2517 3047 2744 3117 possim.

265 3131 390 3183 οὐδὲ
421 3131 622 3200 μᾶλλον
672 3133 803 3203 ἡμῖν
846 3132 1206 3202 διαφέρουσαν
1244 3130 1585 3203 εὑρίσκοντες
1613 3131 1839 3182 οἰκειούσ

269 3222 432 3297 μεθα.

778 3359 1124 3413 ΕΠΙΣΤΟΛΗ
1161 3358 1320 3411 ΣΟΕν.

2369 3347 2702 3404 EPISTOLA
2724 3314 3062 3406 CCLXXV“.

970 3475 1140 3528 Eidem
1164 3477 1313 3528 Hera:
1328 3473 1649 3537 patrocinium
1675 3472 1902 3538 implorat
1919 3469 2152 3522 adversus
2173 3468 2482 3521 inimicorum
2518 3465 2808 3518 calumnias.

649 3603 1095 3672 Ἀνεπίγραςρος,
1133 3601 1267 3670 περὶ
1297 3601 1471 3669 ’Ἠρα.

343 3731 645 3804 Προέλαϐες
673 3733 770 3796 τὰς
799 3734 926 3803 παρ’
954 3734 986 3803 ἡ
997 3731 1111 3802 μῶν
1141 3732 1252 3803 (15)
1285 3732 1662 3803 παρακλήσεις
1689 3731 1746 3784 ἐν
1773 3733 1840 3803 τῇ

269 3823 410 3894 πρὸς
437 3825 529 3878 τὸν
577 3824 999 3895 αίδεσιμώτατον
1048 3824 1273 3891 ἀδελφὺν
1322 3824 1433 3894 (id)
1481 3824 1638 3894 ἡμῶν
1666 3824 1843 3892 Ἥραν

269 3913 526 3979 διαθέσει,
585 3917 678 3969 καὶ
704 3915 933 3984 γέγονας
980 3915 1127 3986 αὐτῷ
1163 3916 1326 3987 εὐχῆς
1358 3915 1597 3986 ἀμείνων
1632 3915 1740 3969 τῶν
1783 3931 1843 3967 τε

270 4004 447 4072 τιμῶν
478 4006 599 4066 ταῖς
628 4003 951 4075 ὑπερϐολαῖς
978 3999 1067 4067 αἷς
1110 4005 1188 4067 είς
1218 4003 1380 4056 αὐτὸν
1427 4001 1686 4067 ἐπεδείξω
1730 4003 1842 4072 (15)

273 4094 368 4147 καὶ
399 4095 520 4156 ταῖς
554 4093 638 4163 ἐφ’
669 4093 896 4146 ἑκάστου
925 4092 1116 4164 καιροῦ
1161 4094 1539 4166 προστασίαις.
1575 4095 1762 4164 Ὅμως
1787 4093 1844 4146 δὲ

272 4186 367 4237 καὶ
413 4187 596 4255 ἡμεῖς,
642 4186 828 4256 ἐπειδὴ
878 4189 1058 4256 σιωπῇ
1098 4186 1281 4256 φέρειν
1311 4185 1378 4238 τὰ
1425 4185 1546 4239 κατ’
1583 4183 1742 4238 αὐτὸν
1781 4185 1842 4236 οὐ

271 4277 572 4348 δυνάμεθα,
604 4275 1026 4349 παρακαλοῦμεν
1064 4295 1158 4330 σου
1191 4277 1287 4348 τὴν
1316 4276 1723 4348 ἀνυπέρϐλητον
1764 4292 1846 4326 τι-

2305 3592 2432 3648 Sine
2472 3595 2832 3663 inscriptione,
2863 3611 2958 3664 pro
2995 3595 3160 3651 Hera.

2018 3727 2350 3784 Praevertisti
2380 3744 2570 3799 preces
2598 3745 2747 3786 meas
2785 3738 2877 3785 tua
2918 3746 3045 3801 erga
3070 3732 3513 3790 colendissimum

1947 3815 2171 3870 fratrem
2211 3830 2458 3872 nostrum
2500 3817 2697 3873 Heram
2729 3819 2896 3873 animi
2930 3819 3244 3885 aﬂectione,
3278 3837 3342 3877 ac
3383 3823 3519 3879 libe-

1948 3910 2122 3964 ralius
2153 3924 2275 3963 cum
2307 3924 2373 3964 eo
2400 3910 2582 3981 egisti,
2616 3926 2777 3980 quam
2805 3912 3009 3981 precati
3039 3912 3356 3978 fuissemus,
3388 3930 3513 3969 cum

1945 3999 2166 4054 eximiis
2197 3999 2502 4054 honoribus
2534 4015 2674 4070 quos
2716 4000 2766 4054 ei
2817 4001 3078 4066 habuisti,
3107 4008 3223 4056 tum
3259 4012 3514 4074 suscepto

1943 4090 2110 4153 illius,
2136 4090 2382 4160 quolibet
2411 4097 2677 4161 tempore,
2707 4091 3032 4160 patrocinio.
3061 4091 3166 4148 Sed
3188 4100 3369 4148 tamen
3391 4111 3512 4149 cum

1943 4198 2034 4238 res
2066 4183 2215 4238 illius
2261 4182 2482 4238 silentio
2526 4184 2806 4252 praeterire
2836 4199 2946 4239 non
2996 4187 3224 4255 possim,
3255 4186 3510 4241 eximiam

1944 4279 2096 4324 tuam
2118 4269 2435 4340 dignitatem
2460 4286 2613 4341 rogo,
2641 4280 2701 4325 ut
2729 4281 2782 4328 et
2804 4288 2921 4328 mea
2948 4288 3117 4329 causa
3139 4283 3234 4328 tuo
3263 4274 3318 4330 in
3338 4275 3518 4330 virum

278 4367 510 4438 μιότητα
550 4367 644 4419 καί
672 4368 752 4429 είς
795 4367 1066 4437 ἡμετέραν
1112 4367 1270 4436 χάριν
1300 4363 1614 4436 προσθεῖναι
1647 4364 1712 4432 τῇ
1764 4363 1844 4424 εἰς

1959 4362 2134 4418 studio
2178 4363 2386 4434 aliquid
2417 4364 2605 4430 addas,
2637 4380 2871 4436 eumque
2907 4366 3256 4422 inimicorum
3292 4382 3518 4423 suorum

272 4458 366 4511 τὸν
396 4458 562 4531 ἄνδρα
593 4458 815 4528 σπουδῇ,
845 4459 940 4511 καὶ
969 4456 1294 4526 ἀποπέμψαι
1325 4455 1486 4508 αὐτὸν
1525 4455 1591 4524 τῇ
1628 4451 1843 4523 πατρίδι

274 4550 559 4621 κρείττονα
601 4552 698 4622 τῆς
740 4551 892 4621 παρὰ
939 4549 1046 4602 τῶν
1096 4547 1304 4620 ἐχθρῶν
1350 4545 1514 4602 αὐτοῦ
1548 4539 1843 4617 ἐπηρείας

273 4643 399 4696 ἐπεὶ
424 4642 518 4696 νῦν
545 4660 609 4712 γε
649 4643 747 4695 οὐκ
776 4641 880 4708 ἔξω
913 4642 1030 4694 ἐστὶ
1058 4640 1227 4711 βελῶν
1249 4638 1345 4693 τοῦ
1387 4638 1604 4708 φθόνου,
1637 4636 1846 4691 πολλῶν

353 4843 427 4914 (8)
470 4845 800 4914 Ἔχουσαν.
849 4842 989 4914 Editi
1016 4843 1164 4914 hunc
1193 4843 1372 4914 locum
1411 4841 1794 4914 sigexhibcnt
1831 4861 1843 4895 :

275 4911 388 4967 και
411 4911 680 4984 ὀὐδεμίαν
704 4913 1010 4983 ὑπερϐολὴν
1054 4913 1157 4984 τῆς
1173 4913 1374 4984 *φιλίας
1408 4911 1646 4984 διάθεσιν
1661 4912 1851 4984 -ὐπερ-

276 4981 565 5053 εχομένηνζ
596 4982 766 5040 Coisl.
808 4981 1015 5053 primus
1043 4990 1097 5053 et
1140 4981 1428 5037 Mcdicaeus
1465 4981 1612 5053 _nih_il
1644 4981 1848 5053 discre-

277 5050 414 5122 pant
457 5050 523 5107 ab
561 5053 741 5116 editis,
790 5050 896 5107 nisi
939 5052 1082 5122 quod
1111 5053 1311 5106 habent
1347 5069 1360 5104 :
1394 5050 1628 5122 καὶτῆς
1670 5050 1850 5122 φιλίας

278 5120 521 5197 διάθεσιν
553 5120 972 5197 ὑπερεχόμενονζ
1006 5122 1382 5197 _Co_mbeiisius
1411 5127 1470 5197 ut
1508 5120 1681 5197 lucem
1722 5120 1850 5173 alic-

277 5202 387 5257 rat,
422 5193 551 5262 legit
569 5189 968 5262 παρεχομένην.
1003 5191 1106 5246 Sed
1126 5199 1247 5262 tota
1269 5207 1358 5246 res
1381 5189 1635 5262 enitescit
1659 5204 1851 5262 exco-

277 5260 497 5317 dicibus
527 5260 695 5332 Regio
732 5260 996 5332 secundo,
1041 5261 1210 5317 Coisl.
1250 5260 1522 5322 secundo,
1558 5274 1623 5332 ex
1655 5260 1851 5329 quibus

279 5333 591 5386 addidimus
613 5329 842 5402 ἔχουσαν
870 5342 925 5402 et
953 5331 1252 5402 delevimus
1282 5329 1708 5402 ὑπερεχομένην.

356 5402 434 5482 (θ)
471 5399 728 5482 alant-stuic:
759 5401 850 5482 Sic
876 5400 1015 5482 hied.
1047 5411 1101 5482 et
1138 5401 1307 5482 Coisl.
1345 5399 1554 5482 primus
1579 5415 1702 5482 cum
1728 5399 1852 5482 aliis

279 5468 520 5541 duobus.
578 5471 722 5526 Editi
769 5474 990 5541 οἰκεῖον.
1050 5473 1168 5526 Mox
1227 5468 1750 5541 Regiusgsecundus
1795 5478 1850 5524 ct

281 5540 453 5595 Coisl.
491 5541 767 5597 secundus
797 5536 1020 5667 oig-V‘S'q
1053 5542 1296 5624 πέπονθα
1312 5536 1474 5611 Ἶπαρὰ
1502 5539 1616 5593 σοῦ.

357 5610 471 5667 um
533 5613 780 5667 'Iusolo).
815 5612 981 5667 Cons.
1039 5627 1251 5667 nrtmus
1311 5617 1365 5667 et
1415 5610 1616 5666 Claron

357 5610 471 5681 (10)
533 5609 1251 5684 Ἰμερίῳ.(]οἰ81.’ρι·ἰῐῐιι15
1311 5617 1365 5667 et
1409 5609 1663 5666 'Clarom.
1710 5609 1848 5678 Ἦμε

280 5683 405 5754 ρέῳ.

1947 4455 2237 4511 calumniis
2289 4455 2626 4526 superiorem
2676 4457 2732 4511 in
2788 4458 3021 4528 patriam
3071 4461 3352 4528 remittas;
3405 4475 3516 4514 non

1947 4547 2090 4602 cnim
2121 4562 2267 4603 nunc
2299 4556 2384 4604 est
2415 4560 2570 4603 extra
2603 4549 2822 4605 invidiae
2854 4551 2979 4613 tela,
3013 4553 3203 4608 multis
3225 4553 3373 4608 illius
3393 4553 3519 4609 vita:

1948 4641 2392 4712 tranquillitatem
2417 4643 2738 4713 perturbare
2763 4645 3110 4700 conantibus.
3143 4645 3293 4711 Quos
3321 4653 3515 4700 contra

2023 4840 2134 4912 (li)
2167 4840 2631 4912 Evgnapéyetrs.
2662 4839 2800 4896 Med.
2831 4848 2886 4896 ct
2926 4841 3048 4896 Vat.
3094 4856 3217 4896 cum
3248 4839 3383 4912 Reg.
3433 4856 3520 4896 se-

1949 4911 2130 4982 eundo
2176 4919 2232 4964 et
2265 4910 2434 4982 Coisl.
2458 4912 2709 4982 secundo
2739 4913 3057 4982 παρέμεινε.

2013 4981 2125 5052 (12)
2157 4980 2420 5052 Ἀρχαίᾳ.
2454 4978 2618 5052 peest
2639 4998 2703 5036 ea
2724 4978 2834 5052 vox?
2863 4978 2919 5035 in
2947 4981 3285 5037 Coisiiniano
3317 4981 3513 5052 primo.

2022 5050 2134 5119 (i3)
2163 5053 2305 5118 Hap‘
2358 5048 2912 5122 nminfraepositio
2963 5052 3148 5122 addita
3182 5068 3250 5108 ex
3282 5048 3519 5120 quatuor

2022 5068 2134 5119 uo)
2163 5068 2305 5118 ιιαρ-
2358 5068 2548 5171 ηἰιων.
2591 5068 2912 5122 rraepostuo
2963 5068 3148 5106 audita
3182 5068 3250 5108 ex
3282 5068 3512 5120 quatuor

1952 5136 2113 5190 mss..
2146 5135 2340 5190 nempe
2369 5120 2398 5172 ἢ
2421 5120 2533 5181 ed.,
2564 5120 2714 5184 νει,
2751 5120 2884 5190 Reg.
2922 5121 3163 5176 secundo
3192 5131 3245 5177 et
3274 5122 3512 5178 Clarom.

2023 5189 2135 5263 (μ)
2177 5189 2479 5263 Ἀδεᾼφόν.
2509 5191 2680 5247 Coisl.
2707 5189 2984 5247 secundus
3011 5200 3065 5247 et
3089 5191 3218 5263 Reg.
3245 5191 3518 5249 secundus

1951 5266 2006 5313 et
2034 5259 2274 5312 Clarom.
2305 5261 2538 5313 ὲταῖοον.

2026 5329 2137 5404 (i_5)
2172 5317 2626 5404 Ἐίτςδείξωκίιιι
2672 5331 2841 5388 Coisl.
2896 5339 3126 5402 uterque
3176 5339 3232 5388 et
3259 5330 3393 5404 Reg.
3426 5317 3516 5386 se-

1953 5400 2185 5453 cundus.
2227 5399 2368 5452 Editi
2405 5399 2688 5466 ἀπεδείξω.

1956 5469 2223 5594 οθᾶθΑΙὶεε
2248 5467 2560 5524 CCCCXVI.
2585 5470 2799 5542 Scripta
2823 5471 3276 5542 eodemtempore
3305 5485 3368 5526 ac
3390 5486 3516 5540 pra:-

2089 5556 2176 5594 ns.

2089 5556 2176 5595 ns.

2030 5613 2066 5630 “
2104 5609 2253 5667 Alias
2283 5609 2532 5666 CCXVII.
2569 5610 2783 5681 Scripta
2815 5609 3002 5668 eodem
3032 5618 3294 5682 tempore.
