3878 6222
369 276 501 334 {OH

1704 279 1762 337 S.
1798 280 1881 336 BA
1890 280 2043 338 SILI]
2080 279 2293 338 MAGNI

3457 294 3575 349 10ιὲ

369 410 543 453 unum
578 393 902 453 habebimus
946 394 1257 469 praesidium
1298 396 1687 469 insuperabile,
1743 403 1790 457 si
1838 413 1930 458 tua

2060 403 2196 458 εὐτοῢ
2231 404 2343 475 (16)
2387 401 2724 474 ἐπηρεάζειν
2759 401 3175 474 ἐπιχειρούντων
3218 406 3284 476 τῇ
3329 404 3578 477 ἀπραγμο-

367 486 521 545 Illum
554 503 721 543 manu
753 495 1037 559 protegere
1074 489 1334 544 volueris.

787 796 1124 854 EPISTOLA
1159 797 1507 855 CCLXXVI'.

2046 494 2182 566 σύνῃ
2226 494 2319 548 τοῦ
2351 494 2486 565 βίου.
2517 494 2661 566 Πρὸς
2688 493 2781 558 οὓς
2817 496 2945 565 μίαν
2974 496 3276 566 εὑρήσομεν
3310 498 3581 564 ἀσφάλειαν

2041 585 2340 658 ἄρρηκτον,
2371 590 2419 641 εἰ
2460 589 2624 652 αὐτὸς
2668 589 2961 660 ὑπερσχεῖν
2985 588 3083 660 τὴν
3114 591 3269 660 χεῖρα
3296 590 3390 643 τοῦ
3416 590 3582 662 ἀνδρὸς

2042 677 2344 749 θελήσειας.

2548 815 2891 869 umnam
2930 816 3108 883 Σοεῖι.

368 912 1875 1001 θεῖέΕἮΗῩἮΞΞΕ,είνῐιέξὲῗξζφῑιιῐτέλςίξέξέέιέζείφὲίέῐτεξξ
1884 922 2221 1001 Ειζξδιίαηιεητ
2246 941 2501 1000 comm:
2532 928 2715 995 [τήκειν
2743 930 2959 1001 hortm
2978 930 3412 1001 Nammeius.
3425 937 3493 1001 ,ιιι
3509 930 3590 1001 ﬁlii

427 975 479 1028 ἕη
500 975 581 1041 ἕξιν
606 990 717 1041 φιιε
732 977 797 1041 σιξ
822 989 1000 1038 Corma

1020 976 1233 1057 Είξίίἓέἱπξν
1250 976 1527 1057 2⁸3ξὲφέίέ
1542 976 2047 1057 εοξιξτῗξειερβςιεῑηλω
2070 976 2235 1057 ειιιῖἐὶι
2254 976 2819 1057 ᾱήἰὲιὲὶιὶἇήὁῇὗὲὸάὲῐ
2835 976 3590 1057 ἶὲἇ’ρῧῐῖιὶὲ’ὶὶιῧὶᾶἱὲῐνὶί“ῖοῖἶέὶ

657 1035 945 1098 admiretur,
969 1038 1096 1101 quod
1114 1035 1218 1088 veri
1243 1038 1331 1089 Dei
1349 1040 1529 1088 cultum
1549 1046 1751 1104 paterno
1770 1035 1996 1107 Obsequio
2018 1035 2593 1116 αιὶιίἱιὶιὶᾶτὲὶῆἲιᾶὖὶιὲιῖῖἱ,

878 1144 1163 1200 Harmatio
1193 1162 1402 1217 magno.

436 1256 504 1313 Et
534 1258 843 1314 communis
877 1259 1157 1313 hominum
1204 1259 1450 1313 omnium
1490 1259 1577 1315 lex
1618 1275 1938 1321 communes

367 1359 622 1422 parentes
672 1350 823 1406 dedit
879 1350 1322 1407 adolescentibus
1381 1367 1583 1407 senes:
1639 1360 1695 1408 et
1745 1364 1936 1410 nostra

368 1441 805 1497 Christianorum
856 1440 1080 1512 propria
1114 1456 1217 1495 nos
1266 1442 1513 1498 seniores
1544 1443 1600 1497 in
1645 1453 1936 1514 parentum

367 1540 488 1590 loco
520 1533 725 1588 talibus
755 1532 1063 1587 constituit.
1096 1530 1281 1603 Itaque
1304 1532 1463 1605 42],
1495 1549 1564 1590 ne
1601 1551 1688 1591 me
1730 1537 1937 1592 inutili-

373 1633 460 1680 ter
488 1624 767 1679 existimes
796 1637 861 1676 ac
890 1623 1027 1678 citra
1056 1624 1439 1679 necessitatem
1478 1626 1756 1681 curiosum
1790 1643 1934 1696 esse.

2418 1160 2707 1229 Ἀρματίῳ
2736 1159 2846 1233 (17)
2876 1159 2957 1228 τῷ
2983 1161 3240 1232 μεγάλῳ.

2113 1273 2226 1328 Καὶ
2278 1275 2307 1327 ὁ
2348 1274 2526 1339 κοινὸς
2582 1276 2791 1330 πάντων
2850 1275 3151 1347 ἀνθρώπων
3192 1277 3359 1347 νόμος
3406 1277 3596 1339 κοινοὺς

2042 1365 2285 1436 πατέρας
2330 1369 2478 1420 ποιεῖ
2512 1367 2638 1430 τοὺς
2678 1369 2736 1421 ὲν
2772 1367 2959 1438 ἡλικίᾳ.
3004 1368 3116 1439 (18)
3162 1366 3489 1439 πρεσϐύτας,
3515 1368 3597 1420 καὶ

2038 1457 2067 1508 ὁ
2098 1458 2365 1526 ἡμέτερος
2393 1458 2449 1512 δὲ
2481 1458 2590 1512 τῶν
2632 1459 2971 1530 Χριστιανῶν
3015 1460 3143 1523 ἴδιος
3180 1460 3309 1523 τοὺς
3355 1461 3597 1530 γέροντας

2040 1546 2189 1614 ἡμᾶς
2233 1546 2290 1599 ἐν
2329 1547 2531 1615 γονέων
2569 1548 2721 1614 τάξει
2770 1548 3056 1619 καθίστησι
3103 1552 3214 1613 τοῖς
3255 1549 3597 1620 τηλικούτοις.

2044 1638 2210 1691 Ὥστε
2259 1638 2332 1710 μὴ
2383 1640 2636 1709 περιττόν
2671 1657 2739 1710 με
2776 1641 2978 1712 ἡγήσῃ,
3018 1640 3150 1710 μηδὲ
3181 1640 3285 1705 ἔξω
3322 1640 3433 1693 τῶν
3460 1641 3601 1707 ἀναγ·

368 1715 852 1785 εἰρᾶερτεοιιιοιιειη
896 1730 983 1770 me
1023 1717 1237 1785 praebeo
1269 1731 1369 1785 pro
1405 1725 1501 1772 tuo
1539 1720 1680 1789 apud
1719 1727 1774 1776 te
1804 1720 1933 1777 lilio.

2060 1728 2214 1783 ιαίων
2267 1731 2762 1803 περιεργάζεσθαι,
2814 1734 2864 1785 εἰ
2927 1732 3065 1804 ὑπὲρ
3116 1731 3210 1785 τοῦ
3271 1732 3461 1795 παιδὸς
3505 1731 3601 1799 ἐγὼ

368 1804 543 1875 llujus
568 1805 788 1876 quidem
831 1804 888 1858 in
910 1805 1125 1860 caeteris
1154 1806 1525 1861 obedientiam
1560 1823 1593 1862 a
1623 1816 1677 1863 te
1724 1812 1937 1880 reposci

367 1911 584 1967 aequum
627 1896 978 1966 iudicamus:
1024 1898 1169 1953 enim
1213 1914 1341 1953 vero
1381 1899 1652 1957 obnoxius
1695 1903 1788 1958 tibi
1831 1912 1936 1970 est,

367 1996 634 2059 quantum
662 1987 731 2042 ad
769 2002 971 2058 corpus
1000 1989 1213 2053 attinet,
1238 1998 1292 2044 et
1321 2006 1387 2045 ex
1418 1991 1533 2062 lege
1559 2000 1769 2049 natura:
1799 2005 1852 2049 et
1872 2011 1938 2050 ex

367 2080 517 2135 civili
549 2080 639 2135 illa
672 2094 778 2149 qua
819 2079 1078 2151 regimur.
1110 2080 1360 2135 Animam
1390 2091 1592 2147 autem.
1623 2093 1680 2139 ut
1710 2100 1775 2140 ex
1802 2086 1939 2141 divi-

367 2171 618 2226 nioribus
658 2178 955 2240 acceptam.
997 2170 1221 2227 credere
1266 2188 1363 2242 par
1423 2183 1506 2229 e~t
1544 2176 1698 2232 alteri
1744 2179 1937 2248 subjici

368 2272 643 2335 oportere.
679 2279 741 2319 ac
770 2264 972 2320 debitis
1001 2265 1160 2335 longe
1182 2267 1428 2321 omnium
1460 2270 1935 2338 praestantissimis

368 2353 485 2411 Deo
543 2356 863 2411 obstrictam
922 2371 1067 2412 esse.
1123 2354 1394 2422 Quoniam
1455 2360 1627 2429 igitur
1684 2369 1936 2417 nostrum

367 2443 810 2504 Christianorum
866 2447 1035 2503 Deum
1065 2487 1084 2514 ,
1125 2464 1361 2520 eumque
1408 2466 1594 2506 verum
1622 2492 1637 2517 ,
1686 2453 1939 2524 pluribus

368 2539 570 2594 vestris
590 2538 716 2606 diis.
744 2548 798 2595 et
825 2539 923 2611 qui
952 2556 1047 2610 per
1078 2555 1340 2611 corporea
1376 2542 1622 2614 symbola
1658 2546 1937 2612 coluntur,

370 2630 708 2700 anteposuit.
748 2646 855 2686 non
900 2630 1105 2687 idcirco
1142 2633 1218 2687 illi
1249 2648 1596 2702 succenseas.
1623 2636 1718 2692 sed
1759 2638 1940 2708 potius

368 2720 643 2778 admirare
672 2723 841 2777 animi
874 2722 1271 2789 fortitudinem,
1302 2725 1447 2795 quod
1480 2728 1675 2782 timore
1698 2735 1753 2782 et
1782 2727 1942 2782 obse-

371 2814 507 2885 quio
536 2823 768 2885 paterno
802 2815 1082 2885 antiquius
1113 2818 1162 2872 ei
1194 2816 1377 2883 fuerit.
1408 2832 1505 2887 per
1536 2833 1722 2873 veram
1751 2819 1942 2890 cogni-

369 2906 575 2960 tionem
622 2919 687 2960 ac
739 2906 906 2961 vitam
956 2906 1148 2961 virtuti
1203 2916 1627 2963 consentaneam
1681 2909 1939 2981 conjungi

370 3009 494 3049 cum
525 2993 656 3050 Deo.
695 2994 954 3052 Exorabit
1006 2997 1226 3067 quidem
1276 3007 1330 3053 te
1370 3005 1425 3053 et
1475 3007 1669 3055 natura
1702 3001 1840 3071 ipsa,
1885 3009 1936 3055 et

370 3104 584 3145 morum
618 3089 813 3145 lenitas
842 3092 898 3145 in
922 3106 1112 3148 omnes
1141 3108 1204 3148 ac
1228 3094 1611 3155 mansuetudo.
1639 3102 1697 3149 ut
1720 3111 1788 3150 ne
1814 3105 1935 3149 tan-

371 3181 553 3237 tillum
583 3180 800 3255 quidem
832 3182 911 3237 illi
941 3198 1269 3240 succensere
1316 3184 1370 3238 in
1416 3185 1656 3240 animum
1686 3188 1934 3243 inducas.

372 3270 630 3328 Profecto
658 3285 837 3329 autem
863 3290 966 3330 nec
992 3290 1165 3330 meam
1198 3275 1638 3347 deprecationem
1673 3276 1940 3345 fastidies.

370 3364 459 3420 vel
486 3364 667 3433 potius
701 3379 799 3435 per
832 3380 918 3420 me
955 3364 1302 3437 adimpletam
1337 3378 1443 3423 tuae
1469 3368 1708 3425 civitatis
1748 3370 1945 3441 depre-

373 3455 679 3511 cationem:
710 3466 833 3526 qua:
860 3457 987 3527 quia
1034 3466 1087 3512 te
1129 3466 1296 3521 amat.
1341 3460 1545 3531 tibique
1575 3463 1713 3516 bona
1760 3464 1945 3518 omnia

372 3559 651 3620 precatur.
686 3552 917 3620 teipsum
946 3568 1165 3623 quoque
1194 3555 1299 3610 sibi
1328 3556 1546 3611 videtur
1563 3557 1940 3615 Christianum

376 3643 710 3712 suscepisse.
743 3642 921 3700 Tanto
951 3645 1075 3700 illos
1107 3647 1306 3718 gaudio
1329 3647 1569 3719 perfudit
1593 3651 1736 3707 fama
1759 3652 1944 3709 subito

374 3734 582 3789 civitati
607 3735 791 3789 allata.
850 3805 855 3811 η

796 3977 1130 4035 EPISTOLA
1167 3977 1394 4034 CCLXX
1403 3978 1554 4036 VII“.

2042 1818 2329 1890 πρεσϐεύω
2372 1820 2466 1874 τοῦ
2499 1820 2594 1874 σοῦ
2625 1821 2761 1891 πρὸς
2792 1821 2872 1875 σέ.
2920 1816 2994 1875 Ob
3027 1821 3125 1893 τὴν
3169 1821 3267 1892 μὲν
3297 1823 3358 1874 ἐν
3397 1824 3504 1883 τοῖς
3529 1821 3605 1875 ἂλ-

2038 1907 2151 1971 λοις
2179 1910 2427 1981 ὑπακοὴν
2455 1909 2712 1981 ἀξιοῦμέν
2754 1927 2813 1964 σε
2855 1912 3103 1964 ἀπαιτεῖν
3123 1928 3137 1941 ο
3170 1909 3472 1973 ὑπεύθυνος
3508 1910 3601 1978 γάρ

2039 1999 2187 2053 ἐστιν
2233 2001 2313 2063 εἰς
2356 2001 2414 2053 τὸ
2448 2002 2626 2071 σῶμα,
2663 2001 2756 2055 καὶ
2788 2000 2866 2071 τῷ
2909 2001 3058 2072 νόμῳ
3099 2002 3196 2071 τῆς
3236 2001 3478 2071 φύσεως,
3523 2000 3605 2054 καὶ

2038 2089 2115 2161 τῷ
2139 2090 2401 2162 πολιτικῷ
2424 2092 2599 2162 τούτῳ
2630 2090 2750 2144 καθ’
2775 2090 2834 2144 ὃν
2861 2088 3293 2161 οἰκονομούμεθα
3315 2106 3329 2119 ’
3365 2089 3463 2159 τὴν
3494 2090 3606 2159 μένε

2037 2198 2122 2234 τοι
2160 2181 2356 2253 ψυχὴν,
2383 2181 2458 2245 ὡς
2496 2184 2561 2235 ὲκ
2609 2181 2895 2253 θειοτέρων
2938 2180 3074 2251 ἔχων
3109 2177 3264 2252 ἧκεν,
3295 2179 3442 2250 ἄλλῳ
3472 2178 3608 2249 νομὶ-

2040 2270 2153 2336 ζειν
2181 2272 2289 2342 (19)
2319 2272 2643 2325 ὑποκεῖσθαι
2674 2272 2973 2344 προσῆκον,
3022 2273 3115 2325 καί
3151 2271 3273 2341 Θεῷ
3310 2270 3607 2340 ὀφείλεσθαι

2040 2364 2171 2434 παρ’
2221 2362 2393 2429 αὐτῆς
2448 2365 2584 2435 χρέα
2630 2363 2699 2417 τὰ
2753 2364 2971 2417 πάντων
3022 2363 3200 2435 χρεῶν
3246 2363 3606 2434 πρεσϐύτατα.

2053 2460 2206 2514 Ἐπεὶ
2256 2456 2351 2514 οὖν
2385 2459 2476 2513 τὸν
2519 2460 2651 2513 Θεὸν
2678 2459 2767 2513 τὸν
2813 2458 3080 2530 ἡμέτερον
3111 2457 3219 2509 τῶν
3255 2455 3605 2526 Χριστιανῶν,

2039 2551 2132 2605 τδν
2180 2551 2453 2622 ἀληθινὸν,
2503 2554 2608 2623 πρὸ
2651 2550 2760 2603 τῶν
2802 2550 2929 2620 παρ’
2960 2550 3088 2620 ὑμῖν
3131 2547 3370 2610 πολλῶν,
3412 2546 3506 2600 καὶ
3544 2545 3604 2597 δι’

2040 2644 2241 2698 ὑλικῶν
2270 2660 2333 2697 συ
2342 2643 2555 2715 μϐόλων
2583 2641 3037 2715 θεραπευομένων
3059 2639 3365 2712 προείλετο,
3397 2639 3470 2709 μὴ
3498 2638 3610 2690 δυσ-

2038 2736 2313 2808 χεραίνειν
2355 2734 2534 2805 αὐτῷ,
2572 2734 2770 2803 μᾶλλον
2812 2734 2869 2787 δὲ
2907 2734 3001 2787 καὶ
3047 2731 3358 2802 θαυμάζειν
3384 2731 3482 2800 τῆς
3527 2730 3613 2797 Qu-

2042 2827 2143 2899 χῆς
2169 2826 2231 2879 τὸ
2255 2828 2521 2895 γενναῖον,
2563 2825 2646 2878 ὅτι
2669 2824 2763 2877 καὶ
2790 2823 2953 2893 φόϐου
2982 2821 3073 2876 καὶ
3102 2820 3405 2893 θεραπείας
3432 2834 3612 2889 πατρι-

2042 2915 2144 2986 κῆς
2175 2915 2566 2987 προτιμότερον
2593 2913 2742 2967 ἔθετο
2767 2913 2851 2967 διὰ
2879 2912 2981 2983 τῆς
3003 2910 3236 2981 ἀληθοῦς
3270 2908 3611 2978 ἐπιγνώσεως

2041 3005 2137 3058 καὶ
2183 3004 2277 3058 τοῦ
2313 3005 2432 3058 κατ’
2485 3004 2686 3077 ἀρετὴν
2731 3003 2847 3074 βίου
2892 3003 3237 3073 οἰκειωθῆναι
3300 3001 3423 3073 Θεῷ
3490 3004 3611 3054 Δυσ⁴

2043 3096 2255 3166 ωπήσει
2292 3096 2390 3166 μὲν
2418 3092 2510 3149 οὖν
2536 3112 2595 3148 σε
2622 3096 2715 3149 κα)⁸
2736 3095 2871 3167 αὑτὴ
2895 3097 2928 3167 ἡ
2958 3096 3140 3164 φύσις,
3173 3095 3353 3149 καὶτὸ
3382 3092 3477 3147 τοῦ
3508 3093 3614 3160 τρό-

2049 3204 2150 3241 που
2182 3187 2357 3258 πρᾶον
2384 3188 2511 3259 περὶ
2560 3187 2739 3241 πάντα
2771 3185 2883 3256 (20)
2931 3186 3027 3240 καὶ
3068 3187 3303 3258 ἥμερον,
3343 3186 3466 3239 οὐδὲ
3493 3185 3617 3255 πρὸς

2047 3278 2226 3347 ὀλίγον
2258 3277 2547 3348 ἐπιτρέψαι
2596 3295 2678 3331 σοι
2721 3276 2819 3349 τὴν
2862 3276 2948 3330 ἐπ’
2975 3276 3123 3348 αὐτῷ
3166 3277 3379 3347 λύπην·
3414 3278 3616 3339 πάντως

2047 3367 2103 3421 δὲ
2147 3366 2270 3420 οὐδὲ
2310 3366 2406 3438 τὴν
2459 3367 2735 3438 ἡμετέραν
2782 3367 3068 3438 ἀτιμάσεις
3120 3366 3230 3437 (21)
3287 3368 3585 3438 πρεσϐείαν

2053 3458 2251 3527 μᾶλλον
2280 3457 2337 3511 δὲ
2369 3457 2466 3528 τὴν
2499 3459 2595 3529 τῆς
2634 3458 2735 3529 σῆς
2780 3459 2986 3522 πόλεως
3026 3459 3092 3512 δι’
3122 3458 3277 3530 ήμῶν
3308 3458 3615 3531 πληρουμέ-

2048 3567 2166 3620 νην,
2196 3550 2244 3603 οἳ
2276 3549 2353 3620 τῷ
2388 3550 2500 3620 (22)
2534 3550 2663 3622 περὶ
2692 3551 2753 3604 σὲ
2784 3551 3011 3623 φίλτρῳ,
3062 3552 3155 3604 καὶ
3201 3551 3280 3622 τῷ
3327 3552 3514 3605 πάντα
3545 3566 3617 3604 σοι

2048 3639 2303 3711 εὔχεσθαι
2336 3640 2404 3694 τὰ
2433 3642 2593 3705 καλὰ,
2635 3643 2731 3695 καὶ
2772 3642 2831 3695 σὲ
2878 3643 3041 3696 αὐτὸν
3070 3644 3271 3696 οἴονται
3298 3639 3619 3714 Χριστιανὸν

2051 3732 2433 3799 ὐποδέξασθαι.
2461 3732 2646 3797 Οὕτως
2667 3734 2863 3797 αὐτοὺς
2884 3737 3201 3806 περιχαρεῖς
3220 3733 3450 3805 διέθηκε
3476 3734 3619 3803 φήμη

2051 3825 2262 3897 ἀθρόως
2286 3825 2603 3897 ἐμπεσοῦσα
2628 3828 2697 3897 τῇ
2734 3827 2904 3879 πόλει.

2559 3985 2905 4039 ΕΠΙΣΤΟΛΗ
2951 3986 3107 4039 ΣΟΖ’.

379 4096 591 4166 Basilius
612 4094 957 4166 cum_audisset
979 4109 1041 4147 ea:
1078 4095 1359 4166 ΤΙιεοιεεηοΔ
1377 4097 1438 4147 de
1466 4095 1672 4147 Maximi
1692 4095 1959 4166 virtitubus.
1980 4100 2337 4166 gratulaturet,
2362 4100 2490 4165 quod
2514 4113 2577 4150 ea:
2600 4099 2782 4166 illustri
2808 4114 2980 4165 genere
3016 4102 3081 4150 ad
3117 4099 3451 4166 evangelicum
3486 4098 3619 4151 vitam

436 4158 694 4225 translatus
714 4157 891 4225 fuerit;
910 4157 1360 4225 eiqueaemonstrat
1376 4172 1530 4208 unum
1543 4173 1647 4211 esse
1668 4157 2053 4223 expetendum'et
2068 4157 2334 4225 laudabile.
2355 4157 2588 4214 astet-num
2611 4163 2782 4215 bonum
2807 4157 2830 4213 ἵ
2855 4169 3033 4214 autem
3052 4168 3213 4214 autem
3234 4157 3415 4214 umbra
3434 4176 3536 4214 esse
3557 4169 3620 4215 te.

436 4219 612 4270 nuiora
626 4226 672 4270 et
687 4217 884 4270 somniis
901 4217 1173 4282 fallaciam.

869 4328 1108 4386 Maximo
1123 4332 1454 4388 scholastice.

447 4440 658 4499 Retulit
687 4440 820 4495 mihi
850 4441 1116 4497 honestus
1150 4457 1214 4497 ac
1245 4443 1424 4499 bonus
1451 4443 1798 4503 Theotccnus
1828 4418 1948 4517 quae
1979 4427 2025 4483 θ

385 4576 666 4703 s‘BAdlsiiaisi
711 4575 1005 4633 CCCLXV.
1062 4577 1276 4650 Scripta
1337 4580 1394 4634 in
1447 4581 1739 4651 postremis
1793 4584 1952 4640 annis

430 4686 446 4702 ο
481 4662 688 4702 15³81111.

522 4717 674 4772 Alias
702 4715 862 4771 XLII.
910 4716 1126 4789 Scripta
1160 4718 1215 4773 in
1246 4720 1539 4789 postremis
1577 4721 1738 4776 annis
1763 4720 1821 4777 S.
1851 4722 1954 4777 Ba-

418 4805 432 4842 ι
479 4806 515 4843 ι.

382 4803 515 4845 81111.

457 4857 570 4929 (16)
602 4857 858 4929 Πολλῶν
906 4858 1113 4914 αὐτοῦ.
1168 4856 1261 4915 Sic
1312 4867 1425 4915 tres
1485 4859 1646 4915 iidem
1708 4861 1951 4919 codices.

382 4925 527 4983 Editi
550 4925 775 4982 ’πολλῶν
804 4928 989 4982 αὐτόν.

457 4997 572 5071 (17)
618 4998 923 5071 Ἀρματίῳ.
958 4997 1077 5053 Νοη
1128 4999 1325 5070 legitur
1356 4998 1435 5070 τῷ
1470 4999 1691 5071 μεγάλῳ
1720 5001 1777 5056 in
1810 5017 1953 5057 non-

383 5069 555 5124 nullis
594 5069 883 5121 codicibus
922 5084 1057 5123 mss.
1094 5069 1512 5125 recentioribus.

455 5138 585 5212 (18)_
617 5137 761 5212 Τοίίς
788 5138 857 5212 ἐν
882 5139 1107 5212 ᾐλυςίᾳ.
1141 5139 1331 5212 Nullus
1368 5139 1560 5212 dubito
1602 5141 1732 5211 quin
1765 5142 1953 5212 legen-

383 5207 513 5281 dum
541 5208 615 5281 sit
644 5209 758 5271 τοῖς
784 5210 841 5260 ὲν
870 5208 1074 5281 ἡλικίᾳ,
1117 5209 1549 5265 adolescentibus.
1592 5207 1952 5268 Combeli'sius

383 5278 672 5352 [egentium
709 5278 1039 5352 pittat_vémv
1085 5281 1347 5352 πατέρας,
1390 5281 1639 5352 juvenum
1686 5294 1949 5350 parentes.

388 5346 498 5420 Sed
522 5348 614 5420 _vir_
642 5346 835 5420 doctus
874 5348 1017 5420 idem
1053 5346 1331 5405 commisit
1366 5346 1429 5405 ac
1460 5346 1755 5420 interpres,
1777 5360 1837 5405 ut
1867 5353 1952 5408 his

385 5416 569 5489 verbis
600 5416 867 5489 svjpuxtqt
892 5416 1626 5489 adolescentiam.designari
1652 5437 1762 5475 non
1794 5422 1953 5476 intel-

388 5485 599 5562 l_ige_ret.
657 5485 1023 5562 sequentibus
1079 5497 1259 5545 autem
1308 5485 1496 5546 verbis
1537 5493 1661 5555 τοὺς
1693 5491 1953 5562 γέροντας

387 5555 578 5631 ήμᾶςκ
607 5570 700 5631 n_o_s
728 5559 1005 5631 _se_uiores.
1056 5574 1163 5631 non
1216 5569 1450 5621 mtatem,
1508 5562 1602 5615 sed
1632 5555 1952 5631 dignitatem

388 5623 683 5680 sacerdotii
727 5625 961 5681 indicari
994 5623 1284 5695 existimo.
1333 5631 1407 5684 ita
1447 5638 1507 5685 ut
1542 5623 1947 5688 idem'valcaut

388 5708 453 5747 ac
491 5710 585 5747 nos
624 5695 969 5762 oresbyteros.

2427 4337 2676 4407 Μαξίμῳ
2705 4336 2817 4408 (25)
2849 4334 3252 4406 σχολαστικῷ.

2135 4450 2451 4521 Ἀνήγγειλέ
2487 4468 2578 4522 μοι
2605 4451 2634 4503 ὁ
2663 4450 2825 4514 καλὸς
2869 4451 2964 4504 καὶ
2997 4450 3203 4520 ἀγαθὸς
3233 4449 3530 4514 Θεότεκνκ
3558 4448 3621 4503 τὰ

2128 4578 2239 4649 (19)
2280 4577 2573 4649 Νομίζειν,
2614 4576 2769 4632 Harl.
2800 4584 2855 4632 et
2880 4576 3019 4632 Med.
3042 4577 3303 4649 νομίζων.
3351 4577 3495 4649 llluu
3529 4592 3622 4649 au-

2053 4647 2162 4703 tem
2200 4647 2441 4719 νομιζειν
2477 4648 2668 4702 eodem
2711 4649 2874 4719 modo
2907 4647 3339 4719 intelligendum.
3382 4662 3449 4700 ac
3484 4647 3617 4700 intra

2098 4720 2130 4791 ὴ
2162 4717 2555 4791 δυσχεραίνειν,
2587 4717 2987 4791 vel__referentlo
3021 4718 3086 4770 ad
3117 4719 3370 4791 superius
3400 4719 3615 4791 verbum

2092 4785 2340 4859 ξὶοῦμεν,
2366 4789 2447 4842 vel
2474 4788 2853 4843 subaudiendo
2884 4789 3009 4859 χρή,
3041 4794 3102 4841 ut
3126 4785 3462 4858 in’pluribus
3482 4785 3616 4857 apud

2053 4860 2314 4913 Busilium
2349 4859 2509 4911 locis.

2124 4930 2236 4997 (10)
2268 4928 2407 4997 Περὶ
2453 4928 2669 4982 πάντα.
2721 4926 2970 4997 Quinque
3019 4926 3237 4982 codices
3282 4928 3615 4997 recentiores

2052 4995 2257 5055 habent
2288 4995 2417 5070 περ).
2446 5000 2673 5070 πάντας,
2705 5006 2760 5052 et
2807 4995 3130 5070 paulopost
3166 4999 3474 5069 ἐπιτρέψει.
3517 4995 3615 5051 Sed

2053 5068 2406 5124 vetustissimi
2446 5069 2665 5124 codices
2702 5084 2825 5122 cum
2861 5068 3023 5122 editis
3055 5068 3407 5122 consentiunt

2124 5140 2238 5210 (2t)
2282 5137 2626 5210 ‘Attydqsm.
2668 5136 2742 5191 Ita
2771 5147 2887 5210 tres
2911 5139 3285 5210 vetustissimi
3317 5139 3537 5193 codices
3565 5143 3616 5190 et

2054 5207 2145 5280 alii
2175 5209 2445 5264 nonnulli.
2498 5207 2726 5280 Legitur
2757 5208 3032 5280 ἀτιμάσῃς
3070 5208 3124 5261 in
3157 5207 3328 5277 Regio
3362 5210 3539 5280 primo
3565 5214 3616 5259 et

2053 5278 2230 5347 Bigot.
2261 5280 2453 5334 altero.
2495 5278 2636 5331 Editi
2664 5278 2972 5347 άτιμάσοις.

2127 5344 2243 5417 (22)
2279 5348 2411 5403 Οἳ...
2446 5348 2693 5402 οἴονται.
2738 5344 2811 5399 Ita
2842 5348 3011 5403 Coisl.
3044 5348 3275 5416 primus.
3310 5348 3398 5401 cui
3438 5344 3615 5417 favent

2054 5415 2230 5483 ΗΜ,
2266 5419 2431 5479 Med..
2458 5420 2591 5487 Reg.
2627 5418 2904 5472 secundus
2938 5428 2991 5471 et
3023 5415 3190 5471 Coisl.
3229 5417 3527 5487 secundus.
3562 5415 3611 5487 in

2053 5490 2255 5559 quibus
2287 5488 2485 5559 legitur
2510 5484 2731 5541 οἴονται.
2772 5487 2916 5542 Editi
2950 5487 3054 5558 ἢ...
3084 5489 3272 5541 οἴεται.
3300 5487 3419 5541 Mox
3448 5484 3610 5538 Coisl.

2053 5558 2263 5630 primus
2294 5558 2616 5630 περιχαρής,
2650 5558 2701 5612 id
2736 5567 2840 5620 cst.
2885 5560 3053 5630 laetus
3068 5560 3283 5610 nuntius

2126 5628 2239 5700 (25)
2274 5624 2523 5700 Μάξίλιῴ
2552 5624 2963 5700 σχολαστικῷ.
2999 5626 3092 5682 Sic
3118 5628 3417 5700 reperimus
3444 5624 3499 5700 in
3523 5637 3609 5700 sex

2058 5692 2335 5755 veteribus
2359 5692 2533 5767 libris,
2555 5692 2750 5768 nempe
2772 5692 2939 5756 Coisl.
2976 5692 3230 5768 utroque,
3253 5697 3425 5761 llarl..
3450 5692 3608 5755 Μαι,
