3878 6222
191 249 329 305 1015

1016 248 1514 308 EPISTOLARUM
1550 249 1838 307 CLASSIS
1874 250 1955 308 li.’
1984 252 2204 311 EPIST.
2243 253 2588 313 CCLXXVII.

3292 254 3429 312 1014

188 361 316 434 περὶ
351 361 452 430 τῆς
501 361 826 434 σεμνότητός
860 380 976 429 σου,
1020 366 1115 419 καὶ
1144 365 1430 436 ἐνεποίησέ
1473 381 1566 437 μοι
1594 363 1794 438 ειιιόθον⁴

1889 368 1931 422 ιιι
1965 378 2112 426 tuam
2140 372 2459 444 gravitatem
2490 368 3036 443 spectant,‘mibique
3060 366 3257 440 injecit
3278 370 3426 426 desi-

187 453 287 523 τῆς
345 456 443 525 σῆς
492 454 798 525 συντυχίας,
850 453 1098 527 ἐναργῶς
1144 456 1253 526 (24)
1302 455 1635 527 ὑπογράφων
1686 453 1763 525 τῷ

186 543 334 617 λόγῳ
369 547 468 618 τῆς
511 547 691 619 ψυχῆς
726 565 820 601 σου
853 548 944 601 τὸν
979 548 1334 620 χαρακτῆρα’
1389 547 1485 602 καὶ
1516 545 1764 601 τοσοῦτον

189 636 454 700 ἐξέκαυσε
492 654 581 708 μοι
612 637 673 691 τὸ
718 638 848 710 περὶ
879 638 938 691 σὲ
986 639 1224 710 φίλτρον,
1258 637 1409 701 ὥστ’,
1453 638 1502 690 εἰ
1541 636 1652 708 (25)
1690 636 1765 709 μὴ

188 730 287 782 καὶ
310 729 391 799 τῷ
420 731 567 801 γήρα
593 728 958 801 ἑϐαρυνόμην,
989 731 1085 784 καὶ
1106 733 1172 802 τῇ
1209 730 1490 801 συντρόφῳ
1518 728 1768 799 κατειχό-

192 836 303 891 μην
336 821 606 894 ἀσθενείᾳ,
660 822 755 876 καὶ
796 821 1021 893 μυρίαις
1066 824 1188 886 ταῖς
1229 820 1370 875 κατὰ
1401 821 1500 892 τὴν
1539 820 1768 891 Ἐκκλη-

193 912 317 965 σίαν
352 913 627 985 φροντίσιν
655 914 803 985 ήμην
837 913 1234 984 πεπεδημένος,
1260 911 1414 967 οὐδὲν
1439 911 1505 965 ἄν
1537 926 1603 983 με
1639 928 1770 965 κατ-

192 1004 355 1078 ἐσχεν
401 1007 562 1060 αὐτὸν
593 1007 845 1076 γενέσθαι
887 1005 1038 1080 παρὰ
1071 1008 1152 1060 σέ.
1192 1007 1304 1059 Καὶ
1330 1003 1439 1076 γάρ
1484 1004 1545 1058 οὐ
1576 1003 1770 1075 μικρὸν

192 1097 274 1168 τῷ
303 1098 415 1152 ὄντι
445 1099 655 1173 κέρδος,
684 1098 744 1164 ἐξ
772 1099 947 1163 οἰκίας
981 1098 1224 1169 μεγάλης
1254 1096 1350 1149 καὶ
1396 1095 1586 1164 γένους
1618 1112 1772 1166 περι-

196 1190 402 1258 φανοῦς
431 1191 568 1263 πρὸς
595 1192 685 1245 τὸν
716 1189 1071 1260 εὐαγγελικδν
1105 1188 1219 1260 (26)
1257 1189 1601 1259 μεταστάντα
1636 1187 1768 1257 βίον,

194 1281 496 1353 χαλινῶσαι
532 1283 630 1353 μὲν
663 1284 907 1356 λογισμῷ
929 1285 1029 1357 τὴν
1061 1284 1307 1355 νεότητα,
1335 1282 1405 1335 τὰ
1428 1282 1486 1336 δὲ
1516 1282 1614 1353 τῆς
1643 1298 1773 1351 σαρ-

195 1375 295 1438 κὸς
323 1375 470 1448 πάθη
503 1376 664 1431 δοῦλα
692 1378 771 1449 τῷ
807 1378 951 1449 λόγῳ
985 1378 1095 1449 (27)
1129 1377 1383 1447 ποιῆσαι·
1416 1390 1774 1445 ταπεινοφρο-

196 1467 337 1540 σύνῃ
369 1466 426 1521 δὲ
455 1469 780 1539 κεχρῆσθαι,
806 1473 873 1541 τῇ
910 1468 1234 1541 ὀφειλομένη
1274 1466 1605 1538 Χριστιανῷ,
1642 1482 1775 1536 φρο-

195 1558 379 1611 νοῦντι
412 1561 540 1631 περὶ
564 1559 781 1625 ἑαυτοῦ,
814 1555 902 1613 οἷα
929 1561 1098 1624 εἰκὸς,
1133 1559 1256 1613 ὅθεν
1283 1557 1405 1626 ἔφυ.
1455 1557 1548 1609 καὶ
1580 1550 1635 1609 οἵ
1662 1555 1772 1627 (28)

195 1649 514 1720 πορεύεται.
560 1650 627 1703 Ἦ
651 1650 761 1722 γὰρ
790 1651 889 1722 τῆς
934 1651 1148 1720 φύσεως
1194 1649 1372 1702 ἔννοια
1418 1645 1771 1700 καταστέλλει

1866 461 2080 517 derium
2113 465 2192 519 tui
2230 479 2593 536 congressus,
2634 463 2785 518 clare
2838 461 3138 534 depingens
3182 460 3433 519 oratione

1868 554 2039 608 animi
2071 555 2152 610 tui
2180 548 2445 628 efﬁgiem;
2498 570 2563 610 ac
2590 563 2800 609 tantum
2842 552 2900 608 in
2935 568 3024 608 me
3066 551 3149 607 tui
3190 566 3430 607 amorem

1866 644 2111 701 incendit
2130 655 2211 712 ut,
2246 647 2356 704 nisi
2384 654 2439 701 et
2468 647 2624 702 senio
2660 659 2941 717 gravarer,
2982 651 3038 699 et
3069 657 3282 715 mecum
3330 658 3436 697 nu-

1868 738 1999 794 trita
2038 740 2313 797 detinerer
2359 738 2699 802 inﬁrmitate,
2733 744 2790 793 et
2833 734 3141 792 innumeris
3178 734 3437 791 Ecclesiae

1869 832 2021 887 curis
2051 833 2386 888 constrictus
2414 846 2617 895 essem,
2646 830 2785 885 nihil
2813 828 3083 885 remorari
3112 843 3201 883 me
3225 834 3434 898 posset,

1869 924 2165 995 quominus
2202 932 2254 979 te
2293 924 2663 979 convenirem.
2697 920 2884 993 Neque
2916 921 3060 976 enim
3091 934 3320 991 parvum
3350 932 3440 973 re-

1869 1029 1998 1069 vera
2023 1014 2238 1069 lucrum
2265 1021 2372 1078 est,
2395 1029 2462 1068 ex
2498 1013 2679 1084 ampla
2703 1011 2910 1067 familia
2940 1019 2995 1068 et
3015 1009 3215 1067 illustri
3242 1024 3441 1080 genere

1871 1105 1939 1160 ad
1970 1106 2338 1177 evangelicam
2364 1105 2694 1160 translatum
2713 1104 2904 1169 vitam,
2929 1103 3208 1159 refrenare
3229 1101 3442 1157 ratione

1868 1194 2210 1264 iuventutem
2236 1234 2253 1259 ,
2289 1194 2583 1264 carnisque
2617 1194 2874 1250 libidines
2916 1194 3151 1249 rationis
3205 1192 3437 1263 imperio

1873 1286 2163 1355 subjicere,
2215 1292 2270 1341 et
2315 1285 2680 1340 humilitatem
2727 1285 2979 1355 amplecti
3012 1290 3439 1339 consentaneam

1872 1375 2209 1439 Christiano,
2238 1376 2308 1431 de
2338 1376 2541 1447 seipso,
2565 1383 2625 1430 ut
2655 1390 2754 1446 par
2774 1383 2880 1441 est,
2907 1376 3053 1432 unde
3083 1376 3292 1431 scilicet
3314 1389 3443 1445 pro-

1873 1467 2055 1532 dierit,
2086 1475 2140 1523 et
2173 1484 2285 1539 quo
2319 1468 2569 1525 abiturus
2607 1470 2699 1536 sit,
2733 1468 3013 1524 sentienti.
3054 1466 3193 1522 Nam
3232 1473 3447 1522 natura:

1873 1561 2241 1615 consideratio
2283 1562 2533 1632 reprimit
2573 1562 2742 1617 animi
2788 1569 3081 1625 tumorem,
3127 1569 3182 1617 et
3227 1575 3445 1616 omnem

1871 1648 2191 1719 iactantiam
2245 1666 2308 1705 ac
2363 1652 2766 1707 contumaciam
2819 1652 3176 1717 exterminat;
3223 1665 3287 1705 ac
3336 1664 3448 1705 uno

199 1738 304 1808 μὲν
332 1738 434 1809 τῆς
467 1739 645 1811 ψυχῆς
672 1742 734 1794 τὸ
763 1741 1114 1811 φλεγμαῖνον,
1147 1737 1464 1801 ἀλαζονείαν
1501 1736 1560 1789 δὲ
1593 1738 1777 1790 πᾶσαν.

1889 1741 2075 1809 verbo,
2126 1741 2458 1813 discipulum
2504 1743 2794 1798 constituit
2837 1742 3085 1810 Domini,
3132 1743 3224 1813 qui
3273 1741 3445 1797 dixit:

195 1830 296 1882 καὶ
329 1830 617 1885 αὐθάδειαν
643 1830 953 1905 ὑπερορίζει
974 1847 989 1864 ⁸
1023 1833 1116 1885 καὶ
1144 1830 1205 1884 τὸ
1234 1830 1373 1895 ὅλον,
1409 1828 1659 1902 μαθητὴν
1680 1828 1775 1883 τοῦ

195 1920 409 1991 Κυρίου
441 1921 745 1993 καθίστησι,
772 1923 865 1977 τοῦ
894 1924 1136 1988 εἰπόντος
1158 1941 1173 1956 ·
1204 1924 1435 1978 Μάθετε-
1470 1921 1573 1978 ἀπ’
1603 1923 1771 1992 ἐμοῦ,

195 2011 289 2066 ὅτι
326 2012 515 2082 πρᾶός
557 2017 674 2084 εἰμι
714 2017 809 2070 καί
840 2016 1121 2083 ταπεινὸς
1148 2015 1224 2085 τῇ
1269 2015 1501 2083 καρδίᾳ.
1542 2015 1635 2086 Τῷ
1663 2014 1777 2068 ὄντι

196 2103 334 2173 γὰρ,
379 2102 599 2171 φίλτατε
663 2105 886 2167 παίδων,
949 2107 1107 2177 μόνον
1166 2105 1629 2178 περισπούδαστον
1682 2104 1778 2158 καὶ

197 2195 487 2247 ἐπαινετὸν
511 2195 570 2247 τὺ
600 2184 820 2267 διαρκὲς
848 2195 1071 2265 ἀγαθόν.
1106 2197 1275 2249 Τοῦτο
1302 2195 1359 2249 δέ
1387 2197 1532 2248 ἐστιν
1560 2198 1594 2266 ὴ
1628 2194 1779 2266 παρὰ

196 2285 339 2339 Θεοῦ
371 2287 525 2358 τιμή.
553 2285 633 2340 Τά
663 2286 719 2340 δὲ
740 2286 1054 2359 ἀνθρώπινα
1074 2288 1247 2341 ταῦτα
1278 2289 1434 2350 σκιᾶς
1464 2289 1611 2339 ἐστιν
1640 2287 1781 2356 ἀμυ-

196 2376 452 2448 δρότερα,
488 2379 581 2431 καὶ
626 2380 848 2451 ὀνείρων
881 2379 1280 2451 ἀπατηλότερα.
1313 2379 1389 2432 ’Ἢ
1421 2396 1481 2433 τε
1514 2378 1622 2451 γὰρ
1664 2377 1781 2431 νεό-

196 2486 303 2539 της
329 2468 438 2522 τῶν
468 2464 670 2541 ἤρινῶν
700 2471 905 2525 ἀνθέων
940 2471 1190 2543 ὀξύτερον
1224 2473 1507 2543 καταρρεῖ,
1536 2473 1629 2525 καὶ
1662 2469 1781 2542 ὥρα

201 2563 460 2633 σώματος
487 2563 520 2634 ἦ
550 2563 693 2634 νόσῳ
723 2564 758 2635 ἢ
793 2563 971 2635 χρόνῳ
1002 2565 1471 2636 καταμαραίνεται
1503 2563 1636 2635 (29).
1671 2564 1782 2617 Καὶ

200 2654 438 2718 πλοῦτος
472 2655 571 2725 μὲν
609 2656 853 2718 ἄπιστος.
890 2654 1022 2719 δόξα
1049 2654 1107 2708 δὲ
1144 2653 1589 2725 εὐπερίτρεπτος.
1624 2653 1694 2704 Αἵ
1722 2668 1781 2704 τε

200 2744 337 2816 περὶ
364 2746 463 2807 τὰς
494 2744 686 2815 τέχνας
713 2745 1055 2816 διαπονήσεις
1083 2743 1161 2815 τῷ
1191 2743 1368 2815 χρόνῳ
1382 2741 1554 2814 τούτῳ
1576 2759 1781 2796 συναπ-

190 2836 539 2908 -αρτίζονται,
605 2834 768 2888 Ἀλλὰ
815 2835 910 2889 καὶ
935 2834 995 2888 τὸ
1040 2834 1508 2906 περισπούδαστον
1551 2832 1776 2897 ἅπασιν,

200 2929 253 2981 οἱ
289 2926 439 3000 λόγοι
470 2927 596 2998 ἄχρι
634 2927 735 2997 τῆς
777 2928 946 2998 ἀκοῆς
988 2926 1143 2999 χάριν
1171 2925 1405 2997 ἔχουσιν.
1451 2926 1677 2996 Ἀρετῆς
1723 2924 1782 2977 δὲ

205 3016 448 3087 ἄσκησις
500 3017 679 3087 τίμιον
726 3016 825 3086 μὲν
870 3016 1057 3087 κτῆμα
1095 3014 1175 3087 τῷ
1225 3015 1420 3086 ἔχοντι,
1466 3016 1681 3087 ¹ἥδιστον
1726 3014 1783 3068 δὲ

202 3105 501 3177 θεαμάτων
545 3105 661 3177 (30)
705 3108 819 3170 τοῖς
872 3107 1303 3177 ἐντυγχάνουσιν.
1354 3102 1456 3159 Ὦν
1495 3104 1784 3177 ἐπιμελού-

206 3215 393 3270 μενος,
443 3196 590 3263 ἄξιον
625 3198 849 3252 σεαυτὸν
894 3199 1255 3269 καταστήσεις
1292 3196 1398 3251 τῶν
1444 3198 1501 3250 ὲν
1546 3198 1783 3266 ἐπαγγε-

204 3290 356 3355 λίαις
401 3292 777 3362 ἀποκειμένων
808 3290 957 3362 παρὰ
987 3291 1080 3344 τοῦ
1128 3292 1333 3362 Κυρίου
1370 3290 1611 3360 ἀγαθῶν.
1666 3289 1783 3343 Τίνι

204 3383 254 3437 δ’
293 3383 361 3436 ἂν
405 3382 590 3454 τρόπῳ
624 3382 796 3446 ἔλθοις
843 3382 979 3453 πρὸς
1012 3381 1110 3453 τὴν
1151 3382 1260 3435 τῶν
1296 3382 1475 3435 καλῶν
1520 3380 1785 3452 ἀνάληψιν

205 3474 308 3527 καὶ
340 3475 488 3537 ὅπως
519 3473 586 3527 ἂν
616 3473 685 3527 τὰ
726 3472 994 3545 κτηθέντα
1030 3470 1320 3526 διασώσαιο
1347 3471 1480 3543 (51).
1517 3470 1786 3542 μακρότε-

212 3585 311 3639 ρον
343 3568 516 3620 εἰπεῖν
548 3566 581 3637 ἢ
635 3566 776 3620 κατὰ
802 3566 900 3636 τὴν
930 3565 1213 3638 παροῦσαν
1243 3564 1417 3636 ὁρμὴν
1458 3562 1553 3617 τοῦ
1598 3563 1783 3632 λόγου.

219 3658 461 3729 Ἐπῆλθε
499 3658 543 3711 δ’
573 3654 666 3711 οὖν
695 3659 819 3728 ἐμοὶ
845 3657 938 3710 καὶ
968 3657 1107 3712 αὐτὰ
1150 3656 1325 3710 ταῦτά
1354 3654 1464 3724 (52)
1501 3672 1580 3708 σοι
1618 3670 1788 3725 προσ-

208 3746 573 3819 φυεγξασθαι,
605 3745 663 3812 ἐξ
709 3740 783 3799 ὧν
817 3746 1027 3818 ηκουσα
1075 3745 1227 3817 παρὰ
1255 3744 1348 3798 τοῦ
1383 3742 1617 3813 ἀδελφοῦ
1661 3742 1789 3795 Θεο-

207 3839 410 3894 τέκνου
433 3855 449 3869 ’
475 3837 532 3891 ὃν
570 3838 799 3891 πάντοτε
835 3836 931 3906 μὲν
954 3834 1183 3907 εὔχομαι
1217 3834 1519 3905 ἀληθεύειν,
1553 3831 1787 3903 μάλιστα

208 3930 270 3987 δὲ
303 3933 362 3991 ἐν
403 3931 516 3992 τοῖς
546 3927 675 3999 περὶ
717 3925 811 3979 σοῦ
840 3925 1040 3994 λόγοις,
1071 3924 1160 3979 ἵνα
1188 3924 1350 3977 πλέον
1378 3920 1667 3993 δοξάζηται
1696 3912 1789 3975 ε’πὶ

212 4020 302 4075 σοὶ
330 4022 359 4073 ὁ
388 4018 612 4091 Κύριος,
640 4017 747 4071 ἀπὸ
769 4016 926 4087 ῥίζης
951 4014 1235 4085 ἀλλοτρίας
1261 4016 1373 4078 τοῖς
1405 4012 1788 4085 πολυτιμήτοις

211 4113 452 4185 καρποῖς
475 4110 572 4180 τῆς
604 4108 884 4169 εὐσεϐείας
921 4106 1158 4177 βρύοντι.

285 4265 335 4296 ⁸³
359 4261 555 4317 Matth.
585 4278 663 4327 ιι,
701 4260 792 4317 29.

1874 1830 2075 1887 Discite
2106 1848 2138 1885 a
2164 1849 2251 1887 me
2276 1835 2401 1902 quia
2433 1834 2574 1888 mitis
2598 1851 2715 1888 sum
2745 1846 2795 1888 et
2826 1834 3049 1889 humilis
3071 1833 3224 1888 corde
3249 1833 3313 1887 δ’.
3338 1832 3450 1889 Re-

1874 1939 2006 1980 vera
2036 1925 2205 1992 enim,
2251 1924 2325 1979 {ili
2374 1926 2722 1992 charissime,
2755 1943 2924 1981 unum
2954 1934 3038 1981 est
3088 1924 3451 1996 expetendum

1876 2022 1932 2070 et
1972 2015 2259 2079 laudabile,
2309 2025 2573 2072 aeternum
2623 2017 2875 2085 bonum;
2924 2016 3086 2089 422
3133 2016 3236 2071 hoc
3269 2022 3449 2071 autem

1878 2115 1982 2168 cst,
2022 2105 2078 2159 in
2120 2107 2296 2175 pretio
2330 2114 2385 2162 et
2422 2107 2633 2164 honore
2670 2124 2795 2164 esse
2830 2108 2972 2178 apud
3014 2107 3203 2161 Deum.
3248 2108 3318 2160 At
3348 2105 3453 2160 bu-

1880 2210 2040 2251 mana
2069 2197 2186 2252 haec
2230 2199 2484 2253 tenuiora
2515 2206 2645 2254 sunt
2683 2184 2901 2263 umbra,
2942 2205 2996 2253 et
3040 2196 3268 2252 somniis
3299 2195 3454 2250 falla-

1880 2289 2049 2343 ciora.
2076 2287 2347 2345 Iuventus
2381 2291 2526 2346 enim
2566 2292 2753 2346 vernis
2784 2290 3013 2345 ﬂoribus
3042 2289 3207 2343 citius
3239 2285 3450 2351 deﬂuit,

1879 2384 1935 2434 et
1973 2380 2227 2449 corporis
2258 2389 2521 2435 venustas
2554 2389 2649 2435 aut
2677 2380 2871 2434 morbo
2904 2386 2999 2431 aut
3038 2384 3285 2446 tempore
3325 2374 3456 2429 ﬂac-

1880 2469 2068 2523 cescit.
2099 2469 2279 2539 Atque
2329 2469 2536 2525 divitiae
2577 2470 2795 2541 quidem
2850 2468 3031 2524 inﬁda:
3063 2474 3192 2523 sunt
3228 2485 3241 2521 :
3281 2466 3454 2537 gloria

1880 2575 2014 2615 vero
2039 2559 2196 2616 facile
2224 2562 2528 2618 mutabilis.
2561 2562 2682 2633 Ipsa
2711 2562 2877 2618 etiam
2910 2562 3111 2616 artium
3140 2558 3324 2616 studia
3350 2558 3458 2612 bu~

1878 2651 1971 2720 jus
2003 2652 2103 2706 avi
2132 2650 2332 2708 ﬁnibus
2364 2652 2736 2709 continentur.
2767 2651 2875 2709 Sed
2904 2660 2959 2708 et
2981 2650 3459 2724 eloquentia,.qua3

1883 2742 2066 2798 studio
2112 2742 2277 2814 digna
2310 2744 2567 2800 omnibus
2596 2745 2835 2810 videtur,
2868 2744 3094 2798 auribus
3142 2752 3300 2797 tenus
3332 2756 3458 2811 gra-

1882 2835 2015 2888 tiam
2054 2835 2281 2889 obtinet.
2317 2833 2425 2891 Sed
2471 2835 2692 2891 virtutis
2737 2836 3057 2891 exercitatio
3102 2834 3342 2905 pretiosa
3372 2840 3460 2889 est

1886 2926 2103 2981 habenti
2134 2927 2434 2996 possessio,
2484 2928 2859 2997 spectaculum
2905 2926 3322 2982 occurrentibus
3367 2923 3459 2994 ju-

1884 3017 2306 3073 cundissimum.
2341 3015 2437 3073 His
2472 3018 2717 3073 studium
2747 3018 3092 3089 impendens,
3119 3017 3344 3089 dignum
3376 3023 3459 3071 te-

1891 3108 2083 3179 ipsum
2104 3108 2395 3179 praestabis
2430 3110 2721 3179 promissis
2752 3125 2782 3164 a
2811 3109 3043 3164 Domino
3070 3110 3253 3167 bonis.
3288 3108 3461 3164 Caete-

1889 3215 2012 3254 rum
2042 3201 2317 3270 quomodo
2352 3200 2421 3255 ad
2460 3201 2788 3272 Optimarum
2823 3217 3005 3257 rerum
3042 3201 3461 3272 acquisitionem

1890 3292 2189 3364 pertingas,
2211 3302 2263 3347 et
2285 3293 2560 3363 quomodo
2578 3294 2883 3363 acquisitas
2905 3308 3220 3356 conserves,
3244 3292 3461 3362 longius

1890 3390 1975 3437 est
1998 3382 2203 3447 dicere,
2233 3399 2397 3454 quam
2428 3399 2528 3456 pro
2571 3384 2825 3454 praesenti
2873 3385 3143 3440 sermonis
3170 3384 3459 3437 instituto:

1892 3476 1988 3530 sed
2019 3483 2200 3529 tamen
2232 3476 2382 3531 venit
2416 3478 2566 3537 .milii
2607 3479 2664 3531 in
2718 3491 2974 3541 mentem,
3024 3476 3139 3530 haec
3190 3475 3307 3544 ipsa
3358 3474 3462 3528 tibi

1892 3564 2094 3627 dicere,
2118 3563 2189 3618 ob
2217 3579 2282 3619 ea
2307 3579 2428 3635 qum
2449 3580 2480 3618 a
2510 3564 2682 3619 fratre
2706 3564 3017 3619 Theotecno
3046 3562 3229 3616 audivi
3254 3579 3270 3628 ;
3298 3576 3462 3630 quem

1894 3669 2108 3724 semper
2128 3656 2347 3726 quidem
2382 3656 2615 3725 optarim
2640 3669 2830 3710 verum
2861 3654 3033 3724 loqui,
3066 3653 3301 3707 maxime
3327 3666 3458 3706 vero

1892 3761 2017 3801 cum
2047 3746 2115 3802 de
2140 3754 2193 3801 te
2221 3761 2528 3801 sermonem
2561 3745 2743 3809 habet,
2775 3754 2836 3801 ut
2868 3745 3093 3800 uberius
3119 3742 3456 3815 gloriﬁcetur

1895 3836 1951 3891 in
1982 3844 2034 3891 te
2067 3834 2353 3901 Dominus,
2391 3834 2807 3907 pretiosissimis
2839 3835 3057 3908 pietatis
3083 3834 3352 3903 fructibus
3388 3847 3457 3889 ex

1896 3925 2080 3982 radice
2117 3927 2295 3982 aliena
2327 3924 2647 3981 abundanti.

211 4418 355 4489 Vat.
384 4427 440 4474 et
472 4417 615 4489 Reg.
656 4417 923 4489 secundo.
968 4414 1174 4489 Regius
1221 4415 1431 4485 primus
1454 4412 1687 4489 _et_editi_
1712 4411 1792 4485 τῷ
1821 4431 1866 4489 ι)
1894 4415 2116 4489 codices
2142 4421 2197 4470 et
2222 4413 2359 4485 Reg.
2391 4413 2756 4489 se_cundus__ut
2776 4413 2835 4489 _in
2855 4420 3037 4489 textu.

212 4488 393 4559 αὐτῷ.
433 4488 489 4542 id
534 4483 638 4553 est,
695 4487 934 4559 Maximo
980 4483 1325 4559 philosopho,
1380 4486 1479 4559 cui
1520 4483 1790 4559 inscripta

212 4554 598 4629 erat'epistola
623 4558 759 4614 alias
788 4556 880 4617 41,
918 4554 1080 4612 istam
1116 4554 1431 4625 przecedens
1468 4556 1523 4609 in
1564 4554 1794 4623 antiquo

211 4629 531 4683 litterarum
559 4629 768 4683 ordine.
801 4626 1108 4683 Utrumque
1132 4625 1422 4679 Maximum
1452 4624 1798 4683 distinguen-

213 4638 531 4683 litterarum
559 4638 768 4683 ordine.
807 4638 1108 4693 Utrumque
1132 4638 1422 4679 Manmum
1452 4638 1766 4696 msunguen

213 4698 515 4778 dum_es§e
546 4697 864 4778 ostendetur
889 4699 944 4751 in
983 4695 1105 4749 Vita
1138 4694 1206 4778 8.Δ
1229 4695 1489 4778 Basilii.“
1647 4761 1675 4775 υ

289 4768 409 4838 (24)
460 4767 776 4838 Ἐναργῶς.
801 4767 892 4820 Sic
922 4781 1053 4838 mss.
1092 4764 1493 4838 septem._Editi
1528 4764 1736 4838 σαφῶς.

454 4832 780 4909 Ἑξέὶιρυσέ
803 4855 972 4909 μοι...
1003 4832 1171 4909 ὥστ’,
1201 4838 1273 4890 εί.
1292 4832 1525 4909 _Sic_t_res
1544 4832 1803 4909 vetustis-

215 4903 773 4981 simi_codices._Editi
799 4903 1057 4981 ἐξέκαυσε
1083 4920 1253 4981 μρυ...
1275 4905 1370 4981 ᾡς.
1396 4903 1609 4981 Habent
1630 4904 1793 4957 etiam

213 4978 394 5033 Coisl.
428 4977 700 5033 secundus
725 4984 779 5032 et
808 4976 947 5047 Reg.
972 4972 1248 5047 secundus
1278 4972 1542 5047 ἐξέκαυσε
1572 4990 1683 5043 μοι.

292 5046 411 5117 (26)
458 5042 914 5117 Ιζὺαγγελικόνῖ
934 5046 1020 5117 ita
1046 5042 1249 5117 __llarl.,
1291 5044 1478 5117 _Coisl.
1539 5042 1791 5112 uterque,

214 5113 603 5195 Med._:et_i}eg
625 5113 949 5195 :secu_ndu_s_.
981 5113 1139 5195 Edit
1155 5114 1459 5195 άγγελικρνι

561 5183 738 5268 λόγω.
774 5188 853 5241 Ita
889 5185 1066 5250 Harl.,
1100 5183 1270 5242 Coisl.
1310 5187 1518 5256 primus
1556 5193 1612 5239 et
1652 5183 1792 5238 Med.

214 5254 475 5328 EdiEifni
498 5254 760 5328 λφγιςιξῷο

296 5325 425 5398 (28),
444 5322 946 5398 Καὶόἷζνοοιιιοηι
973 5327 1291 5398 secundam
1326 5325 1580 5398 addimus
1609 5338 1675 5379 ex
1702 5338 1796 5398 sex

218 5393 367 5453 mss.
392 5393 595 5452 ibidem
619 5397 839 5466 quidam
862 5397 1081 5466 codices
1105 5396 1451 5466 «operias-cat.
1482 5395 1599 5448 Non
1616 5393 1801 5466 multo

218 5413 367 5453 mss.
392 5413 595 5452 Inlaem
658 5413 839 5451 uiuam
862 5413 1081 5453 codices
1105 5413 1451 5466 πορευσεται.
1482 5413 1599 5448 non
1625 5413 1797 5447 ιιιιιιισ

218 5476 352 5539 post
378 5465 509 5523 editi
543 5413 790 5539 pugni-hu
828 5465 920 5519 τοῦ
954 5468 1213 5536 Χριστοῦ.
1248 5465 1386 5520 Tres
1427 5463 1797 5520 vetustissimi

1965 4478 2635 4559 (29)]ςαταμῖιραίνεται.
2664 4483 2815 4559 Harl.
2844 4481 3293 4559 ᾁπομαραίνεται.
3320 4478 3466 4548 Qua.

1965 4504 2079 4559 (αξη
2112 4504 2271 4538 nata
2315 4504 2635 4553 (κραίνεται.
2664 4504 2815 4538 nari.
2844 4504 3293 4554 απομαραινεται.
3320 4504 3322 4515 ν

1893 4566 2023 4614 tuor
2057 4556 2147 4608 alii
2183 4504 2401 4610 cod‘i‘ces
2433 4569 2541 4608 non
2577 4554 2948 4624 antiquissimi
2982 4551 3322 4624 μαραίνεται.

1969 4624 2443 4696 (δοχθεαμᾴτων.
2479 4624 2555 4678 Ita
2580 4621 2756 4696 Harii,
2784 4622 2952 4696 coisl.
2974 4621 3255 4696 priinus‘et
3281 4621 3465 4696 plures

1904 4692 2020 4752 alii.
2065 4692 2200 4749 'Vat.
2220 4692 2567 4765 θαυμάτων,
2588 4693 2955 4765 “miraculum
2992 4692 3460 4765 iucundissimum.

1905 4766 2052 4820 Editi
2087 4765 2288 4836 θέαμα.
2313 4757 2521 4836 Ibidem
2536 4763 2664 4836 editi
2687 4759 2753 4834 ἦς
2778 4757 3219 4836 ἐπιμελούμενος.
3248 4757 3464 4836 Septem

1902 4851 2038 4907 mss.
2081 4828 2230 4907 ut
2264 4840 2436 4889 textu.
2488 4831 2659 4907 P_aulo
2711 4828 3056 4907 post_i_isdeni
3100 4830 3221 4907 [reti
3256 4828 3464 4907 codici-

1902 4906 2006 4960 bus
2029 4905 2363 4958 mutavimus
2391 4901 2538 4973 quod
2562 4910 2680 4957 erat
2714 4899 2958 4973 in_editis
2984 4899 3136 4969 παρὰ
3166 4899 3302 4951 Θεοῦ
3331 4900 3466 4965 άγα-

1904 4974 2032 5037 θῶν,
2060 4974 2121 5027 τὸ
2152 4974 2228 5037 δὲ,
2265 4970 2563 5043 map—av...
2593 4973 2689 5025 καὶ
2717 4970 2853 5033 πῶς.

1975 5037 2471 5115 (51)Αιᾳσώᾳὰιο.
2525 5041 2617 5115 l_ta_
2652 5053 2769 5115 _tr_es
2816 5037 3172 5115 vetustissimi
3221 5037 3461 5094 codices.

1902 5108 2039 5168 Tres
2066 5108 2156 5166 alii
2185 5111 2487 5165 δωσώσοιο.
2523 5110 2666 5165 Editi
2695 5108 2998 5171 διασώσεις.

1974 5182 2086 5254 (52)
2114 5182 2277 5254 Αρτὰ
2307 5181 2512 5254 rgum.
2542 5180 2788 5254 lta_r_nss.
2822 5194 2938 5234 sex.
2959 5175 3266 5254 Faticanu}
3294 5176 3468 5254 co_det

1903 5246 2078 5305 αὐτοῦ’
2097 5250 2288 5305 ταῦτα.
2325 5251 2604 5306 Editiones
2636 5248 2846 5319 Hagen.
2876 5256 2932 5304 et
2957 5247 3126 5303 Basil.
3154 5246 3464 5319 reﬂuum.

1901 5320 2081 5377 Paris.
2122 5322 2298 5391 prima
2325 5322 2391 5374 τὰ
2426 5319 2616 5375 ταῦτα.
2652 5316 2838 5375 Altera
2891 5333 3014 5373 cum
3066 5316 3470 5391 antiquioribus

1901 5395 2192 5448 consentit.
