  <div class='ocr_page' id='page_1' title='image "/cluster/home/n/w/nwhite01/storage/ocr_20150623/32/mdp.39015011915462/521.png"; bbox 0 0 3878 6222; ppageno 0'>
   <div class='ocr_carea' id='block_1_1' title="bbox 422 276 562 335">
    <p class='ocr_par' dir='ltr' id='par_1_1' title="bbox 422 276 562 335">
     <span class='ocr_line' id='line_1_1' title="bbox 422 276 562 335; baseline 0 -2"><span class='ocrx_word' id='word_1_1' title='bbox 422 276 562 335; x_wconf 71' lang='grc'><strong><em>1015</em></strong></span> 
     </span>
    </p>
   </div>
   <div class='ocr_carea' id='block_1_2' title="bbox 830 417 1590 478">
    <p class='ocr_par' dir='ltr' id='par_1_2' title="bbox 830 417 1590 478">
     <span class='ocr_line' id='line_1_2' title="bbox 830 417 1590 478; baseline -0.003 -3"><span class='ocrx_word' id='word_1_2' title='bbox 830 418 1168 478; x_wconf 82' lang='lat' dir='ltr'><strong><em>EPISTOLA</em></strong></span> <span class='ocrx_word' id='word_1_3' title='bbox 1195 417 1590 477; x_wconf 78' lang='lat' dir='ltr'><strong><em>CCLXXVIII&#39;.</em></strong></span> 
     </span>
    </p>
   </div>
   <div class='ocr_carea' id='block_1_3' title="bbox 1719 272 2323 336">
    <p class='ocr_par' dir='ltr' id='par_1_3' title="bbox 1719 272 2323 336">
     <span class='ocr_line' id='line_1_3' title="bbox 1719 272 2323 336; baseline -0.003 -1"><span class='ocrx_word' id='word_1_4' title='bbox 1719 279 1775 335; x_wconf 88' lang='lat' dir='ltr'><strong><em>S.</em></strong></span> <span class='ocrx_word' id='word_1_5' title='bbox 1818 276 2060 336; x_wconf 79' lang='lat' dir='ltr'><strong><em>BASlLll</em></strong></span> <span class='ocrx_word' id='word_1_6' title='bbox 2090 272 2323 335; x_wconf 47' lang='lat' dir='ltr'><strong><em>MAGNI&#39;</em></strong></span> 
     </span>
    </p>
   </div>
   <div class='ocr_carea' id='block_1_4' title="bbox 3525 272 3642 329">
    <p class='ocr_par' dir='ltr' id='par_1_4' title="bbox 3525 272 3642 329">
     <span class='ocr_line' id='line_1_4' title="bbox 3525 272 3642 329; baseline 0.017 -2"><span class='ocrx_word' id='word_1_7' title='bbox 3525 272 3642 329; x_wconf 73' lang='grc' dir='ltr'>ιοιε</span> 
     </span>
    </p>
   </div>
   <div class='ocr_carea' id='block_1_5' title="bbox 2614 372 3164 469">
    <p class='ocr_par' dir='ltr' id='par_1_5' title="bbox 2614 372 3164 469">
     <span class='ocr_line' id='line_1_5' title="bbox 2614 372 3164 469; baseline -0.005 0"><span class='ocrx_word' id='word_1_8' title='bbox 2614 413 2960 469; x_wconf 85' lang='grc' dir='ltr'><strong><em>ΕΠΙΣΤΟΛΗ</em></strong></span> <span class='ocrx_word' id='word_1_9' title='bbox 3001 372 3164 467; x_wconf 67' lang='lat' dir='ltr'><strong><em>sorr.</em></strong></span> 
     </span>
    </p>
   </div>
   <div class='ocr_carea' id='block_1_6' title="bbox 554 523 3543 598">
    <p class='ocr_par' dir='ltr' id='par_1_6' title="bbox 554 523 3543 598">
     <span class='ocr_line' id='line_1_6' title="bbox 554 523 3543 598; baseline -0.004 -11"><span class='ocrx_word' id='word_1_10' title='bbox 554 536 677 587; x_wconf 81' lang='lat' dir='ltr'><strong><em>Cum</em></strong></span> <span class='ocrx_word' id='word_1_11' title='bbox 694 542 823 597; x_wconf 63' lang='lat' dir='ltr'><strong><em>sepe</em></strong></span> <span class='ocrx_word' id='word_1_12' title='bbox 844 530 1101 585; x_wconf 70' lang='lat' dir='ltr'><strong><em>Valeriam&quot;</em></strong></span> <span class='ocrx_word' id='word_1_13' title='bbox 1120 530 1318 585; x_wconf 81' lang='lat' dir='ltr'><strong><em>videndi</em></strong></span> <span class='ocrx_word' id='word_1_14' title='bbox 1339 547 1448 598; x_wconf 67' lang='grc' dir='ltr'><strong><em>δρα</em></strong></span> <span class='ocrx_word' id='word_1_15' title='bbox 1470 530 1709 584; x_wconf 75' lang='lat' dir='ltr'><strong><em>Basiliam</em></strong></span> <span class='ocrx_word' id='word_1_16' title='bbox 1724 532 1961 597; x_wconf 74' lang='lat' dir='ltr'><strong><em>frustrata</em></strong></span> <span class='ocrx_word' id='word_1_17' title='bbox 1987 537 2127 593; x_wconf 87' lang='lat' dir='ltr'><strong><em>esset,</em></strong></span> <span class='ocrx_word' id='word_1_18' title='bbox 2151 535 2291 594; x_wconf 81' lang='lat' dir='ltr'><strong><em>rogat</em></strong></span> <span class='ocrx_word' id='word_1_19' title='bbox 2315 542 2425 581; x_wconf 83' lang='lat' dir='ltr'><strong><em>eum</em></strong></span> <span class='ocrx_word' id='word_1_20' title='bbox 2446 542 2534 594; x_wconf 86' lang='lat' dir='ltr'><strong><em>per</em></strong></span> <span class='ocrx_word' id='word_1_21' title='bbox 2567 526 2753 581; x_wconf 83' lang='lat' dir='ltr'><strong><em>litteras</em></strong></span> <span class='ocrx_word' id='word_1_22' title='bbox 2773 532 2826 578; x_wconf 86' lang='lat' dir='ltr'><strong><em>ut</em></strong></span> <span class='ocrx_word' id='word_1_23' title='bbox 2848 526 2913 577; x_wconf 86' lang='lat' dir='ltr'><strong><em>ad</em></strong></span> <span class='ocrx_word' id='word_1_24' title='bbox 2933 538 2984 577; x_wconf 86' lang='lat' dir='ltr'><strong><em>se</em></strong></span> <span class='ocrx_word' id='word_1_25' title='bbox 3003 523 3164 577; x_wconf 78' lang='lat' dir='ltr'><strong><em>venire</em></strong></span> <span class='ocrx_word' id='word_1_26' title='bbox 3182 537 3279 575; x_wconf 84' lang='lat' dir='ltr'><strong><em>non</em></strong></span> <span class='ocrx_word' id='word_1_27' title='bbox 3300 527 3543 589; x_wconf 68' lang='lat' dir='ltr'><strong><em>gravetur.</em></strong></span> 
     </span>
    </p>
   </div>
   <div class='ocr_carea' id='block_1_7' title="bbox 1066 638 1370 695">
    <p class='ocr_par' dir='ltr' id='par_1_7' title="bbox 1066 638 1370 695">
     <span class='ocr_line' id='line_1_7' title="bbox 1066 638 1370 695; baseline 0 0"><span class='ocrx_word' id='word_1_28' title='bbox 1066 638 1370 695; x_wconf 82' lang='lat' dir='ltr'><strong><em>Valeriano.</em></strong></span> 
     </span>
    </p>
   </div>
   <div class='ocr_carea' id='block_1_8' title="bbox 502 747 1995 823">
    <p class='ocr_par' dir='ltr' id='par_1_8' title="bbox 502 747 1995 823">
     <span class='ocr_line' id='line_1_8' title="bbox 502 747 1995 823; baseline 0.001 -17"><span class='ocrx_word' id='word_1_29' title='bbox 502 749 678 807; x_wconf 88' lang='lat' dir='ltr'><strong><em>Tuam</em></strong></span> <span class='ocrx_word' id='word_1_30' title='bbox 706 765 808 823; x_wconf 86' lang='lat' dir='ltr'><strong><em>ego</em></strong></span> <span class='ocrx_word' id='word_1_31' title='bbox 841 749 1203 819; x_wconf 72' lang='lat' dir='ltr'><strong><em>nobilitatem,</em></strong></span> <span class='ocrx_word' id='word_1_32' title='bbox 1236 749 1399 807; x_wconf 90' lang='lat' dir='ltr'><strong><em>etiam</em></strong></span> <span class='ocrx_word' id='word_1_33' title='bbox 1430 749 1488 806; x_wconf 89' lang='lat' dir='ltr'><strong><em>in</em></strong></span> <span class='ocrx_word' id='word_1_34' title='bbox 1518 747 1844 821; x_wconf 85' lang='lat' dir='ltr'><strong><em>Orphanene</em></strong></span> <span class='ocrx_word' id='word_1_35' title='bbox 1870 766 1995 807; x_wconf 87' lang='lat' dir='ltr'><strong><em>cum</em></strong></span> 
     </span>
    </p>
   </div>
   <div class='ocr_carea' id='block_1_9' title="bbox 435 842 1997 915">
    <p class='ocr_par' dir='ltr' id='par_1_9' title="bbox 435 842 1997 915">
     <span class='ocr_line' id='line_1_9' title="bbox 435 842 1997 915; baseline -0.001 -13"><span class='ocrx_word' id='word_1_36' title='bbox 435 858 640 909; x_wconf 89' lang='lat' dir='ltr'><strong><em>essem,</em></strong></span> <span class='ocrx_word' id='word_1_37' title='bbox 673 842 959 914; x_wconf 87' lang='lat' dir='ltr'><strong><em>cupiebam</em></strong></span> <span class='ocrx_word' id='word_1_38' title='bbox 985 842 1190 899; x_wconf 90' lang='lat' dir='ltr'><strong><em>videre.</em></strong></span> <span class='ocrx_word' id='word_1_39' title='bbox 1223 842 1520 915; x_wconf 82' lang='lat' dir='ltr'><strong><em>Sperabam</em></strong></span> <span class='ocrx_word' id='word_1_40' title='bbox 1543 842 1690 899; x_wconf 83' lang='lat' dir='ltr'><strong><em>enim</em></strong></span> <span class='ocrx_word' id='word_1_41' title='bbox 1724 852 1778 898; x_wconf 90' lang='lat' dir='ltr'><strong><em>te</em></strong></span> <span class='ocrx_word' id='word_1_42' title='bbox 1801 842 1997 900; x_wconf 78' lang='lat' dir='ltr'><strong><em>Cursa-</em></strong></span> 
     </span>
    </p>
   </div>
   <div class='ocr_carea' id='block_1_10' title="bbox 432 933 1995 1008">
    <p class='ocr_par' dir='ltr' id='par_1_10' title="bbox 432 933 1995 1008">
     <span class='ocr_line' id='line_1_10' title="bbox 432 933 1995 1008; baseline -0.001 -17"><span class='ocrx_word' id='word_1_43' title='bbox 432 934 605 1008; x_wconf 68' lang='lat' dir='ltr'><strong><em>geenis</em></strong></span> <span class='ocrx_word' id='word_1_44' title='bbox 636 940 965 999; x_wconf 75' lang='lat' dir='ltr'><strong><em>versantem,</em></strong></span> <span class='ocrx_word' id='word_1_45' title='bbox 1013 934 1245 991; x_wconf 76' lang='lat' dir='ltr'><strong><em>libenter</em></strong></span> <span class='ocrx_word' id='word_1_46' title='bbox 1279 933 1349 989; x_wconf 90' lang='lat' dir='ltr'><strong><em>ad</em></strong></span> <span class='ocrx_word' id='word_1_47' title='bbox 1387 950 1490 991; x_wconf 91' lang='lat' dir='ltr'><strong><em>nos</em></strong></span> <span class='ocrx_word' id='word_1_48' title='bbox 1538 949 1914 1001; x_wconf 86' lang='lat' dir='ltr'><strong><em>accessurum,</em></strong></span> <span class='ocrx_word' id='word_1_49' title='bbox 1947 935 1995 991; x_wconf 90' lang='lat' dir='ltr'><strong><em>si</em></strong></span> 
     </span>
    </p>
   </div>
   <div class='ocr_carea' id='block_1_11' title="bbox 432 1023 1994 1096">
    <p class='ocr_par' dir='ltr' id='par_1_11' title="bbox 432 1023 1994 1096">
     <span class='ocr_line' id='line_1_11' title="bbox 432 1023 1994 1096; baseline 0 -14"><span class='ocrx_word' id='word_1_50' title='bbox 432 1035 760 1082; x_wconf 88' lang='lat' dir='ltr'><strong><em>conventum</em></strong></span> <span class='ocrx_word' id='word_1_51' title='bbox 813 1023 871 1079; x_wconf 91' lang='lat' dir='ltr'><strong><em>in</em></strong></span> <span class='ocrx_word' id='word_1_52' title='bbox 923 1024 1224 1096; x_wconf 71' lang='lat' dir='ltr'><strong><em>Attagaenis</em></strong></span> <span class='ocrx_word' id='word_1_53' title='bbox 1275 1025 1701 1083; x_wconf 88' lang='lat' dir='ltr'><strong><em>celebraremus.</em></strong></span> <span class='ocrx_word' id='word_1_54' title='bbox 1749 1027 1816 1081; x_wconf 88' lang='lat' dir='ltr'><strong><em>At</em></strong></span> <span class='ocrx_word' id='word_1_55' title='bbox 1870 1042 1994 1082; x_wconf 89' lang='lat' dir='ltr'><strong><em>cum</em></strong></span> 
     </span>
    </p>
   </div>
   <div class='ocr_carea' id='block_1_12' title="bbox 430 1116 1997 1181">
    <p class='ocr_par' dir='ltr' id='par_1_12' title="bbox 430 1116 1997 1181">
     <span class='ocr_line' id='line_1_12' title="bbox 430 1116 1997 1181; baseline 0.001 -9"><span class='ocrx_word' id='word_1_56' title='bbox 430 1116 580 1172; x_wconf 87' lang='lat' dir='ltr'><strong><em>hunc</em></strong></span> <span class='ocrx_word' id='word_1_57' title='bbox 605 1122 935 1172; x_wconf 85' lang='lat' dir='ltr'><strong><em>conventum</em></strong></span> <span class='ocrx_word' id='word_1_58' title='bbox 965 1130 1074 1171; x_wconf 91' lang='lat' dir='ltr'><strong><em>non</em></strong></span> <span class='ocrx_word' id='word_1_59' title='bbox 1103 1116 1408 1181; x_wconf 84' lang='lat' dir='ltr'><strong><em>habuerim,</em></strong></span> <span class='ocrx_word' id='word_1_60' title='bbox 1435 1118 1490 1171; x_wconf 87' lang='lat' dir='ltr'><strong><em>in</em></strong></span> <span class='ocrx_word' id='word_1_61' title='bbox 1517 1125 1703 1173; x_wconf 88' lang='lat' dir='ltr'><strong><em>monte</em></strong></span> <span class='ocrx_word' id='word_1_62' title='bbox 1730 1116 1915 1174; x_wconf 88' lang='lat' dir='ltr'><strong><em>videre</em></strong></span> <span class='ocrx_word' id='word_1_63' title='bbox 1942 1126 1997 1174; x_wconf 92' lang='lat' dir='ltr'><strong><em>te</em></strong></span> 
     </span>
    </p>
   </div>
   <div class='ocr_carea' id='block_1_13' title="bbox 429 1204 1995 1277">
    <p class='ocr_par' dir='ltr' id='par_1_13' title="bbox 429 1204 1995 1277">
     <span class='ocr_line' id='line_1_13' title="bbox 429 1204 1995 1277; baseline -0.001 -16"><span class='ocrx_word' id='word_1_64' title='bbox 429 1206 773 1277; x_wconf 73' lang='lat' dir='ltr'><strong><em>exoptabam.</em></strong></span> <span class='ocrx_word' id='word_1_65' title='bbox 824 1204 1038 1261; x_wconf 80' lang='lat' dir='ltr'><strong><em>Rursus</em></strong></span> <span class='ocrx_word' id='word_1_66' title='bbox 1097 1205 1241 1261; x_wconf 90' lang='lat' dir='ltr'><strong><em>enim</em></strong></span> <span class='ocrx_word' id='word_1_67' title='bbox 1296 1205 1393 1260; x_wconf 79' lang='lat' dir='ltr'><strong><em>hic</em></strong></span> <span class='ocrx_word' id='word_1_68' title='bbox 1428 1204 1658 1267; x_wconf 85' lang='lat' dir='ltr'><strong><em>Evesus.</em></strong></span> <span class='ocrx_word' id='word_1_69' title='bbox 1706 1221 1830 1261; x_wconf 92' lang='lat' dir='ltr'><strong><em>cum</em></strong></span> <span class='ocrx_word' id='word_1_70' title='bbox 1885 1221 1995 1260; x_wconf 87' lang='lat' dir='ltr'><strong><em>non</em></strong></span> 
     </span>
    </p>
   </div>
   <div class='ocr_carea' id='block_1_14' title="bbox 428 1297 1995 1370">
    <p class='ocr_par' dir='ltr' id='par_1_14' title="bbox 428 1297 1995 1370">
     <span class='ocr_line' id='line_1_14' title="bbox 428 1297 1995 1370; baseline 0.001 -18"><span class='ocrx_word' id='word_1_71' title='bbox 428 1298 591 1369; x_wconf 91' lang='lat' dir='ltr'><strong><em>longe</em></strong></span> <span class='ocrx_word' id='word_1_72' title='bbox 642 1297 805 1361; x_wconf 86' lang='lat' dir='ltr'><strong><em>absit,</em></strong></span> <span class='ocrx_word' id='word_1_73' title='bbox 857 1312 1008 1368; x_wconf 86' lang='lat' dir='ltr'><strong><em>spem</em></strong></span> <span class='ocrx_word' id='word_1_74' title='bbox 1051 1313 1382 1370; x_wconf 87' lang='lat' dir='ltr'><strong><em>congressus</em></strong></span> <span class='ocrx_word' id='word_1_75' title='bbox 1429 1301 1681 1369; x_wconf 86' lang='lat' dir='ltr'><strong><em>augebat.</em></strong></span> <span class='ocrx_word' id='word_1_76' title='bbox 1719 1298 1825 1353; x_wconf 85' lang='lat' dir='ltr'><strong><em>Sed</em></strong></span> <span class='ocrx_word' id='word_1_77' title='bbox 1870 1314 1995 1354; x_wconf 91' lang='lat' dir='ltr'><strong><em>cum</em></strong></span> 
     </span>
    </p>
   </div>
   <div class='ocr_carea' id='block_1_15' title="bbox 427 1390 1998 1457">
    <p class='ocr_par' dir='ltr' id='par_1_15' title="bbox 427 1390 1998 1457">
     <span class='ocr_line' id='line_1_15' title="bbox 427 1390 1998 1457; baseline 0.003 -14"><span class='ocrx_word' id='word_1_78' title='bbox 427 1397 684 1447; x_wconf 88' lang='lat' dir='ltr'><strong><em>neutrum</em></strong></span> <span class='ocrx_word' id='word_1_79' title='bbox 708 1390 763 1444; x_wconf 92' lang='lat' dir='ltr'><strong><em>in</em></strong></span> <span class='ocrx_word' id='word_1_80' title='bbox 793 1390 977 1445; x_wconf 88' lang='lat' dir='ltr'><strong><em>locum</em></strong></span> <span class='ocrx_word' id='word_1_81' title='bbox 1002 1390 1269 1457; x_wconf 81' lang='lat' dir='ltr'><strong><em>venerim,</em></strong></span> <span class='ocrx_word' id='word_1_82' title='bbox 1302 1391 1546 1448; x_wconf 84' lang='lat' dir='ltr'><strong><em>scribere</em></strong></span> <span class='ocrx_word' id='word_1_83' title='bbox 1572 1391 1808 1457; x_wconf 86' lang='lat' dir='ltr'><strong><em>institui.</em></strong></span> <span class='ocrx_word' id='word_1_84' title='bbox 1839 1399 1899 1447; x_wconf 91' lang='lat' dir='ltr'><strong><em>ut</em></strong></span> <span class='ocrx_word' id='word_1_85' title='bbox 1927 1392 1998 1448; x_wconf 92' lang='lat' dir='ltr'><strong><em>ad</em></strong></span> 
     </span>
    </p>
   </div>
   <div class='ocr_carea' id='block_1_16' title="bbox 429 1476 1996 1551">
    <p class='ocr_par' dir='ltr' id='par_1_16' title="bbox 429 1476 1996 1551">
     <span class='ocr_line' id='line_1_16' title="bbox 429 1476 1996 1551; baseline 0.005 -22"><span class='ocrx_word' id='word_1_86' title='bbox 429 1489 519 1529; x_wconf 88' lang='lat' dir='ltr'><strong><em>me</em></strong></span> <span class='ocrx_word' id='word_1_87' title='bbox 557 1476 796 1544; x_wconf 73' lang='lat' dir='ltr'><strong><em>digneris</em></strong></span> <span class='ocrx_word' id='word_1_88' title='bbox 833 1477 1138 1547; x_wconf 88' lang='lat' dir='ltr'><strong><em>proﬁcisci,</em></strong></span> <span class='ocrx_word' id='word_1_89' title='bbox 1183 1493 1309 1533; x_wconf 92' lang='lat' dir='ltr'><strong><em>cum</em></strong></span> <span class='ocrx_word' id='word_1_90' title='bbox 1348 1493 1464 1534; x_wconf 88' lang='lat' dir='ltr'><strong><em>rem</em></strong></span> <span class='ocrx_word' id='word_1_91' title='bbox 1501 1494 1712 1551; x_wconf 65' lang='lat' dir='ltr'><strong><em>aquam</em></strong></span> <span class='ocrx_word' id='word_1_92' title='bbox 1756 1480 1996 1548; x_wconf 83' lang='lat' dir='ltr'><strong><em>faciens,</em></strong></span> 
     </span>
    </p>
   </div>
   <div class='ocr_carea' id='block_1_17' title="bbox 429 1566 2000 1645">
    <p class='ocr_par' dir='ltr' id='par_1_17' title="bbox 429 1566 2000 1645">
     <span class='ocr_line' id='line_1_17' title="bbox 429 1566 2000 1645; baseline 0.004 -23"><span class='ocrx_word' id='word_1_93' title='bbox 429 1567 559 1622; x_wconf 79' lang='lat' dir='ltr'><strong><em>dum</em></strong></span> <span class='ocrx_word' id='word_1_94' title='bbox 587 1566 811 1636; x_wconf 83' lang='lat' dir='ltr'><strong><em>juvenis</em></strong></span> <span class='ocrx_word' id='word_1_95' title='bbox 842 1567 910 1622; x_wconf 89' lang='lat' dir='ltr'><strong><em>ad</em></strong></span> <span class='ocrx_word' id='word_1_96' title='bbox 949 1583 1132 1625; x_wconf 89' lang='lat' dir='ltr'><strong><em>senem</em></strong></span> <span class='ocrx_word' id='word_1_97' title='bbox 1165 1570 1425 1639; x_wconf 80' lang='lat' dir='ltr'><strong><em>accedes;</em></strong></span> <span class='ocrx_word' id='word_1_98' title='bbox 1456 1578 1571 1626; x_wconf 91' lang='lat' dir='ltr'><strong><em>tum</em></strong></span> <span class='ocrx_word' id='word_1_99' title='bbox 1613 1586 1712 1642; x_wconf 85' lang='lat' dir='ltr'><strong><em>per</em></strong></span> <span class='ocrx_word' id='word_1_100' title='bbox 1737 1587 2000 1645; x_wconf 87' lang='lat' dir='ltr'><strong><em>congres-</em></strong></span> 
     </span>
    </p>
   </div>
   <div class='ocr_carea' id='block_1_18' title="bbox 431 1658 1999 1735">
    <p class='ocr_par' dir='ltr' id='par_1_18' title="bbox 431 1658 1999 1735">
     <span class='ocr_line' id='line_1_18' title="bbox 431 1658 1999 1735; baseline 0.004 -21"><span class='ocrx_word' id='word_1_101' title='bbox 431 1672 553 1714; x_wconf 85' lang='lat' dir='ltr'><strong><em>sum</em></strong></span> <span class='ocrx_word' id='word_1_102' title='bbox 585 1658 807 1728; x_wconf 80' lang='lat' dir='ltr'><strong><em>aliquod</em></strong></span> <span class='ocrx_word' id='word_1_103' title='bbox 837 1673 868 1713; x_wconf 89' lang='lat' dir='ltr'><strong><em>a</em></strong></span> <span class='ocrx_word' id='word_1_104' title='bbox 911 1674 1000 1714; x_wconf 90' lang='lat' dir='ltr'><strong><em>me</em></strong></span> <span class='ocrx_word' id='word_1_105' title='bbox 1031 1660 1324 1715; x_wconf 88' lang='lat' dir='ltr'><strong><em>consilium</em></strong></span> <span class='ocrx_word' id='word_1_106' title='bbox 1355 1673 1703 1734; x_wconf 89' lang='lat' dir='ltr'><strong><em>accepturus,</em></strong></span> <span class='ocrx_word' id='word_1_107' title='bbox 1748 1671 1999 1735; x_wconf 85' lang='lat' dir='ltr'><strong><em>propter-</em></strong></span> 
     </span>
    </p>
   </div>
   <div class='ocr_carea' id='block_1_19' title="bbox 431 1748 2001 1826">
    <p class='ocr_par' dir='ltr' id='par_1_19' title="bbox 431 1748 2001 1826">
     <span class='ocr_line' id='line_1_19' title="bbox 431 1748 2001 1826; baseline 0.006 -22"><span class='ocrx_word' id='word_1_108' title='bbox 431 1762 496 1804; x_wconf 91' lang='lat' dir='ltr'><strong><em>ea</em></strong></span> <span class='ocrx_word' id='word_1_109' title='bbox 515 1748 660 1819; x_wconf 85' lang='lat' dir='ltr'><strong><em>quod</em></strong></span> <span class='ocrx_word' id='word_1_110' title='bbox 692 1751 911 1819; x_wconf 87' lang='lat' dir='ltr'><strong><em>negotia</em></strong></span> <span class='ocrx_word' id='word_1_111' title='bbox 933 1748 1195 1805; x_wconf 69' lang='lat' dir='ltr'><strong><em>Caesareae</em></strong></span> <span class='ocrx_word' id='word_1_112' title='bbox 1215 1765 1338 1806; x_wconf 90' lang='lat' dir='ltr'><strong><em>cum</em></strong></span> <span class='ocrx_word' id='word_1_113' title='bbox 1362 1754 1639 1810; x_wconf 88' lang='lat' dir='ltr'><strong><em>nonnullis</em></strong></span> <span class='ocrx_word' id='word_1_114' title='bbox 1660 1754 1848 1820; x_wconf 88' lang='lat' dir='ltr'><strong><em>habes,</em></strong></span> <span class='ocrx_word' id='word_1_115' title='bbox 1877 1772 2001 1826; x_wconf 62' lang='lat' dir='ltr'><strong><em>qua</em></strong></span> 
     </span>
    </p>
   </div>
   <div class='ocr_carea' id='block_1_20' title="bbox 431 1845 1998 1920">
    <p class='ocr_par' dir='ltr' id='par_1_20' title="bbox 431 1845 1998 1920">
     <span class='ocr_line' id='line_1_20' title="bbox 431 1845 1998 1920; baseline 0.007 -27"><span class='ocrx_word' id='word_1_116' title='bbox 431 1846 492 1893; x_wconf 93' lang='lat' dir='ltr'><strong><em>ut</em></strong></span> <span class='ocrx_word' id='word_1_117' title='bbox 532 1848 963 1911; x_wconf 85' lang='lat' dir='ltr'><strong><em>componantur,</em></strong></span> <span class='ocrx_word' id='word_1_118' title='bbox 1012 1857 1178 1912; x_wconf 86' lang='lat' dir='ltr'><strong><em>opera</em></strong></span> <span class='ocrx_word' id='word_1_119' title='bbox 1222 1859 1342 1900; x_wconf 88' lang='lat' dir='ltr'><strong><em>mea</em></strong></span> <span class='ocrx_word' id='word_1_120' title='bbox 1392 1845 1660 1917; x_wconf 77' lang='lat' dir='ltr'><strong><em>indigent.</em></strong></span> <span class='ocrx_word' id='word_1_121' title='bbox 1708 1846 1918 1920; x_wconf 84' lang='lat' dir='ltr'><strong><em>Itaque,</em></strong></span> <span class='ocrx_word' id='word_1_122' title='bbox 1951 1850 1998 1905; x_wconf 88' lang='lat' dir='ltr'><strong><em>si</em></strong></span> 
     </span>
    </p>
   </div>
   <div class='ocr_carea' id='block_1_21' title="bbox 432 1928 1799 2004">
    <p class='ocr_par' dir='ltr' id='par_1_21' title="bbox 432 1928 1799 2004">
     <span class='ocr_line' id='line_1_21' title="bbox 432 1928 1799 2004; baseline 0.008 -22"><span class='ocrx_word' id='word_1_123' title='bbox 432 1928 718 1986; x_wconf 87' lang='lat' dir='ltr'><strong><em>molestum</em></strong></span> <span class='ocrx_word' id='word_1_124' title='bbox 753 1945 861 1986; x_wconf 92' lang='lat' dir='ltr'><strong><em>non</em></strong></span> <span class='ocrx_word' id='word_1_125' title='bbox 883 1940 988 1997; x_wconf 87' lang='lat' dir='ltr'><strong><em>est,</em></strong></span> <span class='ocrx_word' id='word_1_126' title='bbox 1023 1947 1092 1988; x_wconf 91' lang='lat' dir='ltr'><strong><em>ne</em></strong></span> <span class='ocrx_word' id='word_1_127' title='bbox 1111 1932 1344 2004; x_wconf 87' lang='lat' dir='ltr'><strong><em>pigreris</em></strong></span> <span class='ocrx_word' id='word_1_128' title='bbox 1373 1935 1443 1990; x_wconf 85' lang='lat' dir='ltr'><strong><em>ad</em></strong></span> <span class='ocrx_word' id='word_1_129' title='bbox 1474 1952 1559 1992; x_wconf 91' lang='lat' dir='ltr'><strong><em>me</em></strong></span> <span class='ocrx_word' id='word_1_130' title='bbox 1592 1938 1799 1993; x_wconf 87' lang='lat' dir='ltr'><strong><em>venire.</em></strong></span> 
     </span>
    </p>
   </div>
   <div class='ocr_carea' id='block_1_22' title="bbox 850 2169 1591 2228">
    <p class='ocr_par' dir='ltr' id='par_1_22' title="bbox 850 2169 1591 2228">
     <span class='ocr_line' id='line_1_22' title="bbox 850 2169 1591 2228; baseline 0.001 -4"><span class='ocrx_word' id='word_1_131' title='bbox 850 2169 1184 2228; x_wconf 79' lang='lat' dir='ltr'><strong><em>EPISTOLA</em></strong></span> <span class='ocrx_word' id='word_1_132' title='bbox 1211 2169 1591 2228; x_wconf 64' lang='lat' dir='ltr'><strong><em>CCLXXIX‘“</em></strong></span> 
     </span>
    </p>
   </div>
   <div class='ocr_carea' id='block_1_23' title="bbox 2023 656 2072 712">
    <p class='ocr_par' dir='ltr' id='par_1_23' title="bbox 2023 656 2072 712">
     <span class='ocr_line' id='line_1_23' title="bbox 2023 656 2072 712; baseline 0 0"><span class='ocrx_word' id='word_1_133' title='bbox 2023 656 2072 712; x_wconf 78' lang='grc' dir='ltr'><strong>Α</strong></span> 
     </span>
    </p>
   </div>
   <div class='ocr_carea' id='block_1_24' title="bbox 2687 630 3078 702">
    <p class='ocr_par' dir='ltr' id='par_1_24' title="bbox 2687 630 3078 702">
     <span class='ocr_line' id='line_1_24' title="bbox 2687 630 3078 702; baseline -0.013 -13"><span class='ocrx_word' id='word_1_134' title='bbox 2687 630 3078 702; x_wconf 73' lang='grc' dir='ltr'><strong><em>Οὐαλεριανῷ.</em></strong></span> 
     </span>
    </p>
   </div>
   <div class='ocr_carea' id='block_1_25' title="bbox 2182 739 3652 820">
    <p class='ocr_par' dir='ltr' id='par_1_25' title="bbox 2182 739 3652 820">
     <span class='ocr_line' id='line_1_25' title="bbox 2182 739 3652 820; baseline -0.009 -17"><span class='ocrx_word' id='word_1_135' title='bbox 2182 748 2321 818; x_wconf 87' lang='grc' dir='ltr'><strong><em>Ἐγὼ</em></strong></span> <span class='ocrx_word' id='word_1_136' title='bbox 2353 748 2452 820; x_wconf 81' lang='grc' dir='ltr'>τὴν</span> <span class='ocrx_word' id='word_1_137' title='bbox 2493 746 2771 816; x_wconf 78' lang='grc' dir='ltr'>εὐγένειάν</span> <span class='ocrx_word' id='word_1_138' title='bbox 2805 763 2922 810; x_wconf 90' lang='grc' dir='ltr'>σου,</span> <span class='ocrx_word' id='word_1_139' title='bbox 2960 744 3056 799; x_wconf 63' lang='grc' dir='ltr'><strong><em>καὶ⁵</em></strong></span> <span class='ocrx_word' id='word_1_140' title='bbox 3090 741 3229 797; x_wconf 84' lang='grc' dir='ltr'><strong><em>κατά</em></strong></span> <span class='ocrx_word' id='word_1_141' title='bbox 3262 740 3371 813; x_wconf 82' lang='grc' dir='ltr'>τὴν</span> <span class='ocrx_word' id='word_1_142' title='bbox 3410 739 3652 810; x_wconf 77' lang='grc' dir='ltr'>ὀρφανή-</span> 
     </span>
    </p>
   </div>
   <div class='ocr_carea' id='block_1_26' title="bbox 2096 831 3655 914">
    <p class='ocr_par' dir='ltr' id='par_1_26' title="bbox 2096 831 3655 914">
     <span class='ocr_line' id='line_1_26' title="bbox 2096 831 3655 914; baseline -0.007 -18"><span class='ocrx_word' id='word_1_143' title='bbox 2096 860 2194 914; x_wconf 89' lang='grc' dir='ltr'><strong><em>νην</em></strong></span> <span class='ocrx_word' id='word_1_144' title='bbox 2239 842 2353 913; x_wconf 75' lang='lat'><strong><em>(35)</em></strong></span> <span class='ocrx_word' id='word_1_145' title='bbox 2399 841 2715 911; x_wconf 82' lang='grc' dir='ltr'>γενόμενος,</span> <span class='ocrx_word' id='word_1_146' title='bbox 2772 838 3081 908; x_wconf 76' lang='grc' dir='ltr'><strong><em>ἐπεθύμουν</em></strong></span> <span class='ocrx_word' id='word_1_147' title='bbox 3130 835 3279 889; x_wconf 77' lang='grc' dir='ltr'>ἰδεῖν.</span> <span class='ocrx_word' id='word_1_148' title='bbox 3322 831 3655 903; x_wconf 63' lang='grc' dir='ltr'>Πῳσεδόκων</span> 
     </span>
    </p>
   </div>
   <div class='ocr_carea' id='block_1_27' title="bbox 2094 922 3656 1001">
    <p class='ocr_par' dir='ltr' id='par_1_27' title="bbox 2094 922 3656 1001">
     <span class='ocr_line' id='line_1_27' title="bbox 2094 922 3656 1001; baseline -0.001 -17"><span class='ocrx_word' id='word_1_149' title='bbox 2094 931 2203 1001; x_wconf 89' lang='grc' dir='ltr'><strong><em>γάρ</em></strong></span> <span class='ocrx_word' id='word_1_150' title='bbox 2236 947 2296 984; x_wconf 89' lang='grc' dir='ltr'><strong><em>σε</em></strong></span> <span class='ocrx_word' id='word_1_151' title='bbox 2326 932 2385 983; x_wconf 82' lang='grc' dir='ltr'><strong><em>ἐν</em></strong></span> <span class='ocrx_word' id='word_1_152' title='bbox 2410 929 2812 1001; x_wconf 81' lang='grc' dir='ltr'>Κορσαγαίνοις</span> <span class='ocrx_word' id='word_1_153' title='bbox 2838 926 3094 995; x_wconf 74' lang='grc' dir='ltr'><strong><em>διάγοντα</em></strong></span> <span class='ocrx_word' id='word_1_154' title='bbox 3127 922 3200 995; x_wconf 82' lang='grc' dir='ltr'>μὴ</span> <span class='ocrx_word' id='word_1_155' title='bbox 3247 923 3511 991; x_wconf 72' lang='grc' dir='ltr'><strong><em>ὀκνήσειν</em></strong></span> <span class='ocrx_word' id='word_1_156' title='bbox 3538 922 3656 990; x_wconf 62' lang='grc' dir='ltr'>πρὸς</span> 
     </span>
    </p>
   </div>
   <div class='ocr_carea' id='block_1_28' title="bbox 2095 1012 3657 1093">
    <p class='ocr_par' dir='ltr' id='par_1_28' title="bbox 2095 1012 3657 1093">
     <span class='ocr_line' id='line_1_28' title="bbox 2095 1012 3657 1093; baseline -0.01 -16"><span class='ocrx_word' id='word_1_157' title='bbox 2095 1024 2243 1093; x_wconf 81' lang='grc' dir='ltr'>ἡμᾶς</span> <span class='ocrx_word' id='word_1_158' title='bbox 2269 1021 2517 1092; x_wconf 82' lang='grc' dir='ltr'>διαϐῆναι</span> <span class='ocrx_word' id='word_1_159' title='bbox 2565 1022 2623 1075; x_wconf 82' lang='grc' dir='ltr'><strong><em>ἐν</em></strong></span> <span class='ocrx_word' id='word_1_160' title='bbox 2661 1019 3029 1089; x_wconf 83' lang='grc' dir='ltr'>Ἀτταγαίνοις</span> <span class='ocrx_word' id='word_1_161' title='bbox 3078 1016 3188 1087; x_wconf 68' lang='grc'><strong><em>(54)</em></strong></span> <span class='ocrx_word' id='word_1_162' title='bbox 3234 1012 3535 1076; x_wconf 79' lang='grc' dir='ltr'><strong><em>τελοῦντας</em></strong></span> <span class='ocrx_word' id='word_1_163' title='bbox 3572 1015 3657 1081; x_wconf 74' lang='grc' dir='ltr'>τὴν</span> 
     </span>
    </p>
   </div>
   <div class='ocr_carea' id='block_1_29' title="bbox 2098 1103 3657 1183">
    <p class='ocr_par' dir='ltr' id='par_1_29' title="bbox 2098 1103 3657 1183">
     <span class='ocr_line' id='line_1_29' title="bbox 2098 1103 3657 1183; baseline -0.007 -17"><span class='ocrx_word' id='word_1_164' title='bbox 2098 1113 2334 1168; x_wconf 84' lang='grc' dir='ltr'>σύνοδον.</span> <span class='ocrx_word' id='word_1_165' title='bbox 2394 1111 2550 1166; x_wconf 75' lang='grc' dir='ltr'>Ἐπεὶ</span> <span class='ocrx_word' id='word_1_166' title='bbox 2590 1113 2649 1166; x_wconf 81' lang='grc' dir='ltr'>δὲ</span> <span class='ocrx_word' id='word_1_167' title='bbox 2688 1110 2904 1183; x_wconf 77' lang='grc' dir='ltr'><strong><em>ἐκείνης</em></strong></span> <span class='ocrx_word' id='word_1_168' title='bbox 2950 1110 3249 1181; x_wconf 75' lang='grc' dir='ltr'><strong><em>διήμαρτον</em></strong></span> <span class='ocrx_word' id='word_1_169' title='bbox 3283 1105 3396 1174; x_wconf 83' lang='grc' dir='ltr'>τῆς</span> <span class='ocrx_word' id='word_1_170' title='bbox 3440 1103 3657 1165; x_wconf 66' lang='grc' dir='ltr'>συνόδου,</span> 
     </span>
    </p>
   </div>
   <div class='ocr_carea' id='block_1_30' title="bbox 2097 1193 3660 1274">
    <p class='ocr_par' dir='ltr' id='par_1_30' title="bbox 2097 1193 3660 1274">
     <span class='ocr_line' id='line_1_30' title="bbox 2097 1193 3660 1274; baseline -0.004 -17"><span class='ocrx_word' id='word_1_171' title='bbox 2097 1204 2406 1274; x_wconf 78' lang='grc' dir='ltr'>ἐπεθύμουν</span> <span class='ocrx_word' id='word_1_172' title='bbox 2437 1204 2565 1257; x_wconf 83' lang='grc' dir='ltr'>ἰδεῖν</span> <span class='ocrx_word' id='word_1_173' title='bbox 2603 1205 2661 1257; x_wconf 85' lang='grc' dir='ltr'><strong><em>ἐν</em></strong></span> <span class='ocrx_word' id='word_1_174' title='bbox 2708 1202 2787 1274; x_wconf 85' lang='grc' dir='ltr'>τῷ</span> <span class='ocrx_word' id='word_1_175' title='bbox 2814 1203 2948 1272; x_wconf 81' lang='grc' dir='ltr'>δρει.</span> <span class='ocrx_word' id='word_1_176' title='bbox 2982 1199 3150 1255; x_wconf 85' lang='grc' dir='ltr'>Πάλιν</span> <span class='ocrx_word' id='word_1_177' title='bbox 3175 1198 3290 1268; x_wconf 78' lang='grc' dir='ltr'><strong><em>γάρ</em></strong></span> <span class='ocrx_word' id='word_1_178' title='bbox 3332 1197 3511 1266; x_wconf 78' lang='grc' dir='ltr'>ἐκεῖὴ</span> <span class='ocrx_word' id='word_1_179' title='bbox 3540 1193 3660 1265; x_wconf 58' lang='lat' dir='ltr'><strong><em>Elm-</em></strong></span> 
     </span>
    </p>
   </div>
   <div class='ocr_carea' id='block_1_31' title="bbox 2098 1285 3661 1366">
    <p class='ocr_par' dir='ltr' id='par_1_31' title="bbox 2098 1285 3661 1366">
     <span class='ocr_line' id='line_1_31' title="bbox 2098 1285 3661 1366; baseline -0.008 -18"><span class='ocrx_word' id='word_1_180' title='bbox 2098 1312 2191 1359; x_wconf 89' lang='grc' dir='ltr'><strong><em>σος</em></strong></span> <span class='ocrx_word' id='word_1_181' title='bbox 2234 1294 2368 1366; x_wconf 80' lang='grc'><strong><em>(55),</em></strong></span> <span class='ocrx_word' id='word_1_182' title='bbox 2402 1294 2628 1365; x_wconf 83' lang='grc' dir='ltr'>πλησίον</span> <span class='ocrx_word' id='word_1_183' title='bbox 2669 1289 2826 1358; x_wconf 81' lang='grc' dir='ltr'>οὖσα,</span> <span class='ocrx_word' id='word_1_184' title='bbox 2862 1292 2961 1364; x_wconf 86' lang='grc' dir='ltr'>τὴν</span> <span class='ocrx_word' id='word_1_185' title='bbox 3004 1291 3194 1344; x_wconf 77' lang='grc' dir='ltr'>ἐλπίδα</span> <span class='ocrx_word' id='word_1_186' title='bbox 3232 1288 3344 1357; x_wconf 85' lang='grc' dir='ltr'>τῆς</span> <span class='ocrx_word' id='word_1_187' title='bbox 3396 1285 3661 1354; x_wconf 76' lang='grc' dir='ltr'>συντυχίας</span> 
     </span>
    </p>
   </div>
   <div class='ocr_carea' id='block_1_32' title="bbox 2096 1374 3663 1457">
    <p class='ocr_par' dir='ltr' id='par_1_32' title="bbox 2096 1374 3663 1457">
     <span class='ocr_line' id='line_1_32' title="bbox 2096 1374 3663 1457; baseline -0.008 -16"><span class='ocrx_word' id='word_1_188' title='bbox 2096 1387 2388 1441; x_wconf 78' lang='grc' dir='ltr'>ἐπέτεινεν.</span> <span class='ocrx_word' id='word_1_189' title='bbox 2442 1387 2532 1451; x_wconf 85' lang='grc' dir='ltr'>Ὣς</span> <span class='ocrx_word' id='word_1_190' title='bbox 2578 1386 2636 1440; x_wconf 81' lang='grc' dir='ltr'>δὲ</span> <span class='ocrx_word' id='word_1_191' title='bbox 2683 1385 3006 1457; x_wconf 79' lang='grc' dir='ltr'><strong><em>ἀμφοτέρων</em></strong></span> <span class='ocrx_word' id='word_1_192' title='bbox 3036 1384 3368 1455; x_wconf 79' lang='grc' dir='ltr'>διήμαρτον,</span> <span class='ocrx_word' id='word_1_193' title='bbox 3398 1374 3563 1450; x_wconf 82' lang='grc' dir='ltr'>ἦλθον</span> <span class='ocrx_word' id='word_1_194' title='bbox 3584 1379 3663 1430; x_wconf 73' lang='grc' dir='ltr'>ἐπὶ</span> 
     </span>
    </p>
   </div>
   <div class='ocr_carea' id='block_1_33' title="bbox 2095 1470 3662 1549">
    <p class='ocr_par' dir='ltr' id='par_1_33' title="bbox 2095 1470 3662 1549">
     <span class='ocr_line' id='line_1_33' title="bbox 2095 1470 3662 1549; baseline -0.007 -18"><span class='ocrx_word' id='word_1_195' title='bbox 2095 1478 2158 1531; x_wconf 81' lang='grc' dir='ltr'>τὸ</span> <span class='ocrx_word' id='word_1_196' title='bbox 2184 1478 2437 1549; x_wconf 84' lang='grc' dir='ltr'>γράφειν,</span> <span class='ocrx_word' id='word_1_197' title='bbox 2488 1478 2577 1533; x_wconf 86' lang='grc' dir='ltr'><strong><em>ἴνα</em></strong></span> <span class='ocrx_word' id='word_1_198' title='bbox 2629 1476 2974 1548; x_wconf 78' lang='grc' dir='ltr'>καταξιώσῃς</span> <span class='ocrx_word' id='word_1_199' title='bbox 3026 1493 3094 1546; x_wconf 88' lang='grc' dir='ltr'><strong><em>με</em></strong></span> <span class='ocrx_word' id='word_1_200' title='bbox 3142 1471 3518 1528; x_wconf 76' lang='grc' dir='ltr'>καταλαϐεῖνο</span> <span class='ocrx_word' id='word_1_201' title='bbox 3545 1470 3662 1540; x_wconf 66' lang='grc' dir='ltr'>ὁμσῦ</span> 
     </span>
    </p>
   </div>
   <div class='ocr_carea' id='block_1_34' title="bbox 2101 1560 3664 1639">
    <p class='ocr_par' dir='ltr' id='par_1_34' title="bbox 2101 1560 3664 1639">
     <span class='ocr_line' id='line_1_34' title="bbox 2101 1560 3664 1639; baseline -0.004 -19"><span class='ocrx_word' id='word_1_202' title='bbox 2101 1568 2200 1639; x_wconf 75' lang='grc' dir='ltr'>μὲν</span> <span class='ocrx_word' id='word_1_203' title='bbox 2230 1569 2291 1622; x_wconf 82' lang='grc' dir='ltr'>τὸ</span> <span class='ocrx_word' id='word_1_204' title='bbox 2315 1570 2461 1633; x_wconf 80' lang='grc' dir='ltr'>είκὺς</span> <span class='ocrx_word' id='word_1_205' title='bbox 2499 1569 2692 1634; x_wconf 83' lang='grc' dir='ltr'>ποιῶν,</span> <span class='ocrx_word' id='word_1_206' title='bbox 2721 1569 2841 1632; x_wconf 89' lang='grc' dir='ltr'>νέος</span> <span class='ocrx_word' id='word_1_207' title='bbox 2871 1567 3071 1639; x_wconf 85' lang='grc' dir='ltr'>φοιτῶν</span> <span class='ocrx_word' id='word_1_208' title='bbox 3101 1566 3254 1636; x_wconf 87' lang='grc' dir='ltr'><strong><em>παρά</em></strong></span> <span class='ocrx_word' id='word_1_209' title='bbox 3277 1565 3527 1635; x_wconf 85' lang='grc' dir='ltr'>γέροντι,</span> <span class='ocrx_word' id='word_1_210' title='bbox 3549 1560 3664 1633; x_wconf 71' lang='grc' dir='ltr'>ὁμοῦ</span> 
     </span>
    </p>
   </div>
   <div class='ocr_carea' id='block_1_35' title="bbox 2097 1653 3663 1735">
    <p class='ocr_par' dir='ltr' id='par_1_35' title="bbox 2097 1653 3663 1735">
     <span class='ocr_line' id='line_1_35' title="bbox 2097 1653 3663 1735; baseline -0.006 -19"><span class='ocrx_word' id='word_1_211' title='bbox 2097 1662 2154 1716; x_wconf 75' lang='grc' dir='ltr'>δὲ</span> <span class='ocrx_word' id='word_1_212' title='bbox 2194 1662 2292 1716; x_wconf 76' lang='grc' dir='ltr'>καὶ</span> <span class='ocrx_word' id='word_1_213' title='bbox 2315 1663 2402 1717; x_wconf 80' lang='grc' dir='ltr'>διὰ</span> <span class='ocrx_word' id='word_1_214' title='bbox 2436 1664 2536 1735; x_wconf 78' lang='grc' dir='ltr'>τῆς</span> <span class='ocrx_word' id='word_1_215' title='bbox 2566 1661 2855 1733; x_wconf 80' lang='grc' dir='ltr'>συντυχίας</span> <span class='ocrx_word' id='word_1_216' title='bbox 2885 1659 3170 1731; x_wconf 79' lang='grc' dir='ltr'>δεχόμενός</span> <span class='ocrx_word' id='word_1_217' title='bbox 3200 1673 3333 1711; x_wconf 82' lang='grc' dir='ltr'>τινα</span> <span class='ocrx_word' id='word_1_218' title='bbox 3365 1656 3499 1726; x_wconf 74' lang='grc' dir='ltr'>παρ’</span> <span class='ocrx_word' id='word_1_219' title='bbox 3529 1653 3663 1724; x_wconf 72' lang='grc' dir='ltr'>ἡμῶν</span> 
     </span>
    </p>
   </div>
   <div class='ocr_carea' id='block_1_36' title="bbox 2099 1747 3666 1824">
    <p class='ocr_par' dir='ltr' id='par_1_36' title="bbox 2099 1747 3666 1824">
     <span class='ocr_line' id='line_1_36' title="bbox 2099 1747 3666 1824; baseline 0 -18"><span class='ocrx_word' id='word_1_220' title='bbox 2099 1753 2429 1824; x_wconf 78' lang='grc' dir='ltr'>συμϐουλὴν,</span> <span class='ocrx_word' id='word_1_221' title='bbox 2462 1752 2550 1807; x_wconf 80' lang='grc' dir='ltr'><strong><em>διὰ</em></strong></span> <span class='ocrx_word' id='word_1_222' title='bbox 2577 1752 2640 1806; x_wconf 83' lang='grc' dir='ltr'>τὸ</span> <span class='ocrx_word' id='word_1_223' title='bbox 2681 1747 2821 1805; x_wconf 69' lang='grc' dir='ltr'>εἶναι</span> <span class='ocrx_word' id='word_1_224' title='bbox 2872 1767 2953 1804; x_wconf 90' lang='grc' dir='ltr'><strong><em>σοι</em></strong></span> <span class='ocrx_word' id='word_1_225' title='bbox 2999 1748 3308 1821; x_wconf 86' lang='grc' dir='ltr'>πράγματα</span> <span class='ocrx_word' id='word_1_226' title='bbox 3358 1748 3501 1816; x_wconf 74' lang='grc' dir='ltr'>πρὸς</span> <span class='ocrx_word' id='word_1_227' title='bbox 3533 1759 3666 1806; x_wconf 77' lang='grc' dir='ltr'>τινας</span> 
     </span>
    </p>
   </div>
   <div class='ocr_carea' id='block_1_37' title="bbox 2097 1838 3664 1915">
    <p class='ocr_par' dir='ltr' id='par_1_37' title="bbox 2097 1838 3664 1915">
     <span class='ocr_line' id='line_1_37' title="bbox 2097 1838 3664 1915; baseline -0.006 -18"><span class='ocrx_word' id='word_1_228' title='bbox 2097 1844 2208 1899; x_wconf 83' lang='grc' dir='ltr'><strong><em>τῶν</em></strong></span> <span class='ocrx_word' id='word_1_229' title='bbox 2234 1845 2292 1897; x_wconf 83' lang='grc' dir='ltr'>ὲν</span> <span class='ocrx_word' id='word_1_230' title='bbox 2325 1842 2653 1915; x_wconf 76' lang='grc' dir='ltr'>Καισαρείᾳ,</span> <span class='ocrx_word' id='word_1_231' title='bbox 2686 1841 2756 1896; x_wconf 83' lang='grc' dir='ltr'><strong><em>τά</em></strong></span> <span class='ocrx_word' id='word_1_232' title='bbox 2802 1841 3035 1912; x_wconf 86' lang='grc' dir='ltr'>δεόμενα</span> <span class='ocrx_word' id='word_1_233' title='bbox 3078 1839 3177 1909; x_wconf 83' lang='grc' dir='ltr'>τῆς</span> <span class='ocrx_word' id='word_1_234' title='bbox 3206 1838 3501 1909; x_wconf 76' lang='grc' dir='ltr'>ἡμετέρας</span> <span class='ocrx_word' id='word_1_235' title='bbox 3531 1850 3664 1905; x_wconf 85' lang='grc' dir='ltr'>μεσι-</span> 
     </span>
    </p>
   </div>
   <div class='ocr_carea' id='block_1_38' title="bbox 2099 1920 3665 2005">
    <p class='ocr_par' dir='ltr' id='par_1_38' title="bbox 2099 1920 3665 2005">
     <span class='ocr_line' id='line_1_38' title="bbox 2099 1920 3665 2005; baseline -0.004 -21"><span class='ocrx_word' id='word_1_236' title='bbox 2099 1933 2250 1995; x_wconf 86' lang='grc' dir='ltr'>τείας</span> <span class='ocrx_word' id='word_1_237' title='bbox 2283 1932 2419 2003; x_wconf 78' lang='grc' dir='ltr'>πρὸς</span> <span class='ocrx_word' id='word_1_238' title='bbox 2444 1931 2541 2005; x_wconf 81' lang='grc' dir='ltr'>τὴν</span> <span class='ocrx_word' id='word_1_239' title='bbox 2561 1930 2869 2004; x_wconf 85' lang='grc' dir='ltr'>διόρθωσιν.</span> <span class='ocrx_word' id='word_1_240' title='bbox 2914 1930 3039 1984; x_wconf 87' lang='grc' dir='ltr'>Ἐἀν</span> <span class='ocrx_word' id='word_1_241' title='bbox 3069 1925 3162 1983; x_wconf 76' lang='grc' dir='ltr'>οὖν</span> <span class='ocrx_word' id='word_1_242' title='bbox 3192 1927 3513 1997; x_wconf 71' lang='grc' dir='ltr'><strong><em>ἀνεπαχθὲς</em></strong></span> <span class='ocrx_word' id='word_1_243' title='bbox 3530 1920 3582 1998; x_wconf 82' lang='grc' dir='ltr'>ᾖ,</span> <span class='ocrx_word' id='word_1_244' title='bbox 3604 1925 3665 1995; x_wconf 70' lang='grc' dir='ltr'>μὴ</span> 
     </span>
    </p>
   </div>
   <div class='ocr_carea' id='block_1_39' title="bbox 2031 1999 2994 2098">
    <p class='ocr_par' dir='ltr' id='par_1_39' title="bbox 2031 1999 2994 2098">
     <span class='ocr_line' id='line_1_39' title="bbox 2031 1999 2994 2098; baseline -0.002 -21"><span class='ocrx_word' id='word_1_245' title='bbox 2031 1999 2074 2054; x_wconf 75' lang='grc' dir='ltr'><strong>Β</strong></span> <span class='ocrx_word' id='word_1_246' title='bbox 2104 1999 2442 2098; x_wconf 69' lang='grc' dir='ltr'>κατοκνησῃς</span> <span class='ocrx_word' id='word_1_247' title='bbox 2470 1999 2620 2095; x_wconf 77' lang='grc' dir='ltr'>μᾶς</span> <span class='ocrx_word' id='word_1_248' title='bbox 2647 1999 2994 2077; x_wconf 74' lang='grc' dir='ltr'>καταλαϐεῖν.</span> 
     </span>
    </p>
   </div>
   <div class='ocr_carea' id='block_1_40' title="bbox 2637 2177 3186 2234">
    <p class='ocr_par' dir='ltr' id='par_1_40' title="bbox 2637 2177 3186 2234">
     <span class='ocr_line' id='line_1_40' title="bbox 2637 2177 3186 2234; baseline -0.005 -2"><span class='ocrx_word' id='word_1_249' title='bbox 2637 2177 2979 2233; x_wconf 80' lang='grc' dir='ltr'><strong><em>ΕΠΙΣΤΟΛΗ</em></strong></span> <span class='ocrx_word' id='word_1_250' title='bbox 3024 2177 3186 2234; x_wconf 88' lang='grc' dir='ltr'><strong><em>ΣΟΘ’.</em></strong></span> 
     </span>
    </p>
   </div>
   <div class='ocr_carea' id='block_1_41' title="bbox 1512 2289 2599 2361">
    <p class='ocr_par' dir='ltr' id='par_1_41' title="bbox 1512 2289 2599 2361">
     <span class='ocr_line' id='line_1_41' title="bbox 1512 2289 2599 2361; baseline 0.002 -18"><span class='ocrx_word' id='word_1_251' title='bbox 1512 2289 1829 2343; x_wconf 83' lang='lat' dir='ltr'><strong><em>Commendat</em></strong></span> <span class='ocrx_word' id='word_1_252' title='bbox 1848 2294 2080 2359; x_wconf 67' lang='lat' dir='ltr'><strong><em>praefecto</em></strong></span> <span class='ocrx_word' id='word_1_253' title='bbox 2101 2293 2252 2346; x_wconf 82' lang='lat' dir='ltr'><strong><em>civem</em></strong></span> <span class='ocrx_word' id='word_1_254' title='bbox 2283 2298 2320 2345; x_wconf 86' lang='grc' dir='ltr'><em>Τ</em></span> <span class='ocrx_word' id='word_1_255' title='bbox 2327 2309 2599 2361; x_wconf 82' lang='lat' dir='ltr'><strong><em>yanensem.</em></strong></span> 
     </span>
    </p>
   </div>
   <div class='ocr_carea' id='block_1_42' title="bbox 948 2400 1486 2474">
    <p class='ocr_par' dir='ltr' id='par_1_42' title="bbox 948 2400 1486 2474">
     <span class='ocr_line' id='line_1_42' title="bbox 948 2400 1486 2474; baseline 0.007 -18"><span class='ocrx_word' id='word_1_256' title='bbox 948 2400 1186 2458; x_wconf 73' lang='lat' dir='ltr'><strong><em>Modesto</em></strong></span> <span class='ocrx_word' id='word_1_257' title='bbox 1217 2404 1486 2474; x_wconf 62' lang='lat' dir='ltr'><strong><em>prefecto.</em></strong></span> 
     </span>
    </p>
   </div>
   <div class='ocr_carea' id='block_1_43' title="bbox 497 2508 1996 2587">
    <p class='ocr_par' dir='ltr' id='par_1_43' title="bbox 497 2508 1996 2587">
     <span class='ocr_line' id='line_1_43' title="bbox 497 2508 1996 2587; baseline 0.004 -21"><span class='ocrx_word' id='word_1_258' title='bbox 497 2508 759 2578; x_wconf 77' lang='lat' dir='ltr'><strong><em>Quamvis</em></strong></span> <span class='ocrx_word' id='word_1_259' title='bbox 792 2513 948 2568; x_wconf 90' lang='lat' dir='ltr'><strong><em>multi</em></strong></span> <span class='ocrx_word' id='word_1_260' title='bbox 971 2514 1183 2572; x_wconf 84' lang='lat' dir='ltr'><strong><em>litteras</em></strong></span> <span class='ocrx_word' id='word_1_261' title='bbox 1215 2530 1247 2569; x_wconf 89' lang='lat' dir='ltr'><strong><em>a</em></strong></span> <span class='ocrx_word' id='word_1_262' title='bbox 1277 2531 1364 2572; x_wconf 90' lang='lat' dir='ltr'><strong><em>me</em></strong></span> <span class='ocrx_word' id='word_1_263' title='bbox 1392 2515 1462 2570; x_wconf 85' lang='lat' dir='ltr'><strong><em>ad</em></strong></span> <span class='ocrx_word' id='word_1_264' title='bbox 1495 2524 1643 2572; x_wconf 86' lang='lat' dir='ltr'><strong><em>tuam</em></strong></span> <span class='ocrx_word' id='word_1_265' title='bbox 1674 2516 1996 2587; x_wconf 84' lang='lat' dir='ltr'><strong><em>dignitatem</em></strong></span> 
     </span>
    </p>
   </div>
   <div class='ocr_carea' id='block_1_44' title="bbox 2521 2408 3254 2479">
    <p class='ocr_par' dir='ltr' id='par_1_44' title="bbox 2521 2408 3254 2479">
     <span class='ocr_line' id='line_1_44' title="bbox 2521 2408 3254 2479; baseline -0.007 -16"><span class='ocrx_word' id='word_1_266' title='bbox 2521 2408 2807 2475; x_wconf 82' lang='grc' dir='ltr'>Μοδέστῳ</span> <span class='ocrx_word' id='word_1_267' title='bbox 2839 2408 2952 2479; x_wconf 78' lang='lat'><strong><em>(56)</em></strong></span> <span class='ocrx_word' id='word_1_268' title='bbox 2985 2408 3254 2478; x_wconf 75' lang='grc' dir='ltr'>ὑπάρχῳ.</span> 
     </span>
    </p>
   </div>
   <div class='ocr_carea' id='block_1_45' title="bbox 2176 2517 3665 2595">
    <p class='ocr_par' dir='ltr' id='par_1_45' title="bbox 2176 2517 3665 2595">
     <span class='ocr_line' id='line_1_45' title="bbox 2176 2517 3665 2595; baseline -0.004 -20"><span class='ocrx_word' id='word_1_269' title='bbox 2176 2522 2297 2576; x_wconf 84' lang='grc' dir='ltr'>Κᾶν</span> <span class='ocrx_word' id='word_1_270' title='bbox 2343 2523 2527 2577; x_wconf 80' lang='grc' dir='ltr'>πολλοὶ</span> <span class='ocrx_word' id='word_1_271' title='bbox 2558 2518 2691 2577; x_wconf 83' lang='grc' dir='ltr'>ὦσιν</span> <span class='ocrx_word' id='word_1_272' title='bbox 2737 2524 2788 2576; x_wconf 84' lang='grc' dir='ltr'>οἱ</span> <span class='ocrx_word' id='word_1_273' title='bbox 2817 2523 3124 2595; x_wconf 82' lang='grc' dir='ltr'>γράμματα</span> <span class='ocrx_word' id='word_1_274' title='bbox 3154 2519 3286 2592; x_wconf 84' lang='grc' dir='ltr'>παρ’</span> <span class='ocrx_word' id='word_1_275' title='bbox 3319 2517 3483 2589; x_wconf 76' lang='grc' dir='ltr'>ἡμῶν</span> <span class='ocrx_word' id='word_1_276' title='bbox 3518 2532 3665 2586; x_wconf 75' lang='grc' dir='ltr'><strong><em>προσ⁹</em></strong></span> 
     </span>
    </p>
   </div>
   <div class='ocr_carea' id='block_1_46' title="bbox 435 2602 2008 2688">
    <p class='ocr_par' dir='ltr' id='par_1_46' title="bbox 435 2602 2000 2680">
     <span class='ocr_line' id='line_1_46' title="bbox 435 2602 2000 2680; baseline 0.004 -23"><span class='ocrx_word' id='word_1_277' title='bbox 435 2602 726 2674; x_wconf 79' lang='lat' dir='ltr'><strong><em>perferant,</em></strong></span> <span class='ocrx_word' id='word_1_278' title='bbox 755 2611 935 2660; x_wconf 86' lang='lat' dir='ltr'><strong><em>tamen</em></strong></span> <span class='ocrx_word' id='word_1_279' title='bbox 963 2605 1040 2662; x_wconf 92' lang='lat' dir='ltr'><strong><em>ob</em></strong></span> <span class='ocrx_word' id='word_1_280' title='bbox 1060 2606 1322 2662; x_wconf 86' lang='lat' dir='ltr'><strong><em>eximium</em></strong></span> <span class='ocrx_word' id='word_1_281' title='bbox 1353 2608 1640 2669; x_wconf 83' lang='lat' dir='ltr'><strong><em>honorem.</em></strong></span> <span class='ocrx_word' id='word_1_282' title='bbox 1671 2624 1833 2680; x_wconf 86' lang='lat' dir='ltr'><strong><em>quem</em></strong></span> <span class='ocrx_word' id='word_1_283' title='bbox 1866 2609 2000 2663; x_wconf 90' lang='lat' dir='ltr'><strong><em>mihi</em></strong></span> 
     </span>
    </p>
   </div>
   <div class='ocr_carea' id='block_1_47' title="bbox 2121 2602 3662 2688">
    <p class='ocr_par' dir='ltr' id='par_1_47' title="bbox 2121 2606 3662 2688">
     <span class='ocr_line' id='line_1_47' title="bbox 2121 2606 3662 2688; baseline -0.006 -19"><span class='ocrx_word' id='word_1_284' title='bbox 2121 2614 2418 2685; x_wconf 58' lang='grc' dir='ltr'>κομίζοντες</span> <span class='ocrx_word' id='word_1_285' title='bbox 2451 2617 2517 2687; x_wconf 82' lang='grc' dir='ltr'><strong><em>τῇ</em></strong></span> <span class='ocrx_word' id='word_1_286' title='bbox 2554 2616 2825 2688; x_wconf 82' lang='grc' dir='ltr'>τιμιότητί</span> <span class='ocrx_word' id='word_1_287' title='bbox 2863 2633 2980 2677; x_wconf 89' lang='grc' dir='ltr'>σου,</span> <span class='ocrx_word' id='word_1_288' title='bbox 3014 2611 3150 2666; x_wconf 75' lang='grc' dir='ltr'>ἀλλὰ</span> <span class='ocrx_word' id='word_1_289' title='bbox 3190 2611 3280 2665; x_wconf 75' lang='grc' dir='ltr'><strong><em>διὰ</em></strong></span> <span class='ocrx_word' id='word_1_290' title='bbox 3312 2611 3378 2663; x_wconf 85' lang='grc' dir='ltr'><strong><em>τὺ</em></strong></span> <span class='ocrx_word' id='word_1_291' title='bbox 3408 2606 3662 2679; x_wconf 64' lang='lat'><strong><em>6:596:11-</em></strong></span> 
     </span>
    </p>
   </div>
   <div class='ocr_carea' id='block_1_48' title="bbox 435 2693 2008 2779">
    <p class='ocr_par' dir='ltr' id='par_1_48' title="bbox 435 2693 2004 2768">
     <span class='ocr_line' id='line_1_48' title="bbox 435 2693 2004 2768; baseline 0.005 -19"><span class='ocrx_word' id='word_1_292' title='bbox 435 2693 625 2760; x_wconf 86' lang='lat' dir='ltr'><strong><em>habes,</em></strong></span> <span class='ocrx_word' id='word_1_293' title='bbox 672 2698 1111 2768; x_wconf 78' lang='lat' dir='ltr'><strong><em>magnanimitati</em></strong></span> <span class='ocrx_word' id='word_1_294' title='bbox 1157 2707 1265 2755; x_wconf 68' lang='lat' dir='ltr'><strong><em>tua:</em></strong></span> <span class='ocrx_word' id='word_1_295' title='bbox 1305 2701 1510 2755; x_wconf 91' lang='lat' dir='ltr'><strong><em>nullam</em></strong></span> <span class='ocrx_word' id='word_1_296' title='bbox 1561 2701 1800 2757; x_wconf 85' lang='lat' dir='ltr'><strong><em>arbitror</em></strong></span> <span class='ocrx_word' id='word_1_297' title='bbox 1835 2703 2004 2758; x_wconf 90' lang='lat' dir='ltr'><strong><em>mole-</em></strong></span> 
     </span>
    </p>
   </div>
   <div class='ocr_carea' id='block_1_49' title="bbox 2121 2693 3678 2779">
    <p class='ocr_par' dir='ltr' id='par_1_49' title="bbox 2121 2698 3678 2779">
     <span class='ocr_line' id='line_1_49' title="bbox 2121 2698 3678 2779; baseline -0.003 -20"><span class='ocrx_word' id='word_1_298' title='bbox 2121 2717 2195 2760; x_wconf 59' lang='grc' dir='ltr'><strong><em>ιον</em></strong></span> <span class='ocrx_word' id='word_1_299' title='bbox 2225 2707 2324 2778; x_wconf 84' lang='grc' dir='ltr'>τῆς</span> <span class='ocrx_word' id='word_1_300' title='bbox 2358 2707 2456 2777; x_wconf 83' lang='grc' dir='ltr'>σῆς</span> <span class='ocrx_word' id='word_1_301' title='bbox 2489 2707 2617 2778; x_wconf 76' lang='grc' dir='ltr'>περὶ</span> <span class='ocrx_word' id='word_1_302' title='bbox 2643 2709 2791 2779; x_wconf 80' lang='grc' dir='ltr'>ἡμᾶς</span> <span class='ocrx_word' id='word_1_303' title='bbox 2836 2706 2945 2778; x_wconf 83' lang='grc'><strong><em>(57)</em></strong></span> <span class='ocrx_word' id='word_1_304' title='bbox 2993 2705 3161 2775; x_wconf 81' lang='grc' dir='ltr'>τιμῆς</span> <span class='ocrx_word' id='word_1_305' title='bbox 3186 2701 3435 2773; x_wconf 73' lang='grc' dir='ltr'>ἡγοῦμαι</span> <span class='ocrx_word' id='word_1_306' title='bbox 3461 2698 3521 2753; x_wconf 74' lang='grc' dir='ltr'><strong><em>τὸ</em></strong></span> <span class='ocrx_word' id='word_1_307' title='bbox 3545 2698 3678 2768; x_wconf 54' lang='lat' dir='ltr'><strong><em>aliis</em></strong></span> 
     </span>
    </p>
   </div>
   <div class='ocr_carea' id='block_1_50' title="bbox 436 2786 2008 2871">
    <p class='ocr_par' dir='ltr' id='par_1_50' title="bbox 436 2786 2002 2861">
     <span class='ocr_line' id='line_1_50' title="bbox 436 2786 2002 2861; baseline 0.004 -18"><span class='ocrx_word' id='word_1_308' title='bbox 436 2786 596 2843; x_wconf 87' lang='lat' dir='ltr'><strong><em>stiam</em></strong></span> <span class='ocrx_word' id='word_1_309' title='bbox 631 2789 982 2845; x_wconf 87' lang='lat' dir='ltr'><strong><em>multitudine</em></strong></span> <span class='ocrx_word' id='word_1_310' title='bbox 1013 2790 1318 2847; x_wconf 89' lang='lat' dir='ltr'><strong><em>litterarum</em></strong></span> <span class='ocrx_word' id='word_1_311' title='bbox 1343 2793 1610 2851; x_wconf 84' lang='lat' dir='ltr'><strong><em>exhiberi.</em></strong></span> <span class='ocrx_word' id='word_1_312' title='bbox 1635 2792 2002 2861; x_wconf 85' lang='lat' dir='ltr'><strong><em>Quamobrem</em></strong></span> 
     </span>
    </p>
   </div>
   <div class='ocr_carea' id='block_1_51' title="bbox 2121 2786 3663 2871">
    <p class='ocr_par' dir='ltr' id='par_1_51' title="bbox 2121 2793 3663 2871">
     <span class='ocr_line' id='line_1_51' title="bbox 2121 2793 3663 2871; baseline -0.006 -20"><span class='ocrx_word' id='word_1_313' title='bbox 2121 2798 2206 2863; x_wconf 85' lang='grc' dir='ltr'><strong><em>θος</em></strong></span> <span class='ocrx_word' id='word_1_314' title='bbox 2229 2798 2338 2852; x_wconf 82' lang='grc' dir='ltr'><strong><em>τῶν</em></strong></span> <span class='ocrx_word' id='word_1_315' title='bbox 2379 2799 2722 2871; x_wconf 83' lang='grc' dir='ltr'>γραμμάτων</span> <span class='ocrx_word' id='word_1_316' title='bbox 2758 2798 2913 2870; x_wconf 76' lang='grc' dir='ltr'>ὄχλον</span> <span class='ocrx_word' id='word_1_317' title='bbox 2947 2797 3147 2868; x_wconf 83' lang='grc' dir='ltr'>μηδένα</span> <span class='ocrx_word' id='word_1_318' title='bbox 3190 2793 3462 2865; x_wconf 84' lang='grc' dir='ltr'>παρέχειν</span> <span class='ocrx_word' id='word_1_319' title='bbox 3496 2793 3557 2862; x_wconf 81' lang='grc' dir='ltr'>τῇ</span> <span class='ocrx_word' id='word_1_320' title='bbox 3586 2806 3663 2860; x_wconf 82' lang='grc' dir='ltr'><strong><em>με·</em></strong></span> 
     </span>
    </p>
   </div>
   <div class='ocr_carea' id='block_1_52' title="bbox 437 2878 2008 2960">
    <p class='ocr_par' dir='ltr' id='par_1_52' title="bbox 437 2878 2003 2955">
     <span class='ocr_line' id='line_1_52' title="bbox 437 2878 2003 2955; baseline 0.004 -22"><span class='ocrx_word' id='word_1_321' title='bbox 437 2878 666 2936; x_wconf 85' lang='lat' dir='ltr'><strong><em>Iibenter</em></strong></span> <span class='ocrx_word' id='word_1_322' title='bbox 691 2881 819 2936; x_wconf 85' lang='lat' dir='ltr'><strong><em>huic</em></strong></span> <span class='ocrx_word' id='word_1_323' title='bbox 841 2880 1003 2953; x_wconf 65' lang='grc'><strong><em>423</em></strong></span> <span class='ocrx_word' id='word_1_324' title='bbox 1035 2886 1199 2939; x_wconf 85' lang='lat' dir='ltr'><strong><em>etiam</em></strong></span> <span class='ocrx_word' id='word_1_325' title='bbox 1223 2885 1380 2939; x_wconf 75' lang='lat' dir='ltr'><strong><em>fratri</em></strong></span> <span class='ocrx_word' id='word_1_326' title='bbox 1407 2886 1547 2939; x_wconf 89' lang='lat' dir='ltr'><strong><em>hanc</em></strong></span> <span class='ocrx_word' id='word_1_327' title='bbox 1576 2886 1860 2955; x_wconf 88' lang='lat' dir='ltr'><strong><em>epistolam</em></strong></span> <span class='ocrx_word' id='word_1_328' title='bbox 1888 2895 2003 2940; x_wconf 90' lang='lat' dir='ltr'><strong><em>tra-</em></strong></span> 
     </span>
    </p>
   </div>
   <div class='ocr_carea' id='block_1_53' title="bbox 2121 2878 3664 2960">
    <p class='ocr_par' dir='ltr' id='par_1_53' title="bbox 2121 2878 3664 2960">
     <span class='ocr_line' id='line_1_53' title="bbox 2121 2878 3664 2960; baseline -0.003 -17"><span class='ocrx_word' id='word_1_329' title='bbox 2121 2889 2369 2959; x_wconf 60' lang='lat' dir='ltr'><strong><em>ralocpu&#39;ia</em></strong></span> <span class='ocrx_word' id='word_1_330' title='bbox 2402 2906 2516 2944; x_wconf 89' lang='grc' dir='ltr'>σου.</span> <span class='ocrx_word' id='word_1_331' title='bbox 2561 2889 2660 2943; x_wconf 77' lang='grc' dir='ltr'>Διὰ</span> <span class='ocrx_word' id='word_1_332' title='bbox 2704 2889 2862 2944; x_wconf 82' lang='grc' dir='ltr'>τοῦτο</span> <span class='ocrx_word' id='word_1_333' title='bbox 2905 2886 3198 2960; x_wconf 80' lang='grc' dir='ltr'>προθύμως</span> <span class='ocrx_word' id='word_1_334' title='bbox 3229 2887 3331 2939; x_wconf 80' lang='grc' dir='ltr'>καὶ</span> <span class='ocrx_word' id='word_1_335' title='bbox 3363 2882 3444 2954; x_wconf 81' lang='grc' dir='ltr'><strong><em>τῷ</em></strong></span> <span class='ocrx_word' id='word_1_336' title='bbox 3478 2878 3664 2949; x_wconf 64' lang='grc' dir='ltr'>ἀδελφῷ</span> 
     </span>
    </p>
   </div>
   <div class='ocr_carea' id='block_1_54' title="bbox 436 2972 2008 3053">
    <p class='ocr_par' dir='ltr' id='par_1_54' title="bbox 436 2972 2004 3048">
     <span class='ocr_line' id='line_1_54' title="bbox 436 2972 2004 3048; baseline 0.003 -20"><span class='ocrx_word' id='word_1_337' title='bbox 436 2972 581 3037; x_wconf 89' lang='lat' dir='ltr'><strong><em>didi;</em></strong></span> <span class='ocrx_word' id='word_1_338' title='bbox 618 2989 741 3029; x_wconf 89' lang='lat' dir='ltr'><strong><em>cum</em></strong></span> <span class='ocrx_word' id='word_1_339' title='bbox 775 2975 904 3028; x_wconf 91' lang='lat' dir='ltr'><strong><em>mihi</em></strong></span> <span class='ocrx_word' id='word_1_340' title='bbox 935 2985 1277 3046; x_wconf 87' lang='lat' dir='ltr'><strong><em>compertum</em></strong></span> <span class='ocrx_word' id='word_1_341' title='bbox 1309 2978 1383 3033; x_wconf 90' lang='lat' dir='ltr'><strong><em>sit</em></strong></span> <span class='ocrx_word' id='word_1_342' title='bbox 1425 2986 1480 3033; x_wconf 89' lang='lat' dir='ltr'><strong><em>et</em></strong></span> <span class='ocrx_word' id='word_1_343' title='bbox 1523 2978 1703 3048; x_wconf 88' lang='lat' dir='ltr'><strong><em>ipsum</em></strong></span> <span class='ocrx_word' id='word_1_344' title='bbox 1737 2980 2004 3045; x_wconf 89' lang='lat' dir='ltr'><strong><em>omnium,</em></strong></span> 
     </span>
    </p>
   </div>
   <div class='ocr_carea' id='block_1_55' title="bbox 2121 2972 3655 3053">
    <p class='ocr_par' dir='ltr' id='par_1_55' title="bbox 2121 2973 3655 3053">
     <span class='ocr_line' id='line_1_55' title="bbox 2121 2973 3655 3053; baseline -0.006 -18"><span class='ocrx_word' id='word_1_345' title='bbox 2121 2981 2276 3053; x_wconf 80' lang='grc' dir='ltr'>τούτῳ</span> <span class='ocrx_word' id='word_1_346' title='bbox 2306 2980 2405 3053; x_wconf 86' lang='grc' dir='ltr'>τὴν</span> <span class='ocrx_word' id='word_1_347' title='bbox 2433 2980 2717 3053; x_wconf 84' lang='grc' dir='ltr'>ἐπιστολὴν</span> <span class='ocrx_word' id='word_1_348' title='bbox 2752 2981 2928 3035; x_wconf 76' lang='grc' dir='ltr'>ἔδωκα</span> <span class='ocrx_word' id='word_1_349' title='bbox 2974 2979 3084 3051; x_wconf 78' lang='grc'><strong><em>(58)</em></strong></span> <span class='ocrx_word' id='word_1_350' title='bbox 3128 2978 3339 3048; x_wconf 86' lang='grc' dir='ltr'>ταύτην</span> <span class='ocrx_word' id='word_1_351' title='bbox 3364 2993 3379 3007; x_wconf 79' lang='grc' dir='ltr'><strong><em>ο</em></strong></span> <span class='ocrx_word' id='word_1_352' title='bbox 3411 2974 3564 3037; x_wconf 82' lang='grc' dir='ltr'>εἰδὼς</span> <span class='ocrx_word' id='word_1_353' title='bbox 3588 2973 3655 3026; x_wconf 81' lang='grc' dir='ltr'>ὅτι</span> 
     </span>
    </p>
   </div>
   <div class='ocr_carea' id='block_1_56' title="bbox 438 3063 2008 3140">
    <p class='ocr_par' dir='ltr' id='par_1_56' title="bbox 438 3064 2007 3140">
     <span class='ocr_line' id='line_1_56' title="bbox 438 3064 2007 3140; baseline 0.003 -22"><span class='ocrx_word' id='word_1_354' title='bbox 438 3080 559 3134; x_wconf 67' lang='grc' dir='ltr'><strong><em>ηοω</em></strong></span> <span class='ocrx_word' id='word_1_355' title='bbox 589 3064 645 3119; x_wconf 91' lang='lat' dir='ltr'><strong><em>in</em></strong></span> <span class='ocrx_word' id='word_1_356' title='bbox 673 3067 875 3138; x_wconf 89' lang='lat' dir='ltr'><strong><em>optatis</em></strong></span> <span class='ocrx_word' id='word_1_357' title='bbox 904 3066 1089 3132; x_wconf 88' lang='lat' dir='ltr'><strong><em>habet,</em></strong></span> <span class='ocrx_word' id='word_1_358' title='bbox 1121 3076 1434 3138; x_wconf 88' lang='lat' dir='ltr'><strong><em>compotem</em></strong></span> <span class='ocrx_word' id='word_1_359' title='bbox 1479 3068 1617 3134; x_wconf 83' lang='lat' dir='ltr'><strong><em>fore,</em></strong></span> <span class='ocrx_word' id='word_1_360' title='bbox 1653 3079 1706 3125; x_wconf 88' lang='lat' dir='ltr'><strong><em>et</em></strong></span> <span class='ocrx_word' id='word_1_361' title='bbox 1739 3084 1825 3124; x_wconf 90' lang='lat' dir='ltr'><strong><em>me</em></strong></span> <span class='ocrx_word' id='word_1_362' title='bbox 1864 3071 2007 3140; x_wconf 88' lang='lat' dir='ltr'><strong><em>apud</em></strong></span> 
     </span>
    </p>
   </div>
   <div class='ocr_carea' id='block_1_57' title="bbox 2121 3063 3663 3140">
    <p class='ocr_par' dir='ltr' id='par_1_57' title="bbox 2121 3063 3663 3138">
     <span class='ocr_line' id='line_1_57' title="bbox 2121 3063 3663 3138; baseline -0.005 -13"><span class='ocrx_word' id='word_1_363' title='bbox 2121 3073 2190 3125; x_wconf 74' lang='grc' dir='ltr'><strong><em>εαὶ</em></strong></span> <span class='ocrx_word' id='word_1_364' title='bbox 2222 3072 2385 3135; x_wconf 82' lang='grc' dir='ltr'>αὐτὸς</span> <span class='ocrx_word' id='word_1_365' title='bbox 2412 3072 2628 3126; x_wconf 85' lang='grc' dir='ltr'>πάντων</span> <span class='ocrx_word' id='word_1_366' title='bbox 2659 3070 2910 3137; x_wconf 80' lang='grc' dir='ltr'>τεύξεται</span> <span class='ocrx_word' id='word_1_367' title='bbox 2940 3070 3047 3125; x_wconf 84' lang='grc' dir='ltr'><strong><em>τῶν</em></strong></span> <span class='ocrx_word' id='word_1_368' title='bbox 3078 3068 3555 3138; x_wconf 79' lang='grc' dir='ltr'>σπουδαζομένων,</span> <span class='ocrx_word' id='word_1_369' title='bbox 3584 3063 3663 3116; x_wconf 69' lang='grc' dir='ltr'>καὶ</span> 
     </span>
    </p>
   </div>
   <div class='ocr_carea' id='block_1_58' title="bbox 439 3150 2008 3234">
    <p class='ocr_par' dir='ltr' id='par_1_58' title="bbox 439 3157 2005 3234">
     <span class='ocr_line' id='line_1_58' title="bbox 439 3157 2005 3234; baseline 0.004 -24"><span class='ocrx_word' id='word_1_370' title='bbox 439 3164 494 3212; x_wconf 91' lang='lat' dir='ltr'><strong><em>te</em></strong></span> <span class='ocrx_word' id='word_1_371' title='bbox 524 3157 665 3212; x_wconf 91' lang='lat' dir='ltr'><strong><em>inter</em></strong></span> <span class='ocrx_word' id='word_1_372' title='bbox 697 3157 970 3215; x_wconf 84' lang='lat' dir='ltr'><strong><em>beneﬁcos</em></strong></span> <span class='ocrx_word' id='word_1_373' title='bbox 1012 3161 1435 3226; x_wconf 86' lang='lat' dir='ltr'><strong><em>numerandum,</em></strong></span> <span class='ocrx_word' id='word_1_374' title='bbox 1476 3164 1569 3234; x_wconf 90' lang='lat' dir='ltr'><strong><em>qui</em></strong></span> <span class='ocrx_word' id='word_1_375' title='bbox 1617 3162 2005 3218; x_wconf 89' lang='lat' dir='ltr'><strong><em>beneﬁciorum</em></strong></span> 
     </span>
    </p>
   </div>
   <div class='ocr_carea' id='block_1_59' title="bbox 2121 3150 3657 3234">
    <p class='ocr_par' dir='ltr' id='par_1_59' title="bbox 2121 3150 3657 3234">
     <span class='ocr_line' id='line_1_59' title="bbox 2121 3150 3657 3234; baseline -0.008 -19"><span class='ocrx_word' id='word_1_376' title='bbox 2121 3164 2265 3232; x_wconf 57' lang='grc' dir='ltr'>ῇμεῖς</span> <span class='ocrx_word' id='word_1_377' title='bbox 2311 3164 2370 3216; x_wconf 82' lang='grc' dir='ltr'><strong><em>ἐν</em></strong></span> <span class='ocrx_word' id='word_1_378' title='bbox 2394 3164 2507 3226; x_wconf 87' lang='grc' dir='ltr'>τοῖς</span> <span class='ocrx_word' id='word_1_379' title='bbox 2539 3163 2855 3234; x_wconf 80' lang='grc' dir='ltr'>εὐεργέταις</span> <span class='ocrx_word' id='word_1_380' title='bbox 2895 3156 3338 3231; x_wconf 85' lang='grc' dir='ltr'>λογισθησόμεθα</span> <span class='ocrx_word' id='word_1_381' title='bbox 3384 3153 3534 3228; x_wconf 76' lang='grc' dir='ltr'>παρὰ</span> <span class='ocrx_word' id='word_1_382' title='bbox 3572 3150 3657 3212; x_wconf 77' lang='grc' dir='ltr'>σοὶ,</span> 
     </span>
    </p>
   </div>
   <div class='ocr_carea' id='block_1_60' title="bbox 440 3241 2008 3323">
    <p class='ocr_par' dir='ltr' id='par_1_60' title="bbox 440 3249 2005 3320">
     <span class='ocr_line' id='line_1_60' title="bbox 440 3249 2005 3320; baseline 0.004 -18"><span class='ocrx_word' id='word_1_383' title='bbox 440 3249 761 3304; x_wconf 87' lang='lat' dir='ltr'><strong><em>occasiones</em></strong></span> <span class='ocrx_word' id='word_1_384' title='bbox 785 3250 941 3305; x_wconf 71' lang='lat' dir='ltr'><strong><em>bona:</em></strong></span> <span class='ocrx_word' id='word_1_385' title='bbox 966 3260 1070 3307; x_wconf 66' lang='lat' dir='ltr'><strong><em>tum</em></strong></span> <span class='ocrx_word' id='word_1_386' title='bbox 1092 3253 1361 3308; x_wconf 82' lang='lat' dir='ltr'><strong><em>voluntati</em></strong></span> <span class='ocrx_word' id='word_1_387' title='bbox 1387 3253 1712 3310; x_wconf 88' lang='lat' dir='ltr'><strong><em>ministrem.</em></strong></span> <span class='ocrx_word' id='word_1_388' title='bbox 1739 3252 1912 3320; x_wconf 86' lang='lat' dir='ltr'><strong><em>Quam</em></strong></span> <span class='ocrx_word' id='word_1_389' title='bbox 1937 3253 2005 3308; x_wconf 85' lang='lat' dir='ltr'><strong><em>ad</em></strong></span> 
     </span>
    </p>
   </div>
   <div class='ocr_carea' id='block_1_61' title="bbox 2121 3241 3661 3323">
    <p class='ocr_par' dir='ltr' id='par_1_61' title="bbox 2121 3241 3661 3323">
     <span class='ocr_line' id='line_1_61' title="bbox 2121 3241 3661 3323; baseline -0.012 -12"><span class='ocrx_word' id='word_1_390' title='bbox 2121 3251 2357 3323; x_wconf 71' lang='grc' dir='ltr'>ὶφορμὰς</span> <span class='ocrx_word' id='word_1_391' title='bbox 2391 3251 2645 3306; x_wconf 75' lang='grc' dir='ltr'>εὐποιιῶν</span> <span class='ocrx_word' id='word_1_392' title='bbox 2688 3251 3070 3323; x_wconf 81' lang='grc' dir='ltr'>προξενοῦντες</span> <span class='ocrx_word' id='word_1_393' title='bbox 3107 3252 3175 3321; x_wconf 81' lang='grc' dir='ltr'><strong><em>τῇ</em></strong></span> <span class='ocrx_word' id='word_1_394' title='bbox 3205 3247 3396 3317; x_wconf 81' lang='grc' dir='ltr'>ἀγαθῇ</span> <span class='ocrx_word' id='word_1_395' title='bbox 3429 3241 3661 3315; x_wconf 82' lang='grc' dir='ltr'>προαιρέ-</span> 
     </span>
    </p>
   </div>
   <div class='ocr_carea' id='block_1_62' title="bbox 440 3330 2008 3415">
    <p class='ocr_par' dir='ltr' id='par_1_62' title="bbox 440 3340 2008 3414">
     <span class='ocr_line' id='line_1_62' title="bbox 440 3340 2008 3414; baseline 0.005 -23"><span class='ocrx_word' id='word_1_396' title='bbox 440 3353 554 3393; x_wconf 89' lang='lat' dir='ltr'><strong><em>rem</em></strong></span> <span class='ocrx_word' id='word_1_397' title='bbox 580 3340 763 3409; x_wconf 90' lang='lat' dir='ltr'><strong><em>itaque</em></strong></span> <span class='ocrx_word' id='word_1_398' title='bbox 800 3342 1104 3410; x_wconf 85' lang='lat' dir='ltr'><strong><em>patrocinio</em></strong></span> <span class='ocrx_word' id='word_1_399' title='bbox 1136 3350 1232 3398; x_wconf 93' lang='lat' dir='ltr'><strong><em>tuo</em></strong></span> <span class='ocrx_word' id='word_1_400' title='bbox 1265 3343 1525 3414; x_wconf 81' lang='lat' dir='ltr'><strong><em>indigeat,</em></strong></span> <span class='ocrx_word' id='word_1_401' title='bbox 1554 3344 1669 3414; x_wconf 91' lang='lat' dir='ltr'><strong><em>ipse</em></strong></span> <span class='ocrx_word' id='word_1_402' title='bbox 1697 3342 1798 3399; x_wconf 86' lang='lat' dir='ltr'><strong><em>tibi</em></strong></span> <span class='ocrx_word' id='word_1_403' title='bbox 1840 3358 2008 3414; x_wconf 81' lang='lat' dir='ltr'><strong><em>expo-</em></strong></span> 
     </span>
    </p>
   </div>
   <div class='ocr_carea' id='block_1_63' title="bbox 2121 3330 3657 3415">
    <p class='ocr_par' dir='ltr' id='par_1_63' title="bbox 2121 3336 3657 3415">
     <span class='ocr_line' id='line_1_63' title="bbox 2121 3336 3657 3415; baseline -0.007 -20"><span class='ocrx_word' id='word_1_404' title='bbox 2121 3359 2195 3395; x_wconf 79' lang='grc' dir='ltr'><strong><em>σει</em></strong></span> <span class='ocrx_word' id='word_1_405' title='bbox 2226 3359 2341 3396; x_wconf 91' lang='grc' dir='ltr'>σου.</span> <span class='ocrx_word' id='word_1_406' title='bbox 2383 3342 2455 3396; x_wconf 85' lang='grc' dir='ltr'><strong><em>Τὸ</em></strong></span> <span class='ocrx_word' id='word_1_407' title='bbox 2491 3344 2588 3414; x_wconf 87' lang='grc' dir='ltr'>μὲν</span> <span class='ocrx_word' id='word_1_408' title='bbox 2629 3339 2721 3397; x_wconf 79' lang='grc' dir='ltr'>οὖν</span> <span class='ocrx_word' id='word_1_409' title='bbox 2766 3344 2998 3415; x_wconf 84' lang='grc' dir='ltr'>πρᾶγμα</span> <span class='ocrx_word' id='word_1_410' title='bbox 3038 3343 3118 3398; x_wconf 73' lang='grc' dir='ltr'><strong><em>είς</em></strong></span> <span class='ocrx_word' id='word_1_411' title='bbox 3148 3340 3177 3393; x_wconf 86' lang='grc' dir='ltr'><strong>ὃ</strong></span> <span class='ocrx_word' id='word_1_412' title='bbox 3208 3339 3385 3392; x_wconf 83' lang='grc' dir='ltr'>δεῖται</span> <span class='ocrx_word' id='word_1_413' title='bbox 3432 3336 3529 3405; x_wconf 84' lang='grc' dir='ltr'><strong><em>τῆς</em></strong></span> <span class='ocrx_word' id='word_1_414' title='bbox 3556 3347 3657 3402; x_wconf 78' lang='grc' dir='ltr'>προ·</span> 
     </span>
    </p>
   </div>
   <div class='ocr_carea' id='block_1_64' title="bbox 441 3420 2008 3507">
    <p class='ocr_par' dir='ltr' id='par_1_64' title="bbox 441 3431 2008 3505">
     <span class='ocr_line' id='line_1_64' title="bbox 441 3431 2008 3505; baseline 0.003 -20"><span class='ocrx_word' id='word_1_415' title='bbox 441 3438 556 3497; x_wconf 89' lang='lat' dir='ltr'><strong><em>net,</em></strong></span> <span class='ocrx_word' id='word_1_416' title='bbox 586 3431 633 3487; x_wconf 88' lang='lat' dir='ltr'><strong><em>si</em></strong></span> <span class='ocrx_word' id='word_1_417' title='bbox 663 3432 825 3487; x_wconf 90' lang='lat' dir='ltr'><strong><em>modo</em></strong></span> <span class='ocrx_word' id='word_1_418' title='bbox 849 3433 1001 3487; x_wconf 91' lang='lat' dir='ltr'><strong><em>illum</em></strong></span> <span class='ocrx_word' id='word_1_419' title='bbox 1030 3433 1266 3501; x_wconf 82' lang='lat' dir='ltr'><strong><em>benigno</em></strong></span> <span class='ocrx_word' id='word_1_420' title='bbox 1285 3434 1527 3505; x_wconf 81' lang='lat' dir='ltr'><strong><em>digneris</em></strong></span> <span class='ocrx_word' id='word_1_421' title='bbox 1555 3435 2008 3505; x_wconf 80' lang='lat' dir='ltr'><strong><em>aspicereoculo,</em></strong></span> 
     </span>
    </p>
   </div>
   <div class='ocr_carea' id='block_1_65' title="bbox 2121 3420 3662 3507">
    <p class='ocr_par' dir='ltr' id='par_1_65' title="bbox 2121 3420 3662 3507">
     <span class='ocr_line' id='line_1_65' title="bbox 2121 3420 3662 3507; baseline -0.008 -19"><span class='ocrx_word' id='word_1_422' title='bbox 2121 3436 2337 3500; x_wconf 76' lang='grc' dir='ltr'>ςτασίας</span> <span class='ocrx_word' id='word_1_423' title='bbox 2370 3452 2485 3499; x_wconf 87' lang='grc' dir='ltr'>σου,</span> <span class='ocrx_word' id='word_1_424' title='bbox 2511 3435 2668 3499; x_wconf 79' lang='grc' dir='ltr'>αὐτὸς</span> <span class='ocrx_word' id='word_1_425' title='bbox 2697 3436 2833 3507; x_wconf 85' lang='grc' dir='ltr'>ἐρεῖ,</span> <span class='ocrx_word' id='word_1_426' title='bbox 2862 3435 2957 3488; x_wconf 82' lang='grc' dir='ltr'>ἐὰν</span> <span class='ocrx_word' id='word_1_427' title='bbox 2987 3433 3149 3488; x_wconf 79' lang='grc' dir='ltr'>αὑτὸν</span> <span class='ocrx_word' id='word_1_428' title='bbox 3172 3432 3400 3503; x_wconf 80' lang='grc' dir='ltr'>εὐμενεῖ</span> <span class='ocrx_word' id='word_1_429' title='bbox 3424 3420 3662 3487; x_wconf 78' lang='grc' dir='ltr'>καταξιὼο</span> 
     </span>
    </p>
   </div>
   <div class='ocr_carea' id='block_1_66' title="bbox 442 3516 2008 3600">
    <p class='ocr_par' dir='ltr' id='par_1_66' title="bbox 442 3524 2008 3598">
     <span class='ocr_line' id='line_1_66' title="bbox 442 3524 2008 3598; baseline 0.003 -21"><span class='ocrx_word' id='word_1_430' title='bbox 442 3524 602 3593; x_wconf 89' lang='lat' dir='ltr'><strong><em>eique</em></strong></span> <span class='ocrx_word' id='word_1_431' title='bbox 632 3525 775 3595; x_wconf 90' lang='lat' dir='ltr'><strong><em>apud</em></strong></span> <span class='ocrx_word' id='word_1_432' title='bbox 806 3525 1316 3596; x_wconf 73' lang='lat' dir='ltr'><strong><em>praestantissimam</em></strong></span> <span class='ocrx_word' id='word_1_433' title='bbox 1362 3535 1510 3581; x_wconf 89' lang='lat' dir='ltr'><strong><em>tuam</em></strong></span> <span class='ocrx_word' id='word_1_434' title='bbox 1554 3534 1884 3598; x_wconf 88' lang='lat' dir='ltr'><strong><em>potestatem</em></strong></span> <span class='ocrx_word' id='word_1_435' title='bbox 1931 3528 2008 3582; x_wconf 87' lang='lat' dir='ltr'><strong><em>lo-</em></strong></span> 
     </span>
    </p>
   </div>
   <div class='ocr_carea' id='block_1_67' title="bbox 2121 3516 3663 3600">
    <p class='ocr_par' dir='ltr' id='par_1_67' title="bbox 2121 3516 3663 3600">
     <span class='ocr_line' id='line_1_67' title="bbox 2121 3516 3663 3600; baseline -0.011 -17"><span class='ocrx_word' id='word_1_436' title='bbox 2121 3544 2213 3598; x_wconf 69' lang='grc' dir='ltr'><strong><em>πῃς</em></strong></span> <span class='ocrx_word' id='word_1_437' title='bbox 2262 3528 2534 3600; x_wconf 86' lang='grc' dir='ltr'>προσιδεῖν</span> <span class='ocrx_word' id='word_1_438' title='bbox 2575 3527 2655 3598; x_wconf 81' lang='grc' dir='ltr'><strong><em>τῷ</em></strong></span> <span class='ocrx_word' id='word_1_439' title='bbox 2688 3526 2981 3598; x_wconf 82' lang='grc' dir='ltr'>βλέμματι,</span> <span class='ocrx_word' id='word_1_440' title='bbox 3029 3524 3121 3578; x_wconf 75' lang='grc' dir='ltr'><strong><em>καὶ</em></strong></span> <span class='ocrx_word' id='word_1_441' title='bbox 3158 3521 3262 3592; x_wconf 79' lang='grc' dir='ltr'><strong><em>δῷς</em></strong></span> <span class='ocrx_word' id='word_1_442' title='bbox 3295 3518 3454 3590; x_wconf 75' lang='grc' dir='ltr'>αὐτῷ</span> <span class='ocrx_word' id='word_1_443' title='bbox 3494 3516 3663 3586; x_wconf 75' lang='grc' dir='ltr'>θάροις</span> 
     </span>
    </p>
   </div>
   <div class='ocr_carea' id='block_1_68' title="bbox 443 3607 2008 3691">
    <p class='ocr_par' dir='ltr' id='par_1_68' title="bbox 443 3616 2008 3690">
     <span class='ocr_line' id='line_1_68' title="bbox 443 3616 2008 3690; baseline 0.003 -20"><span class='ocrx_word' id='word_1_444' title='bbox 443 3616 648 3686; x_wconf 88' lang='lat' dir='ltr'><strong><em>quendi</em></strong></span> <span class='ocrx_word' id='word_1_445' title='bbox 683 3617 937 3672; x_wconf 83' lang='lat' dir='ltr'><strong><em>ﬁduciam</em></strong></span> <span class='ocrx_word' id='word_1_446' title='bbox 963 3617 1199 3674; x_wconf 90' lang='lat' dir='ltr'><strong><em>dederis.</em></strong></span> <span class='ocrx_word' id='word_1_447' title='bbox 1235 3616 1348 3689; x_wconf 85' lang='lat' dir='ltr'><strong><em>Ego</em></strong></span> <span class='ocrx_word' id='word_1_448' title='bbox 1371 3627 1549 3675; x_wconf 88' lang='lat' dir='ltr'><strong><em>autem</em></strong></span> <span class='ocrx_word' id='word_1_449' title='bbox 1581 3620 1633 3674; x_wconf 86' lang='lat' dir='ltr'><strong><em>id</em></strong></span> <span class='ocrx_word' id='word_1_450' title='bbox 1659 3620 1805 3690; x_wconf 89' lang='lat' dir='ltr'><strong><em>quod</em></strong></span> <span class='ocrx_word' id='word_1_451' title='bbox 1842 3620 1898 3675; x_wconf 90' lang='lat' dir='ltr'><strong><em>in</em></strong></span> <span class='ocrx_word' id='word_1_452' title='bbox 1927 3635 2008 3675; x_wconf 84' lang='lat' dir='ltr'><strong><em>me</em></strong></span> 
     </span>
    </p>
   </div>
   <div class='ocr_carea' id='block_1_69' title="bbox 2121 3607 3661 3691">
    <p class='ocr_par' dir='ltr' id='par_1_69' title="bbox 2121 3607 3661 3691">
     <span class='ocr_line' id='line_1_69' title="bbox 2121 3607 3661 3691; baseline -0.01 -18"><span class='ocrx_word' id='word_1_453' title='bbox 2121 3618 2253 3673; x_wconf 75' lang='grc' dir='ltr'>ὥστε</span> <span class='ocrx_word' id='word_1_454' title='bbox 2300 3619 2485 3691; x_wconf 78' lang='grc' dir='ltr'>φωνὴν</span> <span class='ocrx_word' id='word_1_455' title='bbox 2531 3618 2692 3691; x_wconf 82' lang='grc' dir='ltr'>ῥῆξαι</span> <span class='ocrx_word' id='word_1_456' title='bbox 2724 3618 2815 3671; x_wconf 81' lang='grc' dir='ltr'>ἐπὶ</span> <span class='ocrx_word' id='word_1_457' title='bbox 2843 3617 2942 3689; x_wconf 81' lang='grc' dir='ltr'>τῆς</span> <span class='ocrx_word' id='word_1_458' title='bbox 2974 3614 3213 3686; x_wconf 81' lang='grc' dir='ltr'>μεγάλης</span> <span class='ocrx_word' id='word_1_459' title='bbox 3249 3629 3345 3664; x_wconf 88' lang='grc' dir='ltr'><strong><em>σου</em></strong></span> <span class='ocrx_word' id='word_1_460' title='bbox 3386 3608 3480 3663; x_wconf 66' lang='grc' dir='ltr'>καὶ</span> <span class='ocrx_word' id='word_1_461' title='bbox 3518 3607 3661 3673; x_wconf 83' lang='grc' dir='ltr'>ὑπερ-</span> 
     </span>
    </p>
   </div>
   <div class='ocr_carea' id='block_1_70' title="bbox 446 3705 2014 3781">
    <p class='ocr_par' dir='ltr' id='par_1_70' title="bbox 446 3705 2014 3781">
     <span class='ocr_line' id='line_1_70' title="bbox 446 3705 2014 3781; baseline 0.002 -21"><span class='ocrx_word' id='word_1_462' title='bbox 446 3705 613 3760; x_wconf 89' lang='lat' dir='ltr'><strong><em>situm</em></strong></span> <span class='ocrx_word' id='word_1_463' title='bbox 650 3717 774 3771; x_wconf 85' lang='lat' dir='ltr'><strong><em>est,</em></strong></span> <span class='ocrx_word' id='word_1_464' title='bbox 805 3722 902 3778; x_wconf 89' lang='lat' dir='ltr'><strong><em>per</em></strong></span> <span class='ocrx_word' id='word_1_465' title='bbox 930 3708 1144 3764; x_wconf 85' lang='lat' dir='ltr'><strong><em>litteras</em></strong></span> <span class='ocrx_word' id='word_1_466' title='bbox 1185 3706 1429 3772; x_wconf 82' lang='lat' dir='ltr'><strong><em>declare,</em></strong></span> <span class='ocrx_word' id='word_1_467' title='bbox 1461 3709 1728 3781; x_wconf 90' lang='lat' dir='ltr'><strong><em>quidquid</em></strong></span> <span class='ocrx_word' id='word_1_468' title='bbox 1776 3711 1830 3765; x_wconf 93' lang='lat' dir='ltr'><strong><em>in</em></strong></span> <span class='ocrx_word' id='word_1_469' title='bbox 1861 3710 2014 3764; x_wconf 89' lang='lat' dir='ltr'><strong><em>illum</em></strong></span> 
     </span>
    </p>
   </div>
   <div class='ocr_carea' id='block_1_71' title="bbox 444 3796 2018 3874">
    <p class='ocr_par' dir='ltr' id='par_1_71' title="bbox 444 3796 2018 3874">
     <span class='ocr_line' id='line_1_71' title="bbox 444 3796 2018 3874; baseline 0.002 -21"><span class='ocrx_word' id='word_1_470' title='bbox 444 3796 560 3863; x_wconf 83' lang='lat' dir='ltr'><strong><em>ﬁet,</em></strong></span> <span class='ocrx_word' id='word_1_471' title='bbox 591 3799 871 3870; x_wconf 85' lang='lat' dir='ltr'><strong><em>proprium</em></strong></span> <span class='ocrx_word' id='word_1_472' title='bbox 910 3800 1046 3854; x_wconf 90' lang='lat' dir='ltr'><strong><em>mihi</em></strong></span> <span class='ocrx_word' id='word_1_473' title='bbox 1076 3800 1504 3865; x_wconf 84' lang='lat' dir='ltr'><strong><em>emolumentum</em></strong></span> <span class='ocrx_word' id='word_1_474' title='bbox 1536 3802 1743 3869; x_wconf 69' lang='lat' dir='ltr'><strong><em>videri:</em></strong></span> <span class='ocrx_word' id='word_1_475' title='bbox 1789 3818 2018 3874; x_wconf 65' lang='lat' dir='ltr'><strong><em>praeser-</em></strong></span> 
     </span>
    </p>
   </div>
   <div class='ocr_carea' id='block_1_72' title="bbox 444 3888 2019 3962">
    <p class='ocr_par' dir='ltr' id='par_1_72' title="bbox 444 3888 2019 3962">
     <span class='ocr_line' id='line_1_72' title="bbox 444 3888 2019 3962; baseline 0.004 -19"><span class='ocrx_word' id='word_1_476' title='bbox 444 3888 544 3943; x_wconf 87' lang='lat' dir='ltr'><strong><em>tim</em></strong></span> <span class='ocrx_word' id='word_1_477' title='bbox 575 3889 704 3959; x_wconf 91' lang='lat' dir='ltr'><strong><em>quia</em></strong></span> <span class='ocrx_word' id='word_1_478' title='bbox 727 3888 928 3962; x_wconf 84' lang='lat' dir='ltr'><strong><em>Tyanis</em></strong></span> <span class='ocrx_word' id='word_1_479' title='bbox 965 3889 1264 3960; x_wconf 76' lang='lat' dir='ltr'><strong><em>profectus,</em></strong></span> <span class='ocrx_word' id='word_1_480' title='bbox 1297 3891 1442 3947; x_wconf 86' lang='lat' dir='ltr'><strong><em>hanc</em></strong></span> <span class='ocrx_word' id='word_1_481' title='bbox 1471 3892 1542 3948; x_wconf 89' lang='lat' dir='ltr'><strong><em>ob</em></strong></span> <span class='ocrx_word' id='word_1_482' title='bbox 1571 3891 1794 3950; x_wconf 87' lang='lat' dir='ltr'><strong><em>causam</em></strong></span> <span class='ocrx_word' id='word_1_483' title='bbox 1825 3894 1892 3950; x_wconf 87' lang='lat' dir='ltr'><strong><em>ad</em></strong></span> <span class='ocrx_word' id='word_1_484' title='bbox 1930 3909 2019 3949; x_wconf 90' lang='lat' dir='ltr'><strong><em>me</em></strong></span> 
     </span>
    </p>
   </div>
   <div class='ocr_carea' id='block_1_73' title="bbox 445 3982 2018 4055">
    <p class='ocr_par' dir='ltr' id='par_1_73' title="bbox 445 3982 2018 4055">
     <span class='ocr_line' id='line_1_73' title="bbox 445 3982 2018 4055; baseline 0.004 -20"><span class='ocrx_word' id='word_1_485' title='bbox 445 3982 618 4046; x_wconf 79' lang='lat' dir='ltr'><strong><em>venit,</em></strong></span> <span class='ocrx_word' id='word_1_486' title='bbox 651 3984 809 4052; x_wconf 87' lang='lat' dir='ltr'><strong><em>quasi</em></strong></span> <span class='ocrx_word' id='word_1_487' title='bbox 836 3997 1092 4055; x_wconf 88' lang='lat' dir='ltr'><strong><em>magnum</em></strong></span> <span class='ocrx_word' id='word_1_488' title='bbox 1123 3982 1344 4054; x_wconf 83' lang='lat' dir='ltr'><strong><em>aliquod</em></strong></span> <span class='ocrx_word' id='word_1_489' title='bbox 1376 3985 1590 4041; x_wconf 91' lang='lat' dir='ltr'><strong><em>lucrum</em></strong></span> <span class='ocrx_word' id='word_1_490' title='bbox 1624 3987 1935 4054; x_wconf 90' lang='lat' dir='ltr'><strong><em>habiturus,</em></strong></span> <span class='ocrx_word' id='word_1_491' title='bbox 1972 3988 2018 4044; x_wconf 90' lang='lat' dir='ltr'><strong><em>si</em></strong></span> 
     </span>
    </p>
   </div>
   <div class='ocr_carea' id='block_1_74' title="bbox 449 4071 2021 4148">
    <p class='ocr_par' dir='ltr' id='par_1_74' title="bbox 449 4071 2021 4148">
     <span class='ocr_line' id='line_1_74' title="bbox 449 4071 2021 4148; baseline 0.005 -23"><span class='ocrx_word' id='word_1_492' title='bbox 449 4071 737 4141; x_wconf 86' lang='lat' dir='ltr'><strong><em>epistolam</em></strong></span> <span class='ocrx_word' id='word_1_493' title='bbox 783 4087 960 4127; x_wconf 89' lang='lat' dir='ltr'><strong><em>meam</em></strong></span> <span class='ocrx_word' id='word_1_494' title='bbox 1006 4071 1175 4127; x_wconf 82' lang='lat' dir='ltr'><strong><em>veluti</em></strong></span> <span class='ocrx_word' id='word_1_495' title='bbox 1222 4073 1583 4144; x_wconf 84' lang='lat' dir='ltr'><strong><em>supplicantis</em></strong></span> <span class='ocrx_word' id='word_1_496' title='bbox 1628 4076 1842 4148; x_wconf 81' lang='lat' dir='ltr'><strong><em>insigne</em></strong></span> <span class='ocrx_word' id='word_1_497' title='bbox 1890 4093 2021 4148; x_wconf 90' lang='lat' dir='ltr'><strong><em>pro-</em></strong></span> 
     </span>
    </p>
   </div>
   <div class='ocr_carea' id='block_1_75' title="bbox 453 4161 2021 4241">
    <p class='ocr_par' dir='ltr' id='par_1_75' title="bbox 453 4161 2021 4241">
     <span class='ocr_line' id='line_1_75' title="bbox 453 4161 2021 4241; baseline 0.006 -26"><span class='ocrx_word' id='word_1_498' title='bbox 453 4161 639 4219; x_wconf 82' lang='lat' dir='ltr'><strong><em>ferret.</em></strong></span> <span class='ocrx_word' id='word_1_499' title='bbox 662 4161 869 4234; x_wconf 85' lang='lat' dir='ltr'><strong><em>Itaque,</em></strong></span> <span class='ocrx_word' id='word_1_500' title='bbox 904 4171 965 4218; x_wconf 89' lang='lat' dir='ltr'><strong><em>ut</em></strong></span> <span class='ocrx_word' id='word_1_501' title='bbox 993 4171 1048 4219; x_wconf 90' lang='lat' dir='ltr'><strong><em>et</em></strong></span> <span class='ocrx_word' id='word_1_502' title='bbox 1074 4165 1189 4234; x_wconf 86' lang='lat' dir='ltr'><strong><em>ipse</em></strong></span> <span class='ocrx_word' id='word_1_503' title='bbox 1216 4165 1284 4220; x_wconf 93' lang='lat' dir='ltr'><strong><em>de</em></strong></span> <span class='ocrx_word' id='word_1_504' title='bbox 1313 4181 1410 4236; x_wconf 90' lang='lat' dir='ltr'><strong><em>spe</em></strong></span> <span class='ocrx_word' id='word_1_505' title='bbox 1434 4182 1543 4222; x_wconf 88' lang='lat' dir='ltr'><strong><em>non</em></strong></span> <span class='ocrx_word' id='word_1_506' title='bbox 1565 4166 1806 4232; x_wconf 88' lang='lat' dir='ltr'><strong><em>decidat,</em></strong></span> <span class='ocrx_word' id='word_1_507' title='bbox 1841 4179 1896 4225; x_wconf 91' lang='lat' dir='ltr'><strong><em>et</em></strong></span> <span class='ocrx_word' id='word_1_508' title='bbox 1918 4184 2021 4241; x_wconf 91' lang='lat' dir='ltr'><strong><em>ego</em></strong></span> 
     </span>
    </p>
   </div>
   <div class='ocr_carea' id='block_1_76' title="bbox 453 4250 2023 4325">
    <p class='ocr_par' dir='ltr' id='par_1_76' title="bbox 453 4250 2023 4325">
     <span class='ocr_line' id='line_1_76' title="bbox 453 4250 2023 4325; baseline 0.008 -19"><span class='ocrx_word' id='word_1_509' title='bbox 453 4250 664 4309; x_wconf 83' lang='lat' dir='ltr'><strong><em>honore</em></strong></span> <span class='ocrx_word' id='word_1_510' title='bbox 698 4265 961 4310; x_wconf 91' lang='lat' dir='ltr'><strong><em>consueto</em></strong></span> <span class='ocrx_word' id='word_1_511' title='bbox 994 4255 1269 4325; x_wconf 78' lang='lat' dir='ltr'><strong><em>perfruar,</em></strong></span> <span class='ocrx_word' id='word_1_512' title='bbox 1305 4264 1359 4312; x_wconf 90' lang='lat' dir='ltr'><strong><em>et</em></strong></span> <span class='ocrx_word' id='word_1_513' title='bbox 1391 4266 1545 4313; x_wconf 93' lang='lat' dir='ltr'><strong><em>tuum</em></strong></span> <span class='ocrx_word' id='word_1_514' title='bbox 1578 4260 1713 4316; x_wconf 91' lang='lat' dir='ltr'><strong><em>illud</em></strong></span> <span class='ocrx_word' id='word_1_515' title='bbox 1755 4262 2023 4317; x_wconf 86' lang='lat' dir='ltr'><strong><em>bonarum</em></strong></span> 
     </span>
    </p>
   </div>
   <div class='ocr_carea' id='block_1_77' title="bbox 456 4347 2026 4423">
    <p class='ocr_par' dir='ltr' id='par_1_77' title="bbox 456 4347 2026 4423">
     <span class='ocr_line' id='line_1_77' title="bbox 456 4347 2026 4423; baseline 0.002 -20"><span class='ocrx_word' id='word_1_516' title='bbox 456 4361 643 4403; x_wconf 88' lang='lat' dir='ltr'><strong><em>rerum</em></strong></span> <span class='ocrx_word' id='word_1_517' title='bbox 670 4347 908 4402; x_wconf 87' lang='lat' dir='ltr'><strong><em>studium</em></strong></span> <span class='ocrx_word' id='word_1_518' title='bbox 940 4347 1105 4401; x_wconf 88' lang='lat' dir='ltr'><strong><em>etiam</em></strong></span> <span class='ocrx_word' id='word_1_519' title='bbox 1127 4348 1182 4403; x_wconf 85' lang='lat' dir='ltr'><strong><em>in</em></strong></span> <span class='ocrx_word' id='word_1_520' title='bbox 1206 4352 1461 4419; x_wconf 63' lang='lat' dir='ltr'><strong><em>praesenti</em></strong></span> <span class='ocrx_word' id='word_1_521' title='bbox 1490 4352 1708 4422; x_wconf 89' lang='lat' dir='ltr'><strong><em>negotio</em></strong></span> <span class='ocrx_word' id='word_1_522' title='bbox 1730 4352 2026 4423; x_wconf 81' lang='lat' dir='ltr'><strong><em>adimplea-</em></strong></span> 
     </span>
    </p>
   </div>
   <div class='ocr_carea' id='block_1_78' title="bbox 456 4437 2027 4515">
    <p class='ocr_par' dir='ltr' id='par_1_78' title="bbox 456 4437 2027 4515">
     <span class='ocr_line' id='line_1_78' title="bbox 456 4437 2027 4515; baseline 0.003 -21"><span class='ocrx_word' id='word_1_523' title='bbox 456 4447 571 4505; x_wconf 89' lang='lat' dir='ltr'><strong><em>tur,</em></strong></span> <span class='ocrx_word' id='word_1_524' title='bbox 603 4441 899 4509; x_wconf 34' lang='lat' dir='ltr'><strong><em>precamur.</em></strong></span> <span class='ocrx_word' id='word_1_525' title='bbox 933 4437 1085 4492; x_wconf 87' lang='lat' dir='ltr'><strong><em>illum</em></strong></span> <span class='ocrx_word' id='word_1_526' title='bbox 1122 4453 1153 4492; x_wconf 90' lang='lat' dir='ltr'><strong><em>a</em></strong></span> <span class='ocrx_word' id='word_1_527' title='bbox 1185 4448 1239 4495; x_wconf 90' lang='lat' dir='ltr'><strong><em>te</em></strong></span> <span class='ocrx_word' id='word_1_528' title='bbox 1267 4440 1504 4514; x_wconf 90' lang='lat' dir='ltr'><strong><em>benigne</em></strong></span> <span class='ocrx_word' id='word_1_529' title='bbox 1535 4443 1765 4515; x_wconf 79' lang='lat' dir='ltr'><strong><em>suscipi,</em></strong></span> <span class='ocrx_word' id='word_1_530' title='bbox 1792 4452 1846 4500; x_wconf 87' lang='lat' dir='ltr'><strong><em>et</em></strong></span> <span class='ocrx_word' id='word_1_531' title='bbox 1883 4444 2027 4499; x_wconf 87' lang='lat' dir='ltr'><strong><em>inter</em></strong></span> 
     </span>
    </p>
   </div>
   <div class='ocr_carea' id='block_1_79' title="bbox 454 4530 1530 4590">
    <p class='ocr_par' dir='ltr' id='par_1_79' title="bbox 454 4530 1530 4590">
     <span class='ocr_line' id='line_1_79' title="bbox 454 4530 1530 4590; baseline 0.004 -5"><span class='ocrx_word' id='word_1_532' title='bbox 454 4538 584 4588; x_wconf 86' lang='lat' dir='ltr'><strong><em>tuos</em></strong></span> <span class='ocrx_word' id='word_1_533' title='bbox 607 4530 843 4588; x_wconf 80' lang='lat' dir='ltr'><strong><em>maxime</em></strong></span> <span class='ocrx_word' id='word_1_534' title='bbox 863 4530 1207 4588; x_wconf 85' lang='lat' dir='ltr'><strong><em>necessarios</em></strong></span> <span class='ocrx_word' id='word_1_535' title='bbox 1231 4534 1530 4590; x_wconf 87' lang='lat' dir='ltr'><strong><em>numerari.</em></strong></span> 
     </span>
    </p>
   </div>
   <div class='ocr_carea' id='block_1_80' title="bbox 846 4770 1591 4831">
    <p class='ocr_par' dir='ltr' id='par_1_80' title="bbox 846 4770 1591 4831">
     <span class='ocr_line' id='line_1_80' title="bbox 846 4770 1591 4831; baseline -0.004 0"><span class='ocrx_word' id='word_1_536' title='bbox 846 4772 1183 4831; x_wconf 81' lang='lat' dir='ltr'><strong><em>EPISTOLA</em></strong></span> <span class='ocrx_word' id='word_1_537' title='bbox 1222 4770 1591 4830; x_wconf 74' lang='lat' dir='ltr'><strong><em>CCLXXX‘“.</em></strong></span> 
     </span>
    </p>
   </div>
   <div class='ocr_carea' id='block_1_81' title="bbox 2115 3694 3664 3780">
    <p class='ocr_par' dir='ltr' id='par_1_81' title="bbox 2115 3694 3664 3780">
     <span class='ocr_line' id='line_1_81' title="bbox 2115 3694 3664 3780; baseline -0.007 -19"><span class='ocrx_word' id='word_1_538' title='bbox 2115 3707 2283 3778; x_wconf 75' lang='grc' dir='ltr'>φυοῦς</span> <span class='ocrx_word' id='word_1_539' title='bbox 2313 3706 2590 3772; x_wconf 76' lang='grc' dir='ltr'>ἐξουσίαςο</span> <span class='ocrx_word' id='word_1_540' title='bbox 2621 3709 2783 3780; x_wconf 77' lang='grc' dir='ltr'>ἡμεῖς</span> <span class='ocrx_word' id='word_1_541' title='bbox 2810 3707 2866 3760; x_wconf 83' lang='grc' dir='ltr'>δὲ</span> <span class='ocrx_word' id='word_1_542' title='bbox 2900 3706 2960 3759; x_wconf 81' lang='grc' dir='ltr'>τὸ</span> <span class='ocrx_word' id='word_1_543' title='bbox 2984 3704 3252 3776; x_wconf 69' lang='grc' dir='ltr'>ἡμέτερον</span> <span class='ocrx_word' id='word_1_544' title='bbox 3279 3699 3375 3753; x_wconf 77' lang='grc' dir='ltr'><strong><em>διὰ</em></strong></span> <span class='ocrx_word' id='word_1_545' title='bbox 3399 3696 3494 3751; x_wconf 73' lang='grc' dir='ltr'>τοῦ</span> <span class='ocrx_word' id='word_1_546' title='bbox 3518 3694 3664 3765; x_wconf 77' lang='grc' dir='ltr'>γράμ-</span> 
     </span>
    </p>
   </div>
   <div class='ocr_carea' id='block_1_82' title="bbox 2118 3785 3662 3872">
    <p class='ocr_par' dir='ltr' id='par_1_82' title="bbox 2118 3785 3662 3872">
     <span class='ocr_line' id='line_1_82' title="bbox 2118 3785 3662 3872; baseline -0.009 -18"><span class='ocrx_word' id='word_1_547' title='bbox 2118 3818 2286 3872; x_wconf 81' lang='grc' dir='ltr'>ματος</span> <span class='ocrx_word' id='word_1_548' title='bbox 2317 3799 2688 3872; x_wconf 87' lang='grc' dir='ltr'>παριστῶμεν,</span> <span class='ocrx_word' id='word_1_549' title='bbox 2720 3800 2803 3852; x_wconf 78' lang='grc' dir='ltr'>ὅτι</span> <span class='ocrx_word' id='word_1_550' title='bbox 2850 3797 2912 3852; x_wconf 79' lang='grc' dir='ltr'>τὸ</span> <span class='ocrx_word' id='word_1_551' title='bbox 2952 3798 3032 3861; x_wconf 84' lang='grc' dir='ltr'><strong><em>εἰς</em></strong></span> <span class='ocrx_word' id='word_1_552' title='bbox 3075 3794 3238 3849; x_wconf 76' lang='grc' dir='ltr'>αὑτὸν</span> <span class='ocrx_word' id='word_1_553' title='bbox 3287 3792 3569 3862; x_wconf 74' lang='grc' dir='ltr'>γινόμενον</span> <span class='ocrx_word' id='word_1_554' title='bbox 3601 3785 3662 3837; x_wconf 67' lang='grc' dir='ltr'><strong><em>οἱα</em></strong></span> 
     </span>
    </p>
   </div>
   <div class='ocr_carea' id='block_1_83' title="bbox 2116 3876 3666 3965">
    <p class='ocr_par' dir='ltr' id='par_1_83' title="bbox 2116 3876 3666 3965">
     <span class='ocr_line' id='line_1_83' title="bbox 2116 3876 3666 3965; baseline -0.01 -18"><span class='ocrx_word' id='word_1_555' title='bbox 2116 3896 2262 3947; x_wconf 82' lang='grc' dir='ltr'>κεῖον</span> <span class='ocrx_word' id='word_1_556' title='bbox 2310 3892 2589 3965; x_wconf 83' lang='grc' dir='ltr'>ἡγούμεθα</span> <span class='ocrx_word' id='word_1_557' title='bbox 2638 3892 2860 3963; x_wconf 79' lang='grc' dir='ltr'>κέρδος·</span> <span class='ocrx_word' id='word_1_558' title='bbox 2916 3888 3006 3944; x_wconf 76' lang='grc' dir='ltr'><strong><em>διὰ</em></strong></span> <span class='ocrx_word' id='word_1_559' title='bbox 3054 3888 3117 3941; x_wconf 80' lang='grc' dir='ltr'>τὸ</span> <span class='ocrx_word' id='word_1_560' title='bbox 3171 3885 3430 3958; x_wconf 80' lang='grc' dir='ltr'>μάλιστα,</span> <span class='ocrx_word' id='word_1_561' title='bbox 3485 3884 3546 3935; x_wconf 81' lang='grc' dir='ltr'><strong><em>ἐκ</em></strong></span> <span class='ocrx_word' id='word_1_562' title='bbox 3584 3876 3666 3945; x_wconf 74' lang='grc' dir='ltr'>τῆς</span> 
     </span>
    </p>
   </div>
   <div class='ocr_carea' id='block_1_84' title="bbox 2117 3968 3662 4044">
    <p class='ocr_par' dir='ltr' id='par_1_84' title="bbox 2117 3968 3662 4044">
     <span class='ocr_line' id='line_1_84' title="bbox 2117 3968 3662 4044; baseline -0.012 -8"><span class='ocrx_word' id='word_1_563' title='bbox 2117 3982 2369 4036; x_wconf 81' lang='grc' dir='ltr'>Τυανέων</span> <span class='ocrx_word' id='word_1_564' title='bbox 2417 3982 2577 4036; x_wconf 77' lang='grc' dir='ltr'>αὑτὸν</span> <span class='ocrx_word' id='word_1_565' title='bbox 2642 3980 2981 4044; x_wconf 81' lang='grc' dir='ltr'>ἀναστάντα,</span> <span class='ocrx_word' id='word_1_566' title='bbox 3040 3976 3229 4031; x_wconf 87' lang='grc' dir='ltr'>τούτου</span> <span class='ocrx_word' id='word_1_567' title='bbox 3279 3975 3469 4028; x_wconf 74' lang='grc' dir='ltr'>ἕνεκεν</span> <span class='ocrx_word' id='word_1_568' title='bbox 3516 3968 3662 4025; x_wconf 80' lang='grc' dir='ltr'>ἐλθεῖν</span> 
     </span>
    </p>
   </div>
   <div class='ocr_carea' id='block_1_85' title="bbox 2120 4064 3665 4145">
    <p class='ocr_par' dir='ltr' id='par_1_85' title="bbox 2120 4064 3665 4145">
     <span class='ocr_line' id='line_1_85' title="bbox 2120 4064 3665 4145; baseline -0.01 -16"><span class='ocrx_word' id='word_1_569' title='bbox 2120 4074 2256 4145; x_wconf 83' lang='grc' dir='ltr'>πρὸς</span> <span class='ocrx_word' id='word_1_570' title='bbox 2285 4075 2453 4144; x_wconf 79' lang='grc' dir='ltr'>ἡμᾶς,</span> <span class='ocrx_word' id='word_1_571' title='bbox 2492 4073 2566 4137; x_wconf 85' lang='grc' dir='ltr'>ὡς</span> <span class='ocrx_word' id='word_1_572' title='bbox 2611 4073 2753 4143; x_wconf 84' lang='grc' dir='ltr'>μέγα</span> <span class='ocrx_word' id='word_1_573' title='bbox 2800 4088 2852 4124; x_wconf 85' lang='grc' dir='ltr'><strong><em>τι</em></strong></span> <span class='ocrx_word' id='word_1_574' title='bbox 2881 4070 3072 4137; x_wconf 68' lang='grc' dir='ltr'>ἕξοντα</span> <span class='ocrx_word' id='word_1_575' title='bbox 3114 4068 3325 4141; x_wconf 84' lang='grc' dir='ltr'>κέρδος,</span> <span class='ocrx_word' id='word_1_576' title='bbox 3357 4068 3412 4119; x_wconf 76' lang='grc' dir='ltr'>εί</span> <span class='ocrx_word' id='word_1_577' title='bbox 3446 4064 3536 4135; x_wconf 76' lang='grc' dir='ltr'>τὴν</span> <span class='ocrx_word' id='word_1_578' title='bbox 3559 4064 3665 4131; x_wconf 75' lang='grc' dir='ltr'>ἡμε-</span> 
     </span>
    </p>
   </div>
   <div class='ocr_carea' id='block_1_86' title="bbox 2118 4154 3663 4237">
    <p class='ocr_par' dir='ltr' id='par_1_86' title="bbox 2118 4154 3663 4237">
     <span class='ocr_line' id='line_1_86' title="bbox 2118 4154 3663 4237; baseline -0.009 -19"><span class='ocrx_word' id='word_1_579' title='bbox 2118 4165 2284 4237; x_wconf 87' lang='grc' dir='ltr'>τέραν</span> <span class='ocrx_word' id='word_1_580' title='bbox 2340 4162 2628 4234; x_wconf 79' lang='grc' dir='ltr'>ἐπιστολὴν</span> <span class='ocrx_word' id='word_1_581' title='bbox 2676 4161 2793 4217; x_wconf 87' lang='grc' dir='ltr'>ἀνθ’</span> <span class='ocrx_word' id='word_1_582' title='bbox 2852 4160 3129 4234; x_wconf 79' lang='grc' dir='ltr'>ἱκετηρίας</span> <span class='ocrx_word' id='word_1_583' title='bbox 3177 4157 3518 4231; x_wconf 79' lang='grc' dir='ltr'>προδάλοιτο.</span> <span class='ocrx_word' id='word_1_584' title='bbox 3570 4154 3663 4204; x_wconf 77' lang='grc' dir='ltr'>Ἵνα</span> 
     </span>
    </p>
   </div>
   <div class='ocr_carea' id='block_1_87' title="bbox 2121 4242 3663 4328">
    <p class='ocr_par' dir='ltr' id='par_1_87' title="bbox 2121 4242 3663 4328">
     <span class='ocr_line' id='line_1_87' title="bbox 2121 4242 3663 4328; baseline -0.005 -18"><span class='ocrx_word' id='word_1_585' title='bbox 2121 4253 2215 4310; x_wconf 73' lang='grc' dir='ltr'>οὖν</span> <span class='ocrx_word' id='word_1_586' title='bbox 2250 4257 2389 4328; x_wconf 84' lang='grc' dir='ltr'>μήτε</span> <span class='ocrx_word' id='word_1_587' title='bbox 2416 4256 2579 4319; x_wconf 77' lang='grc' dir='ltr'>αὐτὸς</span> <span class='ocrx_word' id='word_1_588' title='bbox 2606 4254 2715 4309; x_wconf 86' lang='grc' dir='ltr'><strong><em>τῶν</em></strong></span> <span class='ocrx_word' id='word_1_589' title='bbox 2756 4254 2986 4308; x_wconf 85' lang='grc' dir='ltr'>ἐλπίδων</span> <span class='ocrx_word' id='word_1_590' title='bbox 3012 4252 3244 4322; x_wconf 75' lang='grc' dir='ltr'>ἐκπέσῃ,</span> <span class='ocrx_word' id='word_1_591' title='bbox 3281 4251 3377 4304; x_wconf 73' lang='grc' dir='ltr'>καὶ</span> <span class='ocrx_word' id='word_1_592' title='bbox 3402 4249 3559 4321; x_wconf 78' lang='grc' dir='ltr'>ἡμεῖς</span> <span class='ocrx_word' id='word_1_593' title='bbox 3583 4242 3663 4312; x_wconf 73' lang='grc' dir='ltr'><strong><em>τῆς</em></strong></span> 
     </span>
    </p>
   </div>
   <div class='ocr_carea' id='block_1_88' title="bbox 2126 4332 3662 4418">
    <p class='ocr_par' dir='ltr' id='par_1_88' title="bbox 2126 4332 3662 4418">
     <span class='ocr_line' id='line_1_88' title="bbox 2126 4332 3662 4418; baseline -0.008 -18"><span class='ocrx_word' id='word_1_594' title='bbox 2126 4346 2387 4418; x_wconf 76' lang='grc' dir='ltr'>συνήθους</span> <span class='ocrx_word' id='word_1_595' title='bbox 2428 4347 2593 4418; x_wconf 80' lang='grc' dir='ltr'>τιμῆς</span> <span class='ocrx_word' id='word_1_596' title='bbox 2641 4344 3060 4415; x_wconf 83' lang='grc' dir='ltr'>ἀπολαύσωμεν,</span> <span class='ocrx_word' id='word_1_597' title='bbox 3108 4344 3201 4396; x_wconf 72' lang='grc' dir='ltr'>καὶ</span> <span class='ocrx_word' id='word_1_598' title='bbox 3250 4342 3335 4395; x_wconf 80' lang='grc' dir='ltr'>σοὶ</span> <span class='ocrx_word' id='word_1_599' title='bbox 3384 4343 3418 4410; x_wconf 78' lang='grc' dir='ltr'><strong>ἡ</strong></span> <span class='ocrx_word' id='word_1_600' title='bbox 3461 4337 3576 4408; x_wconf 78' lang='grc' dir='ltr'>περὶ</span> <span class='ocrx_word' id='word_1_601' title='bbox 3608 4332 3662 4384; x_wconf 72' lang='grc' dir='ltr'>τὰ</span> 
     </span>
    </p>
   </div>
   <div class='ocr_carea' id='block_1_89' title="bbox 2124 4424 3663 4509">
    <p class='ocr_par' dir='ltr' id='par_1_89' title="bbox 2124 4424 3663 4509">
     <span class='ocr_line' id='line_1_89' title="bbox 2124 4424 3663 4509; baseline -0.006 -17"><span class='ocrx_word' id='word_1_602' title='bbox 2124 4437 2304 4506; x_wconf 87' lang='grc' dir='ltr'>ἀγαθά</span> <span class='ocrx_word' id='word_1_603' title='bbox 2349 4438 2551 4509; x_wconf 83' lang='grc' dir='ltr'>σπουδὴ</span> <span class='ocrx_word' id='word_1_604' title='bbox 2603 4424 2698 4492; x_wconf 74' lang='grc' dir='ltr'>καὶ</span> <span class='ocrx_word' id='word_1_605' title='bbox 2751 4436 2844 4490; x_wconf 74' lang='grc' dir='ltr'>ἐπὶ</span> <span class='ocrx_word' id='word_1_606' title='bbox 2891 4437 2990 4507; x_wconf 85' lang='grc' dir='ltr'>τῆς</span> <span class='ocrx_word' id='word_1_607' title='bbox 3050 4432 3333 4503; x_wconf 76' lang='grc' dir='ltr'>παρούσης</span> <span class='ocrx_word' id='word_1_608' title='bbox 3389 4427 3663 4485; x_wconf 80' lang='grc' dir='ltr'>ὑποθέσεως</span> 
     </span>
    </p>
   </div>
   <div class='ocr_carea' id='block_1_90' title="bbox 2126 4511 3663 4601">
    <p class='ocr_par' dir='ltr' id='par_1_90' title="bbox 2126 4511 3663 4601">
     <span class='ocr_line' id='line_1_90' title="bbox 2126 4511 3663 4601; baseline -0.005 -19"><span class='ocrx_word' id='word_1_609' title='bbox 2126 4529 2410 4601; x_wconf 82' lang='grc' dir='ltr'>πληρωθῇ,</span> <span class='ocrx_word' id='word_1_610' title='bbox 2458 4528 2715 4600; x_wconf 79' lang='grc' dir='ltr'>ἀξιοῦμεν</span> <span class='ocrx_word' id='word_1_611' title='bbox 2767 4527 3021 4599; x_wconf 85' lang='grc' dir='ltr'>δεχθῆναι</span> <span class='ocrx_word' id='word_1_612' title='bbox 3070 4525 3231 4579; x_wconf 78' lang='grc' dir='ltr'>αὐτὸν</span> <span class='ocrx_word' id='word_1_613' title='bbox 3280 4520 3539 4594; x_wconf 76' lang='grc' dir='ltr'>εὐμενῶς,</span> <span class='ocrx_word' id='word_1_614' title='bbox 3587 4511 3663 4569; x_wconf 72' lang='grc' dir='ltr'><strong><em>καὶ</em></strong></span> 
     </span>
    </p>
   </div>
   <div class='ocr_carea' id='block_1_91' title="bbox 2129 4612 3382 4692">
    <p class='ocr_par' dir='ltr' id='par_1_91' title="bbox 2129 4612 3382 4692">
     <span class='ocr_line' id='line_1_91' title="bbox 2129 4612 3382 4692; baseline -0.008 -17"><span class='ocrx_word' id='word_1_615' title='bbox 2129 4620 2440 4692; x_wconf 80' lang='grc' dir='ltr'>ἐναρίθμιον</span> <span class='ocrx_word' id='word_1_616' title='bbox 2464 4618 2717 4688; x_wconf 87' lang='grc' dir='ltr'>γενέσθαι</span> <span class='ocrx_word' id='word_1_617' title='bbox 2745 4619 2856 4682; x_wconf 86' lang='grc' dir='ltr'>τοῖς</span> <span class='ocrx_word' id='word_1_618' title='bbox 2886 4617 3237 4678; x_wconf 77' lang='grc' dir='ltr'>οἰκειοτάτοις</span> <span class='ocrx_word' id='word_1_619' title='bbox 3264 4612 3382 4667; x_wconf 82' lang='grc' dir='ltr'>σοῦ.</span> 
     </span>
    </p>
   </div>
   <div class='ocr_carea' id='block_1_92' title="bbox 2648 4772 3168 4827">
    <p class='ocr_par' dir='ltr' id='par_1_92' title="bbox 2648 4772 3168 4827">
     <span class='ocr_line' id='line_1_92' title="bbox 2648 4772 3168 4827; baseline -0.004 0"><span class='ocrx_word' id='word_1_620' title='bbox 2648 4772 2994 4827; x_wconf 79' lang='grc' dir='ltr'><strong><em>ΕΠΙΣΤΟΛΗ</em></strong></span> <span class='ocrx_word' id='word_1_621' title='bbox 3045 4773 3168 4826; x_wconf 86' lang='grc' dir='ltr'><strong><em>ΣΠ¹.</em></strong></span> 
     </span>
    </p>
   </div>
   <div class='ocr_carea' id='block_1_93' title="bbox 1160 4887 3022 4958">
    <p class='ocr_par' dir='ltr' id='par_1_93' title="bbox 1160 4887 3022 4958">
     <span class='ocr_line' id='line_1_93' title="bbox 1160 4887 3022 4958; baseline -0.003 -14"><span class='ocrx_word' id='word_1_622' title='bbox 1160 4891 1469 4944; x_wconf 86' lang='lat' dir='ltr'><strong><em>Commendat</em></strong></span> <span class='ocrx_word' id='word_1_623' title='bbox 1486 4887 1725 4941; x_wconf 85' lang='lat' dir='ltr'><strong><em>hominem</em></strong></span> <span class='ocrx_word' id='word_1_624' title='bbox 1744 4887 1836 4941; x_wconf 87' lang='lat' dir='ltr'><strong><em>sibi</em></strong></span> <span class='ocrx_word' id='word_1_625' title='bbox 1858 4889 2201 4958; x_wconf 83' lang='lat' dir='ltr'><strong><em>propinquum,</em></strong></span> <span class='ocrx_word' id='word_1_626' title='bbox 2228 4904 2462 4956; x_wconf 80' lang='lat' dir='ltr'><strong><em>quemque</em></strong></span> <span class='ocrx_word' id='word_1_627' title='bbox 2495 4891 2545 4941; x_wconf 87' lang='lat' dir='ltr'><strong><em>in</em></strong></span> <span class='ocrx_word' id='word_1_628' title='bbox 2565 4888 2661 4956; x_wconf 81' lang='lat' dir='ltr'><strong><em>ﬁlii</em></strong></span> <span class='ocrx_word' id='word_1_629' title='bbox 2682 4889 2788 4941; x_wconf 85' lang='lat' dir='ltr'><strong><em>loco</em></strong></span> <span class='ocrx_word' id='word_1_630' title='bbox 2807 4889 3022 4941; x_wconf 82' lang='lat' dir='ltr'><strong><em>habebat.</em></strong></span> 
     </span>
    </p>
   </div>
   <div class='ocr_carea' id='block_1_94' title="bbox 883 4982 1507 5081">
    <p class='ocr_par' dir='ltr' id='par_1_94' title="bbox 883 4982 1507 5081">
     <span class='ocr_line' id='line_1_94' title="bbox 883 4982 1507 5081; baseline -0.006 -23"><span class='ocrx_word' id='word_1_631' title='bbox 883 5068 894 5081; x_wconf 45' lang='grc'><strong><em>,</em></strong></span> <span class='ocrx_word' id='word_1_632' title='bbox 936 4982 941 4987; x_wconf 30' lang='grc'><strong>⁷</strong></span> <span class='ocrx_word' id='word_1_633' title='bbox 971 5000 1212 5058; x_wconf 83' lang='lat' dir='ltr'><strong><em>Modesto</em></strong></span> <span class='ocrx_word' id='word_1_634' title='bbox 1238 5001 1507 5072; x_wconf 66' lang='lat' dir='ltr'><strong><em>praefecto.</em></strong></span> 
     </span>
    </p>
   </div>
   <div class='ocr_carea' id='block_1_95' title="bbox 482 5111 2026 5187">
    <p class='ocr_par' dir='ltr' id='par_1_95' title="bbox 482 5111 2026 5187">
     <span class='ocr_line' id='line_1_95' title="bbox 482 5111 2026 5187; baseline -0.002 -17"><span class='ocrx_word' id='word_1_635' title='bbox 482 5142 487 5147; x_wconf 49' lang='grc'><strong>’</strong></span> <span class='ocrx_word' id='word_1_636' title='bbox 525 5116 867 5187; x_wconf 80' lang='lat' dir='ltr'><strong><em>Quamquam</em></strong></span> <span class='ocrx_word' id='word_1_637' title='bbox 916 5114 1150 5170; x_wconf 86' lang='lat' dir='ltr'><strong><em>audacia</em></strong></span> <span class='ocrx_word' id='word_1_638' title='bbox 1193 5119 1280 5169; x_wconf 85' lang='lat' dir='ltr'><strong><em>est</em></strong></span> <span class='ocrx_word' id='word_1_639' title='bbox 1325 5112 1631 5168; x_wconf 88' lang='lat' dir='ltr'><strong><em>tanto-viro</em></strong></span> <span class='ocrx_word' id='word_1_640' title='bbox 1676 5126 1776 5183; x_wconf 88' lang='lat' dir='ltr'><strong><em>per</em></strong></span> <span class='ocrx_word' id='word_1_641' title='bbox 1813 5111 2026 5169; x_wconf 87' lang='lat' dir='ltr'><strong><em>litteras</em></strong></span> 
     </span>
    </p>
   </div>
   <div class='ocr_carea' id='block_1_96' title="bbox 529 5247 1849 5320">
    <p class='ocr_par' dir='ltr' id='par_1_96' title="bbox 529 5247 1849 5320">
     <span class='ocr_line' id='line_1_96' title="bbox 529 5247 1849 5320; baseline 0.002 -16"><span class='ocrx_word' id='word_1_642' title='bbox 529 5255 547 5273; x_wconf 86' lang='lat'><strong><em>‘</em></strong></span> <span class='ocrx_word' id='word_1_643' title='bbox 587 5249 737 5306; x_wconf 84' lang='lat' dir='ltr'><strong><em>Alias</em></strong></span> <span class='ocrx_word' id='word_1_644' title='bbox 795 5247 1477 5320; x_wconf 47' lang='lat' dir='ltr'><strong><em>CCCCXXIScriptain</em></strong></span> <span class='ocrx_word' id='word_1_645' title='bbox 1508 5248 1849 5319; x_wconf 87' lang='lat' dir='ltr'><strong><em>episcopatu.</em></strong></span> 
     </span>
    </p>
   </div>
   <div class='ocr_carea' id='block_1_97' title="bbox 528 5318 1829 5390">
    <p class='ocr_par' dir='ltr' id='par_1_97' title="bbox 528 5318 1829 5390">
     <span class='ocr_line' id='line_1_97' title="bbox 528 5318 1829 5390; baseline 0.001 -17"><span class='ocrx_word' id='word_1_646' title='bbox 528 5324 571 5343; x_wconf 80' lang='grc'><strong><em>⁴⁴</em></strong></span> <span class='ocrx_word' id='word_1_647' title='bbox 601 5321 754 5375; x_wconf 84' lang='lat' dir='ltr'><strong><em>Alias</em></strong></span> <span class='ocrx_word' id='word_1_648' title='bbox 781 5318 1082 5390; x_wconf 48' lang='lat' dir='ltr'><strong><em>Q0133;le</em></strong></span> <span class='ocrx_word' id='word_1_649' title='bbox 1090 5359 1104 5373; x_wconf 94' lang='lat'><strong><em>.</em></strong></span> <span class='ocrx_word' id='word_1_650' title='bbox 1127 5318 1361 5390; x_wconf 25' lang='lat' dir='ltr'><strong><em>AScrip&#39;ta</em></strong></span> <span class='ocrx_word' id='word_1_651' title='bbox 1398 5319 1452 5373; x_wconf 92' lang='lat' dir='ltr'><strong><em>in</em></strong></span> <span class='ocrx_word' id='word_1_652' title='bbox 1486 5318 1829 5390; x_wconf 86' lang='lat' dir='ltr'><strong><em>episcopatu.</em></strong></span> 
     </span>
    </p>
   </div>
   <div class='ocr_carea' id='block_1_98' title="bbox 529 5388 1783 5459">
    <p class='ocr_par' dir='ltr' id='par_1_98' title="bbox 529 5388 1783 5459">
     <span class='ocr_line' id='line_1_98' title="bbox 529 5388 1783 5459; baseline 0.002 -19"><span class='ocrx_word' id='word_1_653' title='bbox 615 5390 766 5444; x_wconf 89' lang='lat' dir='ltr'><strong><em>Alias</em></strong></span> <span class='ocrx_word' id='word_1_654' title='bbox 792 5388 1095 5459; x_wconf 71' lang='lat' dir='ltr'><strong><em>C(lLXXV.</em></strong></span> <span class='ocrx_word' id='word_1_655' title='bbox 1118 5388 1335 5459; x_wconf 86' lang='lat' dir='ltr'><strong><em>Scripta</em></strong></span> <span class='ocrx_word' id='word_1_656' title='bbox 1364 5391 1418 5443; x_wconf 91' lang='lat' dir='ltr'><strong><em>in</em></strong></span> <span class='ocrx_word' id='word_1_657' title='bbox 1448 5388 1783 5459; x_wconf 76' lang='lat' dir='ltr'><strong><em>epismpatu.</em></strong></span> 
     </span>
    </p>
   </div>
   <div class='ocr_carea' id='block_1_99' title="bbox 532 5458 2034 5530">
    <p class='ocr_par' dir='ltr' id='par_1_99' title="bbox 532 5458 2034 5530">
     <span class='ocr_line' id='line_1_99' title="bbox 532 5458 2034 5530; baseline -0.003 -14"><span class='ocrx_word' id='word_1_658' title='bbox 532 5459 644 5530; x_wconf 73' lang='grc'><strong><em>(55)</em></strong></span> <span class='ocrx_word' id='word_1_659' title='bbox 692 5458 1083 5528; x_wconf 71' lang='grc' dir='ltr'><strong><em>Ὀρφανήνην.</em></strong></span> <span class='ocrx_word' id='word_1_660' title='bbox 1111 5458 1280 5517; x_wconf 79' lang='lat' dir='ltr'><strong><em>Coisl.</em></strong></span> <span class='ocrx_word' id='word_1_661' title='bbox 1312 5458 1525 5530; x_wconf 87' lang='lat' dir='ltr'><strong><em>primus</em></strong></span> <span class='ocrx_word' id='word_1_662' title='bbox 1550 5470 1605 5514; x_wconf 91' lang='lat' dir='ltr'><strong><em>et</em></strong></span> <span class='ocrx_word' id='word_1_663' title='bbox 1635 5460 1872 5514; x_wconf 77' lang='lat' dir='ltr'><strong><em>Glarom.</em></strong></span> <span class='ocrx_word' id='word_1_664' title='bbox 1916 5458 2034 5529; x_wconf 88' lang='grc' dir='ltr'><strong><em>Ὀρ-</em></strong></span> 
     </span>
    </p>
   </div>
   <div class='ocr_carea' id='block_1_100' title="bbox 462 5529 1881 5731">
    <p class='ocr_par' dir='ltr' id='par_1_100' title="bbox 462 5529 1881 5731">
     <span class='ocr_line' id='line_1_100' title="bbox 462 5529 1881 5731; baseline 0.001 -81"><span class='ocrx_word' id='word_1_665' title='bbox 462 5529 660 5731; x_wconf 49' lang='grc' dir='ltr'>φαέέιῖί</span> <span class='ocrx_word' id='word_1_666' title='bbox 691 5597 1105 5667; x_wconf 79' lang='grc' dir='ltr'>Ἂτταταίνοις.</span> <span class='ocrx_word' id='word_1_667' title='bbox 1139 5598 1309 5655; x_wconf 86' lang='lat' dir='ltr'><strong><em>Coisl.</em></strong></span> <span class='ocrx_word' id='word_1_668' title='bbox 1343 5599 1551 5668; x_wconf 88' lang='lat' dir='ltr'><strong><em>primus</em></strong></span> <span class='ocrx_word' id='word_1_669' title='bbox 1595 5599 1881 5661; x_wconf 74' lang='grc' dir='ltr'>Ἀταΐνοις.</span> 
     </span>
     <span class='ocr_line' id='line_1_101' title="bbox 559 5667 1636 5731; baseline -0.002 -9"><span class='ocrx_word' id='word_1_670' title='bbox 559 5667 648 5727; x_wconf 76' lang='lat'><strong><em>35)</em></strong></span> <span class='ocrx_word' id='word_1_671' title='bbox 674 5667 935 5731; x_wconf 81' lang='grc' dir='ltr'>Εὕησος.</span> <span class='ocrx_word' id='word_1_672' title='bbox 965 5667 1132 5725; x_wconf 83' lang='lat' dir='ltr'><strong><em>Cois].</em></strong></span> <span class='ocrx_word' id='word_1_673' title='bbox 1167 5671 1377 5731; x_wconf 82' lang='lat' dir='ltr'><strong><em>primus</em></strong></span> <span class='ocrx_word' id='word_1_674' title='bbox 1402 5669 1636 5731; x_wconf 77' lang='grc' dir='ltr'>Εύήσας.</span> 
     </span>
    </p>
   </div>
   <div class='ocr_carea' id='block_1_101' title="bbox 559 5667 1636 5740">
    <p class='ocr_par' dir='ltr' id='par_1_101' title="bbox 559 5667 1636 5740">
     <span class='ocr_line' id='line_1_102' title="bbox 559 5667 1636 5740; baseline -0.002 -18"><span class='ocrx_word' id='word_1_675' title='bbox 559 5667 648 5727; x_wconf 75' lang='lat'><strong><em>35)</em></strong></span> <span class='ocrx_word' id='word_1_676' title='bbox 674 5667 935 5735; x_wconf 80' lang='grc' dir='ltr'>Εὕησος.</span> <span class='ocrx_word' id='word_1_677' title='bbox 965 5667 1132 5725; x_wconf 89' lang='lat' dir='ltr'><strong><em>Coisl.</em></strong></span> <span class='ocrx_word' id='word_1_678' title='bbox 1167 5667 1377 5739; x_wconf 77' lang='lat' dir='ltr'><strong><em>primus</em></strong></span> <span class='ocrx_word' id='word_1_679' title='bbox 1402 5669 1636 5740; x_wconf 77' lang='grc' dir='ltr'>Εύήσας.</span> 
     </span>
    </p>
   </div>
   <div class='ocr_carea' id='block_1_102' title="bbox 2624 4998 3211 5068">
    <p class='ocr_par' dir='ltr' id='par_1_102' title="bbox 2624 4998 3211 5068">
     <span class='ocr_line' id='line_1_103' title="bbox 2624 4998 3211 5068; baseline -0.005 -13"><span class='ocrx_word' id='word_1_680' title='bbox 2624 4998 2907 5065; x_wconf 83' lang='grc' dir='ltr'>Μοδέστῳ</span> <span class='ocrx_word' id='word_1_681' title='bbox 2939 4999 3211 5068; x_wconf 79' lang='grc' dir='ltr'>ὑπάρχῳ.</span> 
     </span>
    </p>
   </div>
   <div class='ocr_carea' id='block_1_103' title="bbox 2202 5102 3658 5185">
    <p class='ocr_par' dir='ltr' id='par_1_103' title="bbox 2202 5102 3658 5185">
     <span class='ocr_line' id='line_1_104' title="bbox 2202 5102 3658 5185; baseline -0.004 -19"><span class='ocrx_word' id='word_1_682' title='bbox 2202 5112 2267 5166; x_wconf 82' lang='lat' dir='ltr'><strong><em>El</em></strong></span> <span class='ocrx_word' id='word_1_683' title='bbox 2312 5112 2407 5165; x_wconf 75' lang='grc' dir='ltr'>καὶ</span> <span class='ocrx_word' id='word_1_684' title='bbox 2442 5109 2720 5185; x_wconf 77' lang='grc' dir='ltr'>τολμηρὸν</span> <span class='ocrx_word' id='word_1_685' title='bbox 2755 5110 2910 5183; x_wconf 79' lang='grc' dir='ltr'>ἀνδρὶ</span> <span class='ocrx_word' id='word_1_686' title='bbox 2940 5109 3179 5180; x_wconf 83' lang='grc' dir='ltr'>τοσούτῳ</span> <span class='ocrx_word' id='word_1_687' title='bbox 3229 5109 3321 5163; x_wconf 83' lang='grc' dir='ltr'><strong><em>διὰ</em></strong></span> <span class='ocrx_word' id='word_1_688' title='bbox 3362 5102 3658 5180; x_wconf 79' lang='grc' dir='ltr'>γραμμάτων</span> 
     </span>
    </p>
   </div>
   <div class='ocr_carea' id='block_1_104' title="bbox 2204 5237 3655 5318">
    <p class='ocr_par' dir='ltr' id='par_1_104' title="bbox 2204 5237 3655 5318">
     <span class='ocr_line' id='line_1_105' title="bbox 2204 5237 3655 5318; baseline -0.007 -17"><span class='ocrx_word' id='word_1_689' title='bbox 2204 5244 2651 5318; x_wconf 10' lang='grc' dir='ltr'>(56)ᾉῌΜοδέστῳ.</span> <span class='ocrx_word' id='word_1_690' title='bbox 2676 5242 2774 5318; x_wconf 74' lang='lat' dir='ltr'><strong><em>llic</em></strong></span> <span class='ocrx_word' id='word_1_691' title='bbox 2797 5242 2977 5318; x_wconf 81' lang='lat' dir='ltr'><strong><em>obiter</em></strong></span> <span class='ocrx_word' id='word_1_692' title='bbox 2998 5242 3235 5318; x_wconf 78' lang='lat' dir='ltr'><strong><em>monebo</em></strong></span> <span class='ocrx_word' id='word_1_693' title='bbox 3260 5248 3474 5318; x_wconf 81' lang='lat' dir='ltr'><strong><em>veteres</em></strong></span> <span class='ocrx_word' id='word_1_694' title='bbox 3501 5237 3655 5318; x_wconf 52' lang='lat' dir='ltr'><strong><em>libros.</em></strong></span> 
     </span>
    </p>
   </div>
   <div class='ocr_carea' id='block_1_105' title="bbox 2134 5312 3654 5387">
    <p class='ocr_par' dir='ltr' id='par_1_105' title="bbox 2134 5312 3654 5387">
     <span class='ocr_line' id='line_1_106' title="bbox 2134 5312 3654 5387; baseline -0.007 -15"><span class='ocrx_word' id='word_1_695' title='bbox 2134 5312 2437 5387; x_wconf 66' lang='lat' dir='ltr'><strong><em>in&#39;quibus</em></strong></span> <span class='ocrx_word' id='word_1_696' title='bbox 2490 5316 2573 5370; x_wconf 84' lang='lat' dir='ltr'><strong><em>hae</em></strong></span> <span class='ocrx_word' id='word_1_697' title='bbox 2619 5314 2863 5387; x_wconf 80' lang='lat' dir='ltr'><strong><em>epistolae</em></strong></span> <span class='ocrx_word' id='word_1_698' title='bbox 2900 5312 3285 5387; x_wconf 26' lang='lat' dir='ltr'><strong><em>varivordine</em></strong></span> <span class='ocrx_word' id='word_1_699' title='bbox 3312 5313 3654 5387; x_wconf 53' lang='lat' dir='ltr'><strong><em>continentur.</em></strong></span> 
     </span>
    </p>
   </div>
   <div class='ocr_carea' id='block_1_106' title="bbox 2140 5380 3656 5456">
    <p class='ocr_par' dir='ltr' id='par_1_106' title="bbox 2140 5380 3656 5456">
     <span class='ocr_line' id='line_1_107' title="bbox 2140 5380 3656 5456; baseline -0.007 -15"><span class='ocrx_word' id='word_1_700' title='bbox 2140 5380 2559 5456; x_wconf 60' lang='grc' dir='ltr'>ηοιῖὐπάρχου,</span> <span class='ocrx_word' id='word_1_701' title='bbox 2609 5380 2703 5456; x_wconf 73' lang='lat' dir='ltr'><strong><em>sed</em></strong></span> <span class='ocrx_word' id='word_1_702' title='bbox 2749 5384 2993 5454; x_wconf 84' lang='grc' dir='ltr'>ἐπάρχου</span> <span class='ocrx_word' id='word_1_703' title='bbox 3042 5383 3258 5456; x_wconf 79' lang='lat' dir='ltr'><strong><em>titulum</em></strong></span> <span class='ocrx_word' id='word_1_704' title='bbox 3312 5380 3656 5456; x_wconf 49' lang='lat' dir='ltr'><strong><em>ljodestoult‘i-</em></strong></span> 
     </span>
    </p>
   </div>
   <div class='ocr_carea' id='block_1_107' title="bbox 2139 5447 3656 5524">
    <p class='ocr_par' dir='ltr' id='par_1_107' title="bbox 2139 5447 3656 5524">
     <span class='ocr_line' id='line_1_108' title="bbox 2139 5447 3656 5524; baseline -0.011 -12"><span class='ocrx_word' id='word_1_705' title='bbox 2139 5458 2326 5512; x_wconf 89' lang='lat' dir='ltr'><strong><em>buere.</em></strong></span> <span class='ocrx_word' id='word_1_706' title='bbox 2356 5447 2513 5520; x_wconf 56' lang='lat' dir='ltr'><strong><em>Quae</em></strong></span> <span class='ocrx_word' id='word_1_707' title='bbox 2535 5455 2752 5524; x_wconf 85' lang='lat' dir='ltr'><strong><em>quidem</em></strong></span> <span class='ocrx_word' id='word_1_708' title='bbox 2773 5447 2935 5524; x_wconf 67' lang='lat' dir='ltr'><strong><em>recte</em></strong></span> <span class='ocrx_word' id='word_1_709' title='bbox 2946 5452 3294 5524; x_wconf 86' lang='lat' dir='ltr'><strong><em>emendatum</em></strong></span> <span class='ocrx_word' id='word_1_710' title='bbox 3320 5447 3656 5524; x_wconf 39' lang='lat' dir='ltr'><strong><em>fui4t_in_editi.s.</em></strong></span> 
     </span>
    </p>
   </div>
   <div class='ocr_carea' id='block_1_108' title="bbox 2206 5511 3771 5612">
    <p class='ocr_par' dir='ltr' id='par_1_108' title="bbox 2206 5511 3771 5612">
     <span class='ocr_line' id='line_1_109' title="bbox 2206 5511 3771 5612; baseline -0.008 -33"><span class='ocrx_word' id='word_1_711' title='bbox 2206 5527 2321 5612; x_wconf 66' lang='grc' dir='ltr'><strong><em>(ζῆ)</em></strong></span> <span class='ocrx_word' id='word_1_712' title='bbox 2359 5511 2500 5594; x_wconf 80' lang='grc' dir='ltr'>ῖΙερὶ</span> <span class='ocrx_word' id='word_1_713' title='bbox 2546 5511 2723 5594; x_wconf 74' lang='grc' dir='ltr'>ἧμᾶς.</span> <span class='ocrx_word' id='word_1_714' title='bbox 2771 5511 2848 5577; x_wconf 87' lang='lat' dir='ltr'><strong><em>Ita</em></strong></span> <span class='ocrx_word' id='word_1_715' title='bbox 2888 5521 3130 5593; x_wconf 86' lang='lat' dir='ltr'><strong><em>plerique</em></strong></span> <span class='ocrx_word' id='word_1_716' title='bbox 3180 5537 3315 5578; x_wconf 90' lang='lat' dir='ltr'><strong><em>mss.</em></strong></span> <span class='ocrx_word' id='word_1_717' title='bbox 3372 5513 3508 5576; x_wconf 82' lang='lat' dir='ltr'><strong><em>Editi</em></strong></span> <span class='ocrx_word' id='word_1_718' title='bbox 3551 5511 3654 5583; x_wconf 76' lang='grc' dir='ltr'>πρὸς</span> <span class='ocrx_word' id='word_1_719' title='bbox 3762 5558 3771 5582; x_wconf 88' lang='grc'><strong><em>,</em></strong></span> 
     </span>
    </p>
   </div>
   <div class='ocr_carea' id='block_1_109' title="bbox 2158 5613 3330 5737">
    <p class='ocr_par' dir='ltr' id='par_1_109' title="bbox 2158 5613 3330 5737">
     <span class='ocr_line' id='line_1_110' title="bbox 2158 5613 3330 5737; baseline -0.003 -16"><span class='ocrx_word' id='word_1_720' title='bbox 2158 5613 2319 5737; x_wconf 28' lang='lat' dir='ltr'><strong><em>ﬂetis.)</em></strong></span> <span class='ocrx_word' id='word_1_721' title='bbox 2356 5665 2603 5720; x_wconf 82' lang='grc' dir='ltr'>Ἕδωκα.</span> <span class='ocrx_word' id='word_1_722' title='bbox 2636 5664 2769 5735; x_wconf 75' lang='lat' dir='ltr'><strong><em>Reg.</em></strong></span> <span class='ocrx_word' id='word_1_723' title='bbox 2802 5660 3078 5719; x_wconf 86' lang='lat' dir='ltr'><strong><em>secundus</em></strong></span> <span class='ocrx_word' id='word_1_724' title='bbox 3104 5662 3330 5717; x_wconf 81' lang='grc' dir='ltr'>δέδωκα.</span> 
     </span>
    </p>
   </div>
  </div>
