  <div class='ocr_page' id='page_1' title='image "/cluster/home/n/w/nwhite01/storage/ocr_20150623/32/mdp.39015011915462/522.png"; bbox 0 0 3878 6222; ppageno 0'>
   <div class='ocr_carea' id='block_1_1' title="bbox 317 299 452 354">
    <p class='ocr_par' dir='ltr' id='par_1_1' title="bbox 317 299 452 354">
     <span class='ocr_line' id='line_1_1' title="bbox 317 299 452 354; baseline -0.007 -1"><span class='ocrx_word' id='word_1_1' title='bbox 317 299 452 354; x_wconf 72' lang='lat' dir='ltr'><strong>Nl?</strong></span> 
     </span>
    </p>
   </div>
   <div class='ocr_carea' id='block_1_2' title="bbox 1125 299 2680 369">
    <p class='ocr_par' dir='ltr' id='par_1_2' title="bbox 1125 299 2680 369">
     <span class='ocr_line' id='line_1_2' title="bbox 1125 299 2680 369; baseline 0.005 -13"><span class='ocrx_word' id='word_1_2' title='bbox 1125 299 1611 362; x_wconf 77' lang='lat' dir='ltr'><strong>EPISTOLARUM</strong></span> <span class='ocrx_word' id='word_1_3' title='bbox 1648 307 1934 365; x_wconf 65' lang='lat' dir='ltr'><strong>CBASSES</strong></span> <span class='ocrx_word' id='word_1_4' title='bbox 1973 310 2037 369; x_wconf 91' lang='lat' dir='ltr'><strong>ll.</strong></span> <span class='ocrx_word' id='word_1_5' title='bbox 2076 310 2295 367; x_wconf 79' lang='lat' dir='ltr'><strong>EPIST.</strong></span> <span class='ocrx_word' id='word_1_6' title='bbox 2334 307 2680 365; x_wconf 73' lang='lat' dir='ltr'><strong>CCLXXX&#39;H.</strong></span> 
     </span>
    </p>
   </div>
   <div class='ocr_carea' id='block_1_3' title="bbox 3428 305 3565 362">
    <p class='ocr_par' dir='ltr' id='par_1_3' title="bbox 3428 305 3565 362">
     <span class='ocr_line' id='line_1_3' title="bbox 3428 305 3565 362; baseline -0.015 0"><span class='ocrx_word' id='word_1_7' title='bbox 3428 305 3565 362; x_wconf 78' lang='lat' dir='ltr'><strong>l0l8</strong></span> 
     </span>
    </p>
   </div>
   <div class='ocr_carea' id='block_1_4' title="bbox 314 416 1893 499">
    <p class='ocr_par' dir='ltr' id='par_1_4' title="bbox 314 416 1889 498">
     <span class='ocr_line' id='line_1_4' title="bbox 314 416 1889 498; baseline 0.006 -27"><span class='ocrx_word' id='word_1_8' title='bbox 314 416 523 483; x_wconf 85' lang='grc' dir='ltr'>ἱκεσίας</span> <span class='ocrx_word' id='word_1_9' title='bbox 558 418 880 490; x_wconf 81' lang='grc' dir='ltr'><strong>προσάγειν,</strong></span> <span class='ocrx_word' id='word_1_10' title='bbox 919 419 1035 474; x_wconf 82' lang='grc' dir='ltr'>ἀλλ’</span> <span class='ocrx_word' id='word_1_11' title='bbox 1068 416 1161 476; x_wconf 79' lang='grc' dir='ltr'>οὖν</span> <span class='ocrx_word' id='word_1_12' title='bbox 1204 423 1238 493; x_wconf 81' lang='grc' dir='ltr'><strong>ἡ</strong></span> <span class='ocrx_word' id='word_1_13' title='bbox 1287 424 1714 496; x_wconf 83' lang='grc' dir='ltr'>προῦπάρχουσα</span> <span class='ocrx_word' id='word_1_14' title='bbox 1759 428 1889 498; x_wconf 81' lang='grc' dir='ltr'>περὶ</span> 
     </span>
    </p>
   </div>
   <div class='ocr_carea' id='block_1_5' title="bbox 1984 416 3563 499">
    <p class='ocr_par' dir='ltr' id='par_1_5' title="bbox 1991 423 3563 499">
     <span class='ocr_line' id='line_1_5' title="bbox 1991 423 3563 499; baseline -0.004 -15"><span class='ocrx_word' id='word_1_15' title='bbox 1991 431 2324 499; x_wconf 86' lang='lat' dir='ltr'><strong>supplicare,</strong></span> <span class='ocrx_word' id='word_1_16' title='bbox 2363 437 2544 497; x_wconf 78' lang='lat' dir='ltr'><strong>tamen</strong></span> <span class='ocrx_word' id='word_1_17' title='bbox 2572 428 2769 490; x_wconf 81' lang='lat' dir='ltr'><strong>honor,</strong></span> <span class='ocrx_word' id='word_1_18' title='bbox 2797 440 2959 496; x_wconf 90' lang='lat' dir='ltr'><strong>quem</strong></span> <span class='ocrx_word' id='word_1_19' title='bbox 2984 441 3015 480; x_wconf 89' lang='lat' dir='ltr'><strong>a</strong></span> <span class='ocrx_word' id='word_1_20' title='bbox 3047 434 3096 480; x_wconf 90' lang='lat' dir='ltr'><strong>te</strong></span> <span class='ocrx_word' id='word_1_21' title='bbox 3127 423 3378 495; x_wconf 70' lang='lat' dir='ltr'><strong>praecepi,</strong></span> <span class='ocrx_word' id='word_1_22' title='bbox 3411 424 3563 479; x_wconf 83' lang='lat' dir='ltr'><strong>timi-</strong></span> 
     </span>
    </p>
   </div>
   <div class='ocr_carea' id='block_1_6' title="bbox 311 510 1892 589">
    <p class='ocr_par' dir='ltr' id='par_1_6' title="bbox 311 510 1892 589">
     <span class='ocr_line' id='line_1_6' title="bbox 311 510 1892 589; baseline 0.006 -27"><span class='ocrx_word' id='word_1_23' title='bbox 311 512 461 582; x_wconf 73' lang='grc' dir='ltr'>ἡμᾶς</span> <span class='ocrx_word' id='word_1_24' title='bbox 494 515 646 583; x_wconf 89' lang='grc' dir='ltr'><strong>παρά</strong></span> <span class='ocrx_word' id='word_1_25' title='bbox 680 510 774 564; x_wconf 82' lang='grc' dir='ltr'>σοῦ</span> <span class='ocrx_word' id='word_1_26' title='bbox 797 510 930 582; x_wconf 78' lang='grc' dir='ltr'>τιμὴ</span> <span class='ocrx_word' id='word_1_27' title='bbox 969 513 1283 585; x_wconf 81' lang='grc' dir='ltr'>ἀφαιρεῖται</span> <span class='ocrx_word' id='word_1_28' title='bbox 1326 515 1425 586; x_wconf 83' lang='grc' dir='ltr'><strong>τῆς</strong></span> <span class='ocrx_word' id='word_1_29' title='bbox 1464 516 1693 588; x_wconf 83' lang='grc' dir='ltr'><strong>καρδίας</strong></span> <span class='ocrx_word' id='word_1_30' title='bbox 1734 518 1892 589; x_wconf 82' lang='grc' dir='ltr'>ἡμῶν</span> 
     </span>
    </p>
   </div>
   <div class='ocr_carea' id='block_1_7' title="bbox 307 601 1889 677">
    <p class='ocr_par' dir='ltr' id='par_1_7' title="bbox 307 601 1889 677">
     <span class='ocr_line' id='line_1_7' title="bbox 307 601 1889 677; baseline 0.005 -24"><span class='ocrx_word' id='word_1_31' title='bbox 307 601 373 654; x_wconf 81' lang='grc' dir='ltr'>τὸ</span> <span class='ocrx_word' id='word_1_32' title='bbox 412 601 605 666; x_wconf 82' lang='grc' dir='ltr'>δειλὸν,</span> <span class='ocrx_word' id='word_1_33' title='bbox 638 602 733 656; x_wconf 76' lang='grc' dir='ltr'>καὶ</span> <span class='ocrx_word' id='word_1_34' title='bbox 772 603 1221 675; x_wconf 74' lang='grc' dir='ltr'>καταθαρροΰμεν</span> <span class='ocrx_word' id='word_1_35' title='bbox 1252 606 1584 660; x_wconf 78' lang='grc' dir='ltr'><strong>ἐπιστέλλειν</strong></span> <span class='ocrx_word' id='word_1_36' title='bbox 1618 607 1760 677; x_wconf 83' lang='grc' dir='ltr'>ὑπὲρ</span> <span class='ocrx_word' id='word_1_37' title='bbox 1794 609 1889 661; x_wconf 88' lang='grc' dir='ltr'>ἀν-</span> 
     </span>
    </p>
   </div>
   <div class='ocr_carea' id='block_1_8' title="bbox 312 691 1891 768">
    <p class='ocr_par' dir='ltr' id='par_1_8' title="bbox 312 691 1891 768">
     <span class='ocr_line' id='line_1_8' title="bbox 312 691 1891 768; baseline 0.003 -22"><span class='ocrx_word' id='word_1_38' title='bbox 312 691 582 764; x_wconf 66' lang='grc' dir='ltr'>θρώπων,</span> <span class='ocrx_word' id='word_1_39' title='bbox 619 693 832 747; x_wconf 82' lang='grc' dir='ltr'><strong>οἰκείων</strong></span> <span class='ocrx_word' id='word_1_40' title='bbox 878 694 978 764; x_wconf 83' lang='grc' dir='ltr'>μὲν</span> <span class='ocrx_word' id='word_1_41' title='bbox 1015 697 1149 767; x_wconf 80' lang='grc' dir='ltr'>ἡμῖν</span> <span class='ocrx_word' id='word_1_42' title='bbox 1202 696 1344 750; x_wconf 83' lang='grc' dir='ltr'><strong>κατά</strong></span> <span class='ocrx_word' id='word_1_43' title='bbox 1393 697 1569 766; x_wconf 83' lang='grc' dir='ltr'>γένος,</span> <span class='ocrx_word' id='word_1_44' title='bbox 1616 699 1784 768; x_wconf 86' lang='grc' dir='ltr'>τιμῆς</span> <span class='ocrx_word' id='word_1_45' title='bbox 1832 699 1891 751; x_wconf 80' lang='grc' dir='ltr'>δὲ</span> 
     </span>
    </p>
   </div>
   <div class='ocr_carea' id='block_1_9' title="bbox 311 785 1887 860">
    <p class='ocr_par' dir='ltr' id='par_1_9' title="bbox 311 785 1887 860">
     <span class='ocr_line' id='line_1_9' title="bbox 311 785 1887 860; baseline 0.003 -22"><span class='ocrx_word' id='word_1_46' title='bbox 311 785 480 850; x_wconf 85' lang='grc' dir='ltr'>ἀξίων</span> <span class='ocrx_word' id='word_1_47' title='bbox 516 785 633 839; x_wconf 87' lang='grc' dir='ltr'>ὁδιά</span> <span class='ocrx_word' id='word_1_48' title='bbox 662 786 760 857; x_wconf 82' lang='grc' dir='ltr'>τὴν</span> <span class='ocrx_word' id='word_1_49' title='bbox 800 785 1054 857; x_wconf 81' lang='grc' dir='ltr'>δεξότητα</span> <span class='ocrx_word' id='word_1_50' title='bbox 1083 787 1192 840; x_wconf 83' lang='grc' dir='ltr'>τῶν</span> <span class='ocrx_word' id='word_1_51' title='bbox 1239 787 1409 857; x_wconf 73' lang='grc' dir='ltr'>ἠθῶν.</span> <span class='ocrx_word' id='word_1_52' title='bbox 1463 789 1522 842; x_wconf 86' lang='grc' dir='ltr'>Ὁ</span> <span class='ocrx_word' id='word_1_53' title='bbox 1561 790 1739 843; x_wconf 77' lang='grc' dir='ltr'>τοίνυν</span> <span class='ocrx_word' id='word_1_54' title='bbox 1784 789 1887 860; x_wconf 81' lang='grc' dir='ltr'>τὴν</span> 
     </span>
    </p>
   </div>
   <div class='ocr_carea' id='block_1_10' title="bbox 310 876 1888 952">
    <p class='ocr_par' dir='ltr' id='par_1_10' title="bbox 310 876 1888 952">
     <span class='ocr_line' id='line_1_10' title="bbox 310 876 1888 952; baseline 0.004 -24"><span class='ocrx_word' id='word_1_55' title='bbox 310 878 601 947; x_wconf 82' lang='grc' dir='ltr'>ἐπιστολὴν</span> <span class='ocrx_word' id='word_1_56' title='bbox 628 876 783 948; x_wconf 82' lang='grc' dir='ltr'>ἡμῶν</span> <span class='ocrx_word' id='word_1_57' title='bbox 835 878 1038 951; x_wconf 83' lang='grc' dir='ltr'>ταύτην</span> <span class='ocrx_word' id='word_1_58' title='bbox 1088 879 1356 944; x_wconf 76' lang='grc' dir='ltr'>ἐπιδιδοὺς</span> <span class='ocrx_word' id='word_1_59' title='bbox 1389 881 1499 951; x_wconf 84' lang='grc'>(59)</span> <span class='ocrx_word' id='word_1_60' title='bbox 1535 882 1594 933; x_wconf 87' lang='grc' dir='ltr'>ὲν</span> <span class='ocrx_word' id='word_1_61' title='bbox 1640 882 1757 935; x_wconf 90' lang='grc' dir='ltr'>υἱοῦ</span> <span class='ocrx_word' id='word_1_62' title='bbox 1798 899 1888 952; x_wconf 89' lang='grc' dir='ltr'><strong>μοι</strong></span> 
     </span>
    </p>
   </div>
   <div class='ocr_carea' id='block_1_11' title="bbox 309 964 1887 1043">
    <p class='ocr_par' dir='ltr' id='par_1_11' title="bbox 309 964 1887 1043">
     <span class='ocr_line' id='line_1_11' title="bbox 309 964 1887 1043; baseline 0.004 -24"><span class='ocrx_word' id='word_1_63' title='bbox 309 964 463 1029; x_wconf 78' lang='grc' dir='ltr'>τάξει</span> <span class='ocrx_word' id='word_1_64' title='bbox 493 966 852 1036; x_wconf 80' lang='grc' dir='ltr'><strong>καθέστηκεν.</strong></span> <span class='ocrx_word' id='word_1_65' title='bbox 901 968 1053 1021; x_wconf 77' lang='grc' dir='ltr'>Ἐπεὶ</span> <span class='ocrx_word' id='word_1_66' title='bbox 1084 964 1178 1022; x_wconf 83' lang='grc' dir='ltr'><strong>οὖν</strong></span> <span class='ocrx_word' id='word_1_67' title='bbox 1210 969 1379 1023; x_wconf 85' lang='grc' dir='ltr'>δεῖται</span> <span class='ocrx_word' id='word_1_68' title='bbox 1421 970 1587 1040; x_wconf 84' lang='grc' dir='ltr'>μόνης</span> <span class='ocrx_word' id='word_1_69' title='bbox 1615 971 1714 1041; x_wconf 88' lang='grc' dir='ltr'><strong>τῆς</strong></span> <span class='ocrx_word' id='word_1_70' title='bbox 1735 972 1887 1043; x_wconf 81' lang='grc' dir='ltr'>παρᾶ</span> 
     </span>
    </p>
   </div>
   <div class='ocr_carea' id='block_1_12' title="bbox 310 1056 1885 1132">
    <p class='ocr_par' dir='ltr' id='par_1_12' title="bbox 310 1056 1885 1132">
     <span class='ocr_line' id='line_1_12' title="bbox 310 1056 1885 1132; baseline 0.004 -23"><span class='ocrx_word' id='word_1_71' title='bbox 310 1056 408 1109; x_wconf 78' lang='grc' dir='ltr'>σοῦ</span> <span class='ocrx_word' id='word_1_72' title='bbox 452 1056 738 1126; x_wconf 80' lang='grc' dir='ltr'><strong>εὐμενείας</strong></span> <span class='ocrx_word' id='word_1_73' title='bbox 782 1059 863 1120; x_wconf 86' lang='grc' dir='ltr'><strong>εἱς</strong></span> <span class='ocrx_word' id='word_1_74' title='bbox 909 1058 971 1112; x_wconf 80' lang='grc' dir='ltr'>τὸ</span> <span class='ocrx_word' id='word_1_75' title='bbox 1015 1058 1269 1126; x_wconf 83' lang='grc' dir='ltr'>γενέσθαι</span> <span class='ocrx_word' id='word_1_76' title='bbox 1306 1058 1456 1129; x_wconf 72' lang='grc' dir='ltr'>αὐτῷ</span> <span class='ocrx_word' id='word_1_77' title='bbox 1496 1060 1565 1113; x_wconf 88' lang='grc' dir='ltr'><strong>τά</strong></span> <span class='ocrx_word' id='word_1_78' title='bbox 1593 1060 1885 1132; x_wconf 74' lang='grc' dir='ltr'>ἐπιζητού-</span> 
     </span>
    </p>
   </div>
   <div class='ocr_carea' id='block_1_13' title="bbox 312 1147 1887 1222">
    <p class='ocr_par' dir='ltr' id='par_1_13' title="bbox 312 1147 1887 1222">
     <span class='ocr_line' id='line_1_13' title="bbox 312 1147 1887 1222; baseline 0.005 -24"><span class='ocrx_word' id='word_1_79' title='bbox 312 1163 472 1216; x_wconf 89' lang='grc' dir='ltr'>μενα,</span> <span class='ocrx_word' id='word_1_80' title='bbox 509 1147 846 1211; x_wconf 83' lang='grc' dir='ltr'>καταξὶωσον</span> <span class='ocrx_word' id='word_1_81' title='bbox 877 1148 1132 1214; x_wconf 82' lang='grc' dir='ltr'>δέξασθαί</span> <span class='ocrx_word' id='word_1_82' title='bbox 1182 1167 1285 1221; x_wconf 89' lang='grc' dir='ltr'><strong>μου</strong></span> <span class='ocrx_word' id='word_1_83' title='bbox 1326 1150 1388 1202; x_wconf 81' lang='grc' dir='ltr'>τὸ</span> <span class='ocrx_word' id='word_1_84' title='bbox 1416 1150 1672 1222; x_wconf 85' lang='grc' dir='ltr'>γράμμα,</span> <span class='ocrx_word' id='word_1_85' title='bbox 1705 1152 1734 1205; x_wconf 84' lang='grc' dir='ltr'><strong>ὃ</strong></span> <span class='ocrx_word' id='word_1_86' title='bbox 1770 1153 1887 1206; x_wconf 82' lang='grc' dir='ltr'>ἀνθ’</span> 
     </span>
    </p>
   </div>
   <div class='ocr_carea' id='block_1_14' title="bbox 311 1240 1877 1313">
    <p class='ocr_par' dir='ltr' id='par_1_14' title="bbox 311 1240 1877 1313">
     <span class='ocr_line' id='line_1_14' title="bbox 311 1240 1877 1313; baseline 0.002 -21"><span class='ocrx_word' id='word_1_87' title='bbox 311 1240 592 1311; x_wconf 80' lang='grc' dir='ltr'>ἱκετηρίας</span> <span class='ocrx_word' id='word_1_88' title='bbox 622 1241 964 1312; x_wconf 87' lang='grc' dir='ltr'>προτείνεταί</span> <span class='ocrx_word' id='word_1_89' title='bbox 995 1258 1076 1295; x_wconf 90' lang='grc' dir='ltr'><strong>σοι</strong></span> <span class='ocrx_word' id='word_1_90' title='bbox 1113 1246 1142 1295; x_wconf 89' lang='grc' dir='ltr'><strong>ὁ</strong></span> <span class='ocrx_word' id='word_1_91' title='bbox 1175 1244 1570 1313; x_wconf 75' lang='grc' dir='ltr'>προειρημένος</span> <span class='ocrx_word' id='word_1_92' title='bbox 1590 1260 1605 1274; x_wconf 81' lang='grc'><em>’</em></span> <span class='ocrx_word' id='word_1_93' title='bbox 1637 1244 1730 1297; x_wconf 82' lang='grc' dir='ltr'>καὶ</span> <span class='ocrx_word' id='word_1_94' title='bbox 1759 1243 1877 1296; x_wconf 62' lang='grc' dir='ltr'>δοῦ.</span> 
     </span>
    </p>
   </div>
   <div class='ocr_carea' id='block_1_15' title="bbox 306 1330 1880 1406">
    <p class='ocr_par' dir='ltr' id='par_1_15' title="bbox 306 1330 1880 1406">
     <span class='ocr_line' id='line_1_15' title="bbox 306 1330 1880 1406; baseline 0.002 -23"><span class='ocrx_word' id='word_1_95' title='bbox 306 1347 397 1383; x_wconf 89' lang='grc' dir='ltr'><strong>ναι</strong></span> <span class='ocrx_word' id='word_1_96' title='bbox 431 1330 580 1402; x_wconf 80' lang='grc' dir='ltr'>αύτῷ</span> <span class='ocrx_word' id='word_1_97' title='bbox 613 1332 803 1401; x_wconf 80' lang='grc' dir='ltr'>καιρὸν</span> <span class='ocrx_word' id='word_1_98' title='bbox 847 1332 1209 1403; x_wconf 81' lang='grc' dir='ltr'>διηγήσασθαι</span> <span class='ocrx_word' id='word_1_99' title='bbox 1256 1333 1324 1387; x_wconf 78' lang='grc' dir='ltr'><strong>τὰ</strong></span> <span class='ocrx_word' id='word_1_100' title='bbox 1361 1332 1483 1387; x_wconf 86' lang='grc' dir='ltr'>καθ’</span> <span class='ocrx_word' id='word_1_101' title='bbox 1521 1332 1714 1387; x_wconf 78' lang='grc' dir='ltr'>ἑαυτὸν</span> <span class='ocrx_word' id='word_1_102' title='bbox 1746 1333 1880 1406; x_wconf 71' lang='grc'>(40),</span> 
     </span>
    </p>
   </div>
   <div class='ocr_carea' id='block_1_16' title="bbox 305 1419 1879 1496">
    <p class='ocr_par' dir='ltr' id='par_1_16' title="bbox 305 1419 1879 1496">
     <span class='ocr_line' id='line_1_16' title="bbox 305 1419 1879 1496; baseline 0.003 -25"><span class='ocrx_word' id='word_1_103' title='bbox 305 1419 794 1492; x_wconf 72' lang='grc' dir='ltr'>καὶ-διαλεχθῆναι</span> <span class='ocrx_word' id='word_1_104' title='bbox 838 1425 951 1484; x_wconf 83' lang='grc' dir='ltr'>τοῖς</span> <span class='ocrx_word' id='word_1_105' title='bbox 980 1421 1297 1492; x_wconf 82' lang='grc' dir='ltr'>δυναμένοις</span> <span class='ocrx_word' id='word_1_106' title='bbox 1329 1422 1479 1493; x_wconf 83' lang='grc' dir='ltr'>αὐτῷ</span> <span class='ocrx_word' id='word_1_107' title='bbox 1526 1425 1879 1496; x_wconf 79' lang='grc' dir='ltr'>συνεργῆσαι,</span> 
     </span>
    </p>
   </div>
   <div class='ocr_carea' id='block_1_17' title="bbox 309 1510 1885 1587">
    <p class='ocr_par' dir='ltr' id='par_1_17' title="bbox 309 1510 1885 1587">
     <span class='ocr_line' id='line_1_17' title="bbox 309 1510 1885 1587; baseline 0.003 -24"><span class='ocrx_word' id='word_1_108' title='bbox 309 1511 399 1564; x_wconf 77' lang='grc' dir='ltr'>ἵνα</span> <span class='ocrx_word' id='word_1_109' title='bbox 439 1510 518 1582; x_wconf 83' lang='grc' dir='ltr'><strong>τῷ</strong></span> <span class='ocrx_word' id='word_1_110' title='bbox 549 1513 929 1584; x_wconf 75' lang='grc' dir='ltr'>προστάγματι</span> <span class='ocrx_word' id='word_1_111' title='bbox 978 1530 1071 1566; x_wconf 91' lang='grc' dir='ltr'><strong>σου</strong></span> <span class='ocrx_word' id='word_1_112' title='bbox 1114 1515 1322 1585; x_wconf 85' lang='grc' dir='ltr'>ταχέως</span> <span class='ocrx_word' id='word_1_113' title='bbox 1352 1514 1490 1587; x_wconf 85' lang='grc' dir='ltr'>τύχῃ</span> <span class='ocrx_word' id='word_1_114' title='bbox 1520 1515 1630 1567; x_wconf 81' lang='grc' dir='ltr'><strong>τῶν</strong></span> <span class='ocrx_word' id='word_1_115' title='bbox 1662 1515 1885 1568; x_wconf 74' lang='grc' dir='ltr'>σπουδαο</span> 
     </span>
    </p>
   </div>
   <div class='ocr_carea' id='block_1_18' title="bbox 305 1599 1881 1676">
    <p class='ocr_par' dir='ltr' id='par_1_18' title="bbox 305 1599 1881 1676">
     <span class='ocr_line' id='line_1_18' title="bbox 305 1599 1881 1676; baseline 0.002 -23"><span class='ocrx_word' id='word_1_116' title='bbox 305 1599 573 1670; x_wconf 83' lang='grc' dir='ltr'>ζομένων,</span> <span class='ocrx_word' id='word_1_117' title='bbox 608 1602 714 1672; x_wconf 48' lang='grc' dir='ltr'>,καὶ</span> <span class='ocrx_word' id='word_1_118' title='bbox 758 1603 883 1672; x_wconf 70' lang='grc' dir='ltr'>ἐμοὶ</span> <span class='ocrx_word' id='word_1_119' title='bbox 917 1603 1135 1676; x_wconf 79' lang='grc' dir='ltr'><strong>ὑπάρξῃ</strong></span> <span class='ocrx_word' id='word_1_120' title='bbox 1169 1604 1614 1658; x_wconf 83' lang='grc' dir='ltr'>καλλωπίσασθαι</span> <span class='ocrx_word' id='word_1_121' title='bbox 1644 1604 1755 1673; x_wconf 72' lang='grc'>(41)</span> <span class='ocrx_word' id='word_1_122' title='bbox 1799 1605 1881 1657; x_wconf 86' lang='grc' dir='ltr'>ὃτι</span> 
     </span>
    </p>
   </div>
   <div class='ocr_carea' id='block_1_19' title="bbox 1993 515 3565 587">
    <p class='ocr_par' dir='ltr' id='par_1_19' title="bbox 1993 515 3565 587">
     <span class='ocr_line' id='line_1_19' title="bbox 1993 515 3565 587; baseline -0.002 -12"><span class='ocrx_word' id='word_1_123' title='bbox 1993 520 2218 575; x_wconf 92' lang='lat' dir='ltr'><strong>ditatem</strong></span> <span class='ocrx_word' id='word_1_124' title='bbox 2263 535 2294 575; x_wconf 91' lang='lat' dir='ltr'><strong>e</strong></span> <span class='ocrx_word' id='word_1_125' title='bbox 2340 533 2463 573; x_wconf 91' lang='lat' dir='ltr'><strong>meo</strong></span> <span class='ocrx_word' id='word_1_126' title='bbox 2504 518 2673 572; x_wconf 91' lang='lat' dir='ltr'><strong>corde</strong></span> <span class='ocrx_word' id='word_1_127' title='bbox 2709 517 2934 587; x_wconf 76' lang='lat' dir='ltr'><strong>expellit</strong></span> <span class='ocrx_word' id='word_1_128' title='bbox 2962 557 2976 575; x_wconf 90' lang='lat'><strong>.</strong></span> <span class='ocrx_word' id='word_1_129' title='bbox 3025 531 3090 570; x_wconf 83' lang='lat' dir='ltr'><strong>ac</strong></span> <span class='ocrx_word' id='word_1_130' title='bbox 3139 515 3365 569; x_wconf 87' lang='lat' dir='ltr'><strong>ﬁdenter</strong></span> <span class='ocrx_word' id='word_1_131' title='bbox 3402 516 3469 570; x_wconf 90' lang='lat' dir='ltr'><strong>ad</strong></span> <span class='ocrx_word' id='word_1_132' title='bbox 3514 525 3565 572; x_wconf 87' lang='lat' dir='ltr'><strong>te</strong></span> 
     </span>
    </p>
   </div>
   <div class='ocr_carea' id='block_1_20' title="bbox 1992 606 3562 679">
    <p class='ocr_par' dir='ltr' id='par_1_20' title="bbox 1992 606 3562 679">
     <span class='ocr_line' id='line_1_20' title="bbox 1992 606 3562 679; baseline -0.003 -15"><span class='ocrx_word' id='word_1_133' title='bbox 1992 610 2176 664; x_wconf 91' lang='lat' dir='ltr'><strong>scribo</strong></span> <span class='ocrx_word' id='word_1_134' title='bbox 2205 625 2306 679; x_wconf 88' lang='lat' dir='ltr'><strong>pro</strong></span> <span class='ocrx_word' id='word_1_135' title='bbox 2353 608 2668 664; x_wconf 89' lang='lat' dir='ltr'><strong>hominibus</strong></span> <span class='ocrx_word' id='word_1_136' title='bbox 2699 607 2831 660; x_wconf 92' lang='lat' dir='ltr'><strong>mihi</strong></span> <span class='ocrx_word' id='word_1_137' title='bbox 2865 606 3082 678; x_wconf 82' lang='lat' dir='ltr'><strong>quidem</strong></span> <span class='ocrx_word' id='word_1_138' title='bbox 3110 620 3308 676; x_wconf 81' lang='lat' dir='ltr'><strong>genere</strong></span> <span class='ocrx_word' id='word_1_139' title='bbox 3340 608 3562 676; x_wconf 90' lang='lat' dir='ltr'><strong>propin-</strong></span> 
     </span>
    </p>
   </div>
   <div class='ocr_carea' id='block_1_21' title="bbox 1992 694 3562 768">
    <p class='ocr_par' dir='ltr' id='par_1_21' title="bbox 1992 694 3562 768">
     <span class='ocr_line' id='line_1_21' title="bbox 1992 694 3562 768; baseline -0.002 -15"><span class='ocrx_word' id='word_1_140' title='bbox 1992 700 2140 767; x_wconf 83' lang='lat' dir='ltr'><strong>quis,</strong></span> <span class='ocrx_word' id='word_1_141' title='bbox 2191 700 2286 754; x_wconf 91' lang='lat' dir='ltr'><strong>sed</strong></span> <span class='ocrx_word' id='word_1_142' title='bbox 2340 698 2548 753; x_wconf 83' lang='lat' dir='ltr'><strong>honore</strong></span> <span class='ocrx_word' id='word_1_143' title='bbox 2591 697 2772 768; x_wconf 82' lang='lat' dir='ltr'><strong>dignis</strong></span> <span class='ocrx_word' id='word_1_144' title='bbox 2820 697 2892 751; x_wconf 90' lang='lat' dir='ltr'><strong>ob</strong></span> <span class='ocrx_word' id='word_1_145' title='bbox 2948 712 3161 750; x_wconf 87' lang='lat' dir='ltr'><strong>morum</strong></span> <span class='ocrx_word' id='word_1_146' title='bbox 3211 694 3562 766; x_wconf 77' lang='lat' dir='ltr'><strong>probitatem.</strong></span> 
     </span>
    </p>
   </div>
   <div class='ocr_carea' id='block_1_22' title="bbox 1992 786 3562 861">
    <p class='ocr_par' dir='ltr' id='par_1_22' title="bbox 1992 786 3562 861">
     <span class='ocr_line' id='line_1_22' title="bbox 1992 786 3562 861; baseline -0.003 -17"><span class='ocrx_word' id='word_1_147' title='bbox 1992 791 2183 861; x_wconf 84' lang='lat' dir='ltr'><strong>Itaque</strong></span> <span class='ocrx_word' id='word_1_148' title='bbox 2209 791 2304 861; x_wconf 86' lang='lat' dir='ltr'><strong>qui</strong></span> <span class='ocrx_word' id='word_1_149' title='bbox 2350 790 2494 845; x_wconf 87' lang='lat' dir='ltr'><strong>hanc</strong></span> <span class='ocrx_word' id='word_1_150' title='bbox 2540 798 2785 845; x_wconf 89' lang='lat' dir='ltr'><strong>nostram</strong></span> <span class='ocrx_word' id='word_1_151' title='bbox 2838 789 3018 843; x_wconf 82' lang='lat' dir='ltr'><strong>reddit</strong></span> <span class='ocrx_word' id='word_1_152' title='bbox 3065 786 3381 857; x_wconf 80' lang='lat' dir='ltr'><strong>epistolam,</strong></span> <span class='ocrx_word' id='word_1_153' title='bbox 3428 786 3562 840; x_wconf 89' lang='lat' dir='ltr'><strong>mihi</strong></span> 
     </span>
    </p>
   </div>
   <div class='ocr_carea' id='block_1_23' title="bbox 1995 878 3565 951">
    <p class='ocr_par' dir='ltr' id='par_1_23' title="bbox 1995 878 3565 951">
     <span class='ocr_line' id='line_1_23' title="bbox 1995 878 3565 951; baseline -0.002 -16"><span class='ocrx_word' id='word_1_154' title='bbox 1995 883 2117 937; x_wconf 87' lang='lat' dir='ltr'><strong>loco</strong></span> <span class='ocrx_word' id='word_1_155' title='bbox 2158 882 2254 936; x_wconf 87' lang='lat' dir='ltr'><strong>ﬁlii</strong></span> <span class='ocrx_word' id='word_1_156' title='bbox 2285 891 2390 938; x_wconf 91' lang='lat' dir='ltr'><strong>est.</strong></span> <span class='ocrx_word' id='word_1_157' title='bbox 2427 881 2563 935; x_wconf 92' lang='lat' dir='ltr'><strong>Cum</strong></span> <span class='ocrx_word' id='word_1_158' title='bbox 2601 895 2731 951; x_wconf 85' lang='lat' dir='ltr'><strong>ergo</strong></span> <span class='ocrx_word' id='word_1_159' title='bbox 2783 881 2900 935; x_wconf 84' lang='lat' dir='ltr'><strong>sola</strong></span> <span class='ocrx_word' id='word_1_160' title='bbox 2952 888 3044 934; x_wconf 87' lang='lat' dir='ltr'><strong>tua</strong></span> <span class='ocrx_word' id='word_1_161' title='bbox 3091 878 3468 934; x_wconf 89' lang='lat' dir='ltr'><strong>benevolentia</strong></span> <span class='ocrx_word' id='word_1_162' title='bbox 3515 893 3565 932; x_wconf 85' lang='lat' dir='ltr'><strong>et</strong></span> 
     </span>
    </p>
   </div>
   <div class='ocr_carea' id='block_1_24' title="bbox 1994 971 3565 1042">
    <p class='ocr_par' dir='ltr' id='par_1_24' title="bbox 1994 971 3565 1042">
     <span class='ocr_line' id='line_1_24' title="bbox 1994 971 3565 1042; baseline -0.002 -16"><span class='ocrx_word' id='word_1_163' title='bbox 1994 989 2134 1042; x_wconf 91' lang='lat' dir='ltr'><strong>opus</strong></span> <span class='ocrx_word' id='word_1_164' title='bbox 2171 975 2277 1036; x_wconf 88' lang='lat' dir='ltr'><strong>sit,</strong></span> <span class='ocrx_word' id='word_1_165' title='bbox 2308 972 2421 1027; x_wconf 84' lang='lat' dir='ltr'><strong>voti</strong></span> <span class='ocrx_word' id='word_1_166' title='bbox 2470 980 2531 1027; x_wconf 88' lang='lat' dir='ltr'><strong>ut</strong></span> <span class='ocrx_word' id='word_1_167' title='bbox 2562 987 2790 1042; x_wconf 86' lang='lat' dir='ltr'><strong>compos</strong></span> <span class='ocrx_word' id='word_1_168' title='bbox 2828 971 2942 1040; x_wconf 90' lang='lat' dir='ltr'><strong>ﬁat,</strong></span> <span class='ocrx_word' id='word_1_169' title='bbox 2984 971 3197 1025; x_wconf 89' lang='lat' dir='ltr'><strong>litteras</strong></span> <span class='ocrx_word' id='word_1_170' title='bbox 3242 983 3393 1024; x_wconf 87' lang='lat' dir='ltr'><strong>meas</strong></span> <span class='ocrx_word' id='word_1_171' title='bbox 3427 983 3565 1035; x_wconf 89' lang='lat' dir='ltr'><strong>quas</strong></span> 
     </span>
    </p>
   </div>
   <div class='ocr_carea' id='block_1_25' title="bbox 1993 1060 3566 1132">
    <p class='ocr_par' dir='ltr' id='par_1_25' title="bbox 1993 1060 3566 1132">
     <span class='ocr_line' id='line_1_25' title="bbox 1993 1060 3566 1132; baseline -0.002 -15"><span class='ocrx_word' id='word_1_172' title='bbox 1993 1066 2092 1119; x_wconf 82' lang='lat' dir='ltr'><strong>tibi</strong></span> <span class='ocrx_word' id='word_1_173' title='bbox 2140 1064 2225 1119; x_wconf 86' lang='lat' dir='ltr'><strong>vir</strong></span> <span class='ocrx_word' id='word_1_174' title='bbox 2263 1072 2620 1129; x_wconf 87' lang='lat' dir='ltr'><strong>memoratus,</strong></span> <span class='ocrx_word' id='word_1_175' title='bbox 2664 1063 2834 1118; x_wconf 90' lang='lat' dir='ltr'><strong>veluti</strong></span> <span class='ocrx_word' id='word_1_176' title='bbox 2880 1062 3155 1132; x_wconf 82' lang='lat' dir='ltr'><strong>quoddam</strong></span> <span class='ocrx_word' id='word_1_177' title='bbox 3206 1060 3566 1129; x_wconf 80' lang='lat' dir='ltr'><strong>supplicantis</strong></span> 
     </span>
    </p>
   </div>
   <div class='ocr_carea' id='block_1_26' title="bbox 1995 1153 3566 1225">
    <p class='ocr_par' dir='ltr' id='par_1_26' title="bbox 1995 1153 3566 1225">
     <span class='ocr_line' id='line_1_26' title="bbox 1995 1153 3566 1225; baseline -0.002 -18"><span class='ocrx_word' id='word_1_178' title='bbox 1995 1153 2217 1224; x_wconf 75' lang='lat' dir='ltr'><strong>insigne</strong></span> <span class='ocrx_word' id='word_1_179' title='bbox 2239 1153 2417 1214; x_wconf 79' lang='lat' dir='ltr'><strong>offert,</strong></span> <span class='ocrx_word' id='word_1_180' title='bbox 2442 1154 2684 1225; x_wconf 78' lang='lat' dir='ltr'><strong>digneris</strong></span> <span class='ocrx_word' id='word_1_181' title='bbox 2716 1154 2989 1223; x_wconf 85' lang='lat' dir='ltr'><strong>accipere,</strong></span> <span class='ocrx_word' id='word_1_182' title='bbox 3016 1153 3174 1222; x_wconf 88' lang='lat' dir='ltr'><strong>eique</strong></span> <span class='ocrx_word' id='word_1_183' title='bbox 3196 1159 3415 1221; x_wconf 90' lang='lat' dir='ltr'><strong>tempus</strong></span> <span class='ocrx_word' id='word_1_184' title='bbox 3441 1165 3566 1204; x_wconf 85' lang='lat' dir='ltr'><strong>eon-</strong></span> 
     </span>
    </p>
   </div>
   <div class='ocr_carea' id='block_1_27' title="bbox 2000 1240 3562 1310">
    <p class='ocr_par' dir='ltr' id='par_1_27' title="bbox 2000 1240 3562 1310">
     <span class='ocr_line' id='line_1_27' title="bbox 2000 1240 3562 1310; baseline -0.003 -14"><span class='ocrx_word' id='word_1_185' title='bbox 2000 1242 2195 1297; x_wconf 83' lang='lat' dir='ltr'><strong>cedere</strong></span> <span class='ocrx_word' id='word_1_186' title='bbox 2232 1257 2320 1299; x_wconf 89' lang='lat' dir='ltr'><strong>res</strong></span> <span class='ocrx_word' id='word_1_187' title='bbox 2358 1257 2489 1298; x_wconf 88' lang='lat' dir='ltr'><strong>suas</strong></span> <span class='ocrx_word' id='word_1_188' title='bbox 2533 1242 2862 1307; x_wconf 81' lang='lat' dir='ltr'><strong>enarrandi,</strong></span> <span class='ocrx_word' id='word_1_189' title='bbox 2899 1250 2955 1296; x_wconf 90' lang='lat' dir='ltr'><strong>et</strong></span> <span class='ocrx_word' id='word_1_190' title='bbox 2999 1256 3124 1296; x_wconf 88' lang='lat' dir='ltr'><strong>cum</strong></span> <span class='ocrx_word' id='word_1_191' title='bbox 3177 1241 3244 1296; x_wconf 89' lang='lat' dir='ltr'><strong>iis</strong></span> <span class='ocrx_word' id='word_1_192' title='bbox 3282 1241 3374 1310; x_wconf 90' lang='lat' dir='ltr'><strong>qui</strong></span> <span class='ocrx_word' id='word_1_193' title='bbox 3409 1240 3562 1293; x_wconf 91' lang='lat' dir='ltr'><strong>illum</strong></span> 
     </span>
    </p>
   </div>
   <div class='ocr_carea' id='block_1_28' title="bbox 1999 1329 3564 1403">
    <p class='ocr_par' dir='ltr' id='par_1_28' title="bbox 1999 1329 3564 1403">
     <span class='ocr_line' id='line_1_28' title="bbox 1999 1329 3564 1403; baseline -0.003 -18"><span class='ocrx_word' id='word_1_194' title='bbox 1999 1333 2191 1401; x_wconf 83' lang='lat' dir='ltr'><strong>juvare</strong></span> <span class='ocrx_word' id='word_1_195' title='bbox 2221 1341 2459 1403; x_wconf 85' lang='lat' dir='ltr'><strong>possunt</strong></span> <span class='ocrx_word' id='word_1_196' title='bbox 2485 1331 2873 1401; x_wconf 90' lang='lat' dir='ltr'><strong>colloquendi,</strong></span> <span class='ocrx_word' id='word_1_197' title='bbox 2908 1339 3004 1397; x_wconf 89' lang='lat' dir='ltr'><strong>ut,</strong></span> <span class='ocrx_word' id='word_1_198' title='bbox 3047 1331 3274 1400; x_wconf 88' lang='lat' dir='ltr'><strong>jubente</strong></span> <span class='ocrx_word' id='word_1_199' title='bbox 3325 1338 3417 1393; x_wconf 89' lang='lat' dir='ltr'><strong>te,</strong></span> <span class='ocrx_word' id='word_1_200' title='bbox 3453 1329 3564 1383; x_wconf 85' lang='lat' dir='ltr'><strong>cito</strong></span> 
     </span>
    </p>
   </div>
   <div class='ocr_carea' id='block_1_29' title="bbox 1989 1419 3563 1495">
    <p class='ocr_par' dir='ltr' id='par_1_29' title="bbox 1989 1419 3563 1495">
     <span class='ocr_line' id='line_1_29' title="bbox 1989 1419 3563 1495; baseline -0.002 -19"><span class='ocrx_word' id='word_1_201' title='bbox 1989 1432 2173 1494; x_wconf 81' lang='lat' dir='ltr'><strong>optata</strong></span> <span class='ocrx_word' id='word_1_202' title='bbox 2203 1431 2598 1495; x_wconf 82' lang='lat' dir='ltr'><strong>consequatur,</strong></span> <span class='ocrx_word' id='word_1_203' title='bbox 2619 1437 2684 1479; x_wconf 88' lang='lat' dir='ltr'><strong>ac</strong></span> <span class='ocrx_word' id='word_1_204' title='bbox 2712 1424 2843 1477; x_wconf 91' lang='lat' dir='ltr'><strong>mihi</strong></span> <span class='ocrx_word' id='word_1_205' title='bbox 2864 1423 3085 1493; x_wconf 88' lang='lat' dir='ltr'><strong>gloriari</strong></span> <span class='ocrx_word' id='word_1_206' title='bbox 3106 1420 3446 1492; x_wconf 87' lang='lat' dir='ltr'><strong>liceat,quod</strong></span> <span class='ocrx_word' id='word_1_207' title='bbox 3467 1419 3563 1475; x_wconf 88' lang='lat' dir='ltr'><strong>Dei</strong></span> 
     </span>
    </p>
   </div>
   <div class='ocr_carea' id='block_1_30' title="bbox 1986 1516 3566 1587">
    <p class='ocr_par' dir='ltr' id='par_1_30' title="bbox 1986 1516 3566 1587">
     <span class='ocr_line' id='line_1_30' title="bbox 1986 1516 3566 1587; baseline 0.001 -21"><span class='ocrx_word' id='word_1_208' title='bbox 1986 1517 2135 1570; x_wconf 86' lang='lat' dir='ltr'><strong>dono</strong></span> <span class='ocrx_word' id='word_1_209' title='bbox 2169 1516 2333 1571; x_wconf 87' lang='lat' dir='ltr'><strong>datus</strong></span> <span class='ocrx_word' id='word_1_210' title='bbox 2372 1517 2445 1571; x_wconf 90' lang='lat' dir='ltr'><strong>sit</strong></span> <span class='ocrx_word' id='word_1_211' title='bbox 2484 1516 2616 1570; x_wconf 82' lang='lat' dir='ltr'><strong>mihi</strong></span> <span class='ocrx_word' id='word_1_212' title='bbox 2646 1524 2935 1586; x_wconf 84' lang='lat' dir='ltr'><strong>patronus,</strong></span> <span class='ocrx_word' id='word_1_213' title='bbox 2966 1516 3061 1587; x_wconf 92' lang='lat' dir='ltr'><strong>qui</strong></span> <span class='ocrx_word' id='word_1_214' title='bbox 3112 1529 3266 1571; x_wconf 87' lang='lat' dir='ltr'><strong>meos</strong></span> <span class='ocrx_word' id='word_1_215' title='bbox 3308 1528 3566 1570; x_wconf 88' lang='lat' dir='ltr'><strong>necessa-</strong></span> 
     </span>
    </p>
   </div>
   <div class='ocr_carea' id='block_1_31' title="bbox 1988 1605 3455 1679">
    <p class='ocr_par' dir='ltr' id='par_1_31' title="bbox 1988 1605 3455 1679">
     <span class='ocr_line' id='line_1_31' title="bbox 1988 1605 3455 1679; baseline -0.002 -19"><span class='ocrx_word' id='word_1_216' title='bbox 1988 1609 2123 1670; x_wconf 86' lang='lat' dir='ltr'><strong>rios,</strong></span> <span class='ocrx_word' id='word_1_217' title='bbox 2155 1610 2410 1679; x_wconf 87' lang='lat' dir='ltr'><strong>proprios</strong></span> <span class='ocrx_word' id='word_1_218' title='bbox 2443 1609 2721 1679; x_wconf 80' lang='lat' dir='ltr'><strong>supplices</strong></span> <span class='ocrx_word' id='word_1_219' title='bbox 2750 1623 2814 1663; x_wconf 92' lang='lat' dir='ltr'><strong>ac</strong></span> <span class='ocrx_word' id='word_1_220' title='bbox 2844 1607 3104 1678; x_wconf 83' lang='lat' dir='ltr'><strong>perfugas</strong></span> <span class='ocrx_word' id='word_1_221' title='bbox 3133 1622 3258 1662; x_wconf 88' lang='lat' dir='ltr'><strong>esse</strong></span> <span class='ocrx_word' id='word_1_222' title='bbox 3281 1605 3455 1660; x_wconf 90' lang='lat' dir='ltr'><strong>ducit.</strong></span> 
     </span>
    </p>
   </div>
   <div class='ocr_carea' id='block_1_32' title="bbox 308 1696 3565 1776">
    <p class='ocr_par' dir='ltr' id='par_1_32' title="bbox 308 1696 3565 1776">
     <span class='ocr_line' id='line_1_32' title="bbox 308 1696 3565 1776; baseline 0.001 -27"><span class='ocrx_word' id='word_1_223' title='bbox 308 1713 400 1767; x_wconf 86' lang='grc' dir='ltr'><strong>μοι</strong></span> <span class='ocrx_word' id='word_1_224' title='bbox 447 1696 653 1750; x_wconf 86' lang='grc' dir='ltr'>δέδοται</span> <span class='ocrx_word' id='word_1_225' title='bbox 689 1696 930 1761; x_wconf 76' lang='grc' dir='ltr'>τοιοῦτος</span> <span class='ocrx_word' id='word_1_226' title='bbox 984 1700 1135 1770; x_wconf 89' lang='grc' dir='ltr'><strong>παρά</strong></span> <span class='ocrx_word' id='word_1_227' title='bbox 1183 1699 1287 1769; x_wconf 87' lang='grc' dir='ltr'><strong>τῆς</strong></span> <span class='ocrx_word' id='word_1_228' title='bbox 1327 1700 1550 1772; x_wconf 82' lang='grc' dir='ltr'>χάριτος</span> <span class='ocrx_word' id='word_1_229' title='bbox 1593 1699 1686 1753; x_wconf 75' lang='grc' dir='ltr'>τοῦ</span> <span class='ocrx_word' id='word_1_230' title='bbox 1738 1698 1874 1753; x_wconf 80' lang='grc' dir='ltr'>Θεοῦ</span> <span class='ocrx_word' id='word_1_231' title='bbox 1909 1704 2240 1776; x_wconf 73' lang='grc' dir='ltr'>προστάτης,</span> <span class='ocrx_word' id='word_1_232' title='bbox 2298 1704 2356 1768; x_wconf 83' lang='grc' dir='ltr'>ὃς</span> <span class='ocrx_word' id='word_1_233' title='bbox 2385 1721 2513 1769; x_wconf 85' lang='grc' dir='ltr'>τους</span> <span class='ocrx_word' id='word_1_234' title='bbox 2547 1704 2670 1775; x_wconf 67' lang='grc' dir='ltr'>ἐμοὶ</span> <span class='ocrx_word' id='word_1_235' title='bbox 2720 1705 3097 1776; x_wconf 79' lang='grc' dir='ltr'>προσήκοντας</span> <span class='ocrx_word' id='word_1_236' title='bbox 3146 1702 3309 1766; x_wconf 78' lang='grc' dir='ltr'>ἰδίους</span> <span class='ocrx_word' id='word_1_237' title='bbox 3355 1699 3565 1770; x_wconf 82' lang='grc' dir='ltr'>ἡγεῖται</span> 
     </span>
    </p>
   </div>
   <div class='ocr_carea' id='block_1_33' title="bbox 306 1789 1004 1863">
    <p class='ocr_par' dir='ltr' id='par_1_33' title="bbox 306 1789 1004 1863">
     <span class='ocr_line' id='line_1_33' title="bbox 306 1789 1004 1863; baseline 0.004 -21"><span class='ocrx_word' id='word_1_238' title='bbox 306 1789 497 1854; x_wconf 78' lang='grc' dir='ltr'>ἱκέτας</span> <span class='ocrx_word' id='word_1_239' title='bbox 528 1790 621 1844; x_wconf 77' lang='grc' dir='ltr'>καὶ</span> <span class='ocrx_word' id='word_1_240' title='bbox 656 1792 1004 1863; x_wconf 73' lang='grc' dir='ltr'>πρόσφυγας.</span> 
     </span>
    </p>
   </div>
   <div class='ocr_carea' id='block_1_34' title="bbox 809 1944 1366 2000">
    <p class='ocr_par' dir='ltr' id='par_1_34' title="bbox 809 1944 1366 2000">
     <span class='ocr_line' id='line_1_34' title="bbox 809 1944 1366 2000; baseline 0 -2"><span class='ocrx_word' id='word_1_241' title='bbox 809 1944 1157 2000; x_wconf 83' lang='grc' dir='ltr'><strong>ΕΠΙΣΤΟΛΗ</strong></span> <span class='ocrx_word' id='word_1_242' title='bbox 1194 1945 1366 2000; x_wconf 79' lang='grc' dir='ltr'><strong>ΣΠΑ’,</strong></span> 
     </span>
    </p>
   </div>
   <div class='ocr_carea' id='block_1_35' title="bbox 2410 1940 3138 1999">
    <p class='ocr_par' dir='ltr' id='par_1_35' title="bbox 2410 1940 3138 1999">
     <span class='ocr_line' id='line_1_35' title="bbox 2410 1940 3138 1999; baseline 0.004 -3"><span class='ocrx_word' id='word_1_243' title='bbox 2410 1940 2751 1997; x_wconf 76' lang='lat' dir='ltr'><strong>EPISTOLA</strong></span> <span class='ocrx_word' id='word_1_244' title='bbox 2789 1942 3138 1999; x_wconf 78' lang='lat' dir='ltr'><strong>CCLXXXI&#39;.</strong></span> 
     </span>
    </p>
   </div>
   <div class='ocr_carea' id='block_1_36' title="bbox 1240 2055 2615 2124">
    <p class='ocr_par' dir='ltr' id='par_1_36' title="bbox 1240 2055 2615 2124">
     <span class='ocr_line' id='line_1_36' title="bbox 1240 2055 2615 2124; baseline -0.001 -16"><span class='ocrx_word' id='word_1_245' title='bbox 1240 2060 1395 2121; x_wconf 78' lang='lat' dir='ltr'><strong>Rogat</strong></span> <span class='ocrx_word' id='word_1_246' title='bbox 1412 2067 1462 2109; x_wconf 88' lang='lat' dir='ltr'><strong>ut</strong></span> <span class='ocrx_word' id='word_1_247' title='bbox 1492 2056 1749 2110; x_wconf 75' lang='lat' dir='ltr'><strong>Ilelladius</strong></span> <span class='ocrx_word' id='word_1_248' title='bbox 1773 2056 2122 2124; x_wconf 73' lang='lat' dir='ltr'><strong>perwquatoris</strong></span> <span class='ocrx_word' id='word_1_249' title='bbox 2145 2070 2344 2109; x_wconf 83' lang='lat' dir='ltr'><strong>munere</strong></span> <span class='ocrx_word' id='word_1_250' title='bbox 2367 2055 2615 2108; x_wconf 81' lang='lat' dir='ltr'><strong>liberetur.</strong></span> 
     </span>
    </p>
   </div>
   <div class='ocr_carea' id='block_1_37' title="bbox 795 2164 1376 2236">
    <p class='ocr_par' dir='ltr' id='par_1_37' title="bbox 795 2164 1376 2236">
     <span class='ocr_line' id='line_1_37' title="bbox 795 2164 1376 2236; baseline -0.012 -13"><span class='ocrx_word' id='word_1_251' title='bbox 795 2167 1080 2232; x_wconf 82' lang='grc' dir='ltr'>Μοδέστῳ</span> <span class='ocrx_word' id='word_1_252' title='bbox 1110 2164 1376 2236; x_wconf 78' lang='grc' dir='ltr'>ὑπάρχῳ.</span> 
     </span>
    </p>
   </div>
   <div class='ocr_carea' id='block_1_38' title="bbox 374 2278 1878 2352">
    <p class='ocr_par' dir='ltr' id='par_1_38' title="bbox 374 2278 1878 2352">
     <span class='ocr_line' id='line_1_38' title="bbox 374 2278 1878 2352; baseline -0.001 -19"><span class='ocrx_word' id='word_1_253' title='bbox 374 2279 669 2350; x_wconf 77' lang='grc' dir='ltr'>Μέμνημαι</span> <span class='ocrx_word' id='word_1_254' title='bbox 697 2278 800 2350; x_wconf 84' lang='grc' dir='ltr'><strong>τῆς</strong></span> <span class='ocrx_word' id='word_1_255' title='bbox 843 2280 1086 2350; x_wconf 77' lang='grc' dir='ltr'>μεγάλης</span> <span class='ocrx_word' id='word_1_256' title='bbox 1137 2297 1230 2333; x_wconf 83' lang='grc' dir='ltr'><strong>σου</strong></span> <span class='ocrx_word' id='word_1_257' title='bbox 1277 2280 1462 2351; x_wconf 78' lang='grc' dir='ltr'>τιμῆς,</span> <span class='ocrx_word' id='word_1_258' title='bbox 1501 2279 1584 2332; x_wconf 74' lang='grc' dir='ltr'>ὅτι</span> <span class='ocrx_word' id='word_1_259' title='bbox 1634 2295 1722 2350; x_wconf 90' lang='grc' dir='ltr'><strong>μοι</strong></span> <span class='ocrx_word' id='word_1_260' title='bbox 1766 2279 1878 2352; x_wconf 68' lang='grc'>(42)</span> 
     </span>
    </p>
   </div>
   <div class='ocr_carea' id='block_1_39' title="bbox 306 2370 1880 2443">
    <p class='ocr_par' dir='ltr' id='par_1_39' title="bbox 306 2370 1880 2443">
     <span class='ocr_line' id='line_1_39' title="bbox 306 2370 1880 2443; baseline -0.002 -17"><span class='ocrx_word' id='word_1_261' title='bbox 306 2372 445 2442; x_wconf 80' lang='grc' dir='ltr'><strong>μετά</strong></span> <span class='ocrx_word' id='word_1_262' title='bbox 489 2370 595 2424; x_wconf 86' lang='grc' dir='ltr'><strong>τῶν</strong></span> <span class='ocrx_word' id='word_1_263' title='bbox 643 2371 817 2425; x_wconf 80' lang='grc' dir='ltr'>ἄλλων</span> <span class='ocrx_word' id='word_1_264' title='bbox 863 2372 1069 2436; x_wconf 71' lang='grc' dir='ltr'>ἔδωκας</span> <span class='ocrx_word' id='word_1_265' title='bbox 1117 2373 1211 2426; x_wconf 79' lang='grc' dir='ltr'>καὶ</span> <span class='ocrx_word' id='word_1_266' title='bbox 1258 2372 1318 2425; x_wconf 84' lang='grc' dir='ltr'>τὸ</span> <span class='ocrx_word' id='word_1_267' title='bbox 1365 2371 1588 2443; x_wconf 84' lang='grc' dir='ltr'>θαρσεῖν</span> <span class='ocrx_word' id='word_1_268' title='bbox 1636 2371 1880 2424; x_wconf 77' lang='grc' dir='ltr'>ἐπιστέλ-</span> 
     </span>
    </p>
   </div>
   <div class='ocr_carea' id='block_1_40' title="bbox 301 2463 1873 2536">
    <p class='ocr_par' dir='ltr' id='par_1_40' title="bbox 301 2463 1873 2536">
     <span class='ocr_line' id='line_1_40' title="bbox 301 2463 1873 2536; baseline 0.002 -20"><span class='ocrx_word' id='word_1_269' title='bbox 301 2464 414 2517; x_wconf 88' lang='grc' dir='ltr'>λειν</span> <span class='ocrx_word' id='word_1_270' title='bbox 444 2481 537 2517; x_wconf 91' lang='grc' dir='ltr'><strong>σου</strong></span> <span class='ocrx_word' id='word_1_271' title='bbox 568 2467 632 2535; x_wconf 77' lang='grc' dir='ltr'><strong>τῇ</strong></span> <span class='ocrx_word' id='word_1_272' title='bbox 667 2463 1021 2535; x_wconf 75' lang='grc' dir='ltr'>μεγαλοερυῒᾳ.</span> <span class='ocrx_word' id='word_1_273' title='bbox 1054 2464 1342 2536; x_wconf 80' lang='grc' dir='ltr'>Κέχρημαι</span> <span class='ocrx_word' id='word_1_274' title='bbox 1371 2463 1550 2517; x_wconf 89' lang='grc' dir='ltr'>τοίνυν</span> <span class='ocrx_word' id='word_1_275' title='bbox 1579 2467 1647 2535; x_wconf 85' lang='grc' dir='ltr'>τῇ</span> <span class='ocrx_word' id='word_1_276' title='bbox 1672 2464 1873 2535; x_wconf 83' lang='grc' dir='ltr'>δωρεᾷ.</span> 
     </span>
    </p>
   </div>
   <div class='ocr_carea' id='block_1_41' title="bbox 303 2555 1876 2627">
    <p class='ocr_par' dir='ltr' id='par_1_41' title="bbox 303 2555 1876 2627">
     <span class='ocr_line' id='line_1_41' title="bbox 303 2555 1876 2627; baseline -0.002 -16"><span class='ocrx_word' id='word_1_277' title='bbox 303 2556 397 2611; x_wconf 76' lang='grc' dir='ltr'>καὶ</span> <span class='ocrx_word' id='word_1_278' title='bbox 446 2556 703 2610; x_wconf 79' lang='grc' dir='ltr'>ἀπολαύω</span> <span class='ocrx_word' id='word_1_279' title='bbox 743 2556 842 2626; x_wconf 86' lang='grc' dir='ltr'><strong>τῆς</strong></span> <span class='ocrx_word' id='word_1_280' title='bbox 885 2555 1399 2627; x_wconf 76' lang='grc' dir='ltr'>φιλανθρωποτάτης</span> <span class='ocrx_word' id='word_1_281' title='bbox 1444 2555 1685 2627; x_wconf 82' lang='grc' dir='ltr'>χάριτος,</span> <span class='ocrx_word' id='word_1_282' title='bbox 1739 2556 1876 2626; x_wconf 80' lang='grc' dir='ltr'>ὁμοῦ</span> 
     </span>
    </p>
   </div>
   <div class='ocr_carea' id='block_1_42' title="bbox 305 2645 1877 2718">
    <p class='ocr_par' dir='ltr' id='par_1_42' title="bbox 305 2645 1877 2718">
     <span class='ocr_line' id='line_1_42' title="bbox 305 2645 1877 2718; baseline -0.001 -18"><span class='ocrx_word' id='word_1_283' title='bbox 305 2648 406 2718; x_wconf 83' lang='grc' dir='ltr'>μὲν</span> <span class='ocrx_word' id='word_1_284' title='bbox 451 2647 686 2718; x_wconf 77' lang='grc' dir='ltr'>ἐμαυτὸν</span> <span class='ocrx_word' id='word_1_285' title='bbox 729 2648 1036 2718; x_wconf 67' lang='grc' dir='ltr'>εὐφραίνων</span> <span class='ocrx_word' id='word_1_286' title='bbox 1086 2649 1151 2701; x_wconf 81' lang='grc' dir='ltr'>ἐκ</span> <span class='ocrx_word' id='word_1_287' title='bbox 1196 2646 1290 2700; x_wconf 74' lang='grc' dir='ltr'>τοῦ</span> <span class='ocrx_word' id='word_1_288' title='bbox 1335 2645 1678 2716; x_wconf 84' lang='grc' dir='ltr'>διαλέγεσθαι</span> <span class='ocrx_word' id='word_1_289' title='bbox 1721 2645 1877 2717; x_wconf 78' lang='grc' dir='ltr'>ἀνδρὶ</span> 
     </span>
    </p>
   </div>
   <div class='ocr_carea' id='block_1_43' title="bbox 299 2736 1878 2810">
    <p class='ocr_par' dir='ltr' id='par_1_43' title="bbox 299 2736 1878 2810">
     <span class='ocr_line' id='line_1_43' title="bbox 299 2736 1878 2810; baseline -0.001 -19"><span class='ocrx_word' id='word_1_290' title='bbox 299 2738 563 2810; x_wconf 83' lang='grc' dir='ltr'>τοσούτῳ,</span> <span class='ocrx_word' id='word_1_291' title='bbox 597 2737 733 2809; x_wconf 78' lang='grc' dir='ltr'>ὁμοῦ</span> <span class='ocrx_word' id='word_1_292' title='bbox 763 2738 819 2791; x_wconf 82' lang='grc' dir='ltr'>δὲ</span> <span class='ocrx_word' id='word_1_293' title='bbox 850 2740 943 2791; x_wconf 77' lang='grc' dir='ltr'>καὶ</span> <span class='ocrx_word' id='word_1_294' title='bbox 968 2741 1032 2810; x_wconf 82' lang='grc' dir='ltr'>τῇ</span> <span class='ocrx_word' id='word_1_295' title='bbox 1065 2741 1131 2810; x_wconf 85' lang='grc' dir='ltr'>σῇ</span> <span class='ocrx_word' id='word_1_296' title='bbox 1166 2736 1490 2809; x_wconf 78' lang='grc' dir='ltr'>μεγαλονοίᾳ</span> <span class='ocrx_word' id='word_1_297' title='bbox 1525 2737 1713 2808; x_wconf 72' lang='grc' dir='ltr'>καιρὸν</span> <span class='ocrx_word' id='word_1_298' title='bbox 1741 2737 1878 2791; x_wconf 74' lang='grc' dir='ltr'>ἐνδι-</span> 
     </span>
    </p>
   </div>
   <div class='ocr_carea' id='block_1_44' title="bbox 297 2829 1876 2901">
    <p class='ocr_par' dir='ltr' id='par_1_44' title="bbox 297 2829 1876 2901">
     <span class='ocr_line' id='line_1_44' title="bbox 297 2829 1876 2901; baseline -0.001 -19"><span class='ocrx_word' id='word_1_299' title='bbox 297 2829 422 2894; x_wconf 76' lang='grc' dir='ltr'>δοὺς</span> <span class='ocrx_word' id='word_1_300' title='bbox 473 2831 754 2901; x_wconf 86' lang='grc' dir='ltr'>σεμνύνειν</span> <span class='ocrx_word' id='word_1_301' title='bbox 805 2832 952 2901; x_wconf 80' lang='grc' dir='ltr'>ἡμᾶς</span> <span class='ocrx_word' id='word_1_302' title='bbox 1009 2834 1127 2894; x_wconf 85' lang='grc' dir='ltr'>ταῖς</span> <span class='ocrx_word' id='word_1_303' title='bbox 1183 2831 1555 2901; x_wconf 75' lang='grc' dir='ltr'>ἀποκρίσεσιν.</span> <span class='ocrx_word' id='word_1_304' title='bbox 1624 2829 1778 2883; x_wconf 78' lang='grc' dir='ltr'>Ἐπεὶ</span> <span class='ocrx_word' id='word_1_305' title='bbox 1818 2829 1876 2881; x_wconf 76' lang='grc' dir='ltr'>δὲ</span> 
     </span>
    </p>
   </div>
   <div class='ocr_carea' id='block_1_45' title="bbox 301 2919 1874 2995">
    <p class='ocr_par' dir='ltr' id='par_1_45' title="bbox 301 2919 1874 2995">
     <span class='ocr_line' id='line_1_45' title="bbox 301 2919 1874 2995; baseline 0 -23"><span class='ocrx_word' id='word_1_306' title='bbox 301 2920 556 2975; x_wconf 83' lang='grc' dir='ltr'>ἱκέτευσα</span> <span class='ocrx_word' id='word_1_307' title='bbox 585 2920 695 2991; x_wconf 70' lang='grc'>(45)</span> <span class='ocrx_word' id='word_1_308' title='bbox 744 2921 844 2995; x_wconf 80' lang='grc' dir='ltr'>τὴν</span> <span class='ocrx_word' id='word_1_309' title='bbox 874 2921 973 2993; x_wconf 84' lang='grc' dir='ltr'>σὴν</span> <span class='ocrx_word' id='word_1_310' title='bbox 1019 2921 1333 2993; x_wconf 74' lang='grc' dir='ltr'>ἡμερότητα</span> <span class='ocrx_word' id='word_1_311' title='bbox 1367 2921 1508 2993; x_wconf 79' lang='grc' dir='ltr'>ὑπὲρ</span> <span class='ocrx_word' id='word_1_312' title='bbox 1534 2919 1627 2973; x_wconf 82' lang='grc' dir='ltr'>τοῦ</span> <span class='ocrx_word' id='word_1_313' title='bbox 1658 2920 1874 2991; x_wconf 83' lang='grc' dir='ltr'>ἑταίρου</span> 
     </span>
    </p>
   </div>
   <div class='ocr_carea' id='block_1_46' title="bbox 297 3011 1876 3084">
    <p class='ocr_par' dir='ltr' id='par_1_46' title="bbox 297 3011 1876 3084">
     <span class='ocr_line' id='line_1_46' title="bbox 297 3011 1876 3084; baseline 0.001 -21"><span class='ocrx_word' id='word_1_314' title='bbox 297 3011 456 3082; x_wconf 78' lang='grc' dir='ltr'>ἡμῶν</span> <span class='ocrx_word' id='word_1_315' title='bbox 519 3012 790 3066; x_wconf 84' lang='grc' dir='ltr'>Ἐλλαδὶου</span> <span class='ocrx_word' id='word_1_316' title='bbox 833 3012 926 3066; x_wconf 81' lang='grc' dir='ltr'><strong>τοῦ</strong></span> <span class='ocrx_word' id='word_1_317' title='bbox 975 3012 1369 3084; x_wconf 80' lang='grc' dir='ltr'>πρωτεύοντος,</span> <span class='ocrx_word' id='word_1_318' title='bbox 1411 3012 1574 3074; x_wconf 78' lang='grc' dir='ltr'>ὥστε,</span> <span class='ocrx_word' id='word_1_319' title='bbox 1627 3011 1729 3082; x_wconf 88' lang='grc' dir='ltr'><strong>τῆς</strong></span> <span class='ocrx_word' id='word_1_320' title='bbox 1781 3013 1876 3065; x_wconf 77' lang='grc' dir='ltr'><strong>ἐπὶ</strong></span> 
     </span>
    </p>
   </div>
   <div class='ocr_carea' id='block_1_47' title="bbox 295 3101 1874 3175">
    <p class='ocr_par' dir='ltr' id='par_1_47' title="bbox 295 3101 1874 3175">
     <span class='ocr_line' id='line_1_47' title="bbox 295 3101 1874 3175; baseline 0 -20"><span class='ocrx_word' id='word_1_321' title='bbox 295 3104 363 3173; x_wconf 80' lang='grc' dir='ltr'>τῇ</span> <span class='ocrx_word' id='word_1_322' title='bbox 425 3101 669 3168; x_wconf 76' lang='grc' dir='ltr'>ἐξισώσει</span> <span class='ocrx_word' id='word_1_323' title='bbox 730 3102 1009 3175; x_wconf 72' lang='grc' dir='ltr'>φροντίδος</span> <span class='ocrx_word' id='word_1_324' title='bbox 1063 3104 1224 3157; x_wconf 80' lang='grc' dir='ltr'>αὐτὸν</span> <span class='ocrx_word' id='word_1_325' title='bbox 1287 3103 1579 3167; x_wconf 83' lang='grc' dir='ltr'>ἀνεθέντα,</span> <span class='ocrx_word' id='word_1_326' title='bbox 1643 3104 1701 3157; x_wconf 82' lang='grc' dir='ltr'>ὲν</span> <span class='ocrx_word' id='word_1_327' title='bbox 1758 3105 1874 3167; x_wconf 86' lang='grc' dir='ltr'>τοῖς</span> 
     </span>
    </p>
   </div>
   <div class='ocr_carea' id='block_1_48' title="bbox 294 3195 1870 3267">
    <p class='ocr_par' dir='ltr' id='par_1_48' title="bbox 294 3195 1870 3267">
     <span class='ocr_line' id='line_1_48' title="bbox 294 3195 1870 3267; baseline 0 -21"><span class='ocrx_word' id='word_1_328' title='bbox 294 3195 582 3265; x_wconf 77' lang='grc' dir='ltr'>πράγμασι</span> <span class='ocrx_word' id='word_1_329' title='bbox 627 3195 724 3267; x_wconf 85' lang='grc' dir='ltr'><strong>τῆς</strong></span> <span class='ocrx_word' id='word_1_330' title='bbox 776 3196 1036 3267; x_wconf 86' lang='grc' dir='ltr'>πατρίδος</span> <span class='ocrx_word' id='word_1_331' title='bbox 1084 3196 1242 3267; x_wconf 81' lang='grc' dir='ltr'>ἡμῶν</span> <span class='ocrx_word' id='word_1_332' title='bbox 1294 3195 1714 3267; x_wconf 78' lang='grc' dir='ltr'>συγχωρηθῆναι</span> <span class='ocrx_word' id='word_1_333' title='bbox 1770 3211 1870 3264; x_wconf 89' lang='grc' dir='ltr'>μο-</span> 
     </span>
    </p>
   </div>
   <div class='ocr_carea' id='block_1_49' title="bbox 292 3285 1871 3358">
    <p class='ocr_par' dir='ltr' id='par_1_49' title="bbox 292 3285 1871 3358">
     <span class='ocr_line' id='line_1_49' title="bbox 292 3285 1871 3358; baseline 0.001 -22"><span class='ocrx_word' id='word_1_334' title='bbox 292 3285 463 3356; x_wconf 85' lang='grc' dir='ltr'>χθεῖν,</span> <span class='ocrx_word' id='word_1_335' title='bbox 502 3286 595 3340; x_wconf 87' lang='grc' dir='ltr'><strong>καί</strong></span> <span class='ocrx_word' id='word_1_336' title='bbox 626 3303 771 3351; x_wconf 83' lang='grc' dir='ltr'>τινος</span> <span class='ocrx_word' id='word_1_337' title='bbox 810 3286 1073 3358; x_wconf 72' lang='grc' dir='ltr'>εὐμενοῦς</span> <span class='ocrx_word' id='word_1_338' title='bbox 1117 3285 1386 3358; x_wconf 83' lang='grc' dir='ltr'>νεύματος</span> <span class='ocrx_word' id='word_1_339' title='bbox 1432 3285 1693 3357; x_wconf 67' lang='grc' dir='ltr'>ἠξιώθην,</span> <span class='ocrx_word' id='word_1_340' title='bbox 1737 3286 1871 3338; x_wconf 89' lang='grc' dir='ltr'>ἀνα-</span> 
     </span>
    </p>
   </div>
   <div class='ocr_carea' id='block_1_50' title="bbox 291 3362 1872 3454">
    <p class='ocr_par' dir='ltr' id='par_1_50' title="bbox 291 3377 1872 3454">
     <span class='ocr_line' id='line_1_50' title="bbox 291 3377 1872 3454; baseline 0 -24"><span class='ocrx_word' id='word_1_341' title='bbox 291 3377 517 3449; x_wconf 77' lang='grc' dir='ltr'>νεοῦμαι</span> <span class='ocrx_word' id='word_1_342' title='bbox 561 3381 660 3454; x_wconf 80' lang='grc' dir='ltr'><strong>τὴν</strong></span> <span class='ocrx_word' id='word_1_343' title='bbox 700 3379 870 3451; x_wconf 80' lang='grc' dir='ltr'>αὐτὴν</span> <span class='ocrx_word' id='word_1_344' title='bbox 913 3379 1231 3451; x_wconf 79' lang='grc' dir='ltr'>πρεσϐείαν,</span> <span class='ocrx_word' id='word_1_345' title='bbox 1280 3378 1374 3432; x_wconf 86' lang='grc' dir='ltr'><strong>καί</strong></span> <span class='ocrx_word' id='word_1_346' title='bbox 1422 3395 1482 3431; x_wconf 90' lang='grc' dir='ltr'><strong>σε</strong></span> <span class='ocrx_word' id='word_1_347' title='bbox 1533 3377 1872 3431; x_wconf 87' lang='grc' dir='ltr'>καθικετεύω</span> 
     </span>
    </p>
   </div>
   <div class='ocr_carea' id='block_1_51' title="bbox 291 3470 1874 3543">
    <p class='ocr_par' dir='ltr' id='par_1_51' title="bbox 291 3470 1874 3543">
     <span class='ocr_line' id='line_1_51' title="bbox 291 3470 1874 3543; baseline -0.001 -20"><span class='ocrx_word' id='word_1_348' title='bbox 291 3470 749 3543; x_wconf 74' lang='grc' dir='ltr'>καταπεμφθῆναι</span> <span class='ocrx_word' id='word_1_349' title='bbox 784 3472 1111 3543; x_wconf 81' lang='grc' dir='ltr'>πρόσταγμα</span> <span class='ocrx_word' id='word_1_350' title='bbox 1140 3470 1218 3542; x_wconf 81' lang='grc' dir='ltr'>τῷ</span> <span class='ocrx_word' id='word_1_351' title='bbox 1240 3470 1461 3543; x_wconf 76' lang='grc' dir='ltr'>ἄρχοντι</span> <span class='ocrx_word' id='word_1_352' title='bbox 1484 3470 1582 3541; x_wconf 81' lang='grc' dir='ltr'><strong>τῆς</strong></span> <span class='ocrx_word' id='word_1_353' title='bbox 1601 3470 1874 3543; x_wconf 77' lang='grc' dir='ltr'>ἐπαρχίας</span> 
     </span>
    </p>
   </div>
   <div class='ocr_carea' id='block_1_52' title="bbox 292 3550 1277 3635">
    <p class='ocr_par' dir='ltr' id='par_1_52' title="bbox 292 3550 1277 3635">
     <span class='ocr_line' id='line_1_52' title="bbox 292 3550 1277 3635; baseline 0.004 -21"><span class='ocrx_word' id='word_1_354' title='bbox 292 3562 647 3635; x_wconf 83' lang='grc' dir='ltr'>συγχωρῆσαι</span> <span class='ocrx_word' id='word_1_355' title='bbox 672 3562 821 3634; x_wconf 80' lang='grc' dir='ltr'>αὐτῷ</span> <span class='ocrx_word' id='word_1_356' title='bbox 842 3563 941 3635; x_wconf 78' lang='grc' dir='ltr'>τὴν</span> <span class='ocrx_word' id='word_1_357' title='bbox 975 3550 1277 3634; x_wconf 81' lang='grc' dir='ltr'>ἐνόχλησιν.</span> 
     </span>
    </p>
   </div>
   <div class='ocr_carea' id='block_1_53' title="bbox 796 3674 1342 3729">
    <p class='ocr_par' dir='ltr' id='par_1_53' title="bbox 796 3674 1342 3729">
     <span class='ocr_line' id='line_1_53' title="bbox 796 3674 1342 3729; baseline 0.002 -1"><span class='ocrx_word' id='word_1_358' title='bbox 796 3674 1143 3729; x_wconf 80' lang='grc' dir='ltr'><strong>ΕΠΙΣΤΟΛΗ</strong></span> <span class='ocrx_word' id='word_1_359' title='bbox 1181 3674 1342 3729; x_wconf 85' lang='grc' dir='ltr'>ΣΠΒ’.</span> 
     </span>
    </p>
   </div>
   <div class='ocr_carea' id='block_1_54' title="bbox 2499 2162 3032 2235">
    <p class='ocr_par' dir='ltr' id='par_1_54' title="bbox 2499 2162 3032 2235">
     <span class='ocr_line' id='line_1_54' title="bbox 2499 2162 3032 2235; baseline 0.002 -16"><span class='ocrx_word' id='word_1_360' title='bbox 2499 2162 2559 2219; x_wconf 74' lang='grc' dir='ltr'><em>Η</em></span> <span class='ocrx_word' id='word_1_361' title='bbox 2563 2164 2742 2235; x_wconf 73' lang='lat' dir='ltr'><strong>adesto</strong></span> <span class='ocrx_word' id='word_1_362' title='bbox 2764 2164 3032 2235; x_wconf 75' lang='lat' dir='ltr'><strong>prwfeeto.</strong></span> 
     </span>
    </p>
   </div>
   <div class='ocr_carea' id='block_1_55' title="bbox 2054 2275 3558 2348">
    <p class='ocr_par' dir='ltr' id='par_1_55' title="bbox 2054 2275 3558 2348">
     <span class='ocr_line' id='line_1_55' title="bbox 2054 2275 3558 2348; baseline 0.005 -17"><span class='ocrx_word' id='word_1_363' title='bbox 2054 2275 2273 2332; x_wconf 86' lang='lat' dir='ltr'><strong>Memini</strong></span> <span class='ocrx_word' id='word_1_364' title='bbox 2330 2277 2514 2348; x_wconf 80' lang='lat' dir='ltr'><strong>magni</strong></span> <span class='ocrx_word' id='word_1_365' title='bbox 2569 2277 2800 2334; x_wconf 81' lang='lat' dir='ltr'><strong>honoris</strong></span> <span class='ocrx_word' id='word_1_366' title='bbox 2837 2287 2957 2334; x_wconf 89' lang='lat' dir='ltr'><strong>ate</strong></span> <span class='ocrx_word' id='word_1_367' title='bbox 3005 2278 3194 2347; x_wconf 86' lang='lat' dir='ltr'><strong>delati,</strong></span> <span class='ocrx_word' id='word_1_368' title='bbox 3248 2296 3372 2336; x_wconf 89' lang='lat' dir='ltr'><strong>cum</strong></span> <span class='ocrx_word' id='word_1_369' title='bbox 3426 2284 3558 2339; x_wconf 90' lang='lat' dir='ltr'><strong>mihi</strong></span> 
     </span>
    </p>
   </div>
   <div class='ocr_carea' id='block_1_56' title="bbox 1982 2368 3558 2440">
    <p class='ocr_par' dir='ltr' id='par_1_56' title="bbox 1982 2368 3558 2440">
     <span class='ocr_line' id='line_1_56' title="bbox 1982 2368 3558 2440; baseline 0.004 -18"><span class='ocrx_word' id='word_1_370' title='bbox 1982 2369 2126 2424; x_wconf 86' lang='lat' dir='ltr'><strong>inter</strong></span> <span class='ocrx_word' id='word_1_371' title='bbox 2178 2368 2285 2422; x_wconf 89' lang='lat' dir='ltr'><strong>alia</strong></span> <span class='ocrx_word' id='word_1_372' title='bbox 2326 2368 2584 2423; x_wconf 89' lang='lat' dir='ltr'><strong>ﬁduciam</strong></span> <span class='ocrx_word' id='word_1_373' title='bbox 2636 2368 3076 2440; x_wconf 79' lang='lat' dir='ltr'><strong>magnanimitati</strong></span> <span class='ocrx_word' id='word_1_374' title='bbox 3134 2381 3238 2427; x_wconf 73' lang='lat' dir='ltr'><strong>tua:</strong></span> <span class='ocrx_word' id='word_1_375' title='bbox 3283 2374 3558 2430; x_wconf 87' lang='lat' dir='ltr'><strong>scribendi</strong></span> 
     </span>
    </p>
   </div>
   <div class='ocr_carea' id='block_1_57' title="bbox 1980 2459 3561 2532">
    <p class='ocr_par' dir='ltr' id='par_1_57' title="bbox 1980 2459 3561 2532">
     <span class='ocr_line' id='line_1_57' title="bbox 1980 2459 3561 2532; baseline 0.006 -18"><span class='ocrx_word' id='word_1_376' title='bbox 1980 2460 2200 2516; x_wconf 81' lang='lat' dir='ltr'><strong>dedisti.</strong></span> <span class='ocrx_word' id='word_1_377' title='bbox 2229 2459 2369 2515; x_wconf 90' lang='lat' dir='ltr'><strong>Utor</strong></span> <span class='ocrx_word' id='word_1_378' title='bbox 2396 2461 2565 2532; x_wconf 78' lang='lat' dir='ltr'><strong>igitur</strong></span> <span class='ocrx_word' id='word_1_379' title='bbox 2587 2461 2752 2528; x_wconf 90' lang='lat' dir='ltr'><strong>dono,</strong></span> <span class='ocrx_word' id='word_1_380' title='bbox 2785 2478 2849 2517; x_wconf 88' lang='lat' dir='ltr'><strong>ac</strong></span> <span class='ocrx_word' id='word_1_381' title='bbox 2877 2463 3140 2519; x_wconf 90' lang='lat' dir='ltr'><strong>beneﬁcio</strong></span> <span class='ocrx_word' id='word_1_382' title='bbox 3161 2464 3561 2524; x_wconf 88' lang='lat' dir='ltr'><strong>humanissimo</strong></span> 
     </span>
    </p>
   </div>
   <div class='ocr_carea' id='block_1_58' title="bbox 1982 2553 3560 2624">
    <p class='ocr_par' dir='ltr' id='par_1_58' title="bbox 1982 2553 3560 2624">
     <span class='ocr_line' id='line_1_58' title="bbox 1982 2553 3560 2624; baseline 0.006 -20"><span class='ocrx_word' id='word_1_383' title='bbox 1982 2553 2169 2614; x_wconf 76' lang='lat' dir='ltr'><strong>fruor;</strong></span> <span class='ocrx_word' id='word_1_384' title='bbox 2205 2569 2328 2608; x_wconf 92' lang='lat' dir='ltr'><strong>cum</strong></span> <span class='ocrx_word' id='word_1_385' title='bbox 2357 2554 2472 2623; x_wconf 92' lang='lat' dir='ltr'><strong>ipse</strong></span> <span class='ocrx_word' id='word_1_386' title='bbox 2498 2555 2766 2623; x_wconf 77' lang='lat' dir='ltr'><strong>gaudens,</strong></span> <span class='ocrx_word' id='word_1_387' title='bbox 2797 2555 2941 2624; x_wconf 92' lang='lat' dir='ltr'><strong>quod</strong></span> <span class='ocrx_word' id='word_1_388' title='bbox 2972 2571 3096 2610; x_wconf 85' lang='lat' dir='ltr'><strong>cum</strong></span> <span class='ocrx_word' id='word_1_389' title='bbox 3130 2565 3281 2611; x_wconf 87' lang='lat' dir='ltr'><strong>tanto</strong></span> <span class='ocrx_word' id='word_1_390' title='bbox 3301 2559 3419 2613; x_wconf 88' lang='lat' dir='ltr'><strong>viro</strong></span> <span class='ocrx_word' id='word_1_391' title='bbox 3446 2561 3560 2615; x_wconf 85' lang='lat' dir='ltr'><strong>col-</strong></span> 
     </span>
    </p>
   </div>
   <div class='ocr_carea' id='block_1_59' title="bbox 1981 2644 3559 2715">
    <p class='ocr_par' dir='ltr' id='par_1_59' title="bbox 1981 2644 3559 2715">
     <span class='ocr_line' id='line_1_59' title="bbox 1981 2644 3559 2715; baseline 0.006 -19"><span class='ocrx_word' id='word_1_392' title='bbox 1981 2644 2198 2713; x_wconf 86' lang='lat' dir='ltr'><strong>loquar,</strong></span> <span class='ocrx_word' id='word_1_393' title='bbox 2247 2654 2364 2698; x_wconf 87' lang='lat' dir='ltr'><strong>tum</strong></span> <span class='ocrx_word' id='word_1_394' title='bbox 2401 2644 2566 2699; x_wconf 86' lang='lat' dir='ltr'><strong>etiam</strong></span> <span class='ocrx_word' id='word_1_395' title='bbox 2602 2647 3043 2715; x_wconf 82' lang='lat' dir='ltr'><strong>magnanimitati</strong></span> <span class='ocrx_word' id='word_1_396' title='bbox 3078 2656 3183 2703; x_wconf 76' lang='lat' dir='ltr'><strong>tua:</strong></span> <span class='ocrx_word' id='word_1_397' title='bbox 3210 2650 3559 2706; x_wconf 88' lang='lat' dir='ltr'><strong>occasionem</strong></span> 
     </span>
    </p>
   </div>
   <div class='ocr_carea' id='block_1_60' title="bbox 1979 2736 3555 2807">
    <p class='ocr_par' dir='ltr' id='par_1_60' title="bbox 1979 2736 3555 2807">
     <span class='ocr_line' id='line_1_60' title="bbox 1979 2736 3555 2807; baseline 0.003 -17"><span class='ocrx_word' id='word_1_398' title='bbox 1979 2753 2065 2791; x_wconf 76' lang='lat' dir='ltr'><strong>nte</strong></span> <span class='ocrx_word' id='word_1_399' title='bbox 2107 2736 2392 2807; x_wconf 86' lang='lat' dir='ltr'><strong>responsis</strong></span> <span class='ocrx_word' id='word_1_400' title='bbox 2433 2736 2759 2791; x_wconf 90' lang='lat' dir='ltr'><strong>honestaudi</strong></span> <span class='ocrx_word' id='word_1_401' title='bbox 2809 2738 3152 2794; x_wconf 86' lang='lat' dir='ltr'><strong>ministrans.</strong></span> <span class='ocrx_word' id='word_1_402' title='bbox 3202 2739 3340 2795; x_wconf 83' lang='lat' dir='ltr'><strong>Cum</strong></span> <span class='ocrx_word' id='word_1_403' title='bbox 3373 2753 3555 2797; x_wconf 88' lang='lat' dir='ltr'><strong>autem</strong></span> 
     </span>
    </p>
   </div>
   <div class='ocr_carea' id='block_1_61' title="bbox 1972 2827 3558 2903">
    <p class='ocr_par' dir='ltr' id='par_1_61' title="bbox 1972 2827 3558 2903">
     <span class='ocr_line' id='line_1_61' title="bbox 1972 2827 3558 2903; baseline 0.005 -24"><span class='ocrx_word' id='word_1_404' title='bbox 1972 2827 2086 2896; x_wconf 88' lang='lat' dir='ltr'><strong>jam</strong></span> <span class='ocrx_word' id='word_1_405' title='bbox 2119 2836 2227 2882; x_wconf 57' lang='lat' dir='ltr'><strong>tua;</strong></span> <span class='ocrx_word' id='word_1_406' title='bbox 2256 2828 2565 2883; x_wconf 61' lang='lat' dir='ltr'><strong>clementiae</strong></span> <span class='ocrx_word' id='word_1_407' title='bbox 2608 2844 2710 2898; x_wconf 90' lang='lat' dir='ltr'><strong>pro</strong></span> <span class='ocrx_word' id='word_1_408' title='bbox 2757 2830 2931 2884; x_wconf 89' lang='lat' dir='ltr'><strong>sodali</strong></span> <span class='ocrx_word' id='word_1_409' title='bbox 2962 2845 3084 2885; x_wconf 90' lang='lat' dir='ltr'><strong>meo</strong></span> <span class='ocrx_word' id='word_1_410' title='bbox 3117 2829 3363 2887; x_wconf 85' lang='lat' dir='ltr'><strong>Helladio</strong></span> <span class='ocrx_word' id='word_1_411' title='bbox 3404 2834 3558 2903; x_wconf 89' lang='lat' dir='ltr'><strong>prin-</strong></span> 
     </span>
    </p>
   </div>
   <div class='ocr_carea' id='block_1_62' title="bbox 1977 2917 3554 2989">
    <p class='ocr_par' dir='ltr' id='par_1_62' title="bbox 1977 2917 3554 2989">
     <span class='ocr_line' id='line_1_62' title="bbox 1977 2917 3554 2989; baseline 0.004 -20"><span class='ocrx_word' id='word_1_412' title='bbox 1977 2917 2138 2986; x_wconf 87' lang='lat' dir='ltr'><strong>cipali</strong></span> <span class='ocrx_word' id='word_1_413' title='bbox 2186 2918 2644 2987; x_wconf 82' lang='lat' dir='ltr'><strong>supplicaverim,</strong></span> <span class='ocrx_word' id='word_1_414' title='bbox 2689 2925 2752 2972; x_wconf 89' lang='lat' dir='ltr'><strong>ut</strong></span> <span class='ocrx_word' id='word_1_415' title='bbox 2784 2919 3103 2989; x_wconf 61' lang='lat' dir='ltr'><strong>exaequandi</strong></span> <span class='ocrx_word' id='word_1_416' title='bbox 3148 2936 3279 2976; x_wconf 89' lang='lat' dir='ltr'><strong>cura</strong></span> <span class='ocrx_word' id='word_1_417' title='bbox 3318 2922 3554 2977; x_wconf 89' lang='lat' dir='ltr'><strong>liberato</strong></span> 
     </span>
    </p>
   </div>
   <div class='ocr_carea' id='block_1_63' title="bbox 1976 3008 3554 3085">
    <p class='ocr_par' dir='ltr' id='par_1_63' title="bbox 1976 3008 3554 3085">
     <span class='ocr_line' id='line_1_63' title="bbox 1976 3008 3554 3085; baseline 0.004 -24"><span class='ocrx_word' id='word_1_418' title='bbox 1976 3008 2216 3064; x_wconf 88' lang='lat' dir='ltr'><strong>laborem</strong></span> <span class='ocrx_word' id='word_1_419' title='bbox 2242 3011 2296 3064; x_wconf 92' lang='lat' dir='ltr'><strong>in</strong></span> <span class='ocrx_word' id='word_1_420' title='bbox 2322 3026 2406 3065; x_wconf 89' lang='lat' dir='ltr'><strong>res</strong></span> <span class='ocrx_word' id='word_1_421' title='bbox 2433 3011 2621 3080; x_wconf 84' lang='lat' dir='ltr'><strong>patriae</strong></span> <span class='ocrx_word' id='word_1_422' title='bbox 2639 3022 2839 3066; x_wconf 68' lang='lat' dir='ltr'><strong>nostra:</strong></span> <span class='ocrx_word' id='word_1_423' title='bbox 2860 3012 3171 3082; x_wconf 85' lang='lat' dir='ltr'><strong>impendere</strong></span> <span class='ocrx_word' id='word_1_424' title='bbox 3186 3012 3350 3085; x_wconf 67' lang='grc'><strong>424</strong></span> <span class='ocrx_word' id='word_1_425' title='bbox 3371 3014 3554 3082; x_wconf 85' lang='lat' dir='ltr'><strong>liceat,</strong></span> 
     </span>
    </p>
   </div>
   <div class='ocr_carea' id='block_1_64' title="bbox 1975 3102 3553 3177">
    <p class='ocr_par' dir='ltr' id='par_1_64' title="bbox 1975 3102 3553 3177">
     <span class='ocr_line' id='line_1_64' title="bbox 1975 3102 3553 3177; baseline 0.006 -23"><span class='ocrx_word' id='word_1_426' title='bbox 1975 3116 2211 3171; x_wconf 90' lang='lat' dir='ltr'><strong>cumque</strong></span> <span class='ocrx_word' id='word_1_427' title='bbox 2253 3117 2341 3156; x_wconf 92' lang='lat' dir='ltr'><strong>me</strong></span> <span class='ocrx_word' id='word_1_428' title='bbox 2388 3102 2652 3158; x_wconf 85' lang='lat' dir='ltr'><strong>benevolo</strong></span> <span class='ocrx_word' id='word_1_429' title='bbox 2698 3102 2934 3174; x_wconf 90' lang='lat' dir='ltr'><strong>quodam</strong></span> <span class='ocrx_word' id='word_1_430' title='bbox 2975 3113 3111 3160; x_wconf 89' lang='lat' dir='ltr'><strong>nutu</strong></span> <span class='ocrx_word' id='word_1_431' title='bbox 3157 3107 3412 3177; x_wconf 83' lang='lat' dir='ltr'><strong>dignatus</strong></span> <span class='ocrx_word' id='word_1_432' title='bbox 3443 3107 3553 3176; x_wconf 88' lang='lat' dir='ltr'><strong>sis,</strong></span> 
     </span>
    </p>
   </div>
   <div class='ocr_carea' id='block_1_65' title="bbox 1975 3193 3552 3267">
    <p class='ocr_par' dir='ltr' id='par_1_65' title="bbox 1975 3193 3552 3267">
     <span class='ocr_line' id='line_1_65' title="bbox 1975 3193 3552 3267; baseline 0.004 -21"><span class='ocrx_word' id='word_1_433' title='bbox 1975 3208 2169 3263; x_wconf 87' lang='lat' dir='ltr'><strong>preces</strong></span> <span class='ocrx_word' id='word_1_434' title='bbox 2204 3193 2425 3250; x_wconf 89' lang='lat' dir='ltr'><strong>easdem</strong></span> <span class='ocrx_word' id='word_1_435' title='bbox 2460 3209 2701 3260; x_wconf 82' lang='lat' dir='ltr'><strong>renovo,</strong></span> <span class='ocrx_word' id='word_1_436' title='bbox 2746 3195 3098 3267; x_wconf 87' lang='lat' dir='ltr'><strong>obtestorque</strong></span> <span class='ocrx_word' id='word_1_437' title='bbox 3128 3199 3441 3252; x_wconf 87' lang='lat' dir='ltr'><strong>mandatum</strong></span> <span class='ocrx_word' id='word_1_438' title='bbox 3485 3199 3552 3252; x_wconf 90' lang='lat' dir='ltr'><strong>ad</strong></span> 
     </span>
    </p>
   </div>
   <div class='ocr_carea' id='block_1_66' title="bbox 1973 3276 3553 3353">
    <p class='ocr_par' dir='ltr' id='par_1_66' title="bbox 1973 3276 3553 3353">
     <span class='ocr_line' id='line_1_66' title="bbox 1973 3276 3553 3353; baseline 0.005 -17"><span class='ocrx_word' id='word_1_439' title='bbox 1973 3284 2268 3353; x_wconf 65' lang='lat' dir='ltr'><strong>provincia:</strong></span> <span class='ocrx_word' id='word_1_440' title='bbox 2311 3291 2579 3342; x_wconf 88' lang='lat' dir='ltr'><strong>rectorem</strong></span> <span class='ocrx_word' id='word_1_441' title='bbox 2615 3276 2827 3351; x_wconf 87' lang='lat' dir='ltr'><strong>mittas,</strong></span> <span class='ocrx_word' id='word_1_442' title='bbox 2867 3297 2927 3341; x_wconf 79' lang='lat' dir='ltr'><strong>ut</strong></span> <span class='ocrx_word' id='word_1_443' title='bbox 2966 3288 3014 3342; x_wconf 90' lang='lat' dir='ltr'><strong>ei</strong></span> <span class='ocrx_word' id='word_1_444' title='bbox 3060 3288 3201 3343; x_wconf 89' lang='lat' dir='ltr'><strong>hanc</strong></span> <span class='ocrx_word' id='word_1_445' title='bbox 3239 3289 3553 3346; x_wconf 77' lang='lat' dir='ltr'><strong>molestiam</strong></span> 
     </span>
    </p>
   </div>
   <div class='ocr_carea' id='block_1_67' title="bbox 1972 3376 2268 3432">
    <p class='ocr_par' dir='ltr' id='par_1_67' title="bbox 1972 3376 2268 3432">
     <span class='ocr_line' id='line_1_67' title="bbox 1972 3376 2268 3432; baseline 0.007 -2"><span class='ocrx_word' id='word_1_446' title='bbox 1972 3376 2268 3432; x_wconf 89' lang='lat' dir='ltr'><strong>condonet.</strong></span> 
     </span>
    </p>
   </div>
   <div class='ocr_carea' id='block_1_68' title="bbox 2392 3662 3159 3722">
    <p class='ocr_par' dir='ltr' id='par_1_68' title="bbox 2392 3662 3159 3722">
     <span class='ocr_line' id='line_1_68' title="bbox 2392 3662 3159 3722; baseline 0.007 -5"><span class='ocrx_word' id='word_1_447' title='bbox 2392 3662 2731 3719; x_wconf 80' lang='lat' dir='ltr'><strong>EPISTOLA</strong></span> <span class='ocrx_word' id='word_1_448' title='bbox 2760 3664 3159 3722; x_wconf 79' lang='lat' dir='ltr'><strong>CCLXXXII&quot;.</strong></span> 
     </span>
    </p>
   </div>
   <div class='ocr_carea' id='block_1_69' title="bbox 348 3784 3489 3897">
    <p class='ocr_par' dir='ltr' id='par_1_69' title="bbox 348 3784 3489 3897">
     <span class='ocr_line' id='line_1_69' title="bbox 348 3784 3489 3897; baseline -0.003 -56"><span class='ocrx_word' id='word_1_449' title='bbox 348 3787 528 3840; x_wconf 77' lang='lat' dir='ltr'><strong>Invitat</strong></span> <span class='ocrx_word' id='word_1_450' title='bbox 565 3791 631 3839; x_wconf 84' lang='lat' dir='ltr'><strong>ad</strong></span> <span class='ocrx_word' id='word_1_451' title='bbox 663 3789 981 3842; x_wconf 80' lang='lat' dir='ltr'><strong>celebritatem</strong></span> <span class='ocrx_word' id='word_1_452' title='bbox 1019 3799 1308 3858; x_wconf 86' lang='lat' dir='ltr'><strong>martyrum,</strong></span> <span class='ocrx_word' id='word_1_453' title='bbox 1334 3807 1428 3844; x_wconf 86' lang='lat' dir='ltr'><strong>nou</strong></span> <span class='ocrx_word' id='word_1_454' title='bbox 1451 3793 1553 3845; x_wconf 71' lang='lat' dir='ltr'><strong>sine</strong></span> <span class='ocrx_word' id='word_1_455' title='bbox 1581 3798 1812 3855; x_wconf 73' lang='lat' dir='ltr'><strong>peracuta</strong></span> <span class='ocrx_word' id='word_1_456' title='bbox 1838 3784 2227 3897; x_wconf 54' lang='lat' dir='ltr'><strong>reprrilteusione,</strong></span> <span class='ocrx_word' id='word_1_457' title='bbox 2259 3784 2388 3850; x_wconf 82' lang='lat' dir='ltr'><strong>quod</strong></span> <span class='ocrx_word' id='word_1_458' title='bbox 2421 3798 2514 3835; x_wconf 86' lang='lat' dir='ltr'><strong>non</strong></span> <span class='ocrx_word' id='word_1_459' title='bbox 2546 3791 2742 3835; x_wconf 75' lang='lat' dir='ltr'><strong>vocatus</strong></span> <span class='ocrx_word' id='word_1_460' title='bbox 2767 3788 3017 3849; x_wconf 82' lang='lat' dir='ltr'><strong>queratur,</strong></span> <span class='ocrx_word' id='word_1_461' title='bbox 3041 3787 3233 3832; x_wconf 80' lang='lat' dir='ltr'><strong>vocatus</strong></span> <span class='ocrx_word' id='word_1_462' title='bbox 3256 3792 3369 3832; x_wconf 64' lang='lat' dir='ltr'><strong>vero</strong></span> <span class='ocrx_word' id='word_1_463' title='bbox 3391 3793 3489 3833; x_wconf 72' lang='lat' dir='ltr'><strong>non</strong></span> 
     </span>
     <span class='ocr_line' id='line_1_70' title="bbox 1827 3864 2002 3897; baseline 0 0"><span class='ocrx_word' id='word_1_464' title='bbox 1827 3864 1965 3897; x_wconf 76' lang='lat' dir='ltr'><strong>renta</strong></span> <span class='ocrx_word' id='word_1_465' title='bbox 1991 3887 2002 3897; x_wconf 90' lang='lat'><strong>.</strong></span> 
     </span>
    </p>
   </div>
   <div class='ocr_carea' id='block_1_70' title="bbox 1827 3864 2002 3902">
    <p class='ocr_par' dir='ltr' id='par_1_70' title="bbox 1827 3864 2002 3902">
     <span class='ocr_line' id='line_1_71' title="bbox 1827 3864 2002 3902; baseline -0.029 0"><span class='ocrx_word' id='word_1_466' title='bbox 1827 3864 2002 3902; x_wconf 77' lang='lat' dir='ltr'><strong>remur.</strong></span> 
     </span>
    </p>
   </div>
   <div class='ocr_carea' id='block_1_71' title="bbox 732 3959 1418 4032">
    <p class='ocr_par' dir='ltr' id='par_1_71' title="bbox 732 3959 1418 4032">
     <span class='ocr_line' id='line_1_72' title="bbox 732 3959 1418 4032; baseline 0.004 -19"><span class='ocrx_word' id='word_1_467' title='bbox 732 3959 888 4029; x_wconf 79' lang='grc' dir='ltr'>Πρὸς</span> <span class='ocrx_word' id='word_1_468' title='bbox 918 3959 1257 4015; x_wconf 76' lang='grc' dir='ltr'>ἐπίσκοπον</span> <span class='ocrx_word' id='word_1_469' title='bbox 1284 3963 1418 4032; x_wconf 68' lang='grc'>(44).</span> 
     </span>
    </p>
   </div>
   <div class='ocr_carea' id='block_1_72' title="bbox 356 4046 1858 4124">
    <p class='ocr_par' dir='ltr' id='par_1_72' title="bbox 356 4046 1858 4124">
     <span class='ocr_line' id='line_1_73' title="bbox 356 4046 1858 4124; baseline 0.005 -25"><span class='ocrx_word' id='word_1_470' title='bbox 356 4046 448 4118; x_wconf 84' lang='grc' dir='ltr'><strong>Μὴ</strong></span> <span class='ocrx_word' id='word_1_471' title='bbox 494 4046 826 4119; x_wconf 87' lang='grc' dir='ltr'>καλούμενος</span> <span class='ocrx_word' id='word_1_472' title='bbox 877 4050 1162 4119; x_wconf 80' lang='grc' dir='ltr'>ἐγκαλεῖς,</span> <span class='ocrx_word' id='word_1_473' title='bbox 1206 4052 1299 4106; x_wconf 75' lang='grc' dir='ltr'>καὶ</span> <span class='ocrx_word' id='word_1_474' title='bbox 1368 4052 1705 4124; x_wconf 81' lang='grc' dir='ltr'>καλούμενος</span> <span class='ocrx_word' id='word_1_475' title='bbox 1759 4053 1858 4123; x_wconf 80' lang='grc' dir='ltr'>οὐχ</span> 
     </span>
    </p>
   </div>
   <div class='ocr_carea' id='block_1_73' title="bbox 289 4138 1859 4217">
    <p class='ocr_par' dir='ltr' id='par_1_73' title="bbox 289 4138 1859 4217">
     <span class='ocr_line' id='line_1_74' title="bbox 289 4138 1859 4217; baseline 0.004 -25"><span class='ocrx_word' id='word_1_476' title='bbox 289 4138 609 4205; x_wconf 86' lang='grc' dir='ltr'>ὐπακούεις.</span> <span class='ocrx_word' id='word_1_477' title='bbox 650 4142 745 4194; x_wconf 87' lang='grc' dir='ltr'><strong>Ἐκ</strong></span> <span class='ocrx_word' id='word_1_478' title='bbox 790 4141 848 4195; x_wconf 82' lang='grc' dir='ltr'>δὲ</span> <span class='ocrx_word' id='word_1_479' title='bbox 894 4141 1003 4196; x_wconf 86' lang='grc' dir='ltr'><strong>τῶν</strong></span> <span class='ocrx_word' id='word_1_480' title='bbox 1045 4143 1313 4217; x_wconf 86' lang='grc' dir='ltr'>δευτέρων</span> <span class='ocrx_word' id='word_1_481' title='bbox 1350 4144 1508 4215; x_wconf 86' lang='grc' dir='ltr'>δῆλος</span> <span class='ocrx_word' id='word_1_482' title='bbox 1551 4144 1604 4198; x_wconf 85' lang='grc' dir='ltr'>εἶ</span> <span class='ocrx_word' id='word_1_483' title='bbox 1647 4145 1741 4199; x_wconf 76' lang='grc' dir='ltr'>καὶ</span> <span class='ocrx_word' id='word_1_484' title='bbox 1792 4147 1859 4215; x_wconf 84' lang='grc' dir='ltr'><strong>τῇ</strong></span> 
     </span>
    </p>
   </div>
   <div class='ocr_carea' id='block_1_74' title="bbox 287 4232 1857 4310">
    <p class='ocr_par' dir='ltr' id='par_1_74' title="bbox 287 4232 1857 4310">
     <span class='ocr_line' id='line_1_75' title="bbox 287 4232 1857 4310; baseline 0.005 -27"><span class='ocrx_word' id='word_1_485' title='bbox 287 4232 533 4303; x_wconf 76' lang='grc' dir='ltr'>προτέρᾳ</span> <span class='ocrx_word' id='word_1_486' title='bbox 566 4232 755 4302; x_wconf 75' lang='grc' dir='ltr'>σκέψει</span> <span class='ocrx_word' id='word_1_487' title='bbox 792 4234 967 4305; x_wconf 83' lang='grc' dir='ltr'>μάτην</span> <span class='ocrx_word' id='word_1_488' title='bbox 992 4236 1356 4307; x_wconf 83' lang='grc' dir='ltr'>χρησάμενος.</span> <span class='ocrx_word' id='word_1_489' title='bbox 1385 4239 1460 4290; x_wconf 86' lang='grc' dir='ltr'><strong>Ού</strong></span> <span class='ocrx_word' id='word_1_490' title='bbox 1480 4238 1587 4309; x_wconf 85' lang='grc' dir='ltr'>γὰρ</span> <span class='ocrx_word' id='word_1_491' title='bbox 1618 4237 1683 4291; x_wconf 85' lang='grc' dir='ltr'>ἂν</span> <span class='ocrx_word' id='word_1_492' title='bbox 1702 4234 1857 4310; x_wconf 80' lang='grc' dir='ltr'>ἦκες,</span> 
     </span>
    </p>
   </div>
   <div class='ocr_carea' id='block_1_75' title="bbox 286 4323 1861 4397">
    <p class='ocr_par' dir='ltr' id='par_1_75' title="bbox 286 4323 1861 4397">
     <span class='ocr_line' id='line_1_76' title="bbox 286 4323 1861 4397; baseline 0.005 -22"><span class='ocrx_word' id='word_1_493' title='bbox 286 4323 355 4375; x_wconf 72' lang='grc' dir='ltr'>ὲκ</span> <span class='ocrx_word' id='word_1_494' title='bbox 392 4323 502 4377; x_wconf 82' lang='grc' dir='ltr'><strong>τῶν</strong></span> <span class='ocrx_word' id='word_1_495' title='bbox 529 4324 775 4389; x_wconf 80' lang='grc' dir='ltr'>εἰκότων,</span> <span class='ocrx_word' id='word_1_496' title='bbox 807 4327 928 4379; x_wconf 81' lang='grc' dir='ltr'>οὐδὲ</span> <span class='ocrx_word' id='word_1_497' title='bbox 963 4327 1084 4379; x_wconf 88' lang='grc' dir='ltr'>τότε</span> <span class='ocrx_word' id='word_1_498' title='bbox 1118 4326 1358 4397; x_wconf 86' lang='grc' dir='ltr'>κληθείς.</span> <span class='ocrx_word' id='word_1_499' title='bbox 1402 4329 1735 4383; x_wconf 87' lang='grc' dir='ltr'>Ἐπάκουσον</span> <span class='ocrx_word' id='word_1_500' title='bbox 1766 4325 1861 4383; x_wconf 77' lang='grc' dir='ltr'><strong>οὖν</strong></span> 
     </span>
    </p>
   </div>
   <div class='ocr_carea' id='block_1_76' title="bbox 283 4411 1858 4488">
    <p class='ocr_par' dir='ltr' id='par_1_76' title="bbox 283 4411 1858 4488">
     <span class='ocr_line' id='line_1_77' title="bbox 283 4411 1858 4488; baseline 0.006 -25"><span class='ocrx_word' id='word_1_501' title='bbox 283 4411 513 4465; x_wconf 81' lang='grc' dir='ltr'>καλοῦσι</span> <span class='ocrx_word' id='word_1_502' title='bbox 545 4413 662 4478; x_wconf 79' lang='grc' dir='ltr'>νῦν,</span> <span class='ocrx_word' id='word_1_503' title='bbox 699 4416 793 4468; x_wconf 73' lang='grc' dir='ltr'>καὶ</span> <span class='ocrx_word' id='word_1_504' title='bbox 840 4416 914 4486; x_wconf 85' lang='grc' dir='ltr'>μὴ</span> <span class='ocrx_word' id='word_1_505' title='bbox 957 4415 1089 4488; x_wconf 83' lang='grc' dir='ltr'>γένῃ</span> <span class='ocrx_word' id='word_1_506' title='bbox 1137 4417 1298 4471; x_wconf 87' lang='grc' dir='ltr'>πάλιν</span> <span class='ocrx_word' id='word_1_507' title='bbox 1329 4416 1631 4488; x_wconf 74' lang='grc' dir='ltr'>ἀγνώμωνο</span> <span class='ocrx_word' id='word_1_508' title='bbox 1681 4419 1858 4483; x_wconf 80' lang='grc' dir='ltr'>εἰδὼς,</span> 
     </span>
    </p>
   </div>
   <div class='ocr_carea' id='block_1_77' title="bbox 284 4499 1860 4581">
    <p class='ocr_par' dir='ltr' id='par_1_77' title="bbox 284 4499 1860 4581">
     <span class='ocr_line' id='line_1_78' title="bbox 284 4499 1860 4581; baseline 0.007 -29"><span class='ocrx_word' id='word_1_509' title='bbox 284 4499 364 4564; x_wconf 85' lang='grc' dir='ltr'>ὼς</span> <span class='ocrx_word' id='word_1_510' title='bbox 398 4502 704 4574; x_wconf 78' lang='grc' dir='ltr'>ἐγκλήματι</span> <span class='ocrx_word' id='word_1_511' title='bbox 757 4506 1179 4576; x_wconf 86' lang='grc' dir='ltr'>προστιθέμενον</span> <span class='ocrx_word' id='word_1_512' title='bbox 1212 4506 1465 4581; x_wconf 69' lang='grc' dir='ltr'>ἔγκλημα</span> <span class='ocrx_word' id='word_1_513' title='bbox 1509 4508 1716 4579; x_wconf 77' lang='grc' dir='ltr'>βεϐαιοῖ</span> <span class='ocrx_word' id='word_1_514' title='bbox 1763 4511 1860 4563; x_wconf 76' lang='grc' dir='ltr'>καὶ</span> 
     </span>
    </p>
   </div>
   <div class='ocr_carea' id='block_1_78' title="bbox 286 4593 1858 4673">
    <p class='ocr_par' dir='ltr' id='par_1_78' title="bbox 286 4593 1858 4673">
     <span class='ocr_line' id='line_1_79' title="bbox 286 4593 1858 4673; baseline 0.007 -30"><span class='ocrx_word' id='word_1_515' title='bbox 286 4593 612 4665; x_wconf 78' lang='grc' dir='ltr'>πιστοτέραν</span> <span class='ocrx_word' id='word_1_516' title='bbox 641 4596 932 4667; x_wconf 77' lang='grc' dir='ltr'>ἐργάζεται</span> <span class='ocrx_word' id='word_1_517' title='bbox 961 4596 1054 4650; x_wconf 80' lang='grc' dir='ltr'>τοῦ</span> <span class='ocrx_word' id='word_1_518' title='bbox 1084 4601 1351 4673; x_wconf 86' lang='grc' dir='ltr'>προτέρου</span> <span class='ocrx_word' id='word_1_519' title='bbox 1384 4600 1483 4671; x_wconf 85' lang='grc' dir='ltr'>τὴν</span> <span class='ocrx_word' id='word_1_520' title='bbox 1525 4600 1858 4673; x_wconf 86' lang='grc' dir='ltr'>κατηγορίαν</span> 
     </span>
    </p>
   </div>
   <div class='ocr_carea' id='block_1_79' title="bbox 282 4682 1855 4764">
    <p class='ocr_par' dir='ltr' id='par_1_79' title="bbox 282 4682 1855 4764">
     <span class='ocr_line' id='line_1_80' title="bbox 282 4682 1855 4764; baseline 0.007 -29"><span class='ocrx_word' id='word_1_521' title='bbox 282 4682 639 4757; x_wconf 81' lang='grc' dir='ltr'>τὺδεύτερον.</span> <span class='ocrx_word' id='word_1_522' title='bbox 681 4686 794 4740; x_wconf 79' lang='grc' dir='ltr'><strong>Ἀεὶ</strong></span> <span class='ocrx_word' id='word_1_523' title='bbox 830 4688 888 4742; x_wconf 88' lang='grc' dir='ltr'><strong>δέ</strong></span> <span class='ocrx_word' id='word_1_524' title='bbox 919 4706 977 4742; x_wconf 90' lang='grc' dir='ltr'><strong>σε</strong></span> <span class='ocrx_word' id='word_1_525' title='bbox 1023 4690 1117 4743; x_wconf 72' lang='grc' dir='ltr'>καὶ</span> <span class='ocrx_word' id='word_1_526' title='bbox 1161 4691 1318 4762; x_wconf 83' lang='grc' dir='ltr'>ἡμῶν</span> <span class='ocrx_word' id='word_1_527' title='bbox 1341 4691 1631 4763; x_wconf 85' lang='grc' dir='ltr'>ἀνέχεσθαι</span> <span class='ocrx_word' id='word_1_528' title='bbox 1673 4709 1855 4764; x_wconf 89' lang='grc' dir='ltr'>παρα-</span> 
     </span>
    </p>
   </div>
   <div class='ocr_carea' id='block_1_80' title="bbox 2542 3952 2974 4021">
    <p class='ocr_par' dir='ltr' id='par_1_80' title="bbox 2542 3952 2974 4021">
     <span class='ocr_line' id='line_1_81' title="bbox 2542 3952 2974 4021; baseline 0 -16"><span class='ocrx_word' id='word_1_529' title='bbox 2542 3952 2625 4005; x_wconf 82' lang='lat' dir='ltr'><strong>Ad</strong></span> <span class='ocrx_word' id='word_1_530' title='bbox 2654 3953 2974 4021; x_wconf 79' lang='lat' dir='ltr'><strong>episcopum.</strong></span> 
     </span>
    </p>
   </div>
   <div class='ocr_carea' id='block_1_81' title="bbox 2033 4039 3545 4114">
    <p class='ocr_par' dir='ltr' id='par_1_81' title="bbox 2033 4039 3545 4114">
     <span class='ocr_line' id='line_1_82' title="bbox 2033 4039 3545 4114; baseline -0.004 -15"><span class='ocrx_word' id='word_1_531' title='bbox 2033 4042 2154 4099; x_wconf 86' lang='lat' dir='ltr'><strong>Non</strong></span> <span class='ocrx_word' id='word_1_532' title='bbox 2184 4051 2411 4099; x_wconf 89' lang='lat' dir='ltr'><strong>vocatus</strong></span> <span class='ocrx_word' id='word_1_533' title='bbox 2469 4044 2743 4114; x_wconf 89' lang='lat' dir='ltr'><strong>quiritas,</strong></span> <span class='ocrx_word' id='word_1_534' title='bbox 2790 4051 3021 4097; x_wconf 81' lang='lat' dir='ltr'><strong>vocatus</strong></span> <span class='ocrx_word' id='word_1_535' title='bbox 3051 4055 3182 4095; x_wconf 89' lang='lat' dir='ltr'><strong>vero</strong></span> <span class='ocrx_word' id='word_1_536' title='bbox 3226 4054 3335 4094; x_wconf 93' lang='lat' dir='ltr'><strong>non</strong></span> <span class='ocrx_word' id='word_1_537' title='bbox 3382 4039 3545 4097; x_wconf 84' lang='lat' dir='ltr'><strong>obse-</strong></span> 
     </span>
    </p>
   </div>
   <div class='ocr_carea' id='block_1_82' title="bbox 1967 4130 3544 4206">
    <p class='ocr_par' dir='ltr' id='par_1_82' title="bbox 1967 4130 3544 4206">
     <span class='ocr_line' id='line_1_83' title="bbox 1967 4130 3544 4206; baseline -0.004 -16"><span class='ocrx_word' id='word_1_538' title='bbox 1967 4137 2173 4206; x_wconf 79' lang='lat' dir='ltr'><strong>queris.</strong></span> <span class='ocrx_word' id='word_1_539' title='bbox 2208 4135 2403 4201; x_wconf 90' lang='lat' dir='ltr'><strong>Liquet</strong></span> <span class='ocrx_word' id='word_1_540' title='bbox 2448 4143 2630 4190; x_wconf 87' lang='lat' dir='ltr'><strong>autem</strong></span> <span class='ocrx_word' id='word_1_541' title='bbox 2659 4150 2724 4189; x_wconf 81' lang='lat' dir='ltr'><strong>ex</strong></span> <span class='ocrx_word' id='word_1_542' title='bbox 2760 4132 3018 4190; x_wconf 83' lang='lat' dir='ltr'><strong>secundis</strong></span> <span class='ocrx_word' id='word_1_543' title='bbox 3064 4138 3118 4186; x_wconf 87' lang='lat' dir='ltr'><strong>te</strong></span> <span class='ocrx_word' id='word_1_544' title='bbox 3165 4130 3221 4185; x_wconf 89' lang='lat' dir='ltr'><strong>in</strong></span> <span class='ocrx_word' id='word_1_545' title='bbox 3266 4132 3544 4200; x_wconf 82' lang='lat' dir='ltr'><strong>prioribus</strong></span> 
     </span>
    </p>
   </div>
   <div class='ocr_carea' id='block_1_83' title="bbox 1968 4222 3541 4298">
    <p class='ocr_par' dir='ltr' id='par_1_83' title="bbox 1968 4222 3541 4298">
     <span class='ocr_line' id='line_1_84' title="bbox 1968 4222 3541 4298; baseline -0.001 -17"><span class='ocrx_word' id='word_1_546' title='bbox 1968 4226 2116 4281; x_wconf 78' lang='lat' dir='ltr'><strong>inani</strong></span> <span class='ocrx_word' id='word_1_547' title='bbox 2151 4236 2412 4298; x_wconf 69' lang='lat' dir='ltr'><strong>praetextu</strong></span> <span class='ocrx_word' id='word_1_548' title='bbox 2458 4241 2618 4280; x_wconf 91' lang='lat' dir='ltr'><strong>usum</strong></span> <span class='ocrx_word' id='word_1_549' title='bbox 2652 4240 2797 4280; x_wconf 90' lang='lat' dir='ltr'><strong>esse.</strong></span> <span class='ocrx_word' id='word_1_550' title='bbox 2832 4222 3019 4293; x_wconf 87' lang='lat' dir='ltr'><strong>Neque</strong></span> <span class='ocrx_word' id='word_1_551' title='bbox 3062 4222 3210 4277; x_wconf 90' lang='lat' dir='ltr'><strong>enim</strong></span> <span class='ocrx_word' id='word_1_552' title='bbox 3257 4223 3541 4280; x_wconf 83' lang='lat' dir='ltr'><strong>venisses.</strong></span> 
     </span>
    </p>
   </div>
   <div class='ocr_carea' id='block_1_84' title="bbox 1967 4311 3541 4388">
    <p class='ocr_par' dir='ltr' id='par_1_84' title="bbox 1967 4311 3541 4388">
     <span class='ocr_line' id='line_1_85' title="bbox 1967 4311 3541 4388; baseline -0.004 -16"><span class='ocrx_word' id='word_1_553' title='bbox 1967 4326 2028 4372; x_wconf 86' lang='lat' dir='ltr'><strong>ut</strong></span> <span class='ocrx_word' id='word_1_554' title='bbox 2072 4317 2298 4373; x_wconf 83' lang='lat' dir='ltr'><strong>credere</strong></span> <span class='ocrx_word' id='word_1_555' title='bbox 2331 4332 2430 4388; x_wconf 89' lang='lat' dir='ltr'><strong>par</strong></span> <span class='ocrx_word' id='word_1_556' title='bbox 2478 4324 2598 4381; x_wconf 90' lang='lat' dir='ltr'><strong>est,</strong></span> <span class='ocrx_word' id='word_1_557' title='bbox 2632 4315 2850 4371; x_wconf 88' lang='lat' dir='ltr'><strong>etiamsi</strong></span> <span class='ocrx_word' id='word_1_558' title='bbox 2887 4321 3117 4368; x_wconf 87' lang='lat' dir='ltr'><strong>vocatus</strong></span> <span class='ocrx_word' id='word_1_559' title='bbox 3158 4320 3288 4366; x_wconf 91' lang='lat' dir='ltr'><strong>tunc</strong></span> <span class='ocrx_word' id='word_1_560' title='bbox 3320 4311 3541 4368; x_wconf 82' lang='lat' dir='ltr'><strong>fuisses.</strong></span> 
     </span>
    </p>
   </div>
   <div class='ocr_carea' id='block_1_85' title="bbox 1967 4404 3541 4480">
    <p class='ocr_par' dir='ltr' id='par_1_85' title="bbox 1967 4404 3541 4480">
     <span class='ocr_line' id='line_1_86' title="bbox 1967 4404 3541 4480; baseline -0.005 -16"><span class='ocrx_word' id='word_1_561' title='bbox 1967 4408 2298 4479; x_wconf 81' lang='lat' dir='ltr'><strong>Cbtempera</strong></span> <span class='ocrx_word' id='word_1_562' title='bbox 2343 4408 2511 4480; x_wconf 77' lang='lat' dir='ltr'><strong>igitur</strong></span> <span class='ocrx_word' id='word_1_563' title='bbox 2542 4423 2693 4461; x_wconf 89' lang='lat' dir='ltr'><strong>nunc</strong></span> <span class='ocrx_word' id='word_1_564' title='bbox 2749 4405 3080 4460; x_wconf 85' lang='lat' dir='ltr'><strong>vocantibus</strong></span> <span class='ocrx_word' id='word_1_565' title='bbox 3107 4443 3122 4467; x_wconf 94' lang='lat'><strong>,</strong></span> <span class='ocrx_word' id='word_1_566' title='bbox 3146 4411 3202 4457; x_wconf 82' lang='lat' dir='ltr'><strong>et</strong></span> <span class='ocrx_word' id='word_1_567' title='bbox 3235 4418 3304 4458; x_wconf 90' lang='lat' dir='ltr'><strong>ne</strong></span> <span class='ocrx_word' id='word_1_568' title='bbox 3346 4404 3541 4458; x_wconf 85' lang='lat' dir='ltr'><strong>iterum</strong></span> 
     </span>
    </p>
   </div>
   <div class='ocr_carea' id='block_1_86' title="bbox 1964 4493 3542 4569">
    <p class='ocr_par' dir='ltr' id='par_1_86' title="bbox 1964 4493 3542 4569">
     <span class='ocr_line' id='line_1_87' title="bbox 1964 4493 3542 4569; baseline -0.004 -16"><span class='ocrx_word' id='word_1_569' title='bbox 1964 4500 2064 4555; x_wconf 89' lang='lat' dir='ltr'><strong>ﬁas</strong></span> <span class='ocrx_word' id='word_1_570' title='bbox 2117 4500 2375 4569; x_wconf 87' lang='lat' dir='ltr'><strong>iniquus,</strong></span> <span class='ocrx_word' id='word_1_571' title='bbox 2413 4513 2539 4552; x_wconf 88' lang='lat' dir='ltr'><strong>cum</strong></span> <span class='ocrx_word' id='word_1_572' title='bbox 2583 4497 2756 4567; x_wconf 85' lang='lat' dir='ltr'><strong>probe</strong></span> <span class='ocrx_word' id='word_1_573' title='bbox 2812 4496 3001 4559; x_wconf 87' lang='lat' dir='ltr'><strong>scias,</strong></span> <span class='ocrx_word' id='word_1_574' title='bbox 3052 4494 3263 4547; x_wconf 86' lang='lat' dir='ltr'><strong>crimen</strong></span> <span class='ocrx_word' id='word_1_575' title='bbox 3315 4493 3542 4547; x_wconf 81' lang='lat' dir='ltr'><strong>crimine</strong></span> 
     </span>
    </p>
   </div>
   <div class='ocr_carea' id='block_1_87' title="bbox 1964 4585 3539 4656">
    <p class='ocr_par' dir='ltr' id='par_1_87' title="bbox 1964 4585 3539 4656">
     <span class='ocr_line' id='line_1_88' title="bbox 1964 4585 3539 4656; baseline -0.006 -11"><span class='ocrx_word' id='word_1_576' title='bbox 1964 4591 2261 4647; x_wconf 89' lang='lat' dir='ltr'><strong>accedente</strong></span> <span class='ocrx_word' id='word_1_577' title='bbox 2290 4589 2641 4651; x_wconf 88' lang='lat' dir='ltr'><strong>conﬁrmari,</strong></span> <span class='ocrx_word' id='word_1_578' title='bbox 2678 4600 2732 4643; x_wconf 91' lang='lat' dir='ltr'><strong>et</strong></span> <span class='ocrx_word' id='word_1_579' title='bbox 2771 4587 3018 4643; x_wconf 88' lang='lat' dir='ltr'><strong>secunda</strong></span> <span class='ocrx_word' id='word_1_580' title='bbox 3050 4587 3209 4656; x_wconf 90' lang='lat' dir='ltr'><strong>culpa</strong></span> <span class='ocrx_word' id='word_1_581' title='bbox 3249 4585 3539 4639; x_wconf 84' lang='lat' dir='ltr'><strong>certiorem</strong></span> 
     </span>
    </p>
   </div>
   <div class='ocr_carea' id='block_1_88' title="bbox 1964 4675 3542 4751">
    <p class='ocr_par' dir='ltr' id='par_1_88' title="bbox 1964 4675 3542 4751">
     <span class='ocr_line' id='line_1_89' title="bbox 1964 4675 3542 4751; baseline -0.004 -16"><span class='ocrx_word' id='word_1_582' title='bbox 1964 4682 2079 4736; x_wconf 89' lang='lat' dir='ltr'><strong>ﬁeri</strong></span> <span class='ocrx_word' id='word_1_583' title='bbox 2126 4681 2539 4737; x_wconf 87' lang='lat' dir='ltr'><strong>accusationem</strong></span> <span class='ocrx_word' id='word_1_584' title='bbox 2591 4680 2814 4751; x_wconf 89' lang='lat' dir='ltr'><strong>prioris.</strong></span> <span class='ocrx_word' id='word_1_585' title='bbox 2852 4678 2929 4734; x_wconf 89' lang='lat' dir='ltr'><strong>Te</strong></span> <span class='ocrx_word' id='word_1_586' title='bbox 2961 4688 3143 4734; x_wconf 88' lang='lat' dir='ltr'><strong>autem</strong></span> <span class='ocrx_word' id='word_1_587' title='bbox 3184 4692 3401 4746; x_wconf 88' lang='lat' dir='ltr'><strong>semper</strong></span> <span class='ocrx_word' id='word_1_588' title='bbox 3444 4675 3542 4729; x_wconf 88' lang='lat' dir='ltr'><strong>ad-</strong></span> 
     </span>
    </p>
   </div>
   <div class='ocr_carea' id='block_1_89' title="bbox 284 4766 1893 4855">
    <p class='ocr_par' dir='ltr' id='par_1_89' title="bbox 284 4773 1893 4855">
     <span class='ocr_line' id='line_1_90' title="bbox 284 4773 1893 4855; baseline 0.007 -29"><span class='ocrx_word' id='word_1_589' title='bbox 284 4773 439 4827; x_wconf 85' lang='grc' dir='ltr'>καλῶ</span> <span class='ocrx_word' id='word_1_590' title='bbox 460 4791 474 4804; x_wconf 89' lang='grc'><strong>·</strong></span> <span class='ocrx_word' id='word_1_591' title='bbox 514 4778 564 4829; x_wconf 87' lang='grc' dir='ltr'><strong>εἱ</strong></span> <span class='ocrx_word' id='word_1_592' title='bbox 592 4777 648 4829; x_wconf 83' lang='grc' dir='ltr'>δὲ</span> <span class='ocrx_word' id='word_1_593' title='bbox 679 4777 836 4849; x_wconf 81' lang='grc' dir='ltr'>ἡμῶν</span> <span class='ocrx_word' id='word_1_594' title='bbox 873 4779 973 4832; x_wconf 85' lang='grc' dir='ltr'>οὐκ</span> <span class='ocrx_word' id='word_1_595' title='bbox 1022 4781 1188 4853; x_wconf 79' lang='grc' dir='ltr'>ἀνέχῃ</span> <span class='ocrx_word' id='word_1_596' title='bbox 1208 4823 1222 4845; x_wconf 90' lang='grc'><strong>,</strong></span> <span class='ocrx_word' id='word_1_597' title='bbox 1261 4782 1377 4836; x_wconf 73' lang='grc' dir='ltr'>ἀλλ’</span> <span class='ocrx_word' id='word_1_598' title='bbox 1408 4785 1470 4836; x_wconf 85' lang='grc' dir='ltr'><strong>ού</strong></span> <span class='ocrx_word' id='word_1_599' title='bbox 1506 4783 1614 4836; x_wconf 79' lang='grc' dir='ltr'>τῶν</span> <span class='ocrx_word' id='word_1_600' title='bbox 1656 4782 1860 4855; x_wconf 86' lang='grc' dir='ltr'>μαρτύ-</span> <span class='ocrx_word' id='word_1_601' title='bbox 1892 4794 1893 4845; x_wconf 68' lang='grc' dir='ltr'>ζ</span> 
     </span>
    </p>
   </div>
   <div class='ocr_carea' id='block_1_90' title="bbox 1984 4766 3535 4855">
    <p class='ocr_par' dir='ltr' id='par_1_90' title="bbox 1984 4766 3535 4840">
     <span class='ocr_line' id='line_1_91' title="bbox 1984 4766 3535 4840; baseline -0.003 -17"><span class='ocrx_word' id='word_1_602' title='bbox 1984 4779 2176 4837; x_wconf 74' lang='lat' dir='ltr'><strong>tortor,</strong></span> <span class='ocrx_word' id='word_1_603' title='bbox 2233 4786 2320 4825; x_wconf 91' lang='lat' dir='ltr'><strong>me</strong></span> <span class='ocrx_word' id='word_1_604' title='bbox 2359 4779 2419 4825; x_wconf 93' lang='lat' dir='ltr'><strong>ut</strong></span> <span class='ocrx_word' id='word_1_605' title='bbox 2472 4770 2745 4840; x_wconf 81' lang='lat' dir='ltr'><strong>patienter</strong></span> <span class='ocrx_word' id='word_1_606' title='bbox 2806 4768 2992 4823; x_wconf 83' lang='lat' dir='ltr'><strong>feras:</strong></span> <span class='ocrx_word' id='word_1_607' title='bbox 3034 4767 3175 4837; x_wconf 91' lang='lat' dir='ltr'><strong>quod</strong></span> <span class='ocrx_word' id='word_1_608' title='bbox 3211 4766 3256 4820; x_wconf 87' lang='lat' dir='ltr'><strong>si</strong></span> <span class='ocrx_word' id='word_1_609' title='bbox 3308 4780 3395 4821; x_wconf 90' lang='lat' dir='ltr'><strong>me</strong></span> <span class='ocrx_word' id='word_1_610' title='bbox 3428 4781 3535 4821; x_wconf 85' lang='lat' dir='ltr'><strong>non</strong></span> 
     </span>
    </p>
   </div>
   <div class='ocr_carea' id='block_1_91' title="bbox 288 4859 1893 4944">
    <p class='ocr_par' dir='ltr' id='par_1_91' title="bbox 288 4863 1858 4944">
     <span class='ocr_line' id='line_1_92' title="bbox 288 4863 1858 4944; baseline 0.006 -28"><span class='ocrx_word' id='word_1_611' title='bbox 288 4881 399 4934; x_wconf 89' lang='grc' dir='ltr'><strong>ρων</strong></span> <span class='ocrx_word' id='word_1_612' title='bbox 428 4863 699 4937; x_wconf 81' lang='grc' dir='ltr'>ἀμελῆσαι</span> <span class='ocrx_word' id='word_1_613' title='bbox 730 4867 936 4922; x_wconf 73' lang='grc' dir='ltr'>δίκαιον</span> <span class='ocrx_word' id='word_1_614' title='bbox 955 4887 969 4901; x_wconf 79' lang='grc' dir='ltr'><strong>ο</strong></span> <span class='ocrx_word' id='word_1_615' title='bbox 1003 4864 1078 4922; x_wconf 83' lang='grc' dir='ltr'>ὧν</span> <span class='ocrx_word' id='word_1_616' title='bbox 1116 4874 1235 4935; x_wconf 86' lang='grc' dir='ltr'>ταῖς</span> <span class='ocrx_word' id='word_1_617' title='bbox 1267 4873 1476 4943; x_wconf 83' lang='grc' dir='ltr'>μνείαις</span> <span class='ocrx_word' id='word_1_618' title='bbox 1515 4875 1858 4944; x_wconf 78' lang='grc' dir='ltr'>κοινωνήσων</span> 
     </span>
    </p>
   </div>
   <div class='ocr_carea' id='block_1_92' title="bbox 1984 4859 3535 4944">
    <p class='ocr_par' dir='ltr' id='par_1_92' title="bbox 1984 4859 3535 4931">
     <span class='ocr_line' id='line_1_93' title="bbox 1984 4859 3535 4931; baseline -0.001 -18"><span class='ocrx_word' id='word_1_619' title='bbox 1984 4864 2076 4916; x_wconf 79' lang='lat' dir='ltr'><strong>i~rs</strong></span> <span class='ocrx_word' id='word_1_620' title='bbox 2106 4860 2396 4931; x_wconf 89' lang='lat' dir='ltr'><strong>patienter,</strong></span> <span class='ocrx_word' id='word_1_621' title='bbox 2433 4862 2627 4916; x_wconf 88' lang='lat' dir='ltr'><strong>saltem</strong></span> <span class='ocrx_word' id='word_1_622' title='bbox 2673 4875 2893 4931; x_wconf 87' lang='lat' dir='ltr'><strong>aequum</strong></span> <span class='ocrx_word' id='word_1_623' title='bbox 2942 4859 3146 4924; x_wconf 83' lang='lat' dir='ltr'><strong>fuerit,</strong></span> <span class='ocrx_word' id='word_1_624' title='bbox 3175 4865 3233 4912; x_wconf 91' lang='lat' dir='ltr'><strong>ut</strong></span> <span class='ocrx_word' id='word_1_625' title='bbox 3267 4864 3535 4926; x_wconf 85' lang='lat' dir='ltr'><strong>martyres</strong></span> 
     </span>
    </p>
   </div>
   <div class='ocr_carea' id='block_1_93' title="bbox 280 4948 1893 5036">
    <p class='ocr_par' dir='ltr' id='par_1_93' title="bbox 280 4955 1857 5036">
     <span class='ocr_line' id='line_1_94' title="bbox 280 4955 1857 5036; baseline 0.004 -26"><span class='ocrx_word' id='word_1_626' title='bbox 280 4956 447 5028; x_wconf 74' lang='grc' dir='ltr'>καλῇ.</span> <span class='ocrx_word' id='word_1_627' title='bbox 483 4958 582 5021; x_wconf 84' lang='grc' dir='ltr'><strong>Δὸς</strong></span> <span class='ocrx_word' id='word_1_628' title='bbox 620 4955 714 5013; x_wconf 78' lang='grc' dir='ltr'><strong>οὖν</strong></span> <span class='ocrx_word' id='word_1_629' title='bbox 752 4961 969 5033; x_wconf 84' lang='grc' dir='ltr'>πρῶτον</span> <span class='ocrx_word' id='word_1_630' title='bbox 1001 4965 1099 5035; x_wconf 79' lang='grc' dir='ltr'>μὲν</span> <span class='ocrx_word' id='word_1_631' title='bbox 1132 4965 1482 5036; x_wconf 77' lang='grc' dir='ltr'>ἀμφοτέροις,</span> <span class='ocrx_word' id='word_1_632' title='bbox 1513 4967 1561 5017; x_wconf 85' lang='grc' dir='ltr'>εἰ</span> <span class='ocrx_word' id='word_1_633' title='bbox 1602 4965 1659 5017; x_wconf 86' lang='grc' dir='ltr'>δὲ</span> <span class='ocrx_word' id='word_1_634' title='bbox 1698 4964 1857 5017; x_wconf 80' lang='grc' dir='ltr'>τοῦτό</span> 
     </span>
    </p>
   </div>
   <div class='ocr_carea' id='block_1_94' title="bbox 1984 4948 3536 5036">
    <p class='ocr_par' dir='ltr' id='par_1_94' title="bbox 1984 4948 3536 5025">
     <span class='ocr_line' id='line_1_95' title="bbox 1984 4948 3536 5025; baseline -0.005 -16"><span class='ocrx_word' id='word_1_635' title='bbox 1984 4970 2307 5025; x_wconf 71' lang='lat' dir='ltr'><strong>nequaquam</strong></span> <span class='ocrx_word' id='word_1_636' title='bbox 2336 4964 2658 5009; x_wconf 89' lang='lat' dir='ltr'><strong>contemnas</strong></span> <span class='ocrx_word' id='word_1_637' title='bbox 2677 4993 2693 5018; x_wconf 97' lang='lat'><strong>,</strong></span> <span class='ocrx_word' id='word_1_638' title='bbox 2718 4968 2952 5023; x_wconf 87' lang='lat' dir='ltr'><strong>quorum</strong></span> <span class='ocrx_word' id='word_1_639' title='bbox 2992 4962 3052 5006; x_wconf 89' lang='lat' dir='ltr'><strong>ut</strong></span> <span class='ocrx_word' id='word_1_640' title='bbox 3082 4948 3367 5006; x_wconf 86' lang='lat' dir='ltr'><strong>memoriis</strong></span> <span class='ocrx_word' id='word_1_641' title='bbox 3386 4965 3536 5004; x_wconf 80' lang='lat' dir='ltr'><strong>COUI-</strong></span> 
     </span>
    </p>
   </div>
   <div class='ocr_carea' id='block_1_95' title="bbox 281 5041 1893 5129">
    <p class='ocr_par' dir='ltr' id='par_1_95' title="bbox 281 5048 1817 5129">
     <span class='ocr_line' id='line_1_96' title="bbox 281 5048 1817 5129; baseline 0.007 -30"><span class='ocrx_word' id='word_1_642' title='bbox 281 5063 370 5100; x_wconf 90' lang='grc' dir='ltr'><strong>σοι</strong></span> <span class='ocrx_word' id='word_1_643' title='bbox 399 5048 475 5121; x_wconf 78' lang='grc' dir='ltr'>μὴ</span> <span class='ocrx_word' id='word_1_644' title='bbox 493 5048 641 5103; x_wconf 88' lang='grc' dir='ltr'><strong>δοκεί</strong></span> <span class='ocrx_word' id='word_1_645' title='bbox 666 5050 798 5123; x_wconf 71' lang='grc'>(45),</span> <span class='ocrx_word' id='word_1_646' title='bbox 831 5056 944 5118; x_wconf 85' lang='grc' dir='ltr'>τοῖς</span> <span class='ocrx_word' id='word_1_647' title='bbox 975 5054 1106 5122; x_wconf 81' lang='grc' dir='ltr'>γοῦν</span> <span class='ocrx_word' id='word_1_648' title='bbox 1135 5055 1485 5126; x_wconf 79' lang='grc' dir='ltr'>τιμιωτέροις</span> <span class='ocrx_word' id='word_1_649' title='bbox 1508 5056 1605 5126; x_wconf 84' lang='grc' dir='ltr'>τὴν</span> <span class='ocrx_word' id='word_1_650' title='bbox 1639 5056 1817 5129; x_wconf 82' lang='grc' dir='ltr'>χάριν.</span> 
     </span>
    </p>
   </div>
   <div class='ocr_carea' id='block_1_96' title="bbox 1984 5041 3533 5129">
    <p class='ocr_par' dir='ltr' id='par_1_96' title="bbox 1984 5041 3533 5114">
     <span class='ocr_line' id='line_1_97' title="bbox 1984 5041 3533 5114; baseline -0.001 -17"><span class='ocrx_word' id='word_1_651' title='bbox 1984 5045 2210 5100; x_wconf 88' lang='lat' dir='ltr'><strong>nunices</strong></span> <span class='ocrx_word' id='word_1_652' title='bbox 2238 5044 2544 5101; x_wconf 77' lang='lat' dir='ltr'><strong>advoceris.</strong></span> <span class='ocrx_word' id='word_1_653' title='bbox 2581 5042 2690 5098; x_wconf 84' lang='lat' dir='ltr'><strong>Fac.</strong></span> <span class='ocrx_word' id='word_1_654' title='bbox 2731 5044 2899 5114; x_wconf 86' lang='lat' dir='ltr'><strong>igitur</strong></span> <span class='ocrx_word' id='word_1_655' title='bbox 2931 5043 2987 5096; x_wconf 91' lang='lat' dir='ltr'><strong>in</strong></span> <span class='ocrx_word' id='word_1_656' title='bbox 3024 5043 3216 5112; x_wconf 88' lang='lat' dir='ltr'><strong>primis</strong></span> <span class='ocrx_word' id='word_1_657' title='bbox 3259 5042 3328 5096; x_wconf 88' lang='lat' dir='ltr'><strong>ab</strong></span> <span class='ocrx_word' id='word_1_658' title='bbox 3363 5041 3533 5095; x_wconf 87' lang='lat' dir='ltr'><strong>utris-</strong></span> 
     </span>
    </p>
   </div>
   <div class='ocr_carea' id='block_1_97' title="bbox 1956 5131 3533 5204">
    <p class='ocr_par' dir='ltr' id='par_1_97' title="bbox 1956 5131 3533 5204">
     <span class='ocr_line' id='line_1_98' title="bbox 1956 5131 3533 5204; baseline -0.003 -17"><span class='ocrx_word' id='word_1_659' title='bbox 1956 5150 2100 5204; x_wconf 88' lang='lat' dir='ltr'><strong>que,</strong></span> <span class='ocrx_word' id='word_1_660' title='bbox 2154 5134 2240 5190; x_wconf 90' lang='lat' dir='ltr'><strong>sin</strong></span> <span class='ocrx_word' id='word_1_661' title='bbox 2299 5136 2404 5190; x_wconf 94' lang='lat' dir='ltr'><strong>hoc</strong></span> <span class='ocrx_word' id='word_1_662' title='bbox 2460 5134 2558 5189; x_wconf 91' lang='lat' dir='ltr'><strong>tibi</strong></span> <span class='ocrx_word' id='word_1_663' title='bbox 2606 5133 2786 5187; x_wconf 84' lang='lat' dir='ltr'><strong>visum</strong></span> <span class='ocrx_word' id='word_1_664' title='bbox 2841 5147 2952 5187; x_wconf 89' lang='lat' dir='ltr'><strong>non</strong></span> <span class='ocrx_word' id='word_1_665' title='bbox 2998 5131 3206 5198; x_wconf 79' lang='lat' dir='ltr'><strong>fuerit,</strong></span> <span class='ocrx_word' id='word_1_666' title='bbox 3256 5132 3451 5187; x_wconf 89' lang='lat' dir='ltr'><strong>saltem</strong></span> <span class='ocrx_word' id='word_1_667' title='bbox 3502 5144 3533 5182; x_wconf 88' lang='lat' dir='ltr'><strong>a</strong></span> 
     </span>
    </p>
   </div>
   <div class='ocr_carea' id='block_1_98' title="bbox 1953 5225 2899 5297">
    <p class='ocr_par' dir='ltr' id='par_1_98' title="bbox 1953 5225 2899 5297">
     <span class='ocr_line' id='line_1_99' title="bbox 1953 5225 2899 5297; baseline -0.002 -18"><span class='ocrx_word' id='word_1_668' title='bbox 1953 5226 2435 5295; x_wconf 70' lang='lat' dir='ltr'><strong>praestantioribus</strong></span> <span class='ocrx_word' id='word_1_669' title='bbox 2461 5225 2693 5297; x_wconf 82' lang='lat' dir='ltr'><strong>gratiam</strong></span> <span class='ocrx_word' id='word_1_670' title='bbox 2725 5225 2899 5279; x_wconf 87' lang='lat' dir='ltr'><strong>ineas.</strong></span> 
     </span>
    </p>
   </div>
   <div class='ocr_carea' id='block_1_99' title="bbox 2027 5334 3531 5412">
    <p class='ocr_par' dir='ltr' id='par_1_99' title="bbox 2027 5334 3531 5412">
     <span class='ocr_line' id='line_1_100' title="bbox 2027 5334 3531 5412; baseline -0.004 -17"><span class='ocrx_word' id='word_1_671' title='bbox 2027 5340 2137 5412; x_wconf 68' lang='grc'>(44)</span> <span class='ocrx_word' id='word_1_672' title='bbox 2175 5338 2340 5412; x_wconf 11' lang='grc' dir='ltr'>Πρὸς(</span> <span class='ocrx_word' id='word_1_673' title='bbox 2372 5340 2729 5412; x_wconf 63' lang='grc' dir='ltr'>ἐπίσκοποις.</span> <span class='ocrx_word' id='word_1_674' title='bbox 2759 5337 2926 5412; x_wconf 45' lang='lat' dir='ltr'><strong>Harl.</strong></span> <span class='ocrx_word' id='word_1_675' title='bbox 2955 5343 3010 5392; x_wconf 90' lang='lat' dir='ltr'><strong>et</strong></span> <span class='ocrx_word' id='word_1_676' title='bbox 3042 5336 3278 5412; x_wconf 71' lang='lat' dir='ltr'><strong>Claram.</strong></span> <span class='ocrx_word' id='word_1_677' title='bbox 3306 5334 3531 5389; x_wconf 77' lang='grc' dir='ltr'>ἐπισκό-</span> 
     </span>
    </p>
   </div>
   <div class='ocr_carea' id='block_1_100' title="bbox 1954 5405 3531 5482">
    <p class='ocr_par' dir='ltr' id='par_1_100' title="bbox 1954 5405 3531 5482">
     <span class='ocr_line' id='line_1_101' title="bbox 1954 5405 3531 5482; baseline -0.001 -19"><span class='ocrx_word' id='word_1_678' title='bbox 1954 5405 2047 5482; x_wconf 70' lang='grc' dir='ltr'><strong>πῴ</strong></span> <span class='ocrx_word' id='word_1_679' title='bbox 2103 5405 2421 5480; x_wconf 84' lang='grc' dir='ltr'>καλουμένῳ</span> <span class='ocrx_word' id='word_1_680' title='bbox 2450 5412 2530 5473; x_wconf 87' lang='grc' dir='ltr'><strong>εἰς</strong></span> <span class='ocrx_word' id='word_1_681' title='bbox 2559 5409 2796 5473; x_wconf 86' lang='grc' dir='ltr'>σύνοδον,</span> <span class='ocrx_word' id='word_1_682' title='bbox 2826 5407 3084 5477; x_wconf 73' lang='lat' dir='ltr'><strong>Episcopo</strong></span> <span class='ocrx_word' id='word_1_683' title='bbox 3124 5405 3193 5460; x_wconf 85' lang='lat' dir='ltr'><strong>ad</strong></span> <span class='ocrx_word' id='word_1_684' title='bbox 3226 5413 3531 5461; x_wconf 69' lang='lat' dir='ltr'><strong>conventum</strong></span> 
     </span>
    </p>
   </div>
   <div class='ocr_carea' id='block_1_101' title="bbox 1955 5490 2952 5621">
    <p class='ocr_par' dir='ltr' id='par_1_101' title="bbox 1955 5490 2952 5621">
     <span class='ocr_line' id='line_1_102' title="bbox 1955 5490 2613 5536; baseline -0.005 0"><span class='ocrx_word' id='word_1_685' title='bbox 1955 5490 2136 5536; x_wconf 74' lang='lat' dir='ltr'><strong>vocato</strong></span> <span class='ocrx_word' id='word_1_686' title='bbox 2144 5522 2157 5535; x_wconf 90' lang='grc'><strong>.</strong></span> <span class='ocrx_word' id='word_1_687' title='bbox 2610 5512 2613 5515; x_wconf 94' lang='grc'>·</span> 
     </span>
     <span class='ocr_line' id='line_1_103' title="bbox 2029 5547 2952 5621; baseline -0.003 0"><span class='ocrx_word' id='word_1_688' title='bbox 2029 5548 2272 5621; x_wconf 23' lang='grc' dir='ltr'>(45).Μὴ</span> <span class='ocrx_word' id='word_1_689' title='bbox 2303 5547 2659 5621; x_wconf 51' lang='grc' dir='ltr'>δεεεέῌετιο</span> <span class='ocrx_word' id='word_1_690' title='bbox 2696 5547 2778 5621; x_wconf 22' lang='grc' dir='ltr'>μὴ.</span> <span class='ocrx_word' id='word_1_691' title='bbox 2803 5548 2952 5619; x_wconf 76' lang='grc' dir='ltr'>δοκῇ·</span> 
     </span>
    </p>
   </div>
   <div class='ocr_carea' id='block_1_102' title="bbox 2031 5615 3332 5699">
    <p class='ocr_par' dir='ltr' id='par_1_102' title="bbox 2031 5615 3332 5699">
     <span class='ocr_line' id='line_1_104' title="bbox 2031 5615 3332 5699; baseline 0 0"><span class='ocrx_word' id='word_1_692' title='bbox 2031 5615 2233 5699; x_wconf 47' lang='lat' dir='ltr'><strong>iﬁlli“</strong></span> <span class='ocrx_word' id='word_1_693' title='bbox 2261 5615 2632 5699; x_wconf 57' lang='lat' dir='ltr'><strong>QQ‘QSHHL</strong></span> <span class='ocrx_word' id='word_1_694' title='bbox 2664 5615 2879 5699; x_wconf 57' lang='grc' dir='ltr'><strong>ἓδέίριβ</strong></span> <span class='ocrx_word' id='word_1_695' title='bbox 2904 5615 2961 5698; x_wconf 55' lang='grc' dir='ltr'><strong>ίὶι</strong></span> <span class='ocrx_word' id='word_1_696' title='bbox 2990 5615 3332 5699; x_wconf 59' lang='grc' dir='ltr'><strong>θβίξεοβδίὲι-</strong></span> 
     </span>
    </p>
   </div>
   <div class='ocr_carea' id='block_1_103' title="bbox 2038 5688 3355 5760">
    <p class='ocr_par' dir='ltr' id='par_1_103' title="bbox 2038 5688 3355 5760">
     <span class='ocr_line' id='line_1_105' title="bbox 2038 5688 3355 5760; baseline -0.004 -15"><span class='ocrx_word' id='word_1_697' title='bbox 2038 5694 2075 5711; x_wconf 83' lang='grc'>⁶⁶</span> <span class='ocrx_word' id='word_1_698' title='bbox 2108 5691 2257 5747; x_wconf 85' lang='lat' dir='ltr'><strong>Alias</strong></span> <span class='ocrx_word' id='word_1_699' title='bbox 2279 5688 2653 5747; x_wconf 72' lang='lat' dir='ltr'><strong>CCCXXXVI.</strong></span> <span class='ocrx_word' id='word_1_700' title='bbox 2682 5688 2898 5760; x_wconf 82' lang='lat' dir='ltr'><strong>Scripta</strong></span> <span class='ocrx_word' id='word_1_701' title='bbox 2920 5688 2974 5743; x_wconf 91' lang='lat' dir='ltr'><strong>in</strong></span> <span class='ocrx_word' id='word_1_702' title='bbox 3013 5688 3355 5759; x_wconf 89' lang='lat' dir='ltr'><strong>episcopatu.</strong></span> 
     </span>
    </p>
   </div>
   <div class='ocr_carea' id='block_1_104' title="bbox 377 5331 1637 5403">
    <p class='ocr_par' dir='ltr' id='par_1_104' title="bbox 377 5331 1637 5403">
     <span class='ocr_line' id='line_1_106' title="bbox 377 5331 1637 5403; baseline 0.004 -17"><span class='ocrx_word' id='word_1_703' title='bbox 377 5331 466 5403; x_wconf 77' lang='grc'><strong>59)</strong></span> <span class='ocrx_word' id='word_1_704' title='bbox 509 5333 859 5403; x_wconf 81' lang='grc' dir='ltr'>Ἐπιδιδούς.</span> <span class='ocrx_word' id='word_1_705' title='bbox 900 5336 1068 5393; x_wconf 90' lang='lat' dir='ltr'><strong>Coisl.</strong></span> <span class='ocrx_word' id='word_1_706' title='bbox 1102 5338 1377 5394; x_wconf 84' lang='lat' dir='ltr'><strong>secundus</strong></span> <span class='ocrx_word' id='word_1_707' title='bbox 1400 5338 1637 5401; x_wconf 79' lang='grc' dir='ltr'>ἐπιδούς.</span> 
     </span>
    </p>
   </div>
   <div class='ocr_carea' id='block_1_105' title="bbox 378 5404 1848 5476">
    <p class='ocr_par' dir='ltr' id='par_1_105' title="bbox 378 5404 1848 5476">
     <span class='ocr_line' id='line_1_107' title="bbox 378 5404 1848 5476; baseline 0.005 -20"><span class='ocrx_word' id='word_1_708' title='bbox 378 5404 466 5476; x_wconf 50' lang='grc' dir='ltr'><strong>(θ)</strong></span> <span class='ocrx_word' id='word_1_709' title='bbox 496 5404 571 5476; x_wconf 72' lang='grc' dir='ltr'><strong>Τὰ</strong></span> <span class='ocrx_word' id='word_1_710' title='bbox 597 5405 725 5476; x_wconf 65' lang='grc' dir='ltr'>καθ’</span> <span class='ocrx_word' id='word_1_711' title='bbox 749 5406 986 5461; x_wconf 78' lang='grc' dir='ltr'>ἑαυτόν.</span> <span class='ocrx_word' id='word_1_712' title='bbox 1013 5406 1247 5476; x_wconf 69' lang='lat' dir='ltr'><strong>ltaImss.</strong></span> <span class='ocrx_word' id='word_1_713' title='bbox 1276 5409 1419 5463; x_wconf 89' lang='lat' dir='ltr'><strong>Editi</strong></span> <span class='ocrx_word' id='word_1_714' title='bbox 1441 5408 1509 5462; x_wconf 71' lang='grc' dir='ltr'>τὰ</span> <span class='ocrx_word' id='word_1_715' title='bbox 1530 5408 1650 5462; x_wconf 78' lang='grc' dir='ltr'>καθ’</span> <span class='ocrx_word' id='word_1_716' title='bbox 1667 5409 1848 5464; x_wconf 80' lang='grc' dir='ltr'>αὐτόν.</span> 
     </span>
    </p>
   </div>
   <div class='ocr_carea' id='block_1_106' title="bbox 311 5472 1849 5554">
    <p class='ocr_par' dir='ltr' id='par_1_106' title="bbox 311 5472 1849 5554">
     <span class='ocr_line' id='line_1_108' title="bbox 311 5472 1849 5554; baseline 0.007 -30"><span class='ocrx_word' id='word_1_717' title='bbox 311 5541 326 5554; x_wconf 50' lang='grc'><strong>.</strong></span> <span class='ocrx_word' id='word_1_718' title='bbox 354 5472 467 5553; x_wconf 65' lang='grc' dir='ltr'>(ῌ)</span> <span class='ocrx_word' id='word_1_719' title='bbox 508 5472 1316 5554; x_wconf 49' lang='grc' dir='ltr'>ριᾳᾼλῳπίσῖασᾷᾳι.</span> <span class='ocrx_word' id='word_1_720' title='bbox 1347 5479 1421 5554; x_wconf 75' lang='lat' dir='ltr'><strong>ita</strong></span> <span class='ocrx_word' id='word_1_721' title='bbox 1457 5489 1568 5554; x_wconf 79' lang='lat' dir='ltr'><strong>tres</strong></span> <span class='ocrx_word' id='word_1_722' title='bbox 1594 5481 1849 5535; x_wconf 88' lang='lat' dir='ltr'><strong>vetustis-</strong></span> 
     </span>
    </p>
   </div>
   <div class='ocr_carea' id='block_1_107' title="bbox 276 5542 1589 5619">
    <p class='ocr_par' dir='ltr' id='par_1_107' title="bbox 276 5542 1589 5619">
     <span class='ocr_line' id='line_1_109' title="bbox 276 5542 1589 5619; baseline 0.003 -22"><span class='ocrx_word' id='word_1_723' title='bbox 276 5542 673 5619; x_wconf 48' lang='lat' dir='ltr'><strong>simjfodices.</strong></span> <span class='ocrx_word' id='word_1_724' title='bbox 706 5542 846 5619; x_wconf 57' lang='lat' dir='ltr'><strong>Editi</strong></span> <span class='ocrx_word' id='word_1_725' title='bbox 866 5547 1101 5619; x_wconf 63' lang='grc' dir='ltr'><strong>Δὑπάρχῃ</strong></span> <span class='ocrx_word' id='word_1_726' title='bbox 1133 5549 1589 5614; x_wconf 75' lang='grc' dir='ltr'>καλλωπίζεσθαι.</span> 
     </span>
    </p>
   </div>
   <div class='ocr_carea' id='block_1_108' title="bbox 354 5611 1684 5690">
    <p class='ocr_par' dir='ltr' id='par_1_108' title="bbox 354 5611 1684 5690">
     <span class='ocr_line' id='line_1_110' title="bbox 354 5611 1684 5690; baseline 0.006 -24"><span class='ocrx_word' id='word_1_727' title='bbox 497 5612 617 5690; x_wconf 61' lang='grc' dir='ltr'><strong>’ξρτι</strong></span> <span class='ocrx_word' id='word_1_728' title='bbox 634 5615 952 5690; x_wconf 35' lang='grc' dir='ltr'>μορ-(ζώει.</span> <span class='ocrx_word' id='word_1_729' title='bbox 994 5611 1284 5690; x_wconf 15' lang='grc' dir='ltr'>ᾑίῖῖἰηιιείρι</span> <span class='ocrx_word' id='word_1_730' title='bbox 1312 5611 1452 5675; x_wconf 80' lang='lat' dir='ltr'><strong>Med.</strong></span> <span class='ocrx_word' id='word_1_731' title='bbox 1482 5620 1563 5673; x_wconf 86' lang='grc' dir='ltr'>ὃτι</span> <span class='ocrx_word' id='word_1_732' title='bbox 1599 5636 1684 5690; x_wconf 87' lang='grc' dir='ltr'><strong>με.</strong></span> 
     </span>
    </p>
   </div>
   <div class='ocr_carea' id='block_1_109' title="bbox 266 5611 1851 5806">
    <p class='ocr_par' dir='ltr' id='par_1_109' title="bbox 266 5611 1851 5806">
     <span class='ocr_line' id='line_1_111' title="bbox 354 5611 1684 5754; baseline -0.001 -79"><span class='ocrx_word' id='word_1_733' title='bbox 354 5611 466 5754; x_wconf 40' lang='grc'>(42)</span> <span class='ocrx_word' id='word_1_734' title='bbox 497 5612 617 5666; x_wconf 87' lang='grc' dir='ltr'>Ὅτι</span> <span class='ocrx_word' id='word_1_735' title='bbox 634 5632 758 5684; x_wconf 79' lang='grc' dir='ltr'>μοι.</span> <span class='ocrx_word' id='word_1_736' title='bbox 783 5615 952 5670; x_wconf 81' lang='lat' dir='ltr'><strong>Coisl.</strong></span> <span class='ocrx_word' id='word_1_737' title='bbox 994 5611 1204 5688; x_wconf 70' lang='lat' dir='ltr'><strong>primus</strong></span> <span class='ocrx_word' id='word_1_738' title='bbox 1229 5627 1284 5674; x_wconf 89' lang='lat' dir='ltr'><strong>et</strong></span> <span class='ocrx_word' id='word_1_739' title='bbox 1312 5611 1452 5675; x_wconf 82' lang='lat' dir='ltr'><strong>Med.</strong></span> <span class='ocrx_word' id='word_1_740' title='bbox 1482 5620 1563 5673; x_wconf 86' lang='grc' dir='ltr'>ὃτι</span> <span class='ocrx_word' id='word_1_741' title='bbox 1599 5636 1684 5690; x_wconf 87' lang='grc' dir='ltr'><strong>με.</strong></span> 
     </span>
     <span class='ocr_line' id='line_1_112' title="bbox 266 5680 1851 5806; baseline -0.002 -63"><span class='ocrx_word' id='word_1_742' title='bbox 266 5680 671 5806; x_wconf 52' lang='grc' dir='ltr'><strong>ῗκὲἑέυσὲἱπεὶ</strong></span> <span class='ocrx_word' id='word_1_743' title='bbox 704 5684 775 5739; x_wconf 80' lang='grc' dir='ltr'>δὲ</span> <span class='ocrx_word' id='word_1_744' title='bbox 801 5684 1096 5742; x_wconf 75' lang='grc' dir='ltr'>ἱκέτευσα.</span> <span class='ocrx_word' id='word_1_745' title='bbox 1129 5687 1298 5749; x_wconf 84' lang='lat' dir='ltr'><strong>Coisl.</strong></span> <span class='ocrx_word' id='word_1_746' title='bbox 1340 5690 1549 5760; x_wconf 77' lang='lat' dir='ltr'><strong>primus</strong></span> <span class='ocrx_word' id='word_1_747' title='bbox 1585 5687 1770 5760; x_wconf 77' lang='grc' dir='ltr'>ἐπειδὴ</span> <span class='ocrx_word' id='word_1_748' title='bbox 1797 5688 1851 5741; x_wconf 77' lang='grc' dir='ltr'>δὲ</span> 
     </span>
    </p>
   </div>
   <div class='ocr_carea' id='block_1_110' title="bbox 353 5330 373 5542">
    <p class='ocr_par' dir='ltr' id='par_1_110' title="bbox 353 5330 373 5542">
     <span class='ocr_line' id='line_1_113' title="bbox 353 5330 373 5542; baseline 0 0"><span class='ocrx_word' id='word_1_749' title='bbox 353 5330 373 5542; x_wconf 69' lang='lat' dir='ltr'><strong>l</strong></span> 
     </span>
    </p>
   </div>
   <div class='ocr_carea' id='block_1_111' title="bbox 447 5331 467 5544">
    <p class='ocr_par' dir='ltr' id='par_1_111' title="bbox 447 5331 467 5544">
     <span class='ocr_line' id='line_1_114' title="bbox 447 5331 467 5544; baseline 0 0"><span class='ocrx_word' id='word_1_750' title='bbox 447 5331 467 5544; x_wconf 64' lang='grc' dir='ltr'>ξ</span> 
     </span>
    </p>
   </div>
  </div>
