3878 6222
359 286 501 345 1019
1703 292 1760 349 s.
1803 294 2050 351 BASlLll
2088 293 2305 352 MAGNI
3294 270 3329 302 '
3470 289 3594 344 meo

771 467 1112 527 EPISTOLA
1150 468 1546 525 CCLXXXHI'.

355 604 505 672 Spem
525 605 663 672 aﬁert
685 604 845 659 vidua:
865 607 1072 660 scillam
1092 607 1326 669 visurum,
1351 607 1452 659 alio
1475 614 1720 672 conventu,
1760 608 2276 736 poglgo'srqmmwi
2298 605 2548 660 habiturus
2573 612 2698 664 erat,
2720 603 2918 656 indicto.
2943 602 3190 655 Somnium
3211 599 3467 669 quoddam
3487 596 3605 649 illius

2004 688 2031 725 ε
2165 710 2177 723 .

2004 688 2177 725 ειαιιιτ.

2552 471 2895 527 ΕΠΙΣΤΟΛΗ
2930 471 3095 526 XIII".

975 799 1056 853 Ad
1088 800 1321 857 viduam.

2671 801 2998 870 Ἐλευθέρςι.

430 934 581 989 Diem
621 934 842 1004 quidem
872 937 1169 991 conventui
1199 936 1455 993 idoneum
1483 938 1805 995 inventuros
1834 956 1935 996 nos

2124 936 2363 1008 Ἦμέραν
2400 936 2500 1006 μὲν
2547 934 2861 1001 ἐπιτηδείαν
2905 932 3004 1002 τῆς
3050 930 3274 984 συνόδου
3312 927 3427 997 (46)
3470 926 3607 980 ἐλπί-

359 1043 669 1098 speramus.
706 1036 832 1097 post
857 1043 952 1083 eos
984 1039 1313 1093 conventus,
1345 1047 1487 1100 quos
1533 1033 1588 1087 in
1647 1033 1935 1087 montanis

2058 1029 2207 1100 ζομεν
2240 1027 2512 1100 εὑρίσκειν
2546 1025 2683 1097 μετὰ
2715 1026 2809 1089 τὰς
2838 1024 2979 1078 κατὰ
3013 1022 3111 1094 τὴν
3143 1020 3367 1092 ὀρεινὴν
3401 1016 3608 1086 μελλού-

362 1121 502 1174 locis
557 1120 815 1174 indicturi
876 1136 1090 1176 sumus.
1148 1121 1399 1192 Colloqui
1452 1131 1633 1179 autem
1676 1131 1933 1194 tempus,

2058 1138 2144 1184 τας
2173 1123 2301 1193 παρ’
2329 1119 2486 1191 ἡμῶν
2521 1117 2822 1172 τυποῦσθαι
2843 1133 2859 1147 ⁸
2884 1114 3172 1186 συντυχίας
3200 1113 3261 1166 δὲ
3290 1111 3410 1181 (47)
3438 1107 3611 1180 καιρὸς

361 1217 561 1281 praeter
593 1220 899 1267 conventus
931 1213 1354 1269 celebrationem
1375 1257 1390 1281 ,
1416 1216 1628 1269 nullum
1661 1215 1809 1271 aliud
1836 1231 1938 1271 no-

2058 1212 2170 1266 ἱνευ
2204 1213 2301 1284 τῆς
2334 1210 2477 1265 κατὰ
2515 1209 2613 1280 τὴν
2643 1208 2858 1262 σύνοδον
2903 1205 3245 1276 λειτουργίας
3286 1201 3453 1264 ἄλλος
3495 1201 3612 1271 ἡμῖν

357 1300 446 1356 bis
479 1308 733 1372 apparet,
764 1302 872 1360 nisi
903 1304 1033 1373 quid
1063 1315 1261 1374 prater
1293 1319 1447 1374 spem
1494 1305 1759 1360 Dominus
1819 1305 1939 1361 dis-

2058 1305 2146 1374 >ὐχ
2172 1300 2562 1370 ὑποφαίνεται·
2597 1298 2733 1370 πλὴν
2760 1298 2853 1351 ἐὰν
2902 1297 2974 1368 μή
3017 1313 3071 1348 τι
3120 1293 3226 1359 ἐξω
3265 1290 3381 1345 τῶν
3415 1288 3615 1353 ἐλπιζο-

365 1396 700 1465 pensaverit.
750 1392 1140 1464 Conjecturam
1195 1402 1375 1448 autem
1430 1394 1615 1451 facere
1659 1395 1827 1451 debes
1870 1410 1938 1450 ex

2058 1395 2225 1465 μένων
2254 1395 2282 1446 ὁ
2304 1391 2506 1464 Κύριος
2537 1392 2888 1463 οἰκονομήσῃ.
2913 1385 3277 1458 Στοχάζεσθαι
3308 1383 3369 1436 δὲ
3398 1381 3616 1450 ὀφείλεις

361 1493 507 1539 statu
539 1500 722 1539 rerum
753 1492 995 1540 tuarum.
1027 1484 1083 1539 Si
1124 1485 1269 1539 enim
1308 1485 1646 1541 nobilitatem
1681 1494 1831 1540 tuam
1870 1486 1940 1542 de

2058 1490 2110 1541 ὲκ
2132 1486 2240 1539 τῶν
2269 1486 2411 1539 κατὰ
2440 1484 2674 1554 σεαυτὴν
2703 1483 2813 1553 (48)
2843 1482 3204 1553 πραγμάτων.
3228 1478 3298 1531 Εἰ
3321 1474 3436 1547 γὰρ
3463 1477 3528 1545 τῇ
3557 1476 3613 1543 σῇ

360 1590 470 1628 una
498 1576 662 1630 domo
698 1577 989 1631 sollicitam
1024 1582 1177 1629 tanta
1220 1577 1544 1632 circumstat
1573 1577 1736 1632 turba
1771 1593 1939 1633 cura-

2058 1579 2292 1649 εὐγενείᾳ
2324 1579 2456 1649 μιᾶς
2483 1574 2845 1647 φροντιζούσῃ
2870 1573 2980 1644 (49)
3015 1571 3269 1633 τοσοῦτος
3313 1567 3617 1638 περίκειται

359 1682 485 1721 rum
507 1706 522 1730 ,
547 1669 770 1737 quantis
795 1677 955 1737 putas
991 1684 1076 1723 me
1096 1658 1356 1738 quotidie
1383 1668 1622 1739 negotiis
1646 1668 1940 1725 distineri?

2058 1670 2199 1741 εχλος
2237 1668 2537 1741 μεριμνῶν,
2572 1666 2744 1730 πόσας
2770 1664 3011 1734 νομίζεις
3048 1664 3195 1734 ἡμᾶς
3237 1659 3345 1722 τὰς
3380 1660 3468 1726 ἐφ’
3504 1657 3617 1710 ἐκά-

360 1756 540 1813 Tuum
574 1767 758 1814 autem
793 1760 1070 1813 somnium
1099 1759 1430 1827 perfectiore
1455 1762 1691 1831 quadam
1724 1763 1940 1818 ratione

2058 1777 2180 1831 στης
2217 1760 2430 1831 ἡμέρας
2465 1757 2719 1828 ἀσχολίας
2747 1756 2925 1826 ἔχειν;
2960 1755 3033 1806 Τὸ
3059 1754 3115 1806 δὲ
3166 1752 3260 1805 σον
3301 1751 3445 1821 δναρ
3472 1747 3618 1818 ἡγοῦ-

361 1850 601 1904 arbitror
642 1850 695 1902 id
730 1849 1077 1920 significare,
1108 1852 1589 1922 contemplationis
1630 1853 1800 1908 animi
1843 1869 1940 1909 cu-

2058 1867 2148 1921 μαι
2179 1849 2511 1921 τελειότερον
2537 1846 2925 1908 ἐνδείκνυσθαι,
2961 1845 3038 1908 ὡς
3081 1844 3190 1914 ἄρα
3227 1841 3344 1895 δέοι
3376 1837 3618 1910 περὶτῆς

360 1955 479 1995 ram
514 1942 753 2011 aliquam
794 1958 919 1997 esse
959 1943 1403 2013 suscipiendam;
1435 1958 1498 1998 ac
1549 1945 1741 1999 oculos
1776 1945 1937 2011 illos,

360 2032 564 2101 quibus
604 2030 749 2087 Deus
789 2033 1035 2102 conspici
1067 2041 1286 2104 petest,
1326 2049 1450 2090 esse
1481 2036 1777 2091 sanandos.
1820 2036 1940 2091 Cae-

2048 1940 2190 1994 κατὰ
2238 1939 2414 2011 ψυχὴν
2467 1938 2703 2009 θεωρίας
2753 1935 3023 1991 ποιεῖσθαί
3087 1952 3209 1988 τινα
3269 1931 3619 2002 ἐπιμέλειαν,

2048 2033 2334 2096 κάκείνους
2387 2033 2512 2095 τοὺς
2557 2030 2869 2099 ὀφθαλμοὺς
2902 2026 3227 2100 θεραπεύειν
3286 2018 3375 2087 οἷς
3432 2025 3462 2076 ὁ
3502 2021 3620 2084 Θεὸς

361 2133 543 2180 terum
593 2124 848 2179 solatium
897 2141 964 2178 ex
997 2123 1300 2196 Scripturis
1327 2127 1529 2182 divinis
1567 2126 1809 2192 habens,
1843 2144 1940 2182 ne-

2058 2124 2275 2197 ipicﬁat
2310 2123 2570 2192 πέφυκεν.
2598 2122 2834 2191 Ἔχουσα
2857 2119 2915 2173 δὲ
2946 2118 3042 2190 τὴν
3072 2120 3136 2172 ἐκ
3159 2116 3270 2169 τῶν
3300 2115 3467 2169 θείων
3491 2114 3621 2184 Γρα-

360 2230 468 2284 que
506 2230 627 2279 me,
656 2231 836 2285 neque
889 2217 1000 2270 alio
1053 2188 1329 2287 quoquam
1362 2216 1429 2271 ad
1477 2232 1538 2272 ea
1588 2232 1710 2287 quae
1744 2188 1940 2272 decent

2058 2188 2162 2286 pti
2193 2188 2559 2287 παράκλησιν,
2600 2188 2722 2265 οὔτε
2756 2212 2914 2283 ἡμῶν
2949 2188 3076 2264 circa
3111 2209 3274 2263 ἄλλου
3324 2207 3475 2271 τινὸς
3507 2206 3620 2275 δεη-

359 2307 744 2378 perspicienda
786 2308 1088 2379 indigebis,
1126 2310 1262 2363 satis
1290 2308 1503 2362 munita
1549 2306 1786 2379 Spiritus
1817 2324 1943 2365 san-

359 2398 438 2452 cti
479 2398 760 2464 consiliis,
797 2398 1032 2469 ejusque
1068 2399 1359 2470 praesidio,
1393 2399 1461 2454 ad
1491 2414 1554 2455 ea
1584 2415 1706 2470 quae
1737 2401 1944 2455 condu-

360 2496 514 2545 cunt.

770 2621 1111 2679 EPISTOLA
1146 2622 1570 2679 CCLXXXIV“.

2048 2308 2191 2379 θήσῃ
2224 2307 2361 2378 πρὸς
2390 2307 2450 2360 τὸ
2497 2305 2565 2359 τὰ
2601 2304 2790 2358 δέοντα
2839 2305 3070 2373 συνορᾷν
3092 2342 3106 2367 ,
3136 2303 3398 2370 αὐτάρκη
3433 2299 3528 2370 τὴν
3564 2299 3621 2351 ἐκ

2045 2398 2140 2452 τοῦ
2169 2398 2325 2468 ἁγίου
2350 2397 2664 2468 Πνεύματος
2692 2395 2893 2466 ἔχουσα
2919 2394 3254 2466 συμϐουλίαν
3284 2393 3386 2447 καί
3414 2388 3627 2462 ὁδηγίαν

2049 2491 2184 2562 πρὸς
2216 2490 2277 2543 τὸ
2310 2491 2609 2562 συμφέρον.

2557 2625 2903 2680 ΕΠΙΣΤΟΛΗ
2942 2628 3105 2682 ΣΠΔ’.

1446 2761 1576 2814 Petit
1596 2770 1647 2814 ut
1670 2762 1894 2815 monachi
1910 2778 1941 2814 a
1962 2762 2152 2816 tributis
2174 2763 2269 2817 sint
2289 2764 2546 2818 immunes.

608 2894 695 2948 Ad
731 2896 1045 2951 censitorcm
1069 2936 1084 2962 ,
1112 2912 1281 2950 causa
1315 2898 1721 2952 monachorum.

436 3023 704 3095 Equidem
740 3037 871 3097 puto
901 3028 1013 3097 jam
1066 3043 1316 3083 normam
1364 3030 1605 3100 aliquam
1667 3032 1940 3085 constitu-

368 3123 484 3171 tam
513 3132 635 3173 esse
663 3119 807 3188 apud
835 3128 982 3174 tuam
1006 3120 1325 3191 dignitatem
1360 3121 1428 3177 de
1459 3122 1527 3175 iis
1550 3138 1671 3191 quae
1693 3128 1945 3191 spectant

364 3207 433 3262 ad
458 3210 777 3275 monachos,
799 3212 937 3266 adeo
954 3219 1014 3265 ut
1030 3228 1254 3267 necesse
1286 3229 1394 3267 non
1416 3212 1647 3266 habeam
1668 3212 1944 3283 peculiare

375 3298 709 3355 beneficium
743 3302 879 3372 ipsis
926 3302 1088 3374 425
1136 3312 1353 3373 petere,
1386 3304 1483 3359 sed
1530 3304 1668 3360 satis
1718 3305 1790 3359 sit
1831 3305 1943 3371 eis,

368 3392 648 3446 communi
685 3408 810 3447 cum
865 3396 1124 3450 omnibus
1175 3394 1378 3464 perfrui
1434 3396 1794 3450 humanitate.
1839 3394 1946 3449 Sed

363 3490 550 3538 tamen
597 3484 705 3539 mei
756 3484 919 3540 ollicii
963 3501 1087 3541 esse
1139 3486 1385 3549 ducens.
1419 3486 1615 3541 horum
1660 3487 1943 3540 hominum

362 3587 466 3641 pro
489 3573 696 3628 viribus
727 3590 916 3628 curam
965 3591 1155 3645 gerere
1183 3614 1197 3639 ,
1239 3574 1307 3629 ad
1339 3575 1596 3630 eximiam
1625 3583 1774 3629 tuam
1811 3591 1944 3646 pru-

363 3664 606 3720 dentiam
660 3666 879 3723 litteras
937 3669 1129 3735 mitto,
1174 3676 1235 3722 ut
1270 3669 1365 3739 qui
1396 3668 1506 3737 jam
1556 3668 1686 3723 olim
1742 3668 1946 3723 saeculo

282 3827 287 3832 _
362 3754 619 3809 nuntium
648 3757 1015 3821 remiserunt,
1053 3772 1116 3811 ac
1142 3773 1303 3812 suum
1351 3757 1597 3827 ipsorum
1633 3771 1838 3826 corpus
1870 3756 1945 3811 ita

360 3846 770 3902 mortiﬁcarunt
790 3889 804 3911 ,
836 3857 894 3903 ut
935 3864 1113 3919 neque
1157 3850 1406 3919 pecuniis
1427 3889 1443 3914 ,
1469 3864 1648 3919 neque
1674 3863 1946 3919 corporeo

360 3936 550 3992 labore
598 3939 900 4009 quidquam
946 3938 1210 4009 prodesse
1260 3941 1494 4010 publica:
1543 3940 1623 3996 rei
1682 3941 1936 4009 possint,

360 4029 589 4085 tributis
617 4031 953 4086 eximantur.
990 4031 1315 4095 Enimvero.
1346 4032 1395 4086 si
1441 4032 1606 4087 modo
1641 4032 1942 4087 secundum

360 4119 766 4190 professionem
793 4123 1017 4188 vivant,
1053 4139 1231 4194 neque
1265 4124 1562 4194 pecunias,
1609 4138 1788 4193 neque
1816 4137 1944 4176 cor-

362 4227 498 4283 pora
538 4213 778 4279 habent;
810 4229 935 4268 cum
961 4215 1083 4271 illas
1106 4216 1360 4271 videlicet
1390 4215 1447 4270 in
1475 4230 1771 4286 egenorum
1808 4229 1943 4269 usus

360 4302 740 4374 profuderint,
776 4305 891 4360 haec
916 4322 1047 4361 vero
1071 4308 1372 4378 jejunando
1403 4324 1467 4364 ac
1501 4308 1779 4379 precando
1807 4324 1943 4363 con-

362 4395 644 4450 triverint.
672 4394 799 4450 Scio
838 4407 1018 4453 autem
1058 4398 1210 4465 fore,
1245 4409 1303 4455 ut
1326 4402 1462 4455 nihil
1493 4404 1665 4472 magis
1688 4416 1944 4456 reverea-

359 4487 442 4543 ris
466 4527 483 4554 ,
518 4503 681 4558 quam
715 4489 966 4545 homines
1009 4491 1083 4545 ita
1128 4491 1405 4557 viventes,
1447 4492 1655 4561 tibique
1684 4492 1808 4546 illos
1839 4491 1942 4546 ad-

359 4576 574 4649 jutores
624 4593 817 4647 parare
857 4580 992 4635 velis
1020 4619 1035 4643 ,
1065 4588 1127 4633 ut
1178 4582 1273 4650 qui
1311 4597 1406 4651 per
1438 4581 1815 4653 evangelicum
1857 4583 1941 4635 vi-

360 4668 520 4726 vendi
546 4684 720 4740 genus
756 4668 1045 4726 Dominum
1082 4673 1300 4743 placare
1336 4675 1575 4744 possint.

433 4843 630 4916 ‘VAlias
650 4840 1023 4916 CQhXiiXIY.
1053 4844 1265 4914 Scripta
1302 4845 1353 4899 in
1384 4847 1723 4916 episcopatu.

431 4915 472 4984 ξ·
505 4915 659 4984 Alias
686 4912 913 4984 CCCIV.
949 4912 1247 4984 Scripta—in
1271 4912 1606 4984 episcopatu.

435 4931 472 4937 ·-
508 4931 659 4968 Alias
686 4931 907 4967 manu.
949 4931 1068 4968 σενι
1112 4931 1163 4966 ta
1195 4931 1247 4967 In
1271 4931 1606 4984 episcopatu.

590 4982 1020 5061 Tﬁc_0'ut:d6o_v.
1066 4931 1268 5061 gynodi
1320 4987 1539 5061 nomine
1581 4990 1747 5061 multa
1797 4992 1939 5061 apud

359 5052 623 5129 BuSilium
652 5052 1213 5129 _sigui_ficari_so_|_ent,
1256 5055 1527 5109 interdum
1558 5052 1937 5129 episcoporum

359 5124 617 5182 concilia,
652 5123 925 5177 interdum
976 5122 1211 5178 fidelium
1248 5133 1548 5179 conventus
1588 5122 1651 5183 ad
1703 5122 1934 5186 dies-fe—

361 5205 479 5267 Stos
522 5199 840 5267 martyrum,
901 5203 959 5247 ut
992 5194 1046 5247 in
1084 5193 1468 5267 epistolis__95,
1503 5195 1592 5261 98,
1644 5199 1766 5254 126.
1812 5201 1941 5267 Ipsae

362 5263 832 5337 etiaiu__ecclesiae
871 5263 1136 5318 vocantur
1183 5265 1399 5337 synodi,
1434 5267 1487 5320 in
1540 5268 1682 5337 epist
1742 5263 1849 5325 286
1883 5279 1937 5326 et

360 5330 487 5385 521.
518 5330 615 5384 llic
664 5341 843 5406 autem
884 5348 979 5406 eos
1024 5330 1324 5389 conventus
1360 5330 1618 5406 designat
1666 5338 1933 5404 Basilius,

363 5415 522 5473 quos,
558 5415 678 5473 cum
715 5402 979 5473 ecclesias
1019 5418 1270 5473 agrorum
1319 5402 1588 5470 visitaret,
1620 5402 1937 5466 convocatis

362 5471 720 5594 presbyteris.
761 5471 1002 5527 indicere
1030 5471 1238 5528 solebat
1277 5493 1290 5528 :
1332 5474 1523 5530 horum
1565 5482 1811 5550 exempla
1846 5481 1939 5535 ha-

408 5554 462 5591 us
494 5540 545 5591 in
576 5541 802 5594 epistola
830 5541 953 5594 2‘78.

408 5540 545 5610 asin
576 5541 802 5610 epistola
830 5541 953 5596 2‘78.

436 5608 548 5690 (47)
579 5608 910 5690 iugulate
1058 5610 1132 5666 Ita
1172 5612 1338 5690 Coisl.
1372 5623 1631 5690 uterque,
1658 5616 1793 5690 Heg.
1836 5635 1938 5675 sc-

366 5679 576 5736 cundus
605 5678 913 5735 etClarom.
943 5684 1132 5739 Plures
1166 5684 1383 5739 codices
1411 5678 1525 5740 non'
1544 5678 1839 5744 habuimus
1874 5690 1928 5744 in

2289 2902 2431 2967 Περὶ
2461 2878 2842 2969 ιιοναζόντων
2868 2900 3003 2972 (50),
3038 2898 3381 2969 κηνσίτορι.

2119 3028 2286 3101 Οἶμαι
2339 3030 2437 3102 μέν
2464 3048 2587 3085 τινα
2626 3031 2724 3103 ήδη
2753 3031 2923 3085 τύπον
2963 3027 3339 3103 κεκρατῆσθαι
3382 3024 3532 3097 παρὰ
3559 3024 3617 3093 τῇ

2048 3123 2322 3195 τιμιότητί
2375 3141 2465 3177 σου
2509 3123 2618 3177 τῶν
2669 3124 3007 3195 μοναζόντων
3053 3124 3273 3186 ἕνεκεν,
3321 3119 3402 3183 ὡς
3472 3116 3622 3189 μηδὲν

2051 3216 2200 3284 ἡμᾶς
2253 3214 2459 3268 δεῖσθαι
2516 3213 2819 3280 ἰδιάζουσαν
2848 3215 3012 3287 χάριν
3063 3215 3153 3267 ἐπ’
3200 3212 3394 3274 αὐτοῖς·
3441 3211 3618 3270 αἰτεῖν,

2052 3305 2165 3360 ἀλλ’
2199 3306 2448 3377 ἐξαρκεῖν
2490 3308 2674 3370 αὐτοῖς
2697 3347 2711 3372 ,
2747 3307 2795 3358 εἰ
2846 3310 2946 3378 τῆς
2984 3306 3168 3376 κοινῆς
3228 3304 3375 3375 μετὰ
3421 3302 3620 3355 πάντων

2052 3398 2423 3452 ἀπολαύσειαν
2491 3397 2931 3469 φιλανθρωπίαςο
2974 3399 3123 3468 ὅμως
3167 3395 3225 3448 δὲ
3271 3396 3372 3449 καί
3417 3390 3618 3464 ἐμαυτῷ

2050 3488 2363 3542 ἐπιϐάλλειν
2401 3487 2704 3559 ἡγούμενος
2748 3487 3090 3559 φροντίζειν,
3123 3485 3193 3539 τὰ
3237 3484 3480 3549 δυνατὰ,
3523 3481 3620 3534 τῶν

2046 3577 2303 3632 τοιούτων
2327 3618 2340 3641 ,
2389 3576 2688 3630 ἐπιστέλλω
2740 3579 2804 3649 τῇ
2850 3576 3033 3648 τελείᾳ
3086 3575 3302 3629 συνέσει
3363 3591 3459 3628 σου
3507 3571 3620 3632 τοὺς

2048 3670 2214 3723 πάλαι
2251 3669 2351 3741 μὲν
2391 3667 2838 3739 ἀποταξαμένους
2878 3667 2957 3738 τῷ
3008 3667 3128 3738 βίῳ,
3159 3666 3544 3737 νεκρὼσαντας
3568 3660 3616 3713 δὲ

2047 3759 2255 3813 ἑαυτῶν
2288 3758 2348 3812 τὸ
2385 3758 2566 3828 σῶμα,
2594 3758 2671 3814 ὡς
2710 3757 2850 3828 μήτε
2884 3756 2992 3810 ἀπὸ
3019 3756 3321 3829 χρημάτων
3355 3756 3493 3827 μήτε
3519 3751 3617 3807 ἀπὸ

2045 3849 2143 3916 τῆς
2175 3847 2494 3918 σωματικῆς
2520 3846 2826 3918 ὑπηρεσίας
2856 3846 3115 3900 δύνασθαί
3138 3864 3193 3899 τι
3221 3847 3492 3917 παρέχειν
3511 3835 3615 3907 ’τοῖς

2044 3939 2322 4011 δημοσίοις
2362 3942 2630 4011 χρήσιμον
2654 3980 2669 4003 ,
2714 3940 2932 4010 ἀφιέναι
2978 3940 3086 3995 τῶν
3122 3940 3465 3994 συντελειῶν.
3520 3941 3615 3994 Και

2044 4032 2153 4105 γὰρ
2198 4034 2358 4103 εἴπερ
2408 4032 2516 4084 εἰσ).
2560 4031 2703 4085 κατὰ
2739 4032 2800 4085 τὸ
2850 4032 3176 4103 ἐπάγγελμα
3212 4030 3455 4097 ζῶντες,
3505 4029 3612 4083 οὗτε

2046 4131 2303 4197 χρήματα
2327 4124 2542 4194 ἔχουσιν
2582 4123 2706 4178 οὔτε
2746 4123 2976 4194 σώματα
3000 4140 3014 4153 °
3042 4123 3113 4178 τὰ
3144 4124 3245 4195 μὲν
3273 4124 3356 4186 εἰς
3390 4122 3487 4193 τὴν
3518 4120 3615 4173 τῶν

2043 4217 2315 4287 δεομένων
2369 4216 2654 4271 κοινωνίαν
2692 4216 3172 4287 ἁποκτησάμενοι,
3209 4215 3281 4269 τὰ
3322 4216 3381 4268 δὲ
3433 4217 3489 4268 ἐν
3533 4229 3615 4281 νη-

2047 4309 2251 4372 στείαις
2284 4309 2376 4361 καὶ
2419 4311 2755 4381 προσευχαῖς
2785 4309 3241 4379 κατατρίψαντες.
3272 4304 3406 4362 Οἶδα
3432 4307 3508 4368 δὲ,
3537 4306 3610 4358 ὅτι

2044 4402 2168 4462 τοὺς
2186 4400 2328 4454 οὓτω
2348 4400 2678 4470 βεϐιωκότας
2706 4400 2907 4464 παντὸς
2934 4400 3134 4471 μᾶλλον
3157 4400 3225 4453 δι’
3251 4399 3435 4462 αἰδοῦς
3454 4395 3606 4462 ἄξεις,

2044 4493 2141 4546 καὶ
2173 4492 2423 4564 βουλήσει
2447 4493 2558 4564 (51)
2596 4493 2807 4563 σεαυτῷ
2840 4493 3145 4564 κτήσασθαι
3186 4493 3438 4564 βοηθοὺς,
3463 4492 3609 4543 δυνα-

2043 4585 2169 4648 τοὺς
2209 4584 2297 4638 διὰ
2342 4585 2440 4656 τῆς
2485 4585 2629 4639 κατὰ
2671 4584 2735 4638 τὸ
2780 4585 3110 4653 Εὑαγγέλιον
3173 4584 3450 4647 πολιτείας
3491 4583 3606 4636 δυσ-

2044 4677 2262 4746 ωπῆσαι
2286 4675 2377 4729 τὸν
2409 4674 2633 4748 Κύριον.

1972 4888 2018 4943 D
2047 4854 2525 4943 han-cmeni’stolam.
2554 4852 2693 4943 Edilli
2727 4854 3014 4943 συντυχίας
3039 4856 3247 4927 καιρός.

2119 4924 2229 4993 (48)
2265 4924 2424 4978 Κατὰ
2463 4924 2745 4994 σεαυτήν.
2787 4923 2878 4980 Sic
2893 4923 3065 4981 iidem
3115 4923 3249 4980 Iuss.
3296 4923 3475 4979 Editio
3505 4923 3602 4994 pri-

2046 5010 2133 5049 ma
2171 4994 2342 5048 Paris.
2376 4993 2514 5047 κατὰ
2548 4993 2791 5048 σεαυτόν.

2119 5065 2246 5136 (49)
2270 5063 2416 5130 Μιιῖς
2437 5062 2846 5136 separatione”.
2885 5063 3055 5119 Coisl.
3089 5064 3365 5136 secundus
3394 5073 3448 5119 et
3480 5061 3596 5136 Reg.

2048 5134 2323 5190 secundus
2350 5138 2576 5197 addunt,
2610 5134 2755 5203 quod
2785 5134 2939 5188 deest
2970 5143 3082 5188 tum
3108 5139 3161 5188 in
3193 5135 3375 5201 editis,
3415 5143 3523 5187 tum
3547 5134 3595 5186 in

2048 5206 2327 5259 codicibus
2359 5204 2529 5260 Coisl.
2560 5208 2739 5273 primo
2783 5212 2836 5257 et
2867 5205 3038 5268 αισα,
3068 5206 3260 5267 οἰκίας.

2115 5275 2400 5351 (ὕθληερὶ
2444 5272 3285 5351 yet-atomum_Hunc_titul_um
3332 5275 3413 5330 sic
3453 5272 3591 5351 exigi:

2044 5342 2175 5402 bent
2210 5342 2387 5399 'Coisl.
2419 5345 2629 5414 primus
2667 5351 2721 5398 et
2746 5342 2896 5414 died.
2956 5345 3065 5414 Alii
3100 5344 3320 5399 codices
3368 5356 3422 5399 et
3473 5342 3588 5398 editi

2045 5416 2253 5470 addunt
2285 5412 2653 5476 ὥστεαύτοὺς
2701 5412 2809 5467 τῶν
2860 5413 3175 5468 συντελειῶν
3222 5415 3503 5484 διαφεῖναι,
3540 5420 3588 5465 ιιι

2045 5502 2133 5541 eos
2163 5503 2195 5538 (ι
2226 5487 2435 5538 tributis
2460 5485 2678 5538 eximat.

2117 5556 2230 5637 (51)
2260 5553 2726 5637 ,Βουξςήσςμλψῆ
2758 5553 2923 5637 (ἷρξει.
2960 5556 3168 5625 primus
3220 5564 3277 5612 et
3317 5553 3450 5611 Med.
3482 5563 3589 5607 cum

2048 5623 2170 5682 aliis
2199 5623 2497 5683 nonnullis.
2528 5624 2666 5678 Editi
2700 5623 2954 5697 βουλήσῃ.

3805 2418 3807 2459 4

3806 2498 3807 2535 l

3806 2976 3807 3023 l

3806 3062 3807 3111 l

3805 2418 3807 2459 4

3806 2498 3807 2535 l

3806 2976 3807 3023 l

3806 3062 3807 3111 ἦ

3806 3336 3807 3391 l
