3878 6222
256 338 396 395 {035
1083 334 1569 391 EPISTOL‘A'RUM
1605 334 1890 390 CLASSIS
1928 335 1995 391 ll.
2028 333 2247 391 EPIST.
2288 334 2667 394 CCLXXXIX.
3375 348 3515 406 £026

250 461 451 509 γωνίαν
494 454 744 525 χρήσεως
795 451 1083 522 βιωτικῆς,
1110 452 1207 518 ὡς,
1250 456 1314 508 ἐκ
1353 454 1447 508 τοῦ
1486 454 1561 525 μὴ
1601 471 1806 508 συναναι

1931 454 2102 508 vitam
2143 454 2537 525 pertinentium
2589 456 2957 514 societatem:
3009 466 3071 515 ιιι
3128 475 3196 517 ex
3248 476 3316 517 eo
3364 465 3513 534 quod

254 544 547 621 μίγνυσθαι
573 546 720 615 ἡμᾶς
744 542 914 615 αὐτῷ,
936 544 1161 616 γένηται¹
1189 546 1465 610 παντελῶς
1486 546 1806 618 κατάϐρωμε

1932 562 2057 602 cum
2111 563 2178 602 eo
2229 562 2339 603 non
2389 550 2867 615 commisceamur,
2913 550 2987 607 sit
3017 567 3249 623 prorsus
3284 555 3506 613 diaboli

245 629 346 683 τοῦ
378 630 651 686 διαϐόλου.

1931 636 2215 707 pabulum.

771 765 1117 821 ΕΠΙΣΤΟΛΗ
1158 767 1325 823 ΣΠΘ’.

2342 765 2684 823 EPISTULA
2723 768 3125 828 CCLXXXIX'.

243 900 475 956 Rationes
493 900 688 967 exponit
703 916 790 955 cur
811 900 1001 967 eripere
1018 915 1113 953 non
1135 901 1286 964 possit
1557 907 1825 975 nocentem,
1849 900 1934 975 qui
1951 914 2142 951 sacram
2166 898 2406 975 virginem
2431 900 2617 965 famoso
2635 902 2798 957 libello
2818 905 3134 968 laceraverat,
3151 914 3198 959 et
3220 908 3405 975 legibus
3422 922 3512 974 pu-

1343 960 1474 1013 nitus
1491 960 1760 1013 calumnias
1781 964 1842 1015 de
1862 960 2051 1028 integro
2072 960 2402 1016 renovaverat.
2431 960 2443 965 '
2462 1012 2480 1032 .

260 1092 689 1162 ’Δνεπίγιοαςρος
708 1132 723 1153 ,
771 1091 904 1161 περὶ
942 1088 1229 1162 γυναικὸς
1269 1088 1806 1160 καταπονουμένηςη

2156 1087 2283 1144 Sine
2313 1090 2655 1158 inscriptione
2674 1130 2689 1159 ,
2718 1092 2784 1146 de
2815 1094 3037 1150 muliere
3062 1097 3280 1168 aﬂlicta.

330 1202 473 1274 Ἐγὼ
514 1205 625 1259 ἴσον
655 1204 957 1277 ἁμάρτημα
997 1208 1190 1278 κρίνας
1211 1248 1225 1272 ,
1277 1206 1371 1260 καὶ
1402 1206 1825 1277 ἀνεπιτιμήτους

243 1296 344 1366 ἐᾷν
370 1295 499 1359 τοὺς
538 1296 969 1367 ἁμαρτάνοντας,
1022 1298 1116 1351 καὶ
1149 1296 1498 1369 ὑπερϐαίνειν
1536 1297 1596 1350 τὸ
1628 1297 1806 1369 μέτρω

1932 1290 2244 1362 relinquere
2313 1293 2695 1364 delinquentes
2725 1335 2742 1360 ,
2781 1306 2836 1350 et
2909 1299 3128 1352 modum
3199 1304 3506 1373 transgredi

241 1388 310 1457 τῇ
361 1386 603 1457 τιμωρίᾳ
633 1385 768 1456 (67),
810 1386 909 1458 τὴν
955 1389 1078 1459 ἐμοὶ
1134 1388 1527 1442 ἐπιϐάλλουσαν
1578 1388 1806 1461 ἐπέθηκα

1927 1382 2242 1452 plectendo,
2269 1397 2488 1454 panam
2519 1401 2641 1456 qua
2668 1387 2801 1441 mihi
2834 1392 3206 1459 competebat,
3240 1392 3367 1448 huic
3389 1395 3506 1449 viro

239 1476 402 1548 δίκην
436 1477 593 1548 τῷδε,
624 1478 875 1550 ἐξορίσας
905 1480 1068 1534 αὐτὸν
1096 1482 1196 1551 τῆς
1219 1479 1675 1551 ἐκκλησιαστικῆς
1707 1497 1806 1534 κοι-

1926 1470 2137 1539 innixi,
2191 1489 2391 1531 arcens
2437 1492 2561 1531 eum
2594 1492 2624 1531 a
2671 1481 3057 1536 communione
3101 1484 3503 1553 ecclesiastica;

240 1568 444 1632 νωνίας
463 1582 475 1595 ·
504 1567 598 1621 καὶ
628 1570 742 1633 τοῖς
782 1568 1135 1640 ἠδικημένοις
1165 1566 1448 1639 παρῄνεσα
1476 1566 1551 1639 μὴ
1596 1568 1806 1631 ἑαυτοὺς

1926 1572 1981 1622 et
2010 1581 2107 1623 eos
2152 1567 2245 1637 qui
2279 1568 2393 1623 Iasi
2427 1577 2558 1624 sunt
2592 1569 2844 1625 hortatus
2887 1587 3041 1637 sum,
3068 1581 3127 1627 ut
3157 1588 3215 1629 se
3252 1575 3353 1645 ipsi
3394 1592 3507 1632 non

239 1660 504 1724 ἐκδικεῖν,
540 1659 673 1714 ἀλλά
711 1659 789 1731 τῷ
836 1661 1026 1732 Κυρίῳ
1071 1660 1169 1731 τὴν
1201 1660 1558 1713 ἀνταπόδοσιν
1599 1658 1806 1730 ἐπιτρέ-

1925 1661 2346 1726 ulciscerentur,
2380 1661 2477 1717 sed
2510 1662 2741 1717 Domino
2776 1664 3041 1718 ultionem
3091 1667 3498 1735 permitterent.

237 1752 365 1822 ψαι.
400 1752 563 1805 Ὥστε
588 1791 603 1815 ,
639 1755 691 1807 εί
732 1770 786 1806 τι
818 1752 1010 1822 ὄφελος
1063 1752 1219 1824 ἡμῶν
1264 1751 1375 1824 (68)
1419 1752 1806 1824 παραγγελμά-

1928 1751 2110 1819 Quare
2142 1754 2187 1808 si
2208 1768 2315 1823 qua
2341 1762 2489 1809 esset
2523 1754 2732 1810 utilitas
2757 1770 3002 1810 mearum
3029 1756 3464 1813 admonitionum
3486 1799 3503 1826 ,

238 1861 375 1907 των,
403 1845 526 1899 τότε
575 1845 641 1899 ἂν
673 1844 982 1917 ἡκούσθην,
1019 1845 1198 1918 πολλῷ
1248 1846 1686 1919 ἀξιοπιστότερον
1735 1862 1806 1899 κε·

1927 1853 2060 1900 tunc
2104 1845 2333 1901 fuissem
2367 1847 2694 1914 exauditus,
2732 1863 2987 1903 sermone
3020 1858 3183 1906 utens
3233 1852 3507 1922 ejusmodi

240 1936 520 2007 χρημένος
559 1935 639 2008 τῷ
677 1937 821 2008 λόγῳ
869 1937 902 2007 ἢ
935 1938 1058 1991 ὅσον
1107 1937 1172 1992 ἂν
1202 1937 1459 2010 δυνηθείη
1505 1938 1800 2009 δυσωπῆσα

1924 1937 2014 2005 qui
2044 1937 2215 1991 multo
2245 1945 2395 1992 esset
2445 1938 2512 1992 ad
2550 1938 2709 1993 iidem
2752 1939 3058 1994 faciendam
3110 1942 3310 2012 aptior,
3342 1959 3506 2013 quam

2004 1199 2116 1272 Ego
2143 1216 2244 1271 par
2274 1214 2557 1273 peccatum
2613 1219 2739 1260 esse
2790 1205 3048 1277 judicans
3095 1217 3150 1264 et
3209 1211 3507 1281 impunitos

237 2028 312 2082 τὰ
337 2028 661 2100 γράμματα.
694 2029 848 2083 Ἐπεὶ
879 2029 935 2082 δὲ
958 2030 1169 2100 ἥκουσα
1198 2030 1458 2101 ῥημάτων
1487 2029 1687 2102 πολλὴν
1711 2029 1806 2097 (69

1923 2026 2118 2082 littera
2163 2026 2233 2080 ad
2290 2025 2640 2083 ﬂectendum.
2683 2025 2791 2083 Sed
2834 2038 3132 2100 postquam
3185 2032 3351 2087 verba
3403 2049 3505 2087 au-

235 2119 475 2189 ὲχόντων
506 2119 817 2190 βαρύτητα,
860 2120 954 2173 καὶ
986 2120 1108 2173 τότε
1146 2121 1423 2192 ἡσύχασα,
1474 2122 1570 2176 καὶ
1598 2122 1693 2176 νῦν
1723 2123 1806 2176 οὐ)

1922 2117 2029 2172 divi
2063 2117 2221 2173 valde
2265 2120 2491 2189 gravia,
2526 2128 2581 2174 et
2635 2128 2768 2174 tunc
2813 2121 2971 2187 silui,
3004 2129 3059 2176 et
3110 2138 3256 2178 nunc
3307 2121 3505 2178 decere

236 2205 400 2281 οἶμαι
429 2210 638 2282 πρέπον
664 2206 805 2264 εἷναί
847 2230 936 2284 μοι
964 2213 1226 2285 περὶτῶν
1248 2213 1428 2268 αὐτῶν
1456 2213 1817 2282 διαλέγεσθαι.

247 2301 397 2370 Ἐγὼ
416 2302 545 2374 γὰρ,
575 2303 760 2375 φησιν,
793 2302 987 2375 ἀνδρὸς
1017 2304 1319 2376 ὑπερεῖδον,
1356 2305 1452 2358 καὶ
1475 2306 1821 2369 παιδοποιίας

233 2396 337 2449 καὶ
361 2394 499 2466 βίου,
526 2395 613 2448 ἵνα
640 2395 759 2459 ἐνὸς
780 2394 971 2449 τούτου
995 2394 1236 2467 τύχοιμι,
1258 2396 1357 2468 τῆς
1379 2397 1530 2469 παρά
1549 2397 1683 2451 Θεοῦ
1705 2398 1817 2469 (70)

232 2486 665 2558 εὐδοκιμήσεως,
683 2487 778 2541 καὶ
798 2487 950 2561 παρὰ
971 2490 1084 2552 τοῖς
1106 2486 1414 2560 ἀνθρώποις
1435 2488 1526 2542 τοῦ
1554 2488 1818 2560 βελτίονος

231 2576 518 2643 ἀξιοῦσθαι
564 2576 746 2646 λόγου.
793 2577 1009 2649 Ἐπειδὴ
1048 2578 1334 2653 ἄνθρωπος
1382 2582 1445 2634 ἐκ
1480 2581 1667 2645 παιδὸς
1699 2584 1817 2647 ταῖς

231 2668 607 2741 οἰκοφθορίαις
650 2668 1110 2740 ἐντεθραμμένος,
1142 2670 1561 2742 εἰσϐιασάμενός
1590 2689 1721 2726 ποτε
1749 2675 1815 2745 τῇ

233 2758 457 2832 συνήθει
504 2759 699 2814 ἐαυτοῦ
743 2761 988 2831 ἀναιδείᾳ
1032 2760 1287 2815 ἐνέπεσεν
1333 2763 1491 2835 ἡμῶν
1534 2764 1614 2834 τῷ
1662 2765 1813 2833 οἴκῳ,

232 2851 335 2904 καὶ
364 2851 525 2923 μέχρι
569 2851 730 2923 ψιλῆς
782 2853 1074 2923 συντυχίας
1105 2854 1323 2922 ἐγένετο
1362 2854 1637 2928 γνώριμος
1660 2859 1812 2928 ἡμῖν,

231 2942 334 2995 καὶ
358 2941 550 3015 ἀγνοίᾳ
574 2942 681 2996 τῶν
716 2943 835 2997 κατ’
861 2944 1044 3007 αὐτὸν,
1071 2947 1167 2999 καὶ
1199 2946 1339 2999 αἰδοῖ
1367 2964 1472 3002 τινι
1505 2948 1816 3020 ἀπαιδεύτῳ

231 3022 531 3102 προφανῶς
557 3032 719 3088 αὑτὸν
753 3034 1120 3106 αἰσχυνομένη
1171 3036 1393 3091 ἐλάσαι·
1441 3040 1520 3104 εἰς
1559 3039 1813 3094 τοσοῦτον

1921 2220 2008 2260 me
2036 2220 2145 2260 non
2176 2206 2418 2261 arbitror
2444 2208 2513 2263 de
2541 2208 2735 2264 iisdem
2761 2225 2941 2280 agere.
2974 2210 3085 2281 Ego
3108 2213 3276 2276 enim,
3302 2213 3506 2283 inquit,

1919 2297 2132 2362 virum,
2167 2298 2579 2370 liberorumque
2632 2303 3074 2371 procreationem
3126 2311 3181 2359 et
3233 2308 3501 2360 saculum

1920 2390 2262 2461 contempsi,
2294 2392 2371 2447 rei
2408 2392 2574 2447 unius
2608 2394 3010 2462 consequenda
3039 2410 3206 2451 causa
3227 2436 3243 2461 ,
3290 2404 3349 2450 ut
3392 2396 3504 2453 Deo

1918 2478 2147 2547 probata
2180 2495 2393 2547 essem,
2443 2490 2498 2537 et
2548 2482 2686 2538 bene
2735 2482 2881 2554 apud
2926 2483 3178 2540 homines
3229 2486 3501 2541 audirem.

1921 2566 2026 2624 Sed
2068 2581 2358 2642 postquam
2397 2572 2561 2628 homo
2589 2588 2619 2627 a
2661 2590 2831 2644 puero
2857 2576 2912 2628 in
2939 2576 3364 2648 corrumpendis
3398 2578 3500 2633 do-

1918 2659 2098 2717 mibus
2128 2661 2437 2728 institutus,
2473 2664 2635 2719 solita
2670 2663 3014 2733 impudentia
3043 2680 3164 2720 sese
3199 2666 3501 2724 obtrudens

1918 2750 1974 2805 in
2026 2753 2249 2807 domum
2296 2769 2475 2809 meam
2516 2755 2817 2826 aliquando
2855 2757 3089 2827 irrupit,
3135 2757 3379 2829 mihique
3406 2774 3496 2814 co-

1915 2842 2100 2911 gnitus
2130 2849 2343 2897 tantum
2378 2844 2483 2899 fuit
2503 2860 2571 2899 ex
2596 2845 2831 2915 simplici
2856 2848 3153 2917 colloquio,
3186 2865 3308 2919 qua
3338 2850 3500 2919 igno-

1915 2932 2128 2987 ratione
2168 2934 2317 2989 illius
2348 2949 2563 2990 morum
2604 2952 2672 2991 ac
2721 2938 2975 3009 imperito
3022 2939 3259 3009 quodam
3293 2942 3499 3012 pudore

1916 3020 2068 3077 illum
2097 3032 2285 3095 aperte
2315 3027 2738 3084 verecundabar
2760 3032 3069 3102 expellere;
3094 3047 3159 3087 eo
3190 3034 3496 3104 impietatis

230 3121 459 3191 ἐξῆλθεν
490 3123 743 3189 ἀσεϐείας
788 3125 883 3179 καὶ
936 3124 1168 3197 ὕϐρεως,
1201 3127 1343 3181 ὥστε
1396 3130 1669 3204 ἐμπλῆσαι
1712 3132 1806 3204 μὲν

1915 3129 1981 3170 ac
2015 3118 2360 3175 contumelia
2380 3119 2638 3189 devenit,
2670 3132 2732 3178 ut
2762 3125 3040 3180 civitatem
3070 3135 3237 3181 totam
3268 3126 3498 3197 injurio-

229 3213 337 3284 τὴν
370 3213 523 3268 πόλιν
562 3217 742 3270 πᾶσαν
786 3217 894 3272 τῶν
944 3219 1065 3273 κατ’
1098 3219 1233 3291 ἐμοῦ
1264 3220 1375 3292 (71)
1418 3222 1807 3296 βλασφημιῶν,

232 3306 636 3378 προγράμματι
659 3309 717 3362 δὲ
748 3309 996 3383 δημοσίῳ
1028 3313 1395 3385 στηλιτεῦσαι,
1421 3315 1695 3370 ἐκτεθέντι
1719 3317 1811 3369 ἐπὶ

229 3395 346 3449 τῶν
377 3398 663 3471 προθύρων
709 3401 810 3474 τῆς
848 3402 1163 3475 ἐκκλησίας.
1225 3406 1342 3477 Ἐφ’
1375 3402 1456 3470 οἷς
1489 3408 1585 3460 καὶ
1630 3407 1809 3480 τυχὼν

228 3505 381 3553 τινος
408 3490 560 3562 παρά
609 3491 719 3546 τῶν
756 3494 934 3565 νόμων
963 3496 1411 3569 ἀγανακτήσεως,
1450 3499 1611 3553 πάλιν
1646 3502 1811 3555 ἐπαν-

231 3580 407 3637 ελθὼν
452 3582 561 3654 (72)
614 3583 949 3639 ἀνενεώσατο
979 3586 1079 3651 τὰς
1106 3586 1271 3642 αὐτοῦ
1304 3588 1671 3661 βλασφημίας.
1698 3590 1810 3644 Πά-

230 3671 319 3727 λιν
349 3674 459 3729 τῶν
489 3675 636 3747 ἐμῶν
660 3676 939 3750 λοιδοριῶν
973 3679 1244 3751 πλήρηςη
1276 3680 1472 3753 ἀγορὰ,
1502 3683 1571 3735 τά
1597 3682 1808 3753 γυμνά-

233 3782 348 3833 σια,
382 3766 451 3821 τὰ
479 3767 700 3841 θέατρα,
729 3771 786 3825 αί
817 3771 985 3826 οἰκίαι
1012 3771 1121 3825 τῶν
1149 3772 1217 3825 δι’
1245 3773 1535 3844 ὁμοιότητα
1564 3774 1658 3827 τοῦ
1686 3774 1802 3845 βίου

232 3856 539 3928 δεχομένων
573 3859 755 3915 αὐτόν.
793 3862 903 3915 Καὶ
948 3862 1082 3934 μηδὲ
1118 3862 1214 3916 ἐπὶ
1258 3867 1369 3929 τοῖς
1403 3864 1635 3935 βελτίοσι
1667 3881 1808 3935 γνω-

235 3945 504 4016 ρίζεσθαι,
539 3949 598 4003 ἐν
638 3944 719 4013 οἷς
762 3950 1038 4023 εὐπρεπὲς
1080 3947 1169 4023 ἦν,
1221 3952 1430 4025 ὑπῆρξέ
1477 3970 1566 4024 μοι
1598 3955 1663 4007 ἐκ
1700 3953 1809 4008 τῶν

230 4037 561 4107 αἰσχίστων,
610 4038 698 4092 διά
735 4040 798 4093 τὸ
844 4040 995 4113 παρά
1044 4043 1180 4095 πᾶσι
1219 4046 1286 4114 τῇ
1336 4042 1622 4114 ἀκολάστῳ
1670 4043 1809 4113 γνώ-

234 4147 315 4205 μῃ
331 4130 694 4201 (75)γενέσθαι
714 4150 780 4186 πε
789 4135 1004 4206 ριφανῆ.
1023 4135 1146 4189 Ἐπὶ
1160 4134 1388 4201 τούτοις,
1411 4138 1596 4209 φησὶν,
1628 4139 1676 4191 οἱ
1710 4138 1809 4209 μὲν

226 4223 448 4292 ἥδονται
472 4225 592 4287 ταῖς
615 4223 1002 4296 βλασφημίαις,
1039 4226 1127 4281 διὰ
1153 4227 1215 4280 τὸ
1247 4227 1405 4297 φύσει
1445 4228 1655 4301 χαίρειν
1681 4232 1805 4293 ταῖς

230 4313 520 4386 λοιδορίαις
546 4316 672 4379 τοὺς
708 4314 1026 4387 ἀνθρώπους
1049 4332 1063 4347 ·
1092 4317 1143 4370 οί
1175 4316 1232 4370 δὲ
1278 4316 1537 4387 ἄχθεσθαι
1588 4318 1686 4388 μὲν
1724 4317 1810 4371 λέ-

230 4423 443 4473 γουσιν,
491 4408 552 4460 οὐ
600 4405 924 4475 συναλγοῦσι
951 4406 1009 4459 δέ
1032 4423 1046 4436 ·
1081 4405 1232 4461 ἄλλοι
1278 4407 1555 4462 πείθονται
1589 4407 1809 4479 ἀληθεῖς

1912 3208 1992 3264 sis
2023 3210 2080 3264 in
2121 3226 2209 3267 me
2252 3214 2603 3271 sermonibus
2645 3217 2916 3287 repleret,
2944 3234 3141 3288 meque
3171 3217 3387 3275 famoso
3418 3221 3490 3275 li-

1910 3299 2055 3355 bello
2076 3302 2251 3359 valvis
2272 3306 2521 3361 ecclesia
2542 3306 2702 3363 alﬁxo
2720 3308 3062 3364 decantaret.
3082 3307 3164 3364 Ob
3186 3324 3307 3379 qua
3332 3312 3496 3366 etiam

1912 3390 2348 3461 indignationem
2386 3396 2628 3467 aliquam
2668 3413 2700 3453 a
2730 3398 2943 3470 legibus
2974 3410 3263 3469 expertus,
3297 3400 3498 3457 iterum

1910 3482 2129 3539 rediens
2177 3485 2472 3541 maledicta
2520 3502 2622 3545 sua
2665 3491 2974 3545 renOvavit.
3026 3489 3243 3547 Rursus
3290 3490 3495 3547 referta

1909 3573 2177 3630 conviciis
2203 3576 2342 3631 meis
2360 3616 2376 3643 ,
2413 3575 2593 3633 forum
2617 3616 2634 3644 ,
2669 3580 2955 3649 gymnasia
2974 3619 2990 3646 ,
3019 3579 3233 3635 theatra
3255 3593 3321 3634 ac
3348 3581 3494 3637 ades

1908 3680 2097 3722 eorum
2139 3667 2235 3738 qui
2276 3667 2431 3722 illum
2462 3671 2535 3724 ob
2564 3669 2690 3725 vita
2731 3670 3148 3726 similitudinem
3196 3656 3489 3743 recipiunt.

1907 3757 2019 3814 Nec
2047 3759 2176 3814 mihi
2207 3760 2530 3830 turpissima
2560 3761 2814 3817 convicia
2838 3762 3175 3829 attulerunt,
3199 3770 3259 3817 ut
3283 3778 3350 3819 ex
3380 3780 3497 3820 me-

1908 3850 2139 3906 lioribus
2166 3851 2353 3918 rebus,
2389 3858 2448 3906 ut
2484 3853 2793 3923 oportebat,
2831 3867 3222 3924 cognoscerer,
3242 3868 3309 3909 eo
3341 3857 3492 3925 quod

1910 3941 2057 4013 apud
2091 3956 2283 3998 omnes
2318 3942 2738 4014 intemperantis
2762 3944 2929 3999 animi
2956 3944 3106 4000 notis
3145 3946 3329 4002 inusta
3361 3950 3488 4004 sim.

1908 4029 1969 4086 ιιι
2004 4032 2110 4100 bis,
2144 4033 2364 4104 inquit,
2419 4034 2512 4088 alii
2556 4033 2777 4104 quidem
2828 4034 3085 4090 latantur
3133 4038 3437 4095 maledictis
3471 4080 3487 4105 ,

1908 4124 2343 4195 proptereaquod
2374 4131 2569 4179 natura
2600 4124 2865 4182 conviciis
2905 4125 3145 4197 gaudent
3174 4128 3426 4186 homines
3462 4146 3478 4182 :

1909 4215 2001 4269 alii
2033 4230 2163 4272 vero
2193 4230 2253 4272 se
2296 4215 2567 4287 indignari
2596 4215 2826 4283 dicunt,
2891 4232 3003 4273 non
3035 4226 3219 4276 tamen
3270 4236 3487 4277 mecum

1909 4309 2136 4377 dolent;
2168 4308 2290 4364 aliis
2338 4324 2665 4380 persuasum
2713 4317 2799 4365 est
2846 4325 2978 4366 vera
3020 4327 3145 4368 esse
3192 4315 3484 4382 convicia;

1909 4400 2159 4457 dubitant
2187 4402 2282 4456 alii
2308 4444 2324 4470 ,
2365 4402 2495 4457 dum
2526 4402 2577 4458 ei
2620 4403 2780 4459 toties
2801 4402 3011 4473 juranti
3037 4404 3280 4459 animum
3311 4415 3487 4461 atten-

232 4493 374 4551 εἶναι
421 4496 827 4569 τάςλοιδορίας
847 4513 861 4528 ·
915 4496 1063 4551 ἄλλοι
1097 4497 1389 4569 ἀμφίϐολοι
1410 4500 1539 4567 εἰσι,
1568 4498 1647 4571 τῷ
1675 4499 1806 4571 πλή-

1915 4493 2066 4549 dunt.
2136 4493 2257 4549 Non
2310 4501 2396 4550 est
2454 4503 2636 4549 autem
2688 4495 2782 4565 qui
2828 4495 2939 4551 mei
2999 4496 3482 4553 commiserescat:

233 4590 319 4643 θει
363 4589 470 4645 τῶν
514 4591 692 4661 ὅρκων
733 4589 896 4644 αὐτοῦ
932 4590 1309 4662 προσέχοντες.
1349 4590 1406 4643 '0
1430 4590 1488 4643 δὲ
1523 4591 1806 4661 συναλγῶν

229 4684 335 4738 οὐκ
355 4681 501 4736 ἔστιν
520 4700 534 4714 σ
570 4682 687 4736 ἀλλ’
699 4682 868 4746 ὅντως
888 4680 983 4734 νῦν
1008 4682 1107 4753 τῆς
1129 4681 1366 4753 ἐρημίας
1392 4682 1640 4754 ⁴ᾐσθόμην
1668 4681 1803 4755 (74)⁶

565 4857 828 4936 τιμωρίᾳ.
864 4852 1004 4936 Med.
1044 4859 1100 4909 et
1127 4851 1251 4907 Vat.
1283 4852 1382 4936 τῂν
1410 4853 1697 4936 τιμωρίαν;

304 4923 417 5000 (68')
467 4923 670 5000 ﬂuat».
707 4923 844 5000 ‘ptto
867 4924 1084 5000 codices
1126 4923 1646 5000 τοροιιιίοςεεέμῶν.
1683 4923 1806 4978 Mox

231 4992 389 5054 multi
422 4992 640 5053 codices
677 4996 757 5067 τῷ
788 4995 951 5066 λόγῳ,
997 4992 1436 5067 δσονκΝοιιιιιιιιί
1468 4992 1562 5045 καὶ
1593 4993 1733 5067 ὅσον.

296 5068 410 5141 (69)
460 5068 639 5141 Ἐπεὶ-
662 5061 803 5141 δὲ’...
824 5061 1092 5141 gedum»,
1112 5132 1124 5141 _
1151 5061 1235 5141 lt_a_
1270 5061 1402 5141 Reg.
1450 5063 1725 5141 secundus
1752 5070 1808 5119 et

230 5131 403 5195 Co‘isl:
435 5136 732 5193 secundus.
777 5135 881 5189 Alii
911 5142 966 5189 et
996 5131 1128 5187 editi
1174 5131 1458 5195 Ἐπειδὴ...
1500 5131 1730 5186 πολλῶν.

305 5209 443 5279 (70),
460 5209 625 5279 Παρρι
654 5204 824 5279 Θεοῦ.
858 5203 953 5279 Sic
971 5202 1126 5279 Med._
1143 5209 1199 5257 et
1221 5201 1405 5279 ΟρεΙί
1416 5201 1643 5279 primus.
1664 5202 1807 5259 Editi

231 5270 388 5350 παρὰ
402 5270 561 5350 ,Θεῷῖ
576 5275 911 5350 _Paulo_post
941 5272 1225 5350 legendum
1265 5270 1431 5350 Ἐπεϊ
1445 5271 1521 5350 se;

305 5340 418 5420 (71)
446 5340 590 5420 μὰς
637 5340 806 5420 ἐμοῦῖ
856 5342 953 5420 lta_
992 5340 1160 5420 Cois}.
1212 5344 1438 5420 primus.
1493 5340 1634 5420 Editi
1685 5343 1805 5396 κατ’

229 5411 495 5489 ἐμαυτοῦ.
555 5411 726 5489 Paulo
767 5421 893 5470 ante
940 5411 1227 5489 legendum
1266 5411 1647 5489 αἰσχυνομένη,
1687 5427 1809 5467 mu-

228 5480 372 5550 tato,
403 5497 463 5541 ut
490 5502 632 5557 sape
661 5487 818 5557 alias,
840 5480 1091 5557 numero,
1118 5483 1201 5537 vel
1228 5480 1664 5557 αἰσχυνομένως.

306 5558 425 5627 (72)
475 5551 874 5612 Ἐπανελθὼν.
926 5552 1006 5608 Ex
1041 5553 1126 5609 his
1160 5561 1308 5623 patet
1326 5551 1617 5606 'auCtorem
1638 5551 1807 5608 libelli

227 5630 428 5686 exsilio
458 5628 795 5681 damnatum.

307 5698 420 5770 (75)
448 5697 683 5770 Γνώμη.
714 5696 895 5751 Mallet
910 5692 1268 5750 Combelisius
1292 5690 1531 5770 γλώσσῃἶ
1566 5688 1674 5770 sed
1695 5706 1807 5749 non

234 5761 425 5828 favent
448 5761 666 5827 codices
693 5781 856 5837 mss.,
874 5779 994 5843 nec
1028 5778 1166 5837 opus
1190 5770 1276 5823 est
1301 5761 1806 5823 Sananilectionem

1909 4585 2003 4641 sed
2030 4600 2156 4642 vere
2182 4600 2330 4643 nunc
2371 4584 2722 4642 solitudinem
2756 4586 2928 4652 sensi,
2983 4601 3180 4657 meque
3231 4586 3351 4656 ipsa
3401 4588 3486 4642 lu-

1907 4692 2009 4750 geo
2030 4719 2045 4742 ,
2081 4693 2192 4733 non
2220 4678 2444 4734 fratrem
2471 4718 2486 4745 ,
2539 4693 2652 4734 non
2677 4678 2915 4734 amicum
2936 4718 2954 4748 ,
3001 4694 3114 4734 non
3147 4687 3436 4751 cognatum
3463 4719 3480 4745 ,

1907 4855 2219 4912 emendare.
2255 4854 2603 4912 Subobscura
2632 4864 2815 4925 autem
2843 4856 3009 4925 huius
3050 4855 3157 4911 loci
3214 4854 3478 4925 sententia

1907 4926 1989 4981 sic
2011 4926 2512 4996 videturiexplicari
2554 4940 2715 4995 posse
2746 4941 2761 4978 :
2804 4924 2939 4996 Erat
2971 4926 3060 4981 illa
3105 4925 3259 4996 virgo
3291 4926 3376 4996 ob
3403 4924 3483 4979 fa-

1906 5009 2092 5051 mosos
2114 4994 2339 5065 libellos
2369 4994 2623 5065 omnibus
2656 4995 2894 5065 cognita,
2929 4995 3002 5051 ita
3050 5004 3111 5049 ut
3143 4994 3211 5049 in
3231 4994 3480 5065 omnium

1908 5062 2159 5133 sermone
2186 5073 2511 5120 versaretur.
2538 5062 2802 5133 Itaque'si
2842 5065 3131 5120 calumnia
3164 5078 3274 5118 non
3303 5062 3477 5133 ipsam

1907 5132 2245 5204 pudicitiam,
2279 5135 2373 5190 sed
2397 5134 2541 5204 aliud
2574 5132 2853 5204 quidpiam
2877 5141 3306 5204 oppugnassent,
3328 5132 3477 5187 illud

1908 5203 2100 5259 saltem
2122 5218 2187 5258 ex
2212 5203 2503 5258 calumniis
2528 5203 2823 5258 consecuta
2854 5203 3021 5264 esset,
3052 5212 3110 5257 ut
3137 5217 3258 5257 eam
3288 5217 3481 5257 omnes

1907 5274 2171 5343 virginem
2197 5289 2319 5329 esse
2357 5273 2581 5343 scirent.
2621 5271 2727 5327 Sed
2756 5288 2880 5327 cum
2912 5274 3199 5327 maledicta
3227 5274 3280 5326 in
3305 5274 3478 5343 ipsam

1906 5342 2223 5412 pudicitiam
2256 5342 2588 5413 erupissent,
2620 5358 2730 5396 non
2776 5343 2887 5413 jam
2927 5358 3026 5398 sua
3070 5342 3216 5398 illam
3246 5342 3478 5413 virgini:

1907 5410 2015 5478 tas,
2045 5419 2234 5479 utpote
2261 5410 2650 5468 inccntinentis
2674 5410 2841 5467 animi
2869 5414 3017 5468 notis
3050 5413 3308 5473 inustam,
3334 5410 3479 5482 apud

1906 5483 2155 5538 homines
2189 5482 2571 5551 commendare
2611 5486 2806 5551 potuit.

1980 5552 2091 5621 (74)
2142 5551 2465 5673 ἕσθόμην.
2522 5548 2770 5639 Quatuor
2832 5552 3049 5609 codices
3105 5551 3297 5624 ἥσθην.
3351 5548 3475 5607 Vat.

1980 5623 2099 5673 θην.
2192 5636 2277 5673 ea.
2310 5620 2586 5673 secundus
2619 5621 2882 5673 ἠσθηθην.

2192 5620 2919 5705 εελέεςιεηάέιεῂςθήβηνο.
3097 5620 3141 5705 ,⁷
3234 5620 3245 5624 ⁷
3346 5678 3358 5689 .

1908 5623 2099 5749 ﬂeor.
2142 5623 2277 5690 Reg.
2310 5623 2586 5676 secundus
2619 5623 2882 5694 ῂσθήθην.
3132 5623 3138 5624 ⁷

1978 5694 1999 5719 '
2072 5692 2172 5749 lias
2198 5689 2471 5749 CCXLIX.
2510 5692 2725 5765 Scripta
2760 5693 2814 5749 in
2837 5693 3172 5767 episcopatu.
