3878 6222
315 344 454 397 1ίὶὲ9

1224 339 1718 399 EPISTOLABUM
1756 340 2046 398 CLASSIS
2084 340 2149 397 ll.
2183 340 2401 397 EPIST.
2443 339 2644 399 CCXC.

3439 344 3578 403 1050

310 455 561 523 φίλτατος
582 456 611 509 ό
640 453 710 508 σά
743 470 833 525 μοι
858 453 1160 525 γράμματα
1211 450 1503 523 διαφέρων.
1536 452 1672 524 Περὶ
1707 452 1888 522 μέντοι

1997 449 2208 507 litteras
2271 451 2445 506 affert.
2511 448 2672 517 Quod
2701 457 2885 507 autem
2927 453 3123 510 attinet
3153 453 3223 509 ad
3250 454 3575 514 eiectionem

311 549 407 618 τῆς
453 545 563 600 τῶν
623 543 1078 616 προστησομὲνων
1111 542 1211 613 τῆς
1254 543 1566 614 συμμορίας
1598 542 1711 613 (80)
1732 543 1887 596 ἐκλο-

311 638 434 708 γῆς.
470 639 520 690 εί
554 638 650 708 μὲν
680 634 987 706 ἀνθρώποις
1017 632 1393 705 χαριζόμενος,
1426 634 1459 704 ἢ
1501 634 1733 697 ἱκεσίαις
1754 634 1891 687 ἐνδι-

310 726 452 789 δοὺς,
480 724 516 797 ἢ
545 724 694 794 φόϐῳ
726 725 886 777 εἴκων
930 722 1071 775 ποιῶ
1103 740 1177 787 τι,
1215 724 1351 793 μήτε
1376 722 1550 775 ταῦτα
1584 722 1696 794 (81)
1731 726 1891 794 ποιή-

310 835 487 890 σαιμι.
523 817 597 871 Οὐ
631 817 738 888 γὰρ
759 816 1059 886 οἰκονόμος,
1090 815 1224 869 ἀλλὰ
1259 813 1504 886 κάπηλος
1546 815 1761 886 ἔσομαι,
1790 817 1889 886 τὴν

310 909 516 984 δωρεὰν
549 908 642 962 τοῦ
674 907 809 962 Θεοῦ
842 907 979 979 πρὸς
1022 905 1366 978 ἀνθρωπίνας
1406 906 1586 975 φιλίας
1612 906 1889 978 διαμειϐό-

314 1019 493 1073 μενος.
517 1003 580 1055 Εἰ
611 1001 669 1055 δὲ
696 1003 752 1054 αἰ
780 1002 877 1072 μὲν
904 1000 1178 1070 διδόμεναι
1202 1000 1369 1070 ψῆφοι
1408 1000 1559 1071 παρὰ
1590 1000 1889 1072 ἀνθρώπων

309 1092 564 1155 δίδονται,
599 1095 664 1146 ὲκ
694 1096 790 1164 τῆς
821 1091 1018 1156 ἔξωθεν
1054 1091 1377 1160 ἐπιφανείας
1410 1094 1707 1163 μαρτυρεῖν
1737 1092 1891 1161 ἐχόν-

310 1202 441 1252 των,
476 1186 619 1257 ἆπερ
647 1185 712 1240 ἂν
740 1184 1110 1257 μαρτυρῶσιν,
1143 1184 1197 1237 αἰ
1238 1182 1293 1235 δὲ
1323 1183 1533 1254 κρίσεις
1557 1183 1665 1236 τῶν
1698 1184 1889 1253 ἐπιτη-

310 1276 595 1348 δειοτέρων
622 1276 700 1348 τῷ
737 1276 895 1329 εἰδότι
916 1275 983 1328 τὰ
1014 1275 1299 1348 ἀπόρρητα
1332 1275 1438 1328 τῶν
1471 1276 1705 1346 καρδιῶν
1742 1275 1892 1345 παρὰ

312 1369 410 1439 τῆς
435 1368 708 1439 ἡμετέρας
764 1365 1143 1429 ταπεινώσεως
1188 1366 1599 1437 ἐπιτρέπονται·
1638 1368 1779 1437 τάχα
1812 1367 1890 1437 τῷ

314 1460 478 1513 παντὶ
518 1458 724 1529 βέλτιον
772 1459 1140 1529 καταθέμενον
1166 1458 1269 1529 τὴν
1302 1460 1624 1530 μαρτυρίαν,
1658 1460 1891 1530 σπουδῆς

318 1551 417 1623 μὲν
465 1552 560 1604 καὶ
592 1550 924 1612 διαστάσεως
955 1549 1137 1618 πάσης
1168 1547 1355 1619 ὥσπερ
1402 1549 1617 1602 οἰκείων
1648 1549 1757 1615 (82}
1784 1548 1891 1601 τῶν

319 1643 772 1715 μαρτυρηθέντων
796 1641 1138 1710 ἀφίστασθαι,
1169 1640 1565 1712 προσεύχεσθαι
1595 1642 1651 1694 δὲ
1681 1640 1758 1712 τῷ
1771 1640 1891 1709 Θεῷ

318 1735 394 1806 μὴ
419 1733 600 1786 λαθεῖν
630 1733 691 1785 τὸ
741 1732 1038 1803 συμφέρον.
1074 1729 1228 1783 Οὕτω
1258 1730 1365 1802 γὰρ
1386 1729 1567 1783 οὐκέτι
1605 1729 1891 1801 ἄνθρωπον

1991 558 2182 599 eorum
2217 545 2313 616 qui
2348 545 2503 616 pagis
2558 544 2889 615 praeﬁciendi
2939 559 3104 613 sunt,
3161 549 3208 604 si
3263 550 3396 619 quid
3427 561 3577 607 certe

1992 643 2086 688 aut
2136 637 2369 707 gratiam
2402 635 2549 706 apud
2603 635 2856 691 homines
2897 637 3117 702 iniens,
3170 648 3267 695 aut
3311 641 3572 710 precibus

1993 726 2306 797 indulgens,
2337 735 2433 782 aut
2470 728 2655 782 timori
2708 729 2911 787 cedens
2942 730 3159 800 fecero;
3207 733 3428 803 quidvis
3482 748 3579 803 po-

1992 818 2105 873 tius
2175 834 2341 889 quam
2400 820 2725 874 electionem
2760 835 3035 892 peragam.
3084 824 3198 877 Non
3231 823 3398 895 429
3429 825 3575 878 enim

1992 909 2340 979 dispensator
2367 926 2486 977 ero,
2546 912 2639 965 sed
2673 926 2850 982 caupo
2891 913 3146 969 humanis
3195 915 3452 969 amicitiis
3482 913 3577 969 Dei

1992 1002 2195 1056 donum
2224 1010 2565 1072 permutans.
2600 1003 2757 1069 Quod
2791 1005 2837 1058 si
2868 1004 2994 1059 data
3053 1007 3309 1076 suifragia
3362 1008 3430 1062 ab
3480 1009 3578 1062 bo-

1993 1095 2239 1150 minibus
2301 1095 2539 1161 dantur,
2597 1098 2691 1167 qui
2744 1113 2810 1152 ex
2882 1099 3064 1169 specie
3108 1109 3334 1154 externa
3381 1102 3575 1155 testari

1989 1194 2271 1254 possunt,
2333 1202 2675 1256 quaecunque
2726 1197 3004 1244 testantur
3032 1229 3048 1255 ,
3089 1191 3179 1245 illa
3211 1200 3391 1246 autem
3429 1191 3578 1260 judi-

1994 1275 2079 1329 cia
2110 1314 2125 1338 ,
2178 1277 2401 1346 quinam
2463 1281 2635 1349 magis
2695 1280 2875 1334 idonei
2919 1282 3060 1344 sint,
3101 1283 3150 1336 ei
3196 1286 3287 1353 qui
3323 1286 3575 1337 cordium

1993 1382 2195 1421 arcana
2252 1370 2446 1433 novit,
2485 1384 2514 1422 a
2567 1379 2757 1425 nostra
2797 1356 3103 1427 humilitate
3132 1382 3524 1444 permittuntur
3557 1392 3574 1443 ;

1994 1458 2124 1511 illud
2160 1474 2291 1514 sane
2320 1460 2594 1515 universis
2622 1463 2795 1515 satius
2828 1463 3010 1525 fuerit,
3048 1464 3199 1517 dicto
3236 1467 3573 1533 testimonio,

1994 1565 2025 1602 a
2075 1550 2258 1604 studio
2313 1558 2367 1604 et
2411 1553 2760 1606 contentione
2804 1569 2949 1605 Ollllll
2976 1570 3078 1623 pro
3131 1555 3197 1609 iis
3229 1557 3430 1623 quibus
3478 1557 3576 1610 da-

1996 1650 2109 1694 tum
2146 1652 2222 1695 est
2265 1642 2679 1706 testimonium,
2714 1644 2870 1712 quasi
2903 1659 3001 1713 pro
3044 1646 3395 1708 necessariis,
3445 1645 3576 1700 abs-

1994 1732 2168 1787 tinere
2225 1750 2238 1786 :
2292 1730 2458 1785 Deum
2523 1741 2704 1786 autem
2777 1734 3018 1804 precari,
3096 1744 3156 1789 ut
3227 1738 3373 1805 quod
3447 1737 3578 1791 utile

244 1860 249 1865 -
312 1824 414 1894 τῆς
445 1825 531 1892 ἐφ’
554 1824 791 1894 ἑκάτερα
838 1822 1117 1887 ἐκϐάσεως
1169 1821 1554 1893 αἰτιασόμεθα,
1612 1821 1746 1874 ἀλλὰ
1815 1821 1889 1892 τῷ

1997 1823 2178 1888 fuerit,
2212 1838 2322 1877 non
2360 1825 2545 1878 lateat.
2581 1823 2673 1879 Sic
2711 1826 2857 1879 enim
2893 1841 3003 1880 non
3029 1826 3144 1895 jam
3185 1827 3392 1881 homini
3419 1844 3579 1882 even-

315 1914 436 1985 Θεῷ
460 1915 558 1986 τὴν
586 1916 747 1986 χάριν
770 1914 880 1967 τῶν
922 1914 1230 1985 γενομένων
1269 1912 1545 1982 εἰσόμεθα,
1598 1912 1791 1966 Καίτοι
1843 1916 1891 1967 εἰ

315 2007 458 2061 κατὰ
508 2007 793 2080 ἄνθρωπον
850 2008 1060 2077 γίνεται
1088 2008 1283 2070 ταῦτα,
1328 2007 1448 2059 οὐδὲ
1482 2008 1724 2074 γίνεται’
1759 2005 1895 2060 ἀλλὰ

316 2097 555 2169 μίμησις
583 2097 684 2168 μὲν
732 2100 869 2159 ἐστι,
904 2096 1004 2166 τῆς
1050 2095 1307 2167 ἀληθείας
1342 2096 1399 2149 δὲ
1422 2096 1532 2166 (85)
1566 2096 1891 2167 πάμπληθες

316 2189 690 2245 ἀπολείπεται.
754 2188 957 2253 Σκέψαι
1000 2188 1075 2252 δὲ,
1100 2189 1179 2240 ὅτι
1222 2187 1343 2241 οὐδὲ
1382 2187 1572 2258 μικρός
1604 2204 1688 2250 τις
1718 2204 1894 2258 παρα⁶

317 2283 534 2352 πέπηγε
589 2282 832 2344 κίνδυνος
882 2278 959 2351 τῷ
1016 2283 1081 2334 ὲκ
1131 2280 1327 2343 παντὸς
1376 2281 1579 2352 τρόπου
1617 2280 1676 2332 τὸ
1699 2280 1891 2333 ἑαυτοῦ

316 2373 588 2444 κρατῆσαι
644 2370 1053 2442 φιλονεικοῦντι,
1091 2372 1165 2443 μή
1212 2388 1340 2423 ποτε
1377 2370 1485 2423 τῶν
1514 2370 1894 2442 ἁμαρτανομέ-

316 2483 423 2519 νων
452 2465 536 2533 ὲφ’
585 2466 810 2528 ἑαυτοὺς
854 2464 1168 2535 ἑλκύσωμεν
1205 2463 1303 2534 τὴν
1340 2463 1553 2534 μερίδα.
1586 2462 1762 2517 Πολλὰ
1784 2463 1893 2534 γὰρ

315 2556 383 2610 ἂν
429 2557 771 2629 ἁμαρτηθείη
837 2557 932 2609 καὶ
984 2559 1135 2626 παρὰ
1192 2555 1301 2607 τῶν
1347 2556 1447 2608 οὐκ
1500 2555 1566 2608 ἂν
1593 2556 1894 2627 προσδοκη-

318 2645 518 2699 θέντων
556 2646 669 2716 (84)
712 2646 863 2708 ποτὲ,
906 2644 995 2698 διὰ
1022 2645 1082 2697 τὸ
1110 2643 1329 2698 εὔκολον
1396 2645 1498 2714 τῆς
1544 2645 1892 2716 ἀνθρωπίνης

317 2731 553 2799 φύσεως.
592 2727 724 2785 Εἶτα
760 2732 867 2804 ἰδία
897 2733 996 2804 μὲν
1034 2735 1147 2795 τοῖς
1190 2733 1362 2803 φίλοις
1394 2732 1893 2804 συμόουλεύσαντες

317 2821 578 2885 πολλάκις
622 2822 688 2875 τὰ
745 2826 1030 2896 κράτιστα,
1067 2821 1168 2876 κᾶν
1215 2822 1467 2877 ἀπίθανοι
1515 2823 1754 2895 δόξωμεν
1781 2829 1893 2889 τοῖς

317 2911 750 2984 βουλευομένοις,
788 2916 848 2968 οὐ
876 2914 1303 2985 χαλεπαίνομεν·
1335 2917 1394 2968 ὲν
1431 2909 1510 2980 οἷς
1554 2915 1611 2969 δὲ
1641 2918 1702 2970 οὐ
1730 2917 1892 2990 βουλὴ

315 3004 640 3077 ἀνθρώπων,
672 3006 809 3060 ἀλλὰ
843 3007 1025 3078 κρίσις
1069 3008 1186 3060 ἐστί
1218 3006 1375 3071 Θεοῦ,
1417 3008 1490 3079 μὴ
1521 3008 1615 3062 καὶ
1646 3008 1755 3063 τῶν
1797 3009 1891 3063 τοῦ

316 3097 451 3150 Θεοῦ
501 3100 785 3169 κριμάτων
836 3098 1269 3170 προτιμηίλέντες
1315 3098 1790 3171 δυσχερανοῦμεν;
1826 3102 1888 3155 Εἰ

320 3189 416 3259 μὲν
448 3184 541 3241 οὖν
566 3189 715 3259 παρὰ
746 3189 1047 3260 ἀνθρώπων
1094 3189 1311 3253 δίδοται,
1348 3191 1398 3243 τί
1442 3191 1554 3262 χρὴ
1581 3192 1709 3261 παρ’
1733 3192 1889 3263 ἡμῶν

314 3282 525 3347 αἰτεῖν;
575 3280 687 3332 ἀλλ’
716 3281 835 3351 οὐχὶ
882 3283 1044 3335 αὐτὸν
1085 3283 1211 3352 παρ’
1240 3283 1433 3334 ἑαυτοῦ
1468 3283 1800 3353 λαμϐάνεινς
1841 3285 1889 3336 εἰ

314 3371 371 3425 δὲ
401 3374 552 3443 παρὰ
585 3373 813 3443 Κυρίου,
840 3370 1096 3442 εὔχεσθαι
1136 3374 1430 3444 προσῆκεν,
1458 3374 1571 3427 ἀλλ’
1593 3376 1714 3445 οὐχὶ
1740 3377 1882 3445 ἁγα-

314 3466 532 3518 νακτεῖν
558 3482 571 3496 ·
602 3466 695 3518 καί¹
714 3468 771 3517 ἐν
806 3468 873 3536 τῇ
908 3466 1063 3536 εὐχῇ,
1099 3466 1174 3537 μὴ
1205 3466 1265 3518 τὸ
1301 3466 1426 3520 ἴδιον
1456 3467 1666 3538 θέλημα
1696 3470 1889 3531 αἰτεῖν,

314 3557 430 3609 ἀλλ’
496 3558 811 3629 ἐπιτρέπειν
885 3556 964 3628 τῷ
1037 3556 1561 3629 οἰκονομοῦντέοτὸν
1609 3558 1890 3628 συμφέρον

314 3649 433 3720 Θεῷ
464 3649 599 3720 (85).
630 3628 687 3703 ‘o
710 3650 768 3702 δὲ
797 3650 927 3713 Θεὸς
958 3652 986 3703 ὁ
1015 3649 1169 3717 ἅγιος
1194 3650 1468 3718 ἀπαγάγοι
1486 3628 1665 3703 πᾶσαν
1697 3652 1890 3721 πεῖραν

312 3742 576 3814 λυπηρῶν
598 3744 938 3816 πραγμάτων
964 3742 1072 3795 ἀπὸ
1101 3742 1194 3794 τοῦ
1234 3741 1383 3794 οἴκου
1419 3740 1599 3812 ὑμῶν·
1624 3741 1718 3793 καὶ
1740 3740 1890 3811 αὐτῷ

310 3851 372 3887 τε
413 3836 497 3887 σοὶ
547 3836 641 3888 καὶ
669 3838 803 3889 πᾶσι
863 3838 976 3898 τοίς
1034 3834 1370 3906 προσήκουσί
1428 3850 1510 3886 σοι
1546 3833 1736 3887 ἄνοσον
1794 3834 1889 3887 καὶ

313 3930 525 4001 ἀϐλαΰῆ
557 3933 616 3983 ὲν
646 3932 791 4002 πάσῃ
818 3929 928 4003 (86)
951 3929 1171 4000 εὐθηνίᾳ
1191 3931 1280 3983 τὸν
1308 3928 1421 4000 βίον
1446 3929 1884 3999 ὲπιμετρήσειεν.

1993 1923 2107 1968 tum
2168 1915 2223 1968 in
2288 1923 2577 1984 utramque
2628 1926 2838 1985 partem
2898 1909 3278 1984 ascribemns',
3315 1918 3413 1974 sed
3469 1917 3579 1973 Deo

1994 2005 2204 2075 gratias
2258 2006 2329 2060 ob
2360 2022 2423 2061 ea
2471 2023 2592 2075 qua:
2624 2009 2907 2061 evenerint
2959 2010 3279 2065 referemus.
3323 2011 3400 2064 Ac
3451 2027 3579 2080 pro-

1994 2096 2139 2151 fecto
2189 2097 2236 2152 si
2284 2097 2398 2151 haec.
2459 2098 2761 2152 secundum
2801 2100 3074 2155 hominem
3123 2101 3290 2168 ﬁunt,
3341 2117 3408 2155 ne
3439 2101 3578 2155 ﬁunt

1994 2188 2216 2257 quidem
2268 2188 2417 2243 :sed
2475 2188 2708 2243 imitatio
2754 2190 2975 2259 quidem
3042 2201 3212 2255 sunt,
3270 2208 3300 2246 a
3351 2194 3578 2248 veritate

1994 2288 2173 2334 autem
2217 2279 2420 2334 absunt
2474 2280 2817 2349 longissime.
2877 2282 3008 2337 Illud
3057 2285 3220 2339 etiam
3263 2285 3577 2351 considera,

1993 2372 2066 2435 ei,
2102 2373 2197 2441 qui
2235 2381 2295 2426 ut
2328 2388 2428 2427 sua
2464 2372 2637 2443 ipsius
2667 2376 2939 2429 sententia
2974 2376 3157 2430 vincat
3184 2419 3198 2440 ,
3234 2378 3383 2431 omni
3415 2378 3577 2433 modo

1992 2464 2321 2530 contendit,
2366 2481 2475 2519 non
2522 2466 2638 2519 leve
2697 2468 3000 2537 periculum
3054 2468 3392 2539 propositum
3456 2486 3577 2527 esse

1993 2571 2064 2611 ne
2121 2567 2470 2626 peccatorum
2528 2569 2734 2634 partem
2779 2560 2845 2614 ad
2889 2576 2992 2616 nos
3055 2561 3354 2631 aliquando
3392 2562 3576 2617 traha-

1995 2663 2137 2703 mus.
2195 2647 2488 2703 Enimvero
2548 2653 2712 2705 etiam
2746 2653 2813 2705 ab
2850 2652 2919 2707 iis
2969 2667 3000 2706 a
3053 2653 3255 2722 quibus
3313 2653 3365 2707 id
3429 2669 3576 2708 nun-

1993 2756 2160 2810 quam
2214 2752 2601 2812 exspectasses
2633 2786 2646 2809 ,
2687 2744 2857 2798 multa
2922 2753 3222 2813 peccantur
3269 2745 3341 2801 ob
3372 2752 3576 2802 natura:

1995 2831 2247 2886 humana-
2316 2837 2737 2903 proclivitatem.
2827 2835 3036 2891 Deinde
3107 2852 3239 2891 vero
3321 2839 3575 2907 privatim

1995 2924 2187 2980 amicis
2241 2927 2473 2981 consilia
2510 2927 2705 2983 dantes
2732 2943 2877 2998 saepe
2920 2928 3147 2998 optima,
3179 2928 3395 2984 etiamsi
3436 2944 3573 2983 con-

1996 3017 2304 3073 sulentibus
2365 3018 2503 3073 nihil
2556 3020 2837 3074 videamur
2897 3018 3081 3075 dicere
3138 3021 3285 3089 quod
3349 3034 3577 3089 persua-

1995 3108 2141 3175 deat,
2178 3124 2323 3178 azgre
2382 3126 2493 3164 non
2532 3109 2755 3167 ferimus
2794 3127 2809 3163 :
2863 3112 3064 3181 quibus
3098 3121 3282 3165 autem
3315 3113 3370 3166 in
3408 3113 3578 3167 rebus

1993 3215 2107 3253 non
2151 3200 2434 3254 hominum
2485 3203 2780 3268 voluntas,
2838 3204 2933 3259 sed
2992 3202 3084 3258 Dei
3120 3203 3393 3273 judicium
3448 3213 3575 3265 est,

1994 3303 2096 3343 nos
2145 3292 2311 3344 etiam
2359 3292 2450 3345 Dei
2508 3292 2733 3362 jndiciis
2793 3309 2900 3347 non
2951 3294 3206 3363 anteponi
3258 3293 3573 3363 indignabi-

1993 3384 2157 3437 mur?
2205 3384 2391 3455 Itaque
2440 3385 2487 3439 si
2547 3385 2647 3439 hoc
2693 3386 2762 3440 ab
2819 3385 3133 3440 hominibus
3183 3386 3383 3448 datur,
3448 3385 3579 3453 quid

1995 3488 2135 3543 opus
2167 3482 2252 3528 est
2287 3490 2318 3528 a
2353 3474 2512 3528 nobis
2560 3482 2743 3544 petere
2773 3474 2796 3527 ?
2832 3490 3016 3529 nonne
3072 3474 3254 3543 potius
3284 3488 3383 3543 par
3412 3472 3578 3527 fuerit

1996 3565 2246 3635 quemvis
2298 3565 2403 3619 hoc
2473 3566 2650 3635 ipsum
2707 3581 2737 3619 a
2794 3567 3091 3634 seineiipso
3143 3563 3431 3635 accipere?
3480 3563 3576 3618 Sin

1996 3666 2179 3711 autem
2213 3672 2244 3710 a
2280 3656 2509 3712 Domino
2538 3658 2701 3712 datur
2726 3698 2741 3723 ,
2786 3657 3000 3727 precari
3050 3658 3246 3721 decet,
3297 3671 3405 3709 non
3446 3671 3577 3709 vero

1997 3748 2293 3818 indignari.
2331 3748 2508 3819 Atque
2553 3749 2695 3803 inter
2727 3747 3064 3818 precandum
3105 3756 3291 3801 nostra
3330 3747 3575 3814 ipsorum

1998 3838 2252 3893 voluntas
2282 3839 2632 3909 exposcenda
2685 3853 2796 3891 non
2837 3846 2922 3893 est
2959 3854 2971 3888 :
3006 3838 3100 3892 sed
3132 3835 3278 3906 quod
3314 3837 3446 3890 utile
3492 3845 3578 3890 est

1997 3931 2418 3999 permittendum
2457 3930 2795 4001 dispensanti
2842 3928 2970 3985 Deo.
3017 3926 3160 3982 Deus
3212 3936 3393 3982 autem
3436 3920 3572 3981 'san-

311 4031 436 4078 ctus
487 4037 705 4076 omnem
763 4038 944 4077 rerum
1008 4023 1362 4076 molestarum
1415 4020 1807 4090 evperientiam
1858 4035 1889 4074 a
1919 4030 2099 4076 vestra
2144 4022 2309 4076 domo
2334 4032 2548 4085 arceat,
2581 4029 2745 4091 atque
2788 4031 2902 4075 tum
2959 4020 3081 4086 tibi,
3137 4027 3253 4073 tum
3318 4018 3575 4074 omnibus

315 4120 425 4176 tuis
468 4119 794 4175 necessariis
830 4119 1003 4174 morbi
1037 4127 1092 4174 et
1118 4118 1302 4172 damni
1337 4125 1613 4188 expertem
1640 4118 1695 4171 in
1734 4119 1883 4172 omni
1914 4120 2275 4190 prosperitate
2296 4119 2460 4174 vitam
2489 4118 2786 4188 impertiat.

390 4257 501 4326 (80‘i
538 4255 648 4323 Τῆς
688 4257 1046 4325 συμμορίας.
1083 4254 1369 4326 Haevoce
1417 4269 1526 4308 non
1574 4253 1893 4324 designatur

316 4335 430 4381 tota
464 4327 737 4390 ditecesis,
772 4327 865 4381 sed
891 4335 1075 4381 certus
1101 4325 1318 4396 quidam
1343 4340 1601 4394 pagorum
1632 4342 1890 4380 numerus

316 4398 713 4465 cliorepismpo
765 4395 1208 4456 commissus,ut
1258 4404 1403 4464 patet
1436 4411 1498 4448 ex
1549 4396 1710 4464 epist.
1763 4395 1885 4459 142,

1998 4254 2253 4308 ctoritate
2311 4252 2820 4323 antiquissimorum
2867 4249 3140 4323 codicum,
3184 4249 3376 4316 Coisl.,
3420 4249 3564 4323 h_le_d._

1998 4333 2161 4393 atque
2182 4325 2345 4377 etiam
2374 4319 2523 4377 Harl.
2551 4323 2644 4393 qui
2674 4324 2754 4376 sic
2787 4322 2975 4374 habuit
3008 4322 3178 4393 prima
3197 4336 3403 4393 manu.
3430 4319 3574 4393 Editi

1995 4389 2238 4464 ὡς’ὑπὲρ
2286 4394 2521 4448 οἰκείων.
2564 4392 2796 4447 Possent
2838 4399 3018 4464 autem
3066 4389 3251 4464 Basdii
3300 4392 3460 4464 verba
3492 4392 3574 4445 sic

316 4468 415 4550 Sibi
447 4461 677 4550 Basilius
708 4468 789 4550 sic
816 4467 1057 4550 loquitur
1086 4467 1151 4521 de
1177 4461 1412 4550 qu‘odam
1445 4461 1845 4550 cliorepiscopq
1873 4487 1884 4522 ;
1923 4485 1966 4537 υ
1996 4461 2261 4550 intelligi;
2298 4465 2693 4545 Abstinendum
2719 4480 2748 4515 a
2775 4462 3246 4550 coiitentionihus.
3268 4461 3568 4550 quasinon

314 4535 693 4600 Καταξιώσεις
741 4537 819 4599 δὲ,
859 4535 1122 4606 δηλονότι,
1176 4537 1269 4589 καὶ
1328 4536 1737 4606 πτωχοτροφίαν
1788 4536 1887 4604 τῆς

316 4606 623 4677 συμμορίας
668 4609 768 4677 τῆς
794 4607 885 4659 ὑπ’
913 4604 1089 4677 αὑτὸν
1128 4604 1558 4677 ὲπισχέψασθαιζ
1581 4605 1889 4674 Dignaberis

315 4675 585 4731 autemet
613 4675 898 4746 pauperum
938 4675 1152 4729 domum
1196 4676 1263 4730 ad
1301 4692 1462 4745 pagos
1488 4676 1536 4728 ei
1582 4677 1889 4731 commissos

312 4748 655 4816 pertinentem
701 4748 944 4801 invisere.
982 4747 1064 4816 hx
1116 4746 1215 4800 hac
1252 4755 1432 4800 autem
1465 4747 1697 4814 epistola
1746 4755 1891 4816 patet

315 4815 741 4883 chorepiscopos
784 4832 892 4871 non
928 4815 994 4869 ad
1024 4816 1313 4870 arbitrium
1359 4816 1743 4884 episcnporum
1792 4815 1887 4871 dc-

316 4889 527 4957 signari
560 4889 752 4943 solitos
784 4903 928 4948 esse,
960 4886 1055 4940 sed
1090 4901 1203 4941 rem
1253 4886 1508 4957 electioni
1534 4886 1888 4957 commiSsam

312 4954 512 5013 fuisse.
537 4957 692 5023 Quod
718 4959 942 5011 minime
968 4958 1188 5019 mirum,
1221 4971 1346 5010 cum
1382 4954 1485 5024 ipsi
1516 4956 1678 5009 etiam
1712 4956 1764 5008 in
1793 4971 1888 5024 pa-

311 5029 401 5098 gis
429 5030 731 5099 presbyteri
759 5037 813 5082 et
837 5026 1054 5099 diaconi
1081 5041 1189 5099 non
1224 5027 1342 5099 sine
1370 5026 1638 5080 electione
1663 5025 1887 5099 ordina-

313 5094 525 5158 rentur,
564 5094 624 5151 ut
654 5105 800 5166 patet
837 5113 904 5152 ex
931 5098 1091 5165 epist.
1123 5096 1211 5154 54,
1243 5096 1374 5148 Erat
1402 5102 1584 5149 autem
1634 5094 1888 5164 cliorepi-

314 5184 609 5237 scoporum
647 5165 807 5223 sedes
842 5168 1053 5237 insigni
1082 5166 1245 5237 alicui
1274 5165 1427 5237 aliixa
1460 5179 1618 5234 pago.
1640 5166 1745 5237 cui
1772 5167 1888 5237 alii

314 5234 441 5308 pagi
493 5234 977 5292 attribucbanturf
1012 5235 1166 5308 Unde
1195 5235 1429 5308 Basilius
1472 5237 1524 5287 in
1565 5235 1731 5308 epist.
1762 5234 1885 5296 188,

312 5304 441 5361 'can.
477 5309 561 5370 l0,
605 5318 796 5362 auctor
824 5316 908 5361 est
950 5306 1328 5375 Amphilochia
1359 5313 1418 5359 ut
1456 5319 1647 5375 agrum
1687 5304 1888 5360 Mestiae

311 5379 620 5447 subjectum
649 5377 880 5432 Vasodis
913 5377 1190 5447 subjiciat.
1268 5444 1281 5447 _
1328 5398 1334 5405 -

388 5443 498 5520 (8l)
525 5448 688 5515 Μήτε
708 5443 1026 5520 ταῦτα-μά
1050 5445 1222 5520 Harl.,
1245 5444 1412 5499 Coisl.
1440 5444 1653 5520 primus
1671 5443 1885 5520 et‘Mcd.

312 5515 457 5591 Editi
481 5515 640 5591 ’μήτε
683 5519 859 5573 ταυτί.
891 5516 1249 5591 _Ver_lendum
1288 5524 1444 5591 putat
1504 5515 1882 5591 Comhelisius,

311 5587 426 5642 haec
452 5585 717 5659 nunquam
743 5589 977 5656 fecerim.
1004 5587 1111 5659 sed
1141 5585 1735 5659 nostra_interpretat_io
1758 5600 1890 5638 con-

315 5655 661 5715 tirmatur'ex
701 5655 785 5714 his
832 5675 955 5729 quae
982 5656 1131 5729 infra
1159 5656 1293 5729 dicit
1319 5655 1559 5729 Basilius
1593 5673 1605 5707 :
1643 5656 1885 5729 At_pro-

313 5728 450 5798 fectu
474 5734 518 5784 si
536 5731 646 5785 haec
662 5726 946 5784 secundum
969 5728 1228 5798 hominem
1242 5726 1400 5796 ﬁunt,
1422 5742 1485 5779 ne
1501 5726 1634 5798 ﬁunt
1655 5726 1883 5795 quidem.

389 5800 498 5869 (82)
528 5801 753 5870 Ὥσπερ
787 5800 1036 5856 οἰκείων.
1073 5794 1274 5853 Nititur
1309 5798 1425 5853 haec
1468 5794 1741 5866 scriptura
1770 5794 1885 5869 au-

1992 4550 2136 4588 unus
2172 4530 2375 4603 aliquis
2412 4536 2554 4588 inter
2592 4549 2712 4594 eos,
2749 4534 2948 4599 quibus
2976 4530 3167 4603 datum
3205 4541 3289 4603 est
3326 4532 3571 4603 testimo-

1994 4607 2167 4665 nium,
2200 4599 2291 4659 sed
2322 4621 2511 4658 omnes
2538 4605 2709 4659 nostri
2734 4605 2844 4659 sint
2874 4602 3196 4655 necessarii.
3247 4599 3353 4653 Sed
3386 4603 3570 4668 magis

1991 4676 2198 4729 arridet
2215 4691 2431 4737 sensus,
2450 4690 2611 4742 quem
2640 4676 2694 4728 in
2720 4671 3128 4742 interpretando
3148 4671 3323 4724 secuti
3353 4685 3566 4742 smnus.

1994 4745 2261 4799 Similiter
2295 4738 2531 4799 Basilius
2566 4746 2617 4797 in
2654 4754 2819 4813 caput
2867 4738 2924 4796 iii
2957 4738 3133 4801 lsaiai.
3167 4756 3287 4810 pag.
3327 4738 3453 4813 456,
3486 4741 3571 4793 vi-

1993 4825 2209 4885 tuperat
2235 4816 2504 4883 ejusmodi
2529 4811 2846 4885 electiones,
2876 4814 3154 4885 inquibus
3188 4811 3571 4885 unusquisque

1992 4881 2101 4939 non
2140 4881 2414 4948 virtutem,
2453 4886 2549 4938 sed
2582 4883 3045 4938 necessitudinem
3076 4889 3131 4935 et
3165 4881 3566 4950 consanguini-

1993 4964 2156 5010 tatem
2188 4965 2417 5023 spectat.
2692 5019 2743 5023 Α-
2803 5020 2851 5023 -λ
2931 5020 2976 5023 __
3033 5019 3065 5023 __
3134 4998 3137 5001 .

2064 5025 2194 5146 (852?
2363 5023 2650 5092 ἀληθείας
2679 5019 2765 5074 δέ.
2799 5019 3220 5103 εἰομθιῇοιευε
3248 5027 3301 5074 et
3330 5017 3571 5106 Baflzea-

2070 5111 2116 5146 s.
2180 5098 2296 5146 .diti
2321 5096 2551 5146 μίμησις
2588 5093 2683 5146 μέν
2724 5093 2839 5143 ἐστι
2868 5108 2969 5146 της
3007 5088 3282 5146 αληθείας.
3310 5106 3481 5146 αυτης
3512 5087 3570 5144 δὲ

1991 5087 2296 5165 nuerditi
2310 5087 2551 5165 μίμησις
2580 5087 2697 5165 μένΔ
2724 5093 2839 5165 ἐστι
2867 5090 2969 5165 τῆς
3007 5087 3282 5165 ᾁληθείας,
3310 5089 3481 5165 αὐτῆς
3502 5087 3570 5165 ἡδὲ

1990 5165 2090 5235 τῆς
2117 5159 2399 5235 ἀληθείας,
2417 5159 2537 5235 εἰς.Δ
2554 5159 2655 5217 Sed
2680 5159 3138 5235 imitatioquiden}
3155 5169 3277 5214 sunt
3306 5159 3565 5227 veritatis,

1992 5230 2058 5286 αὖ
2084 5230 2404 5300 ἱρεαάιιιεηι
2434 5233 2649 5287 veritate
2682 5230 2871 5300 absunt
2904 5230 3229 5300 longissime.

2062 5297 2174 5373 (84)
2201 5303 2758 5370 Προσδοκηθέντων.
2810 5299 2945 5355 Tres
2987 5297 3120 5355 mss.
3152 5314 3261 5353 non
3300 5297 3568 5355 vetustis-

1994 5374 2115 5444 simi
2142 5374 2626 5444 προσδοκωμένων.

2008 5466 2013 5471 ι
2061 5437 2279 5514 (85)’Τὸ
2302 5437 2614 5511 συμέρέρον
2648 5441 2789 5521 Θεῷ.
2819 5439 3021 5563 Regius
3046 5448 3275 5510 uterque
3311 5446 3366 5494 et
3393 5437 3565 5493 Coisl.

2008 5513 2264 5563 iracundus
2290 5528 2412 5563 cum
2444 5523 2675 5563 utromie
2697 5512 2869 5563 Βιιιοι.
2940 5527 3014 5563 εω
3038 5510 3099 5563 τὸ
3123 5509 3423 5563 συμφέρον.
3453 5507 3565 5563 Hac

1991 5507 2264 5568 secundus
2290 5507 2412 5566 cum
2431 5507 2675 5580 utroque
2697 5512 2869 5580 Bigot.
2895 5507 3014 5581 Θεῷ
3038 5510 3099 5564 τὸ
3123 5507 3423 5581 συμφέρον,
3444 5507 3566 5581 Hac

1992 5585 2225 5638 lectione
2280 5579 2637 5636 continuatur
2687 5579 2876 5636 noStra
2932 5579 3335 5650 interpretatio.
3392 5579 3569 5650 Aliter

1990 5655 2137 5708 enim
2161 5653 2314 5709 reddi
2346 5653 2634 5722 potuisset,
2657 5647 3145 5722 dispensantiqubd
3176 5651 3303 5722 utile
3328 5657 3407 5704 est
3431 5647 3562 5703 Deo.

2060 5723 2175 5795 (86)
2208 5720 2548 5795 κἘνῧάρίι-
2580 5720 2751 5782 Deest
2770 5721 3084 5794 praepositlo
3114 5722 3171 5778 in
3194 5720 3382 5794 tribus
3413 5725 3567 5791 vetu-

1991 5792 2252 5852 stissimis
2284 5792 2587 5852 codicibus.
