3878 6222
382 350 513 406 1051

823 479 1161 538 EPISTOLA
1188 478 1432 536 ορκον.

1699 348 1754 403 S.
1803 348 2044 403 BASlLll
2083 348 2298 404 MAGNI

3476 356 3591 411 {032

2579 482 2920 537 ElllSTOAH
2956 484 3113 551 Σίνιν.

381 589 689 645 Timotheum
711 591 1218 659 chorepiscopum,qui
1237 606 1301 645 ex
1317 607 1503 645 summa
1524 594 2172 709 asc‘zt’izagugervoreaad
2193 596 2452 709 δωειῖιιινία
2474 596 2662 663 negotia
2680 596 2908 662 delapsus
2926 598 3101 664 fuerat,
3119 599 3183 649 ad
3204 597 3450 665 pristim
3468 603 3596 667 picta-

1941 673 2080 709 revoc
2115 673 2167 709 re
2182 673 2300 709 cana
2321 673 2400 709 ur.

1941 673 2167 711 revocare
2182 673 2318 710 οοηαι
2321 673 2381 710 ur
2387 698 2400 709 .

808 766 1079 822 Timotheo
1105 768 1495 839 clwrepiscopo.

453 879 520 934 Et
582 880 824 936 scribere
898 881 1081 934 omnia
1133 895 1473 951 quaecunque
1520 881 1736 944 sentio,
1780 896 1958 951 neque

386 971 630 1042 epistolae
681 970 842 1025 modo
879 972 1179 1026 convenire
1225 971 1423 1037 video,
1477 987 1653 1042 neque
1686 972 1823 1026 alias
1865 986 1957 1027 sa-

386 1062 666 1118 lutationis
716 1064 951 1132 speciem
1016 1063 1246 1130 decere;
1307 1073 1361 1118 et
1410 1063 1627 1119 silentio
1678 1063 1959 1134 praeterire

386 1171 523 1226 pene
574 1155 915 1225 impossibile
970 1155 1106 1209 mihi
1137 1162 1220 1210 est
1247 1195 1263 1219 ,
1308 1155 1455 1223 iusta
1487 1154 1543 1208 in
1589 1164 1642 1209 te
1675 1155 1958 1209 iracundia

382 1246 548 1301 corde
600 1246 863 1301 fervente.
921 1245 1151 1301 Mediam
1200 1246 1368 1317 igitur
1412 1247 1553 1299 viam
1609 1246 1797 1310 inibo,
1851 1247 1957 1301 alia

382 1336 602 1407 quidem
644 1338 934 1401 scribens,
988 1336 1094 1389 alia
1136 1337 1583 1407 praatermittens.
1641 1333 1779 1388 Volo
1811 1335 1956 1389 enim

381 1439 435 1483 te
461 1428 894 1498 reprehendere,
952 1428 998 1483 si
1037 1428 1117 1483 fas
1151 1436 1275 1491 est,
1313 1427 1486 1481 amica
1528 1425 1743 1481 dicendi
1776 1441 1960 1496 atqua-

380 1520 612 1574 bilitate.
656 1517 947 1585 Quomodo
976 1518 1299 1573 Timotheus
1330 1519 1450 1583 ille,
1491 1533 1655 1589 quem
1700 1533 1730 1572 a
1775 1518 1958 1588 pueri-

382 1612 457 1666 tia
488 1613 563 1666 ita
597 1628 719 1668 sese
752 1612 819 1665 ad
865 1619 1070 1667 rectam
1099 1619 1153 1665 et
1205 1611 1500 1665 asceticam
1558 1609 1724 1663 vitam
1778 1609 1954 1663 inten-

381 1703 531 1760 disse
557 1704 832 1766 novimus,
866 1711 926 1756 ut
956 1702 1431 1758 immoderationis
1472 1701 1525 1755 in
1548 1701 1648 1755 bis
1673 1700 1838 1755 rebus
1863 1715 1957 1753 ac-

382 1807 701 1863 cusaretur;
726 1795 889 1867 430
922 1811 1066 1849 nunc
1090 1796 1159 1848 ab
1192 1810 1253 1849 ea
1291 1810 1350 1851 re
1379 1794 1537 1848 unice
1563 1791 1958 1848 consideranda

383 1887 695 1951 discedens,
732 1888 860 1957 quid
900 1886 1207 1941 iaciendum
1265 1886 1371 1949 sit,
1419 1893 1478 1940 ut
1529 1901 1652 1939 cum
1690 1883 1796 1939 Deo
1828 1899 1953 1938 con-

376 1980 693 2050 jungamur,
743 1978 973 2050 respicis
1016 1980 1084 2032 ad
1117 1994 1178 2032 ea
1215 1993 1337 2048 qua:
1368 1977 1435 2032 de
1485 1985 1539 2030 te
1599 1976 1801 2033 nescio
1834 1977 1959 2046 quis

380 2071 697 2134 existimat,
743 2078 798 2125 et
871 2083 1199 2140 suspensam
1260 2083 1328 2122 ex
1378 2067 1614 2120 aliorum
1688 2066 1956 2121 sententia

382 2159 547 2217 vitam
582 2158 750 2214 babes
782 2198 797 2223 ,
835 2166 889 2213 et
929 2157 1201 2228 quomodo
1252 2172 1355 2211 nec
1386 2157 1579 2211 amicis
1613 2155 1826 2210 inutilis
1856 2155 1952 2218 sis,

380 2265 483 2305 nec
521 2250 760 2305 inimicis
803 2249 1073 2304 ridiculus
1127 2248 1472 2312 consideras,
1506 2263 1569 2301 ac
1602 2247 1955 2319 ignominiam

383 2342 528 2414 apud
592 2342 794 2398 multos
859 2348 919 2396 ut
970 2356 1229 2412 magnum
1268 2340 1484 2411 aliquod
1512 2341 1718 2396 malum
1763 2339 1954 2395 formi-

380 2436 512 2501 das;
552 2450 655 2491 nec
693 2434 905 2505 cogitas
933 2441 988 2488 te
1035 2433 1163 2486 dum
1194 2433 1249 2486 in
1281 2432 1365 2486 bis
1409 2432 1570 2487 rebus
1622 2432 1955 2495 immoraris,

380 2526 781 2596 imprudentem
829 2524 1158 2595 praecipuum
1214 2537 1278 2577 ac
1343 2523 1662 2592 primarium
1708 2524 1828 2576 vita:
1865 2538 1955 2592 gc-

380 2632 488 2672 nus
536 2615 843 2687 negligere?
882 2613 1066 2668 Plena:
1096 2613 1240 2667 enim
1279 2621 1409 2666 sunt
1452 2612 1751 2682 Scripturae
1802 2613 1955 2667 testi-

380 2710 620 2774 moniis,
658 2710 860 2780 quibus
913 2707 1208 2763 edocemur
1252 2722 1361 2760 non
1400 2722 1560 2775 posse
1590 2707 1753 2760 simul
1803 2714 1956 2761 utra-

380 2820 489 2875 que
545 2803 818 2866 retineri,
875 2799 1063 2855 mundi
1121 2799 1284 2870 hujus
1315 2798 1531 2867 negotia
1583 2807 1636 2852 et
1665 2799 1829 2853 vitam
1867 2812 1955 2854 se-

381 2894 619 2951 cundum
704 2892 921 2959 Deum;
994 2892 1155 2961 plena
1232 2903 1316 2945 est
1365 2891 1530 2944 ctiam
1573 2891 1690 2960 ipsa
1759 2898 1954 2944 natura

381 2985 650 3057 ejusmodi
709 2983 990 3053 exemplis.
1050 2981 1186 3036 Nam
1232 2982 1287 3035 in
1341 2983 1538 3037 mentis
1596 2982 1807 3037 actione
1846 2982 1956 3037 duo

381 3080 545 3135 simul
596 3076 836 3147 cogitare
868 3074 1091 3129 omnino
1140 3090 1249 3128 non
1299 3089 1615 3144 possumus.
1668 3074 1845 3144 Atque
1898 3075 1955 3129 in

381 3171 450 3225 iis
496 3183 617 3238 quae
677 3183 843 3222 sensu
899 3166 1326 3236 percipiuntur,
1380 3164 1502 3220 dua:
1572 3180 1737 3221 voces
1790 3166 1954 3220 simul

381 3261 600 3319 emissae
631 3258 860 3313 auribus
904 3258 1024 3326 capi
1055 3256 1246 3311 eodem
1307 3266 1583 3311 momento
1617 3265 1670 3312 et
1711 3257 1952 3312 discerni

379 3368 494 3430 non
555 3357 821 3422 possunt;
873 3348 1037 3417 idque
1076 3362 1201 3401 cum
1255 3346 1362 3400 duo
1409 3348 1569 3401 nobis
1611 3347 1677 3401 ad
1725 3348 1955 3402 audien-

1983 779 2038 838 Α

2472 772 2720 841 Τιμοθέῳ
2761 774 3208 841 χωρεπισκόπῳ.

2129 885 2240 942 Καὶ
2260 888 2320 941 τὸ
2344 886 2521 940 πάντα
2552 887 2811 959 γράφειν,
2833 887 2932 941 ὅσα
2958 885 3159 958 φρονῶ,
3185 885 3309 940 οὔτε
3341 886 3419 958 τῷ
3445 888 3601 961 μέτρῳ

2058 980 2156 1051 τῆς
2190 980 2476 1052 ἐπιστολῆς
2534 978 2647 1051 ὁρῶ
2704 978 3022 1049 συμϐαῖνον,
3060 977 3185 1032 οὔτε
3219 977 3394 1042 άλλως
3421 982 3602 1051 πρέπον

2057 1070 2135 1140 τῷ
2162 1070 2261 1140 τῆς
2311 1071 2683 1142 προσηγορίας
2712 1070 2840 1122 εῖδει
2868 1087 2881 1099 ⁸
2915 1069 3094 1123 καὶτὸ
3132 1072 3313 1141 σιωπῇ
3346 1070 3605 1145 παρελθεῖν

2062 1162 2261 1233 μικροῦ
2297 1163 2391 1216 καὶ
2430 1161 2690 1215 ἀδύνατόν
2719 1161 2829 1233 (87)
2861 1162 2977 1214 ἐστί
3014 1179 3125 1232 μοι,
3152 1161 3349 1231 δικαίῳ
3375 1161 3522 1232 θυμῷ
3542 1163 3606 1233 τῷ

2059 1252 2200 1305 κατά
2253 1250 2347 1303 σοῦ
2404 1251 2839 1323 φλεγμαινούσης
2873 1269 2962 1323 μοι
3014 1252 3110 1323 τῆς
3156 1251 3404 1323 καρδίας.
3444 1253 3607 1322 Μέσην

2057 1339 2149 1396 οὖν
2182 1343 2489 1415 βαδιοῦμαι,
2521 1344 2590 1397 τὰ
2620 1345 2718 1415 μὲν
2742 1345 2989 1416 γράφων,
3029 1345 3098 1397 τά
3140 1344 3196 1398 δέ
3237 1345 3455 1417 παρείς.
3486 1348 3610 1400 Καθ-

2058 1434 2297 1503 άψασθαι
2329 1433 2434 1506 γάρ
2465 1450 2557 1487 σου
2588 1432 2872 1504 βούλομαι,
2896 1435 2945 1486 εί
2969 1434 3125 1505 Θέμις
3148 1436 3317 1498 ἐστὶν,
3353 1437 3409 1489 ἐν
3448 1438 3608 1507 ίσηγοο

2061 1528 2154 1598 ρίᾳ
2176 1526 2383 1598 φιλικῇ.
2418 1527 2479 1579 Εἰ
2513 1526 2556 1578 Τ
2563 1525 2773 1595 ιμόθεος
2827 1529 3051 1590 ἐκεῖνος,
3086 1526 3145 1580 ὃν
3173 1530 3237 1581 ἐκ
3271 1529 3461 1592 παιδὸς
3489 1530 3611 1582 οῖδα-

2062 1634 2163 1687 μεν
2212 1616 2463 1670 τοσοῦτον
2514 1617 2649 1687 πρὸς
2680 1619 2778 1689 τὴν
2805 1617 3070 1688 ὀρθότητα
3106 1619 3198 1671 καὶ
3223 1619 3323 1672 τὸν
3354 1637 3610 1693 κατησκη-

2063 1708 2220 1778 μένον
2272 1706 2386 1778 βίον
2440 1706 2519 1778 τῷ
2550 1708 2686 1779 τόνῳ
2744 1707 3044 1780 χρώμενον,
3079 1708 3220 1763 ὥστε
3271 1712 3608 1779 ἐγκαλεῖσθαι

2058 1798 2157 1869 τὴν
2181 1800 2237 1852 ἐν
2268 1798 2475 1863 τούτοις
2517 1799 2628 1870 (88)
2678 1801 2963 1870 ἀμετρίαν,
2999 1802 3240 1865 ἀποστὰς
3264 1803 3363 1856 νῦν
3400 1802 3487 1856 τοῦ
3508 1819 3614 1857 σκο-

2062 1894 2180 1944 πεῖν
2210 1893 2388 1947 πάντα
2411 1891 2610 1963 τρόπον
2654 1891 2681 1944 ὃ
2716 1908 2766 1944 τι
2789 1889 2894 1962 χρὴ
2936 1891 3188 1944 ποιοῦντα
3219 1892 3300 1963 τῷ
3325 1893 3445 1964 Θεῷ
3476 1910 3615 1962 προσ-

2060 1981 2411 2048 οικειοῦσθαι,
2462 1982 2788 2044 ἀποϐλέπεις
2818 1983 2955 2053 πρὸς
3001 1984 3071 2035 τά
3098 1983 3177 2053 τῷ
3211 1985 3348 2038 δεῖνι
3377 1985 3615 2040 δοκοῦντα

2063 2073 2190 2146 περὶ
2239 2073 2354 2137 σοῦ,
2391 2074 2484 2127 καὶ
2533 2073 2633 2143 τῆς
2684 2072 2886 2144 ἐτέρων
2928 2072 3152 2143 γνώμης
3186 2075 3285 2145 τὴν
3314 2073 3614 2161 ζωὴνρχεις

2058 2163 2452 2237 ἐξηρτημένην,
2507 2164 2603 2216 καὶ
2646 2164 2792 2227 ὅπως
2833 2163 2907 2235 μὴ
2941 2163 3114 2233 φίλοις
3153 2164 3451 2237 ἄχρηστος,
3497 2167 3616 2238 μηδὲ

2057 2254 2271 2327 ἐχθροῖς
2294 2252 2360 2329 ᾖς
2386 2254 2784 2323 καταγέλαστος
2813 2255 3043 2327 ἐνθυμῇ,
3080 2261 3174 2309 καὶ
3198 2259 3300 2331 τὴν
3333 2260 3478 2332 παρὰ
3504 2261 3617 2312 πολ-

2057 2347 2163 2401 λῶν
2203 2348 2485 2419 αἰσχύνην,
2511 2346 2585 2410 ὼς
2611 2346 2784 2400 δεινόν
2829 2364 2903 2412 τι,
2936 2349 3096 2420 φοϐῇ,
3135 2349 3229 2402 καὶ
3273 2351 3380 2403 οὐκ
3413 2352 3615 2416 ἐννηεῖς,

2055 2438 2136 2491 ὅτι
2159 2439 2214 2490 ἐν
2246 2437 2356 2508 ὅσῳ
2384 2437 2512 2509 περὶ
2540 2437 2711 2491 ταῦτα
2738 2437 2922 2509 τρίϐῃ,
2962 2438 3248 2504 λανθάνεις
3283 2441 3509 2495 σεαυτὸν
3533 2442 3618 2512 τῆς

2058 2527 2473 2598 προηγουμένης
2495 2525 2639 2597 ζωῆς
2681 2528 2933 2598 ἁμελῶν;
2971 2529 3095 2584 Ὅτι
3138 2531 3248 2601 γὰρ
3277 2534 3381 2585 οὐκ
3407 2535 3620 2604 ἐγχωρεῖ

2056 2618 2379 2691 ἀμφοτέρων
2425 2619 2560 2690 ὁμοῦ
2619 2620 2999 2689 περιγενέσθαι
3022 2660 3038 2681 .
3094 2622 3201 2679 τῶν
3254 2641 3317 2676 τε
3360 2626 3500 2678 κατά
3541 2624 3619 2679 τὸν

2056 2709 2258 2778 κόσμον
2280 2708 2466 2763 τοῦτον
2496 2709 2859 2780 πραγμάτων,
2897 2710 2991 2763 καὶ
3029 2711 3127 2782 τῆς
3149 2712 3292 2766 κατά
3316 2713 3451 2766 Θεὸν
3484 2714 3618 2766 πολιη

2055 2798 2225 2862 τείας,
2259 2798 2486 2869 πλήρεις
2513 2801 2611 2870 μὲν
2635 2799 2745 2870 (89l
2784 2801 2839 2853 αἱ
2862 2799 3001 2853 θεῖαι
3030 2801 3068 2852 Γ
3074 2803 3265 2872 ραφαὶ,
3294 2796 3375 2857 ὧν
3400 2802 3619 2868 ἐδίδαξαν

2057 2891 2242 2961 ἡμᾶς·
2294 2889 2508 2962 πλήρης
2555 2890 2612 2944 δέ
2659 2892 2753 2945 καὶ
2801 2893 3001 2964 αύτὴή
3047 2893 3206 2964 φύσις
3243 2894 3358 2949 τῶν
3384 2897 3620 2950 τοιούτων

2058 2981 2470 3052 ὑποδειγμάτων
2524 2982 2687 3036 ἐστίν.
2709 2984 2805 3035 Ἔν
2834 3000 2892 3036 τε
2929 2983 3038 3055 γὰρ
3096 2988 3162 3056 τῇ
3197 2986 3346 3039 κατά
3377 2988 3467 3041 τὸν
3510 2988 3619 3049 νοῦν

2055 3074 2307 3145 ἐνεργείᾳ
2332 3072 2424 3126 δύο
2457 3075 2645 3146 νοῆσαι
2674 3075 2817 3128 κατά
2847 3076 3042 3129 ταυτὸν
3070 3080 3323 3148 νοήματα
3360 3079 3621 3147 παντελῶς

2055 3166 2335 3236 ἀμήχανον
2360 3181 2373 3192 ·
2403 3163 2459 3218 ἕν
2480 3182 2539 3217 τε
2569 3168 2687 3229 ταῖς
2708 3167 2850 3221 κατά
2880 3167 2979 3238 τὴν
3021 3168 3272 3238 αἴσθησιν
3323 3171 3622 3241 ἀντιλήψεσι

2055 3256 2148 3310 δύο
2179 3257 2359 3324 φωνάς
2404 3255 2541 3326 ὁμοῦ
2595 3258 3042 3329 προσπιπτούσας
3087 3263 3207 3323 ταῖς
3255 3262 3453 3326 ἀκοαῖς
3494 3263 3624 3332 δέχε-

2058 3344 2181 3398 σθαι
2233 3346 2290 3398 ὲν
2327 3345 2509 3415 ταυτῷ
2547 3346 2641 3399 καὶ
2680 3346 2979 3418 διακρίνειν
3017 3349 3313 3404 ἀδύνατον·
3360 3353 3624 3406 καὶτοῦτο

380 3446 510 3500 dum
544 3449 758 3498 meatus
781 3441 952 3511 aperti
996 3438 1120 3492 sint.
1173 3439 1328 3493 Oculi
1359 3454 1581 3509 quoque
1605 3478 1620 3502 .
1656 3438 1762 3494 nisi
1793 3439 1954 3495 ambo

2062 3435 2148 3488 δύο
2187 3435 2528 3491 ἁκουστικῶν
2559 3437 2740 3509 πόρων
2764 3440 2893 3510 ἡμῖν
2910 3441 3294 3512 ἀνεῳγμένων.
3334 3444 3624 3515 Ὄφθαλμοὶ

381 3537 442 3592 in
474 3550 584 3589 una
606 3533 785 3602 aliqua
834 3546 895 3585 re
937 3529 1141 3585 visibili
1183 3529 1489 3600 deligantur
1514 3570 1529 3596 ,
1564 3544 1725 3584 suum
1756 3545 1955 3586 munus

381 3637 637 3684 accurate
692 3625 847 3680 obire
882 3638 992 3678 non
1048 3628 1274 3693 queunt.
1332 3621 1515 3691 Atque
1553 3621 1632 3675 ita
1660 3629 1744 3676 est
1779 3621 1834 3675 in
1869 3635 1956 3675 re-

380 3722 487 3776 bus
552 3717 916 3773 naturalibus.
987 3712 1111 3768 Jam
1159 3713 1569 3782 Scripturarum
1644 3713 1954 3767 testimonia

383 3813 482 3866 tibi
517 3811 721 3866 reierre
750 3822 863 3862 non
892 3807 1076 3860 minus
1120 3804 1438 3868 ridiculum,
1478 3817 1641 3873 quam
1672 3809 1954 3866 noctuam,

382 3909 444 3958 ut
485 3902 676 3966 aiunt,
715 3900 958 3954 Athenas
1012 3896 1176 3952 ferre.
1237 3894 1377 3962 Quid
1438 3894 1608 3964 igitur
1662 3894 1956 3949 miscemus

381 4008 502 4064 quae
573 3991 789 4047 misceri
833 4005 942 4044 non
1010 3995 1284 4059 possunt,
1358 3985 1630 4043 tumultus
1670 3984 1857 4038 civiles
1904 3993 1958 4038 et

382 4085 601 4158 pietatis
644 4083 1087 4138 exercitationem
1110 4123 1124 4145 ,
1157 4091 1221 4134 ac
1272 4093 1379 4133 non
1415 4077 1599 4147 potius
1631 4090 1661 4129 a
1711 4076 1957 4129 tumulti-

382 4178 487 4233 bus
519 4217 535 4242 ,
596 4182 650 4230 et
698 4190 732 4229 a
778 4173 1011 4243 negotiis
1056 4170 1309 4241 gerendis
1352 4176 1447 4223 aut
1487 4168 1578 4222 alii
1637 4167 1955 4223 exliibendis

385 4267 745 4330 recedentes,
807 4264 1096 4319 nobiscum
1168 4261 1275 4332 ipsi
1327 4274 1662 4326 versamur;
1698 4268 1753 4315 et
1809 4258 1957 4328 quod

384 4358 589 4415 dudum
624 4356 965 4425 suscepimus
1004 4353 1225 4422 pietatis
1263 4351 1620 4421 propositum,
1645 4365 1810 4420 opere
1834 4364 1959 4403 con-

385 4447 699 4508 ﬁrmamus,
730 4451 785 4499 et
816 4442 1138 4497 calumniari
1169 4441 1478 4495 volentibus
1516 4439 1853 4496 ostendimus
1882 4440 1959 4494 si-

384 4548 503 4594 tum
533 4539 588 4592 in
618 4537 727 4591 illis
774 4549 886 4590 non
922 4547 1080 4599 esse,
1111 4542 1168 4585 ut
1191 4532 1496 4587 molestiam
1532 4531 1694 4586 nobis
1737 4538 1954 4594 creent,

386 4646 511 4686 cum
540 4626 857 4684 voluerint?
887 4625 999 4679 Hoc
1036 4631 1221 4677 autem
1278 4623 1402 4686 tiet,
1439 4622 1531 4676 ubi
1573 4638 1677 4678 nos
1712 4622 1781 4677 ab
1808 4622 1956 4676 omni

387 4737 521 4778 ansa
555 4721 755 4775 liberos
791 4716 1221 4773 exhibuerimus.
1274 4712 1343 4768 Et
1371 4713 1486 4768 haec
1518 4712 1736 4783 quidem
1771 4713 1958 4767 hacte-

2061 3527 2138 3593 δὲ,
2167 3527 2261 3581 ἐὰν
2288 3528 2361 3600 μὴ
2385 3528 2685 3600 ἀμφότεροι
2709 3531 2843 3604 πρὸς
2872 3531 2930 3584 ἓν
2964 3549 3018 3585 τι
3063 3532 3172 3587 τῶν
3198 3535 3418 3605 ὁρατῶν
3448 3537 3625 3589 ἀποτα-

2063 3617 2251 3682 θῶσιν,
2278 3620 2519 3691 ἐνεργεῖν
2544 3619 2605 3673 τὸ
2624 3620 2832 3673 ἑαυτῶν
2864 3621 3108 3694 ἀκριϐῶς
3140 3625 3199 3676 ού
3226 3624 3503 3679 δύνανται.
3532 3625 3626 3679 Καὶ

2060 3711 2234 3765 ταῦτα
2270 3713 2367 3782 μέν
2392 3713 2462 3766 τά
2491 3712 2640 3785 παρὰ
2667 3714 2765 3784 τῆς
2800 3714 3015 3783 φύσεως
3038 3731 3051 3744 ·
3079 3714 3148 3768 τά
3175 3716 3232 3769 δὲ
3266 3718 3330 3769 ἐκ
3371 3718 3483 3770 τῶν
3503 3716 3626 3787 Γρα-

2063 3803 2178 3872 φῶν
2230 3820 2311 3856 σοι
2349 3804 2654 3876 διηγεῖσθαι
2709 3805 2806 3875 οὐχ
2856 3799 3018 3876 ἦττόν
3075 3809 3191 3860 ἐστι
3233 3809 3625 3878 καταγέλαστον

2062 3893 2349 3966 ῆγλαῦκα,
2411 3897 2576 3966 φησιν
2626 3895 2760 3963 (90),
2810 3896 3113 3966 Ἀθηναίοις
3151 3897 3325 3967 ἄγειν.
3363 3900 3431 3952 Τί
3454 3895 3543 3953 οὖν
3566 3897 3625 3952 τά

2062 3988 2266 4059 ἄμικτα
2292 3987 2589 4059 μίγνυμεν;
2623 3987 2885 4059 θορύϐους
2902 3989 3207 4055 πολιτικοὺς
3238 3992 3330 4044 καὶ
3363 3992 3625 4055 εὐσεϐείας

2062 4081 2333 4152 ἄσκησιν;
2386 4080 2499 4133 ἀλλ’
2532 4081 2652 4151 ούχὶ
2706 4082 3042 4145 ἀποστάντες
3088 4081 3196 4137 τῶν
3253 4083 3625 4157 θορύϐων,καὶ

2062 4172 2154 4227 τοῦ
2202 4174 2500 4245 πράγματα
2553 4173 2664 4244 (91)
2725 4173 2869 4245 ἔχειν
2927 4178 3018 4227 καὶ
3076 4176 3339 4246 παρέχειν
3387 4179 3621 4248 ἑτέροις,

2063 4264 2217 4336 ἡμῶν
2251 4265 2428 4319 αὐτῶν
2463 4266 2758 4337 γινόμεθα·
2792 4267 2886 4320 καὶ
2907 4266 2965 4318 ὃν
3000 4267 3165 4320 πάλαι
3190 4267 3508 4338 ὑπεθέμεθα
3539 4267 3625 4335 τῆς

2063 4356 2343 4420 εὐσεϐείας
2378 4357 2576 4410 σκοπὸν
2609 4357 2931 4429 βεϐαιοῦμεν
2975 4357 3052 4428 τῷ
3090 4358 3254 4428 ἔργῳ,
3297 4361 3399 4412 καὶ
3431 4360 3623 4412 δείκνυ-

2066 4467 2162 4519 μεν
2186 4452 2297 4512 τοῖς
2329 4449 2654 4520 ἐπηρεάζειν
2685 4453 2815 4522 ἡμῖν
2846 4450 3213 4522 βουλομένοις,
3239 4452 3323 4504 ὅτι
3354 4454 3457 4504 οὐκ
3490 4453 3623 4503 ἐστιν

2062 4541 2149 4593 ἐπ’
2179 4541 2360 4605 αὐτοῖς
2386 4542 2446 4594 τὸ
2483 4541 2669 4596 λυπεῖν
2719 4544 2867 4614 ἡμᾶς
2902 4543 3028 4596 ὅταν
3070 4542 3334 4606 ἐθέλωσι;
3368 4542 3540 4595 Τοῦτο
3573 4540 3622 4593 δὲ

2062 4629 2214 4683 ἔσται
2246 4630 2464 4683 ἐπειδὰν
2494 4631 2675 4703 πάσης
2704 4630 2874 4703 λαϐῆς
2895 4630 3212 4701 ἐλευθέρους
3243 4632 3476 4693 ἑαυτοὺς
3503 4631 3623 4682 ἀποο

2061 4720 2341 4793 δείξωμεν.
2368 4723 2477 4776 Καὶ
2510 4722 2683 4776 ταῦτα
2728 4724 2825 4793 μὲν
2852 4724 2929 4785 εἰς
2962 4722 3229 4775 τοσοῦτον.
3258 4721 3359 4790 Εῖη
3393 4722 3452 4775 δὲ
3489 4724 3621 4792 ἡμᾶς

385 4831 511 4872 nus.
560 4812 780 4870 Utinam
825 4814 1005 4863 autem
1063 4815 1117 4861 et
1166 4805 1329 4860 simul
1380 4804 1673 4874 aliquando
1723 4818 1953 4874 congre-

2062 4827 2186 4883 ποτε
2237 4812 2330 4864 καὶ
2376 4814 2434 4866 ἐν
2462 4810 2645 4882 ταυτῷ
2672 4812 2944 4881 γενέσθαι,
2973 4812 3065 4865 καὶ
3090 4811 3483 4883 ἀκριϐέστερον
3511 4811 3621 4881 βου-

386 4908 646 4966 diamur,
701 4911 757 4958 et
807 4897 1122 4969 diligentius
1169 4896 1536 4952 deliberemus
1596 4895 1663 4951 de
1707 4895 1775 4952 iis
1832 4911 1954 4966 quae

386 4996 595 5053 nostris
649 4994 937 5050 animabus
1007 4990 1364 5053 conducunt,
1433 5002 1503 5042 ne
1557 4987 1700 5041 inter
1762 4987 1953 5043 inanes

387 5104 551 5146 curas
608 5084 1121 5158 deprehendamur,
1198 5080 1514 5151 necessario
1570 5080 1720 5134 exitu
1792 5081 1953 5136 nobis

388 5179 826 5252 superveniente.
904 5175 1177 5231 Caeterum
1244 5174 1315 5230 iis
1387 5187 1510 5244 quae
1566 5179 1661 5226 tua
1713 5172 1954 5228 cbaritas

459 5339 480 5363 ‘
510 5337 658 5392 Alias
684 5332 933 5390 CCCXL.
965 5331 1178 5401 Scripta
1216 5331 1270 5384 in
1300 5330 1637 5401 episcopatu.

461 5407 572 5477 (87)
611 5406 954 5477 Ἀδύνατον.
977 5397 1503 5477 -ξίιίνειθιοεείᾼὶδιιῐ
1530 5414 1646 5477 sex.
1691 5397 1958 5477 Corrupte

389 5477 447 5532 in
469 5467 631 5533 editis
658 5476 939 5531 ἀδυνάτου.
976 5471 1099 5527 Mox
1122 5481 1234 5526 tres
1261 5469 1482 5525 codices
1513 5467 1953 5540 φλεγμαινούσης

464 5564 516 5600 υ.

392 5564 712 5690 9133);.
750 5616 1004 5690 redeem.
1048 5610 1188 5667 Tres
1235 5624 1369 5666 mss.
1403 5609 1496 5664 ἐπὶ
1544 5607 1773 5673 τούτοις.
1830 5607 1955 5664 Mox

390 5684 661 5744 deest'vﬁv
694 5685 751 5739 in
781 5684 1054 5739 Medicago.

463 5756 575 5824 (89)
614 5755 866 5822 Πλήρεις
884 5753 1016 5823 μέν.
1048 5752 1293 5820 Quatuor
1313 5749 1529 5809 codices
1557 5765 1668 5808 non
1686 5749 1952 5822 antiquis-

2057 4901 2348 4956 λεύσασθαι
2373 4905 2501 4975 περὶ
2528 4904 2635 4957 τῶν
2666 4904 3051 4975 συμφερόντων
3085 4906 3201 4966 ταῖς
3221 4903 3424 4974 ψυχαῖς
3455 4902 3616 4974 ἡμῶν,

2059 4994 2147 5048 ἵνα
2180 4995 2253 5067 μὴ
2278 4996 2333 5048 ὲν
2360 4998 2426 5067 τῇ
2448 4997 2574 5066 περὶ
2602 4996 2710 5048 τῶν
2735 4996 2977 5067 ματαίων
3001 4993 3239 5066 φροντίδι
3272 4992 3620 5065 καταληφθῶ-

2062 5104 2180 5158 μεν,
2208 5089 2306 5159 τῆς
2353 5088 2657 5156 ἀναγκαίας
2711 5086 2892 5151 ἐξόδου
2953 5085 3286 5155 ἐπελθούσης
3320 5087 3477 5156 ημῖν.
3507 5085 3619 5145 Τοῖς

2059 5180 2118 5234 δὲ
2177 5181 2525 5235 ἀποσταλεῖσι
2576 5179 2730 5252 παρά
2770 5180 2872 5252 τῆς
2912 5180 3133 5249 ἀγάπης
3164 5195 3256 5231 σου
3292 5176 3615 5250 ὑπερήσθην,

2062 5329 2191 5404 s_imi_
2216 5331 2573 5404 πλήρης-’μὲν
2623 5333 2652 5403 ή
2699 5331 2819 5386 θεία
2854 5333 3056 5404 Γραφὴᾲ
3091 5327 3166 5384 ὧν
3199 5329 3434 5404 ἐδίδαξεν
3460 5331 3613 5404 ἡμᾶς.

2061 5398 2231 5454 Paulo
2274 5398 2398 5471 post
2427 5398 2744 5459 Harlaaanus
2790 5398 3090 5457 codexi’Ev
3127 5404 3191 5472 τῇ
3236 5400 3345 5472 γὰρ
3392 5409 3447 5456 et
3480 5398 3614 5455 ita-ci

2061 5473 2246 5613 ταξίῶ
2273 5540 2682 5613 εξησίηβοίει.
2709 5542 2994 5613 primus_et
3022 5540 3164 5613 alius
3188 5538 3410 5613 quidam
3436 5539 3611 5613 φασίν.

2131 5609 2244 5693 (91)
2272 5609 2384 5693 qi
2417 5609 2992 5693 roﬁ_:§‘9drjtatq‘._lta
3020 5609 3189 5693 Coisl.
3222 5609 3458 5693 primus,
3490 5612 3609 5688 Heg.

2062 5679 2295 5751 primus.
2314 5679 2464 5736 Harl.
2493 5691 2547 5740 et
2568 5679 2807 5740 Clarum.
2834 5680 2978 5738 Editi
3001 5691 3055 5737 et
3085 5679 3335 5737 nonnulli
3358 5695 3487 5736 mss.
3510 5680 3609 5732 τῶν

2064 5751 2423 5823 πραγμάτων.
