3878 6222
200 277 341 335 1035

1047 258 1540 323 EPISTOLARUM
1578 256 1883 316 CLASSIS.
1925 253 1995 310 IIl
2038 248 2253 308 EPIST.
2295 248 2567 306 CCXCIII.

196 395 278 460 οἷς
330 394 547 466 ὑπῆρχε
589 391 689 464 μὲν
718 390 955 463 ἡδίστοις
990 383 1131 441 εἶναι
1160 387 1256 441 καὶ
1282 383 1425 440 κατὰ
1451 382 1549 454 τὴν
1571 376 1780 434 ἑαυτῶν
1811 386 1837 442 Α

1929 372 2033 429 ιίεἱι
2072 412 2087 436 ,
2180 384 2302 426 sum
2381 367 2539 424 valde
2612 364 2919 421 delectatus
2976 378 2990 417 :

3328 241 3469 299 1054

3049 376 3173 434 qua:
3247 360 3471 433 quidem

199 454 360 559 φῦσιν
388 504 401 516 ⁸
434 454 901 540 ’.πολλαπλασίονα
937 481 994 534 δὲ
1032 479 1132 552 τὴν
1165 478 1358 550 ἡδονὴν
1398 472 1633 529 ἐνεποίει
1667 468 1780 541 (92)

1929 471 1944 518 t
1990 478 2090 520 sua
2147 468 2344 532 sponte
2387 468 2546 514 erant
2587 456 2991 530 jucundissima
3034 474 3048 511 :
3096 462 3152 510 at
3207 454 3472 525 multipli-

195 586 230 654 ἠ
264 581 552 655 προσθήκη
580 578 674 634 τοῦ
707 574 1148 638 ἀποστείλαντος.
1181 572 1263 626 Τά
1293 571 1350 624 δὲ
1383 569 1493 623 ἀπὸ
1519 565 1613 621 τοῦ
1647 562 1784 619 Πόν-

195 691 315 737 του,
339 673 550 745 κηροὺς
589 670 685 725 καὶ
728 668 932 731 ἄκοπα,
967 665 1136 737 ἡδέως
1163 663 1330 730 δέξαι,
1365 662 1492 716 ὅταν
1523 655 1780 715 ἀποστεί-

198 765 412 836 λωμενο
439 762 534 817 νῦν
566 761 676 834 γάρ
704 762 836 832 ἡμῖν
864 761 924 814 οὐ
959 758 1163 828 παρῆν.

273 938 389 1010 (92)
435 939 747 1010 Ἐνεσξοίει.
774 935 867 991 Sic
903 935 1067 1001 Med.,
1098 933 1248 1010 Harl.
1280 943 1334 988 et
1358 931 1524 1010 Coisl.
1552 929 1784 1010 primus.

199 1002 347 1065 Editi
367 1002 560 1064 ἐποίει.
584 1007 754 1062 Paulo
775 1014 900 1077 post
926 1005 1257 1077 auctoritate
1277 1002 1594 1077 earumdem
1621 1002 1785 1051 trium

201 1080 458 1135 codicum
481 1073 839 1142 mutavimus,
872 1077 1021 1149 quod
1062 1076 1234 1131 nimio
1262 1073 1636 1145 grammaticae
1663 1077 1782 1125 slu-

1892 570 2011 610 eem
2061 552 2193 608 fecit
2243 551 2580 621 voluptatem
2636 549 2780 620 quod
2845 546 3083 604 accessit
3133 561 3165 601 a
3198 546 3471 602 mittente.

1889 643 2051 699 Ponti
2101 651 2280 697 autem
2316 641 2671 707 munuscula,
2714 654 2870 694 ceras
2903 637 3153 694 videlicet
3182 644 3237 692 et
3280 651 3472 708 acopa,

1891 748 2017 789 cum
2066 732 2308 797 misero,
2369 732 2605 787 libenter
2663 730 2885 801 suscipe

2947 746 2960 781 :
3009 743 3157 784 nunc
3199 727 3348 784 enim
3389 729 3476 783 his

1894 823 2176 881 carebam.

1900 942 1990 995 dio
2017 940 2301 1025 inductum
2336 940 2553 996 videtur
2597 938 2769 995 fuisse
2799 939 2857 994 in
2905 943 3137 1002 textum,
3166 936 3350 991 ἄκοπα
3382 934 3477 988 καὶ

1897 1029 1965 1082 κη
1973 1029 2120 1083 ρους.

1327 1334 1781 1424 CLASSIS
1853 1333 2344 1421 TERTIA.

396 1487 704 1568 Epistolas
733 1486 910 1549 nulla
956 1486 1260 1564 temporis
1294 1492 1439 1546 nota
1470 1483 1756 1563 signata).
1790 1498 1937 1543 cum
1975 1480 2276 1560 pluribus
2305 1480 2522 1542 dubiis
2556 1486 2617 1541 et
2650 1478 2892 1558 spuriis
2928 1478 3283 1542 nonnullis.

635 1678 794 1753 431
839 1676 1190 1731 ΕΠΙΣΤΟΛΗ
1221 1675 1380 1742 mea

2376 1669 2666 1726 EPISTOL
2679 1668 2713 1723 Δ
2735 1665 3007 1724 CCXCH‘.

208 1794 469 1861 Signiﬁcat
487 1807 630 1847 suum
650 1790 850 1844 videndi
872 1789 1091 1842 Palladii
1114 1790 1434 1861 desiderium,
1459 1790 1598 1855 cujus
1617 1802 1829 1861 uxorem
1849 1787 2056 1858 viderat,
2075 1798 2279 1861 eumque
2301 1784 2523 1836 hortatur
2547 1791 2600 1834 ut
2621 1784 2953 1861 vestimentum
2976 1782 3377 1849 immortalitatis,
3399 1797 3490 1836 nu-

1012 1867 1101 1917 per
1126 1853 1176 1904 in
1197 1852 1434 1918 baptismo
1459 1847 1727 1915 acceptum,
1756 1853 1817 1902 ab
1842 1849 1975 1902 omni
1999 1847 2392 1912 macula'purum
2415 1855 2675 1898 conservet.

841 1934 1186 1999 Παλλαδίῳ.

284 2054 362 2108 Τὸ
415 2053 589 2125 ἥμισυ
630 2053 731 2124 τῆς
786 2049 1087 2121 ἐπιθυμίας
1136 2046 1293 2120 ἡμῶν
1346 2046 1727 2120 ἐξεπλήρωσεν
1774 2046 1802 2099 ὁ

213 2148 371 2218 ἅγιος
386 2147 539 2211 Θεὸς,
577 2146 940 2217 οἰκονομήσας
967 2143 1068 2215 τὴν
1103 2141 1394 2212 συντυχίαν
1436 2140 1538 2211 τῆς
1570 2157 1806 2211 xeo-utm-

211 2240 391 2309 τάτης
420 2237 658 2308 ἀδελφῆς
683 2235 839 2308 ἡμῶν
896 2236 996 2307 τῆς
1047 2233 1278 2305 συμὸίου
1311 2250 1426 2287 σου.
1468 2233 1705 2296 Δυνατὺς
1749 2232 1806 2285 δὲ

213 2331 532 2402 παρασχεῖν
556 2327 731 2383 καὶτὸ
749 2326 1090 2397 λειπόμενον,
1112 2324 1253 2377 ὥστε
1286 2322 1492 2387 ἰδόντας
1515 2322 1625 2393 (95)
1658 2323 1807 2394 ἡμᾶς

214 2425 319 2478 καὶ
377 2422 477 2494 τὴν
533 2419 634 2492 σὴν
679 2418 981 2488 εὐγένειαν,
1025 2417 1237 2471 τελείαν
1265 2415 1553 2469 ἀποδοῦναι
1581 2414 1659 2486 τῷ
1689 2414 1809 2485 Θεῷ

215 2513 324 2584 τὴν
355 2512 537 2585 χάριν.
575 2509 665 2564 Ἐν
696 2509 864 2581 πολλῇ
888 2508 997 2582 γάρ
1032 2510 1198 2579 ἐσμεν
1238 2506 1506 2578 ἐπιθυμίᾳ
1530 2523 1545 2539 ο
1573 2506 1810 2578 μάλιστα

217 2604 341 2673 νῦν,
390 2606 480 2659 ὅτε
531 2605 849 2675 ἠκούσαμεν
882 2600 1209 2674 τετιμῆσθαι
1232 2618 1290 2654 σε
1320 2604 1386 2673 τῇ
1419 2600 1627 2672 μεγάλῃ
1655 2602 1807 2671 τιμῇ,

219 2698 304 2771 τῷ
350 2698 603 2766 ἀθανάτῳ
659 2697 940 2768 ὲνδύματι,
994 2696 1023 2749 ὃ
1076 2693 1337 2767 περισχὺν
1370 2694 1481 2767 (94)
1527 2693 1682 2765 ἡμῶν
1714 2692 1813 2764 τὴν

220 2788 646 2861 ἀνθρωπότητα,
688 2787 783 2841 τὸν
825 2790 884 2840 ὲν
925 2788 991 2858 τῇ
1039 2785 1204 2857 σαρκὶ
1230 2784 1460 2839 θάνατον
1492 2783 1810 2855 ὲξηφάνισε,

223 2882 324 2936 καὶ
353 2879 633 2951 κατεπόθη
671 2879 733 2933 τὸ
774 2878 969 2950 θνητὸν
1004 2879 1062 2931 ἐν
1085 2877 1162 2949 τῷ
1191 2876 1290 2948 τῆς
1320 2876 1627 2947 ἀφθαρσίας
1669 2874 1816 2929 ἐνδύ-

229 2990 390 3045 ματι.
427 2973 644 3043 Ἐπειδὴ
676 2967 768 3026 οὖν
812 2973 1015 3024 οἰκεῖον
1057 2969 1157 3041 μέν
1201 2986 1261 3021 σε
1296 2967 1472 3038 ἑαυτῷ
1502 2967 1615 3037 (95)
1643 2968 1671 3019 ὁ
1704 2966 1817 3021 Κύ-

228 3084 351 3140 ριος
379 3066 467 3119 διὰ
486 3067 583 3138 τῆς
605 3066 825 3139 χάριτος
869 3065 1147 3135 ἐποίησεν,
1180 3062 1513 3134 ἠλλοτρίωσε
1547 3062 1604 3115 δὲ
1638 3062 1818 3132 πάσης

227 3161 337 3230 τῆς
395 3160 699 3231 ἁμαρτίας,
751 3157 927 3231 ἤνοιξε
971 3157 1028 3210 δὲ
1075 3155 1352 3227 βασιλείαν
1397 3154 1673 3227 οὐρανῶν,
1724 3154 1819 3207 κα)¹

228 3253 386 3315 ὁδοὺς
437 3251 537 3315 τὰς
587 3249 905 3320 ἀπαγούσας
957 3248 1091 3320 πρὸς
1139 3247 1238 3319 τὴν
1279 3250 1393 3300 ἐκεῖ
1441 3248 1821 3318 μακαριότητα
1849 3290 1893 3349 c

230 3344 487 3412 ὑπέδειξε
506 3362 520 3376 ο
552 3342 980 3416 παρακαλοῦμεν
1016 3358 1074 3394 σε
1093 3381 1106 3402 ,
1141 3340 1308 3410 ἄνδρα
1334 3340 1587 3393 τοσοῦτον
1622 3342 1823 3411 φρονή-

234 3456 325 3493 σει
354 3437 465 3491 τῶν
488 3436 692 3491 λοιπῶν
720 3432 1495 3508 ὑπερέχοντα,λελογισμένως
1530 3432 1627 3503 τὴν
1662 3433 1822 3504 χάριν

232 3529 520 3597 δέξασθαι,
547 3530 643 3583 καὶ
671 3529 862 3583 πιστὸν
892 3526 1109 3598 φύλακα
1127 3526 1490 3597 γενέσθαιτοῦ
1523 3527 1822 3599 θησαυροῦ,

236 3623 395 3697 πάσῃ
439 3622 735 3695 ἐπιμελείᾳ
766 3620 1042 3694 τηροῦντα
1097 3621 1197 3692 τῆς
1244 3619 1533 3691 βασιλικῆς
1576 3636 1828 3689 παρακα-

235 3714 492 3785 ταθήκης
513 3715 611 3785 τὴν
635 3714 902 3785 φυλακὴν,
939 3712 1028 3766 ἵνα
1059 3711 1255 3766 ἄσυλον
1279 3709 1377 3781 τὴν
1409 3709 1679 3781 σφραγῖδα
1716 3708 1831 3762 δια-

240 3807 564 3878 σωσάμενος
622 3808 906 3877 παραστῇς
951 3802 1029 3875 τῷ
1075 3802 1268 3875 Κυρίῳ
1320 3801 1620 3873 ἐκλάμπων
1662 3803 1722 3854 ἐν
1759 3804 1827 3873 τῇ

238 3897 593 3970 λαμπρότητι
614 3898 724 3951 τῶν
764 3898 954 3967 ἁγίων,
993 3895 1198 3968 μηδένα
1229 3894 1417 3948 σπῖλον
1450 3895 1484 3965 ἢ
1522 3893 1710 3965 ῥυτίδα
1733 3895 1832 3964 ἐμ-

241 3987 428 4042 ϐαλὼν
477 3988 588 4060 (96)
635 3987 714 4060 τῷ
763 3986 991 4060 καθαρῷ
1049 3988 1147 4059 τῆς
1189 3985 1503 4056 ἀφθαρσίας
1547 3986 1828 4057 ἐνδύματι,

241 4081 363 4136 ἀλλ’
426 4085 485 4136 ὲν
534 4083 669 4137 πᾶσι
724 4084 835 4146 τοῖς
873 4081 1060 4153 μέλεσι
1100 4080 1191 4136 τὸν
1224 4079 1496 4152 ἀγιασμὸν
1526 4079 1828 4143 διασώςων,

241 4175 325 4239 ὡς
364 4174 596 4247 Χριστὸν
660 4173 1043 4245 ἐνδυσάμενος.
1095 4172 1271 4226 ’Ὅσοι
1326 4172 1473 4241 γὰρ,
1520 4171 1704 4241 φησὶν,
1745 4173 1829 4236 είς

242 4265 512 4335 Χριστὸν
525 4267 941 4333 ἐϐαπτίσθητε,
961 4263 1218 4334 Χριστὸν
1237 4263 1629 4317 ἐνεδύσασθε.
1653 4264 1833 4315 Ἔστω

242 4355 344 4413 οὖν
371 4358 549 4412 πάντα
578 4358 646 4412 τά
676 4357 813 4430 μέλη
845 4357 998 4425 ἅγια,
1044 4357 1325 4426 πρέποντα
1356 4352 1498 4409 εἶναι
1531 4354 1832 4409 σπέκεσθαι

243 4449 329 4522 τῷ
349 4450 494 4521 ἁγίῳ
518 4450 614 4505 καὶ
649 4449 899 4521 φωτεινῷ
926 4447 1319 4520 περιϐλήματι.

778 4560 1126 4645 summa
1159 4559 1312 4628 XLJ".

2551 1928 2830 1985 Palladio.

1974 2043 2272 2100 Dimidium
2322 2042 2587 2100 desiderii
2630 2045 2804 2099 nostri
2855 2044 3000 2102 Deus
3064 2056 3291 2104 sanctus
3341 2062 3497 2102 com-

1907 2138 2097 2208 plevit,
2132 2137 2263 2193 dum
2298 2137 2429 2193 fecit
2481 2145 2542 2192 ut
2593 2139 2964 2196 ornatissimae
3011 2141 3223 2198 sororis
3267 2154 3494 2206 nostrae,

1907 2230 2161 2300 conjugis
2216 2237 2325 2285 tua:
2375 2232 2589 2287 fruerer
2627 2234 2936 2303 praesentia.
2982 2231 3172 2291 Potest
3212 2244 3392 2292 autem
3440 2244 3497 2293 et

1909 2323 2055 2392 quod
2092 2322 2363 2392 reliquum
2410 2332 2494 2379 est
2550 2336 2809 2394 praeStare
2841 2367 2857 2393 ,
2919 2335 2980 2380 ut
3008 2333 3063 2381 et
3084 2334 3235 2381 tuam
3277 2342 3498 2399 quoque

1923 2415 2264 2470 nobilitatem
2296 2415 2511 2479 videns,
2543 2418 2852 2474 cumulatas
2903 2416 3016 2473 Deo
3071 2420 3278 2491 gratias
3317 2434 3495 2491 agam.

1911 2506 2046 2560 Nam
2097 2506 2374 2562 desiderio
2428 2509 2601 2563 multo
2658 2510 2969 2576 incendor,
3029 2527 3180 2567 nunc
3210 2516 3495 2581 maxime,

1914 2613 2039 2653 cum
2069 2599 2235 2653 audio
2263 2608 2318 2654 te
2348 2614 2471 2655 esse
2501 2600 2709 2655 honore
2752 2617 2954 2674 magno
2990 2603 3309 2660 decoratum
3330 2646 3345 2673 ,
3402 2606 3502 2661 im-

1916 2690 2135 2746 mortali
2165 2691 2378 2746 scilicet
2412 2691 2755 2761 indumento,
2800 2697 2944 2766 quod
2974 2705 3228 2752 naturam
3254 2707 3503 2755 nostram

1917 2791 2236 2853 contegens,
2280 2796 2517 2840 mortem
2546 2790 2733 2843 carnis
2766 2790 3024 2854 abolevit,
3061 2798 3118 2846 et
3156 2792 3305 2863 quod
3349 2808 3504 2848 mon-

1917 2878 2027 2933 tale
2080 2888 2233 2942 erat,
2286 2878 2343 2931 in
2402 2879 2837 2936 immortalitatis
2891 2883 3223 2937 vestimento
3304 2883 3506 2938 absor-

1920 2976 2073 3039 ptum
2160 2977 2263 3024 est.
2332 2967 2604 3035 Quoniam
2683 2971 2852 3041 igitur
2918 2979 2974 3027 te
3031 2974 3343 3043 proximum
3402 2972 3508 3028 sibi

1921 3048 2190 3120 Dominus
2224 3079 2324 3135 per
2384 3066 2620 3136 gratiam
2669 3063 2885 3128 effecit,
2932 3064 3276 3136 removitque
3321 3078 3351 3118 a
3381 3079 3512 3136 pec-

1923 3167 2048 3213 cato
2077 3158 2245 3224 omni,
2296 3166 2349 3213 et
2396 3173 2626 3229 regnum
2677 3158 2943 3212 caelorum
2996 3157 3247 3228 aperuit,
3283 3170 3348 3212 ac
3390 3156 3512 3211 vias

1925 3251 1994 3307 ad
2048 3249 2289 3305 futuram
2336 3248 2451 3303 illic
2506 3249 2898 3305 beatitudinem
2945 3248 3285 3304 deducentes
3332 3257 3515 3305 osten-

1925 3344 2048 3411 dit;
2111 3342 2378 3397 adhortor
2409 3350 2484 3408 te,
2531 3344 2711 3397 virum
2756 3349 2913 3397 tanto
2961 3342 3176 3398 caeteris
3222 3342 3515 3413 prudentia

1927 3443 2317 3506 praestantem,
2353 3444 2412 3490 ut
2451 3435 2752 3505 prudenter
2787 3436 3115 3491 beneﬁcium
3144 3435 3408 3506 accipias,
3449 3452 3515 3490 ac

1930 3528 2108 3583 ﬁdelis
2140 3528 2219 3584 sis
2253 3536 2440 3584 custos
2481 3528 2751 3592 thesauri,
2797 3543 2931 3582 cura
2991 3529 3142 3583 omni
3176 3529 3385 3599 regium
3426 3528 3517 3583 de-

1931 3620 2168 3690 positum
2198 3634 2575 3685 conservans;
2616 3619 2690 3672 ita
2720 3627 2803 3685 ut,
2842 3625 3134 3689 postquam
3164 3619 3404 3689 sigillum
3432 3620 3518 3674 in-

1932 3727 2142 3786 tegrum
2201 3730 2268 3770 ac
2321 3716 2586 3769 intactum
2643 3712 2975 3770 custodieris
3004 3752 3020 3777 ,
3066 3713 3303 3770 Domino
3366 3724 3516 3770 astes

1931 3804 2208 3876 refulgens
2264 3805 2320 3858 in
2378 3804 2670 3874 splendore
2753 3810 3071 3860 sanctorum
3099 3842 3116 3866 ,
3177 3819 3376 3874 purum
3447 3806 3516 3860 ab

1932 3898 2083 3952 omni
2130 3897 2350 3952 macula
2382 3904 2438 3953 et
2469 3912 2604 3966 ruga
2638 3898 3030 3952 vestimentum
3081 3895 3518 3951 immortalitatis

1933 4005 2150 4061 gerens,
2190 4005 2256 4045 ac
2277 3990 2703 4046 sanctimoniam
2748 3991 2805 4045 in
2834 3990 3095 4046 omnibus
3136 3990 3397 4047 membris
3431 4004 3522 4044 re-

1934 4084 2162 4148 tinens,
2218 4092 2277 4138 ut
2333 4082 2616 4139 Christum
2654 4082 2899 4138 indutus.
2959 4082 3272 4153 Quicunque
3335 4085 3562 4162 enim...

1936 4172 2161 4243 inquit,
2220 4175 2274 4227 in
2332 4172 2545 4229 Christo
2597 4172 2855 4241 baptizati
2892 4174 3059 4239 estis,
3123 4173 3395 4229 Christum
3447 4176 3522 4228 iu-

1935 4264 2128 4320 duistis
2146 4265 2213 4320 εδ.
2239 4264 2475 4322 Proinde
2498 4266 2747 4322 membra
2772 4266 2958 4321 omnia
2988 4266 3099 4323 sint
3122 4275 3345 4334 sancta;
3388 4268 3524 4321 adeo

1938 4364 1998 4431 ut
2026 4356 2193 4426 digna
2222 4358 2334 4413 sint
2357 4398 2372 4424 ,
2404 4373 2527 4428 qua:
2562 4368 2758 4414 sancta
2784 4359 2878 4413 illa
2933 4373 2999 4413 ac
3037 4359 3327 4430 splendida
3376 4368 3527 4414 veste

1937 4450 2282 4519 operiuntur.

2347 4562 2686 4620 EPISTOLA
2740 4565 2994 4623 CCXCIH
3035 4570 3098 4623 “.

244 4674 399 4728 Scire
414 4681 522 4727 avet
544 4672 758 4726 Basilius
777 4688 843 4725 an
859 4671 1090 4731 Julianus
1110 4687 1253 4725 usum
1274 4688 1445 4727 manus
1465 4676 1911 4804 νῆἓὶξιῗιὶιᾶιιιιαιέῖἓ
1922 4678 2309 4793 ἕᾶαἰειιέιιξειῧέῗὶι
2329 4682 2391 4757 de
2412 4680 2558 4747 ﬁrmo
2579 4688 2625 4734 et
2644 4681 2880 4734 constanti
2902 4682 3072 4734 mentis
3090 4687 3232 4733 statu.
3256 4682 3409 4747 Rogat
3428 4683 3526 4731 Ju-

2041 4756 2067 4793 e
2144 4757 2189 4793 rt
2274 4780 2287 4793 .

2041 4756 2067 4793 ε
2088 4756 2287 4793 πτιυαι.

834 4844 1133 4913 Ἰουλιανῷ
1163 4846 1296 4917 (97).

325 4937 454 5002 Πῶς
503 4954 585 4992 σοι.
633 4937 727 4991 τὸν
778 4939 840 4992 ὲν
901 4939 1052 5009 μέσῳ
1105 4937 1294 4991 τοῦτον
1333 4936 1523 5008 χρόνον
1571 4939 1632 4993 τὸ
1680 4940 1841 5010 σῶμα

243 5026 456 5100 ἐσχεν;
495 5028 544 5080 εἰ
587 5018 843 5100 καθαρῶς
876 5026 1149 5092 ἀπέλαϐες
1197 5028 1295 5098 τῆς
1330 5028 1512 5100 χειρὸς
1558 5030 1657 5101 τὴν
1691 5033 1843 5085 ἐνέο-

326 5183 376 5216 ⁴⁸
397 5181 575 5239 Galat.
614 5199 697 5247 ιιι,
732 5182 823 5237 27.

328 5298 458 5374 (95)Δ
483 5300 767 5374 Ἰδᾴνεας.
791 5301 1004 5374 Habent
1032 5302 1244 5367 εἰδότας
1268 5299 1420 5356 Harl.
1440 5310 1507 5374 iet
1525 5301 1698 5359 Coisl.
1724 5306 1838 5374 pri-

240 5369 499 5428 muan
540 5370 798 5427 Medicam
841 5373 1033 5429 codice
1072 5389 1180 5427 non
1215 5380 1394 5428 exstat
1438 5373 1557 5428 htec
1581 5369 1836 5442 epistola.

329 5442 445 5511 (94)
480 5443 549 5514 ξ⁹0
571 5444 884 5512 περισχόν.
917 5444 997 5514 Ita
1021 5443 1173 5499 Harl.
1197 5451 1251 5499 et
1278 5444 1523 5514 quinque
1549 5444 1663 5499 alii.
1692 5445 1839 5502 Editi

240 5519 310 5568 et
341 5512 514 5585 Qoisl.
556 5515 765 5585 primus
795 5513 1072 5585 περιέχον.

331 5582 445 5655 (95)
485 5584 613 5657 ὀξέι·
638 5600 717 5657 σε
743 5582 1229 5657 ἑαυέῷξιιιιᾼῐηξς.
1268 5592 1400 5641 tres.
1431 5583 1575 5657 Editi
1604 5584 1837 5657 σεαυτῷ.

244 5652 413 5728 Harl.
444 5661 503 5728 et
528 5654 704 5728 Paris.
732 5655 831 5728 μέν
865 5671 923 5708 σε
948 5655 1126 5728 αὐτῷ.
1160 5655 1330 5711 Paulo
1370 5663 1492 5726 post
1532 5656 1686 5712 Harl.
1730 5652 1840 5709 πά-

247 5724 422 5788 laici;
454 5725 550 5796 τῆς
576 5724 872 5796 ἁμαρτίας,
903 5726 967 5778 ab
998 5724 1466 5785 antiquo‘vccculo.

582 5824 855 5882 PATROL.
891 5822 1004 5889 Gn.
1065 5823 1335 5886 XXXII.

1872 4852 1919 4907 D

2607 4852 2848 4907 Iuliano.

2024 4943 2311 5010 Quomodo
2350 4945 2450 5000 tibi
2490 4945 2596 5001 hoc
2638 4944 2926 5015 interjecto
2952 4952 3197 5012 tempore
3227 4957 3427 5011 corpus
3467 4957 3525 4995 se

1954 5032 2193 5088 habuit?
2234 5035 2461 5090 omnino
2491 5048 2688 5089 manus
2726 5049 2886 5091 usum
2925 5030 3527 5103 recepisti?Quomodo

2019 5304 2496 5377 (96),Ἐ’μ6αλών.
2538 5304 2790 5377 Quinque
2830 5321 2966 5363 mss.
3003 5320 3117 5362 non
3166 5303 3526 5363 vetustissimi

1946 5376 2273 5431 ἐπιϐάλλων.
2702 5376 2715 5377 ί

1998 5446 2132 5518 (97)
2169 5444 2496 5518 Ἰουλιανῷ.
2519 5445 2811 5503 Medicaeus
2831 5455 2884 5504 et
2900 5446 3069 5504 Coisl.
3089 5449 3300 5518 primus
3324 5446 3533 5503 addunt

1947 5517 2287 5592 ἠθικὴ-πάνυ
2303 5517 2766 5592 ιδραίαΔ-ηιρῖαιίδ
2802 5521 3015 5574 omnino
3043 5517 3289 5589 pulchra.

2024 5593 2041 5614 “
2070 5586 2220 5642 Alias
2249 5586 2670 5643 CCCLXXXVI.

2022 5661 2066 5685 "
2098 5658 2248 5715 Alias
2271 5657 2501 5714 CLXVI.

3227 5819 3307 5882 33
