3878 6222
395 346 540 404 ίοὸὗ

1779 342 1839 402 S.
1880 345 2128 404 BASILII
2171 345 2390 404 MAGNI

3519 344 3642 401 1053

399 461 563 517 etiam
604 458 832 530 reliqua:
862 474 953 515 res
985 458 1154 515 vitae?
1204 471 1275 512 an
1327 456 1425 513 tibi
1470 470 1535 512 ex
1575 461 1849 514 sententia
1884 476 1972 515 ce-

2093 476 2277 528 γειαν;
2328 458 2453 524 Πῶς
2502 460 2559 514 δὲ
2608 460 2677 514 τά
2719 458 2883 513 λοιπὰ
2927 457 3022 513 τοῦ
3064 456 3179 529 βίον
3230 458 3555 530 πράγματας
3598 463 3641 513 εἰ

396 550 556 618 dunt,
587 550 1050 622 quemadmodum
1096 557 1376 620 optamus,
1407 556 1462 603 et
1491 549 1569 603 uti
1592 551 1848 605 instituto
1883 562 1976 605 tuo

394 638 638 697 debitum
672 639 799 697 est?
828 637 1038 695 Etenim
1087 638 1291 710 quibus
1335 637 1496 694 facile
1534 640 1819 696 mutabilis
1848 656 1979 696 sen-

402 735 589 797 tentia,
636 734 724 791 bis
773 732 1003 789 minime
1045 732 1248 788 mirum
1297 740 1383 789 est
1415 734 1542 789 vita:
1571 733 1819 790 ordinem
1864 749 1977 789 non

398 838 656 883 constare
688 843 704 894 ;
738 826 942 897 quibus
979 839 1110 880 vero
1140 824 1295 880 ﬁrma
1325 841 1483 882 mens
1516 838 1622 895 est,
1653 842 1978 898 semperque

396 926 664 997 constans
698 927 753 974 et
789 918 980 974 eadem
1004 958 1018 982 ,
1059 917 1147 973 bis
1195 923 1627 974 consentaneum
1676 928 1762 975 est
1809 919 1978 973 vitam

395 1012 654 1069 mstituto
694 1018 1087 1080 congruentem
1132 1007 1357 1065 ducere.
1402 1006 1538 1063 Nam
1572 1025 1631 1064 re
1671 1010 1790 1080 ipsa
1838 1023 1979 1063 nau-

393 1104 546 1161 clero
577 1117 691 1158 non
722 1101 853 1158 licet
882 1099 1338 1171 tranquillitatem
1384 1100 1567 1156 facere
1607 1115 1733 1155 cum
1783 1100 1977 1155 volue-

392 1196 512 1265 rit;
550 1194 645 1252 sed
671 1194 835 1251 nobis
873 1193 1225 1263 tranquillam
1268 1192 1430 1247 nobis
1461 1192 1595 1263 ipsis
1639 1192 1807 1246 vitam
1846 1206 1979 1247 con-

393 1288 645 1352 stituere,
694 1287 861 1344 etiam
913 1286 1143 1342 omnino
1179 1284 1361 1350 facile,
1410 1284 1455 1339 si
1503 1284 1771 1340 tumultus
1815 1282 1977 1339 nobis

395 1382 548 1437 intus
600 1396 669 1437 ex
708 1380 859 1436 vitiis
899 1380 1250 1451 insurgentes
1298 1391 1754 1448 compescamus,
1809 1375 1975 1448 432

394 1481 451 1527 et
486 1472 574 1529 bis
602 1488 726 1543 quae
761 1474 1107 1528 extrinsecus
1137 1469 1419 1533 accidunt,
1449 1470 1698 1523 altiorem
1731 1469 1976 1522 animum

396 1564 765 1621 stabiliamus.
790 1561 928 1617 Nam
965 1577 1068 1617 nec
1113 1560 1339 1625 damna,
1379 1575 1481 1615 nec
1515 1560 1692 1615 morbi
1745 1574 1848 1614 nec
1891 1573 1980 1614 re-

397 1659 552 1730 liqua
604 1658 729 1712 vitae
781 1656 1132 1712 incommoda
1184 1654 1415 1725 probum
1450 1653 1627 1709 virum
1680 1655 1973 1724 attingunt,

398 1748 646 1823 quandiu
693 1749 935 1804 animam
976 1747 1232 1802 habuerit
1260 1747 1315 1801 in
1359 1747 1469 1800 Deo
1500 1746 1893 1808 ambulantem,
1925 1754 1979 1800 et

2083 554 2227 606 κατά
2263 551 2489 623 γνώμην
2539 556 2708 625 χωρεῖ
2743 571 2864 617 σοι,
2896 551 3086 623 ὥσπερ
3129 550 3431 621 εὐχόμεθα,
3462 552 3550 604 καὶ
3576 551 3644 614 ὡς

2083 644 2231 698 ἔστιν
2269 644 2617 716 ὀφειλόμενον
2664 648 2730 717 τῇ
2771 648 2836 716 σῇ
2877 644 3228 717 προαιρέσει;
3273 643 3385 696 Καὶ
3421 642 3526 715 γὰρ
3573 640 3644 707 οἷς

2088 737 2187 808 μὲν
2214 734 2432 801 εὔκολος
2472 738 2607 807 πρὸς
2643 737 2943 808 μεταϐολὴν
2986 738 3020 807 ἠ
3054 736 3291 797 διάνοια,
3329 733 3537 798 τούτοις
3564 735 3645 788 ού-

2083 829 2172 882 δὲν
2204 829 2430 893 ἀπεικὸς
2469 831 2566 883 καὶ
2596 830 2687 884 τὸν
2720 829 2833 901 βίον
2876 825 3015 883 εἶναι
3060 828 3134 899 μὴ
3181 826 3544 897 τεταγμένοψ
3577 821 3647 892 οἷς

2084 921 2141 974 δὲ
2178 924 2453 993 πεπηγυῖα
2483 924 2518 993 ή
2553 921 2777 994 γνώμη,
2811 922 2903 975 καὶ
2936 922 3023 974 ἀεὶ
3057 921 3274 974 ἑστῶσα
3299 920 3398 973 καὶ
3427 923 3461 990 ή
3504 920 3647 991 αὐτὴ,

2084 1008 2294 1077 τούτοις
2318 1013 2427 1084 (98)
2471 1012 2761 1068 ἀκόλουθον
2790 1014 3098 1085 συμφώνως
3131 1015 3194 1084 τῇ
3227 1012 3544 1084 προαιρέσει
3565 1012 3650 1082 τήν

2085 1102 2231 1175 ζωὴν
2282 1103 2572 1172 διεξάγειν.
2615 1101 2706 1173 Τῷ
2741 1102 2857 1156 δντι
2911 1102 3020 1174 γάρ
3055 1102 3363 1173 κυϐερνήτῃ
3408 1100 3515 1171 (99)
3567 1102 3651 1171 μὲν

2083 1197 2184 1249 οὐκ
2217 1197 2428 1265 ἐφεῖται
2476 1195 2717 1268 γαλήνην
2750 1195 2929 1247 ποιεῖν
2980 1197 3068 1248 ὅτε
3115 1194 3401 1264 βούλεται·
3442 1195 3568 1263 ἡμῖν
3604 1191 3654 1243 δὲ

2083 1288 2335 1359 ἀκύμονα
2364 1290 2577 1352 ἑαυτοῖς
2611 1286 2876 1358 καθιστᾷν
2906 1288 2998 1341 τὸν
3022 1286 3136 1357 βίον
3168 1286 3265 1341 καὶ
3290 1285 3438 1340 πάνυ
3470 1285 3652 1355 ῥᾴδιον,

2085 1384 2181 1436 ἐὰν
2234 1384 2363 1446 τοὺς
2405 1381 2615 1437 ἔνδοθεν
2668 1385 2733 1437 ὲκ
2787 1382 2897 1436 τῶν
2951 1380 3143 1435 παθῶν
3202 1377 3656 1448 ἐπανισταμένους

2084 1474 2215 1544 ἡμῖν
2270 1471 2535 1543 θορύϐους
2596 1474 3090 1543 κατασιγάσωμεν,
3149 1472 3245 1524 καὶ
3302 1471 3417 1524 τῶν
3474 1466 3653 1534 ἔξωθεν

2086 1565 2541 1636 προσπιπτόντων
2594 1564 2932 1637 ὑψηλοτέραν
2970 1564 3070 1635 τὴν
3111 1562 3340 1635 γνώμην
3398 1574 3655 1631 καταστη-

2086 1654 2325 1725 σώμεθα.
2352 1654 2463 1708 Καὶ
2490 1654 2599 1726 γὰρ
2621 1654 2745 1708 οὔτε
2779 1654 3006 1727 ζημίαι,
3043 1654 3167 1708 οὕτε
3192 1652 3522 1727 ἀρρωστίαι,
3548 1651 3656 1705 οὔτε

2085 1750 2141 1801 αἰ
2171 1748 2355 1801 λοιπαὶ
2384 1748 2697 1820 δυσχέρειαι
2741 1747 2833 1802 τοῦ
2879 1747 2994 1819 βίου
3019 1787 3035 1809 ,
3087 1746 3316 1816 ἀψονται
3371 1743 3470 1799 τοῦ
3513 1762 3660 1797 σπον-

399 1842 826 1915 prospicientem
856 1839 1066 1904 futura,
1095 1854 1159 1894 ac
1184 1838 1460 1909 procellas
1487 1854 1517 1893 e
1543 1845 1687 1892 terra
1712 1836 1978 1892 excitatas

2093 1840 2229 1894 Sotion
2265 1881 2279 1905 ,
2333 1842 2438 1905 ἕως
2488 1841 2555 1895 ἂν
2610 1840 2708 1912 ἔχῃ
2762 1840 2860 1911 τὴν
2912 1840 3155 1894 διάνοιαν
3203 1838 3283 1910 τῷ
3336 1836 3463 1909 Θεῷ
3504 1840 3659 1909 ἐμπο-

396 1935 594 1993 leviter
622 1943 678 1990 et
703 1932 958 2003 expedite
991 1941 1365 2002 superantem.
1408 1929 1692 1999 Siquidem
1725 1929 1821 2000 qui
1853 1929 1978 1984 vitae

2093 1930 2382 2002 οευομένην
2430 1929 2539 2001 (1),
2575 1932 2670 1984 καὶ
2723 1929 2786 1983 τὸ
2829 1929 3021 2000 μέλλον
3072 1929 3534 1992 ἀποσκοποῦσαν,
3579 1929 3660 1981 καὶ

397 2027 549 2085 curis
583 2026 879 2083 admodum
924 2013 1130 2080 deteiiti
1177 2030 1331 2088 sunt,
1361 2021 1524 2076 veluti
1558 2036 1808 2075 carnosa:
1850 2034 1978 2077 aves

2093 2022 2178 2092 τῆς
2207 2021 2444 2093 χαμόθεν
2477 2022 2836 2094 ὲγειρομένης
2876 2021 3046 2093 ζάλης
3089 2023 3310 2092 κούφως
3352 2022 3452 2075 καὶ
3486 2022 3660 2074 εὐστα-

395 2120 607 2177 frustra
642 2120 746 2175 alis
793 2119 1079 2173 instructae
1109 2116 1259 2170 humi
1310 2122 1541 2186 serpunt
1579 2129 1685 2168 una
1717 2129 1841 2168 cum
1888 2129 1978 2182 pe-

2093 2113 2188 2176 tii);
2220 2114 2650 2187 ὑπεραίρουσαν.
2706 2116 2859 2169 Ἐπεὶ
2902 2115 2958 2168 οῖ
2997 2131 3061 2184 γε
3119 2114 3371 2185 σφοδρῶς
3420 2117 3538 2177 ταῖς
3579 2111 3659 2165 τοῦ

397 2211 645 2268 coribus.
675 2207 753 2265 Te
791 2224 924 2265 vero
958 2214 1172 2262 tantum
1218 2205 1406 2260 videre
1445 2219 1542 2274 per
1567 2204 1786 2274 negotia
1817 2204 1977 2258 nobis

2093 2202 2198 2255 Ξίου
2250 2206 2544 2276 μερίμναις
2594 2205 3062 2277 κατειλημμένοι,
3097 2201 3209 2258 οἷον
3240 2202 3463 2276 ὄρνιθες
3516 2202 3663 2256 πολύ-

396 2303 573 2370 licuit,
597 2311 868 2373 quantum
890 2300 984 2372 qui
1018 2315 1077 2353 se
1107 2298 1163 2351 in
1191 2297 1329 2352 mari
1358 2296 1590 2350 invicem
1625 2303 1973 2366 praetereunt.

394 2394 650 2447 Attamen
674 2390 936 2461 quoniam
974 2389 1061 2443 vel
1092 2403 1160 2442 ex
1207 2402 1387 2456 ungue
1419 2386 1545 2441 licet
1574 2393 1746 2439 totum
1776 2402 1979 2455 cogno-

398 2499 556 2541 scere
603 2483 817 2539 leonem
843 2523 858 2548 ,
898 2481 1148 2537 videmur
1195 2480 1359 2535 nobis
1398 2495 1465 2533 ex
1510 2476 1723 2532 modico
1761 2477 1979 2547 experi-

398 2583 587 2631 mento
635 2575 775 2631 satis
823 2581 877 2629 te
924 2572 1271 2644 cognovisse.
1340 2569 1494 2625 Unde
1537 2579 1592 2625 et
1638 2570 1741 2624 hoc
1792 2569 1976 2641 magni

395 2669 654 2736 facimus,
697 2684 788 2724 res
822 2676 1044 2724 nostras
1084 2681 1115 2720 a
1149 2677 1201 2722 te
1246 2665 1299 2719 in
1346 2665 1532 2734 aliquo
1569 2678 1798 2718 numero
1822 2662 1979 2733 poni,

394 2776 608 2832 nosque
635 2775 668 2815 a
694 2770 789 2816 tua
830 2769 1013 2815 mente
1042 2774 1155 2813 non
1190 2758 1406 2820 abesse,
1437 2755 1534 2811 sed
1560 2763 1738 2810 tecum
1773 2753 1981 2826 jugiter

396 2866 497 2924 per
542 2852 866 2910 memoriam
917 2851 1151 2907 versari.
1193 2847 1451 2905 Scribere
1488 2854 1672 2903 autem
1718 2845 1981 2902 recorda-

399 2946 568 3002 tionis
596 2952 682 3002 est
727 2943 1059 3017 significatio
1096 2958 1111 2996 :
1158 2941 1305 3014 quod
1350 2942 1597 2997 crebrius
1652 2938 1869 3004 feceris,
1902 2955 1969 2994 eo

399 3036 562 3094 nobis
596 3036 808 3108 gratius
831 3034 1015 3090 facies.

2082 2312 2275 2368 σαρκοι
2306 2298 2430 2368 είκῆ
2476 2297 2538 2350 τὸ
2568 2297 2768 2369 πτερὸν
2803 2297 3018 2368 ἔχοντες
3042 2339 3057 2361 ,
3097 2298 3250 2351 κάτω
3283 2315 3392 2351 που
3423 2297 3659 2367 σύρονται

2085 2388 2225 2457 μετὰ
2274 2389 2384 2441 τῶν
2440 2389 2823 2461 βοσκημάτων.
2866 2390 2935 2443 Σὲ
2986 2390 3045 2444 δὲ
3093 2390 3349 2444 τοσοῦτον
3403 2391 3529 2443 ἰδεῖν
3569 2388 3663 2441 ὑπὸ

2079 2479 2189 2532 τῶν
2222 2481 2566 2552 πραγμάτων
2601 2483 2995 2555 ἐπετράπημεν
3018 2525 3033 2549 ,
3068 2484 3193 2536 ὅσον
3241 2485 3289 2536 οξ
3343 2484 3407 2536 ὲν
3452 2482 3658 2549 πελάγει

2082 2572 2347 2644 ἀλλήλους
2379 2574 2865 2645 παραμειϐόμενοι.
2900 2576 3048 2646 Πλὴν
3081 2575 3216 2639 ἀλλ’,
3251 2574 3447 2646 ἐπειδὴ
3489 2576 3577 2627 καὶ
3608 2572 3660 2637 ἐξ

2084 2662 2272 2735 ὄνυχος
2304 2664 2452 2719 ἐστιν
2488 2666 2606 2719 ὅλον
2638 2667 2905 2738 γνωρίσαι
2935 2668 3027 2721 τὸν
3055 2667 3277 2730 λέοντα,
3314 2669 3385 2720 ὲκ
3419 2667 3661 2739 βραχείας

2083 2758 2183 2828 τῆς
2240 2756 2436 2829 πείρας
2472 2758 2756 2830 ἡγούμεθά
2806 2776 2866 2812 σε
2917 2759 3119 2823 ἱκανῶς
3150 2759 3480 2828 ἐγνωκέναι.
3515 2756 3661 2811 Ὅθεν

2085 2851 2180 2904 καὶ
2225 2850 2369 2921 μέγα
2408 2850 2712 2922 ποιούμεθα
2746 2852 2808 2905 τὸ
2853 2852 2911 2905 ὲν
2939 2851 3084 2923 λόγῳ
3112 2852 3186 2923 (2)
3219 2853 3280 2905 σέ
3305 2869 3425 2905 τινι
3457 2850 3524 2905 τὰ
3552 2848 3661 2904 καθ’

2084 2944 2235 3014 ἡμᾶς
2278 2943 2564 3007 τίθεσθαι,
2600 2945 2695 2998 καὶ
2747 2945 2820 3016 μὴ
2854 2944 3080 2998 ἀπεῖναι
3127 2962 3220 2998 σου
3267 2944 3373 3015 τῆς
3416 2942 3659 3005 διανοίας,

2084 3035 2221 3090 ἀλλά
2245 3034 2511 3108 διηνεκῶς
2540 3053 2621 3090 σοι
2648 3038 2888 3090 συνεῖναι
2910 3036 2997 3089 διὰ
3046 3036 3146 3106 τῆς
3184 3037 3433 3108 μνήμης.
3472 3037 3660 3103 Δεῖγμα

397 3131 459 3185 δὲ
513 3131 734 3202 μνήμης
770 3130 831 3183 τὸ
867 3128 1129 3199 γράφειν·
1183 3127 1320 3197 ὅπερ
1370 3126 1480 3197 ὅσῳ
1521 3123 1587 3179 ἂν
1640 3124 2019 3195 συνεχέστερον
2047 3130 2208 3201 ποιῇς
2243 3128 2319 3200 (5)
2345 3167 2360 3195 ,
2394 3128 2633 3201 τοσούτῳ
2671 3129 2830 3183 πλέον
2861 3131 2995 3201 ἡμῖν
3025 3131 3209 3202 χαριῇ.
3258 3198 3261 3201 ν

827 3309 1165 3367 EPISTOLA
1217 3308 1468 3366 CCXCIV
1498 3313 1537 3364 '.

2611 3312 2959 3366 ΕΠΙΣΤΟΛΗ
2993 3314 3151 3381 ΣιιΑν.

402 3458 659 3529 Signiﬁcat
681 3473 733 3513 se
756 3459 1244 3530 vehanenter__optqre
1263 3463 1314 3530 ut
1335 3455 1508 3530 pictas,
1534 3468 1682 3530 quam
1702 3453 1879 3525 teneris
1897 3469 2069 3530 eorum
2087 3455 2265 3530 animis
2281 3454 2685 3530 plintjnseverat,
2701 3458 2787 3530 od.
2800 3470 3044 3530 summ-unt
3070 3456 3336 3522 perveniat.
3374 3459 3660 3511 Demonstrat

1006 3517 1258 3571 utititatem
1280 3517 1517 3571 doctrinw
1540 3517 1681 3569 libris
1701 3517 2012 3581 consignatae,
2039 3531 2150 3584 qua:
2171 3525 2217 3571 et
2242 3517 2515 3571 absentibus
2539 3525 2585 3571 et
2606 3519 2813 3582 posteris
2839 3519 3056 3583 prodest.

934 3654 1096 3711 Festo
1135 3663 1185 3709 et
1233 3653 1448 3722 Magno.

469 3798 639 3856 Decet
670 3794 896 3869 quidem
922 3803 979 3849 et
1011 3800 1198 3863 patres
1234 3790 1362 3846 filiis
1400 3788 1708 3861 providere,
1738 3795 1795 3842 et
1826 3785 1978 3858 agri-

312 3950 329 3963 _
398 3892 551 3950 colas
586 3891 901 3961 plantarum
948 3893 1005 3943 et
1051 3886 1326 3942 seminum
1363 3899 1553 3939 curam
1592 3881 1893 3952 suscipere,
1925 3889 1980 3936 et

399 3982 694 4054 magistros
734 3978 802 4035 de
833 3978 951 4035 suis
995 3975 1280 4047 discipulis
1330 3990 1454 4030 esse
1496 3972 1767 4030 sollicitos
1794 4014 1808 4038 ,
1861 3985 1981 4024 ma-

400 4076 551 4131 xime
604 4089 732 4130 cum
782 4073 854 4128 ob
899 4071 1174 4142 egregiam
1222 4067 1460 4123 indolem
1512 4066 1768 4121 meliores
1814 4064 1883 4119 de
1922 4079 1982 4120 se

401 4168 539 4239 ipsis
587 4181 714 4237 spes
763 4163 1081 4220 ostendunt.
1124 4159 1260 4216 Nam
1309 4169 1363 4215 et
1401 4158 1641 4230 agricola
1694 4156 1980 4212 laboribus

399 4257 624 4331 gaudet,
678 4270 809 4312 cum
861 4254 1030 4324 spicae
1084 4252 1191 4324 ipsi
1260 4257 1608 4322 turgescunt,
1660 4263 1726 4303 ac
1781 4248 1983 4319 plantae

401 4355 663 4404 crescunt
711 4364 727 4400 :
770 4353 828 4401 et
873 4344 1162 4416 discipulis
1213 4343 1465 4415 magistri
1514 4342 1787 4406 laetantur,
1820 4347 1876 4395 et
1911 4339 1981 4393 li-

401 4437 551 4494 beris
596 4446 852 4509 parentes
902 4450 1029 4491 cum
1083 4435 1162 4489 illi
1215 4433 1437 4503 quidem
1479 4432 1701 4496 virtute,
1755 4431 1809 4485 bi
1849 4446 1981 4485 vero

401 4529 654 4601 corporis
691 4528 835 4583 mole
879 4536 1170 4598 augentur.
1215 4523 1327 4580 Nos
1371 4531 1555 4579 autem
1609 4529 1767 4576 tanto
1810 4522 1985 4593 majo-

402 4636 517 4677 rem
557 4619 625 4676 de
654 4619 808 4675 vobis
855 4618 1122 4673 habemus
1168 4631 1367 4670 curam.
1410 4628 1672 4685 spemque
1720 4618 1984 4683 praestan-

402 4711 619 4775 tiorem,
653 4716 862 4780 quanto
892 4708 1067 4778 pietas
1119 4712 1236 4761 arte
1265 4704 1415 4761 omni
1462 4713 1518 4759 et
1564 4703 1819 4757 omnibus
1859 4704 2013 4756 ani-.

403 4800 681 4857 mantibus
722 4799 886 4856 simul
940 4806 996 4854 et
1050 4796 1322 4853 fructibus
1382 4795 1580 4851 melior
1620 4802 1751 4860 est;
1816 4809 1980 4864 quam

402 4894 609 4950 teneris
647 4891 827 4947 adhuc
860 4898 916 4947 et
946 4891 1105 4963 puris
1138 4890 1430 4945 animabus
1471 4888 1670 4945 vestris
1713 4886 1981 4944 radicitus

402 4986 626 5044 insitam
669 5002 703 5042 a
742 4985 902 5042 nobis
940 4991 997 5041 et
1029 4985 1318 5050 nutritam,
1371 4979 1538 5039 etiam
1571 4982 1638 5037 ad
1672 4978 1980 5051 perfectum

472 5145 492 5164 ⁶
520 5140 670 5196 Alias
698 5138 855 5196 CCX.

472 5213 586 5298 (98)
626 5211 882 5277 Τούτοις.
916 5209 1049 5282 Reg.
1092 5205 1368 5265 secundus
1389 5212 1445 5262 et
1485 5203 1653 5264 Coisl.
1705 5206 1982 5264 secundus

401 5298 973 5421 τοῖξξῖῗέυσερνήτη-
996 5349 1130 5420 Res-
1157 5348 1431 5406 εθειιηάυε
1452 5346 1812 5421 κυδερνήτην’
1836 5345 1982 5402 mem

401 5437 523 5476 cum
554 5421 769 5478 duobus
794 5422 915 5479 aliis
945 5421 1046 5475 οὐκ
1078 5421 1309 5491 ἐφίεται.

473 5493 567 5575 (11)-
594 5485 1132 5575 ξιςμςιορευομένηγζ
1165 5490 1257 5546 Sic
1291 5488 1707 5575 Qoisl.'primus
1734 5496 1788 5575 et
1824 5485 1976 5575 Harl.

404 5559 574 5634 liabet
599 5559 887 5619 Médicieus
917 5559 1435 5634 ὲμπολιτευομένην.
1469 5559 1614 5615 Editi
1644 5572 1979 5631 συμπορευο-

405 5632 695 5772 Ὗῇνλεν
719 5704 897 5772 λόγῳ,
925 5710 1031 5756 etc.
1057 5701 1190 5772 Reg.
1215 5703 1491 5767 secundus
1519 5708 1572 5761 et
1592 5700 1760 5759 Coisl.
1792 5712 1983 5757 secun-

401 5769 505 5826 dus
534 5769 598 5826 ’ὲν
634 5772 778 5843 λόγῳ
804 5769 871 5827 ’σε
899 5772 959 5825 τὸ
988 5772 1108 5828 καθ’
1139 5769 1304 5843 ἡμᾶς.
1333 5779 1338 5783 ”

2509 3653 2727 3724 Φήστῳ
2756 3653 2856 3709 καὶ
2889 3654 3109 3726 Μάγνῳ
3150 3656 3249 3725 (4).

2160 3786 2366 3859 Πρέπει
2415 3787 2514 3859 μέν
2564 3805 2667 3842 που
2704 3789 2798 3843 καὶ
2843 3789 3082 3863 πατράσι
3112 3790 3321 3845 παίδων
3361 3791 3510 3847 ἰδίων
3546 3792 3648 3864 πρό»

2088 3897 2207 3933 νοια
2231 3919 2246 3945 ,
2286 3879 2381 3932 καὶ
2412 3883 2678 3952 γεωργοῖς
2711 3881 2895 3951 φυτῶν
2924 3882 2957 3954 ἢ
2999 3885 3333 3955 σπερμάτων
3365 3884 3657 3956 ἐπιμέλεια,

2090 3972 2184 4026 καὶ
2232 3970 2573 4036 διδασκάλοις
2626 3972 2886 4044 μαθητῶν
2953 3975 3214 4046 φροντὶς,
3271 3975 3514 4046 μάλιστα
3548 3977 3661 4029 ὅταν

2087 4063 2153 4116 δι’
2185 4065 2414 4133 εὐφυΐαν
2449 4063 2692 4135 βελτίους
2723 4068 2807 4135 ἐφ’
2834 4068 3046 4132 ἑαυτοῖς
3076 4068 3443 4138 ύποφαίνουσι
3467 4070 3541 4141 (5)
3572 4066 3659 4129 τὰς

2089 4155 2329 4221 ἐλπίδας.
2364 4156 2561 4229 Χαίρει
2588 4156 2695 4231 γὰρ
2726 4158 2905 4213 πονῶν
2939 4160 3035 4214 καὶ
3060 4159 3339 4232 γεωργὸς,
3378 4159 3658 4235 ἁδρύνομέ⁶

2089 4265 2195 4300 νων
2230 4247 2379 4319 αὐτῴ
2415 4247 2492 4319 (6)
2547 4248 2657 4303 τῶν
2684 4249 2971 4321 ἀσταχύων
3005 4250 3039 4321 ἢ
3073 4250 3182 4304 τῶν
3230 4250 3421 4320 φυτῶν
3460 4250 3658 4317 αὐξανο-

2094 4338 2295 4410 μένων·
2324 4340 2673 4412 εὐφραίνουσι
2698 4341 2755 4394 δὲ
2783 4342 2878 4395 καὶ
2908 4342 3147 4415 μαθηταὶ
3172 4342 3550 4408 διδασκάλους,
3578 4339 3657 4394 καὶ

2090 4431 2280 4495 παῖδες
2323 4430 2604 4502 πατέρας,
2644 4434 2691 4485 oi
2734 4433 2835 4503 μὲν
2884 4433 3021 4506 πρὸς
3078 4433 3308 4505 ἀρετὴν,
3344 4436 3398 4488 oi
3427 4434 3485 4488 δὲ
3538 4432 3656 4503 πρὸς

2090 4522 2316 4595 αὔξησιν
2340 4524 2686 4589 ἐπιδιδόντες.
2729 4525 2920 4597 Ἡμεῖς
2947 4525 3005 4579 δὲ
3031 4524 3285 4580 τοσοῦτον
3319 4525 3546 4597 μείζονα
3569 4525 3655 4596 μὲν

2090 4615 2175 4684 ἐφ’
2221 4616 2349 4687 ὑμῖν
2399 4616 2594 4687 ἔχομεν
2650 4608 2749 4687 τὴν
2795 4617 3091 4690 φροντίδα,
3132 4618 3423 4689 κρείττονα
3480 4617 3536 4672 δὲ
3570 4615 3655 4685 τὴν

2090 4706 2315 4770 ἐλπίδα,
2350 4710 2475 4762 ὅσον
2511 4707 2766 4763 εὐσέϐεια
2801 4710 2981 4780 πάσης
3037 4709 3135 4779 μὲν
3167 4708 3401 4781 τέχνης,
3456 4709 3655 4763 πάντων

2089 4798 2147 4851 δὲ
2180 4797 2337 4862 ζώων
2383 4799 2518 4870 ὁμοῦ
2554 4800 2649 4853 καὶ
2681 4800 2912 4871 καρπῶν
2958 4802 3106 4855 ἐστιν
3162 4801 3439 4872 ἀμείνων,
3470 4782 3557 4871 ’ἦν
3604 4801 3653 4851 ὲν

2089 4890 2323 4955 ἁπαλαῖς
2378 4889 2456 4943 ἔτι
2504 4891 2598 4944 καὶ
2644 4890 2911 4963 καθαραῖς
2960 4893 3084 4953 ταῖς
3130 4890 3427 4962 ὑμετέραις
3475 4888 3653 4959 ψυχαῖς

2093 4979 2412 5054 ριζωθεῖσαν
2442 4982 2530 5051 ὑφ’
2563 4982 2721 5055 ήμῶν
2767 4982 2862 5036 καὶ
2897 4983 3201 5054 τραφεῖσαν
3237 4982 3367 5036 ἰδεῖν
3401 4978 3652 5052 εὐχόμεθα

2016 5139 2059 5194 D
2162 5134 2240 5205 (5)
2270 5134 2476 5205 Ποιῇς.
2507 5134 2657 5191 Harl.
2685 5141 2877 5201 ποιεῖς.

2162 5134 2240 5275 (ὅ)
2270 5134 2476 5205 Ποιῇς.
2507 5134 2657 5191 Harl.
2685 5141 2877 5201 ποιεῖς.

2161 5205 2217 5275 (4
2252 5204 2485 5277 -Φήστῳ
2518 5207 2616 5260 καὶ
2636 5207 2869 5277 Μάγνῳ.
2898 5207 3032 5265 Tres
3054 5208 3273 5264 codices
3304 5209 3507 5264 addunt
3527 5208 3648 5261 ὥστε

2087 5275 2495 5356 ξπιτείνεινςιὴν
2523 5277 2665 5356 πρὸς
2684 5275 2752 5356 τά
2775 5278 3058 5350 κρείττονα
3088 5278 3323 5350 μάθησιν
3340 5296 3358 5312 ο
3384 5279 3452 5334 Ut
3477 5284 3542 5333 ad
3565 5294 3648 5331 ute-

2087 5345 2226 5399 liora
2252 5345 2486 5400 studium
2517 5345 2816 5401 intendant.

2156 5415 2234 5497 (5)
2272 5415 2718 5497 ’Υςτοεραίγουσμ
2748 5416 2865 5473 Duo
2891 5417 3048 5490 Regii
3071 5419 3289 5477 codices
3314 5428 3367 5477 et
3390 5420 3554 5477 Coisl.
3576 5433 3644 5473 re-

2084 5488 2296 5557 centior
2324 5488 2684 5557 ὑποφαίνωσι.

2158 5553 2235 5630 (6)
2270 5553 2563 5630 Αὐτῷζ-Ιισ
2596 5557 2816 5615 codices
2847 5558 3091 5630 quinque
3116 5575 3253 5617 mss.
3288 5560 3431 5615 Editi
3460 5557 3639 5614 αὐτῶν.

2090 5624 2261 5681 Paulo
2300 5639 2424 5699 ante
2455 5626 2587 5699 Reg.
2635 5624 2908 5699 secundus
2943 5624 3190 5686 et'Coisl.
3224 5633 3498 5687 secundus
3532 5641 3639 5699 cunt

2090 5706 2321 5769 utroque
2354 5694 2753 5773 ΒίθοῑξΧαίρει
2789 5701 2897 5772 γάρ
2935 5702 3102 5772 πόνῳ.
3129 5701 3383 5759 ‘Garn’ier
3438 5694 3640 5766 πόνων.)
3672 5714 3683 5723 ·
