3878 6222
213 292 349 350 1957

1077 289 1561 349 ιειιιετοιιιιιιιι
1598 288 1882 350 cesssns
1932 286 2021 346 ιιι.
2060 287 2283 349 EPIST.
2322 258 2590 351 ccxcv.‘

3320 290 3454 343 1058

207 409 304 464 καὶ
332 407 703 481 προελθοῦσαν
751 407 834 470 εἰς
872 405 1056 477 ἀκμὴν
1089 406 1335 476 τελείαν,
1368 408 1462 464 καὶ
1514 410 1596 474 είς
1642 425 1779 480 καρ-

1892 411 2298 470 incrementum,
2339 410 2694 472 maturosque
2746 398 2961 459 fruetus
3012 403 3332 474 perductam
3365 406 3459 459 vi-

206 499 345 563 ποὺς
373 494 608 569 ὡραίους
631 535 647 563 ,
679 495 1198 568 συλλαμϐανομένης
1239 497 1397 569 ἡμῶν
1441 501 1563 563 ταῖς
1598 499 1783 570 εὐχαῖς

204 592 305 661 τῆς
342 588 614 659 ὑμετέρας
667 585 1042 658 φιλομαθείας.
1093 585 1169 642 Εὖ
1207 590 1316 661 γὰρ
1372 589 1488 642 ῐστε
1540 590 1635 644 καὶ
1684 588 1783 660 τὴν

202 681 482 753 ἡμετέραν
509 681 589 742 είς
614 678 758 749 ὑμᾶς
786 677 1019 745 εὔνοιαν,
1046 682 1140 734 καὶ
1173 680 1271 751 τὴν
1297 680 1392 734 τοῦ
1425 680 1560 734 Θεοῦ
1592 699 1784 754 συνερ-

202 772 333 842 γίαν
352 772 471 834 ταῖς
500 770 792 843 ὑμετέραις
829 771 1209 826 ἐναποκεῖσθαι
1234 772 1514 844 γνώμαις,
1550 768 1624 828 ὧν
1646 773 1783 846 πρὸς

204 862 267 916 τὸ
322 862 441 915 δέον
489 861 860 934 εὐθυνομένων
883 903 898 929 ,
956 863 1085 929 Θεὸς
1138 864 1401 935 συνεργὸς
1451 865 1782 937 καλούμενος

206 951 479 1027 παρέσται
510 954 604 1006 καὶ
655 951 923 1027 ἄκλητος,
953 957 1048 1010 καὶ
1080 959 1188 1020 πᾶς
1230 956 1473 1026 φιλόθεος
1498 958 1782 1030 ἄνθρωπος

205 1043 345 1113 πρὸς
396 1041 738 1097 διδασκαλίαν
775 1044 1234 1115 αὐτεπάγγελτος.
1282 1046 1560 1118 Ἀνίκητος
1593 1048 1701 1120 γὰρ
1744 1051 1777 1122 ἡ

207 1134 491 1205 προθυμία
546 1135 653 1188 τῶν
712 1136 985 1191 διδάσκειν
1040 1155 1092 1191 τι
1139 1138 1408 1208 χρήσιμον
1445 1138 1778 1209 δυναμένων,

201 1224 337 1280 ὅταν
364 1225 421 1279 αἱ
457 1224 566 1279 τῶν
592 1224 964 1296 μανθανόντων
997 1228 1166 1299 ψυχαὶ
1189 1230 1370 1299 πάσης
1402 1227 1780 1300 καθαρεύωσιν

201 1316 549 1380 ἀντιτυπίας.
574 1317 781 1372 Οὐκοῦν
816 1319 942 1372 οὐδὲ
970 1318 1222 1390 σώματος
1253 1317 1452 1372 κωλύει
1483 1322 1778 1392 χωρισμὸς,

200 1407 302 1463 τοῦ
350 1409 853 1483 δημιουργήσαντος
905 1411 1054 1481 ἡμᾶς
1105 1412 1175 1464 δι’
1225 1413 1529 1484 ὑπερϐολὴν
1588 1415 1781 1483 σοφίας

201 1500 305 1553 καὶ
356 1498 765 1572 φιλανθρωπίας
817 1499 893 1570 μὴ
944 1504 1468 1574 συμπεριορίσαντος
1520 1507 1631 1567 τοῖς
1678 1503 1782 1557 σώ-

201 1611 344 1664 μασι
385 1594 484 1663 τὴν
508 1593 744 1648 διάνοιαν
769 1634 784 1659 ,
823 1594 960 1665 μήτε
991 1593 1097 1665 μὴν
1130 1598 1196 1667 τῇ
1233 1595 1446 1668 γλώττῃ
1473 1596 1580 1649 τῶν
1606 1598 1779 1665 λόγων

197 1685 307 1757 τὴν
343 1685 567 1756 δύναμιν
590 1701 604 1715 ’
639 1685 819 1748 δόντος
849 1684 905 1737 δέ
942 1702 996 1738 τι
1037 1685 1217 1739 πλεῖον
1247 1689 1340 1741 καὶ
1383 1688 1492 1742 ἀπὸ
1532 1688 1625 1741 τοῦ
1655 1689 1781 1760 χρό-

195 1792 297 1828 νου
323 1778 438 1839 τοῖς
466 1775 696 1846 ὠφελεῖν
730 1776 1081 1847 δυναμένοις,
1115 1776 1190 1841 ὡς
1225 1778 1299 1850 μὴ
1336 1780 1496 1849 μόνον
1525 1783 1638 1845 τοῖς
1678 1799 1780 1851 μα-
1813 1767 1853 1822 Β

194 1865 345 1938 κράν
385 1865 724 1938 διεστηκός-ιν
748 1907 763 1931 ,
791 1867 928 1920 ἀλλὰ
956 1868 1020 1940 δὴ
1053 1869 1147 1923 καὶ
1194 1873 1307 1932 τοῖς
1357 1870 1476 1923 λίαν
1506 1872 1779 1940 όψιγόνοις

200 1960 599 2031 παραπέμπειν
625 1958 884 2014 δύνασθαι
912 1961 1010 2033 τὴν
1050 1962 1416 2017 διδασκαλίαν.
1449 1965 1559 2017 Καὶ
1589 1963 1780 2017 τοῦτον

193 2051 338 2122 ἡμῖν
387 2052 421 2123 ἡ
454 2054 619 2123 πεῖρα
665 2051 948 2107 πιστοῦται
982 2054 1072 2108 τὸν
1123 2054 1311 2123 λόγον·
1349 2055 1579 2126 ἐπείπερ
1628 2055 1682 2107 οῖ
1719 2072 1779 2108 τε

198 2142 419 2207 πολλοῖς
454 2143 717 2217 πρότερον
768 2145 913 2199 ἔτεσι
967 2146 1244 2216 γενόμενοι
1296 2146 1604 2202 διδάσκουσι
1654 2148 1778 2212 τοὺς

196 2232 393 2298 νέους,
441 2235 755 2308 σωζομένης
789 2239 847 2292 ἐν
897 2236 1189 2308 γράμμασι
1240 2240 1339 2309 τῆς
1390 2238 1776 2301 διδασκαλίας·

196 2327 367 2396 ἡμεῖς
413 2342 473 2379 τε
526 2330 921 2400 κεχωρισμένοι
965 2330 1219 2385 τοσοῦτον
1260 2334 1371 2394 τοῖς
1421 2331 1639 2403 σώμασι
1658 2370 1673 2393 ,
1713 2333 1778 2402 τῇ

193 2414 413 2488 διανοίᾳ
434 2415 697 2490 σῦνεσμεν
720 2420 826 2485 ἀεὶ,
854 2421 951 2474 καὶ
977 2421 1414 2492 πῳσομιλοῦμεν
1436 2421 1653 2493 ῥᾳδίως,
1683 2421 1783 2492 τῆς

189 2505 549 2573 διδασκαλίας
571 2510 693 2564 οὔτε
719 2511 825 2565 ὑπὸ
858 2512 961 2583 γῆς
977 2512 1099 2566 οὔτε
1131 2512 1238 2567 ὑπὸ
1271 2513 1545 2584 θαλάσσης
1577 2511 1782 2566 κωλυο-

195 2598 421 2670 μένης,
455 2600 511 2653 εί
543 2601 626 2667 τίς
654 2603 802 2657 ἐστιν
837 2604 965 2662 ὑμῖν
993 2604 1099 2657 τῶν
1132 2605 1279 2658 ἰδίων
1322 2604 1509 2676 ψυχῶν
1537 2604 1777 2677 φροντίς.

718 2720 1068 2776 ΕιιιετοΑιι
1104 2723 1260 2790 Σιιιεν.

1884 496 2015 552 dere
2079 495 2370 566 cupimus,
2438 501 2624 549 vestro
2709 493 2955 573 discendi
3015 496 3200 551 studio
3264 507 3451 553 nostra

1885 596 2009 642 vota
2040 587 2356 657 adiuvante.
2403 585 2581 641 Probe
2627 585 2771 640 enim
2826 586 2979 642 scitis
3021 596 3077 644 et
3116 596 3361 645 nostram
3392 590 3449 645 in

1883 693 1980 735 vos
2005 680 2464 745 benevolentiam,
2513 686 2569 734 ct
2615 679 2706 736 Dei
2735 681 2998 735 auxilium
3037 683 3095 735 in
3141 682 3343 737 vestris
3386 684 3460 737 si‘

1887 781 2001 825 tum
2042 787 2166 826 esse
2207 772 2586 827 voluntatibus
2621 790 2634 826 :
2667 774 2870 843 quibus
2914 773 2981 827 ad
3012 774 3064 828 id
3100 774 3244 844 quod
3295 775 3451 830 decet

1882 863 2132 928 directis,
2163 863 2308 920 Deus
2335 863 2556 932 adiutor
2580 873 2813 920 vocatus
2843 867 3017 921 aderit
3042 876 3096 920 et
3118 866 3408 921 invocatus
3434 882 3451 930 ;

1882 965 1936 1011 et
1965 956 2217 1025 quisquis
2252 955 2423 1012 Deum
2464 956 2659 1027 diligit.
2696 973 2795 1012 sua
2826 966 3020 1028 Sponte
3049 957 3116 1012 ad
3144 958 3453 1013 docendum

1884 1062 1943 1102 se
1974 1047 2188 1102 offeret.
2235 1047 2332 1102 Est
2394 1047 2539 1102 enim
2590 1049 2791 1103 invicta
2840 1050 3097 1105 alacritas
3138 1063 3329 1104 eorum
3359 1048 3453 1118 qui

1884 1139 2018 1193 utile
2048 1138 2251 1207 aliquid
2283 1136 2480 1193 docere
2511 1148 2759 1208 possunt,
2790 1155 2915 1193 cum
2942 1139 3273 1195 discentium
3300 1153 3455 1194 mena

1884 1235 1966 1283 tes
2010 1227 2080 1281 ab
2121 1227 2270 1281 omni
2330 1242 2482 1296 purae
2532 1237 2663 1284 sunt
2705 1227 3020 1282 obluctandi
3065 1229 3218 1283 vitio.
3266 1227 3455 1299 Itaque

1883 1335 1953 1375 ne
2000 1320 2250 1389 corporis
2287 1319 2507 1389 quidem
2551 1321 2846 1388 disjunctio
2885 1327 2973 1376 est
3024 1322 3455 1392 impedimento;

1882 1416 2085 1486 quippe
2132 1431 2256 1471 cum
2296 1414 2559 1470 Conditor
2588 1424 2800 1483 noster,
2830 1416 2901 1471 ob
2928 1416 3212 1487 sapientiae
3250 1430 3315 1471 ac
3355 1417 3457 1471 be-

1882 1506 2167 1577 nignitatis
2232 1507 2688 1577 magnitudinem,
2720 1522 2822 1562 nec
2867 1507 3197 1576 corporibus
3249 1510 3456 1577 cogita-

1883 1596 2122 1659 tionem,
2165 1612 2267 1652 nec
2329 1597 2530 1666 lingua
2574 1596 2789 1652 dicendi
2855 1597 3165 1652 facultatem
3221 1596 3456 1652 circum-
3501 1660 3504 1663 η

1884 1685 2166 1756 scripserit
2200 1705 2215 1750 ;
2248 1686 2343 1743 sed
2390 1694 2445 1741 et
2494 1687 2564 1741 ab
2593 1687 2714 1756 ipso
2744 1696 2991 1757 tempore
3027 1686 3264 1756 amplius
3297 1687 3457 1757 quid-
3495 1683 3521 1760 if

1885 1778 2009 1832 dam
2053 1778 2140 1841 iis,
2172 1779 2264 1847 qui
2309 1779 2572 1848 prodesse
2608 1786 2862 1848 possunt,
2902 1781 3132 1850 largitus
3161 1779 3256 1842 sit,
3292 1778 3367 1832 ita
3400 1785 3456 1833 ut
3494 1779 3515 1854 ξ

1887 1886 1995 1925 non
2033 1871 2209 1925 solum
2238 1872 2398 1941 longe
2429 1871 2661 1935 dissitis,
2688 1871 2783 1926 sed
2814 1873 2978 1926 etiam
3014 1885 3139 1925 sero
3165 1870 3456 1925 admodum

1884 1962 2184 2018 nascituris
2230 1962 2538 2018 doctrinam
2588 1964 2960 2018 transmittere
2996 1963 3231 2017 valeant.
3281 1963 3456 2030 Atque

1887 2054 2026 2108 hanc
2104 2053 2259 2109 nobis
2322 2055 2646 2108 sententiam
2713 2054 3002 2108 conﬁrmat
3074 2053 3455 2124 experientia:

1888 2146 2324 2217 quandoquidem
2349 2146 2509 2218 433
2536 2155 2590 2201 et
2613 2146 2704 2215 qui
2738 2147 2925 2202 multis
2952 2156 3080 2201 ante
3114 2148 3277 2202 annis
3311 2146 3454 2199 vixe-

1889 2248 2036 2301 runt,
2100 2236 2359 2291 erudiunt
2413 2238 2683 2306 juniores.
2738 2247 3065 2292 conservata
3119 2239 3176 2293 in
3242 2236 3454 2306 scriptis

1888 2329 2136 2384 doctrina
2165 2346 2178 2382 :
2213 2337 2267 2382 et
2300 2343 2422 2392 nos,
2439 2344 2668 2399 corpore
2696 2329 2769 2382 ita
2799 2328 3001 2394 dissiti,
3030 2329 3215 2383 animo
3246 2343 3453 2398 semper

1891 2421 2186 2479 adsumus,
2229 2434 2296 2474 ac
2344 2418 2504 2476 facile
2553 2422 2968 2493 colloquimur;
3027 2436 3153 2476 cum
3211 2421 3455 2476 doctrina

1890 2527 2067 2582 neque
2109 2521 2256 2566 terra
2291 2527 2469 2581 neque
2495 2513 2631 2566 mari
2670 2513 3048 2582 prohibeatur,
3085 2513 3130 2567 si
3170 2527 3278 2583 qua
3305 2513 3454 2568 vobis

1890 2612 2194 2659 vestrarum
2221 2605 2528 2660 animarum
2559 2619 2689 2659 cura
2715 2619 2779 2659 ac
2811 2604 3146 2663 sollicitudo.

2340 2718 2676 2775 EPISTULA
2713 2718 2942 2775 CCXCV
2972 2722 3008 2773 ’⁵.

605 2834 839 2885 Hortatur
860 2841 912 2885 ut
929 2834 1255 2886 caembitim
1277 2835 1425 2887 vitam
1445 2834 1814 2894 amoteclantur,
1837 2837 2122 2897 caveatqu
2141 2845 2204 2884 ne
2237 2834 2346 2897 quis
2372 2844 2454 2883 eos
2477 2846 2504 2882 σι
2526 2834 2729 2882 Patrum
2753 2830 2850 2895 ﬁde
2869 2831 3086 2883 abducat.

758 2941 1096 3006 Μονάζουσι
1129 2928 1203 3017 (τ)
1214 2985 1230 3000 .

290 3054 560 3127 Ἥγοῦμαι
596 3056 694 3128 μὲν
725 3058 994 3129 μηδεμιᾶς
1031 3058 1225 3130 ἐτέρας
1256 3060 1398 3131 ὑμᾶς
1426 3062 1491 3131 τῇ
1524 3058 1617 3115 τοῦ
1647 3061 1782 3114 Θεοῦ

194 3147 391 3219 χάριτι
436 3147 831 3220 παρακλήσεως
857 3148 1063 3201 δεῖσθαι
1083 3189 1098 3213 ,
1145 3148 1282 3220 μετὰ
1313 3152 1437 3214 τοὺς
1469 3151 1663 3220 λόγους
1693 3149 1786 3214 οὓς

188 3241 275 3294 δι’
310 3240 465 3313 ἡμῶν
500 3240 679 3294 αὐτῶν
703 3240 1084 3312 ἐποιησάμεθα
1130 3241 1265 3313 πρὸς
1302 3243 1477 3313 ὑμᾶς,
1529 3259 1786 3314 παρακα-

192 3332 427 3396 λοῦντες
467 3333 611 3405 ὑμᾶς
645 3332 852 3397 πάντας
884 3332 983 3404 τὴν
1015 3335 1107 3388 ἐπὶ
1150 3335 1212 3387 τὸ
1258 3333 1390 3387 αὐτὸ
1441 3335 1586 3406 ζωὴν
1618 3352 1787 3388 κατα-

191 3423 461 3489 δέξασθαι
513 3426 592 3489 εῐς
647 3424 872 3496 μίμημα
917 3425 1017 3496 τῆς
1063 3425 1426 3495 ὰποστολικῆς
1478 3426 1784 3488 πολιτείας,

193 3517 230 3570 ὃ
268 3516 362 3570 καὶ
411 3514 661 3581 ἐδέξασθε
693 3516 768 3581 ὡς
806 3517 1007 3585 ἀγαθὸν
1040 3516 1304 3587 δίδαγμα,
1334 3517 1428 3569 καὶ
1456 3516 1788 3587 ηὑχαριστὴ-

198 3625 340 3662 σατε
387 3607 454 3661 δι’
485 3608 617 3662 αὐτὸ
668 3607 747 3679 τῷ
796 3608 1010 3681 Κυρίῳ.
1063 3609 1216 3662 Ἐπεὶ
1266 3603 1360 3661 οὖν
1398 3608 1517 3677 οὐχὶ
1566 3608 1787 3678 ῥήματα

191 3695 276 3771 ἦν
306 3697 379 3751 τά
410 3700 539 3771 παρ’
574 3699 733 3770 ἡμῶν
765 3698 1067 3771 λαληθέντα
1091 3738 1106 3762 ,
1165 3698 1303 3753 ἀλλὰ
1352 3698 1660 3766 διδάγματα
1708 3697 1788 3760 είς

192 3789 370 3860 ἔργον
394 3788 676 3859 προελθεῖν
701 3787 776 3859 (8)
807 3788 1091 3858 ὀφείλοντα
1117 3790 1208 3842 ἐπὶ
1232 3786 1471 3858 ὠφελείᾳ
1508 3788 1603 3857 μὲν
1631 3785 1787 3857 ὑμῶν

192 3879 317 3935 τῶν
365 3879 742 3951 ἀνεχομένων,
794 3880 882 3933 ἐπ’
928 3879 1234 3934 ἀναπαύσει
1279 3880 1337 3934 δὲ
1386 3879 1629 3951 ἡμετέρᾳ
1680 3878 1788 3931 τῶν

195 3970 560 4041 υποθεμένων
602 3971 699 4043 τὴν
740 3970 1001 4043 γνώμην,
1035 3973 1116 4036 είς
1150 3970 1308 4035 δόξαν
1339 3970 1397 4023 δὲ
1442 3970 1535 4024 καὶ
1568 3969 1788 4023 ἔπαινον

190 4059 303 4114 τοῦ
350 4059 622 4132 Χριστοῦ,
680 4056 740 4116 οὗ
784 4062 844 4115 τὸ
891 4061 1062 4133 ὄνομα
1098 4061 1453 4131 ἐπικέκληται
1492 4061 1577 4130 ἐφ’
1604 4061 1784 4131 ἡμᾶς·

190 4150 399 4207 τούτου
430 4151 591 4223 χάριν
620 4151 915 4205 ἀπέστειλα
936 4152 1027 4207 τὸν
1058 4151 1434 4206 ποθεινότατον
1461 4152 1493 4222 ή
1502 4150 1617 4221 μῶν
1640 4150 1791 4204 ἀδελ-

194 4243 343 4312 φὺν,
373 4242 461 4297 ἵνα
496 4244 592 4297 καὶ
623 4245 684 4297 τὸ
717 4243 997 4316 πρόθυμον
1030 4245 1273 4317 γνωρίσῃ
1296 4287 1311 4310 ,
1350 4246 1444 4299 καὶ
1485 4244 1543 4296 τὸ
1580 4243 1787 4316 νωθρὸν

190 4334 448 4406 διεγείρῃ
468 4375 482 4398 ,
514 4337 608 4390 καὶ
650 4334 712 4389 τό
753 4338 1047 4390 ἀντιτεῖνον
1084 4338 1315 4409 φανερὸν
1346 4339 1479 4408 ἡμῖν
1505 4338 1780 4406 καταστή-

194 4443 297 4498 σῃ.
332 4426 509 4499 Πολλὴ
541 4428 649 4500 γάρ
681 4431 714 4500 ὴ
742 4429 1006 4501 ἐπιθυμία
1044 4431 1140 4484 καὶ
1173 4429 1301 4484 ἰδεῖν
1328 4432 1472 4501 ὑμᾶς
1513 4430 1785 4501 συνηγμέ-

190 4533 369 4579 νους,
398 4517 493 4569 καὶ
530 4516 758 4572 ἀκοῦσαι
792 4520 918 4589 περὶ
952 4519 1105 4590 ὑμῶν
1131 4559 1145 4581 ,
1177 4521 1259 4573 ὅτι
1296 4522 1420 4592 οὐχὶ
1466 4521 1557 4574 τὸν
1596 4521 1783 4592 ἀμάρ-

189 4624 371 4680 τυρον
404 4608 655 4676 ἀγαπᾶτε
683 4609 796 4680 βίον
820 4651 835 4672 .
863 4610 1000 4665 ἀλλὰ
1031 4610 1232 4683 μᾶλλον
1261 4612 1626 4683 καταδέχεσθε
1650 4614 1786 4668 πάν-

187 4714 298 4760 τες
336 4699 434 4752 καὶ
465 4699 703 4769 φύλακες
730 4703 830 4772 τῆς
868 4701 1113 4774 αλλήλων
1146 4701 1433 4774 ἀκριόείας
1468 4698 1607 4757 εἶναι
1629 4743 1644 4766 ,
1689 4702 1785 4756 καὶ

190 4787 486 4860 μάρτυρες
533 4790 643 4844 τῶν
681 4792 1150 4866 κατορθουμένων.
1186 4795 1342 4849 Οὕτω
1397 4794 1506 4866 γὰρ
1552 4795 1783 4860 ἕκαστος

185 4877 413 4931 καὶτὸν
448 4878 536 4949 ἐφ’
558 4879 736 4950 ἐαυτῷ
758 4881 949 4951 μισθὸν
966 4881 1169 4935 τέλειον
1188 4880 1533 4952 ἀπολήψεται
1551 4881 1652 4951 (9),
1687 4882 1784 4936 καὶ

182 4964 296 5018 τὸν
338 4966 433 5019 ἐπὶ
460 4968 525 5038 τῇ
559 4966 651 5021 τοῦ
691 4967 919 5039 ἀδελφοῦ
951 4973 1202 5042 προκοπῆ
1235 4989 1248 5001 ·
1286 4972 1346 5025 ὃν
1389 4972 1483 5026 καὶ
1516 4971 1659 5042 λόγῳ
1688 4971 1784 5026 καὶ

273 5077 344 5109 ⁸⁸⁸
370 5075 571 5133 Jerem.
604 5096 717 5144 xw,
751 5080 807 5137 9.

275 5185 357 5267 _("l)
382 5187 740 5267 Μοτςάζςυοςι.
765 5189 861 5267 Sic
874 5190 1248 5267 Δῐξιιιηιηροίιιι.
1276 5195 1486 5267 primus
1505 5203 1558 5250 et
1581 5194 1783 5267 Regius

181 5260 456 5330 primus;
476 5258 547 5330 At
570 5257 771 5330 Regius
796 5262 939 5316 2897
976 5272 1029 5318 et
1049 5257 1230 5330 'Coisl.
1268 5257 1543 5321 secundus
1570 5257 1783 5322 sic'ha-

181 5329 374 5406 bent:
409 5328 553 5406 ῌρδς
583 5328 955 5406 ὲμονάζρντας,
1001 5332 1066 5406 δι’
1091 5329 1158 5406 ἧς
1200 5334 1563 5406 ἐπιστηρίζειᾼ
1588 5337 1783 5402 αὐτοὺς

182 5396 346 5466 πρὸς
371 5396 472 5468 τὴν
488 5400 557 5470 -ἐν
582 5396 804 5470 Χριστῷ
838 5396 1237 5459 πολιτείαν’καὶ
1269 5396 1481 5458 πίστὶνῖ
1510 5396 1782 5461 Μοηαοίιὶἆ

278 5481 348 5546 os
367 5468 648 5546 conﬁrmat
680 5471 731 5546 in
757 5468 867 5525 uita
887 5471 1170 5546 secundum
1201 5471 1470 5529 Christum
1499 5486 1547 5530 et
1577 5477 1632 5546 in
1656 5477 1780 5546 ﬁde.

289 5537 350 5589 iti
379 5535 584 5592 addunt
612 5540 705 5593 καί
727 5557 910 5610 φησιν,
936 5543 1017 5595 ὅτι
1030 5545 1080 5665 ἒ
1111 5543 1291 5626 πίστις
1312 5545 1458 5598 ἐστὶν
1481 5548 1514 5618 η
1537 5535 1785 5612 σώζουσα

289 5621 297 5659 ι
331 5606 555 5665 ἀγάπης
599 5611 981 5665 ἐνεργουμένηο
1081 5623 1100 5665 t
1147 5621 1222 5665 au
1268 5613 1422 5665 ﬁdem
1466 5632 1581 5665 eum
1612 5614 1783 5665 salvat

176 5604 297 5660 διὰ
331 5606 555 5679 ἀγάπης
599 5604 981 5687 ἐνεργουμένηο
1030 5604 1100 5665 Et
1147 5614 1222 5666 ait
1262 5604 1422 5682 ﬁdem
1466 5604 1581 5687 quia
1612 5604 1783 5673 salvat

181 5689 327 5730 eam
354 5691 465 5731 esse
495 5693 613 5748 qua:
640 5695 730 5749 per
753 5681 1065 5736 charitatem
1099 5681 1363 5743 oneratur.

1811 2950 1854 3005 C

1818 4302 1863 4359 Ι)

2522 2940 2820 2996 Monachis.

1963 3056 2213 3110 Arbitror
2254 3054 2508 3126 equidem
2543 3055 2751 3109 nullam
2790 3056 2951 3113 aliam
2979 3057 3135 3114 vobis
3167 3058 3263 3115 Dei
3288 3061 3453 3131 gratia

1888 3161 2028 3217 opus
2060 3161 2183 3201 esse
2209 3143 2674 3209 adhortationem,
2700 3156 2825 3216 post
2862 3163 2957 3202 eos
2983 3163 3293 3215 sermones,
3323 3166 3454 3221 quos

1887 3255 1986 3310 per
2014 3254 2098 3293 me
2133 3241 2249 3309 ipse
2280 3239 2424 3309 apud
2463 3255 2560 3294 vos
2599 3239 2788 3304 habui,
2828 3255 2952 3294 cum
2979 3256 3078 3296 vos
3108 3257 3299 3298 omnes
3337 3243 3453 3298 hor-

1889 3343 2057 3392 tarer,
2087 3338 2146 3383 ut
2174 3330 2341 3384 vitam
2370 3346 2712 3384 communem
2738 3332 2803 3385 ad
2835 3333 3144 3402 exemplum
3175 3335 3455 3403 apostolic‘

1889 3421 2129 3475 instituti
2183 3422 2698 3490 amplecteremini;
2750 3421 2894 3490 quod
2948 3432 3002 3476 et
3061 3425 3351 3494 accepistis
3405 3436 3463 3481 u'.

1889 3514 2090 3567 bonum
2116 3513 2534 3574 documentum,
2562 3520 2614 3565 et
2646 3512 2714 3567 de
2748 3513 2852 3566 hoc
2887 3513 3007 3582 ipso
3034 3516 3207 3584 gratis
3236 3514 3455 3573 Domint

1887 3604 2097 3674 egistis.
2125 3602 2262 3657 Cum
2300 3603 2660 3673 igitur’verba
2706 3619 2814 3658 non
2847 3603 3051 3658 fuerint
3085 3622 3206 3674 qum
3235 3622 3265 3660 a
3305 3607 3455 3662 nebit

1889 3695 2036 3749 dicta
2070 3703 2218 3759 sunt,
2250 3694 2347 3748 sed
2390 3695 2718 3749 documenta
2763 3695 2817 3747 in
2865 3710 2977 3749 rem
3025 3698 3354 3753 conferenda
3398 3700 3470 3757 ad

1891 3787 2183 3841 utilitatem
2217 3793 2478 3846 vestram,
2511 3784 2604 3853 qui
2636 3800 2722 3838 me
2751 3784 3108 3838 disserentem
3135 3788 3472 3856 pertulistis,

1890 3885 1941 3932 et
1974 3878 2039 3930 ad
2065 3878 2496 3931 consolationem
2536 3890 2733 3938 meam,
2775 3876 2868 3944 qui
2905 3875 2957 3930 id
2990 3876 3184 3931 dabam
3221 3879 3468 3946 consilii,

1891 3983 1954 4021 ac
2006 3967 2223 4022 tandem
2271 3967 2338 4020 ad
2385 3965 2615 4036 gloriam
2660 3973 2714 4020 et
2769 3966 2985 4021 laudem
3033 3967 3263 4032 Christi,
3308 3973 3467 4039 cujus

1890 4076 2091 4115 nomen
2114 4075 2280 4130 super
2304 4075 2404 4116 nos
2420 4059 2734 4113 invocatum
2763 4066 2849 4113 est
2868 4060 2933 4091 ιδ’
2949 4078 2964 4126 ;
2983 4059 3125 4115 hanc
3150 4061 3222 4116 ob
3245 4077 3467 4119 causam

1891 4152 2425 4207 desideratissimum
2493 4157 2745 4205 nostrum
2816 4150 3042 4205 fratrem
3110 4153 3258 4217 misi,
3309 4162 3369 4207 ut
3415 4163 3500 4226 et‘.

1892 4244 2037 4314 quod
2065 4244 2248 4298 alacre
2277 4251 2361 4297 est
2393 4248 2714 4313 cognoscat,
2747 4250 2802 4297 et
2829 4242 2975 4312 quod
2999 4243 3213 4313 pigrum
3241 4246 3466 4308 excitet.

1890 4336 2112 4405 etquod
2158 4336 2463 4390 reluctatur
2488 4336 2650 4390 nobis
2695 4336 2919 4390 indicet.
2949 4334 3084 4390 Nam
3119 4337 3470 4395 vehementer

1890 4429 2050 4498 cupio
2092 4434 2205 4480 tum
2237 4426 2421 4482 videre
2453 4442 2550 4481 vos
2591 4427 2951 4495 coadunatos,
2982 4437 3096 4481 tum
3128 4429 3181 4483 id
3215 4428 3283 4483 de
3311 4430 3467 4484 vobis

1891 4519 2080 4575 audire
2123 4535 2231 4573 non
2268 4518 2382 4589 jam
2425 4519 2580 4574 vobis
2627 4521 2869 4576 testibus
2915 4529 3193 4575 carentem
3254 4523 3469 4590 placere

1889 4613 2079 4674 vitam,
2132 4610 2228 4664 sed
2281 4609 2335 4663 id
2370 4611 2551 4680 potius
2600 4624 2793 4666 omnes
2836 4611 3112 4680 amplecti,
3169 4618 3230 4665 ut
3276 4619 3331 4665 et
3377 4627 3470 4664 cu-

1892 4701 2079 4757 stodes
2128 4703 2252 4758 sitis
2285 4712 2483 4758 vestrae
2538 4702 2681 4759 inter
2718 4717 2818 4758 vos
2861 4702 3157 4773 diligentia:
3191 4710 3245 4757 et
3297 4709 3466 4757 testes

1893 4790 2151 4859 praeclare
2189 4789 2479 4845 factorum.
2506 4789 2597 4846 Sic
2625 4791 2769 4846 enim
2795 4791 3176 4861 unusquisque
3195 4800 3249 4845 et
3281 4806 3379 4861 pro
3406 4806 3464 4846 se

1893 4879 2011 4947 ipse
2050 4880 2359 4935 mercedem
2401 4880 2703 4951 perfectum
2754 4881 2984 4951 accipiet
3026 4888 3082 4936 et
3128 4895 3227 4951 pro
3282 4879 3463 4934 fratris

1893 4985 2183 5040 progressu
2213 4987 2228 5035 ;
2263 4987 2425 5041 quam
2453 4972 2674 5043 quidem
2715 4987 2815 5041 par
2843 4980 2928 5028 est
2956 4980 3016 5027 ut
3037 4972 3196 5027 vobis
3230 4971 3463 5026 invicem

1968 5200 2044 5278 (8)
2082 5203 2424 5278 Προελᾷεῒν.
2463 5203 2540 5278 [ta
2589 5203 2770 5278 Harl.,_
2811 5204 3151 5278 Me_d.,AReg.
3199 5212 3461 5272 uterque,

1890 5271 2061 5348 cois].
2094 5274 2376 5348 secundus
2395 5281 2450 5348 et
2475 5274 2648 5343 Bigot.
2672 5275 2848 5332 Habet
2860 5275 3030 5331 Coisl.
3055 5271 3265 5348 primus
3291 5271 3463 5344 προσ-

1891 5342 2086 5396 ελθείν.
2118 5342 2259 5397 Editi
2294 5342 2491 5397 ἐλθεῖν.

1963 5412 2039 5484 (9)
2081 5411 2494 5481 Ἀπολήψεται.
2526 5412 2643 5470 Duo
2678 5430 2813 5472 mss.
2856 5414 3102 5539 ληῒιται.
3146 5412 3312 5469 Paulo
3344 5419 3468 5483 post

1963 5498 2005 5537 es
2035 5498 2169 5538 mss.
2198 5482 2570 5539 παρασγέσθαι
2592 5486 2756 5539 ὑμᾶς.
2782 5484 2890 5539 Sed
2964 5487 3064 5539 ιιι-1.
3095 5494 3149 5539 et
3174 5483 3312 5539 Med.
3339 5499 3466 5538 cum

1890 5482 2020 5557 tres
2035 5498 2169 5538 mss.
2198 5482 2570 5557 παρασχέσθαι
2592 5486 2756 5557 ὑμᾶς.
2782 5484 2890 5542 Sed
2909 5482 3064 5551 Harl.
3095 5494 3149 5547 et
3174 5483 3312 5540 Med.
3339 5482 3466 5538 eum

1892 5551 2054 5608 editis
2083 5551 2455 5607 consentiunt.

1968 5628 2001 5693 '_
2014 5622 2163 5680 Alias
2189 5620 2440 5679 CCXCV.
2959 5664 2964 5669 .
