3878 6222
190 331 331 390 1041

1044 326 1535 385 EPISTOLARUM
1572 326 1856 385 CLASSIS
1894 326 1986 383 Ill.
2036 323 2253 381 EPIST.
2294 258 2596 379 ευχοιχί

3325 310 3464 367 1012

193 443 411 518 ἡλικίας
450 439 844 514 πρεσϐυτικον,
888 448 983 494 καὶ
1027 440 1117 495 διὰ
1149 442 1213 496 τδ
1251 442 1353 515 τῆς
1400 444 1818 516 πνευματικῆς)

1912 450 2102 513 >ropter
2129 447 2443 513 provectam
2483 441 2718 500 aetatem,
2747 439 2862 487 tum
2904 422 3128 502 propter
3163 426 3463 497 spiritualis

190 533 489 599 διαθέσεως
547 533 773 604 γνήσιον
829 532 930 603 τὴν
983 532 1312 606 ἀσύγκριτόν
1369 552 1460 589 σου
1498 536 1779 603 εὐγένειαν

194 630 293 685 καὶ
328 630 388 682 ὲν
434 628 501 698 τῇ
538 627 827 696 σωματικῇ
866 626 1138 699 παρουσίᾳ
1170 626 1635 694 ἐπισκέπτεσθαι,
1688 630 1783 682 καὶ

193 719 447 792 ἀπούσης
473 719 586 791 (19)
629 718 705 791 μὴ
747 717 1252 789 ἀπολιμπάνεσθαι,
1290 718 1425 773 ἀλλὰ
1457 721 1793 792 γράμμασιν

194 813 552 886 ἀποπληροῦν
606 813 668 868 τὸ
719 812 898 868 ἐνδέον
925 855 940 880 ,
999 814 1187 886 ἐπειδὴ
1248 810 1404 886 εὗρον
1467 815 1781 886 πρέπουσαν

193 904 443 959 διάκονον
469 902 578 957 τῶν
627 901 766 977 πρὸς
791 902 892 975 τὴν
939 903 1038 973 σὴν
1086 905 1392 978 σεμνότητα
1440 907 1783 978 γραμμάτων

194 996 357 1069 τήνδε
381 1038 396 1064 ,
431 996 500 1050 δι’
532 996 705 1069 αὐτῆς
733 996 1192 1069 προσφθέγγομαί
1224 1015 1283 1051 σε
1311 1037 1326 1062 ,
1358 999 1786 1072 προηγουμένως

196 1088 503 1162 παρορμῶν
536 1089 630 1144 ἐπὶ
679 1089 741 1144 τὸ
787 1088 948 1163 ἔργον
1004 1090 1064 1145 τὸ
1108 1089 1202 1145 τοῦ
1248 1092 1454 1164 Κυρίου
1480 1132 1494 1156 ,
1526 1094 1613 1148 ἵνα
1662 1111 1721 1147 σε
1758 1096 1786 1146 6

196 1182 359 1252 ἅγιος
389 1182 558 1248 Θεὸς,
607 1182 808 1254 τιμίως
858 1181 1219 1254 παρενεγκὼν
1270 1181 1370 1246 τὰς
1423 1182 1636 1257 ἡμέρας
1688 1174 1787 1257 τῆς

196 1275 495 1349 παροικίας
522 1291 615 1330 σου
635 1276 693 1328 ὲν
724 1276 873 1348 πάσῃ
897 1274 1147 1348 εὐσεϐείᾳ
1172 1275 1269 1330 καὶ
1292 1276 1601 1348 σεμνότητι,
1630 1274 1788 1342 ἀξίαν

198 1366 302 1422 καὶ
347 1366 456 1421 τῶν
504 1367 808 1438 μελλόντων
840 1365 1060 1437 ἀγαθῶν
1108 1368 1520 1439 καταστήσειεν.
1557 1369 1788 1422 Ἔπειτα

196 1457 259 1513 δὲ
434 1457 534 1531 τὴν
586 1458 995 1550 προειρημένην
1037 1457 1314 1531 θυγατέρα
1355 1457 1790 1529 παρακατατίθε-

202 1549 309 1621 μαί
344 1549 455 1622 (20)
493 1568 611 1615 σοι,
637 1549 746 1605 ίῖνα
794 1551 870 1615 ὡς
897 1552 1037 1623 ἐμὴν
1066 1551 1164 1623 μὲν
1197 1550 1475 1623 θυγατέρα
1496 1593 1511 1617 ,
1558 1550 1792 1622 σεαυτῆς

200 1643 264 1698 δὲ
305 1643 542 1715 ἀδελφὴν
575 1642 718 1696 οὕτω
757 1642 918 1716 δέξῃ,
968 1644 1064 1698 καὶ
1096 1644 1226 1713 περὶ
1269 1637 1344 1697 ὧν
1377 1642 1443 1697 ἂν
1487 1645 1556 1715 τῇ
1597 1644 1793 1715 εὐσχή-

205 1736 333 1807 μονί
368 1753 461 1790 σου
489 1736 584 1790 καὶ
609 1736 826 1807 καθαρᾷ
855 1735 1001 1807 ψυχῇ
1031 1734 1478 1813 ἀνακοινώσεται,
1518 1735 1794 1807 ίδιοπαθή-

1885 538 2111 595 allectus
2169 536 2562 598 sinceritatem,
2612 529 2748 587 nulli
2816 524 3247 597 comparabilem
3317 529 3462 575 tuam

1882 632 2226 687 nobilitatem
2259 638 2315 686 et
2348 640 2577 697 corpore
2611 630 2935 696 praesentem
2987 619 3244 682 invisere,
3280 625 3333 671 et
3364 615 3462 668 ab-

1886 723 2029 781 senti
2059 738 2167 779 non
2213 721 2425 785 deesse,
2470 718 2565 775 sed
2592 715 2812 779 litteris,
2850 712 2906 768 id
2933 710 3079 783 quod
3119 708 3293 772 deest,
3334 720 3461 775 sup-

1887 813 2036 885 plere
2084 830 2109 871 :,
2147 811 2242 867 ubi
2292 816 2490 865 nactus
2523 823 2645 864 sum
2679 807 2931 862 idoneam
2980 802 3121 856 banc
3151 798 3461 855 ministram

1889 906 2195 961 litterarum
2264 903 2332 957 ad
2388 909 2538 956 tuam
2596 899 2915 972 gravitatem
2980 891 3465 965 perferendarum,

1892 1012 1990 1067 per
2025 997 2198 1066 ipsam
2243 1001 2297 1049 te
2339 994 2541 1055 saluto,
2593 993 2647 1045 in
2693 990 2884 1062 primis
2927 988 3228 1043 adhortans
3260 981 3327 1036 ad
3360 980 3468 1034 Do-

1891 1088 2026 1144 mini
2072 1100 2235 1158 opus,
2264 1094 2322 1140 ut
2358 1095 2411 1141 te
2439 1084 2581 1140 Deus
2618 1089 2866 1147 sanctus,
2902 1095 3027 1135 cum
3059 1078 3267 1132 honore
3295 1073 3469 1129 dedu-

1891 1196 2022 1237 cens
2056 1180 2176 1235 dies
2222 1179 2493 1235 iucolatus
2542 1176 2622 1231 tui
2662 1176 2717 1229 in
2744 1174 2893 1230 omni
2921 1173 3122 1243 pietate
3152 1178 3315 1238 atque
3344 1180 3471 1237 gra-

1894 1274 2105 1338 vitate,
2153 1271 2375 1341 dignam
2449 1269 2616 1326 etiam
2670 1265 2873 1321 futuris
2924 1261 3084 1318 bonis
3143 1259 3464 1315 constituat.

1892 1365 2100 1422 Deinde
2140 1378 2271 1419 vero
2302 1369 2370 1425 et,
2391 1366 2748 1417 memoratam
2795 1357 2959 1411 ﬁliam
2998 1349 3322 1408 commendo
3345 1349 3467 1413 tibi,

1895 1469 1955 1514 ut
2002 1473 2123 1514 eam
2178 1458 2322 1512 sicut
2383 1466 2561 1508 meam
2621 1450 2841 1520 quidem
2899 1446 3088 1509 tiliam,
3138 1452 3287 1498 tuam
3337 1454 3470 1494 vero

1894 1567 2144 1609 sororem
2179 1547 2491 1618 suscipias;
2522 1552 2576 1599 et
2623 1542 2823 1614 quibus
2852 1539 2918 1595 de
2962 1538 3129 1593 rebus
3165 1548 3288 1589 cum
3330 1548 3477 1603 pra:-

1896 1644 2043 1699 clara
2075 1651 2165 1695 tua
2196 1654 2261 1693 ac
2304 1649 2441 1706 pura
2472 1633 2652 1688 anima
2703 1624 3132 1684 communicabit
3176 1629 3300 1675 tuas
3345 1633 3475 1690 pro-

1898 1736 2043 1808 prias
2072 1747 2195 1789 esse
2248 1728 2547 1788 existimes,
2579 1738 2642 1778 ac
2671 1736 2837 1793 opem
2870 1717 3037 1781 feras,
3068 1715 3305 1786 primum
3355 1709 3474 1781 qui-

203 1786 353 1899 ἒτῃς,
406 1825 501 1880 καὶ
550 1786 814 1897 ἀντιλάὲτῖ
867 1786 1068 1897 ἑιιζῆς,
1114 1786 1788 1899 ag"...',‘;;.s"i;.n

1912 1828 2021 1883 lem
2056 1840 2120 1878 ac
2155 1820 2428 1895 praecipue
2458 1827 2517 1873 ut
2553 1830 2583 1869 a
2615 1813 2847 1870 Domino
2870 1808 3176 1866 mercedem
3216 1804 3426 1859 habens
3458 1818 3475 1867 ;

203 1919 639 1992 προηγουμένως
680 1918 881 1990 ἔχουσα
917 1918 1006 1973 τὸν
1039 1918 1260 1990 μισθόψ
1289 1918 1478 1974 ἔπειτα
1521 1920 1615 1974 καὶ
1645 1921 1791 1992 ἡμᾶς

199 2012 564 2067 ἅναπαύουσα
590 2013 718 2076 τοὺς
737 2012 795 2067 ὲν
819 2011 1148 2082 σπλάγχνοις
1180 2012 1418 2084 Χριστοῦ
1446 2013 1507 2068 τὸ
1538 2013 1636 2084 τῆς
1653 2014 1790 2082 ἀγά-

202 2118 318 2174 πης
348 2121 431 2157 σοι
469 2103 580 2175 (21)
613 2104 812 2175 μέτρον
835 2103 1291 2176 ἀποπληροῦντας

721 2259 1065 2313 ΕΠΙΣΤΟΛΗ
1107 2242 1271 2328 mir.

1899 1918 2097 1974 deinde
2133 1893 2300 1972 etiam
2342 1920 2400 1968 ut
2444 1908 2603 1965 nobis
2645 1913 2962 1977 pergratum
2997 1900 3224 1961 faciens,
3255 1896 3347 1967 qui
3377 1893 3476 1950 tibi

1900 2013 1957 2067 in
1994 2007 2203 2065 Christi
2249 2003 2559 2061 visceribus
2606 1994 2896 2053 charitatis
2947 2004 3262 2049 mensuram
3305 1987 3478 2042 adim-

1904 2104 2134 2176 plemus.

2326 2248 2661 2307 EPISTOLA
2693 2243 3001 2302 CCXCVIII‘
3025 2247 3066 2299 ί.

536 2348 726 2437 Reid“!
748 2369 1007 2438 cujusdam
1027 2373 1236 2427 hominis
1259 2375 1446 2437 dolum,
1465 2376 1548 2442 qui
1572 2388 1714 2443 aqua:
1736 2374 1833 2428 vim
1851 2374 2114 2441 quamdam
2141 2382 2345 2434 prorsus
2363 2365 2629 2418 absurdam
2654 2361 2807 2413 inesse
2829 2356 3163 2425 persuadebat.

454 2480 875 2550 Ἀνεπίῃοαφος
897 2523 911 2544 ,
949 2482 1041 2536 ἐπ’
1081 2482 1254 2552 ἀνδρὶ
1297 2487 1557 2543 εὐλαϐεῖ.

281 2595 405 2649 Ὅτι
449 2595 547 2668 μὲν
578 2596 706 2667 περὶ
749 2596 966 2651 πάντων
1006 2598 1284 2667 καταξιοῖς
1316 2600 1641 2672 συμϐούλοις
1666 2603 1797 2673 ἡμῖν

205 2688 304 2740 καὶ
334 2689 610 2751 κοινωνοῖς
639 2688 1056 2759 φροντισμάτων
1095 2692 1398 2764 κεχρῆσθαι
1419 2733 1432 2760 ,
1460 2697 1634 2758 ποιεῖς
1660 2694 1797 2766 πρέ-

205 2794 310 2832 πον
334 2776 448 2849 (22)
481 2780 549 2848 τῇ
593 2777 820 2832 σεαυτοῦ
852 2779 1184 2853 τελειότητι·
1222 2784 1317 2837 καί
1374 2802 1434 2838 σε
1476 2787 1505 2840 6
1536 2784 1669 2849 Θεὸς
1696 2785 1800 2855 τῆς

206 2883 269 2920 τε
304 2867 526 2939 ἀγάπης
565 2866 663 2938 τῆς
695 2868 824 2939 περὶ
853 2870 1004 2939 ἡμᾶς
1024 2911 1038 2935 ,
1080 2871 1175 2926 καὶ
1203 2871 1304 2942 τῆς
1347 2874 1664 2946 ἐπιμελείας
1696 2874 1798 2944 τῆς

204 2960 353 3016 κατὰ
383 2960 475 3014 τὸν
524 2961 637 3031 βίον
670 2960 970 3032 ἀμείψαιτο
995 2964 1106 3036 (25)
1134 2982 1147 2995 ·
1180 2967 1262 3020 ὅτι
1300 2966 1358 3020 δέ
1415 2984 1509 3021 σου
1558 2967 1735 3038 ἥψατο
1763 2968 1796 3037 ἡ

206 3054 396 3125 ἀπάτη
428 3053 652 3116 τούτου,
699 3053 988 3125 ἐθαύμασα
1011 3095 1026 3120 ,
1065 3058 1163 3112 κα)⁵
1211 3056 1365 3113 ὕδατί
1392 3059 1503 3128 (24)
1556 3077 1677 3114 τινα
1704 3058 1799 3112 δύ·-

206 3164 378 3219 ναμιν
417 3147 610 3216 ἄλογον
642 3147 896 3218 παρεῖναι
933 3148 1335 3213 πεπίστευκας·
1366 3151 1461 3204 καὶ
1487 3150 1679 3214 ταῦτα,
1709 3151 1803 3203 οὐ-

205 3237 407 3310 δεμιᾶς
459 3238 763 3311 μαρτυρίας
815 3238 1142 3311 βεϐαιούσης
1188 3242 1288 3313 τὴν
1337 3243 1547 3313 φήμην.
1595 3241 1803 3296 Οὔκουν

208 3330 333 3387 ἐστι
357 3347 440 3395 τις
472 3329 580 3384 τῶν
609 3330 819 3383 ἐκεῖθεν
845 3331 904 3385 οὐ
937 3331 1131 3402 μικρὸν
1154 3371 1168 3395 ,
1207 3332 1269 3384 οὐ
1303 3332 1486 3403 μεῖζον
1519 3331 1700 3385 λαϐὼν
1726 3333 1806 3395 εἰς

211 3423 276 3481 τὸ
324 3422 517 3495 σῶμα,
556 3417 632 3477 ὧν
662 3422 858 3493 ἤλπισε
884 3462 898 3486 ,
925 3423 987 3475 τὸ
1031 3422 1228 3476 ἑαυτοῦ
1277 3422 1513 3491 ἀγαθόν·
1550 3422 1582 3493 ἢ
1634 3424 1684 3475 εί
1729 3422 1803 3493 μή

210 3531 322 3575 τινι
381 3514 490 3568 ἀπὸ
537 3514 633 3568 τοῦ
686 3513 997 3584 αὐτομάτου
1067 3515 1257 3584 γέγονε
1304 3512 1629 3585 παραμυθία
1681 3526 1802 3573 τις’

208 3607 378 3659 ὁποῖα
400 3605 515 3676 (25)
566 3606 661 3659 καὶ
711 3606 1031 3660 καθεύδουσι
1076 3607 1171 3659 κα)⁵
1205 3604 1342 3659 ἀλλα
1387 3605 1507 3658 τινα
1543 3602 1686 3659 κατά
1711 3602 1803 3656 τὸν

213 3697 334 3768 βίον
371 3696 684 3770 ἐνεργοῦσιν
726 3697 1065 3768 ἐπιγίνεσθαι
1103 3697 1370 3768 πέφυκεν.
1421 3696 1559 3750 Ἀλλ’
1591 3698 1619 3750 6
1655 3698 1806 3750 ἀναι-

215 3790 332 3861 ρῶν
380 3791 480 3861 τὴν
520 3790 742 3862 ἀγάπην
775 3791 845 3843 τά
886 3790 1172 3859 αὐτόματα
1198 3791 1264 3861 τῇ
1298 3788 1391 3842 τοῦ
1425 3787 1614 3851 ὓδατος
1644 3787 1805 3858 φύσει

210 3880 531 3952 λογίζεσθαι
591 3884 719 3946 τοὺς
769 3882 1172 3953 ἁπλουστέρους
1223 3881 1525 3936 ἀναπείθει.
1571 3881 1695 3933 Ὅτι
1748 3879 1805 3933 δὲ

214 3972 429 4044 ἀληθὴς
459 3972 616 4044 ἡμῶν
662 3974 691 4026 6
734 3973 891 4042 λόγος
910 4015 925 4039 ,
957 3970 1166 4037 ἔξεστιν
1198 3972 1257 4038 ἐξ
1284 3973 1453 4044 αὐτῆς
1483 3975 1582 4045 τῆς
1611 3973 1807 4042 πείρας

216 4071 282 4123 σε
304 4064 639 4135 διδαχθῆναι.

731 4224 1075 4280 ΕΠΙΣΤΟΛΗ
1121 4223 1279 4290 Σιιθν.

2188 2481 2317 2538 Sine
2356 2477 2721 2548 inscriptione,
2762 2488 2927 2527 causa
2964 2470 3038 2539 pii
3080 2466 3198 2522 viri.

1970 2596 2128 2665 Quod
2180 2610 2267 2651 me
2323 2592 2548 2664 quidem
2590 2585 2839 2658 dignaris
2898 2583 2955 2637 in
3003 2578 3262 2635 omnibus
3299 2575 3483 2632 consi-

1900 2693 2063 2750 liario
2099 2697 2157 2746 et
2206 2701 2465 2744 curarum
2513 2688 2772 2739 consorte
2810 2677 2911 2741 uti,
2961 2688 3072 2729 rem
3113 2679 3209 2726 tua
3256 2669 3486 2739 integri-

1904 2792 2016 2840 tate
2045 2782 2267 2854 dignam
2307 2777 2445 2833 i‘acis
2480 2793 2496 2842 ;
2543 2782 2707 2845 teque
2747 2768 2891 2824 Deus
2934 2775 2988 2821 et
3023 2779 3125 2835 pro
3168 2770 3262 2817 tuo
3307 2761 3364 2815 in
3398 2774 3486 2814 me

1905 2850 2128 2937 amore,
2147 2879 2202 2928 et
2234 2885 2336 2942 pro
2360 2867 2488 2922 vitae
2516 2858 2866 2921 instituendas
2894 2854 3058 2930 535
3091 2850 3371 2942 diligentia
3398 2863 3486 2903 re-

1904 2941 2246 3023 muneretur.
2273 2961 2409 3017 Illud
2441 2967 2624 3013 autem
2652 2954 2884 3009 miratus
2913 2962 3033 3004 smn
3058 2944 3204 3016 quod
3237 2950 3290 2998 te
3319 2941 3488 3011 hujus

1909 3059 2147 3115 hominis
2189 3056 2350 3113 dolus
2401 3048 2671 3121 attigerit,
2720 3052 2776 3101 et
2819 3056 2976 3113 aqua:
3024 3039 3139 3105 vim
3192 3033 3487 3106 quamdam

1907 3150 2206 3207 absurdam
2258 3148 2446 3202 inesse
2491 3140 2839 3203 credideris;
2896 3133 3082 3203 idque,
3134 3129 3284 3184 nullo
3330 3124 3490 3181 testi-

1908 3243 2094 3298 monio
2125 3240 2328 3295 famam
2367 3234 2746 3293 conﬁrmante.
2789 3227 2960 3284 Nemo
3002 3239 3135 3282 sane
3178 3232 3262 3278 est
3297 3234 3486 3276 eorum

1908 3334 2005 3406 qui
2044 3333 2157 3389 illic
2203 3331 2431 3402 degunt,
2474 3328 2567 3399 qui
2623 3331 2903 3395 speratum
2952 3316 3200 3389 corporis
3239 3315 3490 3370 levamen

1912 3440 2172 3496 magnum
2230 3423 2484 3478 minusve
2530 3426 2864 3475 consecutus
2895 3409 3146 3479 sit;nisi
3184 3406 3310 3479 quis
3356 3419 3491 3459 casu

1908 3522 1963 3572 et
1992 3516 2219 3573 fortuito
2248 3512 2499 3569 nonnihil
2534 3508 2812 3578 acceperit
2844 3501 3137 3560 leva‘minis
3166 3517 3184 3566 ;
3224 3496 3387 3568 quale
3425 3501 3483 3549 et

1899 3607 2312 3663 .dormientibus
2365 3612 2422 3661 et
2474 3603 2585 3658 alia
2636 3597 2887 3671 quaedam
2934 3597 2991 3650 in
3032 3595 3147 3649 vita
3202 3588 3491 3662 agentibus

1913 3700 2162 3756 accidere
2204 3697 2364 3753 solet.
2410 3692 2519 3750 Sed
2550 3693 2643 3763 qui
2679 3707 2711 3747 e
2756 3684 3113 3743 mediolollit
3150 3681 3491 3743 charitatem,

1912 3788 1962 3843 is
2004 3787 2303 3857 persuadet
2348 3779 2812 3854 simplicioribus,
2867 3785 2929 3831 ut
2982 3789 3048 3830 ea
3095 3786 3217 3844 quae
3267 3767 3494 3825 fortuito

1911 3880 2250 3944 obveniunt,
2329 3883 2539 3933 natura:
2615 3886 2771 3943 aqua:
2846 3866 3145 3924 ascribant.
3221 3862 3494 3918 Caeterum

1913 3986 2036 4041 quae
2069 3972 2195 4027 dico
2220 3985 2347 4026 vera
2388 3981 2539 4032 esse,
2569 3969 2748 4035 potest
2776 3975 2844 4017 ex
2879 3960 2999 4031 ipsa
3030 3953 3370 4028 experientia
3408 3951 3493 4007 tli-

1916 4077 2089 4121 scere.

2313 4211 2652 4271 EPISTOLA
2682 4206 2940 4266 CCXCIX
2970 4209 3034 4260 “.

219 4342 473 4396 Eximium
500 4341 657 4394 virum
680 4339 763 4408 qui
785 4356 812 4393 e
827 4338 1037 4407 potentia
1054 4337 1188 4389 civili
1210 4336 1274 4387 ad
1296 4332 1607 4408 tranquillam
1629 4331 1775 4408 vitam
1788 4341 2068 4393 recesserat,
2091 4332 2337 4408 hortatur,
2352 4336 2403 4398 ut
2420 4326 2674 4408 censitoris
2695 4336 2868 4375 munus
2892 4322 2942 4373 in
2964 4318 3159 4387 regione
3179 4314 3496 4377 Horitarum,

1274 4410 1359 4462 spe
1383 4389 1619 4449 niercedis
1643 4409 1674 4445 a
1701 4397 1799 4445 Deo
1821 4389 2185 4459 consequentiae,
2209 4389 2457 4454 suscipiat.

776 4513 1096 4583 Knroitopt
1121 4510 1254 4582 (26).

295 4608 473 4662 Εἰδότι
503 4624 593 4679 μοι
628 4605 901 4678 ἔγραφες,
940 4606 1022 4660 ὅτι
1057 4603 1330 4667 δυσκόλως
1366 4602 1510 4673 ἔχεις
1544 4607 1680 4673 πρὸς
1709 4600 1808 4671 τὴν

218 4702 335 4757 τῶν
366 4700 559 4756 κοινῶν
601 4699 936 4770 ἐπιμέλειαν.
990 4699 1101 4751 Καὶ
1132 4696 1242 4767 γάρ
1294 4694 1521 4756 παλαιός
1558 4694 1674 4746 ἐστι
1724 4690 1812 4743 λό-

166 4849 171 4852 ,
220 4810 358 4863 γος,
402 4795 529 4858 τοὺς
562 4792 765 4864 ἀρετῆς
810 4789 1309 4860 μεταποιουμένους
1343 4788 1417 4859 μὴ
1452 4785 1569 4856 μεθ’
1621 4784 1813 4855 ἡδονῆς

225 4886 456 4949 ἑαυτοὺς
484 4883 799 4939 ὲπιόόιλλειν
827 4885 1044 4954 ἀρχαῖς.
1080 4880 1162 4935 Τά
1188 4881 1296 4950 γάρ
1319 4878 1428 4933 τῶν
1457 4879 1814 4949 ἱατρευόντων

224 4977 370 5042 ῐδια,
400 4976 571 5032 ταῦτα
594 4976 706 5048 ὁρῶ
735 4977 828 5029 καὶ
852 4973 962 5027 τῶν
987 4972 1264 5045 ἀρχόντων
1291 4970 1441 5024 ὄντα.
1480 4968 1677 5042 Ὀρῶσι
1705 4969 1815 5042 γὰρ

305 5154 419 5221 (l9)
463 5155 776 5221 Ἆπούσης.
812 5152 903 5208 Sic
931 5142 1173 5208 Claro-in.
1207 5149 1413 5221 melius
1437 5164 1598 5221 quam
1643 5147 1732 5201 alii
1763 5156 1816 5203 et

228 5218 362 5282 editi
392 5218 642 5298 67:06:13.
660 5218 773 5298 Hoc
793 5223 938 5298 enim
967 5223 1194 5277 verbum
1217 5219 1359 5289 apud
1384 5218 1642 5274 Basiliuni
1671 5233 1818 5273 sem-

225 5313 334 5370 per
363 5311 489 5351 cum
526 5292 769 5367 genitivo
800 5292 1174 5363 conjunctum.

306 5388 422 5461 (20)
442 5387 1013 5461 Παρακςιαιτιτίθιιιιιιιζ
1043 5382 1283 5461 Clarum:
1308 5380 1814 5461 παρακατατίθημι.

227 5450 564 5586 Ρέιὶέιόιὲοέι
607 5457 740 5515 editi
790 5450 1103 5527 ἀντὶλάδῃς.
1135 5452 1303 5509 Coisl.
1334 5450 1543 5524 primus
1588 5458 1643 5506 et
1676 5450 1815 5505 Med.

228 5549 266 5587 u
349 5547 383 5584 n
470 5546 500 5584 x
530 5545 587 5585 u.

305 5620 719 5693 (ΞΗ-Ἁγάπης
743 5636 861 5676 σοι.
915 5615 1069 5674 lianc
1110 5616 1357 5672 vnculam
1414 5612 1721 5671 addidimus
1755 5627 1821 5667 ex

230 5691 408 5755 Μαι..
436 5691 560 5749 Vat.
594 5700 650 5749 et
680 5692 920 5747 Calrom.

237 5752 425 5909 πρ(ἳὲᾹέ
448 5761 705 5831 Πρέπον.
733 5761 901 5819 Coisl.
933 5757 1210 5818 secundus
1236 5764 1288 5815 et
1321 5756 1521 5829 ltegius
1547 5752 1822 5812 secundus

321 5851 390 5886 επ
422 5851 577 5897 ντως.

2559 4498 2829 4557 Iensitori.

1987 4594 2195 4650 Scienti
2258 4592 2391 4648 mihi
2436 4589 2711 4661 scripsisti
2766 4585 3155 4658 permolestam
3202 4579 3301 4635 tibi
3371 4591 3496 4632 esse

1913 4689 1996 4745 rei
2046 4686 2281 4758 publica:
2335 4683 2897 4740 administrationem.
2941 4676 3078 4731 Nam
3121 4673 3347 4741 antiqua
3372 4685 3498 4726 seu-

1915 4781 2085 4836 tentia
2115 4788 2219 4841 est.
2255 4777 2478 4833 virtutis
2509 4775 2791 4832 studiosos
2826 4770 2974 4825 haud
3004 4769 3243 4823 libenter
3273 4764 3327 4819 in
3378 4778 3497 4815 ma-

1914 4869 2179 4939 gistratus
2231 4882 2354 4923 sese
2406 4864 2704 4934 conjicere.
2764 4862 2898 4927 Quae
2942 4857 3089 4913 enim
3135 4851 3496 4917 medicorum,

1916 4976 1982 5017 ea
2053 4960 2472 5027 magistratuum
2550 4968 2767 5026 quoque
2823 4948 3044 5019 propria
3120 4961 3244 5000 esse
3311 4941 3496 4997 video.

1990 5112 2103 5183 (25)
2147 5113 2497 5181 Ἃμείψαιτο.
2550 5108 2688 5164 Cum
2743 5106 2850 5160 alio
2883 5100 3052 5159 Coisl.
3097 5098 3307 5170 primus
3345 5092 3502 5164 ἀμεί-

1959 5197 2097 5238 εται.

1991 5253 2101 5324 (24)
2130 5253 2238 5307 Καὶ
2260 5245 2878 5324 ᾲῇδατιη-Μεὰηηροίεὶ.
2912 5238 3503 5324 ξθοιιηάιιεζιῐὶεεηεε-

1920 5306 2218 5379 ουὶιᾱύεήεὶ
2257 5321 2429 5376 ὕδατι.
2468 5319 2592 5374 Mox
2625 5306 2758 5373 editi
2794 5317 2869 5380 ὡς
2889 5316 2951 5368 τὸ
2983 5310 3162 5383 σῶμα.
3204 5306 3335 5363 Mss.
3367 5320 3502 5375 qua-

1920 5401 2050 5449 tuor
2078 5393 2216 5447 utin
2254 5400 2426 5447 textu.
2454 5389 2626 5444 Paulo
2654 5396 2777 5457 post
2801 5403 2868 5442 ex
2891 5382 3116 5457 totidem
3152 5394 3286 5457 mss.
3317 5391 3503 5431 emen-

1922 5448 2352 5537 davimus_quod
2384 5462 2579 5537 vitiose
2614 5448 2733 5537 erat
2762 5460 2818 5511 in
2847 5455 3009 5537 editis
3037 5452 3077 5537 ᾗ
3105 5469 3157 5505 τι
3195 5448 3268 5519 μή
3304 5464 3430 5501 τινι.

2015 5533 2109 5597 ‘25)
2154 5524 2372 5587 'Oitoia.
2403 5529 2494 5585 Sic
2513 5544 2650 5585 mss.
2684 5536 2817 5585 tres.
2854 5524 2995 5581 Editi
3021 5524 3130 5577 οἷα.

2016 5589 2106 5669 26)
2134 5602 2476 5670 Κηνσίτορι.
2507 5598 2585 5653 Ita
2625 5612 2840 5655 summo
2871 5608 3143 5653 consensu
3173 5607 3307 5648 mss.
3351 5589 3505 5645 codiu

1925 5671 2036 5732 ces.
2072 5671 2215 5727 Editi
2252 5672 2582 5740 Κηνσήτορι.

1998 5688 2525 5797 E'A'ii'ié'c'él‘ii‘i"

2001 5817 2039 5839 "
2070 5813 2153 5868 Ali
2177 5828 2220 5869 es
2249 5810 2490 5868 CCCLII.
