3878 6222
452 292 592 351 10ιὸ

1807 290 2146 365 suasu.“
2184 291 2397 349 usam

3566 258 3685 313 10“

460 413 652 470 Vident
704 413 851 469 enim
906 414 1071 482 mala,
1129 415 1596 488 expcriunturque
1652 413 1925 480 insuavia,
1974 422 2021 469 et

2133 417 2277 470 δεινά
2304 456 2319 482 ,
2376 414 2470 469 καὶ
2523 411 2815 484 πειρῶνται
2859 408 3039 480 ἀηδῶν
3070 424 3084 437 ο
3121 404 3217 459 καὶ
3266 402 3360 456 ἐπ’
3407 398 3699 488 ἀλλοτρίαις

452 524 517 562 ex
567 507 802 563 aliorum
859 507 1227 564 incommodis
1269 506 1523 577 proprios
1570 506 1884 576 percipiunt
1935 505 2033 560 do-

451 596 645 664 lores;
698 597 892 652 saltem
941 598 1037 668 qui
1082 613 1210 653 rere
1262 597 1616 669 magistratus
1676 605 1825 652 sunt.
1893 596 2026 651 Nam

448 689 765 758 quicunque
824 700 1170 759 aucupantur
1217 696 1529 759 quaestum,
1590 697 1645 744 et
1675 689 1741 743 ad
1809 689 2027 744 divitias

450 780 802 850 respiciunt,
854 795 917 834 ac
987 780 1215 850 gloriam
1269 789 1590 851 praesentem
1646 779 2027 846 admirantur,

450 873 505 926 bi
558 873 855 928 maximum
896 873 1175 929 bonorum
1236 874 1484 937 ducunt,
1528 881 1854 944 potestatem
1927 874 2027 928 ali-

446 977 615 1032 quam
692 964 963 1032 assequi,
1028 962 1171 1018 unde
1242 964 1435 1019 amicis
1505 963 1828 1020 benefacere
1892 981 2022 1034 pos-

446 1055 560 1109 sint
591 1095 604 1117 ,
659 1064 714 1111 et
765 1055 1018 1112 inimicos
1084 1057 1322 1123 ulcisci,
1387 1073 1450 1112 ac
1494 1058 1600 1112 sibi
1652 1057 1785 1127 ipsis
1839 1066 2023 1127 Optata

446 1162 787 1215 comparare.
852 1149 921 1201 At
980 1157 1037 1203 tu
1076 1165 1184 1204 non
1231 1150 1356 1205 talis
1406 1165 1488 1205 es.
1526 1148 1811 1214 Quomodo
1842 1149 2027 1204 enim?

445 1237 539 1307 qui
590 1254 621 1294 e
675 1240 917 1309 potentia
976 1238 1122 1293 civili
1161 1280 1177 1304 ,
1231 1255 1405 1310 eaque
1467 1248 1615 1293 tanta
1688 1250 1781 1294 tua
1832 1250 2025 1311 sponte

446 1332 771 1399 recessisti;
844 1340 899 1387 et
958 1347 1084 1387 cum
1154 1332 1249 1387 tibi
1322 1333 1515 1387 liceret
1581 1333 1827 1395 civitati,
1900 1342 2023 1387 tan-

445 1438 611 1492 quam
661 1422 847 1477 domui
902 1425 1043 1488 uni,
1107 1423 1429 1489 dominari,
1488 1424 1727 1494 quietam
1774 1440 1836 1478 ac
1875 1432 2026 1478 tran-

443 1515 672 1583 quillam
713 1516 1003 1585 amplexus
1038 1533 1097 1572 es
1149 1517 1365 1584 vitam;
1430 1532 1532 1571 nec
1593 1516 1795 1571 habere
1858 1533 2025 1589 nego-
2058 1547 2101 1603 Β

446 1607 521 1659 tia
547 1648 562 1673 ,
604 1620 705 1661 nec
751 1607 1009 1663 exhibere
1042 1608 1164 1662 aliis
1220 1608 1397 1677 pluris
1442 1607 1766 1664 existimans
1795 1648 1810 1671 ,
1860 1625 2023 1678 quam

444 1693 538 1748 alii
584 1711 834 1752 morosos
878 1713 936 1752 se
970 1704 1250 1767 praestare.
1309 1696 1415 1753 Sed
1472 1712 1596 1753 cum
1656 1698 1886 1754 Domino
1940 1700 2023 1753 vi-

446 1804 569 1843 sum
639 1788 711 1842 sit
769 1786 1099 1844 lboritarum
1155 1788 1435 1860 regionem
1507 1790 1844 1860 cauponibus
1913 1807 2025 1845 non

444 1879 686 1948 subjici,
730 1896 910 1951 neque
977 1881 1377 1952 mancipiorum
1428 1881 1548 1936 foro
1599 1881 2023 1953 descriptionem

443 1970 678 2026 similem
714 1987 837 2027 esse
876 1971 1015 2027 :sed
1072 1987 1515 2044 unumquemque
1565 1982 1621 2029 ut
1674 1990 1888 2042 aequum
1942 1981 2025 2030 est

443 2060 720 2131 describi;
794 2064 982 2135 accipe
1067 2065 1392 2135 negotium,
1446 2064 1571 2120 licet
1651 2066 1788 2119 alias
1860 2067 2027 2121 mole-

444 2162 626 2219 stum,
686 2154 781 2209 sed
836 2161 1020 2208 tamen
1079 2155 1225 2223 quod
1271 2154 1369 2208 tibi
1418 2154 1559 2225 apud
1608 2152 1774 2209 Deum
1813 2154 2022 2209 laudem

440 2252 498 2298 et
544 2243 991 2315 approbationem
1031 2243 1327 2301 conciliare
1359 2245 1555 2314 possit.
1615 2242 1804 2314 Neque
1830 2256 2027 2314 poten-

441 2336 578 2390 tiam
633 2335 895 2391 formides
924 2378 940 2401 ,
998 2353 1175 2408 neque
1233 2345 1611 2407 paupertatem
1663 2344 2022 2403 contemnas;

441 2429 540 2484 sed
624 2429 791 2483 animi
861 2431 1167 2501 aequitatem
1233 2431 1301 2485 iis
1357 2446 1498 2500 quos
1562 2444 1756 2500 rcges,
1820 2429 2023 2482 trutina

441 2520 594 2575 omni
650 2521 944 2592 aequiorem
1009 2522 1225 2577 exhibe.
1278 2521 1371 2575 Sic
1403 2520 1547 2575 enim
1583 2529 1636 2574 et
1688 2520 1755 2575 iis
1801 2520 1893 2590 qui
1930 2520 2022 2575 tibi

439 2609 546 2667 boc
595 2613 841 2668 muneris
892 2612 1266 2676 crediderint,
1321 2609 1673 2665 manifestum
1734 2609 1824 2663 [iet
1868 2618 2021 2663 tuum

439 2704 667 2776 iustitiae
698 2708 938 2762 studium
961 2747 976 2771 ,
1021 2717 1075 2761 et
1105 2717 1156 2761 te
1187 2713 1314 2761 ante
1340 2705 1477 2760 alios
1510 2704 1874 2760 mirabuntur.
1915 2704 2023 2758 Aut

441 2796 661 2852 etiamsi
703 2797 809 2853 hoc
855 2798 978 2852 illos
1022 2797 1224 2859 lateat,
1277 2793 1445 2850 Deum
1487 2802 1737 2850 nostrum
1791 2810 1899 2849 non
1943 2794 2022 2848 la-

440 2888 602 2952 tebit,
638 2889 733 2959 qui
761 2904 958 2961 magna
991 2888 1150 2943 nobis
1186 2887 1471 2957 preposuit
1501 2886 1766 2942 bonorum
1795 2901 2020 2957 operum

440 2995 688 3050 praemia.

828 3091 993 3164 (.33
1038 3087 1375 3146 EPISTOLA
1413 3086 1543 3144 ccc
1586 3092 1621 3144 ·.

2137 507 2443 577 συμφοραῖς
2492 502 2700 565 οἰκείας
2759 498 3098 571 καρποῦνται
3153 494 3372 555 λύπας·
3435 490 3492 543 οῖ
3530 505 3593 557 γε
3634 485 3700 551 ὣς

2134 598 2349 669 ἀληθῶς
2381 598 2657 669 ἄρχοντες.
2709 593 2861 647 Ἐπεὶ
2883 593 3007 646 ὅσον
3033 586 3338 660 ἐμπορικὸν
3366 583 3480 638 τῶν
3511 578 3701 653 ἀνθρὼ-

2135 709 2253 745 πων
2274 731 2289 756 ,
2323 689 2417 743 καὶ
2446 687 2583 760 πρὸς
2624 687 2882 758 χρήματα
2930 683 3127 753 βλέπον
3152 721 3169 745 ,
3200 680 3297 733 καὶ
3335 677 3470 748 περὶ

2136 781 2232 846 ξαν
2256 778 2459 850 ταύτην
2489 756 2842 846 ἐπτοημένου,
2892 770 3145 843 μέγιστον
3177 767 3287 820 τῶν
3318 761 3547 833 ἀγαθῶν
3574 756 3701 812 τίθε-

2135 892 2226 928 ται
2252 872 2312 926 τό
2341 869 2675 943 παραλαϐεῖν
2702 884 2823 922 τινα
2847 864 3162 919 δυναστείαν
3182 902 3198 926 ,
3233 860 3331 929 ἀφ’
3357 852 3430 928 ἧς
3456 855 3700 925 δυνήσον-

2132 982 2222 1018 ται
2254 963 2438 1033 φίλους
2478 958 2538 1015 εὖ
2575 964 2749 1015 ποιεῖν
2774 1002 2788 1026 ,
2821 961 2916 1014 καὶ
2951 957 3176 1029 ἐχθροὺς
3226 950 3569 1024 ἀμύνεσθαι,
3620 946 3700 999 καὶ

2133 1056 2344 1118 ἑαυτοῖς
2407 1052 2782 1108 κατακτᾶσθαι
2851 1050 2922 1103 τὰ
2978 1043 3418 1116 σπουδαζόμενα.
3463 1038 3603 1093 Ἀλλ’
3645 1037 3697 1090 οὐ

2131 1146 2368 1211 τοιοῦτος
2391 1145 2497 1211 ⁸σύ.
2535 1145 2737 1209 ΠόΟεν;
2782 1145 2841 1207 ὃς
2883 1159 2946 1210 γε
2979 1142 3073 1194 καὶ
3104 1139 3207 1210 τῆς
3237 1135 3525 1204 πολιτικῆς
3551 1131 3699 1185 δυνά-

2135 1255 2279 1308 μεως
2310 1236 2577 1308 τοσαύτης
2620 1235 2787 1305 οὔσης
2826 1232 2966 1288 ἑκὼν
3007 1230 3400 1302 ἀνεχώρησας·
3450 1226 3549 1280 καὶ
3594 1224 3699 1290 ἐξόν

2133 1347 2213 1383 σοι
2266 1333 2486 1402 κρατεῖν
2542 1330 2779 1392 πόλεως,
2819 1327 2894 1391 ὡς
2950 1328 3080 1397 μιᾶς
3133 1325 3351 1387 οἰκίας,
3390 1323 3459 1375 σὺ
3510 1320 3570 1373 δέ
3621 1319 3700 1372 τὸν

2130 1422 2458 1493 ἀπράγμονα
2490 1422 2583 1474 καὶ
2622 1419 2845 1491 ἡσύχιον
2895 1416 3037 1471 εἵλου
3084 1416 3195 1486 βίον
3220 1455 3236 1478 ,
3274 1413 3339 1468 τὸ
3374 1415 3521 1484 μήτε
3568 1410 3701 1482 ἔχειν

2131 1513 2431 1584 πράγματα
2461 1551 2476 1575 ,
2530 1514 2664 1584 μήτε
2720 1510 2981 1584 παρέχειν
3034 1508 3240 1581 ἑτέροις
3305 1505 3559 1567 πλείονος
3601 1502 3700 1572 (‘27)

2127 1606 2273 1671 ἄξιον
2295 1604 2573 1676 τιθέμενος
2593 1644 2608 1668 ,
2656 1604 2689 1675 ἧ
2721 1603 2846 1657 ὅσου
2882 1603 2932 1655 οἱ
2969 1600 3145 1655 λοιποὶ
3185 1599 3462 1671 τιμῶνται
3493 1596 3559 1650 τὺ
3584 1596 3701 1649 Bus-

2125 1696 2427 1769 τροπεύειν.
2494 1696 2632 1748 Ἀλλ’
2703 1694 2890 1766 ἐπειδὴ
2957 1691 3232 1764 ἠϐουλήθη
3274 1692 3305 1744 ὀ
3344 1689 3561 1761 Κύριος
3612 1686 3701 1758 τὴν

2140 1788 2427 1863 Ἰϐωριτῶν
2458 1788 2640 1862 χώραν
2691 1788 2766 1861 μὴ
2814 1787 2918 1841 ὑπὸ
2947 1784 3213 1856 καπήλοις
3261 1780 3582 1855 ἀνθρώποις
3622 1796 3703 1847 γε·

2126 1881 2311 1937 νέσθαι
2334 1922 2349 1948 ,
2386 1881 2520 1954 μηδὲ
2567 1881 2757 1953 ὥσπερ
2788 1878 3137 1952 ἀνδραπόδων
3184 1873 3393 1946 ἀγοράν
3422 1872 3539 1945 (28)
3572 1866 3704 1925 εἶναι

2125 1974 2223 2047 τὴν
2261 1976 2627 2046 ἀποτίμησιν,
2680 1973 2794 2028 ἀλλ’
2848 1973 2924 2037 ὡς
3004 1970 3120 2025 ἐστι
3171 1969 3423 2031 δίκαιον,
3479 1966 3704 2019 ἕκαστον

2126 2065 2539 2137 ἀπογράφεσθαι
2563 2064 2702 2135 (29)·
2735 2061 2883 2130 δέξαι
2910 2063 2971 2117 τὸ
3020 2065 3284 2135 πρᾶγμα,
3321 2061 3371 2112 εἰ
3405 2058 3506 2112 καὶ
3538 2056 3705 2116 ἄλλως

2125 2158 2371 2229 ὀχληρὸν,
2402 2158 2516 2212 ἀλλ’
2538 2154 2630 2213 οὖν
2664 2159 2739 2221 ὡς
2771 2154 3028 2229 πρόξενόν
3058 2171 3141 2208 σοι
3179 2150 3437 2223 γενέσθαι
3470 2148 3702 2217 δυνάμε-

2125 2266 2213 2302 νον
2260 2248 2360 2320 τῆς
2408 2249 2559 2320 παρὰ
2588 2248 2707 2320 Θεῷ
2753 2248 3177 2319 εὐδοκιμήσεως.
3210 2243 3324 2298 Καὶ
3376 2243 3521 2312 μήτε
3555 2239 3707 2293 6w:-

2127 2339 2310 2394 στείαν
2368 2340 2688 2413 ὑποπτήξῃς
2714 2381 2727 2405 ,
2798 2342 2935 2412 μήτε
2996 2337 3185 2401 πενίας
3245 2333 3673 2404 καταφρονήσῃς
3686 2370 3702 2393 ν

2126 2431 2261 2485 ἀλλὰ
2288 2431 2348 2485 τὸ
2379 2431 2488 2485 τῶν
2511 2431 2787 2504 λογισμῶν
2813 2431 3051 2505 ἀρρεπὲς
3080 2429 3354 2502 τρυτάνης
3383 2426 3574 2497 πάσης
3602 2422 3705 2491 (⁵0)

2126 2516 2531 2594 ἀρρεπέστερον
2579 2523 2863 2595 παράσχου
2917 2524 3030 2585 τοῖς
3078 2518 3495 2591 διοικουμένοις.
3556 2513 3708 2568 Οὕτω

2126 2613 2236 2683 γὰρ
2266 2614 2358 2666 καὶ
2386 2617 2499 2678 τοῖς
2535 2614 2930 2668 πεπιστευκόσι
2968 2613 3179 2684 φανερά
3203 2608 3503 2683 γενήσεταί
3534 2625 3629 2661 σου
3673 2606 3705 2673 ἡ

2086 2728 2089 2731 -
2127 2704 2255 2775 περὶ
2292 2704 2354 2757 τὸ
2409 2704 2614 2759 δίκαιον
2651 2706 2890 2778 σπουδὴ,
2941 2706 3036 2760 καὶ
3087 2701 3467 2775 θαυμάσονταὶ
3504 2717 3566 2753 σε
3599 2699 3705 2771 (51)

2127 2794 2276 2865 παρὰ
2327 2796 2453 2859 τοὺς
2501 2795 2713 2860 ἄλλους.
2751 2797 2823 2851 Ἢ
2868 2796 2970 2851 κᾶν
3014 2796 3257 2859 ἐκείνους
3302 2792 3571 2864 διαλάθῃ,
3619 2788 3705 2843 τὸν

2127 2885 2259 2940 Θεὸν
2292 2887 2447 2958 ἡμῶν
2479 2888 2539 2941 ού
2574 2888 2832 2961 λήσεται,
2869 2890 2958 2943 τὸν
3014 2887 3225 2957 μεγάλα
3254 2890 3389 2959 ἡμῖν
3438 2881 3703 2956 προθέντα

2051 2961 2095 3017 C
2128 2978 2237 3032 τῶν
2267 2979 2489 3049 ἀγαθῶν
2513 2979 2688 3051 ἔργων
2712 2980 2781 3036 τὰ
2811 2976 2950 3034 ἆθλα
2975 2979 3109 3050 (δε).

2679 3092 3024 3146 ΕΠΙΣΤΟΛΗ
3064 3092 3141 3146 T’.

1201 3210 1403 3260 Patrem
1426 3207 1695 3259 consolatur
1714 3209 1809 3275 [uti
1832 3215 1982 3261 morte
2006 3206 2055 3260 in
2077 3209 2182 3268 ipso
2205 3210 2358 3263 (etatis
2379 3212 2497 3266 ﬂore
2514 3212 2700 3277 abrepti
2721 3213 2966 3281 amictum.

506 3312 662 3368 Patri
697 3312 1002 3368 scholastici
1037 3313 1319 3395 cujusdam
1354 3313 1467 3382 fato
1498 3314 1668 3384 functi
1701 3331 1949 3371 conscta-

1151 3392 1305 3438 torta.

511 3502 649 3555 Cum
687 3501 742 3554 in
783 3498 1028 3555 secundo
1057 3510 1277 3569 patrum
1311 3500 1433 3555 loco
1462 3516 1565 3555 nos
1592 3498 1859 3556 Dominus
1888 3515 1995 3555 con

436 3592 681 3647 stituerit
713 3590 1078 3657 Christianis,
1120 3607 1416 3661 puerorum
1462 3592 1623 3647 nobis
1656 3593 1711 3646 in
1736 3608 1862 3649 eum
1899 3609 2021 3647 cre-

437 3684 687 3740 dentium
727 3683 1023 3753 commissa
1069 3688 1134 3738 ad
1177 3685 1431 3753 pietatem
1475 3684 1853 3753 institutione;
1884 3685 2021 3738 allii-

2127 3319 2283 3388 Πρὸς
2342 3327 2570 3389 πατέρα
2611 3320 3022 3389 σχολαστικοῦ
3057 3319 3168 3388 (55)
3221 3318 3704 3386 τελευτήσαντος

2673 3389 3147 3460 παραμυθητική.

2210 3505 2430 3577 Ἐπειδὴ
2474 3507 2532 3558 ἐν
2573 3503 2800 3575 δευτέρᾳ
2830 3502 2981 3569 τάξει
3028 3503 3281 3574 πατέρων
3309 3501 3468 3556 ἔθετο
3499 3504 3649 3573 ἡμᾶς
3676 3504 3703 3554 ό

2126 3597 2331 3669 Κύριος
2362 3600 2477 3661 τοῖς
2522 3599 2889 3669 Χριστιανοῖς,
2910 3595 3019 3650 τῶν
3068 3596 3278 3649 παίδων
3309 3596 3447 3666 ἡμῖν
3474 3595 3586 3648 τῶν
3628 3596 3705 3656 είς

2124 3688 2285 3743 αὑτὸν
2316 3689 2759 3743 πεπιστευκότων
2789 3687 2887 3759 τὴν
2918 3687 3009 3741 διὰ
3029 3688 3131 3757 τῆς
3146 3687 3458 3769 ,εὐσεὸείας
3489 3687 3704 3758 μόρφω-

434 3776 675 3833 ctionem
722 3785 875 3831 tuam
910 3776 1055 3832 beati
1101 3777 1179 3831 tui
1217 3776 1311 3830 lilii
1352 3791 1518 3833 causa
1564 3789 1740 3832 ortam
1774 3786 2018 3833 nostram

2133 3797 2212 3833 σιν
2241 3780 2539 3851 ἐπιτρέψας
2558 3797 2572 3810 ο
2599 3780 2661 3833 τὸ
2688 3779 2901 3851 συμϐὰν
2924 3779 3017 3832 ἐπὶ
3038 3779 3130 3833 τὸν
3156 3778 3267 3850 (54)
3294 3778 3573 3851 μακάριον
3594 3777 3703 3830 υἱόν

436 3885 655 3941 quoque
678 3869 956 3941 prapriam
983 3884 1107 3924 esse
1133 3868 1527 3938 judicavimus,
1563 3885 1626 3923 ac
1653 3871 2019 3940 ingemuimus

2133 3890 2220 3927 σου
2268 3873 2439 3937 πάθος
2474 3873 2569 3927 καὶ
2615 3873 2885 3946 ἡμέτερον
2935 3872 3066 3926 ῐδιον
3116 3868 3257 3925 εἶναι
3312 3870 3701 3942 ἐλογισάμεθα,

436 3966 733 4018 immaturo
789 3961 938 4017 illius
986 3959 1269 4027 discessu;
1328 3960 1582 4016 dolentes
1632 3961 1871 4017 maxime
1926 3971 2019 4016 tua

2133 3967 2216 4019 καὶ
2247 3963 2688 4036 ἐπεστενάξαμεν
2722 3965 2889 4020 αὐτοῦ
2921 3967 2988 4037 τῇ
3036 3964 3219 4037 ἀωρίᾳ
3248 3963 3345 4018 τοῦ
3386 3961 3699 4035 χωρισμοῖν

435 4069 624 4117 causa,
664 4068 729 4109 ac
751 4051 1165 4108 considerantes
1191 4059 1459 4122 quantum
1491 4053 1563 4108 sit
1593 4051 1837 4106 futurum
1871 4051 2018 4108 dolo-

2133 4056 2497 4128 τυμπαθόντες
2526 4056 2760 4128 μάλιστά
2788 4074 2891 4121 σοι,
2920 4058 3014 4112 καὶ
3040 4056 3503 4128 ὑπολογισάμενοι
3523 4056 3703 4129 ἡλίκον

433 4145 513 4199 ris
571 4144 784 4213 pondus
834 4143 885 4198 ei
944 4144 1039 4214 qui
1100 4151 1297 4198 natura
1341 4152 1498 4214 pater
1533 4152 1651 4206 est,
1692 4159 1816 4198 cum
1855 4145 2015 4201 nobis

2133 4148 2275 4203 ἔσται
2304 4150 2401 4221 τῆς
2449 4149 2642 4219 ὀδύνης
2689 4148 2751 4202 τὸ
2799 4148 2965 4220 βάρος
3007 4150 3175 4221 πατρὶ
3215 4148 3295 4220 τῷ
3327 4149 3477 4203 κατὰ
3522 4148 3701 4219 φύσιν,

432 4234 638 4299 etiam,
669 4236 764 4305 qui
809 4251 877 4289 ex
926 4242 1202 4306 przecepto
1250 4236 1545 4306 propinqui
1602 4252 1814 4297 sumus,
1865 4245 2013 4291 tanta

2133 4244 2254 4297 5που
2281 4258 2345 4311 γε
2389 4242 2484 4297 καὶ
2533 4242 2703 4313 ἡμῖν,
2736 4244 2849 4305 τοῖς
2895 4240 3036 4295 κατά
3072 4240 3173 4312 τὴν
3223 4240 3451 4313 ἐντολὴν
3501 4241 3706 4312 ᾠκειω-

431 4325 619 4381 cordis
659 4327 920 4382 maestitia
963 4327 1264 4383 obvenerit.
1311 4327 1462 4385 Illius
1496 4328 1639 4383 enim
1669 4345 1835 4384 causa
1882 4330 2017 4385 nihil

2133 4335 2327 4408 μένοις,
2359 4335 2613 4389 τοσοῦτον
2639 4336 2739 4406 τῆς
2773 4335 3004 4406 καρδίας
3033 4335 3097 4388 τὸ
3125 4336 3371 4405 κατηφὲς
3402 4336 3701 4404 ἐνεγένετο.

431 4416 594 4471 triste
616 4424 712 4470 aut
736 4418 849 4487 pati
890 4427 986 4471 aut
1027 4419 1177 4487 loqui
1201 4420 1489 4489 oportebat
1520 4440 1531 4474 :
1567 4420 1663 4476 sed
1714 4421 2013 4477 miserandi

2133 4427 2249 4479 Ἐπ’
2275 4425 2469 4497 ἐκείνῳ
2494 4427 2594 4496 μὲν
2619 4426 2729 4498 γὰρ
2768 4426 2920 4479 οὐδὲν
2949 4426 3057 4480 ἔδει
3087 4425 3414 4498 σκυθρωπὸν
3446 4425 3576 4479 οὔτε
3606 4443 3708 4479 παο

432 4515 585 4570 sunt,
617 4509 713 4580 qui
750 4524 847 4580 spe
874 4509 943 4564 de
981 4525 1047 4564 eo
1086 4521 1349 4581 concepta
1380 4512 1721 4567 exciderunt.
1772 4514 1849 4567 Ac
1891 4530 2018 4571 vere

2133 4519 2251 4582 δεῖν,
2284 4517 2405 4571 οὕτε
2443 4517 2809 4587 φθέγγεσθαν
2843 4517 3067 4571 ἐλεεινοί.
3112 4516 3171 4570 δὲ
3215 4517 3266 4570 οἱ
3291 4518 3404 4572 τῶν
3428 4519 3520 4571 ἐπ’
3560 4515 3704 4586 αύτῷ

430 4601 620 4656 multis
649 4600 908 4672 lacrymis
930 4617 995 4657 ac
1038 4603 1332 4673 gemitibus
1355 4604 1506 4673 digni
1534 4605 1649 4674 qui,
1681 4620 1804 4659 cum
1846 4604 2013 4660 tilium

2133 4608 2347 4663 ἐλπίδων
2380 4608 2791 4681 διαμαρτόντες.
2826 4610 2938 4662 Καὶ
2965 4608 3043 4679 τῷ
3069 4608 3183 4663 δντι
3211 4607 3429 4662 πολλῶν
3453 4608 3705 4679 δακρύων

432 4693 489 4748 in
520 4695 640 4764 ipso
665 4694 847 4750 aetatis
873 4693 1005 4750 [lore
1030 4696 1097 4749 ad
1145 4694 1451 4751 litterarum
1483 4697 1663 4752 studia
1713 4699 2013 4767 misissent,

500 4854 954 4998 (eii'iixgibléoc.
984 4925 1128 4998 Editi
1175 4924 1381 4998 addunt
1412 4925 1664 4997 σπουδῆς,
1697 4926 1844 4997 quod
1888 4944 2014 4998 per-

427 4997 714 5051 commode
739 4995 890 5052 deest
922 4997 977 5050 in
1010 4995 1199 5051 codice
1225 4995 1529 5051 llarlaeano.

523 5064 613 5137 28)
631 5067 860 5138 Ὥσπερ
879 5065 1272 5135 ἀνδραπόδων
1293 5065 1536 5138 ἀγοράν.
1560 5066 1638 5138 lla
1662 5066 1812 5138 Harl.
1836 5067 2012 5138 prima

2116 4702 2209 4756 καὶ
2259 4702 2580 4773 στεναγμῶν
2627 4702 2803 4769 ἄξιοι,
2851 4701 3237 4773 ἐκπέμψαντες
3279 4701 3397 4770 (55)
3439 4702 3610 4756 παῖδα
3648 4704 3705 4754 ἐν

2188 4859 2300 4929 (55)
2337 4857 2772 4929 Σχολαστικοῦ.
2795 4855 3242 4929 (Ξοὶερὶχῃιεῑιῐιιιεζ
3257 4854 3413 4909 Harl.
3453 4854 3701 4929 et_lled.,

2115 4925 2292 5010 Πραξιτρὶ
2328 4927 2687 5010 σχολαστικοῦ
2729 4925 3179 5000 παραμυθητική.
3212 4925 3376 4981 Deest
3420 4927 3705 4997 σχολαστι-

2117 5000 2216 5053 κοῦ
2242 4998 2296 5052 in
2326 4998 2496 5065 [legio
2529 5001 2726 5066 primo.

2188 5071 2301 5140 (54)
2332 5070 2456 5140 Ἐπὶ
2478 5064 2618 5140 τόν,
2632 5078 2735 5140 etc.
2764 5066 3235 5140 Sichequarlq
3253 5066 3433 5140 Coisl.
3449 5064 3702 5140 etBigot.

425 5151 593 5190 manu
626 5147 681 5191 et
725 5136 865 5192 Med.
907 5138 1103 5193 melius
1146 5151 1313 5208 quam
1344 5137 1436 5191 alii
1477 5143 1531 5191 et
1557 5136 1688 5192 editi
1719 5136 1909 5208 ὥσπερ
1954 5139 2012 5193 ἐν

429 5205 777 5260 ἀνδραπόδων
806 5208 999 5260 άγοοᾶ.

2133 5139 2255 5194 Editi
2283 5136 2420 5210 ’περὶ
2456 5139 2567 5192 τόν.
2606 5138 2807 5220 Ibidem
2840 5139 2994 5219 deest
3026 5137 3292 5260 ἔὲμέτερον
3321 5137 3376 5190 in
3416 5136 3707 5190 codicibus

2133 5210 2254 5260 ﬂed.
2288 5217 2342 5260 et
2381 5208 2533 5260 Harl.
2562 5207 2785 5260 Lenitur
2820 5211 2977 5260 ἡμων
3078 5224 3154 5260 ιον
3183 5223 3239 5260 ιη
3283 5204 3420 5260 Reiz.
3459 5206 3706 5260 secundo

429 5205 777 5278 ἀνδραπόδων
806 5208 999 5278 ἀγορᾷ.

496 5275 609 5346 (29)
630 5346 640 5349 _
658 5275 1141 5346 Ἇποῃοάέρὲσθαι.
1160 5348 1163 5349 ν
1181 5275 1288 5349 sex
1318 5277 1527 5349 antiqui
1550 5277 1769 5333 codices
1796 5277 2009 5349 γράφε-

426 5344 575 5417 σθαι,
588 5344 729 5417 Sed
745 5344 858 5401 tres
884 5344 1252 5417 antiquissimi
1282 5356 1339 5400 ut
1363 5347 1416 5401 in
1442 5344 1623 5403 editis.

496 5415 607 5484 (30)
640 5414 872 5483 Πάσης.
926 5414 1077 5472 Hanc
1126 5432 1316 5472 vocem
1364 5418 1675 5472 addidimus
1725 5434 1791 5474 ex
1829 5416 2006 5486 llarl.,

426 5482 776 5557 Va_t_.,:Coisl.
808 5482 1051 5557 secundo
1083 5497 1137 5542 et
1167 5488 1345 5557 tribus
1374 5486 1579 5557 Regiis.

426 5554 611 5678 ⁸(ἐι)
646 5555 1067 5624 Θαυμάσονταί
1109 5574 1204 5611 σε.
1257 5556 1418 5612 Deest
1462 5554 1667 5614 'vocula
1710 5558 1763 5613 in
1825 5559 2012 5616 codice

482 5642 509 5677 Β
553 5664 568 5678 ο

482 5642 568 5679 θα.

495 5694 607 5764 (32)
640 5695 715 5749 Τὰ
740 5687 914 5753 ἆθλα.
949 5696 1066 5752 Duo
1094 5712 1227 5753 mss.
1262 5696 1328 5752 τὰ
1359 5697 1584 5753 ἔπαθλα.

1991 5825 2065 5835 .,”“‹
2084 5826 2105 5829 ..

2113 5208 2254 5264 Med.
2288 5217 2342 5263 et
2369 5207 2533 5262 ἨΜ-1.
2562 5207 2785 5279 Legitur
2820 5207 2977 5279 ἡμῶν

2112 5290 2167 5335 et
2197 5280 2364 5335 Coisl.
2393 5276 2661 5335 secundo;
2693 5276 2871 5348 Paulo
2892 5285 3016 5348 post
3048 5276 3199 5332 Harl.
3231 5284 3285 5331 et
3313 5276 3461 5331 Med.
3490 5286 3548 5331 et
3597 5278 3706 5330 duo

2113 5350 2200 5405 alii
2226 5350 2520 5418 ἐνεγένετο.
2545 5348 2685 5402 Editi
2712 5347 2946 5416 ἐγένετο.

3078 5224 3154 5262 ιον
3183 5204 3239 5261 in
3283 5204 3420 5276 Reg.
3459 5206 3706 5261 secundo

2186 5420 2299 5491 (55)
2328 5414 2815 5491 λεκγπέμψαντές.
2856 5418 2946 5491 Sig
2967 5415 3145 5491 fioisl.
3181 5416 3417 5491 primus,
3452 5414 3612 5491 Harl.
3645 5422 3704 5469 et

2115 5484 2355 5546 Claroin.
2373 5490 2476 5543 Alii
2505 5484 2881 5559 ἐκπέμψαντα.
2905 5487 3043 5542 Editi
3062 5484 3478 5559 ἐκπέμψαντμς.
3493 5484 3702 5559 ibidem

2116 5543 2294 5616 (Ιοίεἰξ
2300 5543 2592 5617 secundus
2607 5543 2672 5631 ei
2700 5543 2845 5631 Reg.
2870 5543 3553 5631 secundus_d'€tov._Paulo
3578 5561 3705 5626 post

2117 5632 2250 5688 editi
2276 5631 2575 5702 ἀπευκτὴν.
2605 5628 2951 5699 Μθᾱηῖἰθτι.
2979 5636 3033 5686 et
3070 5628 3240 5686 Coisl.
3271 5629 3413 5683 utin
3448 5635 3626 5683 textu.
