3878 6222
216 337 357 396 1043

1174 332 1664 390 EPISTOLARUM
1700 328 1988 387 CLASSIS
2027 331 2111 388 Ill.
2158 332 2373 389 EPIST.
2414 334 2578 392 CCL.

3352 334 3488 390 τοι-6

215 455 368 529 αὑτῷ
396 454 477 516 τῶ
504 455 654 533 ἄνθει
685 457 784 528 τῆς
803 454 1021 527 ἡλικιας
1046 452 1138 506 ἐπὶ
1172 452 1348 522 λόγων
1379 453 1632 523 ἄσκησιν,
1672 453 1802 504 ὑπο-

1910 449 2071 521 longo
2097 451 2190 506 illo
2212 466 2275 506 ac
2306 452 2451 509 tristi
2487 448 2713 506 silentio
2739 448 3112 506 conticentem
3139 460 3485 519 receperunt.

213 545 471 611 δέξασθαι
521 543 813 600 σιωπῶντα
846 543 946 616 τὴν
983 542 1201 615 μακρὰν
1243 544 1448 612 ταύτην
1493 543 1587 598 καὶ
1631 545 1804 598 ἀπευ-

214 637 409 691 κταίαν
461 636 695 707 σιωπήν.
752 633 916 688 Ἀλλά
965 633 1140 687 ταῦτα
1196 631 1297 703 μὲν
1357 634 1433 697 ὡς
1484 632 1807 705 ἀνθρώπους

212 729 366 799 ἡμᾶς
399 726 563 791 εὐθὺς
613 725 872 797 ἐκίνησεν
913 725 1010 779 καὶ
1053 724 1288 796 δάκρυον
1338 724 1632 796 ὲξεχέαμεν
1666 740 1805 795 προ-

215 818 399 882 πετὲς,
435 817 532 871 καὶ
556 816 864 887 στεναγμὸν
902 816 1197 887 ἀφήκαμεν
1231 815 1297 868 ἐκ
1334 814 1507 886 μέσης
1537 814 1637 886 τῆς
1669 831 1805 886 καρ-

212 909 333 972 δίας
365 908 690 962 ἁπαίδευτον
710 924 724 939 ⁸
757 905 852 961 τοῦ
877 906 1088 971 πάθους
1114 907 1328 979 ἀθρόως
1358 906 1493 979 (56),
1517 900 1631 960 οἷόν
1657 923 1804 970 τινος

213 1000 468 1071 νεφέλης,
500 1000 591 1054 τὸν
634 1000 899 1071 λογισμὸν
948 999 1105 1072 ἡμῶν
1140 999 1510 1072 περισχόντος.
1552 998 1706 1052 Ἐπεὶ
1746 998 1805 1052 δὲ

211 1092 377 1165 ἡμῶν
426 1092 609 1147 αὐτῶν
669 1090 991 1163 ἐγενόμεθα,
1039 1091 1133 1145 καὶ
1154 1090 1525 1162 διεὸλέψαμεν
1577 1089 1658 1162 τῷ
1703 1090 1806 1161 τῆς

211 1186 396 1259 ψυχῆς
441 1185 708 1258 ὀφθαλμῷ
757 1185 896 1259 πρὸς
927 1184 1026 1257 τὴν
1063 1184 1225 1255 φύσιν
1270 1183 1378 1238 τῶν
1422 1183 1803 1256 ἀνθρωπίνων,

211 1276 296 1347 τῷ
332 1276 431 1347 μὲν
477 1277 669 1348 Κυρίῳ
716 1274 1180 1347 ἀπελογησάμεθα
1202 1317 1217 1342 ,
1269 1276 1353 1344 ἐφ’
1379 1269 1462 1340 οἷς
1507 1274 1648 1330 κατὰ
1680 1291 1805 1328 συν-

212 1368 476 1439 αρπαγὴν
528 1371 562 1440 ἡ
615 1369 764 1441 ψυχὴ
805 1367 967 1439 ήμῶν
1015 1367 1225 1438 διετέθη
1259 1366 1398 1438 πρός
1446 1366 1510 1421 τὸ
1556 1366 1800 1437 συμϐὰν,

212 1460 444 1524 ἑαυτοὺς
471 1460 527 1514 δὲ
567 1460 1004 1531 ἐνουθετήσαμεν
1041 1459 1278 1530 μετρίως
1314 1458 1502 1530 φέρειν
1523 1457 1714 1522 ταῦτα,
1739 1459 1804 1510 ὲκ

211 1554 320 1622 τῆς
360 1551 599 1617 παλαιᾶς
644 1552 741 1606 τοῦ
795 1554 928 1608 Θεοῦ
968 1553 1297 1622 ἀποφάσεως
1345 1548 1803 1622 συγκληρωθέντα

210 1643 283 1712 τῇ
346 1638 458 1713 ζωῇ
511 1641 621 1696 τῶν
674 1644 999 1716 ἀνθρώπων.
1042 1642 1262 1714 Οἴχεται
1319 1645 1450 1706 παῖς
1516 1640 1651 1695 αὐτὸ
1703 1639 1804 1710 τῆς

212 1730 437 1801 ἡλικίας
489 1729 640 1800 ἄγων
690 1733 753 1786 τὸ
802 1731 1102 1805 βιώσιμον,
1141 1730 1461 1803 διαπρέπων
1517 1731 1575 1783 ἐν
1620 1732 1802 1801 χοροῖς

210 1821 521 1893 ὁμηλίκων,
561 1803 810 1889 ποθεινὸς
837 1803 1198 1890 διδασκάλοις,
1226 1824 1333 1877 ἀπὸ
1378 1822 1541 1893 ψιλῆς
1586 1825 1686 1894 τῆς
1715 1824 1801 1875 ὲνο
1835 1803 1876 1857 Β

209 1910 452 1977 τεύξεως
488 1916 568 1979 είς
600 1912 814 1969 εὕνοιαν
843 1914 1144 1986 δυνάμενος
1184 1912 1277 1968 καὶ
1322 1913 1413 1967 τὸν
1463 1910 1801 1985 ἀγριώτατον

209 2004 663 2060 ἐπισπάσασθαι*
696 2006 820 2072 ὀξὺς
862 2009 921 2061 ὲν
974 2007 1299 2080 μαθήμασι,
1332 2007 1507 2077 πρᾶος
1544 2004 1606 2058 τὸ
1646 2001 1800 2078 ἦθος,

209 2095 361 2168 ὑπὲρ
392 2095 491 2169 τὴν
539 2097 758 2169 ἡλικίαν
803 2097 1243 2170 κατεσταλμένος
1300 2097 1446 2170 (57)·
1484 2097 1581 2151 καὶ
1632 2096 1803 2150 πλείω

208 2187 422 2242 τούτων
453 2187 647 2255 εἰπὼν,
692 2190 901 2244 ἐλάττω
938 2191 1003 2246 ἀν
1041 2208 1123 2254 τις
1166 2192 1311 2243 εῐποι
1368 2189 1470 2260 τῆς
1511 2188 1797 2260 ἀληθείας⁸

207 2280 332 2334 ἀλλ’
364 2282 514 2353 ὅμως
544 2280 831 2353 ἄνθρωπος
866 2284 996 2354 παρ’
1021 2280 1310 2353 ἀνθρώπου
1341 2283 1632 2354 γενόμενος
1661 2282 1799 2353 (58).

207 2372 285 2425 Τί
312 2375 493 2428 τοίνυν
526 2373 837 2443 λογίζεσθαι
872 2376 965 2430 τὸν
993 2376 1208 2449 πατέρα
1236 2376 1332 2430 τοῦ
1358 2376 1603 2431 τοιούτου
1636 2394 1803 2449 προσ-

205 2466 356 2537 ῆκες
384 2467 455 2519 Τί
474 2466 602 2522 ἀλλο
632 2485 697 2537 γε
724 2468 757 2540 ἢ
782 2468 1199 2541 ἀναμνησθῆναι
1224 2469 1320 2523 τοῦ
1345 2467 1540 2523 ἑαυτοῦ
1571 2468 1799 2540 πατρὸς,

206 2558 299 2611 δτι
347 2557 614 2630 τέθνηκε;
650 2559 716 2613 Τί
748 2556 843 2614 οὖν
877 2560 1213 2633 θαυμαστὸν,
1253 2564 1318 2615 ἐκ
1375 2560 1571 2635 θνητοῦ
1606 2578 1802 2635 γεννη-

208 2651 398 2719 θέντα,
434 2651 629 2724 θνητοῦ
660 2652 914 2721 γενέσθαι
953 2652 1205 2726 πατέρα;
1258 2653 1333 2707 Τὸ
1368 2653 1426 2707 δὲ
1476 2653 1583 2726 πρὸ
1628 2653 1799 2726 ὧρας,

208 2745 313 2799 καὶ
342 2745 472 2816 πρὶν
517 2745 850 2818 κορεσθῆναι
881 2744 976 2799 τοῦ
1008 2745 1126 2817 βίου
1146 2787 1160 2812 ,
1192 2746 1289 2800 καὶ
1325 2747 1456 2818 πρὶν
1491 2747 1572 2809 είς
1607 2745 1803 2817 μέτρον

209 2840 436 2912 ἡλικίας
461 2840 657 2905 ἐλθεῖν,
688 2843 785 2897 καὶ
808 2846 1044 2915 φανῆναι
1068 2846 1181 2909 τοῖς
1208 2842 1539 2918 ἀνθρώποις,
1569 2844 1664 2897 καὶ
1689 2843 1804 2898 δια-

206 2934 378 3007 δοχὴν
425 2934 520 2989 τοῦ
560 2936 753 3007 γένους
802 2937 1157 2992 καταλιπεῖν·
1214 2936 1389 2992 ταῦτα
1429 2938 1529 2991 οὐκ
1574 2936 1804 3009 αῦξησις

209 3025 312 3079 τοῦ
364 3026 594 3094 πάθους,
644 3029 721 3093 ὡς
773 3029 1011 3100 ἐμαυτὸν
1049 3029 1242 3094 πείθω,
1298 3029 1434 3085 ἀλλά
1478 3029 1802 3104 παραμυθία

1911 540 2017 598 Sed
2074 544 2186 600 haec
2243 558 2346 599 nos
2391 543 2635 614 quidem,
2664 550 2925 613 tanquam
2969 540 3255 605 homines,
3305 541 3488 594 statim

1907 644 2360 702 commoverunt,
2419 620 2861 707 illacrymatiqtie
2921 648 3116 690 sumus
3175 631 3486 697 immodice,

1907 740 1973 781 ac
2000 727 2260 797 gemitum
2281 727 2569 783 emisimus
2590 742 2658 782 ex
2680 725 2863 782 medio
2878 725 3044 781 corde
3068 740 3180 781 non
3203 724 3488 789 decorum,

1906 834 2032 873 cum
2067 820 2250 876 subito
2281 834 2468 887 casus,
2497 819 2669 874 veluti
2696 812 2949 889 quaedam
2970 816 3185 893 .nubes,
3216 815 3489 872 rationem

1906 919 2153 966 nostram
2188 921 2535 984 occupasset.
2568 910 2639 966 At
2669 911 2762 967 ubi
2794 909 2863 964 ad
2889 925 2992 965 nos
3024 910 3233 965 reversi
3270 923 3486 973 sumus,

1907 1017 1970 1057 ac
2020 1004 2364 1073 respeximus
2416 1003 2616 1059 mentis
2664 1004 2827 1059 oculo
2875 1003 2944 1057 ad
2994 1010 3248 1057 naturam
3303 1017 3488 1057 rerum

1905 1094 2306 1161 humanarum,
2339 1096 2553 1151 veniam
2589 1095 2812 1166 quidem
2840 1110 2871 1149 a
2900 1094 3134 1150 Domino
3168 1094 3485 1167 petivimus,

1905 1187 2051 1257 quod
2087 1188 2313 1258 abrepta
2348 1203 2503 1243 mens
2534 1194 2727 1243 nostra
2757 1187 2840 1243 sic
2885 1197 3145 1243 eventum
3173 1189 3327 1243 illum
3356 1203 3496 1245 scn-

1907 1282 2073 1337 sisset
2097 1300 2112 1349 ;
2147 1296 2251 1337 nos
2280 1282 2434 1352 ipsos
2462 1296 2595 1338 vero
2624 1284 2976 1350 monuimus,
3009 1290 3069 1338 ut
3116 1283 3398 1339 moderate
3423 1298 3491 1339 ea

1906 1374 2183 1441 feramus,
2231 1392 2355 1447 qua:
2384 1392 2451 1432 ex
2500 1375 2727 1447 antiqua
2770 1374 2867 1430 Dei
2918 1377 3188 1433 sententia
3231 1376 3490 1432 humanas

1904 1477 2118 1524 naturas
2169 1484 2292 1525 sors
2329 1469 2629 1525 exsistunt.
2686 1468 2935 1525 Mortuus
2975 1476 3062 1523 est
3084 1484 3220 1539 puer
3269 1469 3488 1525 vitalem

1905 1562 2082 1632 ipsam
2127 1570 2344 1618 aetatem
2393 1577 2581 1634 agens,
2613 1562 2795 1617 clarus
2842 1561 2897 1615 in
2939 1561 3230 1631 aequalium
3274 1544 3488 1626 choris,

1906 1655 2188 1725 magistris
2218 1655 2421 1709 charus
2464 1674 2477 1711 :
2519 1653 2751 1710 idoneus
2781 1653 2873 1723 qui
2918 1668 2985 1709 ex
3040 1652 3159 1709 solo
3187 1667 3491 1724 congressu

1905 1747 1990 1799 vel
2048 1742 2451 1802 ferocissimum
2492 1745 2561 1801 ad
2613 1746 3055 1803 benevolentiam
3109 1745 3490 1817 pertraheret;

1905 1853 2103 1901 acutus
2131 1846 2191 1900 in
2231 1845 2564 1916 disciplinis,
2598 1845 2822 1916 ingenio
2855 1845 3029 1911 mitis,
3076 1859 3245 1916 supra
3271 1850 3491 1900 aetatem

1907 1946 2289 2009 temperatus:
2330 1946 2386 1993 ct
2436 1939 2485 1995 si
2537 1940 2662 2009 quis
2714 1939 2874 2009 plura
2922 1938 3155 2002 dixerit,
3203 1938 3489 1993 veritatem

1904 2039 2088 2085 tamen
2110 2029 2344 2085 dicendo
2372 2047 2483 2086 non
2508 2040 2834 2102 assequetur
2861 2047 2875 2084 :
2902 2031 3001 2087 sed
3024 2037 3210 2085 tamen
3230 2029 3402 2086 homo
3421 2044 3490 2084 ex

1906 2118 2128 2175 homine
2175 2119 2414 2191 genitus.
2467 2119 2610 2188 Quid
2659 2120 2827 2191 igitur
2879 2120 3012 2177 talis
3061 2121 3220 2191 pueri
3274 2128 3491 2191 patrem

1905 2210 2153 2281 cogitare
2185 2210 2378 2267 decet?
2406 2210 2550 2278 Quid
2578 2210 2749 2276 aliud,
2779 2211 2889 2267 nisi
2922 2218 2983 2266 ut
3011 2210 3292 2282 suiipsius
3315 2211 3490 2281 patris

1904 2301 2248 2368 recordetur,
2292 2304 2387 2374 qui
2431 2311 2685 2360 mortuus
2710 2304 2834 2359 est?
2867 2303 3012 2371 Quid
3062 2304 3231 2375 igitur
3257 2302 3486 2367 mirum,

1904 2406 1971 2446 ex
2006 2392 2225 2447 mortali
2260 2392 2528 2464 genitum,
2563 2392 2815 2449 mortalis
2847 2401 3063 2464 patrem
3094 2393 3301 2449 factum
3330 2392 3489 2450 esse?

1904 2480 2062 2548 Quod
2095 2490 2278 2540 autem
2312 2485 2641 2550 immature,
2673 2493 2728 2541 et
2759 2486 3081 2557 priusquam
3109 2486 3223 2541 vita
3251 2486 3488 2542 satiare-

1904 2582 2030 2641 tur;
2062 2576 2381 2646 priusquam
2420 2576 2489 2632 ad
2518 2576 2699 2634 astatis
2728 2593 3044 2634 mensuram
3076 2578 3408 2650 perveniret,
3435 2586 3491 2633 et

1903 2667 2277 2724 iunotesceret
2345 2669 2695 2736 hominibus,
2752 2686 2817 2726 ac
2869 2672 3088 2743 generis
3151 2672 3492 2742 relinqueret

1905 2762 2318 2818 successionem
2355 2781 2369 2818 :
2402 2777 2749 2834 nequaquam
2794 2763 2912 2820 haec
2961 2763 3172 2821 doloris
3213 2766 3488 2831 accessio,

1906 2860 1967 2907 ut
2013 2853 2148 2908 mihi
2206 2854 2325 2925 ipse
2362 2854 2693 2925 persuadeo,
2735 2854 2834 2911 sed
2871 2864 3106 2913 eventus
3156 2863 3288 2913 sunt
3337 2858 3489 2913 sola-

1907 2947 2064 3002 tium.
2088 2945 2293 3003 Gratia:
2313 2949 2538 3020 agendae
2561 2959 2693 3005 sunt
2714 2949 2915 3005 divinae
2942 2949 3316 3022 dispositioni,
3340 2952 3495 3023 quod

1906 3055 2015 3095 non
2061 3040 2349 3112 reliquerit
2380 3042 2437 3097 in
2470 3048 2622 3099 terra
2649 3042 2855 3099 liberos
2880 3042 3046 3100 orbos
3070 3083 3085 3108 ,
3129 3059 3234 3100 nec
3261 3044 3488 3101 viduam

206 3115 311 3170 τοῦ
364 3121 650 3188 γεγονότος
704 3121 875 3177 ἐστίν.
933 3122 1390 3194 Εὐχαριστεῖσθαι
1448 3124 1653 3195 ὀφείλει
1706 3121 1800 3177 τοῦ

1910 3149 2002 3195 aut
2030 3142 2291 3197 aerumnis
2325 3141 2603 3198 diuturnis
2652 3142 2981 3208 obnoxiam,
3031 3149 3127 3197 aut
3156 3157 3284 3198 cum
3317 3143 3490 3200 altero

208 3208 355 3264 Θεοῦ
382 3214 416 3283 ἡ
448 3212 713 3281 διάταξις,
747 3215 829 3268 ὅτι
861 3215 936 3287 μὴ
969 3217 1260 3270 κατέλιπεν
1295 3217 1434 3290 ὑπὲρ
1462 3218 1565 3288 γῆς
1589 3216 1801 3289 ὀρφανά

208 3302 384 3357 τέκνα
404 3319 417 3332 ·
454 3305 536 3358 ὅτι
564 3305 639 3377 μὴ
676 3309 912 3374 γυναῖκα
947 3308 1122 3379 χήραν
1151 3307 1329 3378 Θλίψει
1370 3309 1556 3380 μακρᾷ
1585 3308 1800 3362 ἔκδοτον

208 3394 453 3465 ἀφῆκεν,
488 3397 522 3468 ἢ
554 3397 709 3468 ἀνδρὶ
730 3398 901 3470 ἑτέρῳ
932 3401 1379 3472 συνοικήσουσαν,
1402 3402 1495 3454 καὶ
1527 3401 1636 3454 τῶν
1668 3417 1802 3473 προ-

207 3485 392 3557 τέρων
417 3488 622 3542 τέκνων
653 3490 1163 3563 καταμελήσουσαν.
1205 3492 1278 3547 Τὸ
1312 3492 1391 3557 δὲ,
1419 3494 1502 3548 ὅτι
1547 3494 1610 3547 οὐ
1660 3512 1802 3567 παρ-

208 3579 385 3650 ετάθη
410 3580 490 3651 τῷ
531 3580 633 3652 βίῳ
666 3581 844 3654 τούτῳ
878 3584 912 3654 ἡ
951 3582 1066 3655 ζωὴ
1111 3583 1203 3637 τοῦ
1255 3584 1466 3649 παιδὸς,
1504 3584 1590 3649 τίς
1630 3584 1803 3649 οὕτως

209 3671 524 3744 ἀγνώμων,
560 3673 638 3737 ὡς
686 3673 763 3746 μὴ
810 3675 871 3728 τὸ
920 3675 1179 3747 μέγιστον
1224 3674 1335 3729 τῶν
1368 3674 1591 3745 ἀγαθῶν
1643 3675 1803 3729 τοῦτο

212 3764 464 3834 νομίζειν
492 3761 634 3819 εἶναι
658 3783 674 3833 ;
708 3767 775 3821 Ἦ
800 3768 911 3841 γὰρ
943 3770 1037 3822 ἐπὶ
1079 3769 1264 3824 πλεῖον
1294 3768 1529 3823 ἐνταῦθα
1552 3767 1802 3841 διατριϐὴ

213 3856 484 3913 πλειόνων
521 3858 711 3913 κακῶν
740 3861 890 3915 ἐστιν
914 3862 1163 3935 ἀφορμή.
1196 3863 1313 3916 Οὐκ
1343 3862 1572 3934 ἐποίησε
1599 3861 1798 3915 κακόψ

212 3951 321 4004 οὐκ
342 3949 550 4023 ἔρραψε
579 3951 731 4007 δόλον
764 3952 842 4025 τῷ
867 3953 1096 4024 πλησίον
1117 3971 1131 3985 ·
1163 3955 1264 4008 οὐκ
1290 3956 1371 4018 εἰς
1401 3954 1648 4024 ἀνάγκην
1670 3949 1801 4023 ἦ).οε

214 4040 513 4114 φρατρίαις
543 4043 654 4116 (59)
686 4045 1059 4116 ωταμιγῆναι
1077 4044 1550 4118 πονηρευομένων’
1588 4045 1690 4099 οὐκ
1716 4047 1802 4098 ὲν-

212 4131 431 4205 επλάκη
442 4137 554 4199 τοῖς
574 4137 696 4189 κατ’
720 4138 928 4209 ἀγορὰν
956 4141 1149 4203 κακοῖς
1168 4155 1183 4171 ε
1207 4139 1305 4210 οὐχ
1339 4138 1635 4210 ὑπέμεινεν
1668 4138 1804 4192 ἀνάο

211 4239 360 4297 γκην
403 4226 818 4299 ἁμαρτημάτων
851 4267 867 4292 ,
901 4228 963 4282 οὐ
994 4226 1210 4298 ψεῦδος,
1256 4229 1357 4282 οὐκ
1385 4229 1802 4300 ἀγνωμοσύνην,

211 4314 278 4367 οὐ
304 4313 636 4383 πλεονεξίαν,
665 4318 727 4371 οὐ
745 4317 1079 4391 φιληδονίαν,
1101 4320 1161 4373 οὑ
1185 4320 1253 4375 τὰ
1279 4320 1380 4391 τῆς
1412 4318 1613 4391 σαρκὸς
1631 4319 1802 4390 πάθη,

211 4406 321 4460 ὃσα
350 4409 471 4471 ταῖς
498 4408 807 4478 ἀναγώγοις
830 4410 1030 4483 ψυχαῖς
1058 4412 1373 4481 ἐγγίνεσθαι
1402 4412 1646 4483 πέφυκεν
1663 4431 1678 4444 ·
1713 4415 1806 4468 οὑ-

210 4498 382 4570 δεμιᾷ
406 4499 517 4571 (ιο)
568 4500 749 4574 κηλίδι
788 4503 898 4573 (41)
941 4503 1041 4576 τὴν
1083 4503 1263 4576 ψυχὴν
1295 4505 1508 4578 ἀπῆλθε
1552 4523 1804 4561 κατεστι-
1836 4487 1881 4542 D

211 4590 439 4662 γμὲνος,
472 4591 607 4647 ἀλλά
643 4593 883 4667 καθαρὸς
922 4594 1239 4669 ἀνεχώρησε
1282 4596 1421 4669 πρὸς
1456 4597 1555 4669 τὴν
1592 4597 1803 4670 ἀμείνω

212 4681 394 4753 λῆξιν.
424 4685 499 4736 Οὐ
528 4684 603 4756 γῆ
628 4686 942 4759 κατέκρυψε
965 4688 1057 4741 τὸν
1087 4689 1393 4762 ἀγαπητὸν,
1427 4689 1546 4744 ἀλλ’
1575 4691 1804 4764 οὐρανὸς

213 4773 535 4840 ὑπεδέξατο.
573 4775 705 4840 Θεὸς
737 4779 766 4831 ό
787 4777 856 4831 τά
882 4777 1129 4851 ἡμέτερα
1165 4781 1487 4851 οἰκονομῶν,
1516 4781 1545 4833 ό
1574 4780 1673 4845 τάς
1692 4780 1803 4835 τῶν

212 4863 427 4937 χρόνων
452 4866 736 4938 ὁροθεσίας
775 4869 993 4939 ἑκάστῳ
1024 4869 1354 4941 νομοθετῶν,
1388 4872 1417 4924 ὁ
1466 4872 1693 4941 ἀγαγὼν
1724 4874 1804 4935 είς

211 4959 319 5031 τὴν
351 4956 496 5029 ζωὴν
546 4959 780 5031 ταύτην,
820 4961 984 5026 αὐτὸς
1036 4962 1131 5015 καὶ
1176 4962 1526 5035 μετέστησεν.
1566 4965 1804 5036 Ἕχομεν

214 5052 563 5109 διδασκάλων
593 5055 707 5127 (42)
743 5058 803 5111 ὲν
832 5059 955 5121 ταῖς
983 5056 1313 5129 ὑπερϐολαῖς
1339 5056 1448 5110 τῶν
1482 5058 1801 5130 συμφορῶν,

212 5145 318 5217 τὴν
365 5147 691 5219 περιϐόητον
736 5148 953 5222 ἐκείνην
1000 5149 1187 5221 φωνὴν
1238 5148 1334 5202 τοῦ
1371 5149 1610 5222 μεγάλου
1652 5150 1801 5205 Ἰώ6·

291 5349 407 5422 (ἓξ)
452 5351 722 5420 Ἀθρόως.
746 5349 896 5422 Harl.
929 5359 983 5407 et
1015 5350 1155 5422 Med.
1183 5350 1396 5422 ἀθρόον.

290 5420 406 5495 (57)
450 5419 970 5495 κατεσταλμένος.
1021 5419 1158 5493 Reg.
1203 5419 1481 5477 secundus
1528 5429 1583 5477 et
1627 5421 1801 5495 Bigot.

216 5489 644 5555 καθεσταμένος.

292 5560 406 5633 (58)
436 5559 791 5633 Γενόμενρς.
817 5561 897 5617 lta
920 5561 1087 5624 Med.,
1112 5559 1262 5615 Harl.
1294 5570 1350 5633 et
1372 5561 1543 5633 Coisl.
1575 5563 1799 5633 primus.

216 5629 365 5685 Editi
390 5629 662 5704 γενηθείς.
692 5631 823 5703 Reg.
859 5633 1136 5704 secundus
1166 5632 1467 5704 γεννηθείς.
1500 5629 1649 5688 Infra
1674 5650 1802 5691 eos-

216 5704 348 5772 dem
378 5702 596 5759 codiCes
635 5702 811 5758 secuti
851 5703 1185 5757 mutavimus
1246 5702 1393 5772 quod
1449 5716 1567 5762 erat
1608 5705 1661 5760 in
1692 5708 1808 5762 edi-

218 5772 296 5828 tis
322 5771 415 5827 ἐπὶ
442 5774 546 5843 γῆς
573 5782 628 5831 et
652 5774 762 5829 τῶν
804 5774 1082 5847 προτέρων
1111 5771 1345 5849 γάμων..

1442 5887 1477 5897 -ι,

1903 3233 2023 3287 viro
2062 3233 2429 3289 habitaturam
2478 3243 2533 3290 et
2582 3234 2789 3291 liberos
2831 3234 3049 3306 priores
3091 3235 3485 3305 neglecturam.

1904 3323 2062 3391 Quod
2096 3334 2280 3382 autem
2311 3328 2425 3382 vita
2459 3329 2617 3399 pueri
2645 3328 2866 3400 longius
2899 3328 2956 3382 in
2992 3328 3097 3385 hoc
3128 3328 3331 3384 saeculo
3361 3343 3493 3399 pro-

1903 3417 2071 3473 ducta
2109 3434 2219 3473 non
2270 3418 2410 3486 fuit;
2445 3421 2573 3490 quis
2620 3420 2759 3476 adeo
2791 3419 3273 3486 inconsideratus,
3322 3426 3383 3473 ut
3436 3418 3493 3472 id

1904 3509 2203 3564 maximum
2231 3510 2394 3582 437
2426 3513 2700 3567 bonorum
2746 3527 2873 3568 esse
2919 3526 3032 3567 non
3059 3512 3308 3581 judicet?
3341 3507 3492 3565 Lon-

1905 3600 2030 3670 gior
2053 3602 2198 3656 enim
2232 3602 2324 3657 hic
2349 3604 2734 3668 commoratio,
2762 3604 3036 3659 malorum
3061 3603 3301 3674 plurium
3330 3616 3495 3658 occa-

1905 3695 1990 3749 sio
2022 3701 2126 3750 est.
2174 3694 2295 3751 Non
2342 3695 2565 3752 admisit
2615 3697 2854 3762 malum,
2887 3713 3001 3753 non
3050 3697 3255 3752 struxit
3300 3696 3497 3752 dolum

1904 3787 2194 3857 proximo;
2226 3803 2337 3844 non
2382 3789 2439 3844 in
2482 3790 2536 3844 id
2584 3790 2935 3847 necessitatis
2958 3790 3131 3853 venit,
3174 3796 3235 3843 ut
3267 3788 3492 3859 iniquo-

1906 3895 2029 3933 rum
2071 3881 2328 3937 societati
2379 3880 2825 3949 admisceretur;
2874 3897 2990 3939 non
3039 3880 3358 3952 implicatus
3406 3887 3499 3934 est

1907 3978 2068 4035 malis
2111 3979 2458 4045 forensibus;
2488 3995 2603 4035 non
2647 3979 2912 4037 sustinuit
2945 3979 3333 4035 necessitatem
3361 3990 3494 4046 pec-

1909 4071 2095 4136 candi,
2126 4087 2235 4129 non
2281 4072 2655 4139 mendacium,
2689 4088 2802 4128 non
2834 4072 3005 4129 animi
3032 4071 3231 4143 ingrati
3271 4069 3491 4136 vitium,

1907 4177 2019 4217 non
2078 4164 2402 4231 avaritiam,
2461 4178 2573 4219 non
2632 4179 2881 4219 amorem
2938 4163 3318 4234 voluptatum,
3379 4175 3495 4217 non

1907 4256 2041 4310 vitia
2095 4258 2319 4324 carnis,
2377 4273 2727 4330 quaecunque
2788 4258 2992 4314 animis
3050 4255 3345 4311 dissolutis
3405 4255 3498 4310 in-

1908 4346 2066 4401 nasci
2114 4346 2328 4414 solent;
2363 4348 2514 4403 nulla
2544 4348 2762 4403 macula
2802 4347 3026 4404 inustus
3072 4347 3260 4401 animo
3290 4345 3496 4416 migra-

1909 4439 2011 4507 vit,
2039 4440 2133 4495 sed
2160 4456 2336 4512 purus
2365 4442 2640 4498 abscessit
2671 4440 2748 4497 ad-
2788 4448 2996 4497 sortem
3027 4440 3335 4497 meliorem.
3374 4435 3497 4492 Non

1913 4534 2159 4588 contexit
2184 4544 2329 4589 terra
2359 4532 2642 4603 dilectum,
2673 4534 2774 4591 sed
2806 4536 3007 4592 caelum
3041 4534 3307 4605 suscepit.
3352 4530 3498 4587 Deus
3532 4544 3535 4547 '

1914 4639 2008 4710 qui
2059 4656 2153 4695 res
2206 4648 2431 4698 nostras
2480 4642 2819 4710 moderatur,
2873 4644 2968 4715 qui
3022 4641 3323 4714 unicuique
3358 4648 3501 4694 tem-

1917 4762 2113 4819 porum
2166 4748 2436 4805 terminos
2488 4752 2817 4820 prastituit,
2872 4750 2970 4821 qui
3025 4748 3082 4804 in
3135 4748 3281 4802 hanc
3326 4747 3497 4802 vitam

1915 4850 2063 4903 hunc
2093 4848 2428 4919 deduxerat,
2476 4852 2622 4907 idem
2660 4852 2827 4908 etiam
2861 4850 3173 4910 transtulit.
3220 4848 3498 4912 Habemus

1913 4951 2308 5008 documentum
2338 4956 2394 5010 in
2440 4956 2698 5011 maximis
2738 4955 3166 5020 calamitatibus,
3204 4953 3499 5008 celeberri-

1914 5067 2063 5107 mam
2116 5053 2264 5107 illam
2318 5054 2502 5124 magni
2551 5053 2673 5110 Jobi
2721 5069 2910 5110 vocem
2956 5073 2969 5108 :
3011 5053 3271 5108 Dominus
3317 5049 3495 5116 dedit,

1914 5145 2176 5205 Dominus
2221 5146 2493 5202 abstulit:
2524 5148 2666 5201 sicut
2708 5146 2937 5201 Domina
2964 5146 3136 5199 visum
3182 5152 3281 5209 est,
3326 5144 3404 5197 ita
3445 5152 3498 5197 et

1989 5348 2100 5419 (59)
2131 5348 2468 5419 Φρᾳτρίαις.
2504 5345 2794 5419 Medicaens
2821 5345 2992 5419 codex
3022 5342 3283 5419 φρατρίᾳ.

1988 5412 2101 5489 (40)
2136 5412 2594 5489 ΟὒόεξιιιᾷςΕόίῐί
2636 5412 3093 5489 εάόυηιῇτούτων,
3128 5412 3279 5489 nulla
3307 5412 3499 5489 harum

1917 5484 2095 5546 reruni
2127 5484 2359 5542 macula.
2387 5486 2495 5544 Sed
2518 5504 2583 5543 ea
2608 5502 2715 5543 vox
2745 5485 2943 5543 melius
2969 5484 3188 5541 videtur
3216 5485 3410 5540 deesse
3440 5484 3498 5539 in

1916 5562 2105 5617 codice
2135 5559 2440 5615 Harlaeano.

2010 5633 2101 5700 M)
2132 5629 2368 5695 Κηλίδι.
2407 5628 2499 5683 Sic
2529 5630 2775 5701 plerique
2802 5645 2937 5684 mss.
2968 5625 3108 5682 Editi
3133 5625 3361 5698 κηλίδει.

1989 5632 2102 5771 ita)
2134 5699 2552 5757 Διδασκάίιον.
2604 5699 2859 5758 Nonnulli
2901 5698 3122 5756 codices
3166 5697 3365 5754 recenti

2013 5698 2102 5772 te)
2134 5698 2552 5757 Διδασκάίιον.
2604 5698 2859 5758 Nonnulli
2901 5698 3122 5756 codices
3166 5698 3503 5754 recentiores

1918 5773 2300 5831 διδασκαλεῖον.
