3878 6222
343 334 483 390 ιοιτ

1659 331 1716 388 S.
1759 331 2009 386 BASlLll
2047 326 2262 384 MAGNI

3484 317 3627 373 ιιιδ

339 448 546 515 factum
587 452 686 499 est.
733 442 816 501 Sit
851 461 1038 499 nomen
1090 443 1306 498 Domini
1355 441 1685 498 benedictum
1728 446 1784 498 in
1829 461 1929 500 sae-

2063 444 2100 494 O
2140 443 2359 509 Κύριος
2402 438 2651 503 ἔδωκεν,
2693 439 2726 490 ὀ
2770 436 2985 503 Κύριος
3037 435 3359 504 ἀφείλετοθ
3418 435 3502 499 ὡς
3529 439 3627 497 τῷ

337 539 463 594 cula
492 537 557 591 ⁸⁷.

1004 644 1029 677 θ

829 734 1167 791 EPISTOLA
1204 734 1359 791 CCCI
1400 740 1438 789 '.

2029 534 2228 602 Κυρίῳ
2269 531 2514 597 ἔδοξεν,
2559 530 2715 585 οὕτω
2762 528 2861 582 καὶ
2896 528 3154 597 ἐγένετο.
3187 526 3305 595 Ετη
3335 526 3407 579 τὸ
3444 524 3628 595 ὄνομα

2029 628 2253 697 Κυρίου
2279 624 2694 697 εὐλογημένον
2723 626 2813 690 εἰς
2840 623 2983 689 τοὺς
3014 622 3259 689 αἰῶνας.

2565 740 2916 795 ΕΠΙΣΤΟΛΠ
2953 740 3077 792 ΤΔ’.

1519 848 1803 905 i'l'onsolatur
1828 864 1982 911 morte
2004 860 2177 914 umoris
2203 858 2448 924 amictum.
2542 892 2545 893 ν

793 955 1039 1013 Maximo
1076 957 1458 1015 consolatoria.

417 1046 704 1115 Quomodo
731 1048 960 1104 allectus
988 1048 1183 1104 fuerim
1217 1051 1405 1105 audito
1431 1067 1584 1117 casu.
1613 1055 1765 1109 nulla
1796 1057 1933 1113 mihi

348 1141 526 1194 oratio
570 1142 637 1195 ad
686 1141 835 1196 clare
881 1142 1300 1212 exprimendum
1350 1145 1486 1201 satis
1535 1161 1660 1202 esse
1711 1149 1930 1219 possit;

349 1248 475 1288 cum
524 1233 743 1303 quidem
789 1249 937 1289 nunc
982 1234 1392 1291 considerarent
1447 1236 1659 1293 illatum
1714 1242 1932 1310 piorum

349 1324 628 1378 communi
661 1324 925 1378 damnum
957 1325 1161 1381 amissa
1195 1325 1409 1381 ordinis
1444 1328 1527 1382 sui
1568 1328 1817 1399 principe
1851 1328 1932 1384 fe-

352 1415 550 1481 mina;
606 1431 756 1470 nunc
818 1432 950 1471 vero
981 1424 1246 1487 quantam
1281 1419 1335 1471 in
1388 1419 1670 1473 tristitiam
1716 1422 1939 1491 delapsa

348 1516 500 1563 esset
547 1507 833 1577 gravitatis
875 1515 981 1563 tua:
1016 1509 1289 1564 serenitas
1336 1511 1681 1581 cogitarem:
1724 1526 1789 1567 ac
1834 1511 1934 1566 do-

348 1615 537 1659 mum.
573 1599 732 1668 cujus
767 1597 1015 1656 fortunas
1064 1616 1254 1657 omnes
1296 1602 1624 1667 laudabant,
1650 1604 1716 1658 in
1760 1620 1936 1675 genua

350 1693 702 1763 prolapsam,
758 1699 812 1747 et
861 1694 1196 1759 convictum,
1243 1696 1335 1764 qui
1387 1696 1673 1752 harmonia
1724 1714 1937 1755 summa

2364 966 2621 1036 Μαξίμῳ
2652 964 2764 1036 (43)
2801 960 3286 1033 παραμυθητική.

2111 1060 2298 1123 Ὅπως
2326 1057 2646 1129 διετέθημεν
2677 1056 2772 1110 ὲ,πὶ
2795 1058 2860 1126 τῇ
2892 1057 3029 1127 ἀκοῇ
3060 1053 3154 1107 τοῦ
3190 1052 3428 1114 πάθους,
3461 1051 3628 1115 οὐδεὶς

2037 1153 2104 1207 ἂν
2135 1154 2270 1223 ἡμῖν
2306 1151 2464 1220 λόγος
2515 1152 2595 1214 είς
2643 1149 2987 1220 παράστασιν
3033 1147 3134 1218 τῆς
3188 1144 3495 1216 ἐναργείας
3520 1144 3627 1213 (μ)

2040 1244 2292 1316 ἁρκέσειε
2315 1259 2330 1274 ο
2365 1242 2458 1296 νῦν
2497 1242 2595 1313 μὲν
2641 1241 2742 1311 τὴν
2791 1238 2995 1311 ζημίαν
3028 1236 3375 1308 λογιζόμενοι
3401 1235 3539 1306 (45),
3566 1236 3628 1306 ἢν

2039 1335 2100 1388 τὸ
2133 1335 2312 1387 κοινὸν
2360 1333 2470 1387 τῶν
2520 1332 2767 1387 εὐλαϐὦν
2819 1328 3137 1403 ἐζημιώθη,
3177 1330 3281 1399 τὴν
3333 1328 3629 1398 προστάτιν

2039 1426 2134 1481 τοῦ
2163 1427 2286 1482 καθ’
2320 1428 2520 1499 ἑαυτὴν
2543 1427 2822 1498 τάγματος
2846 1422 3116 1478 ἀπολέσαν
3141 1419 3256 1493 (46)
3278 1441 3292 1452 ·
3316 1421 3419 1476 νῦν
3445 1421 3505 1474 δὲ
3534 1420 3629 1492 τὴν

2043 1519 2380 1592 φαιδρότητα
2407 1519 2510 1589 τῆς
2557 1519 2655 1591 σῆς
2701 1518 3032 1589 σεμνότητος
3073 1517 3155 1578 εἰς
3196 1514 3321 1567 οἵαν
3360 1513 3631 1583 μετέπεσε

2043 1612 2346 1682 κατήφειαν
2386 1609 2728 1674 ἐννοοῦντες·
2766 1605 2916 1663 οἷκον
2947 1611 3065 1672 τοῖς
3104 1608 3239 1661 πᾶσι
3290 1604 3632 1677 μακαριστὸν

2043 1706 2124 1770 εἰς
2152 1705 2283 1774 γόνυ
2330 1704 2620 1765 κλιθέντα,
2673 1705 2768 1758 καὶ
2820 1701 3125 1773 συμϐίωσιν
3169 1700 3261 1753 διὰ
3302 1699 3407 1769 τῆς
3457 1697 3633 1770 ἄκρας

353 1785 764 1856 conglutinatus
794 1796 930 1850 erat,
963 1802 1157 1842 somno
1185 1789 1351 1843 citius
1393 1789 1722 1846 dissolutum
1753 1794 1935 1848 animo

2063 1798 2305 1869 ιρμονίας
2337 1798 2760 1869 συμπεφυκυῖαν
2793 1796 3004 1868 ὀνείρου
3037 1794 3151 1865 (47)
3207 1793 3411 1847 θᾶττον
3444 1790 3633 1845 διαλυο

353 1876 622 1931 intuerer.
656 1876 972 1943 Quomodo,
1023 1880 1235 1934 etiamsi
1268 1897 1518 1938 essemus
1565 1883 1934 1950 adamantini,

352 1981 467 2021 non
515 1965 699 2022 inﬂexi
737 1969 920 2022 animo
966 1968 1302 2026 fuissemus?
1345 1970 1474 2025 Mihi
1508 1989 1637 2029 vero
1667 1975 1830 2029 etiam
1870 1993 1937 2031 ex

356 2059 539 2130 primo
569 2075 870 2131 congressu
910 2063 1263 2119 necessitudo
1292 2067 1541 2135 quaedam
1573 2068 1785 2122 exstitit
1813 2084 1936 2125 cum

356 2160 454 2207 tua
495 2153 794 2223 dignitate;
837 2161 1059 2225 tamque
1107 2162 1214 2211 tuze
1246 2157 1433 2212 virtuti
1485 2156 1630 2223 favi,
1685 2166 1743 2212 ut
1790 2161 1940 2214 omni

357 2245 497 2301 hora
527 2245 718 2303 laudes
747 2253 870 2303 tuas
904 2248 961 2302 in
990 2263 1086 2304 ore
1105 2250 1380 2306 haberem.
1414 2251 1483 2305 At
1504 2252 1594 2307 ubi
1621 2253 1782 2308 etiam
1806 2253 1940 2307 mihi

359 2355 486 2396 cum
513 2341 670 2397 beata
694 2341 787 2397 illa
813 2343 999 2397 anima
1022 2344 1235 2398 exstitit
1268 2345 1634 2411 familiaritas,
1660 2346 1794 2403 mihi
1815 2362 1942 2401 vere

358 2430 466 2488 fuit
498 2448 845 2502 persuasum,
878 2435 1018 2489 hanc
1053 2434 1479 2493 Proverbiorum
1523 2441 1850 2495 sententiam
1885 2441 1941 2495 in

358 2526 519 2581 vobis
548 2525 722 2582 fuisse
750 2528 1153 2594 conﬁrmatam,
1203 2530 1490 2585 mulierem
1531 2531 1785 2586 videlicet
1824 2532 1943 2585 viro

359 2633 395 2672 a
435 2617 548 2673 Deo
592 2620 771 2690 aptari
799 2620 864 2673 ".
898 2621 1048 2675 Adeo
1092 2621 1338 2677 moribus
1372 2623 1757 2693 congruebatis
1803 2624 1944 2679 inter

360 2726 480 2780 vos,
516 2720 750 2783 utroque
798 2725 1056 2783 tanquam
1112 2714 1165 2768 iu
1214 2715 1439 2784 speculo
1489 2715 1713 2770 alterius
1762 2731 1944 2771 mores

361 2803 421 2859 in
462 2804 644 2875 seipso
678 2811 1127 2875 repraesentante.
1165 2803 1392 2859 Etiamsi
1435 2806 1561 2875 quis
1596 2805 1754 2875 plura
1787 2806 1942 2859 dixe-

363 2895 470 2960 rit,
524 2911 593 2950 ne
622 2897 903 2949 minimam
941 2896 1162 2964 quidem
1205 2904 1414 2965 partem
1452 2911 1642 2951 eorum
1678 2911 1800 2967 qtue
1845 2912 1945 2966 pro

363 2987 566 3043 merito
596 2986 827 3042 dicenda
867 2994 1076 3052 essent,
1113 2995 1462 3058 assequatur.
1509 2986 1615 3043 Sed
1654 2988 1785 3058 quid
1815 3004 1945 3045 sen-

363 3077 613 3134 tiendum
646 3077 714 3133 de
761 3077 856 3132 Dei
898 3077 1017 3147 lege
1049 3076 1254 3132 dudum
1292 3077 1539 3148 vigente,
1578 3086 1636 3131 ut
1667 3080 1759 3149 qui
1804 3089 1947 3135 stato

2040 1888 2225 1941 θεῖσαν
2268 1888 2557 1958 βλέποντες
2603 1889 2669 1959 τῇ
2724 1885 2953 1957 διανοίᾳ.
2986 1883 3110 1947 Πῶς
3155 1883 3257 1936 οὐκ
3310 1882 3402 1947 ἂν,
3446 1884 3499 1934 εἰ
3540 1881 3632 1934 καὶ

2041 1981 2389 2052 ἀδαμάντινοι
2421 1976 2585 2051 ἦμεν,
2609 1978 2708 2043 τὰς
2731 1977 2909 2048 ψυχάς
2930 1975 3442 2047 κατεκάμφθημεν;
3473 1973 3632 2044 Ἡμῖν

2039 2073 2098 2127 δὲ
2124 2073 2214 2127 καὶ
2240 2073 2305 2126 ἐκ
2337 2072 2434 2143 τῆς
2463 2070 2687 2144 πρώτης
2722 2071 2821 2142 μὲν
2848 2069 3065 2138 ὁμιλίας
3096 2067 3371 2137 οἰκειότης
3400 2083 3487 2128 τις
3514 2065 3634 2133 ἐγέ-

2041 2183 2163 2218 νετο
2192 2165 2328 2236 πρὸς
2356 2165 2454 2235 τὴν
2492 2164 2588 2235 σὴν
2625 2162 3089 2234 σεμνοπρέπειαν,
3122 2162 3216 2214 καὶ
3246 2159 3507 2214 τοσοῦτόν
3540 2176 3630 2212 σου

2040 2260 2105 2328 τῇ
2130 2258 2297 2328 ἀρετῇ
2329 2255 2773 2328 προσετέθημεν,
2819 2255 2960 2309 ὥστε
3003 2253 3098 2306 ἐπὶ
3133 2253 3318 2323 πάσης
3363 2251 3519 2322 ὥρας
3546 2250 3632 2304 διὰ

2046 2348 2290 2420 γλώττης
2348 2348 2494 2419 ἔχειν
2544 2348 2614 2401 τὰ
2663 2347 2763 2400 σά·
2816 2347 2906 2400 ὅτε
2953 2346 3010 2399 δὲ
3061 2344 3158 2398 καὶ
3205 2346 3306 2415 τῆς
3357 2341 3630 2413 μακαρίας

2042 2438 2259 2510 ἐκείνης
2287 2437 2464 2510 ψυχῆς
2511 2437 2813 2509 ἐγενόμεθα
2846 2440 2905 2491 ὲν
2938 2435 3234 2508 συνηθείᾳ,
3270 2434 3443 2498 ὄντως
3487 2432 3632 2486 ἐπεί-

2045 2528 2254 2601 σθημεν
2283 2528 2374 2582 τὸν
2417 2527 2518 2598 τῆς
2563 2527 2869 2599 Παροιμίας
2911 2526 3068 2594 λόγον
3096 2527 3180 2595 ἐφ’
3210 2525 3340 2593 ὑμῖν
3385 2521 3632 2593 βεδαιού-

2048 2632 2230 2686 μενον,
2266 2616 2348 2668 ὅτι
2391 2615 2543 2686 παρὰ
2574 2615 2711 2669 Θεοῦ
2753 2614 3056 2688 ἁρμόζεται
3095 2614 3232 2685 γυνὴ
3273 2614 3449 2685 ἀνδρί.
3480 2613 3633 2666 Οῦτω

2046 2704 2182 2775 πρὸς
2205 2705 2440 2776 τρόπους
2463 2703 2576 2773 (48)
2602 2703 2853 2776 ἀλλήλοις
2872 2700 2970 2775 ἦτε
2989 2723 3005 2737 ο
3035 2703 3227 2775 ὥσπερ
3253 2704 3318 2755 ἐν.
3341 2702 3633 2772 κατόπτρῳ

2048 2798 2305 2869 ἑκάτερος
2344 2798 2406 2851 τὸ
2432 2796 2525 2851 τοῦ
2569 2797 2758 2869 ἑτέρου
2788 2794 2919 2869 ἦθος
2955 2800 3013 2851 ὲν
3057 2796 3238 2867 ἐαυτῷ
3287 2793 3631 2868 προδεικνΰς.

2047 2891 2157 2944 Καὶ
2186 2890 2356 2943 πολλὰ
2400 2890 2465 2943 ἂν
2498 2889 2668 2943 εἰπών
2692 2907 2776 2954 τις
2816 2890 2937 2943 οὐδὲ
2974 2888 3269 2944 πολλοστοῦ
3306 2888 3510 2961 μέρους
3540 2887 3636 2957 τῆς

2049 2985 2202 3051 ἀξίας
2252 2984 2514 3051 ἐφίκοιτο.
2559 2982 2721 3036 Ἀλλὰ
2771 2983 2824 3035 τί
2870 2983 2978 3055 χρὴ
3027 2981 3222 3035 παθεῖν
3256 2982 3424 3051 χπρδς
3472 2978 3637 3049 νόμον
3748 3016 3755 3021 ο

2049 3073 2186 3128 Θεοῦ
2222 3074 2392 3128 πάλαι
2435 3075 2848 3147 κεκρατηκότα,
2890 3075 2980 3129 τὸν
3032 3074 3257 3128 ἐλθόντα
3303 3076 3387 3137 εἰς
3427 3073 3637 3143 γένεσιν

369 3180 614 3240 tempore
639 3169 692 3223 in
724 3169 900 3223 lucem
932 3169 1113 3225 editus
1142 3176 1248 3233 est,
1283 3184 1476 3224 rursus
1503 3171 1693 3237 abeat;
1730 3181 1778 3225 et
1814 3186 1942 3225 una-

2063 3173 2167 3235 τοῖς
2186 3170 2488 3243 καθήκουσι
2514 3171 2729 3243 χρόνοις
2760 3170 2922 3224 πάλιν
2956 3169 3270 3235 ὑπεξελθεῖν
3290 3212 3305 3231 ,
3337 3169 3435 3245 κα).
3462 3166 3639 3238 duxi-,1!

364 3278 598 3334 quaeque
638 3262 840 3323 anima,
882 3260 974 3316 ubi
1015 3263 1346 3318 necessariis
1375 3265 1501 3318 vitae
1537 3262 1731 3317 ofﬁciis
1761 3262 1949 3317 functa

366 3363 474 3417 est,
510 3363 624 3409 tum
654 3354 874 3409 demum
904 3353 1140 3408 vinculis
1172 3355 1423 3424 corporis
1451 3354 1734 3410 solvatur?
1768 3355 1952 3425 Neque

370 3449 535 3520 primi
567 3447 619 3501 id
655 3445 800 3516 passi
834 3460 1050 3510 sumus,
1085 3446 1170 3499 vir
1201 3445 1553 3511 admiranda,
1593 3462 1768 3516 neque
1803 3448 1906 3501 soli
1935 3467 1948 3502 :

373 3538 471 3594 sed
520 3551 642 3607 qua:
695 3542 950 3605 parentes
998 3544 1056 3589 et
1106 3534 1193 3588 avi
1242 3543 1296 3589 et
1328 3536 1564 3602 majores
1615 3543 1762 3591 retro
1790 3535 1956 3607 ἥδε

371 3644 565 3685 otnues
599 3628 809 3699 experti
832 3635 981 3694 sunt,
1012 3642 1080 3681 ea
1108 3641 1210 3681 nos
1232 3626 1395 3681 etiam
1417 3628 1749 3697 experimur.
1778 3628 1955 3698 Atque

373 3723 493 3778 haec
533 3722 641 3774 vita
681 3720 947 3789 exemplis
975 3719 1249 3790 ejusmodi
1292 3718 1491 3776 referta
1521 3730 1624 3776 est.
1659 3718 1735 3775 Te
1773 3729 1957 3775 autem

373 3822 532 3869 tanto
562 3812 777 3868 caeteris
804 3812 1008 3867 virtute
1039 3818 1411 3881 praestantem,
1450 3810 1505 3865 in
1555 3809 1749 3866 mediis
1793 3811 1957 3864 etiam

372 3904 638 3962 aerumnis
671 3918 770 3975 par
809 3913 893 3960 est
920 3904 1119 3958 anima:
1153 3909 1260 3959 tuae
1306 3901 1739 3973 magnitudinem
1788 3901 1960 3957 infra-

376 4008 522 4055 ctam
552 3998 853 4067 custodire,
883 4012 995 4051 non
1019 3997 1280 4051 damnum
1302 4009 1540 4065 praesens
1564 3994 1753 4064 iniquo
1776 3994 1961 4048 animo

380 4091 671 4156 ferentem,
701 4091 796 4145 sed
826 4091 896 4145 ob
923 4088 1251 4145 beneficium
1285 4087 1445 4142 initio
1470 4087 1729 4142 collatum
1756 4087 1963 4157 gratias

381 4186 629 4257 sargitori
652 4185 965 4241 habentem.
989 4181 1128 4237 Mori
1157 4182 1303 4237 enim
1325 4195 1616 4236 commune
1643 4190 1728 4237 est
1774 4197 1961 4236 eorum

378 4280 478 4348 qui
526 4276 776 4348 ejusdem
822 4283 1035 4331 naturae
1086 4272 1380 4344 participes
1431 4276 1560 4326 sunt
1601 4287 1615 4324 :
1660 4272 1755 4328 sed
1809 4274 1965 4327 bona:

384 4370 578 4427 uxoris
620 4368 902 4425 consortio
934 4367 1062 4433 frui,
1094 4367 1285 4438 paucis
1327 4366 1586 4437 contigit,
1618 4366 1710 4436 qui
1760 4365 1814 4419 in
1855 4367 1964 4419 vita

384 4461 572 4517 felices
605 4458 885 4530 praedicati
934 4464 1096 4522 sunt;
1133 4457 1335 4527 quippe
1379 4470 1503 4510 cum
1538 4456 1656 4525 ipse
1695 4470 1759 4510 ex
1809 4471 1967 4525 sepa-

348 4557 365 4591 ’δ
457 4576 625 4633 “Job
654 4595 693 4640 ι,
728 4576 822 4633 21.
898 4573 1128 4629 ⁸⁸Ρτον.
1164 4591 1278 4628 xix.
1306 4575 1390 4628 l4.

503 4713 654 4767 Alias
685 4707 1001 4764 CCCXLVI.

480 4784 569 4848 45)
601 4782 871 4850 Μαξίμῳ.
914 4779 973 4834 ln
999 4778 1168 4850 editis
1208 4778 1324 4833 hate
1359 4778 1587 4850 cpistola
1633 4777 1834 4832 dicitur
1871 4779 1965 4831 ἀνε-

384 4849 1351 4924 επίγραφος.ίΝοιηρῐι-Μιιχὶιιιὶλ-ιτιιί
1384 4849 1649 4919 inscripta
1676 4858 1780 4912 est,
1821 4850 1968 4904 erui-

388 4918 915 4979 tuus'ex'codicibus
940 4919 1089 4974 Harl.
1123 4928 1175 4973 et
1199 4918 1434 4974 Clarom.

463 4994 575 5065 (44)
613 4991 982 5065 ξΕκαργείᾳς.
1015 4991 1092 5065 Ita
1126 4989 1274 5065 llattl.
1316 5002 1371 5065 et
1415 4989 1589 5065 Bigel.
1641 4987 1783 5042 Editi
1815 4990 1967 5062 ἐνερ-

389 5060 567 5134 γείαςζ
613 5060 822 5118 Ibidem
855 5063 989 5118 editi
1031 5060 1277 5133 ἀρκέσει,
1323 5062 1567 5130 plerique
1619 5074 1754 5115 mss.
1803 5070 1864 5115 ut
1909 5060 1969 5115 in

390 5144 569 5190 textu.

465 5203 583 5277 (45)
609 5203 1002 5277 Λογιζόμεκοι.
1032 5200 1492 5277 Uterque__Coi_sl.,
1538 5201 1740 5277 Regius
1776 5213 1974 5255 secun-

394 5271 521 5339 dus,
553 5271 731 5330 Paris.
768 5271 825 5329 et
864 5274 1104 5329 Clarum.
1152 5271 1540 5343 λογιζομένοις.
1575 5271 1680 5328 Séd
1728 5278 1971 5343 erratum

392 5361 516 5401 esse
559 5352 708 5414 patet
736 5360 802 5399 ex
828 5345 940 5415 his
970 5360 1093 5414 quae
1122 5339 1451 5415 sequuntur.
1483 5343 1653 5415 Paulo
1693 5347 1816 5412 post
1839 5339 1970 5415 editi

396 5415 519 5468 καθ’
543 5412 754 5469 ἔαυτόν.
803 5414 909 5471 Sex
960 5412 1094 5471 mss.
1138 5412 1217 5469 ιη’
1240 5414 1294 5468 in
1328 5422 1495 5469 textu.
1550 5413 1698 5467 Harl.
1735 5412 1972 5466 secunda

397 5499 561 5538 manu
590 5493 644 5539 et
670 5484 808 5540 Med.
844 5484 965 5539 καθ’
993 5485 1236 5549 ἑαυτούς.

377 5556 386 5621 ἡ
469 5554 587 5625 (46)
614 5554 975 5625 Ἀπολέσαν.
1010 5557 1084 5609 Ita
1114 5571 1247 5611 mss.
1289 5555 1547 5625 quinque.
1580 5551 1721 5625 Editi
1761 5549 1971 5605 ἀπώλεο

401 5641 521 5679 σαν.
564 5624 774 5681 lbidem
815 5624 1136 5681 llarlteanus
1180 5624 1348 5681 codex
1382 5628 1477 5681 νῦν
1513 5624 1570 5678 δὲ
1595 5624 1687 5677 καὶ
1718 5624 1815 5693 τὴν
1851 5637 1973 5691 φαι-

372 5693 907 5867 ίδρῇῃῆαδονείρου.
951 5764 1102 5822 Harl.
1134 5774 1188 5823 et
1217 5764 1381 5823 Coisl.
1430 5767 1639 5837 primus
1672 5750 1968 5835 ὀνείρατος.

2053 3263 2289 3334 ἑκάστην
2324 3263 2793 3334 λειτουργήσασαν
2827 3264 2904 3335 τῷ
2936 3264 3037 3336 βίῳ
3073 3263 3142 3316 τὰ
3185 3263 3484 3330 ἀναγκαῖα,
3523 3255 3637 3312 εἶτα

2052 3355 2160 3410 τῶν
2203 3356 2419 3427 δεσμῶν
2469 3356 2581 3428 (49)
2623 3356 2720 3410 τοῦ
2777 3357 3029 3428 σώματος
3071 3356 3451 3422 ἀπολύεσθαις
3505 3352 3637 3407 Οΰτε

2055 3444 2263 3516 πρῶτοι
2310 3446 2680 3517 πεπόνθαμεν,
2718 3443 2762 3501 ὦ
2807 3448 3099 3519 θαυμάσιε,
3129 3446 3255 3502 οὔτε
3302 3447 3491 3519 μόνοι·
3522 3444 3634 3498 ἀλλ’

2056 3531 2132 3591 ὧν
2157 3541 2334 3607 γονεῖς
2374 3539 2737 3611 πεπείρανται
2783 3540 2876 3594 καὶ
2912 3540 3148 3601 πάπποι,
3181 3538 3278 3591 καὶ
3308 3539 3359 3591 οἱ
3405 3536 3521 3591 ἄνω
3550 3534 3640 3589 τοῦ

2057 3631 2249 3700 γένους
2278 3630 2537 3694 ἅπαντες,
2566 3630 2772 3684 τούτων
2810 3630 2904 3684 καὶ
2929 3633 3093 3701 ἡμεῖς
3127 3630 3186 3683 ὲν
3218 3628 3389 3700 πείρᾳ
3416 3628 3641 3697 γεγόνα-

2063 3738 2184 3792 μεν.
2219 3721 2328 3774 Καὶ
2356 3720 2572 3794 πλήρης
2595 3724 2623 3775 ὁ
2663 3721 2854 3791 παρὼν
2892 3721 3005 3791 βίος
3035 3720 3145 3773 τῶν
3176 3719 3436 3772 τοιούτων
3472 3734 3643 3790 παρα-

2058 3812 2389 3883 δειγμάτων.
2439 3813 2506 3865 Σὲ
2535 3812 2614 3878 δὲ,
2664 3814 2920 3868 τοσοῦτον
2966 3816 3031 3884 τῇ
3083 3814 3253 3884 ἀρετῇ
3286 3812 3394 3864 τῶν
3446 3810 3643 3863 λοιπῶν

2060 3905 2411 3976 διαφέροντα,
2448 3907 2543 3959 καὶ
2583 3907 2642 3959 ὲν
2670 3906 2859 3978 μέσοις
2896 3909 3010 3970 τοῖς
3057 3905 3252 3959 πάθεσι
3283 3904 3536 3976 προσῆκε
3588 3901 3645 3955 τὸ

2062 3999 2161 4068 τῆς
2215 3997 2397 4067 ψυχῆς
2447 3998 2584 4067 (50)
2642 3998 2984 4069 μεγαλοφυὲς
3032 3998 3406 4051 ἀταπείνωτον
3453 3994 3644 4050 διασώ-

2064 4088 2179 4151 ζειν
2203 4088 2339 4159 (51),
2375 4088 2451 4161 μὴ
2479 4092 2545 4162 τῇ
2577 4090 2672 4143 νῦν
2698 4091 2872 4161 ζημίᾳ
2900 4080 3343 4161 δυσχεραίνοντα.
3377 4087 3521 4144 ἀλλὰ
3550 4087 3647 4157 τῆς

2065 4182 2123 4248 ἐξ
2157 4182 2333 4252 ἀρχῆς
2365 4182 2576 4253 δωρεᾶς
2607 4181 2769 4254 χάριν
2805 4182 2984 4235 εἰδότα
3012 4183 3089 4253 τῷ
3126 4182 3406 4236 δεδωκότι.
3442 4180 3519 4234 Τὸ
3553 4179 3646 4250 μὲν

2064 4276 2174 4347 γάρ
2203 4275 2495 4330 ἀποθανεῖν
2542 4277 2723 4330 κοινὸν
2754 4274 2865 4328 τῶν
2895 4275 2998 4345 τῆς
3033 4275 3202 4345 αὐτῆς
3231 4271 3648 4344 μετεσχηκότων

2068 4370 2314 4437 φύσεως·
2349 4368 2409 4422 τὸ
2436 4369 2492 4422 δὲ
2534 4366 2712 4440 ἀγαθῇ
2754 4367 3074 4437 συνοικῆσαι
3119 4367 3323 4436 ὀλίγοις
3362 4368 3479 4428 τοῖς
3513 4362 3649 4417 κατὰ

2068 4462 2158 4514 τὸν
2183 4461 2296 4535 βίον
2329 4460 2743 4535 μακαρισθεῖσιν
2771 4459 3044 4535 ὑπῆρξεν·
3081 4460 3215 4513 ὅπου
3252 4458 3367 4525 (5‘2)
3397 4460 3490 4513 καὶ
3524 4453 3648 4508 αὐτὸ

2143 4711 2252 4780 (48)
2291 4710 2446 4778 Πρὸς
2492 4709 2766 4780 τρόπους.
2798 4705 2884 4780 l_ta_
2915 4705 3083 4780 Coisl.
3119 4703 3355 4780 printus,
3406 4700 3560 4780 Harl.
3602 4711 3653 4758 et

2076 4773 2314 4836 Medﬂet
2335 4773 2448 4834 'ali'i
2480 4773 2750 4833 nonnulli.
2792 4776 2935 4831 Editi
2973 4775 3109 4847 πρὸς
3139 4774 3389 4847 τρόπον.-
3412 4773 3537 4847 Mox
3559 4788 3650 4847 eo:

2076 4853 2224 4907 dices
2249 4868 2343 4906 sex
2361 4849 2702 4921 npodsgzvtig.
2724 4848 2863 4902 Editi
2893 4842 3238 4921 messim.
3255 4842 3505 4900 Subinde
3524 4844 3652 4921 editi

2075 4924 2127 4975 τί
2154 4923 2234 5005 δεῖ
2264 4915 2474 4975 παθεῖν.
2528 4919 2665 4974 Tres
2714 4915 3069 4973 vetustissimi
3117 4916 3338 4969 codices
3374 4929 3504 4969 cum
3550 4915 3653 4968 alio

2078 5001 2427 5134 “t(?9)le;‘cl3i:;
2449 5058 2711 5134 δεσμῶν·ὲ
2742 5057 2908 5134 Cojsl.
2934 5056 3157 5134 primus
3189 5053 3536 5134 covﬁsapdv.

2304 5132 2519 5204 Tditﬁg:
2543 5125 2769 5204 ψυχῆς.
2815 5128 2891 5182 ita
2933 5125 3082 5181 Harl.
3116 5137 3170 5181 et
3211 5125 3381 5181 Coisl.
3417 5125 3650 5196 primus.

2077 5199 2310 5277 Εαῑιιξτδ
2339 5199 2562 5277 τῆςρᾖ
2590 5199 2806 5277 suis;
2874 5268 2889 5277 ,
2966 5267 3014 5277 ,,
3068 5266 3082 5277 ,
3221 5266 3256 5277 ,,
3296 5267 3363 5277 ,,
3493 5267 3505 5277 .

2148 5274 2258 5339 (5i)
2286 5266 2617 5332 Διαὸ-ὠζέιν.
2650 5266 2740 5322 Sic
2764 5267 2939 5339 Harl.,
2966 5266 3105 5339 Med.
3142 5277 3194 5339 e_t
3217 5266 3389 5339 Cpisl.
3422 5267 3653 5339 primus.

2077 5344 2222 5398 Editi
2244 5336 2540 5402 διασῶσαι.
2588 5338 2787 5394 Ibidem
2833 5338 2963 5409 editi
2993 5338 3090 5409 τὴν
3123 5336 3216 5390 νῦν
3250 5336 3481 5409 ζημίαν.
3512 5336 3653 5401 Qua-

2079 5424 2204 5469 tuor
2226 5430 2382 5477 mss.,
2410 5413 2464 5467 in
2488 5412 2575 5466 his
2602 5409 2750 5463 Harl.
2777 5417 2833 5464 et
2858 5408 3027 5464 Coisl.
3052 5408 3293 5478 primus,
3318 5417 3376 5461 ut
3406 5408 3463 5478 in
3485 5415 3651 5461 textu.

2151 5484 2263 5554 (52)
2291 5484 2461 5558 ’Κατὰ
2483 5481 2610 5558 fda:
2633 5477 3073 5558 βιοῖςκόπουί
3100 5478 3191 5531 Sic
3243 5477 3656 5558 entettfiavimus

2081 5545 2184 5626 ope
2206 5545 2457 5609 codicum
2483 5545 2644 5606 Harl.
2666 5559 2721 5606 et
2749 5548 3069 5631 Mednquod
3094 5557 3213 5602 erat
3242 5549 3299 5602 in
3329 5548 3497 5603 editis
3523 5545 3656 5601 κατὰ

2081 5625 2280 5681 Θεὸν...
2322 5620 2872 5695 ἧπονηΡοιιΙο-ροει
2912 5620 3043 5695 editi
3090 5618 3383 5686 διάζευξιν,
3430 5616 3495 5670 ἐν
3524 5620 3651 5670 ἐστι.

2082 5657 2280 5681 υευν...
2329 5657 2486 5695 Ιιδνιυ.
2539 5657 2710 5676 ιαυιιυ
2747 5657 2872 5691 γυσυ
2912 5657 3043 5674 ouu-
3091 5657 3383 5686 vuw‘uv‘Iv,

2082 5695 2218 5758 Tres
2246 5692 2601 5753 vetustissimi
2634 5689 2853 5749 codices
2892 5697 2951 5746 ut
2979 5691 3037 5747 in
3065 5697 3234 5746 textu.

2178 5888 2225 5898 .rv
