3878 6222
229 319 373 378 1019

1117 317 1612 377 EPISTOLARUM
1647 320 1935 379 CLASSIS
1971 318 2319 381 lll..EPlST.
2357 314 2557 375 CCCll.

3336 362 3338 365 .
3360 310 3505 367 1050

229 439 294 494 τὸ
319 436 581 508 λυπηρῶς
612 438 855 506 ὲνεγκεῖν
894 434 993 509 τὴν
1034 436 1310 505 διάζευξιν
1352 440 1416 492 οὐ
1452 441 1650 512 μικρόν
1694 442 1814 496 ἐστι

1941 440 2132 496 ἐῑίοιιε
2160 439 2319 494 dolor
2351 452 2466 493 non
2506 448 2735 507 parvum
2784 431 2859 489 sit
2902 429 3002 489 Dei
3030 431 3259 496 donum,
3290 430 3378 488 bis
3406 432 3505 502 qui

230 529 342 582 τῶν
370 539 437 582 εκ
474 526 612 581 Θεοῦ
637 524 860 596 δωρεῶν
890 528 1005 589 τοῖς
1039 526 1399 598 εὐγνωμόνως
1422 526 1815 599 λογιζομένοις.

230 621 473 685 Πολλοὺς
510 619 619 691 γὰρ
665 618 913 689 ἔγνωμεν
954 617 1054 690 τὴν
1093 617 1338 673 διάλυσιν
1377 618 1480 689 τῆς
1511 619 1820 692 ἀκαταλλή-

230 713 326 768 λου
357 713 472 785 (55)
507 712 874 783 συνοικήσεως
903 708 1091 773 ὥσπερ
1131 709 1334 782 βάρους
1364 709 1623 764 ἀπόθεσιν
1660 711 1818 776 δεξα-

235 806 455 879 μένους.
493 803 825 874 Ἀπόϐλεψον
874 803 1011 874 πρὸς
1063 803 1156 857 τὸν
1188 803 1416 875 οὐρανὸν
1459 803 1680 870 τοῦτον,
1728 805 1822 859 καὶ

228 899 327 953 τὸν
382 898 567 969 ἣλιον,
619 896 716 951 καὶ
760 897 942 950 πᾶσαν
994 894 1323 966 περίσκεψαι
1369 893 1467 966 τὴν
1528 897 1704 950 κτίσιν
1764 898 1822 950 ὲν

232 989 444 1061 κύκλῳ,
464 990 546 1042 ὅτι
580 987 753 1041 ταῦτα
785 987 905 1057 μὲν,
932 985 1173 1040 τοσαῦτα
1202 985 1332 1040 ὄντα
1368 988 1463 1041 καὶ
1495 988 1819 1059 τηλικαῦτα,

235 1080 437 1151 μικρὸν
463 1079 689 1151 ὕστερον
715 1080 776 1133 ού
806 1080 1135 1150 φανήσεται·
1161 1079 1256 1132 καὶ
1282 1081 1347 1133 ὲκ
1378 1079 1595 1133 πάντων
1616 1079 1822 1134 τούτων

231 1169 414 1222 ἐκεῖνο
439 1168 739 1238 συνάγαγε,
756 1169 860 1234 ὃτι,
881 1167 1047 1240 μέρος
1076 1166 1227 1233 ὄντες
1249 1169 1347 1239 τῆς
1374 1169 1824 1241 ἀποθνησκούσης

233 1260 491 1327 κτίσεως,
527 1261 589 1313 τὺ
624 1263 691 1313 ἐκ
730 1261 830 1331 τῆς
886 1259 1074 1330 κοινῆς
1108 1259 1324 1329 φύσεως
1370 1261 1482 1333 (54)
1537 1261 1824 1317 ἐπιϐάλλον

233 1353 374 1423 ἡμῖν
420 1350 833 1423 ὑπεδεξάμεθα·
881 1352 1006 1405 ἐπεὶ
1064 1352 1160 1406 καὶ
1212 1354 1240 1406 ὁ
1290 1353 1469 1423 γάμος
1522 1354 1682 1417 αὐτὸς
1728 1355 1825 1408 τοῦ

232 1443 608 1515 ἀποθνήσκειν
640 1443 759 1497 ἐστὶ
786 1442 1128 1514 παραμυθία.
1162 1442 1306 1496 Διότι
1333 1444 1443 1515 γὰρ
1476 1446 1557 1508 εἰς
1598 1445 1661 1498 τὸ
1687 1462 1826 1499 παν-

1921 548 2036 588 rem
2065 546 2225 602 aequo
2252 530 2436 585 animo
2478 532 2756 597 reputant.
2790 524 2927 581 Novi
2960 522 3108 580 enim
3150 525 3377 588 multos,
3407 525 3503 595 qui

1920 631 2186 694 tanquam
2213 620 2406 677 oneris
2426 617 2849 690 depositionem,
2875 616 3214 672 matrimonii
3244 631 3352 672 non
3379 631 3508 672 con-

1912 713 2174 785 gruentis
2224 711 2647 769 dissolutionem
2696 708 2934 780 amplexi
2984 714 3134 764 sunt.
3174 705 3405 777 Respice
3447 707 3503 761 in

1921 807 2120 863 cmlum
2173 814 2228 861 et
2265 807 2436 861 solem
2473 822 2486 858 :
2522 810 2577 859 et
2638 808 2925 858 creaturas
2979 812 3172 857 omnes
3225 797 3505 854 undelibet

1922 897 2217 964 collustra,
2262 897 2379 951 haec
2399 910 2522 966 qua!
2550 902 2633 949 tot
2678 900 2735 951 et
2783 901 2937 949 tanta
2968 901 3135 958 sunt,
3175 891 3342 964 paulo
3379 896 3507 962 post

1921 1004 2033 1045 non
2068 989 2498 1061 comparebunt;
2534 997 2698 1059 atque
2721 1003 2786 1043 ex
2816 987 2905 1043 bis
2942 986 3201 1042 omnibus
3233 983 3367 1038 illud
3393 983 3507 1038 col-

1923 1083 2052 1154 lige,
2088 1096 2213 1148 nos,
2263 1095 2388 1135 cum
2438 1081 2697 1151 peritura:
2742 1089 3011 1135 creaturae
3053 1092 3182 1149 pars
3223 1077 3418 1143 simus,
3450 1075 3508 1132 id

1923 1175 2071 1247 quod
2094 1175 2253 1230 nobis
2274 1189 2343 1229 ex
2365 1175 2645 1229 communi
2675 1179 2870 1227 natura
2893 1172 3174 1235 convenit,
3201 1169 3506 1241 accepisse;

1925 1267 2199 1337 siquidem
2234 1272 2290 1321 et
2331 1265 2649 1336 coniugium
2680 1265 2862 1335 ipsum
2903 1264 3100 1319 mortis
3125 1268 3211 1318 est
3238 1261 3506 1317 solamen.

1924 1357 2062 1413 Nam
2090 1359 2220 1431 quia
2251 1373 2470 1429 semper
2500 1371 2824 1427 permanere
2852 1369 2962 1411 non
3006 1354 3261 1418 dabatur,
3292 1367 3511 1409 succes-

1928 1453 2085 1507 sione
2117 1451 2335 1522 generis
2377 1450 2801 1521 perpetuitatem
2830 1449 2957 1504 vita:
2983 1446 3213 1504 Creator
3246 1446 3509 1501 concilia.

232 1538 392 1601 τελὲς
427 1536 769 1609 παραμένειν
797 1537 899 1589 ούκ
943 1537 1089 1608 ἐνῆν,
1125 1538 1192 1607 τῇ
1233 1536 1451 1608 διαδοχῇ
1495 1537 1590 1591 τοῦ
1635 1537 1828 1606 γένους

1941 1544 2026 1598 rit.
2084 1541 2242 1610 Quod
2291 1542 2339 1597 si
2395 1541 2449 1596 id
2507 1541 2784 1612 angimur,
2832 1540 2980 1611 quod
3023 1541 3189 1596 citius
3234 1548 3359 1595 ante
3409 1553 3510 1593 nos

234 1629 302 1682 τὸ
331 1630 469 1701 πρὸς
498 1629 588 1683 τὸν
620 1629 733 1700 βίον
756 1628 975 1700 διαρκὲς
1003 1631 1033 1682 ὁ
1053 1629 1394 1700 Δημιουργὺς
1418 1631 1823 1701 ἐμηχανήσατο.

1928 1636 2147 1700 abierit,
2174 1635 2249 1689 illi
2277 1651 2347 1690 ne
2366 1634 2733 1698 invideamus,
2765 1634 2910 1705 quod
2936 1632 3202 1689 molestiis
3222 1632 3350 1688 vitae
3364 1630 3512 1687 haud

236 1722 307 1775 El
339 1721 419 1784 δὲ,
458 1722 543 1775 ὅτι
575 1720 772 1775 θᾶττον
816 1720 1136 1792 προαπῆρεν
1179 1720 1359 1792 ἡμῶν,
1407 1720 1710 1790 ἀνιώμεθα,
1752 1721 1828 1793 μὴ

1941 1727 2162 1781 multum
2188 1726 2405 1797 oppleta
2441 1724 2624 1790 fuerit,
2650 1726 2747 1782 sed
2778 1726 2955 1779 instar
2983 1722 3181 1779 ﬂorum
3219 1723 3514 1779 nitentium

237 1813 627 1884 βασκαίνωμεν
656 1815 723 1884 τῇ
760 1813 834 1884 μὴ
865 1813 959 1866 ἐπὶ
989 1812 1125 1866 πολὺ
1163 1812 1274 1866 τῶν
1300 1812 1550 1884 ὀχληρῶν
1580 1812 1675 1867 τοῦ
1709 1813 1824 1883 βίου

1941 1835 2032 1876 nos
2059 1834 2181 1874 eam
2214 1819 2394 1874 adhuc
2425 1818 2804 1873 desiderantes
2833 1817 3142 1888 reliquerit.
3177 1815 3284 1872 Sed
3308 1823 3361 1871 te
3388 1823 3515 1870 ante

234 1904 678 1975 ἁναπλησθείσῃ,
708 1903 846 1958 ἀλλὰ
872 1903 1015 1958 κατά
1051 1905 1151 1976 τὴν
1174 1905 1334 1977 χάριν
1362 1907 1463 1979 τὴν
1500 1905 1610 1959 τῶν
1646 1906 1825 1960 ἀνθῶν

238 1996 323 2050 ἔτι
354 1996 655 2062 ποθοῦντας
687 1999 838 2069 ἡμᾶς
868 1997 1197 2070 ἐπιλιπούσῃ
1217 1998 1351 2070 (55).
1380 1998 1496 2071 Πρὸ
1525 1998 1743 2054 πάντων
1767 1999 1826 2053 δέ

238 2105 304 2142 σε
345 2090 409 2143 τὺ
440 2090 538 2161 τῆς
581 2090 931 2154 ἀναστάσεως
960 2090 1138 2161 δόγμα
1173 2090 1652 2164 ψυχαγωγησὰτω,
1688 2094 1826 2165 Χρι-

238 2178 462 2231 στιανὸν
490 2177 639 2243 ὄντα,
676 2179 772 2232 καὶ
805 2178 897 2231 ἐπ’
928 2177 1107 2232 ἐλπίδι
1132 2178 1242 2232 τῶν
1272 2179 1573 2251 μελλόντων
1602 2181 1826 2250 ἀγαθῶν

235 2269 340 2341 τὴν
382 2267 528 2341 ζωὴν
567 2269 908 2339 διεξάγοντα.
941 2270 1130 2335 Οὕτως
1168 2266 1262 2325 οὖν
1290 2271 1617 2326 διανοεῖσθαι
1657 2289 1827 2344 προσ-

235 2361 399 2431 ῆκεν.
442 2360 519 2424 ὡς
549 2360 666 2415 όδόν
698 2379 824 2417 τινα
861 2362 1238 2435 παρελθούσης
1263 2362 1400 2430 (56),
1429 2364 1498 2434 ἢν
1543 2365 1638 2417 καὶ
1677 2366 1826 2435 ἡμᾶς

235 2457 426 2528 δεήσει
468 2458 819 2531 πορεύεσθαι.
866 2461 932 2514 Ei
960 2460 1037 2526 δὲ,
1065 2461 1150 2515 ὅτι
1179 2461 1285 2534 πρὸ
1325 2462 1502 2534 ἡμῶν,
1535 2462 1635 2516 οὐκ
1666 2462 1825 2534 όδυρ-

241 2550 363 2619 μῶν
384 2549 543 2605 τοῦτο
564 2550 735 2617 ἀξιον.
767 2553 984 2625 Μικρὸν
1011 2554 1119 2626 γὰρ
1148 2553 1375 2626 ὓστερον
1397 2555 1558 2625 τυχὸν
1595 2555 1656 2608 τὺ
1691 2555 1828 2627 ήμέ-

238 2660 399 2715 τερον
448 2643 842 2720 ἐλεεινότερον,
884 2649 965 2711 εί,
1019 2648 1114 2701 ἐπὶ
1154 2648 1337 2702 πλεῖον
1386 2647 1830 2720 παραταθέντες,

246 2734 459 2789 πλείοσι
505 2736 801 2808 γενοίμεθα
860 2737 1136 2811 τιμωρίας
1185 2738 1464 2810 ύπόχρεοι.
1525 2738 1688 2792 Ἀλλά
1733 2739 1831 2811 τῆς

1931 1912 2118 1965 omnia
2184 1920 2401 1966 recreet
2463 1909 2891 1965 resurrectionis
2953 1907 3186 1978 dogma,
3238 1906 3513 1961 hominem

1930 2002 2332 2068 Christianum,
2366 2009 2532 2072 atque
2563 2002 2619 2055 in
2657 2000 2965 2054 futurorum
2996 1998 3267 2052 bonorum
3310 2013 3407 2068 spe
3430 1996 3517 2052 vi-

1931 2102 2170 2151 ventem.
2211 2091 2391 2161 Quare
2433 2108 2533 2164 par
2561 2090 2727 2146 fuerit
2765 2091 2834 2147 de
2856 2107 2922 2146 ea
2962 2092 3034 2145 ita
3065 2090 3329 2162 cogitare,
3358 2089 3515 2160 quasi

1934 2187 2077 2241 viam
2108 2186 2403 2257 quamdam
2436 2184 2762 2249 confecerit,
2806 2199 2970 2254 quam
3013 2192 3067 2239 et
3106 2198 3207 2239 nos
3240 2181 3515 2255 oportebit

1933 2278 2166 2349 ingredi.
2204 2277 2360 2344 Quod
2397 2278 2443 2333 si
2484 2278 2641 2333 nobis
2678 2276 2914 2347 praeivit,
2949 2276 3001 2329 id
3040 2274 3245 2346 gemitu
3289 2274 3516 2344 dignum

1935 2385 2044 2425 non
2078 2379 2182 2426 est.
2218 2368 2351 2423 Nam
2385 2370 2524 2424 forte
2572 2370 2736 2441 paulo
2768 2377 2893 2439 post
2920 2383 3041 2423 sors
3067 2373 3253 2421 nostra
3285 2365 3516 2420 misera-

1933 2463 2096 2517 bilior
2126 2462 2230 2517 erit
2252 2502 2267 2526 ,
2305 2462 2351 2517 si
2397 2462 2608 2516 diutius
2637 2461 2826 2524 dilati,
2859 2459 3109 2530 pluribus
3157 2456 3353 2512 (lamus
3388 2470 3521 2525 sup-

1936 2555 2121 2627 pliciis
2190 2555 2438 2611 obnoxii.
2502 2555 2743 2610 Proinde
2788 2555 2929 2609 ratio
2989 2561 3216 2617 nostra,
3265 2551 3518 2606 mmroris

1936 2662 2174 2703 excusso
2212 2663 2413 2713 onere,
2459 2647 2512 2701 id
2552 2655 2738 2712 curet,
2785 2646 3062 2717 quomodo
3097 2644 3287 2701 deceat
3325 2657 3426 2699 nos
3462 2642 3519 2696 in

1938 2751 2218 2811 posterum
2255 2739 2486 2795 Domino
2516 2742 2756 2811 placere.

244 2829 426 2904 λύπης
454 2832 516 2885 τὸ
541 2831 707 2905 βάρος
730 2836 760 2887 ὁ
785 2832 1048 2903 λογισμὸς
1066 2832 1222 2905 ἡμῶν
1248 2834 1703 2905 ἀποσεισάμενος,
1737 2835 1838 2907 τὴν
1867 2838 1997 2908 περὶ
2028 2836 2124 2890 τοῦ
2155 2836 2274 2900 πῶς
2302 2837 2449 2907 ἡμᾶς
2482 2836 2726 2908 προσῆκε
2785 2836 2923 2908 πρὸς
2983 2833 3045 2887 τὸ
3083 2833 3280 2904 ἐφεξῆς
3328 2831 3523 2902 εύαρε-

246 2924 397 2975 στεῖν
432 2921 509 2995 τῷ
536 2924 728 2997 Κυρίῳ
758 2926 1019 2998 φροντίδα
1055 2924 1408 2997 μεταλαϐἐτω
1436 2926 1572 2995 (57).

774 3038 1126 3093 ΕΠΙΣΤΟΛΗ
1163 3037 1285 3094 TB'.

2402 3035 2742 3092 EPISTOLA
2781 3036 2959 3093 CCCIl
2998 3042 3011 3058 ‘
3024 3079 3037 3092 .

1406 3153 1629 3207 Brisonis
1652 3161 1830 3206 morlut
1853 3167 2061 3207 uxorem
2081 3153 2371 3207 consolatur.

245 3265 399 3336 Πρένς
449 3267 560 3335 τὴν
599 3266 892 3339 ὁμόζυγον
942 3267 1257 3341 Βρίσςωνος
1314 3268 1428 3340 (58)
1482 3273 1832 3341 παραμυθη-
1858 3278 1901 3335 C

961 3337 1116 3404 τική.

289 3506 293 3511 ,
318 3453 482 3505 Ὅσον
510 3451 608 3522 μὲν
638 3451 1007 3523 ὲστενάξαμεν
1032 3451 1125 3505 ἐπὶ
1159 3454 1227 3523 τῇ
1254 3452 1486 3526 ἀγγελίᾳ
1505 3454 1600 3508 τοῦ
1623 3454 1829 3521 πάθους

256 3542 344 3598 τοῦ
375 3542 517 3597 κατὰ
561 3543 652 3597 τὸν
681 3542 905 3615 ἄριστον
938 3541 1047 3596 τῶν
1087 3542 1298 3615 ἀνδρῶν
1339 3545 1610 3617 Βρίσωνα,
1645 3547 1698 3599 τί
1729 3546 1833 3619 χρὴ

251 3633 347 3687 καὶ
400 3632 615 3700 λέγεινς
673 3632 901 3696 Πάντως
959 3633 1067 3705 γάρ
1119 3634 1294 3699 οὐδεὶς
1343 3633 1517 3698 οὕτως
1562 3636 1680 3689 ἐστὶ
1717 3636 1831 3708 (59)

252 3726 457 3796 λιθίνην
486 3725 624 3797 ἔχων
646 3725 744 3798 τὴν
773 3726 1025 3798 καρδίαν,
1053 3726 1133 3791 ὃς,
1163 3728 1244 3790 εἰς
1273 3728 1467 3796 πεῖραν
1501 3726 1835 3798 ἀφικόμενος

255 3817 346 3873 τοῦ
388 3817 579 3890 ἀνδρὸς
611 3818 821 3872 ἐκείνου
844 3859 859 3884 ,
895 3814 992 3872 εἶτ’
1026 3819 1268 3883 ἀκούσας
1314 3818 1477 3872 αὐτὸν
1520 3818 1733 3890 ἀθρόως
1774 3817 1835 3883 ἐξ

256 3909 553 3983 ἀνθρώπων
583 3911 1042 3983 ἀνηρπασμένον,
1082 3911 1224 3981 ουχὶ,
1273 3910 1350 3973 ὡς
1392 3909 1582 3979 κοινὴν
1628 3909 1833 3981 ζημίαν

256 4002 346 4056 τοῦ
372 4000 506 4073 βίου,
542 4003 645 4074 τὴν
671 4001 764 4056 τοῦ
793 4002 985 4073 ἀνδρὸς
1017 4002 1270 4076 στέρησιν
1296 4002 1604 4070 ἐλογίσατο.
1644 4002 1834 4072 Ἠμῶν

258 4096 308 4150 δὲ
352 4094 514 4159 εὐθὺς
565 4095 665 4167 τὴν
700 4095 877 4166 λύπην
909 4097 945 4167 ἡ
995 4095 1088 4148 ἐπὶ
1144 4095 1227 4147 σοὶ
1272 4097 1493 4167 φροντὶς
1540 4094 1832 4158 διεδέξατο.

259 4188 637 4260 ιογιζομένων,
673 4190 794 4251 ὅτι,
841 4191 890 4242 εἰ
951 4192 1065 4252 τοῖς
1098 4188 1291 4260 πόρρω
1349 4190 1448 4260 τῆς
1505 4188 1836 4258 οἰκειότητος

260 4280 397 4336 ιῦτω
426 4280 564 4352 βαρὺ
596 4282 690 4334 καὶ
725 4281 993 4352 δύσφορον
1027 4282 1090 4334 τὸ
1123 4280 1360 4352 συμϐὰν,
1393 4282 1511 4344 πῶς
1550 4281 1697 4344 εἰκὸς
1733 4280 1838 4333 ὑπὸ

260 4372 349 4430 τοῦ
398 4372 605 4437 πάθους
629 4374 728 4445 τὴν
780 4372 881 4444 σὴν
924 4372 1238 4444 διατεθῆναι
1290 4371 1506 4444 ψυχὴν,
1556 4370 1700 4425 οὕτω
1740 4371 1838 4441 μὲν

262 4466 417 4536 ρύσει
466 4466 713 4539 χρηστὴν
764 4462 970 4531 οὖσαν,
1007 4465 1103 4519 καὶ
1156 4464 1295 4537 πρὸς
1343 4466 1444 4529 τὰς
1496 4463 1840 4535 συμπαθείας

265 4558 476 4613 ;ῠκολον
526 4558 615 4613 διὰ
662 4558 763 4630 τὴν
814 4556 910 4621 τοῦ
959 4557 1164 4630 τρόπου
1199 4557 1547 4630 ἡμερότητα,
1593 4555 1736 4610 οὕτω
1783 4554 1841 4608 δὲ

2296 3267 2463 3323 Uxori
2501 3266 2747 3322 Britania
2781 3264 3166 3320 consolatorie.

2006 3452 2281 3517 Quantum
2314 3448 2697 3520 ingemuerim,
2733 3443 2993 3499 nuntiato
3011 3437 3203 3511 optimi
3236 3436 3519 3491 hominum

1935 3541 2184 3597 Brisonis
2216 3555 2380 3604 casu,
2413 3538 2546 3609 quid
2577 3538 2660 3593 vel
2703 3535 2889 3589 dicere
2923 3526 3189 3585 attineat?
3224 3528 3360 3581 Nam
3392 3539 3523 3595 pro-

1938 3634 2082 3687 fecto
2107 3648 2270 3686 nemo
2298 3632 2370 3684 ita
2395 3628 2563 3684 corde
2593 3628 2829 3697 lapideo,
2854 3632 2916 3679 ut
2944 3623 3124 3677 virum
3153 3619 3305 3674 illum
3327 3633 3523 3687 exper-

1938 3734 2027 3779 tus
2055 3739 2119 3778 ac
2142 3721 2341 3777 deinde
2368 3721 2601 3776 audiens
2623 3735 2689 3773 ex
2722 3714 3041 3772 hominibus
3070 3712 3255 3767 subito
3274 3718 3521 3779 ereptum
3634 3733 3655 3749 ι

1936 3832 2091 3879 esse,
2135 3831 2244 3870 non
2279 3829 2574 3869 commune
2622 3813 2877 3865 humanm
2906 3808 3030 3862 vitae
3063 3807 3325 3862 damnum
3369 3802 3518 3856 illius

1930 3909 2205 3980 jacturam
2222 3904 2639 3962 existimaverit.
2662 3904 2955 3957 Mterorem
2970 3907 3151 3953 autem
3176 3908 3357 3950 meum
3380 3893 3501 3948 solli

1937 4002 2120 4056 citudo
2148 4001 2216 4055 de
2252 4010 2303 4055 te
2332 4000 2517 4055 statim
2553 3996 2804 4067 excepit,
2836 4008 2961 4049 cum
2996 3991 3297 4064 cogitarem
3317 4027 3332 4053 ,
3363 3986 3410 4042 si
3438 3986 3522 4041 his

1937 4093 2029 4164 qui
2049 4108 2158 4147 non
2184 4100 2308 4147 sunt
2331 4090 2591 4145 allinitate
2606 4087 2911 4158 conjuncti.
2932 4084 2986 4140 id
3006 4083 3150 4156 quod
3169 4079 3370 4136 accidit
3389 4076 3524 4132 adeo

1937 4201 2103 4257 grave
2141 4193 2197 4240 et
2239 4185 2304 4239 ad
2338 4182 2728 4254 perferendum
2763 4179 2929 4252 5.39
2956 4176 3211 4238 dillicile,
3242 4170 3519 4244 quomodo

1939 4278 2235 4333 verisimile
2269 4278 2344 4333 sit
2369 4277 2610 4329 animam
2646 4275 2884 4343 tuamjn
2916 4272 3022 4326 hoc
3051 4283 3183 4325 casu
3212 4266 3373 4331 allici,
3402 4278 3523 4334 qua:

1938 4380 1994 4425 et
2037 4377 2231 4425 natura
2263 4369 2399 4424 adeo
2428 4369 2668 4439 benigna
2697 4373 2784 4423 est
2811 4372 2865 4420 et
2887 4365 2970 4432 .ad
3012 4361 3524 4419 commiserationes

1943 4472 2216 4532 propensa
2246 4472 2467 4532 propter
2513 4475 2728 4515 morum
2778 4458 3061 4513 lenitatem
3088 4495 3105 4521 ,
3148 4462 3205 4510 et
3238 4453 3341 4523 ipsi
3369 4451 3523 4507 casui

1944 4556 2018 4609 ita
2058 4556 2331 4626 subjecta,
2366 4564 2428 4609 ut
2463 4554 2630 4609 veluti
2666 4552 2984 4622 bipartitam
3005 4549 3302 4621 quamdam
3332 4544 3527 4600 sectio-

264 4649 625 4722 δποκειμένην
657 4650 735 4721 τῷ
761 4649 948 4715 πάθει,
979 4648 1125 4703 ὥστε
1154 4649 1319 4703 οἱονεὶ
1352 4649 1668 4721 διχοτομίας
1698 4646 1828 4711 τινὸς

1945 4662 2070 4701 nem
2112 4647 2168 4701 in
2213 4646 2468 4716 conjugis
2516 4644 2864 4716 separatione
2912 4641 3167 4700 senserit.
3215 4637 3428 4693 Etenim
3476 4636 3524 4690 si

265 4742 608 4798 ιὶσθάνεσθαι
640 4745 698 4796 ὲν
726 4742 805 4814 τῷ
836 4742 1103 4815 χωρισμῷ
1130 4741 1224 4796 τοῦ
1248 4741 1538 4814 ὁμόζυγος.
1566 4743 1676 4795 Καὶ
1704 4740 1834 4813 γὰρ,

266 4837 306 4891 δί
345 4833 423 4905 τῷ
455 4833 569 4889 ὄντι
612 4836 750 4889 κατὰ
779 4834 873 4888 τὸν
911 4832 1006 4888 τοῦ
1046 4833 1254 4906 Κυρίου
1296 4832 1454 4903 λόγον
1498 4832 1684 4887 οὐκέτι
1731 4833 1838 4886 εἰσὶ

328 5014 373 5046 ⁸⁸
396 5013 588 5069 Matth.
621 5026 742 5067 nx.
780 5012 835 5067 6.

332 5171 445 5243 (55)
475 5168 947 5243 Ἀκαταλλῄλου.
970 5170 1130 5243 Harl.
1154 5177 1211 5227 et
1231 5168 1373 5243 med.
1401 5168 1523 5243 κατ’
1552 5167 1837 5243 ἀλλήλους.

264 5238 467 5298 ibidem
496 5243 655 5298 multi
684 5238 904 5298 codices
928 5241 1265 5298 recentiores
1297 5238 1639 5309 δεχομένους.
1671 5238 1841 5293 Paulo

271 5321 387 5385 post
415 5311 545 5368 editi
577 5311 1047 5385 eigﬁbvgbpavdv.
1074 5312 1212 5367 Tres
1235 5310 1594 5385 vetustissimi
1622 5309 1843 5385 codices

271 5378 326 5453 Lit
348 5382 402 5436 in
428 5389 599 5438 textu.
628 5381 751 5437 Mox
779 5378 984 5450 Regius
1011 5389 1263 5453 uterque,
1291 5378 1764 5453 Coislasecundus
1789 5387 1844 5433 et

270 5451 567 5507 Vaticanus
602 5455 667 5507 ὲκ
695 5453 916 5507 πάντων
941 5450 1169 5519 τούτων,
1206 5453 1326 5508 sine
1356 5450 1766 5518 conjunctione.

340 5522 451 5593 (54)
473 5524 734 5589 Φύσεως.
769 5522 1185 5593 Μεὼκτίσεως.
1208 5520 1378 5577 Paulo
1398 5528 1522 5591 post
1544 5520 1687 5576 idem
1712 5534 1838 5573 cum

264 5591 598 5648 ΗιιτΙζΔιότι
625 5593 722 5647 ἕνα
754 5594 835 5657 είς
865 5592 946 5654 τό,
980 5601 1083 5648 etc.

342 5662 455 5728 (55)
484 5663 906 5731 Ἐπιλιπούσῃ.
961 5661 1053 5717 Sic
1094 5663 1258 5721 iidem
1307 5668 1421 5719 tres
1472 5658 1839 5732 antiquissimi

268 5734 508 5791 codices.
534 5732 674 5793 Editi
709 5730 1066 5805 ἀπολιπούση.

1944 4756 2177 4803 revera,
2238 4740 2541 4796 secundum
2602 4738 2814 4793 Domini
2864 4747 3203 4798 sermonem,
3250 4731 3363 4800 jam
3416 4742 3523 4781 non

1946 4842 2078 4890 sunt
2110 4834 2240 4897 duo,
2267 4833 2362 4889 sed
2394 4848 2499 4887 una
2531 4846 2662 4885 caro
2692 4830 2760 4896 ⁸⁸,
2802 4827 3049 4900 profecto
3072 4822 3349 4892 separatio
3373 4820 3522 4891 ejus-

2155 5162 2604 5238 ΠειρεῖλθούσηςΣ
2634 5157 2786 5212 Harl.
2827 5156 3220 5238 προελθούσης.

2022 5222 2137 5305 (57')
2158 5222 2573 5305 Me'zaxacéng.‘
2587 5229 2663 5283 Ita
2684 5245 2778 5284 sex
2797 5222 2930 5305 mss.
2953 5226 3096 5305 Editj
3120 5222 3519 5305 μεταϐάλλετω.

2025 5236 2112 5305 (57
2158 5236 2567 5289 Μεταλαϐἐτω.
2587 5236 2663 5283 Ita
2684 5245 2778 5284 sex
2797 5242 2930 5283 mss.
2953 5236 3096 5281 Editi
3120 5236 3519 5296 μεταῠαλλετω.

2025 5236 2137 5377 (58)
2164 5305 2489 5377 Βρίσωτςος.
2516 5298 2651 5377 Reg.
2676 5297 2952 5377 secundus
2975 5306 3027 5353 et
3054 5296 3219 5377 Coisl.
3246 5293 3523 5351 secundus

1950 5364 2280 5448 Bpiac'wvog.
2311 5364 2534 5448 Addunt
2560 5364 2691 5425 editi
2719 5367 3079 5440 χηρεύουσαν,
3118 5364 3353 5433 viduam,
3401 5381 3525 5437 qua:

1946 5443 2051 5502 vox
2075 5445 2229 5499 deest
2258 5443 2314 5496 in
2348 5443 2624 5511 plerisque
2652 5452 2786 5511 m_s_s.

2019 5514 2130 5587 (59)
2161 5504 2366 5587 ρῦτῳξ
2388 5504 2551 5587 ὲοζτζξ
2574 5510 2667 5587 Sic
2694 5508 2938 5587 Harl..et
2964 5505 3101 5587 Med.
3126 5504 3296 5587 Deest
3317 5505 3435 5587 ἐστί

1947 5576 2129 5643 editis.
2157 5576 2353 5638 Statim
2380 5581 2515 5634 editi
2551 5580 2713 5644 αὐτὸς
2742 5577 2971 5650 ἀθρόως.
3004 5577 3133 5650 Mss.
3167 5578 3350 5635 αὐτόν,
3379 5576 3522 5635 sub.

1947 5656 2073 5714 inde
2102 5652 2250 5707 Harl.
2284 5659 2337 5706 et
2363 5647 2950 5723 Meilrdvapmsﬂéwa
2981 5648 3079 5723 οὐχ
3105 5647 3201 5714 ὡς.

2022 5728 2039 5752 ⁹
2061 5725 2209 5785 Alias
2235 5720 2574 5779 CCCXLVII.
