3878 6222
420 305 447 361 1
455 309 552 367 051

1785 339 1843 400 S.
1881 341 2126 402 BASILII
2161 347 2376 407 MAGNI

3541 361 3680 418 {053

411 422 561 478 modi
610 438 719 481 non
775 431 957 490 minus
1008 434 1172 494 habet
1214 439 1466 513 doloris,
1500 463 1664 520 quam
1714 455 1763 510 si
1816 459 1954 515 medi

413 515 586 549 ῃηοιιιί
613 521 860 549 (inuno-:1.
903 538 1029 549 --.η
1080 528 1244 549 Δξ-ιεφ
1274 533 1315 549 ιγ
1393 543 1405 549 -
1565 541 1576 549 .
1710 545 1722 549 -
1786 547 1795 549 -

2059 507 2067 538 ,
2096 464 2211 531 δύο,
2235 467 2374 523 ἀλλά
2400 466 2541 541 σὰρξ
2564 470 2681 542 μία,
2702 472 2947 544 δηλονότι
2970 458 3071 547 σοί
3098 471 3258 549 ἧττόν
3281 477 3437 532 ἐστιν
3456 478 3664 548 ἀλγειῆ

411 515 587 569 nostri
613 521 862 589 corporis
903 538 1032 595 pars
1075 515 1627 598 discinderetur.—Ac
1654 545 1834 602 tristia
1865 551 1991 620 qui-

409 601 533 657 dem
562 606 856 677 ejusmodi,
892 626 946 671 et
977 617 1065 674 his
1093 622 1305 692 majora
1333 644 1347 681 :
1381 630 1474 685 sed
1501 648 1624 702 quae
1646 601 1837 693 eorum

407 709 711 758 evenerunt
744 710 1093 768 consolatio?
1121 711 1366 775 Primum
1399 724 1645 795 quidem,
1682 732 1869 802 vigens
1884 709 1985 790 illa

409 790 479 846 ab
507 793 669 850 initio
709 797 796 854 lex
848 800 942 858 Dei
991 808 1196 874 nostri,
1230 827 1459 872 necesse
1491 821 1716 878 omnino
1744 840 1886 893 esse,
1923 835 1984 882 ut

406 884 662 956 quisquis
694 898 859 948 natus
894 894 1080 963 fuerit,
1113 909 1260 959 stato
1296 914 1541 980 tempore
1576 913 1645 969 de
1670 916 1778 970 vita
1803 884 1980 977 exeat.

407 971 466 1028 Si
489 976 656 1047 igitur
684 981 765 1037 sic
794 998 884 1040 res
912 987 1169 1049 humanae
1198 995 1268 1050 ab
1297 971 1468 1054 Adam
1497 1002 1565 1057 ad
1596 1013 1783 1061 nostra
1806 1024 1982 1080 usque

405 1071 648 1136 tempora
678 1074 991 1132 constitutae
1035 1090 1187 1150 sunt,
1230 1101 1554 1146 communes
1587 1102 1797 1152 natura:
1834 1071 1978 1170 leges

402 1153 589 1210 animo
634 1158 826 1231 iniquo
855 1180 926 1220 ne
962 1167 1228 1237 feramus,
1265 1175 1363 1231 sed
1409 1176 1506 1234 Dei
1554 1196 1682 1252 erga
1718 1200 1820 1241 nos
1861 1153 1977 1244 dis-

400 1250 779 1315 pensationem
806 1259 1239 1328 amplectamur:
1273 1268 1367 1339 qui
1392 1270 1560 1340 jussit
1598 1250 1791 1331 fortem
1826 1279 1974 1334 illam

400 1335 640 1394 animam
672 1358 737 1399 ac
768 1345 1028 1405 invictam
1048 1390 1064 1416 ,
1096 1369 1205 1409 non
1242 1372 1569 1432 consumpto
1612 1368 1819 1425 morbis
1850 1385 1974 1425 cor-

397 1441 532 1498 pore
553 1443 649 1488 aut
678 1444 838 1495 aetate
867 1443 1122 1502 confecto
1147 1449 1388 1521 migrare
1425 1470 1489 1510 ex
1517 1460 1752 1527 saeculo;
1786 1464 1880 1518 sed
1916 1466 1972 1520 in

397 1517 522 1624 ipso
560 1526 741 1583 aetatis
768 1529 903 1587 ﬂore
936 1541 992 1589 et
1037 1536 1094 1591 in
1128 1517 1419 1609 splendore
1450 1562 1630 1603 rerum
1678 1517 1893 1624 egregie
1914 1557 1971 1612 in

395 1607 542 1669 bello
581 1624 863 1686 gestarum
906 1625 1074 1682 vitam
1123 1607 1300 1689 linire.
1344 1607 1970 1703 Quamobremumgleste

396 1701 551 1776 illud,
579 1706 725 1767 ferre
767 1728 879 1769 non
904 1716 1202 1788 debemus,
1249 1701 1395 1795 quod
1434 1744 1464 1783 a
1496 1731 1591 1786 tali
1616 1734 1735 1789 viro
1777 1701 1968 1794 sumus

392 1885 497 1941 viri
552 1893 809 1950 convictu
856 1897 1065 1972 dignati
1117 1885 1449 1977 fuerimus:
1484 1885 1644 1985 cujus
1681 1885 1966 1988 .jacturam

390 1981 567 2034 totum
612 1981 723 2041 fere
774 1986 1063 2058 imperium
1117 1993 1426 2056 Romanum
1473 1981 1773 2075 persensit;
1804 2025 1965 2080 quem

389 2075 446 2123 et
471 2069 773 2142 imperator
799 2078 917 2149 ipse
937 2080 1291 2156 desideravit,
1321 2102 1375 2147 et
1401 2069 1603 2151 milites
1619 2069 1964 2168 planxerunt,

388 2173 446 2222 et
478 2166 582 2222 viri
621 2170 676 2225 in
717 2175 974 2232 maximis
1016 2178 1377 2250 dignitatibus
1421 2166 1706 2242 constituti
1750 2200 1809 2244 ut
1843 2166 1967 2262 ger-

384 2272 612 2315 manum
668 2261 845 2320 lilium
897 2267 1255 2328 deﬂeverunt.
1308 2273 1446 2330 Cum
1490 2277 1655 2349 igitur
1702 2278 1802 2336 tibi
1851 2261 1966 2339 suae

384 2351 560 2422 ipsius
593 2356 813 2413 virtutis
845 2360 1127 2433 reliquerit
1172 2378 1624 2438 monumentum,
1669 2374 1804 2429 satis
1842 2390 1961 2429 ma»

382 2460 550 2514 gnum
573 2449 826 2506 existima
852 2452 1060 2510 habere
1086 2466 1138 2511 te
1160 2459 1240 2513 tui
1267 2459 1476 2518 doloris
1502 2464 1780 2519 solatium.
1805 2464 1965 2522 Dein-

380 2537 450 2595 de
480 2546 537 2594 et
568 2540 702 2598 illud
742 2545 886 2601 scire
916 2555 970 2603 te
1013 2549 1160 2616 volo,
1191 2568 1318 2608 eum
1366 2557 1461 2625 qui
1499 2572 1606 2611 non
1653 2561 1962 2617 succumbit

380 2630 791 2702 amictionibus,
824 2637 920 2694 sed
957 2655 1055 2710 per
1087 2659 1243 2713 spem
1273 2646 1326 2700 in
1362 2645 1530 2702 Deum
1580 2649 1788 2709 doloris
1823 2668 1959 2724 pon-

377 2720 484 2778 dus
515 2724 733 2792 tolerat,
766 2743 1018 2799 magnam
1062 2732 1266 2790 habere
1302 2736 1447 2807 apud
1483 2738 1651 2795 Deum
1683 2720 1958 2811 patientia:

374 2816 705 2874 mercedem.
750 2819 939 2892 Neque
982 2823 1129 2878 enim
1174 2826 1334 2884 nobis
1363 2828 1553 2886 itidem
1586 2843 1645 2888 ut
1675 2835 1954 2903 externis,

374 2903 505 2961 licet
548 2908 866 2965 contristari
913 2911 982 2969 de
1028 2912 1432 2975 dormientibus
1480 2938 1577 2991 per
1622 2934 1953 2996 przeceptum

371 2996 723 3083 Apostolif".
750 3001 940 3073 Sint;et
966 3005 1120 3061 liberi
1139 3009 1214 3062 tui
1233 3016 1493 3080 tanquam
1509 3012 1772 3085 imagines
1795 3016 1949 3081 vivae,

372 3078 680 3144 absentiam
701 3092 845 3147 illius
861 3092 1024 3164 quem
1046 3095 1328 3154 desideras
1346 3078 1742 3162 demulcentes.
1767 3106 1949 3172 Quare

2096 557 2130 628 ἡ
2156 559 2378 632 τοιαύτη
2411 560 2701 629 διάζευξις,
2731 564 2765 635 ἢ
2793 566 2842 619 εί
2873 565 2935 620 τὸ
2963 567 3133 638 ἥμισυ
3164 568 3325 639 ἡμῶν
3367 569 3466 623 τοῦ
3495 568 3669 641 σώμαι

2093 666 2185 714 τος
2216 652 2621 725 ἀπερρήγνυτο.
2647 656 2811 710 Ἀλλὰ
2832 657 2902 712 τὰ
2937 659 3035 729 μὲν
3059 659 3279 731 λυπηρὰ
3306 660 3559 727 τοιαῦτα,
3583 662 3671 715 καὶ

2095 740 2272 811 μείζω
2313 743 2553 799 τούτων·
2593 749 2625 818 ή
2672 746 2730 800 δὲ
2762 748 2855 802 ἐπὶ
2905 752 3023 815 τοῖς
3054 751 3297 822 συμϐᾶσι
3350 752 3667 823 παραμυθία

2089 833 2210 900 τίς;
2242 837 2467 908 Πρῶτον
2495 839 2616 910 μὲν,
2645 841 2678 912 ή
2709 840 2768 905 ἐξ
2799 842 2973 913 ἀρχῆς
2998 845 3375 914 κεκρατηκυία
3403 842 3503 897 τοῦ
3535 843 3667 897 θεοῦ

2089 924 2248 995 ἡμῶν
2280 927 2572 998 νομοθεσία
2597 946 2611 961 ·
2647 930 2709 983 τὸ
2737 931 2936 1003 χρῆναι
2964 934 3185 998 πάντως
3221 934 3316 989 τὸν
3345 935 3431 998 είς
3456 933 3669 1003 γένεσιν

2088 1014 2428 1085 παρελθόντα
2447 1023 2561 1084 τοῖς
2589 1021 2888 1093 καθήκουσι
2919 1025 3133 1096 χρόνοις
3158 1024 3384 1079 ἀπιέναι
3406 1024 3505 1079 τοῦ
3530 1026 3665 1096 βίου.

2086 1105 2148 1158 El
2177 1103 2271 1162 οὖν
2303 1108 2476 1176 οὕτως
2512 1113 2622 1166 ἀπὸ
2682 1114 2854 1187 Ἀδάμ
2902 1117 3097 1189 μέχρις
3133 1118 3293 1191 ἡμῶν
3329 1118 3400 1172 τὰ
3455 1118 3649 1191 ἀνθρώ

2084 1212 2216 1251 πινα
2238 1199 2604 1268 διατέτακται,
2646 1204 2720 1276 μὴ
2756 1207 3155 1279 ἀγανακτῶμεν
3183 1209 3278 1262 ἐπὶ
3314 1212 3433 1273 τοίς
3470 1213 3662 1272 κοινοῖς

2082 1286 2180 1357 τῆς
2222 1288 2438 1357 φύσεως
2485 1292 2671 1363 νόμοις
2706 1294 2852 1367 (60),
2900 1297 3035 1352 ἀλλά
3087 1299 3525 1371 καταδεχιῖψεθα
3566 1301 3662 1372 τὴν

2079 1378 2164 1448 ἐφ’
2190 1380 2325 1451 ἡμῖν
2355 1383 2449 1436 τοῦ
2481 1383 2618 1437 Θεοῦ
2655 1387 2990 1459 οἰκονομίαν,
3021 1388 3080 1454 ὃς
3117 1390 3410 1445 ἐκέλευσεν
3448 1393 3659 1462 ἐκείνην

2078 1469 2176 1542 τὴν
2213 1474 2465 1541 γενναίαν
2502 1476 2680 1549 ψυχὴν
2714 1479 2810 1533 καὶ
2839 1481 3139 1552 ἀήττητον,
3183 1482 3259 1554 μὴ
3300 1483 3447 1554 νόσῳ
3489 1484 3659 1538 51m-

2077 1559 2331 1631 νηθέντος
2356 1563 2450 1617 τοῦ
2497 1566 2771 1637 σώματος,
2817 1569 2956 1642 μηδὲ
2989 1571 3168 1642 χρόνῳ
3207 1571 3657 1644 καταμαρανθέν-

2076 1667 2187 1716 τος,
2219 1653 2569 1728 ἀναχωρῆσαι
2605 1656 2698 1711 τοῦ
2731 1658 2869 1729 βίου,
2891 1661 3010 1714 ἀλλ’
3042 1663 3100 1715 ὲν
3133 1664 3287 1733 ἀκμῇ
3306 1663 3414 1734 τῆς
3445 1665 3655 1734 ἡλικίας

2076 1742 2170 1795 καὶ
2198 1743 2257 1797 ὲν
2299 1745 2364 1816 τῇ
2399 1744 2745 1821 λαμπρότητι
2775 1749 2883 1803 τῶν
2915 1750 3059 1804 κατὰ
3108 1751 3351 1823 πόλεμον
3377 1752 3654 1824 κατορθω·

394 1801 673 1897 separati;
712 1806 808 1861 sed
860 1807 1095 1869 Domino
1131 1820 1346 1887 gratias
1387 1838 1637 1895 agamus,
1667 1831 1811 1900 quod
1846 1833 1954 1888 tali:

2075 1834 2259 1904 μάτων
2288 1801 2397 1907 (ϐιί)
2426 1801 2524 1908 τῆν
2554 1801 3057 1912 ξωὴνκαταλίὶήσαι.
3081 1801 3375 1913 Ὅστετοὺχ
3403 1843 3489 1896 ὅτι
3516 1801 3649 1917 ἒχω-

2074 1924 2336 1998 ρίσθημεν
2370 1929 2562 2001 ἀνδρὸς
2605 1932 2881 1997 τοιούτου,
2918 1934 3293 2005 δυσχεραίνειν
3326 1933 3648 2006 ὀφείλομεν·

2068 2016 2182 2070 ἀλλ’
2220 2019 2302 2071 ὃτι
2346 2022 2445 2091 τῆς
2493 2022 2629 2094 πρὸς
2666 2023 2758 2076 τὸν
2796 2023 3038 2078 τοιοῦτον
3076 2024 3245 2097 ἄνδρα
3289 2025 3648 2096 συνοικήσεως

2066 2111 2507 2186 κατηξιώθημεν,
2534 2116 3023 2189 εὐχαριστήσωμεν
3051 2116 3132 2188 τῷ
3166 2118 3383 2189 Κυρίῳ,
3417 2111 3480 2171 οὗ
3501 2117 3648 2170 πᾶσα

2067 2203 2307 2276 σχεδὺνὴ
2342 2204 2624 2278 Ῥωμαῖκὴ
2657 2208 2801 2280 ἀρχὴ
2824 2209 2924 2279 τῆς
2954 2207 3159 2280 ζημίας
3197 2209 3481 2281 ὲπῄσθητο
3503 2208 3645 2281 (62)'

2062 2293 2121 2347 ὃν
2170 2296 2265 2349 καὶ
2320 2297 2349 2349 ό
2401 2296 2656 2368 βασιλεὺς
2712 2300 3100 2366 ἀνεκαλέσατο,
3156 2301 3254 2355 καὶ
3318 2301 3645 2374 στρατιῶται

2061 2385 2358 2459 ὠδύραντο,
2394 2390 2489 2443 καὶ
2520 2392 2570 2443 οἱ
2611 2391 2842 2444 ἐπὶτῶν
2875 2393 3150 2462 μεγίστων
3196 2392 3534 2463 ἀξιωμάτων
3572 2393 3644 2456 ὡς

2060 2479 2283 2550 γνήσιον
2319 2481 2432 2534 υἱὸν
2472 2482 2906 2555 κατεπένθησαν.
2949 2483 3103 2538 Ἐπεὶ
3133 2481 3229 2539 οὖν
3264 2485 3533 2539 κατέλιπέ
3566 2502 3644 2541 σοι

2057 2567 2156 2639 τὴν
2190 2571 2411 2642 μνήμην
2435 2571 2535 2643 τῆς
2560 2574 2765 2638 οἰκείας
2795 2574 2958 2627 αὐτοῦ
2978 2574 3089 2645 (63)
3119 2574 3342 2646 ἀρετῆς,
3369 2573 3641 2646 ἀρκοῦσαν

2058 2657 2244 2729 νόμιζε
2291 2659 2437 2729 ἔχειν
2476 2662 2835 2734 παραμυθίαν
2866 2664 2960 2719 τοῦ
2990 2664 3219 2728 πάθους.
3259 2665 3498 2717 Ἔπειτα
3549 2664 3638 2717 καὶ

2056 2749 2233 2803 ἐκεῖνο
2261 2751 2461 2805 εἰδέναι
2496 2769 2554 2805 σε
2596 2752 2877 2825 βούλομαι,
2911 2755 2995 2807 ὅτι
3020 2756 3048 2808 ό
3082 2755 3157 2828 μὴ
3203 2754 3496 2808 ὑποπεσὼν
3522 2757 3635 2817 ταῖς

2056 2839 2319 2912 θλίψεσιν,
2344 2842 2482 2898 ἀλλά
2518 2844 2608 2899 διὰ
2638 2847 2736 2918 τῆς
2763 2847 3054 2920 πρὸςθεδν
3081 2848 3297 2914 ἐλπίδος
3323 2848 3430 2919 τῆς
3463 2847 3635 2918 λύπης

2052 2929 2114 2983 τὸ
2147 2931 2313 3004 βάρος
2349 2934 2692 3004 ἀπενεγκὼν,
2734 2938 2976 3010 μεγάλην
3027 2939 3139 3011 ἔχει
3190 2940 3344 3011 παρὰ
3396 2939 3477 3010 τῷ
3520 2938 3634 3007 Θεῷ

2051 3025 2150 3096 τῆς
2171 3027 2450 3098 ὑπομονῆς
2474 3028 2573 3100 τὴν
2594 3029 3032 3086 ἀντίδοσιν.οίιδὲ
3051 3033 3160 3106 γὰρ
3183 3032 3270 3086 ἶσα
3294 3035 3411 3097 τοῖς
3439 3031 3633 3097 ἔξωθεν

2052 3115 2336 3187 ἐπετράπη
2345 3135 2444 3189 μεν
2466 3118 2753 3176 λυπεῖσθαι
2782 3123 2874 3175 ἐπὶ
2895 3126 3008 3186 τοῖς
3033 3125 3460 3195 κεκοιμημένοις
3482 3125 3627 3197 παρὰ

368 3175 778 3234 educandorum
816 3182 1111 3239 liberorum
1141 3202 1275 3243 cura
1308 3190 1549 3246 animum
1584 3203 1734 3250 tuum
1759 3213 1788 3251 a
1814 3212 1948 3253 mm-

2059 3205 2150 3276 τῆς
2190 3175 2525 3280 ’νομόθεσίας
2573 3211 2668 3265 τοῦ
2705 3175 3071 3268 ῖἈποστόλου.
3103 3175 3391 3269 Ἔστωσαν
3440 3216 3536 3268 καὶ
3566 3175 3626 3268 ὀί

370 3279 497 3320 rore
545 3277 777 3333 avocet;
817 3279 873 3326 et
920 3273 1157 3330 sollicita
1204 3280 1479 3347 quomodo
1526 3284 1801 3355 reliquum
1846 3289 1945 3343 tibi

367 3358 587 3422 tempus
613 3354 694 3409 sic
718 3359 1012 3430 transigas,
1049 3370 1107 3416 ut
1139 3363 1355 3433 placeas
1384 3367 1516 3434 Deo,
1546 3354 1763 3445 egregia
1787 3392 1947 3433 occu-

367 3441 592 3509 patione
622 3445 983 3516 cogitationes
1015 3456 1139 3507 tuas
1162 3452 1415 3512 delinies.
1456 3441 1600 3514 Nam,
1623 3441 1946 3533 praeparatio

365 3533 437 3587 ad
486 3548 711 3592 causam
764 3553 951 3595 coram
1005 3541 1240 3601 Domino
1290 3558 1485 3605 n0stro
1534 3550 1663 3608 Jesu
1723 3555 1945 3614 Christo

363 3625 679 3694 dicendam,
712 3645 775 3686 ac
799 3633 1039 3689 studium
1067 3638 1320 3695 veniendi
1346 3641 1401 3695 in
1435 3659 1727 3700 numerum
1752 3664 1944 3706 eorum

361 3717 457 3787 qui
492 3718 647 3774 illum
692 3720 949 3794 diligunt,
986 3726 1183 3783 idonea
1209 3740 1490 3801 suntquae
1521 3739 1748 3793 maerori
1790 3749 1945 3799 tene-

360 3811 490 3866 bras
534 3809 859 3881 oiiundant,
903 3823 961 3871 ut
1018 3818 1088 3874 ab
1135 3835 1200 3876 eo
1250 3822 1477 3878 minime
1527 3826 1938 3890 absorbeamur.

361 3896 655 3972 Largiatnr'
678 3913 859 3959 autem
892 3904 1156 3967 Dominus
1195 3915 1350 3969 cordi
1377 3922 1474 3972 tuo
1502 3922 1935 3983 consolationem

357 4007 424 4048 ex
448 3992 594 4051 bono
628 4011 730 4053 suo
767 3997 1010 4070 Spiritu;
1049 4013 1110 4059 ut
1138 4012 1194 4060 et
1220 4022 1343 4072 nos,
1384 4011 1572 4068 audito
1599 4030 1781 4071 rerum
1816 4026 1938 4076 tua-

357 4099 480 4138 rum
525 4092 706 4155 statu,
744 4105 1082 4160 recreemur,
1116 4105 1172 4152 et
1211 4100 1471 4159 omnibus
1502 4104 1610 4159 tuis
1635 4109 1938 4178 aequalibus

356 4179 667 4249 exemplum
698 4183 777 4239 sis
821 4185 1146 4255 praeclarum
1177 4188 1304 4246 vitae
1344 4195 1646 4252 secundum
1680 4200 1935 4260 virtutem

354 4269 637 4327 institutae.

2044 3294 2233 3359 παῖδές
2268 3313 2361 3350 σου
2386 3298 2579 3372 ὥσπερ
2607 3301 2816 3367 εἰκόνες
2839 3304 3093 3375 ἐμψυχοι,
3115 3305 3214 3376 τὴν
3239 3305 3512 3359 ἀπουσίαν
3537 3304 3624 3357 τοί

2043 3386 2382 3457 ποθουμένου
2427 3392 2934 3465 παραμυθούμενοι.
2967 3396 3131 3449 Ὥστε
3164 3400 3198 3468 ἡ
3245 3397 3378 3469 περὶ
3402 3395 3503 3468 τὴν
3538 3413 3623 3449 τεο

2043 3481 2375 3552 κνοτροφίαν
2399 3483 2626 3555 ἀσχολία
2650 3487 2912 3556 ἀπαγέτω
2939 3505 3033 3541 σου
3062 3489 3161 3560 τὴν
3184 3488 3361 3560 ψυχὴν
3387 3488 3498 3541 ἀπὸ
3518 3488 3623 3541 τῶν

2041 3570 2331 3644 λυπηρῶν·
2379 3579 2476 3630 καὶ
2508 3578 2834 3650 μεριμνῶσα
2864 3580 2921 3633 δὲ
2963 3581 3090 3654 περ)⁵
3137 3580 3230 3634 τοῦ
3272 3581 3392 3643 πῶς
3435 3582 3621 3653 εὐαρέ-

2042 3678 2183 3726 στως
2211 3663 2289 3735 τῷ
2326 3665 2518 3739 Κυρίῳ
2572 3669 2664 3722 τὸν
2709 3669 3026 3742 λειπόμενον
3076 3671 3280 3741 ἑαυτῆς
3320 3673 3512 3742 χρόνον
3542 3673 3619 3726 δι-

2038 3755 2273 3830 ενέγκῃς
2295 3799 2308 3822 ,
2334 3758 2504 3832 καλὴν
2532 3760 2789 3831 ἀσχολίαν
2832 3763 3140 3834 ἐπινοήσεις
3175 3763 3288 3833 (64)
3328 3766 3442 3827 τοῖς
3482 3763 3620 3833 λογι-

2040 3850 2213 3916 σμοῖς.
2252 3849 2317 3902 Ἢ
2345 3850 2455 3922 γὰρ
2492 3852 2782 3922 ἐτοιμασία
2813 3854 2913 3925 τῆς
2944 3854 3036 3907 ἐπὶ
3078 3853 3173 3907 τοῦ
3221 3855 3432 3926 Κυρίου
3466 3854 3621 3926 ἡμῶν

2051 3938 2228 4010 Ἰησοῦ
2260 3941 2499 4013 Χριστοῦ
2540 3945 2859 4016 ἀπολογίας,
2888 3946 2983 4000 καὶ
3011 3948 3044 4018 ή
3092 3946 3298 4018 σπουδὴ
3340 3946 3438 4000 τοῦ
3465 3949 3618 4019 εὑρε-

2038 4027 2197 4099 θῆναι
2228 4032 2375 4103 ἡμᾶς
2403 4033 2752 4107 ὲναριθμίους
2780 4040 2892 4102 τοῖς
2920 4037 3209 4106 ἀγαπῶσιν
3237 4037 3425 4102 αὑτὸν,
3462 4038 3614 4110 ἱκανή

2034 4120 2183 4177 ἐστιν
2232 4126 2590 4198 ἐπισκοτῆσαι
2634 4131 2702 4201 τῇ
2733 4129 2909 4201 λύπῃ,
2945 4129 3086 4184 ὥστε
3131 4131 3207 4202 μὴ
3237 4130 3613 4214 καταποθῆῖθω

2033 4215 2182 4284 ἡμᾶς
2211 4217 2303 4270 ὑπ’
2325 4219 2513 4291 αὐτῆς.
2530 4222 2810 4294 Παράσχοι
2835 4223 2892 4276 δὲ
2918 4226 2948 4277 ὀ
2981 4223 3179 4296 Κύριος
3197 4224 3309 4295 (65)
3328 4227 3395 4296 τῇ

2034 4320 2129 4358 σου
2161 4305 2262 4377 τὴν
2306 4308 2371 4362 ὲκ
2420 4309 2514 4363 τοῦ
2551 4311 2866 4383 Πνεύματος
2909 4312 3075 4367 αὐτοῦ
3118 4312 3470 4386 παράκλησιν
3520 4311 3613 4366 τοῦ

350 4366 702 4435 ἀγαθοῢνοῖνα
757 4372 852 4425 καὶ
889 4373 1051 4444 ἡμεῖς
1090 4375 1424 4446 ἀκούσαντες
1458 4382 1527 4438 τὰ
1570 4388 1699 4459 περὶ
1730 4389 1825 4444 σοῦ
1875 4395 2179 4472 ἀνεθῶμεν,
2215 4366 2319 4457 καῖ
2358 4405 2561 4472 πάσαις
2615 4366 2735 4472 cui;
2776 4366 2897 4463 καθ’
2925 4405 3138 4483 ἠλικίαν
3187 4366 3272 4465 σοι
3332 4366 3615 4482 ὁμοτίμοις

350 4458 652 4483 .ο.-ι›------μ
680 4457 745 4483 ι-
786 4462 977 4483 tu-..“
1074 4467 1100 4477 η
1241 4469 1256 4483 .
1297 4471 1309 4483 .
1427 4474 1437 4483 .
1518 4475 1568 4483 -.

349 4458 654 4532 ὑπόδειγμα
678 4457 745 4536 ᾖς
778 4462 980 4531 ἀγαθὸν
1008 4467 1101 4520 τοῦ
1135 4469 1256 4522 κατ’
1284 4471 1486 4546 ἀρετὴν
1516 4457 1653 4548 βίουέ

713 4556 881 4631 440
910 4558 1247 4618 EPISTOLA
1283 4566 1486 4622 eccm
1511 4571 1549 4625 ·.

2558 4587 2908 4643 ΕΠΙΣΤΟΛΗ
2940 4589 3060 4643 TI".

995 4678 1147 4742 Rogat
1166 4685 1217 4728 ut
1240 4678 1466 4745 imposita
1483 4683 1542 4734 ob
1562 4684 1715 4749 falsas
1739 4688 2099 4749 criminationes
2120 4709 2359 4763 equarum
2380 4698 2630 4764 praestatio
2671 4699 2961 4752 dimittatur.

833 4785 1035 4843 Comiti
1077 4793 1429 4859 privatarum.

411 4873 565 4931 Illius
597 4870 701 4931 loci
750 4878 946 4936 incola:
982 4897 1050 4937 ex
1082 4882 1244 4949 falsa,
1277 4887 1494 4957 opinor,
1526 4894 1802 4951 calumnia
1839 4899 1919 4954 di-

342 4968 536 5038 gnitati
569 4977 678 5025 tuae
706 4984 1128 5042 persuaserunt,
1154 4984 1213 5031 ut
1234 4977 1360 5036 istis
1394 4994 1661 5052 equarum
1691 4999 1924 5057 prasta-

414 5085 487 5118 δ’·
518 5084 760 5144 IThcss.
788 5105 864 5155 tv,
891 5091 979 5148 I2.

416 5198 434 5220 ⁸
460 5196 612 5254 Alias
640 5199 1006 5260 CCCCXXIII.
1124 5232 1129 5238 -

416 5265 533 5357 (ϐυ).
570 5269 685 5351 Tﬁc
710 5273 949 5357 gpﬁnqswc
986 5276 1210 5346 νόμοις.
1243 5277 1394 5335 Harl.
1423 5288 1477 5337 et
1510 5281 1647 5338 Med.
1682 5285 1782 5357 τῆς
1813 5287 1914 5357 φύ-

342 5352 489 5414 asc)“;
503 5341 544 5414 Δἡ
553 5339 667 5414 μῷν
698 5339 1037 5414 παθήμασιν.

386 5407 1062 5529 ὁὲϐΙγΚατορθωλιάτων.
1096 5416 1248 5474 Harl.
1288 5427 1344 5476 et
1389 5419 1531 5478 Med.
1574 5424 1919 5501 ἀνδραγαθη-

421 5494 548 5529 των.

421 5494 548 5531 των.

344 5492 903 5639 ῗοίὲιέἶ.’ὶ⁴ἷπῖξᾳθητςο.
928 5553 1380 5639 Iieg._secundus,
1404 5561 1645 5639 Claram.
1662 5574 1715 5621 et
1739 5567 1914 5639 Bigot.

341 5617 628 5695 tinﬁcliero.
660 5617 978 5695 ‘Mox'deest
1002 5617 1270 5686 articulus
1301 5617 1379 5687 in,
1398 5617 1686 5692 nonnullis
1699 5617 1916 5695 'cod‘ici-

341 5686 467 5761 bus,
498 5692 813 5761 conjunctio
838 5695 892 5749 in
920 5696 1044 5753 aliis
1077 5686 1378 5759 nonnullis.

414 5759 526 5832 (63)
582 5759 813 5832 Οικείας
860 5765 1068 5824 αὐτοῦ.
1132 5769 1312 5830 Codex
1365 5774 1658 5836 Medicarus
1705 5780 1911 5845 οἰκείας

2529 4815 2754 4883 Κόμητι
2779 4814 3094 4883 πριϐατῶν.

2093 4904 2156 4958 Ol
2199 4903 2293 4959 τοῦ
2334 4905 2535 4978 χωρίου
2576 4906 2732 4960 τοῦδε
2762 4910 2826 4961 ἐκ
2862 4908 3136 4980 διαῦολῆς,
3166 4905 3344 4982 οἶμαι,
3379 4910 3607 4982 ψευδοῦς

2020 4993 2242 5051 ἔπεισαν
2292 4999 2394 5070 τὴν
2441 4999 2734 5072 τιμιότητά
2789 5017 2883 5053 σου
2938 5001 3184 5079 φοράδων
3221 5002 3467 5075 τέλεσμα
3495 5004 3601 5077 (66)

2022 5218 2237 5275 ἑαυτοῦ.

2116 5289 2205 5385 ἐξ)
2240 5291 2638 5385 ῖιέῑξιιῖοήσειε
2666 5289 3124 5385 “starecum”?-
3153 5295 3461 5385 “-"‘°"l““'
3545 5370 3558 5385 -

2116 5289 2205 5356 64)
2240 5291 2638 5357 Ἐπινοήσεις.
2666 5289 2798 5363 Reg.
2830 5293 3124 5350 secundus.
3153 5295 3461 5367 ἐπιθήσεις.

2092 5288 2203 5431 ίϐὅ)
2241 5360 2305 5413 '0
2325 5362 2563 5428 Κύριος.
2595 5361 2957 5420 Restituimus
2983 5379 3049 5419 ex
3084 5379 3182 5421 sex
3213 5382 3351 5423 mss.
3382 5386 3512 5424 cum
3545 5370 3598 5425 in

2016 5427 2192 5485 editis
2222 5427 2455 5486 deesset.

2091 5500 2203 5580 (6(3)
2230 5500 2518 5580 diopme
2545 5504 2825 5580 τέλεα-μα.
2853 5500 3024 5580 Recte
3041 5503 3344 5580 scultetum
3363 5511 3599 5580 castigat

2016 5571 2379 5644 Combeiisius
2407 5572 2583 5644 _quod
2633 5571 2825 5644 raptim
2881 5575 3100 5644 vectigal
3147 5576 3476 5632 reddiderit.
3511 5571 3598 5634 "At

2015 5642 2160 5696 idem
2208 5640 2482 5716 immerito
2532 5640 2703 5716 putat
2740 5640 3129 5716 ob__equarum
3179 5649 3594 5716 possessionem

2016 5712 2287 5798 tributum
2328 5712 2548 5794 aliquod
2592 5712 2863 5798 ejusmodi
2909 5712 3226 5798 hominibus
3272 5718 3592 5798 impositum

2014 5781 2206 5841 fuisse.
2244 5780 2603 5854 Perspicuum
2621 5780 2725 5842 ἐει
2750 5798 2919 5855 equas
2954 5786 3100 5856 ipsas
3138 5786 3227 5856 iis,
3265 5780 3472 5857 quibus
3496 5808 3591 5861 pa.
