3878 6222
297 360 325 417 Ι
336 360 443 418 05⁸5

1151 353 1643 413 EPISTOLARUM
1679 351 1969 412 CLASSiS
2004 351 2096 407 llI.
2137 348 2359 407 EPIST.
2400 344 2627 404 CCCVI.

3418 337 3558 395 1054

293 470 473 523 τοῖσδε
499 468 820 539 ἐπαγαγεῖν.
851 462 1006 520 Ἐπεὶ
1035 460 1128 522 οὖν
1152 468 1246 523 καὶ
1271 469 1334 522 τὸ
1366 468 1648 540 γινόμενον
1673 468 1878 531 ἄδικον,
1908 522 1915 535 ε

1991 464 2193 520 tionem
2239 460 2537 517 indicares.
2572 456 2711 514 Cum
2757 452 2925 525 igitur
2954 450 3007 508 id
3037 452 3184 523 quod
3210 448 3409 505 factum
3448 458 3556 514 est,

292 563 392 615 καὶ
418 557 508 615 διὰ
533 558 691 614 τοῦτο
725 558 1062 631 ἀπαρέσκειν
1099 560 1310 630 ὀφεῖλον
1335 564 1403 633 τῇ
1446 561 1721 634 τιμιότητί
1759 578 1875 627 σου,

294 653 392 706 καὶ
436 652 569 722 ἡμῖν
593 650 836 721 λυπηρὸν
879 649 970 704 διὰ
1016 650 1115 723 τὴν
1165 651 1302 724 πρὸς
1343 653 1469 715 τοὺς
1515 651 1878 723 ἠδικημένους

294 745 429 813 ἡμῖν
453 741 803 812 ὑπάρχουσαν
843 741 1183 814 οἰκειότητα·
1240 742 1586 814 ὲσπεύσαμεν
1627 757 1879 814 παρακα-

292 832 450 887 λέσαι
474 834 575 905 τὴν
623 834 968 906 χρηστότητά
1001 851 1096 888 σου
1144 834 1219 906 μὴ
1248 836 1406 889 ἐᾶσαι
1458 834 1725 908 προϐῆναι
1765 837 1879 898 τοῖς

294 923 498 978 ἀδικεῖν
524 923 859 995 ἐπιχειροῦσι
891 924 990 995 τὴν
1019 924 1302 996 ἐπήρειαν.

823 1146 1172 1202 ΕΠΙΣΤΟΛΗ
1222 1148 1319 1200 TA'

1983 555 2252 625 injustam
2281 553 2379 615 sit,
2412 557 2467 607 et
2497 547 2706 604 idcirco
2737 543 3039 614 displicere
3074 541 3284 597 debeas
3309 539 3557 610 dignitati

1985 654 2113 711 tuas,
2160 652 2218 701 et
2276 644 2414 699 mihi
2463 632 2757 697 mol'estum
2815 643 3040 707 propter
3068 632 3558 690 necessitudinem

1985 738 2276 795 mihicum
2319 736 2389 791 iis
2420 734 2515 806 qui
2538 733 2655 787 laesi
2696 737 2828 787 sunt
2869 725 3341 792 intercedentem;
3367 738 3558 795 rogare

1982 829 2242 886 festinavi
2277 826 2671 897 benignitatem
2703 830 2879 886 tuam,
2918 827 2980 875 ut
3009 834 3080 874 ne
3112 816 3429 873 hominibus
3457 829 3559 869 no-

1982 937 2111 979 cere
2162 918 2477 975 volentibus
2522 914 2783 986 injuriam
2834 927 2906 968 ex
2947 908 3223 967 sententia
3261 907 3560 979 procedere

1984 1012 2240 1086 patiaris.

2446 1133 2782 1195 EPISTOLA
2828 1131 3029 1193 CCCIV
3050 1135 3113 1189 “.

1276 1260 1585 1313 Commendat
1601 1258 1812 1325 aliquem
1832 1256 1894 1309 de
1918 1268 2015 1324 quo
2035 1259 2175 1306 antea
2195 1251 2354 1320 fuerat
2376 1253 2576 1303 locutus.

923 1370 981 1423 Ἀ
990 1369 1262 1440 ὄουρτίῳ.

367 1475 533 1545 οὗτός
562 1483 710 1535 ἐστιν
755 1480 895 1553 ὑπὲρ
941 1476 1003 1537 οὗ
1052 1482 1146 1536 καὶ
1195 1483 1459 1555 πρότερον
1490 1481 1767 1554 διελέχθην
1794 1499 1878 1536 σοι

291 1573 503 1628 διὰ.τοῦ
523 1574 790 1629 διακόνου.
837 1572 1054 1646 Ἐπειδὴ
1091 1570 1184 1628 οὖν
1211 1574 1347 1644 ἔχων
1390 1569 1494 1647 ἧκε
1526 1574 1629 1643 τὴν
1657 1576 1877 1628 ἐπιστο-

291 1660 394 1733 λὴν
431 1663 563 1735 παρ’
591 1660 771 1734 ἡμῶν,
814 1661 1038 1715 ἀπέλθοι
1064 1661 1203 1733 ἔχων
1232 1662 1268 1716 ἀ
1294 1661 1538 1733 βούλεται
1576 1662 1729 1735 παρὰ
1759 1660 1875 1716 σοῦ.

820 1769 1167 1826 ΕΠΙΣΤΟΛΗ
1217 1770 1340 1825 TE'.

2644 1357 2900 1429 Aburgio.

2054 1473 2156 1530 Hic
2194 1481 2284 1531 est
2306 1472 2419 1540 ille,
2449 1471 2519 1527 de
2545 1486 2658 1542 quo
2692 1470 2828 1526 mihi
2863 1464 3043 1525 tecum
3070 1473 3238 1525 etiam
3273 1471 3433 1522 antea
3462 1480 3561 1537 per

1983 1567 2281 1622 diaconum
2314 1579 2496 1621 sermo
2524 1564 2649 1618 fuit.
2678 1562 2815 1619 Cum
2854 1576 2988 1632 ergo
3029 1575 3061 1615 a
3102 1575 3191 1617 me
3218 1560 3317 1616 tibi
3347 1558 3561 1615 litteras

1984 1657 2220 1724 delerat,
2253 1672 2285 1711 a
2313 1664 2368 1712 te
2404 1656 2492 1712 his
2524 1669 2648 1727 quae
2676 1653 2829 1724 cupit
2855 1651 3163 1722 impetratis
3185 1648 3433 1707 discedat

2459 1762 2801 1820 EPISTULA
2835 1760 3081 1818 ερον.

1179 1881 1493 1935 Commendat
1509 1880 1682 1933 amicis
1702 1878 1804 1933 suis
1824 1876 2066 1931 hominem
2088 1875 2202 1927 bene
2224 1874 2289 1927 de
2308 1872 2412 1926 illis
2430 1871 2676 1925 meritum.

458 1993 908 2064 ’Arsrtlmagaoq,
937 1991 1037 2045 ἐπὶ
1069 1990 1373 2062 ἐναρέτοις
1409 1990 1723 2061 ἀνδράσιν.

367 2168 506 2240 Ἤδη
538 2166 812 2239 γνώριμος
844 2167 973 2238 ὑμῖν
1021 2169 1168 2222 ἐστιν
1214 2165 1243 2220 ὃ
1283 2168 1449 2231 δεῖνα,
1483 2167 1560 2232 ὠς
1598 2167 1737 2221 αὐτὰ
1780 2166 1877 2239 δη-

291 2260 469 2315 λοῖτά
496 2260 809 2331 διηγήματα
840 2257 935 2312 τοῦ
964 2259 1157 2330 ἀνδρός
1176 2298 1189 2313 .
1230 2260 1353 2313 Ἐπὶ
1386 2260 1566 2330 πάσης
1596 2261 1705 2332 γὰρ
1733 2261 1878 2331 ὑμᾶς

292 2354 619 2427 προφάσεως
647 2351 759 2421 ἕχει
788 2352 822 2422 ἡ
853 2350 1072 2420 γλῶσσα
1098 2349 1283 2417 αὐτοῦ,
1331 2353 1389 2404 ὲν
1422 2350 1716 2423 όρθοδόξων
1744 2352 1879 2424 μνή-

294 2460 394 2519 μῃ,
425 2447 482 2498 ὲν
510 2442 764 2513 ἀσκητῶν
799 2442 1090 2513 φιλοξενίᾳ,
1133 2444 1191 2494 ὲν
1234 2441 1384 2516 πάσῃ
1427 2443 1595 2514 ἀρετῇ
1628 2441 1877 2514 πρώτους

291 2538 439 2607 ὑμᾶς
483 2538 511 2591 ὁ
563 2535 702 2607 ἀνὴρ
749 2535 892 2603 ἄγει.
944 2533 1063 2587 Κᾶν
1116 2534 1450 2589 διδασκάλων
1501 2552 1585 2600 τις
1639 2534 1874 2606 μνησθῇ,

289 2630 393 2682 οὐκ
444 2628 697 2700 ἀνέχεται
744 2625 1026 2698 προθεῖναι
1061 2625 1213 2698 ὑμῶν
1255 2627 1505 2699 ἑτέρως’
1546 2628 1640 2681 ἐὰν
1674 2629 1876 2696 ἀγωνι-

293 2721 427 2785 στὰς
450 2723 549 2794 τῆς
576 2720 878 2784 εὐσεϐείας,
910 2721 1005 2774 καὶ
1051 2722 1268 2784 ἱκανοὺς
1305 2721 1365 2774 τὸ
1406 2721 1633 2776 πιθανὸν
1665 2721 1764 2793 τῆς
1789 2723 1875 2775 αἱ-

292 2811 497 2884 ρέσεως
547 2810 836 2878 διελέγξαι,
887 2811 989 2864 οὐκ
1017 2809 1083 2865 ἂν
1130 2811 1302 2865 ἕλοιτο
1349 2811 1534 2883 ἕτερον
1578 2811 1685 2880 πρὸ
1722 2810 1876 2882 ὑμῶν

290 2901 613 2976 ἀριθμῆσαι,
636 2901 771 2974 πρὸς
802 2901 981 2955 πάντα
1010 2901 1142 2974 (δηι
1161 2905 1372 2975 ἄμαχον
1398 2905 1526 2972 ὑμῖν
1559 2905 1654 2957 καὶ
1680 2904 1875 2958 ἀναντο

289 2993 589 3063 αγώνιστον
636 2993 735 3064 τὴν
787 2992 990 3064 ἀρετὴν
1054 2991 1369 3066 μαρτυρῶν.
1434 2993 1545 3047 Καὶ
1596 2993 1657 3045 οὐ
1708 2992 1875 3058 πολὺς

288 3085 442 3157 αὐτῷ
486 3085 647 3149 πόνος
699 3086 905 3148 πεῖσαι,
959 3082 1131 3137 ταῦτα
1182 3084 1414 3153 λέγοντι.
1460 3087 1735 3157 Διηγεῖται
1766 3085 1875 3158 γὰρ

290 3179 482 3239 ἀκοαῖς
517 3174 741 3246 μείζονα
769 3175 1148 3246 ἐπισταμένων
1180 3173 1502 3247 ἀνθρώπων,
1532 3175 1565 3247 ἢ
1595 3168 1670 3229 ὧν
1698 3176 1763 3230 ἄν
1790 3192 1874 3240 τις

290 3267 570 3340 νομισθείη
599 3267 718 3339 μεθ’
745 3254 1051 3341 ὑπερϐολῆς
1075 3267 1463 3337 ἀπαγγέλλειν.
1501 3260 1670 3332 Οὗτος
1694 3267 1874 3321 τοίνυν

1901 1995 1951 2056 Β
1981 1983 2109 2040 Sine
2150 1985 2520 2053 inscriptione,
2573 1998 2750 2056 causa
2784 1981 3019 2035 virorum
3068 1977 3420 2050 quarumdam
3454 1979 3562 2034 cir-

2547 2061 2658 2107 tute
2699 2052 2993 2106 clarorum.

2051 2168 2170 2225 Jam
2213 2177 2379 2224 notus
2429 2167 2586 2223 vobis
2631 2166 2726 2221 ille
2765 2171 2871 2231 est,
2926 2172 2986 2218 ut
3035 2162 3209 2234 ipsius
3261 2161 3562 2219 ostendunt

1977 2260 2348 2316 narrationes.
2401 2257 2539 2313 Nam
2589 2257 2661 2312 ad
2706 2271 2924 2312 omnem
2973 2271 3071 2311 vos
3112 2254 3459 2310 occasionem
3502 2251 3560 2307 in

1978 2368 2075 2409 ore
2105 2353 2270 2408 habet
2299 2371 2313 2407 :
2341 2352 2397 2406 in
2427 2351 2863 2406 orthodoxorum
2894 2347 3300 2410 recordatione,
3325 2345 3381 2400 in
3404 2359 3563 2401 asce-

1979 2444 2052 2499 tis
2081 2444 2328 2514 hospitio
2360 2443 2701 2515 excipiendis
2732 2430 2796 2497 ac
2826 2442 2881 2496 in
2923 2440 3075 2495 omni
3116 2440 3322 2494 virtute
3351 2438 3561 2508 primas

1977 2538 2138 2594 vobis
2165 2536 2361 2592 defert.
2398 2536 2457 2590 Si
2490 2536 2616 2607 quis
2637 2534 2705 2590 de
2733 2532 3057 2590 doctoribus
3102 2534 3439 2587 mentionem
3468 2530 3557 2585 in-

1972 2630 2150 2701 jiciat,
2181 2647 2292 2685 non
2319 2631 2526 2699 patitur
2560 2628 2700 2683 alios
2731 2626 2888 2682 vobis
2918 2623 3178 2695 anteponi
3219 2641 3234 2679 :
3267 2624 3315 2679 si
3351 2624 3419 2679 de
3440 2623 3559 2695 pie-

1975 2724 2110 2778 tatis
2142 2721 2648 2794 propugnatoribus
2671 2729 2727 2775 et
2756 2719 2825 2774 ad
2857 2716 3223 2774 coniutandas
3266 2715 3558 2771 haeretico-

1976 2830 2100 2869 rum
2129 2814 2508 2868 cavillationes
2540 2812 2775 2876 idoneis,
2805 2811 2970 2889 alium
2999 2816 3126 2864 ante
3148 2824 3246 2864 vos
3268 2823 3561 2864 numerare

1977 2907 2137 2969 nolit,
2185 2904 2568 2961 testimonium
2608 2904 2768 2960 vobis
2824 2903 3072 2959 tribuens
3105 2901 3348 2969 virtutis,
3391 2916 3559 2970 quam

1977 3014 2140 3055 nemo
2175 2999 2397 3053 vincere
2421 3007 2477 3054 et
2504 3010 2822 3070 expugnare
2852 2995 3043 3067 possit.
3069 2992 3181 3050 Nec
3204 3008 3439 3066 magnus
3477 2991 3559 3049 illi

1976 3091 2131 3145 labor
2162 3090 2277 3145 haec
2312 3089 2546 3146 dicendo
2576 3088 2930 3160 persuadere.
2968 3086 3240 3158 Loquitur
3266 3085 3414 3141 enim
3454 3100 3557 3140 au-

1976 3182 2137 3238 ribus
2182 3181 2494 3248 bominum,
2540 3181 2634 3251 qui
2687 3187 2894 3235 norunt
2942 3179 3176 3250 majora,
3233 3192 3394 3249 quam
3439 3192 3563 3251 quae

1976 3271 2102 3342 quis
2138 3286 2408 3327 enarrans
2436 3283 2768 3342 exaggerare
2790 3270 3061 3324 videatur.
3090 3270 3142 3324 ls
3175 3268 3340 3341 igitur
3363 3268 3432 3322 ad
3462 3283 3560 3324 vos

291 3358 529 3415 ἐπανιὼν
562 3359 698 3430 πρὸς
726 3340 871 3430 ὑμᾶς
911 3358 1215 3431 γράμματα
1264 3358 1482 3431 ᾔτησεν,
1513 3360 1611 3431 οὐχ
1643 3360 1729 3413 ἵνα
1752 3351 1915 3413 ὲαυ-⁴

1991 3362 2201 3419 rediens
2238 3363 2399 3434 petiit
2433 3340 2668 3427 litteras,
2699 3377 2809 3417 non
2850 3373 2910 3416 ut
2948 3378 3010 3417 se
3051 3376 3170 3416 mea
3195 3340 3358 3431 Opera
3386 3360 3443 3414 in
3466 3376 3564 3415 ve-

289 3452 385 3507 τὸν
416 3452 545 3523 ὑμῖν
585 3450 842 3523 οίκειώσῃ
867 3451 933 3503 δι’
961 3448 1140 3521 ημῶν,
1170 3450 1285 3504 ἀλλ’
1324 3451 1412 3505 ἵνα
1444 3451 1544 3522 ἐμὲ
1587 3452 1876 3524 εὐεργετή-

291 3559 385 3619 an,
439 3543 533 3597 τοῦ
578 3542 1054 3616 προσφθέγξασθαι
1099 3546 1212 3609 τοῖς
1259 3545 1561 3616 ἀγαπητοῖς
1611 3564 1711 3618 μου
1759 3546 1872 3618 (68)

288 3634 546 3707 ἀφορμὴν
575 3633 1020 3705 παρασχόμενος*
1048 3635 1108 3689 ὃν
1135 3636 1424 3707 ἀμείψαιτο
1469 3638 1497 3690 ὀ
1542 3637 1747 3709 Κύριος
1779 3638 1878 3709 τῆς

291 3727 505 3798 ἀγαθῆς
532 3726 923 3798 προαιρέσεως.
954 3728 1066 3781 Καὶ
1107 3730 1267 3800 ὑμεῖς
1307 3729 1363 3782 δὲ
1395 3728 1544 3800 αὐτῷ
1569 3729 1755 3801 εὐχαῖς
1786 3731 1879 3784 καὶ

289 3821 360 3889 τῇ
391 3818 568 3890 ἀγαθῇ
610 3815 764 3889 ὑμῶν
812 3817 943 3889 περὶ
985 3818 1196 3884 πάντας
1243 3820 1558 3892 προαιρέσει
1595 3821 1695 3893 τὴν
1737 3821 1878 3875 κατά

289 3907 521 3979 δύναμιν
568 3908 730 3980 χάριν
773 3908 1088 3981 διανείματε
1114 3908 1247 3982 (69).
1276 3911 1579 3982 Σημαίνετε
1614 3912 1745 3982 ἡμῖν
1784 3914 1879 3967 καὶ

292 4000 366 4054 τὰ
394 4000 504 4054 τῶν
542 4001 877 4064 Ἐκκλησιῶν
910 4002 1059 4066 ὅπως
1087 4002 1218 4074 ἔχει.

826 4154 1168 4213 ΕΠιΣΤυΑΗ
1206 4155 1343 4225 Tq'.

1981 3464 2153 3512 stram
2189 3456 2618 3512 familiaritatem
2654 3457 2983 3520 insinuaret,
3018 3453 3114 3510 sed
3142 3464 3201 3508 ut
3234 3452 3561 3508 beneﬁcium

1978 3548 2032 3602 in
2066 3563 2152 3603 me
2211 3547 2512 3611 conferret,
2549 3547 2899 3602 occasionem
2949 3546 3204 3616 praebens
3238 3541 3563 3599 salutando-

1982 3654 2103 3693 rum
2144 3640 2448 3693 amicorum
2478 3657 2491 3692 :
2520 3639 2683 3707 cujus
2724 3645 3110 3693 remuneretur
3152 3634 3420 3691 Dominus
3461 3633 3565 3689 bo-

1980 3745 2106 3785 nam
2144 3732 2502 3784 voluntatem.
2539 3728 2650 3784 Vos
2692 3736 2878 3784 autem
2931 3727 2983 3807 ei
3014 3727 3288 3807 precibus
3332 3736 3389 3781 et
3416 3724 3561 3780 bona

1980 3829 2163 3876 vestra
2204 3835 2335 3892 erga
2387 3834 2584 3876 omnes
2630 3819 2916 3875 voluntate
2948 3804 3158 3890 gratias
3209 3834 3309 3890 pro
3350 3817 3563 3875 viribus

1979 3912 2297 3983 persolvite.
2350 3911 2671 3983 Signiﬁcate
2711 3913 2875 3968 etiam
2921 3910 3083 3967 nobis
3133 3926 3246 3982 quo
3283 3910 3396 3967 sint
3441 3910 3563 3965 loco

1979 4020 2069 4060 res
2106 4004 2500 4061 Ecclesiarum.

2336 4158 2498 4232 [ιω
2535 4156 2876 4213 EPISTOLA
2914 4155 3202 4215 cccvr".

296 4267 447 4335 Rogat
483 4273 535 4319 ut
555 4267 739 4322 civibus
774 4265 1123 4320 Alexandrinis
1150 4266 1415 4334 propinqui
1434 4283 1632 4343 corpus,
1673 4267 1905 4343 Sebastia:
1933 4270 2355 4343 mortuiupulgli'co
2387 4272 2616 4343 nzandato
2653 4273 3011 4338 exportantium
3035 4273 3284 4339 concedat,
3310 4280 3357 4328 et
3375 4273 3562 4341 aliquid

1406 4330 1617 4383 subsidii
1639 4344 1703 4383 ea:
1721 4332 1913 4396 publica
1951 4346 2102 4385 cursu
2118 4330 2256 4396 rem
2270 4332 2459 4396 iubeat.

681 4435 947 4506 Ἠγεμόνι
981 4434 1093 4507 (70)
1123 4435 1504 4502 Σεϐαστείας.

366 4528 702 4600 Αῑσθάνομαι
731 4527 833 4598 τῆς
860 4527 1171 4599 τιμιότητός
1200 4544 1294 4580 σου
1324 4526 1494 4598 ἡδέως
1531 4512 1643 4590 τάξ
1659 4526 1879 4580 ὲπιστο-
1946 4508 1947 4511 η

2464 4438 2771 4509 Principali
2800 4439 3077 4496 Sebastiaz.

2057 4529 2306 4601 intelligo
2352 4530 2679 4603 dignitatem
2708 4541 2859 4589 tuam
2898 4535 3132 4591 libenter
3165 4536 3379 4592 litteras
3414 4549 3563 4592 meas

293 4622 392 4687 λάς
443 4621 599 4694 ἡμῶν
646 4620 1034 4693 προσιεμένης,
1086 4620 1182 4674 καὶ
1227 4620 1325 4691 τὴν
1380 4618 1558 4672 αἰτίαν
1595 4619 1915 4709 γνωρίζωη

1991 4621 2259 4692 accipere,
2314 4637 2415 4677 nec
2459 4638 2683 4678 causam
2733 4624 2945 4695 ignoro.
2989 4626 3197 4682 Amans
3238 4626 3385 4681 enim
3433 4625 3562 4681 boni

294 4713 595 4781 Φιλάγαθος
639 4712 746 4785 γὰρ
790 4712 887 4780 ὢν,
941 4713 1036 4765 καὶ
1082 4711 1218 4783 πρὸς
1273 4710 1518 4774 εὐποιίας
1568 4710 1876 4783 πρόχειρος,

294 4804 484 4876 ἐπειδὴ
528 4822 648 4859 τινα
689 4803 949 4858 ἑκάστοτε
979 4802 1111 4876 ὓλην
1160 4801 1515 4875 παρεχόμεθα
1559 4818 1641 4855 σοι
1688 4802 1878 4873 ἱκανὴν

297 4940 610 4995 trocinatur
663 4939 923 5004 Basilius,
981 4939 1303 5009 imperatas?
1335 4936 1531 5000 fuisse,
1588 4936 1757 5009 idque
1818 4937 1875 4993 in

297 5012 485 5065 multa;
525 5011 701 5080 magis
742 5025 920 5081 quam‘
954 5009 1012 5081 in
1054 5006 1245 5081 tributi
1294 5006 1748 5081 loco;__siquidem
1780 5022 1876 5063 eos

298 5095 487 5152 comes
518 5082 597 5135 rei
623 5077 854 5152 privatae
895 5077 1571 5152 falsis_criminationibus
1612 5078 1876 5152 deceptus

298 5147 677 5207 damnaverat.
722 5150 813 5205 Sic
845 5150 1010 5205 etiam
1042 5148 1346 5220 Gregorius
1380 5147 1514 5220 Naz.
1562 5148 1721 5220 epist.
1774 5148 1876 5203 184

298 5220 611 5277 Nemesium
643 5221 862 5278 ﬂectere
892 5217 1271 5290 conatur,'qui
1303 5217 1682 5290 Valentiniano
1706 5234 1876 5290 equo-

299 5307 424 5345 rum
466 5293 695 5347 multam
744 5293 815 5346 ob
859 5291 1078 5360 aliquod
1122 5289 1380 5345 delictum
1429 5289 1716 5344 inﬂixerat.
1762 5289 1876 5360 Nec

299 5361 501 5431 mirum
531 5372 617 5418 est
647 5363 703 5417 in
734 5359 1102 5431 Cappadocia,
1145 5377 1264 5429 quae
1306 5360 1544 5431 optimos
1569 5373 1740 5429 equos
1764 5359 1877 5415 ale-

298 5430 412 5499 bat,
445 5433 715 5503 ejusmodi
751 5430 952 5503 multas
983 5432 1268 5503 impositas
1294 5430 1484 5503 fuisse.

373 5499 489 5572 (67)
529 5502 687 5572 Πρὸς
724 5501 940 5572 πάντα.
993 5499 1079 5572 Ita
1123 5503 1292 5567 Med.,
1331 5499 1504 5555 Coisl.
1552 5509 1781 5572 uterque
1821 5505 1875 5558 et

298 5571 436 5642 Reg.
464 5571 762 5630 secundus.
794 5571 938 5642 Editi
963 5571 1355 5642 πρόςᾴπάντας.

375 5639 1040 5716 (⁷68)ᾲἈγᾳπητοῖς-μού.
1090 5639 1226 5716 Beg.
1281 5639 1580 5716 secundus
1606 5647 1660 5695 et
1701 5639 1871 5716 Coisl.

305 5710 926 5784 secundus‘dtyairmoi;
945 5727 1056 5784 ⁸μοι.
1090 5710 1257 5769 Paulo
1284 5721 1405 5784 post
1437 5711 1604 5770 Coisl.
1640 5711 1870 5783 primus,

287 5783 425 5856 ναι.
439 5793 508 5857 _et
527 5780 762 5844 Claram.
796 5780 1106 5852 ἀμείψεται.

1988 4727 2112 4767 cum
2147 4715 2246 4777 sis,
2289 4721 2344 4769 et
2388 4713 2455 4768 ad
2483 4715 2905 4770 beneﬁcentiam
2936 4731 3265 4786 propensus,
3299 4717 3562 4787 quoniam

1986 4801 2084 4857 tibi
2120 4803 2360 4872 aliquam
2401 4803 2636 4859 subinde
2662 4804 2949 4859 materiam
2987 4806 3404 4876 suppeditamus
3446 4804 3565 4861 ido-

2075 4937 2165 5012 §9)
2200 4938 2695 5012 Acarslaats._l_t_a_
2722 4938 2897 5012 Med,
2922 4938 3096 4996 Coisl.
3144 4947 3395 5012 uterque,
3412 4940 3418 4946 ’
3435 4939 3560 4997 Vat.

1982 5014 2037 5063 et
2062 5007 2196 5080 Reg.
2216 5007 2700 5080 qsecundus._ii‘.diti
2728 5009 3120 5080 διανείμαντες.

2055 5076 2168 5149 (70)
2213 5078 2500 5150 Ἡγεμόνι.
2532 5076 2667 5133 Vide
2704 5090 2864 5135 notas
2896 5076 2964 5134 ad
3000 5082 3162 5150 epist.
3204 5078 3294 5147 67,
3336 5078 3428 5136 ubi
3467 5094 3561 5136 ea-

1983 5147 2108 5220 dem
2138 5147 2413 5204 Voce’non
2447 5149 2640 5220 ducem
2677 5157 2771 5220 aut
2807 5147 3119 5220 praeside—In,
3155 5150 3252 5205 sed
3286 5151 3563 5220 principa-

1982 5218 2087 5273 lem
2120 5233 2216 5290 seu
2247 5218 2688 5290 primumcuria:
2729 5218 3005 5290 designari
3042 5218 3421 5290 observamus.
3451 5218 3561 5275 Ne-

1983 5303 2093 5360 que
2120 5289 2304 5360 obstat
2334 5289 2462 5360 buic
2490 5288 2931 5360 interpretationi
2972 5291 3216 5360 precatio
3254 5289 3462 5355 Basilii,
3503 5301 3560 5347 ut

1984 5357 2119 5414 viris
2152 5359 2261 5413 illis
2297 5357 2502 5428 aliquid
2536 5357 2769 5413 subsidii
2802 5375 2869 5413 ex
2902 5357 3070 5415 cursu
3107 5360 3322 5428 publico
3361 5375 3559 5417 concc-

1981 5428 2163 5484 datur.
2194 5428 2331 5483 Nam
2352 5428 2638 5500 curialium
2660 5431 2952 5500 nonnullas
2984 5428 3154 5486 fuisse
3176 5437 3359 5500 partes
3388 5432 3443 5485 in
3476 5446 3549 5487 re-

2016 5499 2156 5555 endo
2197 5515 2365 5553 cursu
2402 5498 2624 5567 publico
2680 5499 2935 5557 observat
2974 5498 3338 5558 Gothofredus
3373 5501 3430 5557 iu
3468 5501 3539 5557 tit

2028 5586 2059 5625 e
2092 5585 2259 5625 cursu
2288 5570 2671 5640 publico.pag.
2703 5569 2827 5626 508.

2053 5647 2073 5669 '
2102 5639 2253 5694 Alias
2278 5636 2569 5694 CCCLVIII

2054 5718 2095 5741 θ’
2126 5710 2276 5765 Alias
2297 5706 2600 5765 CCXXXII.

2031 5780 2287 5859 ..ιίίΑιίειε
2320 5777 2680 5838 ccccxxnv.
