3878 6222
333 328 476 389 1055

1683 326 1746 384 S.
1786 326 2033 386 BASILII
2084 328 2300 387 MAGNI

3469 337 3607 391 1059

335 456 522 507 neam,
570 455 626 495 In
658 455 770 512 qua
819 438 989 496 animi
1021 440 1105 497 tui
1142 440 1577 513 magnitudinem
1618 441 1911 510 ostendas,

2048 441 2270 509 έξασθαί
2303 458 2397 497 σου
2425 441 2527 514 τῆς
2551 441 2920 514 προαιρέσεως
2959 442 3018 497 τὸ
3046 444 3407 513 μεγαλοφυὲς,
3438 464 3590 520 προσ

335 534 406 590 ad
443 548 595 590 meas
616 533 881 604 epistolas
922 535 1192 601 accurris,
1234 544 1305 607 ut_
1328 549 1452 606 quae
1477 533 1752 590 bonorum
1782 550 1916 607 ope-

339 640 467 681 rum
502 626 827 682 occasiones
845 625 1102 680 habeam.
1138 604 1307 680 Venit
1335 604 1502 696 igitur
1535 634 1592 681 et
1622 625 1730 680 alia
1758 604 1921 682 occa-

340 718 445 784 sio,
477 730 599 789 quae
638 725 748 773 tua:
779 717 835 772 in
876 730 1069 772 omnes
1114 714 1472 788 benignitatis
1522 719 1671 773 notis
1714 717 1922 789 signari

338 817 543 880 potest,
597 809 875 879 simulque
922 809 1188 863 virtutum
1232 814 1456 864 tuarum
1502 823 1813 880 praeconem
1864 807 1924 864 in

338 901 583 956 medium
632 900 875 955 adducit.
928 898 1048 955 Viri
1086 900 1234 955 enim
1280 901 1616 957 Alexandria
1669 901 1922 972 profecti,

339 992 647 1048 necessarii
691 990 855 1046 oﬂicii
898 1005 1093 1057 causa,
1138 992 1402 1063 quodque
1434 992 1714 1048 communi
1755 991 1926 1047 totius

341 1090 554 1138 natura;
574 1082 702 1153 jure
742 1084 979 1140 mortuis
1014 1084 1332 1141 hominibus
1384 1084 1640 1152 debetur,
1678 1084 1928 1155 indigent

339 1174 655 1246 patrocinio
688 1182 814 1241 tuo;
844 1174 983 1230 adeo
1005 1182 1066 1229 ut
1093 1174 1315 1246 jubeas,
1362 1183 1422 1228 ut
1465 1175 1603 1247 ipsis
1632 1173 1929 1246 prepinqui

341 1279 551 1335 corpus
599 1265 889 1330 Sebastiaa,
943 1267 1190 1322 exercitu
1242 1267 1318 1321 ibi
1355 1274 1752 1333 commorante,
1785 1281 1932 1320 mor-

340 1360 445 1424 tui,
509 1357 732 1428 publieo
789 1356 1051 1412 mandato
1098 1357 1500 1427 exportandum
1549 1358 1928 1414 concedatur:

341 1450 546 1506 deinde
571 1458 626 1505 et
663 1458 937 1522 quantum
972 1449 1182 1514 licebit,
1207 1449 1518 1505 subsidium
1550 1450 1691 1521 ipsis
1722 1450 1933 1506 feratur

343 1558 412 1599 ex
440 1544 664 1615 publico
703 1557 896 1606 cursu,
938 1542 1131 1613 sicque
1176 1542 1462 1598 inveniant
1502 1543 1727 1613 aliquod
1758 1544 1934 1615 longa:

344 1634 804 1707 peregrinationis
850 1646 950 1705 per
1009 1642 1161 1689 tuam
1216 1635 1732 1703 magnanimitatem
1779 1636 1933 1692 sola-

2020 536 2234 607 τρέχεις
2280 535 2442 606 ἡμῶν
2488 538 2608 599 ταῖς
2663 534 2989 601 ἐπιστολαῖς,
3035 534 3113 600 ὡς
3155 537 3335 608 ἔργων
3388 539 3599 608 ἀγαθῶ⁵

2022 626 2306 689 ὑποθέσεις
2331 624 2603 697 ὲχούσαις.
2646 625 2809 679 Ἥκει
2852 626 3031 679 τοίνυν
3061 627 3156 680 καὶ
3188 627 3324 699 άλλη
3354 629 3597 685 ὑπόθεσι-

2021 716 2293 789 δυναμένη
2320 717 2573 784 δέξασθαι
2601 715 2713 789 (71)
2737 717 2835 788 τῆς
2868 716 2968 787 σῆς
3001 718 3128 789 περὶ
3156 719 3337 773 πάντα
3375 721 3591 795 δεξιότη

2023 826 2116 875 τος
2149 810 2275 873 τοὺς
2319 808 2711 883 χαρακτῆρας,
2758 808 2894 879 ὁμοῦ
2944 808 3038 862 καὶ
3086 811 3307 882 κήρυκα
3349 812 3460 867 τῶν
3507 814 3600 867 σὺ

2025 900 2246 970 ἀγαθῶν
2290 900 2624 972 ἐπαγομένη.
2664 899 2888 971 Ἄνδρες
2915 900 3021 973 γὰρ
3069 902 3179 955 ἀπὺ
3224 903 3325 973 τῆς
3365 904 3593 970 ’Δλεξαν

2026 992 2211 1062 δρείας
2236 992 2556 1063 κινήσαντες
2586 989 2934 1059 καθηκόντως
2957 990 3140 1046 ἕνεκεν
3164 992 3487 1062 ἀναγκαίου,
3524 1013 3601 1050 κα

2029 1084 2223 1147 κοινῶς
2258 1084 2409 1156 πάσῃ
2436 1085 2502 1154 τῇ
2533 1083 2693 1153 φύσει
2732 1082 2842 1137 τῶν
2879 1083 3181 1157 ἀνθρώπιον
3207 1090 3322 1150 τοῖς
3350 1087 3595 1143 ἀπελθοῦ

2032 1193 2116 1230 σιν
2158 1174 2530 1245 ὀφειλομένου,
2553 1173 2764 1230 δέονται
2803 1177 2903 1249 τῆς
2943 1177 3092 1247 παρὰ
3126 1177 3219 1231 σοῦ
3257 1180 3603 1250 προστασίας

2032 1264 2172 1320 ὥστε
2207 1262 2459 1318 κελεῦσαι
2486 1264 2666 1329 αὐτοῖς
2694 1265 2853 1336 σῶμα
2876 1266 3076 1320 οἰκείου
3106 1267 3322 1340 ἀνδρὸς,
3352 1269 3499 1323 κατά
3526 1271 3609 1341 τὴ·

2033 1358 2327 1429 ἐπιδημίαν
2367 1356 2464 1411 τοῦ
2513 1356 2878 1429 στρατοπέδου
2914 1357 3340 1430 τελευτήσαντος
3373 1362 3466 1414 τὸν
3511 1361 3609 1433 βίσ

2035 1452 2096 1504 ἐν
2132 1452 2197 1521 τῇ
2237 1449 2556 1521 Σεϐαστεία,
2598 1449 2982 1522 προστάγματι
3033 1450 3283 1525 δημοσίῳ
3331 1469 3597 1525 συγχωρη

2036 1543 2193 1615 θῆναι
2241 1543 2458 1614 κινῆσαι
2477 1559 2491 1573 ο
2536 1542 2727 1597 ἔπειτα
2762 1542 2941 1615 μέντοι
2984 1544 3078 1598 καὶ
3117 1545 3217 1616 τὴν
3254 1544 3493 1618 δυνατὴν
3530 1547 3601 1600 αὗ

2035 1638 2147 1698 τοῖς
2181 1634 2592 1706 παμσχεθῆναι
2637 1634 2891 1706 βοήθειαν
2935 1637 2998 1689 ὲκ
3049 1636 3145 1690 τοῦ
3190 1636 3454 1709 δημοσίου
3500 1639 3623 1709 δρό-

344 1731 505 1783 tium.
563 1726 692 1783 Haec
754 1736 940 1784 autem
992 1729 1058 1782 ad
1111 1741 1369 1798 magnam
1414 1743 1590 1798 usque
1632 1729 1935 1784 transitura

2048 1742 2166 1796 μου,
2197 1722 2337 1776 ὥστε
2367 1723 2621 1795 εὑρέσθαι
2647 1724 2767 1778 τινὰ
2790 1726 2890 1796 τῆς
2922 1727 3138 1797 μακρᾶς
3167 1727 3379 1798 πλάνης
3410 1728 3500 1782 διὰ
3526 1730 3627 1799 τῆς

347 1820 765 1885 Alexandriam,
813 1828 980 1890 atque
1012 1819 1081 1875 ad
1134 1820 1285 1875 illius
1322 1820 1535 1876 incolas
1578 1821 1774 1874 miram
1827 1830 1934 1876 tua:

2048 1819 2139 1890 τῆς
2178 1816 2549 1888 μγαλοφυῖας
2587 1817 2960 1890 παραμυθίαν.
2996 1817 3183 1873 Ταῦτα
3234 1820 3294 1875 δὲ
3343 1821 3426 1874 δτι
3464 1822 3626 1892 μέχρι

346 1908 641 1980 dignitatis
669 1909 1069 1965 humanitatem
1110 1911 1417 1981 perlatura,
1463 1912 1814 1983 perspicuum
1845 1921 1932 1968 est

345 2001 656 2072 prudentia:
690 2010 817 2067 tuae,
865 2001 1086 2059 etiamsi
1131 2017 1233 2075 ego
1280 2019 1392 2058 non
1442 2004 1646 2058 dicam.
1684 2003 1796 2076 Ego
1834 2020 1932 2060 au-

345 2099 457 2147 tem
488 2100 545 2148 et
578 2092 635 2148 in
666 2093 878 2159 multis,
914 2108 1036 2164 qure
1059 2093 1172 2164 jam
1205 2095 1414 2165 accepi,
1444 2095 1550 2150 hoc
1578 2112 1799 2167 quoque
1837 2097 1934 2153 be-

336 2183 603 2257 ‘netlcium
633 2184 965 2241 numerabo.

806 2387 1149 2446 EPISTOLA
1179 2385 1412 2443 CCCVII
1432 2393 1469 2441 '.

2038 1909 2136 1979 τῆς
2191 1907 2434 1979 μεγάλης
2496 1906 2809 1979 διαϐήσεται
2859 1908 3267 1982 Ἀλεξανδρείας
3290 1950 3307 1976 ,
3361 1911 3459 1969 καὶ
3516 1914 3626 1975 τοῖς

2036 2001 2153 2054 ἐκεῖ
2184 2000 2492 2071 διακονήσει
2522 1999 2633 2071 (72)
2667 2000 2729 2054 τὸ
2772 1998 2959 2071 θαῦμα
2996 2001 3097 2072 τῆς
3145 2002 3245 2072 σῆς
3290 2004 3620 2074 τιμιότητος.

2037 2091 2268 2161 φανερὸν
2306 2092 2374 2162 τῇ
2413 2089 2625 2144 συνέσει
2673 2107 2788 2155 σου,
2833 2091 2939 2146 κᾶν
2975 2090 3086 2160 ἐγὼ
3118 2094 3197 2164 μὴ
3232 2093 3401 2162 λέγω.
3440 2093 3624 2164 Ἡμεῖς

2037 2199 2096 2236 τε
2133 2181 2271 2253 πρὸς
2303 2180 2518 2246 πολλοῖς
2564 2176 2647 2246 οἷς
2689 2182 2990 2254 εἰλήφαμεν
3017 2183 3118 2256 ἤδη
3162 2186 3257 2239 καὶ
3298 2184 3503 2257 ταύτην
3531 2185 3626 2257 τὴν

2039 2273 2199 2346 χάριν
2227 2270 2684 2345 ὲναριθμήσομεν.

2571 2388 2922 2443 ΕΠΙΣΤΟΛΗ
2974 2390 3096 2446 ΤΖ’.

1273 2505 1511 2556 Hortatur
1533 2510 1583 2555 ut
1604 2503 1727 2557 inter
1749 2505 1873 2560 duos
1895 2508 2136 2577 litigantes
2150 2504 2371 2575 judicem
2397 2520 2449 2559 se
2470 2507 2698 2572 praebeat.

878 2616 1006 2671 Sine
1043 2614 1413 2684 inscriptione.

425 2728 721 2802 Repellunt
745 2744 888 2801 saepe
913 2730 1002 2785 vel
1045 2731 1206 2785 utiles
1239 2729 1546 2785 sententias
1574 2731 1940 2789 contentiosa:

350 2822 599 2887 indoles,
647 2821 813 2893 idque
864 2822 1186 2893 praeclarum
1233 2828 1287 2875 et
1326 2820 1462 2875 utile
1486 2820 1777 2890 judicant,
1826 2837 1938 2877 non

352 2916 500 2989 quod
552 2915 677 2970 aliis
722 2915 980 2970 omnibus
1033 2913 1270 2977 videtur,
1327 2913 1546 2969 etiamsi
1587 2912 1941 2984 profuturum

353 3010 444 3074 sit,
483 3007 577 3062 sed
601 3005 748 3077 quod
777 3007 914 3077 ipsis
944 3006 1076 3061 solis
1104 3008 1303 3077 placet,
1327 3006 1548 3061 etiamsi
1578 3006 1931 3060 damnosum.

352 3098 537 3156 Causa
567 3109 776 3162 autem,
825 3097 1165 3168 insipientia,
1221 3111 1548 3167 morumque
1579 3098 1937 3166 perversitas,

353 3205 464 3245 non
498 3190 730 3243 aliorum
754 3188 1008 3243 consiliis
1038 3187 1353 3252 attendens,
1377 3189 1473 3243 sed
1506 3188 1640 3243 solis
1666 3186 1782 3242 suis
1805 3202 1942 3242 cou-

356 3280 538 3336 ﬁdens
585 3279 900 3343 sententiis,
945 3293 1010 3332 ac
1067 3279 1434 3335 subeuntibus
1489 3279 1938 3351 cogitationibus.

358 3370 612 3428 Subeunt
641 3378 825 3426 autem
849 3386 913 3425 ea
947 3370 1150 3440 quibus
1185 3370 1462 3441 gaudent;
1490 3370 1731 3442 gaudent
1762 3379 1943 3425 autem

355 3465 426 3520 iis
470 3480 592 3534 quae
631 3464 845 3517 volunt.
889 3461 992 3528 Qui
1053 3470 1235 3516 autem
1289 3477 1355 3517 ea
1395 3478 1519 3533 quae
1557 3463 1694 3525 vult,
1733 3462 1946 3532 judieat

335 3546 539 3620 "utilia,
582 3570 693 3610 non
737 3563 890 3610 tutus
944 3560 1030 3609 est
1057 3552 1189 3623 justi
1218 3553 1411 3623 judex,
1464 3554 1561 3609 sed
1609 3556 1772 3609 caecis
1802 3569 1945 3624 quos

354 3648 487 3705 caci
528 3646 761 3714 ducunt,
813 3647 1145 3703 consimilis.
1179 3644 1320 3701 Hinc
1364 3657 1419 3703 et
1447 3647 1504 3702 in
1551 3647 1750 3702 damna
1789 3647 1946 3703 facile

354 3740 618 3803 incurrit,
666 3747 721 3796 et
765 3739 1022 3795 utilitatis
1065 3741 1411 3810 magistram~
1437 3739 1602 3793 habet
1654 3740 1945 3810 experien-

358 3834 513 3890 tiam.
557 3830 699 3887 Huic
730 3846 882 3887 nune
915 3830 1050 3885 vitio
1085 3830 1364 3886 obnoxius
1409 3840 1494 3885 est
1532 3831 1627 3901 qui
1675 3846 1797 3885 cum
1842 3831 1949 3885 hoc

358 3926 480 3982 viro
525 3923 828 3979 contendit.
859 3921 996 3976 Nam
1046 3937 1171 3977 cum
1209 3930 1490 3992 oporteret
1510 3922 1779 3991 judicium
1827 3938 1949 3992 per-

358 4014 582 4070 mittere
631 4012 1021 4067 communibus
1067 4011 1304 4075 amicis;
1351 4011 1459 4064 imo
1507 4024 1631 4063 eum
1676 4024 1705 4062 a
1759 4011 1947 4064 multis

360 4122 505 4178 saepe
546 4106 831 4176 judicatus
868 4114 1039 4168 esset,
1083 4103 1288 4176 quibus
1329 4106 1420 4172 jus
1452 4113 1508 4157 et
1549 4104 1754 4159 veritas
1802 4107 1949 4158 cura:

359 4206 542 4262 erant,
578 4214 727 4254 nunc
753 4198 1002 4252 cucurrit
1036 4197 1105 4251 ad
1132 4195 1372 4266 judices,
1405 4206 1460 4251 et
1488 4194 1558 4249 ad
1585 4195 1946 4250 tribunalium

357 4288 650 4360 judicium,
679 4288 1000 4358 mavultque
1030 4288 1221 4343 multis
1252 4285 1476 4342 amissis
1504 4301 1680 4357 pauca
1714 4285 1945 4342 lucrari.

361 4380 499 4434 Data
539 4388 723 4436 autem
775 4396 805 4434 a
846 4381 1267 4450 magistratibus
1296 4378 1507 4449 judicia
1559 4396 1627 4435 ne
1658 4379 1948 4433 victoriam

2627 2615 3068 2685 Ἀνεπίγραρος.

2115 2730 2441 2785 Διωθοῦνται
2496 2730 2757 2794 πολλάκις
2808 2730 2902 2785 καὶ
2954 2729 3051 2794 τὰς
3099 2729 3346 2801 χρηστὰς
3398 2730 3629 2793 διανοίας

2052 2824 2108 2877 αἱ
2142 2821 2435 2891 φιλόνεικοι
2464 2821 2675 2892 φύσεις,
2718 2821 2813 2874 καὶ
2858 2819 3102 2892 κρίνουσι
3128 2820 3293 2873 καλὸν
3322 2820 3418 2873 καὶ
3444 2821 3631 2891 χρήσι-

2050 2930 2149 2986 μον
2177 2914 2239 2968 οὐ
2269 2913 2330 2967 τὸ
2359 2915 2491 2967 πᾶσι
2526 2915 2639 2977 τοῖς
2669 2912 2848 2978 ἄλλοις
2885 2911 3093 2977 δοκοῦν,
3136 2912 3242 2967 κᾶν
3273 2909 3309 2985 ᾗ
3339 2913 3627 2975 λυσιτελὲς,

2044 3006 2180 3061 ἀλλὰ
2208 3007 2269 3061 τὸ
2297 3005 2475 3078 μόνοις
2504 3007 2682 3070 αὐτοῖς
2706 3006 2958 3078 ἀρέσκον,
2989 3004 3092 3060 κᾶν
3125 3002 3422 3077 ἐπιζήμιον
3562 3005 3631 3057 Τὸ

2042 3099 2098 3154 δὲ
2127 3099 2299 3154 αἴτιον
2331 3099 2484 3154 ἄνοια
2519 3099 2612 3153 καὶ
2646 3098 2903 3170 σκαιότης
2934 3098 3169 3171 τρόπων,
3201 3098 3261 3151 ού
3296 3114 3632 3170 προσεχουσα

2046 3194 2165 3256 ταῖς
2191 3193 2323 3263 παρ’
2357 3191 2558 3261 ἑτέρων
2592 3190 2960 3262 συμϐουλίαις,
2998 3190 3187 3261 μόναις
3215 3189 3272 3242 δὲ
3305 3189 3633 3243 πιστεύουσα

2045 3279 2294 3353 γνώμαις
2331 3280 2561 3345 οἰκείαις
2619 3283 2714 3334 καὶ
2765 3283 2877 3344 τοῖς
2925 3280 3294 3333 ὑποπίπτουσι
3332 3279 3629 3349 λογισμοῖς.

2056 3374 2455 3429 Ὑποπίπτουσι
2483 3373 2540 3425 δὲ
2576 3367 2657 3437 οἷς
2684 3372 2965 3444 χαίρουσι·
2999 3371 3247 3442 χαίρουσι
3285 3369 3346 3423 δὲ
3394 3365 3477 3433 οἷς
3511 3371 3630 3441 βου-

2046 3465 2247 3521 λονται.
2282 3466 2339 3518 Ὁ
2370 3465 2426 3519 δὲ
2449 3464 2485 3519 δι
2516 3463 2764 3535 βούλεται
2793 3460 3029 3534 νομίζων
3054 3460 3334 3532 λυσιτελῆ.
3366 3461 3470 3514 οὐκ
3493 3461 3631 3514 ἔστιν

2048 3557 2295 3628 ἀσφαλὴς
2326 3556 2421 3610 τοῦ
2449 3557 2657 3610 δικαίου
2696 3554 2912 3627 κριτὴς,
2946 3553 3060 3606 ἀλλ’
3086 3552 3229 3606 ἔοικε
3263 3552 3489 3622 τυφλοῖς
3534 3553 3631 3605 ὑπὸ

2047 3650 2264 3719 τυφλῶν
2330 3648 2734 3720 ὁδηγουμένοις.
2797 3646 3077 3700 Ἐντεῦθεν
3142 3646 3238 3699 καὶ
3308 3646 3631 3718 προσπταξει

2049 3741 2272 3813 ζημίαις
2317 3740 2585 3803 εὐκόλως·
2634 3740 2728 3793 καὶ
2771 3738 2865 3793 τοῦ
2910 3738 3278 3811 συμφέροντος
3322 3736 3632 3793 διδάσκαλον

2049 3832 2161 3905 ἔχει
2197 3834 2297 3904 τὴν
2331 3835 2544 3903 πεῖραν.
2596 3829 2768 3885 Τοῦτο
2794 3830 2891 3885 νῦν
2917 3828 3029 3903 (75)
3058 3830 3120 3884 τὸ
3155 3829 3328 3894 πάθος
3375 3828 3631 3901 ὑπομένει

2047 3927 2076 3978 ό
2112 3924 2191 3997 τῷ
2241 3925 2469 3997 παρόντι
2520 3922 2948 3994 συνεζευγμένος
2990 3921 3163 3993 ἀνδρί.
3212 3920 3342 3976 Δέον
3386 3921 3497 3993 γὰρ
3539 3921 3631 3992 τὴν

2049 4017 2232 4088 κρίσιν
2283 4016 2572 4087 ἐπιτρέψαι
2631 4015 2807 4085 φίλοις
2856 4017 3084 4081 κοινοῖς,
3136 4012 3338 4085 μᾶλλον
3383 4012 3445 4067 δὲ
3488 4010 3632 4084 παρᾶ

2051 4108 2263 4172 πολλοῖς
2288 4106 2548 4171 πολλάκις
2577 4106 2814 4179 κριθεὶς,
2846 4103 2928 4171 οἷς
2961 4104 3121 4177 ἔμελε
3157 4104 3253 4158 τοῦ
3295 4104 3504 4157 δικαίου
3545 4104 3631 4156 καὶ

2049 4202 2148 4273 τῆς
2177 4199 2454 4271 ἀληθείας,
2485 4199 2580 4254 νῦν
2611 4198 2846 4270 ἔδραμεν
2872 4199 2959 4251 ἐπ’
2991 4197 3259 4269 ἄρχοντας
3285 4196 3381 4249 καὶ
3410 4196 3509 4267 τὴν
3530 4194 3631 4247 τῶν

2049 4292 2415 4365 δικαστηρίων
2451 4290 2653 4363 κρίσιν,
2683 4292 2778 4346 καὶ
2821 4291 3078 4363 αἱρεῖται,
3103 4288 3274 4343 πολλά
3318 4286 3629 4358 ζημιωθεὶς,

2050 4383 2205 4453 ὀλίγα
2226 4383 2509 4456 κερδάναι.
2535 4384 2603 4435 Δί
2634 4382 2692 4436 δὲ
2717 4382 2869 4455 παρά
2895 4382 3122 4454 ἄρχουσι
3151 4381 3361 4454 κρίσεις
3391 4381 3512 4434 οὐδὲ
3539 4381 3630 4449 τὴν

360 4472 583 4543 quidem
625 4475 743 4527 sine
775 4473 1108 4528 detrimento
1156 4473 1360 4527 ferunt.
1403 4473 1492 4527 Sis
1537 4488 1671 4544 ergo
1705 4472 1939 4543 adjutor,

2050 4476 2205 4545 νίκην
2257 4474 2492 4545 ἀζήμιον
2540 4472 2784 4544 φέρουσι.
2830 4472 2993 4526 Γενοῦ
3052 4471 3164 4540 (74)
3211 4469 3275 4543 δὴ
3325 4469 3551 4541 βοηθὸς,
3589 4468 3630 4520 ει

359 4564 524 4638 442
561 4580 594 4621 o
620 4565 849 4620 charum
879 4573 1077 4634 caput;
1117 4567 1351 4621 maxime
1376 4566 1597 4637 quidem
1628 4566 1849 4637 utrique
1886 4565 1945 4620 li-

363 4662 558 4733 tiganti
588 4662 664 4734 (id
698 4662 845 4718 enim
877 4662 1027 4733 pium
1056 4662 1160 4732 est)
1190 4664 1485 4733 prohibens
1508 4680 1576 4719 ne
1609 4666 1674 4717 ad
1702 4664 1946 4735 judicem

365 4754 677 4823 introeant;
710 4761 874 4825 teque
901 4754 1078 4824 ipsius
1126 4755 1248 4808 loco
1281 4754 1527 4824 judicem
1562 4755 1642 4810 illi
1674 4756 1942 4826 praebens.

363 4848 522 4916 Quod
566 4850 614 4904 si
650 4849 918 4903 alteruter
963 4862 1073 4902 non
1112 4847 1477 4916 obtemperat,
1513 4861 1612 4902 nec
1661 4848 1947 4903 sententiae

346 4939 533 5005 cedit,
569 4938 691 4995 fave
716 4939 976 5008 injuriam
1008 4937 1271 5009 patienti;
1298 4946 1352 4992 et
1383 4938 1431 4993 ei
1459 4938 1553 5008 qui
1584 4937 1738 5009 justa
1766 4949 1951 5009 postu~

363 5033 463 5098 lat,
490 5030 855 5103 patrocinium
887 5038 1041 5120 tuum
1074 5029 1349 5100 impende.

440 5276 460 5298 ⁶
492 5271 971 5331 Alias'CCXLVll.

463 5345 918 5416 ῊλΔέίΞιισθαιἈ
953 5343 1268 5416 Legendum
1317 5346 1544 5416 conjicit
1592 5343 1960 5416 Combefisius

306 5465 313 5471 .
369 5413 667 5480 δείξασθαι.
702 5416 807 5469 Sed
852 5413 1078 5469 minime
1108 5413 1780 5471 necessaria'emendatio.
1821 5413 1953 5468 Pro-

370 5486 608 5541 habilior
651 5485 864 5539 videtur
909 5484 1052 5539 infra
1098 5484 1345 5553 ejusdem
1385 5486 1586 5542 eruditi
1626 5485 1729 5539 viri
1770 5485 1954 5555 conje-

373 5564 556 5639 ctura,
582 5556 677 5639 ubi
714 5555 1565 5639 legendum‘putatigtgtefjxovcog.

447 5623 561 5696 (72)
595 5623 974 5696 Διακοίθήσει.
1005 5623 1098 5679 Sic
1136 5626 1269 5680 editi
1302 5623 1355 5680 ei
1392 5634 1505 5682 tres
1554 5625 1802 5696 codices,
1832 5626 1957 5695 qui-

375 5694 608 5752 lmScum
652 5694 846 5748 collata
907 5695 1017 5765 fuit
1058 5696 1171 5749 hate
1222 5696 1480 5765 epistola,
1538 5711 1732 5764 nempe
1789 5694 1954 5758 Méd.,

377 5765 548 5823 Coisl.
602 5765 811 5836 primus
866 5774 920 5820 et
978 5764 1296 5823 Vaticanus.
1357 5766 1463 5822 Sed
1524 5772 1704 5823 tamen
1760 5769 1958 5823 merito

2052 4567 2179 4640 φίλη
2221 4565 2455 4637 κεφαλὴ,
2495 4565 2731 4636 μάλιστα
2782 4565 2882 4636 μὲν
2929 4563 3260 4635 ἀμφοτέροις
3309 4564 3423 4626 τοῖς
3460 4578 3630 4634 κρινο-

2056 4660 2237 4730 μένοις
2264 4656 2508 4729 (εὐσεϐὲς
2535 4656 2666 4729 γὰρ)
2709 4655 2933 4710 κωλύων
2968 4655 3068 4726 τὴν
3097 4653 3304 4708 εἴσοδον
3360 4652 3462 4725 τὴν
3506 4651 3631 4721 πρὸς

2051 4754 2143 4803 τὸν
2173 4750 2430 4820 ἄρχοντα,
2468 4749 2562 4801 καὶ
2600 4747 2885 4818 γινόμενος
2932 4746 3118 4810 αὐτοῖς
3154 4744 3271 4799 ἀντ’
3308 4744 3521 4796 ἐκείνου
3563 4742 3633 4796 δι-

2051 4844 2276 4910 καστής.
2328 4840 2391 4892 Et
2440 4838 2499 4892 δὲ
2543 4837 2761 4891 ἀπειθεῖ
2808 4836 3056 4910 θάτερος,
3097 4835 3190 4890 καὶ
3245 4834 3480 4906 μάχεται
3522 4837 3633 4897 ταῖς

2049 4932 2285 5003 ψήφοις,
2335 4931 2654 5004 σύμπραξον
2709 4930 2787 5001 τῷ
2836 4928 3210 5002 ἀδικουμένῳ,
3258 4928 3355 4983 καὶ
3408 4927 3632 5000 πρόσθες

2055 5023 2152 5093 τὴν
2206 5022 2356 5087 παρά
2404 5021 2500 5076 σοῦ
2543 5020 2716 5093 ῥοπὴν
2758 5020 2834 5095 τῷ
2892 5019 3143 5092 ζητοῦντι
3188 5022 3377 5090 τυχεῖν
3422 5018 3531 5073 τῶν
3565 5019 3634 5073 δι-

2057 5113 2246 5169 καίων.

2060 5270 2425 5344 Combetlsius
2459 5272 2746 5344 legenduim
2774 5273 2933 5344 docet
2961 5272 3282 5343 διακομίσει.

2132 5343 2247 5413 (73)
2278 5344 2458 5398 Τοῦτο
2501 5342 2638 5401 Δἐῢν.
2684 5343 2762 5397 Ita
2804 5342 2954 5397 Harl.
2994 5353 3047 5401 et
3094 5342 3236 5399 Med.
3268 5343 3444 5408 Edit.,
3478 5343 3632 5397 Τοῦτο

2059 5413 2530 5485 rotvuv.Titulum
2559 5414 2689 5469 huic
2720 5414 2967 5485 epistola:
3006 5415 3387 5485 apposuimus.
3427 5416 3633 5485 qualem

2061 5484 2116 5538 in
2156 5484 2348 5540 codice
2390 5485 2679 5540 Harlaano
2725 5484 2780 5540 et
2825 5484 3106 5539 nonnullis
3151 5486 3271 5539 aliis
3313 5484 3630 5553 reperimus.

2063 5554 2449 5628 Editiaddunt
2480 5556 2574 5609 ὲπὶ
2616 5556 2956 5627 ἀποκαλύψει
2989 5555 3266 5628 κρυπτῶν,
3314 5555 3633 5609 occultorqu

2063 5625 2508 5749 manilestationis
2534 5642 2717 5680 causa.

2134 5694 2187 5749 (7
2233 5706 2247 5749 t
2288 5696 2504 5749 Γενοῦ.
2552 5696 2628 5749 Ita
2680 5714 2717 5749 νε

2134 5694 2247 5766 (74)
2288 5696 2504 5766 Γενοῦ.
2552 5696 2628 5750 Ita
2680 5696 3043 5755 vetustissimi
3090 5703 3201 5753 tres
3252 5712 3390 5753 mss.
3449 5704 3503 5753 et
3552 5694 3632 5751 alii

2064 5766 2334 5824 nonnulli.
2369 5765 2512 5823 Editi
2552 5766 2722 5838 γίνου.
