3878 6222
227 334 366 392 1057

766 448 1115 504 ΕΠΙΣΤΟΔΗ
1163 449 1291 503 Τηι.

1152 330 1641 390 EPISTOLARUM
1677 328 1961 388 CLASSIS
2002 329 2101 386 lli.
2144 329 2362 387 EPIST.
2403 330 2605 388 CCCX.

3380 327 3521 393 5053

2385 445 2727 504 EPISTOLA
2763 446 3017 506 CCCVI]!
3040 448 3079 505 ‘.

1194 567 1447 629 Pauperes
1466 570 1512 615 et
1529 562 1730 631 afﬂictos
1755 559 1980 624 Capralis
2008 561 2196 616 innatas
2215 566 2532 616 commendat.

546 667 987 741 Ἁνεπιγραφος,
1015 669 1114 724 ἐπὶ
1148 671 1511 740 προστασίᾳ.

298 786 409 841 Καὶ
469 784 751 858 παρούσης
817 785 920 855 τῆς
974 786 1286 859 τιμιότητός
1344 804 1437 843 σου
1502 791 1614 853 τοῖς
1672 788 1824 844 ἀδελ-

229 882 353 950 φοῖς
383 878 517 951 (75),
557 879 666 932 τῶν
710 878 820 932 ἀπὸ
859 877 954 932 τοῦ
993 879 1195 950 χωρίου
1241 881 1584 953 Καπράλεως
1612 882 1822 943 ἕνεκεν,

227 969 531 1040 διελέχθην,
586 971 679 1025 καὶ
731 972 1084 1043 προσήγαγον
1146 972 1343 1034 αὐτοὺς
1403 975 1470 1045 τῇ
1527 972 1824 1046 ήμερότητί

231 1076 349 1126 σου,
375 1060 764 1131 παρακαλέσας
788 1078 846 1115 σε
874 1061 1068 1132 ἔχοντα
1096 1061 1204 1134 πρὸ
1232 1061 1525 1134 ὀφθαλμῶν
1551 1063 1648 1137 τὴν
1675 1064 1825 1136 παρὰ

228 1150 324 1205 τοῦ
353 1151 558 1224 Κυρίου
587 1152 1017 1222 μισθαποδοσίαν
1037 1191 1052 1217 ,
1105 1153 1465 1224 προΐστασθαι
1516 1155 1715 1217 αὐτῶν,
1750 1154 1826 1219 ὡς

230 1244 483 1316 πενήτων
539 1246 634 1298 καὶ
682 1244 1176 1316 καταπονουμένων
1231 1246 1289 1297 ὲν
1338 1244 1532 1299 ἅπασι.
1583 1247 1694 1300 Καὶ
1730 1245 1825 1299 νῦν

230 1335 393 1390 πάλιν
422 1334 510 1390 διὰ
540 1335 635 1390 τοῦ
664 1336 994 1408 γράμματος
1018 1335 1117 1408 τὴν
1146 1337 1316 1407 αὐτὴν
1349 1335 1685 1408 ἀνανεοῦμαι
1718 1355 1825 1391 πα-

231 1426 520 1500 ράκλησιν,
569 1430 862 1500 εὐχόμενος⁵
907 1429 987 1500 τῷ
1038 1429 1179 1498 ἁγίῳ
1226 1428 1347 1500 Θεῷ
1386 1433 1481 1486 καὶ
1526 1430 1623 1503 τὴν
1653 1430 1828 1503 ὑπάρο

228 1519 436 1590 χουσάν
497 1537 579 1574 σοι
622 1520 979 1591 περιφάνειαν
1019 1521 1119 1576 καὶ
1163 1521 1530 1595 λαμπρότητα
1569 1521 1663 1577 τοῦ
1709 1522 1826 1593 βίου

230 1616 661 1687 συντηρηθῆναι,
692 1615 785 1669 καὶ
829 1615 923 1668 ἐπὶ
960 1614 1182 1685 μείζονα
1217 1615 1415 1680 ἐλθεῖν,
1447 1616 1536 1671 ἵνα
1568 1616 1677 1670 ἀπὸ
1712 1616 1829 1687 μεί-

229 1706 388 1774 ζονος
432 1709 719 1781 δυνάμεως
768 1709 1203 1782 πολυτελέστερα
1245 1711 1394 1781 ἡμᾶς
1430 1709 1560 1781 ἔχῃς
1600 1711 1827 1781 εὐεργε-

225 1803 382 1858 τεῖν.
409 1802 532 1856 Ὅτι
573 1802 683 1874 γὰρ
724 1801 823 1873 μία
879 1804 1014 1874 ἡμῖν
1070 1802 1205 1874 εὐχὴ
1252 1803 1364 1875 (76)
1398 1804 1432 1874 ἡ
1483 1803 1682 1867 παντὸς
1732 1802 1828 1857 τοῦ

227 1890 384 1947 οῐκου
414 1891 569 1964 ὐμῶν
601 1894 864 1965 σωτηρία,
897 1892 1140 1965 ἡγοῦμαι
1163 1894 1457 1950 πεπεῖσθαί
1488 1912 1569 1948 σε.

765 2026 880 2080 ΕΠ]
888 2026 1117 2080 ΣΤΟΛΗ
1170 2025 1295 2085 TO'.

2182 669 2309 729 Sine
2353 673 2720 742 inscriptione,
2748 672 3040 739 patrocinii
3082 687 3268 727 causa.

1996 788 2057 844 Et
2096 804 2224 844 cum
2260 787 2462 845 fratres
2511 797 2701 846 essent
2739 802 2927 843 coram
2973 793 3067 842 tua
3097 785 3385 858 dignitate,
3423 801 3521 843 eo.

1926 895 2049 937 rum
2100 895 2269 936 causa
2328 881 2423 951 qui
2458 882 2640 937 locum
2681 879 2972 951 Capralem
3019 878 3288 943 incolunt,
3337 887 3520 957 tecum

1926 975 2246 1032 collecutus
2289 991 2434 1035 sum.
2485 982 2540 1030 et
2577 989 2674 1030 eos
2713 988 2901 1029 coram
2932 980 3030 1027 tua
3072 970 3363 1027 clementia
3393 986 3522 1043 pro-

1925 1065 2084 1136 duxi,
2120 1067 2445 1131 obsecrans,
2476 1073 2537 1122 ut
2560 1073 2687 1122 ante
2711 1066 2902 1120 oculos
2935 1063 3147 1119 habens
3188 1050 3523 1135 promissam-

1927 1174 1957 1212 a
1992 1157 2229 1215 Domino
2261 1158 2598 1223 mercedem,
2629 1167 2886 1229 protegas
2914 1171 3011 1212 eos
3060 1163 3122 1211 ut
3151 1169 3424 1227 pauperes
3455 1168 3523 1209 ac

1928 1252 1985 1306 in
2020 1252 2285 1308 cmnihus
2331 1251 2583 1306 amictus.
2617 1250 2684 1303 Et
2733 1264 2882 1304 nunc
2935 1264 3130 1305 rursus
3170 1263 3269 1319 per
3309 1247 3521 1303 litteras

1926 1345 2176 1402 eamdem
2215 1359 2422 1401 renovo
2461 1343 2856 1416 precationem,
2908 1341 3079 1398 Deum
3129 1349 3382 1396 sanctum
3422 1328 3525 1394 ob;

1928 1447 2182 1498 secrans,
2229 1441 2288 1488 ut
2324 1449 2446 1504 quae
2482 1448 2630 1488 nuiic
2670 1431 2769 1486 tibi
2822 1431 2978 1487 adest
3022 1431 3247 1486 claritas
3286 1445 3353 1484 ac
3395 1429 3521 1486 vita:

1928 1524 2193 1595 splendor
2230 1534 2616 1591 conservetur,
2649 1532 2816 1595 atque
2853 1525 3020 1580 etiam
3064 1523 3283 1579 auctior
3310 1521 3424 1590 iiat,
3459 1530 3523 1577 ut

1927 1634 1993 1674 ex
2044 1619 2254 1688 majore
2288 1625 2565 1690 potestate
2593 1617 2960 1688 locupletiora
3002 1616 3058 1672 in
3111 1631 3214 1671 nos
3252 1615 3522 1671 beneﬁcia

1927 1710 2188 1768 conferre
2224 1712 2429 1782 possis.
2480 1710 2597 1766 Hoc
2648 1711 2795 1766 enim
2850 1710 3012 1766 nobis
3065 1724 3234 1765 unum
3284 1710 3340 1763 in
3376 1708 3525 1763 votis

1928 1817 2074 1863 esse.
2107 1802 2279 1857 totius
2306 1811 2503 1858 vestrae
2545 1803 2746 1858 domus
2786 1800 3249 1867 incolumitatem,
3294 1815 3525 1872 persua-

1929 1908 2053 1950 sum
2083 1894 2182 1950 tibi
2215 1909 2339 1951 esse
2375 1895 2659 1950 existimo.

2404 2018 2746 2076 EPZSTOLA
2799 2018 3002 2076 CCCIX

483 2177 796 2230 Commendat
819 2189 981 2228 senem
1002 2190 1066 2230 ea:
1086 2175 1236 2229 divite
1254 2175 1643 2241 pauperrimum,
1672 2181 1718 2227 et
1743 2174 1898 2227 tribus
1918 2172 2088 2226 liberis
2111 2179 2383 2235 oneratum,
2408 2172 2471 2224 de
2492 2170 2665 2221 domus
2689 2184 2793 2223 sua:
2818 2184 2966 2224 censu
2986 2171 3272 2224 sollicitum.

616 2286 1044 2356 Ἅνεπίτραφος
1062 2327 1077 2352 ,
1112 2284 1214 2339 ἐπὶ
1238 2284 1448 2340 ἐνδεεῖ.

303 2394 455 2452 Πάνυ
501 2396 779 2465 κατέγνων
827 2395 921 2451 τοῦ
971 2395 1203 2467 ἀδελφοῦ
1248 2397 1403 2453 τοῦδε
1451 2393 1829 2468 φροντίζοντος

229 2491 330 2545 ἐπὶ
378 2492 445 2562 τῇ
497 2489 794 2560 ἀπογραφῇ
843 2488 939 2543 τοῦ
969 2488 1153 2543 οἴκουο
1205 2488 1266 2553 ὅς
1297 2505 1362 2558 γε
1394 2486 1506 2559 (77)
1543 2484 1829 2557 προλαϐὼν

229 2580 338 2652 τὴν
369 2578 676 2651 ἀναγκαίαν
702 2578 954 2634 ἀτέλειαν
993 2579 1105 2651 ἔχει
1156 2578 1267 2633 ἀπὸ
1308 2579 1407 2650 τῆς
1446 2578 1657 2642 πενίας.
1698 2575 1831 2630 Ἀπὸ

231 2673 350 2745 γὰρ
382 2672 500 2743 βίου
534 2671 790 2745 εὐπόρου,
816 2671 959 2729 οὕτω
996 2671 1091 2729 τοῦ
1124 2672 1332 2743 Κυρίου
1365 2671 1460 2725 ἐπὶ
1500 2670 1831 2742 συμφέροντι

230 2765 339 2835 τῆς
363 2762 543 2835 ψυχῆς
567 2762 733 2819 αὐτοῦ
772 2764 1254 2835 οίκονομήσαντος,
1283 2763 1380 2817 νῦν
1422 2763 1501 2827 είς
1536 2764 1637 2834 τὴν
1669 2762 1832 2832 ἐσχά-

234 2874 342 2927 την
369 2856 561 2911 πενίαν
609 2856 977 2929 περιετράπη,
1024 2856 1101 2920 ὡς
1147 2857 1300 2928 μόλις
1336 2857 1434 2928 μὲν
1482 2857 1576 2910 καὶ
1623 2856 1719 2928 τῆς
1746 2854 1830 2925 ἐφ’

235 2948 456 3020 ἡμέραν
511 2947 624 3020 (78)
655 2949 861 3021 τροφῆς
910 2948 1184 3020 εὐπορεῖν,
1230 2947 1564 3021 ἀνδραπόδου
1608 2947 1665 3001 δὲ
1698 2946 1833 3019 μηδὲ

236 3038 364 3101 ὲνδς
394 3038 710 3110 κατάρχειν,
743 3038 852 3091 ἀπὸ
897 3036 1106 3091 πολλῶν
1153 3033 1229 3092 ὧν
1283 3040 1548 3111 πρότερον
1585 3033 1731 3108 εἶχεν
1775 3038 1833 3090 ὲν

235 3132 308 3201 τῇ
346 3129 537 3183 ἑαυτοῦ
562 3129 869 3202 δεσποτεία.
896 3129 1083 3201 Τούτῳ
1125 3130 1186 3183 τὸ
1226 3129 1386 3201 σῶμα
1424 3129 1834 3199 περιλέλειπται

244 3222 432 3293 μόνον,
459 3223 552 3276 καὶ
588 3221 748 3276 τοῦτο
774 3222 999 3287 ἀσθενὲς
1028 3223 1123 3277 καὶ
1154 3224 1404 3295 γηραιὸν,
1436 3222 1512 3287 ὡς
1549 3222 1643 3276 καὶ
1673 3222 1835 3286 αὐτὸς

238 3315 404 3387 ὁρᾷς·
453 3315 546 3369 καὶ
594 3314 782 3379 παῖδες
818 3317 986 3387 τρεῖς,
1024 3317 1306 3387 προσθήκη
1354 3318 1650 3388 φροντίδων
1681 3317 1836 3390 ἀνδρὶ

241 3402 458 3477 πένητι.
498 3405 619 3458 Ὀτι
675 3405 774 3476 μὲν
825 3400 919 3459 οὖν
968 3404 1120 3460 οὐδὲν
1178 3405 1348 3459 ἐδεῖτο
1407 3407 1506 3478 τῆς
1560 3408 1837 3480 ἡμετέρας

239 3497 565 3569 πρεσϐείας,
598 3497 786 3569 ἱκανὴν
817 3496 954 3569 ἔχων
985 3497 1087 3569 τὴν
1139 3500 1329 3552 πενίαν
1377 3498 1697 3569 δυσωπῆσαι
1722 3499 1834 3570 (79)

237 3589 333 3643 διὰ
355 3589 416 3643 τὸ
443 3589 824 3661 φιλάνθρωπον
844 3587 935 3642 τοῦ
964 3589 1186 3660 τρόπου,
1219 3589 1462 3661 ἀκριϐῶς
1494 3591 1830 3661 ἠπιστάμην.

251 3680 413 3733 Ἐπεὶ
442 3679 499 3734 δὲ
540 3680 858 3752 δυσάρεστοι
887 3681 936 3733 oi
974 3679 1270 3744 αἰτοῦντες,
1315 3679 1589 3751 ἐφοϐήθην
1624 3681 1836 3751 μήποτε

242 3771 555 3846 ὲλλιμπάνῃ
585 3772 696 3845 (80)
741 3788 794 3825 τι
840 3770 951 3825 τῶν
990 3772 1071 3836 είς
1113 3772 1273 3826 αὐτὸν
1324 3771 1713 3843 ὀφειλομένων,
1745 3772 1839 3825 καὶ

243 3864 563 3931 ἐπέστειλα,
602 3861 780 3928 εἰδὼς,
814 3864 897 3917 ὅτι
941 3865 975 3935 ἡ
1022 3864 1207 3937 ἡμέρα
1236 3862 1407 3935 αὐτῷ,
1435 3866 1493 3917 ὲν
1595 3863 1659 3918 ἂν
1689 3863 1841 3935 πρῶ-

242 3974 341 4013 τον
369 3958 452 4029 ἴδῃ
481 3973 573 4010 σου
604 3955 703 4029 τὴν
732 3955 1057 4027 σεμνότητα,
1085 3957 1228 4027 ἀρχὴ
1272 3954 1511 4027 εὐθύμου
1555 3955 1670 4026 βίου
1704 3956 1843 4028 πρὸς

2275 2277 2405 2334 Sine
2436 2278 2809 2347 inscriptione,
2850 2294 2948 2348 pro
2988 2294 3167 2348 egeno.

2006 2393 2326 2465 Vituperavi
2368 2407 2598 2463 prorsus
2630 2390 2779 2447 hunc
2806 2390 3033 2447 fratrem
3076 2389 3145 2447 de
3175 2389 3373 2448 domus
3406 2406 3522 2449 sum

1933 2502 2110 2545 censu
2152 2486 2478 2548 sollicitum,
2512 2485 2717 2556 quippe
2761 2499 2887 2538 cum
2933 2484 2991 2538 in
3042 2468 3389 2541 antecessum
3429 2501 3525 2540 ne-

1933 2580 2233 2638 cessariam
2262 2579 2666 2635 immunitatem
2705 2584 3005 2648 paupertas
3035 2576 3088 2632 ei
3119 2576 3350 2632 tribuat.
3380 2575 3521 2637 Nam

1934 2689 1965 2728 a
1987 2672 2101 2729 vita
2128 2672 2411 2742 opulenta,
2446 2672 2522 2725 ita
2565 2670 2799 2726 Domino
2824 2671 2891 2726 ad
2925 2670 3124 2726 animae
3156 2670 3336 2740 ipsius
3366 2671 3521 2726 utili-

1934 2773 2101 2821 tatem
2146 2764 2529 2835 dispensante,
2585 2779 2736 2818 nunc
2772 2764 2827 2817 in
2861 2770 3169 2819 extremam
3220 2770 3522 2835 egestatem

1934 2858 2193 2916 redactus
2222 2863 2331 2922 est,
2380 2856 2519 2912 adeo
2551 2864 2612 2912 ut
2647 2856 3011 2927 quotidianus
3050 2856 3217 2911 etiam
3261 2855 3439 2912 victus
3471 2855 3523 2917 ei

1935 2949 2024 3005 vix
2054 2956 2331 3021 suppetat,
2364 2956 2418 3003 et
2457 2964 2524 3004 ex
2557 2949 2747 3004 multis
2782 2948 3100 3020 mancipiis,
3129 2962 3252 3019 qua:
3281 2947 3439 3018 prius
3466 2948 3524 3015 in

1936 3057 2036 3098 sua
2060 3048 2327 3113 potestate
2346 3041 2634 3107 habuerat,
2666 3040 2805 3095 nulli
2838 3055 3066 3111 prorsus
3095 3040 3347 3111 imperet.
3375 3038 3519 3095 Huic

1936 3152 2143 3207 corpus
2174 3137 2355 3192 solum
2384 3147 2661 3206 supereSt,
2689 3134 2874 3205 idque,
2907 3141 2970 3187 ut
2999 3141 3054 3187 et
3083 3132 3203 3205 ipse
3230 3132 3409 3199 vides,
3441 3133 3525 3188 in-

1939 3230 2158 3284 ﬁrmum
2188 3237 2243 3285 et
2275 3229 2431 3286 senio
2457 3227 2799 3292 confectum,
2833 3235 2889 3283 et
2921 3227 3079 3283 liberi
3111 3233 3247 3293 tres,
3273 3226 3524 3282 accessio

1938 3338 2198 3378 curarum
2225 3323 2344 3377 viro
2370 3319 2660 3392 indigenti.
2690 3318 2850 3375 Hunc
2881 3319 3050 3390 igitur
3085 3319 3218 3374 nihil
3258 3333 3399 3389 opus
3431 3318 3529 3372 ha-

1938 3412 2072 3468 bere
2102 3412 2420 3483 precatione
2455 3426 2600 3476 mea,
2634 3425 2760 3466 cum
2798 3410 3052 3466 idoneam
3103 3410 3301 3465 habeat
3335 3408 3401 3463 ad
3433 3408 3529 3464 lle-

1939 3504 2199 3560 ctendum
2223 3510 2603 3574 paupertatem
2627 3502 2698 3557 ob
2718 3517 2932 3557 morum
2965 3509 3186 3556 tuorum
3217 3500 3529 3556 humanita-

1941 3603 2074 3655 tem.
2097 3605 2249 3649 certo
2274 3594 2539 3650 sciebam.
2567 3590 2675 3647 Sed
2700 3593 2829 3664 quia
2852 3592 3072 3649 diﬂicile
3098 3603 3183 3649 est
3205 3592 3530 3650 satisfacere

1938 3686 2275 3757 petentibus,
2314 3685 2472 3739 timui
2506 3699 2576 3739 ne
2611 3684 2700 3737 cui
2730 3683 2910 3738 oliicio
2935 3685 2985 3739 ei
3024 3684 3210 3739 debito
3238 3684 3526 3749 deessem;

1941 3783 2107 3846 atque
2142 3773 2280 3828 adeo
2315 3772 2536 3842 scripsi,
2586 3771 2756 3842 probe
2799 3772 2981 3827 sciens
3006 3771 3148 3827 diem
3200 3773 3374 3837 illum,
3419 3787 3530 3842 quo

1957 3877 2107 3923 tuam
2173 3868 2493 3938 gravitatem
2550 3863 2791 3936 primum
2847 3863 3079 3929 viderit,
3137 3862 3355 3918 initium
3404 3863 3529 3919 vita:

1945 3961 2204 4031 deinceps
2246 3960 2473 4016 laetioris
2523 3959 2794 4022 futurum,
2846 3966 2902 4012 et
2950 3957 3235 4013 meliorem
3288 3956 3528 4027 aliquam

244 4049 343 4104 τὸν
382 4048 523 4120 μετὰ
561 4048 734 4103 ταῦτα
771 4048 963 4121 χρόνον
1007 4048 1319 4119 γενήσεται,
1370 4049 1466 4103 καὶ
1513 4048 1674 4102 δώσει
1725 4066 1845 4103 τινα

1949 4053 2096 4109 illius
2126 4068 2309 4109 rerum
2339 4050 2695 4106 mutationem
2731 4048 3055 4104 allaturum.

249 4140 500 4215 βελτίονα
524 4140 633 4197 τῶν
662 4139 1005 4213 πραγμάτων
1037 4140 1201 4195 αὐτοῦ
1229 4140 1339 4213 (8i)
1373 4140 1697 4215 μεταϐολήν-

802 4297 1146 4352 ΕΠΙΣΤΟΛΗ
1179 4296 1280 4352 Tl'.

2298 4292 2460 4366 M3
2488 4290 2824 4348 EPlSTOLA
2860 4288 3042 4345 cccx

1120 4411 1431 4465 Commendat
1453 4418 1680 4479 cognatos
1703 4424 1816 4464 suos
1837 4425 1898 4465 ac
1917 4418 2115 4465 crateras
2136 4403 2433 4459 Ariarathicc
2466 4404 2669 4457 incolas.

551 4524 993 4596 Ἀνεπίγραςρος,
1035 4523 1184 4594 ὑπὲρ
1222 4522 1553 4595 συγγενῶν.

330 4615 490 4689 Αὐτῷ
535 4632 625 4688 μοι
678 4614 1145 4688 περισπούδαστον
1191 4609 1260 4686 ἦν
1305 4618 1586 4686 συντυχεῖν
1637 4632 1730 4670 σου
1775 4619 1843 4689 τῇ

333 4748 617 4825 (75)_Toic
653 4747 964 4825 ᾥεᾴςοοῒς.
1022 4746 1228 4825 mutata
1276 4747 1703 4819 interpungendi
1752 4762 1845 4825 [a-

254 4817 637 4883 tiohe'lucem
700 4817 829 4875 huic
876 4821 1000 4875 loco
1036 4818 1235 4874 aﬂ’erre
1281 4826 1515 4874 conatus
1549 4817 1703 4875 “sum.
1749 4817 1844 4874 Sic

256 4898 407 4954 enim
441 4900 561 4951 erat
602 4892 659 4946 in
700 4888 887 4957 editis,
921 4890 1035 4959 Kal.
1074 4887 1360 4959 παρούσης
1392 4888 1492 4957 τῆς
1535 4887 1845 4958 τιμιότητός

260 4945 519 5030 Emicat;
547 4945 1195 5031 άδελφὸῖς..,’διελέχθην.
1233 4945 1392 5014 Unde
1416 4945 1709 5031 interpres,
1735 4945 1846 5012 ﬁeri
1874 4945 1925 5007 υ

260 5025 470 5093 manem
499 5025 661 5086 habui
684 5025 806 5085 eum
830 5025 1111 5100 fratribus,
1132 5025 1347 5100 eorum,
1378 5029 1468 5100 qui
1489 5025 1737 5100 Capro“;
1757 5044 1844 5083 τε-

260 5050 470 5093 manem
499 5044 661 5086 noon:
684 5046 806 5085 eum
830 5044 1111 5100 tratrtous,
1143 5044 1347 5093 eorum,
1378 5044 1468 5150 ﬁn:
1491 5044 1737 5096 hapram
1757 5044 1843 5083 re-

260 5105 716 5180 gioneortiaunt,
736 5102 913 5174 gratia
934 5116 953 5154 :
980 5099 1075 5156 sed
1101 5099 1353 5180 quos‘hic
1420 5097 1613 5180 asilius
1637 5097 1843 5180 fratres

263 5169 524 5249 appellat,
547 5173 604 5227 hi
625 5173 719 5227 alii
738 5169 867 5249 esse
892 5186 1003 5249 non
1030 5175 1280 5249 possunt,
1302 5182 1471 5249 quam
1487 5169 1674 5249 selecti
1694 5169 1842 5227 cives

263 5237 629 5320 Capralenses
666 5257 732 5320 ac
778 5241 870 5320 de_
890 5237 1056 5297 rebus
1088 5240 1297 5320 patrne
1320 5237 1498 5295 missi.
1531 5237 1714 5306 Quare
1741 5255 1842 5320 ne-

262 5310 543 5391 quiquam
575 5312 958 5391 his‘fratrihus
984 5326 1074 5367 res
1092 5310 1463 5391 Capralenses
1491 5310 1844 5391 commenda-

264 5380 527 5455 batfsed
570 5385 755 5456 potius
789 5385 838 5456 ei
872 5385 941 5456 ad
974 5396 1137 5454 quem
1185 5380 1300 5456 haec
1345 5380 1550 5456 scripta
1587 5381 1840 5456 epistola.

268 5451 385 5515 Hos
416 5451 779 5514 enim'coram
827 5454 924 5511 illo
973 5451 1134 5508 antea
1164 5451 1444 5522 produxit,
1487 5458 1547 5506 ut
1582 5451 1657 5522 de,
1677 5451 1843 5507 rebus

267 5529 691 5601 Capralensium
737 5534 968 5601 ageret:
1006 5520 1422 5601 nunc—eosdem
1462 5536 1591 5601 cum
1646 5520 1847 5601 litteris

269 5592 456 5657 mittit.
488 5600 757 5655 Caeterum
775 5592 1001 5653 'clarior
1030 5595 1202 5648 multo
1229 5601 1376 5648 esset
1411 5599 1522 5646 tota
1549 5592 1843 5646 verborum

271 5671 598 5742 complexio.
627 5669 671 5725 si
697 5674 954 5723 deessent
983 5668 1065 5721 ha:
1093 5679 1277 5742 voces,
1305 5666 1417 5725 τοῖς
1441 5662 1711 5742 ᾁδελφοίς,
1739 5662 1847 5742 Sed

273 5744 320 5797 si
353 5735 716 5800 retineantur,
771 5753 881 5793 non
929 5744 1063 5808 puto
1110 5736 1287 5792 aliter.
1344 5750 1406 5789 ac
1454 5735 1847 5802 interpretatus

274 5829 419 5880 sum,
452 5811 625 5880 accipi
654 5808 875 5865 debere.

2270 4519 2398 4576 Sine
2430 4519 2794 4589 inscriptione,
2824 4532 2921 4586 pro
2954 4516 3215 4587 cognatis.

2023 4615 2155 4671 Mihi
2184 4612 2289 4686 ipsi
2319 4612 2613 4669 admodum
2658 4612 2713 4666 in
2745 4610 2949 4681 optatis
3002 4615 3122 4664 erat
3161 4623 3285 4663 cum
3317 4614 3411 4662 tua
3454 4606 3535 4662 fa.

2022 4749 2136 4832 (Ἰϐ)
2174 4747 2351 4832 ςημῖγ
2586 4744 2756 4801 Cois].
2788 4742 3067 4801 secundus
3096 4749 3152 4799 et
3177 4740 3309 4814 Reg.
3337 4755 3537 4797 secun-

1951 4817 2056 4876 dus
2082 4817 2255 4942 ήμῶν
2273 4817 2431 4888 εὐχή.
2462 4885 2474 4898 .
2809 4882 2822 4895 .
2987 4882 3000 4895 _
3474 4883 3483 4892 ι
3514 4880 3528 4893 .

2022 4889 2076 4961 (7
2119 4888 2273 4961 λζος
2301 4904 2388 4961 τε.
2420 4885 2512 4942 Sic
2533 4883 2699 4950 Med.,
2728 4881 2896 4939 Corsi.
2918 4896 3131 4954 primus
3152 4888 3208 4937 et
3238 4878 3357 4936 Vat.
3386 4877 3533 4936 Editt

1950 4955 2100 5016 ὃσῨε.
2119 4955 2348 5016 ’[ῐὶθοιὲ.

1983 4955 2567 5102 Ἵξέ)[ῐὲἕὲθιίῦιέρᾳῇ
2593 5023 2729 5102 Reg.
2744 5021 3032 5102 secundus
3061 5028 3116 5102 et
3143 5014 3311 5102 Coisl.
3341 5034 3539 5102 secun-

2024 5036 2138 5102 (78)
2179 5036 2300 5097 'Ego‘
2318 5036 2567 5097 ἡμέραν.
2593 5036 2729 5148 liv.
2752 5036 3032 5079 secundus
3061 5036 3116 5076 et
3143 5036 3311 5076 υοιει.
3341 5036 3534 5077 secun-

1951 5102 2057 5158 dus
2084 5099 2388 5171 ἐφημέρου.
2416 5096 2623 5153 Ibidem
2702 5094 2954 5149 aticanus
2990 5092 3165 5149 codex
3200 5089 3534 5163 ἀνδραπόδου

1948 5169 2557 5322 ἓᾶἒξεχῗξὲωπῇσαι.
2592 5235 2727 5310 Reg.
2754 5234 3031 5293 secundus
3056 5240 3113 5290 et
3138 5231 3308 5289 Coisl.
3336 5245 3535 5288 secun-

1950 5308 2056 5370 dus
2084 5308 2400 5380 δυσωπῆσαι
2437 5324 2517 5380 σε.

2025 5372 2570 5454 (80)]Ελλιμπάνῃ.
2602 5377 2771 5435 Coisl.
2801 5375 3078 5435 secundus
3101 5383 3154 5432 et
3183 5372 3319 5445 Reg.
3342 5386 3538 5429 secun-

1951 5450 2056 5511 dus
2086 5450 2459 5521 ὲλλιμπάνειν.
2533 5517 2559 5521 μ
2603 5518 2612 5521 Α
2654 5519 2664 5521 ᾼ
2791 5519 2798 5521 _
3036 5516 3081 5521 __
3189 5489 3193 5521 ξ

2026 5508 2139 5592 (si)
2170 5508 2690 5592 Aeqp_o_.__l_i_a__goisl.
2719 5519 2931 5591 primus
2954 5528 3008 5576 et
3036 5516 3159 5573 Vat.
3189 5513 3333 5571 Editi
3359 5508 3533 5587 αὐτῷ.

2033 5586 2052 5618 δ
2082 5586 2233 5646 Alias
2262 5586 2591 5644 CCXXXIII.

2030 5667 2071 5687 “
2106 5662 2260 5716 Alias
2290 5656 2548 5714 CCXXX.

2029 5736 2093 5759 ¹“
2129 5731 2277 5788 Alias
2304 5725 2657 5786 CCXXXVII.
