3878 6222
353 337 497 396 1059

1706 332 1763 388 S.
1805 330 2053 388 BASILII
2094 329 2312 387 MAGNI

3491 327 3511 378 I
3522 325 3624 380 060

351 458 554 519 cundia
601 455 863 527 congredi
896 453 1148 526 pluribus
1179 452 1248 508 de
1304 451 1531 508 causis:
1565 453 1826 524 primum,
1871 458 1932 506 ut

2049 451 2309 520 λογιότητι
2360 447 2570 502 πολλῶν
2619 446 2835 501 ἐνεκενο
2889 445 3102 517 πρῶτον
3152 444 3273 512 μὲν,
3318 440 3462 496 ὥστε
3503 444 3627 497 ἀπο-

353 550 537 614 bonis,
571 563 694 620 qua:
718 547 817 602 tibi
840 549 1052 610 insunt,
1077 545 1240 616 longo
1266 543 1558 598 intervallo
1589 543 1933 614 perfruerer;

353 641 577 706 deinde,
614 648 674 696 ut
710 639 876 695 etiam
912 652 1012 708 pro
1043 636 1370 690 Ariaratbia:
1407 636 1605 690 incolis
1659 643 1712 688 te
1744 648 1937 704 preca-

355 749 448 789 rer
477 751 492 788 :
525 731 728 802 quibus
751 729 1079 800 jamdudum
1107 728 1352 798 gravatis
1381 727 1533 781 dedit
1563 725 1828 780 Dominus
1849 725 1936 779 di-

357 841 522 896 gnum
573 823 853 886 solatium,
904 821 1196 891 probitatis
1247 829 1354 874 tua:
1398 819 1933 876 administrationem

356 919 466 975 illis
488 916 816 973 concedens.
848 915 945 968 Est
979 923 1159 968 autem
1191 922 1245 968 et
1278 914 1383 968 alia
1405 913 1651 984 quaedam
1686 927 1934 966 meorum

355 1019 714 1082 cognatorum
752 1007 1052 1078 possessio,
1088 1023 1210 1076 qua:
1236 1005 1394 1060 valde
1418 1016 1693 1076 gravatur,
1727 1019 1792 1058 ac
1823 1003 1935 1058 fere

353 1111 515 1172 caput
539 1113 622 1156 est
654 1100 854 1169 inopiae
876 1097 1237 1151 Ariaratbicaz
1269 1116 1281 1151 :
1309 1097 1397 1151 cui
1425 1097 1586 1152 etiam
1629 1112 1841 1167 precor,
1875 1102 1935 1149 ut

353 1191 666 1264 benignitas
724 1197 841 1252 tua,
900 1195 1168 1258 quantum
1216 1187 1330 1242 ﬁeri
1382 1195 1582 1257 potest,
1628 1187 1933 1252 medeatur,

353 1301 462 1356 quo
491 1285 560 1340 ab
584 1287 653 1341 iis
678 1285 772 1356 qui
798 1283 1107 1357 potiuntur,
1140 1281 1401 1353 deinceps
1444 1283 1573 1338 ferri
1608 1281 1805 1352 possit.

817 1623 1158 1680 EPISTOLA
1197 1617 1400 1676 CCCXI
1431 1622 1470 1672 °.

2041 543 2237 597 λαῦσαι
2261 542 2370 594 τῶν
2412 543 2470 595 ἐν
2519 542 2601 594 σοὶ
2639 540 2819 594 καλῶν
2850 540 2937 593 διὰ
2974 537 3168 591 πολλοῦ
3202 535 3298 589 τοῦ
3338 538 3395 588 ἐν
3423 535 3501 605 τῷ
3533 553 3625 607 με-

2041 634 2173 699 ταξὺ
2199 635 2391 706 χρόνου
2409 649 2422 663 ·
2453 633 2644 687 ἔπειτα
2672 632 2749 700 δὲ,
2781 634 2874 686 καὶ
2901 632 3028 702 περὶ
3059 629 3166 683 τῶν
3195 629 3341 682 κατὰ
3375 631 3624 700 ’Δριαρα-

2044 725 2164 778 θίαν
2216 723 2516 795 ἀνθρώπων
2559 721 2935 792 παρακαλέσαι
2985 734 3079 771 σε’
3139 713 3223 782 οἷς
3284 718 3351 770 ἐκ
3396 715 3623 770 παλαιοῦ

2044 815 2382 886 Θλιϐομένοις
2433 815 2630 868 ἔδωκεν
2683 816 2712 867 ὁ
2766 813 2968 884 Κύριος
3022 809 3178 876 ἀξίαν
3234 810 3624 881 παραμυθίαν,

2042 910 2139 981 τῆς
2176 909 2272 978 σῆς
2306 907 2593 978 ὀρθότητος
2638 906 2736 978 τὴν
2774 905 3091 960 ἐπιστασίαν
3121 905 3306 966 αὐτοῖς
3331 902 3442 973 (82)
3474 920 3624 973 χαρι-

2044 1003 2295 1072 σάμενος.
2338 1001 2492 1053 Ἐστι
2523 999 2580 1052 δέ
2620 1017 2670 1052 τι
2709 999 2804 1052 καὶ
2847 997 3032 1069 ἓτερον
3076 996 3186 1049 τῶν
3217 994 3498 1063 συγγενῶν
3522 993 3626 1045 τῶν

2041 1091 2191 1162 ἐμῶν
2221 1092 2360 1145 πάνυ
2412 1090 2804 1163 βεϐαρημένον,
2857 1090 2948 1142 καὶ
3003 1088 3187 1158 σχεδὸν
3227 1087 3289 1140 τὸ
3336 1084 3625 1156 καιριιέιτα-

2040 1200 2132 1237 τον
2160 1184 2258 1254 τῆς
2301 1182 2692 1254 Ἀριαραθικῆς
2724 1182 2957 1254 ἀπορίας
3003 1181 3274 1252 ὑπάρχον·
3318 1180 3417 1232 καὶ
3461 1195 3625 1248 παρα-

2043 1274 2197 1329 καλῶ
2235 1274 2347 1344 (85)
2383 1273 2524 1326 κατά
2579 1273 2638 1326 τὸ
2683 1273 3028 1343 ἐνδεχόμενον
3083 1271 3438 1343 ἰατρευθῆναι
3485 1271 3628 1339 παρὰ

2043 1368 2141 1437 τῆς
2171 1367 2268 1438 σῆς
2297 1366 2684 1437 χρηστότητος,
2727 1365 2870 1417 ὥστε
2901 1367 3134 1436 ιςορητὸν
3179 1364 3276 1417 τοῦ
3320 1362 3512 1416 λοιποῦ
3543 1378 3628 1429 γε·

2043 1458 2230 1514 νέσθαι
2258 1461 2368 1521 τοῖς
2402 1457 2778 1529 κεκτημένοις.

2574 1621 2921 1674 ΕΠΙΣΤΟΛΗ
2943 1619 3090 1674 TIA'.

768 1735 918 1798 Rogat
938 1741 988 1784 ut
1012 1732 1146 1783 illius
1169 1729 1360 1790 domus,
1387 1728 1470 1793 qui
1489 1728 1613 1779 lianc
1631 1729 1882 1795 epistolam
1908 1729 2109 1794 ferebat,
2133 1729 2344 1796 publicis
2369 1730 2646 1782 muneribus
2671 1739 2868 1796 gravata
2905 1734 3142 1785 sublevet»
3164 1743 3192 1782 ‘.

977 1840 1301 1909 Principuli.

426 1957 625 2015 Multas
659 1971 746 2012 me
783 1962 987 2026 cogunt
1010 1954 1221 2008 litteras
1251 1951 1508 2020 digmtati
1540 1950 1934 2006 tuae‘scribere

353 2052 449 2126 qui
478 2047 948 2108 asseverationum
985 2058 1231 2100 mearum
1269 2045 1536 2098 rationem
1571 2059 1678 2097 non
1707 2044 1931 2107 habent,

353 2145 449 2204 sed
489 2141 770 2215 proprium
797 2137 1057 2210 quiddam
1104 2151 1168 2192 ac
1200 2136 1463 2190 eximium
1517 2135 1569 2190 in
1609 2135 1726 2192 suis
1767 2134 1932 2190 rebus

351 2234 670 2306 exquirunt.
717 2227 1047 2285 Jamdudum
1089 2227 1235 2279 enim
1281 2227 1363 2282 eis
1411 2225 1737 2282 testiﬁcatus
1785 2242 1929 2288 sum,

353 2328 430 2383 ita
459 2333 515 2382 te
555 2338 903 2380 communem
940 2320 1061 2376 fore
1117 2329 1170 2374 et
1208 2319 1534 2390 aequabilem
1589 2319 1750 2373 nobis
1787 2319 1931 2388 juris

351 2415 660 2484 custodem,
700 2421 762 2469 ut
790 2429 950 2468 nemo
974 2412 1212 2481 amplius
1241 2409 1543 2481 quidquam
1580 2409 1650 2464 ad
1682 2409 1936 2463 humani-

351 2517 523 2565 tatem
559 2507 934 2578 requisiturus
975 2504 1068 2570 sit,
1100 2503 1209 2558 nisi
1245 2503 1369 2574 plus
1397 2502 1552 2571 justo
1594 2502 1788 2557 avidus
1819 2501 1937 2557 fue-

351 2602 445 2656 rit.
478 2599 585 2656 Sed
611 2607 793 2654 tamen
834 2605 896 2651 ut
929 2596 1057 2650 huic
1087 2595 1298 2650 homini
1339 2592 1806 2657 satisfaceremus,
1837 2593 1935 2649 de-

352 2693 535 2748 dimus
561 2692 612 2746 ei
653 2690 966 2762 epistolam,
1003 2687 1457 2743 commendantes
1504 2702 1629 2741 eum
1679 2686 1797 2751 tibi,
1846 2701 1937 2738 ro-

351 2791 652 2856 gantesque
706 2789 768 2837 ut
813 2791 866 2837 et
918 2781 1154 2835 libenter
1203 2779 1384 2848 ipsum
1439 2777 1649 2842 videas,
1707 2784 1760 2831 et
1806 2777 1935 2846 quia

351 2885 600 2948 tempore
625 2874 830 2930 iatiscit
857 2873 1009 2929 illius
1032 2873 1228 2928 domus
1274 2870 1329 2923 in
1372 2869 1644 2924 obeundis
1685 2869 1933 2923 muneri-

352 2971 477 3038 bus,
509 2985 651 3037 eam,
677 2975 943 3040 quantum
973 2965 1056 3021 fas
1088 2966 1214 3030 erit,
1243 2963 1481 3018 allevare
1509 2962 1778 3032 digneris.

787 3214 1125 3271 EPISTOLA
1167 3215 1393 3270 CCCXII

2635 1841 3024 1908 Πρωτεύοντι.

2115 1955 2322 2020 Πολλὰς
2379 1959 2511 2026 ἡμῖν
2575 1955 2788 2009 ποιοῦσι
2835 1955 2932 2018 τὰς
2998 1955 3288 2019 ἐπιστολὰς
3342 1955 3480 2026 πρὸς
3534 1958 3631 2026 τὴν

2045 2050 2143 2122 σὴν
2201 2049 2490 2122 τιμιότητα
2547 2050 2595 2102 οἱ
2659 2051 2778 2111 ταῖς
2841 2047 3285 2100 διαϐεϐαιώσεσιν
3338 2047 3497 2118 ἡμῶν
3554 2047 3630 2120 μὴ

2042 2143 2418 2213 προσέχοντες,
2458 2141 2573 2196 ἀλλ’
2601 2140 2731 2194 ἴδιόν
2757 2157 2806 2192 τι
2841 2141 2935 2193 καὶ
2968 2139 3243 2212 ἐξαίρετον
3278 2141 3338 2192 ἐν
3367 2143 3480 2203 τοῖς
3515 2141 3631 2193 ἐαυ-

2040 2232 2148 2284 τῶν
2190 2230 2591 2302 ἐπιζητοῦντες.
2635 2229 2808 2283 Πάλαι
2841 2229 2948 2300 γὰρ
2990 2231 3150 2299 ἡμεῖς
3195 2229 3381 2292 αὐτοῖς
3409 2228 3631 2299 διεμαρ⁴

2041 2322 2344 2394 τυρὰμεθα,
2383 2322 2466 2375 ὅτι
2503 2322 2674 2386 οὓτως
2727 2323 2827 2395 ἔσῃ
2878 2321 3055 2384 κοινὸς
3097 2321 3192 2374 καὶ
3239 2323 3354 2384 ἴσος
3398 2321 3506 2374 τῶν
3556 2321 3628 2373 δι-

2044 2416 2210 2469 καίων
2258 2416 2390 2486 ἡμῖν
2424 2413 2618 2484 φύλαξ,
2661 2413 2800 2468 ὥστε
2847 2414 3050 2485 μηδένα
3099 2413 3259 2467 πλέον
3297 2413 3627 2483 ἐπιζητῆσαί

2043 2525 2096 2560 τι
2125 2507 2233 2559 τῶν
2260 2509 2338 2569 είς
2369 2506 2801 2577 φιλανθρωπίαν,
2831 2506 2925 2559 ἐὰν
2957 2508 3031 2577 μή
3068 2524 3172 2558 που
3201 2505 3484 2576 ὑπερϐάλῃ
3519 2504 3628 2574 (84)

2044 2604 2109 2672 τῇ
2180 2600 2473 2671 ἀπληστίᾳ.
2521 2600 2712 2670 Ὅμως
2769 2599 2825 2652 δὲ
2904 2599 3380 2671 πληροφοροῦντες
3437 2598 3622 2660 τόνδε,

2037 2686 2318 2757 ἐδώκαμεν
2349 2687 2498 2757 αὑτῷ
2539 2687 2636 2757 τὴν
2687 2687 2994 2759 ἐπιστολὴν,
3030 2687 3388 2751 ωνιστῶντὲς
3425 2705 3506 2740 σοι
3536 2688 3628 2740 τὸν

2037 2778 2226 2850 ἄνδρα,
2258 2779 2354 2832 καὶ
2391 2777 2833 2850 παρακαλοῦντες
2867 2779 3048 2843 καλῶς
3075 2797 3133 2832 τε
3161 2779 3328 2834 αὑτὸν
3357 2780 3503 2840 ἰδεῖν,
3535 2781 3624 2833 καὶ

2035 2869 2123 2922 διὰ
2163 2870 2224 2922 τὸ
2264 2870 2440 2941 χρόνῳ
2475 2871 2814 2942 κεκμηκὲναι
2857 2871 3022 2925 αὑτοῦ
3056 2873 3145 2925 τὸν
3181 2869 3329 2926 οἷκον
3367 2873 3458 2924 ἐπὶ
3507 2876 3624 2936 ταῖς

2037 2961 2434 3030 λειτουργίαις,
2479 2963 2578 3034 τῆς
2622 2964 2975 3037 ἐνδεχομένης
3024 2966 3187 3019 αὐτὸν
3229 2965 3623 3036 παρακλήσεως

2038 3051 2290 3118 ἀξιῶσαι.

2569 3217 2915 3270 ΕΠΙΣΤΟΛΗ
2955 3215 3098 3273 TIB'.

1165 3328 1474 3379 Conuuendut
1497 3326 1709 3389 aliquem
1734 3333 2017 3378 metuentem
2041 3343 2099 3382 ne
2121 3343 2185 3381 ea:
2203 3343 2325 3382 novo
2355 3343 2501 3382 censu
2525 3331 2804 3384 laederetur.

1004 3435 1285 3490 Censitori.

420 3550 572 3608 Nosti
604 3565 726 3622 quae
772 3549 1036 3605 accedant
1065 3549 1386 3604 hominibus
1417 3565 1482 3605 ex
1529 3551 1785 3605 censibus
1814 3559 1929 3606 tum

349 3644 504 3700 lucra
548 3651 665 3698 tum
712 3641 1062 3698 detrimenta.
1107 3640 1289 3707 Quare
1333 3641 1461 3695 huic
1510 3640 1737 3711 ignosce
1781 3642 1836 3695 in
1877 3641 1930 3696 id

351 3735 708 3791 vehementer
756 3733 1120 3799 incumbenti,
1156 3748 1224 3788 ne
1248 3733 1378 3802 quid
1426 3733 1612 3787 damni
1647 3734 1881 3812 accipiat
1914 3749 1929 3786 :

350 3827 654 3898 quinetiam
685 3827 734 3882 ei
769 3827 836 3881 ad
863 3827 956 3896 jus
996 3825 1357 3880 obtinendum
1389 3841 1487 3897 pro
1517 3826 1664 3881 virili
1692 3828 1933 3897 patroci-

350 3921 471 3976 nari
498 3919 555 3976 in
581 3920 823 3976 animum
856 3918 1116 3974 inducas.

769 4074 1108 4174 E.PISTOLA
1147 4072 1393 4132 CCCXIII

2661 3447 2746 3511 1ιή
2753 3447 3000 3512 νσίτορι.

2107 3549 2268 3618 Οἶδας
2295 3553 2395 3618 τὰς
2434 3556 2498 3608 ἐκ
2533 3555 2640 3608 τῶν
2687 3557 2902 3628 κήνσων
2940 3560 3034 3612 καὶ
3073 3559 3346 3628 ὠφελείας
3379 3568 3471 3620 καὶ
3499 3567 3617 3638 βλα-

2035 3643 2154 3707 ϐας,
2184 3643 2283 3708 τὰς
2311 3645 2601 3716 γινομένας
2642 3650 2752 3710 τοῖς
2783 3647 3109 3718 ἀνθρώποις.
3146 3651 3312 3706 Ὥστε
3355 3655 3620 3725 σύγγνωθι

2031 3734 2166 3806 τῷδε
2219 3736 2418 3806 πολλὴν
2478 3739 2831 3810 ποιησαμένῳ
2888 3743 3120 3812 σπουδὴν
3172 3745 3448 3817 μηδεμίαν
3497 3751 3622 3802 ὑπο-

2039 3831 2215 3899 μεῖναι
2253 3828 2479 3901 βλάϐην,
2513 3831 2608 3884 καὶ
2641 3833 2974 3902 συνάρασθαι
3020 3835 3170 3907 αὑτῷ
3220 3839 3359 3893 κατᾶ
3402 3841 3620 3912 δύναμιν

2036 3919 2172 3990 πρὸς
2207 3920 2267 3974 τὸ
2294 3921 2500 3977 δίκαιον
2529 3925 2931 3998 προθυμήθητι.

2567 4082 2913 4136 ΕΠΙΣΤΟΛΗ
2954 4082 3093 4138 Τ1Γ’.

1024 4212 1172 4275 Rogat
1193 4207 1396 4260 Galatia
1421 4207 1734 4268 Censitorem,
1761 4214 1812 4257 ut
1830 4208 1891 4259 de
1909 4221 2052 4260 censu
2073 4212 2245 4264 domus
2269 4217 2478 4280 Sulpicn
2500 4218 2690 4270 aliauid
2715 4219 2942 4270 remittat.

991 4320 1276 4375 Censitori.

421 4455 539 4512 Non
573 4457 701 4512 licet
733 4457 952 4511 eminus
979 4454 1382 4524 providentiam
1408 4455 1650 4509 divinam
1680 4454 1880 4509 intueri
1911 4474 1924 4510 :

2651 4333 2740 4402 1ιή
2747 4338 2853 4390 νσί
2861 4353 3000 4404 rapi.

2102 4469 2215 4522 Οὐκ
2281 4469 2394 4522 ἔστι
2449 4471 2729 4541 πόρρωθεν
2795 4474 2922 4526 ἰδεῖν
2983 4475 3082 4537 τὰς
3156 4476 3471 4546 οἰκονομίας
3537 4476 3627 4530 τοῦ

352 4546 448 4604 sed
481 4560 582 4601 nos
621 4545 870 4599 homines
901 4559 1012 4613 pm
1042 4542 1208 4596 animi
1245 4542 1619 4596 imbecillitate
1649 4558 1771 4613 quae
1801 4551 1928 4600 ante

2049 4559 2198 4612 950.3.
2249 4561 2363 4614 ἀλλ’
2405 4563 2510 4616 ὑπὸ
2557 4565 2920 4636 μικροψυχίας
2967 4568 3016 4619 οι
3068 4542 3354 4638 ἄνθρωποι
3391 4569 3529 4639 πρὸς
3569 4570 3628 4622 τὸ

349 4638 519 4711 pedes
551 4637 725 4708 posita
747 4644 877 4692 sunt
907 4635 1272 4704 respicimus;
1309 4647 1360 4689 et
1381 4651 1522 4704 smpe
1563 4636 1690 4688 dum
1726 4635 1792 4689 ad
1831 4636 1931 4690 bo-

351 4745 484 4784 num
509 4728 670 4784 ﬁnem
695 4727 1042 4789 deducimur,
1077 4725 1306 4779 moleste
1363 4724 1611 4790 ferimus,
1665 4726 1933 4780 tolerante

352 4831 571 4879 nostras
601 4822 849 4877 inscitius
881 4836 968 4884 eo,
995 4818 1086 4888 qui
1123 4817 1309 4872 omnia
1342 4817 1395 4870 in
1431 4817 1702 4888 sapientia
1737 4818 1930 4874 mode—
1965 4807 2008 4854 δι’

350 4923 529 4982 ratur,
559 4913 809 4969 Domino.
849 4908 1145 4965 Meministi
1173 4907 1318 4963 enim
1343 4923 1505 4977 quam
1540 4909 1767 4964 moleste
1797 4918 1931 4965 tunc

350 5006 515 5080 m
552 5005 844 5061 tulerimus
882 5001 1196 5072 impositam
1240 5000 1400 5056 nobis
1439 4999 1868 5055 sollicitudinem
1913 5019 1926 5056 :

350 5112 484 5172 quot
525 5095 977 5153 advocaverimus
1026 5093 1258 5157 amicos,
1299 5101 1358 5147 ut
1398 5093 1615 5148 illorum
1657 5109 1820 5162 opera
1849 5095 1934 5148 in-

423 5259 442 5280 ⁶
477 5256 626 5310 Alias
656 5251 975 5309 CCCCXXI.

423 5330 462 5349 "
490 5326 638 5380 AIias
669 5320 1035 5380 CCCCXXVI.

421 5399 485 5419 ‘°'
510 5397 656 5450 Alias
685 5392 949 5449 CCCLIII.

423 5465 535 5538 (82)
565 5465 798 5538 Αῗὺτρῒς.
834 5463 986 5517 Hanc
1013 5476 1204 5516 vocem
1237 5459 1546 5516 addidimus
1579 5477 1644 5515 ex
1689 5461 1931 5530 quinque

353 5535 488 5590 mss.
519 5535 824 5590 codicibus.

425 5604 536 5673 (83)
567 5606 628 5658 Ὂ
650 5605 745 5658 καὶ
767 5601 1114 5673 παρακαλῇ.
1142 5599 1304 5656 Deest
1331 5599 1650 5668 conjunctio
1679 5599 1732 5653 in
1764 5599 1931 5656 Medi-

355 5671 490 5734 caeo,
520 5671 690 5728 Coisl.
723 5672 964 5730 secundo
991 5679 1056 5742 et
1075 5671 1208 5742 Reg.
1242 5673 1502 5742 secundo.

425 5743 539 5814 (86)
581 5741 928 5812 ’Υπερσάαψ
965 5741 1134 5798 Coisl.
1160 5737 1450 5797 'secundus
1477 5748 1530 5796 et
1553 5737 1688 5811 Reg.
1723 5755 1923 5797 secun-

2041 4651 2097 4704 ἐν
2154 4654 2310 4706 ποσὶν
2360 4653 2780 4724 ἀποϐλέπομεν⁹
2840 4657 2933 4710 καὶ
2985 4657 3248 4721 πολλάκις
3295 4660 3390 4712 ἐπὶ
3421 4662 3628 4728 ἀγαθὸν

2040 4740 2212 4811 πέρας
2267 4742 2523 4812 ἀγόμενοι
2573 4744 3030 4816 δυσχεραίνομεν,
3089 4750 3426 4820 ἀνεχομένου
3472 4753 3626 4822 ἡμῶν

2035 4833 2135 4902 τῆς
2159 4834 2396 4903 ἀμαθίας
2429 4835 2520 4890 τοῦ
2551 4837 2728 4891 πάντα
2759 4840 2816 4891 ἐν
2847 4843 2912 4910 τῇ
2940 4841 3130 4892 ἑαυτοῦ
3161 4841 3274 4911 (85)
3308 4843 3474 4915 σοφία
3501 4845 3627 4897 διοιο

2037 4925 2260 4990 κοῦντος
2285 4929 2575 4983 Δεσπότου.
2621 4931 2915 5001 Μέμνησαι
2947 4931 3055 5004 γὰρ
3097 4933 3270 5004 δήπου
3303 4936 3429 4988 ὅσον
3474 4937 3625 4990 ἐδυσ-

2038 5018 2351 5091 χεράναμεν
2397 5021 2510 5094 (86)
2561 5022 2683 5076 τότε
2746 5024 2882 5092 πρὸς
2943 5023 3043 5094 τὴν
3092 5027 3443 5080 ἐπιτεθεῖσαν
3502 5033 3627 5100 ἡμῖν

2037 5112 2314 5183 φροντίδα,
2345 5113 2503 5177 ὅσους
2532 5114 2914 5185 παρελάϐομεν
2940 5115 3050 5168 τῶν
3094 5117 3289 5186 φίλων,
3331 5121 3416 5183 εἰς
3460 5121 3520 5174 τὺ
3562 5121 3626 5174 δι’

2041 5247 2141 5321 dus
2172 5247 2503 5321 ὑπερϐάλλῃ.

2110 5320 2221 5389 (85)
2264 5319 2342 5388 Τῇ
2373 5319 2614 5375 ἑαύτοῦ.
2669 5320 2760 5376 Sic
2817 5329 2929 5377 tres
2969 5321 3334 5377 vetustissimi
3387 5326 3620 5380 codices.

2038 5387 2180 5442 Editi
2305 5387 2492 5444 αὑτοῦ.

2108 5461 2218 5532 (86)
2267 5460 2801 5533 Ἐδοσχεράναμεν.
2845 5462 3046 5533 Regius
3092 5469 3329 5533 uterque
3373 5471 3429 5519 et
3458 5465 3619 5521 Coisl.

2036 5533 2310 5608 secundus
2345 5532 2837 5608 ﬁouoxspaivopsv.
2874 5531 3046 5608 Paulo
3075 5543 3203 5608 post
3237 5531 3386 5608 “editi
3433 5537 3623 5608 ὀνομά-

2036 5599 2220 5673 ζομεν.
2254 5601 2358 5657 Sed
2411 5599 2591 5672 potior
2647 5599 2764 5658 visa
2827 5605 2976 5673 Regii
3024 5599 3184 5672 primi
3228 5614 3284 5659 et
3338 5599 3624 5662 Parisfac

2035 5671 2209 5746 Bigot.
2247 5671 2542 5743 scriptura,
2577 5689 2739 5743 quam
2775 5671 2950 5729 secuti
2981 5671 3193 5730 sumus.
