3878 6222
157 370 294 429 1081
1027 360 1519 420 EPISTOLARUM
1556 358 1845 415 CLASSIS
1877 357 1966 414 Ill.
2009 357 2228 414 EPIST.
2271 358 2548 415 CCCXIV'.
3300 363 3439 422 1062

156 492 341 549 αὐτῶν
367 488 693 546 ἀπώσασθαι
725 488 824 560 τὴν
857 487 1138 558 ἐπήρειαν.
1171 485 1328 540 Οὕτω
1373 485 1481 556 γὰρ
1526 485 1742 555 ὠνομά-

1871 481 2044 536 uriam
2074 483 2544 553 propulsaremus.
2574 481 2666 538 Sic
2686 483 2832 539 enim
2857 497 2973 540 rem
3003 483 3414 556 appellabamus

159 588 330 657 ζομεν
357 583 420 638 τὺ
447 583 698 655 πρᾶγμα.
741 579 901 632 Ἀλλά
923 579 1017 633 νῦν
1037 580 1168 652 ὁρᾷς
1195 581 1354 632 ὁποῖα
1383 578 1453 632 τὰ
1479 578 1743 643 παρόντα.

1866 574 1960 629 Sed
2014 590 2163 630 nunc
2221 575 2374 632 vides
2421 576 2605 647 qualia
2669 576 2780 632 sint
2830 580 3144 648 praesentia.
3196 577 3439 634 Praebuit

156 676 412 749 Παρέσχε
435 674 542 745 γάρ
569 689 651 725 σοι
681 673 710 724 ὁ
739 670 871 734 Θεὸς
901 671 1155 743 ἀφορμὴν
1187 670 1282 724 τοῦ
1313 670 1409 742 τὴν
1434 669 1744 737 καλοκαγα-

1866 666 1996 721 anim
2029 667 2125 721 tibi
2158 666 2303 723 Deus
2347 667 2697 724 occasionem
2742 685 2958 724 morum
3003 669 3338 742 integritatis
3379 671 3433 725 in

157 769 284 822 θίαν
311 767 418 821 τῶν
452 767 668 838 τρόπων
702 766 782 828 εἰς
809 764 1044 835 φανερὸν
1078 756 1328 833 ἀγαγεῖν,
1358 764 1454 818 καὶ
1483 767 1646 816 παντὶ
1669 761 1748 832 τῷ

1866 773 2032 813 lucem
2080 759 2444 830 proferenda,
2489 761 2702 832 totique
2755 763 3063 832 posteritati
3109 771 3434 834 argumenta

157 859 361 930 ἐφεξῆς
431 857 532 929 βίῳ
581 856 792 927 ἀγαθῆς
856 859 1077 927 μνήμης
1133 856 1388 928 ἀφορμάς
1444 859 1742 926 ἐναφεῖναι.

1866 865 2011 914 nonat
2056 851 2335 906 memoria:
2381 852 2750 923 relinquendi.
2801 854 3004 921 Quales
3041 857 3189 911 enim
3222 858 3438 913 descri-

169 953 386 1005 Ὀποίαι
416 950 526 1024 γὰρ
553 950 620 1004 ἂν
647 944 780 1003 ὦσιν
825 951 882 1003 αἱ
932 951 1294 1020 ἀποτιμήσεις
1327 943 1509 1014 αὗται,
1564 951 1747 1003 τοιαῦ-

1866 940 2067 995 )ιίοηεε
2110 956 2376 996 censuum
2429 941 2563 1012 ipsae
2608 943 2832 1010 fuerint,
2880 947 3008 1001 talis
3050 947 3214 1000 etiam
3249 961 3436 1002 earum

156 1063 252 1098 ται
311 1043 408 1098 καὶ⁵
459 1043 516 1096 αἱ
557 1043 643 1094 ἐπ’
676 1041 865 1104 αὑταῖς
918 1041 1130 1112 μνῆμαι
1158 1042 1309 1110 παρὰ
1350 1040 1458 1093 τῶν
1506 1043 1746 1108 ἐπιγινο-

1866 1033 2156 1088 'ecordatio
2188 1049 2218 1088 a
2244 1037 2480 1104 posteris
2512 1037 2835 1090 conservari
2885 1037 3046 1092 solet.
3081 1037 3212 1092 Mihi
3253 1049 3437 1095 autem

160 1135 344 1206 μένων
371 1130 730 1194 διασώζεσθαι
759 1129 1068 1198 πεφύκασιν
1104 1130 1236 1201 (87).
1269 1131 1420 1184 Ἐπεὶ
1435 1131 1489 1184 δὲ
1509 1131 1628 1184 οὑδέ
1658 1131 1747 1183 εὑ-

1866 1124 2074 1181 }alatas
2131 1142 2204 1181 ne
2269 1127 2512 1198 optando
2565 1128 2786 1197 quidem
2835 1131 3084 1198 potuisse
3146 1131 3429 1201 ingenium

156 1228 412 1299 χομὲνοις
461 1225 728 1283 Γαλάταις
791 1223 1031 1294 ὑπῆρξεν
1105 1223 1171 1276 ἂν
1235 1222 1743 1295 φιλανθρωποτέρου

1867 1219 2147 1272 inmanius
2209 1219 2456 1273 nancisci
2489 1220 2832 1289 exploratum
2875 1228 2928 1275 et
2975 1237 3298 1289 persuasum
3329 1229 3434 1277 est.

155 1319 325 1390 ἡθους
368 1319 664 1386 ἐπιτυχεῖν,
701 1315 944 1386 ἀκριϐῶς
981 1315 1092 1385 ἐγὼ
1138 1315 1462 1386 πέπεισμαι.
1509 1316 1657 1385 Ἕχω
1688 1315 1744 1368 δὲ

1866 1308 1964 1364 Nec
2008 1307 2230 1365 Galatas
2273 1311 2450 1365 solum
2490 1309 2682 1366 beatos
2729 1311 3030 1380 praedicare
3085 1328 3313 1382 possum
3364 1313 3438 1369 ob

154 1411 218 1463 οὑ
246 1409 494 1472 Γαλάτας
542 1405 865 1478 μακαρίζειν
909 1407 1008 1476 τῆς
1056 1405 1156 1476 σῆς
1197 1406 1518 1469 ἐπιστασίας
1561 1406 1742 1476 μόνον,

1866 1416 1996 1454 ,ιιιιιη
2029 1400 2586 1465 administrationem,
2620 1401 2716 1456 sed
2753 1411 2807 1456 et
2839 1403 3127 1473 meipsum.
3159 1403 3256 1459 Est
3289 1405 3434 1458 enim

155 1502 301 1556 ἀλλὰ
321 1502 416 1555 καὶ
438 1499 601 1564 αὑτὸς
635 1500 873 1569 ἐμαυτόν
894 1499 1028 1569 (88).
1065 1488 1361 1568 Ἐστῖγὰρ
1397 1497 1566 1568 κάμοὶ
1599 1493 1746 1562 οἶκος

1866 1493 1990 1547 mihi
2027 1495 2191 1548 etiam
2215 1493 2410 1549 domus
2436 1494 2490 1548 in
2513 1493 2730 1548 Galatia
2757 1511 2772 1559 ;
2805 1509 2870 1550 ac
2899 1495 3186 1550 domorum
3217 1495 3380 1566 quide
3400 1511 3436 1550 n

156 1596 218 1647 ἐν
249 1593 509 1664 Γαλατίᾳ,
552 1593 646 1646 καὶ
666 1592 831 1644 οἴκων
864 1608 926 1660 γε
969 1593 998 1644 ό
1030 1589 1418 1660 λαμπρότατος
1471 1589 1568 1642 σὺν
1600 1588 1741 1659 Θεῷ,

1866 1586 1942 1640 )ei
1993 1585 2140 1640 dono
2186 1587 2350 1656 longe
2408 1587 2877 1656 splendidissima,
2910 1588 2966 1641 in
3013 1603 3177 1658 quam
3207 1586 3431 1658 quidem

155 1687 244 1748 εἰς
269 1683 326 1737 ὃν
349 1685 396 1736 εί
421 1683 638 1753 τύχοιμι
665 1681 814 1754 παρά
847 1681 941 1734 σοῦ
991 1697 1134 1742 τινος
1162 1678 1416 1750 βοηθείας
1463 1677 1743 1750 (τεύξομαι

1866 1679 1894 1733 si
1949 1679 2082 1734 mihi
2144 1679 2349 1749 aliquid
2418 1679 2659 1749 praesidii
2721 1679 3067 1734 concesseris
3131 1678 3426 1750 (concedes

154 1775 216 1828 δὲ
243 1774 348 1837 ἓως
375 1773 441 1828 ἂν
475 1776 508 1845 ή
532 1774 684 1844 φιλία
712 1775 809 1845 τὴν
834 1772 1040 1827 οἰκείαν
1094 1773 1246 1841 ἰσχὺν
1295 1770 1437 1843 ἔχῃ),
1498 1771 1742 1842 μεγάλην

1866 1779 2032 1824 mtem
2081 1771 2326 1840 quandiu
2380 1771 2624 1825 amicitia
2673 1786 2776 1825 suo
2817 1770 2989 1825 stabit
3040 1771 3298 1841 robore),
3349 1771 3437 1825 in-

155 1865 381 1936 εῖσομαι
409 1864 485 1937 τῷ
506 1865 626 1936 Θεῷ
657 1864 754 1936 τὴν
781 1864 962 1936 χάριν.
995 1865 1058 1917 Εἰ
1087 1859 1178 1917 οὖν
1198 1880 1284 1926 τις
1311 1863 1469 1931 λόγος
1496 1863 1649 1935 παρά
1676 1865 1742 1933 τῇ

1866 1869 2040 1930 gentes
2091 1860 2202 1916 Deo
2241 1861 2448 1932 gratias
2497 1862 2788 1917 habiturus
2833 1878 2978 1918 sum.
3031 1861 3093 1916 Si
3125 1877 3233 1933 qua
3269 1861 3439 1932 igitur

159 1960 230 2028 σῇ
262 1958 538 2028 τιμιότητι
569 1957 668 2027 τῆς
709 1957 850 2026 ἐμῆς
899 1955 1099 2024 φιλίας,
1136 1954 1574 2025 ὁμολογουμένην
1621 1954 1746 2008 τινὰ

1866 1955 1992 2007 ratio
2059 1955 2206 2024 apud
2265 1962 2417 2008 tuam
2473 1953 2798 2024 dignitatem
2861 1954 3122 2009 amicitiae
3171 1969 3325 2018 mem,
3377 1959 3439 2008 ut

155 2046 430 2116 ὠφέλειαν
455 2045 832 2116 παρασχέσθαι
866 2045 945 2114 τῷ
982 2043 1117 2114 οἴκῳ
1165 2043 1259 2096 τοῦ
1291 2043 1744 2114 θαυμασιωτάτου

1866 2057 2033 2099 :atum
2089 2045 2367 2116 quoddam
2420 2046 2746 2102 beneﬁcium
2801 2046 3018 2102 tribuas
3069 2045 3258 2102 domui
3314 2061 3436 2102 ma-

154 2141 423 2210 ἆρχοντος
449 2137 770 2191 Σουλπικίου
797 2138 929 2203 (89),
955 2137 1112 2208 ἡμῶν
1131 2135 1316 2189 ἕνεκεν
1339 2136 1742 2208 παρακλήοητι·

1866 2140 2118 2209 gistratus
2175 2140 2414 2196 maxime
2473 2141 2781 2196 admirandi
2842 2140 3096 2212 Sulpicii,
3161 2140 3250 2196 fac
3315 2154 3438 2194 mea

156 2231 306 2286 ὥστε
334 2231 552 2300 ὑφελεῖν
579 2249 631 2283 τι
664 2234 763 2302 τῆς
794 2229 890 2282 νῦν
929 2228 1097 2300 οὔσης
1135 2229 1482 2300 ἀπογραφῆς,
1517 2228 1753 2299 μάλιστα

1866 2248 2024 2288 causa
2049 2233 2299 2288 exoreris
2337 2251 2353 2288 :
2390 2234 2526 2289 adeo
2555 2243 2610 2288 ut
2647 2233 2714 2290 de
2736 2249 2904 2291 censu
2936 2234 3192 2304 praesenti
3227 2231 3438 2302 aliquid

158 2325 268 2394 μὲν
324 2323 635 2392 ἀξιόλογον,
693 2323 788 2376 καὶ
844 2323 942 2394 τῆς
996 2322 1096 2393 σῆς
1151 2322 1508 2392 μεγαλονοίας
1563 2321 1748 2388 ἄξιον,

1866 2324 2066 2389 demas,
2134 2325 2374 2380 maxime
2427 2325 2648 2395 quidem
2701 2325 2846 2396 quod
2910 2323 3271 2380 memorabile
3341 2323 3435 2388 sit,

156 2415 460 2488 προσθήσω
500 2416 578 2479 δέ,
613 2417 694 2469 ὅτι
728 2416 821 2469 καὶ
843 2415 943 2484 τῆς
991 2415 1268 2487 ἡμετέρας
1321 2414 1615 2486 πρεσϐείας
1640 2412 1749 2482 (90)

1866 2424 1910 2471 et
1970 2427 2062 2471 tua
2118 2419 2572 2488 magnanimitate
2621 2417 2870 2489 dignum,
2931 2417 3128 2472 addam
3173 2417 3334 2472 etiam
3381 2423 3438 2472 et

153 2508 273 2562 τῶν
305 2507 646 2577 ἀγαπώντων
681 2525 769 2560 σε’
803 2509 852 2561 εί
896 2507 952 2561 δέ
984 2509 1080 2579 μὴ,
1114 2507 1241 2561 ἀλλ’
1271 2509 1394 2560 ὅσον
1437 2508 1490 2560 οἴ
1534 2524 1594 2558 τε
1624 2523 1747 2558 και-

1866 2518 2041 2564 aeslra
2079 2510 2174 2579 qui
2221 2520 2274 2565 te
2341 2511 2624 2582 diligimus
2677 2511 3014 2581 precatione.
3067 2509 3165 2564 Sin
3214 2509 3435 2573 minus,

160 2601 250 2675 τ’οῙ
276 2601 388 2673 (91)
425 2601 786 2674 συγχωροῦσι,
842 2600 935 2654 καὶ
975 2603 1006 2672 ή
1051 2600 1158 2654 τῶν
1193 2601 1534 2672 πραγμάτων
1570 2599 1749 2652 ἐπιδέ-

155 2712 317 2766 χεται
349 2693 542 2762 φύσις·
578 2694 793 2758 πάντως
841 2694 898 2746 δέ
927 2694 1163 2762 ὑφελεῖν,
1210 2696 1306 2747 καὶ
1348 2693 1420 2764 μὴ
1455 2694 1610 2746 ἐᾶσαι
1657 2692 1750 2744 ἐπὶ

153 2786 262 2856 τῆς
293 2786 652 2856 ταυτότητοςο
695 2784 834 2838 ὥστε
858 2788 1007 2857 ἡμᾶς
1033 2785 1144 2856 (92)
1182 2785 1390 2856 μυρίων
1431 2777 1506 2836 ὦν
1552 2783 1748 2854 ἔχομεν

157 2875 318 2947 παρά
349 2877 442 2930 τοῦ
483 2875 690 2946 ἀγαθοῦ
743 2878 1001 2949 ἄρχοντος
1047 2877 1374 2950 εὐεργεσιῶν
1425 2877 1554 2947 μίαν
1596 2875 1754 2948 χάριν

156 2967 370 3040 ταύτην
400 2967 489 3023 διὰ
518 2967 620 3040 τῆς
647 2971 744 3040 σῆς
773 2968 1102 3040 σεμνότητος
1129 2968 1467 3022 ἀντεκτίσαι.

698 3165 1048 3223 ΕΠΙΣΤΟΛΗ
1077 3168 1220 3220 ΤΙΔν.

1856 2603 2052 2658 saltem
2111 2610 2376 2672 quantum
2453 2612 2700 2673 tempora
2753 2603 3088 2670 concedunt,
3145 2611 3199 2658 et
3251 2616 3437 2656 rerum

1855 2700 2051 2746 natura
2107 2694 2313 2763 patitur
2366 2712 2379 2748 :
2431 2695 2660 2748 omnino
2707 2701 2888 2749 autem
2943 2692 3150 2764 aliquid
3208 2691 3434 2756 demas,

1856 2800 1959 2839 nec
1995 2785 2050 2838 in
2091 2785 2280 2840 eodem
2322 2794 2466 2840 statu
2513 2787 2796 2856 relinquas
2830 2802 2844 2837 :
2882 2792 2942 2840 ut
2990 2801 3090 2857 pro
3122 2786 3439 2840 innumera-

1857 2877 2064 2934 bilibus
2108 2879 2412 2943 beneﬁciis,
2453 2894 2575 2949 qua:
2618 2879 2686 2934 ab
2727 2879 2948 2950 egregio
2986 2878 3082 2933 illo
3111 2877 3440 2948 magistratu

1857 2970 2212 3040 accepimus,
2269 2969 2414 3024 hanc
2463 2984 2630 3026 unam
2659 2971 2917 3042 gratiam
2979 2976 3091 3024 tuae
3143 2965 3434 3042 gravitatis

1853 3073 2020 3128 opera
2053 3059 2376 3115 referamus.

2308 3167 2647 3224 EPISTOLA
2673 3167 2925 3225 CCCXIV
2954 3172 2997 3228 ⁶.

681 3284 832 3346 Rogat
853 3288 905 3331 ut
927 3294 1017 3332 sua
1039 3295 1189 3330 causa
1211 3294 1427 3331 amorem
1451 3294 1568 3342 erga
1587 3281 1810 3344 fratrem,
1833 3280 1918 3348 qui
1940 3281 2066 3333 hanc
2087 3280 2342 3346 epistolam
2367 3281 2568 3346 terebat,
2591 3279 2894 3346 multiplicet.

533 3391 994 3460 Ἀνεπίπραφος,
1032 3388 1130 3440 ἐπὶ
1171 3389 1395 3459 οἰκέτῃ.

234 3507 349 3560 Καὶ
376 3505 493 3570 πῶς
526 3505 751 3576 ἔμελλον
793 3502 903 3572 ἐγὼ
943 3502 1289 3574 γραμμάτων
1320 3503 1524 3555 οἰκείαν
1577 3503 1750 3574 ἀφορ-

166 3601 278 3674 μὴν
302 3595 664 3669 παρόψεσθαι,
697 3598 791 3651 καὶ
821 3597 896 3668 μὴ
921 3599 1210 3668 προσερεῖν
1246 3595 1358 3664 (95)
1388 3595 1488 3664 τὴν
1531 3594 1630 3666 σὴν
1673 3612 1752 3647 τι-

167 3694 425 3766 μιότητα,
454 3691 609 3744 τοῦδε
639 3690 774 3762 πρὸς
801 3690 946 3759 ὑμᾶς
975 3689 1376 3758 ἀφικνουμένου
1402 3703 1416 3752 ;
1452 3689 1548 3750 Ὃς
1587 3686 1750 3758 ἐξήρ-

164 3801 258 3838 κει
287 3785 388 3854 μὲν
405 3781 499 3836 καὶ
515 3782 606 3850 ἀφ’
628 3780 822 3833 ἑαυτοῦ
850 3782 1022 3833 εἰπεῖν
1044 3779 1160 3849 τὰή
1173 3779 1298 3850 μέτε
1308 3796 1395 3850 ρα,
1420 3779 1514 3832 καὶ
1534 3779 1634 3850 τὴν
1655 3780 1752 3849 τῆς

164 3874 460 3945 ἐπιστολῆς
482 3871 878 3944 ἀποπληρῶσαι
904 3871 1015 3940 (94)
1035 3870 1225 3941 χρείαν
1249 3885 1263 3899 ·
1288 3869 1560 3940 ἠϐουλήθη
1588 3869 1644 3922 δέ
1660 3869 1754 3921 καὶ

165 3967 518 4040 γραμμάτων
561 3964 806 4027 διάκονος
852 3963 1126 4032 γενέσθαι,
1156 3963 1244 4016 διά
1278 3962 1346 4015 τὸ
1376 3963 1578 4034 σφόδρα
1607 3963 1754 4033 ἡμᾶς

167 4063 416 4132 ἀγαπᾷν,
448 4060 542 4113 καὶ
587 4059 646 4125 ἐξ
682 4059 807 4128 ὅλης
839 4057 1015 4128 ψυχῆς
1047 4056 1407 4129 προσκεῖσθαι
1436 4058 1587 4127 ἡμῖν.
1612 4057 1756 4109 Παν-

168 4154 352 4224 τὶ(95)
377 4153 562 4224 τρόπῳ
585 4153 681 4205 καὶ
708 4153 776 4204 τὰ
801 4152 1044 4221 ὑμέτερα
1067 4152 1288 4222 ῥήματα
1340 4148 1755 4219 ἐπικομίζεσθαι

171 4246 446 4318 βούλεται,
474 4246 568 4298 καὶ
593 4245 721 4315 ὑμῖν
741 4241 1122 4297 διακονεῖσθαι.
1158 4241 1468 4311 Ἐδὼκαμεν
1491 4236 1583 4293 οὖν
1607 4239 1756 4310 αὑτῷ

167 4333 275 4403 τὴν
328 4325 636 4404 ἐπιστολὴν,
685 4331 752 4384 δι’
796 4326 863 4402 ἦς
899 4331 1115 4402 πρῶτον
1174 4331 1273 4401 μὲν
1327 4333 1454 4402 ὑμῖν
1487 4330 1759 4401 εὐχόμεθα

168 4423 356 4478 πάντα
382 4423 451 4478 τὰ
478 4423 679 4492 ἀγαθὰ,
716 4423 810 4476 ἆτε
837 4424 866 4475 ό
891 4422 1003 4492 βίος
1033 4417 1189 4486 οὗτος
1223 4422 1357 4493 ἔχει,
1403 4423 1498 4476 καὶ
1541 4423 1641 4475 ὅσα
1668 4421 1759 4475 τὸν

171 4520 236 4571 ἐν
283 4520 405 4581 ταῖς
459 4515 570 4588 (96)
607 4515 965 4584 ἐπαγγελίαις
1013 4513 1364 4586 μακαρισμὸν
1413 4513 1758 4584 ἀποκείμενα

171 4610 464 4679 φυλάσσεν
509 4609 701 4663 ἔπειτα
725 4610 820 4662 καὶ
852 4607 1084 4678 δεόμεθα
1119 4607 1212 4660 τοῦ
1248 4606 1405 4674 ἁγίου
1444 4606 1579 4658 Θεοῦ
1613 4607 1758 4659 οἱκο-

2173 3388 2296 3444 Sine
2335 3390 2716 3457 inscriptione,
2757 3407 2852 3460 pro
2896 3390 3125 3460 famulo.

1923 3499 1989 3554 Et
2042 3502 2318 3572 quomodo
2364 3517 2463 3573 ego
2519 3501 2881 3559 domesticam
2938 3504 3213 3560 scribendi
3271 3521 3436 3562 occa-

1855 3592 2065 3648 sionem
2124 3593 2479 3662 negligerem,
2521 3610 2623 3648 nec
2672 3602 2822 3648 tuam
2870 3596 3166 3652 salutarem
3201 3599 3441 3670 dignita-

1856 3696 1985 3755 tem,
2020 3689 2126 3743 hoc
2180 3688 2248 3743 ad
2278 3705 2377 3743 vos
2415 3689 2846 3759 proﬁciscente?
2878 3689 2980 3756 Qui
3020 3691 3238 3761 quidem
3262 3703 3314 3748 et
3346 3709 3444 3764 per

1857 3795 1916 3835 se
1976 3788 2164 3850 posset
2226 3787 2419 3836 nostra
2479 3795 2746 3848 narrare,
2803 3782 3226 3854 litterarumque
3264 3785 3442 3840 vicem

1857 3871 2085 3940 explere
2158 3888 2170 3924 :
2235 3869 2411 3925 voluit
2455 3877 2640 3924 tamen
2694 3871 2907 3927 litteras
2950 3874 3110 3927 etiam
3175 3875 3439 3942 perferre.

1855 3975 1922 4016 eo
1959 3960 2107 4030 quod
2159 3975 2248 4016 me
2294 3961 2650 4015 vehementer
2686 3959 2900 4031 diligat,
2953 3977 3017 4017 ac
3049 3964 3185 4019 mihi
3227 3981 3292 4020 ex
3325 3973 3443 4020 toto

1859 4054 2043 4107 animo
2077 4051 2270 4108 afﬁxus
2307 4051 2398 4108 sit.
2447 4053 2610 4122 Cupit
2645 4053 2869 4108 omnino
2911 4063 2968 4109 et
3023 4065 3177 4110 tuum
3207 4072 3442 4128 respon-

1860 4159 1981 4198 sum
2021 4144 2260 4208 referre,
2311 4150 2366 4199 et
2407 4143 2505 4198 tibi
2551 4159 2704 4198 suam
2743 4160 2966 4216 operam
3011 4156 3294 4216 praestare.
3332 4149 3445 4203 Ita-

1859 4252 1966 4306 que
2018 4237 2068 4292 ei
2117 4237 2244 4292 dedi
2295 4237 2622 4307 epistolam,
2672 4253 2779 4306 qua
2833 4238 2934 4292 tibi
2991 4239 3229 4309 primum
3303 4241 3444 4296 bona

1860 4331 2043 4385 omnia
2103 4345 2318 4400 precor,
2381 4338 2500 4385 tum
2557 4345 2680 4400 qua:
2739 4330 2855 4386 hazc
2919 4333 3030 4387 vita
3086 4334 3274 4399 habet,
3327 4342 3445 4390 tum

1862 4437 1984 4491 quae
2038 4422 2370 4492 promissam
2417 4422 2814 4478 beatitudinem
2861 4426 3102 4496 reposita
3152 4438 3374 4482 servant
3427 4446 3442 4482 :

1863 4511 2059 4567 deinde
2092 4514 2257 4569 etiam
2300 4513 2470 4568 Deum
2509 4522 2762 4570 sanctum
2803 4532 2960 4588 rogo,
3001 4525 3061 4571 ut
3105 4534 3171 4573 eo
3217 4519 3292 4572 ita
3332 4518 3446 4574 dis-

1865 4613 2131 4676 pensante
2188 4607 2386 4660 iterum
2454 4607 2740 4663 vobiscum
2819 4611 3260 4680 congrediamur,
3318 4612 3444 4667 dum

175 4696 481 4769 νομηθῆναι
507 4696 762 4768 δεύτερον
791 4698 924 4768 ἡμῖν
965 4695 1062 4768 τὴν
1099 4695 1392 4767 συντυχίαν
1437 4695 1610 4767 ὑμῶν,
1657 4696 1754 4760 ἓως

1871 4696 1928 4750 in
1977 4704 2124 4752 terra
2180 4713 2491 4755 versamur.
2549 4699 2855 4766 Caeterum,
2901 4703 3036 4772 quin
3080 4717 3209 4770 erga
3253 4719 3447 4760 memo-

253 4851 366 4929 (8_7)
409 4852 748 4929 Τοιαῦται-η’.
788 4853 1150 4929 πεφύκασιν.
1187 4851 1306 4929 _Sic
1341 4859 1463 4929 _treus
1505 4853 1754 4929 vetustis-

1869 4856 2056 4929 ctri_n_a:
2090 4854 2315 4929 Patrum
2351 4860 2556 4929 uerique
2582 4875 2764 4912 eorum
2793 4875 2977 4929 senius
3008 4859 3224 4912 arbiter.

176 4925 308 4980 simi
329 4922 568 4994 Codices.
590 4922 734 4976 Editi
763 4924 985 4994 τοιαύτη
1001 4924 1093 4976 καὶ
1125 4925 1158 4994 ἡ
1185 4925 1270 4976 ἐπ’
1294 4923 1760 4994 αὑτοῖςμνήμη...

176 4995 418 5064 πέφυκε.
472 4991 684 5048 Habent
721 4993 883 5064 etiam
919 4991 1005 5046 ἐπ’
1037 4991 1226 5056 αὑταῖς
1274 5009 1364 5047 sex
1408 4991 1758 5064 alii'coit‘ices.

255 5063 366 5133 (’88)
436 5064 744 5133 Ἐμαυτόν.
791 5063 884 5118 Sic
936 5073 1048 5119 tres
1103 5063 1464 5118 vetustissimi
1521 5063 1760 5120 codices.

180 5136 328 5191 Editi
361 5135 566 5187 ἑαυτόν.

1940 4926 2052 5000 (9η
2092 4928 2315 5000 Καιροί.
2360 4926 2678 5000 ὃὶοζιιονιῖηι
2696 4943 2830 5000 mss.
2865 4927 3004 5000 Editi
3037 4929 3238 5000 χρόνοι.

1941 4997 2049 5082 (92)
2119 4997 2296 5050 Ὥστε
2353 4997 2531 5067 ἡμᾶς.
2587 4998 2756 5053 Coisl.
2817 4997 3133 5068 primusmet
3191 4998 3326 5053 Med.
3377 4999 3454 5062 ὡς

1871 5068 2077 5209 ήῆΰδὲ)
2119 5136 2218 5204 Μὴ
2241 5137 2616 5209 -προσερεῖνη
2649 5136 2878 5209 Negatio
2929 5135 3112 5192 addita
3159 5153 3228 5194 ex
3280 5138 3448 5194 Coisl.

255 5207 368 5276 (89)
408 5204 795 5261 Σουλπικίου.
840 5204 917 5258 lta
971 5202 1119 5258 Harl.
1155 5203 1331 5274 prima
1392 5217 1578 5257 manu.
1622 5202 1754 5259 Editi

1874 5202 2116 5261 secundo
2149 5202 2214 5260 et
2241 5202 2372 5275 Reg.
2413 5202 2677 5263 secundo.

181 5276 503 5348 Οὑλπικίου.
769 5343 789 5348 _
1040 5346 1049 5348 _
1272 5345 1286 5348 _
1382 5344 1393 5348 _
1503 5345 1514 5348 _

1874 5276 2095 5348 “(94),
2130 5278 2599 5348 Ἀεζοπληρῶσαι.
2654 5276 2823 5334 Iidem
2885 5276 2995 5334 duo
3065 5277 3284 5335 codices
3327 5295 3450 5335 cum

255 5347 371 5420 (90)
400 5348 744 5414 Πρεσόείας.
769 5343 1055 5420 Immorari
1078 5361 1187 5401 non
1208 5345 1358 5420 soleo
1379 5344 1435 5399 in
1452 5345 1754 5420 _observan-

1873 5343 2348 5420 Μεῖίὲτέπληρῶμσαιο

181 5417 275 5474 dis
305 5419 667 5491 interpretum
699 5417 931 5491 erratis;
962 5417 1058 5491 sed
1105 5425 1284 5491 tamen
1320 5417 1424 5470 hoc
1451 5417 1572 5491 loco
1597 5433 1754 5491 appo.

1944 5418 2056 5491 (95)
2107 5417 2300 5491 Ἡμῖν.
2327 5418 2515 5472 Παντὶ
2555 5419 2774 5487 τρόπῳ.
2811 5418 3053 5491 Uterque
3105 5418 3276 5474 Coisl.
3321 5421 3450 5491 ἡμῖν

183 5505 314 5545 nam
365 5489 602 5558 speciem
637 5488 964 5560 eruditionis
1002 5487 1260 5560 Sculteti,
1285 5495 1370 5560 _ut
1419 5487 1754 5560 quisquevi-

1869 5487 2256 5560 παντιτρὸπφ-

184 5561 316 5634 deat
369 5556 637 5629 quantum
658 5559 1019 5634 huicAhomini
1049 5556 1398 5634 tribuendum
1421 5558 1512 5612 sit.
1550 5556 1642 5634 Sic
1667 5559 1768 5628 igi-
1881 5627 1911 5634 Α
1947 5559 2058 5634 (96)
2089 5556 2508 5634 νοσα-τὸνμὲν
2543 5559 2707 5634 ταῖς,
2738 5566 2846 5617 etc.
2890 5561 3024 5634 Reg.
3081 5560 3357 5634 secundus
3397 5569 3454 5634 ιιι

187 5640 280 5684 tur
306 5627 698 5699 interpretatur
725 5647 738 5684 :
773 5628 927 5702 Quod
957 5628 1047 5702 ille
1071 5630 1138 5702 sit
1165 5644 1241 5702 ex-
1270 5627 1456 5702 ordine
1500 5627 1754 5702 presbyte-

1871 5627 2043 5684 Coisl.
2087 5628 2364 5702 secundus
2408 5631 2508 5702 ὅσα
2537 5630 2646 5683 τῶν
2692 5631 2924 5702 ἐνίταῖς
2974 5627 3328 5702 ἐπαγγελίαις
3361 5631 3453 5684 τὸν

185 5718 370 5756 rarum
412 5697 734 5772 nostrorum.
772 5699 927 5754 Unde
955 5699 1364 5772 Qombeﬁsius:
1405 5698 1624 5772 Vapulet
1659 5697 1754 5772 tiro

1876 5697 2221 5772 μακαρισμὸν
2236 5698 2612 5772 ’ἀποδεείμενον
2645 5700 2929 5770 φυλάσσει.

184 5773 281 5844 qui
299 5774 376 5826 sic
401 5770 586 5826 deliret
617 5788 635 5826 :
663 5773 863 5842 eritque
904 5769 1051 5824 nobis
1091 5769 1244 5824 homo
1285 5770 1360 5824 sic
1398 5770 1636 5839 inﬁcetus
1668 5771 1764 5824 do-
1877 5767 1888 5772 ⁷
1943 5774 1960 5792 ¹
1988 5767 2139 5825 Alias
2183 5767 2458 5826 CCXXXI.
