3878 6222
259 299 398 356 1065
1101 291 1583 348 EPISTULARUM
1621 290 1906 347 CLASSIS
1945 291 2036 345 III.
2078 290 2293 347 EPIST.
2336 291 2583 349 CCCXX.
3368 294 3508 351 1066

259 411 400 481 μεθα
443 408 783 481 γράμμασιν,
823 408 919 478 οὐχ
954 408 1152 478 ἥκιστα
1185 409 1241 463 δὲ
1285 409 1383 480 τὴν
1423 408 1702 480 παροῦσαν
1743 408 1830 467 διὰ

1972 406 2120 473 ires;
2173 408 2278 464 ista
2304 407 2579 480 inprimis,
2603 415 2829 479 propter
2850 408 2998 465 hunc
3018 407 3319 471 hominem.
3345 424 3504 476 quem

257 501 430 564 τόνδε,
474 501 533 554 ὃν
580 500 675 553 καὶ
721 497 1274 569 παρακατατιθέμεθα
1308 515 1410 559 σοι,
1446 499 1543 552 καὶ
1574 498 1833 568 ἀξιοῦμεν

1972 498 2038 553 ibi
2072 500 2400 557 commendo
2432 516 2495 555 ac
2526 516 2684 571 rogo,
2730 512 2790 556 ιιι
2819 518 2879 558 se
2912 518 3061 558 meas
3093 502 3161 557 ad
3206 512 3257 556 te
3291 501 3508 556 litteras

257 590 445 646 λαϐεῖν
477 608 597 645 τινα
618 591 780 645 αὐτὸν
812 590 911 661 τῆς
935 589 1042 643 τῶν
1069 589 1409 661 γραμμάτων
1430 589 1587 663 ἡμῶν
1614 590 1690 661 (2)
1720 589 1836 644 δια-

1972 604 2055 645 ιοη
2086 590 2291 648 frustra
2326 593 2620 665 pertulisse
2654 595 2876 652 sentiat.

258 685 447 747 κονίας
473 681 747 753 αἴσθησιν.

787 797 1131 852 ΕΠΙΣΤΟΔΗ
1156 797 1289 851 ΤΙΗ⁹

2262 798 2429 872 m
2464 798 2800 855 EPISTOLA
2825 799 3123 856 CCCXVIII
3152 804 3190 855 ⁸.

1019 919 1168 985 Rogat
1188 923 1239 967 ut
1263 915 1513 982 epistolam
1533 916 1769 981 ferentia
1798 930 1888 969 sua
1921 922 1968 970 et
2000 917 2174 981 patria:
2193 915 2345 981 prosit
2363 915 2730 969 commendatio.

364 1029 710 1095 Βασιλειου,
742 1028 1167 1099 ἀνεπίγραφος,
1196 1026 1348 1097 ὑπὲρ
1378 1024 1728 1095 πατριὼτου.

2138 1024 2357 1092 Basilii,
2386 1041 2572 1079 carens
2605 1025 2785 1090 titulo,
2808 1040 2904 1094 pro
2941 1034 3307 1080 conterraneo.

334 1141 475 1204 Τοὺς
504 1142 568 1194 ἐκ
587 1140 689 1210 τῆς
723 1139 977 1211 πατρίδος
1008 1139 1163 1211 ἡμῶν
1184 1140 1545 1211 ἀφικομένους
1581 1139 1839 1209 συνίστηο

2007 1134 2117 1191 Eos
2161 1134 2257 1206 qui
2290 1149 2322 1189 e
2362 1134 2539 1205 patria
2577 1141 2767 1190 nostra
2815 1136 3136 1200 adveniunt,
3182 1137 3362 1206 ipsum
3404 1134 3507 1189 tibi

265 1232 319 1284 σί
342 1248 424 1284 σοι
454 1231 587 1283 αὐτὸ
612 1230 710 1301 τῆς
744 1229 999 1300 πατρίδος
1034 1229 1241 1283 δίκαιον
1261 1246 1273 1259 ’
1310 1232 1360 1283 εἰ
1399 1231 1493 1282 καὶ
1526 1230 1608 1283 ὅτι
1643 1232 1710 1301 τῇ
1744 1228 1839 1283 τοῦ

1972 1224 2289 1280 ommeudat
2308 1225 2498 1295 patriae
2522 1223 2613 1293 jus
2642 1240 2656 1276 :
2687 1225 2903 1280 tametsi
2931 1242 3144 1281 morum
3172 1225 3510 1295 benignitate

266 1323 469 1395 τρόπου
513 1320 838 1393 χρηστότητι
886 1320 1091 1385 πάντας
1152 1321 1257 1375 ὑπὸ
1299 1320 1397 1393 τὴν
1447 1320 1639 1376 ἑαυτοῦ
1689 1321 1843 1390 ἄγεις

1976 1324 2170 1371 unctos
2206 1313 2299 1385 qui
2331 1313 2827 1385 quomodocunque
2881 1323 2976 1372 tuo
3004 1316 3209 1371 auxilio
3240 1316 3506 1387 indigent,

269 1416 544 1487 πρόνοιαν,
574 1415 700 1478 τοὺς
729 1414 975 1469 ὁπωσοῦν
1011 1413 1294 1485 δεομένους
1314 1415 1457 1478 τινὸς
1480 1414 1837 1486 ἀντιλήψεως.

1976 1408 2048 1462 ub
2082 1416 2231 1461 tuam
2270 1405 2500 1461 adducis
2540 1405 2962 1476 providentiam.
3007 1406 3165 1462 Hunc
3203 1407 3390 1479 itaque
3413 1408 3510 1477 qui

267 1509 379 1562 Καὶ
407 1508 499 1561 τὸν
537 1507 908 1578 ἐγχειρίζοντα
954 1506 1132 1560 τοίνυν
1173 1505 1273 1577 τὴν
1309 1506 1598 1578 ἐπιστολὴν
1646 1509 1713 1579 τῇ
1744 1525 1838 1562 κο-

1972 1493 2234 1566 ερὶειοιοῐη
2270 1493 2514 1549 comitati
2546 1503 2652 1550 tua:
2681 1495 2987 1552 traditurus
3023 1503 3128 1562 est,
3159 1494 3329 1551 tilium
3363 1496 3511 1551 illius

270 1599 521 1670 σμιάτητί
551 1616 665 1663 σου,
688 1599 778 1652 τὸν
805 1598 921 1652 υἱὸν
947 1597 1122 1661 τοῦδε,
1150 1597 1320 1661 δέξαι,
1356 1598 1450 1651 καὶ
1480 1596 1558 1660 ὡς
1596 1597 1840 1669 πατριώ-

1972 1586 2189 1657 ηυεείρο,
2221 1594 2276 1641 et
2308 1594 2567 1655 tanquam
2615 1588 2957 1659 popularem,
2992 1596 3047 1642 et
3087 1598 3348 1659 tanquam
3389 1589 3510 1658 opis

266 1710 388 1763 την,
420 1692 516 1745 καὶ
550 1690 626 1753 ὡς
649 1690 899 1761 δεόμενον
922 1688 1280 1759 ἀντιλήψεως,
1306 1690 1400 1741 καὶ
1426 1689 1500 1752 ὡς
1531 1691 1657 1759 παρ’
1682 1688 1838 1760 ἡμῶν

1972 1678 2213 1750 ndigum,
2247 1678 2484 1749 denique
2514 1687 2771 1750 tanquam
2808 1695 2905 1752 per
2949 1697 3053 1738 nos
3091 1681 3187 1736 tibi
3233 1696 3511 1737 commen-

271 1779 658 1851 συνιστάμενόν
701 1796 831 1832 σοι’·
865 1779 960 1832 καὶ
996 1780 1062 1831 ὲκ
1109 1777 1325 1831 πάντων
1356 1776 1562 1830 τούτων
1601 1776 1659 1831 ἓν
1696 1776 1846 1848 αὐτῷ

1972 1771 2132 1821 lutum
2163 1785 2179 1836 ;
2211 1774 2379 1841 atque
2412 1767 2482 1824 iis
2512 1784 2578 1823 ex
2608 1770 2867 1827 omnibus
2911 1785 3079 1825 unum
3115 1770 3390 1840 quoddam
3432 1769 3511 1824 illi

270 1873 584 1945 ὑπαρξάτω,
625 1873 807 1943 τυχεῖν
842 1870 941 1942 τῆς
970 1869 1324 1940 ἐνδεχομένης
1366 1869 1518 1941 παρὰ
1566 1869 1660 1923 σοῦ
1711 1870 1834 1941 βοη-

1972 1858 2255 1930 :ontingat,
2286 1869 2347 1913 ut
2376 1859 2586 1915 scilicet
2616 1861 2883 1916 auxilium
2911 1876 2942 1915 a
2982 1870 3037 1918 te
3078 1870 3347 1932 quantum
3396 1859 3512 1915 ﬁeri

269 1963 421 2028 θείας
449 1967 529 2027 είς
558 1962 626 2017 τὰ
650 1961 1004 2035 προκείμενα.
1036 1960 1205 2031 Δῆλον
1235 1960 1313 2022 δὲ,
1345 1961 1427 2013 ὅτι
1458 1962 1551 2014 ἐπὶ
1571 1963 1682 2024 τοῖς
1705 1961 1845 2029 ἀγα-

1972 1946 2154 2003 »υιετίι
2194 1959 2567 2018 consequatur
2588 1948 2643 2004 in
2672 1950 2904 2023 negotiis
2934 1950 3067 2007 suis.
3096 1949 3295 2022 Liquet
3332 1960 3511 2005 autem

271 2056 385 2119 θοῖς
417 2054 596 2126 ἔργοις
621 2054 678 2108 αἱ
729 2052 1130 2116 ἀνταποδόσεις,
1161 2053 1223 2105 οὐ
1254 2054 1386 2124 παρ’
1430 2051 1586 2122 ἡμῶν
1613 2052 1721 2105 τῶν
1752 2069 1845 2123 μι-

1972 2041 2111 2095 tonis
2168 2041 2430 2110 operibus
2482 2052 2726 2113 paratam
2783 2058 2908 2099 esse
2969 2044 3513 2105 remunerationem.

272 2146 443 2217 κρῶν,
508 2145 644 2199 ἀλλά
697 2145 852 2217 παρά
900 2143 995 2196 τοῦ
1060 2142 1289 2211 Κυοίου,
1341 2142 1435 2196 τοῦ
1482 2142 1580 2206 τάς
1635 2143 1845 2212 ἀγαθὰς

1972 2147 2059 2186 non
2115 2147 2213 2203 per
2266 2148 2366 2188 nos
2412 2133 2634 2205 quidem
2681 2134 2915 2205 pusillos
2956 2133 3229 2199 homines,
3286 2131 3382 2188 sed
3420 2147 3512 2202 per

271 2235 620 2309 προαιρέσεις
650 2234 1036 2306 ἀμειϐομένου.
1308 2248 1316 2256 ’

1972 2222 2265 2289 luminum,
2307 2223 2403 2294 qui
2453 2224 2734 2295 praeclaris
2785 2224 3055 2281 institutis
3100 2223 3407 2279 mercedem
3439 2236 3506 2275 re

1952 2314 2160 2385 pendit.

803 2425 1148 2480 ΕΠΙΣΤΟΛΗ
1171 2422 1316 2476 Τιθ.

2382 2426 2718 2482 EPISTULA
2761 2425 3012 2481 CCCXIX

1063 2542 1371 2596 Commendat
1390 2540 1624 2608 hospitem
1648 2539 1778 2593 onmi
1795 2541 2011 2596 subsidio
2036 2544 2086 2596 in
2110 2552 2241 2598 terra
2262 2553 2495 2598 extranea
2512 2551 2742 2611 egentem.

762 2654 987 2723 Ομοίως
1008 2652 1161 2722 ὑπὲρ
1181 2652 1384 2718 ξένου.

2410 2653 2669 2708 Similiter
2709 2670 2805 2723 pro
2843 2654 3062 2721 hospite.

346 2769 505 2826 Κατά
533 2767 698 2831 πόδας
745 2765 845 2837 τῆς
894 2763 1295 2838 ἀναχωρήσεώς
1343 2782 1438 2819 σου
1471 2765 1675 2838 ἐπέστη
1718 2766 1850 2839 ἡμῖν

274 2867 308 2919 ὁ
338 2862 450 2927 υίὸς
487 2854 640 2925 οὗτος
667 2862 696 2913 ὁ
729 2860 829 2931 τὴν
860 2858 1146 2929 ἐπιστολήν
1186 2874 1269 2913 σοι
1301 2857 1506 2929 ταύτην
1545 2857 1850 2924 ἀποδιδοὺς,

1972 2866 2073 2923 ste,
2123 2858 2220 2929 qui
2263 2858 2410 2912 hanc
2453 2858 2741 2928 epistolam
2787 2856 2887 2912 tibi
2936 2856 3166 2928 porrigit
3216 2876 3230 2912 :
3286 2857 3335 2912 is
3366 2857 3521 2912 velut

279 2952 464 3025 χρείαν
500 2950 659 3022 ἔχων,
689 2949 765 3013 ὡς
793 2949 933 3019 ἀνὴρ
982 2949 1041 3001 ἐν
1084 2947 1357 3019 ἀλλοδαπῇ
1403 2947 1627 3017 διάγων,
1670 2950 1853 3020 πάσης

1973 2964 2119 3004 ιοωο
2171 2949 2228 3004 ἱιι
2276 2957 2421 3005 terra
2468 2958 2727 3005 extranea
2762 2948 2991 3019 degens,
3039 2950 3187 3004 omni
3220 2956 3344 3020 eget
3391 2951 3520 3010 snt»

276 3045 378 3114 τῆς
410 3044 558 3115 παρά
587 3042 695 3096 τῶν
739 3040 1077 3113 Χριστιανῶν
1119 3039 1473 3112 ὀφειλομένης
1519 3042 1634 3105 τοῖς
1679 3039 1852 3107 ξένοις

1972 3040 2119 3105 ιὶιιίο,
2162 3040 2310 3111 quod
2365 3041 2676 3111 hospitibus
2732 3040 2966 3096 debetur
3014 3054 3112 3112 per
3151 3039 3521 3097 Christianos.

280 3133 653 3207 παραμυθίας.
691 3134 765 3186 To
817 3132 915 3205 μὲν
959 3126 1053 3186 οὖν
1094 3132 1330 3203 πρᾶγμα
1377 3126 1532 3194 οὗτός
1572 3148 1655 3185 σοι
1698 3133 1831 3201 έναρ

1972 3130 2021 3185 Et
2063 3131 2345 3203 negotium
2391 3132 2611 3202 quidem
2661 3132 2781 3203 ipse
2814 3131 2913 3187 tibi
2954 3132 3160 3187 clarius
3190 3133 3471 3187 enarrabit
3506 3152 3520 3187 :

278 3230 538 3300 γέστερον
560 3227 911 3299 διηγήσεται·
953 3224 1052 3297 τὴν
1081 3224 1139 3278 δὲ
1173 3224 1430 3295 βοήθειαν
1471 3224 1635 3288 αὐτὸς
1704 3240 1820 3295 παρ

1972 3239 2015 3278 ,ιι
2066 3239 2197 3280 vero
2256 3225 2521 3280 auxilium
2587 3225 2853 3296 praebebis
2911 3239 3011 3296 pro
3068 3225 3304 3291 viribus,
3361 3236 3523 3297 atque

279 3321 443 3385 έξεις,
462 3321 562 3391 τήν
594 3337 677 3372 σοι
700 3318 839 3371 κατὰ
866 3317 1225 3387 δύναμιν,καὶ
1246 3315 1550 3385 ἀναγκαίαν
1576 3317 1688 3378 τοῖς
1720 3331 1826 3385 προ

1972 3315 2331 3371 necessarium
2380 3318 2546 3371 rebus
2587 3318 2972 3387 praesentibus.
3013 3315 3072 3372 Si
3128 3318 3312 3389 itaque
3349 3319 3525 3375 aderit

280 3412 571 3484 κειμένοις.
619 3410 745 3466 Ἐὰν
776 3411 875 3481 μὲν
906 3405 1002 3463 οὖν
1040 3411 1189 3481 παρῇ
1222 3411 1251 3462 ὁ
1284 3406 1530 3480 ἡγεμὼν,
1562 3406 1723 3469 αὐτὸς
1764 3407 1853 3472 ξε-

1972 3420 2182 3467 )raeses,
2224 3406 2342 3475 ipse
2392 3407 2648 3463 videlicet
2694 3407 2761 3462 ad
2822 3424 2947 3464 eum
3003 3409 3175 3467 duces
3227 3410 3523 3480 hospitem.

280 3504 539 3573 ναγήσεις
575 3501 710 3574 πρὸς
738 3501 900 3554 αὐτὸν
931 3499 1192 3571 δηλονότι.
1236 3498 1392 3553 Ἐπεὶ
1430 3497 1519 3552 διὰ
1557 3497 1668 3550 τῶν
1704 3497 1855 3549 πολι-

1972 3496 2201 3566 Alioqui,
2261 3511 2359 3565 per
2397 3512 2494 3552 eos
2546 3497 2643 3568 qui
2696 3498 3091 3568 rempublicam
3143 3508 3341 3570 gerunt
3392 3514 3527 3553 con-

280 3595 585 3667 τευομένων
624 3594 877 3665 παρέξεις
912 3591 1059 3664 αὐτῷ
1085 3592 1154 3646 τὰ
1197 3590 1621 3661 σπουδαζόμενα.
1648 3588 1722 3643 Οὐ
1746 3588 1854 3660 γὰρ

1972 3586 2111 3643 licies
2146 3589 2198 3642 ei
2238 3602 2358 3657 qua:
2384 3587 2609 3657 expetit.
2644 3586 2764 3642 Non
2807 3589 2950 3643 enim
3000 3589 3349 3646 mediocriter
3393 3591 3525 3645 milii

286 3686 497 3759 μικρῶς
547 3703 638 3758 μοι
684 3687 836 3757 μέλει
888 3684 950 3738 τὸ
1011 3684 1192 3739 πάντα
1234 3681 1395 3737 αὐτὸν
1442 3681 1585 3735 κατά
1631 3678 1856 3750 γνώμην

1972 3693 2109 3733 curae
2137 3685 2258 3741 est,
2290 3685 2351 3732 ut
2386 3679 2625 3749 peractis
2653 3693 2721 3732 ex
2754 3679 2920 3732 animi
2964 3681 3237 3734 sententia
3269 3680 3527 3735 omnibus

1963 3777 2293 3825 revertatur.

2023 2766 2065 2822 E
2119 2771 2348 2840 vestigio
2399 2782 2655 2824 recessus
2708 2768 2787 2821 tui
2838 2768 3073 2822 accessit
3120 2765 3189 2821 ad
3235 2780 3321 2822 me
3371 2764 3517 2823 ﬁlius

281 3776 563 3849 πράξαντα
594 3777 925 3832 ἐπανελθεῖν.

806 3934 1149 3987 ΕΠΙΣΤΟΛΗ
1190 3932 1319 3985 ΤΚ’.

2413 3920 2749 3978 EPISTOLA
2776 3921 3006 3978 CCCXX
3029 3927 3115 3977 “'.

288 4049 509 4100 Testatur
528 4058 638 4097 eum
653 4043 737 4109 qui
756 4046 823 4095 ad
846 4042 1032 4108 negotia
1054 4042 1364 4107 procuranda
1382 4039 1948 4154 nnssusuofslteghe’tfrg
1963 4037 2309 4153 ἐιὲἕῖἓζιῖαιὲῗῧὲ,
2329 4049 2426 4087 non
2463 4042 2620 4087 tamen
2662 4033 2875 4101 pigritia
2903 4039 3245 4089 accmandum.
3269 4038 3409 4093 Scire
3426 4052 3527 4096 avet

1500 4118 1530 4154 a
2305 4136 2316 4148 .

1500 4118 1595 4161 quo
1620 4118 1725 4154 ιοσο
1754 4118 1849 4153 ιιιιι
1868 4118 1946 4154 νει
1963 4118 2316 4153 εσειεδιιιδιιεω.

579 4219 1015 4287 Ἀνεπίγραεεος,
1048 4218 1147 4271 ἐπὶ
1182 4218 1571 4285 προσηγορίᾳ.

355 4332 455 4387 Διά
494 4329 704 4404 μακροῦ
743 4332 877 4400 ἡμῖν
910 4328 1118 4399 ὑπῆρξε
1162 4329 1480 4398 προσειπεῖν
1526 4324 1625 4395 τὴν
1676 4322 1855 4394 τιμιό-

280 4425 427 4496 τητά
454 4440 570 4486 σου,
604 4421 682 4492 τῷ
704 4421 796 4475 τὸν
829 4418 1231 4489 ἀνακομίζοντα
1264 4418 1364 4480 τὰς
1394 4415 1717 4489 ἀποκρίσεις
1752 4431 1855 4467 πο-

280 4516 383 4568 λὺν
429 4512 618 4583 χρόνον
678 4508 1011 4580 ἐνδιατρίψαι
1063 4509 1129 4578 τῇ
1180 4506 1444 4578 ἡμετέρα,
1496 4505 1592 4559 καὶ
1632 4503 1857 4575 ἀνδράσι

283 4605 384 4658 καὶ
461 4603 749 4674 πράγμασι
826 4598 1270 4670 δυσχερεστέροις
1354 4596 1430 4667 (5)
1515 4596 1852 4667 περιπεσεῖν.

298 4694 573 4748 Ἐνιαυτδν
625 4692 733 4763 γὰρ
788 4693 910 4745 ὅλον
962 4687 1274 4760 ἅπεξενώθη
1340 4688 1440 4756 τῆς
1506 4684 1855 4754 ἐνεγκούσης.

297 4786 561 4848 Ἀπάταις
582 4784 882 4853 ἀνθρώπων
915 4783 1008 4835 καὶ
1026 4779 1329 4836 διαλύσεσιν
1362 4777 1647 4849 ὑπαχθεὶς,
1681 4778 1729 4830 εἰ
1761 4776 1860 4846 τῆς

286 4874 568 4946 παρούσης
602 4870 751 4942 αὐτῷ
781 4870 1117 4942 κακουργίας
1157 4868 1475 4940 κρατήσειε,
1520 4865 1616 4919 τοῦ
1656 4864 1858 4929 παντὸς

286 4966 657 5038 περιέσεσθαι.
691 4964 789 5034 ὀψὲ
822 4962 918 5017 τοῦ
951 4960 1248 5031 κεφαλαίου
1268 4960 1369 5029 τῆς
1392 4958 1593 5030 ζημίας
1625 4956 1860 5029 ἐπῄσθο-

283 5075 370 5119 το,
403 5059 461 5110 ἐν
492 5059 559 5127 τῇ
581 5055 722 5110 κατὰ
747 5054 938 5127 μικρὸν
963 5053 1148 5125 ἀπάτῃ
1176 5052 1277 5121 τῆς
1305 5050 1610 5121 αἰσθήσεως
1631 5048 1861 5102 κλεπτο-

287 5148 479 5218 μένης.
522 5145 676 5200 Ἐπεὶ
699 5141 793 5198 οὖν
823 5143 1090 5205 ἐπάνεισι,
1112 5140 1220 5193 τῶν
1262 5156 1322 5192 τε
1364 5138 1456 5192 τοῦ
1493 5137 1653 5211 ἀέρος
1694 5137 1859 5210 ὀχλη-

364 5323 438 5393 (2)
481 5320 693 5392 'dew.
722 5321 891 5393 Coisl.
939 5319 1147 5393 primus
1176 5318 1325 5387 ἡμῖν.
1361 5315 1528 5393 ξοιιιο
1553 5326 1711 5393 _ante_
1727 5316 1858 5393 legit

282 5384 650 5472 poi-nitetisius
680 5392 816 5472 «ab?
838 5384 1015 5472 πεῖσαν
1046 5384 1336 5472 πρόφασιν.
1362 5384 1676 5472 minus
1697 5384 1857 5442 intel-

287 5466 421 5536 lexit
453 5464 584 5536 illud
607 5456 966 5536 άμεὶὁόμεθα,
1018 5456 1178 5529 cujus
1207 5457 1322 5511 haec
1345 5456 1558 5536 videtur
1579 5471 1702 5536 esse
1740 5472 1858 5536 sen-

285 5535 457 5587 tentia
495 5549 507 5585 :
540 5525 685 5599 Quot
734 5525 1055 5586 occasiones
1087 5525 1420 5592 occurrunt,
1460 5525 1685 5580 totidem
1726 5529 1857 5583 scri-

287 5604 455 5660 bendi
479 5603 626 5657 vices
656 5615 884 5671 usurpo.

362 5676 440 5743 t3)
476 5662 992 5739 Δυσχερεσέἐροις.
1019 5665 1109 5721 Sic
1137 5673 1366 5736 uterque
1398 5662 1589 5733 Cois1.,
1617 5663 1756 5722 Med.
1800 5673 1856 5723 et

527 5766 798 5825 Panos.
832 5763 951 5825 Gn.
988 5764 1037 5823 X
1051 5763 1252 5825 XXII.

2206 4210 2331 4263 Sine
2357 4208 2719 4278 inscriptione,
2752 4208 3028 4263 salutandi
3058 4213 3259 4280 gratia.

2030 4320 2217 4390 Longo
2250 4319 2540 4375 intervallo
2571 4320 2730 4376 nobis
2762 4322 2994 4393 contigit
3030 4332 3180 4379 tuam
3210 4323 3530 4396 dignitatem

1962 4416 2203 4468 salutare
2237 4430 2253 4478 ;
2290 4425 2358 4467 eo
2400 4410 2545 4481 quod
2589 4412 2685 4481 qui
2714 4426 2979 4483 responsa
3010 4414 3198 4483 refert,
3220 4417 3316 4470 diu
3360 4417 3414 4471 in
3444 4433 3528 4471 no-

1963 4516 2077 4560 stra
2125 4505 2349 4576 regione
2400 4511 2777 4561 commoratus
2830 4506 2923 4570 sit,
2981 4521 3046 4561 ac
3095 4515 3212 4562 tum
3278 4510 3333 4563 in
3384 4510 3532 4566 viros

1964 4597 2397 4661 morosissimos,
2429 4605 2546 4652 tum
2571 4596 2628 4651 in
2658 4598 2878 4669 negotia
2912 4597 3226 4653 dililcillima
3260 4600 3531 4657 inciderit.

1964 4688 2099 4743 Nam
2136 4704 2342 4744 annum
2370 4698 2546 4745 totum
2574 4688 2750 4745 abfuit
2773 4691 2969 4761 patria.
3002 4692 3054 4746 ls
3084 4692 3363 4747 hominum
3393 4694 3532 4750 dolis

1964 4781 2518 4837 ettransactionibus
2571 4782 2628 4837 in
2674 4798 2794 4838 eam
2849 4797 2999 4853 spem
3048 4783 3307 4839 inductus
3355 4799 3435 4847 se,
3487 4786 3532 4840 si

1964 4883 2290 4943 praesentem
2332 4876 2634 4945 nequitiam
2691 4882 2998 4945 superaret,
3052 4876 3130 4931 rei
3169 4878 3341 4931 totius
3379 4892 3533 4932 sum-

1964 4979 2109 5019 mam
2157 4966 2536 5031 obtenturum,
2581 4981 2706 5022 sero
2752 4966 2936 5021 damni
2982 4975 3148 5038 caput
3199 4968 3470 5037 persensit
3518 4987 3531 5021 :

1962 5068 2087 5108 cum
2138 5054 2292 5112 fraus
2342 5057 2603 5127 paulatim
2638 5058 2992 5128 progrediens
3041 5072 3263 5114 sensum
3310 5067 3534 5129 praeter-

1964 5145 2218 5217 fugisset.
2254 5146 2393 5201 Cum
2440 5148 2609 5218 igitur
2655 5148 2843 5203 redeat
2872 5155 2927 5203 et
2963 5149 3033 5203 ab
3071 5152 3218 5206 aeris
3266 5152 3533 5207 molestiis

1962 5317 2097 5441 Reg.
2131 5320 2423 5376 secundus.
2475 5319 2618 5376 Editi
2664 5321 3131 5405 δυσχερεστάτοις.
3161 5320 3356 5377 Statim
3400 5325 3533 5382 editi

1962 5389 2042 5441 ἀπ
2079 5407 2198 5441 ταις
2226 5389 2355 5441 γάο.
2413 5391 2508 5441 sed
2553 5393 2743 5441 vocula
2782 5397 2934 5441 deest
2982 5410 3035 5441 m
3096 5409 3230 5441 mss.
3277 5404 3529 5441 nuatnnr-

1962 5389 2198 5465 ἀπάταις
2226 5389 2355 5460 γάρ,
2413 5391 2508 5445 sed
2541 5389 3036 5465 _vo_cu_laﬁdéestiin
3096 5409 3230 5465 mss.
3277 5404 3529 5465 quatuor.

1961 5456 2156 5533 Plures
2180 5456 2360 5533 autem
2389 5460 2831 5533 nonuhabuituqs
2860 5464 2925 5533 in_
2948 5464 3091 5519 hanc
3110 5456 3426 5533 epistolam.

2034 5535 2054 5552 '
2088 5527 2165 5581 Ex
2194 5529 2447 5584 Cotelerii
2482 5529 2715 5595 Monum,
2767 5530 2857 5587 Ec.
2885 5531 2971 5587 Gr.
3010 5541 3049 5589 t.
3075 5527 3230 5604 II,'p.
3257 5535 3346 5591 9ι.

2034 5600 2074 5621 “
2105 5597 2261 5654 lbid..
2298 5614 2351 5654 ι).
2384 5600 2452 5654 95
3219 5608 3223 5612 ’
3256 5596 3266 5606 ’

2032 5640 2269 5725 "iiii;
2286 5640 2513 5725 deﬁt.

3139 5767 3218 5826 35-
