3878 6222
371 328 505 383 τοδτ

1602 325 1658 383 S.
1699 326 1941 382 BASILII
1980 327 2193 382 MAGNI

3481 329 3614 383 ιοεε

368 456 421 502 ct
478 446 546 499 ab
585 444 861 499 hominum
899 442 1141 513 nequitia
1178 442 1435 498 liberatus
1472 462 1484 497 :
1527 444 1830 500 salutamus
1877 454 1929 500 te

2052 446 2144 500 >ὧν
2190 446 2284 499 καὶ
2330 445 2428 516 τῆς
2477 444 2584 498 τῶν
2637 445 2845 517 ἀνδρῶν
2894 445 3195 516 μοχθηρίας
3243 444 3579 511 ἀπαλλαγεὶς
3595 444 3625 505 ,’

370 555 467 610 per
495 539 669 601 illum,
703 546 956 607 rogantes
1002 542 1063 588 ut
1109 535 1282 589 nostri
1328 535 1642 589 memineris
1670 537 1724 589 in
1757 536 1930 605 preci-

372 631 474 684 bus
504 629 652 698 (nam
682 640 904 694 precum
942 624 1149 677 auxilio
1199 623 1353 678 valde
1386 624 1742 695 indigemus),
1775 624 1939 679 simul

370 722 536 777 etiam
588 719 880 774 certiorem
919 725 972 771 te
1023 715 1184 780 iacio,
1236 733 1374 786 quos
1422 717 1614 772 beatus
1649 717 1938 788 episcopus

371 814 557 868 debito
615 808 877 867 solvendo
932 808 1202 862 obnoxios
1268 808 1564 877 reliquerat
1627 807 1941 878 (siquidem

372 907 430 962 in
483 921 585 960 suo
621 882 948 957 testamento
992 909 1047 955 et
1089 900 1260 955 debiti
1305 899 1432 955 fecit
1492 900 1844 965 mentionem,
1886 905 1942 954 et

373 998 518 1053 unde
567 1007 620 1051 et
669 1010 697 1048 a
753 994 952 1063 quibus
1003 991 1136 1046 illud
1190 991 1351 1063 447
1423 993 1558 1045 solvi
1604 993 1939 1063 oporteret),

372 1106 467 1144 eos
522 1088 713 1142 amicis
759 1085 1222 1139 admonitionibus
1289 1085 1491 1154 spretis
1556 1086 1941 1140 necessitatem

372 1179 726 1235 tribunalium
775 1185 1114 1248 exspectare.
1169 1176 1351 1242 Quare
1394 1176 1600 1232 sodalis
1644 1188 1832 1233 noster
1883 1193 1943 1232 re

373 1272 574 1328 infecta
626 1271 813 1333 rediit,
866 1278 1031 1340 atque
1074 1270 1191 1323 Itaze
1232 1269 1350 1338 ipsa
1400 1269 1612 1339 regavit
1649 1280 1708 1324 ut
1761 1272 1828 1325 de
1876 1284 1943 1325 eo

371 1371 722 1426 testarentur,
771 1377 840 1416 ne
890 1360 1138 1431 segnitiei
1193 1370 1285 1414 aut
1333 1360 1565 1430 pigritia:
1612 1363 1755 1432 apud
1794 1371 1942 1416 tuam

371 1454 690 1521 dignitatern
725 1453 1095 1507 incusaretur.
1131 1451 1209 1506 De
1237 1452 1324 1506 bis
1352 1452 1635 1508 hactenus.
1671 1452 1941 1509 Caeterum

371 1563 481 1616 quo
512 1548 567 1600 in
595 1553 741 1602 statu
772 1544 883 1600 sint
914 1560 1001 1599 res
1035 1543 1428 1609 Ecclesiarum,
1461 1552 1643 1601 utrum
1674 1546 1945 1601 conceda-

372 1649 464 1693 tur
494 1646 554 1693 ut
584 1638 639 1691 in
668 1637 857 1692 eodem
883 1645 1026 1691 statu
1056 1645 1434 1707 permaneant,
1466 1653 1534 1692 an
1561 1640 1615 1693 in
1641 1640 1795 1709 pejus
1819 1656 1944 1695 ver-

373 1742 522 1803 gant,
564 1739 657 1784 aut
684 1746 836 1799 spem
874 1730 1113 1800 aliquam
1151 1730 1388 1785 habeant
1432 1729 1629 1785 futura:
1660 1732 1714 1785 in
1745 1732 1942 1787 melius

2040 534 2397 606 ἀσπαζόμεθά
2423 553 2482 589 σε
2509 537 2574 589 δι’
2606 537 2795 600 αὐτοῦ,
2836 536 3278 607 παρακαλοῦντες
3302 534 3613 606 μεμνῆσθαι

2039 628 2197 697 ἡμῶν
2232 628 2325 679 ἐπὶ
2354 626 2461 680 τῶν
2511 626 2827 697 προσευχῶν
2855 626 3077 698 (πολλῆς
3116 626 3226 697 γὰρ
3261 625 3362 695 τῆς
3399 626 3466 677 ἐκ
3506 623 3616 675 τῶν

2040 717 2215 788 εὐχῶν
2255 718 2503 789 βοηθείας
2543 718 2818 789 δεόμεθα),
2852 719 2946 771 καὶ
2977 718 3093 788 ἅμα
3154 717 3512 786 σημαίνομεν,
3534 715 3617 766 ὅτι

2039 811 2088 862 οἱ
2142 808 2430 862 ὑπεύθυνοι
2472 809 2923 880 καταλειφθέντες
2959 809 3219 880 πρδςτὴν
3245 807 3339 859 τοῦ
3372 807 3619 878 ὀφλήμα-

2039 919 2130 965 τος
2177 902 2382 955 ἔκτισιν
2430 902 2581 974 παρὰ
2630 900 2723 955 τοῦ
2780 903 3050 974 μακαρίου
3108 904 3434 959 ἐπισκόπου.
3494 903 3616 953 ἐπι-

2045 992 2372 1063 μνησθέντος
2405 994 2461 1046 ὲν
2490 995 2609 1054 ταῖς
2636 992 2920 1063 διαθήκαις
2962 992 3126 1046 αὑτοῦ
3172 1009 3232 1044 τε
3275 990 3371 1043 τοῦ
3402 990 3616 1061 χρέους,

2042 1083 2137 1135 καὶ
2165 1083 2287 1136 ὅθεν
2320 1082 2596 1155 προσῆκεν
2649 1083 2961 1153 ἐκτισθῆναι
2999 1083 3073 1152 (4)
3096 1123 3111 1145 ,
3144 1080 3252 1135 καὶ
3297 1081 3385 1134 διὰ
3429 1082 3616 1140 τίνων,

2044 1174 2390 1246 ὑπεριδόντες
2438 1176 2545 1228 τῶν
2587 1176 2814 1245 φιλικῶν
2857 1177 3238 1246 ὑπομνήσεων,
3272 1174 3374 1236 τὰς
3411 1174 3473 1224 ἐκ
3509 1172 3620 1223 τῶν

2042 1266 2406 1338 δικαστηρίων
2481 1268 2726 1336 ἀνάγκας
2798 1266 3130 1336 ἐκδέχονται.
3196 1267 3290 1319 Διὸ
3343 1266 3621 1337 ἄπρακτος

2044 1358 2343 1428 ἐπανῆλθεν
2374 1362 2401 1412 ὁ
2431 1347 2859 1431 ἑταῖροςήμῶν,
2900 1359 2994 1411 καὶ
3044 1358 3218 1412 ταῦτα
3267 1357 3410 1411 αὐτά
3454 1356 3618 1425 ﬁgit»-

2046 1464 2136 1501 σεν
2164 1448 2323 1500 αὐτὸν
2355 1448 2429 1516 (ὅ)
2474 1450 2601 1519 παρ’
2633 1452 2665 1519 ἡ
2677 1447 2793 1517 μῶν
2833 1448 3261 1522 μαρτυρηθῆναι,
3314 1448 3391 1509 ὡς
3426 1445 3500 1517 μὴ
3530 1447 3621 1516 ἀρ-

2043 1540 2168 1607 γίας
2197 1541 2331 1611 μηδὲ
2370 1540 2646 1611 ῥᾳθυμίας
2683 1541 2937 1612 ἔγκλημα
2968 1546 3115 1611 σχεῖν
3152 1540 3305 1612 παρά
3341 1543 3407 1610 τῇ
3441 1540 3621 1609 τιμιό-

2043 1632 2166 1701 τητί
2190 1649 2304 1687 σου.
2332 1632 2519 1686 Ταῦτα
2555 1634 2651 1703 μὲν
2674 1635 2754 1697 εἰς
2775 1632 3048 1687 τοσοῦτον.
3083 1633 3163 1687 Τά
3185 1633 3243 1685 δὲ
3268 1632 3379 1685 τῶν
3395 1631 3593 1699 Ἐκκλη
3610 1659 3622 1670 -

2048 1723 2178 1777 σιῶν
2199 1724 2347 1787 ὅπως
2379 1723 2512 1793 ἔχει,
2566 1724 2674 1777 εἴτε
2719 1723 3131 1795 συγκεχώρηται
3168 1712 3172 1717 ’
3190 1723 3372 1794 μένειν
3403 1722 3494 1774 ἐπὶ
3521 1721 3622 1789 τῆς

374 1821 713 1887 mutationis,
738 1816 833 1891 per
848 1823 1084 1893 aliquem
1108 1837 1139 1878 e
1165 1823 1348 1879 charis
1373 1822 1636 1879 fratribus
1657 1824 1943 1880 certiorem

2052 1815 2381 1883 ὁμοιότητος,
2423 1812 2533 1866 εἴτε
2568 1814 2663 1866 καὶ
2697 1813 2833 1886 πρὸς
2865 1813 2926 1866 τὸ
2962 1816 3140 1883 χεῖρον
3186 1812 3562 1869 ἐκπέπτωκεν,
3587 1806 3621 1876 ἦ

376 1930 462 1969 me
492 1914 673 1971 facere
700 1915 961 1986 digneris.

814 2174 1148 2265 EPISTOLA
1186 2175 1438 2232 CCCXXI
1476 2180 1516 2229 '.

2049 1907 2169 1959 τίνα
2198 1904 2270 1975 (6)
2302 1904 2493 1958 ἐλπίδα
2525 1904 2624 1975 τῆς
2654 1906 2745 1958 ἐπὶ
2774 1904 2834 1957 τὸ
2882 1904 3086 1975 βέλτιον
3140 1903 3252 1972 ἔχει
3300 1900 3621 1972 μεταϐολῆς,

2051 1995 2310 2066 γνωρίσαι
2330 1997 2461 2065 ἡμῖν
2490 1994 2578 2049 διά
2608 1996 2751 2059 τινὸς
2777 1995 2887 2049 τῶν
2912 1995 3150 2065 γνησίων
3180 1990 3426 2061 ἀδελφῶν
3458 2007 3622 2043 κατα-

2053 2084 2242 2149 ξίωσον
2858 2102 2875 2135 ι

2559 2184 2904 2237 ΕΠΙΣΤΟΛΗ
2930 2182 3105 2238 TKA'.

377 2289 555 2338 Auctor
575 2286 718 2398 hulius
736 2284 967 2357 epistolre,
982 2301 1139 2358 .quem
1158 2288 1442 2354 Gregorium
1465 2292 1513 2340 Ν
1514 2287 1828 2343 azianzenum
1860 2307 1964 2345 esse
1983 2308 2077 2344 non
2098 2298 2296 2346 obscure
2318 2293 2627 2359 perspicitur.
2660 2310 2753 2345 non
2779 2294 2883 2345 sine
2922 2294 3061 2345 solito
3101 2295 3265 2359 lepore
3295 2294 3521 2345 Theclam
3546 2306 3623 2362 ro-

438 2358 534 2398 aat.
558 2356 608 2397 ω
643 2363 702 2398 ns
720 2360 802 2398 aut
822 2349 1038 2398 ecclesia:
1058 2358 1328 2398 conseptum
1348 2353 1669 2398 exstruebant-
1694 2354 1858 2398 vinum
1890 2355 2176 2398 suppeditet-
2214 2365 2470 2398 nrrmIm-m
2492 2359 2619 2398 mmd
2660 2357 2907 2398 imitantem:
2931 2355 3048 2398 σηιιὶ
3070 2356 3307 2398 nrnatnrili
3335 2356 3487 2398 {rimis
3510 2364 3623 2398 eum

438 2358 534 2413 gat.
558 2356 608 2413 tu

437 2408 723 2461 succiderat.

1048 2494 1271 2549 Thecla’.

449 2586 728 2641 Praeterito
757 2601 922 2651 anno,
955 2596 1062 2643 etc.

662 2347 709 2424 is
720 2347 802 2414 qui
822 2347 1038 2401 ecclesid:
1058 2347 1328 2413 conseptum
1348 2353 1670 2415 exstruebant,
1694 2354 1858 2405 vinum
1890 2355 2177 2420 suppeditet,
2214 2347 2470 2421 propterea
2492 2347 2626 2424 quod
2660 2357 2907 2408 vehemens
2931 2355 3048 2406 anni
3069 2347 3308 2422 prdueriti
3332 2356 3487 2423 {rigas
3510 2353 3625 2406 vim

2743 2500 2957 2571 Θέκλῃ.

2130 2589 2204 2641 Τὸ
2226 2588 2616 2659 παριππεῦσαν
2642 2590 2782 2657 ἔτος,
2834 2609 2887 2644 κ.
2916 2607 2967 2643 τ.
2996 2590 3047 2643 λ.

1192 2706 1319 2761 Vide
1343 2709 1480 2762 inter
1506 2707 1565 2764 S.
1604 2708 1841 2780 Gregorii
1872 2707 2205 2762 Nazianzem'
2236 2707 2510 2776 epistolas,
2534 2708 2686 2776 epist.
2730 2706 2818 2760 57.

802 2819 1134 2877 EPISTOLA
1164 2822 1511 2880 CCCXXII“.

2561 2821 2905 2874 ΕΠΙΣΤΟΛΗ
2936 2819 3108 2874 ΤΚΒ⁹.

434 2916 684 2967 vitationem
711 2913 873 2967 reddit
900 2930 987 2967 cur
1010 2930 1120 2969 sero
1152 2919 1441 2981 respondeat
1473 2936 1491 2971 :
1524 2926 1663 2987 rogat
1683 2927 1733 2970 ut
1768 2927 1873 2985 post
1893 2920 2088 3031 laniatis:
2107 2914 2280 2968 hiemis
2301 2913 2565 2967 absentiam
2585 2913 2757 2966 saltem
2775 2916 2840 2965 ad
2861 2915 3069 2966 Pascha:
3089 2912 3219 2965 diem
3239 2927 3349 2964 cum
3369 2926 3566 2978 conjuge
3614 2908 3621 2917 ’

1685 3016 1691 3025 ι
1904 2996 1956 3032 re
2075 3016 2088 3030 .
2288 3016 2289 3019 η

438 3063 562 3117 Sine
593 3063 947 3131 inscriptione,
980 3073 1036 3117 ut
1061 3081 1179 3118 cum
1216 3068 1386 3139 amico
1406 3065 1616 3121 Pascha
1642 3067 1880 3123 celebret.

446 3152 699 3220 Acceptis
758 3160 863 3206 tuae
920 3152 1207 3223 dignitatis
1238 3155 1480 3220 glitteris,
1527 3155 1749 3223 gavisus
1796 3170 1942 3218 sum,

376 3255 436 3297 ut
470 3259 568 3312 par
600 3252 740 3308 erat,
774 3252 829 3299 et
860 3243 1087 3298 Domino
1134 3246 1340 3315 gratias
1370 3248 1479 3317 egi,
1510 3257 1675 3318 atque
1723 3258 1949 3320 paratus

375 3349 528 3387 eram
582 3335 950 3403 respondere,
992 3335 1037 3389 si
1078 3337 1203 3406 quis
1260 3346 1564 3407 opportune
1626 3339 1694 3395 de
1747 3342 1953 3397 rescri-

378 3426 554 3480 bendo
632 3427 1060 3483 submonuisset.
1124 3428 1260 3483 Nam
1315 3432 1591 3501 negotium
1657 3432 1833 3497 illud,
1881 3432 1950 3489 de

376 3530 486 3584 quo
525 3515 656 3569 milii
703 3516 1059 3570 mandaveras
1093 3557 1107 3580 ,
1157 3519 1417 3588 temporis
1463 3536 1753 3590 progressu
1788 3522 1951 3578 abso-

379 3608 548 3660 lutum
572 3614 674 3663 est.
708 3606 828 3663 Non
857 3616 974 3662 erat
1017 3607 1184 3679 448
1229 3619 1431 3679 autem,
1490 3621 1780 3682 antequam
1818 3629 1951 3670 con-

378 3700 669 3763 liceretur,
710 3707 887 3754 tutum
939 3700 1237 3771 quidquam
1286 3707 1641 3772 respondere.
1677 3703 1802 3760 Haec
1842 3706 1950 3761 mei

376 3790 577 3845 silentii
640 3789 746 3844 fuit
790 3806 953 3869 causa
1001 3811 1013 3846 :
1064 3809 1175 3847 non
1225 3794 1373 3848 enim
1416 3796 1715 3866 segnities,
1769 3814 1950 3869 neque

374 3883 535 3937 olIieii
584 3884 875 3954 ignoratio.
924 3884 1149 3941 Etiamsi
1188 3888 1335 3941 enim
1383 3890 1606 3945 omnino
1662 3893 1814 3962 piger
1860 3909 1950 3948 es-

375 3990 511 4041 sem,
543 3982 727 4030 tamen
753 3975 882 4031 vitia
918 3993 1037 4031 mea
1082 3992 1267 4031 coram
1306 3989 1399 4033 tua
1432 3981 1695 4052 dignitate
1763 3985 1952 4039 occul-

374 4074 492 4121 tare
534 4067 684 4121 omni
738 4068 899 4122 modo
932 4068 1287 4125 studuissem.
1322 4070 1480 4126 Nunc
1524 4089 1654 4128 vero
1678 4089 1786 4129 non
1820 4090 1951 4145 pos-

374 4173 496 4211 sum
552 4173 653 4229 ego
709 4159 788 4211 ttti
851 4160 1144 4224 oblivisci,
1196 4177 1265 4217 ne
1337 4163 1663 4220 brevissimo
1728 4167 1947 4235 quidem

375 4248 634 4317 temporis
681 4249 894 4317 spatio:
933 4258 1028 4304 aut
1058 4262 1203 4306 certe
1245 4252 1517 4323 quispiam
1574 4269 1633 4310 se
1684 4255 1802 4324 ipse
1854 4271 1950 4325 po-

374 4338 485 4393 tius
540 4338 795 4407 ignoret:
854 4341 947 4395 sed
987 4340 1101 4395 sive
1145 4342 1420 4407 scribam,
1457 4343 1571 4398 sive
1620 4359 1731 4399 non
1757 4384 1772 4409 ,
1827 4346 1950 4399 inli-

1993 2986 2088 3031 eat.
2288 3016 2289 3019 η

2202 3063 2649 3132 Ἀνεπίγραερος,
2684 3061 2783 3115 ἐπὶ
2830 3063 2986 3130 φίλῳ
3023 3060 3482 3130 συμπασχάσαι.

2084 3156 2423 3226 ’Δεξάμενος
2496 3154 2565 3207 τὰ
2629 3154 2933 3225 γράμματα
2990 3155 3089 3221 τῆς
3150 3154 3249 3224 σῆς
3315 3153 3623 3223 τιμιότητος

2049 3248 2242 3319 ἥσθην,
2299 3247 2375 3310 ὠς
2403 3246 2571 3309 εἰκὸς,
2617 3248 2713 3299 καὶ
2732 3245 3131 3316 ἐὐχαρίστησα
3173 3243 3251 3315 τῷ
3296 3246 3505 3315 Κυρίῳ,
3531 3244 3622 3295 καὶ

2051 3338 2347 3409 προθύμως
2385 3334 2528 3408 εἶχον
2574 3335 3050 3406 ἀντιφθέγξασθαι,
3086 3336 3181 3388 ὲάν
3212 3354 3296 3399 τις
3332 3337 3472 3390 κατά
3505 3353 3622 3389 και-

2052 3430 2148 3502 ρὸν
2195 3431 2322 3501 περὶ
2374 3429 2723 3499 ἀντιγράφων
2775 3428 3077 3499 ὑπέμνησε.
3113 3416 3191 3480 Τὸ
3234 3428 3345 3499 γὰρ
3391 3432 3619 3499 πρᾶγμα

2053 3524 2191 3594 ὑπὲρ
2219 3517 2279 3576 οὗ
2312 3524 2389 3594 (7)
2424 3520 2692 3586 ἐπέταξας
2714 3524 2866 3592 ἡμῖν,
2897 3522 3072 3593 χρόνῳ
3098 3520 3372 3592 ἐλάμϐανε
3407 3525 3505 3592 τὴν
3532 3539 3620 3575 κα-

2048 3617 2330 3669 τάστασιν.
2364 3615 2479 3668 Οὐκ
2532 3615 2660 3684 ἐνῆν
2711 3614 2768 3667 δὲ
2808 3614 2914 3685 πρὸ
2942 3614 3036 3667 τοῦ
3096 3614 3333 3685 πέρατος
3386 3614 3621 3681 ἀσφαλὲς

2048 3707 2200 3761 οὐδὲν
2228 3704 2647 3775 ἀποκρίνασθαι.
2675 3702 2822 3774 Αὕτη
2846 3706 2878 3774 ἡ
2898 3704 3050 3763 αἰτία
3073 3705 3172 3773 τῆς
3196 3704 3409 3773 σιωπῆς
3434 3705 3585 3773 ἡμῶν
3601 3719 3621 3733 ’

2048 3798 2110 3851 οὑ
2141 3798 2248 3868 γὰρ
2294 3795 2360 3867 δὴ
2408 3796 2670 3867 ῥᾳθυμία,
2717 3795 2837 3847 οὐδὲ
2863 3795 3053 3861 ἄγνοια
3095 3795 3189 3847 τοῦ
3236 3797 3619 3867 προσήκοντος.

2050 3890 2113 3942 Ei
2156 3887 2265 3958 γὰρ
2315 3887 2409 3940 καὶ
2455 3885 2591 3948 ὅλως
2619 3881 2761 3955 ἦμεν
2808 3884 2883 3954 (8)
2928 3884 3181 3956 ρᾁυμοι,
3215 3885 3621 3955 ἐσπουδάσαμεν

2051 3980 2266 4042 πάντως
2296 3978 2389 4031 ἐπὶ
2415 3977 2516 4047 τῆς
2563 3978 2663 4047 σῆς
2703 3976 3015 4047 τιμιότητος
3049 3978 3339 4031 συσκιάσαι
3372 3977 3527 4048 ἡμῶν
3559 3978 3621 4029 τα

2050 4071 2432 4141 ἐλαττώματα.
2494 4068 2608 4121 Νῦν
2642 4067 2699 4120 δὲ
2743 4068 2842 4120 οὐκ
2877 4067 3023 4120 ἔστιν
3072 4067 3231 4137 ἡμῶν
3275 4066 3621 4122 ἐπιλαθὲσῦαι

2051 4181 2143 4218 σου
2183 4164 2304 4216 οὐδὲ
2346 4162 2407 4214 τὸ
2448 4159 2782 4230 βραχύτατον
2811 4159 2863 4229 (ἢ
2915 4158 3177 4230 πρότερον
3216 4158 3283 4212 ἄν
3325 4176 3411 4222 τις
3438 4161 3621 4212 ἑαυτὸν

2051 4253 2420 4326 ἀγνοήσειεν)ο
2465 4252 2600 4306 ἀλλά
2643 4254 2748 4306 κᾶν
2789 4252 3212 4322 ὲπιστέλλωμεν,
3248 4251 3351 4306 κᾶν
3394 4254 3489 4324 μὴ,
3543 4254 3625 4305 ev-

2052 4346 2333 4418 ιδρυμένον
2366 4362 2427 4396 σε
2463 4346 2583 4406 ταῖς
2606 4343 2854 4415 καρδίαις
2884 4344 3091 4398 ἑαυτῶν
3120 4345 3511 4414 περιφέρομεν,
3536 4344 3626 4397 καὶ

375 4443 503 4481 xum
540 4436 593 4483 te
632 4445 753 4483 meo
810 4431 961 4485 cordi
1004 4432 1379 4489 circumfero:
1419 4443 1473 4488 et
1529 4436 1745 4505 longam
1800 4437 1944 4491 illam

2055 4440 2190 4511 πρὸς
2217 4438 2313 4508 τὴν
2341 4434 2555 4507 μακρὰν
2605 4434 2890 4503 ἀπόλειψιν
2916 4434 3011 4487 τοῦ
3049 4436 3317 4506 χειμῶνος
3343 4436 3485 4488 οὕτω
3506 4437 3627 4489 δυσ-

375 4519 569 4575 hiemis
608 4521 910 4576 absentiam
936 4523 1011 4577 ita
1041 4525 1267 4579 moleste
1314 4526 1432 4581 fero
1464 4568 1479 4593 ,
1522 4535 1580 4581 ut
1633 4544 1842 4598 precer,
1903 4530 1944 4586 si

2056 4530 2227 4592 κόλως
2277 4528 2494 4599 ἔχομεν,
2551 4525 2691 4579 ὥστε
2739 4525 3014 4596 εὔχεσθαι,
3057 4529 3107 4578 εἱ
3147 4527 3223 4597 μὴ
3253 4526 3404 4597 αὐτῷ
3438 4544 3519 4580 σοι
3550 4526 3622 4595 (9)

374 4611 645 4682 integrum
673 4612 771 4667 tibi
804 4613 909 4685 ipsi
938 4629 1049 4668 non
1096 4624 1180 4669 est
1222 4616 1292 4670 ob
1338 4632 1465 4679 eas,
1510 4618 1577 4672 de
1609 4618 1806 4687 quibus
1852 4635 1944 4674 au-

2055 4620 2297 4683 δυνατὸν,
2340 4619 2427 4671 διά
2466 4616 2563 4679 τὰς
2602 4617 2936 4685 ἀκουομένας
2982 4617 3262 4686 ἀσχολίας,
3313 4618 3626 4671 καταλιπεῖν

374 4700 508 4767 divi,
548 4705 967 4774 occupationes,
1000 4707 1240 4762 rusticos
1288 4709 1629 4777 relinquere,
1668 4709 1799 4763 mihi
1854 4725 1947 4765 oc-

374 4791 650 4847 casionem
685 4793 805 4847 dari
858 4793 924 4847 ad
960 4794 1079 4849 loca
1115 4796 1205 4848 illa
1254 4796 1546 4860 veniendi,
1593 4812 1657 4850 ac
1691 4813 1817 4852 vera
1852 4797 1945 4852 illa

374 4890 595 4936 tuorum
658 4897 875 4937 morum
921 4884 1233 4955 integritate
1299 4902 1362 4941 ac
1422 4889 1761 4944 ornamentis
1833 4889 1942 4944 tuis

374 4972 710 5041 perfruendi.
797 4971 1033 5029 Omnino
1106 4984 1286 5031 autem
1356 4978 1653 5033 salutarem
1721 4977 1943 5034 Pascha:

372 5063 514 5119 diem
576 5064 861 5119 nobiseum
909 5066 1198 5123 conaberis
1265 5068 1597 5139 transigere,
1663 5085 1770 5124 una
1816 5087 1944 5126 cum

443 5226 462 5239 '
491 5219 641 5274 Alias
679 5218 879 5275 CCXII.

443 5291 484 5310 “
515 5289 664 5344 Alias
704 5288 980 5345 CCXXIII.

442 5359 519 5427 (4)
574 5359 972 5428 Ἐκτισθῆναι.
1032 5361 1147 5417 Duo
1198 5362 1415 5418 codices
1459 5363 1722 5417 ἐκτίσθαι.
1774 5361 1944 5420 Paulo

376 5430 662 5505 post-male
687 5430 742 5505 in
773 5431 937 5505 editis
960 5430 1164 5505 ἕτερος,
1195 5431 1589 5505 Μεεηὲταίρος.

444 5498 523 5565 (5)
546 5500 759 5553 Αὐτόν.
803 5500 923 5555 Νοη
955 5498 1095 5557 male
1126 5504 1277 5558 deest
1328 5503 1383 5556 in
1435 5498 1624 5558 codice
1658 5502 1939 5559 Vaticano.

443 5568 516 5636 (6)
560 5569 635 5622 Ἣ
656 5571 808 5624 τίνα.
835 5570 951 5626 Duo
982 5573 1202 5627 codices
1253 5572 1362 5625 εἴτε
1399 5573 1541 5626 τίνα.
1586 5573 1787 5628 Ibidem
1811 5576 1943 5630 editi

372 5636 681 5706 γνωρίσαις.
711 5638 955 5704 Quatuor
982 5659 1114 5698 mss.
1149 5651 1207 5696 ut
1232 5643 1288 5696 in
1319 5650 1490 5697 textu.

440 5706 516 5773 (7)
566 5707 741 5775 ’Υπὲρ
772 5706 865 5766 οὗ.
892 5711 1009 5767 Duo
1031 5729 1190 5780 mss,
1221 5714 1348 5784 περὶ
1373 5707 1453 5769 οὗ.
1482 5711 1652 5770 Paulo
1673 5722 1798 5785 post
1823 5715 1938 5772 edi-

2053 4714 2177 4773 τοὺς
2205 4710 2519 4781 ἀγροίκους,
2549 4708 2680 4776 ἡμῖν
2703 4707 3019 4773 ἐγγενέσθαι
3041 4709 3318 4779 πρόφασιν
3341 4709 3627 4777 ἐπιστῆναι

2052 4804 2165 4864 τοῖς
2190 4802 2394 4866 τόποις,
2449 4803 2543 4855 καὶ
2595 4806 2694 4875 τῆς
2730 4799 2990 4871 ἀληθινῆς
3029 4800 3348 4863 εὐσταθείας
3382 4800 3490 4852 τῶν
3524 4800 3625 4851 σῶν

2051 4891 2271 4962 τρόπων
2300 4892 2509 4963 καὶτῆς
2554 4894 2909 4964 κοσμιότητος
2955 4890 3278 4944 ἀπολαῦσαι.
3312 4891 3538 4953 Πάντως
3572 4890 3626 4942 δὲ

2047 4982 2148 5050 τὴν
2182 4983 2448 5054 σωτήριον
2478 4984 2686 5054 ἡμέραν
2709 4982 2802 5037 τοῦ
2844 4983 3035 5052 Πάσχα
3071 4982 3191 5052 μεθ’
3222 4982 3380 5052 ήμῶν
3408 4982 3625 5050 ποιῆσαι

2050 5074 2469 5149 προθυμηθήσῃ,
2523 5078 2662 5148 μετά
2704 5080 2803 5149 τῆς
2834 5077 3214 5147 κοσμιωτάτης
3243 5076 3479 5145 συμσίου
3516 5091 3623 5135 σου,

2058 5226 2133 5280 ιίο
2161 5225 2361 5292 Paris.,
2394 5229 2493 5282 οὐκ
2535 5230 2653 5299 εἵην
2703 5229 2781 5282 δέ.
2814 5229 2944 5284 Mss.
2989 5237 3047 5283 ut
3068 5230 3128 5299 in
3161 5236 3333 5285 textu.
3388 5228 3624 5285 Subinde

2051 5305 2287 5372 quatuor
2329 5300 2570 5372 codices,
2603 5298 2811 5371 σιωπῆς
2836 5300 3013 5372 ἡμῶν.
3043 5298 3186 5372 Editi
3220 5300 3435 5372 σιωπῆς
3473 5303 3620 5372 ἡμῖν.

2124 5368 2199 5437 (8)
2234 5363 2442 5442 τῌμεν.
2474 5368 2631 5442 Deest
2661 5386 2723 5424 ea
2751 5363 2935 5442 voxjin
2966 5370 3105 5423 Med.
3139 5379 3197 5442 et
3226 5363 3403 5425 Coisl.‘
3417 5363 3621 5442 primo.

2049 5434 2432 5509 Duo’codices,
2459 5442 2505 5491 εἰ
2542 5439 2647 5509 γὰρ
2688 5440 2781 5493 καὶ
2814 5439 2987 5503 ἄλλως
3015 5440 3200 5509 ἐσμέν.

2122 5508 2196 5578 (9)
2232 5510 2299 5560 El
2315 5509 2401 5576 μὴ
2425 5510 2586 5574 αὐτῷ
2615 5508 2757 5564 σοι.¹
2787 5510 2988 5563 Sanum
3024 5508 3201 5563 locum
3260 5511 3619 5566 Combetisius

2046 5582 2371 5652 corrumpit,
2390 5580 2518 5632 dum
2542 5581 2833 5635 emendare
2859 5579 3373 5652 cupit.Legendum
3398 5592 3550 5652 putat
3575 5583 3621 5633 εἰ

2049 5648 2147 5729 μεν
2169 5648 2319 5717 αὐτῷ
2345 5665 2448 5729 σοι,
2463 5652 2899 5729 repugnantibus
2931 5648 3216 5707 codicibus
3238 5668 3374 5709 mss.
3398 5648 3475 5709 'ae
3506 5654 3620 5722 ipsa

2043 5725 2208 5774 etiam
2242 5725 2532 5775 sententia.
