3878 6222
345 298 476 352 1071

1667 293 1724 348 S.
1770 291 2012 346 BASILII
2053 292 2271 348 MAGNI

3473 297 3609 351 1072

343 410 534 481 majori
614 417 742 465 sunt
791 409 1059 464 habenda.
1133 411 1315 479 Itaque
1367 424 1465 480 pro
1524 419 1674 461 certo
1724 407 1868 463 scias
1903 447 1918 472 ,

2034 409 2367 481 γραφόμενα,
2415 409 2598 479 πολλῷ
2645 408 2888 472 πλείονος
2942 408 3068 476 ἄξια
3103 409 3316 478 γίνεται
3341 411 3604 482 δηλονότι-

345 503 640 556 Patricium
692 503 866 556 virum
930 516 1190 570 perquam
1234 502 1499 568 optimum
1557 507 1706 552 tanta
1739 499 1922 554 suadae

342 595 635 665 pharmaca
670 594 725 646 in
767 593 882 647 suis
931 592 1088 646 labiis
1119 591 1284 653 ferre.
1318 599 1396 658 ut,
1439 605 1548 645 non
1582 589 1744 645 modo
1775 591 1922 661 quod

342 696 400 740 tu
454 685 747 755 scripsisti,
779 683 896 740 -sed
934 684 1149 738 etiamsi
1209 682 1592 737 Sanromatam
1631 682 1921 751 quemdam

343 785 438 832 aut
474 776 730 850 Scytham
783 775 1100 838 offenderit,
1131 775 1180 830 ei
1237 773 1399 830 facile
1446 772 1712 845 quidquid
1745 773 1922 828 libue-

343 870 416 924 rit
456 868 800 938 persuadeat.
868 864 1253 920 Verumtamen
1303 866 1397 920 illa
1433 865 1726 921 hilaritatis
1757 865 1923 920 verba

342 975 454 1014 non
502 975 569 1012 ex
627 958 794 1012 corde
851 957 1297 1027 proﬁciscuntur.
1375 955 1708 1011 Jamdudum
1774 957 1922 1012 enim

343 1048 584 1104 obtinuit
619 1048 712 1102 illa
742 1049 991 1118 species,
1037 1063 1174 1104 voce
1214 1057 1376 1104 tenus
1409 1048 1693 1118 simplices
1719 1064 1844 1105 esse
1871 1059 1925 1106 et

343 1144 579 1211 ineptos,
630 1155 695 1194 ac
741 1147 960 1211 paratos
990 1155 1080 1196 res
1123 1155 1255 1196 suas
1300 1139 1476 1195 cuivis
1527 1139 1738 1210 judicio
1769 1156 1923 1196 com-

341 1235 598 1300 mittere;
657 1234 751 1288 sed
803 1234 894 1288 ubi
933 1233 1002 1288 ad
1049 1249 1165 1290 rem
1217 1235 1390 1304 ipsam
1445 1244 1668 1290 ventum
1707 1234 1833 1300 erit,
1866 1242 1922 1289 tu

340 1342 470 1381 vero
508 1327 619 1381 illic
658 1326 804 1380 haud
853 1327 1164 1397 reperiaris.
1202 1323 1309 1382 Sed
1341 1325 1458 1381 haec
1513 1326 1656 1397 apud
1699 1334 1752 1382 te
1779 1327 1922 1381 dicta

343 1419 492 1480 sint,
547 1426 606 1471 ut
659 1417 776 1488 ipse
829 1432 1098 1488 agnoscas
1150 1418 1328 1472 virum
1387 1419 1535 1473 hunc
1577 1418 1780 1490 alioqui
1814 1435 1923 1474 non

343 1523 468 1562 eum
535 1524 660 1564 esse
691 1549 706 1573 ,
766 1524 928 1579 quem
983 1507 1144 1564 facile
1177 1508 1348 1565 ducas
1399 1524 1509 1579 quo
1533 1509 1706 1576 velis;
1761 1516 1926 1579 atque

341 1600 504 1654 etiam
535 1602 590 1655 in
621 1601 861 1656 animum
891 1609 1048 1656 tuum
1078 1601 1308 1657 inducas
1329 1642 1344 1666 ,
1373 1616 1718 1672 nequaquam
1740 1603 1925 1658 verbis

341 1693 560 1751 decoris
585 1695 890 1763 attendere,
917 1694 1013 1752 sed
1045 1695 1175 1750 dum
1203 1695 1370 1750 rebus
1403 1695 1537 1764 ipsis
1560 1694 1924 1765 comproben-

340 1795 452 1851 tur.
488 1796 828 1856 exspectare.

792 2033 1125 2090 EPISTOLA
1147 2033 1471 2091 CCCXXV‘.

2027 498 2100 556 Εῦ
2157 503 2334 556 τοίνυν
2376 500 2489 572 (18)
2557 501 2686 565 ίσθι,
2743 502 2819 566 ὡς
2863 501 2893 552 ὁ
2924 502 2993 556 τὰ
3030 504 3208 557 πάντα
3238 504 3352 576 (19)
3389 506 3611 576 ἀριστος

2026 592 2167 663 ἀνὴρ
2199 591 2495 662 Πατρίκιος
2531 592 2770 646 τοσαῦτα
2795 593 2886 645 ἐπὶ
2912 591 3019 645 τῶν
3055 593 3277 662 χειλέων
3301 595 3469 648 αὑτοῦ
3511 599 3613 668 τῆς

2026 681 2246 744 πειθοῦς
2298 682 2453 753 φέρει
2503 683 2792 754 φάρμακα,
2843 681 2984 735 ὥστε
3030 681 3106 754 μὴ
3133 683 3215 736 ὃτι
3258 683 3323 736 σὺ
3369 683 3483 755 (Ξθ)
3515 686 3613 737 ἐπ-

2026 773 2294 838 έστειλας,
2321 773 2459 828 ἀλλά
2492 773 2595 828 κᾶν
2622 775 2980 848 Σαυρομάτην
3005 775 3178 846 τινάῆ
3204 775 3421 848 Σκύθην
3449 775 3614 850 λάϐῃ,

2026 865 2211 920 πείσαι
2241 865 2307 920 ἂν
2357 864 2469 936 (21)
2505 865 2703 937 ῥαδίως
2751 867 2880 938 περὶ
2917 859 2992 920 ὧν
3025 865 3354 936 ἐθελήσειεν.
3385 868 3461 919 Ού
3501 869 3613 938 μὴν

2026 961 2135 1014 ἀπὸ
2187 960 2415 1032 καρδίας
2473 960 2590 1012 ἐστὶ
2636 959 2704 1013 τά
2745 959 2848 1029 τῆς
2893 959 3234 1031 εὐφροσύνης
3265 959 3383 1030 (9.2)
3425 961 3614 1012 ἐκεῖνα

2031 1055 2269 1126 ῥήματα.
2305 1053 2480 1108 Πάλαι
2521 1053 2630 1124 γὰρ
2661 1053 3073 1124 ἐπιτετήδευται
3102 1053 3165 1106 τὸ
3192 1053 3382 1123 σχῆμα
3406 1051 3565 1105 τοῦτο
3594 1069 3610 1082 ο

2030 1146 2190 1218 μέχρι
2214 1145 2397 1217 φωνῆς
2428 1145 2542 1216 (25)
2568 1147 2841 1216 χρηστοὺς
2882 1147 2977 1198 καὶ
3026 1145 3427 1217 ἀπειροκάλους
3449 1143 3614 1214 δῆθεν

2027 1237 2125 1292 καὶ
2159 1237 2410 1308 ἑτοίμους
2454 1233 2594 1290 εἶναι
2639 1236 2954 1307 ἐπιτρέπειν
2990 1237 3155 1292 παντὶ
3183 1237 3520 1307 δικαστηρίῳ
3543 1237 3614 1289 τὰ

2027 1331 2148 1385 κατ’
2197 1330 2432 1394 αὐτούς’
2487 1329 2708 1384 ὲπειδάν
2753 1329 2811 1384 δὲ
2859 1329 2946 1383 ἐπ’
2973 1329 3154 1384 αὐτῶν
3191 1330 3456 1399 γένωνται
3505 1329 3612 1381 τῶν

2027 1422 2388 1494 πραγμάτων,
2412 1422 2486 1493 μὴ
2520 1420 2584 1475 σύ
2618 1439 2682 1491 γε
2715 1423 2834 1476 ἐκεῖ
2859 1421 2972 1492 ('24)
3003 1423 3206 1492 τύχοις.
3249 1421 3414 1475 Ἀλλά
3438 1419 3610 1474 ταῦτα

2029 1514 2131 1586 μέν
2165 1531 2255 1586 μοι
2305 1515 2445 1585 πρὸς
2475 1513 2536 1567 σὲ
2596 1515 2858 1586 είρήσθω,
2889 1515 2954 1569 ἶν’
2986 1515 3150 1578 αὑτός
3173 1532 3234 1568 τε
3262 1512 3464 1584 εἰδείης
3495 1512 3611 1584 (25)

2027 1602 2120 1655 καὶ
2146 1599 2258 1673 (26)
2286 1602 2378 1656 τὸν
2412 1602 2584 1674 ἀνδρα
2632 1601 2756 1656 οὔτε
2813 1602 2992 1667 ἄλλως
3023 1603 3155 1658 ὄντα
3184 1602 3608 1675 εὐπαράγωγον,

2027 1692 2107 1746 ἔτι
2137 1693 2230 1746 καὶ
2273 1692 2426 1766 παρά
2458 1693 2688 1747 σεαυτοῦ
2713 1695 2965 1767 πεισθῇς,
2993 1695 3068 1767 μὴ
3113 1699 3183 1767 τῇ
3211 1696 3321 1749 τῶν
3349 1695 3610 1768 ῥημάτων

1955 1763 1999 1823 Β
2028 1786 2317 1858 προσέχειν
2355 1763 2695 1860 εὐπρεπείᾳ,
2721 1789 2856 1843 ἀλλά
2882 1763 3024 1855 -τοὺς
3049 1763 3115 1844 εκ

2026 1878 2311 1949 ἀναμένων
2344 1877 2621 1950 ἐλέγχους.

2549 2041 2894 2094 ΕΠΙΣΤΟΛΗ
2912 2041 3086 2094 ΤΚΕ⁹.

727 2169 915 2223 Gratias
935 2169 1035 2236 agit
1058 2170 1188 2236 quod
1212 2171 1278 2221 ad
1301 2185 1353 2223 se
1371 2169 1624 2235 scripserit
1645 2184 1733 2234 per
1750 2184 2050 2224 communem
2067 2170 2224 2237 ﬁliam
2254 2175 2273 2224 ι
2279 2173 2471 2236 celium,
2494 2188 2640 2242 quam
2659 2175 2829 2228 laudat
2853 2173 3219 2242 perhonoriﬁee.

953 2301 1318 2374 Magniniano.

415 2417 563 2473 Satis
618 2428 774 2473 erant
827 2416 911 2472 vel
959 2416 1155 2472 litterae
1211 2426 1320 2471 tuae
1365 2415 1655 2488 gravitatis
1710 2413 1777 2470 ad
1837 2431 1924 2472 me

333 2511 492 2566 omni
541 2509 722 2565 laetitia
761 2509 1225 2580 perfundendum.
1287 2508 1443 2562 Nunc
1499 2524 1628 2563 vero
1688 2522 1813 2562 cum
1871 2516 1927 2563 et

343 2604 634 2659 mulierum
699 2600 1099 2666 ornatissima,
1156 2600 1470 2656 communis
1544 2609 1734 2654 nostra
1811 2599 1921 2654 filia

341 2694 559 2749 lcelium
595 2733 609 2757 ,
665 2700 816 2746 tuam
891 2691 1024 2745 mihi
1098 2691 1388 2762 epistolam
1465 2690 1732 2755 tradidit,
1787 2690 1925 2744 laeti-

341 2785 474 2838 tiam
543 2799 718 2837 meam
791 2783 913 2853 plus
973 2797 1139 2854 quam
1196 2780 1496 2852 duplicavit
1573 2797 1682 2834 non
1742 2780 1920 2836 solum

343 2875 491 2946 quod
543 2876 666 2930 viva
719 2875 790 2930 sit
837 2874 1018 2944 imago
1074 2872 1364 2942 probitatis
1413 2879 1556 2936 tute,
1611 2871 1708 2926 sed
1753 2871 1919 2924 etiam

341 2967 487 3038 quod
544 2982 641 3038 per
674 2982 732 3022 se
771 2981 935 3021 omne
989 2965 1330 3021 demonstret
1382 2963 1606 3019 virtutis
1653 2962 1917 3019 studium.

340 3063 521 3125 Quare
563 3059 797 3129 primum
835 3057 1057 3127 quidem
1095 3072 1216 3112 eam
1271 3055 1503 3111 libenter
1553 3054 1744 3125 excepi
1790 3069 1918 3124 pro-

2549 2287 2933 2358 Μαγγινιανῷ
2969 2287 3083 2360 (27)

2109 2403 2359 2476 Ἐξήρκει
2407 2406 2502 2459 καὶ
2534 2405 2596 2459 τὸ
2621 2405 2861 2478 γράμμα
2892 2403 2996 2475 τῆς
3025 2403 3360 2476 σεμνότητός
3389 2420 3484 2458 σου
3512 2405 3613 2459 πᾶ-

2028 2515 2128 2552 σαν
2159 2500 2292 2571 ἡμῖν
2334 2497 2740 2571 ἐξεργάσασθαι
2787 2495 3149 2569 εὐφροσύνην.
3205 2495 3343 2552 Νυνὶ
3366 2496 3426 2550 δὲ
3453 2497 3550 2550 καὶ
3576 2497 3613 2568 ἠ

2025 2589 2377 2662 κοσμιωτάτη
2425 2589 2700 2658 γυναικῶν
2767 2588 2990 2641 Ἰκέλιον
3015 2587 3152 2657 (28),
3184 2589 3219 2659 ἠ
3261 2586 3418 2658 κοινὴ
3443 2587 3610 2656 θυγά-

2029 2700 2134 2755 τηρ
2164 2682 2345 2755 ἡμῶν,
2379 2683 2479 2754 τὴν
2522 2681 2812 2754 ἐπιστολὴν
2850 2679 3147 2744 ἀποδοῦσα,
3175 2679 3342 2733 πλέον
3376 2681 3410 2750 ἢ
3446 2682 3528 2744 είς
3550 2678 3611 2735 τδ

2027 2776 2307 2831 διπλάσιον
2333 2776 2434 2848 τὴν
2475 2775 2817 2848 εὐφροσύνην
2860 2773 3170 2846 ἐπηύξησεν
3195 2789 3209 2804 ·
3251 2774 3316 2827 ού
3352 2774 3513 2844 μόνον
3533 2775 3610 2844 τῷ

2028 2865 2272 2938 ἔμψυχος
2324 2864 2488 2919 εἰκὼν
2547 2860 2687 2919 εἶναι
2723 2865 2824 2936 τῆς
2880 2866 2980 2935 σῆς
3027 2863 3142 2933 (9.9)
3179 2861 3604 2929 καλοκάγαθίας,

2027 2959 2163 3014 ἀλλά
2215 2959 2311 3013 καὶ
2343 2957 2420 3029 τῷ
2454 2957 2584 3029 παρ’
2614 2956 2814 3026 ἑαυτῆς
2849 2957 3028 3010 πᾶσαν
3068 2954 3444 3009 ἐπιδεικνύναι
3476 2955 3606 3026 ἀρε-

2027 3053 2125 3124 τῆς
2167 3050 2508 3123 ἐπιμέλειαν.
2541 3049 2703 3102 Ὥστε
2748 3045 3212 3120 πρότερον-αὐτην
3243 3047 3498 3116 ἀσμένως
3521 3046 3605 3099 δε-

340 3162 464 3225 pter
516 3115 611 3215 te,
663 3115 868 3206 deinde
908 3150 1026 3204 vice
1060 3164 1219 3204 versa
1248 3190 1263 3214 ,
1325 3149 1548 3203 beatum
1607 3156 1661 3202 te
1691 3115 1920 3217 propter

2034 3115 2386 3217 ξάμενουδιά
2429 3144 2518 3206 σὲ,
2569 3115 2806 3212 ὕστερον.
2851 3115 3297 3211 ἀναστρέψαντες
3323 3115 3606 3208 ἐμακαρί-

341 3243 490 3296 illam
540 3240 862 3312 praedicavi,
899 3238 1041 3309 quod
1094 3247 1150 3295 te
1193 3239 1322 3294 talis
1363 3237 1665 3292 liberorum
1721 3235 1924 3290 educa-

341 3336 511 3390 tionis
545 3349 755 3390 merces
787 3341 1008 3387 maneat
1039 3348 1069 3387 a
1122 3331 1356 3387 Domino
1391 3328 1524 3384 Deo.
1562 3327 1786 3384 Utinam
1832 3343 1929 3381 au-

340 3437 448 3483 tem
502 3434 555 3481 et
601 3435 654 3481 te
700 3425 994 3496 aliquando
1046 3424 1364 3488 videamus,
1418 3430 1583 3493 atque
1621 3420 1780 3477 bonis
1813 3421 1924 3476 tuis

342 3519 691 3591 perfruamur
722 3559 738 3581 ,
775 3533 952 3588 neque
1002 3518 1250 3588 corporis
1301 3515 1516 3570 infirma
1560 3513 1873 3568 valetudine
1906 3553 1921 3578 ,

343 3629 520 3683 neque
544 3612 651 3666 ulla
675 3612 779 3665 alia
809 3610 1058 3666 molestia
1083 3623 1442 3680 congressum
1472 3614 1724 3664 nostrum
1758 3605 1925 3675 impe-

343 3706 543 3762 diente.

654 3859 819 3935 450
855 3859 1188 3916 EPISTOLA
1219 3853 1589 3914 CCCXXVI“.

2031 3232 2202 3302 σαμέν
2247 3248 2306 3284 σε
2351 3231 2418 3284 δι’
2463 3230 2654 3301 αὐτὴν,
2699 3231 2779 3283 ὃτι
2816 3229 3074 3298 τοιαύτης
3105 3227 3496 3298 τεκνοτροφίας
3522 3245 3605 3294 μι-

2029 3323 2146 3376 σθοί
2189 3339 2249 3375 σε
2305 3321 2527 3393 μένουσι
2577 3320 2729 3393 παρὰ
2773 3319 2866 3373 τοῦ
2923 3321 3196 3373 Δεσπότου
3246 3317 3406 3372 Θεοῦ.
3467 3317 3602 3370 Ἀλλ’

2029 3412 2232 3484 ίδοιμέν
2278 3429 2407 3465 ποτε
2442 3413 2538 3465 καὶ
2588 3412 2750 3466 αὑτὸν
2797 3411 2879 3476 σὲ,
2927 3411 3024 3464 καὶ
3069 3411 3178 3463 τῶν
3224 3412 3284 3463 ὲν
3314 3411 3398 3463 σοὶ
3429 3408 3604 3463 καλῶν

2028 3505 2457 3577 ἀπολαύσαιμεν,
2499 3506 2636 3576 μήτε
2691 3503 3022 3576 ἀρρωστίας,
3054 3505 3192 3574 μήτε
3235 3504 3429 3576 ἑτέρας
3465 3502 3603 3564 τινὸς

2027 3601 2344 3673 δυσχερείας
2370 3599 2768 3672 ἐμποδιζούσης
2796 3599 2954 3670 ἡμῶν
2985 3601 3052 3671 τῇ
3087 3597 3348 3671 συντυχίᾳ
3384 3596 3516 3670 (30).

2545 3840 2892 3895 ΕΠΙΣΤΟΛΗ
2919 3839 3108 3906 τκςι.

1018 3993 1207 4044 Salutat
1235 3992 1391 4041 oblata
1411 3998 1662 4040 occasione
1685 3989 1732 4036 et
1752 3981 1992 4043 hortatur,
2015 3985 2066 4030 ut
2088 3991 2174 4042 per
2194 3982 2343 4028 totam
2366 3974 2514 4026 vitam
2533 3971 2624 4024 Dei
2645 3967 2933 4023 meminerit.

573 4119 1083 4184 Sine'inscriptione,
1110 4117 1486 4173 admonitionis
1513 4130 1700 4168 causa.

416 4235 572 4291 Dedit
629 4235 762 4290 mihi
809 4234 954 4292 Deus
1006 4243 1232 4292 sanctus
1271 4230 1774 4290 commodissimam
1833 4225 1923 4281 lito

419 4416 432 4433 '
477 4413 629 4468 Alias
655 4409 1030 4467 CCCLXXXI.

416 4487 454 4505 “
487 4485 635 4538 Alias
667 4480 944 4538 CCXXIV.

415 4553 527 4622 (l8)
567 4553 653 4606 Εὖ
689 4547 1228 4622 τοίνυνηΜθὰἰοέὲυε
1265 4547 1458 4622 codex)
1484 4545 1550 4622 ab
1583 4543 1780 4622 τοίνυν.

413 4617 524 4694 (19)
575 4623 670 4694 Ὠς
699 4627 731 4694 ό
758 4621 832 4675 τὰ
859 4620 1074 4694 πάντα.
1102 4618 1228 4694 Duo
1251 4634 1386 4674 mss.
1421 4617 1553 4694 ὃτιρ
1577 4617 1813 4694 πάντωνΖ

373 4681 529 4780 τζεο)
561 4681 661 4762 Μῆ
687 4692 777 4747 ὅτι
805 4693 908 4747 σύ.
930 4690 1100 4746 Coisl.
1150 4690 1359 4760 primus
1391 4694 1446 4742 et
1486 4684 1650 4749 Med.,
1690 4683 1812 4754 μηδ’
1843 4681 1924 4734 ὅτι

342 4781 403 4816 0‘.)
407 4782 433 4815 ν
441 4805 454 4818 ο

416 4831 528 4905 (2|)
559 4832 770 4905 Πεῖσαι
805 4831 901 4905 ἄν.
937 4828 1241 4905 Si_c__Cpisl._
1270 4827 1499 4905 primus.
1528 4823 1665 4879 Tres
1708 4821 1800 4876 alii
1836 4837 1926 4876 re-

344 4896 642 4966 centiores,
668 4904 833 4975 πείσῃ
861 4902 946 4956 ἄν.
974 4899 1119 4975 ιζ(ίίιὶ
1151 4896 1448 4975 πείσει¹

416 4975 529 5044 122)
553 4963 970 5044 Εὗςρροσῦχῃς.
999 4969 1236 5044 Sicmss.
1274 4966 1441 5044 Editi,
1470 4963 1824 5044 ἀφροσύνης.-
1869 5031 1881 5042 ν

417 5033 528 5114 (25)
563 5033 964 5114 Φώνῖῆς.ίΕάἰίί
1018 5040 1245 5114 addunt,
1291 5033 1451 5114 εἶναι,
1490 5033 1638 5114 quod
1678 5033 1844 5114 deest.
1868 5033 1924 5114 i_n

347 5101 583 5184 quatuor
620 5101 762 5168 mss:
800 5113 978 5184 iisque
1025 5101 1446 5184 antiquissimis.
1500 5101 1700 5184 ibidem
1750 5101 1920 5184 Coisl.

347 5173 642 5246 secundus,
670 5173 906 5253 ιτοιμωξ
926 5173 1266 5253 ἐπιτρέπειν.
1300 5178 1445 5233 Idem
1465 5177 1637 5233 codex
1673 5187 1800 5229 cum
1821 5173 1923 5225 tri-

349 5255 453 5308 bus
480 5255 604 5308 aliis
635 5251 820 5324 habet,
842 5251 965 5306 καθ’
992 5251 1235 5313 ἑαυτούς.
1261 5318 1272 5324 _
1451 5316 1485 5324 __
1607 5312 1656 5324 η
1711 5312 1744 5324 η

419 5326 528 5394 (94)
581 5323 756 5394 Ἐκεῖ.
793 5312 953 5394 Deest
993 5335 1057 5375 ea
1107 5312 1212 5374 vox
1260 5318 1318 5372 in
1367 5316 1555 5394 codice
1575 5312 1882 5394 _Medicaeo.

418 5381 530 5461 (25)
569 5393 824 5460 Ελδείης.
867 5391 999 5447 Mss.
1059 5397 1326 5460 quatuor,
1366 5388 1535 5458 εἰδῇς.
1575 5383 1698 5439 Mox
1751 5381 1923 5436 codex

349 5462 655 5525 Hedicaeus,
679 5462 935 5525 πεισθείς.
1003 5531 1010 5532 ί
1131 5531 1140 5532 ί
1263 5528 1274 5532 Α
1378 5529 1412 5532 __
1581 5525 1592 5532 _
1753 5521 1762 5532 .

419 5533 530 5603 (26)
567 5535 697 5589 Καί.
725 5533 982 5603 Fortasse
999 5531 1144 5585 istud
1178 5528 1274 5584 καί
1309 5525 1691 5603 collocandum
1720 5525 1791 5577 sit
1813 5528 1923 5574 sta-

350 5595 444 5656 tim
472 5595 598 5658 ante
627 5619 813 5658 vocem
844 5602 924 5655 ἐτι
953 5615 1073 5670 qua:
1105 5599 1520 5670 moxisequitur.
1550 5595 1710 5670 EDI'E.

423 5672 534 5743 (27)
563 5663 1151 5744 ΜαπιιςιανῷξΗυηο
1197 5663 1602 5744 Magninianum
1645 5663 1921 5744 diversum

349 5736 471 5798 essje
503 5736 633 5813 puto
666 5736 696 5796 ἐι
743 5740 1098 5811 Hagneniano
1139 5736 1356 5805 comite,
1403 5738 1470 5792 ad
1502 5749 1664 5806 quem
1699 5736 1922 5800 scripsit

2363 4097 2803 4168 Ἀνεπίτραφος,
2842 4093 2944 4148 ἐπὶ
2976 4092 3288 4163 νουθεσίᾳ.

2104 4215 2348 4273 Ἔδωκεν
2389 4215 2522 4286 ἡμῖν
2559 4214 2587 4266 ὁ
2625 4212 2780 4281 ἆγιος
2806 4209 2939 4274 Θεὸς
2967 4208 3307 4279 οἰκειοτάτην
3347 4207 3602 4280 πραγμάο

2029 4391 2264 4447 Basilius
2291 4388 2575 4459 epistolam
2620 4386 2741 4442 175.
2784 4383 2924 4459 Non
2945 4383 3120 4459 solum
3150 4382 3382 4459 comitis_
3417 4381 3606 4438 titulus

1953 4453 2003 4512 Ῑ)
2031 4464 2184 4519 deest
2211 4464 2267 4515 in
2298 4453 2399 4514 h'ac
2439 4459 2689 4528 epistola,
2726 4456 2824 4528 sed
2845 4456 3019 4528 etiam
3049 4453 3415 4528 Μαγνινιανός
3445 4468 3605 4508 voca—

2029 4544 2117 4588 tur
2139 4533 2192 4586 in
2208 4521 2488 4585 codicibus
2512 4527 2688 4591 llarl.,
2711 4526 2877 4581 Coisl.
2898 4524 3140 4580 secundo
3158 4521 3224 4579 et
3248 4521 3385 4594 Reg.
3411 4538 3606 4578 secun-

2027 4602 2097 4656 do
2123 4611 2178 4656 et
2205 4600 2386 4654 editis.
2414 4600 2470 4652 ln
2490 4598 2741 4653 Medicam
2771 4604 2952 4650 autetn
2994 4604 3049 4664 et
3072 4594 3238 4649 Coisl.
3271 4599 3451 4664 primo
3473 4594 3608 4647 dici-

2027 4681 2117 4727 tur
2161 4669 2573 4739 Μαγνημιανός.
2629 4665 2745 4739 _Sic_
2765 4668 2936 4739 _eliam
2986 4662 3313 4739 _ilarlaeanu's
3367 4664 3608 4739 secunda

2027 4757 2212 4795 manu.
2247 4733 2317 4792 At
2346 4733 2398 4792 in
2448 4737 2678 4808 epistola
2726 4737 2830 4790 175
2883 4734 3173 4808 Medicteus
3213 4733 3382 4808 codex
3425 4733 3604 4795 habet,

2026 4807 2397 4880 Μαγνινιανῷ,
2432 4805 2600 4863 Cdisl.
2641 4808 2852 4880 primus
2887 4814 2943 4861 et
2991 4805 3258 4880 Clarum”
3291 4805 3610 4880 Μαγνηνια-

2026 4875 2320 4958 νῷζιιξᾴ-ἱιὶ,
2350 4875 2754 4958 Μαγνημιανιῖ).
2789 4876 3113 4958 Quanquam
3143 4875 3289 4958 _f_orte
3320 4875 3406 4958 hae
3436 4875 3607 4927 varie-

2026 4945 2166 5006 tates
2189 4945 2918 5017 librariorumnegligentiae
2938 4955 3075 5017 sunt
3088 4945 3416 5017 tribuenda,
3441 4959 3608 5017 unus-

2025 5036 2132 5093 que
2162 5020 2406 5093 et_idem
2451 5013 2854 5093 Magiiiﬁianus,
2905 5016 3025 5093 _s_i_ve
3057 5013 3476 5093 Magnenianus,
3499 5014 3612 5093 sive

2024 5084 2190 5146 etiam
2231 5084 2665 5157 Magnemianus.
2703 5086 2960 5144 Nonnulli
3003 5084 3222 5141 codices
3283 5085 3468 5148 initio,
3515 5085 3611 5137 ὲπο

2025 5157 2444 5231 εξεργάσασθαι.

2096 5223 2208 5301 (98)
2253 5227 2522 5301 Ἰκέλιον.
2561 5226 2680 5301 ἵει.
2712 5235 2766 5301 et
2796 5227 2995 5301 Bigot._,
3022 5223 3287 5301 Είκέλιον.

2095 5291 2208 5373 (29)
2254 5297 2369 5373 Τῆς
2396 5298 2537 5373 σῆς.
2574 5297 2668 5373 S_ic
2717 5291 2900 5373 Harii,
2945 5296 3114 5352 Coisl.
3141 5295 3408 5373 _primus._
3448 5291 3610 5373 Editi,

2022 5363 2121 5444 τῆς
2150 5363 2444 5440 ὑμετέρας.
2465 5363 2646 5423 Ῥιιιιιο
2670 5375 2794 5436 post
2828 5369 2988 5423 iidem
3042 5363 3414 5448 antiquissimi
3461 5363 3611 5442 codi-

2023 5458 2117 5498 ces
2145 5441 2368 5501 habent,
2395 5439 2690 5502 δεικνύναι,
2721 5447 2775 5493 et
2825 5438 2989 5498 infra,
3038 5435 3310 5488 Δεσπότου
3347 5435 3609 5505 λριστου.

2023 5511 2344 5567 Harlaaanus
2379 5517 2564 5565 tamen
2596 5507 2836 5564 secunda
2867 5522 3052 5570 manu,
3095 5505 3254 5558 Θεοῦ.

2093 5580 2218 5653 (50)ι
2264 5578 2342 5648 Τῇ
2376 5581 2696 5650 συντυχίᾳ.
2727 5577 2986 5635 Nonnulli
3002 5576 3243 5645 codices,
3279 5574 3382 5646 τὴν
3427 5589 3611 5628 συντυ-

2024 5651 2168 5710 victv.
