3878 6222
285 335 426 391 1075

1101 339 1590 400 EPISTOLARUM
1629 345 1916 405 CLASSIS
1952 349 2040 406 ΙΙΙ.
2081 351 2303 408 EPIST.
2342 351 2664 410 CCCXXIX.

3411 361 3548 418 1074

282 469 392 507 των
427 451 542 524 (51)
576 453 852 542 υπόθεσιῆ
880 433 1212 527 τονάδελφὸν
1233 461 1382 514 τόνδε
1409 463 1686 533 γνωρίσας
1713 467 1866 536 ἡμῖν,
1897 523 1903 538 Α

1978 478 2210 524 terarum
2246 471 2593 526 occasionem
2629 490 2642 526 :
2675 471 2768 542 qui
2799 471 2930 526 mihi
2979 471 3124 527 hunc
3175 471 3399 528 fratrem
3449 491 3550 530 no-

282 544 375 598 τὸν
407 544 598 615 ἄνδρα,
643 539 688 614 ᾧ
722 545 866 600 κατὰ
906 547 1006 617 τὴν
1053 548 1309 604 ἐπάνοδον
1342 553 1441 624 τὴν
1485 554 1622 625 πρὸς
1646 555 1743 626 τὴν
1772 557 1870 628 σὴν

281 637 573 707 τιμιότητα
629 637 987 709 ἐχρησάμεθα
1035 640 1134 711 τῆς
1166 643 1448 715 ἐγγράφου
1483 643 1620 716 (51⁸)
1667 647 1872 719 ταύτης

269 726 502 797 ,ὁμιλίας
547 728 706 800 ήμῶν
735 729 994 800 διακόνῳ·
1037 731 1320 804 εὐχόμενοι
1353 735 1430 806 τῷ
1462 736 1599 807 Θεῷ,
1632 739 1726 792 ἐπὶ
1755 743 1873 806 μεῖ-

281 819 378 884 ζόν
414 837 472 874 σε
503 822 859 893 περιφανείας
889 822 981 876 καὶ
1005 822 1164 894 δόξης
1202 827 1488 896 προϊόντα,
1521 833 1750 900 κοσμεῖν
1777 832 1871 885 καὶ

283 913 433 982 ἡμᾶς
474 914 567 966 καὶ
617 913 718 985 τὴν
767 915 1001 986 πατρίδα
1054 916 1236 970 πᾶσαν
1279 921 1346 990 τῇ
1412 921 1590 992 οἰκείᾳ
1646 921 1869 975 σεαυτοῦ

284 1005 454 1077 ἀρετῇ
496 1004 631 1077 (52).
686 1005 1126 1079 Παρακαλοῦμεν
1174 1007 1233 1062 δέ
1277 1027 1336 1062 σε
1370 1010 1520 1084 παρά
1567 1013 1749 1067 πάντα
1780 1013 1874 1068 τὸν

287 1098 400 1169 βίον
427 1099 736 1172 μεμνῆσθαι
779 1101 876 1156 τοῦ
925 1102 1206 1168 κτίσαντός
1237 1121 1296 1156 σε
1332 1103 1468 1158 Θεοῦ
1496 1106 1590 1159 καὶ
1619 1108 1876 1179 τιμήσανο

284 1209 376 1257 τος
401 1209 415 1223 ·
454 1194 542 1248 ἵνα
563 1194 703 1266 πρὸς
745 1198 812 1267 τῇ
849 1195 958 1249 ’τοῦ
1002 1194 1119 1266 βίου
1162 1194 1354 1250 τούτου
1403 1197 1749 1272 λαμπρότητι
1795 1200 1877 1254 ἔτι

285 1285 381 1338 καὶ
437 1283 540 1357 ’τῆς
566 1284 704 1357 (52⁸)
750 1287 1005 1360 οὐρανίου
1059 1289 1220 1360 δόξης
1279 1289 1539 1362 ἁξιωθῇς,
1586 1285 1656 1363 ἦς
1691 1283 1878 1346 ἕνεκεν

286 1377 464 1431 πάντα
491 1378 745 1450 ποιητέον
763 1381 918 1450 ἡμῖν,
944 1381 1059 1444 τοῖς
1083 1381 1222 1452 πρὸς
1247 1381 1346 1453 τὴν
1372 1382 1648 1453 μακαρίαν
1675 1383 1867 1438 ἐλπίδα

283 1467 383 1538 τὴν
410 1469 556 1541 ζωὴν
586 1469 744 1542 ἡμῶν
772 1469 1190 1526 ἀπευθύνουσιν.

786 1625 1138 1681 ΕΠΙΣΤΟΛΗ
1183 1626 1356 1681 ΤΚΖ’.

1974 570 2091 617 tum
2123 563 2270 629 fecit,
2305 564 2482 618 virum
2516 579 2714 635 nempe
2760 565 2910 619 illum
2935 604 2952 631 ,
2984 582 3094 638 quo
3127 567 3196 621 ad
3264 573 3414 621 tuam
3462 569 3550 622 di-

1974 655 2235 725 gnitatem
2285 665 2590 712 revertente
2639 657 2804 727 hujus
2874 673 2973 729 per
3024 658 3234 714 litteras
3293 660 3550 730 colloquii

1975 740 2225 797 ministro
2278 759 2411 798 usus
2461 759 2631 798 sum:
2676 744 2846 801 Deum
2906 762 3126 818 rogans,
3183 755 3241 802 ut
3277 749 3452 820 magis
3489 764 3555 806 ac

1976 831 2150 903 magis
2188 833 2453 904 dignitate
2480 849 2545 890 ac
2578 836 2751 906 gloria
2793 853 3084 904 crescens,
3124 847 3176 893 et
3214 854 3350 906 nos,
3374 849 3429 895 et
3457 854 3551 910 pa-

1975 925 2135 978 triam
2194 940 2411 980 omnem
2477 929 2696 998 propria
2746 937 2837 983 tua
2887 929 3086 985 virtute
3134 945 3391 987 exornes.
3434 931 3552 984 Ad-

1971 1015 2166 1071 hortor
2187 1024 2366 1072 autem
2393 1025 2466 1082 te,
2507 1026 2567 1073 ut
2611 1035 2708 1090 per
2752 1027 2922 1074 totam
2970 1020 3137 1074 vitam
3197 1020 3294 1077 Dei
3359 1003 3551 1077 memi-

1974 1109 2144 1172 neris,
2193 1110 2286 1180 qui
2320 1109 2374 1166 te
2402 1111 2667 1176 condidit,
2721 1127 2785 1167 ac
2837 1113 3045 1169 honore
3082 1114 3383 1169 cumulavit
3437 1133 3449 1168 :
3495 1125 3552 1169 ut

1975 1210 2173 1271 prazter
2233 1201 2397 1272 hujus
2449 1203 2574 1258 vitae
2627 1203 2973 1278 splendorem
3021 1205 3202 1261 adhuc
3233 1207 3396 1261 etiam
3429 1207 3544 1278 glo-

1947 1291 2114 1344 'riam
2155 1291 2434 1347 caelestem
2475 1293 2837 1363 consequaris
2875 1307 2890 1345 :
2937 1293 3009 1348 ob
3049 1309 3212 1364 quam
3246 1294 3425 1358 nobis,
3458 1294 3551 1364 qui

1974 1380 2043 1435 ad
2071 1383 2285 1436 beatam
2318 1397 2470 1453 spem
2497 1383 2665 1437 vitam
2697 1393 2941 1439 nostram
2964 1383 3273 1455 dirigimus,
3302 1383 3551 1440 facienda

1947 1497 1950 1501 ι
1975 1483 2102 1530 sunt
2127 1475 2330 1528 omnia.

2397 1628 2736 1687 EPISTOLA
2764 1631 3134 1687 CCCXXVII‘.

397 1740 524 1793 Viro
549 1740 836 1806 praepotenti
857 1742 972 1794 bene
995 1748 1244 1805 precatur,
1264 1743 1323 1794 ob
1344 1741 1574 1795 honorem
1592 1742 1687 1795 sibi
1703 1745 1765 1796 ab
1795 1743 1884 1796 illo
1901 1745 2132 1797 habitum.
2161 1749 2400 1798 Hortatur
2422 1755 2475 1798 ut
2495 1747 2562 1824 ad
2586 1747 2817 1801 Ecclesiae
2836 1746 3163 1812 defensionem
3183 1747 3424 1802 incumbat

575 1831 1020 1901 Ἆνεπίγραφος,
1049 1832 1150 1886 ἐπὶ
1182 1832 1589 1902 παρακλήσει,

365 1943 538 2016 ’Υπὲρ
567 1935 642 1999 ὧν
675 1944 950 2016 παρόντας
985 1945 1136 2016 ἡμᾶς
1183 1944 1472 2016 ἐτίμησας,
1498 1946 1592 1998 καὶ
1618 1947 1882 2000 ἀπόντων.

283 2035 595 2108 μεμνῆσθαι
648 2035 926 2102 natarent;
966 2035 1082 2109 (55)
1137 2031 1292 2108 (ἦλθε
1340 2035 1450 2108 γὰρ
1503 2038 1584 2100 είς
1622 2038 1771 2108 ἡμᾶς
1833 2040 1867 2109 ἡ

279 2129 464 2202 ἀκοὴ),
495 2128 651 2203 παρὰ
699 2129 792 2184 τοῦ
841 2128 1051 2199 ἀγαθοῦ
1109 2130 1382 2183 Δεσπότου
1419 2128 1632 2198 γένοιτό
1663 2147 1747 2184 σοι
1779 2131 1869 2184 άν-

278 2222 481 2286 τίδοσις
501 2238 516 2252 ο
545 2220 641 2274 καί
666 2237 727 2274 σε
762 2221 970 2293 ἴδοιμεν
994 2221 1108 2293 (54)
1143 2222 1200 2275 ἐν
1226 2224 1293 2294 τῇ
1324 2221 1538 2293 μεγάλῃ
1557 2221 1742 2294 ἡμέρα
1769 2221 1868 2292 τῆς

278 2313 680 2386 δικαιοκρισίας
735 2313 830 2368 τοῦ
870 2313 1007 2367 Θεοῦ
1061 2313 1218 2385 ήμῶν
1276 2314 1370 2367 ἐπὶ
1416 2313 1600 2388 ἔργοις
1642 2313 1868 2384 ἀγαθοῖς

279 2405 605 2477 εὐδόκιμονο
665 2406 753 2460 ἵνα
814 2405 1005 2478 ὥσπερ
1050 2407 1152 2477 τῆς
1209 2405 1443 2461 ἐνταῦθα
1505 2405 1868 2479 περιφανείας

276 2498 533 2567 ἠξίωσαι,
562 2497 706 2552 οῦτω
733 2499 829 2553 καὶ
867 2497 1023 2570 παρὰ
1047 2497 1126 2570 τῷ
1166 2499 1402 2571 οὐρανίῳ
1434 2497 1642 2568 βασιλεί
1670 2497 1866 2568 σεμνό-

275 2607 441 2661 τητος
499 2591 837 2666 ἀπολαύσῃς.
888 2591 1323 2665 Παρακαλοῦμεν
1375 2587 1468 2646 οῦν
1517 2591 1863 2664 προηγουμέ-

275 2701 407 2752 νως,
433 2687 501 2757 τῇ
538 2686 834 2758 Ἐκκλησία
852 2684 946 2739 τοῦ
973 2685 1109 2740 Θεοῦ
1132 2685 1330 2758 διαρκῆ
1361 2685 1743 2758 παρασχέσθαι
1767 2685 1867 2758 τὴν

276 2774 555 2846 σπουδήν·
590 2775 782 2831 ἔπειτα
835 2777 930 2830 καὶ
973 2777 1034 2831 τὺ
1081 2779 1162 2840 είς
1193 2777 1342 2848 ἡμᾶς
1378 2776 1606 2846 εὐμενὲς
1635 2775 1870 2848 ἐπαυξῆ-

278 2884 394 2931 σαι,
419 2869 639 2941 μνήμης
657 2887 715 2922 τε
741 2869 922 2940 πάσης
937 2869 1032 2923 καὶ
1060 2869 1394 2942 προστασίας
1411 2869 1557 2940 ἡμᾶς
1589 2866 1866 2934 ἀξιοῦντα,

276 2959 542 3030 σεμνῦναι
595 2963 776 3033 ἡμᾶς.
813 2963 909 3016 καὶ
965 2960 1324 3035 γράμμασιν*
1399 2960 1542 3015 ὥστε
1594 2959 1866 3028 ἀπόδειξιν

275 3052 429 3122 ἡμᾶς
481 3052 701 3126 ἔχοντας
728 3094 744 3119 ,
796 3055 878 3109 ὃτι
925 3055 986 3108 οὐ
1055 3053 1266 3126 βαρύνῃ
1319 3054 1469 3125 ἡμᾶς
1520 3052 1866 3108 ἐπιστέλλον-

274 3160 378 3207 τας
407 3144 544 3216 (55),
581 3146 966 3218 συνεχέστερόν
993 3163 1086 3200 σου
1115 3149 1181 3219 τῇ
1219 3146 1545 3219 μεγαλονοίᾳ
1583 3144 1863 3216 καταθαῤ-

277 3237 489 3308 mam.
514 3274 516 3276 τ
1497 3278 1500 3280 ν

785 3396 1134 3451 ΕΠΙΣΤΟΛΗ
1168 3395 1349 3451 ΤΚΗ’.

2296 1836 2424 1892 Sine
2446 1838 2810 1907 inscriptione,
2831 1838 3214 1894 exhortatoria.

2039 1949 2146 2005 Pro
2197 1965 2266 2006 eo
2319 1950 2464 2020 quod
2508 1951 2766 2020 praesenti
2797 1952 2928 2006 mihi
2967 1951 3235 2010 honorem
3266 1955 3549 2020 habuisti,

1967 2049 2026 2096 et
2061 2041 2303 2096 absentis
2341 2040 2661 2096 meminisse
2693 2040 2956 2113 dignaris
2992 2042 3089 2114 (ita
3132 2045 3276 2099 enim
3317 2045 3554 2100 auditio-

1968 2148 2038 2189 ne
2098 2132 2352 2203 accepi),
2409 2133 2909 2188 remunerationem
2965 2137 3324 2208 consequaris
3381 2153 3412 2191 a
3445 2137 3552 2193 Do-

1969 2223 2120 2276 mino
2185 2222 2441 2291 optimo:
2509 2230 2674 2292 teque
2750 2221 3035 2279 videamus
3097 2223 3153 2278 in
3209 2239 3406 2295 magna
3441 2226 3553 2284 illa

1963 2311 2100 2382 justi
2150 2310 2347 2381 judicii
2397 2309 2494 2364 Dei
2535 2311 2713 2366 nostri
2773 2310 2862 2366 die
2905 2312 2994 2391 'ob
3034 2312 3178 2367 bona
3220 2329 3387 2384 opera
3422 2330 3553 2385 pro-

1967 2401 2150 2456 batum
2201 2407 2256 2455 et
2295 2408 2601 2470 spectatum
2652 2418 2665 2455 :
2720 2407 2780 2454 ut
2834 2401 3295 2473 quemadmodum
3347 2406 3399 2460 in
3447 2406 3549 2462 hac

1965 2495 2078 2550 vita
2133 2494 2439 2550 inclaruisti
2468 2535 2483 2559 ,
2548 2496 2622 2549 ita
2665 2499 2832 2550 etiam
2867 2494 3221 2564 splendorem
3245 2497 3390 2567 apud
3430 2513 3545 2554 etc-

1968 2585 2160 2640 lestem
2205 2600 2387 2656 regem
2456 2585 2808 2656 adipiscaris.
2860 2584 3236 2640 Adhortamur
3286 2586 3452 2658 igitur
3496 2600 3548 2644 te

1969 2685 2097 2733 ante
2151 2677 2374 2754 omnia,
2411 2679 2553 2733 utin
2606 2677 2704 2734 Dei
2749 2677 3052 2734 Ecclesiam
3111 2677 3242 2749 juge
3289 2679 3550 2735 conferas

1969 2770 2210 2826 studium
2251 2787 2265 2822 :
2306 2770 2506 2826 deinde
2571 2771 2737 2824 etiam
2773 2810 2790 2836 ,
2864 2777 2924 2824 ut
3007 2770 3442 2826 benevolentiam
3496 2775 3549 2826 iu

1968 2879 2070 2920 nos
2125 2863 2400 2934 adaugeas
2429 2903 2445 2924 ,
2497 2878 2695 2932 meque
2743 2863 3125 2918 recordatione
3165 2864 3314 2917 omni
3359 2879 3423 2918 ac
3453 2881 3552 2935 pa-

1968 2957 2204 3012 trocinio
2234 2945 2530 3028 dignatus,
2583 2955 2783 3011 litteris
2837 2955 3001 3011 etiam
3060 2955 3387 3011 cohonestes
3415 2997 3430 3023 ,
3476 2955 3550 3009 ita

1968 3059 2030 3107 ut
2088 3049 2179 3104 ubi
2231 3058 2572 3122 compertum
2621 3049 2726 3103 erit
2793 3063 2880 3103 me
2917 3047 3019 3102 tibi
3084 3049 3372 3104 molestum
3438 3064 3551 3101 non

1968 3158 2130 3207 esse,
2164 3141 2394 3198 audeam
2442 3141 2510 3196 ad
2548 3148 2699 3196 tuam
2747 3139 3250 3212 magnanimitatem
3300 3137 3548 3193 crebrius

1966 3234 2226 3292 scribere.

2362 3384 2702 3474 EPISTOLA
2729 3385 3076 3443 CCCXXV!“
3095 3389 3158 3441 “.

1135 3509 1328 3563 Salutat
1353 3509 1732 3578 Hyperechium,
1757 3521 1902 3576 seque
1937 3505 2006 3558 ait
2030 3519 2125 3556 non
2147 3501 2321 3556 melius
2343 3503 2485 3555 solito
2506 3503 2686 3554 valere.

899 3611 912 3630 '
923 3613 1240 3683 Υπερεχίῳ.

349 3721 460 3776 Καὶ
507 3721 901 3793 προσαγορεύω
947 3723 1048 3796 τὴν
1098 3723 1395 3796 τιμιότητά
1436 3742 1552 3789 σου,
1580 3725 1676 3778 καὶ
1707 3721 1860 3795 εὐχο-

277 3814 379 3883 μαί
407 3831 489 3867 σοι
515 3813 584 3867 τὰ
611 3813 793 3882 ἀγαθά
816 3832 846 3852 ἠ
885 3816 1122 3887 ἐμαυτὸν
1161 3817 1218 3870 δὲ
1253 3816 1592 3890 καταμηνύω
1625 3815 1862 3888 σπουδὴν

273 3907 454 3977 ἔχοντι
497 3907 715 3970 πάντως
741 3908 939 3962 εἰδέναι
973 3908 1044 3962 τά
1087 3908 1211 3963 καθ’
1241 3910 1410 3980 ἡμᾶς,
1440 3908 1606 3979 μηδὲν
1639 3907 1863 3979 ἄμεινον

271 4000 378 4071 τεῆς
427 3999 718 4072 συνηθείας
792 4002 1104 4072 πράττοντα
1157 4001 1296 4072 (56).
1361 4000 1483 4056 Τῶν
1505 4001 1612 4072 γὰρ
1653 4000 1861 4071 δυσφη-

278 4089 524 4161 μοτέρων
571 4089 844 4161 φείδομαι,
893 4089 970 4154 ὼς
1011 4090 1078 4144 ἂν
1113 4090 1188 4162 μὴ
1211 4091 1354 4146 πάνυ
1386 4091 1616 4163 λυποίην
1663 4091 1754 4146 τὸν
1793 4092 1863 4146 τὰ

275 4180 530 4252 βέλτιστα
563 4183 696 4254 ἡμῖν
723 4182 1133 4254 συνευχόμενον.

784 4338 1131 4392 ΕΠΙΣΤΟΑΗ
1163 4337 1335 4392 ΤΚΘ¹.

2601 3603 2650 3656 Η
2658 3604 2948 3674 yperechia.

2041 3719 2104 3772 Et
2143 3719 2323 3774 saluto
2388 3724 2538 3770 tuam
2591 3699 2914 3786 dignitatem
2946 3756 2962 3782 ,
3015 3720 3070 3768 et
3113 3715 3211 3768 tibi
3249 3714 3386 3768 bene
3416 3731 3545 3784 pre-

1967 3828 2080 3868 cor.
2148 3809 2296 3866 Meas
2337 3816 2524 3863 autem
2587 3822 2678 3862 res
2730 3807 2871 3861 scire
2935 3806 3098 3860 etiam
3154 3815 3317 3875 atque
3381 3808 3545 3860 etiam

1969 3905 2196 3971 aventi,
2273 3903 2497 3959 declaro
2549 3900 2748 3956 melius
2798 3899 2962 3954 solito
3019 3898 3150 3952 mihi
3222 3914 3330 3952 non
3399 3914 3542 3953 esse.

1967 3997 2146 4053 Nolim
2196 3998 2346 4054 enim
2387 3995 2610 4068 gravius
2655 3994 2953 4063 quidquam
3000 3991 3218 4054 dicere,
3267 4006 3335 4045 ne
3388 4006 3544 4060 pror-

1969 4108 2066 4148 sus
2103 4105 2250 4157 eum,
2292 4089 2386 4160 qui
2426 4088 2562 4143 mihi
2599 4087 2807 4158 optima
2846 4092 3127 4156 precatur,
3169 4082 3398 4137 alliciam
3443 4083 3546 4136 tri—

1969 4184 2143 4242 stitia.

2267 4337 2427 4411 451
2469 4336 2805 4393 EPISTOLA
2832 4335 3133 4394 CCCXXIX
3152 4338 3217 4358 °“

1047 4450 1242 4505 Gratias
1261 4450 1362 4518 agit
1383 4455 1444 4504 ob
1469 4452 1624 4516 pisces
1643 4451 1709 4502 ad
1733 4465 1786 4504 se
1807 4450 2002 4515 missos,
2024 4453 2110 4506 sed
2130 4453 2281 4506 multo
2299 4452 2457 4517 magis
2479 4452 2539 4505 ob
2557 4451 2761 4504 litteras.

919 4566 1206 4632 Φαλερίῳ.

322 4680 494 4745 ’Πάνυ
514 4659 687 4749 ἡδέως
715 4677 985 4748 ὲτέρφθην
1012 4680 1126 4740 τοῖς
1161 4677 1451 4748 ποταμίοις
1494 4677 1692 4749 ίχθύσι,
1725 4695 1858 4750 μνη⁶

274 4773 581 4845 σικακήσας
638 4770 754 4842 (57)
805 4769 984 4824 αὐτῶν
1026 4769 1125 4841 τὴν
1187 4769 1364 4842 φυγὴν
1398 4771 1464 4841 ἢν
1491 4769 1691 4840 ἔφυγον
1718 4770 1855 4824 ὐπο-

345 4929 457 4999 (51)
483 4928 866 4998 Πραγμάτων.
897 4928 1392 4999 Lommodissimam
1423 4929 1744 4999 negotiogum
1762 4943 1855 4982 ea:-

268 4996 654 5069 pediendoruni
685 5001 1031 5054 occasionem.
1083 4998 1398 5069 Legendum
1439 5005 1591 5066 putat
1619 4996 1852 5053 Combe-

273 5071 451 5132 ﬁsius,
501 5070 870 5141 γραμμάτων.
918 5069 1086 5124 Valde
1132 5069 1337 5141 arridet
1368 5068 1496 5141 hinc
1549 5069 1852 5141 sententia;

271 5141 370 5196 sed
400 5138 528 5211 quia
546 5138 746 5196 nullus
789 5140 932 5196 favet
955 5155 1060 5195 ms.
1093 5139 1288 5206 codex,
1326 5138 1463 5192 nihil
1510 5140 1629 5193 ausi
1663 5153 1856 5194 sumus

270 5213 329 5267 in
361 5213 481 5279 ipso
508 5218 766 5267 contextu
787 5219 1020 5266 mutare.

343 5277 482 5354 (δι’)
521 5279 869 5353 Ἐγῃοάφου.
895 5281 972 5335 lta
1019 5295 1154 5336 mss.
1211 5294 1423 5335 omnes.
1463 5277 1627 5344 Editi,
1654 5278 1858 5349 ἐγγρά-

271 5372 457 5496 φηῗέὲ)
486 5421 772 5496 Ιζᾶοναν..ἶ
804 5419 1004 5496 ἀρετῇ.
1185 5413 1367 5474 addita
1398 5435 1464 5474 ex
1498 5415 1660 5480 Med.,
1687 5416 1858 5476 Coisl.

272 5492 474 5565 primo,
502 5493 630 5548 Vat.
657 5502 712 5549 et
741 5492 1130 5565 duo_buS_al_iis.

343 5565 483 5633 (52')
515 5565 648 5619 Ἔτι
673 5563 926 5632 καὶτῆς.
963 5561 1202 5616 Primam
1233 5575 1424 5615 vocem
1453 5558 1763 5615 addidimus
1787 5575 1853 5615 ex

270 5638 700 5710 quinquejnss.‘
760 5703 786 5710 _
887 5702 906 5710 _
1311 5709 1315 5710 ί

344 5700 460 5776 (55)
501 5703 835 5776 Καταξιοῖς.
887 5702 963 5776 Ita
1003 5717 1144 5776 mss.
1191 5709 1426 5776 quatuor
1437 5715 1486 5776 _:_
1504 5700 1632 5776 editi
1663 5739 1701 5776 ._
1726 5717 1854 5776 κατ-

271 5767 482 5842 ηξίους.
514 5767 689 5831 Paulo
737 5767 859 5831 post
895 5773 1180 5830 Medicaeus
1211 5767 1404 5828 codex.
1436 5767 1597 5826 ἦλθεν
1645 5771 1751 5824 γὰο
1780 5770 1853 5825 ὡς

2601 4562 2870 4618 Phalerio.

2039 4675 2295 4732 Suaviter
2365 4675 2593 4731 omnino
2665 4674 2972 4730 delectatus
3040 4687 3163 4728 sum
3233 4671 3546 4727 ﬂuvialibus

1963 4770 2255 4840 piscibus,
2306 4767 2603 4841 fugamque
2677 4769 2826 4823 ultus
2891 4780 3056 4828 sum.
3107 4779 3272 4834 quam
3319 4778 3548 4822 concre-

1963 4924 2148 5058 milia?)
2173 4991 2445 5060 Ἵδοιμεν.
2480 4991 2573 5046 Sic
2599 4991 2710 5045 duo
2743 5005 2876 5046 mss.
2914 4987 3094 5056 Editi,
3131 4987 3348 5058 ἴδωμεν.
3377 4986 3545 5044 Paulo

1964 5069 2090 5132 post
2123 5079 2257 5117 mss.
2299 5069 2433 5125 tres,
2477 5061 2727 5132 ἠξίωσεν.

2036 5131 2148 5202 (55)
2181 5127 2700 5198 Ἐπιστέλλὸντας.
2723 5128 2866 5186 Editi
2880 5128 3116 5202 addunt,
3146 5145 3250 5202 σοι,
3281 5127 3374 5202 sed
3393 5127 3546 5202 deest

1965 5199 2079 5257 haec
2099 5199 2293 5272 vocula
2325 5203 2381 5256 in
2413 5211 2651 5272 quatuor
2697 5217 2830 5256 mss.
2879 5199 3039 5255 Deest
3087 5201 3250 5255 etiam
3304 5200 3450 5268 ἡμᾶς
3486 5200 3542 5253 iu

1965 5273 2154 5328 codice
2196 5271 2482 5327 Vaticano.

2039 5343 2152 5414 (56)
2187 5341 2546 5414 Πρὰττοντα.
2574 5338 2654 5395 Ita
2675 5357 2809 5414 mss.
2838 5339 3003 5414 Editi,
3036 5340 3348 5414 πράττοντι.

2040 5407 2150 5481 (57)
2175 5407 2670 5480 Μνησικακήσας.
2696 5411 2818 5466 llaec
2835 5407 3126 5480 scriptura,
3153 5425 3276 5479 qua!
3302 5411 3354 5462 in
3383 5407 3544 5462 editis

1968 5492 2023 5540 et
2054 5484 2332 5538 nonnullis
2378 5491 2554 5537 exstat
2593 5498 2725 5536 mss.
2760 5498 2824 5536 ac
2861 5483 2989 5535 olim
3032 5481 3204 5550 prima
3247 5495 3411 5550 manu
3449 5495 3546 5532 ex-

1969 5554 2109 5610 stitit
2135 5558 2187 5609 in
2217 5553 2526 5622 liarlzeanu,
2567 5554 2820 5622 displicet
2847 5549 3197 5616 Combelisio,
3228 5549 3544 5620 legendum-

2038 5631 2055 5644 ‘
2083 5626 2233 5680 Alias
2263 5621 2522 5680 CCXXV.

2038 5700 2076 5718 "
2101 5697 2252 5751 Alias
2273 5693 2617 5749 CCCLXV".

2136 5769 2284 5822 Alias
2305 5764 2653 5820 CCLXXXII.
