3878 6222
339 304 476 360 1079
1626 305 1683 361 S.
1726 305 1904 363 BASII

2020 305 2231 361 MAGNI

615 413 1157 487 [ιεεεριετοιιι
1195 416 1550 475 cccxxxvn
1582 423 1613 475 ο.

2505 421 2854 477 ΕΠΙΣΤΟΛΗ
2893 417 3076 490 τΛςῖο.

332 528 562 601 Declarat
588 530 809 584 Libanius
827 546 880 584 se
910 531 1084 601 Basilii
1106 535 1423 601 adolescentis
1445 534 1669 601 virtutem
1701 533 1997 601 admiratum
2019 550 2144 598 esse,
2170 544 2215 601 et
2245 536 2373 590 Celsi
2395 537 2613 601 fortuitus
2630 536 2887 601 laudasse,
2915 536 3043 600 quod
3065 534 3108 587 is
3145 549 3244 601 una
3268 547 3381 584 cum
3424 530 3605 585 Basilio

394 592 852 670 {tltettas‘g'etereti
870 595 1143 670 ubi‘autem
1161 597 1336 670 didicit
1372 597 1649 670 Basiliam;
1672 611 1922 670 reversum
1955 597 2013 670 in
2053 592 2283 670 patriam,
2322 592 2905 670 priestatttissintumgitte
3088 600 3371 670 amplexam
3391 609 3512 649 esse.
3557 600 3603 670 et

392 656 553 723 ipsum
568 656 939 766 empadoces
960 659 1116 728 beatos
1136 657 1453 730 existimasse.
1480 657 1651 711 Basilii
1672 659 1843 712 laudes
1863 659 1904 710 dt

392 721 573 765 uarum
743 724 777 779 t,
801 725 982 782 parum
1000 720 1065 770 de
1082 721 1167 770 illo
1187 727 1424 784 queritur.

2020 656 2118 711 riuo
2137 656 2406 727 conﬁrmat.
2434 661 2617 720 Quaerit
2638 660 2754 711 auia
2777 656 3026 711 Firminus
3046 656 3211 712 rerum
3229 663 3380 723 agat:
3400 669 3601 721 eumque

3456 307 3596 361 £080

857 820 1116 879 Libunius
1150 824 1379 883 Basilio.
1939 826 1989 885 Δ

411 932 464 990 1.
513 932 851 1005 Aliquandiu
891 947 977 992 est
1005 939 1153 1009 quod
1187 938 1256 993 ad
1290 956 1394 997 nos
1422 939 1718 1012 Cappadox
1763 941 1904 997 venit

2088 941 2140 995 1.
2179 939 2281 994 Διά
2315 940 2508 1011 χρόνου
2533 938 2671 1011 πρὸς
2712 940 2858 1010 ἡμᾶς
2892 937 3267 1007 Καππαδόκης
3296 935 3424 1005 ἥκει
3458 935 3594 997 νέος.

332 1025 680 1082 adolescens.
711 1027 955 1083 Primum
1005 1030 1112 1085 hoc
1156 1031 1369 1086 lucrum
1416 1033 1565 1103 quod
1595 1033 1904 1105 Cappadox.

2021 1031 2116 1084 Ἓν
2144 1031 2304 1086 τοῦτο
2348 1032 2559 1103 κέρδος,
2587 1034 2667 1086 ὃτι
2700 1031 3096 1101 Καππαδόκης.
3155 1027 3321 1082 Ἀλλᾶ
3362 1028 3458 1081 καὶ
3501 1026 3593 1080 τοῦ

334 1114 440 1171 Sed
460 1125 515 1175 et
535 1132 603 1171 ex
627 1117 803 1188 prima
827 1117 1033 1174 familia
1066 1121 1156 1177 ille
1182 1123 1497 1193 Cappadox.
1532 1125 1778 1180 Alterum
1812 1126 1904 1180 hoc

2020 1122 2228 1196 πρώτου
2253 1122 2444 1194 γένους
2471 1116 2629 1188 οὗτος
2674 1126 2704 1177 6
2745 1121 3118 1192 Καππαδόκης
3149 1120 3291 1192 (55).
3335 1119 3594 1189 Δεύτερον

330 1207 545 1262 lucrum
565 1217 669 1264 est.
693 1210 800 1266 Sed
819 1221 873 1266 et
902 1212 1115 1268 litteras
1147 1214 1456 1271 admirandi
1476 1216 1657 1273 Basilii
1677 1218 1904 1275 afferens

2020 1215 2170 1270 τοῦτο
2216 1216 2425 1289 κέρδος.
2501 1216 2662 1273 Ἀλλά
2710 1216 2805 1270 καὶ
2851 1216 3088 1288 γράμμα
3130 1212 3226 1267 τοῦ
3276 1208 3591 1282 θαυμαστοῦ

329 1299 512 1354 nobis.
561 1299 677 1366 Quo
722 1303 858 1372 quid
909 1305 1091 1374 majus
1132 1308 1260 1380 quis
1301 1306 1540 1362 dixerit?
1585 1305 1697 1378 Ego
1728 1308 1904 1371 enim,

2020 1308 2297 1364 Βασιλείου
2330 1308 2571 1381 κομίζων
2620 1310 2774 1380 ἡμῖν.
2807 1308 2971 1362 Τουτ)⁸
3022 1307 3142 1379 μὲν,
3173 1306 3300 1359 ὅτου
3343 1304 3430 1368 τίς
3454 1301 3591 1356 εἴποι

327 1406 494 1459 quem
537 1393 615 1448 tui
653 1393 885 1450 oblitum
920 1407 1112 1466 putas,
1149 1400 1312 1454 etiam
1344 1399 1473 1455 olim
1507 1399 1904 1455 adolescentem

2020 1402 2234 1472 μεῖζον-;
2294 1400 2438 1470 Ἐγὼ
2464 1400 2573 1472 γὰρ
2612 1400 2670 1454 ὃν
2698 1398 3049 1471 ἐπιλελῆσθαὶ
3082 1416 3176 1453 σου
3203 1397 3469 1469 νομίζεις,
3501 1394 3594 1448 καὶ

328 1486 621 1542 reverebar
651 1504 669 1543 :
698 1497 754 1542 et
791 1492 1154 1559 temperantia
1184 1506 1309 1546 cum
1346 1493 1576 1549 senibus
1603 1501 1904 1548 certantem

2020 1492 2180 1547 πάλαι
2205 1492 2325 1547 νέον
2362 1492 2492 1547 ὄντα
2524 1492 2766 1565 ᾐδούμην
2786 1509 2801 1523 ·
2851 1489 3173 1563 σωφροσύνῃ
3204 1505 3267 1542 τε
3302 1487 3441 1561 πρὸς
3469 1488 3593 1550 τοὺς

2477 827 2757 894 Λιόἁνιος
2814 826 3132 888 Βασιλείφ.

326 1579 521 1636 videns
539 1623 554 1648 ,
588 1581 757 1653 idque
783 1583 840 1637 in
877 1584 971 1637 illa
999 1585 1136 1640 urbe
1162 1601 1285 1655 quae
1312 1588 1691 1656 voluptatibus
1713 1595 1906 1653 scatet,

327 1678 382 1724 ιιι
431 1671 854 1742 disciplinarum
907 1675 1020 1744 jam
1068 1686 1277 1746 partem
1325 1691 1578 1747 magnam
1633 1691 1909 1732 consecu-

328 1766 467 1815 tum.
519 1759 624 1817 Sed
668 1764 926 1834 quoniam
963 1767 1063 1820 tibi
1105 1767 1364 1823 visendas
1398 1781 1619 1837 quoque
1663 1768 1909 1823 Athenas

327 1855 560 1918 dttxisti,
596 1857 760 1927 idque
793 1857 955 1913 Celso
983 1861 1342 1929 persuasisti;
1376 1861 1696 1930 gratulabar
1722 1862 1905 1925 Celso,

326 1947 472 2014 quod
503 1946 571 2003 ab
611 1948 796 2003 animo
826 1957 922 2004 tuo
958 1950 1239 2021 penderet.
1273 1951 1408 2006 Cum
1440 1962 1619 2007 autem
1650 1968 1908 2009 reversus

324 2053 499 2104 esses,
533 2040 879 2113 patriamque
907 2043 1201 2109 incoleres,
1227 2059 1440 2100 mecum
1462 2045 1581 2115 ipse
1612 2044 1859 2101 dicebam
1888 2061 1903 2099 :

325 2130 469 2195 Quid
502 2147 651 2187 nunc
680 2134 845 2228 nobis
870 2132 1106 2190 Basilius
1133 2135 1294 2207 gerit,
1327 2144 1381 2191 et
1407 2135 1554 2207 quod
1586 2137 1711 2191 vita:
1731 2154 1906 2209 genus
1935 2173 1980 2228 Β

325 2223 613 2293 amplexus
645 2225 769 2280 est?
799 2223 938 2279 Num
988 2226 1042 2281 in
1074 2225 1193 2282 foro
1232 2237 1505 2293 versatur,
1536 2237 1749 2303 veteres
1780 2230 1904 2285 illos

325 2315 578 2371 rhetores
624 2316 911 2371 imitatus?
944 2333 1015 2372 an
1061 2318 1310 2375 rhetores
1354 2319 1760 2375 fortunatorum
1807 2336 1905 2392 pa-

324 2418 473 2463 trum
508 2408 652 2466 ﬁlios
680 2411 884 2466 elIicit?
916 2414 1055 2469 Cum
1083 2421 1264 2469 autem
1311 2416 1563 2470 nonnulli
1596 2417 1901 2483 venissent,

324 2503 417 2570 qui
464 2503 786 2559 nuntiarent
833 2512 887 2559 te
932 2505 1077 2561 viam
1123 2507 1284 2578 longe
1330 2507 1419 2564 his
1464 2509 1903 2580 praestantiorem

324 2594 633 2663 ingressum
663 2611 817 2662 esse,
858 2596 1071 2669 hocque
1101 2599 1280 2671 magis
1312 2611 1594 2671 spectare,
1627 2604 1904 2674 quomodo

324 2684 438 2742 Deo
482 2687 695 2744 amicus
737 2687 978 2756 evadas,
1023 2705 1187 2760 quam
1222 2691 1495 2762 quomodo
1524 2709 1719 2749 aurum
1751 2696 1905 2750 colli-

324 2784 457 2846 gas:
502 2787 557 2834 et
596 2787 649 2836 te
689 2789 743 2836 et
776 2780 1133 2852 Cappadoces
1181 2784 1371 2840 beatos
1397 2787 1817 2856 praedicabant;
1852 2799 1904 2843 te

321 2871 567 2941 quidem,
599 2873 692 2942 qui
747 2874 909 2930 talem
941 2883 995 2932 te
1027 2891 1152 2932 esse
1198 2878 1399 2946 velles;
1436 2879 1562 2935 illos
1596 2895 1757 2945 vero,
1809 2881 1901 2952 qui

322 2965 486 3018 talem
519 2973 748 3034 possent
785 2967 959 3023 civem
985 2970 1295 3029 ostendere.

394 3054 449 3108 2.
480 3053 724 3109 Firmum
761 3065 946 3114 autem
975 3059 1129 3114 illum
1162 3042 1366 3132 ubique
1395 3076 1741 3122 constantem
1774 3083 1902 3137 per-

323 3144 556 3200 durasse
579 3146 715 3201 satis
737 3148 889 3215 scio;
913 3149 1041 3205 hinc
1059 3152 1204 3206 enim
1228 3154 1277 3209 ei
1299 3155 1624 3225 eloquentia:
1646 3158 1899 3219 facultas.

326 3232 435 3287 Sed
467 3248 592 3288 cum
638 3236 828 3293 laudes
869 3240 1074 3296 multas
1106 3241 1339 3313 adeptus
1370 3247 1460 3313 sit,
1496 3247 1642 3303 haud
1688 3253 1805 3305 scio
1832 3265 1901 3307 an

324 3340 567 3395 unquam
621 3334 840 3394 tantas,
900 3340 1138 3401 quantas
1194 3350 1343 3389 nunc
1409 3353 1475 3393 ex
1538 3338 1651 3393 tuis
1705 3341 1904 3397 litteris

323 3415 585 3470 intellexi.
618 3416 777 3484 Quod
798 3418 944 3473 enim
970 3429 1027 3474 tu
1053 3436 1135 3486 es,
1159 3423 1254 3493 qui
1280 3423 1436 3479 dicas
1459 3427 1732 3485 neminem
1756 3429 1904 3486 illius

2007 1587 2273 1657 γέροντας
2297 1584 2671 1658 ἁμιλλώμενον
2699 1584 2865 1658 ὁρῶν,
2896 1584 2994 1638 καὶ
3017 1583 3188 1638 ταῦτα
3216 1583 3278 1634 ὲν
3316 1581 3499 1651 ἐκείνη
3523 1581 3589 1649 τῇ

2009 1679 2185 1743 πόλει,
2213 1681 2279 1750 τῇ
2306 1680 2428 1741 ταῖς
2461 1676 2674 1749 ἡδοναῖς
2700 1675 2942 1748 βρυούσῃ
2960 1690 2975 1706 ο
3003 1675 3100 1729 κα)⁵
3125 1673 3304 1743 λόγων
3342 1670 3444 1742 ήδη
3478 1672 3591 1740 μοῖ-

2013 1786 2112 1839 ραν
2161 1768 2497 1839 κεκτημένον
2535 1767 2781 1840 μεγάλην
2806 1808 2820 1822 .
2871 1763 3091 1836 Ἐπειδὴ
3142 1763 3201 1817 δὲ
3250 1761 3439 1835 ᾠήθης
3483 1761 3592 1813 δεῖν

2007 1865 2104 1914 καὶ
2143 1859 2244 1924 τὰς
2306 1859 2537 1931 Ἀθήνας
2590 1861 2738 1926 ἰδεῖν,
2791 1858 2886 1913 καὶ
2934 1858 3027 1912 τὸν
3077 1855 3290 1910 Κέλσον
3344 1852 3586 1915 ἔπαθες

2010 1950 2328 2023 συνέχαιρον
2358 1950 2435 2022 τῷ
2466 1951 2679 2022 Κέλσῳ,
2726 1951 2827 2021 τῆς
2865 1951 2965 2019 σῆς
2998 1946 3359 2020 ὲξηρτημένῳ
3395 1943 3588 2014 titur-ﬁ;-

2021 2043 2418 2116 Ἐπανήκοντος
2471 2042 2530 2096 δέ
2589 2060 2685 2096 σου
2719 2042 2815 2095 καὶ
2882 2041 3100 2113 ἔχοντος
3168 2039 3271 2110 τὴν
3336 2035 3590 2107 πατρίδα,

2008 2132 2194 2202 ἔλεγον
2228 2134 2364 2204 πρὸς
2397 2132 2635 2204 ἐμαυτόν
2656 2148 2672 2164 ο
2713 2132 2778 2185 Τί
2811 2129 2907 2184 νῦν
2937 2132 3068 2201 ήμίν
3100 2133 3129 2183 6
3157 2127 3441 2190 Βασίλειος
3469 2127 3606 2199 δρᾷκ

2011 2226 2270 2297 καὶπρὸς
2299 2225 2422 2280 τινα
2458 2224 2570 2296 βίον
2608 2224 2869 2296 ὥρμηκεν
2904 2222 3052 2291 (56);
3084 2216 3213 2292 Ἆρ’
3248 2223 3310 2273 ὲν
3335 2220 3591 2288 δικαστη-

2012 2318 2148 2390 ρίοις
2173 2318 2435 2390 τρέπεται
2469 2316 2606 2389 (57),
2640 2318 2769 2380 τοὺς
2816 2315 3082 2376 παλαιοὺς
3112 2315 3351 2385 ῥήτορας
3381 2310 3589 2382 inmiti;

2009 2412 2312 2483 ῆρήτορας
2351 2409 2687 2481 εὐδαιμόνων
2737 2408 2991 2480 πατέρων
3039 2402 3420 2477 ἀπεργάζεται
3468 2404 3591 2456 παῖ-

2007 2505 2144 2570 δας;
2211 2504 2300 2566 Ὡς
2366 2503 2425 2557 δὲ
2469 2498 2607 2575 ἧκόν
2679 2519 2825 2565 τινες
2884 2498 3324 2569 ἀπαγγέλλοντες
3388 2495 3594 2566 ἀμείνω

2012 2617 2069 2653 σε
2132 2597 2312 2670 πολλῷ
2381 2597 2644 2660 τουτωνὶ,
2711 2593 2821 2647 τῶν
2862 2593 2999 2647 ὁδῶν
3060 2589 3428 2662 πορεύεσθαι,
3503 2587 3592 2641 καὶ

2011 2693 2232 2745 σκοπεῖν
2251 2731 2266 2756 ,
2330 2691 2480 2752 ὅπως
2527 2688 2594 2744 ἂν
2653 2686 2832 2756 γένοιο
2889 2684 3009 2755 Θεῷ
3058 2683 3259 2756 μᾶλλον
3315 2681 3500 2752 φίλος,
3555 2679 3588 2751 ἢ

2011 2783 2285 2848 συλλέξεις
2313 2781 2555 2853 χρυσίον,
2590 2776 2941 2850 εύδαιμόνισα
2971 2775 3081 2846 (58)
3116 2774 3177 2828 σέ
3220 2790 3284 2827 τε
3315 2772 3410 2828 καὶ
3438 2773 3592 2825 Καπ-

2008 2876 2252 2940 παδόκας
2271 2891 2286 2906 ⁶
2320 2876 2379 2928 σὲ
2411 2873 2532 2945 μὲν,
2561 2871 2804 2927 τοιοῦτον
2854 2867 3178 2941 βουλόμενον
3223 2861 3368 2919 εἶναι
3388 2882 3402 2894 ·
3448 2860 3590 2917 ὲκεί-

2008 2986 2134 3033 νους
2157 2968 2233 3032 δὲ,
2275 2967 2515 3021 τοιοῦτον
2540 2963 2873 3036 δυναμένους
2895 2959 3168 3015 δεικνύναι
3199 2956 3450 3030 πολίτην.

2079 3057 2135 3112 2.
2175 3056 2383 3128 Φίρμος
2413 3054 2525 3126 (59)
2553 3055 2611 3109 δὲ
2642 3055 2871 3116 ἐκεῖνος,
2906 3051 2983 3116 ὡς
3015 3048 3296 3121 πανταχοῦ
3325 3047 3589 3101 διετέλεσε

2009 3149 2248 3222 κρατῶν,
2284 3144 2344 3203 εὖ
2378 3144 2526 3202 οἷδαο
2579 3145 2828 3200 ἐντεῦθεν
2856 3143 2965 3216 γὰρ
2999 3141 3146 3214 αὑτῷ
3190 3141 3305 3195 τῶν
3350 3140 3525 3209 λόγων
3555 3140 3587 3209 ἡ

2009 3244 2261 3315 δύναμις.
2312 3241 2532 3296 Πολλῶν
2575 3240 2631 3295 δὲ
2662 3238 2899 3292 ἐπαίνων
2933 3236 3275 3299 ἀπολαύσας,
3316 3235 3420 3288 οὐκ
3454 3227 3585 3295 οἶδα,

2009 3339 2091 3392 ὅτι
2139 3335 2359 3391 πώποτε
2406 3333 2762 3405 τηλικούτων,
2812 3331 3012 3404 ἡλίκων
3064 3330 3158 3384 νῦν
3205 3329 3264 3383 ἐν
3313 3329 3429 3390 τοῖς
3481 3327 3589 3388 σοῖς

2010 3429 2228 3500 ἀκήκοα
2255 3426 2571 3499 γράμμασι.
2621 3424 2696 3479 Τὸ
2728 3424 2837 3496 γὰρ
2888 3421 3092 3494 μηδένα
3124 3421 3192 3475 ἂν
3230 3419 3335 3492 τὴν
3383 3419 3587 3473 ἐκείνου

322 3510 553 3577 gloriam
584 3526 910 3582 superasse:
938 3531 1101 3586 quam
1130 3517 1237 3572 hoc
1272 3519 1350 3573 illi
1378 3520 1745 3578 honorificum
1779 3540 1904 3585 cen-

2020 3520 2166 3585 Βόξαν
2197 3517 2605 3589 ὑπερϐαλέσθαι
2634 3517 2692 3570 σὲ
2720 3518 2812 3570 τὸν
2857 3515 3082 3583 λέγοντα
3124 3509 3288 3574 εἶναι,
3330 3512 3494 3566 πόσον
3537 3527 3585 3562 τι

325 3603 435 3657 seri
464 3603 665 3661 debet?
698 3605 838 3664 Puto
867 3618 1050 3664 autem
1084 3610 1183 3668 bos
1217 3627 1245 3666 a
1276 3620 1330 3667 te
1360 3614 1514 3683 prius
1538 3615 1738 3673 missos
1760 3634 1903 3681 esse.

324 3711 489 3764 quam
532 3695 837 3755 Firtninum
865 3701 1118 3770 videres;
1154 3720 1332 3774 neque
1356 3709 1503 3762 enim
1537 3709 1611 3767 de,
1640 3709 1735 3764 illo
1769 3711 1903 3766 nihil

326 3788 650 3847 habuissent
701 3793 917 3849 litterze.
952 3795 1017 3851 Et
1048 3813 1199 3852 nunc
1230 3800 1361 3869 quid
1413 3815 1597 3857 rerum
1643 3803 1774 3874 agit,
1811 3811 1907 3858 aut

325 3882 456 3952 quid
528 3884 826 3942 meditatur
890 3886 1221 3945 Firminus?
1278 3893 1652 3951 Distineturne
1726 3896 1907 3952 adhuc

327 3980 641 4049 nuptiarum
665 3982 995 4053 desideriis?
1020 4000 1090 4039 an
1122 3986 1212 4039 illa
1232 3985 1560 4056 jamdudum
1590 4001 1902 4055 cessarunt,

327 4073 422 4126 sed
454 4081 613 4143 urget
660 4075 816 4129 curia
864 4091 930 4132 ac
974 4077 1202 4133 omnino
1236 4094 1464 4135 necesse
1511 4086 1597 4135 est
1646 4084 1908 4139 manere?

328 4179 398 4218 an
428 4172 513 4219 est
551 4180 676 4232 spes
709 4166 893 4237 aliqua
939 4167 1090 4223 illum
1129 4168 1308 4226 denuo
1354 4171 1661 4227 studiorum
1696 4175 1905 4229 socium

330 4257 485 4310 fure?
530 4255 628 4311 Det
674 4258 835 4313 nobis
880 4259 1102 4330 aliquod
1157 4277 1518 4332 responsum,
1565 4271 1731 4334 atque
1772 4264 1905 4319 illud

327 4350 551 4420 quidem
571 4391 586 4416 ,
618 4359 678 4405 ut
711 4360 872 4421 Opto,
906 4353 1282 4407 commodum.
1316 4353 1423 4410 Sed
1455 4355 1501 4410 si
1536 4355 1667 4425 quid
1697 4356 1908 4411 creabit

329 4443 618 4509 molestiae,
650 4443 845 4498 saltem
871 4460 972 4500 nos
998 4446 1327 4515 respiciendi
1355 4446 1420 4501 ad
1445 4457 1632 4517 portas
1657 4447 1906 4503 molestia

330 4532 609 4590 liberabit.
650 4532 755 4589 Sed
799 4536 845 4590 si
889 4533 1170 4590 Firminus
1214 4553 1363 4593 nunc
1391 4538 1620 4593 Athenis
1660 4554 1909 4594 versare~

330 4638 442 4691 tur,
478 4626 741 4699 quidnam
779 4626 1026 4685 facerent
1059 4629 1226 4685 vestri
1256 4631 1536 4686 curiales?
1577 4629 1719 4687 Num
1753 4631 1907 4687 Sala-

402 4786 419 4802 '
459 4784 607 4838 Alias
630 4781 857 4837 CXLIII.

2007 3613 2114 3685 χρὴ
2141 3611 2388 3683 νομίζειν
2412 3611 2646 3682 ἐκείνως
2675 3612 2863 3673 Δοκείς
2900 3608 2958 3662 δέ
2988 3625 3076 3679 μοι
3107 3607 3203 3661 καὶ
3234 3605 3459 3668 τούτους
3477 3604 3584 3675 (60)

2006 3702 2408 3758 ἀπεσταλκέναι
2452 3700 2582 3772 πρὶν
2609 3700 2643 3770 ἢ
2666 3699 2758 3753 τὸν
2790 3700 3049 3771 Φιρμῖνον
3085 3698 3243 3750 ἰδεῖνσ
3296 3696 3361 3749 οὺ
3391 3696 3500 3766 γὰρ
3526 3694 3588 3748 ἂν

2006 3795 2167 3850 αὑτὸν
2195 3791 2308 3864 (61)
2335 3793 2436 3845 οὐκ
2461 3786 2576 3861 εἶχε
2620 3789 2688 3844 τὰ
2716 3789 3043 3862 γράμματα.
3080 3786 3193 3840 Καὶ
3217 3786 3313 3841 νῦν
3340 3788 3395 3840 τί
3426 3788 3584 3847 ποιεῖ,

2005 3888 2039 3958 ἢ
2064 3887 2118 3940 τί
2147 3885 2330 3958 μέλλει
2356 3886 2651 3956 Φιρμῖνοςν;
2688 3883 2804 3938 Ἔτ’
2841 3881 2988 3935 ἐστιν
3016 3882 3076 3934 ὲν
3112 3882 3227 3944 τοῖς
3257 3879 3369 3933 τῶν
3398 3878 3585 3948 γάμων

2006 3978 2192 4041 πόθοις
2214 3977 2346 4047 (62),
2366 3974 2399 4048 ἢ
2423 3977 2606 4029 ἐκεῖνα
2631 3975 2731 4045 μὲν
2752 3973 2921 4028 πάλαι
2941 3973 3237 4036 πέπαυται,
3258 3971 3453 4043 βαρεῖα
3476 3971 3583 4041 (65)

2004 4070 2063 4123 δὲ
2107 4072 2140 4140 ἡ
2174 4068 2358 4141 βουλὴ,
2385 4068 2480 4121 καὶ
2512 4069 2663 4121 πᾶσα
2692 4066 2905 4137 ἀνάγκη
2943 4068 3164 4138 μένειν;
3201 4065 3235 4137 ἢ
3264 4066 3415 4129 τίνες
3452 4062 3583 4117 εἰσιν

2006 4162 2240 4226 ἐλπίδες,
2273 4161 2350 4226 ὼς
2391 4157 2550 4225 αὖθις
2581 4159 2734 4214 ἔσται
2767 4160 2942 4228 λόγων
2989 4158 3279 4224 κοινωνός;
3330 4159 3583 4228 Ἀποκρι-

2007 4253 2188 4308 νὰσθω
2237 4272 2286 4306 τι
2320 4255 2484 4323 ήμῖν·
2522 4253 2616 4307 καὶ
2656 4252 2743 4322 εἴη
2778 4252 2879 4325 μέν
2918 4269 2973 4306 τι
3002 4249 3259 4323 χρηστόν.
3295 4250 3360 4303 Εἰ
3408 4248 3453 4302 δ’
3496 4242 3583 4302 οὖν

2006 4366 2058 4401 τι
2091 4349 2184 4402 καὶ
2210 4347 2467 4419 λυπήσει,
2492 4344 2587 4399 τοῦ
2620 4345 2837 4416 βλέπειν
2858 4362 2923 4414 γε
2947 4345 3093 4415 ἡμᾶς
3127 4341 3266 4414 πρὸς
3291 4341 3393 4405 τὰς
3417 4340 3582 4402 πύλας

2008 4437 2321 4503 ἀπαλλάξει.
2356 4437 2421 4491 El
2463 4435 2521 4489 δὲ
2561 4435 2816 4508 Ἀθήνῃσι
2846 4433 2942 4488 νῦν
2973 4436 3002 4488 6
3046 4435 3307 4504 Φιρμῖνος
3353 4431 3579 4502 ὲτύγχαο

2007 4548 2097 4583 νεν
2130 4528 2226 4591 ὢν,
2262 4528 2316 4582 τί
2346 4527 2411 4582 ἂν
2461 4527 2629 4598 ἔδρων
2678 4528 2728 4580 οἱ
2773 4525 3118 4597 βουλεύοντες
3154 4524 3287 4595 παρ’
3314 4523 3481 4592 ύμῖν;
3516 4524 3582 4576 Ἦ

2008 4619 2106 4691 τὴν
2149 4618 2483 4688 Σαλαμινίαν
2516 4617 2761 4688 ἔπεμπον
2804 4615 2870 4670 ἂν
2913 4618 2998 4670 ἐπ’
3046 4615 3243 4679 αὐτόν;
3288 4614 3473 4685 Ὁρᾷς,
3504 4613 3581 4667 ὃτι

2011 4793 2290 4865 πανταχοῦ
2315 4792 2578 4847 διετέλεσε
2604 4810 2638 4846 κ
2678 4793 2843 4856 ατῶν,
2871 4791 3037 4846 vertit
3057 4788 3442 4846 Combefisius.
3472 4787 3580 4842 ubi-

2013 4866 2302 4945 queﬁrma
2333 4864 2586 4945 memoria
2618 4809 2801 4945 ﬁerit,
2842 4862 2921 4945 rei
2945 4862 3241 4945 retinuerit,
3277 4875 3341 4943 ac
3376 4860 3580 4928 vitupe.

401 4854 513 4935 (§5)
535 4855 619 4935 ,Ὀ
641 4854 1063 4935 Καπεξαδόκῃς.
1087 4853 1223 4935 .Haec
1246 4854 1600 4935 desunt_s_atis
1617 4869 1904 4935 commooe

2020 4882 2111 4934 que
2146 4853 2302 4933 ﬁrma
2333 4864 2586 4917 memoria
2619 4853 2801 4935 fuerit,
2831 4853 2921 4935 rei
2945 4862 3241 4935 retinuerit,
3277 4875 3341 4935 ac
3376 4860 3581 4928 vitupe.

331 4924 388 5004 in
420 4923 586 4995 Regio
611 4923 854 4981 secundo
876 4934 931 4980 et
954 4925 1125 4981 Coisl.
1156 4927 1418 4981 secundo.
1452 4924 1572 4979 Mox
1613 4924 1904 4985 Mcdiczeus
1940 4923 1979 4935 ”
2013 4923 2098 4987 rat
2128 4923 2499 5004 interpretem,
2541 4923 2631 5004 qui
2665 4934 2745 4989 sic
2767 4923 3121 5004 reddiderat:
3159 4923 3578 5004 Firminus‘u‘ero

332 5012 415 5047 οτι
443 5012 548 5058 τις.

407 5065 520 5137 (56)
553 5066 871 5136 Ὠρμηκεν.
906 5064 980 5119 Ita
1008 5074 1120 5122 tres
1149 5066 1505 5137 vetustissimi
1527 5066 1745 5122 codices
1778 5084 1902 5124 cum

336 5152 370 5205 p
394 5137 582 5209 nribus
615 5139 759 5209 aliis.
788 5136 929 5209 Editi
956 5137 1232 5209 ὥρμησενἶ

407 5206 849 5283 (57)-Τρέπε-ται.
883 5205 1171 5263 Non'male
1200 5206 1371 5264 Coisl.
1399 5208 1675 5264 secundus
1694 5217 1748 5265 et
1767 5209 1900 5283 Reg.

336 5279 613 5349 secundus
649 5278 927 5349 τρέφεται.

375 5348 520 5433 ,(58)
542 5346 990 5433 βύδᾰψόνισα.
1021 5346 1283 5403 Nonnulli
1326 5349 1546 5405 codices
1577 5351 1909 5407 recentiores

337 5430 482 5473 200a:
493 5430 718 5473 μόνησα.

413 5420 718 5490 δαιμόνησα.

413 5489 525 5564 (59)
559 5493 798 5560 Φίρμος.
841 5487 934 5543 Sic
989 5503 1123 5564 mss.
1171 5503 1409 5564 novem._
1436 5487 1580 5546 Editi
1627 5493 1902 5564 tl_’t.pp.ivoc;.

342 5555 887 5628 Scriptura'veternm
915 5557 1164 5613 codicum
1190 5559 1315 5613 hinc
1341 5560 1503 5615 etiam
1529 5555 1902 5628 confirmatur,

342 5631 488 5703 quod
524 5629 570 5683 is
596 5645 756 5701 quem
790 5637 1071 5703 tantopere
1105 5628 1423 5703 laudaverat
1453 5628 1688 5703 Basilius
1709 5633 1762 5686 in
1789 5634 1907 5703 (τρία

344 5699 480 5752 stola
512 5699 631 5760 sua,
667 5702 989 5769 necessario
1021 5699 1439 5769 distinguendus
1466 5716 1495 5753 a
1536 5701 1795 5767 Firmino,
1823 5699 1905 5758 'de

344 5783 453 5837 quo
476 5768 608 5823 nihil
636 5768 935 5824 habuerant
966 5768 1151 5825 Basilii
1185 5768 1396 5825 litterae.
1430 5769 1571 5825 Illud
1600 5783 1799 5840 autem,
1829 5773 1905 5836 ὡς

2012 5004 2121 5063 ξιιμ,
2144 5000 2302 5075 quam
2333 5002 2522 5059 ubique
2547 5000 2641 5057 tibi
2670 5012 2969 5057 constanter
2992 5000 3308 5057 adhwrendo
3328 5000 3583 5068 perdura-

2010 5078 2139 5128 verit
2170 5076 2300 5128 scio.

2083 5145 2196 5215 (60)
2234 5146 2539 5215 ‘Ergelrm...
2574 5143 2679 5215 καὶ
2716 5144 2986 5215 τούτους.
3035 5141 3127 5195 Sic
3159 5141 3408 5211 plerique.
3432 5141 3581 5196 codi-

2016 5211 2110 5270 ces
2140 5211 2273 5269 mss.
2308 5214 2450 5269 Editi
2481 5214 2750 5268 ὲκεῖνον...
2781 5211 2970 5267 ταῦτα.

2088 5285 2299 5354 (61)οὺ
2337 5285 2446 5355 γὰρ
2478 5283 2554 5338 ἂν
2589 5284 2792 5355 αὐτόν.
2839 5281 3022 5355 Hune
3048 5281 3228 5355 locum
3270 5281 3583 5355 sanavim‘us

2056 5351 2215 5408 artim
2243 5351 2484 5410 omnium
2517 5352 2790 5417 codicum,
2815 5352 2906 5421 qui
2939 5352 3141 5421 habent
3170 5351 3355 5413 αὐτόν,
3380 5353 3582 5421 partim

2042 5362 2215 5408 tartim
2243 5362 2484 5410 omnium
2517 5362 2790 5417 codicum,
2815 5368 2906 5421 qur
2939 5362 3136 5406 habent
3170 5362 3355 5413 αυτόν,
3459 5362 3582 5405 rttm

2042 5425 2280 5478 larlaeani
2330 5440 2455 5495 cpe,
2501 5424 2557 5477 in
2605 5438 2713 5494 quo
2755 5424 2953 5495 :egitur
2997 5422 3056 5474 οὐ
3088 5420 3199 5491 γὰρ
3242 5421 3330 5476 ἄν.
3376 5362 3583 5491 Edidi;

2013 5496 2133 5567 γὰρ
2150 5494 2219 5567 ᾂν
2247 5494 2428 5559 αὑτός.

2085 5558 2194 5633 ('62)
2219 5558 2450 5629 Hdﬁotc.
2470 5561 2650 5616 Codex
2680 5558 3000 5615 Harlteanus
3023 5560 3225 5624 πότοις,
3258 5560 3585 5628 nuptialibus

2013 5635 2282 5691 conviviis.
2309 5634 2510 5702 sicque
2528 5633 2656 5702 legit
2689 5633 2979 5700 interpres.

2084 5704 2194 5772 (6'5)
2226 5698 2461 5772 Βαρεῖὰ.
2494 5698 2750 5756 Nonnulli
2784 5698 3002 5755 codices
3037 5699 3218 5772 βαρεῖε
3244 5698 3417 5755 Paulo
3464 5705 3584 5772 post

2011 5775 2141 5831 editi
2179 5771 2347 5841 μένει
2376 5772 2529 5829 Multi
2558 5772 2777 5828 codices
2818 5787 2949 5827 mss.
2976 5779 3034 5826 ut
3066 5771 3123 5824 in
3157 5778 3333 5825 textu.
