3878 6222
168 321 307 380 1081
986 325 1474 382 El’lSTOLARUM
1513 327 1796 384 CLASSIS
1832 330 1919 384 lll.
1947 328 2165 384 EPIST.
2191 324 2606 384 CCCXXXVIII.
3306 329 3444 385 1082

166 442 271 494 καὶ
302 438 463 509 μόνον
489 438 595 492 ὑπὸ
625 437 736 493 τῶν
768 439 876 493 σῶν
909 439 1202 513 ὐδρίξομαι
1236 441 1488 497 πολιτῶν.
1535 445 1612 497 Οὐ
1661 445 1765 515 μὴν

1875 443 2099 499 miniam
2128 443 2197 498 ad
2230 446 2415 516 ipsum
2452 443 2769 499 mitterent?
2804 439 2972 497 Vides
3001 455 3088 496 me
3115 455 3147 495 a
3174 440 3310 497 solis
3336 443 3442 497 tuis

166 532 353 601 ἔγωγε
400 531 495 585 τοῦ
530 530 706 602 φιλεῖν
749 534 844 586 καὶ
874 534 1118 588 ἐπαινεῖν
1154 534 1526 599 Καππαδόκας
1560 535 1765 590 παύσο-

1875 534 2087 591 civibus
2118 536 2319 606 injuria
2351 535 2510 590 allici.
2551 534 2744 604 Neque
2789 539 2972 588 tamen
3019 546 3123 602 ego
3162 541 3443 602 propterea

169 640 315 695 μαι·
365 624 480 678 ἀλλ’
528 621 760 695 εὔχομαι
811 624 910 695 μὲν
963 626 1162 690 αὐτοὺς
1206 626 1462 698 ἀμείνους
1508 627 1763 696 γενέσθαι

1875 626 2222 696 Cappadoces
2275 641 2461 681 amare
2518 639 2583 680 ac
2642 624 2867 680 laudare
2914 624 3183 679 desinam.
3242 621 3445 679 Verum

165 716 306 788 περὶ
338 716 459 787 ἐμὲ,
494 716 756 787 μένοντας
788 716 847 770 δὲ
879 718 975 770 ἐπὶ
1011 718 1120 772 τῶν
1148 718 1331 773 αὐτῶν
1363 721 1518 773 οῖσω.
1564 721 1763 791 Φιρμτ-

165 808 342 872 νοςδέ
375 809 551 881 μῆνας
588 811 720 881 ἡμῖν
754 809 1072 879 συνεγένετο
1109 810 1410 884 τέτταρας·
1442 812 1655 886 ἡμέραν
1702 813 1760 867 δέ

165 898 417 970 ἧργησεν
448 899 724 970 οὐδεμίαν.
771 900 844 953 Τὸ
875 900 933 954 δέ
965 901 1378 974 συνειλεγμένον
1421 903 1544 958 ὅσον
1589 905 1757 969 ἐστὶν,

165 1001 338 1054 αὐτος
370 991 514 1064 εἴσῃ,
561 992 657 1045 καὶ
703 989 834 1054 ἴσως
875 992 937 1045 οὐ
975 992 1187 1066 μέμψῃ.
1217 992 1363 1066 Πρὸς
1389 992 1447 1047 δὲ
1490 993 1553 1048 τὸ
1599 994 1760 1049 πάλιν

164 1081 340 1137 αὐτὸν
365 1082 525 1154 δεῦρο
567 1083 862 1156 δυνηθῆναι
902 1084 1095 1146 ἐλθεῖν,
1135 1085 1259 1140 τίνα
1298 1086 1403 1156 χρὴ
1434 1103 1759 1158 προσπαρα-

166 1173 361 1228 καλεῖν
400 1173 721 1246 σύμμαχον;
762 1174 936 1247 Εἴπερ
983 1174 1093 1247 γὰρ
1122 1172 1181 1229 εὖ
1222 1174 1512 1247 φρονοῦσιν
1549 1177 1599 1230 οί
1629 1177 1756 1248 βου-

164 1264 419 1329 λεύοντες
451 1265 560 1337 (64)
594 1266 818 1338 (πρέποι
847 1266 893 1321 δ’
930 1265 996 1320 ἂν
1041 1264 1349 1337 ἀνθρώποις
1390 1268 1755 1339 πεπαιδευμέ-

165 1354 328 1424 νοις),
378 1357 671 1429 τιμήσουσι
718 1356 832 1429 (65)
876 1360 990 1420 τοῖς
1036 1356 1344 1428 δευτέροις,
1399 1356 1588 1428 ἐπειδὴ
1641 1359 1754 1422 τοῖς

164 1446 415 1518 πρώτοις
446 1447 746 1521 ἐλύπησαν.

688 1623 1033 1678 ΕΠΙΣΤΟΛΗ
1072 1624 1238 1677 ΤΛΖ’.

1870 717 2106 786 Optarim
2133 717 2358 788 quidem
2392 716 2517 773 illos
2561 717 2619 771 in
2661 731 2751 772 me
2791 713 2958 788 454
2984 714 3100 772 ﬁeri
3130 713 3443 786 aequiores:

1868 807 1963 862 sed
1989 807 2037 862 si
2063 807 2231 864 iidem
2259 809 2685 879 permanserint,
2704 808 2899 864 feram.
2926 806 3204 863 Firminus
3229 820 3446 862 menses

1867 907 2107 969 quatuor
2150 898 2296 970 apud
2341 914 2444 956 nos
2491 908 2868 957 commoratus
2905 910 2989 957 est
3025 918 3041 957 :
3076 900 3220 955 diem
3264 912 3446 955 autem

1866 988 2076 1043 nullam
2105 992 2321 1048 otiosus
2347 993 2640 1063 transegit.
2665 992 2941 1059 Quantum
2970 1001 3153 1047 autem
3175 990 3277 1047 sibi
3300 1005 3448 1046 com-

1867 1082 2169 1150 paraverit,
2202 1082 2325 1154 ipse
2354 1092 2681 1154 cognOsces,
2711 1092 2765 1138 et
2803 1082 3039 1138 fortasse
3068 1096 3178 1136 non
3207 1096 3449 1152 conque-

1869 1170 2032 1226 reris.
2089 1170 2207 1228 Huc
2265 1182 2448 1229 autem
2497 1181 2558 1227 ut
2603 1174 2721 1243 ipse
2775 1174 2973 1228 iterum
3016 1173 3205 1228 venire
3249 1171 3444 1242 possit,

1866 1262 2093 1333 quinam
2132 1264 2356 1335 adjutor
2409 1264 2811 1321 advocandus?
2854 1265 3144 1320 Enimvero
3199 1262 3248 1319 si
3300 1272 3448 1318 recte

1859 1356 2026 1412 sentit
2067 1358 2222 1411 curia
2257 1362 2279 1428 (
2293 1358 2400 1413 hoc
2451 1367 2636 1413 autem
2683 1358 2931 1413 decuerit
2973 1358 3222 1413 homines
3260 1357 3447 1412 erudi-

1860 1446 1993 1516 tos),
2028 1447 2325 1503 honorabit
2373 1465 2460 1504 me
2518 1448 2962 1520 posterioribus:
3003 1448 3443 1520 quandoquidem

1856 1538 2132 1609 prioribus
2158 1540 2384 1595 tristitia
2417 1539 2614 1595 affecit.

2234 1633 2581 1691 EPISTULA.
2615 1633 2792 1691 CCCX
2802 1632 2995 1689 XXVII
3024 1635 3065 1691 '.

164 1732 696 1805 Aliumpappadocem
717 1732 861 1805 mittit
888 1732 1084 1786 Libanio
1109 1734 1344 1806 Basilius,
1365 1749 1512 1809 quem
1526 1737 1684 1804 ﬁlium
1706 1755 1847 1794 suum
1865 1744 2097 1818 appellat,
2120 1754 2283 1812 utpote
2305 1747 2355 1799 in
2377 1762 2434 1800 ea
2453 1746 2508 1797 di
2539 1753 2688 1818 nitate
2711 1745 3009 1817 constitutus,
3033 1760 3144 1812 qua
3167 1744 3182 1796 i
3215 1761 3324 1798 sum
3345 1762 3451 1800 om-

309 1809 445 1847 nium
461 1804 651 1861 patrem
670 1796 919 1862 eﬂiczebat.
945 1799 1086 1848 Hunc
1103 1799 1421 1851 comitabatur
1442 1801 1571 1853 alius
1593 1803 1892 1868 adolescens,
1914 1807 2091 1860 nobilis
2115 1817 2162 1861 et
2184 1808 2289 1875 ipse
2312 1824 2371 1860 ac
2392 1760 2569 1860 Βαδῐῖιὶ
2594 1822 2913 1872 necessarius,
2934 1811 3017 1861 sed
3037 1823 3129 1860 non
3150 1760 3285 1861 d’i’ves

309 1794 445 1847 nium
460 1794 651 1861 patrem
670 1794 919 1862 efﬁciebat.
945 1799 986 1845 Η
994 1811 1086 1848 unc
1103 1794 1421 1851 comitabatur
1442 1794 1571 1853 alius
1593 1794 2026 1868 adolescatsﬂiolii

640 1908 964 1974 Βασίλειος
1006 1907 1283 1974 Λιϐανίῳ.

257 2017 392 2072 Ἰδού
432 2034 514 2072 σοι
556 2020 651 2072 καὶ
683 2017 871 2090 ἕτερος
904 2020 1029 2090 ἥκει
1063 2021 1460 2092 Καππαδόκης,
1485 2023 1599 2088 υίὸς
1631 2025 1764 2098 ἐμὸς

164 2109 272 2164 καὶ
299 2109 463 2172 αὐτός
490 2125 504 2140 ·
537 2109 748 2173 πάντας
782 2109 893 2182 γάρ
920 2113 1053 2182 ἡμῖν
1083 2113 1319 2166 εἰσποιεῖ
1350 2113 1462 2184 (66)
1490 2114 1551 2168 τὸ
1579 2119 1764 2188 σχῆμα

164 2199 355 2264 τοῦτο,
380 2202 438 2253 ἐν
460 2192 504 2269 ᾧ
536 2198 632 2255 νῦν
657 2202 846 2273 ἐσμεν.
876 2202 1042 2256 Ὥστε
1069 2205 1212 2258 κατά
1242 2220 1310 2274 γε
1343 2205 1503 2259 τοῦτο
1536 2207 1765 2277 ἀδελφὸς

167 2291 244 2345 ἂν
293 2290 379 2362 είη
434 2292 527 2344 τοῦ
580 2291 945 2364 προλαϐόντος
965 2333 979 2358 ,
1015 2296 1109 2348 mi.
1154 2296 1256 2365 τῆς
1300 2297 1474 2368 αὐτῆς
1521 2300 1763 2370 σπουδῆς

166 2383 351 2449 ἄξιος,
378 2383 502 2454 ἐμοί
522 2400 582 2437 τε
607 2382 687 2454 τῷ
717 2385 886 2455 πατρὶ
912 2386 1009 2439 καὶ
1037 2385 1119 2439 σοὶ
1142 2385 1218 2458 τῷ
1237 2387 1544 2460 διδασκάλῳ
1564 2407 1578 2421 ·
1601 2389 1762 2463 εἴπερ

167 2492 229 2527 τι
262 2473 401 2538 ὅλως
446 2473 610 2528 πλέον
659 2473 884 2528 δυνατὸν
923 2473 1067 2545 ἔχειν
1101 2476 1212 2548 (67)
1256 2479 1383 2542 τοὺς
1432 2480 1562 2550 παρ’
1607 2481 1765 2550 ἡμῶν

169 2565 527 2638 ἐρχομένους.
564 2565 738 2619 Τοῦτο
776 2565 835 2619 δὲ
872 2565 1039 2634 λέγω,
1064 2567 1163 2639 οὐχ
1196 2568 1272 2632 ὡς
1309 2570 1411 2622 οὐκ
1441 2569 1507 2623 ἂν
1535 2571 1634 2641 τῆς
1665 2572 1765 2641 σῆς

168 2657 491 2730 λογιότητος
549 2657 732 2713 πλεῖόν
787 2668 872 2711 τι·
895 2661 1008 2723 τοῖς
1073 2660 1327 2726 παλαιοῖς
1376 2663 1485 2716 τῶν
1534 2665 1767 2734 ἑταίρων

168 2749 580 2822 χαριζομένης,
632 2750 748 2805 ἀλλ’
781 2750 858 2814 ὡς
896 2751 1129 2821 ἀφθόνου
1182 2755 1320 2807 πᾶσι
1362 2753 1462 2825 τῆς
1500 2754 1765 2825 ὠφελείας

171 2859 275 2896 σου
311 2844 700 2916 προκειμένης.
746 2843 978 2918 Ἀρκοῦν
1008 2845 1052 2898 δ’
1104 2845 1172 2900 ἂν
1209 2847 1292 2918 είη
1345 2845 1425 2918 τῷ
1473 2848 1763 2919 νεανίσκῳ,

168 2935 286 3007 πρὸ
317 2935 427 3011 τῆς.
445 2938 511 2989 ἐκ
541 2934 636 2989 τοῦ
685 2936 880 3008 χρόνου
916 2938 1111 3010 πείρας
1135 2978 1150 3003 ,
1185 2940 1244 2992 ἐν
1270 2940 1384 3004 τοῖς
1412 2940 1634 3005 οἰκείοις
1674 2958 1766 2993 τε-

167 3027 374 3098 τάχθαι
392 3045 407 3059 ·
436 3028 495 3082 ὃν
523 3029 880 3101 άποπέμψαιο
909 3032 1062 3103 ἡμῖν,
1088 3031 1236 3097 ἄξιον
1264 3031 1372 3086 τῶν
1396 3050 1457 3086 τε
1482 3032 1767 3104 ἡμετέρων

169 3116 354 3188 εὐχῶν
381 3117 478 3173 καὶ
508 3118 611 3191 τῆς
643 3120 840 3175 σαυτοῦ
867 3120 1046 3193 δόξης,
1073 3123 1139 3195 ἣν
1163 3122 1307 3195 ἔχεις
1335 3125 1392 3177 ἐν
1418 3126 1532 3189 τοῖς
1564 3124 1764 3193 λόγοις.

185 3207 488 3276 Ἐπάγεται
518 3208 576 3263 δὲ
618 3210 712 3263 καὶ
760 3210 1056 3283 ἡλικιώτην
1103 3213 1203 3283 τὴν
1241 3213 1361 3285 ἴσην
1405 3212 1602 3284 ἔχοντα
1636 3213 1767 3285 περὶ

170 3302 306 3364 τοὺς
346 3299 540 3369 λόγους
591 3303 857 3375 σπουδὴν,
910 3303 1242 3377 εὐπατρίδην
1294 3303 1390 3357 καὶ
1453 3303 1616 3357 αὐτὸν
1672 3304 1768 3358 καὶ

172 3393 314 3463 ἡμῖν
345 3394 578 3446 οἰκεῖον·
628 3392 686 3445 ὃν
734 3394 885 3446 οὐδὲν
934 3393 1154 3448 ἔλαττον
1193 3395 1337 3461 ἐξειν
1396 3392 1762 3464 πιστεύομεν,

173 3484 286 3537 κᾶν
343 3468 594 3539 πλεῖστον
655 3484 766 3539 τῶν
820 3484 997 3541 ἄλλων
1053 3487 1167 3549 τοῖς
1214 3487 1492 3557 χρήμασιν
1542 3483 1762 3537 ἀπολεί-

176 3592 251 3629 πο
256 3591 356 3629 ιτο.

688 3751 1041 3806 ΕΠΙΣΤΟΛΗ
1077 3750 1257 3807 ΤΛΗ’.

2554 1809 2569 1859 i
2594 1809 2913 1872 necessarius,
2934 1811 3017 1861 sed
3037 1809 3129 1860 non
3150 1809 3285 1861 dives

2396 1918 2637 1973 Basilius
2681 1914 2926 1972 Libanio.

1936 2009 2079 2067 Ecce
2113 2009 2211 2065 tibi
2248 2016 2302 2065 et
2338 2010 2484 2065 alius
2512 2010 2662 2065 venit
2694 2008 3013 2079 Cappadox,
3044 2025 3201 2064 meus
3235 2017 3290 2064 et
3332 2010 3450 2080 ipse

1866 2101 2046 2170 filius;
2079 2108 2287 2158 omnes
2319 2102 2466 2157 enim
2515 2101 2675 2157 nobis
2705 2102 2929 2171 adoptat
2976 2100 3217 2171 dignitas
3263 2102 3355 2155 illa
3391 2102 3447 2155 in

1867 2211 1975 2265 qua
2009 2209 2157 2249 nunc
2195 2210 2414 2250 sumus.
2459 2194 2832 2262 Quamobrem
2864 2192 2970 2250 hoc
3023 2193 3246 2248 nomine
3281 2192 3450 2249 frater

1867 2285 1941 2339 sit
1996 2283 2148 2339 illius
2181 2283 2274 2355 qui
2312 2284 2467 2355 prius
2516 2283 2585 2337 ad
2636 2289 2688 2337 te
2733 2281 2919 2346 venit,
2971 2290 3028 2335 et
3076 2295 3210 2335 cura
3255 2280 3449 2337 eadem

1865 2375 2090 2445 dignus,
2130 2382 2241 2429 tam
2291 2374 2426 2429 mihi
2475 2375 2641 2446 patri,
2669 2389 2833 2444 quam
2870 2372 2966 2427 tibi
3001 2373 3359 2442 praeceptori;
3400 2374 3449 2427 si

1867 2464 1984 2518 ﬁeri
2032 2464 2259 2518 omnino
2299 2471 2514 2532 potest,
2567 2472 2627 2518 ut
2663 2462 2870 2533 aliquid
2913 2462 3151 2533 amplius
3183 2462 3448 2528 habeant,

1865 2555 2025 2624 quia
2073 2554 2235 2610 nobis
2281 2554 2531 2610 veniunt.
2566 2553 2679 2607 lloc
2728 2563 2909 2609 autem
2941 2554 3100 2620 dico,
3148 2568 3257 2607 non
3305 2551 3452 2623 quod

1866 2645 2123 2701 facundia
2175 2653 2269 2700 tua
2323 2661 2436 2700 non
2493 2646 2619 2716 plus
2671 2645 2879 2715 aliquid
2929 2645 3123 2700 amicis
3172 2645 3452 2699 veteribus

1866 2738 2106 2805 tribuat;
2150 2738 2248 2793 sed
2299 2738 2446 2809 quod
2490 2739 2766 2793 uberrima
2811 2736 3022 2791 utilitas
3064 2746 3154 2791 tua
3196 2735 3453 2789 omnibus

1867 2832 2149 2900 proposita
2194 2829 2287 2885 sit.
2338 2830 2486 2886 Satis
2535 2839 2719 2884 autem
2774 2827 2941 2884 fuerit
2986 2827 3353 2894 adolescenti,
3404 2826 3453 2881 si

1871 2931 1996 2976 ante
2041 2922 2306 2992 temporis
2334 2922 2770 2993 experimentum
2813 2920 2959 2975 inter
2994 2920 3294 2975 familiares
3333 2919 3453 2975 col-

1870 3012 2087 3069 locetur
2120 3032 2134 3069 :
2175 3030 2336 3085 quem
2373 3016 2441 3070 ad
2477 3029 2579 3070 nos
2631 3013 2884 3070 remittas
2912 3013 3108 3079 velim,
3139 3013 3364 3084 dignum
3399 3021 3454 3068 et

1870 3098 2091 3160 nostris
2127 3106 2312 3171 votis,
2353 3114 2407 3162 et
2460 3105 2634 3177 gloria
2692 3105 2797 3163 ista
2837 3113 2968 3172 tua,
3010 3121 3173 3178 quam
3225 3120 3287 3160 es
3337 3105 3454 3159 elo-

1869 3197 2091 3265 quentia
2138 3205 2498 3254 consecutus.
2548 3197 2712 3266 Ducit
2765 3209 2943 3253 autem
2992 3213 3181 3254 secum
3220 3205 3276 3252 et
3313 3212 3456 3251 eoa:-

1794 3269 1835 3326 (ἶ
1871 3294 2118 3352 laneum,
2166 3280 2297 3358 pari.
2337 3288 2646 3344 litterarum
2698 3289 2882 3346 studio
2912 3290 3198 3361 praeditum
3224 3326 3240 3352 ,
3289 3294 3344 3342 et
3374 3287 3457 3358 ip-

1871 3395 1994 3434 sum
2027 3395 2247 3451 quoque
2280 3398 2347 3438 ex
2388 3383 2559 3439 nobili
2605 3383 2811 3439 familia
2860 3390 3223 3456 prognatum,
3264 3380 3454 3434 nobis-

1870 3488 1978 3542 que
2025 3475 2400 3531 necessarium
2437 3495 2449 3530 :
2487 3492 2648 3547 quem
2686 3479 2834 3532 nulla
2886 3492 2944 3531 re
2996 3474 3307 3530 inferiorem
3340 3472 3457 3528 fore

1871 3566 2244 3635 conﬁdimus;
2296 3570 2512 3626 etiamsi
2572 3572 2867 3641 plurimum
2922 3571 2992 3626 ab
3041 3570 3166 3626 aliis
3219 3570 3453 3641 pecunia

1870 3667 2182 3727 superetur.

2250 3751 2588 3810 EPISTOLA
2624 3751 3024 3808 C(SCXXXVIII

177 3863 375 3936 Gratias
395 3867 496 3933 agit
524 3863 749 3936 Libanius
770 3864 899 3930 quod
922 3866 1312 3936 Cappadocesad
1330 3880 1383 3936 se
1403 3865 1559 3917 mittat
1579 3865 1812 3936 Basilius.
1840 3865 2029 3936 N_arrat
2049 3879 2099 3936 se
2121 3865 2243 3936 lecta
2262 3865 2490 3936 privatim
2516 3866 2651 3918 illius
2672 3865 3084 3936 epistolauvictum
3112 3879 3163 3917 se
3189 3867 3250 3936 al:
3268 3879 3457 3936 eacon-

242 3927 564 3999 fgssum'esse.
591 3935 637 3979 et
658 3941 767 3978 cum
783 3927 948 3993 postea
969 3927 1189 3999 scindent
1210 3928 1415 3999 Alypius
1438 3941 1606 3999 ῳνιιῃι
1618 3927 1842 3999 pluribus
1864 3927 2119 3999 honoratis.
2143 3927 2281 3999 viris'_
2291 3927 2502 3999 legisset,
2542 3927 2710 3999 quinas
2746 3927 2931 3999 Basilio
2952 3928 3165 3992 palmam
3207 3927 3454 3980 detulisse.

250 3990 472 4042 Declarat
491 4004 542 4043 se
560 4003 656 4041 non
676 3988 852 4041 curare
872 4001 1020 4053 quam
1038 3988 1212 4041 divites
1234 3988 1330 4041 sint
1350 3988 1602 4056 discipuli,
1623 3988 1712 4040 sed
1732 3994 1777 4040 et
1797 4001 1988 4053 egenos,
2006 3991 2151 4040 modo
2168 3988 2378 4041 studioii
2396 3988 2510 4053 sint,
2529 3989 2759 4041 divitibus
2777 3988 3081 4055 anteponere.

653 4096 931 4165 Διϐἁνιος
967 4099 1282 4167 Βασιλείῳ.

252 4212 404 4281 Οἶδα,
453 4217 534 4271 ὅτι
577 4213 837 4279 πολλάκις
882 4212 1044 4268 τοῦτο
1076 4215 1327 4288 γράψεις,
1375 4217 1456 4280 τὸ,
1500 4214 1631 4269 ’1δού
1682 4231 1765 4268 σοι

180 4309 280 4363 καὶ
304 4309 489 4381 ἕτερος
534 4308 662 4379 ἥκει
710 4306 1105 4379 Καππαδόκης.
1136 4309 1374 4373 Πολλοὺς
1407 4310 1538 4381 γὰρ,
1588 4303 1763 4376 οἴμαι,

181 4400 426 4471 πέμψεις
448 4416 462 4432 °
488 4401 576 4454 ἀεὶ
604 4402 702 4472 μὲν
746 4400 842 4456 καὶ
875 4401 1150 4472 πανταχοῦ
1185 4404 1297 4464 τοῖς
1333 4401 1628 4470 ἐγκωμίοις
1655 4401 1768 4462 τοῖς

2409 4094 2665 4151 Libanius
2698 4095 2922 4151 Basilio.

1942 4204 2071 4261 Scio
2096 4216 2149 4263 te
2181 4207 2288 4263 hoc
2319 4209 2516 4264 crebro
2537 4208 2871 4279 scripturum
2901 4226 2915 4263 :
2942 4206 3080 4263 Ecce
3116 4207 3213 4262 tibi
3240 4214 3294 4263 et
3314 4207 3454 4264 alius

1868 4299 2019 4354 venit
2066 4298 2389 4371 Cappadox.
2449 4300 2652 4356 Multos
2688 4314 2948 4369 namque,
2983 4307 3151 4370 puto,
3184 4300 3458 4356 missurus

1871 4405 1967 4458 es;
2004 4405 2220 4462 semper
2254 4399 2310 4449 et
2337 4392 2542 4463 ubique
2574 4408 2662 4447 me
2688 4391 2947 4447 laudibus
2978 4391 3249 4457 ellerens,
3292 4400 3457 4462 atque

182 4493 307 4547 κατ’
347 4492 483 4564 ἐμοῦ
528 4493 811 4566 χρώμενος
838 4535 851 4559 ,
904 4493 1080 4566 τούτῳ
1123 4493 1179 4547 δέ
1212 4493 1360 4565 αὐτῷ
1386 4492 1480 4548 καὶ
1522 4491 1765 4564 πατέρας

1878 4480 1984 4537 hoc
2006 4483 2128 4554 ipso
2146 4492 2201 4538 et
2228 4493 2412 4555 patres
2429 4492 2483 4539 et
2504 4501 2705 4556 pueros
2730 4498 3058 4555 provocans.
3084 4485 3156 4538 At
3174 4483 3303 4555 quid
3331 4500 3456 4540 eve-

184 4584 355 4639 κινῶν
386 4584 482 4639 καὶ
506 4586 720 4651 παῖδας.
757 4586 896 4640 Ἀλλ’
935 4588 963 4640 ὅ
989 4603 1054 4656 γε
1101 4586 1320 4654 ἐγένετο
1350 4586 1481 4658 περὶ
1506 4584 1603 4656 τὴν
1645 4587 1765 4638 ἐπι-

1878 4574 1961 4629 nit
2009 4574 2065 4629 in
2108 4576 2398 4645 epistolam
2444 4586 2593 4631 tuam
2644 4577 2965 4648 pulchram,
3010 4591 3121 4631 non
3167 4574 3454 4646 pulchrum

185 4675 386 4747 στολήν
429 4692 523 4729 σου
574 4676 674 4748 τὴν
704 4678 897 4749 καλὴν,
948 4680 1008 4731 οὐ
1069 4677 1234 4733 καλὸν
1274 4670 1573 4749 σιωπῆσαι.
1620 4678 1765 4747 Παρ-

1876 4665 2044 4722 fuerit
2063 4667 2287 4723 silentio
2314 4669 2618 4740 praeterire.
2655 4668 2992 4725 Assidebant
3019 4666 3155 4722 mihi
3179 4682 3245 4722 ex
3279 4665 3455 4721 hono-

182 4765 457 4837 εκάθηντὸ
488 4784 581 4838 μοι
603 4767 713 4821 τῶν
736 4770 793 4822 ἐν
819 4770 961 4842 ἀρχῇ
996 4771 1381 4841 γεγενημένων
1403 4768 1556 4824 ἄλλοι
1587 4786 1648 4822 τε
1670 4770 1765 4822 οὐκ

1875 4759 2036 4821 ratis,
2061 4775 2189 4815 cum
2227 4761 2318 4815 alii
2347 4775 2458 4816 non
2487 4762 2683 4832 pauci,
2709 4770 2826 4815 tum
2860 4761 3019 4830 longe
3049 4758 3289 4830 optimus
3325 4758 3456 4828 Aly-

184 4857 381 4926 ὀλίγοι,
426 4859 522 4913 καὶ
569 4861 599 4913 ὁ
643 4860 823 4915 πάντα
871 4861 1093 4932 ἄριστος
1129 4860 1384 4924 Ἀλύπιος
1444 4861 1765 4932 Ἱεροκλέους

1876 4852 2004 4922 pius
2050 4852 2321 4911 Hieroclis
2370 4854 2521 4910 illius
2567 4854 2960 4910 consobrinus.
2994 4850 3064 4907 Ut
3092 4865 3223 4920 ergo
3255 4849 3464 4920 episto-

184 4949 412 5019 ἀνεψιὸς
457 4950 689 5004 ἐκείνου.
739 4952 829 5015 Ὧς
876 4948 972 5006 οὖν
1013 4952 1203 5007 ἔδοσαν
1258 4954 1307 5006 οἱ
1359 4952 1619 5024 φέροντες
1673 4952 1775 5024 τὴν

185 5040 503 5113 ἐπιστολὴν,
529 5043 653 5114 σιγῇ
677 5040 765 5095 διὰ
787 5043 966 5115 πάσης
992 5043 1184 5108 ἐλθὼν,
1210 5042 1585 5114 Νενικήμεθα,
1614 5041 1771 5114 ἔφην,

189 5131 415 5203 μειδιῶν
446 5149 507 5186 τε
536 5132 654 5203 ἅμα
683 5133 780 5187 καὶ
822 5135 1048 5207 χαίρων.
1091 5134 1202 5188 Καὶ
1237 5133 1359 5189 τίνα
1394 5135 1459 5189 σὺ
1493 5133 1773 5204 νενίκησαι

183 5221 387 5294 νίκην;
438 5223 660 5294 ῆροντο·
711 5224 810 5279 κα)⁵
840 5224 958 5287 πῶς
1003 5226 1105 5279 οὐκ
1142 5225 1332 5295 ἀλγεῖς
1375 5224 1771 5295 νενικημένος;

266 5400 381 5525 (64)
409 5402 837 5483 Βουλεύοντες.
866 5401 1020 5458 Harl.
1065 5399 1364 5474 βουλευταί.
1395 5399 1599 5456 Ibidem
1636 5414 1774 5454 non-

266 5474 329 5525 ιιι
355 5471 595 5525 codices.
628 5472 849 5525 πρέπει.

189 5471 595 5545 nulli___codice_s,
628 5472 849 5545 πρέπει.

269 5541 379 5611 (65)
415 5539 933 5614 ΤιμήσρυονιηΒεε.
982 5541 1258 5614 secundus
1281 5548 1343 5614 et
1372 5539 1540 5614 Cois].
1582 5553 1782 5595 secun-

192 5610 614 5684 dusztuﬁs’oocl
644 5629 730 5683 με.
758 5610 1140 5684 Allihonnulli
1165 5611 1456 5684 τιμήσουσι
1482 5627 1563 5684 σε.

191 5679 402 5810 Militi;
430 5679 595 5766 ημῖν
626 5679 895 5739 εἰσποιεῖ.
931 5684 1101 5741 Coisl.
1142 5679 1351 5756 primus
1394 5690 1450 5739 et
1489 5679 1609 5736 Med
1672 5681 1773 5735 ha--

286 5770 299 5806 ι
330 5792 345 5810 .
380 5769 545 5810 unus.

286 5761 345 5817 tt,
380 5754 545 5823 ἡμᾶς.

1850 4943 1985 5021 Ἰεηι
2014 4943 2394 5010 reddiderunt,
2419 4945 2516 5015 qui
2548 4945 2886 5010 attulerant;
2934 4940 3150 4997 silentio
3173 4946 3289 4993 tota
3331 4953 3458 5009 per-

1880 5034 2045 5098 lecta,
2077 5036 2264 5092 ridens
2303 5037 2467 5092 simul
2499 5044 2552 5091 et
2593 5034 2839 5106 gaudens
2864 5033 2977 5088 dixi
3007 5051 3021 5087 :
3051 5031 3195 5086 Victi
3243 5046 3454 5085 sumus.

1882 5128 2305 5199 lnterrogabant
2346 5135 2527 5184 autem
2562 5127 2638 5181 illi
2669 5145 2684 5181 :
2715 5125 2833 5192 Qua
2869 5125 3049 5180 victus
3093 5139 3153 5180 es
3191 5121 3463 5177 victoria?

1881 5228 1937 5277 ct
1967 5220 2244 5292 quomodo
2271 5222 2452 5277 victus
2477 5235 2588 5276 non
2614 5218 2807 5275 doles?
2835 5216 3022 5272 Victus
3045 5231 3189 5281 sum,
3223 5214 3461 5278 aiebam,

1957 5397 2067 5469 {67)
2100 5397 2300 5469 θολως
2322 5394 2512 5469 πλέον
2538 5392 2800 5469 δυνέατρΥ
2830 5391 3013 5469 ἔχειν.
3040 5388 3149 5469 _Sic_
3167 5397 3278 5444 tres
3302 5394 3460 5469 V391;

1884 5456 2112 5526 stissit'ni
2133 5456 2368 5522 codices.
2394 5465 2530 5520 Tres
2567 5465 2657 5518 alii
2689 5463 2849 5516 πλέον
2865 5456 3099 5515 ’δυνατὸν
3125 5458 3288 5530 ἐχειν.
3316 5456 3469 5513 Editi

1883 5539 2045 5611 εἴπερ
2082 5554 2135 5590 τι
2180 5537 2340 5611 πλέον
2370 5534 2803 5611 ἐχειν-δυνατόν,
2837 5531 2971 5611 Μοχ-
3002 5530 3133 5588 editi
3154 5528 3344 5583 vitléov
3383 5542 3470 5584 τι..

1883 5602 2025 5665 Tres
2049 5602 2661 5675 vetustissimicodices
2695 5612 2755 5659 ut
2785 5602 2837 5659 in
2866 5608 3038 5659 textu.

1957 5681 1971 5700 ⁸
2003 5678 2153 5732 Alias
2179 5675 2410 5731 CXLIV.

1953 5748 2145 5805 "Alias
2166 5745 2369 5804 CXLV.
