3878 6222
148 354 169 405 Ι
181 350 284 406 089

1024 342 1510 401 ΕείετοιΑιιυΜ
1543 344 1932 400 CLASSISIII.
1965 343 2183 399 EPIST.
2215 343 2512 401 CCCXLV.

3269 308 3411 398 toao

145 467 510 538 κεκτημένος,
564 461 686 520 εἶτα
737 465 937 534 σιγῶν,
989 464 1212 537 εὔδηλον
1244 465 1320 530 ὡς
1367 463 1641 536 ὑπεροψίᾳ
1685 463 1719 536 ἢ

1834 471 2011 519 autem
2041 465 2134 534 qui
2159 465 2426 535 possidet,
2466 474 2520 519 et
2541 471 2723 517 tamen
2756 462 2902 523 silet,
2934 461 3289 532 perspicuum
3323 470 3412 517 est

146 559 282 631 λήθῃ
331 557 491 612 τοῦτο
538 562 703 614 ποιεῖ.
751 557 893 627 Ἐγὼ
925 557 983 611 δέ
1040 575 1137 611 σου
1183 556 1284 628 τὴν
1322 556 1534 628 σιωπὴν
1566 555 1727 626 ἀμεί-

143 648 316 720 ψομαι
348 653 672 721 προσρήσει.
730 650 905 721 Χαῖρε
954 647 1136 702 τοίνυν
1168 688 1184 712 ,
1245 647 1585 719 τιμιώτατε,
1633 647 1726 700 καὶ

146 739 326 811 γράφε
375 741 423 794 εί
479 739 688 811 βούλοιο
717 756 732 772 ·
783 741 880 795 καὶ
931 741 1006 814 μὴ
1057 739 1278 811 γράφε,
1333 741 1384 793 εἰ
1437 736 1594 793 τοῦτό
1641 754 1726 791 σοι

148 833 462 904 προσφιλές.

648 993 995 1048 ΕΠΙΣΤΟΛΗ
1039 993 1221 1048 ΤΜΕ’.

1829 571 1954 610 eum
1998 564 2094 611 aut
2132 572 2200 612 ex
2249 563 2574 627 contemptu
2615 563 2712 609 aut
2750 571 2818 610 ex
2867 555 3148 609 oblivione
3195 553 3301 607 hoc
3332 552 3413 606 [a-

1830 662 1976 706 cere.
2005 647 2120 718 Ego
2167 656 2351 703 autem
2385 648 2608 704 silentio
2651 655 2749 702 tuo
2784 646 3170 703 salutationem
3223 659 3413 714 repen-

1830 738 1979 792 dam.
2015 738 2179 794 Salve
2212 740 2420 809 itaque,
2451 739 2536 794 vir
2563 739 2820 810 inprimis
2857 737 3110 804 colende,
3142 744 3196 792 et
3226 735 3412 792 scribe

1831 831 1878 886 si
1903 830 2146 886 volueris
2177 848 2192 886 :
2223 840 2279 885 et
2309 847 2378 886 ne
2419 831 2657 896 scribas,
2691 831 2744 886 id
2783 833 2830 887 si
2867 831 2968 886 tibi
3003 832 3080 885 ita
3114 827 3405 901 placuerit.

2259 991 2599 1047 EPISTOLA
2640 991 2912 1052 CCCXLV
2939 997 2977 1049 °.

146 1128 290 1178 Nunc
306 1121 517 1189 primum
543 1122 765 1176 Liltanius
789 1123 953 1193 scribit
979 1123 1176 1195 Basilio.
1204 1121 1420 1195 Meminit
1439 1137 1490 1174 se
1510 1121 1784 1195 olimjllius
1808 1122 1998 1195 eloquio
2022 1123 2163 1194 valde
2182 1125 2487 1195 delectatum,
2509 1126 2594 1176 sed
2615 1125 3060 1195 tamenaliquando
3081 1125 3316 1192 injuriam
3347 1125 3412 1179 ab

650 1199 708 1237 eo
729 1186 988 1250 accepisse,
1012 1187 1139 1250 quod
1166 1200 1217 1237 se
1242 1186 1292 1236 in
1313 1187 1610 1252 prolundunt
1627 1186 1878 1238 Homerica
1898 1186 2086 1250 furoris
2110 1194 2306 1253 rogatus
2327 1186 2633 1238 introducere
2654 1186 2896 1238 noluisset.

627 1319 899 1387 Λιϐάνιος
932 1322 1249 1386 Βασιλείῳ.

219 1456 440 1514 Μᾶλλον
493 1457 577 1511 ὅτι
641 1455 718 1527 μή
767 1455 937 1510 πάλαι
991 1471 1075 1509 σοι
1133 1453 1370 1527 γράφειν
1427 1453 1723 1527 ἠρξάμην,

143 1545 298 1620 οἶμαί
341 1566 431 1620 μοι
464 1548 574 1602 δεῖν
611 1547 910 1615 ἀπολογίας
930 1587 946 1610 ,
974 1547 1009 1619 ἢ
1048 1547 1146 1600 νῦν
1187 1547 1609 1618 παραιτήσεως,
1640 1547 1724 1600 ὅτι

142 1642 304 1696 τοῦτο
339 1642 450 1712 (90)
490 1642 663 1694 ποιεῖν
712 1637 988 1711 ἠρξάμην.
1051 1637 1193 1708 Ἐγὼ
1251 1639 1361 1709 γὰρ
1408 1639 1615 1700 ἐκεῖνος
1643 1679 1657 1703 ,
1694 1639 1724 1690 ὁ

145 1734 462 1808 προσθέων,
498 1733 661 1787 ὁπότε
709 1732 969 1804 φανείης,
1013 1732 1108 1786 καὶ
1140 1731 1217 1794 ὡς
1267 1731 1458 1802 ἥδιστα
1505 1729 1722 1800 ὑπέχων

2358 1315 2616 1370 Libanius
2647 1315 2876 1370 Basilio.

1903 1452 2076 1524 Magis
2107 1451 2349 1506 arbitror
2381 1451 2514 1505 mihi
2539 1467 2679 1522 opus
2709 1467 2834 1508 esse
2862 1455 3240 1520 excusatione,
3263 1455 3413 1527 quod

1831 1559 1940 1598 non
1984 1543 2115 1597 olim
2159 1542 2230 1596 ad
2276 1551 2328 1597 te
2374 1544 2620 1598 scribere
2675 1544 3021 1614 incaaperim,
3055 1562 3221 1616 quam
3266 1565 3414 1604 nunc

1827 1635 2198 1697 recusatione,
2231 1633 2378 1704 quod
2405 1633 2653 1689 scribere
2689 1635 2970 1705 incipiam.
2999 1635 3112 1708 Ego
3143 1639 3289 1693 enim
3322 1641 3416 1696 ille

1829 1743 1974 1790 smn,
2000 1726 2094 1796 qui
2125 1726 2504 1794 aceurrebam,
2531 1725 2699 1798 458
2719 1728 2937 1798 quoties
2963 1729 3019 1782 in
3053 1739 3414 1800 conspectum

144 1829 212 1883 τά
242 1821 361 1881 ὦτα
389 1825 469 1898 τῷ
499 1825 733 1899 ῥεύματι
783 1825 880 1895 τῆς
913 1822 1193 1895 γλώττης,
1229 1823 1323 1876 καὶ
1355 1821 1605 1891 λέγοντος
1642 1821 1730 1874 εύ-

1834 1819 2104 1890 prodires,
2128 1829 2184 1873 et
2210 1834 2372 1889 quam
2412 1820 2744 1875 suavissime
2767 1835 2931 1876 aures
2968 1823 3278 1892 praebebam
3305 1825 3414 1879 lin-

147 1918 541 1992 φραινὸμενος,
583 1919 680 1970 καὶ
719 1914 872 1987 μόλις
912 1913 1417 1984 ἀπαλλαττόμενος,
1462 1911 1560 1966 καὶ
1590 1911 1727 1984 πρὸς

143 2012 273 2074 τοὺς
316 2009 562 2080 ἑταίρους
595 2007 806 2076 λέγων,
839 2004 915 2070 ὡς
953 1999 1125 2068 Οὗτος
1149 2005 1290 2078 ἀνὴρ
1325 2004 1565 2076 τοσούτῳ
1598 2004 1730 2059 καλ-

146 2102 276 2155 λίων
332 2100 442 2156 τῶν
504 2098 770 2170 Ἀχελῴου
825 2096 1140 2169 θυγατέρων
1165 2136 1180 2160 ,
1238 2098 1348 2168 ὅσῳ
1396 2097 1574 2167 θέλγει
1629 2097 1729 2167 μὲν

145 2187 292 2264 ᾗπερ
322 2189 430 2260 (91)
466 2191 673 2243 ἐκεῖναι
699 2227 714 2252 ,
758 2185 986 2258 βλάπτει
1015 2187 1073 2240 δὲ
1123 2188 1221 2259 οὐχ
1273 2187 1462 2261 ὥσπερ
1497 2190 1726 2244 ἐκεῖναι.

146 2284 256 2336 Καὶ
290 2283 486 2354 μικοόν
513 2298 577 2352 γε
608 2281 670 2335 τὸ
728 2281 802 2354 μὴ
837 2281 1130 2352 βλάπτεινο
1172 2281 1288 2335 ἀλλ’
1322 2281 1405 2335 ὅτι
1455 2281 1526 2336 τὰ
1571 2282 1728 2336 τοῦδε

149 2376 288 2448 μέλη
332 2375 523 2447 κέρδᾶς
559 2375 639 2447 τῷ
685 2374 987 2446 δεξαμένῳ.
1031 2373 1136 2427 Τὸν
1179 2369 1272 2427 οὖν
1322 2372 1494 2437 οὕτως
1537 2373 1732 2445 ἔχοντά

149 2484 216 2540 με
247 2466 474 2538 γνώμης
499 2505 514 2530 ,
546 2465 836 2538 νομίζοντα
867 2464 926 2518 δὲ
963 2465 1059 2518 καὶ
1106 2464 1412 2534 φιλεῖσθαι,
1451 2464 1630 2536 λέγειν
1671 2465 1730 2520 δὲ

145 2559 408 2613 δοκοῦντα
450 2557 524 2630 μὴ
573 2557 779 2629 τολμᾷν
821 2555 1192 2624 ἐπιστέλλειν,
1239 2556 1474 2628 ἐσχάτης
1507 2556 1727 2630 ἀργίας,

146 2652 240 2704 καὶ
267 2651 414 2704 τοῦτ’
449 2649 515 2704 ἂν
548 2649 634 2722 εἴη
668 2650 785 2720 ἀμα
833 2648 1160 2721 ζημιοῦντος
1199 2649 1362 2704 αὐτόν
1393 2648 1524 2721 (92).
1559 2649 1730 2722 Δῆλον

146 2744 288 2814 γὰρ,
325 2745 402 2807 ώς
433 2742 638 2814 ἀμείψῃ
671 2761 771 2814 μου
797 2742 898 2814 τὴν
931 2742 1220 2814 ἐπιστολὴν
1247 2741 1346 2813 τὴν
1397 2741 1602 2812 μικρὰν
1633 2743 1730 2797 καὶ

147 2836 361 2907 φαύλην
393 2835 534 2908 καλῇ
571 2853 632 2888 τε
662 2836 756 2889 καὶ
789 2835 999 2908 μεγάλῃ
1021 2873 1036 2899 ,
1064 2835 1162 2889 καὶ
1187 2833 1398 2905 φυλάξῃ
1427 2833 1621 2905 δήπου,
1651 2834 1726 2906 μή

150 2943 218 2999 με
270 2928 368 2981 καὶ
425 2927 678 2997 δεύτερον
710 2927 923 2998 άδικῇς.
967 2921 1136 2996 Οἶμαι
1184 2923 1294 2994 γὰρ
1328 2923 1442 2995 (95)
1497 2923 1730 2988 πολλοὺς

147 3018 440 3090 βοήσεσθαι
491 3019 628 3089 πρὸς
661 3017 722 3071 τὸ
775 3019 928 3088 ῥῆμα
976 3018 1068 3070 καὶ
1112 3015 1541 3088 περιστήσεσθαι
1590 3015 1730 3088 πρὸς

145 3110 214 3163 τὰ
241 3111 544 3180 πράγματα
577 3109 947 3180 κεκραγότας·
977 3107 1258 3171 Βασίλειος
1281 3107 1510 3179 ἠδίκηκέ
1537 3124 1590 3160 τι
1621 3107 1726 3160 κᾶν

149 3201 421 3272 σμικρόν;
472 3200 668 3254 οὐκοῦν
721 3202 816 3254 καὶ
863 3200 1099 3265 Αἰακὸς,
1152 3200 1249 3253 καὶ
1293 3199 1516 3264 Μίνως,
1562 3200 1658 3253 καὶ
1698 3200 1728 3252 ό

147 3383 304 3436 κέναι
332 3383 598 3454 συγχωρῶ
618 3399 632 3413 ⁶
663 3383 748 3446 τίς
776 3385 832 3436 δὲ
869 3382 992 3436 ἰδών
1029 3381 1088 3435 τέ
1116 3399 1176 3434 σε
1196 3422 1212 3445 ,
1245 3381 1340 3435 καὶ
1381 3382 1441 3434 οὐ
1471 3381 1680 3450 φθονῶν
1708 3398 1725 3446 ;

154 3475 250 3526 Ἐν
281 3473 338 3527 δέ
362 3473 415 3527 τί
452 3491 534 3526 σοι
567 3472 919 3544 ἡμαρτῆσθαι
958 3473 1094 3544 πρὸς
1128 3473 1309 3543 ἡμᾶς,
1345 3472 1448 3526 κάν
1481 3488 1542 3525 σε
1580 3469 1724 3524 τοῦτ’

146 3565 485 3636 ἀναμνήσω,
547 3563 701 3617 πεῖθε
751 3565 877 3628 τοὺς
933 3563 1376 3631 ἀγανακτοῦντας
1436 3565 1510 3633 μὴ
1575 3563 1724 3635 βοᾷν.

148 3654 340 3717 Οὐδείς
373 3671 455 3706 σοι
502 3652 818 3725 προσελθὼν
872 3655 968 3707 καὶ
1013 3653 1175 3724 χάριν
1209 3653 1540 3723 ἐπαγγείλας
1580 3653 1724 3724 (94),

147 3748 212 3819 ἢν
239 3746 422 3801 δοῦναι
458 3748 654 3818 ῥᾷστον
673 3786 688 3810 ,
715 3747 919 3819 ἀτυχὴς
949 3746 1212 3817 ἀπῆλθεν.
1247 3749 1377 3818 Εἰμὶ
1409 3746 1587 3801 τοίνυν
1614 3747 1724 3818 (95)

148 3838 256 3892 τῶν
295 3837 452 3909 χάριν
483 3838 824 3908 αἰτησάντων
855 3839 982 3910 μὲν,
1009 3839 1069 3892 οὐ
1105 3838 1379 3893 λαϐόντων
1417 3838 1494 3892 δέ.
1532 3838 1597 3892 Τί
1633 3834 1727 3892 οὖν

147 3933 352 4002 ᾗτουν;
386 3929 652 3993 Πολλάκις
680 3931 737 3982 ἐν
784 3931 1096 4002 στρατηγίῳ
1132 3930 1244 4002 (96)
1278 3947 1359 3984 σοι
1390 3929 1728 4002 συγγενόμε-

148 4039 274 4086 νος,
303 4020 610 4093 ἠϐουλήθην
642 4020 752 4092 (97)
788 4022 876 4076 διὰ
915 4023 1016 4093 τῆς
1055 4022 1156 4092 σῆς
1191 4023 1383 4093 σοφίας
1414 4025 1493 4086 είς
1523 4023 1584 4076 τὸ
1629 4024 1726 4094 βά-

149 4109 242 4172 θος
271 4109 372 4179 τῆς
411 4110 650 4182 Ὀμήρου
697 4110 894 4181 μανίας
938 4111 1220 4166 εἰσελθεῖν.
1255 4113 1317 4166 Et
1345 4112 1403 4166 δὲ
1440 4112 1502 4166 τὸ
1532 4115 1638 4167 πᾶν
1665 4114 1726 4167 οὐ

146 4201 402 4264 δυνατὸν,
435 4199 499 4253 σὺ
551 4200 608 4254 δὲ
640 4201 756 4255 ἀλλ’
795 4202 877 4265 εἰς
923 4201 1088 4274 μέρος
1141 4203 1288 4274 ἡμᾶς
1323 4203 1585 4272 εἰσάγαγε
1631 4203 1726 4257 τοῦ

147 4292 378 4362 κλήρου.
411 4292 627 4362 Μέρους
654 4293 713 4346 δὲ
749 4293 1093 4365 ἐπεθύμουν,
1126 4293 1185 4348 ἐν
1221 4286 1266 4364 ᾧ
1307 4294 1415 4348 τῶν
1456 4295 1728 4366 Ἐλλήνων

147 4381 339 4444 κακῶς
387 4385 744 4456 πεπραχότων
793 4385 940 4457 (98),
989 4387 1048 4441 ὃν
1101 4387 1322 4459 ὕϐρισεν
1366 4389 1728 4461 Ἀγαμέμνων

1829 1927 1948 1983 ειιω
1989 1909 2234 1975 fluentis,
2264 1918 2427 1982 teque
2453 1911 2673 1968 dicente
2706 1912 3043 1980 delectabar,
3084 1915 3287 1987 vixque
3321 1933 3416 1973 se-

1829 2004 2114 2067 cedebam,
2151 2012 2320 2075 atque
2345 2004 2413 2058 ad
2445 2004 2665 2060 sodales
2693 2004 2942 2060 dicebam
2975 2024 2987 2060 :
3021 2005 3123 2061 Hic
3156 2008 3239 2063 vir
3260 2015 3416 2063 tanto

1829 2096 2183 2164 praestantior
2223 2096 2447 2150 Acheloi
2499 2095 2739 2159 ﬁliabus,
2778 2105 2987 2167 quanto
3035 2100 3242 2156 mulcet
3285 2101 3415 2172 qui-

1829 2187 1952 2242 dem
1985 2197 2045 2241 ut
2075 2185 2198 2249 illa},
2255 2203 2359 2242 nec
2393 2194 2578 2242 tamen
2612 2195 2674 2242 ut
2705 2189 2812 2244 illa:
2846 2191 3016 2245 laedit.
3051 2190 3117 2245 Et
3144 2208 3281 2250 sane
3314 2209 3416 2263 pa-

1830 2293 1954 2332 rum
2007 2288 2093 2333 est
2131 2294 2240 2333 non
2295 2279 2511 2344 lmdere,
2569 2280 2679 2334 imo
2727 2281 2877 2338 illius
2922 2284 3215 2340 cantilenae
3255 2286 3414 2342 lucro

1830 2377 1962 2425 sunt
2003 2369 2266 2425 audienti.
2301 2369 2441 2424 Cum
2485 2370 2652 2442 igitur
2679 2372 2754 2426 ita
2799 2373 2903 2426 sim
2935 2375 3126 2430 animo
3155 2375 3409 2444 aﬂ‘ectus,

1830 2477 2026 2532 meque
2054 2461 2209 2532 diligi
2240 2463 2555 2518 existimem
2586 2472 2641 2520 et
2670 2464 2892 2520 dicendi
2922 2466 3184 2524 facultate
3210 2473 3412 2541 praadi-

1832 2560 1923 2608 tus
1968 2553 2180 2619 videar,
2212 2554 2457 2610 scribere
2489 2571 2599 2610 non
2645 2558 2849 2613 audere
2892 2567 3156 2617 extremae
3197 2563 3415 2620 inertiae

1829 2642 2019 2708 fuerit,
2047 2645 2324 2715 simulque
2348 2645 2590 2702 hominis
2626 2647 2842 2718 sibiipsi
2867 2647 3132 2705 damnum
3167 2651 3415 2711 inferen-

1829 2734 1922 2790 tis.
1961 2733 2156 2806 Liquet
2187 2738 2331 2791 enim
2367 2734 2505 2802 fore,
2552 2747 2614 2792 ut
2648 2755 2826 2794 meam
2852 2742 3142 2811 epistolam
3184 2760 3412 2814 parvam

1830 2832 1885 2880 et
1917 2826 2078 2881 vilem
2104 2827 2332 2896 pulchra
2355 2835 2410 2883 et
2433 2828 2628 2899 grandi
2657 2833 3053 2897 remunereris,
3085 2849 3411 2906 caveasque,

1830 2933 1901 2974 ne
1933 2919 2065 2973 mihi
2098 2919 2298 2975 iterum
2326 2921 2590 2989 injuriam
2629 2919 2823 2978 facias.
2871 2922 3136 2994 Equidem
3175 2928 3414 2984 arbitror

1833 3011 2036 3068 multos
2064 3012 2477 3067 exclamaturos
2506 3028 2631 3068 esse
2656 3013 2722 3067 ad
2751 3015 2855 3070 hoc
2877 3017 3125 3082 verbum,
3154 3027 3208 3074 et
3236 3021 3304 3074 ad
3326 3037 3415 3078 res

1833 3103 1982 3172 ipsas
2027 3119 2421 3169 concursuros,
2457 3106 2865 3164 vociferantes:
2903 3109 3216 3168 Basiliusne
3268 3113 3415 3185 inju-

1827 3197 1968 3249 riam
2007 3197 2092 3252 vel
2122 3197 2294 3254 levem
2335 3199 2560 3254 intulit?
2591 3199 2734 3272 Ergo
2760 3209 2817 3256 et
2855 3201 3085 3270 AEacus,
3115 3213 3170 3261 et
3210 3205 3414 3272 Minos,

1828 3298 1883 3344 et
1915 3290 2076 3360 hujus
2119 3290 2309 3347 frater.
2341 3293 2457 3364 Ego
2500 3302 2682 3350 autem
2715 3303 2769 3351 te
2815 3296 2873 3350 in
2921 3299 3148 3368 reliquis
3192 3299 3414 3371 quidem

1827 3381 2094 3437 victorem
2126 3383 2300 3440 fuisse
2352 3386 2638 3452 concedo;
2693 3387 2819 3458 quis
2861 3389 3007 3444 enim
3063 3397 3117 3446 te
3161 3392 3318 3458 vidit,
3358 3400 3414 3448 et

1828 3485 1940 3525 non
1968 3470 2211 3527 invidit?
2241 3471 2348 3528 Sed
2381 3481 2564 3529 tamen
2611 3492 2781 3530 unum
2813 3477 2866 3530 in
2899 3493 3002 3532 nos
3041 3481 3305 3548 peccasti.
3337 3480 3414 3538 De

1829 3576 1939 3631 quo
1970 3562 2192 3631 quidem
2231 3565 2277 3618 si
2307 3571 2361 3618 te
2389 3564 2741 3630 admoneam,
2773 3568 3047 3636 persuade
3077 3571 3414 3643 indignanti-

1828 3653 1932 3708 bus
1976 3660 2034 3706 ut
2082 3669 2151 3708 ne
2185 3655 2584 3710 vociferentur.
2638 3656 2811 3712 Nemo
2859 3668 2944 3714 est
2985 3661 3078 3730 qui
3120 3669 3171 3717 te
3212 3679 3413 3720 conve-

1829 3745 1991 3800 niens
2016 3759 2081 3799 ac
2122 3745 2452 3801 beneﬁcium
2493 3756 2710 3818 petens,
2757 3752 2903 3820 quod
2937 3752 3056 3806 dari
3090 3753 3254 3810 facile
3279 3773 3413 3826 pos-

1830 3839 1924 3902 sit,
1965 3837 2081 3892 voti
2106 3853 2335 3910 compos
2373 3855 2486 3895 non
2517 3841 2734 3898 abierit.
2767 3843 2935 3914 Atqui
2976 3861 3078 3914 ego
3110 3862 3177 3901 ex
3213 3863 3409 3905 eorum

1829 3945 2065 3986 numero
2111 3946 2259 3997 sum,
2309 3933 2404 4002 qui
2456 3934 2781 3990 beneficium
2828 3936 3107 4007 petierunt
3167 3940 3409 4010 quidem,

1830 4024 1927 4081 sed
1956 4039 2066 4080 non
2098 4035 2456 4096 acceperunt.
2490 4026 2636 4093 Quid
2669 4028 2838 4099 igitur
2867 4031 3179 4099 postulavi?
3207 4033 3412 4090 Tecum

1828 4118 1883 4173 in
1921 4119 2178 4189 praetorio
2228 4133 2354 4173 cum
2389 4135 2534 4190 saape
2563 4136 2834 4187 versarer,
2880 4125 3066 4194 optavi
3092 4136 3152 4182 ut
3199 4127 3414 4198 sapien-

1830 4211 1919 4265 tiae
1949 4218 2055 4265 tuae
2073 4227 2178 4282 ope
2201 4211 2258 4266 in
2296 4212 2632 4281 profundum
2668 4213 2947 4270 Homerici
2980 4215 3188 4274 furoris
3234 4219 3411 4274 intro-

1830 4301 1987 4357 irem.
2012 4301 2167 4367 Quod
2196 4303 2265 4365 si,
2290 4303 2527 4370 aiebam,
2555 4311 2734 4359 totum
2766 4305 2820 4360 id
2839 4306 3030 4376 perlici
3063 4323 3171 4363 non
3199 4318 3406 4380 potest,

1830 4401 1886 4446 at
1912 4401 1969 4447 tu
1994 4401 2179 4448 tamen
2207 4394 2264 4449 in
2297 4403 2508 4466 partem
2550 4398 2720 4454 sortis
2750 4413 2854 4455 nos
2884 4398 3235 4460 introducas.
3272 4402 3411 4458 Con—

147 4473 449 4544 ἐθεράπευε
485 4473 700 4548 δώροις.
753 4475 918 4530 Ταῦτ’
967 4479 1104 4548 ἐμοῦ
1155 4476 1439 4548 λέγοντος,
1495 4479 1723 4549 ἐγέλας,

1834 4485 2181 4552 cupiscebam
2241 4497 2422 4543 autem
2476 4497 2686 4559 partem
2742 4491 2935 4558 illam,
2994 4494 3052 4548 in
3114 4510 3221 4565 qua
3283 4513 3410 4551 cum

147 4565 433 4636 ἀρνεῖσθαι
469 4566 568 4637 μὲν
612 4567 712 4621 οὐκ
753 4566 892 4639 ἔχων
916 4608 931 4633 ,
965 4568 1040 4632 ὡς
1076 4569 1176 4622 οὐκ
1209 4568 1276 4623 ἂν
1316 4568 1502 4624 δύναιο
1535 4570 1728 4642 βουλη-

147 4655 295 4720 θεὶς,
321 4655 670 4728 δωρήσασθαι
695 4657 752 4711 δέ
774 4660 875 4712 οὐκ
910 4659 1133 4714 ἐθέλων.
1173 4655 1323 4732 Ἀρά
1355 4678 1438 4716 σοι
1484 4662 1579 4716 καὶ
1614 4665 1728 4728 τοῖς

363 4853 498 4943 :91:
523 4856 730 4943 €012th
755 4853 847 4910 Sic
876 4871 1023 4943 mss.-
1043 4872 1159 4912 sex.
1191 4857 1338 4935 Editi
1361 4859 1451 4911 ὅτε
1483 4858 1661 4943 τοῦτο,

221 4914 336 4991 (91)
363 4917 566 4996 ᾟπερ.
599 4925 828 4982 Codices
856 4937 968 4980 tres
996 4927 1162 4999 ήπερ,
1196 4929 1366 4998 magis
1399 4944 1559 4998 quam
1592 4930 1723 4985 illm.

145 4991 323 5067 Paulo
351 5004 476 5067 p_0_S‘
500 4995 632 5067 editi
660 4995 774 5067 ἀλλ’
803 4996 902 5067 ἤδη
926 4997 1014 5050 τά.
1047 4996 1176 5052 Mss.
1215 5007 1339 5053 octo
1377 5008 1435 5052 ut
1467 4999 1520 5052 in
1548 5007 1723 5055 textu.

219 5061 677 5136 (92);’Eaxdtnc
720 5061 952 5136 dpﬂdc,
999 5069 1098 5121 καὶ
1140 5067 1298 5121 τοῦτ’
1346 5067 1423 5121 ἂν
1467 5068 1560 5136 εἴη
1606 5069 1727 5134 ἅμα

144 5129 497 5216 (appono;
510 5129 719 5216 αὐτῇτί.
731 5129 1232 5216 ίιῗόςιιθίιθερηᾱυω,
1251 5138 1485 5216 ἐσχάτης
1499 5129 1726 5209 ἀργείας

144 5202 393 5277 τοῦτζ-ἃν
408 5205 528 5277 εἴη,
558 5205 652 5277 ita}
678 5205 792 5277 ἅμα
824 5202 1146 5277 ζημιοῦντος
1171 5202 1355 5263 αὐτόνῖ
1390 5202 1546 5264 Εὺιτ.

175 5270 531 5394 {ﬂagrum
568 5270 823 5345 ydpflta
870 5270 1087 5333 codices
1133 5293 1266 5333 mss.
1317 5289 1542 5348 septem.
1579 5278 1725 5336 Editi

145 5359 301 5395 οιιιαι
325 5359 402 5395 οε.

202 5360 548 5488 ῗῧὶῖἒέάριν
579 5415 959 5488 ἐπαγγείλας.
1003 5415 1137 5488 Reg.
1165 5418 1440 5475 secundus
1467 5426 1521 5474 et
1554 5417 1722 5478 Coisl.

146 5482 429 5557 secundus
456 5482 1080 5557 arranelilagjmelius].

219 5552 334 5625 (95)
363 5554 499 5630 Είμὶ
527 5552 754 5630 τοίνυν.
790 5552 933 5612 Editi
962 5552 1169 5613 addunt
1195 5558 1327 5627 ἐγώ,
1357 5575 1450 5615 seu
1476 5573 1579 5630 θος
1602 5577 1726 5630 pro-

145 5622 346 5677 nomen
395 5622 557 5697 deest
591 5625 646 5679 in
673 5637 906 5697 Aseptem
953 5630 1157 5685 nostris
1203 5622 1504 5685 codicibus.
1555 5622 1725 5684 Paulo

146 5701 278 5774 post
300 5707 400 5761 pro
432 5695 647 5774 μανίας,
673 5695 960 5774 [figendum
993 5700 1268 5774 μαντείας,
1290 5700 1340 5754 id
1372 5709 1478 5764 est,
1517 5701 1722 5774 divina--

145 5763 329 5828 tionis,
364 5763 640 5820 existimat
672 5763 1050 5835 Cdmbelisiu's,
1088 5771 1183 5825 sed
1227 5763 1529 5842 repugnant
1567 5773 1722 5828 codi-

1828 4575 2005 4632 Grzeci
2033 4577 2254 4634 fortuna
2278 4579 2512 4636 adversa
2535 4591 2844 4653 uterentur,
2867 4585 3242 4657 Agamemnon
3261 4587 3410 4643 hunc

1828 4668 2031 4740 ipsum,
2066 4687 2230 4741 quem
2261 4674 2600 4730 contumelia
2624 4675 2914 4745 affecerat,
2941 4679 3266 4736 muneribus
3291 4684 3410 4753 pla-

1827 4879 1920 4920 ces
1946 4879 2158 4931 omnes,
2191 4882 2290 4922 nec
2316 4867 2458 4924 favet
2488 4869 2594 4923 ulla
2622 4870 2780 4925 ratio.

1899 4934 2012 5007 (96)
2057 4936 2535 5007 Ένγστρατηγίῳ.
2576 4939 2666 4992 Sic
2701 4955 2835 4994 mss.
2879 4939 3008 4996 duo.
3045 4939 3223 4996 Editio
3257 4940 3409 4996 Basi-

1827 5004 2030 5082 leensis
2054 5014 2108 5060 et
2152 5004 2597 5082 Coisl._pr’in_iu_s,
2625 5009 2800 5082 Harl”
2833 5009 2974 5065 Med.
3027 5021 3082 5066 et
3115 5014 3248 5081 lleg.
3295 5027 3408 5082 pri-

1827 5077 2426 5154 mu§_sv_grfatnylou.
2459 5077 2639 5154 Editio
2660 5078 2841 5154 Paris.
2867 5082 2924 5132 ἐν
2946 5077 3307 5154 στρατηγέίῳ.

1900 5144 2012 5222 (9])
2048 5144 2556 5222 ᾙϐουτλῆθῃνλιιεν
2575 5148 2793 5222 codices
2823 5165 2956 5222 mss.
2982 5144 3185 5222 septeni
3217 5144 3272 5206 et
3291 5151 3408 5206 edi-

1826 5213 1909 5292 tio
1941 5213 2286 5292 Basileensis.
2328 5213 2397 5292 ᾼι
2435 5217 2761 5292 Parisiensis
2793 5213 3061 5292 ἐδεήθην.’
3086 5221 3256 5276 Paulo
3287 5231 3408 5290 post

1826 5284 1993 5359 editio
2017 5287 2205 5359 eadem
2232 5287 2293 5359 ού
2322 5287 2566 5351 δυνατὸν,
2600 5288 2756 5359 ἔφην,
2787 5291 2878 5344 sed
2903 5284 3248 5359 postremum
3271 5284 3406 5348 illud

1825 5355 2052 5426 verbum
2087 5356 2240 5410 deest
2266 5357 2319 5410 in
2355 5366 2562 5426 septem
2603 5355 2734 5414 mss.
2774 5368 2829 5415 et
2858 5355 2989 5415 edit.
3023 5361 3187 5418 Basil.

1897 5423 2009 5496 (98)
2045 5423 2468 5505 ζᾏεπξριιχότῳῷἰ
2511 5428 2603 5505 ΙειιΔ
2629 5443 2988 5505 omnes_mss.
3022 5431 3163 5487 Editi
3193 5449 3407 5505 πεπρα-

1826 5495 2018 5559 γότων.
2054 5495 2257 5569 lbidern
2281 5497 2412 5551 editi
2445 5498 2504 5551 ὃν
2537 5498 2779 5569 ὕϐρισεν,
2810 5501 2963 5557 deest
2995 5505 3185 5558 vocula
3219 5503 3276 5558 in
3307 5495 3407 5557 ito-

1827 5580 1945 5619 vem
1976 5580 2134 5628 mss.,
2162 5565 2258 5620 sed
2291 5575 2474 5622 tamen
2497 5565 2711 5623 videtur
2743 5571 2809 5624 ad
2839 5575 3164 5628 sententiam
3211 5588 3406 5628 neces-

1825 5635 2225 5719 saria.'llabent
2251 5653 2345 5692 sex
2381 5639 2598 5695 codices
2639 5640 2977 5712 θεραπεύων,
3007 5643 3293 5700 Medicaeus
3320 5642 3408 5699 Oe-

1828 5721 2053 5775 ραπευει

1891 5779 1917 5806 β
1945 5775 2096 5830 Alias
2121 5776 2276 5833 CLII.
