3878 6222
146 347 168 399 1
179 346 285 403 093

1090 348 1581 404 EPlSTOLARUM
1622 349 1909 419 CLASSIS
1944 350 2032 405 lli.
2074 348 2294 405 EPIST.
2334 348 2550 406 CCCLI.

3273 354 3414 408 £094
3446 352 3451 355 ’

141 474 305 530 ροντα
329 458 665 530 ὑποσκιρτᾷν
696 459 1070 530 παρεκίνησας
1093 477 1108 526 ;
1148 461 1292 531 Ἐγὼ
1314 460 1372 514 δέ
1397 478 1479 515 σοι
1505 461 1585 531 τῷ
1610 464 1732 526 ταῖς

1837 462 1962 518 ris?
2006 461 2120 534 Ego
2170 477 2302 518 vero
2351 462 2449 516 tibi
2505 462 2564 516 in
2614 462 3112 519 declamationibus
3154 478 3412 536 pompam

143 551 395 620 μελέταις
435 549 847 620 ὲμπομπεύοντι
898 550 1224 622 ἰσαρίθμους
1259 556 1371 617 τοῖς
1412 555 1469 605 ἐν
1513 553 1729 625 Θερμο-

1836 551 2049 607 ducenti
2085 560 2167 607 tot
2191 554 2338 623 tigna
2379 552 2909 622 commodarijussi,
2940 564 3076 625 quot
3120 556 3324 611 milites
3356 558 3414 612 in

140 641 338 705 πύλαις
371 642 796 713 ἀγωνιζομένοις
834 642 1199 715 στρατιώταις
1234 644 1562 715 στρωτῆρας
1588 661 1728 715 χρη-

1828 636 2215 714 ΤΙιείἪιοργΙὶε
2246 646 2579 713 pugnavere,
2619 645 2832 714 singula
2859 647 3096 714 prolixa.
3130 656 3182 700 et
3212 661 3415 699 secun-

140 733 338 802 σθῆναι
394 734 738 804 προσέταξα,
794 736 1040 799 ἅπαντας
1094 737 1394 809 εὐμήκεις,
1436 739 1532 790 καὶ
1588 736 1730 790 κατὰ

1836 732 1956 786 dum
1995 743 2149 787 tuum
2172 733 2499 797 Homerum,
2538 736 2788 790 umbram
2825 736 3043 807 longam
3077 736 3412 791 ellicicutia:

138 826 229 878 τὸν
279 826 370 878 σὸν
418 827 706 898 Ὅμηρον,
756 826 1121 898 δολιχοσκίους
1171 829 1298 899 (9),
1353 827 1448 892 οὓς
1498 831 1528 881 ὁ
1586 829 1730 901 ἱερὸς

1836 841 1949 895 quae
1992 827 2251 896 Alpbteus
2290 842 2448 881 sacer
2494 843 2554 882 se
2604 826 2950 883 redditurum
2985 844 3108 885 esse
3141 829 3412 900 promisit.

152 916 405 986 Ἀλφαίος
439 917 549 990 (10)
583 920 1061 992 ἀποκαταστήσειν
1106 920 1599 993 κατεπηγγείλατο.

544 1131 573 1137 η
611 1016 1000 1110 ‘EII'ISTOAH
1039 1024 1247 1138 'l‘MB’._
1290 1116 1293 1121 _

2246 1048 2583 1104 EPISTOLA
2621 1049 2927 1104 CCCXLIX
2956 1054 2996 1106 ⁶.
3054 1050 3059 1057 ’

540 1131 743 1221 iocatur
770 1169 995 1222 Libanius
1018 1169 1070 1221 in
1096 1130 1478 1234 Cappadociam,
1508 1130 1655 1234 seque
1677 1165 1943 1231 discipulos
1968 1164 2278 1232 Cappadoces
2302 1170 2731 1214 transmutaturum
2760 1166 3013 1230 promittit.

542 1292 549 1297 “
582 1290 590 1299 ”
617 1266 1240 1352 ΛιϐἁνιοςΒασιλείῳ.
1267 1338 1272 1343 .
1308 1294 1325 1323 ·“
1391 1311 1399 1322 ·

150 1386 157 1394 ’
210 1399 286 1453 Οὐ
330 1398 549 1469 παύσῃ,
588 1398 839 1452 Βασίλειε
864 1440 879 1465 ,
913 1386 1015 1451 τὸν
1046 1397 1191 1469 ἱερὸν
1228 1393 1418 1450 τοῦτον
1449 1412 1558 1449 των
1596 1410 1725 1466 μου-

140 1491 250 1546 σῶν
282 1492 450 1562 σηκὸν
491 1490 688 1563 μεστὸν
738 1490 909 1544 ποιῶν
962 1488 1347 1545 Καππαδοκῶν
1367 1528 1382 1553 ,
1429 1486 1726 1542 καὶταῦτα

139 1584 455 1648 ἀποζόντων
502 1583 701 1655 γριτῆς
733 1584 830 1637 καὶ
865 1582 1044 1654 χιόνος
1076 1582 1188 1652 (11)
1231 1581 1326 1634 καὶ
1367 1580 1478 1632 τῶν
1516 1577 1725 1632 ἐκεῖθεν

138 1674 362 1741 καλῶν;
394 1673 609 1743 Μικροῦ
636 1672 694 1725 δέ
735 1690 804 1744 με
835 1675 930 1726 καὶ
959 1673 1337 1743 Καππαδόκην
1366 1671 1571 1741 ἔθηκαν
1591 1710 1606 1733 ,
1638 1668 1725 1722 ἀεί

2283 1265 2306 1337 ε’
2361 1274 2621 1329 Libanius
2650 1274 2881 1329 Basilio.
2954 1292 2967 1329 ῐ

1834 1396 1841 1415 ³
1897 1391 2017 1447 Non
2060 1390 2303 1456 desines,
2356 1388 2545 1456 Basili,
2587 1406 2807 1447 sacrum
2858 1390 2963 1445 hoc
3004 1405 3287 1447 musarum
3315 1392 3416 1448 do-

1828 1485 2097 1541 micilium
2141 1485 2356 1554 replere
2400 1483 2844 1553 Cappadocibus,
2892 1484 3073 1554 iisque
3109 1486 3289 1554 griten
3336 1486 3417 1539 ni-

1827 1594 2060 1648 vemque
2085 1585 2139 1631 ct
2168 1586 2365 1630 caetera
2392 1576 2541 1631 illius
2565 1578 2808 1646 regionis
2838 1577 2979 1630 bona
3007 1558 3415 1633 redolentibus?

1829 1670 2005 1742 Prope
2030 1678 2215 1724 autem
2244 1668 2448 1721 factum
2476 1665 2602 1734 est,’
2625 1677 2685 1721 ut
2715 1662 2809 1723 me
2826 1670 2989 1723 etiam
3028 1660 3414 1740 Cappadocem

140 1784 232 1838 μοι
279 1736 376 1828 es,
425 1736 996 1838 προσκυνῶ.σε’(1ἓ)
1029 1736 1484 1838 ,“·προσᾴδοντες.
1524 1765 1615 1815 Δεῖ
1664 1761 1721 1815 δὲ

1836 1759 2131 1827 ell‘ecerint,
2175 1775 2394 1830 semper
2441 1761 2575 1814 mihi
2610 1761 2767 1826 illud,
2810 1762 3101 1832 προσκυνῶ
3142 1780 3223 1827 σε,
3269 1764 3417 1818 occi-

135 1858 289 1925 ὅμως
322 1856 644 1927 ἀνέχεσθαι,
675 1856 956 1909 Βασιλείου
985 1856 1318 1921 κελεύοντος.
1357 1854 1496 1909 Ἰσθι
1519 1854 1719 1918 τοίνυν,

135 1948 212 2012 ὡς
244 1949 348 2019 τῆς
387 1951 484 2020 μὲν
531 1948 715 2020 χώρας
748 1950 874 2014 τοὺς
908 1949 1147 2027 τρόπους
1196 1947 1544 2019 ὲξακριϐάζω
1588 1946 1720 2016 (15),

134 2038 234 2109 τὴν
264 2039 325 2093 δὲ
356 2040 637 2109 εὐγένειαν
671 2042 767 2093 καὶ
795 2040 857 2092 τὸ
881 2040 1120 2112 ἐμμελὲς
1157 2041 1255 2112 τῆς
1284 2041 1438 2120 ,ἐμῆς
1482 2038 1719 2093 Καλλιό-

138 2145 248 2200 πης
290 2132 651 2202 μεταμφιάσω
678 2132 805 2195 τοὺς
834 2131 1063 2204 ἄνδρας,
1092 2132 1158 2185 ἶν’
1184 2117 1401 2203 ὀφθεῖεν
1440 2132 1568 2203 ὑμῖν
1595 2130 1719 2184 ἀντὶ
1754 2117 1798 2209 ς

1785 2216 1789 2221 ’
1826 2239 1929 2295 pro
1965 2222 2239 2293 palumbis
2272 2222 2541 2277 columbae
2573 2220 2703 2276 facti
2732 2238 2856 2279 eSse
2885 2223 3199 2278 videantur.

136 2221 364 2288 φασσῶν
402 2240 628 2276 πεοιστε
638 2223 727 2277 οαί

666 2361 1011 2415 ΕΠΙΣΤΟΛΗ
1055 2362 1185 2415 ΤΝ’.

550 2582 866 2648 Βασίλειος
893 2583 1299 2655 Λιϐανίῳυιι).
1426 2602 1453 2625 .-

130 2699 135 2705 ’
205 2691 438 2746 Λέλυταί
491 2709 573 2746 σοι
615 2692 677 2745 τὸ
726 2692 1016 2764 δύσθυμον.
1062 2694 1233 2746 Τοῦτο
1271 2692 1381 2765 γὰρ
1435 2692 1575 2746 ἔστω
1619 2692 1723 2763 τῆς

136 2782 429 2853 ἐπιστολῆς
462 2783 523 2835 τὸ
576 2783 880 2855 προοίμιον.
927 2784 1000 2837 Σὺ
1040 2782 1096 2835 δὲ
1132 2783 1353 2837 σκῶπτε
1383 2784 1477 2837 καὶ
1502 2783 1724 2852 διάσυρε

133 2878 206 2930 τὰ
267 2877 552 2948 ἡμέτερα,
590 2877 700 2929 εἴτε
741 2875 1110 2949 γελῶνγβῖτε
1162 2875 1496 2941 σπουδάζων.
1548 2877 1613 2929 Τί
1666 2876 1724 2929 δὲ
1770 2905 1775 2910 -

136 2968 316 3041 χιόνος
372 2967 406 3037 ῆ
438 2970 647 3039 ’γριτῆς
708 2959 1193 3055 sumam/euecti,“
1228 2970 1402 3042 παρὸν
1453 2971 1722 3041 ἐντρυφᾷν

136 3060 300 3133 ἡμῶν
339 3062 452 3124 τοῖς
498 3051 829 3132 σκώμμασιν
879 3060 991 3133 (15)
1019 3051 1037 3128 ;⁷
1086 3062 1229 3131 Ἐγὼ
1261 3062 1354 3126 δὲ,
1391 3057 1435 3115 ὦ
1479 3062 1720 3129 Λιϐάνιε,

1829 1862 2045 1911 nentes.
2074 1850 2331 1909 Attamen
2361 1853 2650 1907 ferendum
2685 1863 2790 1917 est,
2814 1852 3021 1910 Basilio
3061 1855 3134 1909 ita
3163 1855 3413 1924 jubente.

1831 1947 1984 2002 Scito
2014 1948 2204 2016 igitur,
2251 1961 2340 2000 me
2369 1947 2611 2016 regionis
2641 1947 2866 2016 quidem
2898 1962 3083 2001 mores
3123 1948 3416 2017 diligenter
3448 1962 3453 1973 '

1829 2040 2185 2109 investigare,
2229 2037 2380 2092 viros
2409 2051 2541 2092 vero
2583 2037 2653 2092 ad
2697 2027 2830 2092 mea:
2855 2036 3129 2109 Calliopes
3166 2040 3417 2094 nobilita-

1831 2141 1936 2186 tem
1952 2129 2134 2200 "atque
2165 2111 2598 2184 concinnitatem
2622 2116 3143 2193 transmutaturum,
3177 2142 3237 2186 ut
3257 2132 3415 2187 vobis

2211 2316 2391 2429 (.36
2411 2314 2753 2410 EPISTOLA
2788 2314 3025 2438 σόον.
3126 2409 3132 2417 .

1189 2517 1194 2520 .
1231 2473 1500 2539 Respondet
1518 2472 1734 2526 Basilius
1752 2470 1971 2533 epistola:
1992 2468 2306 2535 praecedenti.
2355 2507 2363 2515 .
2416 2504 2429 2516 .

2352 2576 2593 2631 Basilius
2639 2573 2887 2629 Libanio.

1818 2698 1833 2713 ‘
1902 2688 2101 2745 Sedata
2126 2699 2209 2744 est
2241 2689 2410 2744 animi
2453 2690 2531 2742 tui
2558 2688 2846 2759 aégritudo.
2880 2687 2995 2743 Hoc
3025 2689 3169 2744 enim
3202 2691 3271 2745 sit
3307 2691 3415 2760 epi-

1832 2780 1987 2834 stola:
2014 2779 2324 2833 exordium.
2362 2777 2444 2832 Tu
2490 2793 2621 2833 vero
2658 2779 2830 2833 irridc
2878 2786 2930 2833 et
2957 2780 3153 2834 vellica
3189 2794 3276 2836 res
3315 2797 3413 2837 no-

1832 2872 1998 2937 stras,
2042 2871 2157 2926 sive
2200 2871 2421 2939 jucans,
2472 2866 2805 2925 sive'serio.
2858 2870 3000 2938 Quid
3046 2864 3224 2928 autem
3270 2875 3413 2930 nivis

1811 2965 1917 3019 ~vel
1947 2963 2107 3033 gritai
2131 2964 2471 3017 mentionem
2500 2956 2706 3028 fecisti,
2729 2979 2855 3018 cum
2892 2965 3079 3018 liceret
3111 2966 3205 3019 tibi
3244 2967 3415 3022 dicte-

1831 3057 1932 3112 riis
1958 3057 2015 3110 in
2051 3071 2153 3112 nos
2184 3055 2518 3140 indulgere?
2555 3052 2667 3125 Ego
2691 3062 2893 3119 autem,
2921 3072 2953 3111 ο
2984 3054 3199 3126 Libani,
3220 3059 3315 3113 tibi
3353 3065 3413 3112 ut

137 3154 229 3207 ἳνα
263 3169 345 3205 σοι
377 3153 469 3206 καὶ
504 3153 709 3207 πλατὺν
732 3155 940 3225 κινήσω
964 3155 1054 3207 τὸν
1080 3155 1313 3224 γέλωτα,
1342 3155 1449 3208 ὑπὸ
1474 3173 1727 3228 παραπε-

1836 3146 2007 3207 risum
2049 3167 2304 3223 magnum
2337 3132 2627 3215 tmoveam,
2664 3149 2809 3205 hanc
2859 3153 2982 3207 velo
3027 3155 3188 3208 niveo
3231 3161 3413 3210 tectus

136 3245 379 3316 τάσματι
396 3244 802 3317 καλυπτόμενος
824 3245 1021 3317 χιόνος,
1043 3247 1139 3318 τὴν
1170 3247 1459 3319 ἐπιστολὴν
1486 3248 1722 3320 ἔγραψα,

138 3336 206 3407 ἢν
257 3333 549 3406 δεξάμενος
585 3335 775 3406 ψαύων
804 3337 916 3407 (16)
957 3338 1152 3409 χερσὶ,
1187 3336 1371 3411 γνώσῃ
1411 3338 1486 3402 ὡς
1517 3338 1726 3410 κρυερὰ

135 3443 220 3491 τις
277 3426 415 3498 αὑτὴ
470 3427 563 3480 καὶ
611 3428 701 3481 τὸν
748 3428 1044 3500 πέμψαντα
1076 3428 1489 3501 χαρακτηρίζει
1539 3432 1725 3501 ἐμφωο

136 3517 363 3572 λεύοντα
384 3558 398 3583 ,
438 3521 532 3572 καὶ
573 3519 648 3591 μὴ
680 3520 976 3592 δυνάμενον
1004 3521 1109 3585 ἔξω
1156 3522 1264 3575 τῶν
1296 3523 1584 3594 δωματίων
1612 3524 1723 3595 (17)

141 3609 498 3681 προκύπτειν.
546 3611 762 3681 Τάφους
818 3611 928 3685 γὰρ
974 3615 1102 3677 τοὺς
1147 3614 1329 3678 οἴκους
1381 3616 1719 3687 κεκτήμεθα,

142 3707 339 3778 μέχρις
376 3706 623 3760 ἐπιλάϐοι
662 3708 725 3760 τὸ
773 3707 909 3778 ξαρ,
951 3710 1047 3761 καὶ
1095 3710 1323 3781 νεκροὺς
1368 3711 1514 3780 ἡμᾶς
1563 3710 1724 3773 ὄντας

138 3798 278 3870 πρὸς
306 3798 450 3871 ζωὴν
472 3799 750 3873 ὲπανάξῃ,
786 3801 949 3855 πάλιν
981 3802 1044 3855 τὸ
1082 3798 1243 3867 εἶναι,
1289 3802 1478 3873 ὥσπερ
1511 3805 1721 3870 φυτοῖς,

138 3891 522 3962 χαριζόμενον.

655 4032 1003 4086 ΕΠΙΣΤΟΛΗ
1033 4030 1188 4086 TNA'

1829 3242 2118 3312 epistolam
2159 3239 2470 3310 conscripsi
2516 3260 2529 3295 :
2581 3255 2746 3309 quam
2799 3256 2925 3296 cum
2982 3244 3298 3313 acceperis,
3350 3260 3413 3299 ac

1829 3348 1997 3386 manu
2029 3320 2349 3402 contigeris,
2376 3332 2582 3387 sentiés
2611 3321 2776 3402 quam
2800 3326 2879 3389 'sit
2907 3335 3105 3404 gelida,
3135 3351 3413 3407 quamque

1790 3414 2180 3480 “'rel‘erat'eum
2206 3440 2239 3480 a
2260 3412 2383 3496 quo
2415 3426 2585 3481 missa
2618 3433 2723 3491 est,
2758 3426 3088 3492 latitantem,
3124 3444 3227 3483 nec
3256 3442 3412 3485 extra

1828 3518 1976 3573 aedes
2038 3518 2363 3588 prospicere
2422 3512 2719 3574 valentem.
2777 3518 3042 3589 Sepulcra
3081 3522 3229 3575 enim
3280 3531 3413 3577 sunt

1810 3611 1975 3664 .aedes
2005 3608 2472 3676 :nostrietdonec
2522 3625 2617 3663 ver
2665 3613 3020 3676 successerit,
3066 3620 3121 3667 et
3165 3629 3412 3671 morulas

1826 3718 1930 3757 nos
1961 3701 2028 3754 ad
2056 3701 2221 3755 vitam
2254 3700 2559 3764 reduxerit,
2595 3717 2787 3756 rursus
2816 3704 2998 3768 nobis,
3047 3705 3409 3775 quemadmo-

1825 3795 1954 3849 dum
1978 3794 2205 3863 plantis,
2239 3793 2479 3864 largiens
2513 3801 2574 3847 ut
2603 3794 2796 3849 simus.

2240 4035 2582 4093 EPISTOLA
2620 4037 2829 4099 που
2858 4045 2901 4064 ⁶⁰
2932 4083 2945 4095 .

294 4146 542 4198 Libanium
563 4153 701 4213 rogat
723 4144 936 4197 Basilius
957 4152 1011 4196 ut
1028 4147 1093 4195 ad
1117 4160 1168 4197 se
1190 4146 1344 4197 mittat
1365 4145 1647 4211 orationem,
1664 4159 1809 4214 quam
1832 4149 1893 4203 de
1911 4147 2101 4202 homine
2122 4162 2314 4201 moroso
2334 4150 2817 4219 summa‘celebritate
2843 4153 3251 4216 pronuntiaverat.

613 4260 937 4325 Βασίλειος
965 4260 1240 4323 Λιϐανίῳ.

205 4372 399 4427 Πολλοὶ
432 4372 815 4445 περιτυχόντες
842 4376 974 4443 ἡμῖν
1002 4372 1110 4425 τῶν
1143 4371 1327 4425 αὐτόθι
1356 4372 1468 4443 (18)
1496 4412 1511 4436 ,
1558 4372 1719 4426 ἐθαύ-

2303 4277 2309 4282 ’
2339 4260 2576 4315 Basilius
2606 4260 2848 4315 Libanio.

1896 4374 2047 4429 Multi
2103 4391 2296 4430 eorum
2340 4375 2435 4444 qui
2481 4376 2649 4431 istinc
2694 4375 2760 4429 ad
2805 4391 2907 4431 nos
2947 4378 3211 4443 veniunt,
3256 4388 3407 4436 tuam

137 4467 321 4539 μασάν
363 4483 456 4519 σου
485 4466 584 4536 τὴν
627 4467 684 4518 ὲν
721 4468 831 4528 τοῖς
867 4464 1043 4535 λόγοις
1089 4466 1310 4537 ἀρετήν.
1348 4465 1573 4536 Ἔλεγον
1609 4466 1718 4538 γὰρ

1836 4467 1933 4521 vim
1984 4468 2203 4523 dicendi
2258 4468 2441 4522 mirati
2479 4476 2628 4524 sunt.
2684 4468 2990 4523 Narrarunt
3033 4472 3178 4525 enim
3225 4473 3406 4543 speci-

231 4624 288 4695 9)
320 4627 768 4695 Δολίχοσκιους.
791 4623 1011 4679 Homer.
1037 4623 1202 4677 Iliad.
1220 4626 1282 4689 Γ,
1315 4642 1367 4679 v.
1392 4623 1496 4679 546
1521 4634 1574 4679 et
1591 4624 1714 4680 555.

236 4694 323 4766 Ill)
370 4695 659 4764 Ἀλφαῑυς.
700 4695 791 4749 Sic
830 4696 964 4763 Reg.
1002 4697 1299 4750 secundus.
1346 4695 1462 4749 Non
1499 4696 1720 4764 illepide

132 4766 333 4819 auctor
361 4768 602 4833 epistolae
640 4766 862 4820 ﬂuvium
903 4767 1197 4835 obstringit
1237 4766 1554 4820 restituendi
1593 4783 1719 4835 pro-

131 4837 331 4895 misso,
363 4847 421 4889 ut
447 4838 686 4904 gratuito
709 4853 737 4889 a
763 4852 823 4890 se
861 4836 978 4888 dari
1010 4836 1280 4889 osuendat.
1316 4835 1712 4890 llabcntCoisl.

132 4906 349 4975 primus
379 4915 434 4961 et
466 4907 603 4960 Med.
644 4910 672 4959 ὁ
704 4905 845 4977 ἱερὸς
874 4906 918 4959 δ’
952 4907 1441 4977 ἀποκαταστήσειν.
1471 4906 1718 4977 Quatuor

134 4978 239 5047 alii
263 4977 291 5027 ὁ
316 4977 457 5046 ἱερὸς
487 4975 947 5047 ἀποκατασὴσειν.
985 4975 1190 5047 Harl._o
1226 4975 1369 5047 ἱερὸς
1396 4976 1712 5038 Εὑστάθιος.

132 5045 282 5118 Lditi
322 5045 526 5118 διερὸς
569 5045 818 5118 Δονάτοςς
859 5045 1717 5118 excepta'Basileensieditione

135 5117 336 5187 prima,
370 5115 490 5187 qua:
516 5118 675 5171 habet
712 5115 1029 5179 Εὑστάθιος.
1066 5115 1380 5181 Vaticanus,
1403 5117 1502 5186 οὐχ
1535 5118 1715 5187 Ὅμη-

135 5203 232 5258 ρος
268 5186 314 5238 δ’
343 5187 831 5309 ὑποκαταστἾσειν.

206 5256 320 5309 (HI
352 5257 571 5309 Γοιτῦρ
599 5274 674 5309 κα
726 5258 831 5309 γιόι

206 5256 320 5327 (11)
352 5257 571 5325 Γριτῆς
599 5254 695 5311 καὶ
723 5258 946 5325 χιόνος.
978 5254 1069 5311 Sic
1108 5272 1241 5313 mss.
1278 5262 1507 5327 septem.
1546 5254 1709 5323 Editi,

130 5327 330 5398 γριτῆς
356 5328 449 5380 καὶ
468 5329 678 5398 χιόνων.

206 5396 323 5468 (12)
369 5396 700 5465 Προσκυνῶ
746 5414 841 5451 σε.
882 5396 961 5451 Ita
1025 5406 1230 5468 septem
1280 5413 1413 5453 mss.
1473 5398 1709 5454 codices.

132 5466 279 5521 Editi
321 5469 611 5558 προσκυνῶ
641 5485 744 5522 σοι.

208 5536 318 5558 ιιηκ
388 5537 520 5558 ττι-,η
559 5556 572 5558 _
606 5538 714 5558 4319‘

205 5536 320 5606 (I3)
362 5536 1041 5609 iEEaxptEdtfw.Quinque
1066 5540 1282 5593 codices
1316 5537 1707 5609 εςακριὸἀζων.

133 5605 705 5679 Πριμξξακριϐὠσω.
761 5608 933 5663 Habet
954 5605 1135 5664 etiam
1173 5609 1340 5663 editio
1385 5605 1713 5664 Basileensis

132 5677 529 5743 ὲξακριῦἀζών.

206 5695 266 5729 ικ
284 5695 529 5743 ιιοαςων.

206 5695 623 5821 (1ί)ΛισανΙῳ.
683 5750 847 5806 Addit
897 5747 1045 5808 Harl.
1106 5751 1239 5822 πρὸς
1284 5751 1381 5814 τὰς
1446 5750 1710 5821 ἑκατέρας

1820 4622 2131 4694 ἐπιστολάς,
2176 4622 2246 4676 ad
2275 4632 2552 4693 utramque
2588 4623 2902 4691 epistolam;
2940 4639 3133 4693 nempe
3178 4626 3304 4694 quia
3348 4627 3401 4682 in

1823 4691 2133 4765 hoccodice
2148 4704 2273 4748 ante
2294 4691 2540 4748 ultimam
2565 4697 2852 4765 epistulam
2878 4694 2981 4747 alia
3007 4691 3219 4762 legitur,
3237 4712 3403 4764 quam

1859 4763 1984 4847 aulo
2019 4772 2143 4847 post
2181 4766 2532 4835 apponimus,
2565 4763 2796 4836 quaeque
2834 4765 2915 4818 sic
2958 4765 3170 4833 incipit,
3208 4767 3259 4819 τε
3294 4784 3402 4821 πα·-

1854 4843 1950 4895 ων,
1982 4843 2087 4888 etc.

1809 4940 1817 4950 .
1891 4902 2002 4972 (15)
2026 4903 2233 4975 εἨιιῶν
2264 4904 2388 4971 τοῖς
2427 4904 2803 4975 σκώμμασιν.
2857 4902 3007 4959 Harl.
3050 4906 3166 4966 τοῖς
3200 4905 3402 4975 ἡμετέ-

1819 4989 1933 5044 ροις
1956 4973 2305 5044 σκώμμασιν.

1889 5043 2002 5113 (16)
2049 5042 2284 5099 Ψαύων.
2327 5044 2404 5098 lla
2450 5054 2561 5099 tres
2607 5042 2967 5099 vetustissimi
3017 5042 3235 5099 codices
3272 5060 3397 5100 cum

1816 5114 2137 5183 Anglicano.
2171 5114 2309 5168 Editi
2344 5115 2438 5184 καὶ
2467 5115 2674 5184 ψαύων.
3001 5182 3023 5184 _
3118 5183 3127 5184 ί
3190 5134 3202 5145 ν

1889 5182 2002 5255 (l7)
2037 5186 2368 5255 Awyarlarr.
2403 5182 2535 5255 Reg.
2588 5184 2862 5240 secundus
2892 5189 2954 5255 et
2986 5182 3152 5255 Coisl.
3198 5197 3398 5239 secun-

1817 5253 1921 5309 dus
1952 5255 2247 5309 δωματίου.
2281 5253 2451 5309 Paulo
2476 5253 2598 5325 post
2627 5256 2761 5311 editi
2788 5253 3068 5320 ὲπανάξει.
3101 5254 3230 5308 Mss.
3257 5263 3316 5308 ut
3338 5255 3399 5312 in

1815 5331 1989 5379 textu.
2894 5370 2898 5376 λ

1890 5394 2013 5467 (18)
2037 5393 2160 5467 Τῶν⁸
2189 5395 2417 5467 αρτόθι.
2452 5394 2587 5467 Reg.
2614 5396 2887 5453 secundus
2919 5403 2974 5453 et
3003 5394 3170 5451 Coisl.
3196 5408 3396 5449 secun-
3448 5438 3471 5453 ,.

1816 5465 1919 5519 dus
1947 5464 2055 5517 τῶν
2084 5465 2310 5519 αὐτόθεν

1887 5538 1904 5555 '
1935 5535 2083 5590 Alias
2112 5533 2288 5587 CLVI.

1809 5644 1817 5651 .
1894 5606 1932 5628 “
1953 5605 2102 5658 Alias
2133 5604 2330 5659 CLVII.

1991 5676 2140 5732 Alias
2182 5673 2405 5731 CLVIII.
