3878 6222
225 318 355 372 1097

1001 318 1487 376 EPISTOLAIIITM
1524 319 1810 378 CLASSIS
1847 319 1934 376 IlI.
1976 319 2194 376 EPIST.
2232 319 2545 378 CCCLVIII.

3327 320 3464 376 1098

214 459 330 526 ζειν
370 457 508 530 μετὰ
548 458 780 529 σοϐαροῦ
830 455 922 514 τοῦ
963 461 1310 534 βαδίσματος,
1341 457 1430 518 οἷά
1461 482 1544 530 τις
1573 466 1786 531 ἀλαζὼν
1818 507 1824 525 ι

1904 464 2060 518 )erbo
2093 479 2286 535 gressu
2319 463 2592 525 incedere,
2633 462 2808 518 instar
2846 459 3086 515 numinis
3116 459 3465 529 jactantioris

210 550 341 613 τοὺς
391 551 601 612 πάντας
641 550 1006 621 περιφρονῶν.
1053 553 1204 606 Ἐπεὶ
1237 551 1328 607 οὖν
1377 556 1471 609 καὶ
1513 557 1595 609 σοι
1648 559 1787 612 κατὰ

217 626 391 710 μέθης
431 640 586 708 λόγος
637 641 964 713 πεπόνηται,
1011 643 1310 716 βουλόμεθα
1354 647 1528 718 τούτῳ
1563 665 1787 720 περιτυ-

211 735 352 800 χεῖν.
402 732 565 785 Ἀλλὰ
613 731 824 803 κομψὸν
872 734 971 804 μὲν
1017 753 1071 788 τι
1096 736 1276 805 λέγειν
1305 738 1405 791 οὐκ
1437 738 1636 792 ἐθέλωο
1669 741 1698 792 ὁ
1733 740 1791 794 δὲ

211 825 372 892 λόγος
402 823 588 894 ὀφθεὶς
617 825 816 892 διδάξει
858 844 926 898 με
957 828 1056 898 τὴν
1087 829 1181 882 τοῦ
1217 830 1394 898 λέγειν
1425 831 1538 903 (24)
1573 833 1788 904 τέχνην.

1895 556 2086 610 om'ncs
2126 555 2549 610 contemnentis.
2583 553 2854 621 Quoniam
2895 554 3062 624 igitur
3098 563 3152 607 et
3193 551 3309 621 ipse
3348 567 3468 606 ora-

1897 649 2100 702 tionem
2135 657 2325 702 contra
2352 648 2674 703 ebrietatem
2701 647 3018 712 elaborasti,
3065 660 3184 701 eam
3213 645 3464 700 volumus

1897 738 2096 808 legere.
2156 737 2366 794 Interea
2438 747 2620 793 tamen
2688 739 2854 808 lepidi
2909 738 3208 808 quidquam
3279 736 3467 791 dicere

1899 831 2025 883 nolo
2059 849 2072 884 ε
2105 831 2196 884 sed
2235 832 2350 900 ipsa
2388 844 2473 885 me
2519 829 2716 894 oratio,
2751 831 2843 885 ubi
2893 845 3011 884 eam
3038 828 3249 894 videro,
3294 835 3468 882 artem

1898 919 2112 974 dicendi
2150 919 2387 975 docebit.

727 1063 1072 1120 ΕΠΙΣΤΟΛΗ
1113 1066 1280 1122 TNE'.

2347 1071 2680 1128 EPISTOLA
2720 1074 2940 1130 CCCLV
2955 1078 2994 1128 '.

1285 1219 1502 1273 Libunius
1530 1220 1714 1273 Basilio
1733 1221 1917 1287 primas
1937 1224 2218 1290 eloquentia:
2241 1226 2410 1289 defert.

683 1301 960 1369 Διόάνιος
998 1306 1316 1368 Buculeio).

2442 1311 2696 1367 Libanius
2727 1313 2952 1368 Basilio.

285 1408 454 1485 Ἀρα,
492 1415 759 1481 Βασίλειε,
797 1418 872 1488 μὴ
902 1418 1000 1481 τὰς
1039 1419 1265 1490 Ἀθήνας
1292 1419 1478 1484 οἰκεῖς,
1510 1421 1604 1473 καὶ
1637 1420 1794 1492 λέλη-

1965 1421 2269 1478 Athenisne
2319 1423 2557 1486 habitas,
2597 1422 2785 1489 Basili,
2830 1433 2884 1480 et
2917 1426 2997 1480 tui
3047 1427 3220 1495 ipsius
3261 1427 3464 1483 oblitus

213 1503 320 1570 θας
366 1507 628 1573 σεαυτόν;
691 1510 764 1562 Οὐ
818 1509 926 1580 γὰρ
983 1511 1094 1564 τῶν
1141 1513 1463 1584 Καισαρέων
1518 1515 1567 1566 οἱ
1611 1515 1795 1578 παῖδες

1904 1512 1999 1568 es?
2043 1512 2162 1566 Non
2202 1513 2347 1567 enim
2387 1513 2808 1567 Caesariensium
2854 1515 2952 1567 lilii
2986 1515 3101 1568 haec
3132 1515 3324 1570 audire
3366 1531 3460 1586 po-

209 1598 390 1652 ταῦτα
437 1600 657 1654 ἀκούειν
693 1602 973 1671 ἠδύναντο.
1035 1604 1101 1656 Ἦ
1134 1604 1350 1672 γλῶττα
1392 1606 1500 1677 γάρ
1551 1623 1642 1678 μοι
1673 1607 1796 1660 τού-

1904 1612 2140 1658 luerunt.
2178 1602 2293 1658 Mea
2342 1603 2486 1657 enim
2521 1604 2705 1673 lingua
2757 1604 2842 1660 his
2898 1614 3118 1660 assueta
3151 1621 3258 1659 non
3300 1617 3460 1660 erat:

209 1707 326 1743 των
369 1690 496 1756 ἐθὰς
551 1693 651 1746 οὐκ
694 1688 794 1763 ἦν·
849 1694 963 1747 ἀλλ’
1009 1694 1248 1766 ὡσπερεί
1289 1713 1412 1749 τινα
1443 1697 1688 1771 κρημνὸν
1719 1698 1795 1752 δι-

1904 1695 1995 1750 sed
2022 1697 2170 1749 velut
2208 1695 2264 1749 in
2292 1695 2557 1764 praecipiti
2594 1695 2828 1766 quodam
2860 1696 2978 1750 loco
3011 1695 3337 1761 incederem,
3368 1711 3464 1752 vo-

211 1783 511 1847 οδεύοντος,
544 1785 812 1856 πληγεῖσα
859 1789 925 1857 τῇ
973 1786 1081 1840 τῶν
1128 1788 1405 1859 ὀνομάτων
1454 1789 1793 1860 καινοτομία,

1904 1803 2020 1843 cum
2057 1790 2300 1843 novitate
2336 1789 2608 1858 perculsa,
2637 1797 2690 1843 et
2725 1789 2859 1843 mihi
2899 1790 3038 1858 patri
3073 1789 3326 1844 dicebat:
3364 1787 3466 1842 l‘a-

214 1874 344 1944 ὲμοί
372 1891 430 1927 τε
456 1875 530 1946 τῷ
559 1879 727 1948 πατρὶ
756 1877 906 1946 ἔλεγε
929 1896 943 1909 ο
969 1879 1172 1950 Πάτερ,
1202 1881 1303 1932 οὐκ
1328 1879 1596 1946 ἐδίδαξας.
1620 1882 1799 1954 Ὄμη-

1904 1891 1996 1944 ter,
2035 1882 2139 1937 ista
2185 1897 2293 1936 non
2328 1883 2562 1937 docuisti
2595 1902 2608 1936 :
2647 1881 2918 1938 IIomerus
2951 1890 3036 1938 est
3070 1884 3156 1938 hic
3202 1883 3308 1946 vir,
3352 1883 3464 1936 imo

217 1983 336 2036 ρος,
388 1961 542 2033 οὗτος
590 1970 749 2042 ἀνὴρ,
787 1971 922 2024 ἀλλὰ
950 1971 1196 2034 Πλάτων,
1240 1973 1355 2026 ἀλλ’
1401 1973 1796 2046 Ἀριστοτέλης,

1904 1973 2070 2038 Plato,
2129 1976 2241 2028 imo
2297 1973 2644 2036 Aristoteles,
2703 1974 2813 2028 imo
2870 1973 3117 2038 Susario,
3176 1975 3269 2045 qui
3324 1975 3462 2029 nihil

215 2057 355 2110 ἀλλὰ
405 2060 712 2132 Σουσαρίων
743 2063 855 2132 (25)
893 2064 920 2117 ὁ
951 2063 1020 2118 τὰ
1051 2065 1227 2118 πάντα
1256 2065 1638 2136 ἐπιστάμενος.
1686 2067 1798 2118 Καὶ

1904 2067 2190 2136 ignoravit.
2227 2065 2407 2136 Atque
2461 2066 2574 2120 hzrc
2623 2066 2844 2136 quidem
2901 2067 3108 2136 lingua.
3164 2065 3244 2120 Tu
3296 2081 3460 2131 vero,

1825 1759 1868 1812 Β

213 2147 394 2202 ταῦτα
429 2150 526 2220 μὲν
573 2151 606 2221 ἡ
650 2151 879 2219 γλῶττα.
918 2153 986 2205 Σὲ
1020 2153 1076 2206 δὲ
1109 2153 1220 2225 εἴη,
1273 2154 1536 2219 Βασίλειε,
1575 2153 1798 2207 τοιαῦτα

1904 2151 2084 2215 Basili,
2109 2151 2271 2205 velim
2300 2150 2525 2206 laudare
2548 2166 2635 2206 me
2660 2151 2836 2221 possis
2860 2152 2930 2206 ob
2959 2153 3111 2206 talia.

217 2239 252 2307 ἡ
258 2239 368 2307 μᾶς
400 2241 660 2296 ἐπαινεῖν.

708 2377 1080 2432 ΕΠΙΣΤΟΛΗ⁶
1107 2377 1298 2444 TNG’.

2377 2369 2715 2425 EI‘ISTOIA
2751 2371 2876 2426 CCC
2886 2371 2995 2426 LVI

694 2491 962 2555 Respondet
987 2491 1201 2544 Basilius
1221 2492 1436 2558 epistola:
1457 2486 1764 2557 prlecedenti,
1786 2498 1930 2551 seque
1950 2483 2244 2549 discipulum
2276 2484 2568 2549 piscatorum
2590 2500 2693 2538 esse
2719 2485 2984 2551 proﬁtetur.

681 2599 1000 2667 Βασίλειος
1041 2602 1315 2667 Λιϐανίῳ.

293 2727 609 2800 Δεχομένοις
654 2732 752 2801 μὲν
782 2733 916 2802 ἡμῖν
944 2731 982 2785 ἃ.
1026 2735 1278 2804 γράφεις,
1308 2731 1484 2803 χαράο
1527 2733 1790 2786 ἀπαιτου-

217 2822 404 2893 μένοις
456 2823 513 2877 δὲ
569 2824 703 2895 πρὸς
750 2824 786 2878 ὃ.
829 2825 1061 2896 γράφεις
1117 2826 1570 2889 άντεπιστέλλειν,
1619 2824 1788 2892 ἀγών.

215 2914 285 2966 Τί
317 2913 423 2985 γὰρ
451 2913 515 2968 ἂν
545 2916 791 2985 είποιμεν
820 2916 958 2987 πρὸς
989 2915 1160 2980 οὕτως
1187 2918 1566 2982 ἁττικίζουσαν
1619 2914 1792 2983 γλῶτ-

213 3021 338 3064 ταν,
373 3003 509 3076 πλὴν
547 3006 626 3059 ὅτι
669 3005 864 3060 ἁλιέων
909 3006 1026 3077 εἰμὶ
1079 3007 1344 3078 μαθητὴς,
1395 3005 1644 3078 ὁμολογῶ
1695 3006 1790 3059 καὶ

213 3094 358 3164 φιλῶ
378 3112 392 3160 ;

729 3253 1077 3307 ΕΠΙΣΤΟΛῘΙ
1114 3252 1263 3306 ΤΝΖ⁹

2423 2593 2659 2650 Basilius
2693 2593 2936 2650 Libanio.

1966 2731 2099 2798 Qua:
2147 2730 2372 2792 scribis.
2435 2731 2648 2801 accipio
2701 2731 2921 2802 quidem
2964 2732 3117 2788 Ianus
3149 2752 3160 2788 :
3191 2733 3284 2789 sed
3335 2735 3463 2790 dum

1895 2826 2090 2896 exigis,
2127 2835 2186 2878 ut
2233 2824 2300 2877 ad
2335 2837 2398 2878 ea
2453 2838 2573 2892 qua:
2618 2823 2912 2892 scripsisti,
2967 2825 3288 2889 rescribam,
3344 2842 3465 2880 sum

1897 2919 2117 2973 anxius.
2151 2915 2290 2982 Quid
2339 2916 2484 2972 enim
2523 2915 2590 2969 ad
2621 2915 2862 2985 linguam
2905 2915 3043 2970 adeo
3073 2916 3462 2971 atticissanteni

1893 3009 2150 3073 dixerim,
2188 3010 2290 3063 nisi
2332 3025 2417 3063 me
2450 3009 2783 3079 piscatorum
2816 3021 2937 3063 esse
2982 3006 3312 3079 discipulum
3342 3024 3464 3079 pro-

1896 3100 2036 3160 ﬁteri
2073 3116 2136 3154 ac
2171 3101 2412 3170 gaudere

2206 3251 2368 3323 (.52
2412 3249 2748 3347 EPISTULA
2782 3251 3057 3308 CCCLVII
3081 3254 3160 3306 η’.

709 3365 859 3430 Rogat
888 3365 1120 3415 Basiliam
1148 3363 1371 3415 Libanius
1392 3370 1443 3416 ut
1463 3362 1556 3415 sibi
1571 3375 1828 3414 mmrorem
1852 3357 2004 3412 solvat
2029 3375 2092 3412 ea;
2114 3361 2280 3426 aliqua
2302 3359 2434 3410 illius
2453 3359 2660 3424 epistola
2681 3370 2972 3426 conceptum.

696 3474 974 3542 Λιϐάνιος
1000 3477 1312 3543 Βασιλείῳ.

291 3605 358 3659 Τί
389 3605 573 3660 παθὼν
603 3607 882 3674 Βασίλειος
910 3609 1262 3681 ἐδυσχέρανεν
1302 3609 1365 3662 τὸ
1409 3609 1663 3680 γράμμα,
1691 3608 1790 3678 τῆς

216 3697 539 3766 φιλοσοφίας
567 3698 628 3751 τὸ
659 3697 982 3770 γνὼρισμα;
1036 3701 1255 3765 Παίζειν
1310 3700 1438 3772 παρ’
1481 3700 1634 3770 ὑμῶν
1685 3699 1792 3752 ὲδι-

213 3788 497 3860 δάχθημεν
516 3807 529 3820 ·
567 3791 681 3844 ἀλλ’
719 3791 868 3862 ὅμως
897 3790 968 3844 τὰ
995 3792 1222 3860 παίγνια
1274 3793 1469 3862 σεμνά,
1501 3792 1596 3844 καὶ
1627 3791 1790 3844 οἱονεὶ

214 3879 382 3951 πολιᾷ
418 3881 716 3952 πρέποντα.
759 3881 920 3934 Ἀλλά
965 3882 1103 3953 πρὸς
1137 3881 1238 3952 τῆς
1271 3881 1452 3951 φιλίας
1485 3882 1656 3952 αὐτῆς
1696 3882 1791 3936 καὶ

212 3966 329 4023 τῶν
376 3970 569 4023 κοινῶν
614 3971 925 4042 διατριϐῶν,
960 3971 1121 4026 λῦσόν
1169 3989 1258 4042 μοι
1301 3973 1400 4044 τὴν
1428 3971 1687 4044 ἀθυμίαν,
1721 3972 1790 4042 ἦν

217 4078 314 4133 μοι
343 4060 526 4115 ἔτεκεν
555 4065 588 4133 ἡ
618 4063 892 4134 ἐπιστολὴ.
929 4104 943 4118 .
981 4108 995 4116 .
1027 4101 1044 4119 .
1083 4101 1099 4117 .
1131 4102 1146 4116 .
1179 4104 1193 4118 .
1231 4106 1245 4118 .
1283 4103 1297 4118 .
1335 4104 1348 4118 .
1387 4107 1401 4120 .
1433 4101 1448 4116 .
1483 4101 1499 4118 .
1539 4101 1555 4116 .
1589 4107 1602 4120 .
1637 4064 1792 4118 οὐδὲν

212 4153 568 4222 διαφέρουσα.

725 4309 1070 4362 ΕΠΙΣΤΟΛΗ
1109 4308 1286 4362 ΤΝΗ’.

2430 3470 2686 3526 Liban‘us
2722 3471 2948 3528 Basilio.

1963 3604 2107 3672 Quid
2141 3619 2340 3674 passus
2377 3605 2615 3661 Basilius
2659 3608 2886 3661 moleste
2932 3608 3056 3662 tulit
3088 3609 3314 3670 litteras.
3349 3610 3465 3678 phi-

1890 3696 2154 3767 losophiae
2183 3697 2505 3767 specimen?
2529 3696 2739 3753 Ludere
2767 3713 2798 3751 a
2831 3700 2986 3755 vobis
3017 3701 3197 3756 edocti
3232 3717 3421 3757 sumus
3448 3721 3462 3758 :

1891 3798 2274 3844 verumtamen
2318 3790 2531 3844 ludicra
2584 3791 2770 3860 gravia
2808 3801 2958 3855 sunt,
2998 3809 3061 3848 ac
3111 3795 3275 3848 veluti
3323 3795 3466 3848 cani-

1892 3881 2022 3935 tiem
2053 3880 2322 3935 decentia.
2373 3880 2482 3936 Sed
2521 3898 2618 3952 per
2665 3882 2960 3937 amicitiam
3006 3885 3176 3954 ipsam
3219 3900 3465 3940 commu-

1893 3987 2103 4041 nesque
2128 3973 2373 4040 scholas,
2405 3974 2540 4028 mihi
2572 3976 2721 4029 solve
2753 3989 3066 4040 maerorem,
3107 3991 3266 4044 quem
3297 3991 3462 4045 pepe-

1897 4064 1970 4117 rit
2007 4064 2140 4118 mihi
2165 4065 2434 4135 epistola,
2480 4081 2509 4118 a
2555 4105 2567 4118 .
2612 4105 2627 4121 .
2675 4108 2690 4121 .
2736 4107 2750 4122 .
2794 4105 2808 4118 .
2852 4105 2868 4120 .
2913 4108 2926 4121 .
2968 4082 3306 4138 nequaquam
3357 4067 3462 4122 dii-

1899 4156 2101 4212 ferens.

2287 4309 2622 4366 EPISTOLA
2659 4309 2947 4367 CCCLVIII
2971 4316 3076 4366 “".

473 4443 611 4495 Dolet
637 4440 858 4494 Libanius
879 4441 1008 4507 quod
1041 4455 1136 4491 non
1161 4440 1352 4491 sitcum
1380 4441 1591 4498 Basilio;
1615 4441 1885 4507 gratulatur
1914 4440 2042 4506 quod
2069 4441 2304 4502 juvenum
2323 4453 2492 4490 curam
2515 4439 2744 4492 suadente
2767 4443 2950 4492 Alcimo
2969 4451 3247 4505 susceperit.

694 4550 970 4616 Λιὸἁνιος
1001 4550 1315 4615 Βασιλείῳ.

304 4680 362 4737 Ὠ
403 4684 608 4755 χρόνων
653 4684 896 4747 ἐκείνων,
930 4687 988 4737 ὲν
1017 4679 1098 4747 οἷς
1146 4685 1215 4736 τά
1247 4685 1422 4737 πάντα
1445 4679 1587 4755 ἦμεν
1631 4685 1797 4753 ἀλλή-

2425 4549 2678 4603 Libanius
2713 4551 2935 4605 Basilio.

1966 4686 2012 4741 Ο
2044 4693 2288 4757 tempora
2323 4685 2435 4748 illa,
2475 4689 2676 4758 quibus
2708 4699 2904 4743 cuncta
2945 4689 3175 4743 invicem
3219 4706 3459 4745 eramus.

217 4775 366 4838 Αοιςι
416 4775 529 4828 Νῦν
581 4774 919 4844 διῳκίσμεθα
967 4773 1215 4844 πικρῶς·
1261 4774 1417 4842 ὑμεῖς
1451 4775 1548 4845 μὲν
1582 4774 1795 4844 ἔχοντες

1904 4781 2053 4836 Nunc
2104 4782 2299 4837 acerbe
2341 4782 2576 4852 sejuncti
2616 4799 2852 4840 sumus:
2886 4799 2984 4838 vos
3035 4783 3252 4853 quidem
3304 4785 3461 4840 vobis

214 4866 518 4937 ἀλλήλους’
577 4866 689 4934 ἐγὼ
737 4865 793 4917 δὲ
841 4863 955 4917 ἀνθ’
1008 4863 1161 4934 ὑμῶν
1209 4859 1309 4916 οἷοί
1349 4881 1452 4935 περ
1497 4865 1653 4934 ὑμεῖς
1703 4864 1824 4916 οὐ-ζ

1904 4881 2084 4926 mutuo
2119 4872 2312 4940 potiti;
2347 4887 2450 4942 ego
2477 4888 2610 4928 vero
2640 4888 2740 4942 pro
2765 4873 2922 4927 vobis
2950 4872 3219 4928 neminem
3253 4873 3459 4928 habens

213 4956 369 5013 δένα.
401 4956 503 5010 Τὸν
540 4955 596 5009 δὲ
645 4955 905 5026 Ἀλκιμον
937 4953 1119 5007 ἀκούω
1149 4953 1216 5006 τὰ
1242 4953 1375 5006 νέων
1413 4955 1470 5006 ὲν
1506 4957 1651 5024 γήρᾳ
1677 4953 1790 5006 τολ-

219 5050 353 5120 μᾷν,
380 5049 473 5101 καὶ
502 5047 637 5118 πρὸς
673 5047 770 5117 τὴν
807 5045 1026 5117 Ῥώμην
1062 5044 1344 5107 πέτεσθαι,
1385 5043 1677 5115 περιθέντα.
1706 5062 1790 5097 σοι

213 5137 312 5190 τὸν
343 5136 436 5189 τοῦ
484 5139 716 5188 συνεῖναι
761 5138 872 5197 τοῖς
903 5134 1206 5206 παιδαρίοις
1252 5134 1430 5186 πόνον.
1484 5134 1554 5186 Σὺ
1599 5134 1674 5196 δὲ,
1721 5133 1791 5186 τά

212 5245 278 5280 τε
327 5225 462 5280 ἄλλα
506 5226 682 5298 πρᾶός
715 5243 821 5288 τις,
873 5227 967 5280 καὶ
1002 5225 1158 5278 τοῦτο
1197 5225 1364 5288 οἴσεις
1403 5226 1463 5278 οὑ
1503 5225 1788 5296 χαλεπῶς⁹

213 5317 342 5372 ἐπεὶ
374 5318 467 5372 καὶ
509 5319 640 5390 ἡμῖν
678 5317 770 5371 τοῦ
799 5319 1005 5390 γράψαι
1032 5319 1294 5390 πρότερον
1317 5319 1417 5373 οὐκ
1447 5318 1602 5389 ἔσχες
1627 5319 1790 5389 χαλε-

215 5427 357 5472 πως.

434 5582 544 5660 [οὗ
564 5583 782 5660 λέγειν.
922 5601 1056 5660 mss.
1077 5595 1302 5660 septem.
1318 5587 1471 5660 Editi
1486 5589 1578 5660 rqu
1601 5589 1781 5660 λόγου.

290 5652 798 5776 (25).Σοιίσαρίων.
832 5653 1117 5720 Μεάἱεεξιιε
1140 5652 1317 5713 codex
1353 5652 1678 5731 Σουδαρίωνζ

299 5727 319 5746 ⁹
339 5724 492 5779 Alias
513 5721 666 5777 (.LXI
699 5765 710 5780 .

539 5815 808 5878 ΡΑτιιοι..
855 5817 971 5880 Gn.
1004 5819 1268 5883 XXXII.

1890 4964 2055 5018 vestri
2086 4963 2343 5021 similem.
2376 4963 2549 5018 Porro
2575 4963 2841 5018 Alcimum
2879 4964 3041 5018 audio
3082 4980 3168 5018 res
3195 4965 3458 5033 juvenum

1892 5054 1948 5107 in
1993 5062 2275 5110 senectute
2320 5055 2542 5119 audere,
2575 5062 2631 5110 et
2682 5055 2749 5109 ad
2780 5053 3008 5108 Romam
3056 5056 3258 5120 volare,
3303 5065 3456 5124 post-

1892 5160 2054 5214 quam
2101 5160 2227 5200 enm
2261 5145 2507 5201 laborem
2551 5146 2652 5198 tibi
2693 5147 2975 5216 imposuit,
3007 5157 3066 5201 ut
3113 5163 3236 5201 cum
3271 5149 3458 5218 pueris

1893 5252 2142 5292 maneas.
2176 5236 2257 5291 Tu
2293 5253 2444 5302 vero,
2477 5253 2601 5292 cum
2634 5239 2781 5293 circa
2813 5240 2916 5293 alia
2950 5257 3166 5310 quoque
3205 5255 3458 5296 mansue-

1894 5337 1985 5382 tus
2020 5330 2118 5391 sis,
2157 5328 2259 5382 hoc
2287 5329 2452 5383 etiam
2487 5344 2596 5384 non
2637 5345 2780 5399 aegre
2812 5330 2987 5396 feres;
3021 5333 3458 5401 quandoquidem

1898 5434 2000 5475 nec
2027 5421 2315 5474 molestum
2361 5421 2458 5476 tibi
2495 5420 2616 5488 fuit,
2658 5432 2716 5476 ut
2748 5422 2816 5477 ad
2857 5439 2957 5480 nos
2986 5425 3136 5494 prior
3163 5425 3457 5480 scriberes.

1968 5599 2012 5618 “
2038 5597 2187 5651 Alias
2214 5597 2449 5656 CLXIII-

1965 5668 2414 5793 :::'I'3|;igotelerii
2446 5667 2768 5726 Monument.
2793 5669 2888 5726 Ec.
2920 5671 3010 5728 Gr.
3046 5681 3086 5727 t.
3121 5671 3186 5738 Il,
3218 5688 3274 5744 p.
3300 5670 3388 5728 96.

3056 5836 3133 5897 35
