3878 6222
409 284 544 344 1099

841 394 1179 451 EPISTULA
1220 394 1471 450 CCCLIX
1499 398 1535 448 ‘.

1776 282 1833 338 S.
1874 280 2117 338 BASILII
2154 280 2370 337 MAGNI

3520 282 3645 337 ιιοο

2594 390 2942 447 summa
2980 392 3187 467 ΤΝθν.

464 534 718 589 Silentium
736 531 931 584 Libanio
947 534 1206 597 exprobrat
1227 531 1456 589 Basilius,
1477 546 1618 597 seque
1636 531 1703 583 ait
1728 531 2137 644 libenter'gteum
2158 531 2444 590 volutarum,
2468 532 2512 582 si
2537 532 2729 591 liceret;
2747 532 2831 582 sed
2861 544 2970 581 cum
2991 527 3043 580 id
3062 545 3155 581 non
3180 530 3338 593 liceat,
3355 544 3590 583 ternm

2026 610 2124 644 ere.

1955 609 2124 645 tutere.

932 704 1168 761 Basilius
1197 703 1448 759 Libanio.

473 820 557 877 Tu
586 819 803 892 quidem
833 818 925 889 qui
966 818 1276 889 universam
1309 824 1554 872 veterum
1586 824 1761 870 artem
1792 820 1887 868 tua
1915 810 1993 868 in'

405 922 588 970 mente
616 909 960 970 conclusisti,
991 908 1182 962 tandiu
1213 898 1365 971 siles,
1394 906 1531 961 adeo
1561 912 1622 960 ut
1651 921 1721 960 ne
1756 906 1811 959 in
1839 903 1976 959 litte-

405 1007 484 1061 ris
506 1002 723 1074 quidem
758 1001 962 1071 aliquid
992 1000 1132 1055 lucri
1159 999 1433 1055 concedas
1466 999 1646 1055 nobis.
1672 998 1787 1068 Ego
1820 1012 1970 1061 vero,

407 1098 453 1153 si
484 1105 599 1149 tuta
628 1094 765 1150 foret
799 1093 1001 1148 Daedali
1031 1109 1144 1154 ars,
1180 1092 1249 1146 ad
1276 1100 1328 1146 te
1354 1090 1653 1147 venissem.
1689 1088 1973 1143 fabricatis

404 1189 544 1245 Icari
598 1188 721 1241 alis.
766 1184 1037 1240 Attamen’
1058 1184 1316 1255 quoniam
1350 1199 1461 1237 non
1496 1183 1624 1236 licet
1654 1196 1837 1236 ceram
1869 1181 1973 1235 soli

404 1283 778 1345 committere;
812 1294 913 1348 pro
932 1277 1117 1333 Icariis
1141 1278 1262 1335 alis.
1293 1277 1450 1331 mitto
1479 1277 1547 1331 ad
1573 1284 1623 1330 te
1654 1289 1938 1330 sermones
1956 1314 1971 1340 ,

405 1375 499 1446 qui
534 1373 826 1429 ostendant
875 1370 1170 1425 amicitiam
1204 1376 1469 1425 nostram.
1512 1366 1638 1423 Haec
1670 1374 1754 1423 est
1791 1374 1971 1422 autem

406 1475 603 1522 natura
657 1477 999 1525 sermonum,
1050 1468 1109 1515 ut
1157 1460 1354 1515 animae
1400 1459 1703 1515 insidentes
1758 1472 1974 1512 amores

405 1557 735 1612 manifestos
764 1554 992 1609 faciant.
1027 1554 1206 1622 Atque
1238 1552 1355 1606 haec
1405 1551 1626 1623 quidem
1655 1558 1969 1608 sermones.

407 1648 491 1703 Tn
513 1663 645 1702 vero
702 1644 995 1701 adduxeris
1049 1658 1143 1699 eos
1188 1658 1520 1713 quocunque
1570 1641 1760 1708 voles;
1812 1648 1974 1709 alque

408 1741 576 1796 tantis
608 1738 817 1794 viribus
848 1736 1130 1807 praeditus,
1159 1743 1332 1791 taces.
1366 1733 1568 1789 Verum
1595 1734 1662 1787 ad
1703 1746 1806 1787 nos
1836 1745 1975 1801 quo-

405 1848 512 1902 que
539 1845 851 1887 sermonum
878 1828 1057 1885 fontes
1088 1826 1348 1897 transfer,
1380 1827 1477 1897 qui
1505 1843 1573 1882 ex
1599 1840 1694 1881 ore
1721 1831 1818 1877 tuo
1845 1837 1975 1894 pro-

404 1924 606 1980 ﬂuunL

850 2055 1189 2114 EPISTULA
1229 2052 1524 2110 CCCLX“.

2549 704 2868 768 Βασίλειος
2911 703 3166 766 Λιϐανίῳ

2144 816 2217 868 Σὺ
2254 817 2355 887 μὲν
2395 816 2526 888 ὃλην
2551 817 2649 889 τὴν
2691 817 2801 871 τῶν
2830 816 3074 873 παλαιῶν
3110 817 3310 889 τέχνην
3341 819 3402 870 ἐν
3427 819 3494 888 τῇ
3526 834 3643 871 σαυ-

2073 902 2169 961 τοῦ
2215 909 2580 973 κατακλείσας
2629 910 2858 981 διανοίᾳ,
2889 909 3143 963 τοσοῦτον
3189 910 3369 979 σιγᾷς,
3415 908 3490 973 ὡς
3534 910 3642 979 μηδ

2075 1002 2133 1052 ἐν
2175 1000 2482 1063 ἐπιστολαῖς
2513 1003 2644 1071 ἡμῖν
2676 1001 2877 1055 διδόναι
2908 1019 2958 1055 τι
3003 1000 3331 1071 κερδαίνειν.
3394 1000 3534 1070 Ἐγὼ
3570 1001 3642 1063 δέ,

2075 1090 2231 1159 εἴπερ
2281 1084 2349 1158 ἦν
2404 1075 2645 1156 ἀσφαλὲς
2694 1092 2729 1161 ἡ
2777 1090 2871 1144 τοῦ
2922 1088 3244 1144 διδασκάλου
3297 1088 3411 1160 (26)
3469 1088 3643 1159 τέχνη,

2072 1178 2237 1253 ἦλθον
2289 1183 2355 1236 ἂν
2406 1182 2559 1254 παρὰ
2597 1184 2702 1243 σοὶ,
2749 1184 3111 1255 ποιησόμενος
3168 1182 3383 1251 Ἰκάρου
3433 1181 3641 1250 πτερόν.

2087 1275 2225 1329 Ἀλλ’
2269 1278 2417 1345 ὅμως
2464 1275 2649 1347 ἐπειδὴ
2682 1274 2783 1328 οὐκ
2811 1274 2925 1327 ἔστι
2971 1271 3262 1327 πιστεῦσαι
3298 1272 3432 1344 ἡλίῳ
3462 1273 3642 1344 κηρὸν,

2073 1368 2194 1421 ἀντὶ
2248 1367 2354 1421 τῶν
2416 1367 2624 1438 Ἰκάρου
2669 1364 2914 1435 πτερῶν,
2964 1363 3263 1417 ἐπιστέλλω
3310 1380 3395 1417 σοι
3441 1362 3644 1430 λόγους,

2073 1458 2385 1521 δεικνύντας
2438 1458 2567 1527 τὴν,
2595 1457 2869 1528 ἡμετέραν
2912 1454 3109 1524 φιλίαν.
3162 1452 3329 1516 Φύσις
3357 1452 3416 1505 δὲ
3451 1452 3640 1519 λόγων,

2077 1548 2355 1620 μηνύουσα
2388 1548 2514 1611 τοὺς
2541 1547 2684 1601 κατὰ
2716 1545 2894 1617 ψυχὴν
2920 1545 3149 1617 ἔρωτας.
3179 1544 3293 1597 Καὶ
3329 1543 3512 1597 ταῦτα
3556 1545 3646 1613 μὲν

2073 1642 2123 1693 οἱ
2165 1638 2331 1707 λόγοι.
2366 1638 2438 1690 Σὺ
2490 1637 2686 1698 αὐτοὺς
2717 1637 2872 1704 ἄγοις
2920 1636 3055 1689 ὅπου
3098 1633 3310 1705 βούλει·
3357 1635 3455 1686 καὶ
3502 1633 3649 1704 τηλι-

2075 1730 2267 1784 κοῦτον
2299 1730 2499 1800 κράτος
2525 1727 2879 1799 κεκτημένος,
2912 1728 3141 1797 σιωπᾷς.
3188 1725 3351 1778 Ἀλλὰ
3382 1726 3647 1797 μετάστη-

2077 1841 2167 1877 σον
2192 1824 2283 1876 καὶ
2309 1823 2394 1892 ἐφ’
2421 1822 2568 1893 ἡμᾶς
2607 1821 2708 1884 τὰς
2733 1821 2842 1874 άπὸ
2869 1818 2963 1873 τοῦ
2999 1818 3269 1888 στόματός
3298 1835 3395 1871 σου
3430 1817 3539 1871 τῶν
3560 1816 3647 1870 λό-

2074 1933 2186 1972 γων
2212 1914 2413 1985 πηγάς.

2609 2042 2955 2096 ΕΠΙΣΤΟΛΗ
3003 2041 3122 2093 ΤΞν.

930 2167 1002 2217 De
1024 2171 1189 2216 sancta
1213 2161 1450 2213 Trinitate
1472 2168 1516 2213 et
1539 2157 1898 2221 Incarnatione,
1919 2163 2195 2210 sanctorum
2216 2153 2528 2217 invocatione,
2547 2167 2807 2221 εονιιηιφιε
2827 2151 3110 2219 imaginibus

633 2274 719 2329 Ex
739 2271 966 2345 epistola
994 2271 1064 2326 ad
1087 2270 1369 2325 Iulianum
1407 2270 1735 2340 Apostatam.

481 2441 794 2499 Secundum
842 2442 1251 2495 immaculatam
1303 2440 1461 2496 ﬁdem
1509 2440 1971 2506 Christianorum,

407 2550 570 2609 quam
611 2534 878 2590 divinitus
921 2546 1118 2588 sumus
1148 2532 1330 2586 sortiti
1378 2532 1666 2597 conﬁteor,
1720 2538 1774 2586 et
1802 2538 1976 2587 testor

405 2644 492 2682 me
519 2627 742 2681 credere
775 2627 831 2680 in
867 2641 1036 2680 unum
1067 2624 1237 2680 Deum
1260 2624 1481 2707 Patrem
1524 2626 1971 2697 omnipotentem,

408 2720 580 2774 Deum
606 2718 847 2783 Patrem,
883 2717 1054 2773 Deum
1087 2717 1306 2785 Filium,
1346 2716 1514 2773 Deum
1554 2716 1816 2789 Spiritum
1848 2733 1976 2773 San-

404 2818 557 2864 ctum
588 2829 602 2866 :
634 2825 801 2865 unum
834 2807 1027 2874 Deum,
1056 2809 1161 2863 tria
1207 2808 1379 2864 adoro
1409 2816 1463 2865 et
1493 2810 1758 2880 gloriﬁco.
1791 2808 1975 2864 Conli-

402 2908 525 2956 teor
552 2909 729 2955 autem
759 2911 812 2956 et
838 2900 960 2955 Filii
996 2902 1054 2955 in
1087 2916 1256 2956 carne
1284 2902 1768 2971 dispensationem,
1797 2911 1851 2957 et
1878 2902 1974 2958 Dei

413 2993 744 3049 Gcnitricem
776 3005 1021 3050 sanctam
1060 2994 1305 3058 Mariam,
1340 3011 1461 3066 quae
1488 2997 1638 3049 illum
1670 3000 1972 3052 secundum

409 3100 629 3141 carnem
665 3086 895 3156 peperit.
928 3086 1182 3156 Sn'scipio
1209 3096 1386 3141 autem
1416 3095 1472 3142 et
1502 3095 1724 3143 sanctos
1754 3098 1976 3157 aposto-

408 3176 513 3238 los,
546 3177 842 3247 prophetas
882 3187 938 3232 et
968 3184 1273 3249 martyres;
1306 3184 1359 3232 et
1395 3179 1459 3233 ad
1494 3180 1972 3249 supplicationem,

407 3282 529 3337 qua:
561 3266 620 3320 ﬁt
648 3266 782 3333 Deo,
810 3267 912 3321 bos
945 3268 1161 3330 invoco,
1190 3276 1249 3322 ut
1280 3283 1376 3338 per
1408 3254 1527 3332 eos,
1564 3269 1619 3324 id
1662 3278 1766 3332 est,
1798 3270 1973 3333 inter-

407 3360 720 3414 ventionem
747 3374 961 3421 eorum,
1001 3360 1269 3429 propitius
1292 3360 1453 3432 463
1484 3360 1615 3414 mihi
1647 3363 1718 3416 sit
1758 3364 1975 3418 miseri-

408 3465 537 3507 cors
572 3450 737 3515 Deus,
784 3457 840 3505 et
880 3451 1204 3506 delictorum
1254 3454 1387 3505 mihi
1437 3451 1743 3523 redemptio
1778 3454 1890 3515 ﬁat.
1920 3462 1975 3510 et

398 3541 769 3598 condonetur.
803 3540 959 3596 Unde
993 3550 1047 3597 et
1069 3541 1417 3599 characteres
1459 3544 1754 3614 imaginum
1784 3560 1973 3601 eorum

2008 2274 2051 2328 Β
2091 2265 2191 2318 Ἐκ
2231 2262 2341 2332 τῆς
2387 2261 2719 2331 ἐπιστολῆς
2753 2262 2940 2318 αὑτοῦ
2977 2262 3126 2332 πρὸς
3176 2264 3510 2319 Ἰουλιανόν
3553 2266 3655 2319 τὸν

2690 2332 3056 2401 παραϐάτην.

2148 2444 2306 2498 Κατὰ
2331 2445 2431 2517 τὴν
2468 2444 2650 2498 θεόθεν
2681 2445 3199 2516 ἐπικεκληρωμένην
3239 2448 3376 2516 ἡμῖν
3419 2444 3652 2516 suam-

2072 2552 2166 2590 τον
2205 2534 2387 2589 πίστιν
2434 2534 2543 2588 τῶν
2576 2534 2918 2606 Χριστιανῶν
2948 2536 3194 2607 ὁμολογῶ
3226 2537 3321 2590 καὶ
3366 2536 3653 2605 συντίθημι

2075 2626 2353 2680 πιστεύειν
2381 2626 2461 2691 είς
2489 2626 2587 2681 ἐνα
2620 2627 2752 2680 Θεὸν
2788 2627 3007 2698 Πατέρα
3041 2629 3480 2698 παντοκράτορα,
3528 2628 3655 2681 Θεὸν

2072 2718 2166 2771 τὸν
2215 2717 2431 2789 Πατέρα
2456 2760 2471 2783 ,
2516 2717 2649 2773 Θεὸν
2695 2718 2787 2771 τὸν
2834 2718 2993 2781 Υἱὸν,
3041 2718 3175 2772 Θεὸν
3224 2718 3286 2770 τὸ
3332 2717 3559 2788 Πνεῦμα
3597 2719 3659 2770 τὺ

2078 2810 2268 2878 ἅγιον·
2315 2810 2412 2863 ἕνα
2449 2809 2616 2874 Θεὸν,
2661 2808 2731 2862 τὰ
2775 2809 2903 2880 τρία
2956 2808 3244 2879 προσκυνῶ
3291 2810 3390 2863 καὶ
3430 2809 3654 2875 δοξάζω.

2084 2902 2367 2973 Ὀμολογῶ
2397 2902 2453 2956 δέ
2481 2902 2576 2956 καὶ
2608 2903 2707 2975 τὴν
2737 2902 2831 2955 τοῦ
2866 2902 2994 2954 Υίοῦ
3030 2902 3293 2973 ἐνσαρκον
3322 2903 3654 2971 οἰκονομίαν,

2075 2995 2169 3048 καὶ
2195 2994 2454 3048 Θεοτόκον
2487 2995 2586 3065 τὴν
2612 2994 2757 3048 κατὰ
2795 2995 2972 3065 σάρκα
3012 2992 3279 3047 τεκοῦσαν
3311 2993 3479 3046 αὑτὸν
3502 2994 3657 3060 ἁγίαν

2074 3089 2314 3160 Μαρίαν.
2358 3089 2596 3160 Δέχομαι
2640 3090 2697 3143 δὲ
2744 3091 2837 3143 καὶ
2891 3091 3018 3154 τοὺς
3071 3090 3261 3158 ἁγίους
3301 3092 3655 3152 amatam;

2075 3164 2380 3254 προφήτας,
2433 3182 2525 3235 καὶ
2570 3182 2871 3253 μάρτυρας,
2924 3183 3017 3235 καὶ
3067 3184 3148 3244 εἰς
3192 3182 3291 3252 τὴν
3345 3183 3487 3253 πρὸς
3529 3183 3658 3235 Θεὸν

2078 3272 2285 3326 ἱκεσίαν
2327 3272 2554 3337 τούτους
2601 3273 2988 3344 ἐπικαλοῦμαι,
3019 3274 3112 3326 τοῦ
3152 3274 3220 3327 δι’
3251 3275 3458 3337 αὐτῶν,
3494 3278 3660 3343 ἧτοιν

2072 3361 2162 3415 διὰ
2188 3365 2285 3433 τῆς
2313 3364 2591 3434 μεσιτείας
2616 3364 2812 3427 αὐτῶν,
2851 3364 3009 3417 ἴλεὼν
3039 3382 3128 3436 μοι
3171 3366 3431 3433 γενέσθαι
3456 3370 3548 3420 τὸν
3571 3385 3659 3435 φι-

2074 3455 2391 3527 λάνθρωπον
2433 3458 2585 3518 Θεὸν,
2631 3458 2724 3511 καὶ
2768 3457 2961 3529 λύτρον
3008 3476 3098 3528 μοι
3140 3459 3251 3512 τῶν
3296 3461 3656 3531 πταισμάτων

2074 3548 2326 3616 γενέσθαι
2377 3550 2473 3603 καὶ
2518 3549 2770 3621 δοθῆναι·
2815 3552 2936 3604 ὅθεν
2988 3553 3081 3605 καὶ
3127 3554 3254 3615 τοὺς
3299 3558 3657 3624 χαρακτῆρας

408 3633 621 3689 honoro
648 3641 702 3690 et
743 3634 964 3689 osculor
1002 3633 1220 3697 eximie,
1253 3647 1381 3688 cum
1429 3634 1515 3689 hae.
1556 3636 1771 3690 tradita:
1800 3637 1911 3692 sint
1942 3652 1973 3691 a

2083 3637 2185 3693 τῶν
2215 3640 2434 3694 εἰκόνων
2461 3640 2642 3695 αὐτῶν
2666 3641 2812 3713 τιμῶ
2853 3644 2949 3696 καὶ
2997 3645 3310 3714 προσκυνῶ,
3362 3649 3485 3700 κατ’
3513 3648 3642 3711 iiut.

398 3724 616 3781 sanctis
656 3724 942 3795 apostolis,
974 3739 1075 3778 nec
1104 3726 1216 3779 sint
1245 3725 1557 3795 prohibita},
1608 3727 1720 3781 imo
1758 3728 1813 3783 in
1853 3743 1973 3783 om-

406 3818 569 3875 nibus
591 3817 841 3874 ecclesiis
869 3819 1077 3874 nostris
1106 3818 1336 3889 depictas
1363 3820 1496 3877 sint.

834 4062 1169 4120 EPISTOLA
1198 4014 1537 4121 CCCLXI“;.

404 4173 736 4239 Apblinarium
755 4175 959 4240 consulit
976 4184 1142 4240 auctor
1163 4176 1377 4240 epistolis
1396 4180 1458 4229 de
1482 4177 1605 4230 usit:
1621 4185 1670 4230 et
1687 4180 1965 4235 substantiae
1982 4199 2009 4235 v

765 4239 939 4298 [utetur
961 4236 1115 4301 magis
1135 4236 1328 4301 placere
1351 4252 1495 4302 quam
1515 4241 1926 4295 consubstantiale.
1949 4248 1987 4296 G

1012 4345 1345 4411 Apolinario.

472 4453 701 4509 Domino
753 4470 872 4510 meo
934 4456 1386 4514 reverendissimo
1420 4459 1761 4531 Apolinario,
1813 4464 1969 4521 Basi-

2077 3746 2232 3803 ρετον
2284 3731 2490 3786 τούτων
2538 3733 2987 3805 παραδεδομένων
3030 3739 3097 3790 ἐκ
3149 3736 3261 3791 τῶν
3304 3740 3482 3807 ἁγίων
3524 3742 3658 3793 ἀπο-

2080 3821 2301 3889 στὸλὼν,
2324 3827 2419 3878 καὶ
2442 3826 2542 3880 οὐκ
2571 3828 3053 3900 ἀπηγορευμένων,
3076 3829 3190 3882 ἀλλ’
3220 3832 3278 3882 ἐν
3312 3831 3517 3895 πάσαις
3537 3836 3656 3894 tui;

2078 3915 2395 3986 ἐκκλησίαις
2422 3919 2580 3991 ἡμῶν
2611 3920 2816 3974 τούτων
2843 3923 3332 3994 ἁνιστορουμένων.

2591 4083 2938 4137 ΕΠΙΣΤΟΛΗ
2966 4082 3132 4137 ΤΞΑ’.

2012 4167 2299 4265 οςιιίιιιλιίεάσ
2320 4189 2914 4265 delconsubstantialiiac
2945 4192 3038 4244 sibi
3057 4191 3216 4265 simile
3240 4194 3345 4246 sine
3366 4193 3654 4246 diser-im:

1992 4251 2235 4312 regorium
2252 4251 2471 4303 sodalem
2493 4268 2604 4305 cum
2634 4251 2914 4315 parentibus
2934 4270 3038 4307 esse
3074 4255 3277 4306 nuntiat.

2655 4362 3064 4431 Ἀπολιναρίφ.

2144 4467 2235 4539 Τῷ
2261 4468 2493 4542 δεσπότῃ
2530 4488 2630 4541 μου
2664 4472 3070 4545 αἰδεσιμωτάτῳ
3118 4474 3502 4545 ’Δπολιναρξῳ,
3537 4476 3651 4528 Βα-

350 4538 359 4543 ’
400 4546 528 4602 lius.
570 4545 739 4602 Antea
777 4546 993 4617 quidem
1057 4548 1124 4602 ad
1172 4559 1223 4604 te
1252 4551 1320 4606 de
1377 4552 1511 4607 locis
1557 4552 1965 4624 Seripturarum

2083 4538 2285 4621 τίλειος.
2340 4538 2611 4632 Πρότερον
2635 4562 2737 4630 μέν
2763 4538 2999 4635 σοι-’περὶ
3034 4538 3142 4618 τῶν
3163 4565 3222 4616 ἐν
3250 4538 3653 4636 ταῖς-Γ

394 4638 653 4693 obscuris
704 4639 1023 4708 scripsimus
1057 4678 1072 4704 ,
1133 4648 1188 4694 et
1262 4642 1438 4711 gavisi
1489 4660 1679 4701 sumus
1738 4653 1863 4700 tum
1895 4647 1963 4701 de

2083 4649 2294 4720 ὶσαφῶν
2338 4652 2751 4724 ἐπεστέλλομεν,
2814 4655 2910 4709 καὶ
2967 4657 3403 4728 ηὖφραινὸμεθα.
3448 4653 3527 4721 οἷς
3590 4675 3653 4710 τε

394 4729 849 4798 responsionibus
880 4731 1009 4795 tuis,
1053 4738 1166 4785 tum
1209 4732 1277 4787 de
1308 4733 1614 4802 promissis.
1652 4733 1811 4792 Nunc
1834 4753 1964 4793 vero

2083 4738 2331 4811 Ξπεμπες,
2354 4737 2435 4805 οἷς
2457 4759 2515 4795 τε
2563 4743 2845 4815 ὑπισχνοῦ.
2874 4746 2987 4800 Νῦν
3023 4747 3081 4800 δὲ
3114 4748 3317 4817 μείζων
3345 4751 3477 4819 ἡμῖν
3501 4750 3651 4820 ὑπὲρ

394 4819 573 4887 major
618 4820 778 4875 nobis
810 4821 958 4875 circa
996 4822 1203 4891 majora
1244 4837 1374 4878 cura
1406 4824 1691 4891 incumbit,
1753 4828 1808 4882 in
1856 4845 1964 4900 qua

2083 4830 2329 4895 ιειζόνων
2359 4832 2392 4902 ἡ
2415 4833 2632 4903 φροντὶς
2659 4834 3053 4906 προσελήλυθεν
3071 4877 3084 4896 .
3120 4837 3197 4900 εἰς
3226 4838 3294 4907 ἥν
3314 4837 3505 4891 οὐδένα
3524 4819 3652 4890 ετξ-

394 4911 561 4965 alium
639 4911 908 4967 neminem
980 4912 1123 4968 inter
1172 4914 1336 4986 hujus
1384 4919 1650 4987 temporis
1707 4920 1960 4977 homines

2083 4940 2157 4976 ›ον
2195 4921 2390 4994 ἔχομεν
2418 4926 2476 4977 ἐν
2506 4929 2618 4989 τοῖς
2646 4925 2740 4979 νῦν
2771 4926 3097 4997 ἀνθρώποις,
3122 4928 3366 4981 τοιοῦτον
3387 4930 3653 4982 κοινωνὸν

393 5000 661 5057 habemus
684 5040 700 5066 ,
744 5001 1017 5070 ejusmodi
1065 5015 1399 5065 consortem.
1429 5017 1484 5063 et
1536 5010 1914 5066 auxiliatorem
1940 5053 1956 5078 ,

2083 5015 2161 5068 (αἱ
2195 5016 2502 5086 προστάτην
2524 5016 2970 5081 ἐπικαλέσασθαι,
2995 5019 3176 5071 ὁποῖόν
3208 5035 3269 5070 σε
3293 5020 3388 5073 καὶ
3415 5023 3474 5072 ἐν
3504 5019 3654 5088 γνὼ-

392 5092 462 5147 ad
499 5108 659 5163 quem
703 5108 1080 5157 recurramns,
1129 5099 1343 5166 qualem
1392 5109 1442 5154 le
1488 5102 1650 5157 nobis
1685 5102 1831 5158 Deus
1862 5105 1956 5159 de-

2083 5122 2149 5159 rat
2199 5106 2295 5159 καὶ
2332 5108 2411 5159 ἐν
2462 5106 2606 5178 λόγῳ
2633 5107 2835 5178 ἀκριϐῆ
2876 5126 2937 5161 τε
2966 5108 3102 5179 ὁμοῦ
3140 5110 3234 5162 καὶ
3267 5110 3654 5183 εὐπρόσιτονὸ

392 5185 505 5247 dit,
539 5190 593 5238 et
623 5183 856 5239 scientia
896 5199 1259 5257 sermoneque
1307 5199 1649 5257 accuratum,
1683 5195 1957 5265 simulque

2083 5195 2194 5264 35b;
2226 5198 2357 5267 ἡμῖν
2386 5198 2715 5269 ἐδωρήσατο.
2758 5200 2910 5252 Ἐπεὶ
2941 5196 3035 5253 οὖν
3073 5202 3122 5254 οἱ
3152 5202 3334 5255 πάντα
3355 5202 3651 5274 φύροντες.

390 5289 617 5330 accessu
680 5273 913 5330 facilem.
971 5273 1108 5329 Eum
1164 5293 1297 5349 ergo
1332 5281 1366 5334 ii
1398 5283 1493 5351 qui
1524 5293 1723 5337 cuncta
1754 5285 1956 5354 permi-

2083 5288 2157 5341 ιαὶ
2200 5290 2373 5357 λόγων
2422 5289 2517 5341 καὶ
2564 5287 2889 5360 ζητημάτων
2927 5290 3024 5362 τὴν
3069 5293 3397 5364 οἰκουμένην
3432 5273 3655 5364 pali;

389 5372 579 5425 seent.
620 5380 685 5420 ac
722 5366 1065 5423 sermonibus
1094 5371 1600 5447 quaestionibusque
1635 5376 1824 5432 orbem
1869 5392 1959 5434 re-

2083 5395 2273 5444 ῖαντες,
2295 5380 2359 5433 τὸ
2380 5379 2481 5450 τῆς
2498 5380 2684 5445 οὐσίας
2713 5381 2906 5452 ὄνομα,
2928 5381 3003 5447 ὡς
3026 5381 3311 5455 ἀλλότριον
3336 5387 3447 5439 τῶν
3478 5384 3654 5440 θείων

461 5555 865 5649 ξαξξεςριεξξεξί
886 5562 1214 5624 Honument.
1248 5568 1396 5628 Eccl.
1433 5570 1530 5632 Gr.
1563 5581 1605 5630 t.
1645 5573 1711 5643 II,
1734 5591 1793 5649 p.
1824 5575 1914 5633 97.

464 5576 865 5648 -.n.x_u0tetertt
886 5576 1214 5624 Monument.
1248 5576 1396 5628 Eccl.
1433 5576 1530 5632 Gr.
1563 5581 1605 5630 t.
1645 5576 1711 5643 ll,
1734 5591 1793 5649 p.
1824 5576 1914 5633 97.
2128 5580 2195 5601 *θ’
2237 5577 2310 5632 Ex
2344 5577 2584 5633 Monum.
2617 5576 2765 5633 Eccl.
2799 5576 2893 5632 Gr.
2925 5587 2964 5631 t.
2996 5577 3061 5642 ll,
3090 5594 3141 5649 p.
3172 5578 3261 5635 84.

464 5629 481 5650 “
528 5627 678 5683 Alias
704 5630 858 5689 ιον.
2130 5646 2392 5689 malum:
2447 5648 2700 5689 Amasis"
2755 5649 3025 5689 nni-IIII-

2130 5646 2244 5721 (26)
2269 5647 2417 5705 Fort.
2444 5648 2722 5705 Δαιδάλου.
2755 5649 3028 5706 Cornua.
