3878 6222
206 311 337 368 “Ol

1049 303 1536 362 EPISTOLARUM
1573 303 1857 363 CLASSIS
1886 304 1975 363 111.
2014 304 2239 363 EPIST.
2277 303 2570 364 CCCLXII.

3320 314 3461 371 1102

204 426 422 496 λογίων,
459 423 733 491 ἐξέϐαλον,
784 421 1126 490 καταξίωσον
1168 429 1302 499 ἡμῖν
1338 429 1598 499 σημᾶναι,
1631 429 1780 493 ὅπως

1888 427 2056 499 plent,
2108 429 2246 486 usiae
2272 444 2369 486 seu
2426 429 2754 486 substantiae
2785 445 3009 497 nomen,
3040 431 3189 489 velut
3215 432 3457 490 alienum

202 535 265 571 τε
282 518 334 571 oi
366 518 600 589 πατέρες
620 516 771 587 αὐτῷ
787 517 1109 590 ἐχρήσαντο,
1138 523 1234 575 καὶ
1256 523 1305 574 εί
1337 522 1587 595 μηδαμοῦ
1620 516 1779 596 εὗρες

202 611 264 663 ὲν
290 611 358 681 τῇ
391 608 583 681 Γραφῇ
608 608 878 679 κείμενον.
904 611 1008 665 Τὸν
1030 611 1139 684 γὰρ
1172 612 1445 667 ἐπιούσιον
1469 614 1653 686 ἄρτον,
1686 617 1781 669 καὶ

200 699 295 753 τὸν
326 697 454 752 λαὸν
475 699 565 751 τὸν
585 697 915 769 περιούσιον,
944 701 1040 755 καὶ
1067 699 1124 753 εί
1156 717 1211 753 τι
1238 699 1501 766 τοιοῦτον,
1528 700 1604 764 ὡς
1630 700 1782 754 οὐδὲν

202 790 395 861 ἔχοντα
426 790 605 844 κοινὸν
636 788 1008 845 διαπτύουσιν.
1042 791 1276 845 Ἔπειτα
1316 790 1498 862 μέντοι
1525 790 1622 844 καὶ
1654 790 1783 862 περὶ

201 882 370 936 αὐτοῦ
399 880 494 935 τοῦ
514 880 799 953 ὁμοουσίου
824 875 905 951 (οὗ
937 881 1124 936 ἕνεκεν
1153 880 1394 953 ἡγοῦμαι
1412 879 1585 934 ταῦτα
1610 898 1778 935 κατα-

205 973 495 1039 σκευάζειν
541 974 758 1038 αὐτοὺς,
783 972 992 1043 βαθέως
1022 973 1121 1044 τὴν
1161 973 1350 1027 οὐσίαν
1378 972 1780 1037 διαϐάλλοντας,

202 1064 349 1136 ὑπὲρ
380 1064 476 1118 τοῦ
522 1063 789 1137 μηδεμίαν
818 1062 1001 1137 χώραν
1031 1065 1110 1135 τῷ
1141 1065 1411 1137 ὀμοουσίῳ
1441 1064 1781 1138 καταλιπεῖν)

199 1154 477 1210 διαλαϐεῖν
506 1158 638 1227 ἡμῖν
676 1155 1010 1228 πλατύτερον
1048 1156 1358 1227 βουλήθητι,
1389 1157 1510 1212 τίνα
1539 1157 1639 1230 τὴν
1667 1157 1784 1210 διά-

202 1267 354 1305 νοιαν
386 1250 519 1322 ἔχει,
550 1251 644 1305 καὶ
705 1250 822 1314 πῶς
859 1250 925 1304 ἂν
957 1250 1126 1319 ὑγιῶς
1172 1250 1404 1320 λέγοιτο,
1435 1253 1521 1322 ἐφ’
1556 1245 1632 1306 ὧν
1658 1251 1782 1305 οὐτε

199 1343 360 1413 γένος
404 1343 580 1398 κοινὸν
636 1343 1030 1416 ὑπερκείμενον
1081 1343 1385 1415 θεωρεῖται,
1428 1343 1552 1398 οὔτε
1601 1344 1783 1399 ὑλικὸν

200 1434 565 1504 ὑποκείμενον
592 1436 964 1508 προϋπάρχον,
1006 1436 1108 1489 οὐκ
1128 1435 1510 1509 ἀπομερισμὸς
1531 1435 1626 1490 τοῦ
1654 1454 1784 1506 προ-

198 1526 373 1598 τέρου.
398 1528 479 1590 εἰς
505 1527 568 1581 τὸ
612 1526 882 1598 δεύτερον.
908 1525 1034 1590 Πῶς
1065 1521 1157 1580 οὖν
1179 1526 1286 1598 χρὴ
1307 1526 1486 1596 λέγειν
1502 1526 1785 1598 ὁμοούσιον

199 1615 298 1669 τὸν
335 1615 464 1669 Υίὸν
498 1614 578 1687 τῷ
614 1616 812 1687 Πατρὶ,
835 1617 916 1680 εἰς
947 1616 1218 1689 μηδεμίαν
1257 1615 1465 1693 ἔννοιαν
1502 1616 1611 1670 τῶν
1633 1620 1785 1690 εἰρη-

204 1707 386 1778 μένων
445 1708 885 1771 καταπίπτοντας
909 1747 926 1772 ,
995 1708 1221 1779 θέλησον
1272 1709 1404 1779 ἡμῖν
1453 1708 1785 1780 πλατύτερον

1883 533 1913 571 a
1944 518 2120 574 sacris
2168 519 2365 575 litteris
2419 520 2703 589 ejecerint,
2736 519 2966 591 dignare
3004 523 3318 595 signiﬁcare
3350 526 3459 578 mi-

1882 607 1938 662 bi
1973 648 1989 673 ,
2029 624 2140 679 quo
2188 621 2352 680 pacto
2382 608 2575 666 Patres
2602 626 2670 666 eo
2716 613 2801 666 usi
2850 613 3058 669 fuerint
3090 656 3106 683 ,
3146 624 3204 671 et
3234 631 3302 670 an
3336 618 3462 671 nul-

1862 700 1980 777 libi
2039 702 2099 757 in
2151 701 2439 773 Scriptura
2494 702 2773 761 inveneris
2824 707 3087 776 positum.
3165 706 3301 762 Nam
3360 724 3461 780 pa-

1881 804 2009 844 nem
2051 789 2260 845 dictum
2295 791 2588 856 ἐπιούσιον,
2629 800 2684 848 et
2732 796 2994 864 populum
3048 797 3379 869 περιούσιον,
3407 807 3462 854 et

1883 880 1932 934 si
1966 881 2098 951 quid
2123 881 2323 946 simile,
2357 885 2516 952 quasi
2561 883 2699 937 nihil
2735 885 2974 939 habeant
3006 886 3095 940 hic
3133 902 3459 951 commune,

1883 968 2185 1040 despuunt.
2216 970 2427 1028 Deinde
2460 988 2590 1029 vero
2640 984 2695 1029 et
2724 974 2791 1029 de
2842 977 2963 1046 ipso
2996 977 3460 1033 consubstantiali

1885 1061 2133 1134 (propter
2161 1064 2308 1133 quod
2345 1074 2476 1136 puto
2503 1081 2600 1122 eos
2651 1067 2758 1122 ista
2811 1068 3119 1132 adornarc,
3185 1069 3280 1140 qui
3330 1073 3464 1126 sub-

1884 1159 2140 1211 Stantiam
2197 1159 2419 1228 penitus
2478 1159 2850 1230 transﬁgunl,
2905 1167 2963 1216 ut
3013 1163 3222 1217 nullum
3276 1164 3461 1219 locum

1883 1241 2202 1311 relinquant
2290 1243 2874 1315 consubstantialitati)
2939 1247 3251 1315 disceptare
3300 1249 3463 1304 nobis

1883 1328 2064 1386 fusius
2122 1333 2277 1396 velis,
2348 1349 2510 1404 quem
2565 1349 2787 1390 sensum
2830 1336 3048 1399 habeat,
3084 1346 3139 1392 et
3187 1338 3464 1408 quomodo

1884 1424 2180 1480 salubriter
2228 1422 2544 1495 proferatur
2574 1463 2590 1488 ,
2636 1424 2696 1479 iu
2734 1425 2940 1490 rebus,
3006 1426 3063 1481 in
3122 1428 3325 1498 quibus
3365 1446 3467 1486 nec

1882 1533 2055 1588 genus
2091 1530 2384 1572 commune
2435 1517 2848 1587 superpositum
2899 1518 3180 1585 cernitur,
3214 1536 3317 1575 nec
3344 1536 3458 1574 ma-

1885 1602 2077 1656 teriale
2128 1601 2437 1671 subjectum
2463 1601 2619 1671 prius
2662 1601 2962 1664 exsistens,
2997 1618 3101 1658 nec
3148 1604 3467 1659 distributio

1884 1693 2049 1764 primi
2107 1692 2163 1747 in
2223 1695 2550 1757 secundum.
2609 1693 2730 1760 Qua
2770 1693 2939 1764 igitur
2968 1695 3184 1751 ratione
3217 1698 3470 1765 oporteat

197 1796 556 1869 διαρθρῶσαι.
616 1798 807 1869 Ἡμεῖς
842 1799 939 1870 μὲν
977 1798 1087 1870 γὰρ
1119 1796 1519 1870 ὑπειλήφαμεν,
1552 1800 1689 1872 ὅπερ
1712 1800 1778 1854 ἂν

1888 1785 2061 1840 dicere
2091 1782 2289 1838 Filium
2344 1781 2495 1837 Patri
2548 1784 3099 1851 consubstantialem,
3160 1787 3217 1841 in
3252 1787 3465 1841 nullum

198 1881 343 1942 εἶναι
375 1888 495 1942 καθ’
540 1890 794 1943 ὑπόθεσιν
830 1889 923 1943 τοῦ
969 1891 1182 1963 Πατρὺς
1205 1892 1363 1945 οὐσία
1393 1890 1595 1963 ληφθῇ,
1626 1890 1786 1944 τοῦτο

201 1977 345 2035 εἶναι
383 1979 603 2046 πάντως
637 1983 936 2050 ἀναγκαῖον
958 1984 1052 2038 καί
1084 1984 1184 2055 τὴν
1226 1982 1319 2038 τοῦ
1351 1982 1481 2037 Υἱοῦ
1505 1982 1786 2055 λαμϐάνε-

200 2072 353 2126 σθαι.
392 2072 554 2127 Ὠστε
600 2074 650 2126 εί
703 2090 820 2141 quo;
841 2074 1052 2147 νοητὸν,
1104 2075 1294 2142 ἀΐδιον,
1340 2075 1654 2147 ἀγέννητον,
1685 2074 1785 2147 τὴν

197 2164 296 2220 τοῦ
329 2165 542 2238 Πατρὸς
596 2165 783 2221 οὐσίαν
835 2184 918 2231 τις
967 2167 1143 2237 λέγοι,
1180 2167 1297 2238 φῶς
1346 2168 1558 2240 νοητὸν,
1592 2168 1783 2233 ἀΐδιον,

197 2257 482 2327 γεννητὸν,
517 2257 613 2311 καὶ
637 2257 738 2329 τὴν
765 2258 861 2312 τοῦ
888 2259 1228 2329 Μονογενοῦς
1258 2260 1447 2314 οὐσίαν
1476 2260 1609 2333 ἐρεῖ.
1640 2261 1786 2333 Πρὸς

196 2349 259 2402 δὲ
318 2348 415 2420 τὴν
462 2348 720 2422 τοιαύτην
776 2349 984 2405 ἔννοιαν
1023 2351 1172 2406 δοκεῖ
1209 2369 1300 2422 μοι
1342 2353 1376 2424 ἡ
1411 2350 1504 2406 τοῦ
1539 2352 1787 2424 ἀπαραλ-

198 2438 417 2502 λάκτως
462 2438 645 2509 ὁμοίου
677 2438 830 2510 φωνὴ
882 2439 1081 2511 μᾶλλον
1120 2440 1265 2511 ἥπερ
1290 2442 1324 2511 ὴ
1372 2439 1466 2494 τοῦ
1498 2440 1783 2508 ὁμοουσίου

197 2531 516 2603 ἁρμόττειν.
560 2529 680 2593 Φῶς
723 2529 831 2602 γὰρ
887 2532 1029 2600 φωτὶ
1084 2531 1356 2604 μηδεμίαν
1394 2533 1454 2586 ὲν
1479 2531 1558 2603 τῷ
1586 2531 1786 2604 μᾶλλον

200 2624 301 2678 καὶ
321 2618 485 2695 ἦττον
522 2622 620 2693 τὴν
667 2622 930 2694 διαφοράν
974 2623 1118 2694 ἕχον,
1156 2623 1354 2677 ταυτὸν
1380 2623 1479 2695 μὲν
1507 2624 1608 2677 οὐκ
1644 2618 1785 2677 εἶναι

201 2712 362 2785 (διότι
388 2715 446 2766 ὲν
474 2714 582 2785 ἰδία
608 2717 925 2786 περιγραφῇ
954 2714 1055 2785 τῆς
1081 2715 1270 2780 οὐσίας
1308 2716 1456 2768 ἐστὶν
1478 2715 1782 2788 ἑκάτερον),

199 2807 390 2878 ὅμοιον
436 2807 495 2860 δὲ
546 2808 667 2860 κατ’
705 2807 895 2861 οὐσίαν
926 2806 1172 2880 ἀκριϐῶς
1214 2807 1667 2879 ἀπαραλλάκτως,
1694 2806 1787 2877 ὀρ-

198 2898 317 2962 θῶς
349 2896 417 2953 ἂν
472 2893 628 2970 οἶμαι
677 2898 950 2968 λέγεσθαι.
986 2900 1110 2954 Εῖτε
1141 2895 1234 2953 οὖν
1254 2898 1458 2963 ταύτας
1486 2899 1592 2972 χρὴ
1616 2898 1787 2952 διαλέ-

199 2988 399 3058 γεσθαι
443 2988 542 3053 τὰς
587 2990 815 3055 ἐννοίας,
837 2989 949 3044 εἴτε
992 2989 1187 3062 ἐτέρας
1211 2988 1430 3062 μείζους
1453 2989 1784 3054 ἀντιλαϐεῖν,

196 3080 281 3145 ὡς
314 3080 475 3149 σοφὸς
534 3082 717 3153 ἰατρὸς
757 3082 875 3151 (καὶ
920 3082 1028 3155 γὰρ
1059 3082 1399 3155 ὲξεφήναμέν
1427 3099 1508 3135 σοι
1535 3081 1607 3135 τὰ
1638 3084 1695 3135 ὲν
1718 3084 1782 3153 τῇ

1884 1873 2272 1945 praedictorum
2336 1890 2602 1930 sensuum
2657 1875 2996 1942 incidendo,
3050 1876 3137 1932 fac
3187 1887 3244 1932 ιιι
3308 1880 3469 1935 nobis

1884 1962 2155 2031 prolixius
2218 1963 2480 2034 explices.
2555 1963 2668 2020 Nos
2719 1966 2991 2036 siquidem
3046 1967 3466 2035 existimamus,

1884 2054 2152 2124 quidquid
2217 2070 2283 2111 ex
2336 2055 2629 2128 hypotbesi
2661 2095 2679 2122 ,
2744 2056 2925 2113 Patris
2983 2059 3290 2115 substantia
3344 2077 3469 2117 esse

1884 2153 2155 2210 sumatur,
2197 2145 2341 2201 idem
2406 2148 2634 2204 omnino
2675 2165 2797 2205 esse
2827 2158 2883 2204 et
2937 2151 3307 2206 substantiam
3344 2152 3468 2209 Filii

1887 2238 2032 2292 sumi
2062 2240 2378 2294 necessario
2410 2240 2650 2308 debere;
2706 2241 2844 2297 adeo
2877 2251 2953 2303 ut.
2976 2243 3021 2313 si
3057 2246 3183 2314 quis
3209 2246 3469 2302 substan-

1882 2331 2017 2385 tiam
2067 2330 2246 2388 Patris
2279 2333 2638 2413 appellaverit
2683 2332 2868 2391 lumen
2908 2334 3013 2391 sub
3050 2338 3468 2411 intelligentiam

1883 2424 2125 2487 cadens,
2183 2433 2473 2491 aeternum,
2509 2426 2862 2499 ingenitum;
2908 2428 3187 2502 Unigeniti
3246 2449 3467 2505 quoque

1884 2514 2252 2570 substantiam
2305 2527 2602 2574 vocaturos
2633 2519 2706 2574 sit
2764 2520 2950 2577 lumen
2998 2522 3102 2576 sub
3156 2522 3470 2593 intelligen-

1884 2605 2015 2659 tiam
2052 2606 2280 2672 cadens,
2324 2615 2613 2674 aeternum,
2665 2611 2934 2682 genitum.
2988 2612 3048 2667 In
3100 2612 3251 2669 hunc
3300 2629 3471 2685 porro

1884 2713 2109 2755 sensum
2160 2702 2292 2754 mihi
2336 2684 2815 2773 videturfvocem
2870 2705 3061 2759 similis
3102 2707 3215 2761 sine
3276 2684 3471 2761 discri-

1884 2792 2023 2845 mine
2054 2833 2069 2857 ,
2138 2794 2309 2869 magis
2358 2778 2705 2877 congruere,
2767 2812 2932 2866 quam
2983 2812 3168 2852 vocem
3243 2799 3471 2852 consub-

1884 2883 2175 2939 stantialis.
2246 2872 2383 2940 Nam
2416 2872 2547 2941 'lux'
2580 2904 2703 2957 qua:
2734 2905 2858 2943 cum
2907 2890 3028 2945 lucc
3070 2891 3275 2945 nullam
3308 2892 3471 2946 habet

1886 2977 2191 3031 secundum
2222 2979 2396 3048 magis
2424 2987 2479 3034 et
2517 2983 2702 3038 minus
2751 2982 3136 3049 differentiam,
3171 2992 3319 3040 recte
3344 2986 3470 3053 qui-

1886 3068 2011 3123 dem
2043 3084 2162 3123 mea
2226 3056 2501 3127 sententia
2541 3072 2652 3127 dici
2705 3082 2902 3144 potest,
2964 3089 3073 3129 non
3106 3075 3297 3130 eadem
3346 3091 3472 3132 esse

201 3139 535 3243 "éPafq'liva
571 3139 668 3245 μέν
697 3139 1015 3246 άείρωστοῦν
1044 3139 1224 3238 ἴασαι,
1252 3139 1314 3227 τέ
1340 3174 1397 3228 δὲ
1423 3173 1622 3247 σαθρὸν
1651 3139 1785 3227 iam:

1888 3175 2012 3214 cum
2068 3161 2201 3222 illa:
2244 3139 2805 3232 quandoquidem—in
2863 3164 3086 3235 propria
3146 3165 3468 3222 substantiae

202 3262 488 3334 στήριξον·
542 3265 707 3318 παντὶ
748 3265 808 3318 δὲ
859 3266 1048 3339 τρόπῳ
1099 3265 1398 3336 βεϐαίωσον
1443 3267 1612 3337 ἡμᾶς.
1643 3265 1785 3329 Τοὺς

204 3353 352 3424 μετά
398 3355 501 3426 τῆς
560 3356 848 3421 εὐλαϐείας
893 3374 986 3412 σου
1020 3358 1283 3429 ἀδελφοὺς
1318 3358 1653 3427 ἀσπάζομαι,
1692 3357 1786 3409 καὶ

201 3440 347 3509 ἀξιῶ
378 3442 516 3513 μετὰ
543 3444 639 3499 σοῦ
683 3444 934 3516 εὔχεσθαι
966 3448 1106 3519 ὑπὲρ
1152 3446 1309 3518 ήμῶν
1332 3486 1347 3510 ,
1381 3446 1468 3500 ἵνα
1500 3445 1783 3516 σωθῶμεν.

214 3532 285 3586 '0
308 3535 521 3606 ἑταῖρος
558 3536 877 3610 Γρηγόριος,
905 3538 997 3592 τὸν
1022 3537 1162 3609 μετά
1210 3538 1318 3591 τῶν
1352 3537 1554 3606 γονέων
1599 3536 1787 3606 ἑλόμε-

201 3640 301 3689 νος
345 3624 459 3695 βίον
484 3666 500 3691 ,
541 3628 725 3692 αὐτοῖς
773 3628 1041 3686 σύνεστιν.
1084 3629 1375 3698 ’Υγιαίνων
1441 3626 1785 3681 ὲπιπλεῖστον

204 3714 540 3787 φυλαχθείης
583 3717 733 3787 ἡμῖν,
775 3715 1001 3786 ὠφελῶν
1034 3718 1183 3789 ἡμᾶς
1205 3716 1302 3770 καὶ
1332 3716 1453 3778 ταῖς
1476 3715 1663 3784 εὐχαῖς
1688 3715 1786 3768 καὶ

202 3809 275 3878 τῇ
301 3805 518 3876 γνώσει.

1889 3252 2343 3337 determinatione
2384 3264 2615 3327 utraque
2667 3258 2962 3325 consistit;
3015 3258 3110 3314 sed
3151 3260 3351 3315 similis
3383 3277 3471 3316 se-

1890 3347 2130 3402 cundum
2163 3347 2529 3403 substantiam
2562 3349 2812 3405 absolute
2856 3365 2922 3405 ac
2970 3367 3069 3422 per
3097 3352 3304 3406 omnia.
3346 3351 3473 3407 Sive

1891 3453 2024 3509 ergo
2058 3439 2159 3494 bas
2210 3450 2467 3510 oporteat
2505 3442 2688 3512 eloqui
2748 3445 3111 3514 cogitationes
3141 3484 3156 3507 ,
3188 3446 3304 3501 sive
3334 3447 3473 3501 alias

1892 3530 2133 3599 majores
2173 3546 2494 3595 assumere,
2545 3543 2606 3589 tu
2650 3542 2913 3605 tanquam
2966 3537 3178 3605 peritus
3225 3538 3473 3593 medicus

1893 3621 2015 3690 (tibi
2056 3622 2202 3676 enim
2252 3638 2376 3693 quae
2398 3624 2565 3679 corde
2585 3626 2830 3699 gerimus
2863 3623 3096 3680 fecimus
3135 3626 3470 3697 manifesta),

1891 3714 2040 3783 quod
2091 3714 2315 3784 quidem
2355 3731 2564 3787 aegrum
2609 3724 2693 3773 est
2724 3732 2881 3781 sana,
2941 3718 3087 3786 quod
3139 3734 3266 3774 vero
3296 3720 3475 3777 debile

1893 3800 2152 3868 sutl‘ulci;
2202 3804 2354 3859 omni
2400 3813 2583 3859 autem
2644 3804 2809 3859 modo
2844 3804 3112 3859 conﬁrma
3156 3820 3277 3859 nos.
3336 3803 3473 3858 Fra-

202 3910 324 3958 tres
351 3903 443 3973 qui
475 3910 566 3957 tua
599 3918 724 3958 cum
765 3904 966 3974 pietate
1006 3902 1214 3974 degunt
1270 3902 1471 3966 saluto,
1512 3908 1567 3957 et
1622 3915 1782 3972 rogo,
1820 3910 1883 3954 ut
1937 3914 2049 3955 una
2078 3906 2261 3955 tecum
2291 3914 2391 3971 pro
2422 3900 2583 3956 nobis
2635 3907 2815 3966 orent,
2867 3915 2979 3970 quo
3045 3900 3277 3955 salutem
3345 3912 3475 3951 con-

204 3996 955 4070 sequamur.£.6&.Sodalis
983 3997 1301 4069 Gregorius,
1369 3997 1546 4052 electa
1596 4009 1721 4050 cum
1782 3995 2108 4066 parentibus
2139 3995 2290 4060 vita,
2338 3995 2483 4067 apud
2535 4009 2633 4051 eos
2670 4002 2774 4048 est.
2816 3993 2997 4051 Sanus
3052 3994 3119 4049 ad
3178 3994 3473 4066 plurimum

202 4102 426 4164 tempus
449 4094 797 4151 conserveris
821 4094 1004 4161 nobis,
1029 4093 1298 4165 adiuvans
1326 4107 1428 4149 nos
1447 4100 1504 4149 et
1527 4091 1786 4163 precibus
1822 4100 1880 4148 et
1899 4090 2173 4186 doctrina.

718 4251 912 4308 ΕΠΙΣῖ
924 4252 1064 4306 ΟΛΗ
1111 4252 1279 4309 ΤΞΒν.

2352 4246 2692 4304 EPISTOLA
2711 4248 3030 4306 CCCLXII‘.

202 4406 542 4476 Respondetur
561 4409 860 4476 prandenti
881 4408 1120 4476 epistolae,
1142 4414 1189 4462 et
1207 4408 1450 4476 quomodo
1472 4412 1626 4463 Pater
1643 4416 1691 4462 et
1715 4407 1878 4462 Filius
1898 4420 2050 4461 suum
2068 4404 2167 4459 sint
2185 4404 2463 4472 exponitur,
2481 4402 2719 4470 exemplis
2734 4419 2762 4457 e
2777 4410 2955 4457 natura
2974 4406 3185 4458 humana
3199 4404 3439 4460 adductis.

605 4556 915 4626 Βασιλείᾳ)
955 4557 1393 4630 Ἀπολινάριος.

275 4692 545 4758 Φιλοθέως
605 4692 908 4760 πιστεύεις,
950 4695 1047 4750 καὶ
1094 4694 1393 4766 φιλολόγως
1441 4697 1645 4765 ζητεῖς,
1689 4694 1788 4751 καὶ

201 4785 343 4858 παρ’
368 4785 523 4857 ἡμῶν
549 4785 612 4839 τὸ
658 4786 942 4859 πρόθυμον
975 4788 1249 4859 ὀφείλεται
1285 4788 1375 4843 διὰ
1405 4788 1507 4858 τὴν
1542 4790 1784 4862 ἀγάπην,

200 4881 257 4935 εί
288 4879 385 4934 καὶ
408 4879 470 4933 τὸ
502 4878 684 4933 ἱκανὸν
716 4877 796 4950 τῷ
826 4878 971 4951 λόγῳ
1003 4880 1078 4952 μὴ
1118 4879 1324 4943 ἕποιτο,
1356 4879 1446 4935 διά
1472 4897 1531 4933 τε
1558 4879 1621 4934 τὸ
1646 4879 1786 4952 ὴμέ-

199 4987 366 5043 τερον
391 4969 588 5036 ἐνδεὲς,
613 4969 707 5023 καὶ
720 4970 782 5024 τὸ
817 4970 910 5025 τοῦ
942 4972 1267 5044 πράγματος
1296 4971 1592 5043 ὑπερφυές.
1611 4971 1787 5026 Οὐσία

203 5064 330 5136 μία,
360 5061 460 5117 οὐκ
494 5061 714 5135 ἀριθμῷ
762 5062 922 5135 μόνον
971 5063 1210 5133 λέγεται,
1244 5063 1433 5136 ὥσπερ
1461 5062 1659 5133 λέγεις,
1692 5065 1788 5117 καὶ

198 5157 265 5212 τὸ
291 5158 350 5209 ὲν
386 5156 484 5227 μιᾷ
520 5158 857 5227 περιγραφῇ,
891 5154 1028 5210 ἀλλά
1064 5157 1157 5210 καὶ
1191 5155 1336 5220 ἰδίως
1367 5153 1669 5228 ἀνθρώπων
1694 5154 1789 5209 δύο

199 5249 303 5304 καὶ
332 5246 492 5302 ἄλλου
520 5246 738 5301 ὁτουοῦν
766 5247 875 5301 τῶν
906 5247 1052 5302 κατὰ
1077 5247 1232 5317 γένος
1257 5244 1580 5318 ἐνιζομένων
1598 5261 1613 5275 ’
1646 5244 1788 5299 ὥστε

198 5342 383 5413 ταύτῃ
407 5356 472 5408 γε
494 5340 587 5393 καὶ
617 5338 711 5393 δύο
736 5339 833 5393 καὶ
865 5339 1087 5394 πλείονα
1111 5338 1223 5410 (27)
1254 5339 1447 5393 ταυτὸν
1476 5334 1617 5393 εἶναι
1646 5338 1788 5392 κατά

198 5432 306 5504 τὴν
327 5430 538 5490 οὐσίαν,
577 5430 714 5485 καθὸ
747 5431 843 5485 καὶ
875 5431 1076 5495 πάντες
1103 5431 1379 5504 ἅνθρωποι
1418 5430 1589 5503 Ἀδάμ
1616 5433 1784 5500 ἐσμεν

200 5519 289 5586 εἷς
306 5522 486 5585 ὅντες,
528 5521 624 5574 καὶ
662 5520 829 5574 Δαϐιδ
848 5522 878 5575 ὁ
904 5519 998 5574 τοῦ
1022 5520 1185 5575 Δαϐιδ
1206 5520 1344 5586 υἱὸς,
1374 5521 1451 5584 ὡς
1482 5518 1677 5574 ταυτὸν
1709 5515 1787 5573 ῶν

280 5696 397 5765 (27)
430 5696 581 5757 Fort.
617 5698 883 5765 πλείονας.
909 5698 1112 5758 ϐοτη.

1820 4567 1870 4625 D

2354 4554 2565 4612 Basilio
2593 4553 2962 4624 Apolinarius.

1964 4689 2040 4746 Ut
2078 4688 2176 4745 Dei
2203 4690 2497 4744 amantem
2538 4686 2722 4743 virum
2754 4685 2913 4741 decet
2960 4686 3161 4753 credis,
3194 4697 3249 4742 et
3281 4694 3343 4741 ut
3374 4686 3474 4742 do-

1893 4781 2087 4836 ctrina:
2129 4778 2416 4835 studiosus
2451 4779 2695 4850 quaeris;
2732 4786 2896 4849 atque
2933 4791 2964 4831 a
2994 4777 3156 4832 nobis
3186 4783 3474 4847 promptus

1892 4875 2110 4930 animus
2161 4874 2394 4930 debetur
2419 4883 2645 4945 propter
2673 4871 3028 4936 cbaritatem,
3083 4871 3210 4925 licet
3241 4870 3471 4925 scientia

1894 4964 2170 5023 sullicicns
2221 4980 2333 5021 non
2361 4971 2628 5035 sequatur
2657 5001 2673 5028 ,
2714 4976 2841 5017 cum
2869 4961 2940 5016 ob
2973 4961 3330 5033 indigentiam
3371 4976 3472 5015 no-

1894 5065 2065 5116 stram
2094 5095 2112 5122 ,
2141 5064 2258 5111 tum
2282 5055 2354 5113 ob
2380 5055 2460 5111 rei
2484 5054 2929 5110 immensitatem.
2981 5050 3100 5107 Una
3140 5052 3469 5115 substantia,

1893 5169 2008 5209 non
2063 5165 2298 5207 numero
2342 5151 2521 5207 solum
2569 5148 2795 5209 dicitur,
2845 5146 3306 5217 quemadmodum
3362 5145 3468 5207 ais,

1893 5256 1949 5303 et
1984 5247 2131 5317 quod
2180 5252 2267 5300 est
2315 5244 2371 5299 in
2446 5257 2558 5298 una
2616 5240 3106 5304 determinatione;
3151 5238 3247 5294 sed
3304 5238 3472 5293 etiam

1892 5337 2115 5409 proprie
2168 5336 2403 5391 duorum
2458 5332 2741 5388 hominum
2795 5340 2852 5387 et
2904 5330 3131 5387 alterius
3185 5328 3415 5401 cuiusve
3447 5369 3465 5391 ,

1894 5431 1989 5502 qui
2019 5431 2075 5486 in
2121 5444 2320 5501 genere
2348 5428 2664 5484 adunantur
2695 5443 2709 5480 :
2743 5424 2822 5480 ita
2872 5432 2932 5479 ut
2975 5424 3079 5479 hac
3122 5423 3334 5480 ratione
3352 5422 3469 5477 ‘duo

1894 5536 1961 5579 ac
2008 5522 2198 5592 plures
2258 5518 2405 5575 idem
2449 5517 2563 5575 sint
2603 5515 2907 5574 secundum
2948 5516 3356 5584 substantiam;
3408 5515 3467 5570 in

1964 5702 1984 5727 ⁶
2012 5697 2094 5756 Ex
2130 5702 2457 5755 Monument.
2489 5695 2640 5755 Eccl.
2672 5695 2766 5753 Gr.
2800 5704 2844 5753 t.
2884 5694 2952 5764 ιι,
2984 5709 3040 5767 p.
3073 5692 3165 5754 86.
