3878 6222
422 330 553 384 “(l3

1734 323 1785 379 Β.
1832 320 2074 378 BASILII
2115 321 2326 376 MAGM

3530 322 3661 374 iit}!

416 458 679 521 qttantnm
720 455 911 503 omnes
969 445 1218 501 homines
1262 444 1432 501 Adam
1478 462 1689 516 smnus,
1719 448 1812 515 qui
1846 463 1986 501 unus

2099 447 2315 517 ὲκεὶνῳο
2343 443 2485 500 καθά
2519 444 2718 498 καὶτὸν
2754 445 2880 497 Υἰὸν
2908 443 3086 513 λέγεις
3119 440 3302 504 καλῶς
3334 438 3496 492 τοῦτο
3527 435 3663 490 εἶναι

418 541 633 603 simus;
667 548 721 594 et
742 538 909 593 David
932 578 949 603 ,
980 537 1203 593 Davidis
1244 538 1423 599 titius.
1454 539 1548 609 qui
1592 538 1733 592 idem
1763 540 1833 593 sit
1863 555 1986 592 cum

417 633 510 686 illo
548 647 564 682 :
603 633 747 687 sicut
780 639 834 686 et
865 610 1062 684 Filium
1093 640 1241 685 recte
1280 631 1486 686 asseris
1522 630 1575 685 id
1625 647 1751 686 esse
1790 646 1989 686 secun-

418 723 548 776 dum
605 722 1007 788 substantiam,
1062 721 1209 792 quod
1263 731 1344 777 est
1393 721 1571 777 Pater.
1628 723 1800 777 Aliter
1842 723 1988 777 enim

422 812 592 867 Filius
624 828 729 867 non
761 821 908 868 esset
958 812 1125 877 Deus,
1164 828 1288 867 cum
1333 814 1388 868 in
1427 813 1683 868 confesso
1720 814 1789 868 sit
1822 829 1989 869 unum

422 918 544 960 esse
582 920 646 960 ac
692 904 865 959 solum
915 902 1081 958 Deum
1119 903 1332 958 Patrem
1387 922 1399 956 :
1452 920 1561 974 quo
1621 917 1778 976 pacto
1848 920 1990 961 unus

422 996 617 1056 Adam.
661 997 943 1049 hominum
990 998 1203 1065 generis
1250 997 1533 1066 princeps;
1582 1006 1638 1052 et
1701 1014 1841 1053 unus
1888 997 1984 1051 Da-

424 1089 509 1143 vid
536 1131 551 1153 .
595 1089 727 1160 regii
782 1090 1000 1161 generis
1033 1096 1244 1143 auctor.
1303 1090 1480 1161 Atque
1525 1091 1595 1143 ita
1628 1130 1644 1155 ,
1674 1105 1841 1144 unum
1868 1104 1990 1145 esse

423 1195 593 1251 genus
643 1180 1046 1249 superpositum
1075 1218 1089 1240 .
1138 1189 1234 1233 aut
1274 1194 1439 1234 unam
1480 1183 1760 1235 materiam
1807 1179 1985 1250 subje-

421 1282 589 1336 ctam,
648 1271 704 1325 in
756 1269 916 1326 Patre
965 1282 1020 1329 et
1046 1268 1230 1334 Filio,
1283 1286 1311 1324 a
1365 1271 1615 1342 cogitatis
1671 1270 1988 1335 auferetur,

421 1378 547 1418 eum
582 1361 936 1433 principalem
982 1361 1446 1431 assumpserimus
1477 1361 1862 1431 proprietatem
1896 1377 1991 1415 su-

424 1453 596 1523 premi
650 1451 942 1524 principii,
986 1459 1042 1506 et
1099 1466 1296 1522 genera
1332 1466 1398 1505 ex
1442 1468 1701 1523 generum
1731 1452 1993 1523 principi-

424 1545 548 1603 bus.
598 1543 665 1598 ad
739 1541 1071 1613 nnigenitam
1119 1542 1324 1612 prolem
1395 1556 1461 1596 ex
1541 1557 1651 1597 uno
1724 1542 1994 1612 principio

424 1636 704 1689 orientem.
751 1631 884 1685 Nam
942 1631 1285 1702 aliquatenus
1329 1638 1540 1684 tantum
1590 1630 1856 1699 ejusmodi
1903 1647 1992 1686 res

425 1726 481 1780 in
531 1722 944 1781 similitudinem
993 1722 1242 1776 veniunt.
1305 1720 1576 1788 Quoniam
1636 1735 1809 1790 neque
1853 1721 1994 1774 Ada-

2089 538 2229 592 κατὰ
2277 537 2374 609 τὴν
2421 538 2631 600 οὑσίαν,
2682 537 2821 609 ὅπερ
2848 537 2876 588 ὁ
2917 536 3121 607 Πατήρ.
3159 534 3296 588 Οὐδὲ
3323 534 3435 604 γὰρ
3466 532 3664 601 ἑτέρως

2087 627 2154 683 ἂν
2196 624 2267 700 ἦν
2319 629 2451 693 Θεὸς
2488 631 2516 682 ὁ
2565 628 2693 692 Υἱὸς
2711 670 2725 690 ,
2774 629 2891 691 ἑνὸς
2919 627 3349 698 ὁμολογουμένου
3379 627 3476 679 καὶ
3507 628 3661 698 μόνου

2088 720 2222 774 Θεοῦ
2248 720 2342 773 τοῦ
2380 722 2624 791 Πατρὸςο
2663 720 2737 783 ὣς
2770 737 2873 773 που
2917 722 3009 773 καὶ
3040 714 3118 783 εἷς
3161 719 3357 788 ’Λδὰμ,
3395 720 3424 771 ὁ
3457 718 3665 789 ἀνθρώ-

2089 828 2206 867 πων
2239 810 2532 883 γενάρχης,
2567 812 2661 865 κα⁶ι
2688 806 2765 874 εἷς
2791 811 2972 874 Δαϐὶδ,
3004 812 3030 863 ὁ
3051 810 3143 864 τοῦ
3170 809 3447 880 βασιλείου
3477 810 3664 878 γένους

2089 903 2419 977 ἀρχηγέτης.
2463 902 2649 975 Ταύτῃ
2687 904 2751 972 γέ
2783 920 2866 955 τοι
2914 903 3007 956 καὶ
3049 901 3107 954 ἓν
3139 897 3282 954 εἶναι
3306 901 3470 969 γένος
3502 902 3665 971 dmp-

2090 996 2361 1065 κείμενον,
2390 995 2423 1065 ἦ
2458 995 2584 1066 μίαν
2622 994 2757 1065 ὓλην
2789 994 3178 1065 ὑποκειμένην,
3209 994 3304 1046 ἐπὶ
3327 993 3544 1063 Πατρὺς
3575 991 3667 1044 καὶ

2091 1087 2245 1149 Υἱοῦ,
2289 1087 2768 1158 περιαιρεθήσεται
2793 1087 2903 1141 τῶν
2942 1087 3227 1152 ὑπονοιῶν,
3257 1088 3389 1139 ὅταν
3429 1085 3527 1155 τὴν
3573 1102 3659 1152 γε-

2090 1179 2354 1251 ναρχικὴν
2380 1178 2784 1249 παραλάϐωμεν
2813 1179 3047 1250 ἰδιότητα
3072 1178 3173 1249 τῆς
3189 1179 3452 1232 ἀνωτάτω
3474 1178 3664 1247 ἀρχῆς,

2092 1272 2183 1326 καὶ
2212 1271 2280 1325 τὰ
2318 1273 2383 1324 ἐκ
2408 1271 2516 1324 τῶν
2540 1271 2824 1343 γεναρχῶν
2854 1271 3009 1341 γένη,
3058 1270 3195 1343 πρὸς
3229 1270 3291 1322 τὸ
3321 1271 3389 1322 ὲκ
3415 1269 3517 1337 τῆς
3545 1270 3666 1338 μιᾶς

2091 1363 2266 1434 ἀρχῆς
2303 1362 2589 1433 μονογενὲς
2621 1363 2901 1433 γέννημα·
2935 1363 3171 1433 μετρίως
3209 1361 3319 1430 γὰρ
3346 1359 3420 1412 τά
3447 1357 3671 1411 τοιαῦτα

2091 1438 2447 1524 εἰξῖμοίωσιν
2474 1453 2713 1526 ἔρχεται.
2744 1453 2896 1507 Καθὺ
2932 1453 3066 1525 μηδὲ
3090 1452 3184 1505 τοῦ
3228 1452 3427 1522 Ἀδὰμ,
3450 1451 3531 1514 t'o;
3558 1451 3670 1503 0:0-

2093 1545 2352 1611 πλάστου,
2386 1546 2480 1599 καὶ
2519 1546 2698 1617 ἡμῶν,
2739 1547 2816 1611 ὡς
2843 1545 3395 1618 ἀνθρωπογεννήτων,
3420 1543 3481 1595 ἓν
3518 1543 3672 1608 ὑπέρ-

2092 1656 2268 1693 κειται
2297 1638 2450 1706 γένος
2469 1657 2481 1668 ·
2513 1637 2627 1692 ἀλλ’
2666 1638 2827 1702 αὐτὸς
2864 1635 3166 1708 ἀνθρώπων
3191 1636 3335 1707 ἀρχή
3359 1652 3372 1663 ·
3413 1638 3552 1707 μήτε
3575 1633 3671 1702 ὕλη

2093 1731 2245 1803 κοινὴ
2275 1730 2440 1784 αὑτοῦ
2474 1748 2532 1783 τε
2583 1731 2677 1785 καὶ
2712 1730 2889 1802 ἡμῶν,
2917 1728 3033 1783 ἀλλ’
3065 1727 3228 1792 αὐτὸς
3258 1729 3292 1797 ή
3325 1727 3553 1780 πάντων
3582 1729 3675 1779 ἀν-

425 1832 536 1878 mo,
571 1824 629 1869 ut
668 1829 765 1884 per
805 1812 970 1867 Deum
1010 1811 1254 1871 condito.
1302 1821 1358 1867 et
1409 1813 1593 1873 nobis,
1632 1820 1692 1865 ut
1749 1826 1845 1879 per
1895 1813 1994 1867 ho-

2099 1825 2324 1897 θρώπων
2353 1824 2627 1887 ὑπόθεσις.
2668 1826 2822 1894 Μήτε
2856 1822 2961 1895 μὴν
2990 1820 3084 1875 τοῦ
3109 1821 3295 1882 Δαϐὶδ,
3326 1821 3423 1873 καὶ
3447 1818 3547 1873 τοῦ
3584 1820 3674 1889 γέ-

426 1910 600 1963 mines
665 1907 898 1978 genitis,
971 1920 1135 1959 unum
1193 1905 1581 1974 superponitur
1628 1919 1845 1975 genus;
1896 1905 1990 1959 sed

426 2001 542 2069 ipse
594 2006 676 2052 est
749 1998 1027 2051 hominum
1097 1995 1424 2065 principium
1472 2010 1700 2065 :neque
1768 1995 1994 2049 materia

426 2094 730 2145 cnmumnis
776 2097 860 2145 est
920 2089 997 2142 illi
1056 2087 1382 2154 nobiscum;
1425 2086 1520 2141 sed
1568 2086 1685 2157 ipse
1726 2097 1810 2141 est
1860 2102 1995 2140 cun-

426 2195 635 2237 ctorum
667 2183 945 2236 hominum
993 2179 1429 2235 fundamentum.
1464 2178 1649 2251 Neque
1682 2180 1846 2235 etiam
1867 2195 1995 2249 erga

427 2272 684 2326 Davidcm
737 2288 800 2325 ac
860 2286 1032 2342 genus
1069 2286 1133 2325 ex
1187 2269 1384 2325 Davide
1430 2281 1646 2337 ortum,
1714 2271 1766 2324 id
1800 2270 1999 2341 praeiu-

428 2369 708 2436 telligitur,
751 2365 806 2418 in
862 2370 1125 2434 quantum
1163 2371 1247 2417 est
1294 2362 1459 2417 David
1507 2381 1521 2417 :
1560 2362 1995 2434 quandoquidem

430 2457 649 2511 Davidis
712 2459 1055 2526 proprietas,
1136 2467 1166 2506 a
1218 2452 1425 2509 Davide‘
1470 2454 1700 2524 incipit,
1757 2461 1813 2508 et
1874 2453 1999 2506 t‘nn-

427 2549 739 2603 damentum
783 2547 1027 2599 omnium
1075 2545 1167 2614 qui
1217 2560 1284 2600 ex
1322 2560 1388 2600 eo
1445 2545 1708 2615 originem
1767 2545 1997 2611 ducunt,

430 2642 546 2712 ipse
608 2649 693 2696 est
749 2660 761 2695 :
819 2641 914 2697 sed
987 2642 1114 2713 quia
1183 2641 1299 2696 haec
1357 2641 1658 2707 deﬁciunt,
1705 2642 1759 2694 in
1812 2656 2001 2711 quam»

431 2741 543 2787 tum
604 2734 723 2787 alia:
768 2741 895 2787 sunt
936 2733 1364 2788 communitates
1417 2733 1660 2787 omnium
1719 2732 1999 2786 hominum

433 2825 499 2878 ad
533 2825 763 2879 invicem
793 2864 808 2889 ,
874 2815 1073 2896 quale?
1112 2824 1342 2880 fratrum
1381 2842 1392 2877 :
1428 2833 1481 2878 at
1512 2825 1657 2879 circa
1684 2826 1908 2880 Patrem
1949 2834 2003 2879 et

432 2913 625 2969 Filium
677 2916 780 2970 hoc
814 2932 919 2969 non
960 2917 1232 2988 reperies,
1275 2916 1369 2971 sed
1403 2932 1464 2970 ex
1510 2924 1624 2970 toto
1651 2915 1812 2972 Pater
1852 2916 2003 2986 princ

433 3008 632 3076 cipium
664 3046 680 3070 ,
720 3018 773 3061 et
820 3005 987 3063 Filius
1043 3023 1111 3062 ex
1156 3007 1440 3078 principio.
1474 3007 1653 3074 Quare
1679 3022 1780 3062 nec
1813 3006 2002 3061 distri-

432 3097 585 3151 butio
615 3104 699 3153 est
735 3098 896 3166 primi
926 3099 981 3152 in
1008 3098 1304 3153 secundum
1333 3139 1348 3163 ,
1382 3100 1527 3153 velut
1571 3099 1624 3152 in
1658 3099 1999 3168 c0rporihus,

434 3205 621 3243 verum
680 3191 1051 3259 generationis
1095 3190 1380 3260 productio
1431 3209 1445 3245 :
1507 3206 1682 3260 neque
1714 3191 1861 3244 enim
1901 3189 2002 3244 Pa-

384 3306 397 3312 -
434 3282 534 3336 tris
587 3283 890 3351 proprietas
942 3282 1088 3336 velut
1141 3282 1197 3336 in
1244 3281 1442 3336 Filium
1498 3282 1671 3336 divisa
1709 3282 1853 3345 fuit,
1905 3282 1999 3336 sed

434 3368 555 3423 Filii
611 3371 915 3439 proprietas
960 3386 1029 3425 ex
1080 3377 1307 3440 paterna
1353 3371 1557 3441 prodiit
1606 3390 1619 3426 :
1659 3372 1799 3425 idem
1835 3371 1888 3425 in
1921 3371 2000 3426 di-

436 3460 733 3522 versitate,
792 3466 845 3513 et
897 3458 1176 3513 diversum
1254 3458 1309 3512 in
1364 3458 1643 3514 identitate
1685 3460 2004 3529 :quomodo

434 3551 637 3604 dicitur
665 3549 876 3605 Patrem
916 3565 1038 3605 esse
1069 3550 1122 3604 in
1171 3548 1307 3605 Filio
1332 3590 1347 3613 ,
1389 3559 1443 3606 et
1482 3551 1676 3605 Filium
1717 3552 1770 3604 in
1822 3550 1999 3606 Patre.

432 3641 617 3712 Neque
662 3643 806 3696 enim
873 3641 1164 3698 diversitas
1218 3642 1470 3698 absolute
1513 3643 1755 3698 servabit
1801 3644 2004 3697 verita-

435 3723 548 3788 tem.
603 3733 916 3797 tiliationis,
956 3748 1058 3789 nec
1087 3748 1278 3789 rursus
1322 3734 1581 3790 identitas
1621 3733 2003 3789 indivisionem

439 3826 791 3894 hypostascos
849 3841 862 3877 :
905 3823 999 3878 sed
1056 3832 1349 3893 utrumque
1402 3825 1754 3893 conjunctum
1811 3836 1896 3878 est
1941 3839 2005 3875 ac

437 3920 598 3970 unius
638 3914 822 3976 modi;
870 3913 1011 3967 idem
1057 3914 1300 3975 diverse,
1344 3925 1399 3967 et
1449 3914 1724 3969 diversum
1814 3913 2002 3969 eodem

436 4005 635 4071 modo;
689 4014 749 4058 ut
797 4004 1058 4057 vocabula
1090 4042 1106 4068 ,
1145 4017 1266 4073 quae
1329 4003 1395 4056 ad
1461 4004 1535 4058 rei
1583 4003 2002 4057 declarationettt

439 4097 739 4165 pertingere
791 4105 1101 4164 nequeunt,
1142 4110 1237 4165 per
1281 4094 1388 4148 vim
1433 4094 1774 4148 adducantur
1810 4110 1823 4145 :
1872 4109 2006 4148 con-

439 4187 687 4240 lirmante
761 4185 1172 4256 intelligentiam
1238 4192 1482 4240 nostram
1538 4183 1809 4247 Domino,
1879 4199 2004 4236 cum

436 4293 533 4346 per
581 4291 765 4330 vocem
817 4277 1053 4345 major"
1095 4275 1309 4330 Patrem
1348 4276 1566 4345 quidem
1614 4275 1667 4329 in
1698 4276 2005 4345 aequalitate

435 4370 696 4438 majorem
759 4370 1018 4436 exhibet,
1065 4367 1259 4423 Filium
1313 4385 1444 4425 vero
1492 4370 1545 4423 in
1599 4369 1793 4423 minori
1832 4370 2004 4440 gradu

435 4460 719 4528 prmditunt
774 4461 1084 4541 teqnalitate
1130 4475 1143 4512 :

437 4551 634 4620 speciei
663 4550 906 4620 quidem,
946 4559 1001 4605 at
1039 4550 1285 4605 inferiori
1327 4549 1493 4622 465
1556 4551 1761 4605 lumine
1799 4552 2001 4606 intelli-

434 4658 562 4711 gere
616 4641 813 4696 Filium
849 4659 863 4707 ;
916 4658 1023 4696 non
1084 4642 1422 4697 immutando
1463 4642 1824 4697 substantiam
1855 4681 1870 4705 ,
1904 4645 1999 4697 sed

433 4734 832 4790 considerando
887 4734 1061 4798 idem,
1097 4742 1152 4788 et
1180 4734 1431 4803 superius
1462 4743 1516 4788 et
1558 4735 1612 4787 in
1639 4733 1831 4789 ordine
1861 4734 2002 4790 infe-

436 4827 587 4880 riori.
620 4831 688 4879 At
718 4827 864 4880 enim
909 4827 1003 4894 qui
1051 4824 1412 4881 substantiam
1455 4825 1510 4879 in
1546 4825 1693 4879 nulla
1723 4824 2002 4881 identitate

434 4917 758 4984 admittunt,
823 4916 1233 4970 similitudinem
1314 4916 1655 4973 extrinsecus
1717 4917 2003 4973 atterentes

433 5009 572 5063 Filio
599 5010 864 5077 adjiciunt
914 5028 926 5063 :
969 5009 1113 5078 quod
1152 5023 1287 5064 sane
1325 5006 1409 5067 ad.
1441 5008 1588 5078 ipsos
1636 5023 1857 5079 qucque
1899 5010 1999 5065 ho-

430 5102 608 5155 mines
660 5101 853 5155 transit
904 5101 996 5170 qni
1040 5100 1147 5154 Deo
1213 5100 1499 5155 assimilati
1549 5109 1696 5155 sunt.
1735 5102 1835 5168 Qui
1872 5118 2000 5157 vero

431 5201 768 5263 cognoscunt
816 5192 1224 5248 similitudinem
1256 5192 1525 5246 creaturis
1562 5196 1997 5261 convenientem,

432 5285 485 5337 in
518 5284 796 5339 identitate
824 5284 1042 5353 quidem
1071 5282 1270 5337 Filium
1297 5299 1419 5338 cum
1449 5282 1606 5338 Patre
1627 5286 1995 5356 conjungunt;

434 5375 526 5429 Sed
565 5376 850 5430 identitate
885 5375 1284 5440 submissiore;
1328 5389 1397 5429 ne
1445 5374 1561 5444 ipse
1599 5373 1760 5429 Pater
1790 5377 1884 5441 sit,
1915 5377 1998 5431 vel

2094 1935 2216 1982 νους
2238 1917 2331 1970 τοῦ
2361 1920 2423 1970 ὲκ
2454 1916 2637 1977 Δαϐὶδ,
2671 1920 3093 1988 προεπινοεϊται,
3123 1914 3259 1968 καθὸ
3287 1913 3455 1966 Δαϐίδ
3480 1930 3496 1944 ·
3533 1913 3678 1966 ἐπεξ-

2094 2025 2200 2080 περ
2238 2010 2272 2079 ή
2294 2007 2386 2061 τοῦ
2414 2007 2576 2060 Aut/3‘16
2608 2006 2826 2077 ἰδιότης,
2857 2006 2967 2060 ἀπὸ
2992 2005 3088 2058 τοῦ
3110 2004 3279 2058 Δαὸὶδ
3302 2007 3561 2077 ἄρχεται,
3584 2004 3675 2057 καὶ

2094 2102 2128 2173 ἡ
2163 2101 2417 2164 ὑπόθεσις
2439 2101 2548 2154 τῶν
2575 2100 2635 2166 ἐξ
2659 2099 2823 2153 αὑτοῦ
2848 2100 3087 2164 πάντων,
3116 2099 3280 2162 αὑτός
3300 2115 3314 2127 ·
3346 2098 3464 2151 ἀλλ’
3492 2096 3679 2169 ἐπειδὴ

2094 2191 2266 2245 ταῦτα
2316 2191 2694 2254 ἀπολείπεται,
2750 2191 2887 2245 καθό
2948 2194 3085 2245 εἰσιν
3139 2192 3324 2261 ἕτεραι
3366 2191 3675 2258 κοινότητες

2095 2283 2396 2356 ἀνθρώπων
2436 2285 2687 2338 ἁπάντων
2740 2285 2876 2356 πρὸς
2931 2284 3210 2352 ἀλλήλους,
3268 2278 3380 2338 οἷαι
3413 2283 3483 2337 ἂν
3530 2283 3675 2337 a531-

2098 2373 2243 2443 φῶν·
2280 2376 2373 2426 ἐπὶ
2417 2375 2473 2428 δὲ
2522 2375 2733 2445 Πατρὸς
2768 2376 2862 2428 καὶ
2900 2374 3032 2428 Υἱοῦ
3075 2374 3317 2428 τοιοῦτον
3354 2375 3456 2427 οὐκ
3508 2374 3671 2435 ἐστιν,

2097 2467 2231 2521 ἀλλά
2262 2467 2325 2520 τὸ
2361 2468 2480 2521 ὅλον
2536 2469 2729 2540 Πατὴρ
2757 2468 2923 2540 ἀρχὴ,
2977 2470 3073 2522 καὶ
3106 2468 3236 2531 Υἱὸς
3262 2470 3328 2521 ἐκ
3353 2468 3457 2538 τῆς
3484 2470 3673 2538 ἀρχῆς.

2098 2559 2308 2613 υὺκοῦν
2334 2560 2456 2613 οὑδὲ
2487 2561 2866 2632 ἀπομερισμδς
2908 2559 3004 2613 τοῦ
3046 2560 3311 2631 προτέρου
3343 2562 3425 2624 εἰς
3463 2561 3525 2613 τὸ
3556 2560 3672 2612 62-J-

2096 2668 2275 2723 τερον,
2301 2650 2488 2719 ὥσπερ
2521 2652 2614 2704 ἐπὶ
2649 2652 2936 2722 σωμάτων,
2971 2650 3087 2705 ἀλλ’
3125 2652 3514 2721 ἀπογέννησις.
3546 2652 3672 2704 Οὐδὲ

2098 2740 2207 2812 γὰρ
2234 2744 2266 2811 ἡ
2300 2741 2510 2811 Πατρὸς
2536 2740 2733 2811 ἰδιότης
2761 2740 3012 2812 καθάπερ
3045 2742 3125 2803 εἰς
3152 2741 3278 2793 Υἱδν
3329 2741 3672 2810 ἀπομεμὲρι-

2101 2848 2243 2893 σται,
2271 2830 2386 2884 ἀλλ’
2421 2833 2453 2901 ἡ
2490 2830 2582 2883 τοῦ
2606 2831 2735 2884 Tia?)
2766 2832 2829 2884 ὲκ
2858 2831 2958 2902 τῆς
2983 2830 3077 2883 τοῦ
3110 2831 3326 2900 Πατρὺς
3364 2832 3637 2900 ἐκπέςξηνε
3657 2847 3673 2861 ·

2101 2923 2294 2975 ταυτὸν
2331 2925 2389 2975 ἐν
2416 2922 2716 2995 ἑτερότητι,
2752 2924 2845 2976 καὶ
2868 2923 3053 2991 ἓτερον
3086 2925 3143 2976 ἐν
3184 2924 3478 2994 ταυτότητι
3499 2940 3512 2952 ·
3546 2922 3673 2975 καθῇ

2102 3009 2318 3079 λέγεται
2382 3014 2602 3085 Πατέρα
2656 3010 2794 3068 εἶναι
2845 3014 2903 3067 ὲν
2934 3014 3068 3085 Υἱῷ,
3099 3016 3195 3067 καὶ
3235 3015 3367 3067 Υἱὺν
3396 2999 3456 3067 ἐν
3485 3016 3671 3085 Πατρξ.

2029 3145 2070 3203 C
2104 3103 2240 3157 Οὔτε
2290 3105 2398 3175 γὰρ
2444 3108 2478 3176 ἡ
2519 3107 2782 3189 ἑτερότης,
2806 3106 2994 3170 ἁπλῶς
3042 3106 3268 3176 φυλάξει
3294 3107 3394 3178 τὴν
3422 3106 3674 3179 ἀλήθειαν

2102 3198 2204 3268 τῆς
2238 3199 2501 3270 νεότητος,
2541 3199 2664 3253 οὔτε
2695 3201 2729 3270 ἠ
2765 3199 3028 3269 ταυτότης
3059 3195 3126 3253 αὖ
3160 3200 3220 3252 τὸ
3253 3201 3553 3271 ἀμέριστον
3583 3201 3675 3268 τῆς

2105 3290 2453 3353 ὑποστάσεως
2475 3309 2487 3321 ο
2511 3291 2624 3345 ἀλλ’
2659 3291 2915 3361 ἑκάτερον
2965 3290 3274 3360 σύμπλοκον
3303 3292 3398 3343 καὶ
3419 3290 3673 3352 emtas;-

2101 3382 2293 3435 ταυτὸν
2343 3381 2563 3454 ἑτέρως,
2597 3383 2690 3435 καὶ
2718 3382 2903 3453 ἕτερον
2938 3382 3198 3445 ὡσαύτως
3218 3401 3231 3412 ν
3261 3382 3352 3435 ἵνα
3375 3400 3462 3445 τις
3492 3383 3559 3434 τά
3580 3384 3676 3451 ῥή-

2107 3489 2273 3543 ματα,
2310 3473 2383 3542 μὴ
2432 3472 2796 3543 ἐφικνούμενα
2845 3473 2945 3544 τῆς
2987 3471 3290 3543 δηλώσεως,
3317 3472 3672 3543 ὲκὸιάσηται·

2106 3563 2446 3634 βεϐαιοῦντος
2479 3566 2608 3634 ἡμῖν
2630 3563 2722 3616 τοῦ
2754 3563 2957 3632 Κυρίου
3001 3562 3358 3641 τὴνέννοιαν,
3404 3564 3502 3615 καὶ
3526 3565 3581 3614 ὲν
3604 3563 3679 3631 τῷ

2108 3657 2307 3726 μείζων
2340 3656 2437 3726 μὲν
2488 3656 2693 3727 ἰσότητι
2746 3656 2882 3727 (‘28),
2933 3654 3262 3726 παριστάναι
3309 3655 3403 3707 τὸν
3436 3656 3673 3725 Πατέρα,

2102 3746 2193 3799 τὸν
2243 3746 2300 3800 δὲ
2365 3746 2510 3811 Υἱὸν,
2561 3748 2619 3799 ὲν
2643 3748 2906 3802 ὑποΰάσει
2934 3747 2995 3800 τὸ
3020 3746 3132 3800 ἴσον
3163 3746 3356 3817 ἔχοντα
3375 3765 3387 3774 ·
3414 3749 3556 3817 ὅπερ
3581 3747 3678 3798 ἐδξ-

2104 3837 2261 3902 δαξεν
2292 3839 2350 3890 ὲν
2409 3838 2644 3908 ὁμοειδεῖ
2676 3839 2795 3910 μὲν,
2833 3839 3111 3911 ὑφειμένῳ
3145 3840 3203 3892 δὲ
3246 3839 3387 3907 φωτὶ
3416 3842 3559 3891 νοεῖν
3592 3839 3677 3890 τὶν

2104 3930 2250 3992 Υἰὸν,
2280 3928 2353 4001 μὴ
2390 3930 2487 4000 τὴν
2534 3931 2724 3983 οὑσίαν
2763 3931 3203 3995 ἐξαλλάττοντας,
3249 3931 3388 3983 ἀλλὰ
3438 3932 3500 3983 τὸ
3547 3931 3677 3983 αὑτό

2105 4021 2509 4093 ὑπερϐεϐληκδς
2529 4023 2622 4075 καὶ
2644 4024 2700 4075 ὲν
2730 4023 2914 4092 ὑφέσει
2947 4022 3308 4094 θεωροῦντας.
3347 4025 3409 4074 Οἱ
3446 4023 3544 4092 μὲν
3575 4024 3681 4089 γάρ

2105 4116 2204 4185 τὴν
2230 4114 2419 4167 οὐσίαν
2445 4116 2503 4167 ἐν
2532 4114 2759 4185 οὐδεμιᾷ
2782 4115 3068 4186 ταυτότητι
3100 4113 3561 4185 παραδεξάμενοι,
3584 4116 3679 4184 τὴν

2103 4205 2362 4277 ὁμοίωσιν
2400 4204 2597 4269 ἔξωθεν
2642 4205 2898 4277 φέροντες
2928 4204 3004 4275 τῷ
3036 4203 3151 4275 Υἰῷ
3192 4203 3619 4275 προστιθέασιν
3653 4203 3681 4255 ὁ

2104 4296 2167 4367 δὴ
2190 4297 2281 4349 καὶ
2333 4296 2437 4360 ἕως
2489 4294 2792 4367 ἀνθρώπων
2822 4294 3115 4356 διαϐαίνει,
3164 4294 3272 4348 τῶν
3312 4295 3681 4365 ὁμοιουμένων

2106 4388 2184 4459 τῷ
2203 4387 2340 4456 Θεῷ.
2360 4389 2420 4442 Οἱ
2452 4388 2510 4442 δὲ
2529 4387 2628 4459 τὴν
2648 4387 2904 4458 ὁμοίωσιν
2924 4390 3035 4449 τοῖς
3065 4388 3333 4457 ποιήμασι
3366 4387 3680 4457 πρέπουσαν

1186 4459 1594 4555 ᾳιιφά-ἀρξυίιρ
1649 4461 1702 4555 ill
1751 4460 1994 4555 919εάξηῖ
2029 4498 2074 4555 ο
2100 4479 2316 4542 εἰδότες,
2336 4478 2393 4530 ὲν
2407 4479 2695 4548 ταυτότητι
2716 4478 2813 4548 μὲν
2831 4477 2922 4530 τὸν
2952 4478 3079 4530 Υἱδν
3117 4479 3453 4531 συνάπτουσι
3486 4476 3681 4547 Πατρὶ,

2108 4568 2375 4640 ὑφειμένῃ
2403 4567 2459 4621 δὲ
2488 4570 2553 4640 τῇ
2586 4568 2877 4638 ταυτότητι
2899 4582 2915 4598 ο
2955 4567 3043 4621 ἵνα
3066 4566 3140 4638 μὴ
3172 4566 3335 4629 αὐτὸς
3355 4569 3384 4618 ὁ
3413 4567 3629 4637 Πατὴρ.
3647 4566 3683 4635 ἦ

2110 4660 2276 4731 μέρος
2310 4659 2541 4729 Πατρὺς,
2568 4658 2604 4713 ἀ
2631 4658 2871 4733 δυνατῶς
2887 4656 3332 4731 παρίσταταιτῷ,
3351 4657 3511 4720 ἄλλος
3532 4657 3679 4715 Υἱὸς.

2107 4750 2249 4805 οὕτω
2263 4751 2418 4815 Θεὸς,
2449 4751 2549 4822 οὑχ
2573 4752 2649 4814 ὡς
2673 4753 2901 4816 ἐκεῖνος,
2927 4750 3042 4805 ἀλλ’
3067 4751 3143 4814 ὡς
3174 4751 3235 4815 ἐξ
3273 4746 3509 4811 ἐκείνου,
3536 4751 3603 4802 οὑ
3627 4750 3684 4802 τὸ

2109 4841 2484 4913 πρωτότυπον,
2532 4842 2649 4895 ἀλλ’
2697 4842 2881 4896 εἰκών.
2928 4836 3098 4907 Οὗτος
3133 4841 3443 4912 ὁμοούσιος,
3488 4841 3684 4913 ἐξῃρη-

2111 4932 2284 5003 μένως
2318 4934 2469 5005 παρὰ
2509 4933 2686 4987 πάντα
2715 4936 2810 4988 καὶ
2852 4933 3195 4999 ἰδιαζόντωςο
3228 4934 3329 5003 οὑχ
3359 4935 3439 4998 ὠς
3469 4935 3539 4986 τὰ.
3559 4934 3682 5003 ὁμο-

2106 5022 2258 5091 γενῆ,
2293 5021 2391 5092 οὑχ
2422 5021 2497 5085 ὡς
2520 5022 2590 5076 τὰ
2616 5023 3080 5095 ἀπμεριζὸμενα,
3110 5022 3223 5075 ἀλλ’
3251 5023 3328 5086 ὡς
3348 5024 3412 5075 ὲκ
3441 5022 3533 5075 τοῦ
3565 5022 3681 5084 ἑνὸς

2106 5113 2293 5181 γένους
2323 5113 2416 5166 καὶ
2446 5112 2617 5177 εἴδους
2636 5115 2734 5184 τῆς
2759 5113 3027 5184 θεότητος,
3053 5115 3110 5166 ἕν
3138 5114 3231 5167 καὶ
3260 5114 3421 5184 μόνον
3453 5114 3683 5179 ἀπογέν-

2104 5219 2169 5271 νη
2177 5219 2272 5271 μα,
2292 5202 2581 5275 ἀδιαιρέτῳ
2607 5206 2700 5259 καὶ
2718 5205 2992 5277 ἀσωμάτῳ
3013 5205 3227 5276 προόδῳ
3245 5222 3258 5235 ·
3284 5206 3407 5257 καθ’
3435 5207 3501 5276 ἦν
3519 5204 3682 5274 μόνον

2102 5290 2164 5342 τὸ
2216 5290 2418 5358 γεννῶν
2473 5294 2530 5345 ἐν
2566 5295 2632 5364 τῇ
2679 5295 2969 5365 γεννητικῇ
3010 5292 3252 5364 ἰδιότητι,
3291 5292 3567 5365 προῆλθεν
3603 5292 3681 5352 εἰς

2103 5380 2199 5451 τὴν
2230 5382 2552 5455 γεννητικὴν
2586 5385 2700 5452 (29)
2726 5385 2980 5456 ἰδιότητα.

431 5468 808 5536 parsl’atris;
870 5484 991 5538 qua:
1064 5475 1315 5538 potenter
1377 5468 1822 5525 demonstrantur
1880 5487 1976 5541 per
2014 5473 2167 5542 illud,
2220 5477 2377 5533 Alius
2447 5478 2662 5548 Filius;
2701 5481 2782 5538 sic
2814 5480 2976 5543 Deus.
3031 5495 3143 5536 non
3190 5490 3251 5535 ut
3293 5480 3387 5537 ille
3416 5518 3436 5547 ,
3475 5477 3573 5537 sed
3624 5484 3685 5535 ut

497 5584 544 5616 '°
569 5584 726 5640 Joan.
764 5601 876 5644 xw.
906 5585 996 5640 28.

503 5702 611 5760 (“23!
648 5701 789 5753 Fort.
832 5700 1050 5766 μείζονα
1085 5700 1150 5768 μὲ
1180 5700 1235 5751 ἐν
1270 5715 1337 5752 ισ.
1368 5698 1639 5754 Cornea.

2177 5700 2288 5771 (99)
2320 5700 2468 5758 Fort.
2492 5706 2778 5769 γεννητὴν.
2816 5706 3018 5761 Corn.
