  <div class='ocr_page' id='page_1' title='image "/cluster/home/n/w/nwhite01/storage/ocr_20150623/32/mdp.39015011915462/566.png"; bbox 0 0 3878 6222; ppageno 0'>
   <div class='ocr_carea' id='block_1_1' title="bbox 199 282 3449 357">
    <p class='ocr_par' dir='ltr' id='par_1_1' title="bbox 199 282 3449 357">
     <span class='ocr_line' id='line_1_1' title="bbox 199 282 3449 357; baseline 0.006 -18"><span class='ocrx_word' id='word_1_1' title='bbox 199 284 338 340; x_wconf 78' lang='lat'><strong>“05</strong></span> <span class='ocrx_word' id='word_1_2' title='bbox 1039 291 1522 351; x_wconf 78' lang='lat' dir='ltr'><strong>EPISTOLARUM</strong></span> <span class='ocrx_word' id='word_1_3' title='bbox 1560 294 1846 353; x_wconf 82' lang='lat' dir='ltr'><strong>CLASSIS</strong></span> <span class='ocrx_word' id='word_1_4' title='bbox 1870 296 1956 352; x_wconf 79' lang='lat' dir='ltr'><strong>Ill.</strong></span> <span class='ocrx_word' id='word_1_5' title='bbox 1997 297 2215 354; x_wconf 80' lang='lat' dir='ltr'><strong>EPIST.</strong></span> <span class='ocrx_word' id='word_1_6' title='bbox 2254 282 2566 356; x_wconf 79' lang='lat' dir='ltr'><strong>CCCLXIV.</strong></span> <span class='ocrx_word' id='word_1_7' title='bbox 3312 299 3449 357; x_wconf 78' lang='grc' dir='ltr'>ηυϐ</span> 
     </span>
    </p>
   </div>
   <div class='ocr_carea' id='block_1_2' title="bbox 196 401 3444 484">
    <p class='ocr_par' dir='ltr' id='par_1_2' title="bbox 196 401 3444 484">
     <span class='ocr_line' id='line_1_2' title="bbox 196 401 3444 484; baseline 0.006 -31"><span class='ocrx_word' id='word_1_8' title='bbox 196 414 265 454; x_wconf 80' lang='lat' dir='ltr'><strong>ex</strong></span> <span class='ocrx_word' id='word_1_9' title='bbox 320 401 455 463; x_wconf 86' lang='lat' dir='ltr'><strong>illo;</strong></span> <span class='ocrx_word' id='word_1_10' title='bbox 515 416 624 456; x_wconf 90' lang='lat' dir='ltr'><strong>non</strong></span> <span class='ocrx_word' id='word_1_11' title='bbox 682 402 1015 471; x_wconf 77' lang='lat' dir='ltr'><strong>primitivum</strong></span> <span class='ocrx_word' id='word_1_12' title='bbox 1064 408 1361 479; x_wconf 75' lang='lat' dir='ltr'><strong>exemplar,</strong></span> <span class='ocrx_word' id='word_1_13' title='bbox 1432 409 1527 462; x_wconf 84' lang='lat' dir='ltr'><strong>sed</strong></span> <span class='ocrx_word' id='word_1_14' title='bbox 1589 410 1790 483; x_wconf 83' lang='lat' dir='ltr'><strong>imago.</strong></span> <span class='ocrx_word' id='word_1_15' title='bbox 1838 410 1935 466; x_wconf 88' lang='lat' dir='ltr'><strong>liic</strong></span> <span class='ocrx_word' id='word_1_16' title='bbox 1987 412 2524 473; x_wconf 60' lang='lat' dir='ltr'><strong>consubstantialis,</strong></span> <span class='ocrx_word' id='word_1_17' title='bbox 2582 412 2855 484; x_wconf 67' lang='lat' dir='ltr'><strong>praecipue</strong></span> <span class='ocrx_word' id='word_1_18' title='bbox 2915 427 3083 484; x_wconf 82' lang='lat' dir='ltr'><strong>super</strong></span> <span class='ocrx_word' id='word_1_19' title='bbox 3153 414 3336 469; x_wconf 83' lang='lat' dir='ltr'><strong>omnia</strong></span> <span class='ocrx_word' id='word_1_20' title='bbox 3392 427 3444 472; x_wconf 91' lang='lat' dir='ltr'><strong>et</strong></span> 
     </span>
    </p>
   </div>
   <div class='ocr_carea' id='block_1_3' title="bbox 196 491 3441 574">
    <p class='ocr_par' dir='ltr' id='par_1_3' title="bbox 196 491 3441 574">
     <span class='ocr_line' id='line_1_3' title="bbox 196 491 3441 574; baseline 0.006 -34"><span class='ocrx_word' id='word_1_21' title='bbox 196 491 589 559; x_wconf 74' lang='lat' dir='ltr'><strong>peculiariter;</strong></span> <span class='ocrx_word' id='word_1_22' title='bbox 660 508 769 549; x_wconf 90' lang='lat' dir='ltr'><strong>non</strong></span> <span class='ocrx_word' id='word_1_23' title='bbox 809 503 1065 566; x_wconf 88' lang='lat' dir='ltr'><strong>tanquam</strong></span> <span class='ocrx_word' id='word_1_24' title='bbox 1126 514 1190 553; x_wconf 85' lang='lat' dir='ltr'><strong>ea</strong></span> <span class='ocrx_word' id='word_1_25' title='bbox 1222 516 1341 569; x_wconf 75' lang='lat' dir='ltr'><strong>qua:</strong></span> <span class='ocrx_word' id='word_1_26' title='bbox 1392 508 1519 555; x_wconf 83' lang='lat' dir='ltr'><strong>sunt</strong></span> <span class='ocrx_word' id='word_1_27' title='bbox 1578 501 1823 569; x_wconf 82' lang='lat' dir='ltr'><strong>ejusdem</strong></span> <span class='ocrx_word' id='word_1_28' title='bbox 1862 505 2081 573; x_wconf 76' lang='lat' dir='ltr'><strong>generis</strong></span> <span class='ocrx_word' id='word_1_29' title='bbox 2114 545 2128 564; x_wconf 91' lang='lat'><strong>.</strong></span> <span class='ocrx_word' id='word_1_30' title='bbox 2190 519 2300 559; x_wconf 90' lang='lat' dir='ltr'><strong>non</strong></span> <span class='ocrx_word' id='word_1_31' title='bbox 2354 511 2617 574; x_wconf 82' lang='lat' dir='ltr'><strong>tanquam</strong></span> <span class='ocrx_word' id='word_1_32' title='bbox 2656 519 2722 559; x_wconf 88' lang='lat' dir='ltr'><strong>ea</strong></span> <span class='ocrx_word' id='word_1_33' title='bbox 2760 521 2881 573; x_wconf 79' lang='lat' dir='ltr'><strong>quae</strong></span> <span class='ocrx_word' id='word_1_34' title='bbox 2934 506 3227 559; x_wconf 75' lang='lat' dir='ltr'><strong>distributa</strong></span> <span class='ocrx_word' id='word_1_35' title='bbox 3268 514 3441 574; x_wconf 73' lang='lat' dir='ltr'><strong>sunt;</strong></span> 
     </span>
    </p>
   </div>
   <div class='ocr_carea' id='block_1_4' title="bbox 198 581 3447 667">
    <p class='ocr_par' dir='ltr' id='par_1_4' title="bbox 198 581 3447 667">
     <span class='ocr_line' id='line_1_4' title="bbox 198 581 3447 667; baseline 0.004 -33"><span class='ocrx_word' id='word_1_36' title='bbox 198 581 293 634; x_wconf 86' lang='lat' dir='ltr'><strong>scd</strong></span> <span class='ocrx_word' id='word_1_37' title='bbox 327 583 470 637; x_wconf 90' lang='lat' dir='ltr'><strong>velut</strong></span> <span class='ocrx_word' id='word_1_38' title='bbox 503 600 570 639; x_wconf 79' lang='lat' dir='ltr'><strong>ex</strong></span> <span class='ocrx_word' id='word_1_39' title='bbox 600 602 709 640; x_wconf 91' lang='lat' dir='ltr'><strong>uno</strong></span> <span class='ocrx_word' id='word_1_40' title='bbox 747 601 943 657; x_wconf 78' lang='lat' dir='ltr'><strong>genere</strong></span> <span class='ocrx_word' id='word_1_41' title='bbox 1008 605 1224 660; x_wconf 89' lang='lat' dir='ltr'><strong>unaque</strong></span> <span class='ocrx_word' id='word_1_42' title='bbox 1269 596 1451 662; x_wconf 90' lang='lat' dir='ltr'><strong>specie</strong></span> <span class='ocrx_word' id='word_1_43' title='bbox 1496 592 1819 654; x_wconf 86' lang='lat' dir='ltr'><strong>divinitatis.</strong></span> <span class='ocrx_word' id='word_1_44' title='bbox 1860 611 1968 649; x_wconf 88' lang='lat' dir='ltr'><strong>uua</strong></span> <span class='ocrx_word' id='word_1_45' title='bbox 2015 604 2069 651; x_wconf 86' lang='lat' dir='ltr'><strong>et</strong></span> <span class='ocrx_word' id='word_1_46' title='bbox 2114 597 2232 652; x_wconf 87' lang='lat' dir='ltr'><strong>sola</strong></span> <span class='ocrx_word' id='word_1_47' title='bbox 2286 595 2617 666; x_wconf 78' lang='lat' dir='ltr'><strong>progenies,</strong></span> <span class='ocrx_word' id='word_1_48' title='bbox 2672 595 2954 650; x_wconf 82' lang='lat' dir='ltr'><strong>individuo</strong></span> <span class='ocrx_word' id='word_1_49' title='bbox 3012 605 3067 651; x_wconf 89' lang='lat' dir='ltr'><strong>et</strong></span> <span class='ocrx_word' id='word_1_50' title='bbox 3111 595 3447 667; x_wconf 88' lang='lat' dir='ltr'><strong>incorporati</strong></span> 
     </span>
    </p>
   </div>
   <div class='ocr_carea' id='block_1_5' title="bbox 201 674 3451 759">
    <p class='ocr_par' dir='ltr' id='par_1_5' title="bbox 201 674 3451 759">
     <span class='ocr_line' id='line_1_5' title="bbox 201 674 3451 759; baseline 0.005 -36"><span class='ocrx_word' id='word_1_51' title='bbox 201 674 531 742; x_wconf 77' lang='lat' dir='ltr'><strong>progressu;</strong></span> <span class='ocrx_word' id='word_1_52' title='bbox 595 692 691 746; x_wconf 91' lang='lat' dir='ltr'><strong>per</strong></span> <span class='ocrx_word' id='word_1_53' title='bbox 744 694 903 747; x_wconf 84' lang='lat' dir='ltr'><strong>quem</strong></span> <span class='ocrx_word' id='word_1_54' title='bbox 962 682 1107 750; x_wconf 91' lang='lat' dir='ltr'><strong>quod</strong></span> <span class='ocrx_word' id='word_1_55' title='bbox 1147 692 1372 752; x_wconf 78' lang='lat' dir='ltr'><strong>generat</strong></span> <span class='ocrx_word' id='word_1_56' title='bbox 1437 698 1665 739; x_wconf 88' lang='lat' dir='ltr'><strong>manens</strong></span> <span class='ocrx_word' id='word_1_57' title='bbox 1718 684 1773 739; x_wconf 90' lang='lat' dir='ltr'><strong>in</strong></span> <span class='ocrx_word' id='word_1_58' title='bbox 1810 687 2127 756; x_wconf 85' lang='lat' dir='ltr'><strong>generativa</strong></span> <span class='ocrx_word' id='word_1_59' title='bbox 2187 686 2561 757; x_wconf 82' lang='lat' dir='ltr'><strong>proprietate,</strong></span> <span class='ocrx_word' id='word_1_60' title='bbox 2597 686 2868 756; x_wconf 82' lang='lat' dir='ltr'><strong>processit</strong></span> <span class='ocrx_word' id='word_1_61' title='bbox 2914 687 2967 741; x_wconf 92' lang='lat' dir='ltr'><strong>in</strong></span> <span class='ocrx_word' id='word_1_62' title='bbox 3031 688 3273 759; x_wconf 88' lang='lat' dir='ltr'><strong>genitam</strong></span> <span class='ocrx_word' id='word_1_63' title='bbox 3324 703 3451 759; x_wconf 89' lang='lat' dir='ltr'><strong>pro—</strong></span> 
     </span>
    </p>
   </div>
   <div class='ocr_carea' id='block_1_6' title="bbox 197 765 505 835">
    <p class='ocr_par' dir='ltr' id='par_1_6' title="bbox 197 765 505 835">
     <span class='ocr_line' id='line_1_6' title="bbox 197 765 505 835; baseline 0.003 -16"><span class='ocrx_word' id='word_1_64' title='bbox 197 765 505 835; x_wconf 88' lang='lat' dir='ltr'><strong>prietatetu.</strong></span> 
     </span>
    </p>
   </div>
   <div class='ocr_carea' id='block_1_7' title="bbox 710 883 1784 940">
    <p class='ocr_par' dir='ltr' id='par_1_7' title="bbox 710 883 1725 940">
     <span class='ocr_line' id='line_1_7' title="bbox 710 883 1725 940; baseline 0.006 -3"><span class='ocrx_word' id='word_1_65' title='bbox 710 883 1053 939; x_wconf 78' lang='grc' dir='ltr'><strong>ΕΠΙΣΤΟΛΗ</strong></span> <span class='ocrx_word' id='word_1_66' title='bbox 1094 885 1253 940; x_wconf 74' lang='grc' dir='ltr'><strong>ΤΞΡ.</strong></span> <span class='ocrx_word' id='word_1_67' title='bbox 1454 906 1463 916; x_wconf 74' lang='grc'><em>’</em></span> <span class='ocrx_word' id='word_1_68' title='bbox 1722 902 1725 907; x_wconf 88' lang='grc'>·</span> 
     </span>
    </p>
   </div>
   <div class='ocr_carea' id='block_1_8' title="bbox 1893 883 3013 940">
    <p class='ocr_par' dir='ltr' id='par_1_8' title="bbox 2314 883 3013 940">
     <span class='ocr_line' id='line_1_8' title="bbox 2314 883 3013 940; baseline -0.004 0"><span class='ocrx_word' id='word_1_69' title='bbox 2314 883 2650 940; x_wconf 79' lang='lat' dir='ltr'><strong>EPISTOLA</strong></span> <span class='ocrx_word' id='word_1_70' title='bbox 2678 884 3013 940; x_wconf 80' lang='lat' dir='ltr'><strong>CCCLXIII&#39;.</strong></span> 
     </span>
    </p>
   </div>
   <div class='ocr_carea' id='block_1_9' title="bbox 281 994 3372 1085">
    <p class='ocr_par' dir='ltr' id='par_1_9' title="bbox 281 994 3372 1085">
     <span class='ocr_line' id='line_1_9' title="bbox 281 994 3372 1085; baseline 0 -22"><span class='ocrx_word' id='word_1_71' title='bbox 281 1011 528 1065; x_wconf 73' lang='lat' dir='ltr'><strong>Laudatur</strong></span> <span class='ocrx_word' id='word_1_72' title='bbox 546 1025 697 1077; x_wconf 77' lang='lat' dir='ltr'><strong>supra</strong></span> <span class='ocrx_word' id='word_1_73' title='bbox 718 1010 843 1064; x_wconf 86' lang='lat' dir='ltr'><strong>alios</strong></span> <span class='ocrx_word' id='word_1_74' title='bbox 873 1011 1146 1078; x_wconf 77' lang='lat' dir='ltr'><strong>Scriptura:</strong></span> <span class='ocrx_word' id='word_1_75' title='bbox 1167 1014 1447 1079; x_wconf 71' lang='lat' dir='ltr'><strong>interpretes</strong></span> <span class='ocrx_word' id='word_1_76' title='bbox 1466 1013 1799 1085; x_wconf 74' lang='lat' dir='ltr'><strong>Apotinarius,</strong></span> <span class='ocrx_word' id='word_1_77' title='bbox 1824 1014 1883 1065; x_wconf 90' lang='lat' dir='ltr'><strong>ab</strong></span> <span class='ocrx_word' id='word_1_78' title='bbox 1909 994 2058 1068; x_wconf 69' lang='lat' dir='ltr'><strong>eoque</strong></span> <span class='ocrx_word' id='word_1_79' title='bbox 2079 1012 2275 1073; x_wconf 82' lang='lat' dir='ltr'><strong>petitur,</strong></span> <span class='ocrx_word' id='word_1_80' title='bbox 2301 1019 2351 1063; x_wconf 92' lang='lat' dir='ltr'><strong>ut</strong></span> <span class='ocrx_word' id='word_1_81' title='bbox 2366 1026 2418 1064; x_wconf 88' lang='lat' dir='ltr'><strong>se</strong></span> <span class='ocrx_word' id='word_1_82' title='bbox 2443 1012 2504 1063; x_wconf 83' lang='lat' dir='ltr'><strong>de</strong></span> <span class='ocrx_word' id='word_1_83' title='bbox 2527 1012 2668 1063; x_wconf 88' lang='lat' dir='ltr'><strong>rebus</strong></span> <span class='ocrx_word' id='word_1_84' title='bbox 2691 1011 2909 1063; x_wconf 75' lang='lat' dir='ltr'><strong>obscuris</strong></span> <span class='ocrx_word' id='word_1_85' title='bbox 2930 1011 3112 1062; x_wconf 79' lang='lat' dir='ltr'><strong>consuli</strong></span> <span class='ocrx_word' id='word_1_86' title='bbox 3143 1011 3372 1077; x_wconf 83' lang='lat' dir='ltr'><strong>patiatur.</strong></span> 
     </span>
    </p>
   </div>
   <div class='ocr_carea' id='block_1_10' title="bbox 780 1120 2846 1192">
    <p class='ocr_par' dir='ltr' id='par_1_10' title="bbox 780 1120 2846 1192">
     <span class='ocr_line' id='line_1_10' title="bbox 780 1120 2846 1192; baseline 0.002 -19"><span class='ocrx_word' id='word_1_87' title='bbox 780 1120 1193 1192; x_wconf 73' lang='grc' dir='ltr'>Ἀπολιναρίφ.</span> <span class='ocrx_word' id='word_1_88' title='bbox 1790 1132 1844 1182; x_wconf 79' lang='grc' dir='ltr'>Ἀ</span> <span class='ocrx_word' id='word_1_89' title='bbox 2512 1128 2550 1175; x_wconf 78' lang='grc' dir='ltr'><em>Α</em></span> <span class='ocrx_word' id='word_1_90' title='bbox 2559 1123 2846 1190; x_wconf 87' lang='lat' dir='ltr'><strong>polinario.</strong></span> 
     </span>
    </p>
   </div>
   <div class='ocr_carea' id='block_1_11' title="bbox 268 1229 1776 1307">
    <p class='ocr_par' dir='ltr' id='par_1_11' title="bbox 268 1229 1776 1307">
     <span class='ocr_line' id='line_1_11' title="bbox 268 1229 1776 1307; baseline 0.005 -24"><span class='ocrx_word' id='word_1_91' title='bbox 268 1230 359 1301; x_wconf 82' lang='grc' dir='ltr'>Τῷ</span> <span class='ocrx_word' id='word_1_92' title='bbox 391 1230 621 1302; x_wconf 85' lang='grc' dir='ltr'>δεσπότῃ</span> <span class='ocrx_word' id='word_1_93' title='bbox 654 1248 774 1300; x_wconf 90' lang='grc' dir='ltr'>μου,</span> <span class='ocrx_word' id='word_1_94' title='bbox 808 1229 886 1283; x_wconf 76' lang='grc' dir='ltr'>τῶ</span> <span class='ocrx_word' id='word_1_95' title='bbox 921 1230 1330 1305; x_wconf 84' lang='grc' dir='ltr'>αίδεσιμωτάτῳ</span> <span class='ocrx_word' id='word_1_96' title='bbox 1355 1235 1586 1307; x_wconf 77' lang='grc' dir='ltr'>ἀδελφῷ,</span> <span class='ocrx_word' id='word_1_97' title='bbox 1617 1237 1776 1290; x_wconf 80' lang='grc' dir='ltr'>Ἀπο-</span> 
     </span>
    </p>
   </div>
   <div class='ocr_carea' id='block_1_12' title="bbox 192 1321 1773 1399">
    <p class='ocr_par' dir='ltr' id='par_1_12' title="bbox 192 1321 1773 1399">
     <span class='ocr_line' id='line_1_12' title="bbox 192 1321 1773 1399; baseline 0.004 -24"><span class='ocrx_word' id='word_1_98' title='bbox 192 1321 446 1393; x_wconf 74' lang='grc' dir='ltr'>λιναρίῳ,</span> <span class='ocrx_word' id='word_1_99' title='bbox 489 1323 786 1383; x_wconf 77' lang='grc' dir='ltr'>Βασίλειος.</span> <span class='ocrx_word' id='word_1_100' title='bbox 825 1325 1209 1395; x_wconf 83' lang='grc' dir='ltr'>Διημάρτομεν</span> <span class='ocrx_word' id='word_1_101' title='bbox 1267 1326 1374 1380; x_wconf 76' lang='grc' dir='ltr'><strong>τῶν</strong></span> <span class='ocrx_word' id='word_1_102' title='bbox 1425 1328 1773 1399; x_wconf 72' lang='grc' dir='ltr'><strong>προφάσεων,</strong></span> 
     </span>
    </p>
   </div>
   <div class='ocr_carea' id='block_1_13' title="bbox 192 1406 1774 1490">
    <p class='ocr_par' dir='ltr' id='par_1_13' title="bbox 192 1406 1774 1490">
     <span class='ocr_line' id='line_1_13' title="bbox 192 1406 1774 1490; baseline 0.006 -25"><span class='ocrx_word' id='word_1_103' title='bbox 192 1412 265 1465; x_wconf 75' lang='grc' dir='ltr'>δι’</span> <span class='ocrx_word' id='word_1_104' title='bbox 301 1406 376 1466; x_wconf 80' lang='grc' dir='ltr'>ὧν</span> <span class='ocrx_word' id='word_1_105' title='bbox 427 1413 553 1484; x_wconf 77' lang='grc' dir='ltr'>ἐνῆν</span> <span class='ocrx_word' id='word_1_106' title='bbox 586 1416 902 1485; x_wconf 80' lang='grc' dir='ltr'>προσειπεῖν</span> <span class='ocrx_word' id='word_1_107' title='bbox 942 1432 1034 1468; x_wconf 89' lang='grc' dir='ltr'><strong>σου</strong></span> <span class='ocrx_word' id='word_1_108' title='bbox 1065 1416 1162 1487; x_wconf 79' lang='grc' dir='ltr'>τὴν</span> <span class='ocrx_word' id='word_1_109' title='bbox 1196 1417 1501 1483; x_wconf 81' lang='grc' dir='ltr'>εὐλάϐειαν,</span> <span class='ocrx_word' id='word_1_110' title='bbox 1531 1421 1774 1490; x_wconf 75' lang='grc' dir='ltr'>καίτοιγε</span> 
     </span>
    </p>
   </div>
   <div class='ocr_carea' id='block_1_14' title="bbox 194 1503 1777 1578">
    <p class='ocr_par' dir='ltr' id='par_1_14' title="bbox 194 1503 1777 1578">
     <span class='ocr_line' id='line_1_14' title="bbox 194 1503 1777 1578; baseline 0.006 -23"><span class='ocrx_word' id='word_1_111' title='bbox 194 1503 370 1574; x_wconf 78' lang='grc' dir='ltr'>ἡδέως</span> <span class='ocrx_word' id='word_1_112' title='bbox 415 1503 481 1557; x_wconf 84' lang='grc' dir='ltr'><strong>ἀν</strong></span> <span class='ocrx_word' id='word_1_113' title='bbox 520 1505 617 1558; x_wconf 78' lang='grc' dir='ltr'>ἐπὶ</span> <span class='ocrx_word' id='word_1_114' title='bbox 660 1507 773 1569; x_wconf 81' lang='grc' dir='ltr'>τοῖς</span> <span class='ocrx_word' id='word_1_115' title='bbox 816 1506 1138 1578; x_wconf 85' lang='grc' dir='ltr'>γράμμασιν</span> <span class='ocrx_word' id='word_1_116' title='bbox 1182 1509 1409 1575; x_wconf 79' lang='grc' dir='ltr'>ἐκείνοις</span> <span class='ocrx_word' id='word_1_117' title='bbox 1440 1513 1777 1567; x_wconf 81' lang='grc' dir='ltr'>ἐπιστείλαν-</span> 
     </span>
    </p>
   </div>
   <div class='ocr_carea' id='block_1_15' title="bbox 192 1595 1778 1673">
    <p class='ocr_par' dir='ltr' id='par_1_15' title="bbox 192 1595 1778 1673">
     <span class='ocr_line' id='line_1_15' title="bbox 192 1595 1778 1673; baseline 0.006 -26"><span class='ocrx_word' id='word_1_118' title='bbox 192 1612 308 1657; x_wconf 81' lang='grc' dir='ltr'>τες.</span> <span class='ocrx_word' id='word_1_119' title='bbox 346 1595 412 1649; x_wconf 81' lang='grc' dir='ltr'><strong>Σὲ</strong></span> <span class='ocrx_word' id='word_1_120' title='bbox 439 1595 548 1668; x_wconf 76' lang='grc' dir='ltr'><strong>γὰρ</strong></span> <span class='ocrx_word' id='word_1_121' title='bbox 568 1598 626 1649; x_wconf 83' lang='grc' dir='ltr'><strong>ὲν</strong></span> <span class='ocrx_word' id='word_1_122' title='bbox 658 1599 834 1668; x_wconf 69' lang='grc' dir='ltr'>σιωπῇ</span> <span class='ocrx_word' id='word_1_123' title='bbox 891 1598 1137 1670; x_wconf 77' lang='grc' dir='ltr'><strong>κατέχειν</strong></span> <span class='ocrx_word' id='word_1_124' title='bbox 1170 1601 1269 1669; x_wconf 78' lang='grc' dir='ltr'><strong>τὴν</strong></span> <span class='ocrx_word' id='word_1_125' title='bbox 1298 1602 1487 1673; x_wconf 74' lang='grc' dir='ltr'>ἡδονὴν</span> <span class='ocrx_word' id='word_1_126' title='bbox 1515 1604 1601 1656; x_wconf 73' lang='grc' dir='ltr'>ἐπ’</span> <span class='ocrx_word' id='word_1_127' title='bbox 1638 1604 1778 1657; x_wconf 80' lang='grc' dir='ltr'>ὲκεί-</span> 
     </span>
    </p>
   </div>
   <div class='ocr_carea' id='block_1_16' title="bbox 195 1682 1780 1757">
    <p class='ocr_par' dir='ltr' id='par_1_16' title="bbox 195 1682 1780 1757">
     <span class='ocr_line' id='line_1_16' title="bbox 195 1682 1780 1757; baseline 0.008 -23"><span class='ocrx_word' id='word_1_128' title='bbox 195 1698 311 1745; x_wconf 88' lang='grc' dir='ltr'>νοις</span> <span class='ocrx_word' id='word_1_129' title='bbox 341 1682 609 1754; x_wconf 81' lang='grc' dir='ltr'>ἥσθημεν.</span> <span class='ocrx_word' id='word_1_130' title='bbox 649 1684 855 1746; x_wconf 80' lang='grc' dir='ltr'>Ὄντως</span> <span class='ocrx_word' id='word_1_131' title='bbox 892 1683 1001 1756; x_wconf 76' lang='grc' dir='ltr'><strong>γάρ</strong></span> <span class='ocrx_word' id='word_1_132' title='bbox 1028 1689 1161 1757; x_wconf 80' lang='grc' dir='ltr'>ἡμῖν</span> <span class='ocrx_word' id='word_1_133' title='bbox 1190 1686 1373 1755; x_wconf 77' lang='grc' dir='ltr'>ἔδοξας</span> <span class='ocrx_word' id='word_1_134' title='bbox 1406 1686 1533 1756; x_wconf 80' lang='grc' dir='ltr'>οἷος</span> <span class='ocrx_word' id='word_1_135' title='bbox 1554 1694 1780 1747; x_wconf 74' lang='grc' dir='ltr'>πεπνῦ-</span> 
     </span>
    </p>
   </div>
   <div class='ocr_carea' id='block_1_17' title="bbox 192 1776 1773 1857">
    <p class='ocr_par' dir='ltr' id='par_1_17' title="bbox 192 1776 1773 1857">
     <span class='ocr_line' id='line_1_17' title="bbox 192 1776 1773 1857; baseline 0.009 -29"><span class='ocrx_word' id='word_1_136' title='bbox 192 1780 341 1830; x_wconf 81' lang='grc' dir='ltr'>σθαι</span> <span class='ocrx_word' id='word_1_137' title='bbox 362 1794 376 1807; x_wconf 75' lang='grc' dir='ltr'><strong><em>ο</em></strong></span> <span class='ocrx_word' id='word_1_138' title='bbox 415 1776 524 1828; x_wconf 83' lang='grc' dir='ltr'><strong>τῶν</strong></span> <span class='ocrx_word' id='word_1_139' title='bbox 556 1776 967 1846; x_wconf 83' lang='grc' dir='ltr'>ἑρμηνευόντων</span> <span class='ocrx_word' id='word_1_140' title='bbox 1004 1778 1059 1833; x_wconf 82' lang='grc' dir='ltr'>δὲ</span> <span class='ocrx_word' id='word_1_141' title='bbox 1090 1780 1258 1835; x_wconf 77' lang='grc' dir='ltr'>σκιαὶ</span> <span class='ocrx_word' id='word_1_142' title='bbox 1289 1782 1621 1837; x_wconf 81' lang='grc' dir='ltr'>ἁΐσσουσιν</span> <span class='ocrx_word' id='word_1_143' title='bbox 1641 1786 1773 1857; x_wconf 76' lang='grc'>(50)·</span> 
     </span>
    </p>
   </div>
   <div class='ocr_carea' id='block_1_18' title="bbox 190 1863 1775 1942">
    <p class='ocr_par' dir='ltr' id='par_1_18' title="bbox 190 1863 1775 1942">
     <span class='ocr_line' id='line_1_18' title="bbox 190 1863 1775 1942; baseline 0.008 -25"><span class='ocrx_word' id='word_1_144' title='bbox 190 1863 371 1928; x_wconf 72' lang='grc' dir='ltr'>οὕτως</span> <span class='ocrx_word' id='word_1_145' title='bbox 401 1865 486 1918; x_wconf 76' lang='grc' dir='ltr'><strong>ἐπ’</strong></span> <span class='ocrx_word' id='word_1_146' title='bbox 517 1866 794 1935; x_wconf 75' lang='grc' dir='ltr'><strong>ἀσφαλοῦς</strong></span> <span class='ocrx_word' id='word_1_147' title='bbox 810 1866 910 1937; x_wconf 79' lang='grc' dir='ltr'>τῆς</span> <span class='ocrx_word' id='word_1_148' title='bbox 930 1867 1168 1933; x_wconf 74' lang='grc' dir='ltr'><strong>διανοίας</strong></span> <span class='ocrx_word' id='word_1_149' title='bbox 1194 1868 1293 1940; x_wconf 82' lang='grc' dir='ltr'>τὴν</span> <span class='ocrx_word' id='word_1_150' title='bbox 1321 1868 1579 1940; x_wconf 78' lang='grc' dir='ltr'>εξήγησιν</span> <span class='ocrx_word' id='word_1_151' title='bbox 1607 1874 1775 1942; x_wconf 78' lang='grc' dir='ltr'>ἄγων.</span> 
     </span>
    </p>
   </div>
   <div class='ocr_carea' id='block_1_19' title="bbox 189 1955 1779 2030">
    <p class='ocr_par' dir='ltr' id='par_1_19' title="bbox 189 1955 1779 2030">
     <span class='ocr_line' id='line_1_19' title="bbox 189 1955 1779 2030; baseline 0.006 -22"><span class='ocrx_word' id='word_1_152' title='bbox 189 1956 308 2010; x_wconf 78' lang='grc' dir='ltr'>Καὶ</span> <span class='ocrx_word' id='word_1_153' title='bbox 342 1955 437 2009; x_wconf 81' lang='grc' dir='ltr'>νῦν</span> <span class='ocrx_word' id='word_1_154' title='bbox 476 1956 539 2027; x_wconf 86' lang='grc' dir='ltr'>δὴ</span> <span class='ocrx_word' id='word_1_155' title='bbox 579 1957 739 2010; x_wconf 84' lang='grc' dir='ltr'>πλέον</span> <span class='ocrx_word' id='word_1_156' title='bbox 793 1960 821 2011; x_wconf 87' lang='grc' dir='ltr'><strong>ό</strong></span> <span class='ocrx_word' id='word_1_157' title='bbox 865 1958 1004 2030; x_wconf 78' lang='grc' dir='ltr'>ἔρως</span> <span class='ocrx_word' id='word_1_158' title='bbox 1048 1959 1149 2030; x_wconf 81' lang='grc' dir='ltr'>τῆς</span> <span class='ocrx_word' id='word_1_159' title='bbox 1190 1960 1444 2028; x_wconf 82' lang='grc' dir='ltr'>γνώσεως</span> <span class='ocrx_word' id='word_1_160' title='bbox 1477 1963 1586 2016; x_wconf 84' lang='grc' dir='ltr'><strong>τῶν</strong></span> <span class='ocrx_word' id='word_1_161' title='bbox 1619 1964 1779 2019; x_wconf 89' lang='grc' dir='ltr'>θείων</span> 
     </span>
    </p>
   </div>
   <div class='ocr_carea' id='block_1_20' title="bbox 193 2046 1779 2124">
    <p class='ocr_par' dir='ltr' id='par_1_20' title="bbox 193 2046 1779 2124">
     <span class='ocr_line' id='line_1_20' title="bbox 193 2046 1779 2124; baseline 0.004 -25"><span class='ocrx_word' id='word_1_162' title='bbox 193 2046 397 2116; x_wconf 81' lang='grc' dir='ltr'>λογίων</span> <span class='ocrx_word' id='word_1_163' title='bbox 444 2047 674 2101; x_wconf 80' lang='grc' dir='ltr'>ἅπτεται</span> <span class='ocrx_word' id='word_1_164' title='bbox 726 2047 827 2118; x_wconf 78' lang='grc' dir='ltr'>τῆς</span> <span class='ocrx_word' id='word_1_165' title='bbox 860 2048 1040 2120; x_wconf 67' lang='grc' dir='ltr'>ψυχῆς</span> <span class='ocrx_word' id='word_1_166' title='bbox 1073 2067 1195 2120; x_wconf 85' lang='grc' dir='ltr'>μου.</span> <span class='ocrx_word' id='word_1_167' title='bbox 1222 2051 1523 2122; x_wconf 85' lang='grc' dir='ltr'>Προϐαλείν</span> <span class='ocrx_word' id='word_1_168' title='bbox 1557 2054 1656 2124; x_wconf 82' lang='grc' dir='ltr'><strong>μὲν</strong></span> <span class='ocrx_word' id='word_1_169' title='bbox 1687 2050 1779 2106; x_wconf 81' lang='grc' dir='ltr'><strong>οὖν</strong></span> 
     </span>
    </p>
   </div>
   <div class='ocr_carea' id='block_1_21' title="bbox 197 2136 1780 2213">
    <p class='ocr_par' dir='ltr' id='par_1_21' title="bbox 197 2136 1780 2213">
     <span class='ocr_line' id='line_1_21' title="bbox 197 2136 1780 2213; baseline 0.003 -23"><span class='ocrx_word' id='word_1_170' title='bbox 197 2155 282 2190; x_wconf 78' lang='grc' dir='ltr'><strong>σοι</strong></span> <span class='ocrx_word' id='word_1_171' title='bbox 318 2136 424 2189; x_wconf 85' lang='grc' dir='ltr'>τῶν</span> <span class='ocrx_word' id='word_1_172' title='bbox 482 2138 871 2208; x_wconf 78' lang='grc' dir='ltr'>ἀπορουμένων</span> <span class='ocrx_word' id='word_1_173' title='bbox 901 2139 1023 2191; x_wconf 74' lang='grc' dir='ltr'>τινὰ</span> <span class='ocrx_word' id='word_1_174' title='bbox 1071 2140 1315 2204; x_wconf 83' lang='grc' dir='ltr'>ἀποκνῶ,</span> <span class='ocrx_word' id='word_1_175' title='bbox 1363 2142 1437 2212; x_wconf 85' lang='grc' dir='ltr'>μὴ</span> <span class='ocrx_word' id='word_1_176' title='bbox 1467 2141 1603 2206; x_wconf 79' lang='grc' dir='ltr'>δόξω</span> <span class='ocrx_word' id='word_1_177' title='bbox 1638 2143 1780 2213; x_wconf 76' lang='grc' dir='ltr'>πέρα</span> 
     </span>
    </p>
   </div>
   <div class='ocr_carea' id='block_1_22' title="bbox 194 2228 1779 2303">
    <p class='ocr_par' dir='ltr' id='par_1_22' title="bbox 194 2228 1779 2303">
     <span class='ocr_line' id='line_1_22' title="bbox 194 2228 1779 2303; baseline 0.003 -22"><span class='ocrx_word' id='word_1_178' title='bbox 194 2228 294 2281; x_wconf 74' lang='grc' dir='ltr'>τοῦ</span> <span class='ocrx_word' id='word_1_179' title='bbox 339 2228 535 2300; x_wconf 79' lang='grc' dir='ltr'>μέτρου</span> <span class='ocrx_word' id='word_1_180' title='bbox 578 2229 935 2300; x_wconf 78' lang='grc' dir='ltr'>ἐμφορεῖσθαι</span> <span class='ocrx_word' id='word_1_181' title='bbox 967 2229 1068 2300; x_wconf 81' lang='grc' dir='ltr'>τῆς</span> <span class='ocrx_word' id='word_1_182' title='bbox 1115 2232 1447 2303; x_wconf 68' lang='grc' dir='ltr'>παρρησίας.</span> <span class='ocrx_word' id='word_1_183' title='bbox 1487 2234 1704 2303; x_wconf 70' lang='grc' dir='ltr'>Σιωπᾷν</span> <span class='ocrx_word' id='word_1_184' title='bbox 1724 2232 1779 2285; x_wconf 86' lang='grc' dir='ltr'>δὲ</span> 
     </span>
    </p>
   </div>
   <div class='ocr_carea' id='block_1_23' title="bbox 195 2319 1782 2394">
    <p class='ocr_par' dir='ltr' id='par_1_23' title="bbox 195 2319 1782 2394">
     <span class='ocr_line' id='line_1_23' title="bbox 195 2319 1782 2394; baseline 0.004 -22"><span class='ocrx_word' id='word_1_185' title='bbox 195 2319 364 2372; x_wconf 81' lang='grc' dir='ltr'>πάλιν</span> <span class='ocrx_word' id='word_1_186' title='bbox 392 2321 453 2372; x_wconf 78' lang='grc' dir='ltr'>οὐ</span> <span class='ocrx_word' id='word_1_187' title='bbox 485 2319 757 2393; x_wconf 59' lang='lat' dir='ltr'><strong>ita-pupil),</strong></span> <span class='ocrx_word' id='word_1_188' title='bbox 799 2319 1003 2375; x_wconf 81' lang='grc' dir='ltr'>ὠδίνων</span> <span class='ocrx_word' id='word_1_189' title='bbox 1032 2323 1126 2375; x_wconf 76' lang='grc' dir='ltr'>καὶ</span> <span class='ocrx_word' id='word_1_190' title='bbox 1154 2322 1234 2374; x_wconf 77' lang='grc' dir='ltr'>ἔτι</span> <span class='ocrx_word' id='word_1_191' title='bbox 1267 2324 1595 2394; x_wconf 80' lang='grc' dir='ltr'>προσλαϐεῖν</span> <span class='ocrx_word' id='word_1_192' title='bbox 1635 2324 1782 2393; x_wconf 76' lang='grc' dir='ltr'>ἐφιέ-</span> 
     </span>
    </p>
   </div>
   <div class='ocr_carea' id='block_1_24' title="bbox 198 2409 1779 2485">
    <p class='ocr_par' dir='ltr' id='par_1_24' title="bbox 198 2409 1779 2485">
     <span class='ocr_line' id='line_1_24' title="bbox 198 2409 1779 2485; baseline 0.005 -24"><span class='ocrx_word' id='word_1_193' title='bbox 198 2426 386 2479; x_wconf 81' lang='grc' dir='ltr'>μενος.</span> <span class='ocrx_word' id='word_1_194' title='bbox 449 2412 703 2483; x_wconf 80' lang='grc' dir='ltr'>Ἀριστον</span> <span class='ocrx_word' id='word_1_195' title='bbox 754 2409 847 2466; x_wconf 63' lang='grc' dir='ltr'>οἷν</span> <span class='ocrx_word' id='word_1_196' title='bbox 903 2431 992 2484; x_wconf 89' lang='grc' dir='ltr'><strong>μοι</strong></span> <span class='ocrx_word' id='word_1_197' title='bbox 1044 2415 1320 2485; x_wconf 76' lang='grc' dir='ltr'>κατεφάνη</span> <span class='ocrx_word' id='word_1_198' title='bbox 1368 2415 1632 2470; x_wconf 83' lang='grc' dir='ltr'>πυθέσθαι</span> <span class='ocrx_word' id='word_1_199' title='bbox 1662 2434 1779 2479; x_wconf 87' lang='grc' dir='ltr'>σου,</span> 
     </span>
    </p>
   </div>
   <div class='ocr_carea' id='block_1_25' title="bbox 1952 1213 3454 1289">
    <p class='ocr_par' dir='ltr' id='par_1_25' title="bbox 1952 1213 3454 1289">
     <span class='ocr_line' id='line_1_25' title="bbox 1952 1213 3454 1289; baseline 0.006 -23"><span class='ocrx_word' id='word_1_200' title='bbox 1952 1213 2180 1267; x_wconf 89' lang='lat' dir='ltr'><strong>Domino</strong></span> <span class='ocrx_word' id='word_1_201' title='bbox 2233 1229 2388 1277; x_wconf 87' lang='lat' dir='ltr'><strong>meo,</strong></span> <span class='ocrx_word' id='word_1_202' title='bbox 2444 1215 2899 1271; x_wconf 77' lang='lat' dir='ltr'><strong>reverendissitno</strong></span> <span class='ocrx_word' id='word_1_203' title='bbox 2942 1216 3141 1279; x_wconf 81' lang='lat' dir='ltr'><strong>fratri,</strong></span> <span class='ocrx_word' id='word_1_204' title='bbox 3189 1217 3454 1289; x_wconf 82' lang='lat' dir='ltr'><strong>Apolina-</strong></span> 
     </span>
    </p>
   </div>
   <div class='ocr_carea' id='block_1_26' title="bbox 1881 1303 3453 1379">
    <p class='ocr_par' dir='ltr' id='par_1_26' title="bbox 1881 1303 3453 1379">
     <span class='ocr_line' id='line_1_26' title="bbox 1881 1303 3453 1379; baseline 0.004 -21"><span class='ocrx_word' id='word_1_205' title='bbox 1881 1306 1983 1371; x_wconf 88' lang='lat' dir='ltr'><strong>rio,</strong></span> <span class='ocrx_word' id='word_1_206' title='bbox 2017 1305 2269 1361; x_wconf 85' lang='lat' dir='ltr'><strong>Basilius.</strong></span> <span class='ocrx_word' id='word_1_207' title='bbox 2312 1303 2522 1373; x_wconf 70' lang='lat' dir='ltr'><strong>Elapsm</strong></span> <span class='ocrx_word' id='word_1_208' title='bbox 2564 1313 2695 1359; x_wconf 86' lang='lat' dir='ltr'><strong>sunt</strong></span> <span class='ocrx_word' id='word_1_209' title='bbox 2750 1308 3093 1373; x_wconf 84' lang='lat' dir='ltr'><strong>occasiones,</strong></span> <span class='ocrx_word' id='word_1_210' title='bbox 3151 1312 3351 1379; x_wconf 85' lang='lat' dir='ltr'><strong>quibus</strong></span> <span class='ocrx_word' id='word_1_211' title='bbox 3384 1313 3453 1365; x_wconf 90' lang='lat' dir='ltr'><strong>li-</strong></span> 
     </span>
    </p>
   </div>
   <div class='ocr_carea' id='block_1_27' title="bbox 1881 1398 3452 1468">
    <p class='ocr_par' dir='ltr' id='par_1_27' title="bbox 1881 1398 3452 1468">
     <span class='ocr_line' id='line_1_27' title="bbox 1881 1398 3452 1468; baseline 0.004 -17"><span class='ocrx_word' id='word_1_212' title='bbox 1881 1400 2039 1451; x_wconf 86' lang='lat' dir='ltr'><strong>cebat</strong></span> <span class='ocrx_word' id='word_1_213' title='bbox 2089 1398 2341 1468; x_wconf 86' lang='lat' dir='ltr'><strong>pietatem</strong></span> <span class='ocrx_word' id='word_1_214' title='bbox 2401 1405 2550 1450; x_wconf 85' lang='lat' dir='ltr'><strong>tuam</strong></span> <span class='ocrx_word' id='word_1_215' title='bbox 2610 1398 2809 1467; x_wconf 90' lang='lat' dir='ltr'><strong>alloqui</strong></span> <span class='ocrx_word' id='word_1_216' title='bbox 2844 1439 2859 1461; x_wconf 90' lang='lat'><strong>,</strong></span> <span class='ocrx_word' id='word_1_217' title='bbox 2942 1401 3044 1454; x_wconf 84' lang='lat' dir='ltr'><strong>etsi</strong></span> <span class='ocrx_word' id='word_1_218' title='bbox 3099 1403 3349 1457; x_wconf 84' lang='lat' dir='ltr'><strong>lubenter</strong></span> <span class='ocrx_word' id='word_1_219' title='bbox 3383 1405 3452 1459; x_wconf 84' lang='lat' dir='ltr'><strong>ad</strong></span> 
     </span>
    </p>
   </div>
   <div class='ocr_carea' id='block_1_28' title="bbox 1882 1489 3455 1559">
    <p class='ocr_par' dir='ltr' id='par_1_28' title="bbox 1882 1489 3455 1559">
     <span class='ocr_line' id='line_1_28' title="bbox 1882 1489 3455 1559; baseline 0.003 -16"><span class='ocrx_word' id='word_1_220' title='bbox 1882 1490 2092 1545; x_wconf 84' lang='lat' dir='ltr'><strong>litteras</strong></span> <span class='ocrx_word' id='word_1_221' title='bbox 2129 1490 2251 1545; x_wconf 91' lang='lat' dir='ltr'><strong>illas</strong></span> <span class='ocrx_word' id='word_1_222' title='bbox 2286 1489 2767 1559; x_wconf 88' lang='lat' dir='ltr'><strong>rescripserimus.</strong></span> <span class='ocrx_word' id='word_1_223' title='bbox 2821 1490 2899 1545; x_wconf 88' lang='lat' dir='ltr'><strong>Te</strong></span> <span class='ocrx_word' id='word_1_224' title='bbox 2952 1495 3096 1547; x_wconf 89' lang='lat' dir='ltr'><strong>enim</strong></span> <span class='ocrx_word' id='word_1_225' title='bbox 3148 1496 3200 1547; x_wconf 89' lang='lat' dir='ltr'><strong>in</strong></span> <span class='ocrx_word' id='word_1_226' title='bbox 3240 1495 3455 1550; x_wconf 88' lang='lat' dir='ltr'><strong>silentio</strong></span> 
     </span>
    </p>
   </div>
   <div class='ocr_carea' id='block_1_29' title="bbox 1882 1580 3455 1653">
    <p class='ocr_par' dir='ltr' id='par_1_29' title="bbox 1882 1580 3455 1653">
     <span class='ocr_line' id='line_1_29' title="bbox 1882 1580 3455 1653; baseline 0.003 -18"><span class='ocrx_word' id='word_1_227' title='bbox 1882 1581 2129 1636; x_wconf 80' lang='lat' dir='ltr'><strong>obtinere</strong></span> <span class='ocrx_word' id='word_1_228' title='bbox 2173 1580 2506 1653; x_wconf 85' lang='lat' dir='ltr'><strong>voluptatem</strong></span> <span class='ocrx_word' id='word_1_229' title='bbox 2557 1581 2610 1635; x_wconf 93' lang='lat' dir='ltr'><strong>in</strong></span> <span class='ocrx_word' id='word_1_230' title='bbox 2671 1582 2780 1636; x_wconf 89' lang='lat' dir='ltr'><strong>illis</strong></span> <span class='ocrx_word' id='word_1_231' title='bbox 2825 1582 2988 1635; x_wconf 61' lang='lat' dir='ltr'><strong>lwtati</strong></span> <span class='ocrx_word' id='word_1_232' title='bbox 3046 1599 3256 1641; x_wconf 91' lang='lat' dir='ltr'><strong>sumus.</strong></span> <span class='ocrx_word' id='word_1_233' title='bbox 3320 1586 3455 1639; x_wconf 84' lang='lat' dir='ltr'><strong>Nam</strong></span> 
     </span>
    </p>
   </div>
   <div class='ocr_carea' id='block_1_30' title="bbox 1883 1670 3455 1744">
    <p class='ocr_par' dir='ltr' id='par_1_30' title="bbox 1883 1670 3455 1744">
     <span class='ocr_line' id='line_1_30' title="bbox 1883 1670 3455 1744; baseline 0.003 -19"><span class='ocrx_word' id='word_1_234' title='bbox 1883 1686 2069 1727; x_wconf 83' lang='lat' dir='ltr'><strong>revera</strong></span> <span class='ocrx_word' id='word_1_235' title='bbox 2108 1671 2269 1725; x_wconf 86' lang='lat' dir='ltr'><strong>nobis</strong></span> <span class='ocrx_word' id='word_1_236' title='bbox 2317 1670 2469 1725; x_wconf 82' lang='lat' dir='ltr'><strong>visus</strong></span> <span class='ocrx_word' id='word_1_237' title='bbox 2517 1685 2577 1724; x_wconf 92' lang='lat' dir='ltr'><strong>es</strong></span> <span class='ocrx_word' id='word_1_238' title='bbox 2621 1671 2766 1724; x_wconf 79' lang='lat' dir='ltr'><strong>solus</strong></span> <span class='ocrx_word' id='word_1_239' title='bbox 2809 1687 2989 1738; x_wconf 82' lang='lat' dir='ltr'><strong>sapere</strong></span> <span class='ocrx_word' id='word_1_240' title='bbox 3032 1689 3049 1726; x_wconf 89' lang='lat'><em>:</em></span> <span class='ocrx_word' id='word_1_241' title='bbox 3098 1674 3455 1744; x_wconf 84' lang='lat' dir='ltr'><strong>interpretum</strong></span> 
     </span>
    </p>
   </div>
   <div class='ocr_carea' id='block_1_31' title="bbox 1884 1761 3457 1820">
    <p class='ocr_par' dir='ltr' id='par_1_31' title="bbox 1884 1761 3457 1820">
     <span class='ocr_line' id='line_1_31' title="bbox 1884 1761 3457 1820; baseline 0.002 -4"><span class='ocrx_word' id='word_1_242' title='bbox 1884 1772 2062 1818; x_wconf 87' lang='lat' dir='ltr'><strong>autem</strong></span> <span class='ocrx_word' id='word_1_243' title='bbox 2110 1762 2309 1817; x_wconf 78' lang='lat' dir='ltr'><strong>umbra:</strong></span> <span class='ocrx_word' id='word_1_244' title='bbox 2356 1762 2576 1815; x_wconf 81' lang='lat' dir='ltr'><strong>volitant</strong></span> <span class='ocrx_word' id='word_1_245' title='bbox 2622 1777 2641 1815; x_wconf 87' lang='lat'><strong><em>:</em></strong></span> <span class='ocrx_word' id='word_1_246' title='bbox 2694 1761 2766 1815; x_wconf 86' lang='lat' dir='ltr'><strong>ita</strong></span> <span class='ocrx_word' id='word_1_247' title='bbox 2828 1763 2895 1814; x_wconf 87' lang='lat' dir='ltr'><strong>ad</strong></span> <span class='ocrx_word' id='word_1_248' title='bbox 2936 1763 3169 1817; x_wconf 88' lang='lat' dir='ltr'><strong>solidum</strong></span> <span class='ocrx_word' id='word_1_249' title='bbox 3235 1782 3457 1820; x_wconf 82' lang='lat' dir='ltr'><strong>sensum</strong></span> 
     </span>
    </p>
   </div>
   <div class='ocr_carea' id='block_1_32' title="bbox 1883 1852 3461 1926">
    <p class='ocr_par' dir='ltr' id='par_1_32' title="bbox 1883 1852 3461 1926">
     <span class='ocr_line' id='line_1_32' title="bbox 1883 1852 3461 1926; baseline 0.001 -16"><span class='ocrx_word' id='word_1_250' title='bbox 1883 1853 2277 1925; x_wconf 75' lang='lat' dir='ltr'><strong>expositionem</strong></span> <span class='ocrx_word' id='word_1_251' title='bbox 2308 1852 2483 1907; x_wconf 83' lang='lat' dir='ltr'><strong>ducis.</strong></span> <span class='ocrx_word' id='word_1_252' title='bbox 2548 1852 2614 1906; x_wconf 84' lang='lat' dir='ltr'><strong>Et</strong></span> <span class='ocrx_word' id='word_1_253' title='bbox 2662 1862 2810 1909; x_wconf 87' lang='lat' dir='ltr'><strong>certe</strong></span> <span class='ocrx_word' id='word_1_254' title='bbox 2854 1870 3001 1909; x_wconf 91' lang='lat' dir='ltr'><strong>nunc</strong></span> <span class='ocrx_word' id='word_1_255' title='bbox 3056 1858 3461 1926; x_wconf 85' lang='lat' dir='ltr'><strong>cognoscendo-</strong></span> 
     </span>
    </p>
   </div>
   <div class='ocr_carea' id='block_1_33' title="bbox 1885 1945 3459 2017">
    <p class='ocr_par' dir='ltr' id='par_1_33' title="bbox 1885 1945 3459 2017">
     <span class='ocr_line' id='line_1_33' title="bbox 1885 1945 3459 2017; baseline 0.004 -16"><span class='ocrx_word' id='word_1_256' title='bbox 1885 1963 2005 2001; x_wconf 87' lang='lat' dir='ltr'><strong>rum</strong></span> <span class='ocrx_word' id='word_1_257' title='bbox 2074 1946 2385 2001; x_wconf 89' lang='lat' dir='ltr'><strong>divinorum</strong></span> <span class='ocrx_word' id='word_1_258' title='bbox 2441 1945 2784 2014; x_wconf 85' lang='lat' dir='ltr'><strong>eloquiorum</strong></span> <span class='ocrx_word' id='word_1_259' title='bbox 2833 1946 3034 2016; x_wconf 88' lang='lat' dir='ltr'><strong>cupido</strong></span> <span class='ocrx_word' id='word_1_260' title='bbox 3085 1948 3347 2017; x_wconf 86' lang='lat' dir='ltr'><strong>majorem</strong></span> <span class='ocrx_word' id='word_1_261' title='bbox 3401 1952 3459 2007; x_wconf 91' lang='lat' dir='ltr'><strong>in</strong></span> 
     </span>
    </p>
   </div>
   <div class='ocr_carea' id='block_1_34' title="bbox 1885 2036 3462 2110">
    <p class='ocr_par' dir='ltr' id='par_1_34' title="bbox 1885 2036 3462 2110">
     <span class='ocr_line' id='line_1_34' title="bbox 1885 2036 3462 2110; baseline 0.004 -19"><span class='ocrx_word' id='word_1_262' title='bbox 1885 2037 2103 2091; x_wconf 79' lang='lat' dir='ltr'><strong>modum</strong></span> <span class='ocrx_word' id='word_1_263' title='bbox 2149 2036 2322 2108; x_wconf 81' lang='lat' dir='ltr'><strong>tangit</strong></span> <span class='ocrx_word' id='word_1_264' title='bbox 2376 2036 2619 2089; x_wconf 91' lang='lat' dir='ltr'><strong>animum</strong></span> <span class='ocrx_word' id='word_1_265' title='bbox 2664 2052 2864 2092; x_wconf 87' lang='lat' dir='ltr'><strong>meum.</strong></span> <span class='ocrx_word' id='word_1_266' title='bbox 2906 2038 2974 2091; x_wconf 83' lang='lat' dir='ltr'><strong>At</strong></span> <span class='ocrx_word' id='word_1_267' title='bbox 3009 2039 3105 2093; x_wconf 89' lang='lat' dir='ltr'><strong>tibi</strong></span> <span class='ocrx_word' id='word_1_268' title='bbox 3158 2055 3462 2110; x_wconf 86' lang='lat' dir='ltr'><strong>proponere</strong></span> 
     </span>
    </p>
   </div>
   <div class='ocr_carea' id='block_1_35' title="bbox 1885 2128 3458 2201">
    <p class='ocr_par' dir='ltr' id='par_1_35' title="bbox 1885 2128 3458 2201">
     <span class='ocr_line' id='line_1_35' title="bbox 1885 2128 3458 2201; baseline 0.003 -18"><span class='ocrx_word' id='word_1_269' title='bbox 1885 2130 2129 2201; x_wconf 75' lang='lat' dir='ltr'><strong>quaedam</strong></span> <span class='ocrx_word' id='word_1_270' title='bbox 2190 2145 2256 2184; x_wconf 84' lang='lat' dir='ltr'><strong>ex</strong></span> <span class='ocrx_word' id='word_1_271' title='bbox 2309 2128 2490 2183; x_wconf 89' lang='lat' dir='ltr'><strong>dubiis</strong></span> <span class='ocrx_word' id='word_1_272' title='bbox 2552 2144 2661 2183; x_wconf 89' lang='lat' dir='ltr'><strong>non</strong></span> <span class='ocrx_word' id='word_1_273' title='bbox 2705 2128 2881 2183; x_wconf 85' lang='lat' dir='ltr'><strong>audeo</strong></span> <span class='ocrx_word' id='word_1_274' title='bbox 2913 2170 2928 2196; x_wconf 93' lang='lat'><strong>,</strong></span> <span class='ocrx_word' id='word_1_275' title='bbox 2974 2146 3042 2185; x_wconf 89' lang='lat' dir='ltr'><strong>ne</strong></span> <span class='ocrx_word' id='word_1_276' title='bbox 3078 2132 3265 2186; x_wconf 87' lang='lat' dir='ltr'><strong>videar</strong></span> <span class='ocrx_word' id='word_1_277' title='bbox 3318 2134 3458 2187; x_wconf 86' lang='lat' dir='ltr'><strong>ultra</strong></span> 
     </span>
    </p>
   </div>
   <div class='ocr_carea' id='block_1_36' title="bbox 1885 2217 3456 2289">
    <p class='ocr_par' dir='ltr' id='par_1_36' title="bbox 1885 2217 3456 2289">
     <span class='ocr_line' id='line_1_36' title="bbox 1885 2217 3456 2289; baseline 0.002 -14"><span class='ocrx_word' id='word_1_278' title='bbox 1885 2222 2104 2275; x_wconf 87' lang='lat' dir='ltr'><strong>modum</strong></span> <span class='ocrx_word' id='word_1_279' title='bbox 2156 2221 2353 2275; x_wconf 83' lang='lat' dir='ltr'><strong>ﬁducia</strong></span> <span class='ocrx_word' id='word_1_280' title='bbox 2413 2219 2633 2289; x_wconf 85' lang='lat' dir='ltr'><strong>repleri.</strong></span> <span class='ocrx_word' id='word_1_281' title='bbox 2689 2217 2896 2277; x_wconf 88' lang='lat' dir='ltr'><strong>Tacere</strong></span> <span class='ocrx_word' id='word_1_282' title='bbox 2948 2237 3077 2287; x_wconf 58' lang='lat' dir='ltr'><strong>vero</strong></span> <span class='ocrx_word' id='word_1_283' title='bbox 3114 2223 3311 2276; x_wconf 89' lang='lat' dir='ltr'><strong>iterum</strong></span> <span class='ocrx_word' id='word_1_284' title='bbox 3348 2240 3456 2278; x_wconf 86' lang='lat' dir='ltr'><strong>non</strong></span> 
     </span>
    </p>
   </div>
   <div class='ocr_carea' id='block_1_37' title="bbox 1887 2312 3448 2385">
    <p class='ocr_par' dir='ltr' id='par_1_37' title="bbox 1887 2312 3448 2385">
     <span class='ocr_line' id='line_1_37' title="bbox 1887 2312 3448 2385; baseline 0.001 -17"><span class='ocrx_word' id='word_1_285' title='bbox 1887 2313 2134 2368; x_wconf 89' lang='lat' dir='ltr'><strong>sustineo</strong></span> <span class='ocrx_word' id='word_1_286' title='bbox 2163 2351 2179 2375; x_wconf 92' lang='lat'><strong>,</strong></span> <span class='ocrx_word' id='word_1_287' title='bbox 2236 2313 2587 2382; x_wconf 88' lang='lat' dir='ltr'><strong>parturiens,</strong></span> <span class='ocrx_word' id='word_1_288' title='bbox 2630 2312 2919 2383; x_wconf 89' lang='lat' dir='ltr'><strong>adhucque</strong></span> <span class='ocrx_word' id='word_1_289' title='bbox 2978 2321 3320 2369; x_wconf 85' lang='lat' dir='ltr'><strong>antevertere</strong></span> <span class='ocrx_word' id='word_1_290' title='bbox 3367 2331 3448 2385; x_wconf 81' lang='lat' dir='ltr'><strong>ge-</strong></span> 
     </span>
    </p>
   </div>
   <div class='ocr_carea' id='block_1_38' title="bbox 1887 2404 3461 2476">
    <p class='ocr_par' dir='ltr' id='par_1_38' title="bbox 1887 2404 3461 2476">
     <span class='ocr_line' id='line_1_38' title="bbox 1887 2404 3461 2476; baseline 0.001 -17"><span class='ocrx_word' id='word_1_291' title='bbox 1887 2404 2080 2459; x_wconf 82' lang='lat' dir='ltr'><strong>stiens.</strong></span> <span class='ocrx_word' id='word_1_292' title='bbox 2121 2404 2300 2471; x_wconf 84' lang='lat' dir='ltr'><strong>Quare</strong></span> <span class='ocrx_word' id='word_1_293' title='bbox 2347 2405 2611 2475; x_wconf 90' lang='lat' dir='ltr'><strong>optimum</strong></span> <span class='ocrx_word' id='word_1_294' title='bbox 2648 2404 2792 2459; x_wconf 78' lang='lat' dir='ltr'><strong>factu</strong></span> <span class='ocrx_word' id='word_1_295' title='bbox 2851 2405 3082 2465; x_wconf 88' lang='lat' dir='ltr'><strong>censui,</strong></span> <span class='ocrx_word' id='word_1_296' title='bbox 3115 2414 3174 2459; x_wconf 90' lang='lat' dir='ltr'><strong>ut</strong></span> <span class='ocrx_word' id='word_1_297' title='bbox 3229 2421 3461 2476; x_wconf 56' lang='lat' dir='ltr'><strong>pet-con.</strong></span> 
     </span>
    </p>
   </div>
   <div class='ocr_carea' id='block_1_39' title="bbox 197 2497 1784 2580">
    <p class='ocr_par' dir='ltr' id='par_1_39' title="bbox 197 2497 1776 2577">
     <span class='ocr_line' id='line_1_39' title="bbox 197 2497 1776 2577; baseline 0.006 -26"><span class='ocrx_word' id='word_1_298' title='bbox 197 2498 432 2569; x_wconf 78' lang='grc' dir='ltr'>πότερον</span> <span class='ocrx_word' id='word_1_299' title='bbox 481 2501 643 2572; x_wconf 77' lang='grc' dir='ltr'>ἐφίης</span> <span class='ocrx_word' id='word_1_300' title='bbox 684 2504 836 2573; x_wconf 76' lang='grc' dir='ltr'>ἡμῖν,</span> <span class='ocrx_word' id='word_1_301' title='bbox 885 2497 931 2559; x_wconf 79' lang='grc' dir='ltr'><strong>ὦ</strong></span> <span class='ocrx_word' id='word_1_302' title='bbox 983 2501 1278 2574; x_wconf 84' lang='grc' dir='ltr'>θαυμάσιε,</span> <span class='ocrx_word' id='word_1_303' title='bbox 1328 2506 1537 2577; x_wconf 74' lang='grc' dir='ltr'>ἐρωτᾷν</span> <span class='ocrx_word' id='word_1_304' title='bbox 1578 2524 1632 2559; x_wconf 90' lang='grc' dir='ltr'><strong>τι</strong></span> <span class='ocrx_word' id='word_1_305' title='bbox 1669 2507 1776 2560; x_wconf 86' lang='grc' dir='ltr'>τῶν</span> 
     </span>
    </p>
   </div>
   <div class='ocr_carea' id='block_1_40' title="bbox 1893 2497 3461 2580">
    <p class='ocr_par' dir='ltr' id='par_1_40' title="bbox 1893 2499 3461 2568">
     <span class='ocr_line' id='line_1_40' title="bbox 1893 2499 3461 2568; baseline 0.004 -18"><span class='ocrx_word' id='word_1_306' title='bbox 1893 2514 2024 2552; x_wconf 87' lang='lat' dir='ltr'><strong>.arer</strong></span> <span class='ocrx_word' id='word_1_307' title='bbox 2060 2514 2122 2553; x_wconf 79' lang='lat' dir='ltr'><strong>ex</strong></span> <span class='ocrx_word' id='word_1_308' title='bbox 2183 2507 2256 2558; x_wconf 88' lang='lat' dir='ltr'><strong>te,</strong></span> <span class='ocrx_word' id='word_1_309' title='bbox 2289 2514 2418 2553; x_wconf 89' lang='lat' dir='ltr'><strong>num</strong></span> <span class='ocrx_word' id='word_1_310' title='bbox 2459 2499 2830 2568; x_wconf 88' lang='lat' dir='ltr'><strong>permissurus</strong></span> <span class='ocrx_word' id='word_1_311' title='bbox 2876 2500 3036 2555; x_wconf 90' lang='lat' dir='ltr'><strong>nobis</strong></span> <span class='ocrx_word' id='word_1_312' title='bbox 3089 2501 3189 2562; x_wconf 90' lang='lat' dir='ltr'><strong>sis,</strong></span> <span class='ocrx_word' id='word_1_313' title='bbox 3222 2517 3256 2554; x_wconf 93' lang='lat' dir='ltr'><strong>o</strong></span> <span class='ocrx_word' id='word_1_314' title='bbox 3285 2500 3461 2556; x_wconf 86' lang='lat' dir='ltr'><strong>admi~</strong></span> 
     </span>
    </p>
   </div>
   <div class='ocr_carea' id='block_1_41' title="bbox 194 2589 1777 2666">
    <p class='ocr_par' dir='ltr' id='par_1_41' title="bbox 194 2589 1777 2666">
     <span class='ocr_line' id='line_1_41' title="bbox 194 2589 1777 2666; baseline 0.004 -24"><span class='ocrx_word' id='word_1_315' title='bbox 194 2589 613 2660; x_wconf 80' lang='grc' dir='ltr'>ἀπορουμένων,</span> <span class='ocrx_word' id='word_1_316' title='bbox 646 2590 679 2662; x_wconf 78' lang='grc' dir='ltr'>ἢ</span> <span class='ocrx_word' id='word_1_317' title='bbox 715 2592 819 2664; x_wconf 79' lang='grc' dir='ltr'><strong>χρὴ</strong></span> <span class='ocrx_word' id='word_1_318' title='bbox 857 2591 955 2663; x_wconf 79' lang='grc' dir='ltr'><strong>τὴν</strong></span> <span class='ocrx_word' id='word_1_319' title='bbox 1001 2593 1231 2663; x_wconf 80' lang='grc' dir='ltr'>ἡσυχίαν</span> <span class='ocrx_word' id='word_1_320' title='bbox 1265 2592 1440 2662; x_wconf 78' lang='grc' dir='ltr'>ἄγειν.</span> <span class='ocrx_word' id='word_1_321' title='bbox 1487 2595 1777 2666; x_wconf 85' lang='grc' dir='ltr'>Ὀπότερον</span> 
     </span>
    </p>
   </div>
   <div class='ocr_carea' id='block_1_42' title="bbox 1883 2587 3461 2660">
    <p class='ocr_par' dir='ltr' id='par_1_42' title="bbox 1883 2587 3461 2660">
     <span class='ocr_line' id='line_1_42' title="bbox 1883 2587 3461 2660; baseline 0.001 -18"><span class='ocrx_word' id='word_1_322' title='bbox 1883 2588 2090 2647; x_wconf 86' lang='lat' dir='ltr'><strong>rande.</strong></span> <span class='ocrx_word' id='word_1_323' title='bbox 2133 2587 2378 2642; x_wconf 91' lang='lat' dir='ltr'><strong>nonnihil</strong></span> <span class='ocrx_word' id='word_1_324' title='bbox 2440 2589 2779 2660; x_wconf 85' lang='lat' dir='ltr'><strong>interrogare</strong></span> <span class='ocrx_word' id='word_1_325' title='bbox 2819 2588 2887 2644; x_wconf 91' lang='lat' dir='ltr'><strong>de</strong></span> <span class='ocrx_word' id='word_1_326' title='bbox 2935 2591 3338 2652; x_wconf 79' lang='lat' dir='ltr'><strong>controversis,</strong></span> <span class='ocrx_word' id='word_1_327' title='bbox 3387 2606 3461 2644; x_wconf 89' lang='lat' dir='ltr'><strong>an</strong></span> 
     </span>
    </p>
   </div>
   <div class='ocr_carea' id='block_1_43' title="bbox 193 2678 1784 2758">
    <p class='ocr_par' dir='ltr' id='par_1_43' title="bbox 193 2678 1775 2758">
     <span class='ocr_line' id='line_1_43' title="bbox 193 2678 1775 2758; baseline 0.004 -26"><span class='ocrx_word' id='word_1_328' title='bbox 193 2679 244 2732; x_wconf 86' lang='grc' dir='ltr'>δ’</span> <span class='ocrx_word' id='word_1_329' title='bbox 279 2678 345 2732; x_wconf 87' lang='grc' dir='ltr'>ἂν</span> <span class='ocrx_word' id='word_1_330' title='bbox 379 2680 668 2755; x_wconf 81' lang='grc' dir='ltr'>ἀποκρίνῃ,</span> <span class='ocrx_word' id='word_1_331' title='bbox 692 2682 852 2735; x_wconf 84' lang='grc' dir='ltr'>τοῦτο</span> <span class='ocrx_word' id='word_1_332' title='bbox 877 2681 1183 2753; x_wconf 76' lang='grc' dir='ltr'>φυλάξομεν</span> <span class='ocrx_word' id='word_1_333' title='bbox 1209 2682 1302 2737; x_wconf 81' lang='grc' dir='ltr'>τοῦ</span> <span class='ocrx_word' id='word_1_334' title='bbox 1323 2683 1532 2737; x_wconf 82' lang='grc' dir='ltr'>λοιποῦ.</span> <span class='ocrx_word' id='word_1_335' title='bbox 1574 2684 1775 2758; x_wconf 78' lang='grc' dir='ltr'><strong>Ἐρῤω-</strong></span> 
     </span>
    </p>
   </div>
   <div class='ocr_carea' id='block_1_44' title="bbox 1893 2678 3461 2758">
    <p class='ocr_par' dir='ltr' id='par_1_44' title="bbox 1893 2678 3461 2751">
     <span class='ocr_line' id='line_1_44' title="bbox 1893 2678 3461 2751; baseline 0.001 -18"><span class='ocrx_word' id='word_1_336' title='bbox 1893 2687 2132 2750; x_wconf 63' lang='lat' dir='ltr'><strong>oporteat</strong></span> <span class='ocrx_word' id='word_1_337' title='bbox 2190 2688 2379 2735; x_wconf 87' lang='lat' dir='ltr'><strong>tenere</strong></span> <span class='ocrx_word' id='word_1_338' title='bbox 2456 2679 2756 2735; x_wconf 86' lang='lat' dir='ltr'><strong>silentium.</strong></span> <span class='ocrx_word' id='word_1_339' title='bbox 2827 2678 3109 2735; x_wconf 85' lang='lat' dir='ltr'><strong>Utrumvis</strong></span> <span class='ocrx_word' id='word_1_340' title='bbox 3162 2696 3328 2751; x_wconf 91' lang='lat' dir='ltr'><strong>porro</strong></span> <span class='ocrx_word' id='word_1_341' title='bbox 3374 2696 3461 2735; x_wconf 82' lang='lat' dir='ltr'><strong>re-</strong></span> 
     </span>
    </p>
   </div>
   <div class='ocr_carea' id='block_1_45' title="bbox 200 2770 1777 2846">
    <p class='ocr_par' dir='ltr' id='par_1_45' title="bbox 200 2770 1777 2846">
     <span class='ocr_line' id='line_1_45' title="bbox 200 2770 1777 2846; baseline 0.004 -25"><span class='ocrx_word' id='word_1_342' title='bbox 200 2770 367 2840; x_wconf 80' lang='grc' dir='ltr'>μένον</span> <span class='ocrx_word' id='word_1_343' title='bbox 402 2787 463 2824; x_wconf 85' lang='grc' dir='ltr'><strong>τε</strong></span> <span class='ocrx_word' id='word_1_344' title='bbox 514 2772 608 2824; x_wconf 79' lang='grc' dir='ltr'><strong>καὶ</strong></span> <span class='ocrx_word' id='word_1_345' title='bbox 648 2771 883 2844; x_wconf 75' lang='grc' dir='ltr'>εὖθυμον</span> <span class='ocrx_word' id='word_1_346' title='bbox 931 2774 1026 2829; x_wconf 80' lang='grc' dir='ltr'><strong>καὶ</strong></span> <span class='ocrx_word' id='word_1_347' title='bbox 1074 2773 1509 2845; x_wconf 84' lang='grc' dir='ltr'>ὑπερευχόμενον</span> <span class='ocrx_word' id='word_1_348' title='bbox 1559 2773 1777 2846; x_wconf 76' lang='grc' dir='ltr'>ἔχοιμέν</span> 
     </span>
    </p>
   </div>
   <div class='ocr_carea' id='block_1_46' title="bbox 197 2859 597 2927">
    <p class='ocr_par' dir='ltr' id='par_1_46' title="bbox 197 2859 597 2927">
     <span class='ocr_line' id='line_1_46' title="bbox 197 2859 597 2927; baseline 0.01 -15"><span class='ocrx_word' id='word_1_349' title='bbox 197 2875 264 2912; x_wconf 83' lang='grc' dir='ltr'><strong>σε</strong></span> <span class='ocrx_word' id='word_1_350' title='bbox 290 2859 597 2927; x_wconf 82' lang='grc' dir='ltr'>διαπαντός.</span> 
     </span>
    </p>
   </div>
   <div class='ocr_carea' id='block_1_47' title="bbox 719 3086 1263 3145">
    <p class='ocr_par' dir='ltr' id='par_1_47' title="bbox 719 3086 1263 3145">
     <span class='ocr_line' id='line_1_47' title="bbox 719 3086 1263 3145; baseline 0.004 -2"><span class='ocrx_word' id='word_1_351' title='bbox 719 3088 1065 3143; x_wconf 82' lang='grc' dir='ltr'><strong>ΕΠΙΣΤΟΛΗ</strong></span> <span class='ocrx_word' id='word_1_352' title='bbox 1104 3086 1263 3145; x_wconf 85' lang='grc' dir='ltr'><strong>ΤΞΔ’.</strong></span> 
     </span>
    </p>
   </div>
   <div class='ocr_carea' id='block_1_48' title="bbox 200 3232 2160 3306">
    <p class='ocr_par' dir='ltr' id='par_1_48' title="bbox 200 3232 2160 3306">
     <span class='ocr_line' id='line_1_48' title="bbox 200 3232 2160 3306; baseline 0.003 -19"><span class='ocrx_word' id='word_1_353' title='bbox 200 3232 656 3306; x_wconf 62' lang='lat' dir='ltr'><strong>Basiliumfrustra</strong></span> <span class='ocrx_word' id='word_1_354' title='bbox 672 3238 922 3306; x_wconf 71' lang='lat' dir='ltr'><strong>quasitum</strong></span> <span class='ocrx_word' id='word_1_355' title='bbox 943 3240 994 3291; x_wconf 82' lang='lat' dir='ltr'><strong>in</strong></span> <span class='ocrx_word' id='word_1_356' title='bbox 1035 3240 1348 3303; x_wconf 83' lang='lat' dir='ltr'><strong>Cappadocia</strong></span> <span class='ocrx_word' id='word_1_357' title='bbox 1383 3239 1876 3306; x_wconf 75' lang='lat' dir='ltr'><strong>Apolinarrusobtata</strong></span> <span class='ocrx_word' id='word_1_358' title='bbox 1910 3239 2160 3306; x_wconf 78' lang='lat' dir='ltr'><strong>occasione</strong></span> 
     </span>
    </p>
   </div>
   <div class='ocr_carea' id='block_1_49' title="bbox 269 3300 2173 3365">
    <p class='ocr_par' dir='ltr' id='par_1_49' title="bbox 269 3300 2173 3365">
     <span class='ocr_line' id='line_1_49' title="bbox 269 3300 2173 3365; baseline 0.005 -19"><span class='ocrx_word' id='word_1_359' title='bbox 269 3300 537 3365; x_wconf 64' lang='grc' dir='ltr'>Δεῖῃῃριὶᾳε,</span> <span class='ocrx_word' id='word_1_360' title='bbox 560 3308 605 3350; x_wconf 82' lang='lat' dir='ltr'><strong>et</strong></span> <span class='ocrx_word' id='word_1_361' title='bbox 628 3300 808 3365; x_wconf 67' lang='lat' dir='ltr'><strong>scripta</strong></span> <span class='ocrx_word' id='word_1_362' title='bbox 840 3302 989 3365; x_wconf 76' lang='lat' dir='ltr'><strong>allata</strong></span> <span class='ocrx_word' id='word_1_363' title='bbox 1009 3300 1113 3365; x_wconf 72' lang='lat' dir='ltr'><strong>esse</strong></span> <span class='ocrx_word' id='word_1_364' title='bbox 1130 3300 1334 3365; x_wconf 71' lang='lat' dir='ltr'><strong>prorsus</strong></span> <span class='ocrx_word' id='word_1_365' title='bbox 1356 3300 1631 3365; x_wconf 72' lang='lat' dir='ltr'><strong>necessaria</strong></span> <span class='ocrx_word' id='word_1_366' title='bbox 1654 3303 1719 3351; x_wconf 87' lang='lat' dir='ltr'><strong>ad</strong></span> <span class='ocrx_word' id='word_1_367' title='bbox 1746 3316 1828 3354; x_wconf 85' lang='lat' dir='ltr'><strong>eos</strong></span> <span class='ocrx_word' id='word_1_368' title='bbox 1863 3302 2173 3365; x_wconf 59' lang='lat' dir='ltr'><strong>refellenda.</strong></span> 
     </span>
    </p>
   </div>
   <div class='ocr_carea' id='block_1_50' title="bbox 1884 2770 3458 2843">
    <p class='ocr_par' dir='ltr' id='par_1_50' title="bbox 1884 2770 3458 2843">
     <span class='ocr_line' id='line_1_50' title="bbox 1884 2770 3458 2843; baseline 0 -17"><span class='ocrx_word' id='word_1_369' title='bbox 1884 2771 2196 2840; x_wconf 82' lang='lat' dir='ltr'><strong>spondeas,</strong></span> <span class='ocrx_word' id='word_1_370' title='bbox 2288 2770 2342 2825; x_wconf 88' lang='lat' dir='ltr'><strong>id</strong></span> <span class='ocrx_word' id='word_1_371' title='bbox 2415 2771 2835 2827; x_wconf 85' lang='lat' dir='ltr'><strong>observabimus</strong></span> <span class='ocrx_word' id='word_1_372' title='bbox 2904 2771 3184 2843; x_wconf 88' lang='lat' dir='ltr'><strong>deinceps.</strong></span> <span class='ocrx_word' id='word_1_373' title='bbox 3252 2771 3458 2827; x_wconf 85' lang='lat' dir='ltr'><strong>Sanum</strong></span> 
     </span>
    </p>
   </div>
   <div class='ocr_carea' id='block_1_51' title="bbox 1884 2863 3460 2936">
    <p class='ocr_par' dir='ltr' id='par_1_51' title="bbox 1884 2863 3460 2936">
     <span class='ocr_line' id='line_1_51' title="bbox 1884 2863 3460 2936; baseline 0.002 -18"><span class='ocrx_word' id='word_1_374' title='bbox 1884 2863 2181 2934; x_wconf 77' lang='lat' dir='ltr'><strong>laetumque</strong></span> <span class='ocrx_word' id='word_1_375' title='bbox 2220 2873 2275 2919; x_wconf 90' lang='lat' dir='ltr'><strong>et</strong></span> <span class='ocrx_word' id='word_1_376' title='bbox 2322 2878 2423 2935; x_wconf 90' lang='lat' dir='ltr'><strong>pro</strong></span> <span class='ocrx_word' id='word_1_377' title='bbox 2469 2865 2630 2920; x_wconf 86' lang='lat' dir='ltr'><strong>nobis</strong></span> <span class='ocrx_word' id='word_1_378' title='bbox 2685 2872 2935 2920; x_wconf 89' lang='lat' dir='ltr'><strong>orantem</strong></span> <span class='ocrx_word' id='word_1_379' title='bbox 2984 2874 3039 2921; x_wconf 83' lang='lat' dir='ltr'><strong>te</strong></span> <span class='ocrx_word' id='word_1_380' title='bbox 3078 2864 3460 2936; x_wconf 88' lang='lat' dir='ltr'><strong>possideamus</strong></span> 
     </span>
    </p>
   </div>
   <div class='ocr_carea' id='block_1_52' title="bbox 1885 2969 2120 3026">
    <p class='ocr_par' dir='ltr' id='par_1_52' title="bbox 1885 2969 2120 3026">
     <span class='ocr_line' id='line_1_52' title="bbox 1885 2969 2120 3026; baseline -0.009 -16"><span class='ocrx_word' id='word_1_381' title='bbox 1885 2969 2120 3026; x_wconf 84' lang='lat' dir='ltr'><strong>semper.</strong></span> 
     </span>
    </p>
   </div>
   <div class='ocr_carea' id='block_1_53' title="bbox 2345 3093 3072 3195">
    <p class='ocr_par' dir='ltr' id='par_1_53' title="bbox 2345 3093 3072 3195">
     <span class='ocr_line' id='line_1_53' title="bbox 2345 3093 3072 3195; baseline 0.007 -46"><span class='ocrx_word' id='word_1_382' title='bbox 2345 3093 2682 3195; x_wconf 56' lang='lat' dir='ltr'><strong>EPISTQLA</strong></span> <span class='ocrx_word' id='word_1_383' title='bbox 2706 3096 3072 3195; x_wconf 57' lang='lat' dir='ltr'><strong>FCCLXIV“.</strong></span> 
     </span>
    </p>
   </div>
   <div class='ocr_carea' id='block_1_54' title="bbox 2199 3239 3466 3311">
    <p class='ocr_par' dir='ltr' id='par_1_54' title="bbox 2199 3239 3466 3311">
     <span class='ocr_line' id='line_1_54' title="bbox 2199 3239 3466 3311; baseline -0.001 -20"><span class='ocrx_word' id='word_1_384' title='bbox 2199 3239 2491 3310; x_wconf 68' lang='lat' dir='ltr'><strong>pertinens</strong></span> <span class='ocrx_word' id='word_1_385' title='bbox 2524 3243 2718 3311; x_wconf 83' lang='lat' dir='ltr'><strong>salutat.</strong></span> <span class='ocrx_word' id='word_1_386' title='bbox 2762 3239 2976 3311; x_wconf 67' lang='lat' dir='ltr'><strong>Nuntiat</strong></span> <span class='ocrx_word' id='word_1_387' title='bbox 3003 3239 3185 3311; x_wconf 76' lang='lat' dir='ltr'><strong>venisse</strong></span> <span class='ocrx_word' id='word_1_388' title='bbox 3216 3252 3466 3311; x_wconf 74' lang='lat' dir='ltr'><strong>episcopos</strong></span> 
     </span>
    </p>
   </div>
   <div class='ocr_carea' id='block_1_55' title="bbox 2200 3303 3466 3367">
    <p class='ocr_par' dir='ltr' id='par_1_55' title="bbox 2200 3303 3466 3367">
     <span class='ocr_line' id='line_1_55' title="bbox 2200 3303 3466 3367; baseline -0.002 -15"><span class='ocrx_word' id='word_1_389' title='bbox 2200 3303 2284 3367; x_wconf 84' lang='lat' dir='ltr'><strong>qui</strong></span> <span class='ocrx_word' id='word_1_390' title='bbox 2306 3311 2444 3353; x_wconf 84' lang='lat' dir='ltr'><strong>antea</strong></span> <span class='ocrx_word' id='word_1_391' title='bbox 2470 3310 2652 3367; x_wconf 70' lang='lat' dir='ltr'><strong>aperte</strong></span> <span class='ocrx_word' id='word_1_392' title='bbox 2679 3303 3087 3367; x_wconf 20' lang='lat' dir='ltr'><strong>Acoutradicebtmt,</strong></span> <span class='ocrx_word' id='word_1_393' title='bbox 3120 3303 3251 3367; x_wconf 67' lang='lat' dir='ltr'><strong>nunc</strong></span> <span class='ocrx_word' id='word_1_394' title='bbox 3283 3303 3466 3367; x_wconf 72' lang='lat' dir='ltr'><strong>occulte</strong></span> 
     </span>
    </p>
   </div>
   <div class='ocr_carea' id='block_1_56' title="bbox 265 3360 3465 3429">
    <p class='ocr_par' dir='ltr' id='par_1_56' title="bbox 265 3360 3465 3429">
     <span class='ocr_line' id='line_1_56' title="bbox 265 3360 3465 3429; baseline 0.002 -21"><span class='ocrx_word' id='word_1_395' title='bbox 265 3360 613 3429; x_wconf 67' lang='lat' dir='ltr'><strong>contradicunt.</strong></span> <span class='ocrx_word' id='word_1_396' title='bbox 634 3360 904 3429; x_wconf 73' lang='lat' dir='ltr'><strong>introducto</strong></span> <span class='ocrx_word' id='word_1_397' title='bbox 922 3362 1073 3429; x_wconf 64' lang='lat' dir='ltr'><strong>simili</strong></span> <span class='ocrx_word' id='word_1_398' title='bbox 1084 3360 1357 3429; x_wconf 65' lang='lat' dir='ltr'><strong>secundum</strong></span> <span class='ocrx_word' id='word_1_399' title='bbox 1378 3362 1652 3429; x_wconf 69' lang='lat' dir='ltr'><strong>essentiam,</strong></span> <span class='ocrx_word' id='word_1_400' title='bbox 1674 3371 1723 3413; x_wconf 88' lang='lat' dir='ltr'><strong>ut</strong></span> <span class='ocrx_word' id='word_1_401' title='bbox 1741 3360 2142 3415; x_wconf 75' lang='lat' dir='ltr'><strong>consubstantiate</strong></span> <span class='ocrx_word' id='word_1_402' title='bbox 2163 3360 2436 3428; x_wconf 73' lang='lat' dir='ltr'><strong>abrogetur.</strong></span> <span class='ocrx_word' id='word_1_403' title='bbox 2455 3360 2601 3416; x_wconf 73' lang='lat' dir='ltr'><strong>Same</strong></span> <span class='ocrx_word' id='word_1_404' title='bbox 2617 3363 2735 3429; x_wconf 78' lang='lat' dir='ltr'><strong>ﬁdei</strong></span> <span class='ocrx_word' id='word_1_405' title='bbox 2757 3360 3081 3429; x_wconf 65' lang='lat' dir='ltr'><strong>detensimtent</strong></span> <span class='ocrx_word' id='word_1_406' title='bbox 3111 3361 3289 3414; x_wconf 75' lang='lat' dir='ltr'><strong>nemini</strong></span> <span class='ocrx_word' id='word_1_407' title='bbox 3311 3361 3465 3427; x_wconf 84' lang='lat' dir='ltr'><strong>magis</strong></span> 
     </span>
    </p>
   </div>
   <div class='ocr_carea' id='block_1_57' title="bbox 269 3424 1499 3491">
    <p class='ocr_par' dir='ltr' id='par_1_57' title="bbox 269 3424 1499 3491">
     <span class='ocr_line' id='line_1_57' title="bbox 269 3424 1499 3491; baseline 0.002 -20"><span class='ocrx_word' id='word_1_408' title='bbox 269 3433 534 3486; x_wconf 83' lang='lat' dir='ltr'><strong>congruere</strong></span> <span class='ocrx_word' id='word_1_409' title='bbox 555 3424 790 3484; x_wconf 81' lang='lat' dir='ltr'><strong>declarat,</strong></span> <span class='ocrx_word' id='word_1_410' title='bbox 812 3436 958 3487; x_wconf 86' lang='lat' dir='ltr'><strong>quam</strong></span> <span class='ocrx_word' id='word_1_411' title='bbox 979 3424 1162 3475; x_wconf 79' lang='lat' dir='ltr'><strong>Basilio</strong></span> <span class='ocrx_word' id='word_1_412' title='bbox 1180 3432 1226 3477; x_wconf 82' lang='lat' dir='ltr'><strong>et</strong></span> <span class='ocrx_word' id='word_1_413' title='bbox 1246 3425 1499 3491; x_wconf 86' lang='lat' dir='ltr'><strong>Gregorio.</strong></span> 
     </span>
    </p>
   </div>
   <div class='ocr_carea' id='block_1_58' title="bbox 613 3531 1369 3601">
    <p class='ocr_par' dir='ltr' id='par_1_58' title="bbox 613 3531 1369 3601">
     <span class='ocr_line' id='line_1_58' title="bbox 613 3531 1369 3601; baseline 0.001 -17"><span class='ocrx_word' id='word_1_414' title='bbox 613 3532 905 3595; x_wconf 69' lang='grc' dir='ltr'>Βασιλείῳ</span> <span class='ocrx_word' id='word_1_415' title='bbox 948 3531 1369 3601; x_wconf 75' lang='grc' dir='ltr'>Ἀπολινάριος.</span> 
     </span>
    </p>
   </div>
   <div class='ocr_carea' id='block_1_59' title="bbox 282 3641 1779 3717">
    <p class='ocr_par' dir='ltr' id='par_1_59' title="bbox 282 3641 1779 3717">
     <span class='ocr_line' id='line_1_59' title="bbox 282 3641 1779 3717; baseline 0.003 -23"><span class='ocrx_word' id='word_1_416' title='bbox 282 3641 371 3713; x_wconf 80' lang='grc' dir='ltr'><strong>Τῷ</strong></span> <span class='ocrx_word' id='word_1_417' title='bbox 395 3642 626 3714; x_wconf 81' lang='grc' dir='ltr'>δεσπότῃ</span> <span class='ocrx_word' id='word_1_418' title='bbox 674 3658 796 3714; x_wconf 90' lang='grc' dir='ltr'>μου,</span> <span class='ocrx_word' id='word_1_419' title='bbox 826 3644 905 3713; x_wconf 84' lang='grc' dir='ltr'><strong>τῷ</strong></span> <span class='ocrx_word' id='word_1_420' title='bbox 940 3645 1302 3717; x_wconf 82' lang='grc' dir='ltr'>ποθεινοτάτῳ</span> <span class='ocrx_word' id='word_1_421' title='bbox 1350 3645 1585 3716; x_wconf 81' lang='grc' dir='ltr'>ἀδελφῷ,</span> <span class='ocrx_word' id='word_1_422' title='bbox 1617 3646 1779 3699; x_wconf 84' lang='grc' dir='ltr'>Βασι-</span> 
     </span>
    </p>
   </div>
   <div class='ocr_carea' id='block_1_60' title="bbox 2394 3531 2995 3597">
    <p class='ocr_par' dir='ltr' id='par_1_60' title="bbox 2394 3531 2995 3597">
     <span class='ocr_line' id='line_1_60' title="bbox 2394 3531 2995 3597; baseline 0.003 -11"><span class='ocrx_word' id='word_1_423' title='bbox 2394 3532 2600 3586; x_wconf 86' lang='lat' dir='ltr'><strong>Basilio</strong></span> <span class='ocrx_word' id='word_1_424' title='bbox 2638 3531 2995 3597; x_wconf 79' lang='lat' dir='ltr'><strong>Apoliuarius.</strong></span> 
     </span>
    </p>
   </div>
   <div class='ocr_carea' id='block_1_61' title="bbox 1958 3638 3461 3711">
    <p class='ocr_par' dir='ltr' id='par_1_61' title="bbox 1958 3638 3461 3711">
     <span class='ocr_line' id='line_1_61' title="bbox 1958 3638 3461 3711; baseline -0.003 -15"><span class='ocrx_word' id='word_1_425' title='bbox 1958 3643 2189 3697; x_wconf 79' lang='lat' dir='ltr'><strong>Domino</strong></span> <span class='ocrx_word' id='word_1_426' title='bbox 2261 3657 2428 3706; x_wconf 86' lang='lat' dir='ltr'><strong>meo,</strong></span> <span class='ocrx_word' id='word_1_427' title='bbox 2498 3642 2914 3711; x_wconf 80' lang='lat' dir='ltr'><strong>exoptatissimo</strong></span> <span class='ocrx_word' id='word_1_428' title='bbox 2984 3639 3185 3704; x_wconf 76' lang='lat' dir='ltr'><strong>fratri,</strong></span> <span class='ocrx_word' id='word_1_429' title='bbox 3239 3638 3461 3705; x_wconf 86' lang='lat' dir='ltr'><strong>Basilio,</strong></span> 
     </span>
    </p>
   </div>
   <div class='ocr_carea' id='block_1_62' title="bbox 202 3730 1784 3812">
    <p class='ocr_par' dir='ltr' id='par_1_62' title="bbox 202 3731 1783 3808">
     <span class='ocr_line' id='line_1_62' title="bbox 202 3731 1783 3808; baseline 0.003 -24"><span class='ocrx_word' id='word_1_430' title='bbox 202 3731 360 3803; x_wconf 83' lang='grc' dir='ltr'>λείῳ,</span> <span class='ocrx_word' id='word_1_431' title='bbox 392 3733 762 3805; x_wconf 71' lang='grc' dir='ltr'>’Λπολινάριος</span> <span class='ocrx_word' id='word_1_432' title='bbox 796 3737 853 3789; x_wconf 83' lang='grc' dir='ltr'>ὲν</span> <span class='ocrx_word' id='word_1_433' title='bbox 883 3736 1071 3807; x_wconf 80' lang='grc' dir='ltr'>Κυρίῳ</span> <span class='ocrx_word' id='word_1_434' title='bbox 1100 3736 1331 3808; x_wconf 84' lang='grc' dir='ltr'>χαίρειν.</span> <span class='ocrx_word' id='word_1_435' title='bbox 1359 3736 1469 3790; x_wconf 78' lang='grc' dir='ltr'><strong>Ποῦ</strong></span> <span class='ocrx_word' id='word_1_436' title='bbox 1508 3738 1604 3807; x_wconf 81' lang='grc' dir='ltr'><strong>μὲν</strong></span> <span class='ocrx_word' id='word_1_437' title='bbox 1634 3738 1783 3808; x_wconf 67' lang='grc' dir='ltr'>ήμην</span> 
     </span>
    </p>
   </div>
   <div class='ocr_carea' id='block_1_63' title="bbox 1893 3730 3468 3812">
    <p class='ocr_par' dir='ltr' id='par_1_63' title="bbox 1893 3730 3468 3806">
     <span class='ocr_line' id='line_1_63' title="bbox 1893 3730 3468 3806; baseline -0.001 -17"><span class='ocrx_word' id='word_1_438' title='bbox 1893 3736 2238 3806; x_wconf 85' lang='lat' dir='ltr'><strong>Apolinarius</strong></span> <span class='ocrx_word' id='word_1_439' title='bbox 2291 3735 2347 3787; x_wconf 90' lang='lat' dir='ltr'><strong>in</strong></span> <span class='ocrx_word' id='word_1_440' title='bbox 2425 3732 2654 3786; x_wconf 89' lang='lat' dir='ltr'><strong>Domino</strong></span> <span class='ocrx_word' id='word_1_441' title='bbox 2731 3733 2984 3787; x_wconf 85' lang='lat' dir='ltr'><strong>salutem.</strong></span> <span class='ocrx_word' id='word_1_442' title='bbox 3053 3730 3283 3786; x_wconf 87' lang='lat' dir='ltr'><strong>Ubinam</strong></span> <span class='ocrx_word' id='word_1_443' title='bbox 3346 3733 3468 3801; x_wconf 86' lang='lat' dir='ltr'><strong>ipse</strong></span> 
     </span>
    </p>
   </div>
   <div class='ocr_carea' id='block_1_64' title="bbox 204 3825 1786 3900">
    <p class='ocr_par' dir='ltr' id='par_1_64' title="bbox 204 3825 1786 3900">
     <span class='ocr_line' id='line_1_64' title="bbox 204 3825 1786 3900; baseline 0.003 -23"><span class='ocrx_word' id='word_1_444' title='bbox 204 3825 375 3889; x_wconf 78' lang='grc' dir='ltr'>αὐτὸς</span> <span class='ocrx_word' id='word_1_445' title='bbox 401 3866 416 3891; x_wconf 92' lang='grc'><strong>,</strong></span> <span class='ocrx_word' id='word_1_446' title='bbox 450 3826 718 3887; x_wconf 78' lang='grc' dir='ltr'>δέσποτα,</span> <span class='ocrx_word' id='word_1_447' title='bbox 752 3827 856 3880; x_wconf 72' lang='grc' dir='ltr'>ποῦ</span> <span class='ocrx_word' id='word_1_448' title='bbox 902 3828 959 3880; x_wconf 83' lang='grc' dir='ltr'>δὲ</span> <span class='ocrx_word' id='word_1_449' title='bbox 1007 3830 1040 3899; x_wconf 80' lang='grc' dir='ltr'>ἡ</span> <span class='ocrx_word' id='word_1_450' title='bbox 1093 3829 1445 3899; x_wconf 86' lang='grc' dir='ltr'>ποθεινοτάτη</span> <span class='ocrx_word' id='word_1_451' title='bbox 1489 3828 1640 3900; x_wconf 80' lang='grc' dir='ltr'>φωνὴ</span> <span class='ocrx_word' id='word_1_452' title='bbox 1692 3831 1786 3883; x_wconf 80' lang='grc' dir='ltr'><strong>καὶ</strong></span> 
     </span>
    </p>
   </div>
   <div class='ocr_carea' id='block_1_65' title="bbox 205 3915 1786 3991">
    <p class='ocr_par' dir='ltr' id='par_1_65' title="bbox 205 3915 1786 3991">
     <span class='ocr_line' id='line_1_65' title="bbox 205 3915 1786 3991; baseline 0.002 -22"><span class='ocrx_word' id='word_1_453' title='bbox 205 3915 452 3986; x_wconf 85' lang='grc' dir='ltr'>γράμμα</span> <span class='ocrx_word' id='word_1_454' title='bbox 478 3917 537 3970; x_wconf 79' lang='grc' dir='ltr'>τὸ</span> <span class='ocrx_word' id='word_1_455' title='bbox 569 3917 830 3988; x_wconf 83' lang='grc' dir='ltr'>σόνηθες;</span> <span class='ocrx_word' id='word_1_456' title='bbox 867 3920 920 3973; x_wconf 83' lang='grc' dir='ltr'><strong>τί</strong></span> <span class='ocrx_word' id='word_1_457' title='bbox 950 3919 1008 3972; x_wconf 79' lang='grc' dir='ltr'><strong>δὲ</strong></span> <span class='ocrx_word' id='word_1_458' title='bbox 1039 3921 1100 3972; x_wconf 80' lang='grc' dir='ltr'><strong>οὐ</strong></span> <span class='ocrx_word' id='word_1_459' title='bbox 1128 3918 1319 3991; x_wconf 85' lang='grc' dir='ltr'>παρὼν</span> <span class='ocrx_word' id='word_1_460' title='bbox 1344 3920 1598 3990; x_wconf 79' lang='grc' dir='ltr'>ἀμύνεις,</span> <span class='ocrx_word' id='word_1_461' title='bbox 1628 3921 1661 3990; x_wconf 80' lang='grc' dir='ltr'>ἢ</span> <span class='ocrx_word' id='word_1_462' title='bbox 1690 3921 1786 3973; x_wconf 77' lang='grc' dir='ltr'>καὶ</span> 
     </span>
    </p>
   </div>
   <div class='ocr_carea' id='block_1_66' title="bbox 206 4006 1786 4082">
    <p class='ocr_par' dir='ltr' id='par_1_66' title="bbox 206 4006 1786 4082">
     <span class='ocr_line' id='line_1_66' title="bbox 206 4006 1786 4082; baseline 0.003 -21"><span class='ocrx_word' id='word_1_463' title='bbox 206 4006 372 4061; x_wconf 79' lang='grc' dir='ltr'>ἀπὼν</span> <span class='ocrx_word' id='word_1_464' title='bbox 412 4009 838 4080; x_wconf 73' lang='grc' dir='ltr'>παρακελεύεις,</span> <span class='ocrx_word' id='word_1_465' title='bbox 890 4010 1130 4082; x_wconf 80' lang='grc' dir='ltr'>πολέμου</span> <span class='ocrx_word' id='word_1_466' title='bbox 1185 4011 1440 4065; x_wconf 83' lang='grc' dir='ltr'>τοσούτου</span> <span class='ocrx_word' id='word_1_467' title='bbox 1488 4011 1630 4065; x_wconf 85' lang='grc' dir='ltr'><strong>κατά</strong></span> <span class='ocrx_word' id='word_1_468' title='bbox 1685 4012 1786 4080; x_wconf 74' lang='grc' dir='ltr'>τῆς</span> 
     </span>
    </p>
   </div>
   <div class='ocr_carea' id='block_1_67' title="bbox 208 4095 1788 4172">
    <p class='ocr_par' dir='ltr' id='par_1_67' title="bbox 208 4095 1788 4172">
     <span class='ocr_line' id='line_1_67' title="bbox 208 4095 1788 4172; baseline 0.002 -22"><span class='ocrx_word' id='word_1_469' title='bbox 208 4096 495 4160; x_wconf 73' lang='grc' dir='ltr'>εὐσεϐείας</span> <span class='ocrx_word' id='word_1_470' title='bbox 526 4099 852 4168; x_wconf 71' lang='grc' dir='ltr'>ἐρρωγότος,</span> <span class='ocrx_word' id='word_1_471' title='bbox 892 4100 986 4152; x_wconf 81' lang='grc' dir='ltr'>καὶ</span> <span class='ocrx_word' id='word_1_472' title='bbox 1020 4099 1175 4172; x_wconf 80' lang='grc' dir='ltr'>ἡμῶν</span> <span class='ocrx_word' id='word_1_473' title='bbox 1197 4095 1306 4153; x_wconf 79' lang='grc' dir='ltr'>οἷον</span> <span class='ocrx_word' id='word_1_474' title='bbox 1340 4102 1397 4153; x_wconf 81' lang='grc' dir='ltr'>ὲν</span> <span class='ocrx_word' id='word_1_475' title='bbox 1434 4100 1573 4171; x_wconf 79' lang='grc' dir='ltr'>μέσῃ</span> <span class='ocrx_word' id='word_1_476' title='bbox 1609 4116 1788 4171; x_wconf 87' lang='grc' dir='ltr'>παρα-</span> 
     </span>
    </p>
   </div>
   <div class='ocr_carea' id='block_1_68' title="bbox 204 4188 1788 4263">
    <p class='ocr_par' dir='ltr' id='par_1_68' title="bbox 204 4188 1788 4263">
     <span class='ocr_line' id='line_1_68' title="bbox 204 4188 1788 4263; baseline 0.001 -21"><span class='ocrx_word' id='word_1_477' title='bbox 204 4189 365 4255; x_wconf 78' lang='grc' dir='ltr'>τάξει</span> <span class='ocrx_word' id='word_1_478' title='bbox 401 4188 647 4259; x_wconf 78' lang='grc' dir='ltr'>βοώντων</span> <span class='ocrx_word' id='word_1_479' title='bbox 680 4191 817 4263; x_wconf 82' lang='grc' dir='ltr'>πρὸς</span> <span class='ocrx_word' id='word_1_480' title='bbox 847 4192 974 4255; x_wconf 74' lang='grc' dir='ltr'>τοὺς</span> <span class='ocrx_word' id='word_1_481' title='bbox 1008 4193 1259 4263; x_wconf 80' lang='grc' dir='ltr'>ἑταίρους</span> <span class='ocrx_word' id='word_1_482' title='bbox 1303 4191 1394 4245; x_wconf 87' lang='grc' dir='ltr'>διὰ</span> <span class='ocrx_word' id='word_1_483' title='bbox 1433 4193 1533 4260; x_wconf 77' lang='grc' dir='ltr'>τὴν</span> <span class='ocrx_word' id='word_1_484' title='bbox 1578 4194 1643 4244; x_wconf 77' lang='grc' dir='ltr'><strong>ἐκ</strong></span> <span class='ocrx_word' id='word_1_485' title='bbox 1676 4190 1788 4243; x_wconf 77' lang='grc' dir='ltr'><strong>τῶν</strong></span> 
     </span>
    </p>
   </div>
   <div class='ocr_carea' id='block_1_69' title="bbox 212 4279 1787 4352">
    <p class='ocr_par' dir='ltr' id='par_1_69' title="bbox 212 4279 1787 4352">
     <span class='ocr_line' id='line_1_69' title="bbox 212 4279 1787 4352; baseline 0 -20"><span class='ocrx_word' id='word_1_486' title='bbox 212 4280 492 4349; x_wconf 79' lang='grc' dir='ltr'>πολεμίων</span> <span class='ocrx_word' id='word_1_487' title='bbox 543 4280 699 4349; x_wconf 85' lang='grc' dir='ltr'>βίαν;</span> <span class='ocrx_word' id='word_1_488' title='bbox 750 4281 819 4334; x_wconf 84' lang='grc' dir='ltr'><strong>Σὲ</strong></span> <span class='ocrx_word' id='word_1_489' title='bbox 859 4281 936 4344; x_wconf 80' lang='grc' dir='ltr'><strong>δὲ,</strong></span> <span class='ocrx_word' id='word_1_490' title='bbox 971 4281 1081 4334; x_wconf 83' lang='grc' dir='ltr'>οὐδ’</span> <span class='ocrx_word' id='word_1_491' title='bbox 1122 4282 1272 4344; x_wconf 82' lang='grc' dir='ltr'>ὅπως</span> <span class='ocrx_word' id='word_1_492' title='bbox 1324 4281 1392 4335; x_wconf 85' lang='grc' dir='ltr'><strong>ἂν</strong></span> <span class='ocrx_word' id='word_1_493' title='bbox 1442 4279 1787 4352; x_wconf 77' lang='grc' dir='ltr'>ζητήσωμεν,</span> 
     </span>
    </p>
   </div>
   <div class='ocr_carea' id='block_1_70' title="bbox 212 4368 1789 4446">
    <p class='ocr_par' dir='ltr' id='par_1_70' title="bbox 212 4368 1789 4446">
     <span class='ocr_line' id='line_1_70' title="bbox 212 4368 1789 4446; baseline 0 -20"><span class='ocrx_word' id='word_1_494' title='bbox 212 4373 447 4444; x_wconf 69' lang='grc' dir='ltr'>ἔχομεν·</span> <span class='ocrx_word' id='word_1_495' title='bbox 502 4375 622 4427; x_wconf 72' lang='grc' dir='ltr'>ἐπεὶ</span> <span class='ocrx_word' id='word_1_496' title='bbox 661 4375 795 4445; x_wconf 75' lang='grc' dir='ltr'>μηδὲ</span> <span class='ocrx_word' id='word_1_497' title='bbox 849 4368 911 4428; x_wconf 79' lang='grc' dir='ltr'>οὗ</span> <span class='ocrx_word' id='word_1_498' title='bbox 948 4375 1239 4445; x_wconf 79' lang='grc' dir='ltr'>τυγχάνεις</span> <span class='ocrx_word' id='word_1_499' title='bbox 1291 4374 1582 4446; x_wconf 84' lang='grc' dir='ltr'>διατρίϐων</span> <span class='ocrx_word' id='word_1_500' title='bbox 1635 4375 1789 4445; x_wconf 84' lang='grc' dir='ltr'>εὑρί-</span> 
     </span>
    </p>
   </div>
   <div class='ocr_carea' id='block_1_71' title="bbox 213 4464 1790 4539">
    <p class='ocr_par' dir='ltr' id='par_1_71' title="bbox 213 4464 1790 4539">
     <span class='ocr_line' id='line_1_71' title="bbox 213 4464 1790 4539; baseline 0.001 -22"><span class='ocrx_word' id='word_1_501' title='bbox 213 4479 441 4534; x_wconf 85' lang='grc' dir='ltr'>σκομεν.</span> <span class='ocrx_word' id='word_1_502' title='bbox 478 4465 619 4518; x_wconf 79' lang='grc' dir='ltr'>Ἀλλ’</span> <span class='ocrx_word' id='word_1_503' title='bbox 644 4464 886 4539; x_wconf 79' lang='grc' dir='ltr'>ἐζήτησα</span> <span class='ocrx_word' id='word_1_504' title='bbox 916 4466 1014 4538; x_wconf 84' lang='grc' dir='ltr'><strong>μὲν</strong></span> <span class='ocrx_word' id='word_1_505' title='bbox 1046 4467 1106 4520; x_wconf 84' lang='grc' dir='ltr'>ὲν</span> <span class='ocrx_word' id='word_1_506' title='bbox 1136 4468 1204 4539; x_wconf 77' lang='grc' dir='ltr'>τῇ</span> <span class='ocrx_word' id='word_1_507' title='bbox 1237 4464 1641 4527; x_wconf 79' lang='grc' dir='ltr'>Καππαδοκῶν,</span> <span class='ocrx_word' id='word_1_508' title='bbox 1666 4466 1790 4519; x_wconf 70' lang='grc' dir='ltr'>ἐπεὶ</span> 
     </span>
    </p>
   </div>
   <div class='ocr_carea' id='block_1_72' title="bbox 214 4555 1788 4629">
    <p class='ocr_par' dir='ltr' id='par_1_72' title="bbox 214 4555 1788 4629">
     <span class='ocr_line' id='line_1_72' title="bbox 214 4555 1788 4629; baseline 0.001 -21"><span class='ocrx_word' id='word_1_509' title='bbox 214 4556 314 4609; x_wconf 71' lang='grc' dir='ltr'>καὶ</span> <span class='ocrx_word' id='word_1_510' title='bbox 334 4555 507 4620; x_wconf 76' lang='grc' dir='ltr'>οὕτως</span> <span class='ocrx_word' id='word_1_511' title='bbox 536 4557 798 4627; x_wconf 67' lang='grc' dir='ltr'>ἤγγελλον</span> <span class='ocrx_word' id='word_1_512' title='bbox 834 4560 884 4612; x_wconf 81' lang='lat' dir='ltr'><strong>oi</strong></span> <span class='ocrx_word' id='word_1_513' title='bbox 910 4560 969 4612; x_wconf 80' lang='grc' dir='ltr'>ἐν</span> <span class='ocrx_word' id='word_1_514' title='bbox 1020 4558 1207 4629; x_wconf 86' lang='grc' dir='ltr'>Πόντῳ</span> <span class='ocrx_word' id='word_1_515' title='bbox 1251 4574 1333 4612; x_wconf 86' lang='grc' dir='ltr'><strong>σοι</strong></span> <span class='ocrx_word' id='word_1_516' title='bbox 1385 4557 1788 4629; x_wconf 85' lang='grc' dir='ltr'>περιτυχόντες,</span> 
     </span>
    </p>
   </div>
   <div class='ocr_carea' id='block_1_73' title="bbox 212 4644 1793 4722">
    <p class='ocr_par' dir='ltr' id='par_1_73' title="bbox 212 4644 1793 4722">
     <span class='ocr_line' id='line_1_73' title="bbox 212 4644 1793 4722; baseline -0.001 -20"><span class='ocrx_word' id='word_1_517' title='bbox 212 4648 556 4720; x_wconf 69' lang='grc' dir='ltr'>ἐπηγγέλθαι</span> <span class='ocrx_word' id='word_1_518' title='bbox 587 4666 644 4703; x_wconf 89' lang='grc' dir='ltr'><strong>σε</strong></span> <span class='ocrx_word' id='word_1_519' title='bbox 672 4648 866 4702; x_wconf 80' lang='grc' dir='ltr'>θᾶττον</span> <span class='ocrx_word' id='word_1_520' title='bbox 898 4649 1189 4722; x_wconf 75' lang='grc' dir='ltr'>ἐπανήξειν</span> <span class='ocrx_word' id='word_1_521' title='bbox 1209 4667 1221 4680; x_wconf 93' lang='grc'><strong>·</strong></span> <span class='ocrx_word' id='word_1_522' title='bbox 1250 4650 1350 4722; x_wconf 74' lang='grc' dir='ltr'><strong>οὐχ</strong></span> <span class='ocrx_word' id='word_1_523' title='bbox 1386 4644 1545 4720; x_wconf 71' lang='grc' dir='ltr'>εὖρον</span> <span class='ocrx_word' id='word_1_524' title='bbox 1579 4650 1636 4702; x_wconf 86' lang='grc' dir='ltr'><strong>δὲ</strong></span> <span class='ocrx_word' id='word_1_525' title='bbox 1663 4648 1793 4702; x_wconf 79' lang='grc' dir='ltr'>ἔνθα</span> 
     </span>
    </p>
   </div>
   <div class='ocr_carea' id='block_1_74' title="bbox 212 4739 1792 4814">
    <p class='ocr_par' dir='ltr' id='par_1_74' title="bbox 212 4739 1792 4814">
     <span class='ocr_line' id='line_1_74' title="bbox 212 4739 1792 4814; baseline 0.003 -23"><span class='ocrx_word' id='word_1_526' title='bbox 212 4739 470 4811; x_wconf 66' lang='grc' dir='ltr'>ἤλπιζον.</span> <span class='ocrx_word' id='word_1_527' title='bbox 522 4741 634 4795; x_wconf 77' lang='grc' dir='ltr'><strong>Νῦν</strong></span> <span class='ocrx_word' id='word_1_528' title='bbox 674 4741 733 4795; x_wconf 88' lang='grc' dir='ltr'>δὲ</span> <span class='ocrx_word' id='word_1_529' title='bbox 781 4740 861 4795; x_wconf 75' lang='grc' dir='ltr'>ἔτι</span> <span class='ocrx_word' id='word_1_530' title='bbox 896 4758 955 4795; x_wconf 89' lang='grc' dir='ltr'><strong>σε</strong></span> <span class='ocrx_word' id='word_1_531' title='bbox 993 4743 1137 4795; x_wconf 85' lang='grc' dir='ltr'><strong>κατά</strong></span> <span class='ocrx_word' id='word_1_532' title='bbox 1182 4742 1277 4814; x_wconf 77' lang='grc' dir='ltr'>τὴν</span> <span class='ocrx_word' id='word_1_533' title='bbox 1326 4741 1495 4813; x_wconf 72' lang='grc' dir='ltr'>αὐτὴν</span> <span class='ocrx_word' id='word_1_534' title='bbox 1539 4742 1792 4810; x_wconf 88' lang='grc' dir='ltr'>διάγοντα</span> 
     </span>
    </p>
   </div>
   <div class='ocr_carea' id='block_1_75' title="bbox 215 4831 1794 4906">
    <p class='ocr_par' dir='ltr' id='par_1_75' title="bbox 215 4831 1794 4906">
     <span class='ocr_line' id='line_1_75' title="bbox 215 4831 1794 4906; baseline 0.001 -22"><span class='ocrx_word' id='word_1_535' title='bbox 215 4831 406 4903; x_wconf 83' lang='grc' dir='ltr'>χώραν</span> <span class='ocrx_word' id='word_1_536' title='bbox 442 4831 701 4895; x_wconf 79' lang='grc' dir='ltr'>ἀκούσας.</span> <span class='ocrx_word' id='word_1_537' title='bbox 745 4832 908 4897; x_wconf 85' lang='grc' dir='ltr'>εὐθὺς</span> <span class='ocrx_word' id='word_1_538' title='bbox 939 4831 1018 4904; x_wconf 79' lang='grc' dir='ltr'>τῷ</span> <span class='ocrx_word' id='word_1_539' title='bbox 1063 4836 1272 4906; x_wconf 79' lang='grc' dir='ltr'>μηνυτῇ</span> <span class='ocrx_word' id='word_1_540' title='bbox 1323 4834 1420 4887; x_wconf 79' lang='grc' dir='ltr'><strong>καὶ</strong></span> <span class='ocrx_word' id='word_1_541' title='bbox 1468 4833 1530 4887; x_wconf 80' lang='grc' dir='ltr'><strong>τὸ</strong></span> <span class='ocrx_word' id='word_1_542' title='bbox 1558 4834 1794 4903; x_wconf 86' lang='grc' dir='ltr'>γράμμα</span> 
     </span>
    </p>
   </div>
   <div class='ocr_carea' id='block_1_76' title="bbox 218 4923 1795 4997">
    <p class='ocr_par' dir='ltr' id='par_1_76' title="bbox 218 4923 1795 4997">
     <span class='ocr_line' id='line_1_76' title="bbox 218 4923 1795 4997; baseline -0.001 -21"><span class='ocrx_word' id='word_1_543' title='bbox 218 4923 562 4994; x_wconf 74' lang='grc' dir='ltr'>ἐνεχείρησα.</span> <span class='ocrx_word' id='word_1_544' title='bbox 593 4925 767 4997; x_wconf 86' lang='grc' dir='ltr'>Ὅπερ</span> <span class='ocrx_word' id='word_1_545' title='bbox 805 4924 1118 4996; x_wconf 74' lang='grc' dir='ltr'>δεξάμενος,</span> <span class='ocrx_word' id='word_1_546' title='bbox 1164 4926 1240 4996; x_wconf 81' lang='grc' dir='ltr'>μὴ</span> <span class='ocrx_word' id='word_1_547' title='bbox 1270 4925 1363 4978; x_wconf 78' lang='grc' dir='ltr'><strong>καὶ</strong></span> <span class='ocrx_word' id='word_1_548' title='bbox 1393 4923 1487 4978; x_wconf 75' lang='grc' dir='ltr'>τοῦ</span> <span class='ocrx_word' id='word_1_549' title='bbox 1534 4923 1795 4995; x_wconf 83' lang='grc' dir='ltr'>ἀντιγρά-</span> 
     </span>
    </p>
   </div>
   <div class='ocr_carea' id='block_1_77' title="bbox 219 5013 1793 5086">
    <p class='ocr_par' dir='ltr' id='par_1_77' title="bbox 219 5013 1793 5086">
     <span class='ocr_line' id='line_1_77' title="bbox 219 5013 1793 5086; baseline 0 -19"><span class='ocrx_word' id='word_1_550' title='bbox 219 5031 347 5085; x_wconf 78' lang='grc' dir='ltr'>φειν</span> <span class='ocrx_word' id='word_1_551' title='bbox 368 5014 600 5086; x_wconf 81' lang='grc' dir='ltr'>ἀπόσχῃ,</span> <span class='ocrx_word' id='word_1_552' title='bbox 625 5014 702 5079; x_wconf 87' lang='grc' dir='ltr'>ὼς</span> <span class='ocrx_word' id='word_1_553' title='bbox 745 5017 839 5070; x_wconf 80' lang='grc' dir='ltr'>καὶ</span> <span class='ocrx_word' id='word_1_554' title='bbox 870 5016 1061 5069; x_wconf 68' lang='grc' dir='ltr'>τούτου</span> <span class='ocrx_word' id='word_1_555' title='bbox 1098 5013 1622 5086; x_wconf 68' lang='grc' dir='ltr'>συναπώημοῦντος.</span> <span class='ocrx_word' id='word_1_556' title='bbox 1656 5015 1793 5068; x_wconf 85' lang='grc' dir='ltr'>Ἰσθι</span> 
     </span>
    </p>
   </div>
   <div class='ocr_carea' id='block_1_78' title="bbox 1889 3822 3465 3891">
    <p class='ocr_par' dir='ltr' id='par_1_78' title="bbox 1889 3822 3465 3891">
     <span class='ocr_line' id='line_1_78' title="bbox 1889 3822 3465 3891; baseline -0.003 -9"><span class='ocrx_word' id='word_1_557' title='bbox 1889 3840 2062 3889; x_wconf 87' lang='lat' dir='ltr'><strong>eram,</strong></span> <span class='ocrx_word' id='word_1_558' title='bbox 2120 3825 2369 3891; x_wconf 88' lang='lat' dir='ltr'><strong>domine,</strong></span> <span class='ocrx_word' id='word_1_559' title='bbox 2419 3825 2510 3878; x_wconf 90' lang='lat' dir='ltr'><strong>ubi</strong></span> <span class='ocrx_word' id='word_1_560' title='bbox 2565 3838 2697 3879; x_wconf 86' lang='lat' dir='ltr'><strong>vero</strong></span> <span class='ocrx_word' id='word_1_561' title='bbox 2743 3822 3210 3877; x_wconf 84' lang='lat' dir='ltr'><strong>desideratissima</strong></span> <span class='ocrx_word' id='word_1_562' title='bbox 3246 3838 3375 3883; x_wconf 80' lang='lat' dir='ltr'><strong>vox,</strong></span> <span class='ocrx_word' id='word_1_563' title='bbox 3409 3829 3465 3878; x_wconf 82' lang='lat' dir='ltr'><strong>ct</strong></span> 
     </span>
    </p>
   </div>
   <div class='ocr_carea' id='block_1_79' title="bbox 1891 3913 3464 3984">
    <p class='ocr_par' dir='ltr' id='par_1_79' title="bbox 1891 3913 3464 3984">
     <span class='ocr_line' id='line_1_79' title="bbox 1891 3913 3464 3984; baseline -0.003 -12"><span class='ocrx_word' id='word_1_564' title='bbox 1891 3925 2168 3972; x_wconf 72' lang='lat' dir='ltr'><strong>consueta:</strong></span> <span class='ocrx_word' id='word_1_565' title='bbox 2207 3917 2443 3972; x_wconf 76' lang='lat' dir='ltr'><strong>litterae?</strong></span> <span class='ocrx_word' id='word_1_566' title='bbox 2490 3931 2585 3971; x_wconf 87' lang='lat' dir='ltr'><strong>cur</strong></span> <span class='ocrx_word' id='word_1_567' title='bbox 2615 3926 2795 3971; x_wconf 89' lang='lat' dir='ltr'><strong>autem</strong></span> <span class='ocrx_word' id='word_1_568' title='bbox 2841 3930 2946 3968; x_wconf 90' lang='lat' dir='ltr'><strong>non</strong></span> <span class='ocrx_word' id='word_1_569' title='bbox 2989 3929 3227 3984; x_wconf 61' lang='lat' dir='ltr'><strong>prmscns</strong></span> <span class='ocrx_word' id='word_1_570' title='bbox 3269 3913 3464 3969; x_wconf 83' lang='lat' dir='ltr'><strong>defen-</strong></span> 
     </span>
    </p>
   </div>
   <div class='ocr_carea' id='block_1_80' title="bbox 1891 4004 3467 4087">
    <p class='ocr_par' dir='ltr' id='par_1_80' title="bbox 1891 4004 3467 4087">
     <span class='ocr_line' id='line_1_80' title="bbox 1891 4004 3467 4087; baseline -0.003 -23"><span class='ocrx_word' id='word_1_571' title='bbox 1891 4010 2000 4075; x_wconf 87' lang='lat' dir='ltr'><strong>dis,</strong></span> <span class='ocrx_word' id='word_1_572' title='bbox 2032 4015 2126 4063; x_wconf 89' lang='lat' dir='ltr'><strong>aut</strong></span> <span class='ocrx_word' id='word_1_573' title='bbox 2169 4009 2333 4087; x_wconf 76' lang='lat' dir='ltr'><strong>etiam</strong></span> <span class='ocrx_word' id='word_1_574' title='bbox 2380 4009 2576 4064; x_wconf 88' lang='lat' dir='ltr'><strong>absens</strong></span> <span class='ocrx_word' id='word_1_575' title='bbox 2617 4006 2927 4062; x_wconf 84' lang='lat' dir='ltr'><strong>cohortaris</strong></span> <span class='ocrx_word' id='word_1_576' title='bbox 2954 4046 2970 4070; x_wconf 92' lang='lat'><strong>,</strong></span> <span class='ocrx_word' id='word_1_577' title='bbox 3004 4015 3155 4060; x_wconf 88' lang='lat' dir='ltr'><strong>tanto</strong></span> <span class='ocrx_word' id='word_1_578' title='bbox 3186 4006 3328 4060; x_wconf 81' lang='lat' dir='ltr'><strong>bello</strong></span> <span class='ocrx_word' id='word_1_579' title='bbox 3367 4004 3467 4059; x_wconf 88' lang='lat' dir='ltr'><strong>ad-</strong></span> 
     </span>
    </p>
   </div>
   <div class='ocr_carea' id='block_1_81' title="bbox 1892 4091 3467 4169">
    <p class='ocr_par' dir='ltr' id='par_1_81' title="bbox 1892 4091 3467 4169">
     <span class='ocr_line' id='line_1_81' title="bbox 1892 4091 3467 4169; baseline -0.003 -14"><span class='ocrx_word' id='word_1_580' title='bbox 1892 4091 2085 4156; x_wconf 84' lang='lat' dir='ltr'><strong>versus</strong></span> <span class='ocrx_word' id='word_1_581' title='bbox 2139 4100 2395 4169; x_wconf 87' lang='lat' dir='ltr'><strong>pietatem</strong></span> <span class='ocrx_word' id='word_1_582' title='bbox 2452 4104 2816 4167; x_wconf 87' lang='lat' dir='ltr'><strong>erumpente,</strong></span> <span class='ocrx_word' id='word_1_583' title='bbox 2880 4096 3149 4166; x_wconf 86' lang='lat' dir='ltr'><strong>nobisque</strong></span> <span class='ocrx_word' id='word_1_584' title='bbox 3223 4097 3370 4149; x_wconf 74' lang='lat' dir='ltr'><strong>velut</strong></span> <span class='ocrx_word' id='word_1_585' title='bbox 3409 4096 3467 4151; x_wconf 91' lang='lat' dir='ltr'><strong>in</strong></span> 
     </span>
    </p>
   </div>
   <div class='ocr_carea' id='block_1_82' title="bbox 1893 4188 3467 4259">
    <p class='ocr_par' dir='ltr' id='par_1_82' title="bbox 1893 4188 3467 4259">
     <span class='ocr_line' id='line_1_82' title="bbox 1893 4188 3467 4259; baseline -0.003 -14"><span class='ocrx_word' id='word_1_586' title='bbox 1893 4192 2068 4246; x_wconf 85' lang='lat' dir='ltr'><strong>media</strong></span> <span class='ocrx_word' id='word_1_587' title='bbox 2113 4193 2228 4245; x_wconf 88' lang='lat' dir='ltr'><strong>acie</strong></span> <span class='ocrx_word' id='word_1_588' title='bbox 2274 4190 2639 4245; x_wconf 85' lang='lat' dir='ltr'><strong>clamantibus</strong></span> <span class='ocrx_word' id='word_1_589' title='bbox 2709 4189 2777 4244; x_wconf 90' lang='lat' dir='ltr'><strong>ad</strong></span> <span class='ocrx_word' id='word_1_590' title='bbox 2835 4189 3062 4252; x_wconf 89' lang='lat' dir='ltr'><strong>socios,</strong></span> <span class='ocrx_word' id='word_1_591' title='bbox 3126 4197 3349 4259; x_wconf 79' lang='lat' dir='ltr'><strong>propter</strong></span> <span class='ocrx_word' id='word_1_592' title='bbox 3372 4188 3467 4241; x_wconf 87' lang='lat' dir='ltr'><strong>ho-</strong></span> 
     </span>
    </p>
   </div>
   <div class='ocr_carea' id='block_1_83' title="bbox 1894 4281 3467 4351">
    <p class='ocr_par' dir='ltr' id='par_1_83' title="bbox 1894 4281 3467 4351">
     <span class='ocr_line' id='line_1_83' title="bbox 1894 4281 3467 4351; baseline -0.004 -12"><span class='ocrx_word' id='word_1_593' title='bbox 1894 4285 2058 4339; x_wconf 90' lang='lat' dir='ltr'><strong>stium</strong></span> <span class='ocrx_word' id='word_1_594' title='bbox 2093 4283 2239 4337; x_wconf 87' lang='lat' dir='ltr'><strong>vim?</strong></span> <span class='ocrx_word' id='word_1_595' title='bbox 2269 4281 2346 4338; x_wconf 82' lang='lat' dir='ltr'><strong>Te</strong></span> <span class='ocrx_word' id='word_1_596' title='bbox 2385 4291 2588 4347; x_wconf 90' lang='lat' dir='ltr'><strong>autem,</strong></span> <span class='ocrx_word' id='word_1_597' title='bbox 2623 4297 2692 4336; x_wconf 89' lang='lat' dir='ltr'><strong>ne</strong></span> <span class='ocrx_word' id='word_1_598' title='bbox 2737 4281 2955 4351; x_wconf 87' lang='lat' dir='ltr'><strong>quidem</strong></span> <span class='ocrx_word' id='word_1_599' title='bbox 2985 4281 3257 4350; x_wconf 87' lang='lat' dir='ltr'><strong>quotuodo</strong></span> <span class='ocrx_word' id='word_1_600' title='bbox 3318 4295 3467 4350; x_wconf 68' lang='lat' dir='ltr'><strong>qua:-</strong></span> 
     </span>
    </p>
   </div>
   <div class='ocr_carea' id='block_1_84' title="bbox 1895 4370 3466 4444">
    <p class='ocr_par' dir='ltr' id='par_1_84' title="bbox 1895 4370 3466 4444">
     <span class='ocr_line' id='line_1_84' title="bbox 1895 4370 3466 4444; baseline -0.001 -17"><span class='ocrx_word' id='word_1_601' title='bbox 1895 4374 2055 4428; x_wconf 92' lang='lat' dir='ltr'><strong>situri</strong></span> <span class='ocrx_word' id='word_1_602' title='bbox 2106 4376 2299 4436; x_wconf 81' lang='lat' dir='ltr'><strong>simus,</strong></span> <span class='ocrx_word' id='word_1_603' title='bbox 2344 4374 2743 4444; x_wconf 83' lang='lat' dir='ltr'><strong>intelligimus:</strong></span> <span class='ocrx_word' id='word_1_604' title='bbox 2773 4370 3214 4442; x_wconf 87' lang='lat' dir='ltr'><strong>quandoquidem</strong></span> <span class='ocrx_word' id='word_1_605' title='bbox 3258 4372 3466 4425; x_wconf 84' lang='lat' dir='ltr'><strong>necin-</strong></span> 
     </span>
    </p>
   </div>
   <div class='ocr_carea' id='block_1_85' title="bbox 1897 4463 3469 4536">
    <p class='ocr_par' dir='ltr' id='par_1_85' title="bbox 1897 4463 3469 4536">
     <span class='ocr_line' id='line_1_85' title="bbox 1897 4463 3469 4536; baseline -0.003 -15"><span class='ocrx_word' id='word_1_606' title='bbox 1897 4466 2150 4521; x_wconf 77' lang='lat' dir='ltr'><strong>venimus</strong></span> <span class='ocrx_word' id='word_1_607' title='bbox 2185 4468 2363 4520; x_wconf 90' lang='lat' dir='ltr'><strong>locum</strong></span> <span class='ocrx_word' id='word_1_608' title='bbox 2392 4464 2558 4536; x_wconf 67' lang='grc'><strong>466</strong></span> <span class='ocrx_word' id='word_1_609' title='bbox 2589 4465 2642 4519; x_wconf 90' lang='lat' dir='ltr'><strong>in</strong></span> <span class='ocrx_word' id='word_1_610' title='bbox 2672 4479 2781 4535; x_wconf 94' lang='lat' dir='ltr'><strong>quo</strong></span> <span class='ocrx_word' id='word_1_611' title='bbox 2817 4467 3075 4519; x_wconf 88' lang='lat' dir='ltr'><strong>versaris.</strong></span> <span class='ocrx_word' id='word_1_612' title='bbox 3103 4463 3206 4518; x_wconf 89' lang='lat' dir='ltr'><strong>Sed</strong></span> <span class='ocrx_word' id='word_1_613' title='bbox 3240 4463 3469 4533; x_wconf 90' lang='lat' dir='ltr'><strong>conqui-</strong></span> 
     </span>
    </p>
   </div>
   <div class='ocr_carea' id='block_1_86' title="bbox 1896 4554 3469 4625">
    <p class='ocr_par' dir='ltr' id='par_1_86' title="bbox 1896 4554 3469 4625">
     <span class='ocr_line' id='line_1_86' title="bbox 1896 4554 3469 4625; baseline -0.003 -15"><span class='ocrx_word' id='word_1_614' title='bbox 1896 4554 2000 4610; x_wconf 85' lang='lat' dir='ltr'><strong>sivi</strong></span> <span class='ocrx_word' id='word_1_615' title='bbox 2042 4554 2263 4625; x_wconf 85' lang='lat' dir='ltr'><strong>quidem</strong></span> <span class='ocrx_word' id='word_1_616' title='bbox 2311 4557 2365 4608; x_wconf 92' lang='lat' dir='ltr'><strong>in</strong></span> <span class='ocrx_word' id='word_1_617' title='bbox 2394 4555 2739 4624; x_wconf 73' lang='lat' dir='ltr'><strong>Cappadocia</strong></span> <span class='ocrx_word' id='word_1_618' title='bbox 2762 4596 2779 4621; x_wconf 92' lang='lat'><strong>,</strong></span> <span class='ocrx_word' id='word_1_619' title='bbox 2822 4555 2946 4624; x_wconf 86' lang='lat' dir='ltr'><strong>quia</strong></span> <span class='ocrx_word' id='word_1_620' title='bbox 2974 4554 3055 4609; x_wconf 90' lang='lat' dir='ltr'><strong>sic</strong></span> <span class='ocrx_word' id='word_1_621' title='bbox 3082 4555 3469 4608; x_wconf 87' lang='lat' dir='ltr'><strong>nuntiaverant</strong></span> 
     </span>
    </p>
   </div>
   <div class='ocr_carea' id='block_1_87' title="bbox 1897 4644 3469 4718">
    <p class='ocr_par' dir='ltr' id='par_1_87' title="bbox 1897 4644 3469 4718">
     <span class='ocr_line' id='line_1_87' title="bbox 1897 4644 3469 4718; baseline -0.003 -17"><span class='ocrx_word' id='word_1_622' title='bbox 1897 4648 1991 4718; x_wconf 90' lang='lat' dir='ltr'><strong>qui</strong></span> <span class='ocrx_word' id='word_1_623' title='bbox 2046 4657 2097 4703; x_wconf 90' lang='lat' dir='ltr'><strong>te</strong></span> <span class='ocrx_word' id='word_1_624' title='bbox 2127 4647 2271 4701; x_wconf 91' lang='lat' dir='ltr'><strong>nacti</strong></span> <span class='ocrx_word' id='word_1_625' title='bbox 2308 4646 2523 4701; x_wconf 80' lang='lat' dir='ltr'><strong>fuerant</strong></span> <span class='ocrx_word' id='word_1_626' title='bbox 2551 4647 2607 4700; x_wconf 85' lang='lat' dir='ltr'><strong>in</strong></span> <span class='ocrx_word' id='word_1_627' title='bbox 2657 4644 2869 4710; x_wconf 88' lang='lat' dir='ltr'><strong>Ponto,</strong></span> <span class='ocrx_word' id='word_1_628' title='bbox 2915 4646 3231 4718; x_wconf 82' lang='lat' dir='ltr'><strong>promisisse</strong></span> <span class='ocrx_word' id='word_1_629' title='bbox 3280 4653 3332 4699; x_wconf 90' lang='lat' dir='ltr'><strong>te</strong></span> <span class='ocrx_word' id='word_1_630' title='bbox 3358 4647 3469 4698; x_wconf 86' lang='lat' dir='ltr'><strong>cito</strong></span> 
     </span>
    </p>
   </div>
   <div class='ocr_carea' id='block_1_88' title="bbox 1898 4733 3469 4808">
    <p class='ocr_par' dir='ltr' id='par_1_88' title="bbox 1898 4733 3469 4808">
     <span class='ocr_line' id='line_1_88' title="bbox 1898 4733 3469 4808; baseline -0.001 -16"><span class='ocrx_word' id='word_1_631' title='bbox 1898 4753 2242 4793; x_wconf 87' lang='lat' dir='ltr'><strong>reversurum</strong></span> <span class='ocrx_word' id='word_1_632' title='bbox 2275 4757 2288 4792; x_wconf 93' lang='lat'>:</span> <span class='ocrx_word' id='word_1_633' title='bbox 2342 4754 2441 4793; x_wconf 92' lang='lat' dir='ltr'><strong>nec</strong></span> <span class='ocrx_word' id='word_1_634' title='bbox 2478 4739 2654 4808; x_wconf 88' lang='lat' dir='ltr'><strong>reperi</strong></span> <span class='ocrx_word' id='word_1_635' title='bbox 2703 4737 2797 4793; x_wconf 89' lang='lat' dir='ltr'><strong>ubi</strong></span> <span class='ocrx_word' id='word_1_636' title='bbox 2826 4751 3193 4807; x_wconf 87' lang='lat' dir='ltr'><strong>speraveram.</strong></span> <span class='ocrx_word' id='word_1_637' title='bbox 3224 4733 3293 4788; x_wconf 86' lang='lat' dir='ltr'><strong>At</strong></span> <span class='ocrx_word' id='word_1_638' title='bbox 3323 4752 3469 4789; x_wconf 86' lang='lat' dir='ltr'><strong>nunc</strong></span> 
     </span>
    </p>
   </div>
   <div class='ocr_carea' id='block_1_89' title="bbox 1899 4829 3470 4898">
    <p class='ocr_par' dir='ltr' id='par_1_89' title="bbox 1899 4829 3470 4898">
     <span class='ocr_line' id='line_1_89' title="bbox 1899 4829 3470 4898; baseline -0.003 -13"><span class='ocrx_word' id='word_1_639' title='bbox 1899 4845 2024 4885; x_wconf 90' lang='lat' dir='ltr'><strong>cum</strong></span> <span class='ocrx_word' id='word_1_640' title='bbox 2078 4830 2343 4884; x_wconf 88' lang='lat' dir='ltr'><strong>audierim</strong></span> <span class='ocrx_word' id='word_1_641' title='bbox 2404 4839 2455 4883; x_wconf 88' lang='lat' dir='ltr'><strong>te</strong></span> <span class='ocrx_word' id='word_1_642' title='bbox 2512 4829 2689 4884; x_wconf 85' lang='lat' dir='ltr'><strong>adhuc</strong></span> <span class='ocrx_word' id='word_1_643' title='bbox 2743 4844 2807 4883; x_wconf 88' lang='lat' dir='ltr'><strong>ea</strong></span> <span class='ocrx_word' id='word_1_644' title='bbox 2859 4829 2912 4882; x_wconf 90' lang='lat' dir='ltr'><strong>in</strong></span> <span class='ocrx_word' id='word_1_645' title='bbox 2965 4830 3184 4898; x_wconf 76' lang='lat' dir='ltr'><strong>regione</strong></span> <span class='ocrx_word' id='word_1_646' title='bbox 3226 4842 3470 4881; x_wconf 86' lang='lat' dir='ltr'><strong>commo-</strong></span> 
     </span>
    </p>
   </div>
   <div class='ocr_carea' id='block_1_90' title="bbox 1901 4916 3469 4991">
    <p class='ocr_par' dir='ltr' id='par_1_90' title="bbox 1901 4916 3469 4991">
     <span class='ocr_line' id='line_1_90' title="bbox 1901 4916 3469 4991; baseline -0.003 -16"><span class='ocrx_word' id='word_1_647' title='bbox 1901 4922 2011 4975; x_wconf 90' lang='lat' dir='ltr'><strong>rari</strong></span> <span class='ocrx_word' id='word_1_648' title='bbox 2038 4961 2052 4985; x_wconf 85' lang='lat'><strong>,</strong></span> <span class='ocrx_word' id='word_1_649' title='bbox 2092 4922 2275 4991; x_wconf 81' lang='lat' dir='ltr'><strong>statim</strong></span> <span class='ocrx_word' id='word_1_650' title='bbox 2314 4930 2369 4976; x_wconf 91' lang='lat' dir='ltr'><strong>et</strong></span> <span class='ocrx_word' id='word_1_651' title='bbox 2423 4921 2591 4975; x_wconf 75' lang='lat' dir='ltr'><strong>indici</strong></span> <span class='ocrx_word' id='word_1_652' title='bbox 2648 4920 2933 4990; x_wconf 87' lang='lat' dir='ltr'><strong>epistolam</strong></span> <span class='ocrx_word' id='word_1_653' title='bbox 2968 4918 3189 4973; x_wconf 83' lang='lat' dir='ltr'><strong>tradidi.</strong></span> <span class='ocrx_word' id='word_1_654' title='bbox 3221 4916 3339 4984; x_wconf 85' lang='lat' dir='ltr'><strong>Qua</strong></span> <span class='ocrx_word' id='word_1_655' title='bbox 3375 4934 3469 4971; x_wconf 89' lang='lat' dir='ltr'><strong>ac-</strong></span> 
     </span>
    </p>
   </div>
   <div class='ocr_carea' id='block_1_91' title="bbox 1902 5010 3468 5083">
    <p class='ocr_par' dir='ltr' id='par_1_91' title="bbox 1902 5010 3468 5083">
     <span class='ocr_line' id='line_1_91' title="bbox 1902 5010 3468 5083; baseline -0.004 -16"><span class='ocrx_word' id='word_1_656' title='bbox 1902 5020 2093 5083; x_wconf 88' lang='lat' dir='ltr'><strong>cepta,</strong></span> <span class='ocrx_word' id='word_1_657' title='bbox 2138 5027 2275 5067; x_wconf 88' lang='lat' dir='ltr'><strong>cave</strong></span> <span class='ocrx_word' id='word_1_658' title='bbox 2327 5029 2396 5067; x_wconf 90' lang='lat' dir='ltr'><strong>ne</strong></span> <span class='ocrx_word' id='word_1_659' title='bbox 2452 5028 2561 5065; x_wconf 92' lang='lat' dir='ltr'><strong>non</strong></span> <span class='ocrx_word' id='word_1_660' title='bbox 2624 5011 2900 5067; x_wconf 86' lang='lat' dir='ltr'><strong>rescribas</strong></span> <span class='ocrx_word' id='word_1_661' title='bbox 2928 5053 2945 5077; x_wconf 90' lang='lat'><strong>,</strong></span> <span class='ocrx_word' id='word_1_662' title='bbox 2995 5011 3139 5081; x_wconf 85' lang='lat' dir='ltr'><strong>quod</strong></span> <span class='ocrx_word' id='word_1_663' title='bbox 3179 5019 3232 5065; x_wconf 89' lang='lat' dir='ltr'><strong>et</strong></span> <span class='ocrx_word' id='word_1_664' title='bbox 3268 5010 3316 5066; x_wconf 90' lang='lat' dir='ltr'><strong>is</strong></span> <span class='ocrx_word' id='word_1_665' title='bbox 3362 5026 3468 5063; x_wconf 89' lang='lat' dir='ltr'><strong>uua</strong></span> 
     </span>
    </p>
   </div>
   <div class='ocr_carea' id='block_1_92' title="bbox 218 5099 1784 5201">
    <p class='ocr_par' dir='ltr' id='par_1_92' title="bbox 218 5104 1784 5176">
     <span class='ocr_line' id='line_1_92' title="bbox 218 5104 1784 5176; baseline -0.001 -17"><span class='ocrx_word' id='word_1_666' title='bbox 218 5105 300 5168; x_wconf 81' lang='grc' dir='ltr'>δὲ,</span> <span class='ocrx_word' id='word_1_667' title='bbox 336 5104 411 5169; x_wconf 85' lang='grc' dir='ltr'>ὡς</span> <span class='ocrx_word' id='word_1_668' title='bbox 449 5107 508 5158; x_wconf 78' lang='grc' dir='ltr'>ὲν</span> <span class='ocrx_word' id='word_1_669' title='bbox 552 5105 628 5176; x_wconf 80' lang='grc' dir='ltr'>τῷ</span> <span class='ocrx_word' id='word_1_670' title='bbox 682 5106 884 5176; x_wconf 78' lang='grc' dir='ltr'>μεταξὺ</span> <span class='ocrx_word' id='word_1_671' title='bbox 917 5107 1140 5176; x_wconf 82' lang='grc' dir='ltr'>γέγονεν</span> <span class='ocrx_word' id='word_1_672' title='bbox 1186 5107 1500 5160; x_wconf 77' lang='grc' dir='ltr'>ἐπισκόπων</span> <span class='ocrx_word' id='word_1_673' title='bbox 1531 5105 1784 5176; x_wconf 79' lang='grc' dir='ltr'>ἐπιδημία</span> 
     </span>
    </p>
   </div>
   <div class='ocr_carea' id='block_1_93' title="bbox 1893 5099 3472 5201">
    <p class='ocr_par' dir='ltr' id='par_1_93' title="bbox 1902 5099 3472 5171">
     <span class='ocr_line' id='line_1_93' title="bbox 1902 5099 3472 5171; baseline -0.001 -18"><span class='ocrx_word' id='word_1_674' title='bbox 1902 5101 2296 5171; x_wconf 85' lang='lat' dir='ltr'><strong>peregrinetur.</strong></span> <span class='ocrx_word' id='word_1_675' title='bbox 2337 5101 2488 5155; x_wconf 87' lang='lat' dir='ltr'><strong>Scito</strong></span> <span class='ocrx_word' id='word_1_676' title='bbox 2533 5106 2716 5154; x_wconf 81' lang='lat' dir='ltr'><strong>autem</strong></span> <span class='ocrx_word' id='word_1_677' title='bbox 2748 5141 2764 5166; x_wconf 94' lang='lat'><strong>,</strong></span> <span class='ocrx_word' id='word_1_678' title='bbox 2815 5101 2960 5170; x_wconf 87' lang='lat' dir='ltr'><strong>quod</strong></span> <span class='ocrx_word' id='word_1_679' title='bbox 3010 5099 3296 5170; x_wconf 77' lang='lat' dir='ltr'><strong>interiecto</strong></span> <span class='ocrx_word' id='word_1_680' title='bbox 3331 5107 3472 5153; x_wconf 88' lang='lat' dir='ltr'><strong>tem-</strong></span> 
     </span>
    </p>
   </div>
   <div class='ocr_carea' id='block_1_94' title="bbox 218 5194 1796 5268">
    <p class='ocr_par' dir='ltr' id='par_1_94' title="bbox 218 5194 1796 5268">
     <span class='ocr_line' id='line_1_94' title="bbox 218 5194 1796 5268; baseline 0.001 -20"><span class='ocrx_word' id='word_1_681' title='bbox 218 5194 333 5248; x_wconf 80' lang='grc' dir='ltr'><strong>τῶν</strong></span> <span class='ocrx_word' id='word_1_682' title='bbox 371 5195 466 5249; x_wconf 84' lang='grc' dir='ltr'>ἀπ’</span> <span class='ocrx_word' id='word_1_683' title='bbox 495 5197 796 5265; x_wconf 73' lang='grc' dir='ltr'>Αἰγύπτου,</span> <span class='ocrx_word' id='word_1_684' title='bbox 821 5199 916 5251; x_wconf 79' lang='grc' dir='ltr'>καὶ</span> <span class='ocrx_word' id='word_1_685' title='bbox 952 5199 1255 5268; x_wconf 83' lang='grc' dir='ltr'>γράμματα</span> <span class='ocrx_word' id='word_1_686' title='bbox 1286 5197 1498 5268; x_wconf 80' lang='grc' dir='ltr'>διεδόθη</span> <span class='ocrx_word' id='word_1_687' title='bbox 1530 5195 1796 5267; x_wconf 79' lang='grc' dir='ltr'>σύμφωνα</span> 
     </span>
    </p>
   </div>
   <div class='ocr_carea' id='block_1_95' title="bbox 222 5284 1797 5358">
    <p class='ocr_par' dir='ltr' id='par_1_95' title="bbox 222 5284 1797 5358">
     <span class='ocr_line' id='line_1_95' title="bbox 222 5284 1797 5358; baseline 0.003 -20"><span class='ocrx_word' id='word_1_688' title='bbox 222 5284 476 5351; x_wconf 83' lang='grc' dir='ltr'>παλαιοῖς</span> <span class='ocrx_word' id='word_1_689' title='bbox 499 5288 843 5358; x_wconf 87' lang='grc' dir='ltr'>γράμμασιν,</span> <span class='ocrx_word' id='word_1_690' title='bbox 868 5292 979 5352; x_wconf 84' lang='grc' dir='ltr'>τοῖς</span> <span class='ocrx_word' id='word_1_691' title='bbox 1009 5306 1067 5342; x_wconf 87' lang='grc' dir='ltr'><strong>τε</strong></span> <span class='ocrx_word' id='word_1_692' title='bbox 1100 5289 1265 5353; x_wconf 83' lang='grc' dir='ltr'>θείοις</span> <span class='ocrx_word' id='word_1_693' title='bbox 1307 5290 1511 5354; x_wconf 77' lang='grc' dir='ltr'>αὐτοῖς,</span> <span class='ocrx_word' id='word_1_694' title='bbox 1548 5289 1644 5344; x_wconf 78' lang='grc' dir='ltr'><strong>καὶ</strong></span> <span class='ocrx_word' id='word_1_695' title='bbox 1683 5292 1797 5353; x_wconf 82' lang='grc' dir='ltr'>τοῖς</span> 
     </span>
    </p>
   </div>
   <div class='ocr_carea' id='block_1_96' title="bbox 222 5374 1793 5453">
    <p class='ocr_par' dir='ltr' id='par_1_96' title="bbox 222 5374 1793 5453">
     <span class='ocr_line' id='line_1_96' title="bbox 222 5374 1793 5453; baseline 0.002 -24"><span class='ocrx_word' id='word_1_696' title='bbox 222 5374 348 5429; x_wconf 72' lang='grc' dir='ltr'>καθῒ</span> <span class='ocrx_word' id='word_1_697' title='bbox 385 5376 698 5446; x_wconf 81' lang='grc' dir='ltr'>ὁμοφωνίαν</span> <span class='ocrx_word' id='word_1_698' title='bbox 746 5377 855 5431; x_wconf 83' lang='grc' dir='ltr'><strong>τῶν</strong></span> <span class='ocrx_word' id='word_1_699' title='bbox 916 5377 1072 5432; x_wconf 87' lang='grc' dir='ltr'>θείων</span> <span class='ocrx_word' id='word_1_700' title='bbox 1122 5380 1181 5433; x_wconf 78' lang='grc' dir='ltr'><strong>ἐν</strong></span> <span class='ocrx_word' id='word_1_701' title='bbox 1231 5379 1437 5451; x_wconf 83' lang='grc' dir='ltr'>Νικαίᾳ</span> <span class='ocrx_word' id='word_1_702' title='bbox 1482 5380 1793 5453; x_wconf 78' lang='grc' dir='ltr'>γραφεῖσιν.</span> 
     </span>
    </p>
   </div>
   <div class='ocr_carea' id='block_1_97' title="bbox 298 5552 807 5624">
    <p class='ocr_par' dir='ltr' id='par_1_97' title="bbox 298 5552 807 5624">
     <span class='ocr_line' id='line_1_97' title="bbox 298 5552 807 5624; baseline -0.008 -9"><span class='ocrx_word' id='word_1_703' title='bbox 298 5552 412 5624; x_wconf 75' lang='lat'><strong>(30)</strong></span> <span class='ocrx_word' id='word_1_704' title='bbox 446 5552 561 5624; x_wconf 63' lang='lat' dir='ltr'><strong>ob.</strong></span> <span class='ocrx_word' id='word_1_705' title='bbox 588 5554 661 5618; x_wconf 72' lang='grc' dir='ltr'><strong>ιι,</strong></span> <span class='ocrx_word' id='word_1_706' title='bbox 682 5552 807 5611; x_wconf 71' lang='lat' dir='ltr'><strong>tas.</strong></span> 
     </span>
    </p>
   </div>
   <div class='ocr_carea' id='block_1_98' title="bbox 296 5622 1473 5697">
    <p class='ocr_par' dir='ltr' id='par_1_98' title="bbox 296 5622 1473 5697">
     <span class='ocr_line' id='line_1_98' title="bbox 296 5622 1473 5697; baseline -0.002 -17"><span class='ocrx_word' id='word_1_707' title='bbox 296 5622 318 5650; x_wconf 77' lang='grc'><strong><em>⁴</em></strong></span> <span class='ocrx_word' id='word_1_708' title='bbox 350 5624 432 5681; x_wconf 77' lang='lat' dir='ltr'><strong>Ex</strong></span> <span class='ocrx_word' id='word_1_709' title='bbox 460 5622 789 5682; x_wconf 73' lang='lat' dir='ltr'><strong>Houument.</strong></span> <span class='ocrx_word' id='word_1_710' title='bbox 822 5623 971 5682; x_wconf 70' lang='lat' dir='ltr'><strong>Eccl.</strong></span> <span class='ocrx_word' id='word_1_711' title='bbox 1012 5623 1106 5680; x_wconf 84' lang='lat' dir='ltr'><strong>Gr.</strong></span> <span class='ocrx_word' id='word_1_712' title='bbox 1137 5636 1178 5683; x_wconf 89' lang='lat' dir='ltr'><strong>t.</strong></span> <span class='ocrx_word' id='word_1_713' title='bbox 1210 5622 1278 5693; x_wconf 84' lang='lat' dir='ltr'><strong>ll,</strong></span> <span class='ocrx_word' id='word_1_714' title='bbox 1305 5641 1362 5697; x_wconf 89' lang='lat' dir='ltr'><strong>p.</strong></span> <span class='ocrx_word' id='word_1_715' title='bbox 1382 5624 1473 5683; x_wconf 86' lang='lat'><strong>89.</strong></span> 
     </span>
    </p>
   </div>
   <div class='ocr_carea' id='block_1_99' title="bbox 1901 5190 3468 5263">
    <p class='ocr_par' dir='ltr' id='par_1_99' title="bbox 1901 5190 3468 5263">
     <span class='ocr_line' id='line_1_99' title="bbox 1901 5190 3468 5263; baseline -0.004 -16"><span class='ocrx_word' id='word_1_716' title='bbox 1901 5208 2030 5263; x_wconf 85' lang='lat' dir='ltr'><strong>pore</strong></span> <span class='ocrx_word' id='word_1_717' title='bbox 2090 5193 2427 5248; x_wconf 87' lang='lat' dir='ltr'><strong>advenerunt</strong></span> <span class='ocrx_word' id='word_1_718' title='bbox 2497 5191 2741 5262; x_wconf 89' lang='lat' dir='ltr'><strong>episcopi</strong></span> <span class='ocrx_word' id='word_1_719' title='bbox 2801 5190 3041 5263; x_wconf 68' lang='lat' dir='ltr'><strong>Egyptii</strong></span> <span class='ocrx_word' id='word_1_720' title='bbox 3073 5230 3089 5256; x_wconf 92' lang='lat'><strong>,</strong></span> <span class='ocrx_word' id='word_1_721' title='bbox 3150 5201 3205 5247; x_wconf 89' lang='lat' dir='ltr'><strong>et</strong></span> <span class='ocrx_word' id='word_1_722' title='bbox 3264 5190 3468 5259; x_wconf 88' lang='lat' dir='ltr'><strong>scripta</strong></span> 
     </span>
    </p>
   </div>
   <div class='ocr_carea' id='block_1_100' title="bbox 1900 5281 3468 5353">
    <p class='ocr_par' dir='ltr' id='par_1_100' title="bbox 1900 5281 3468 5353">
     <span class='ocr_line' id='line_1_100' title="bbox 1900 5281 3468 5353; baseline 0.001 -18"><span class='ocrx_word' id='word_1_723' title='bbox 1900 5283 2140 5353; x_wconf 90' lang='lat' dir='ltr'><strong>antiquis</strong></span> <span class='ocrx_word' id='word_1_724' title='bbox 2207 5284 2426 5353; x_wconf 90' lang='lat' dir='ltr'><strong>scriptis</strong></span> <span class='ocrx_word' id='word_1_725' title='bbox 2494 5284 2884 5353; x_wconf 85' lang='lat' dir='ltr'><strong>congruentia,</strong></span> <span class='ocrx_word' id='word_1_726' title='bbox 2964 5298 3177 5339; x_wconf 89' lang='lat' dir='ltr'><strong>necnon</strong></span> <span class='ocrx_word' id='word_1_727' title='bbox 3264 5281 3468 5337; x_wconf 80' lang='lat' dir='ltr'><strong>divinis</strong></span> 
     </span>
    </p>
   </div>
   <div class='ocr_carea' id='block_1_101' title="bbox 1898 5375 3468 5448">
    <p class='ocr_par' dir='ltr' id='par_1_101' title="bbox 1898 5375 3468 5448">
     <span class='ocr_line' id='line_1_101' title="bbox 1898 5375 3468 5448; baseline -0.001 -16"><span class='ocrx_word' id='word_1_728' title='bbox 1898 5377 2055 5448; x_wconf 84' lang='lat' dir='ltr'><strong>ipsis,</strong></span> <span class='ocrx_word' id='word_1_729' title='bbox 2092 5377 2270 5447; x_wconf 89' lang='lat' dir='ltr'><strong>iisque</strong></span> <span class='ocrx_word' id='word_1_730' title='bbox 2299 5391 2421 5447; x_wconf 73' lang='lat' dir='ltr'><strong>quas</strong></span> <span class='ocrx_word' id='word_1_731' title='bbox 2461 5376 2854 5432; x_wconf 86' lang='lat' dir='ltr'><strong>convenienter</strong></span> <span class='ocrx_word' id='word_1_732' title='bbox 2906 5376 3109 5432; x_wconf 87' lang='lat' dir='ltr'><strong>divinis</strong></span> <span class='ocrx_word' id='word_1_733' title='bbox 3155 5375 3468 5446; x_wconf 83' lang='lat' dir='ltr'><strong>conscripta</strong></span> 
     </span>
    </p>
   </div>
   <div class='ocr_carea' id='block_1_102' title="bbox 1970 5554 2410 5627">
    <p class='ocr_par' dir='ltr' id='par_1_102' title="bbox 1970 5554 2410 5627">
     <span class='ocr_line' id='line_1_102' title="bbox 1970 5554 2410 5627; baseline 0.005 -17"><span class='ocrx_word' id='word_1_734' title='bbox 1970 5556 2013 5584; x_wconf 80' lang='grc'><strong>⁶⁴</strong></span> <span class='ocrx_word' id='word_1_735' title='bbox 2039 5554 2199 5625; x_wconf 87' lang='lat' dir='ltr'><strong>lbid.,</strong></span> <span class='ocrx_word' id='word_1_736' title='bbox 2234 5571 2288 5627; x_wconf 85' lang='lat' dir='ltr'><strong>p.</strong></span> <span class='ocrx_word' id='word_1_737' title='bbox 2319 5555 2410 5614; x_wconf 86' lang='lat'><strong>90.</strong></span> 
     </span>
    </p>
   </div>
  </div>
