3878 6222
442 333 585 403 tm
1750 341 1810 397 s.
1854 341 2097 399 essu."
2142 339 2364 399 HAGNI
2686 352 2691 357 ν
3538 342 3651 399 nos

442 465 669 520 fuerunt
714 461 928 520 Nicazte.
966 459 1291 518 Necessaria
1348 466 1533 516 autem
1562 468 1681 514 erat
1708 459 1971 516 eorumde

2142 458 2447 529 ’Δναγκαία
2502 458 2559 511 δὲ
2599 451 2669 528 ἦν
2712 457 2831 529 μετ’
2871 454 3181 527 ὲξηγήσπ
3229 456 3335 510 τῶν
3366 456 3531 520 ,αὐτῶν
3570 461 3650 512 ἐπ-

442 573 574 613 cum
623 554 1012 626 explanatione
1066 551 1357 622 repetitio,
1399 557 1622 622 propter
1666 550 1892 605 minime
1938 565 1973 604 ες

2128 552 2420 625 ανάληψις,
2448 551 2537 605 διὰ
2584 551 2685 622 τὴν
2723 553 2822 623 οὐχ
2863 551 2991 623 ὑγιῆ
3032 551 3141 605 τῶν
3181 552 3441 622 κειμένων
3482 555 3652 623 παρεξ-

443 662 572 702 nam
607 660 945 717 pravamque
974 650 1265 697 contextus
1291 641 1801 711 interpretationem
1818 672 1841 705 ι
1860 654 1969 710 qua

2126 646 2347 717 ἢγησιν,
2380 644 2448 715 ἢν
2476 644 2694 715 εἰσῆγον
2724 645 2774 697 οί
2816 644 2984 698 πάλαι
3035 643 3139 715 μὲν
3186 642 3438 716 ἄντικρυς
3481 646 3653 700 ἀντιλέ-

444 738 492 793 ii
562 737 983 794 introduxerant
1049 733 1145 803 qui
1193 740 1384 803 aperte
1439 731 1660 802 quidem
1710 732 1855 786 olim
1891 746 1975 786 eo:

2129 750 2340 804 γοντες,
2380 732 2480 787 νῦν
2514 732 2572 786 δὲ
2619 733 2719 805 τὴν
2752 732 3062 802 ἀντιλογίαν
3114 733 3419 805 ἐξηγήσεως
3457 737 3653 806 σχήματι

444 828 810 891 tradicebant,
863 840 1012 881 nunc
1057 840 1186 879 vero
1229 823 1717 879 contradictionem
1757 824 1861 879 sub
1902 838 1975 892 sp

2131 823 2590 898 μεθοδεύσαντεςο
2626 823 2758 879 ἔνθα
2779 820 2907 897 ἧνή
2942 824 3035 879 τοῦ
3065 827 3350 895 όμοουσίου
3394 827 3655 898 κακοῦργος

443 923 533 977 cie
582 920 950 978 enarrationis
1004 917 1188 973 celant
1224 935 1239 972 :
1269 916 1362 973 ubi
1419 923 1539 973 erat
1581 914 1974 983 consubstanti:

2128 917 2425 988 ἀναίρεσις,
2456 918 2535 980 ὡς
2570 918 2671 972 οὐκ
2696 918 2999 987 ὀφείλοντος
3028 917 3262 972 νοεῖσθαι
3293 921 3413 973 κατ’
3439 920 3656 990 οὐδεμίαν

444 1013 617 1067 litatis
643 1012 881 1079 maligna
924 1009 1210 1079 abrogatio
1240 1046 1257 1072 ,
1306 1008 1465 1079 quasi
1527 1022 1638 1062 non
1683 1006 1909 1062 deberet
1941 1006 1975 1060 i1

2128 1008 2358 1080 ἄρνησιν
2391 1008 2713 1080 Ἑλληνικήν
2734 1026 2749 1039 ο
2785 1009 3165 1081 ἀντεισαγωγὴ
3201 1010 3257 1063 δὲ
3292 1009 3387 1062 τοῦ
3413 1011 3654 1081 όμοσυσίου

443 1104 614 1175 telligi
667 1106 821 1172 juxta
881 1103 1048 1157 ullam
1104 1100 1352 1156 Graecam
1403 1100 1871 1171 abnegationem;
1926 1114 1974 1170 p1

2127 1099 2190 1155 τὸ
2234 1101 2421 1171 ὅμοιον
2468 1102 2591 1153 κατ’
2625 1100 2834 1165 οὐσίαν,
2871 1102 3009 1173 ὅπερ
3052 1101 3419 1173 ἐπετηδεύθη,
3464 1102 3657 1172 χυδαίως

445 1195 906 1251 consubstantiali
960 1202 1145 1248 autem
1207 1191 1665 1247 introducebatur
1711 1190 1891 1247 simile
1940 1205 1976 1246 θ

2128 1190 2446 1263 ὀνομασθὲν,
2475 1192 2570 1245 καὶ
2594 1191 2881 1262 κακοήθως
2912 1193 3132 1264 νοηθένο
3162 1193 3353 1264 ἐπειδὴ
3378 1196 3412 1264 ή
3446 1194 3658 1265 ὁμοιότης

446 1286 689 1340 cundum
748 1285 1113 1340 substantiam
1170 1300 1187 1336 :
1246 1283 1395 1354 quod
1456 1283 1830 1354 excogitatum
1891 1289 1977 1336 est

2128 1282 2237 1336 τῶν
2280 1285 2339 1336 έν
2376 1281 2569 1353 οὐσίᾳ,
2614 1283 2732 1336 ἐστὶ
2780 1284 2892 1337 τῶν
2924 1284 3231 1339 οὖσιωδῶν*
3284 1286 3373 1339 ἵνα
3415 1286 3477 1357 δὴ
3520 1285 3659 1350 οὕτως

445 1375 677 1431 confuse
711 1376 1055 1430 nominatum
1086 1384 1142 1430 et
1192 1374 1465 1430 malitiose
1509 1374 1852 1428 intellectum
1897 1391 1911 1428 :
1952 1388 1976 1428 s

2129 1374 2458 1446 ὡμοιωμένη
2507 1376 2665 1429 οὐσία
2693 1376 2901 1448 νοῆται,
2931 1372 3043 1442 οἷος
3092 1377 3159 1432 ἂν
3199 1380 3285 1449 εἴη
3332 1378 3427 1432 καὶ
3478 1379 3660 1450 ἀνδριὰς

445 1467 668 1538 quidem
716 1467 1016 1524 similitudo
1043 1506 1058 1531 ,
1100 1482 1283 1522 rerum
1336 1473 1423 1521 est
1470 1480 1593 1536 quae
1626 1473 1758 1521 sunt
1802 1465 1858 1518 in
1892 1463 1976 1518 sul

2129 1466 2267 1537 πρὸς
2298 1466 2546 1538 βασιλέα.
2584 1467 2731 1539 Πρὸς
2776 1468 2918 1540 ἅπερ
2958 1470 3271 1541 ἀντεγράφη
3292 1509 3310 1533 ,
3345 1470 3407 1523 τὸ
3442 1470 3538 1523 om
3573 1471 3659 1524 τῶν

447 1560 651 1614 stantia
676 1597 692 1622 ,
743 1573 852 1613 non
886 1573 1008 1628 qua:
1043 1556 1438 1612 substantiales
1494 1564 1625 1611 sunt
1659 1572 1673 1607 :
1719 1569 1832 1626 quo
1880 1554 1978 1609 scil

2130 1556 2371 1611 εὐσεϐεῖν
2422 1558 2643 1612 εἰδότων
2698 1560 2794 1612 καὶ
2830 1559 3196 1632 βουλομένων,
3224 1563 3311 1617 δτι
3367 1564 3467 1634 οὐχ
3512 1565 3661 1636 ὅμοιον

445 1658 536 1705 cet
580 1649 660 1704 sic
705 1650 1014 1704 substantia
1049 1648 1350 1704 assimilata
1400 1647 1834 1716 intelligeretur,
1887 1660 1976 1714 qu:

2132 1647 2269 1719 Θεῷ,
2303 1648 2440 1704 ἀλλὰ
2472 1649 2607 1704 Θεὸν
2647 1650 2799 1723 δηλοῖ
2825 1653 2887 1705 τὸ
2916 1653 3219 1723 όμοούσιον,
3244 1655 3324 1719 ὡς
3366 1655 3431 1709 ἂν
3456 1656 3663 1727 γέννημα

446 1742 519 1797 lis
548 1741 713 1796 fuerit
742 1740 893 1796 verbi
927 1740 1104 1811 gratia
1142 1746 1323 1795 statua
1357 1748 1613 1808 respectu
1655 1736 1969 1806 imperatori

2131 1741 2352 1810 γνήσιον
2386 1740 2481 1793 καὶ
2507 1741 2606 1811 τῆς
2634 1741 2804 1813 αὐτῆς
2835 1743 3025 1808 οὐσίας
3054 1743 3135 1815 τῷ
3162 1746 3532 1817 γεγεννηκότι.
3556 1747 3662 1799 Συν-

445 1833 651 1888 Contra
698 1847 819 1902 quae
865 1833 1194 1901 rescriptum
1240 1838 1325 1887 est
1372 1830 1518 1901 quod
1575 1829 1644 1883 ab
1705 1828 1976 1882 hominibt

2132 1833 2376 1898 εισήγετο
2424 1828 2608 1884 δὲκαὶ
2655 1831 2716 1883 τὸ
2762 1832 2892 1903 περ)⁸
2933 1832 3285 1905 Πνεύματος,
3336 1835 3413 1899 ὡς
3454 1835 3551 1889 ὑπὸ
3578 1835 3663 1887 τῶν

446 1923 597 1993 pium
645 1922 843 1994 dogma
900 1922 1362 1993 cognoscentibus
1410 1928 1463 1975 et
1497 1919 1839 1975 sectantibus
1867 1926 1977 1973 tem

2133 1919 2387 1991 Πατέρων
2420 1920 2479 1973 ὲν
2513 1923 2579 1992 τῇ
2620 1922 2756 1994 αὐτῇ
2809 1922 2990 1977 πίστει
3040 1924 3119 1995 τῷ
3164 1925 3286 1996 Θεῷ
3326 1926 3424 1980 καὶ
3468 1926 3541 1996 τῷ
3577 1927 3664 1996 τις.

450 2025 564 2081 tur,
614 2015 837 2071 nomine
879 2013 1473 2071 consubstantialitatis
1508 2011 1705 2066 Filium
1752 2010 1981 2065 declarat

2133 2007 2407 2080 κειμένου,
2441 2010 2523 2062 ὅτι
2574 2010 2722 2063 ἐστιν
2754 2012 2815 2065 ὲν
2861 2016 2928 2084 τῇ
2970 2015 3108 2085 αὐτῇ
3156 2014 3400 2086 θεότητι.
3438 2016 3543 2087 Τὴν
3593 2012 3664 2069 οὖν

447 2125 562 2164 non
598 2110 832 2165 similem
863 2108 997 2174 Deo,
1029 2109 1128 2164 sed
1161 2107 1355 2171 Deum,
1379 2115 1562 2177 utpote
1588 2104 1882 2176 genuinam
1907 2118 1978 2172 pr<

2135 2096 2231 2166 τῆς
2277 2097 2562 2162 εὐσεϐείας
2613 2100 2820 2172 ταύτης
2872 2103 3205 2173 πρεσϐείαν,
3264 2108 3394 2160 τίνα
3450 2106 3582 2169 εἰκὸς
3614 2104 3666 2177 ἦν

448 2199 554 2253 lem
588 2198 945 2270 ejusdemque
992 2214 1119 2252 cum
1156 2197 1403 2268 genitore
1441 2194 1787 2251 substantiae.
1850 2190 1979 2245 Siml

2136 2186 2271 2240 οὕτω
2302 2190 2564 2258 μετεῖναι,
2612 2190 2687 2254 ὡς
2728 2192 2820 2246 τὸν
2867 2195 3309 2260 σπουδαιότατον,
3351 2198 3466 2268 ἃμα
3498 2198 3567 2268 τῷ
3605 2198 3667 2252 δε-

447 2289 615 2345 etiam
666 2289 891 2345 allatum
942 2290 1047 2343 fuit
1094 2288 1243 2358 quod
1303 2286 1374 2341 ad
1426 2284 1691 2355 Spiritum
1748 2282 1978 2353 pertinet

2138 2277 2306 2349 σπότῃ
2347 2295 2447 2348 μου
2484 2279 2789 2351 Γρηγορίῳ,
2822 2283 2882 2346 ὃς
2908 2284 3017 2336 οὐδ’
3038 2286 3208 2349 αὐτὸς
3246 2287 3542 2357 οὐδαμόθεν
3565 2288 3669 2357 γρα-

449 2382 546 2451 qui
589 2381 848 2436 nimirum
911 2396 943 2435 a
978 2379 1234 2435 Patribus
1286 2379 1343 2433 in
1389 2378 1580 2432 eadem
1638 2374 1762 2429 fidei
1816 2388 1980 2442 expos

2138 2384 2245 2436 φει,
2271 2368 2392 2421 οὐδὲ
2422 2371 2672 2439 σημαίνει
2693 2374 2949 2441 καθάπαξ
2970 2376 3123 2432 οὐδέν
3142 2397 3158 2447 ;
3180 2379 3459 2450 Ἐρῤωσο,
3478 2379 3669 2433 δέσποτα

451 2473 599 2528 tione
651 2472 798 2527 Patri
859 2483 914 2528 et
969 2472 1107 2528 Filio
1167 2470 1504 2543 apponitur,
1563 2466 1694 2537 quia
1738 2465 1796 2519 in
1837 2462 1982 2517 cadet

971 2472 1107 2528 Filio
1167 2470 1504 2543 apponitur,
1563 2466 1694 2537 quia
1738 2465 1796 2519 in
1837 2462 2025 2517 eadem
2135 2460 2502 2519 ποθεινότατε.

447 2565 668 2621 exsistit
708 2564 1014 2620 divinitate.
1064 2563 1237 2635 Hujus
1306 2563 1469 2633 igitur
1506 2560 1610 2630 piae
1643 2554 1931 2613 sententia:
1976 2552 2332 2625 legationem,
2401 2572 2564 2626 quem
2628 2558 2814 2613 decuit
2881 2559 3016 2616 adeo
3065 2563 3325 2633 persequi
3354 2602 3372 2625 ,
3412 2578 3476 2617 ac
3524 2571 3571 2618 te
3610 2562 3695 2640 tio.

451 2673 572 2712 rum
594 2658 1052 2722 laudatissimum,
1075 2674 1183 2712 una
1207 2672 1330 2712 cum
1350 2654 1571 2711 domino
1595 2667 1717 2707 meo
1740 2647 2026 2721 Gregorio,
2064 2646 2157 2716 qui
2193 2648 2399 2716 pariter
2461 2651 2613 2706 nullo
2657 2667 2725 2707 ex
2766 2652 2887 2709 loco
2922 2655 3134 2722 scribit,
3163 2671 3267 2712 nec
3301 2656 3392 2712 vel
3443 2653 3594 2711 semel
3622 2656 3675 2707 de

449 2752 706 2824 quapiam
736 2768 795 2809 re
824 2757 1112 2808 certiorem
1154 2751 1319 2806 fecit?
1348 2748 1509 2812 Vale,
1539 2747 1761 2802 domine
1791 2744 2029 2799 maxime
2065 2741 2468 2801 desiderabilis.

902 2863 1240 2920 EPISTOLA
1278 2860 1599 2919 CCCLXV'.
1712 2892 1719 2901 ι

1712 2892 1719 2901 .
2644 2861 2991 2918 ΕΠΙΣΤΟΛΗ
3030 2866 3197 2921 ΤΞΕ⁸.

453 2984 724 3050 Ῑηνειιηιηια
748 2984 1070 3050 Cappadocia:
1089 2983 1376 3050 calamitate.
1401 2962 1511 3034 cum
1534 2981 1670 3050 ﬂuvii
1692 2975 1941 3050 inundatio
1957 2988 2037 3050 res
2055 2974 2352 3050 ηςσξξξανὶαε
2381 2992 2409 3029 e
2439 2978 2608 3050 vicinis
2619 2981 2892 3050 provinciis
2923 2982 3160 3050 advehere
3180 2998 3279 3036 non
3299 2962 3495 3047 sineret,
3514 2988 3673 3046 rogatur

518 3036 834 3115 Theodosius,
851 3036 907 3097 ἰιι
925 3045 1142 3110 ﬂuvium,
1162 3044 1318 3110 pontis
1339 3036 1674 3096 commoditate
1704 3039 1940 3102 adhibita,
1958 3036 2101 3087 veluti
2125 3036 2339 3087 Rubrum
2360 3054 2495 3093 mare
2514 3036 2715 3107 pedibus
2733 3045 2952 3109 pervium
2970 3045 3158 3111 efﬁciat.

663 3150 904 3205 Basilius
950 3168 1138 3222 magno
1171 3150 1478 3221 imperatori
1507 3148 1823 3204 Theodosio.
2062 3144 2107 3202 C

2092 3145 2107 3200 Ξ
2194 3145 2513 3213 Baeti/istoc
2537 3147 2619 3215 τῷ
2644 3149 2885 3221 μεγάλῳ
2909 3152 3168 3217 ,βασιλεῖ
3189 3151 3304 3224 (3|)
3332 3151 3623 3206 Θεοδοσίω.

523 3260 819 3317 Calamitas
881 3263 1081 3317 accidit.
1125 3264 1181 3317 in
1240 3263 1461 3333 regione
1514 3269 1746 3322 nostra,
1806 3272 1919 3312 non
1966 3269 2032 3311 ex

2203 3260 2384 3325 Πάθος
2423 3262 2703 3334 ἀπήντησε
2731 3269 2799 3337 τῇ
2838 3265 2960 3320 καθ’
2987 3267 3134 3337 ἡμᾶς
3164 3266 3324 3339 χώρᾳ
3344 3309 3361 3333 ,
3388 3268 3486 3320 οὐκ
3520 3283 3576 3319 εκ
3599 3281 3674 3317 σω-

455 3368 720 3425 corporeo
779 3371 913 3411 casu
945 3395 963 3419 ,
1021 3356 1115 3412 sed
1174 3372 1241 3411 ex
1289 3370 1556 3424 aquarum
1602 3352 1841 3407 efﬂuvio.
1882 3348 1986 3404 Uni

2137 3354 2373 3424 ματικῆς
2420 3357 2792 3426 περιπετείας,
2826 3359 2942 3412 ἀλλ’
2974 3360 3033 3426 ἐξ
3093 3360 3308 3413 ὑδάτων
3351 3361 3668 3431 ἐπιρρύσεως.

455 3457 638 3502 autem
708 3448 848 3513 hoc,
904 3449 1249 3518 patefaciam.
1313 3446 1552 3502 Plurima
1607 3446 1752 3501 nivis
1810 3447 1986 3502 emiss?

2139 3444 2305 3498 Πόθεν
2352 3447 2409 3500 δὲ
2463 3447 2653 3516 τοῦτο,
2700 3450 2947 3522 δηλώσω.
3020 3452 3215 3521 Γέγονε
3270 3451 3542 3521 καταϐολὴ
3584 3449 3670 3519 χιό-

457 3539 599 3595 facta
625 3549 710 3596 est
761 3540 817 3595 in
847 3550 1093 3595 nostram
1122 3540 1403 3611 paludem.
1463 3539 1582 3606 Qua
1626 3540 1871 3595 nondum
1903 3556 1988 3595 σοι

2141 3555 2239 3590 νων
2264 3538 2375 3609 (52)
2410 3538 2579 3611 πολλὴ
2611 3543 2677 3612 τῇ
2711 3542 2833 3595 καθ’
2860 3544 3009 3614 ἡμᾶς
3032 3543 3219 3614 λίμνῃ.
3253 3545 3445 3614 Μήπω
3465 3542 3517 3594 δὲ
3539 3538 3672 3607 effr-.5

457 3635 631 3705 gelata
659 3674 674 3698 ,
704 3635 1020 3704 supervenit
1069 3643 1267 3689 ventus
1301 3634 1514 3690 calidus
1536 3676 1550 3698 ,
1586 3633 1859 3704 simulque
1890 3633 1988 3689 cad

2152 3631 2648 3704 ιρυσταλλωθείσης
2693 3635 2827 3705 (55),
2871 3635 3450 3707 ἐπιγίνεται-πνεῦμα
3488 3633 3683 3705 θερμὸν.-

458 3723 712 3779 australis
779 3724 970 3778 imber.
1032 3722 1215 3790 Quare
1281 3725 1466 3781 subita
1522 3722 1882 3794 confertaque
1914 3730 1989 3778 orl

2141 3725 2228 3777 καὶ
2252 3723 2457 3797 ὄμϐρος
2482 3726 2658 3791 νότιος
2693 3728 2995 3799 συμπίπτει
3021 3730 3159 3800 αὐτῇ
3191 3728 3334 3799 (54).
3372 3728 3583 3799 ’Ᾱθρόας
3603 3720 3672 3777 οὖν

458 3810 881 3882 liquefactione,
937 3812 1191 3869 immensi
1238 3813 1370 3868 moti
1413 3820 1542 3869 sunt
1608 3813 1806 3869 fluctus
1836 3853 1853 3875 .
1911 3828 1989 3867 CUI

2141 3814 2432 3885 γενομένης
2462 3816 2560 3886 τῆς
2590 3817 2816 3889 τήξεως,
2858 3817 3153 3873 ἀνείκαστα
3191 3819 3424 3890 ἐκινήθη
3465 3818 3672 3890 ῥεύματα

462 3905 692 3972 perenni
740 3901 905 3959 ﬂuvio
974 3905 1221 3974 permisti
1254 3945 1269 3969 ,
1313 3919 1379 3959 ac
1445 3903 1813 3959 exundatione
1863 3918 1993 3973 eaqu

2139 3909 2346 3980 ἁεννάῳ
2388 3910 2618 3982 ποταμῷ
2665 3911 3163 3983 συνεπιμιγνύμενα
3203 3912 3284 3983 τῷ
3326 3912 3470 3977 uim,
3502 3909 3670 3977 ἐναύλῳ

459 4005 792 4063 personante
842 4006 1162 4066 superantes
1192 4003 1305 4049 tum
1358 3996 1600 4067 linguam
1637 4002 1753 4050 tum
1791 3995 1990 4049 oculun

2138 4013 2198 4050 τε
2240 3997 2373 4061 ὄντι,
2422 3999 2818 4070 ὑπερϐαίνοντα
2858 4000 2967 4071 (55)
3014 3999 3232 4072 γλώσσῃ
3280 4002 3381 4055 καὶ
3429 3995 3669 4069 ὀφθαλμῷ.

461 4084 512 4140 Is
552 4086 757 4155 estqui
790 4086 945 4141 nobis
979 4096 1126 4142 sorte
1157 4086 1352 4158 obtigit
1383 4088 1595 4143 vicinus
1628 4086 1849 4152 ﬂuvius,
1890 4099 1992 4141 em:

2139 4080 2305 4151 Οὗτος
2337 4090 2366 4142 ό
2388 4087 2567 4159 λαχὼν
2598 4092 2731 4161 ἡμῖν
2758 4090 2956 4158 γείτων
2998 4090 3238 4160 ποταμός
3256 4106 3272 4120 ο
3303 4089 3570 4151 ὲκϐλύζων
3596 4086 3670 4155 μὲν

461 4192 599 4232 nans
656 4178 873 4248 quidem
927 4193 991 4234 ex
1040 4179 1299 4235 Armenia
1330 4221 1345 4245 ,
1399 4179 1742 4235 descendens
1786 4194 1918 4234 vero
1968 4192 1992 4231 a

2143 4179 2203 4232 ὲκ
2229 4181 2331 4249 τῆς
2358 4180 2467 4233 τῶν
2495 4181 2815 4252 Ἀρμενίων,
2843 4180 3263 4252 ὲκϐιϐαζόμενος
3286 4181 3346 4235 δὲ
3375 4183 3433 4233 ἐν
3458 4183 3521 4251 τῇ
3547 4181 3674 4248 tepor

463 4266 897 4321 sacratissimum
929 4267 1109 4322 lacum
1136 4267 1586 4335 Sebastenorum,
1621 4268 1679 4322 in
1716 4282 1881 4338 quem
1907 4283 1994 4323 vel

2140 4269 2276 4341 τὰτῃ
2309 4269 2474 4341 λίμνῃ
2506 4269 2615 4324 τῶν
2655 4270 3037 4342 Σεϐαστηνῶν,
3079 4273 3160 4334 εἰς
3190 4272 3258 4342 ἣν
3304 4274 3356 4324 οἱ
3403 4269 3671 4341 φερώνυμα

464 4358 769 4422 nominati,
837 4373 903 4413 ac
958 4359 1226 4430 generosi
1271 4360 1631 4431 quadraginta
1690 4358 1897 4415 Christi
1934 4375 1989 4414 ni

2140 4364 2236 4416 καὶ
2267 4366 2506 4434 γενναῖοι
2536 4363 2945 4435 τεσσαράκοντα
2974 4364 3068 4418 τοῦ
3095 4364 3335 4436 Χριστοῦ
3387 4361 3670 4436 στρατιῶται

464 4451 591 4505 lites
615 4489 630 4512 ,
673 4450 825 4519 gravi
868 4450 1035 4505 borea
1086 4450 1250 4507 ﬂante
1281 4451 1432 4506 infixi
1471 4460 1618 4507 sunt.
1653 4453 1732 4506 Ac
1767 4451 1894 4507 inde
1919 4450 1995 4521 (ac

2144 4450 2332 4522 βορέου
2360 4451 2532 4506 δεινοῦ
2562 4452 2893 4517 πνεύσαντος
2909 4453 3019 4524 (56)
3050 4455 3421 4525 ὲνεπάρησαν.
3447 4446 3672 4505 Κάκεῖθεν

465 4540 624 4594 mitte
655 4556 762 4606 nte,
794 4540 997 4610 Optime
1044 4541 1363 4610 imperator,
1388 4557 1515 4599 vera
1554 4541 1849 4611 dicentem)
1873 4540 1996 4613 461

2141 4541 2319 4614 (δέξαι
2376 4560 2442 4613 με
2474 4543 2535 4596 τὸ
2587 4542 2787 4614 ἀληθὲς
2835 4544 3094 4614 λέγοντα,
3141 4544 3436 4615 κράτιστε)
3473 4535 3609 4604 οὗτος
3648 4538 3671 4589 ὁ

466 4634 558 4688 ille
590 4631 788 4690 ﬂuvius
838 4632 1186 4690 circumdans
1215 4650 1315 4690 nos
1345 4676 1362 4701 ,
1406 4636 1558 4691 velut
1624 4650 1756 4705 gens
1786 4636 1997 4705 quaedat

2142 4633 2488 4705 περικυκλιῖΝ
2519 4635 2669 4706 ἡμᾶς
2699 4634 2891 4706 ὥσπερ
2927 4634 3077 4699 ἔθνος
3113 4635 3372 4705 πολέμιον
3404 4633 3510 4687 τῶν
3545 4628 3672 4700 φοϐε-

466 4726 694 4780 inimica
747 4733 802 4781 et
845 4725 1250 4792 formidabilis,
1297 4742 1407 4780 non
1446 4742 1640 4796 parum
1698 4742 1800 4781 nos
1846 4735 1993 4781 terre

2149 4722 2277 4794 ρῶν.
2307 4722 2369 4775 οὐ
2422 4723 2634 4794 μικρῶς
2666 4725 2815 4794 ἡμᾶς
2851 4723 3091 4793 ἐκφοϐεῖ.
3134 4725 3268 4777 Hoc).
3299 4725 3411 4795 γὰρ
3444 4720 3669 4794 μηδέποτε

467 4816 628 4872 Nullo
679 4818 825 4872 enim
886 4832 1128 4886 unquam
1184 4817 1269 4872 vel
1313 4824 1558 4887 tempore
1605 4817 1687 4871 vel
1742 4816 1904 4871 modo
1943 4831 1998 4887 pe

2146 4793 2541 4886 περαιούμενοξ
2574 4815 2685 4885 (57)
2712 4793 2855 4869 κατά
2892 4832 3015 4868 τινα
3056 4816 3244 4886 χρόνον
3292 4815 3327 4887 ἢ
3357 4793 3565 4885 τρόπον,
3596 4808 3670 4870 τὰς

468 4910 633 4964 dibus
690 4909 1040 4979 permeabilis
1070 4948 1087 4974 ,
1136 4924 1249 4964 non
1298 4908 1564 4979 permittit
1598 4917 1659 4962 ut
1715 4891 1999 4963 necessari.

2145 4906 2443 4974 ἀναγκαίας
2470 4907 2602 4977 ἡμῖν
2630 4907 2723 4959 καὶ
2747 4906 3044 4970 λυσιτελεῖς
3068 4907 3332 4978 πατρίδας
3360 4907 3421 4960 οὐ
3446 4900 3673 4973 συγχωρά

468 5000 627 5055 nobis
659 5015 723 5055 ac
765 5001 926 5056 utiles
966 5000 1253 5071 regiones,
1305 5000 1660 5055 transveham
1709 5015 1915 5054 merces
1950 5014 1999 5069 οι

2146 4995 2484 5067 διακομίζειν
2532 4998 2602 5051 τὰ
2656 4997 3069 5070 ἐμπορευόμενα
3106 4998 3406 5069 ἐπιτήδεια.
3454 4995 3595 5061 Λέγω
3622 4988 3672 5059 δὴ

470 5099 749 5163 portunas.
787 5090 1100 5147 Galatarum
1128 5132 1144 5157 ,
1198 5092 1449 5162 inquam,
1505 5101 1560 5146 et
1607 5090 2001 5163 Paphlagonum

2146 5089 2254 5144 τῶν
2306 5090 2565 5143 Γαλατῶν
2627 5091 2721 5144 καὶ
2785 5090 3148 5160 Παφλαγόνων
3198 5092 3295 5144 καὶ
3365 5088 3673 5159 asumm-

469 5193 522 5237 ει
580 5182 1146 5255 Hellenopontiorum,
1203 5201 1300 5254 per
1346 5200 1484 5255 quas
1512 5192 1567 5239 et
1618 5200 1681 5239 ex
1713 5185 1913 5254 quibus
1940 5184 2000 5238 ob

2146 5181 2275 5235 τίων
2310 5181 2443 5253 (58),
2466 5182 2534 5235 δι’
2563 5177 2637 5236 ὧν
2661 5183 2756 5235 καὶ
2790 5183 2850 5247 ὲξ
2878 5177 2952 5237 ὧν
2985 5183 3054 5235 τὰ
3085 5184 3359 5250 ἀναγκαῖα
3390 5183 3516 5252 ἡμῖν
3540 5176 3673 5247 πρόσ-

471 5274 701 5329 veniunt
747 5289 869 5344 quae
919 5275 1076 5332 nobis
1113 5286 1242 5331 sunt
1271 5276 1581 5331 necessaria
1602 5315 1617 5337 ,
1646 5276 1916 5346 praecipue
1942 5291 2002 5347 pa

2153 5289 2290 5338 εστι,
2324 5273 2557 5345 μάλιστα
2580 5275 2614 5345 ἡ
2643 5272 2738 5326 τοῦ
2771 5274 2938 5345 ἄρτου
2963 5272 3238 5342 δαψίλεια·
3278 5271 3580 5345 κρυμὼδους
3602 5263 3674 5320 οὖ-

539 5429 561 5500 ‘_
592 5427 670 5480 Ex
701 5427 938 5500 Monum.
974 5429 1116 5484 Eccl.
1152 5431 1245 5488 Gr.
1282 5442 1321 5485 t.
1356 5431 1419 5496 ll,
1448 5447 1500 5500 p.
1540 5431 1631 5487 97.

1478 5455 1500 5485 ι.
1540 5431 1631 5487 97.
2362 5429 2448 5500 Al.
2481 5428 2905 5498 ὑπερϐάλλοντα.
2936 5425 3009 5481 In.

543 5495 656 5569 (δῇ)
688 5499 775 5552 ΑΙ.
806 5499 885 5569 τῷ
920 5500 1128 5569 βασιλεῖ
1161 5495 1554 5559 tantum.Cor.

1490 5518 1554 5559 ιτ.
2212 5495 2323 5567 (56)
2356 5499 2445 5551 Αι.
2477 5495 2919 5569 ἐπιπνεύσαντος.
2946 5500 3021 5553 lo.

543 5567 661 5702 $52;
694 5568 783 5621 At.
815 5567 1006 5639 χιόνος.
1036 5568 1114 5623 ιι).
2221 5569 2333 5637 (57)
2365 5570 2452 5623 Al.
2487 5568 2823 5640 περώμενος.
2869 5569 2942 5623 In.

568 5636 657 5702 55)
689 5639 775 5691 Al.
810 5639 1133 5702 κρυστάλλῳ
1159 5639 1443 5702 παγείσης.
1477 5639 1553 5697 In.
2216 5640 2330 5702 (58)
2363 5639 2450 5696 Al.
2494 5638 2940 5702 Ἑλλησποντίων.

568 5636 657 5714 ξῖρ)
689 5639 775 5714 Ai.
810 5636 1133 5714 κρυσταλλῳ
1159 5639 1443 5714 παγείσης.
1477 5639 1553 5697 In.

1518 5657 1553 5697 ).
2216 5636 2330 5712 (58)
2363 5639 2450 5696 Al.
2494 5636 2940 5712 'Entjazowt'wv.
2973 5639 3049 5694 ln.

545 5706 663 5778 (at)
693 5708 782 5766 At.
811 5706 979 5779 αὖτῷ.
1010 5710 1085 5764 ιο.
