3878 6222
218 331 365 391 “83

1099 331 1582 389 EPISTOLARUM
1622 331 1913 390 CLASSIS
1949 330 2038 386 ΙΙΙ.
2077 330 2297 388 EPIST.
2327 327 2645 388 CCCLXVI.

3345 332 3485 388 mo

217 468 321 521 σης
361 450 463 520 τῆς
512 448 830 521 περικύκλῳ
869 449 1004 518 γῆς,
1059 450 1154 503 καὶ
1193 453 1258 504 ὲκ
1306 449 1401 503 τοῦ
1448 452 1798 522 περιέχοντος

1900 450 1987 504 nis
2042 446 2429 504 abundantia:
2474 461 2601 501 cum
2649 443 2830 500 vicina
2882 442 3129 513 undique
3179 448 3325 498 terra
3383 445 3480 498 fri-

214 543 415 613 ἀέρος,
488 543 552 595 ἐκ
621 542 720 610 τῆς
782 540 1799 614 ἀστραποὸροντοχαλαζορειθροδαμά-

215 650 346 686 στου
378 633 490 699 ι59)
528 633 699 705 ὀργῆς
728 632 1124 703 δεσμουμένης.
1157 634 1233 686 Οὐ
1271 634 1463 704 μικρὸν
1487 634 1547 686 δὲ
1583 632 1801 687 ἀπειλεῖ

212 725 314 777 καὶ
341 725 374 794 ἡ
400 724 496 776 τοῦ
521 724 752 794 πατρίου
784 723 984 791 ἄλγους
1027 724 1252 795 Ἀργὲου
1287 725 1574 795 ὑπεροψία.
1606 726 1683 778 Σὺ
1704 720 1801 781 οὖν

212 814 652 886 ἑκδυσωπηθεὶς,
689 815 975 886 κράτιστε,
1009 816 1411 887 φιλοτιμεῖσθαι
1455 817 1683 889 θέλησον
1700 817 1802 890 τὴν

213 909 493 980 ὐπόφορόν
522 926 617 962 σου
650 911 755 981 γῆν
774 927 788 941 ο
819 911 886 965 ἵν’
911 910 1056 964 οῦτω
1090 909 1266 982 τούτῳ
1288 913 1346 965 ὲν
1376 911 1607 982 ἀφθονίᾳ
1635 911 1803 982 γεφύ-

216 1016 321 1071 ρας
352 1000 713 1071 περαιοῦσθαι
742 1000 1218 1073 ὲφαρμοσάμενος,
1251 1000 1433 1074 δείξῃς
1476 1001 1640 1055 αὑτὸν
1672 1002 1800 1056 νέαν

227 1091 500 1164 Ἐρυθρὰν
539 1092 932 1164 ὁδοιπόριστον.
964 1093 1074 1147 Καὶ
1106 1092 1215 1165 γὰρ
1262 1092 1343 1163 τῷ
1384 1092 1804 1163 πολυστενάκτῳ

214 1183 320 1255 βίῳ
367 1184 481 1256 (40)
533 1185 645 1239 τῶν
695 1184 965 1239 Ἰουδαίων
1017 1184 1441 1255 σπλαγχνισθεὶς
1486 1187 1518 1237 ὁ
1570 1185 1797 1257 Κύριος,

208 1274 439 1337 τούτους
490 1274 747 1346 ἁϐρόχοις
792 1275 922 1328 ποσὶ
974 1273 1211 1346 βαδίζειν
1257 1274 1551 1346 εὐδόκησεν
1596 1276 1673 1338 ὡς
1709 1274 1800 1328 διὰ

212 1364 389 1437 ξηρᾶς
416 1368 474 1420 ὲν
508 1368 576 1437 τῇ
626 1366 885 1439 Ἐρυθρᾷ,
925 1365 1176 1430 δεδωκὼς
1224 1368 1412 1432 αὐτοῖς
1444 1371 1799 1439 προηγήτορα

209 1452 306 1506 τὸν
336 1454 562 1509 Μωσέα.
593 1455 768 1519 Πολὺς
802 1450 895 1509 οῦν
933 1457 1066 1526 ἡμῖν
1098 1458 1128 1509 ὁ
1158 1455 1252 1510 τοῦ
1292 1457 1541 1527 ποταμοῦ
1575 1458 1796 1529 τρόπος,

208 1542 525 1615 ἀνθρώποις
549 1545 649 1616 μὲν
670 1547 895 1615 γέγονεν
922 1546 1144 1618 ὄλεθρος
1164 1564 1178 1578 ·
1201 1547 1314 1602 ἄνω
1330 1547 1388 1601 δὲ
1411 1548 1800 1617 πελαγίζοντος

209 1632 408 1699 αὐτοῦ,
448 1636 545 1688 καὶ
571 1636 749 1689 πᾶσαν
787 1637 1089 1709 χλοηφόρον
1134 1638 1238 1709 ’γῆν
1271 1637 1652 1704 ὲκθλίόοντος,
1702 1641 1800 1693 καὶ

207 1726 280 1779 ἐκ
336 1724 434 1796 τῆς
484 1725 626 1790 ίλύος
654 1727 1000 1799 σκεπομένης
1025 1729 1124 1799 τῆς
1154 1729 1415 1802 ἀρούρας,
1452 1731 1667 1802 ἀνάγκη
1710 1730 1793 1784 λι-

211 1815 448 1886 μώττειν
474 1817 569 1871 τὸν
598 1818 845 1890 ἀροτῆρα
876 1818 1029 1889 βοῦν,
1066 1823 1162 1874 καὶ
1204 1821 1381 1875 πάντα
1422 1822 1491 1876 τὰ
1524 1823 1793 1892 ὑποζύγια

201 1907 316 1989 τῆς
351 1908 669 1982 περικύκλῳ
710 1912 836 1980 γῆς.
865 1911 977 1965 Καὶ
1011 1913 1061 1965 εί
1104 1913 1205 1982 μὲν
1236 1908 1305 1985 ἦν
1347 1913 1635 1983 ἄνθρωπος
1672 1915 1791 1969 ἁδι-

207 2000 347 2065 κῶν,
371 2000 472 2053 οὐκ
494 2000 560 2054 ἂν
582 2001 944 2073 ἐπαυσάμεθα
968 2005 1081 2066 τοῖς
1101 2003 1471 2076 δικαστηρίοις
1496 2003 1791 2077 χρώμενοι.

205 2091 318 2145 Τὸν
338 2091 398 2145 δὲ
422 2093 608 2163 νόμοις
632 2094 705 2163 μὴ
731 2094 1055 2165 πειθόμενον
1079 2092 1335 2165 μέγιστον
1362 2097 1627 2167 ποταμὸν,
1650 2097 1703 2149 τί
1725 2097 1791 2150 ἂν

203 2182 323 2253 ἄρα
348 2184 458 2237 δέοι
494 2202 580 2249 τις
616 2185 1078 2263 ὲφαρμόσασθαις
1113 2187 1203 2240 Σοὶ
1246 2182 1340 2241 οὖν
1381 2186 1639 2258 εὔχεσθαι
1684 2188 1789 2258 δεῖ,

202 2276 494 2346 κράτιστε,
527 2278 607 2348 τῷ
649 2280 709 2331 ὲν
745 2280 843 2349 μιᾷ
860 2277 1063 2350 καιροῦ
1096 2280 1237 2351 ῥοπῇ
1269 2280 1583 2335 ἀναστεῖλαι
1629 2281 1789 2335 δυνα-

209 2368 362 2439 μένῳ
384 2370 477 2423 τὸν
505 2371 613 2424 τῶν
645 2371 944 2442 ὁδοιπόρων
970 2369 1236 2424 κίνδυνον.

1898 541 2021 612 gida
2078 541 2196 603 sit,
2231 550 2395 610 atque
2440 553 2510 592 ex
2556 552 2684 592 aere
2728 537 3003 591 ambiente
3031 576 3049 600 ,
3106 551 3309 606 perque
3344 537 3479 590 iram

1898 634 2130 703 fulgure,
2162 632 2387 693 tonitru,
2443 630 2733 701 grandine,
2798 627 3022 683 ﬂumine
3094 625 3425 697 afﬂigcntem
3461 666 3481 693 ,

1898 724 2211 795 colligata»
2240 720 2353 777 Nec
2379 736 2572 792 parum
2617 722 2782 777 etiam
2835 722 3076 774 minatur
3112 720 3275 791 patrii
3318 720 3483 775 dolo-

1899 815 1997 884 ris,
2032 814 2210 885 Argaei
2265 814 2470 868 montis
2515 812 2902 883 supercilium.
2956 810 3040 864 Tu
3070 811 3239 882 igitur
3284 827 3483 867 exora-

1897 912 1993 962 tus
2016 945 2037 972 ,
2074 901 2564 976 przizstantissime,
2601 904 2741 959 bene
2786 902 2985 956 mereri
3029 902 3168 957 velis
3221 902 3290 957 de
3329 911 3478 956 terra

1899 997 2000 1052 tibi
2059 996 2395 1062 tributaria;
2456 1005 2515 1051 ut
2568 997 2645 1050 ita
2715 992 2953 1049 alliciens
3010 992 3235 1048 ﬂuvium
3292 993 3480 1064 pontis

1898 1088 2287 1145 commoditate
2333 1087 2515 1157 trajici
2539 1126 2555 1150 ,
2588 1086 2851 1141 ostendas
2883 1086 3034 1140 illum
3083 1094 3342 1157 tanquam
3376 1102 3479 1141 no-

1898 1196 2026 1236 vum
2084 1195 2237 1235 mare
2307 1178 2556 1234 Rubrum
2628 1178 2858 1248 pedibus
2935 1177 3203 1247 pervium.
3259 1175 3477 1232 Etenim

1899 1272 2174 1327 infelicem
2233 1270 2501 1341 valdeque
2564 1270 2962 1340 gemebundam
3029 1267 3340 1323 Judaorum
3402 1270 3481 1322 vi-

1898 1373 2009 1418 tam
2076 1364 2371 1419 miseratus
2428 1362 2730 1424 Dominus,
2784 1376 2852 1415 ex
2909 1361 3153 1415 bonitate
3199 1376 3296 1415 sua
3377 1375 3477 1415 vo-

1897 1456 2000 1511 luit
2076 1464 2137 1510 ut
2212 1455 2250 1509 ii
2302 1454 2533 1525 pedibus
2593 1454 2757 1508 siccis
2819 1468 2918 1522 per
2980 1467 3131 1506 mare
3176 1450 3471 1515 Rubrum,

1895 1547 2056 1617 quasi
2120 1560 2219 1617 per
2291 1545 2500 1599 aridam
2531 1584 2547 1609 ,
2601 1543 2967 1610 incederent,
3021 1543 3222 1596 tradito
3280 1543 3477 1597 iisdem

1895 1640 1952 1693 in
1984 1639 2178 1694 ducem
2220 1637 2439 1691 itineris
2480 1635 2650 1691 Mose.
2712 1634 2901 1705 Itaque
2950 1635 3102 1688 varia
3149 1632 3298 1687 ﬂuvii
3332 1633 3477 1702 apud

1895 1744 1998 1785 nos
2052 1727 2327 1783 curricula
2352 1768 2368 1793 ,
2426 1726 2742 1782 hominibus
2785 1724 3005 1795 quidem
3063 1724 3215 1779 fuere
3257 1725 3472 1780 exitio:

1896 1821 2016 1891 ipso
2075 1826 2257 1876 autem
2316 1834 2557 1888 superne
2635 1818 2939 1872 inundante
2971 1857 2986 1880 ,
3056 1817 3479 1886 universamque

1896 1927 2098 1967 terram
2141 1926 2402 1982 pascuam
2464 1917 2732 1966 atterente
2764 1949 2780 1974 ,
2848 1925 3064 1965 necnon
3138 1912 3285 1964 arvis
3345 1909 3481 1964 limo

1897 2003 2129 2060 obtectis
2153 2040 2171 2066 ,
2217 2016 2448 2056 necesse
2480 2011 2564 2056 est
2595 2008 2656 2054 ut
2712 2000 2925 2055 esuriat
2952 2009 3138 2055 arator
3170 1998 3270 2054 bos
3300 2037 3317 2060 ,
3346 2013 3480 2054 cum

1898 2095 2123 2165 reliquis
2156 2092 2424 2162 jmnentis
2481 2092 2653 2147 totius
2703 2091 2966 2162 regionis.
3016 2090 3084 2145 Et
3111 2105 3240 2146 vero
3274 2090 3323 2146 si
3374 2090 3481 2144 bo-

1895 2201 1985 2241 mo
2036 2185 2232 2241 fuisset
2303 2184 2402 2255 qui
2458 2184 2669 2239 homini
2718 2182 2949 2240 fecisset
3012 2183 3267 2254 injuriam
3303 2223 3318 2247 ,
3363 2198 3479 2238 non

1891 2277 2294 2334 destitissemus
2321 2274 2390 2330 ad
2422 2274 2719 2329 tribunalia
2747 2291 2862 2330 rem
2891 2272 3128 2330 diﬂ‘erre.
3167 2274 3253 2325 Δι’
3271 2273 3325 2326 in
3360 2288 3478 2326 ma-

1893 2369 2102 2424 ximum
2132 2366 2355 2422 ﬂuvium
2384 2406 2401 2432 ,
2456 2366 2668 2437 legibus
2719 2380 3065 2436 nequaquam
3093 2366 3478 2433 obtemperan-

202 2469 362 2531 tem,
409 2461 670 2530 quidnam
702 2460 906 2532 aliquis
939 2460 1142 2523 poterit
1186 2460 1459 2516 adornare
1482 2461 1506 2516 ?
1533 2458 1802 2527 Quocirca
1830 2460 1900 2516 ad
1941 2469 1995 2515 te
2033 2473 2228 2529 preces
2262 2456 2577 2514 deferenda:
2614 2468 2767 2527 sunt,
2801 2458 3207 2530 potentissime,
3230 2458 3324 2527 qui
3365 2472 3479 2513 uno

204 2558 474 2629 temporis
502 2566 803 2620 momento,
831 2557 1104 2611 viatorum
1144 2558 1446 2626 periculum
1469 2559 1665 2614 sistere
1691 2565 1866 2629 potes.

662 2671 1006 2726 ΕΠΙΣΤΟΛΗ
1044 2671 1223 2740 ΤΞςυ.

2317 2670 2658 2728 EPISTOLA
2713 2669 3038 2727 CCCLXV].

281 2780 822 2854 ADIONITIO.f—_En
872 2785 1053 2854 magni
1095 2784 1290 2839 Basilii
1328 2785 1631 2854 epistolam,
1670 2800 1735 2841 ea:
1776 2785 1951 2854 prisco
1996 2785 2174 2840 codice
2226 2785 2425 2854 Veneto,
2462 2783 2616 2847 LXI,
2657 2785 2697 2853 Γ.
2741 2783 2951 2854 324,9
2996 2799 3079 2838 me
3126 2787 3470 2853 exscriptam,

202 2868 326 2922 qua:
354 2853 480 2905 olim
518 2852 832 2906 clarissimis
864 2852 1067 2976 quoque
1095 2856 1220 2909 viris
1256 2852 1551 2910 Marciana:
1583 2852 1912 2910 bibliotheca:
1949 2856 2359 2925 descriptoribus
2386 2852 2828 2924 Zannetio’atque
2860 2852 3104 2908 Morellio
3133 2852 3327 2908 inedita
3361 2860 3479 2911 visa

202 2931 320 2976 est:
348 2931 502 2976 ataue
526 2933 703 2974 utrum
734 2924 802 2975 sit
827 2923 967 2976 alicu
1006 2929 1022 2976 i
1053 2927 1333 2976 postremis
1362 2926 1443 2976 his
1473 2928 1627 2976 annis
1654 2927 1820 2976 edita.
1849 2926 1979 2976 mihi
2008 2944 2111 2976 non
2134 2936 2360 2976 constat.
2384 2926 2484 2976 sed
2509 2936 2647 2976 certe
2675 2926 2731 2976 in
2760 2924 3063 2976 plenissima
3096 2924 3339 2976 Carnerii
3363 2928 3477 2976 edi-

202 2931 320 2986 est;
348 2931 502 2989 atque
526 2933 703 2974 utrum
734 2924 802 2975 sit
827 2923 967 2977 alicu

1006 2929 1022 2977 i
1053 2927 1333 2993 postremis
1362 2926 1443 2980 his
1473 2928 1627 2980 annis
1654 2927 1820 2987 edita,
1849 2926 1979 2980 mihi
2008 2944 2111 2981 non
2126 2924 2360 2989 constat,
2384 2926 2484 2979 sed
2509 2936 2647 2979 certe
2675 2926 2731 2978 in
2757 2924 3063 2991 plenissima
3096 2924 3339 2979 Carnerii
3363 2928 3477 2980 edi-

207 2993 352 3066 tione
379 2991 729 3066 desideratur.
775 2991 855 3045 Ea
884 2991 1136 3066 scribitur
1167 2995 1234 3049 ad
1269 2994 1536 3050 Urbicium
1570 2998 1906 3059 monachum,
1948 2996 2018 3050 ad
2051 2997 2352 3066 quemalia:
2381 2996 2502 3051 duce
2532 2995 2985 3066 Basilii_epistolte
3017 3005 3247 3057 exstant,
3295 3013 3474 3065 nempe

207 3062 393 3137 125m
421 3060 546 3125 269.,
578 3063 638 3137 in
674 3061 1276 3137 Carnerianaeditione.
1321 3066 1701 3135 Argumentum
1745 3068 2031 3137 titulusque
2063 3060 2170 3129 'est,
2204 3064 2278 3121 De
2323 3066 2681 3137 continentia.
2719 3060 2900 3134 Neque
2931 3081 3050 3119 vero
3088 3067 3343 3131 scriptum
3375 3060 3473 3121 hoc

206 3131 550 3206 Basilianum
582 3133 781 3185 diutius
814 3150 915 3206 ego
947 3134 1223 3206 celandum
1255 3131 1507 3200 arbitror,
1532 3139 1826 3206 prasertim
1850 3131 1973 3206 quia
2002 3135 2197 3191 Suidas
2217 3153 2280 3190 ac
2311 3136 2530 3189 Pliotius
2554 3137 2685 3188 nihil
2709 3131 3050 3206 prazstantius
3081 3146 3175 3189 aut
3196 3138 3479 3203 epistulari

203 3202 503 3257 characteri
537 3202 982 3258 accommodatius
1015 3205 1209 3260 Basilii
1238 3207 1472 3276 epistolis
1499 3202 1611 3262 esse
1638 3202 1966 3273 iudicarunt.
1999 3207 2104 3283 MAI
2131 3206 2384 3261 Biblioth.
2412 3223 2531 3259 nov.
2556 3202 2734 3269 Patr.,
2768 3204 2887 3273 III,
2915 3205 3043 3261 450.

205 3315 530 3379 Βασίλειος
549 3314 698 3384 πρὸς
730 3317 1044 3385 οὺρϐίκιον
1062 3318 1396 3387 μον-σίζοντα
1417 3321 1549 3390 περὶ
1579 3321 1789 3390 ἐγκρα-

1896 3319 1958 3376 S.
1994 3320 2193 3375 Basilii
2224 3319 2293 3373 ad
2336 3317 2608 3373 Urbicium
2640 3319 2950 3372 monachum
2985 3322 3211 3389 epistola
3247 3320 3311 3375 de
3343 3337 3478 3376 con-

904 3390 1095 3454 τείας,

285 3498 483 3565 Καλῶς
507 3502 701 3566 ποιεῖς,
740 3502 902 3572 ὅρους
931 3503 1067 3573 ἡμῖν
1110 3502 1290 3566 εὐθεῖς
1324 3503 1547 3575 ὁρίζων,
1587 3504 1677 3558 ἵνα
1709 3505 1784 3575 μὴ

209 3591 375 3663 μόνον
403 3592 728 3663 ἐγκράτειαν
757 3593 956 3664 ἴδωμεν
989 3593 1122 3664 (bl),
1153 3593 1291 3647 ἀλλὰ
1328 3596 1422 3648 καὶ
1450 3595 1541 3649 τὸν
1576 3595 1787 3666 καρπὸν

205 3684 399 3754 αὐτῆς.
427 3684 615 3737 Ἔστιν
646 3679 740 3736 οὖν
781 3686 809 3737 ὁ
848 3686 1059 3756 καρπὸς
1104 3687 1296 3757 αὐτῆς,
1338 3686 1474 3739 Θεοῦ
1504 3686 1781 3756 μετουσία.

208 3777 288 3831 Τὸ
311 3777 421 3848 γὰρ
456 3777 529 3847 μὴ
558 3776 895 3848 φθείρεσθαι,
923 3776 1059 3831 Θεοῦ
1093 3779 1343 3848 μετέχειν
1381 3777 1559 3831 ἐστίν’
1596 3776 1787 3848 ὥσπερ

205 3867 276 3919 τὸ
300 3865 634 3937 φθείρεσθαι,
665 3866 780 3936 βίου
816 3868 1094 3937 μετουσία.
1139 3867 1467 3938 Ἐγκράτεια
1503 3868 1609 3939 γάρ
1636 3868 1785 3920 ἐστιν

208 3952 469 4023 σώματος
500 3954 749 4026 ἄρνησις,
800 3957 895 4009 καὶ
925 3954 1184 4026 ὁμολογία
1224 3958 1359 4027 πρὸς
1410 3957 1562 4011 Θεόν.
1626 3958 1787 4012 Ἀπο-

286 4066 306 4141 (
322 4071 420 4139 39)
513 4071 1778 4141 Ἀστραποϐροντοχιιλαζορειθροδαμάστου.

207 4140 350 4195 Cum
386 4149 496 4193 tota
524 4142 754 4209 epistola
794 4141 973 4213 Basilii
1014 4143 1155 4213 stylo
1186 4152 1240 4196 et
1272 4144 1489 4212 ingenio
1519 4143 1781 4207 discolor,

207 4219 330 4282 tum
355 4213 590 4282 maxime
636 4213 737 4263 hoc
778 4212 1477 4282 plusquamsesquipedale
1537 4215 1780 4267 verbum.

210 4279 371 4351 _llnde
394 4294 499 4351 non
518 4279 1132 4351 immeritoCotelerius.
1155 4279 1247 4350 qui
1268 4279 1404 4336 lianc
1426 4283 1709 4351 epistolam
1728 4285 1784 4337 in

209 4348 392 4403 lucem
406 4350 594 4412 edidit,
622 4358 754 4421 tom.
771 4349 1058 4421 lldlonnm.
1092 4348 1237 4405 Eccl.
1276 4348 1493 4414 ercu},
1526 4355 1666 4419 lianc
1694 4369 1803 4421 ap-.

208 4421 367 4491 ponit
399 4427 581 4471 notam
620 4436 672 4492 p.
705 4419 808 4473 559
841 4460 849 4469 .
905 4419 971 4473 In
1004 4425 1173 4489 primo
1207 4439 1234 4475 e
1262 4422 1546 4486 codicibus,
1589 4419 1786 4492 inquit,

209 4502 470 4563 «iniuncta:
511 4490 659 4563 naris
702 4491 915 4563 criticus
976 4492 1366 4563 adnotaverat:
1418 4492 1484 4563 ᾘ
1534 4490 1791 4563 ἐπιστολὴ

211 4558 530 4634 αὕτηηοῦτε
567 4558 674 4634 ἀπὸ
718 4557 1324 4634 τῶν-νοημάτωνηοῦτε
1372 4561 1478 4634 ἀπὸ
1506 4564 1623 4634 -τῆς
1652 4557 1794 4634 φράὶ

214 4623 355 4697 σεως
380 4626 556 4680 ἔοικεν
587 4623 723 4681 εἶναι
761 4627 854 4681 τοῦ
895 4623 1474 4697 ΜεγάλοοΒασιλείου.
1506 4623 1619 4687 Hoc
1660 4623 1744 4688 est
1774 4651 1787 4686 :

214 4696 338 4752 Ista
365 4698 612 4771 epist_0_la,
646 4714 894 4771 nequeea:
926 4696 1116 4771 sensis,
1140 4718 1299 4771 neque
1318 4718 1385 4756 ea:
1404 4702 1633 4771 dictione
1654 4701 1782 4755 vide-

215 4778 308 4821 tur
333 4783 445 4821 esse
488 4766 671 4837 Magni
701 4766 909 4823 Basilii.
947 4768 1174 4826 Videtur
1216 4766 1399 4827 tamen
1444 4770 1486 4824 Τ
1493 4771 1792 4827 iliemontio

213 4839 333 4892 haec
359 4838 586 4906 epistola
617 4837 870 4906 juvenem
900 4850 953 4893 et
982 4844 1252 4895 rhetorem
1280 4841 1535 4895 Basilium
1562 4856 1669 4896 non
1697 4844 1792 4896 de-

212 4905 584 4980 decuissepet
629 4905 1018 4980 Tbeodosium,
1072 4914 1161 4964 cui
1211 4912 1470 4980 inscripta
1518 4919 1622 4973 est,
1679 4928 1791 4967 non

210 4992 472 5051 magnum
497 4977 658 5051 illum
679 4977 1061 5051 imperatorem
1084 4981 1355 5051 intelligit,
1375 4977 1469 5034 sed
1500 4981 1785 5049 przesidem

215 5046 456 5117 aliquem
486 5046 858 5120 Cappadociae.
898 5048 1145 5118 iniquum
1172 5046 1303 5106 sane
1328 5058 1474 5105 esset
1500 5046 1566 5103 in
1590 5051 1791 5120 juvene

217 5130 489 5189 summam
526 5117 648 5186 styli
683 5117 1326 5189 gravitatem’requirere;
1359 5120 1453 5175 sed
1479 5117 1659 5173 tamen
1683 5120 1789 5174 Ba-

215 5187 345 5260 silio
365 5184 641 5260 nunquam
659 5184 900 5260 defuisse
912 5184 1235 5243 crediderim
1258 5184 1584 5260 pellucidum
1609 5204 1793 5258 quem-

216 5257 347 5330 dam
376 5258 640 5330 orationis
692 5257 943 5330 nitorem,
983 5262 1078 5329 qui
1124 5260 1222 5313 toti
1258 5257 1522 5330 'epistolze
1564 5257 1792 5330 prorsus

210 5325 391 5382 deest.
419 5326 623 5380 Auctor
652 5328 895 5395 epistolae
921 5325 1510 5398 imperatorem—ipsum
1542 5325 1793 5383 Theodo—

215 5398 385 5460 sium,
411 5412 573 5465 quem
602 5404 913 5465 regnantem
934 5414 1043 5452 non
1072 5400 1205 5454 vidit
1226 5398 1791 5465 Basilius.rmanifeste

216 5464 536 5535 alloquitur,
569 5475 626 5518 ut
661 5464 805 5534 patet
847 5482 912 5520 ex
942 5469 1029 5522 liis
1071 5470 1253 5523 verbis
1280 5487 1293 5521 :
1326 5471 1397 5522 Σὺ
1434 5464 1526 5523 οὖν
1554 5468 1792 5521 ὲκδυσω‹

218 5535 434 5610 πηθεὶς,
463 5535 739 5610 κράτιστε,
775 5537 1173 5610 φιλοτιμεῖσθαι
1205 5539 1427 5610 θέλησον
1457 5539 1554 5608 τὴν
1584 5539 1793 5610 ὑπόφος

217 5604 316 5677 ρόν
339 5624 433 5660 σου
449 5604 553 5677 γῆν
571 5622 586 5637 ο
619 5604 697 5677 'l'u
714 5607 875 5675 igitur
895 5604 1166 5671 exoratus,
1188 5604 1640 5677 prws'tantiss’ime,
1668 5604 1790 5661 bene

216 5676 412 5731 mereri
442 5676 571 5729 velis
612 5676 677 5729 de
724 5687 865 5729 terra
893 5680 989 5731 tibi
1039 5678 1344 5733 tributaria.
1400 5677 1504 5733 Sed
1545 5677 1791 5747 quodgde

217 5748 582 5818 quadraginta
612 5747 941 5818 martyribus
961 5748 1182 5820 dicitur,
1212 5764 1308 5806 eos
1339 5749 1394 5806 in
1419 5744 1672 5819 stagnum
1694 5744 1791 5802 Se-

513 4071 1778 4141 Ἀστραποϐροντοχιιλαζορειθροδαμάστου.

2560 3390 2799 3443 tinentiu.

1962 3500 2132 3555 Recte
2158 3498 2315 3563 facis,
2337 3498 2520 3567 justos
2553 3498 2715 3553 nobis
2761 3496 2899 3553 fines
2944 3496 3236 3561 definiens,
3270 3505 3329 3552 ut
3362 3513 3475 3552 non

1891 3592 2067 3647 Solum
2093 3591 2512 3654 continentiam,
2541 3605 2734 3643 verum
2758 3589 2921 3643 etiam
2952 3589 3075 3657 ejus
3105 3590 3345 3643 fructum
3376 3604 3476 3643 co-

1889 3697 2246 3753 gnoscamus.
2293 3680 2390 3737 Est
2420 3681 2587 3751 igitur
2618 3680 2835 3736 fructus
2866 3682 3007 3749 ejus,
3042 3680 3135 3735 Dei
3172 3681 3471 3750 participa-

1891 3774 2010 3828 tio:
2051 3773 2252 3827 etenim
2299 3786 2408 3826 non
2455 3770 2756 3840 corrumpi,
2803 3769 3030 3840 perinde
3070 3779 3154 3825 est
3197 3786 3262 3824 ac
3300 3769 3471 3824 Deum

1889 3864 2251 3935 participare;
2290 3862 2456 3919 sicuti
2508 3861 2813 3933 corrumpi,
2880 3860 3070 3914 mundi
3122 3862 3475 3931 participatio

1890 3966 1998 4014 est.
2078 3957 2428 4013 Continentia
2498 3956 2717 4027 negatio
2796 3955 3048 4025 corporis
3111 3966 3221 4021 est,
3272 3963 3328 4010 et
3376 3953 3473 4011 Dei

1883 4073 2263 4138 bastenorum,
2305 4073 2459 4144 gravi
2493 4071 2659 4128 ﬂante
2706 4073 2892 4137 borea,
2942 4072 3138 4127 inﬁxos
3183 4071 3375 4142 fuisse,
3414 4074 3473 4130 id

1886 4143 2328 4214 peregrinitatem
2379 4144 2544 4212 hujus
2595 4144 2841 4213 epistolae
2890 4144 3027 4198 adeo
3058 4143 3367 4208 conﬁrmat,
3410 4156 3471 4200 ut

1885 4212 2053 4267 inirei'
2075 4212 2500 4277 Tillemontium,
2523 4214 2614 4282 qui
2636 4212 2782 4267 banc
2824 4213 3191 4267 diﬂicultatem
3223 4217 3476 4271 observa-

1894 4286 1992 4347 vit,
2019 4284 2269 4338 dubitare
2299 4285 2561 4351 potuisse,
2593 4292 2769 4337 utrum
2813 4282 3043 4338 Basilius
3084 4284 3327 4352 epistolm
3369 4301 3470 4339 au-

1897 4354 2241 4425 ctorgbaberi
2279 4368 2449 4425 necne
2477 4353 2716 4425 deberet.
2752 4352 2885 4407 Cum
2926 4358 3069 4408 enim
3101 4355 3192 4425 illa
3240 4354 3305 4408 de
3336 4371 3473 4425 qua-

1896 4423 2147 4495 draginta
2177 4422 2505 4493 martyribus
2534 4424 2719 4495 opinio
2760 4426 3121 4495 recentiorum
3155 4422 3469 4495 Graecorum

1893 4491 2092 4556 est,'ut
2122 4492 2239 4562 ipse
2280 4491 2532 4562 observat
2562 4491 2961 4562 Tillemontius,
2994 4503 3123 4547 tom.
3158 4493 3219 4553 V,
3256 4511 3305 4562 p.
3344 4495 3470 4560 789,

1893 4570 2008 4635 tum
2033 4560 2162 4617 vero
2188 4560 2431 4633 Gregorii
2464 4561 2693 4635 Nysseni
2721 4571 2774 4615 et
2805 4561 2989 4635 Basilii
3026 4560 3349 4635 testimoniis
3377 4582 3471 4635 pe-

1892 4632 2614 4705 nitusrepugnatgquorum
2647 4634 2783 4705 alter
2806 4633 3166 4705 quadraginta
3200 4632 3469 4705 martyres

1892 4700 1947 4754 in
1978 4700 2461 4772 balneis’publicis
2511 4702 2696 4770 frigori
2735 4700 3215 4771 expositos'l’uisse
3260 4700 3468 4767 narrat,

1893 4779 2027 4826 tom.
2071 4771 2156 4835 Ill,
2190 4771 2245 4841 p.
2277 4773 2403 4838 511,
2436 4771 2669 4826 Basilius
2694 4787 2831 4841 vero
2870 4787 2966 4826 eos
3004 4773 3056 4824 in
3099 4774 3232 4825 urbe
3276 4788 3468 4840 passos

1891 4856 2036 4904 esse,
2068 4858 2174 4895 non
2194 4840 2346 4911 vero
2372 4844 2426 4895 in
2449 4850 2643 4911 stagno
2674 4840 2913 4911 declarat
2942 4859 2956 4895 :
2995 4841 3139 4894 Tunc
3174 4842 3354 4910 igitur,
3382 4846 3469 4896 in-

1889 4911 2029 4979 quit,
2068 4922 2200 4965 tom.
2236 4910 2300 4968 ll.
2335 4927 2389 4980 p.
2426 4910 2555 4973 152,
2576 4928 2639 4964 ea
2674 4912 2726 4963 in
2753 4910 2877 4963 illos
2921 4911 3033 4963 lata
3068 4914 3324 4964 sententia
3361 4923 3461 4975 est,

1891 4989 1949 5033 ut
1977 4984 2072 5051 sub
2106 4982 2192 5034 dio
2219 4990 2607 5048 pernoctarent,
2645 4996 2765 5033 cum
2792 4989 3057 5051 stagnum,
3094 4984 3291 5033 circum
3325 4983 3466 5051 quod

1889 5050 2103 5103 condita
2129 5063 2242 5120 erat
2278 5051 2460 5103 civitas
2499 5052 2553 5103 in
2591 5065 2695 5120 qua
2728 5052 2899 5120 sancti
2948 5049 3462 5111 decertabant,essct

1890 5120 2026 5174 velut
2054 5118 2294 5189 quwdam
2316 5120 2560 5187 planities
2586 5118 2906 5189 equitabilis,
2926 5120 3095 5188 glacie
3126 5120 3259 5172 illud
3283 5132 3463 5175 trans-

1890 5188 2145 5252 mutante,
2176 5205 2393 5258 cumque
2439 5189 2492 5241 id
2529 5204 2594 5241 ea:
2631 5188 2827 5257 frigore
2858 5191 2925 5241 ad
2949 5191 3263 5244 continentis
3304 5206 3463 5244 natu-

1889 5274 2005 5311 ram
2032 5259 2320 5320 redactum,
2352 5272 2506 5324 super
2537 5258 2756 5311 dorsum
2776 5259 2878 5312 iter
2905 5259 3207 5311 accolarum
3243 5261 3460 5326 pedibus

1890 5337 2061 5399 tutum
2084 5327 2357 5397 prmberet,
2392 5338 2747 5399 prastereaquc
2782 5328 2932 5395 ﬂuvii
2967 5330 3058 5396 qui
3090 5330 3287 5398 jugi-‘er
3328 5332 3462 5399 ﬂue-

1890 5396 2039 5461 bant,
2083 5396 2253 5467 gtacie
2296 5397 2588 5458 constricti,
2615 5398 2891 5451 dcsiissent
2933 5396 3173 5462 manare,
3212 5409 3263 5454 et
3294 5396 3463 5468 aqua-

1888 5482 2008 5520 rum
2051 5479 2245 5520 natura
2278 5468 2488 5519 mollior
2527 5468 2581 5519 in
2632 5467 2870 5534 lapidum
2909 5468 3160 5525 duritiem
3211 5486 3459 5525 conversa

1888 5546 2044 5599 esset,
2073 5552 2191 5590 cum
2229 5536 2445 5603 denique
2466 5552 2610 5589 acres
2639 5537 2806 5591 borea:
2828 5537 2993 5607 ﬂatus
3025 5540 3322 5595 animantia
3347 5558 3448 5596 ain-

1893 5610 1984 5660 nia
2002 5616 2274 5676 iurgarent
2291 5608 2360 5659 ad
2389 5616 2628 5676 mortem.

1966 5675 2200 5747 (ιογΑι,
2232 5675 2326 5729 τὸν
2356 5675 2784 5747 πσλυπὲνακτον
2810 5675 2941 5747 βίον.
2968 5676 3106 5734 C01.

1970 5744 2083 5819 (4i)
2113 5745 2379 5817 Ἰδωμεν.
2411 5744 2553 5818 Lege
2576 5744 2826 5817 εἰδῶμεν,
2852 5745 3013 5804 Eon.
