3878 6222
405 342 531 397 ΝΗ
1715 338 1773 393 S.
1816 335 1981 391 BASU

2094 335 2306 393 MAGNI
3515 341 3658 397 1112

393 454 704 511 confessio:
749 469 781 510 a
824 456 1020 527 quavis
1047 472 1108 512 re
1135 455 1353 511 mortali
1382 464 1554 512 semet
1598 454 1889 519 abstrahit,
1925 462 1979 508 et

2087 476 2256 529 ϐαίνει
2289 475 2401 545 (46)
2430 494 2524 529 του
2553 475 2748 548 θνητοῦ
2785 477 3005 542 παντὸς,
3039 476 3230 548 ὥσπερ
3258 477 3422 548 σῶμα
3453 478 3659 548 ἔχουσα

397 550 574 602 instar
618 551 864 620 corporis
915 551 1078 606 habet
1126 549 1393 619 Spiritum
1433 548 1564 613 Dei,
1617 556 1672 604 et
1721 547 1834 603 Deo
1873 562 1977 604 nos

2087 569 2173 621 τοῦ
2202 569 2338 622 Θεοῦ
2364 570 2425 621 τὸ
2458 547 2680 640 Πνεῦ
2699 586 2713 599 ·
2752 569 2848 623 καὶ
2877 569 2995 640 Θεῷ
3021 547 3310 641 μίσγεσθαι
3334 547 3503 633 ποιεῖ,
3529 569 3654 624 οὔτε

396 643 739 709 Commiscet,
780 642 1129 699 anuulatione
1157 642 1404 713 qualibet
1449 650 1615 712 atque
1643 640 1851 695 invidia
1879 654 1977 695 ca-

398 749 549 789 rens.
582 733 718 789 Nam
737 735 830 806 qui
852 751 1055 805 corpus
1088 743 1255 799 amat,
1287 734 1379 789 alii
1409 734 1632 789 invidet.
1663 733 1767 799 Qui
1793 741 1977 787 autem

400 828 769 898 corruptionis
805 828 1058 883 morbum
1099 828 1155 882 in
1196 842 1294 882 cor
1342 842 1452 882 non
1497 826 1759 891 admittit,
1802 823 1979 879 labori

400 921 624 976 cuilibet
657 921 915 991 deinceps
955 920 1280 981 sustinendo
1310 936 1409 991 par
1435 929 1554 987 est;
1587 931 1642 976 et
1685 920 1811 975 licet
1851 934 1982 975 cor-

400 1027 533 1083 pore
592 1013 903 1079 occumbat,
956 1012 1091 1067 vivit
1138 1012 1556 1068 immortalitati.
1605 1012 1720 1068 lmo
1768 1012 1817 1068 si
1863 1029 1977 1069 rem

399 1105 638 1177 perfecte
653 1120 1071 1177 cognoscamus,
1091 1105 1430 1161 continentia
1446 1105 1661 1162 videtur
1673 1121 1796 1162 esse
1812 1105 1979 1174 Deus,

398 1200 493 1269 qui
520 1200 656 1254 nihil
687 1199 1051 1269 concupiscit,
1087 1198 1184 1255 sed
1210 1199 1395 1255 omnia
1429 1200 1486 1254 in
1510 1214 1570 1255 se
1594 1199 1780 1264 habet,
1814 1199 1982 1255 nihil-

400 1306 509 1361 que
541 1291 769 1362 appetit,
802 1305 903 1349 nec
934 1292 1050 1347 sive
1073 1292 1250 1348 oculis
1280 1292 1396 1348 sive
1418 1292 1645 1349 auribus
1667 1294 1979 1363 passionem

398 1384 710 1452 experitur;
739 1383 837 1439 sed
867 1384 1018 1438 nulla
1039 1399 1100 1439 re
1135 1384 1411 1455 indigens,
1434 1386 1631 1454 plenus
1661 1401 1980 1457 usquequa-

399 1490 505 1543 que
539 1481 644 1530 est.
674 1473 1130 1545 Concupiscentia
1156 1477 1382 1532 morbus
1403 1485 1489 1531 est
1512 1477 1736 1543 animae;
1769 1476 1982 1531 sanitas

401 1566 647 1636 ejusdem
677 1608 691 1632 ,
731 1566 1094 1622 continentia.
1144 1564 1532 1622 Verumtamen
1573 1566 1720 1621 haud
1763 1567 1820 1621 in
1872 1583 1979 1621 una

401 1659 584 1729 specie
619 1659 1015 1714 continentiam
1054 1665 1272 1729 oportet
1312 1666 1591 1729 spectare,
1625 1659 1791 1715 veluti
1831 1660 1981 1714 circa

400 1766 491 1806 res
520 1766 815 1817 venereas;
850 1751 946 1807 sed
973 1760 1029 1807 et
1057 1753 1114 1806 in
1147 1753 1254 1807 alia
1281 1768 1341 1807 re
1367 1753 1632 1823 qualibet,
1662 1769 1822 1824 quam
1859 1754 1979 1808 ani-

401 1857 491 1896 ma
527 1856 690 1912 prave
719 1844 945 1914 appetit,
980 1844 1314 1900 necessariis
1341 1859 1452 1899 non
1478 1852 1760 1899 contenta.
1787 1843 1979 1916 Gigni-
2006 1812 2054 1874 Β

401 1942 494 1990 tur
523 1936 751 2002 invidia,
786 1940 856 1992 ob
886 1953 1080 1993 aurum
1101 1979 1116 2002 ,
1152 1948 1207 1995 et
1247 1940 1627 2010 improbitates
1656 1942 1979 2009 innumerae,

402 2026 473 2081 ob
496 2026 633 2081 alias
662 2028 1009 2098 cupiditates.
1037 2028 1157 2084 Jam
1181 2038 1236 2084 et
1271 2032 1536 2087 ebrietate
1558 2047 1769 2099 carere,
1799 2035 1980 2089 conti-

400 2117 588 2171 nentia
617 2128 735 2183 est;
772 2130 829 2174 et
859 2119 967 2174 cibi
999 2122 1224 2191 crapula
1263 2136 1375 2176 non
1409 2123 1669 2194 dirumpi,
1695 2133 1750 2179 et
1779 2140 1980 2195 corpus

402 2226 563 2266 suum
598 2211 881 2276 cohibere,
912 2214 1248 2269 continentia
1281 2224 1388 2270 est.
1426 2215 1560 2271 item
1586 2218 1770 2288 pravis
1800 2219 1980 2274 domi-

401 2302 524 2357 nari
559 2303 1007 2373 cogitationibus,
1047 2306 1263 2375 quoties
1308 2308 1547 2362 animam
1583 2311 1767 2364 turbat
1798 2310 1980 2380 aliqua

401 2394 696 2466 phantasia
731 2411 911 2467 neque
949 2399 1091 2453 bona
1123 2414 1302 2469 neque
1332 2401 1548 2455 veritati
1587 2403 1940 2457 consentiens
1962 2440 1978 2468 ,

402 2503 610 2559 corque
647 2489 704 2543 in
734 2505 904 2546 vanas
929 2491 1188 2547 distrahit
1217 2508 1405 2549 curas.
1436 2492 1675 2550 Prorsus
1712 2511 1814 2550 nos
1840 2496 1981 2551 libe-

403 2595 498 2637 ros
531 2590 757 2651 prastat
786 2584 1146 2651 continentia,
1185 2587 1314 2657 quia
1357 2586 1522 2642 simul
1563 2589 1835 2643 medicina
1865 2590 1981 2643 vir-

401 2679 602 2745 tusque
621 2682 706 2730 est
728 2694 743 2729 :
770 2691 879 2730 non
900 2677 1045 2731 enim
1068 2682 1484 2749 temperantiam
1509 2681 1690 2746 docet,
1717 2682 1813 2737 sed
1836 2697 1981 2753 pra:-

402 2764 516 2821 bet.
549 2764 735 2821 Gratia
770 2766 889 2832 Dei,
928 2769 1267 2825 continentia
1297 2780 1401 2828 est.
1441 2771 1604 2829 Jesus
1644 2774 1763 2845 ipsa
1805 2777 1983 2830 conti-

403 2858 590 2912 nentia
627 2859 782 2914 visus
817 2869 924 2925 est,
975 2875 1103 2916 cum
1152 2870 1298 2916 terra
1348 2864 1598 2933 marique
1633 2865 1806 2920 levior
1838 2865 1979 2922 fuit:

403 2962 532 3001 nam
564 2964 741 3017 neque
787 2949 951 3006 tellus
995 2952 1150 3006 illum
1194 2953 1432 3021 portavit
1464 2970 1640 3026 neque
1668 2971 1849 3019 mare;
1887 2957 1982 3012 sed

2077 659 2239 732 ζῆλον
2276 661 2474 731 ἔχουσα
2507 660 2632 714 οὔτε
2675 661 2889 729 φθόνον.
2928 662 2986 715 ὐ
3014 662 3124 733 γὰρ
3174 660 3315 733 ἐρῶν
3364 660 3652 731 σώματος,

2079 751 2254 822 ἑτέρῳ
2285 751 2651 821 διαφθονεῖται
2679 767 2691 782 ·
2739 753 2768 804 ό
2801 751 2857 803 δὲ
2907 749 2982 822 μὴ
3009 751 3379 822 κομισάμενος
3398 752 3491 814 είς
3526 768 3660 822 καρ-

2077 840 2196 895 δίαν
2227 843 2327 914 τῆς
2377 842 2585 913 φθορᾶς
2619 842 2720 914 τὴν
2760 843 2946 905 νόσον,
2993 840 3232 912 ἔρρωται
3279 840 3465 893 λοιπὸν
3508 841 3655 908 πόνῳ

2080 934 2268 998 παντὶ,
2295 934 2500 1007 καίπερ
2528 934 2813 989 ἀποθανὼν
2844 936 2942 1006 μὲν
2972 933 3050 1005 τῷ
3087 933 3319 1003 σώματι,
3356 932 3463 997 ζῶν
3491 932 3551 986 δὲ
3582 936 3650 1002 τῇ

2079 1027 2381 1099 ἀφθαρσίᾳ.
2410 1027 2520 1081 Καί
2558 1044 2647 1098 μοι
2679 1027 2898 1090 τελείως
2928 1026 3417 1098 καταμανθάνοντι,
3440 1025 3651 1096 ἐγκρά-

2076 1136 2201 1174 τεια
2223 1120 2373 1174 δοκεῖ
2410 1119 2439 1172 ό
2470 1118 2605 1183 Θεὸς
2636 1114 2797 1184 εἶναι,
2835 1118 2919 1172 ὅτι
2951 1117 3178 1188 μηδενὸς
3206 1117 3486 1188 ἐπιθυμεῖ,

2080 1215 2260 1269 πάντα
2289 1213 2405 1285 ἔχει
2428 1215 2486 1267 ἐν
2506 1211 2687 1284 ἐαυτῷ
2702 1229 2716 1244 ο
2743 1214 2839 1266 καὶ
2860 1212 3073 1275 οὐδενὸς
3098 1211 3373 1284 ὀρέγεται,
3398 1210 3525 1265 οὐδὲ
3543 1209 3655 1279 ἔχει

2080 1304 2255 1368 πάθος
2282 1303 2415 1375 περὶ
2440 1304 2569 1367 τοὺς
2590 1301 2925 1373 ὀφθαλμοὺς,
2959 1301 3080 1355 οὐδὲ
3108 1301 3326 1373 περὶτὰ
3344 1295 3492 1353 ὦτα·

2081 1395 2337 1466 ἀνενδεὴς
2385 1393 2500 1461 ὢν,
2556 1393 2775 1466 πλήρης
2832 1393 2901 1447 δι’
2954 1393 3080 1447 ὅλου
3133 1392 3301 1446 ἐστίν.
3362 1390 3662 1463 Ἐπιθυμὶει

2079 1491 2235 1554 νόσος
2262 1489 2382 1543 ἐστὶ
2403 1488 2580 1559 ψυχῆς
2600 1503 2616 1519 ο
2658 1486 2816 1555 ὑγεία
2839 1486 2918 1549 δὲ,
2950 1485 3268 1557 ἐγκράτεια.
3303 1484 3383 1538 Ui:
3412 1485 3576 1554 μόνον
3601 1484 3661 1536 δὲ

2081 1578 2213 1650 περὶ
2244 1578 2303 1632 ἓν
2351 1573 2493 1640 εἶδος
2523 1576 2625 1647 τὴν
2661 1576 2992 1648 ἐγκράτειαν
3019 1574 3101 1628 δεῖ
3139 1575 3291 1646 ὁρᾷν,
3317 1569 3431 1626 οἷον
3475 1574 3662 1626 ἕνεκεν

2080 1669 2430 1742 ἀφροδισίων,
2453 1669 2592 1723 ἀλλά
2623 1670 2718 1724 καὶ
2747 1669 2877 1741 περὶ
2922 1668 2992 1722 τὰ
3018 1666 3156 1721 ἀλλα
3192 1667 3295 1719 ὅσα
3326 1664 3589 1736 ἐπιθυμεῖ
3628 1667 3661 1735 ἡ

2080 1760 2229 1833 ψυχὴ
2251 1760 2459 1827 κακῶς,
2480 1761 2581 1815 οὐκ
2609 1760 2922 1833 ἀρκουμένη
2945 1761 3056 1823 τοῖς
3076 1758 3398 1827 ἀναγκαίοις
3414 1774 3429 1787 ·
3452 1757 3664 1826 γίνεται

2081 1855 2272 1926 φθόνος
2310 1854 2399 1909 διὰ
2429 1854 2671 1928 χρυσίον,
2696 1855 2792 1909 καὶ
2820 1853 3133 1925 ἀδικήματα
3168 1852 3339 1923 μυρία
3366 1851 3433 1904 δι’
3465 1851 3661 1921 ἐτέρας

2079 1946 2396 2017 ἐπιθυμίας.
2419 1947 2530 2001 Καὶ
2560 1946 2621 2000 τὸ
2655 1947 2730 2018 μὴ
2763 1945 3000 2017 μεθύειν,
3029 1944 3330 2016 ἐγκράτειά
3355 1945 3539 1996 ἐστιν·
3566 1943 3661 1996 καὶ

2078 2040 2140 2093 τὸ
2190 2040 2266 2113 μὴ
2317 2038 2747 2111 διαρῤήγνυσθαι
2783 2036 3347 2110 ύπερεμπιπλάμενον
3381 2035 3520 2107 (Π).
3556 2036 3668 2088 Καὶ

2079 2136 2141 2190 τὸ
2181 2136 2403 2207 κρατεῖν
2450 2132 2545 2186 τοῦ
2587 2132 2858 2203 σώματος,
2905 2129 3207 2202 ἐγκράτειά
3245 2129 3419 2192 ἐστιν,
3477 2127 3569 2180 καὶ
3606 2127 3668 2179 τὸ

2080 2225 2357 2297 κυριεύειν
2382 2223 2659 2295 λογισμῶν
2689 2220 2962 2293 πονηρῶν.
2987 2220 3231 2285 Ποσάκις
3267 2217 3538 2290 ἐτάραξεν
3560 2219 3665 2287 ψυ-

2080 2321 2182 2391 χὴν
2212 2318 2409 2381 ἔννοια,
2432 2318 2534 2371 οὐκ
2564 2317 2744 2387 ἀγαθὴ
2768 2311 2903 2369 οὖσα
2922 2312 3049 2368 οὔτε
3069 2312 3299 2384 ἀληθὴς,
3325 2314 3426 2365 καὶ
3441 2310 3669 2383 καρδίαν

2082 2410 2335 2482 ἐμέρισεν
2365 2412 2444 2473 εἰς
2470 2406 2975 2480 πολλά·φροντίζειν
2992 2403 3186 2468 κενῶς.
3204 2404 3436 2466 Πάντως
3458 2400 3667 2455 ἐλευθεο

2086 2504 2170 2570 ροῖ
2191 2503 2224 2572 ἡ
2249 2500 2568 2573 ἐγκράτεια,
2591 2500 2707 2571 ἀμα
2729 2496 3111 2571 θεραπεύουσα
3128 2495 3226 2548 καὶ
3245 2494 3480 2564 δύναμις
3499 2489 3633 2546 οὖσα
3649 2508 3665 2522 ο

2081 2594 2143 2648 ού
2179 2593 2290 2664 γὰρ
2327 2593 2572 2646 διδάσκει
2614 2590 2989 2664 σωφροσύνην,
3024 2587 3161 2641 ἀλλά
3203 2586 3465 2657 παρέχει.
3496 2586 3667 2656 Χάρις

2082 2688 2231 2741 ἐστὶν
2270 2684 2407 2738 Θεοῦ
2440 2681 2983 2756 ἐγκράτεια.Ἰησοῦς
3009 2680 3313 2752 ἐγκράτεια
3349 2677 3549 2746 ἐφάνη,
3574 2677 3669 2728 καὶ

2082 2783 2152 2852 γῇ
2175 2780 2269 2833 καὶ
2292 2778 2535 2848 θαλάσσῃ
2566 2776 2766 2845 κοῦφος
2794 2774 3104 2844 γενόμενος.
3132 2769 3274 2824 Οὔτε
3300 2769 3415 2840 γὰρ
3446 2769 3520 2839 γῆ
3546 2768 3669 2821 ἐσά-

2084 2888 2279 2924 στασεν
2310 2869 2495 2931 αὐτὸν,
2523 2866 2647 2921 οὔτε
2699 2865 2911 2936 πελάγη
2933 2880 2949 2895 ·
3003 2862 3117 2916 ἀλλ’
3149 2861 3341 2931 ὥσπερ
3396 2860 3669 2930 ἐπάτησεν

2083 2964 2381 3025 θάλασσαν,
2410 2960 2585 3024 οὕτως
2611 2960 2712 3013 οὐκ
2752 2959 3021 3029 ἐϐάρησεν
3058 2956 3159 3026 τὴν
3181 2955 3308 3025 γῆν.
3349 2955 3415 3007 Εἰ
3448 2953 3559 3022 γάρ
3604 2953 3667 3003 ἐκ

405 3040 569 3097 sicuti
600 3058 748 3098 mare
771 3045 1025 3111 calcavit,
1059 3047 1133 3100 ita
1165 3047 1345 3100 telluri
1372 3051 1525 3103 oneri
1558 3064 1667 3103 non
1697 3048 1821 3105 fuit.
1848 3048 1981 3104 Nam

2087 3055 2177 3109 τοῦ
2210 3052 2533 3126 φθείρεσθαι
2573 3052 2636 3105 τὸ
2666 3048 2985 3115 ἀποθανεῖν,
3021 3050 3085 3101 ἐκ
3112 3047 3172 3133 δέ
3202 3045 3300 3100 τοῦ
3339 3045 3550 3115 φθορὰν
3592 3042 3668 3115 μὴ

405 3133 455 3189 si
489 3151 556 3189 ex
591 3137 945 3207 corruptione
977 3153 1128 3194 mors
1174 3141 1423 3208 sequitur
1447 3182 1462 3206 ,
1497 3157 1562 3197 ex
1608 3144 1981 3212 corruptionis

2087 3149 2261 3219 ἔχειν,
2300 3148 2363 3201 τὸ
2417 3145 2493 3218 μὴ
2542 3143 2855 3206 ἀποθανεῖν,
2887 3141 3116 3212 θεότητα
3152 3141 3181 3193 ὁ
3221 3137 3434 3210 Ἰησοῦς
3482 3136 3669 3207 εἰργά-

405 3234 589 3282 autem
617 3229 985 3295 immunitate,
1016 3230 1432 3299 immortalitas;
1465 3234 1656 3302 utique
1683 3232 1844 3291 Jesus
1870 3236 1987 3289 dei-

406 3324 574 3372 tatem
607 3319 779 3388 magis
817 3334 929 3389 pra:
965 3335 1024 3376 se
1056 3321 1178 3376 tulit
1215 3338 1380 3393 quam
1421 3326 1807 3380 mortalitatem
1848 3327 1981 3399 (42).

407 3403 754 3463 Manducavit
772 3409 1017 3479 bibitque
1043 3412 1310 3483 singulari
1329 3416 1512 3479 modo,
1536 3418 1667 3487 quin
1689 3419 1985 3489 quidquam

407 3514 686 3556 comesum
716 3517 782 3557 ex
809 3518 869 3559 se
908 3504 1159 3561 redderet
1189 3506 1336 3575 (45):
1376 3516 1527 3562 tanta
1555 3511 1756 3580 quippe
1788 3510 1888 3565 fuit
1930 3513 1984 3566 in

407 3607 474 3645 eo
505 3592 855 3650 continentia:
880 3596 984 3662 vis,
1021 3604 1081 3652 ut
1113 3599 1270 3655 cibus
1304 3600 1358 3655 in
1407 3617 1474 3656 eo
1515 3618 1623 3658 non
1664 3620 1987 3676 corrumpe-

409 3684 723 3753 rctur,quia
741 3684 1025 3754 ipseJesus
1049 3689 1507 3758 corruptibilitate
1535 3694 1757 3750 carebat
1775 3695 1906 3765 (44).
1928 3696 1985 3752 Si

407 3771 573 3825 modo
620 3773 803 3843 aliqua
844 3776 1185 3832 continentia
1226 3778 1283 3832 in
1331 3781 1489 3837 nobis
1540 3783 1634 3844 sit,
1674 3785 1986 3853 superiores

407 3864 660 3920 omnibus
689 3880 902 3923 sumus.
939 3866 1073 3921 Nam
1123 3877 1178 3924 et
1215 3871 1439 3940 angelos
1470 3873 1800 3941 audivimus,
1833 3886 1986 3944 post-

408 3972 570 4023 quam
608 3957 1011 4015 incontinentes
1036 3971 1166 4015 sunt
1194 3961 1371 4018 etl'ecti
1394 4003 1407 4027 ,
1439 3966 1580 4018 coelo
1609 3974 1829 4034 prapter
1854 3982 1987 4020 con-

407 4046 802 4117 cupiscentiam
829 4051 1135 4122 praecipites
1158 4062 1344 4111 actos:
1375 4055 1505 4109 victi
1528 4064 1657 4111 sunt
1681 4057 1850 4120 enim,
1875 4073 1983 4111 non

406 4137 511 4208 ipsi
554 4155 649 4209 per
695 4156 754 4196 se
793 4140 1216 4199 descenderunt.
1260 4143 1401 4211 Quid
1451 4147 1592 4201 enim
1644 4147 1758 4203 illic
1803 4158 1986 4220 ageret

408 4230 634 4285 morbus
664 4232 773 4298 hic,
810 4233 857 4287 si
877 4234 988 4306 (45)
1012 4235 1327 4305 hujusmodi
1363 4238 1556 4294 oculus
1587 4238 1784 4294 ibidem
1816 4242 1986 4294 exsti-

407 4323 605 4379 tisset?
625 4322 923 4394 Propterea
950 4327 1062 4382 dixi
1083 4348 1095 4384 :
1116 4329 1527 4400 Aliquantulum
1560 4332 1909 4387 continentia:
1939 4332 1985 4388 si

408 4412 465 4467 in
496 4415 656 4470 nobis
704 4416 798 4479 sit,
846 4426 900 4472 et
950 4419 1214 4475 mundum
1263 4424 1487 4479 minime
1532 4423 1846 4495 diligamus,
1888 4426 1985 4482 sed

2087 3241 2230 3305 ζετο,
2266 3240 2326 3293 οὗ
2375 3237 2702 3309 θνητότητα.
2732 3232 2961 3287 Ἦσθιεν
2995 3232 3090 3287 καὶ
3124 3231 3309 3284 ἔπινεν
3357 3229 3527 3291 ἰδίως,
3570 3227 3670 3279 οὐκ

2085 3330 2371 3393 ἀποδιδοὺς
2390 3330 2458 3382 τὰ
2486 3327 2769 3400 βρώματα’
2789 3323 3026 3393 τοσαύτη
3056 3326 3113 3377 ἐν
3139 3321 3290 3392 αὐτῷ
3308 3324 3344 3393 ἡ
3370 3321 3667 3391 ἐγκράτειι

2084 3422 2315 3491 δύναμις
2345 3416 2436 3492 ἦν,
2459 3419 2600 3473 ὥστε
2629 3418 2704 3489 μὴ
2732 3415 3003 3487 φθαρῆναι
3036 3415 3138 3487 τὴν
3160 3413 3371 3484 τροφὴν
3401 3415 3462 3465 ἐν
3496 3409 3661 3478 αὑτῷ,

2085 3514 2206 3567 ἐπεὶ
2235 3513 2298 3566 τὸ
2348 3510 2665 3584 φθείρεσθαι
2708 3508 2871 3572 αὐτὸς
2899 3509 3000 3561 οὐκ
3044 3501 3210 3576 εἶχεν.
3262 3504 3480 3572 Ὀλίγον
3522 3520 3573 3555 τι
3608 3506 3664 3554 ἐν

2083 3609 2219 3678 ἡμῖν
2256 3605 2352 3659 ἐὰν
2467 3604 2798 3676 ἐγκράτεια,
2856 3600 3120 3671 ἀνώτεροι
3173 3599 3432 3652 ἁπάντων
3477 3597 3661 3667 ἐσμέν.

2086 3700 2195 3753 Καὶ
2245 3699 2356 3771 γὰρ
2403 3697 2669 3767 ἀγγέλους
2712 3694 3028 3767 ἠκούσαμεν
3064 3693 3325 3762 ἀκρατεῖς
3382 3688 3663 3758 γεγονέναι

2087 3787 2576 3850 κατασπασθέντας
2621 3783 2853 3857 ούρανοῦ
2910 3783 2978 3837 δι’
3027 3780 3348 3851 ἐπιθυμίαν.
3389 3779 3663 3855 Ἐάλωσαν

2085 3882 2215 3953 γὰρ,
2244 3882 2369 3952 ούχὶ
2394 3880 2706 3951 κατέϐησαν
2728 3897 2740 3908 ·
2771 3878 2826 3932 τί
2862 3875 2972 3947 γάρ
2999 3875 3269 3946 ἔπραττεν
3302 3875 3421 3926 ἐκεῖ
3460 3871 3599 3940 αὕτη
3628 3872 3660 3938 η

2084 3975 2258 4038 νόσος,
2294 3975 2451 4044 είμὴ
2499 3989 2585 4035 τις
2628 3973 2746 4024 ἐκεῖ
2799 3969 3039 4031 τοιοῦτος
3091 3964 3367 4036 ὀφθαλμὸς
3414 3959 3522 4034 ἦνς
3567 3961 3662 4013 Διὰ

2084 4066 2242 4120 τοῦτο
2266 4066 2430 4139 ἔφην’
2463 4063 2672 4133 Ὀλίγον
2703 4063 3031 4133 ἐγκράτειαν
3060 4059 3154 4113 ἐὰν
3181 4058 3414 4129 ἔχωμεν,
3451 4057 3548 4109 καὶ
3568 4053 3659 4105 τοῦ

2088 4159 2203 4229 βίου
2252 4159 2327 4229 μὴ
2372 4154 2731 4228 ἐρασθῶμεν,
2764 4153 2880 4207 ἀλλ’
2922 4152 3132 4205 αἰώνων
3180 4148 3290 4202 τῶν
3339 4147 3658 4219 ἀνωτέρων.

2085 4250 2203 4301 ἐκεῖ
2260 4244 2672 4318 εὑρεθησόμεθα
2736 4244 2870 4297 ὅπου
2923 4242 3321 4311 ἀναπέμπομεν
3364 4238 3459 4291 τὸν
3511 4238 3654 4292 νοῦν.

2085 4342 2241 4393 Δοκεῖ
2275 4338 2386 4410 γὰρ
2413 4336 2690 4408 ὀφθαλμὸν
2708 4331 2849 4389 εἶναι
2874 4333 3083 4395 τοῦτον,
3111 4332 3205 4385 τὸν
3227 4331 3295 4385 τά
3316 4330 3502 4402 ἀφανῆ
3531 4330 3656 4383 ἰδεῖν

2085 4431 2402 4503 δυνάμενον.
2433 4429 2546 4484 Καὶ
2586 4428 2695 4499 γὰρ
2745 4427 2967 4496 λέγεται
2991 4445 3004 4456 ·
3038 4424 3183 4488 Νοῦς
3225 4426 3361 4496 ὁρᾷ,
3387 4425 3485 4477 καὶ
3533 4422 3657 4487 νοῦς

406 4507 652 4562 caelestia
693 4509 915 4573 smeula,
953 4510 1063 4564 illic
1104 4512 1443 4567 inveniemur
1475 4531 1585 4585 quo
1620 4528 1854 4572 mentem
1901 4517 1981 4571 in-

2087 4525 2297 4581 ἀκούει.
2324 4521 2512 4577 Ταῦτά
2543 4538 2625 4589 σοι
2657 4519 2812 4588 ὀλίγα
2854 4515 3133 4579 δοκοῦντα,
3166 4514 3339 4568 πολλά
3370 4514 3656 4582 γέγραφα*

405 4598 765 4654 teuderimus.
800 4598 899 4654 Hic
937 4601 1080 4655 enim
1112 4603 1326 4658 videtur
1353 4621 1477 4660 esse
1518 4607 1732 4663 oculus.
1765 4608 1858 4677 qui
1898 4609 1982 4663 in-

406 4692 647 4747 visibilia
672 4708 901 4750 cernere
920 4703 1133 4765 potest;
1165 4712 1290 4750 nam
1313 4698 1475 4753 etiam
1500 4701 1660 4770 vulgo
1680 4701 1786 4756 dici
1809 4701 1977 4758 solet:

2088 4614 2172 4666 ὅτι
2205 4612 2411 4682 ἑκάστη
2439 4609 2605 4676 λέξις,
2637 4605 2761 4670 νοῦς
2795 4608 2971 4659 ἐστιν·
3000 4606 3093 4657 καὶ
3121 4601 3361 4656 οἷδα.ὃτι
3396 4602 3661 4670 ἀναγνοὺς

2087 4704 2346 4775 αἰσθήσῃ.

407 4781 562 4838 Mens
612 4785 778 4846 videt,
823 4794 877 4840 et
913 4802 1067 4842 mens
1132 4789 1305 4843 audit.
1349 4788 1531 4845 Pauca
1599 4793 1693 4847 tibi
1746 4794 1861 4850 haec
1905 4797 2176 4862 videntur,
2236 4796 2333 4850 sed
2372 4792 2543 4847 multa
2568 4806 2670 4862 ego
2710 4790 2940 4861 scripsi:
2985 4797 3186 4845 elerum
3238 4787 3658 4859 unumquodque

408 4880 654 4941 verbum,
684 4896 878 4937 sensus
905 4882 1125 4952 quidam
1156 4892 1271 4950 est;
1305 4894 1470 4956 atque
1486 4887 1538 4942 id
1570 4890 1685 4944 scio
1716 4899 1767 4944 te
1792 4890 2059 4963 legentem
2088 4890 2208 4947 fore
2238 4889 2607 4961 cogniturum.

479 5063 591 5134 (άὲ)
612 5063 774 5143 Ludit
793 5062 1452 5143 quodammod_0_Basiliu_s_
1474 5066 1530 5143 in
1553 5068 1833 5143 vocabulis
1860 5069 1977 5124 θεό-

407 5132 985 5208 τητα-ξει-θνητότητα,
1021 5133 1166 5202 quod
1191 5132 1382 5208 Latine
1405 5136 1520 5208 lieri
1551 5139 1760 5208 nequit.

483 5203 594 5279 (f5)
632 5201 760 5279 Hac
795 5201 964 5279 super
1000 5201 1059 5279 re
1093 5206 1531 5279 reverentissime
1565 5201 1979 5279 theologiceque

410 5274 605 5356 scribit
631 5271 965 5356 Athanasius
999 5271 1247 5356 φοινίοιὴί
1278 5274 1574 5356 episcopus
1589 5278 1649 5356 in
1675 5271 1978 5356 fragmento

409 5342 680 5425 quodnos
697 5345 968 5423 edidimus
983 5342 1100 5428 AA‘.
1120 5344 1289 5431 class.
1309 5342 1349 5398 ἰ.
1376 5343 1444 5406 Χ,
1466 5342 1521 5416 p.
1549 5342 1805 5429 κείω-506,
1830 5351 1975 5416 quod

410 5415 1081 5533 ἲέεῗίὲἒὲιὶςτῖἓτὲἔιῇξτῗ
1106 5414 1482 5533 ἒαῖτίἓειῒὲἱξ.
1518 5434 1646 5533 ἧῗῶ
1678 5417 1979 5533 ἷῗῖῗηεῒάῐὲἔ

413 5481 505 5535 ἐπὶ
532 5480 777 5552 Χριστοῦ
806 5480 1068 5553 ἐκέκτητο
1106 5480 1202 5536 καὶ
1234 5480 1482 5539 κένωσιν.
1518 5485 1646 5540 Erat
1678 5480 1830 5541 enim
1866 5490 1980 5542 haec

413 5566 631 5635 quoque
658 5568 766 5606 una
808 5568 872 5608 ex
888 5554 1312 5635 “obiectipnibus
1346 5558 1746 5635 haereticorum.
1786 5557 1980 5635 Qelinit

414 5630 618 5683 autem,
655 5636 857 5691 corpus
883 5622 1086 5677 Christi
1121 5626 1220 5677 hac
1259 5625 1314 5677 in
1353 5640 1412 5677 re
1448 5625 1617 5681 fuisse
1641 5627 1853 5681 caeteris
1886 5644 1981 5683 su—

414 5690 802 5766 periu_s,_sicuti
821 5693 984 5747 etiam
1004 5694 1056 5746 in
1084 5694 1295 5766 insolita
1329 5696 1630 5766 nativitate.
1649 5694 1830 5751 Utitur
1851 5715 1978 5766 qun-

414 5774 522 5832 que
546 5760 877 5817 Athanasius
895 5764 1145 5832 exemplo
1172 5763 1434 5819 trinitatis
1462 5765 1608 5820 illius
1639 5767 1779 5824 apud
1802 5760 1978 5822 Abra-

2080 5070 2301 5122 hamum
2331 5064 2698 5127 convivantis,
2728 5079 2905 5131 neque
2927 5073 3105 5117 tamen
3141 5061 3379 5115 naturali
3410 5064 3650 5114 περιδεεῖς

2081 5139 2178 5192 tati
2207 5137 2667 5208 obtemperantis;
2695 5134 2841 5208 quod
2867 5134 2994 5208 item
3020 5134 3086 5186 de
3096 5131 3329 5208 ’βψ-ἱειο
3342 5139 3469 5200 post
3484 5147 3659 5187 resur-

2079 5210 2378 5265 rectionem
2393 5202 2609 5262 'edente
2637 5202 3047 5275 intelligendum
3076 5202 3230 5275 dicit.

2152 5278 2265 5360 (44>
2292 5276 2413 5360 .Nen
2437 5287 2652 5360 metu»
2685 5270 3653 5360 seditalia99.1“3'5'291995‘1‘fit'if

2080 5341 2211 5404 tatis
2222 5341 2750 5418 urit'ilegio.Videsis
2764 5341 3102 5418 opus‘Severi
3114 5342 3444 5418 Antiocheni
3466 5354 3653 5418 contra

2089 5409 2561 5486 incorrttpticolas,
2594 5417 2736 5485 apud
2766 5409 2868 5486 nos
2900 5414 2957 5486 i_n
2990 5410 3281 5486 Spicilegio
3314 5409 3557 5486 Rom_,_t.
3584 5411 3652 5467 Χ.

2157 5488 2269 5557 (45)
2290 5482 2496 5547 Graece,
2531 5487 2582 5540 el
2604 5482 2676 5556 μή
2702 5501 2803 5548 τις.
2832 5482 2939 5539 Sed
2970 5484 3045 5554 μή
3075 5482 3387 5537 redundare
3417 5483 3653 5545 videtur.

2084 5568 2319 5629 propter
2335 5573 2400 5612 ea
2428 5571 2553 5629 quae
2574 5562 2900 5629 sequuntur.

2180 5621 2270 5693 46)
2312 5621 2669 5681 Ἀπόϐαἱνειξ
2707 5623 2842 5694 God.
2879 5622 3056 5694 prima
3091 5635 3255 5694 manu
3314 5621 3631 5694 ἀποσϐἑννει

2300 5690 2991 5767 ’Υπερειιπιμπλάμεκοκ
3026 5690 3209 5749 Prima
3224 5707 3393 5748 manu
3416 5693 3646 5793 mp3;

2090 5784 2245 5821 μενον
2252 5807 2264 5821 ι
