3878 6222
436 350 574 411 IIIS

1349 355 1710 413 APPENDIX.
1740 389 1811 400 —
1848 357 2193 417 SYMEONIS
2228 359 2784 418 METAPHRASTA.

3539 359 3648 437 nis

1016 727 1839 907 ΗΘΙΚΟΙ
1944 676 2669 912 ΑΟΓΟΙ
2748 716 3128 972 τΚΔ¹

1813 1001 2327 1059 ΕΚΛΕΧΘΕΝΤΕΣ
2598 1034 2613 1051 ι

755 1166 934 1253 AIA
987 1167 1446 1256 ΣΥΜΕΩΝ
1500 1169 1727 1256 ΤΟΥ
1793 1171 2423 1258 ΜΑΓΙΣΤΡΟΥ
2468 1172 2663 1256 ΚΑΙ
2717 1167 3402 1257 ΛΟΓΟΘΕΤΟΥ

515 1346 618 1399 Ἐκ
639 1345 853 1401 πασῶν
882 1346 1000 1402 τῶν
1033 1347 1445 1419 πραγματειῶν
1475 1347 1583 1421 τοῦ
1614 1350 1684 1406 ἐν
1713 1351 2172 1476 ἀμοιςέῖαατρὲἓ
2196 1351 2365 1475 ἠιῗῶν
2402 1350 2727 1405 Βασίλειον
2770 1349 3243 1420 ἁρχιεπισκόπου
3276 1346 3612 1416 Καισαρείας

1774 1438 1885 1476 της
2004 1438 2092 1475 ππ
2172 1440 2242 1476 οκ
2271 1440 2366 1476 ac.

1774 1438 1885 1491 της
1912 1438 2366 1488 ιιαππαοοκιας.

874 1745 1707 1874 SERMONES
1797 1698 2428 1878 VIGINTI
2528 1745 3291 1893 QUATUOR

1678 1996 1824 2084 DE
1915 1994 2449 2086 MORIBUS

528 2186 647 2249 Per
676 2187 1054 2248 Svmeonem
1079 2184 1440 2262 Magistrum
1458 2190 1535 2263 et
1562 2182 1968 2263 Logothetam
1989 2146 2206 2263 selecti
2233 2200 2309 2244 ex
2340 2182 2632 2263 omnibus
2662 2182 2967 2263 operibus
2991 2184 3189 2246 sancti
3208 2184 3414 2246 Patris
3441 2184 3619 2247 nostri

1332 2261 1540 2323 Basilii
1569 2258 2032 2342 archiepiSCOpi
2059 2262 2365 2351 Caesareae
2386 2258 2821 2343 Cappadociae.
2904 2302 2909 2308 .

690 2578 857 2650 539
896 2575 992 2631 DE
1049 2572 1372 2631 vmrura
1416 2574 1503 2629 ET
1546 2574 1780 2634 vmo.

1078 2687 1313 2744 SERMO
1361 2687 1404 2743 l.

527 2805 577 2858 1.
616 2805 691 2876 (1)
730 2804 989 2858 Dominus
1023 2810 1211 2857 noster
1248 2801 1410 2859 Iesus
1458 2803 1714 2862 Christus
1766 2806 2034 2876 apostolis

456 2899 590 2960 Suis,
637 2897 853 2963 Euntes,
907 2897 1102 2967 inquit,
1133 2897 1313 2951 docete
1343 2915 1521 2952 omnes
1562 2908 1757 2970 gentes,
1793 2898 2034 2955 docentes

458 2993 597 3060 ipsos
623 2991 665 3057 ί,
723 3005 832 3043 non
876 2990 989 3043 haec
1028 2989 1247 3059 quidem
1287 2990 1601 3059 observare,
1642 2991 1733 3046 illa
1765 3006 1897 3047 vero
1939 3008 2035 3048 ne-

459 3082 660 3152 gligere
692 3100 705 3136 :
740 3080 835 3135 sed
864 3097 1072 3136 servare
1102 3083 1280 3135 omm'a
1307 3097 1624 3151 quacunque
1664 3082 1913 3138 mandavi
1954 3100 2038 3138 vo-

2052 2590 2105 2645 Α

2408 2585 2588 2637 ΠΕΡΙ
2639 2582 2929 2637 ΑΡΕΤΗΣ
2974 2585 3103 2637 ΚΑΙ
3148 2584 3450 2638 ΚΑΚΙΔΣ.

2758 2696 2977 2752 ΛΟΓΟΣ
3009 2699 3089 2752 A'.

2138 2782 2259 2862 ’”ἰ.
2307 2807 2367 2862 Ὅ
2399 2807 2497 2879 μὲν
2521 2806 2727 2878 Κύριος
2746 2786 2905 2879 ήμῶν
2942 2807 3148 2879 Ἰησοῦς
3174 2806 3418 2879 Χριστὸς
3445 2809 3549 2870 τοῖς
3574 2808 3678 2859 ἀπο-

2137 2900 2361 2966 στόλοις,
2399 2900 2818 2968 Πορευθέντες,
2857 2900 3010 2970 φησὶ,
3041 2900 3466 2968 μαθητεύσατε
3520 2898 3679 2950 πάντα

2135 2995 2208 3049 τὰ
2228 2994 2393 3061 ἐθνη,
2428 2992 2819 3057 διδάσκοντες
2846 2990 3089 3055 αὐτοὺς,
3113 2990 3233 3059 οὐχὶ
3262 2992 3337 3043 τά
3375 2990 3473 3060 μὲν
3508 2991 3677 3060 τηρεῖν,

2135 3087 2244 3141 τῶν
2269 3086 2326 3138 δὲ.
2347 3084 2588 3155 ἀμελεῖν,
2614 3082 2750 3136 ἀλλά
2776 3081 2977 3150 τηρεῖν
3020 3079 3216 3157 mina
3260 3082 3385 3134 ὅσα
3424 3078 3679 3133 ἐνετειλά-

459 3173 539 3226 ois
572 3173 615 3234 ',
672 3171 722 3224 id
748 3181 853 3237 est,
878 3187 947 3225 ne
972 3173 1255 3225 minimum
1292 3171 1510 3242 quidem
1538 3188 1727 3232 eorum
1760 3175 2037 3244 prmterire

2144 3196 2257 3249 μην
2287 3176 2449 3247 ὑμῖν,
2482 3175 2728 3229 τουτέστι
2783 3174 2917 3244 μηδὲ
2962 3172 3155 3244 μικρόν
3199 3191 3251 3226 τι
3305 3175 3558 3245 παρεῖναι
3600 3168 3680 3222 τῶν

459 3279 580 3332 quae
608 3264 926 3332 praescripta
968 3273 1115 3319 sunt.
1155 3263 1231 3336 (2)
1260 3263 1475 3318 Etenim
1507 3265 1552 3320 si
1587 3280 1699 3319 non
1724 3267 1911 3320 omnia
1948 3282 2038 3323 es-

460 3362 584 3411 sent
624 3355 784 3409 nobis
817 3356 1131 3410 necessaria
1175 3356 1243 3409 ad
1288 3356 1486 3410 salutis
1525 3358 1890 3427 propositum,
1926 3373 2036 3412 non

460 3445 649 3515 utique
679 3446 862 3499 omnia
907 3446 1161 3500 mandata
1195 3445 1432 3501 fuissent
1471 3447 1785 3516 conscripta
1817 3464 1831 3501 :
1860 3461 2037 3516 neque

461 3534 659 3592 fuisset
687 3538 985 3601 sancitum,
1014 3545 1073 3590 ut
1104 3538 1416 3593 necessario
1451 3549 1802 3593 servarentur
1830 3540 2034 3595 omnia.

461 3627 539 3700 (5)
569 3627 682 3683 Nos
727 3644 860 3683 vero
894 3628 941 3684 si
971 3629 1056 3683 vel
1091 3629 1313 3684 unicum
1362 3629 1679 3684 mandatum
1728 3631 2039 3689 confecisse

461 3736 565 3775 nos
614 3720 943 3775 arbitremur
979 3722 1180 3789 (neque
1224 3724 1371 3775 enim
1424 3722 1731 3778 confecisse
1762 3722 2035 3779 dixerim:

462 3810 648 3867 omnia
694 3811 966 3880 siquidem
1000 3812 1144 3865 inter
1176 3828 1235 3866 se
1282 3812 1558 3867 cohaerent
1590 3812 1891 3868 secundum
1946 3830 2040 3871 sa-

463 3918 590 3958 nam
623 3902 775 3972 scopi
804 3901 870 3957 ad
900 3918 1060 3972 quem
1092 3902 1321 3956 tendunt
1366 3906 1657 3967 rationem,
1695 3906 1775 3959 sic
1821 3913 1883 3959 ut
1929 3921 2040 3960 uno

463 3993 714 4048 exsoluto
763 4007 986 4047 necesse
1010 3993 1083 4048 sit
1111 3992 1215 4045 alia
1243 3993 1405 4046 etiam
1439 3994 1603 4047 simul
1641 3992 1895 4063 exsolvi),
1932 4010 2041 4049 non

463 4084 536 4139 ob
568 4098 631 4138 ea
661 4100 784 4154 quae
833 4084 1286 4154 praetermisimus
1326 4084 1461 4137 iram
1512 4093 1917 4156 exspectamus,
1949 4086 2045 4140 sed

465 4185 695 4247 propter
744 4176 880 4231 illud
940 4174 1087 4245 quod
1143 4177 1393 4231 videmur
1451 4178 1765 4248 peregisse,
1824 4178 2044 4246 praemia

469 4268 853 4339 praestolamur
884 4287 897 4322 :
924 4267 1066 4321 haud
1099 4268 1336 4323 scientes
1366 4284 1512 4332 eum,
1545 4270 1638 4338 qui
1662 4285 1725 4325 ex
1752 4267 1939 4323 decem
1968 4276 2047 4322 ta-

473 4361 636 4415 lentis
673 4359 781 4415 sibi
830 4360 1143 4415 commissis
1189 4376 1359 4415 unum
1398 4368 1494 4414 aut
1535 4361 1766 4415 alterum
1801 4360 2046 4415 retinue-

470 4452 564 4518 rit,
603 4451 813 4521 reliqua
848 4466 977 4505 vero
1017 4451 1339 4515 reddiderit,
1374 4467 1480 4505 non
1522 4452 1751 4521 probum
1790 4451 1862 4505 oh
1889 4451 2047 4520 plura

469 4544 748 4614 persoluta
785 4543 1028 4615 agnosci,
1076 4542 1172 4598 sed
1223 4544 1533 4614 improbum
1574 4552 1630 4598 et
1674 4558 1927 4613 rapacem
1975 4543 2048 4596 ob

471 4651 769 4706 paucorum
802 4637 1167 4706 direptionem
1210 4637 1384 4708 argui.
1416 4637 1557 4702 Quid
1587 4644 1768 4690 autem
1813 4636 1937 4689 dico
1964 4635 2049 4690 di-

471 4727 807 4794 reptionem?
829 4726 1268 4797 quandoquidem
1312 4729 1358 4782 is
1393 4727 1484 4781 cui
1522 4725 1898 4782 concreditum
1927 4724 2048 4781 fue-

471 4826 556 4872 rat
590 4818 850 4873 talentum
896 4833 1088 4884 unum,
1131 4832 1196 4873 ac
1226 4817 1424 4873 deinde
1455 4818 1509 4874 id
1537 4818 1685 4888 quod
1730 4825 2044 4888 acceperat,

473 4908 743 4978 integrum
797 4922 858 4964 ac
921 4909 1188 4964 intactum
1238 4908 1500 4972 reddidit,
1552 4916 1843 4980 propterea
1901 4909 2048 4979 quod

473 4998 732 5054 traditum
762 5001 1024 5055 talentum
1069 4999 1256 5056 fenore
1303 5015 1413 5054 non
1452 5001 1685 5063 auxerit,
1715 4998 2049 5054 condemna-

474 5091 606 5145 tur‘
635 5109 647 5146 :
681 5101 735 5147 et
762 5092 854 5162 qui
897 5107 993 5163 per
1023 5091 1347 5147 decennium
1392 5100 1604 5162 patrem
1647 5091 1953 5154 honoravit,
1992 5097 2047 5145 et

474 5191 659 5252 postea
689 5199 851 5238 unam
881 5184 1147 5239 duntaxat
1173 5183 1385 5253 plagam
1410 5182 1663 5246 incussit,
1698 5197 1805 5235 non
1838 5188 1897 5235 ut
1923 5182 2047 5250 pius

470 5283 525 5329 et
555 5275 832 5330 beneﬁcus
862 5275 1071 5330 honore
1102 5275 1357 5339 adicitur,
1389 5273 1484 5329 sed
1522 5282 1583 5329 ut
1619 5272 1891 5330 oarricida
1916 5287 2052 5328 con-

2138 3267 2592 3338 διατεταγμένων.
2620 3267 2683 3319 Εἰ
2716 3265 2823 3337 γάρ
2851 3264 2926 3336 μὴ
2957 3264 3132 3317 πάντα
3165 3266 3304 3334 ἡμῖν
3340 3263 3472 3336 cpe;
3508 3262 3588 3315 τδν
3607 3260 3681 3329 τῆς

2142 3359 2410 3432 σωτηρίας
2450 3358 2650 3412 σκοπὸν
2710 3357 2982 3425 ἀναγκαῖα
3024 3351 3116 3426 ἦν,
3157 3353 3275 3408 οὔτ’
3304 3354 3375 3410 ἂν
3402 3354 3682 3427 ἐγράφησαν

2141 3452 2312 3505 πᾶσαι
2340 3450 2397 3503 αἱ
2430 3449 2661 3516 ἐντολαὶ,
2697 3446 2810 3502 οὒτ’
2853 3446 2918 3501 ἂν
2958 3447 3136 3511 πάσας
3166 3446 3512 3518 φυλαχθῆναι
3538 3445 3681 3515 διηγο-

2144 3543 2330 3615 ρεύθη.
2373 3544 2560 3614 Ἡμεῖς
2591 3542 2647 3595 δὲ
2681 3539 2808 3613 μίαν
2835 3558 2937 3593 που
2966 3539 3073 3592 τῶν
3097 3538 3333 3593 ἐντολῶν
3362 3538 3682 3609 πεποιηκέναι

2140 3636 2459 3707 νομίσαντες
2484 3635 2566 3706 (οὐ
2590 3633 2699 3705 γὰρ
2734 3633 2800 3687 ἂν
2835 3631 2996 3703 φαίην
3024 3632 3107 3685 ὅτι
3149 3634 3485 3704 ποιήσαντες
3504 3649 3518 3663 ο
3548 3631 3680 3683 πᾶτιυ

2140 3730 2249 3801 γὰρ
2278 3729 2520 3800 ἀλλήλων
2546 3727 2783 3798 ἔχονται,
2823 3724 2966 3779 κατά
2992 3725 3084 3778 τὸν
3115 3724 3243 3795 ὑγιῆ
3275 3723 3376 3777 τοῦ
3411 3720 3601 3776 σκοποῦ
3622 3719 3682 3789 (ι)

2140 3816 2317 3885 λόγον,
2348 3815 2423 3879 ὼς
2448 3818 2506 3869 ὲν
2542 3818 2609 3886 τῇ
2651 3813 2802 3867 λύσει
2842 3814 2941 3885 τῆς
2981 3813 3111 3883 μιᾶς
3141 3814 3237 3866 καὶ
3282 3813 3390 3877 τὰς
3432 3811 3610 3873 λοιπὰς
3642 3809 3682 3863 ἐξ

2076 3937 2115 3991 Β
2144 3907 2388 3978 ἀνάγκης
2426 3905 2941 3975 συγκαταλύεσθαι),
3000 3904 3100 3957 οὐκ
3139 3903 3234 3957 ἐπὶ
3282 3907 3402 3968 τοῖς
3435 3903 3681 3974 παρεθείτι

2145 4000 2243 4072 τὴν
2280 3996 2452 4072 ὀργήν
2482 3996 2833 4069 ἐκδεχόμεθα,
2878 3994 2992 4049 ἀλλ’
3050 3994 3143 4046 ἐπὶ
3190 3994 3270 4065 τῷ
3324 3994 3681 4067 κατορθωθέντι

2145 4088 2302 4159 δῆθεν
2327 4088 2425 4151 τὰς
2450 4088 2615 4157 τιμάς
2640 4087 2985 4157 ἀναμένομεν
3008 4104 3023 4117 ·
3055 4087 3157 4140 οὐκ
3193 4085 3422 4150 εἰδότες,
3477 4083 3549 4148 ὡς
3583 4085 3608 4136 ὀ
3638 4085 3686 4134 ἐκ

2146 4180 2252 4233 τῶν
2302 4179 2436 4233 δέκα
2464 4178 2745 4231 ταλάντων
2792 4176 2893 4248 τῆς
2937 4177 3413 4250 παρακαταθήκης
3460 4178 3515 4230 ἓν
3554 4174 3684 4243 ποοῆ

2145 4269 2239 4324 δύο
2275 4268 2586 4339 κατασχὼν,
2632 4268 2703 4321 τὰ
2749 4268 2807 4321 δὲ
2851 4267 3012 4321 λοιπὰ
3048 4268 3333 4331 ἀποτίσας,
3363 4267 3485 4338 οὐχὶ
3520 4263 3687 4333 εὖγνώο

2152 4380 2268 4434 μων
2296 4361 2386 4415 διὰ
2414 4361 2513 4434 τὴν
2540 4360 2789 4413 ἀπότισιν
2810 4359 2917 4413 τῶν
2943 4358 3205 4413 πλειόνων
3232 4357 3574 4429 γνωρίζεται,

2147 4452 2329 4515 ἄδικος
2358 4435 2453 4504 καὶ
2484 4448 2812 4521 πλεονέκτης
2852 4449 2948 4501 ἐπὶ
2993 4450 3059 4520 τῇ
3112 4447 3219 4500 τῶν
3259 4447 3557 4501 ἐλαττόνων
3583 4446 3687 4496 ἁπο-

2150 4544 2402 4616 στερήσει
2482 4542 2785 4612 ἐλέγχεται.
2850 4540 2917 4594 Τί
2981 4540 3042 4594 δὲ
3107 4540 3252 4609 λέγω
3307 4540 3683 4611 ἀποστερήσας

2147 4635 2308 4689 ὁπότε
2357 4638 2386 4688 ὁ
2423 4632 2486 4687 τὸ
2535 4632 2593 4687 ἓν
2636 4632 2895 4687 τάλαντον
2939 4631 3272 4694 πιστευθεὶς,
3320 4626 3444 4684 εἶτα
3493 4628 3685 4687 amici;

2148 4725 2325 4777 έκεῖνο
2363 4721 2496 4777 αὐτὸ
2536 4721 2831 4792 ὁλόκληρον
2867 4721 2962 4775 καὶ
3017 4720 3277 4791 ἀκέραιον
3310 4719 3341 4773 ὃ
3390 4718 3681 4784 ὑπεδέξατο,

2147 4816 2228 4867 ὅτι
2276 4814 2352 4886 μὴ
2393 4811 2832 4885 προσειργάσατο
2872 4810 2950 4883 τῷ
2983 4810 3225 4873 δοθέντι,
3288 4809 3645 4881 κατακρίνεται
3668 4819 3680 4830 ·

2148 4906 2243 4959 καὶ
2272 4907 2301 4958 ὀ
2328 4903 2459 4957 δέκα
2486 4904 2580 4974 ἔτη
2603 4903 2695 4957 τὸν
2736 4904 2950 4976 πατέρα
2995 4904 3253 4974 τιμήσας,
3307 4902 3439 4971 μίαν
3493 4901 3547 4955 δὲ
3574 4898 3682 4967 πλη·

2147 4995 2249 5067 τὴν
2283 4995 2507 5066 ὕστερον
2544 4993 2797 5066 ἐμϐαλὼν
2836 4993 3026 5066 μόνην,
3069 4993 3168 5064 οὐχ
3197 4994 3273 5057 ὼς
3316 4993 3597 5065 εὐεργέτης
3622 5004 3683 5038 τι-

2151 5091 2339 5161 μᾶται,
2383 5088 2497 5142 ἀλλ’
2539 5087 2616 5152 ὡς
2648 5088 2979 5161 πατραλοίας
3018 5087 3465 5151 καταδικάζεται.
3511 5085 3563 5137 Ὀ
3593 5079 3681 5132 τοί·

2148 5199 2243 5236 νυν
2280 5184 2338 5235 ὲν
2374 5184 2629 5254 προκοπῇ
2675 5182 2966 5253 γενόμενος
2995 5177 3215 5249 ἀγαθῶν
3245 5177 3445 5247 ἔργων,
3473 5171 3580 5228 εἶτα
3604 5186 3681 5222 πα·

2152 5271 2514 5344 λινδρομήσας
2535 5271 2673 5344 πρὸς
2703 5270 3067 5350 τὴνιάρχαίαν
3111 5268 3421 5340 συνήθειαν,
3450 5266 3509 5319 οὐ
3554 5262 3680 5333 μόνον

548 5430 565 5464 ⁸
592 5428 784 5485 Matth.
815 5445 1010 5495 xxvnl,
1047 5428 1135 5485 i9.
1209 5430 1231 5462 ⁸
1253 5426 1388 5485 ibid.
1417 5427 1519 5485 20.
1595 5428 1617 5462 ⁸
1640 5425 1834 5486 Matth.
1864 5441 1994 5496 xxv,
2031 5416 2238 5483 24-30..

545 5581 623 5653 (1)
663 5581 739 5653 Ex
770 5582 1042 5653 asceticis,
1070 5582 1195 5639 528.

562 5650 627 5718 ξ2)
665 5650 821 5712 lbid.,
851 5652 977 5707 529.

572 5671 627 5718 2)
665 5671 821 5712 wlu.,
851 5671 956 5707 «πυ

546 5671 628 5795 is;
656 5721 814 5789 nne,
837 5724 961 5778 διδ.

2218 5578 2296 5649 (4)
2336 5579 2447 5634 Τοῦ
2475 5595 2730 5634 σκοπου.
2766 5576 2950 5646 Longe
2989 5576 3319 5642 [it-Merenda
3357 5572 3563 5649 videtur

2149 5640 2423 5772 scrigura
2480 5650 2529 5707 ei
2580 5666 2744 5718 quam
2795 5640 3013 5705 exhibet
3067 5656 3373 5713 contextus,
3426 5644 3515 5699 τοῦ
3550 5640 3676 5710 λόγω

2152 5735 2251 5773 σκο
2323 5735 2370 5773 ν.

3823 2696 3825 2819 i
