  <div class='ocr_page' id='page_1' title='image "/cluster/home/n/w/nwhite01/storage/ocr_20150623/32/mdp.39015011915462/572.png"; bbox 0 0 3878 6222; ppageno 0'>
   <div class='ocr_carea' id='block_1_1' title="bbox 206 324 3474 419">
    <p class='ocr_par' dir='ltr' id='par_1_1' title="bbox 206 324 3474 419">
     <span class='ocr_line' id='line_1_1' title="bbox 206 324 3474 419; baseline 0.003 -9"><span class='ocrx_word' id='word_1_1' title='bbox 206 354 347 411; x_wconf 79' lang='lat' dir='ltr'><strong>tm</strong></span> <span class='ocrx_word' id='word_1_2' title='bbox 1192 357 1434 416; x_wconf 76' lang='lat' dir='ltr'><strong>SERMO</strong></span> <span class='ocrx_word' id='word_1_3' title='bbox 1467 358 1515 416; x_wconf 83' lang='lat'><strong>1.</strong></span> <span class='ocrx_word' id='word_1_4' title='bbox 1549 390 1624 403; x_wconf 89' lang='grc'><strong><em>-</em></strong></span> <span class='ocrx_word' id='word_1_5' title='bbox 1657 357 1751 415; x_wconf 77' lang='grc' dir='ltr'><strong>οε</strong></span> <span class='ocrx_word' id='word_1_6' title='bbox 1784 324 2096 419; x_wconf 70' lang='grc' dir='ltr'>νηπύτιε</span> <span class='ocrx_word' id='word_1_7' title='bbox 2140 362 2226 418; x_wconf 87' lang='lat' dir='ltr'><strong>ET</strong></span> <span class='ocrx_word' id='word_1_8' title='bbox 2264 361 2480 419; x_wconf 84' lang='lat' dir='ltr'><strong>vmo.</strong></span> <span class='ocrx_word' id='word_1_9' title='bbox 3333 356 3474 412; x_wconf 72' lang='lat' dir='ltr'><strong>tua</strong></span> 
     </span>
    </p>
   </div>
   <div class='ocr_carea' id='block_1_2' title="bbox 202 469 1789 550">
    <p class='ocr_par' dir='ltr' id='par_1_2' title="bbox 202 469 1787 546">
     <span class='ocr_line' id='line_1_2' title="bbox 202 469 1787 546; baseline 0.003 -23"><span class='ocrx_word' id='word_1_10' title='bbox 202 469 297 524; x_wconf 79' lang='grc' dir='ltr'><strong>τὸν</strong></span> <span class='ocrx_word' id='word_1_11' title='bbox 315 471 408 524; x_wconf 78' lang='grc' dir='ltr'><strong>ἐπὶ</strong></span> <span class='ocrx_word' id='word_1_12' title='bbox 434 473 548 535; x_wconf 81' lang='grc' dir='ltr'>τοῖς</span> <span class='ocrx_word' id='word_1_13' title='bbox 572 472 1078 546; x_wconf 75' lang='grc' dir='ltr'>προπεπονημένοις</span> <span class='ocrx_word' id='word_1_14' title='bbox 1113 473 1304 545; x_wconf 81' lang='grc' dir='ltr'>μισθὸν</span> <span class='ocrx_word' id='word_1_15' title='bbox 1327 471 1629 546; x_wconf 69' lang='grc' dir='ltr'>ἐζημιώθη,</span> <span class='ocrx_word' id='word_1_16' title='bbox 1651 474 1787 528; x_wconf 86' lang='grc' dir='ltr'><strong>άλλὰ</strong></span> 
     </span>
    </p>
   </div>
   <div class='ocr_carea' id='block_1_3' title="bbox 1893 469 3475 550">
    <p class='ocr_par' dir='ltr' id='par_1_3' title="bbox 1893 475 3475 550">
     <span class='ocr_line' id='line_1_3' title="bbox 1893 475 3475 550; baseline 0.001 -19"><span class='ocrx_word' id='word_1_17' title='bbox 1893 477 2197 534; x_wconf 89' lang='lat' dir='ltr'><strong>demnatur.</strong></span> <span class='ocrx_word' id='word_1_18' title='bbox 2231 478 2310 550; x_wconf 86' lang='lat'>(6)</span> <span class='ocrx_word' id='word_1_19' title='bbox 2344 477 2452 544; x_wconf 81' lang='lat' dir='ltr'><strong>Qui</strong></span> <span class='ocrx_word' id='word_1_20' title='bbox 2482 492 2613 549; x_wconf 84' lang='lat' dir='ltr'><strong>ergo</strong></span> <span class='ocrx_word' id='word_1_21' title='bbox 2653 478 2708 532; x_wconf 91' lang='lat' dir='ltr'><strong>in</strong></span> <span class='ocrx_word' id='word_1_22' title='bbox 2734 476 2897 533; x_wconf 89' lang='lat' dir='ltr'><strong>bonis</strong></span> <span class='ocrx_word' id='word_1_23' title='bbox 2927 475 3189 548; x_wconf 83' lang='lat' dir='ltr'><strong>Operibus</strong></span> <span class='ocrx_word' id='word_1_24' title='bbox 3220 490 3475 547; x_wconf 80' lang='lat' dir='ltr'><strong>progres-</strong></span> 
     </span>
    </p>
   </div>
   <div class='ocr_carea' id='block_1_4' title="bbox 205 563 1789 640">
    <p class='ocr_par' dir='ltr' id='par_1_4' title="bbox 205 563 1789 640">
     <span class='ocr_line' id='line_1_4' title="bbox 205 563 1789 640; baseline 0.003 -25"><span class='ocrx_word' id='word_1_25' title='bbox 205 563 300 616; x_wconf 74' lang='grc' dir='ltr'>καὶ</span> <span class='ocrx_word' id='word_1_26' title='bbox 332 563 639 636; x_wconf 80' lang='grc' dir='ltr'><strong>βαρυτέρας</strong></span> <span class='ocrx_word' id='word_1_27' title='bbox 674 565 920 632; x_wconf 80' lang='grc' dir='ltr'><strong>ἀξιοῦται</strong></span> <span class='ocrx_word' id='word_1_28' title='bbox 957 566 1059 636; x_wconf 75' lang='grc' dir='ltr'>τῆς</span> <span class='ocrx_word' id='word_1_29' title='bbox 1090 567 1491 640; x_wconf 79' lang='grc' dir='ltr'><strong>κατακρίσεως,</strong></span> <span class='ocrx_word' id='word_1_30' title='bbox 1541 567 1623 620; x_wconf 87' lang='grc' dir='ltr'>ὅτι</span> <span class='ocrx_word' id='word_1_31' title='bbox 1660 583 1789 635; x_wconf 90' lang='grc' dir='ltr'>γευ-</span> 
     </span>
    </p>
   </div>
   <div class='ocr_carea' id='block_1_5' title="bbox 1893 563 3471 640">
    <p class='ocr_par' dir='ltr' id='par_1_5' title="bbox 1893 567 3471 637">
     <span class='ocr_line' id='line_1_5' title="bbox 1893 567 3471 637; baseline -0.003 -12"><span class='ocrx_word' id='word_1_32' title='bbox 1893 584 2016 625; x_wconf 81' lang='lat' dir='ltr'><strong>sum</strong></span> <span class='ocrx_word' id='word_1_33' title='bbox 2049 569 2200 637; x_wconf 81' lang='lat' dir='ltr'><strong>fecit,</strong></span> <span class='ocrx_word' id='word_1_34' title='bbox 2231 570 2433 625; x_wconf 84' lang='lat' dir='ltr'><strong>deinde</strong></span> <span class='ocrx_word' id='word_1_35' title='bbox 2461 584 2591 624; x_wconf 89' lang='lat' dir='ltr'><strong>vero</strong></span> <span class='ocrx_word' id='word_1_36' title='bbox 2613 568 2681 623; x_wconf 88' lang='lat' dir='ltr'><strong>ad</strong></span> <span class='ocrx_word' id='word_1_37' title='bbox 2711 567 3164 623; x_wconf 71' lang='lat' dir='ltr'><strong>consuetudinem</strong></span> <span class='ocrx_word' id='word_1_38' title='bbox 3192 567 3471 636; x_wconf 90' lang='lat' dir='ltr'><strong>antiquam</strong></span> 
     </span>
    </p>
   </div>
   <div class='ocr_carea' id='block_1_6' title="bbox 203 655 1789 732">
    <p class='ocr_par' dir='ltr' id='par_1_6' title="bbox 203 655 1785 732">
     <span class='ocr_line' id='line_1_6' title="bbox 203 655 1785 732; baseline 0.003 -24"><span class='ocrx_word' id='word_1_39' title='bbox 203 655 440 725; x_wconf 84' lang='grc' dir='ltr'>σάμενος</span> <span class='ocrx_word' id='word_1_40' title='bbox 469 656 634 711; x_wconf 83' lang='grc' dir='ltr'>καλὸν</span> <span class='ocrx_word' id='word_1_41' title='bbox 660 657 797 711; x_wconf 83' lang='grc' dir='ltr'>Θεοῦ</span> <span class='ocrx_word' id='word_1_42' title='bbox 841 661 1013 730; x_wconf 79' lang='grc' dir='ltr'>ῥῆμα,</span> <span class='ocrx_word' id='word_1_43' title='bbox 1047 660 1146 714; x_wconf 74' lang='grc' dir='ltr'>καὶ</span> <span class='ocrx_word' id='word_1_44' title='bbox 1198 659 1454 729; x_wconf 83' lang='grc' dir='ltr'>γνώσεως</span> <span class='ocrx_word' id='word_1_45' title='bbox 1482 661 1785 732; x_wconf 77' lang='grc' dir='ltr'><strong>μυστηρίου</strong></span> 
     </span>
    </p>
   </div>
   <div class='ocr_carea' id='block_1_7' title="bbox 1893 655 3472 732">
    <p class='ocr_par' dir='ltr' id='par_1_7' title="bbox 1893 656 3472 732">
     <span class='ocr_line' id='line_1_7' title="bbox 1893 656 3472 732; baseline -0.002 -19"><span class='ocrx_word' id='word_1_46' title='bbox 1893 660 2206 724; x_wconf 88' lang='lat' dir='ltr'><strong>revertitur,</strong></span> <span class='ocrx_word' id='word_1_47' title='bbox 2252 676 2368 715; x_wconf 90' lang='lat' dir='ltr'><strong>non</strong></span> <span class='ocrx_word' id='word_1_48' title='bbox 2400 660 2647 732; x_wconf 90' lang='lat' dir='ltr'><strong>priorum</strong></span> <span class='ocrx_word' id='word_1_49' title='bbox 2692 660 2857 715; x_wconf 91' lang='lat' dir='ltr'><strong>modo</strong></span> <span class='ocrx_word' id='word_1_50' title='bbox 2884 660 3134 714; x_wconf 88' lang='lat' dir='ltr'><strong>laborum</strong></span> <span class='ocrx_word' id='word_1_51' title='bbox 3165 656 3472 713; x_wconf 85' lang='lat' dir='ltr'><strong>mercedem</strong></span> 
     </span>
    </p>
   </div>
   <div class='ocr_carea' id='block_1_8' title="bbox 200 746 1789 825">
    <p class='ocr_par' dir='ltr' id='par_1_8' title="bbox 200 746 1780 825">
     <span class='ocr_line' id='line_1_8' title="bbox 200 746 1780 825; baseline 0.005 -25"><span class='ocrx_word' id='word_1_52' title='bbox 200 746 475 813; x_wconf 73' lang='grc' dir='ltr'>ἀξιωθεὶς,</span> <span class='ocrx_word' id='word_1_53' title='bbox 495 748 673 804; x_wconf 88' lang='grc' dir='ltr'>πάντα</span> <span class='ocrx_word' id='word_1_54' title='bbox 687 750 1012 822; x_wconf 80' lang='grc' dir='ltr'><strong>προέδωκεν,</strong></span> <span class='ocrx_word' id='word_1_55' title='bbox 1031 752 1189 823; x_wconf 80' lang='grc' dir='ltr'>ἡδονῇ</span> <span class='ocrx_word' id='word_1_56' title='bbox 1214 752 1442 825; x_wconf 68' lang='grc' dir='ltr'>βραχείᾳ</span> <span class='ocrx_word' id='word_1_57' title='bbox 1456 751 1780 816; x_wconf 88' lang='grc' dir='ltr'>δελεασθείς.</span> 
     </span>
    </p>
   </div>
   <div class='ocr_carea' id='block_1_9' title="bbox 1893 746 3469 825">
    <p class='ocr_par' dir='ltr' id='par_1_9' title="bbox 1893 749 3469 823">
     <span class='ocr_line' id='line_1_9' title="bbox 1893 749 3469 823; baseline -0.001 -19"><span class='ocrx_word' id='word_1_58' title='bbox 1893 752 2109 815; x_wconf 86' lang='lat' dir='ltr'><strong>amittit,</strong></span> <span class='ocrx_word' id='word_1_59' title='bbox 2138 751 2235 807; x_wconf 90' lang='lat' dir='ltr'><strong>sed</strong></span> <span class='ocrx_word' id='word_1_60' title='bbox 2262 752 2426 806; x_wconf 89' lang='lat' dir='ltr'><strong>etiam</strong></span> <span class='ocrx_word' id='word_1_61' title='bbox 2461 752 2763 823; x_wconf 78' lang='lat' dir='ltr'><strong>graviorem</strong></span> <span class='ocrx_word' id='word_1_62' title='bbox 2794 749 3306 807; x_wconf 75' lang='lat' dir='ltr'><strong>condemnationem</strong></span> <span class='ocrx_word' id='word_1_63' title='bbox 3339 749 3469 804; x_wconf 76' lang='lat' dir='ltr'><strong>sub-</strong></span> 
     </span>
    </p>
   </div>
   <div class='ocr_carea' id='block_1_10' title="bbox 200 832 3472 929">
    <p class='ocr_par' dir='ltr' id='par_1_10' title="bbox 200 832 3472 929">
     <span class='ocr_line' id='line_1_10' title="bbox 200 832 3472 929; baseline 0.002 -36"><span class='ocrx_word' id='word_1_64' title='bbox 200 840 284 906; x_wconf 87' lang='lat' dir='ltr'><strong>it;</strong></span> <span class='ocrx_word' id='word_1_65' title='bbox 348 843 494 912; x_wconf 87' lang='lat' dir='ltr'><strong>quod</strong></span> <span class='ocrx_word' id='word_1_66' title='bbox 559 858 686 898; x_wconf 90' lang='lat' dir='ltr'><strong>cum</strong></span> <span class='ocrx_word' id='word_1_67' title='bbox 726 844 819 899; x_wconf 88' lang='lat' dir='ltr'><strong>Dei</strong></span> <span class='ocrx_word' id='word_1_68' title='bbox 872 846 1099 900; x_wconf 83' lang='lat' dir='ltr'><strong>verbum</strong></span> <span class='ocrx_word' id='word_1_69' title='bbox 1148 832 1789 929; x_wconf 49' lang='lat' dir='ltr'><strong>bonudeegustaverit,</strong></span> <span class='ocrx_word' id='word_1_70' title='bbox 1839 847 2200 918; x_wconf 78' lang='lat' dir='ltr'><strong>mysteriique</strong></span> <span class='ocrx_word' id='word_1_71' title='bbox 2260 847 2578 919; x_wconf 76' lang='lat' dir='ltr'><strong>cognitione</strong></span> <span class='ocrx_word' id='word_1_72' title='bbox 2635 848 2893 919; x_wconf 87' lang='lat' dir='ltr'><strong>dignatus</strong></span> <span class='ocrx_word' id='word_1_73' title='bbox 2935 849 3030 912; x_wconf 92' lang='lat' dir='ltr'><strong>sit,</strong></span> <span class='ocrx_word' id='word_1_74' title='bbox 3071 845 3308 919; x_wconf 85' lang='lat' dir='ltr'><strong>perdidit</strong></span> <span class='ocrx_word' id='word_1_75' title='bbox 3354 859 3472 901; x_wconf 82' lang='lat' dir='ltr'><strong>om-</strong></span> 
     </span>
    </p>
   </div>
   <div class='ocr_carea' id='block_1_11' title="bbox 199 936 1153 1010">
    <p class='ocr_par' dir='ltr' id='par_1_11' title="bbox 199 936 1153 1010">
     <span class='ocr_line' id='line_1_11' title="bbox 199 936 1153 1010; baseline 0.005 -19"><span class='ocrx_word' id='word_1_76' title='bbox 199 936 320 1000; x_wconf 87' lang='lat' dir='ltr'><strong>nia,</strong></span> <span class='ocrx_word' id='word_1_77' title='bbox 350 937 500 991; x_wconf 86' lang='lat' dir='ltr'><strong>brevi</strong></span> <span class='ocrx_word' id='word_1_78' title='bbox 530 940 812 1010; x_wconf 83' lang='lat' dir='ltr'><strong>voluptate</strong></span> <span class='ocrx_word' id='word_1_79' title='bbox 853 942 1153 996; x_wconf 82' lang='lat' dir='ltr'><strong>inescatus.</strong></span> 
     </span>
    </p>
   </div>
   <div class='ocr_carea' id='block_1_12' title="bbox 271 1027 1789 1107">
    <p class='ocr_par' dir='ltr' id='par_1_12' title="bbox 271 1028 1785 1107">
     <span class='ocr_line' id='line_1_12' title="bbox 271 1028 1785 1107; baseline 0.003 -23"><span class='ocrx_word' id='word_1_80' title='bbox 271 1029 329 1084; x_wconf 72' lang='grc'>2.</span> <span class='ocrx_word' id='word_1_81' title='bbox 363 1031 491 1084; x_wconf 85' lang='grc' dir='ltr'><strong>Δέον</strong></span> <span class='ocrx_word' id='word_1_82' title='bbox 518 1028 611 1085; x_wconf 76' lang='grc' dir='ltr'><strong>οὖν</strong></span> <span class='ocrx_word' id='word_1_83' title='bbox 639 1034 807 1104; x_wconf 77' lang='grc' dir='ltr'>ἡμᾶς,</span> <span class='ocrx_word' id='word_1_84' title='bbox 846 1033 1004 1107; x_wconf 85' lang='grc' dir='ltr'>εἴπερ</span> <span class='ocrx_word' id='word_1_85' title='bbox 1054 1035 1335 1107; x_wconf 78' lang='grc' dir='ltr'><strong>ἐθέλοιμεν</strong></span> <span class='ocrx_word' id='word_1_86' title='bbox 1381 1034 1637 1105; x_wconf 80' lang='grc' dir='ltr'><strong>ἀσφαλῶς</strong></span> <span class='ocrx_word' id='word_1_87' title='bbox 1685 1051 1785 1106; x_wconf 86' lang='grc' dir='ltr'><strong>την</strong></span> 
     </span>
    </p>
   </div>
   <div class='ocr_carea' id='block_1_13' title="bbox 1893 1027 3474 1107">
    <p class='ocr_par' dir='ltr' id='par_1_13' title="bbox 1955 1027 3474 1101">
     <span class='ocr_line' id='line_1_13' title="bbox 1955 1027 3474 1101; baseline 0.001 -18"><span class='ocrx_word' id='word_1_88' title='bbox 1955 1028 2012 1084; x_wconf 78' lang='lat'><strong>2.</strong></span> <span class='ocrx_word' id='word_1_89' title='bbox 2025 1027 2189 1101; x_wconf 66' lang='grc'><strong>470</strong></span> <span class='ocrx_word' id='word_1_90' title='bbox 2209 1030 2285 1099; x_wconf 89' lang='grc'><strong>(7)</strong></span> <span class='ocrx_word' id='word_1_91' title='bbox 2307 1029 2497 1100; x_wconf 84' lang='lat' dir='ltr'><strong>Itaque</strong></span> <span class='ocrx_word' id='word_1_92' title='bbox 2517 1028 2564 1084; x_wconf 88' lang='lat' dir='ltr'><strong>si</strong></span> <span class='ocrx_word' id='word_1_93' title='bbox 2587 1028 2749 1085; x_wconf 88' lang='lat' dir='ltr'><strong>modo</strong></span> <span class='ocrx_word' id='word_1_94' title='bbox 2763 1028 2993 1085; x_wconf 87' lang='lat' dir='ltr'><strong>velimus</strong></span> <span class='ocrx_word' id='word_1_95' title='bbox 3003 1028 3474 1085; x_wconf 68' lang='lat' dir='ltr'><strong>substratamvita</strong></span> 
     </span>
    </p>
   </div>
   <div class='ocr_carea' id='block_1_14' title="bbox 198 1119 1789 1200">
    <p class='ocr_par' dir='ltr' id='par_1_14' title="bbox 198 1121 1784 1200">
     <span class='ocr_line' id='line_1_14' title="bbox 198 1121 1784 1200; baseline 0.002 -24"><span class='ocrx_word' id='word_1_96' title='bbox 198 1121 570 1196; x_wconf 77' lang='grc' dir='ltr'><strong>ὑποκειμένην</strong></span> <span class='ocrx_word' id='word_1_97' title='bbox 601 1125 719 1178; x_wconf 84' lang='grc' dir='ltr'>ὁδὸν</span> <span class='ocrx_word' id='word_1_98' title='bbox 762 1125 856 1179; x_wconf 82' lang='grc' dir='ltr'>τοῦ</span> <span class='ocrx_word' id='word_1_99' title='bbox 904 1125 1019 1196; x_wconf 87' lang='grc' dir='ltr'>βίου</span> <span class='ocrx_word' id='word_1_100' title='bbox 1071 1127 1409 1200; x_wconf 81' lang='grc' dir='ltr'><strong>διαδραμεῖν,</strong></span> <span class='ocrx_word' id='word_1_101' title='bbox 1461 1127 1558 1181; x_wconf 85' lang='grc' dir='ltr'><strong>καί</strong></span> <span class='ocrx_word' id='word_1_102' title='bbox 1602 1143 1784 1199; x_wconf 87' lang='grc' dir='ltr'>παρα-</span> 
     </span>
    </p>
   </div>
   <div class='ocr_carea' id='block_1_15' title="bbox 1893 1119 3473 1200">
    <p class='ocr_par' dir='ltr' id='par_1_15' title="bbox 1893 1119 3473 1193">
     <span class='ocr_line' id='line_1_15' title="bbox 1893 1119 3473 1193; baseline 0 -18"><span class='ocrx_word' id='word_1_103' title='bbox 1893 1119 2030 1193; x_wconf 86' lang='lat' dir='ltr'><strong>viam</strong></span> <span class='ocrx_word' id='word_1_104' title='bbox 2063 1128 2182 1176; x_wconf 91' lang='lat' dir='ltr'><strong>tuto</strong></span> <span class='ocrx_word' id='word_1_105' title='bbox 2214 1135 2559 1191; x_wconf 89' lang='lat' dir='ltr'><strong>percurrere,</strong></span> <span class='ocrx_word' id='word_1_106' title='bbox 2597 1127 2761 1192; x_wconf 88' lang='lat' dir='ltr'><strong>atque</strong></span> <span class='ocrx_word' id='word_1_107' title='bbox 2789 1121 3029 1174; x_wconf 89' lang='lat' dir='ltr'><strong>animam</strong></span> <span class='ocrx_word' id='word_1_108' title='bbox 3069 1120 3233 1174; x_wconf 88' lang='lat' dir='ltr'><strong>simul</strong></span> <span class='ocrx_word' id='word_1_109' title='bbox 3265 1129 3320 1174; x_wconf 88' lang='lat' dir='ltr'><strong>et</strong></span> <span class='ocrx_word' id='word_1_110' title='bbox 3348 1136 3473 1175; x_wconf 85' lang='lat' dir='ltr'><strong>cor-</strong></span> 
     </span>
    </p>
   </div>
   <div class='ocr_carea' id='block_1_16' title="bbox 202 1217 1788 1291">
    <p class='ocr_par' dir='ltr' id='par_1_16' title="bbox 202 1217 1788 1291">
     <span class='ocr_line' id='line_1_16' title="bbox 202 1217 1788 1291; baseline 0.002 -22"><span class='ocrx_word' id='word_1_111' title='bbox 202 1217 402 1288; x_wconf 85' lang='grc' dir='ltr'>στῆσαι</span> <span class='ocrx_word' id='word_1_112' title='bbox 424 1217 646 1289; x_wconf 81' lang='grc' dir='ltr'>Χριστῷ</span> <span class='ocrx_word' id='word_1_113' title='bbox 672 1219 771 1290; x_wconf 82' lang='grc' dir='ltr'>τὴν</span> <span class='ocrx_word' id='word_1_114' title='bbox 797 1218 976 1291; x_wconf 77' lang='grc' dir='ltr'>ψυχήν</span> <span class='ocrx_word' id='word_1_115' title='bbox 995 1237 1053 1273; x_wconf 90' lang='grc' dir='ltr'><strong>τε</strong></span> <span class='ocrx_word' id='word_1_116' title='bbox 1076 1219 1210 1291; x_wconf 82' lang='grc' dir='ltr'>ὁμοῦ</span> <span class='ocrx_word' id='word_1_117' title='bbox 1254 1221 1348 1274; x_wconf 74' lang='grc' dir='ltr'>καὶ</span> <span class='ocrx_word' id='word_1_118' title='bbox 1383 1219 1446 1273; x_wconf 86' lang='grc' dir='ltr'><strong>τδ</strong></span> <span class='ocrx_word' id='word_1_119' title='bbox 1481 1218 1642 1290; x_wconf 90' lang='grc' dir='ltr'>σῶμα</span> <span class='ocrx_word' id='word_1_120' title='bbox 1686 1220 1788 1290; x_wconf 79' lang='grc' dir='ltr'><strong>τῆς</strong></span> 
     </span>
    </p>
   </div>
   <div class='ocr_carea' id='block_1_17' title="bbox 198 1309 1788 1384">
    <p class='ocr_par' dir='ltr' id='par_1_17' title="bbox 198 1309 1788 1384">
     <span class='ocr_line' id='line_1_17' title="bbox 198 1309 1788 1384; baseline 0.001 -22"><span class='ocrx_word' id='word_1_121' title='bbox 198 1310 267 1363; x_wconf 75' lang='grc' dir='ltr'>ἐκ</span> <span class='ocrx_word' id='word_1_122' title='bbox 284 1309 396 1362; x_wconf 90' lang='grc' dir='ltr'><strong>τῶν</strong></span> <span class='ocrx_word' id='word_1_123' title='bbox 427 1309 758 1380; x_wconf 82' lang='grc' dir='ltr'><strong>τραυμάτων</strong></span> <span class='ocrx_word' id='word_1_124' title='bbox 782 1310 1045 1381; x_wconf 78' lang='grc' dir='ltr'><strong>αἰσχύνης</strong></span> <span class='ocrx_word' id='word_1_125' title='bbox 1076 1311 1361 1384; x_wconf 77' lang='grc' dir='ltr'>ἐλεύθερα,</span> <span class='ocrx_word' id='word_1_126' title='bbox 1394 1312 1490 1365; x_wconf 81' lang='grc' dir='ltr'><strong>καὶ</strong></span> <span class='ocrx_word' id='word_1_127' title='bbox 1535 1312 1663 1375; x_wconf 81' lang='grc' dir='ltr'>τοὺς</span> <span class='ocrx_word' id='word_1_128' title='bbox 1692 1312 1788 1364; x_wconf 72' lang='grc' dir='ltr'><strong>ἐπὶ</strong></span> 
     </span>
    </p>
   </div>
   <div class='ocr_carea' id='block_1_18' title="bbox 197 1401 1787 1475">
    <p class='ocr_par' dir='ltr' id='par_1_18' title="bbox 197 1401 1787 1475">
     <span class='ocr_line' id='line_1_18' title="bbox 197 1401 1787 1475; baseline 0.001 -20"><span class='ocrx_word' id='word_1_129' title='bbox 197 1405 268 1474; x_wconf 82' lang='grc' dir='ltr'>τῇ</span> <span class='ocrx_word' id='word_1_130' title='bbox 298 1402 421 1473; x_wconf 89' lang='grc' dir='ltr'>νίκῃ</span> <span class='ocrx_word' id='word_1_131' title='bbox 464 1401 761 1470; x_wconf 81' lang='grc' dir='ltr'>στεφάνους</span> <span class='ocrx_word' id='word_1_132' title='bbox 820 1402 1027 1467; x_wconf 77' lang='grc' dir='ltr'>λαϐεῖν,</span> <span class='ocrx_word' id='word_1_133' title='bbox 1079 1404 1451 1475; x_wconf 77' lang='grc' dir='ltr'>ἐγρηγορότας</span> <span class='ocrx_word' id='word_1_134' title='bbox 1502 1402 1787 1475; x_wconf 82' lang='grc' dir='ltr'>περιάγειν</span> 
     </span>
    </p>
   </div>
   <div class='ocr_carea' id='block_1_19' title="bbox 199 1493 1784 1573">
    <p class='ocr_par' dir='ltr' id='par_1_19' title="bbox 199 1493 1784 1573">
     <span class='ocr_line' id='line_1_19' title="bbox 199 1493 1784 1573; baseline 0.001 -26"><span class='ocrx_word' id='word_1_135' title='bbox 199 1494 296 1547; x_wconf 73' lang='grc' dir='ltr'>ἀεὶ</span> <span class='ocrx_word' id='word_1_136' title='bbox 338 1494 468 1557; x_wconf 77' lang='grc' dir='ltr'>τοὺς</span> <span class='ocrx_word' id='word_1_137' title='bbox 502 1494 619 1573; x_wconf 61' lang='grc' dir='ltr'><strong>⁷τῆς</strong></span> <span class='ocrx_word' id='word_1_138' title='bbox 673 1493 855 1564; x_wconf 72' lang='grc' dir='ltr'>ψυχῆς</span> <span class='ocrx_word' id='word_1_139' title='bbox 899 1494 1232 1565; x_wconf 83' lang='grc' dir='ltr'>ὀφθαλμοὺς,</span> <span class='ocrx_word' id='word_1_140' title='bbox 1290 1496 1389 1550; x_wconf 71' lang='grc' dir='ltr'>καὶ</span> <span class='ocrx_word' id='word_1_141' title='bbox 1443 1495 1622 1550; x_wconf 86' lang='grc' dir='ltr'>πάντα</span> <span class='ocrx_word' id='word_1_142' title='bbox 1679 1495 1784 1548; x_wconf 84' lang='grc' dir='ltr'>ὑπ-</span> 
     </span>
    </p>
   </div>
   <div class='ocr_carea' id='block_1_20' title="bbox 196 1585 1788 1658">
    <p class='ocr_par' dir='ltr' id='par_1_20' title="bbox 196 1585 1788 1658">
     <span class='ocr_line' id='line_1_20' title="bbox 196 1585 1788 1658; baseline -0.001 -19"><span class='ocrx_word' id='word_1_143' title='bbox 196 1586 453 1639; x_wconf 87' lang='grc' dir='ltr'>οπτεύειν</span> <span class='ocrx_word' id='word_1_144' title='bbox 485 1587 587 1640; x_wconf 78' lang='grc' dir='ltr'><strong>ὅσα</strong></span> <span class='ocrx_word' id='word_1_145' title='bbox 623 1585 855 1657; x_wconf 76' lang='grc' dir='ltr'>τερπνὰ,</span> <span class='ocrx_word' id='word_1_146' title='bbox 900 1586 995 1640; x_wconf 76' lang='grc' dir='ltr'>καὶ</span> <span class='ocrx_word' id='word_1_147' title='bbox 1045 1586 1235 1656; x_wconf 77' lang='grc' dir='ltr'>μηδενὶ</span> <span class='ocrx_word' id='word_1_148' title='bbox 1287 1585 1657 1658; x_wconf 79' lang='grc' dir='ltr'>προσερείδειν</span> <span class='ocrx_word' id='word_1_149' title='bbox 1685 1585 1788 1657; x_wconf 84' lang='grc' dir='ltr'>τὴν</span> 
     </span>
    </p>
   </div>
   <div class='ocr_carea' id='block_1_21' title="bbox 198 1676 1784 1750">
    <p class='ocr_par' dir='ltr' id='par_1_21' title="bbox 198 1676 1784 1750">
     <span class='ocr_line' id='line_1_21' title="bbox 198 1676 1784 1750; baseline -0.001 -19"><span class='ocrx_word' id='word_1_150' title='bbox 198 1678 435 1741; x_wconf 74' lang='grc' dir='ltr'>ἔννοιαν,</span> <span class='ocrx_word' id='word_1_151' title='bbox 474 1677 609 1748; x_wconf 86' lang='grc' dir='ltr'>μηδὲ</span> <span class='ocrx_word' id='word_1_152' title='bbox 649 1678 699 1731; x_wconf 85' lang='grc' dir='ltr'><strong>εί</strong></span> <span class='ocrx_word' id='word_1_153' title='bbox 734 1677 936 1750; x_wconf 82' lang='grc' dir='ltr'>χρυσὸς</span> <span class='ocrx_word' id='word_1_154' title='bbox 983 1676 1226 1747; x_wconf 83' lang='grc' dir='ltr'>φαίνοιτο</span> <span class='ocrx_word' id='word_1_155' title='bbox 1279 1676 1448 1749; x_wconf 84' lang='grc' dir='ltr'>χύδην</span> <span class='ocrx_word' id='word_1_156' title='bbox 1483 1676 1784 1750; x_wconf 89' lang='grc' dir='ltr'>προκείμε-</span> 
     </span>
    </p>
   </div>
   <div class='ocr_carea' id='block_1_22' title="bbox 1888 1212 3468 1284">
    <p class='ocr_par' dir='ltr' id='par_1_22' title="bbox 1888 1212 3468 1284">
     <span class='ocr_line' id='line_1_22' title="bbox 1888 1212 3468 1284; baseline 0 -17"><span class='ocrx_word' id='word_1_157' title='bbox 1888 1227 1996 1283; x_wconf 89' lang='lat' dir='ltr'><strong>pus</strong></span> <span class='ocrx_word' id='word_1_158' title='bbox 2026 1215 2311 1267; x_wconf 87' lang='lat' dir='ltr'><strong>vulnerum</strong></span> <span class='ocrx_word' id='word_1_159' title='bbox 2341 1214 2683 1284; x_wconf 90' lang='lat' dir='ltr'><strong>turpitudine</strong></span> <span class='ocrx_word' id='word_1_160' title='bbox 2712 1212 2977 1266; x_wconf 79' lang='lat' dir='ltr'><strong>immania</strong></span> <span class='ocrx_word' id='word_1_161' title='bbox 2997 1212 3194 1267; x_wconf 81' lang='lat' dir='ltr'><strong>oll&#39;erre</strong></span> <span class='ocrx_word' id='word_1_162' title='bbox 3225 1213 3468 1279; x_wconf 78' lang='lat' dir='ltr'><strong>Christo,</strong></span> 
     </span>
    </p>
   </div>
   <div class='ocr_carea' id='block_1_23' title="bbox 1882 1301 3470 1372">
    <p class='ocr_par' dir='ltr' id='par_1_23' title="bbox 1882 1301 3470 1372">
     <span class='ocr_line' id='line_1_23' title="bbox 1882 1301 3470 1372; baseline 0.001 -15"><span class='ocrx_word' id='word_1_163' title='bbox 1882 1316 2238 1372; x_wconf 74' lang='lat' dir='ltr'><strong>coronasque</strong></span> <span class='ocrx_word' id='word_1_164' title='bbox 2282 1301 2356 1358; x_wconf 90' lang='lat' dir='ltr'><strong>ob</strong></span> <span class='ocrx_word' id='word_1_165' title='bbox 2406 1303 2695 1357; x_wconf 89' lang='lat' dir='ltr'><strong>victoriam</strong></span> <span class='ocrx_word' id='word_1_166' title='bbox 2742 1304 2993 1371; x_wconf 89' lang='lat' dir='ltr'><strong>accipere</strong></span> <span class='ocrx_word' id='word_1_167' title='bbox 3037 1321 3052 1359; x_wconf 86' lang='lat'><strong>:</strong></span> <span class='ocrx_word' id='word_1_168' title='bbox 3093 1309 3310 1372; x_wconf 88' lang='lat' dir='ltr'><strong>oportet</strong></span> <span class='ocrx_word' id='word_1_169' title='bbox 3368 1318 3470 1359; x_wconf 89' lang='lat' dir='ltr'><strong>nos</strong></span> 
     </span>
    </p>
   </div>
   <div class='ocr_carea' id='block_1_24' title="bbox 1891 1392 3471 1464">
    <p class='ocr_par' dir='ltr' id='par_1_24' title="bbox 1891 1392 3471 1464">
     <span class='ocr_line' id='line_1_24' title="bbox 1891 1392 3471 1464; baseline 0.001 -18"><span class='ocrx_word' id='word_1_170' title='bbox 1891 1392 2061 1447; x_wconf 89' lang='lat' dir='ltr'><strong>animi</strong></span> <span class='ocrx_word' id='word_1_171' title='bbox 2103 1392 2298 1448; x_wconf 88' lang='lat' dir='ltr'><strong>oculos</strong></span> <span class='ocrx_word' id='word_1_172' title='bbox 2349 1406 2567 1463; x_wconf 86' lang='lat' dir='ltr'><strong>semper</strong></span> <span class='ocrx_word' id='word_1_173' title='bbox 2624 1393 2987 1463; x_wconf 84' lang='lat' dir='ltr'><strong>undecunque</strong></span> <span class='ocrx_word' id='word_1_174' title='bbox 3026 1393 3321 1464; x_wconf 77' lang='lat' dir='ltr'><strong>vigilantes</strong></span> <span class='ocrx_word' id='word_1_175' title='bbox 3359 1394 3471 1448; x_wconf 88' lang='lat' dir='ltr'><strong>cir-</strong></span> 
     </span>
    </p>
   </div>
   <div class='ocr_carea' id='block_1_25' title="bbox 1890 1485 3473 1555">
    <p class='ocr_par' dir='ltr' id='par_1_25' title="bbox 1890 1485 3473 1555">
     <span class='ocr_line' id='line_1_25' title="bbox 1890 1485 3473 1555; baseline 0.002 -16"><span class='ocrx_word' id='word_1_176' title='bbox 1890 1498 2202 1555; x_wconf 86' lang='lat' dir='ltr'><strong>cumagere,</strong></span> <span class='ocrx_word' id='word_1_177' title='bbox 2245 1493 2301 1540; x_wconf 89' lang='lat' dir='ltr'><strong>et</strong></span> <span class='ocrx_word' id='word_1_178' title='bbox 2334 1493 2591 1555; x_wconf 88' lang='lat' dir='ltr'><strong>suspecta</strong></span> <span class='ocrx_word' id='word_1_179' title='bbox 2628 1485 2830 1540; x_wconf 89' lang='lat' dir='ltr'><strong>habere</strong></span> <span class='ocrx_word' id='word_1_180' title='bbox 2860 1499 3202 1555; x_wconf 79' lang='lat' dir='ltr'><strong>quaecunque</strong></span> <span class='ocrx_word' id='word_1_181' title='bbox 3223 1485 3473 1555; x_wconf 82' lang='lat' dir='ltr'><strong>jucunda</strong></span> 
     </span>
    </p>
   </div>
   <div class='ocr_carea' id='block_1_26' title="bbox 1891 1577 3471 1650">
    <p class='ocr_par' dir='ltr' id='par_1_26' title="bbox 1891 1577 3471 1650">
     <span class='ocr_line' id='line_1_26' title="bbox 1891 1577 3471 1650; baseline 0.003 -20"><span class='ocrx_word' id='word_1_182' title='bbox 1891 1585 2043 1642; x_wconf 87' lang='lat' dir='ltr'><strong>sunt,</strong></span> <span class='ocrx_word' id='word_1_183' title='bbox 2070 1591 2173 1633; x_wconf 90' lang='lat' dir='ltr'><strong>nec</strong></span> <span class='ocrx_word' id='word_1_184' title='bbox 2199 1584 2439 1633; x_wconf 90' lang='lat' dir='ltr'><strong>mentem</strong></span> <span class='ocrx_word' id='word_1_185' title='bbox 2470 1577 2528 1631; x_wconf 92' lang='lat' dir='ltr'><strong>in</strong></span> <span class='ocrx_word' id='word_1_186' title='bbox 2562 1577 2675 1632; x_wconf 89' lang='lat' dir='ltr'><strong>ulla</strong></span> <span class='ocrx_word' id='word_1_187' title='bbox 2702 1592 2762 1632; x_wconf 89' lang='lat' dir='ltr'><strong>re</strong></span> <span class='ocrx_word' id='word_1_188' title='bbox 2788 1577 3063 1647; x_wconf 83' lang='lat' dir='ltr'><strong>ejusmodi</strong></span> <span class='ocrx_word' id='word_1_189' title='bbox 3094 1578 3368 1650; x_wconf 80' lang='lat' dir='ltr'><strong>deﬁgere;</strong></span> <span class='ocrx_word' id='word_1_190' title='bbox 3399 1594 3471 1636; x_wconf 89' lang='lat' dir='ltr'><strong>nc</strong></span> 
     </span>
    </p>
   </div>
   <div class='ocr_carea' id='block_1_27' title="bbox 1886 1669 3470 1741">
    <p class='ocr_par' dir='ltr' id='par_1_27' title="bbox 1886 1669 3470 1741">
     <span class='ocr_line' id='line_1_27' title="bbox 1886 1669 3470 1741; baseline 0.001 -16"><span class='ocrx_word' id='word_1_191' title='bbox 1886 1669 1941 1725; x_wconf 94' lang='lat' dir='ltr'><strong>si</strong></span> <span class='ocrx_word' id='word_1_192' title='bbox 1970 1684 2166 1724; x_wconf 86' lang='lat' dir='ltr'><strong>aurum</strong></span> <span class='ocrx_word' id='word_1_193' title='bbox 2193 1669 2415 1741; x_wconf 88' lang='lat' dir='ltr'><strong>quidem</strong></span> <span class='ocrx_word' id='word_1_194' title='bbox 2459 1669 2708 1726; x_wconf 87' lang='lat' dir='ltr'><strong>videatur</strong></span> <span class='ocrx_word' id='word_1_195' title='bbox 2750 1669 2872 1724; x_wconf 78' lang='lat' dir='ltr'><strong>fuse</strong></span> <span class='ocrx_word' id='word_1_196' title='bbox 2915 1684 3193 1739; x_wconf 89' lang='lat' dir='ltr'><strong>sparsum,</strong></span> <span class='ocrx_word' id='word_1_197' title='bbox 3232 1670 3379 1740; x_wconf 91' lang='lat' dir='ltr'><strong>quod</strong></span> <span class='ocrx_word' id='word_1_198' title='bbox 3411 1676 3470 1727; x_wconf 88' lang='lat' dir='ltr'><strong>in</strong></span> 
     </span>
    </p>
   </div>
   <div class='ocr_carea' id='block_1_28' title="bbox 197 1758 1789 1841">
    <p class='ocr_par' dir='ltr' id='par_1_28' title="bbox 197 1768 1788 1841">
     <span class='ocr_line' id='line_1_28' title="bbox 197 1768 1788 1841; baseline 0 -18"><span class='ocrx_word' id='word_1_199' title='bbox 197 1787 313 1836; x_wconf 84' lang='grc' dir='ltr'>νος,</span> <span class='ocrx_word' id='word_1_200' title='bbox 349 1771 567 1840; x_wconf 73' lang='grc' dir='ltr'>ἕτοιμος</span> <span class='ocrx_word' id='word_1_201' title='bbox 611 1771 692 1834; x_wconf 83' lang='grc' dir='ltr'><strong>είς</strong></span> <span class='ocrx_word' id='word_1_202' title='bbox 714 1770 813 1833; x_wconf 83' lang='grc' dir='ltr'>τὰς</span> <span class='ocrx_word' id='word_1_203' title='bbox 855 1769 964 1823; x_wconf 87' lang='grc' dir='ltr'><strong>τῶν</strong></span> <span class='ocrx_word' id='word_1_204' title='bbox 1018 1768 1371 1841; x_wconf 75' lang='grc' dir='ltr'>βουλομένων</span> <span class='ocrx_word' id='word_1_205' title='bbox 1396 1773 1586 1841; x_wconf 87' lang='grc' dir='ltr'>χεῖρας</span> <span class='ocrx_word' id='word_1_206' title='bbox 1614 1768 1788 1823; x_wconf 79' lang='grc' dir='ltr'>ἐλθεῖν</span> 
     </span>
    </p>
   </div>
   <div class='ocr_carea' id='block_1_29' title="bbox 1893 1758 3471 1841">
    <p class='ocr_par' dir='ltr' id='par_1_29' title="bbox 1893 1758 3471 1833">
     <span class='ocr_line' id='line_1_29' title="bbox 1893 1758 3471 1833; baseline 0.001 -19"><span class='ocrx_word' id='word_1_207' title='bbox 1893 1760 2232 1831; x_wconf 89' lang='lat' dir='ltr'><strong>cupientium</strong></span> <span class='ocrx_word' id='word_1_208' title='bbox 2291 1774 2489 1815; x_wconf 89' lang='lat' dir='ltr'><strong>manus</strong></span> <span class='ocrx_word' id='word_1_209' title='bbox 2539 1761 2728 1815; x_wconf 87' lang='lat' dir='ltr'><strong>venire</strong></span> <span class='ocrx_word' id='word_1_210' title='bbox 2781 1768 3034 1830; x_wconf 89' lang='lat' dir='ltr'><strong>paratum</strong></span> <span class='ocrx_word' id='word_1_211' title='bbox 3099 1761 3173 1816; x_wconf 88' lang='lat' dir='ltr'><strong>sit</strong></span> <span class='ocrx_word' id='word_1_212' title='bbox 3225 1758 3471 1833; x_wconf 67' lang='lat' dir='ltr'><strong>(Divitiis</strong></span> 
     </span>
    </p>
   </div>
   <div class='ocr_carea' id='block_1_30' title="bbox 199 1860 1787 1934">
    <p class='ocr_par' dir='ltr' id='par_1_30' title="bbox 199 1860 1787 1934">
     <span class='ocr_line' id='line_1_30' title="bbox 199 1860 1787 1934; baseline 0 -18"><span class='ocrx_word' id='word_1_213' title='bbox 199 1861 499 1933; x_wconf 77' lang='grc' dir='ltr'>(Πλοῦτος</span> <span class='ocrx_word' id='word_1_214' title='bbox 527 1861 658 1934; x_wconf 96' lang='lat'><strong>7&amp;9,</strong></span> <span class='ocrx_word' id='word_1_215' title='bbox 688 1862 875 1934; x_wconf 81' lang='grc' dir='ltr'>φησὶν,</span> <span class='ocrx_word' id='word_1_216' title='bbox 924 1860 1032 1915; x_wconf 83' lang='grc' dir='ltr'><strong>ἐὰν</strong></span> <span class='ocrx_word' id='word_1_217' title='bbox 1068 1861 1205 1931; x_wconf 74' lang='grc' dir='ltr'>ῥέῃ,</span> <span class='ocrx_word' id='word_1_218' title='bbox 1254 1861 1342 1931; x_wconf 76' lang='grc' dir='ltr'>μὴ</span> <span class='ocrx_word' id='word_1_219' title='bbox 1388 1861 1787 1930; x_wconf 80' lang='grc' dir='ltr'>προστίθεσθε</span> 
     </span>
    </p>
   </div>
   <div class='ocr_carea' id='block_1_31' title="bbox 196 1939 1783 2024">
    <p class='ocr_par' dir='ltr' id='par_1_31' title="bbox 196 1939 1783 2024">
     <span class='ocr_line' id='line_1_31' title="bbox 196 1939 1783 2024; baseline -0.001 -17"><span class='ocrx_word' id='word_1_220' title='bbox 196 1953 460 2022; x_wconf 77' lang='grc' dir='ltr'>καρδίᾳ)·</span> <span class='ocrx_word' id='word_1_221' title='bbox 494 1953 630 2024; x_wconf 86' lang='grc' dir='ltr'>μηδὲ</span> <span class='ocrx_word' id='word_1_222' title='bbox 656 1955 704 2006; x_wconf 83' lang='grc' dir='ltr'><strong>εί</strong></span> <span class='ocrx_word' id='word_1_223' title='bbox 730 1953 804 2024; x_wconf 86' lang='grc' dir='ltr'>γῆ</span> <span class='ocrx_word' id='word_1_224' title='bbox 837 1951 1211 2024; x_wconf 88' lang='grc' dir='ltr'>βλαστάνουσα</span> <span class='ocrx_word' id='word_1_225' title='bbox 1238 1953 1420 2006; x_wconf 85' lang='grc' dir='ltr'>πᾶσαν</span> <span class='ocrx_word' id='word_1_226' title='bbox 1449 1939 1530 2023; x_wconf 65' lang='lat'>(1)</span> <span class='ocrx_word' id='word_1_227' title='bbox 1549 1952 1783 2023; x_wconf 76' lang='grc' dir='ltr'>τρυφὴν,</span> 
     </span>
    </p>
   </div>
   <div class='ocr_carea' id='block_1_32' title="bbox 196 2042 1787 2114">
    <p class='ocr_par' dir='ltr' id='par_1_32' title="bbox 196 2042 1787 2114">
     <span class='ocr_line' id='line_1_32' title="bbox 196 2042 1787 2114; baseline -0.001 -17"><span class='ocrx_word' id='word_1_228' title='bbox 196 2044 300 2097; x_wconf 74' lang='grc' dir='ltr'><strong>καὶ</strong></span> <span class='ocrx_word' id='word_1_229' title='bbox 333 2044 643 2107; x_wconf 83' lang='grc' dir='ltr'>πολυτελεῖς</span> <span class='ocrx_word' id='word_1_230' title='bbox 689 2043 1013 2098; x_wconf 88' lang='grc' dir='ltr'>δεικνύουσα</span> <span class='ocrx_word' id='word_1_231' title='bbox 1055 2043 1266 2114; x_wconf 76' lang='grc' dir='ltr'>σκηνάς</span> <span class='ocrx_word' id='word_1_232' title='bbox 1300 2042 1318 2114; x_wconf 91' lang='grc'><strong>(</strong></span> <span class='ocrx_word' id='word_1_233' title='bbox 1349 2042 1538 2112; x_wconf 78' lang='grc' dir='ltr'><strong>Ἦμῶν</strong></span> <span class='ocrx_word' id='word_1_234' title='bbox 1580 2043 1687 2113; x_wconf 74' lang='grc' dir='ltr'>γὰρ</span> <span class='ocrx_word' id='word_1_235' title='bbox 1717 2042 1787 2096; x_wconf 82' lang='grc' dir='ltr'>τὸ</span> 
     </span>
    </p>
   </div>
   <div class='ocr_carea' id='block_1_33' title="bbox 197 2129 1789 2204">
    <p class='ocr_par' dir='ltr' id='par_1_33' title="bbox 197 2129 1789 2204">
     <span class='ocr_line' id='line_1_33' title="bbox 197 2129 1789 2204; baseline -0.001 -16"><span class='ocrx_word' id='word_1_236' title='bbox 197 2135 536 2204; x_wconf 80' lang='grc' dir='ltr'>πολίτευμα</span> <span class='ocrx_word' id='word_1_237' title='bbox 560 2136 630 2188; x_wconf 78' lang='grc' dir='ltr'><strong>ἐν</strong></span> <span class='ocrx_word' id='word_1_238' title='bbox 657 2133 911 2203; x_wconf 80' lang='grc' dir='ltr'>οὐρανῷ,</span> <span class='ocrx_word' id='word_1_239' title='bbox 940 2135 1011 2199; x_wconf 72' lang='grc' dir='ltr'><strong>ἐξ</strong></span> <span class='ocrx_word' id='word_1_240' title='bbox 1036 2129 1110 2190; x_wconf 83' lang='grc' dir='ltr'>οὗ</span> <span class='ocrx_word' id='word_1_241' title='bbox 1139 2134 1239 2188; x_wconf 81' lang='grc' dir='ltr'><strong>καί</strong></span> <span class='ocrx_word' id='word_1_242' title='bbox 1269 2132 1517 2202; x_wconf 81' lang='grc' dir='ltr'>Σωτῆρα</span> <span class='ocrx_word' id='word_1_243' title='bbox 1537 2132 1789 2188; x_wconf 81' lang='grc' dir='ltr'>ἀπεκδε-</span> 
     </span>
    </p>
   </div>
   <div class='ocr_carea' id='block_1_34' title="bbox 197 2227 1788 2302">
    <p class='ocr_par' dir='ltr' id='par_1_34' title="bbox 197 2227 1788 2302">
     <span class='ocr_line' id='line_1_34' title="bbox 197 2227 1788 2302; baseline -0.001 -19"><span class='ocrx_word' id='word_1_244' title='bbox 197 2232 429 2301; x_wconf 77' lang='grc' dir='ltr'>χόμεθα</span> <span class='ocrx_word' id='word_1_245' title='bbox 448 2229 742 2302; x_wconf 76' lang='grc' dir='ltr'>Χριστόν)</span> <span class='ocrx_word' id='word_1_246' title='bbox 763 2247 779 2262; x_wconf 89' lang='grc'><strong>·</strong></span> <span class='ocrx_word' id='word_1_247' title='bbox 828 2229 961 2301; x_wconf 84' lang='grc' dir='ltr'>μηδὲ</span> <span class='ocrx_word' id='word_1_248' title='bbox 993 2231 1044 2282; x_wconf 87' lang='grc' dir='ltr'><strong>εί</strong></span> <span class='ocrx_word' id='word_1_249' title='bbox 1082 2232 1315 2301; x_wconf 82' lang='grc' dir='ltr'>χορεῖαι,</span> <span class='ocrx_word' id='word_1_250' title='bbox 1348 2230 1443 2284; x_wconf 72' lang='grc' dir='ltr'><strong>καὶ</strong></span> <span class='ocrx_word' id='word_1_251' title='bbox 1467 2227 1665 2300; x_wconf 84' lang='grc' dir='ltr'>κῶμοι,</span> <span class='ocrx_word' id='word_1_252' title='bbox 1692 2228 1788 2282; x_wconf 73' lang='grc' dir='ltr'><strong>καὶ</strong></span> 
     </span>
    </p>
   </div>
   <div class='ocr_carea' id='block_1_35' title="bbox 201 2320 1788 2394">
    <p class='ocr_par' dir='ltr' id='par_1_35' title="bbox 201 2320 1788 2394">
     <span class='ocr_line' id='line_1_35' title="bbox 201 2320 1788 2394; baseline -0.001 -18"><span class='ocrx_word' id='word_1_253' title='bbox 201 2323 394 2393; x_wconf 85' lang='grc' dir='ltr'>μέθαι,</span> <span class='ocrx_word' id='word_1_254' title='bbox 431 2323 525 2376; x_wconf 77' lang='grc' dir='ltr'>καὶ</span> <span class='ocrx_word' id='word_1_255' title='bbox 580 2322 1019 2393; x_wconf 88' lang='grc' dir='ltr'>καταυλούμεναι</span> <span class='ocrx_word' id='word_1_256' title='bbox 1077 2320 1350 2394; x_wconf 74' lang='grc' dir='ltr'>τράπεζαι</span> <span class='ocrx_word' id='word_1_257' title='bbox 1408 2321 1788 2391; x_wconf 77' lang='grc' dir='ltr'>(Ματαιότης</span> 
     </span>
    </p>
   </div>
   <div class='ocr_carea' id='block_1_36' title="bbox 196 2413 1782 2486">
    <p class='ocr_par' dir='ltr' id='par_1_36' title="bbox 196 2413 1782 2486">
     <span class='ocr_line' id='line_1_36' title="bbox 196 2413 1782 2486; baseline 0.001 -20"><span class='ocrx_word' id='word_1_258' title='bbox 196 2413 334 2485; x_wconf 73' lang='grc' dir='ltr'>γάρ,</span> <span class='ocrx_word' id='word_1_259' title='bbox 368 2415 522 2486; x_wconf 76' lang='grc' dir='ltr'>φησὶ,</span> <span class='ocrx_word' id='word_1_260' title='bbox 560 2414 996 2484; x_wconf 81' lang='grc' dir='ltr'>ματαιοτήτων,</span> <span class='ocrx_word' id='word_1_261' title='bbox 1039 2413 1115 2468; x_wconf 81' lang='grc' dir='ltr'>τὰ</span> <span class='ocrx_word' id='word_1_262' title='bbox 1163 2414 1361 2468; x_wconf 79' lang='grc' dir='ltr'>πάντα</span> <span class='ocrx_word' id='word_1_263' title='bbox 1414 2415 1782 2485; x_wconf 59' lang='lat' dir='ltr'><strong>natauich</strong></span> 
     </span>
    </p>
   </div>
   <div class='ocr_carea' id='block_1_37' title="bbox 200 2505 1789 2580">
    <p class='ocr_par' dir='ltr' id='par_1_37' title="bbox 200 2505 1789 2580">
     <span class='ocr_line' id='line_1_37' title="bbox 200 2505 1789 2580; baseline 0.001 -21"><span class='ocrx_word' id='word_1_264' title='bbox 200 2506 343 2577; x_wconf 83' lang='grc' dir='ltr'>μηδὲ</span> <span class='ocrx_word' id='word_1_265' title='bbox 405 2509 454 2560; x_wconf 84' lang='grc' dir='ltr'><strong>εί</strong></span> <span class='ocrx_word' id='word_1_266' title='bbox 514 2508 781 2579; x_wconf 85' lang='grc' dir='ltr'>σωμάτων</span> <span class='ocrx_word' id='word_1_267' title='bbox 839 2506 1016 2578; x_wconf 83' lang='grc' dir='ltr'>κάλλη</span> <span class='ocrx_word' id='word_1_268' title='bbox 1073 2505 1409 2578; x_wconf 89' lang='grc' dir='ltr'>προτείνοιτο</span> <span class='ocrx_word' id='word_1_269' title='bbox 1463 2505 1576 2577; x_wconf 72' lang='grc'><strong>(2),</strong></span> <span class='ocrx_word' id='word_1_270' title='bbox 1634 2506 1789 2580; x_wconf 82' lang='grc' dir='ltr'>παρά</span> 
     </span>
    </p>
   </div>
   <div class='ocr_carea' id='block_1_38' title="bbox 200 2595 1789 2670">
    <p class='ocr_par' dir='ltr' id='par_1_38' title="bbox 200 2595 1789 2670">
     <span class='ocr_line' id='line_1_38' title="bbox 200 2595 1789 2670; baseline 0 -19"><span class='ocrx_word' id='word_1_271' title='bbox 200 2596 458 2670; x_wconf 79' lang='grc' dir='ltr'>πονηρῶν</span> <span class='ocrx_word' id='word_1_272' title='bbox 488 2597 676 2669; x_wconf 80' lang='grc' dir='ltr'>ψυχῶν</span> <span class='ocrx_word' id='word_1_273' title='bbox 720 2598 1074 2670; x_wconf 81' lang='grc' dir='ltr'>ὲνοικούμενα</span> <span class='ocrx_word' id='word_1_274' title='bbox 1107 2598 1276 2669; x_wconf 78' lang='grc' dir='ltr'><strong>(Ἀπὸ</strong></span> <span class='ocrx_word' id='word_1_275' title='bbox 1319 2595 1643 2667; x_wconf 85' lang='grc' dir='ltr'>προσώπου</span> <span class='ocrx_word' id='word_1_276' title='bbox 1678 2598 1789 2670; x_wconf 88' lang='grc' dir='ltr'>γὰρ</span> 
     </span>
    </p>
   </div>
   <div class='ocr_carea' id='block_1_39' title="bbox 198 2689 1788 2763">
    <p class='ocr_par' dir='ltr' id='par_1_39' title="bbox 198 2689 1788 2763">
     <span class='ocr_line' id='line_1_39' title="bbox 198 2689 1788 2763; baseline 0.001 -20"><span class='ocrx_word' id='word_1_277' title='bbox 198 2689 492 2760; x_wconf 78' lang='grc' dir='ltr'>γυναικὸς</span> <span class='ocrx_word' id='word_1_278' title='bbox 519 2690 600 2755; x_wconf 89' lang='grc' dir='ltr'>ὠς</span> <span class='ocrx_word' id='word_1_279' title='bbox 626 2690 747 2745; x_wconf 76' lang='grc' dir='ltr'><strong>ἀπὸ</strong></span> <span class='ocrx_word' id='word_1_280' title='bbox 791 2690 1119 2760; x_wconf 78' lang='grc' dir='ltr'>προσώπου</span> <span class='ocrx_word' id='word_1_281' title='bbox 1153 2690 1344 2761; x_wconf 71' lang='grc' dir='ltr'>ὄφεως</span> <span class='ocrx_word' id='word_1_282' title='bbox 1378 2691 1584 2762; x_wconf 72' lang='grc' dir='ltr'>φεῦγε,</span> <span class='ocrx_word' id='word_1_283' title='bbox 1622 2692 1788 2763; x_wconf 74' lang='grc' dir='ltr'>φησὶν</span> 
     </span>
    </p>
   </div>
   <div class='ocr_carea' id='block_1_40' title="bbox 197 2781 1789 2856">
    <p class='ocr_par' dir='ltr' id='par_1_40' title="bbox 197 2781 1789 2856">
     <span class='ocr_line' id='line_1_40' title="bbox 197 2781 1789 2856; baseline 0.003 -23"><span class='ocrx_word' id='word_1_284' title='bbox 197 2782 231 2834; x_wconf 89' lang='lat'><strong>6</strong></span> <span class='ocrx_word' id='word_1_285' title='bbox 263 2781 479 2851; x_wconf 61' lang='grc' dir='ltr'>σοφόςγ</span> <span class='ocrx_word' id='word_1_286' title='bbox 509 2781 645 2852; x_wconf 80' lang='grc' dir='ltr'>μηδὲ</span> <span class='ocrx_word' id='word_1_287' title='bbox 678 2784 727 2835; x_wconf 75' lang='grc' dir='ltr'>εξ</span> <span class='ocrx_word' id='word_1_288' title='bbox 759 2781 1079 2837; x_wconf 73' lang='grc' dir='ltr'>δυναστεῖαι</span> <span class='ocrx_word' id='word_1_289' title='bbox 1101 2782 1178 2855; x_wconf 82' lang='grc'><strong>(5)</strong></span> <span class='ocrx_word' id='word_1_290' title='bbox 1209 2784 1303 2838; x_wconf 72' lang='grc' dir='ltr'><strong>καὶ</strong></span> <span class='ocrx_word' id='word_1_291' title='bbox 1330 2785 1668 2856; x_wconf 83' lang='grc' dir='ltr'>τυραννίδες,</span> <span class='ocrx_word' id='word_1_292' title='bbox 1693 2784 1789 2840; x_wconf 71' lang='grc' dir='ltr'>καὶ</span> 
     </span>
    </p>
   </div>
   <div class='ocr_carea' id='block_1_41' title="bbox 198 2870 1790 2949">
    <p class='ocr_par' dir='ltr' id='par_1_41' title="bbox 198 2870 1790 2949">
     <span class='ocr_line' id='line_1_41' title="bbox 198 2870 1790 2949; baseline 0.003 -23"><span class='ocrx_word' id='word_1_293' title='bbox 198 2873 515 2945; x_wconf 71' lang='grc' dir='ltr'>δορυφόρων</span> <span class='ocrx_word' id='word_1_294' title='bbox 544 2870 578 2945; x_wconf 75' lang='grc' dir='ltr'>ἢ</span> <span class='ocrx_word' id='word_1_295' title='bbox 607 2873 856 2929; x_wconf 83' lang='grc' dir='ltr'>κολάκων</span> <span class='ocrx_word' id='word_1_296' title='bbox 890 2877 1079 2947; x_wconf 74' lang='grc' dir='ltr'>ἑσμοὶ,</span> <span class='ocrx_word' id='word_1_297' title='bbox 1121 2877 1258 2948; x_wconf 83' lang='grc' dir='ltr'>μηδὲ</span> <span class='ocrx_word' id='word_1_298' title='bbox 1288 2878 1337 2930; x_wconf 91' lang='grc' dir='ltr'><strong>εί</strong></span> <span class='ocrx_word' id='word_1_299' title='bbox 1368 2872 1559 2949; x_wconf 82' lang='grc' dir='ltr'>θρόνος</span> <span class='ocrx_word' id='word_1_300' title='bbox 1584 2877 1790 2949; x_wconf 79' lang='grc' dir='ltr'>ὑψηλὸς</span> 
     </span>
    </p>
   </div>
   <div class='ocr_carea' id='block_1_42' title="bbox 198 2965 1788 3041">
    <p class='ocr_par' dir='ltr' id='par_1_42' title="bbox 198 2965 1788 3041">
     <span class='ocr_line' id='line_1_42' title="bbox 198 2965 1788 3041; baseline 0.003 -22"><span class='ocrx_word' id='word_1_301' title='bbox 198 2966 301 3019; x_wconf 74' lang='grc' dir='ltr'>καὶ</span> <span class='ocrx_word' id='word_1_302' title='bbox 322 2965 591 3039; x_wconf 78' lang='grc' dir='ltr'>λαμπρὸς,</span> <span class='ocrx_word' id='word_1_303' title='bbox 627 2967 930 3033; x_wconf 75' lang='grc' dir='ltr'>ὑποζεύξας</span> <span class='ocrx_word' id='word_1_304' title='bbox 955 2967 1079 3041; x_wconf 72' lang='grc' dir='ltr'>ἔθνη</span> <span class='ocrx_word' id='word_1_305' title='bbox 1104 2969 1199 3023; x_wconf 75' lang='grc' dir='ltr'><strong>καὶ</strong></span> <span class='ocrx_word' id='word_1_306' title='bbox 1231 2969 1414 3034; x_wconf 82' lang='grc' dir='ltr'>πόλεις</span> <span class='ocrx_word' id='word_1_307' title='bbox 1434 2971 1514 3033; x_wconf 82' lang='grc' dir='ltr'>εἰς</span> <span class='ocrx_word' id='word_1_308' title='bbox 1543 2969 1788 3024; x_wconf 87' lang='grc' dir='ltr'>δουλείαν</span> 
     </span>
    </p>
   </div>
   <div class='ocr_carea' id='block_1_43' title="bbox 201 3056 1789 3130">
    <p class='ocr_par' dir='ltr' id='par_1_43' title="bbox 201 3056 1789 3130">
     <span class='ocr_line' id='line_1_43' title="bbox 201 3056 1789 3130; baseline 0.003 -20"><span class='ocrx_word' id='word_1_309' title='bbox 201 3056 460 3111; x_wconf 82' lang='grc' dir='ltr'>ἀκούσιον</span> <span class='ocrx_word' id='word_1_310' title='bbox 478 3074 492 3088; x_wconf 73' lang='grc'><strong><em>⁸</em></strong></span> <span class='ocrx_word' id='word_1_311' title='bbox 520 3057 697 3112; x_wconf 85' lang='grc' dir='ltr'>Πᾶσα</span> <span class='ocrx_word' id='word_1_312' title='bbox 721 3058 832 3130; x_wconf 85' lang='lat'><strong>7&amp;9</strong></span> <span class='ocrx_word' id='word_1_313' title='bbox 861 3059 1019 3127; x_wconf 82' lang='grc' dir='ltr'>σὰρξ</span> <span class='ocrx_word' id='word_1_314' title='bbox 1050 3060 1285 3129; x_wconf 85' lang='grc' dir='ltr'>χόρτος,</span> <span class='ocrx_word' id='word_1_315' title='bbox 1315 3061 1413 3114; x_wconf 82' lang='grc' dir='ltr'>καὶ</span> <span class='ocrx_word' id='word_1_316' title='bbox 1446 3060 1614 3116; x_wconf 82' lang='grc' dir='ltr'>πᾶσα</span> <span class='ocrx_word' id='word_1_317' title='bbox 1640 3061 1789 3126; x_wconf 79' lang='grc' dir='ltr'>δόξα</span> 
     </span>
    </p>
   </div>
   <div class='ocr_carea' id='block_1_44' title="bbox 200 3145 1787 3219">
    <p class='ocr_par' dir='ltr' id='par_1_44' title="bbox 200 3145 1787 3219">
     <span class='ocr_line' id='line_1_44' title="bbox 200 3145 1787 3219; baseline 0.002 -18"><span class='ocrx_word' id='word_1_318' title='bbox 200 3145 515 3215; x_wconf 83' lang='grc' dir='ltr'>ἀνθρώπου</span> <span class='ocrx_word' id='word_1_319' title='bbox 544 3147 624 3213; x_wconf 88' lang='grc' dir='ltr'><strong>ὡς</strong></span> <span class='ocrx_word' id='word_1_320' title='bbox 657 3147 841 3214; x_wconf 80' lang='grc' dir='ltr'><em>ἄνθος</em></span> <span class='ocrx_word' id='word_1_321' title='bbox 871 3148 1090 3217; x_wconf 86' lang='grc' dir='ltr'>χόρτου</span> <span class='ocrx_word' id='word_1_322' title='bbox 1112 3166 1124 3177; x_wconf 73' lang='grc'><strong><em>⁸</em></strong></span> <span class='ocrx_word' id='word_1_323' title='bbox 1161 3148 1464 3218; x_wconf 80' lang='grc' dir='ltr'><strong>ἐξηράνθη</strong></span> <span class='ocrx_word' id='word_1_324' title='bbox 1491 3152 1524 3204; x_wconf 88' lang='grc' dir='ltr'><strong>ό</strong></span> <span class='ocrx_word' id='word_1_325' title='bbox 1550 3151 1787 3219; x_wconf 84' lang='grc' dir='ltr'>χόρτος,</span> 
     </span>
    </p>
   </div>
   <div class='ocr_carea' id='block_1_45' title="bbox 201 3238 1794 3314">
    <p class='ocr_par' dir='ltr' id='par_1_45' title="bbox 201 3238 1794 3314">
     <span class='ocr_line' id='line_1_45' title="bbox 201 3238 1794 3314; baseline 0.003 -22"><span class='ocrx_word' id='word_1_326' title='bbox 201 3240 307 3293; x_wconf 80' lang='grc' dir='ltr'>καὶ</span> <span class='ocrx_word' id='word_1_327' title='bbox 338 3238 406 3293; x_wconf 83' lang='grc' dir='ltr'>τὸ</span> <span class='ocrx_word' id='word_1_328' title='bbox 440 3239 623 3306; x_wconf 77' lang='grc' dir='ltr'>ἄνθος</span> <span class='ocrx_word' id='word_1_329' title='bbox 666 3240 942 3305; x_wconf 80' lang='grc' dir='ltr'>ἐξέπεσε.</span> <span class='ocrx_word' id='word_1_330' title='bbox 993 3239 1217 3304; x_wconf 88' lang='grc' dir='ltr'>Τούτοις</span> <span class='ocrx_word' id='word_1_331' title='bbox 1244 3240 1355 3313; x_wconf 85' lang='grc' dir='ltr'><strong>γάρ</strong></span> <span class='ocrx_word' id='word_1_332' title='bbox 1401 3241 1466 3314; x_wconf 79' lang='grc' dir='ltr'>δὴ</span> <span class='ocrx_word' id='word_1_333' title='bbox 1514 3245 1649 3296; x_wconf 77' lang='grc' dir='ltr'>πᾶσι</span> <span class='ocrx_word' id='word_1_334' title='bbox 1679 3246 1794 3308; x_wconf 87' lang='grc' dir='ltr'>τοῖς</span> 
     </span>
    </p>
   </div>
   <div class='ocr_carea' id='block_1_46' title="bbox 201 3330 1793 3405">
    <p class='ocr_par' dir='ltr' id='par_1_46' title="bbox 201 3330 1793 3405">
     <span class='ocr_line' id='line_1_46' title="bbox 201 3330 1793 3405; baseline 0.002 -21"><span class='ocrx_word' id='word_1_335' title='bbox 201 3330 347 3384; x_wconf 74' lang='grc' dir='ltr'>οὕτω</span> <span class='ocrx_word' id='word_1_336' title='bbox 378 3334 629 3403; x_wconf 84' lang='grc' dir='ltr'>τερπνοῖς</span> <span class='ocrx_word' id='word_1_337' title='bbox 670 3331 697 3384; x_wconf 98' lang='lat'><strong>6</strong></span> <span class='ocrx_word' id='word_1_338' title='bbox 738 3332 917 3397; x_wconf 85' lang='grc' dir='ltr'>κοινὸς</span> <span class='ocrx_word' id='word_1_339' title='bbox 959 3331 1301 3403; x_wconf 84' lang='grc' dir='ltr'>ὐποκάθηται</span> <span class='ocrx_word' id='word_1_340' title='bbox 1341 3333 1633 3405; x_wconf 78' lang='grc' dir='ltr'>δυσμενὴς,</span> <span class='ocrx_word' id='word_1_341' title='bbox 1660 3335 1793 3388; x_wconf 83' lang='grc' dir='ltr'>ἁνα-</span> 
     </span>
    </p>
   </div>
   <div class='ocr_carea' id='block_1_47' title="bbox 204 3421 1792 3497">
    <p class='ocr_par' dir='ltr' id='par_1_47' title="bbox 204 3421 1792 3497">
     <span class='ocr_line' id='line_1_47' title="bbox 204 3421 1792 3497; baseline 0.003 -23"><span class='ocrx_word' id='word_1_342' title='bbox 204 3421 387 3494; x_wconf 84' lang='grc' dir='ltr'>μένων</span> <span class='ocrx_word' id='word_1_343' title='bbox 417 3422 546 3474; x_wconf 84' lang='grc' dir='ltr'>πότε</span> <span class='ocrx_word' id='word_1_344' title='bbox 594 3421 671 3493; x_wconf 72' lang='grc'><strong>(4)</strong></span> <span class='ocrx_word' id='word_1_345' title='bbox 720 3425 834 3486; x_wconf 80' lang='grc' dir='ltr'>τοῖς</span> <span class='ocrx_word' id='word_1_346' title='bbox 890 3424 1191 3494; x_wconf 84' lang='grc' dir='ltr'>δρωμένοις</span> <span class='ocrx_word' id='word_1_347' title='bbox 1238 3422 1645 3489; x_wconf 87' lang='grc' dir='ltr'>δελεασθέντες,</span> <span class='ocrx_word' id='word_1_348' title='bbox 1690 3426 1792 3497; x_wconf 79' lang='grc' dir='ltr'>τῆς</span> 
     </span>
    </p>
   </div>
   <div class='ocr_carea' id='block_1_48' title="bbox 205 3510 1790 3586">
    <p class='ocr_par' dir='ltr' id='par_1_48' title="bbox 205 3510 1790 3586">
     <span class='ocr_line' id='line_1_48' title="bbox 205 3510 1790 3586; baseline 0.004 -24"><span class='ocrx_word' id='word_1_349' title='bbox 205 3510 309 3582; x_wconf 78' lang='grc' dir='ltr'><strong>μὲν</strong></span> <span class='ocrx_word' id='word_1_350' title='bbox 338 3510 553 3574; x_wconf 80' lang='grc' dir='ltr'>εὐθείας</span> <span class='ocrx_word' id='word_1_351' title='bbox 578 3510 944 3582; x_wconf 78' lang='grc' dir='ltr'>ἐκτραπῶμεν</span> <span class='ocrx_word' id='word_1_352' title='bbox 990 3511 1133 3586; x_wconf 63' lang='grc' dir='ltr'>ὁδοῦ,</span> <span class='ocrx_word' id='word_1_353' title='bbox 1176 3512 1313 3582; x_wconf 83' lang='grc' dir='ltr'>πρὸς</span> <span class='ocrx_word' id='word_1_354' title='bbox 1354 3512 1411 3566; x_wconf 78' lang='grc' dir='ltr'>δὲ</span> <span class='ocrx_word' id='word_1_355' title='bbox 1451 3513 1544 3568; x_wconf 82' lang='grc' dir='ltr'><strong>τὸν</strong></span> <span class='ocrx_word' id='word_1_356' title='bbox 1580 3514 1790 3569; x_wconf 80' lang='grc' dir='ltr'>ἐκείνου</span> 
     </span>
    </p>
   </div>
   <div class='ocr_carea' id='block_1_49' title="bbox 202 3600 1788 3678">
    <p class='ocr_par' dir='ltr' id='par_1_49' title="bbox 202 3600 1788 3678">
     <span class='ocr_line' id='line_1_49' title="bbox 202 3600 1788 3678; baseline 0.003 -24"><span class='ocrx_word' id='word_1_357' title='bbox 202 3600 362 3672; x_wconf 75' lang='grc' dir='ltr'>λόχον</span> <span class='ocrx_word' id='word_1_358' title='bbox 392 3602 617 3665; x_wconf 75' lang='grc' dir='ltr'>ἑαυτοὺς</span> <span class='ocrx_word' id='word_1_359' title='bbox 638 3600 1038 3674; x_wconf 86' lang='grc' dir='ltr'>ἀποκλίνωμεν.</span> <span class='ocrx_word' id='word_1_360' title='bbox 1075 3603 1186 3657; x_wconf 72' lang='grc' dir='ltr'><strong>Καὶ</strong></span> <span class='ocrx_word' id='word_1_361' title='bbox 1214 3603 1333 3667; x_wconf 80' lang='grc' dir='ltr'>δέος</span> <span class='ocrx_word' id='word_1_362' title='bbox 1357 3604 1516 3667; x_wconf 81' lang='grc' dir='ltr'>πολὺ,</span> <span class='ocrx_word' id='word_1_363' title='bbox 1551 3606 1625 3678; x_wconf 83' lang='grc' dir='ltr'>μή</span> <span class='ocrx_word' id='word_1_364' title='bbox 1654 3623 1788 3659; x_wconf 87' lang='grc' dir='ltr'>ποτε</span> 
     </span>
    </p>
   </div>
   <div class='ocr_carea' id='block_1_50' title="bbox 204 3692 1792 3768">
    <p class='ocr_par' dir='ltr' id='par_1_50' title="bbox 204 3692 1792 3768">
     <span class='ocr_line' id='line_1_50' title="bbox 204 3692 1792 3768; baseline 0.004 -23"><span class='ocrx_word' id='word_1_365' title='bbox 204 3692 654 3764; x_wconf 84' lang='grc' dir='ltr'>προσδραμόντες</span> <span class='ocrx_word' id='word_1_366' title='bbox 682 3692 1011 3762; x_wconf 84' lang='grc' dir='ltr'>ἀφυλάκτως</span> <span class='ocrx_word' id='word_1_367' title='bbox 1047 3696 1252 3758; x_wconf 79' lang='grc' dir='ltr'>αὐτοῖς,</span> <span class='ocrx_word' id='word_1_368' title='bbox 1296 3696 1396 3748; x_wconf 77' lang='grc' dir='ltr'><strong>καὶ</strong></span> <span class='ocrx_word' id='word_1_369' title='bbox 1441 3695 1542 3767; x_wconf 81' lang='grc' dir='ltr'>τὴν</span> <span class='ocrx_word' id='word_1_370' title='bbox 1582 3698 1647 3749; x_wconf 80' lang='grc' dir='ltr'>ὲκ</span> <span class='ocrx_word' id='word_1_371' title='bbox 1692 3698 1792 3768; x_wconf 78' lang='grc' dir='ltr'>τῆς</span> 
     </span>
    </p>
   </div>
   <div class='ocr_carea' id='block_1_51' title="bbox 204 3783 1790 3859">
    <p class='ocr_par' dir='ltr' id='par_1_51' title="bbox 204 3783 1790 3859">
     <span class='ocr_line' id='line_1_51' title="bbox 204 3783 1790 3859; baseline 0.002 -21"><span class='ocrx_word' id='word_1_372' title='bbox 204 3784 562 3849; x_wconf 85' lang='grc' dir='ltr'>ἀπολαύσεως</span> <span class='ocrx_word' id='word_1_373' title='bbox 618 3783 810 3856; x_wconf 67' lang='grc' dir='ltr'>τέρψιν</span> <span class='ocrx_word' id='word_1_374' title='bbox 864 3785 1018 3838; x_wconf 74' lang='grc' dir='ltr'>οὐδὲν</span> <span class='ocrx_word' id='word_1_375' title='bbox 1088 3785 1430 3857; x_wconf 77' lang='grc' dir='ltr'>ἡγησάμενοι</span> <span class='ocrx_word' id='word_1_376' title='bbox 1494 3786 1790 3859; x_wconf 82' lang='grc' dir='ltr'>βλαϐερὸν,</span> 
     </span>
    </p>
   </div>
   <div class='ocr_carea' id='block_1_52' title="bbox 206 3875 1790 3952">
    <p class='ocr_par' dir='ltr' id='par_1_52' title="bbox 206 3875 1790 3952">
     <span class='ocr_line' id='line_1_52' title="bbox 206 3875 1790 3952; baseline 0.003 -23"><span class='ocrx_word' id='word_1_377' title='bbox 206 3875 660 3947; x_wconf 77' lang='grc' dir='ltr'>ἐγκεκρυμμένον</span> <span class='ocrx_word' id='word_1_378' title='bbox 679 3879 745 3948; x_wconf 81' lang='grc' dir='ltr'><strong>τῇ</strong></span> <span class='ocrx_word' id='word_1_379' title='bbox 774 3875 971 3950; x_wconf 81' lang='grc' dir='ltr'>πρώτῃ</span> <span class='ocrx_word' id='word_1_380' title='bbox 1008 3877 1195 3946; x_wconf 84' lang='grc' dir='ltr'>γεύσει</span> <span class='ocrx_word' id='word_1_381' title='bbox 1222 3878 1284 3931; x_wconf 85' lang='grc' dir='ltr'><strong>τὸ</strong></span> <span class='ocrx_word' id='word_1_382' title='bbox 1306 3878 1403 3932; x_wconf 76' lang='grc' dir='ltr'>τοῦ</span> <span class='ocrx_word' id='word_1_383' title='bbox 1439 3878 1685 3933; x_wconf 89' lang='grc' dir='ltr'>διαϐόλου</span> <span class='ocrx_word' id='word_1_384' title='bbox 1713 3879 1790 3952; x_wconf 83' lang='grc'><strong>(5)</strong></span> 
     </span>
    </p>
   </div>
   <div class='ocr_carea' id='block_1_53' title="bbox 205 3963 1792 4042">
    <p class='ocr_par' dir='ltr' id='par_1_53' title="bbox 205 3963 1792 4042">
     <span class='ocr_line' id='line_1_53' title="bbox 205 3963 1792 4042; baseline 0.004 -24"><span class='ocrx_word' id='word_1_385' title='bbox 205 3966 565 4037; x_wconf 84' lang='grc' dir='ltr'>καταπίωμεν</span> <span class='ocrx_word' id='word_1_386' title='bbox 607 3963 1108 4038; x_wconf 53' lang='grc' dir='ltr'>άγκιστρονχείτα</span> <span class='ocrx_word' id='word_1_387' title='bbox 1166 3968 1273 4023; x_wconf 82' lang='grc' dir='ltr'>ὑπὸ</span> <span class='ocrx_word' id='word_1_388' title='bbox 1317 3967 1534 4035; x_wconf 89' lang='grc' dir='ltr'>τούτου,</span> <span class='ocrx_word' id='word_1_389' title='bbox 1573 3970 1644 4024; x_wconf 84' lang='grc' dir='ltr'>τὰ</span> <span class='ocrx_word' id='word_1_390' title='bbox 1692 3970 1792 4042; x_wconf 81' lang='grc' dir='ltr'><strong>μὲν</strong></span> 
     </span>
    </p>
   </div>
   <div class='ocr_carea' id='block_1_54' title="bbox 207 4055 1792 4131">
    <p class='ocr_par' dir='ltr' id='par_1_54' title="bbox 207 4055 1792 4131">
     <span class='ocr_line' id='line_1_54' title="bbox 207 4055 1792 4131; baseline 0.003 -21"><span class='ocrx_word' id='word_1_391' title='bbox 207 4057 452 4120; x_wconf 81' lang='grc' dir='ltr'>ἑκόντες,</span> <span class='ocrx_word' id='word_1_392' title='bbox 490 4055 561 4110; x_wconf 80' lang='grc' dir='ltr'>τὰ</span> <span class='ocrx_word' id='word_1_393' title='bbox 588 4056 646 4110; x_wconf 87' lang='grc' dir='ltr'>δὲ</span> <span class='ocrx_word' id='word_1_394' title='bbox 697 4057 944 4123; x_wconf 81' lang='grc' dir='ltr'>ἄκοντες,</span> <span class='ocrx_word' id='word_1_395' title='bbox 999 4058 1385 4131; x_wconf 85' lang='grc' dir='ltr'>προσδεθῶμεν</span> <span class='ocrx_word' id='word_1_396' title='bbox 1435 4060 1640 4127; x_wconf 81' lang='grc' dir='ltr'>αὐτοῖς,</span> <span class='ocrx_word' id='word_1_397' title='bbox 1694 4061 1792 4116; x_wconf 74' lang='grc' dir='ltr'><strong>καὶ</strong></span> 
     </span>
    </p>
   </div>
   <div class='ocr_carea' id='block_1_55' title="bbox 207 4148 1789 4223">
    <p class='ocr_par' dir='ltr' id='par_1_55' title="bbox 207 4148 1789 4223">
     <span class='ocr_line' id='line_1_55' title="bbox 207 4148 1789 4223; baseline 0.004 -22"><span class='ocrx_word' id='word_1_398' title='bbox 207 4148 349 4219; x_wconf 80' lang='grc' dir='ltr'>πρὸς</span> <span class='ocrx_word' id='word_1_399' title='bbox 368 4148 427 4202; x_wconf 80' lang='grc' dir='ltr'><strong>τὸ</strong></span> <span class='ocrx_word' id='word_1_400' title='bbox 448 4148 677 4220; x_wconf 76' lang='grc' dir='ltr'>φοϐερὸν</span> <span class='ocrx_word' id='word_1_401' title='bbox 695 4150 790 4204; x_wconf 76' lang='grc' dir='ltr'>τοῦ</span> <span class='ocrx_word' id='word_1_402' title='bbox 813 4150 1011 4223; x_wconf 77' lang='grc' dir='ltr'>λῃστοῦ</span> <span class='ocrx_word' id='word_1_403' title='bbox 1034 4150 1400 4222; x_wconf 82' lang='grc' dir='ltr'>καταγώγιον,</span> <span class='ocrx_word' id='word_1_404' title='bbox 1424 4151 1515 4207; x_wconf 82' lang='grc' dir='ltr'><strong>τὸν</strong></span> <span class='ocrx_word' id='word_1_405' title='bbox 1538 4152 1789 4219; x_wconf 89' lang='grc' dir='ltr'>θάνατον,</span> 
     </span>
    </p>
   </div>
   <div class='ocr_carea' id='block_1_56' title="bbox 205 4238 1792 4316">
    <p class='ocr_par' dir='ltr' id='par_1_56' title="bbox 205 4238 1792 4316">
     <span class='ocr_line' id='line_1_56' title="bbox 205 4238 1792 4316; baseline 0.004 -25"><span class='ocrx_word' id='word_1_406' title='bbox 205 4238 465 4310; x_wconf 85' lang='grc' dir='ltr'>λάθωμεν</span> <span class='ocrx_word' id='word_1_407' title='bbox 494 4239 845 4305; x_wconf 80' lang='grc' dir='ltr'>ἑλκυσθέντες</span> <span class='ocrx_word' id='word_1_408' title='bbox 889 4241 993 4295; x_wconf 84' lang='grc' dir='ltr'><strong>ὑπὸ</strong></span> <span class='ocrx_word' id='word_1_409' title='bbox 1028 4242 1137 4296; x_wconf 91' lang='grc' dir='ltr'><strong>τῶν</strong></span> <span class='ocrx_word' id='word_1_410' title='bbox 1164 4242 1390 4314; x_wconf 76' lang='grc' dir='ltr'>ἡδονῶν.</span> <span class='ocrx_word' id='word_1_411' title='bbox 1443 4243 1513 4297; x_wconf 85' lang='grc' dir='ltr'>Δί</span> <span class='ocrx_word' id='word_1_412' title='bbox 1551 4244 1652 4315; x_wconf 82' lang='grc' dir='ltr'><strong>μὲν</strong></span> <span class='ocrx_word' id='word_1_413' title='bbox 1681 4244 1792 4316; x_wconf 88' lang='lat'><strong>7&amp;9</strong></span> 
     </span>
    </p>
   </div>
   <div class='ocr_carea' id='block_1_57' title="bbox 207 4331 1790 4406">
    <p class='ocr_par' dir='ltr' id='par_1_57' title="bbox 207 4331 1790 4406">
     <span class='ocr_line' id='line_1_57' title="bbox 207 4331 1790 4406; baseline 0.002 -21"><span class='ocrx_word' id='word_1_414' title='bbox 207 4331 433 4402; x_wconf 73' lang='grc' dir='ltr'>ἀρεταὶ,</span> <span class='ocrx_word' id='word_1_415' title='bbox 483 4333 612 4385; x_wconf 83' lang='grc' dir='ltr'>ὅταν</span> <span class='ocrx_word' id='word_1_416' title='bbox 663 4331 722 4398; x_wconf 78' lang='grc' dir='ltr'>ἐξ</span> <span class='ocrx_word' id='word_1_417' title='bbox 778 4333 1093 4405; x_wconf 76' lang='grc' dir='ltr'>ἐπιμελείας</span> <span class='ocrx_word' id='word_1_418' title='bbox 1137 4333 1449 4403; x_wconf 79' lang='grc' dir='ltr'>συναφθῶσι</span> <span class='ocrx_word' id='word_1_419' title='bbox 1490 4336 1559 4406; x_wconf 76' lang='grc' dir='ltr'><strong>τῇ</strong></span> <span class='ocrx_word' id='word_1_420' title='bbox 1607 4333 1790 4406; x_wconf 81' lang='grc' dir='ltr'>φύσει,</span> 
     </span>
    </p>
   </div>
   <div class='ocr_carea' id='block_1_58' title="bbox 1886 1850 3471 1924">
    <p class='ocr_par' dir='ltr' id='par_1_58' title="bbox 1886 1850 3471 1924">
     <span class='ocr_line' id='line_1_58' title="bbox 1886 1850 3471 1924; baseline 0.002 -17"><span class='ocrx_word' id='word_1_421' title='bbox 1886 1852 2055 1917; x_wconf 86' lang='lat' dir='ltr'><strong>enim,</strong></span> <span class='ocrx_word' id='word_1_422' title='bbox 2074 1851 2274 1923; x_wconf 87' lang='lat' dir='ltr'><strong>inquit,</strong></span> <span class='ocrx_word' id='word_1_423' title='bbox 2293 1852 2339 1906; x_wconf 97' lang='lat' dir='ltr'><strong>si</strong></span> <span class='ocrx_word' id='word_1_424' title='bbox 2356 1852 2594 1923; x_wconf 64' lang='lat' dir='ltr'><strong>aﬂuant,</strong></span> <span class='ocrx_word' id='word_1_425' title='bbox 2619 1852 2781 1905; x_wconf 82' lang='lat' dir='ltr'><strong>nolite</strong></span> <span class='ocrx_word' id='word_1_426' title='bbox 2795 1868 2886 1905; x_wconf 89' lang='lat' dir='ltr'><strong>cor</strong></span> <span class='ocrx_word' id='word_1_427' title='bbox 2906 1867 3163 1922; x_wconf 84' lang='lat' dir='ltr'><strong>apponere</strong></span> <span class='ocrx_word' id='word_1_428' title='bbox 3179 1850 3237 1924; x_wconf 63' lang='grc' dir='ltr'><strong>ι)</strong></span> <span class='ocrx_word' id='word_1_429' title='bbox 3256 1870 3272 1920; x_wconf 88' lang='lat'><strong>;</strong></span> <span class='ocrx_word' id='word_1_430' title='bbox 3294 1869 3471 1924; x_wconf 79' lang='lat' dir='ltr'><strong>neque</strong></span> 
     </span>
    </p>
   </div>
   <div class='ocr_carea' id='block_1_59' title="bbox 1884 1942 3469 2015">
    <p class='ocr_par' dir='ltr' id='par_1_59' title="bbox 1884 1942 3469 2015">
     <span class='ocr_line' id='line_1_59' title="bbox 1884 1942 3469 2015; baseline 0 -17"><span class='ocrx_word' id='word_1_431' title='bbox 1884 1943 1934 1999; x_wconf 94' lang='lat' dir='ltr'><strong>si</strong></span> <span class='ocrx_word' id='word_1_432' title='bbox 1971 1942 2216 2014; x_wconf 81' lang='lat' dir='ltr'><strong>proferat</strong></span> <span class='ocrx_word' id='word_1_433' title='bbox 2241 1953 2386 1998; x_wconf 89' lang='lat' dir='ltr'><strong>terra</strong></span> <span class='ocrx_word' id='word_1_434' title='bbox 2416 1943 2644 1999; x_wconf 87' lang='lat' dir='ltr'><strong>delicias</strong></span> <span class='ocrx_word' id='word_1_435' title='bbox 2684 1959 2878 1999; x_wconf 89' lang='lat' dir='ltr'><strong>omnes</strong></span> <span class='ocrx_word' id='word_1_436' title='bbox 2928 1959 2994 1999; x_wconf 89' lang='lat' dir='ltr'><strong>ac</strong></span> <span class='ocrx_word' id='word_1_437' title='bbox 3034 1955 3355 2015; x_wconf 81' lang='lat' dir='ltr'><strong>sumptuosa</strong></span> <span class='ocrx_word' id='word_1_438' title='bbox 3387 1955 3469 1998; x_wconf 85' lang='lat' dir='ltr'><strong>ta-</strong></span> 
     </span>
    </p>
   </div>
   <div class='ocr_carea' id='block_1_60' title="bbox 1886 2032 3469 2108">
    <p class='ocr_par' dir='ltr' id='par_1_60' title="bbox 1886 2032 3469 2108">
     <span class='ocr_line' id='line_1_60' title="bbox 1886 2032 3469 2108; baseline 0.001 -18"><span class='ocrx_word' id='word_1_439' title='bbox 1886 2033 2180 2090; x_wconf 83' lang='lat' dir='ltr'><strong>bernacula</strong></span> <span class='ocrx_word' id='word_1_440' title='bbox 2208 2032 2378 2108; x_wconf 90' lang='lat' dir='ltr'><strong>(Nam</strong></span> <span class='ocrx_word' id='word_1_441' title='bbox 2419 2045 2605 2089; x_wconf 88' lang='lat' dir='ltr'><strong>nostra</strong></span> <span class='ocrx_word' id='word_1_442' title='bbox 2630 2038 2955 2090; x_wconf 77' lang='lat' dir='ltr'><strong>conuersatio</strong></span> <span class='ocrx_word' id='word_1_443' title='bbox 2984 2037 3038 2089; x_wconf 89' lang='lat' dir='ltr'><strong>in</strong></span> <span class='ocrx_word' id='word_1_444' title='bbox 3060 2038 3189 2090; x_wconf 77' lang='lat' dir='ltr'><strong>caelo</strong></span> <span class='ocrx_word' id='word_1_445' title='bbox 3208 2046 3307 2103; x_wconf 85' lang='lat' dir='ltr'><strong>est,</strong></span> <span class='ocrx_word' id='word_1_446' title='bbox 3332 2037 3469 2092; x_wconf 78' lang='lat' dir='ltr'><strong>unde</strong></span> 
     </span>
    </p>
   </div>
   <div class='ocr_carea' id='block_1_61' title="bbox 1885 2126 3469 2199">
    <p class='ocr_par' dir='ltr' id='par_1_61' title="bbox 1885 2126 3469 2199">
     <span class='ocr_line' id='line_1_61' title="bbox 1885 2126 3469 2199; baseline 0.001 -17"><span class='ocrx_word' id='word_1_447' title='bbox 1885 2128 2048 2182; x_wconf 87' lang='lat' dir='ltr'><strong>etiam</strong></span> <span class='ocrx_word' id='word_1_448' title='bbox 2088 2128 2422 2184; x_wconf 82' lang='lat' dir='ltr'><strong>Salvatorem</strong></span> <span class='ocrx_word' id='word_1_449' title='bbox 2466 2139 2828 2197; x_wconf 71' lang='lat' dir='ltr'><strong>exspectamus</strong></span> <span class='ocrx_word' id='word_1_450' title='bbox 2873 2126 3144 2184; x_wconf 75' lang='lat' dir='ltr'><strong>Christum</strong></span> <span class='ocrx_word' id='word_1_451' title='bbox 3167 2128 3249 2199; x_wconf 81' lang='lat'><strong>&#39;);</strong></span> <span class='ocrx_word' id='word_1_452' title='bbox 3291 2144 3469 2199; x_wconf 82' lang='lat' dir='ltr'><strong>neque</strong></span> 
     </span>
    </p>
   </div>
   <div class='ocr_carea' id='block_1_62' title="bbox 1887 2217 3467 2285">
    <p class='ocr_par' dir='ltr' id='par_1_62' title="bbox 1887 2217 3467 2285">
     <span class='ocr_line' id='line_1_62' title="bbox 1887 2217 3467 2285; baseline -0.001 -12"><span class='ocrx_word' id='word_1_453' title='bbox 1887 2218 1934 2273; x_wconf 92' lang='lat' dir='ltr'><strong>si</strong></span> <span class='ocrx_word' id='word_1_454' title='bbox 1962 2218 2199 2285; x_wconf 67' lang='lat' dir='ltr'><strong>choreae,</strong></span> <span class='ocrx_word' id='word_1_455' title='bbox 2224 2228 2279 2274; x_wconf 87' lang='lat' dir='ltr'><strong>et</strong></span> <span class='ocrx_word' id='word_1_456' title='bbox 2305 2217 2760 2282; x_wconf 88' lang='lat' dir='ltr'><strong>comessationes,</strong></span> <span class='ocrx_word' id='word_1_457' title='bbox 2790 2223 2846 2272; x_wconf 82' lang='lat' dir='ltr'><strong>et</strong></span> <span class='ocrx_word' id='word_1_458' title='bbox 2873 2218 3186 2283; x_wconf 86' lang='lat' dir='ltr'><strong>ebrietates,</strong></span> <span class='ocrx_word' id='word_1_459' title='bbox 3217 2227 3272 2271; x_wconf 91' lang='lat' dir='ltr'><strong>et</strong></span> <span class='ocrx_word' id='word_1_460' title='bbox 3309 2233 3467 2273; x_wconf 84' lang='lat' dir='ltr'><strong>men-</strong></span> 
     </span>
    </p>
   </div>
   <div class='ocr_carea' id='block_1_63' title="bbox 1888 2308 3467 2380">
    <p class='ocr_par' dir='ltr' id='par_1_63' title="bbox 1888 2308 3467 2380">
     <span class='ocr_line' id='line_1_63' title="bbox 1888 2308 3467 2380; baseline -0.001 -15"><span class='ocrx_word' id='word_1_461' title='bbox 1888 2325 1963 2365; x_wconf 66' lang='lat' dir='ltr'><strong>sm</strong></span> <span class='ocrx_word' id='word_1_462' title='bbox 2003 2310 2262 2364; x_wconf 85' lang='lat' dir='ltr'><strong>tibiarum</strong></span> <span class='ocrx_word' id='word_1_463' title='bbox 2292 2308 2533 2365; x_wconf 87' lang='lat' dir='ltr'><strong>modulis</strong></span> <span class='ocrx_word' id='word_1_464' title='bbox 2567 2320 2894 2365; x_wconf 84' lang='lat' dir='ltr'><strong>resonantes</strong></span> <span class='ocrx_word' id='word_1_465' title='bbox 2918 2321 3300 2380; x_wconf 81' lang='lat' dir='ltr'><strong>proponantur</strong></span> <span class='ocrx_word' id='word_1_466' title='bbox 3332 2308 3467 2380; x_wconf 77' lang='lat' dir='ltr'><strong>(Va-</strong></span> 
     </span>
    </p>
   </div>
   <div class='ocr_carea' id='block_1_64' title="bbox 1886 2400 3470 2475">
    <p class='ocr_par' dir='ltr' id='par_1_64' title="bbox 1886 2400 3470 2475">
     <span class='ocr_line' id='line_1_64' title="bbox 1886 2400 3470 2475; baseline 0.001 -19"><span class='ocrx_word' id='word_1_467' title='bbox 1886 2402 2028 2456; x_wconf 85' lang='lat' dir='ltr'><strong>nitas</strong></span> <span class='ocrx_word' id='word_1_468' title='bbox 2057 2402 2217 2466; x_wconf 88' lang='lat' dir='ltr'><strong>enim,</strong></span> <span class='ocrx_word' id='word_1_469' title='bbox 2248 2400 2447 2471; x_wconf 86' lang='lat' dir='ltr'><strong>inquit,</strong></span> <span class='ocrx_word' id='word_1_470' title='bbox 2473 2400 2789 2466; x_wconf 81' lang='lat' dir='ltr'><strong>vanitatum,</strong></span> <span class='ocrx_word' id='word_1_471' title='bbox 2825 2402 3008 2456; x_wconf 83' lang='lat' dir='ltr'><strong>omnia</strong></span> <span class='ocrx_word' id='word_1_472' title='bbox 3035 2402 3243 2456; x_wconf 80' lang='lat' dir='ltr'><strong>vanitas</strong></span> <span class='ocrx_word' id='word_1_473' title='bbox 3261 2403 3336 2475; x_wconf 80' lang='lat'><strong>‘);</strong></span> <span class='ocrx_word' id='word_1_474' title='bbox 3371 2419 3470 2457; x_wconf 85' lang='lat' dir='ltr'><strong>ne-</strong></span> 
     </span>
    </p>
   </div>
   <div class='ocr_carea' id='block_1_65' title="bbox 1887 2488 3469 2563">
    <p class='ocr_par' dir='ltr' id='par_1_65' title="bbox 1887 2488 3469 2563">
     <span class='ocr_line' id='line_1_65' title="bbox 1887 2488 3469 2563; baseline 0.001 -17"><span class='ocrx_word' id='word_1_475' title='bbox 1887 2507 1996 2563; x_wconf 85' lang='lat' dir='ltr'><strong>que</strong></span> <span class='ocrx_word' id='word_1_476' title='bbox 2023 2491 2071 2547; x_wconf 76' lang='lat' dir='ltr'><strong>si</strong></span> <span class='ocrx_word' id='word_1_477' title='bbox 2118 2489 2421 2546; x_wconf 76' lang='lat' dir='ltr'><strong>oﬂ‘erantur</strong></span> <span class='ocrx_word' id='word_1_478' title='bbox 2456 2504 2687 2561; x_wconf 88' lang='lat' dir='ltr'><strong>corpora</strong></span> <span class='ocrx_word' id='word_1_479' title='bbox 2716 2488 2983 2555; x_wconf 80' lang='lat' dir='ltr'><strong>formosa,</strong></span> <span class='ocrx_word' id='word_1_480' title='bbox 3014 2492 3072 2546; x_wconf 92' lang='lat' dir='ltr'><strong>in</strong></span> <span class='ocrx_word' id='word_1_481' title='bbox 3101 2491 3306 2561; x_wconf 87' lang='lat' dir='ltr'><strong>quibus</strong></span> <span class='ocrx_word' id='word_1_482' title='bbox 3349 2492 3469 2547; x_wconf 84' lang='lat' dir='ltr'><strong>ani-</strong></span> 
     </span>
    </p>
   </div>
   <div class='ocr_carea' id='block_1_66' title="bbox 1888 2582 3469 2654">
    <p class='ocr_par' dir='ltr' id='par_1_66' title="bbox 1888 2582 3469 2654">
     <span class='ocr_line' id='line_1_66' title="bbox 1888 2582 3469 2654; baseline 0.001 -17"><span class='ocrx_word' id='word_1_483' title='bbox 1888 2599 1992 2639; x_wconf 66' lang='lat' dir='ltr'><strong>ma:</strong></span> <span class='ocrx_word' id='word_1_484' title='bbox 2020 2598 2202 2654; x_wconf 71' lang='lat' dir='ltr'><strong>pravae</strong></span> <span class='ocrx_word' id='word_1_485' title='bbox 2234 2583 2544 2638; x_wconf 84' lang='lat' dir='ltr'><strong>inhabitant</strong></span> <span class='ocrx_word' id='word_1_486' title='bbox 2568 2583 2635 2654; x_wconf 85' lang='grc' dir='ltr'><strong>(Α</strong></span> <span class='ocrx_word' id='word_1_487' title='bbox 2668 2582 2806 2652; x_wconf 79' lang='lat' dir='ltr'><strong>facie</strong></span> <span class='ocrx_word' id='word_1_488' title='bbox 2830 2582 2979 2638; x_wconf 89' lang='lat' dir='ltr'><strong>enim</strong></span> <span class='ocrx_word' id='word_1_489' title='bbox 3008 2583 3246 2638; x_wconf 80' lang='lat' dir='ltr'><strong>mulieris</strong></span> <span class='ocrx_word' id='word_1_490' title='bbox 3269 2582 3407 2639; x_wconf 81' lang='lat' dir='ltr'><strong>velut</strong></span> <span class='ocrx_word' id='word_1_491' title='bbox 3434 2601 3469 2639; x_wconf 80' lang='grc' dir='ltr'><strong>α</strong></span> 
     </span>
    </p>
   </div>
   <div class='ocr_carea' id='block_1_67' title="bbox 1888 2671 3473 2745">
    <p class='ocr_par' dir='ltr' id='par_1_67' title="bbox 1888 2671 3473 2745">
     <span class='ocr_line' id='line_1_67' title="bbox 1888 2671 3473 2745; baseline 0.001 -17"><span class='ocrx_word' id='word_1_492' title='bbox 1888 2674 2025 2745; x_wconf 76' lang='lat' dir='ltr'><strong>facie</strong></span> <span class='ocrx_word' id='word_1_493' title='bbox 2051 2676 2308 2745; x_wconf 78' lang='lat' dir='ltr'><strong>serpentis</strong></span> <span class='ocrx_word' id='word_1_494' title='bbox 2334 2674 2475 2745; x_wconf 81' lang='lat' dir='ltr'><strong>fuge,</strong></span> <span class='ocrx_word' id='word_1_495' title='bbox 2504 2673 2684 2744; x_wconf 91' lang='lat' dir='ltr'><strong>inquit</strong></span> <span class='ocrx_word' id='word_1_496' title='bbox 2718 2671 2955 2744; x_wconf 87' lang='lat' dir='ltr'><strong>Sapiens</strong></span> <span class='ocrx_word' id='word_1_497' title='bbox 2978 2674 3059 2745; x_wconf 87' lang='lat'><strong>&quot;);</strong></span> <span class='ocrx_word' id='word_1_498' title='bbox 3091 2690 3269 2744; x_wconf 85' lang='lat' dir='ltr'><strong>neque</strong></span> <span class='ocrx_word' id='word_1_499' title='bbox 3297 2675 3344 2729; x_wconf 90' lang='lat' dir='ltr'><strong>si</strong></span> <span class='ocrx_word' id='word_1_500' title='bbox 3371 2689 3473 2745; x_wconf 70' lang='grc' dir='ltr'><strong>ρο⁵</strong></span> 
     </span>
    </p>
   </div>
   <div class='ocr_carea' id='block_1_68' title="bbox 1888 2766 3469 2837">
    <p class='ocr_par' dir='ltr' id='par_1_68' title="bbox 1888 2766 3469 2837">
     <span class='ocr_line' id='line_1_68' title="bbox 1888 2766 3469 2837; baseline -0.002 -14"><span class='ocrx_word' id='word_1_501' title='bbox 1888 2775 2133 2824; x_wconf 89' lang='lat' dir='ltr'><strong>tentatus</strong></span> <span class='ocrx_word' id='word_1_502' title='bbox 2164 2767 2610 2837; x_wconf 88' lang='lat' dir='ltr'><strong>dominatusque,</strong></span> <span class='ocrx_word' id='word_1_503' title='bbox 2644 2781 2709 2821; x_wconf 91' lang='lat' dir='ltr'><strong>ac</strong></span> <span class='ocrx_word' id='word_1_504' title='bbox 2753 2766 3053 2822; x_wconf 88' lang='lat' dir='ltr'><strong>satellitum</strong></span> <span class='ocrx_word' id='word_1_505' title='bbox 3091 2774 3185 2821; x_wconf 93' lang='lat' dir='ltr'><strong>aut</strong></span> <span class='ocrx_word' id='word_1_506' title='bbox 3218 2766 3469 2821; x_wconf 77' lang='lat' dir='ltr'><strong>adulato-</strong></span> 
     </span>
    </p>
   </div>
   <div class='ocr_carea' id='block_1_69' title="bbox 1889 2859 3468 2932">
    <p class='ocr_par' dir='ltr' id='par_1_69' title="bbox 1889 2859 3468 2932">
     <span class='ocr_line' id='line_1_69' title="bbox 1889 2859 3468 2932; baseline 0 -16"><span class='ocrx_word' id='word_1_507' title='bbox 1889 2877 2011 2917; x_wconf 89' lang='lat' dir='ltr'><strong>rum</strong></span> <span class='ocrx_word' id='word_1_508' title='bbox 2066 2870 2279 2925; x_wconf 84' lang='lat' dir='ltr'><strong>turmae,</strong></span> <span class='ocrx_word' id='word_1_509' title='bbox 2327 2877 2505 2932; x_wconf 91' lang='lat' dir='ltr'><strong>neque</strong></span> <span class='ocrx_word' id='word_1_510' title='bbox 2545 2861 2592 2916; x_wconf 92' lang='lat' dir='ltr'><strong>si</strong></span> <span class='ocrx_word' id='word_1_511' title='bbox 2638 2861 2992 2932; x_wconf 88' lang='lat' dir='ltr'><strong>promittatur</strong></span> <span class='ocrx_word' id='word_1_512' title='bbox 3041 2859 3184 2914; x_wconf 86' lang='lat' dir='ltr'><strong>altus</strong></span> <span class='ocrx_word' id='word_1_513' title='bbox 3233 2859 3468 2916; x_wconf 82' lang='lat' dir='ltr'><strong>thronus</strong></span> 
     </span>
    </p>
   </div>
   <div class='ocr_carea' id='block_1_70' title="bbox 1890 2949 3465 3023">
    <p class='ocr_par' dir='ltr' id='par_1_70' title="bbox 1890 2949 3465 3023">
     <span class='ocr_line' id='line_1_70' title="bbox 1890 2949 3465 3023; baseline -0.001 -17"><span class='ocrx_word' id='word_1_514' title='bbox 1890 2960 2054 3023; x_wconf 90' lang='lat' dir='ltr'><strong>atque</strong></span> <span class='ocrx_word' id='word_1_515' title='bbox 2094 2952 2437 3022; x_wconf 89' lang='lat' dir='ltr'><strong>splendidus,</strong></span> <span class='ocrx_word' id='word_1_516' title='bbox 2469 2960 2661 3023; x_wconf 78' lang='lat' dir='ltr'><strong>gentes</strong></span> <span class='ocrx_word' id='word_1_517' title='bbox 2692 2966 2756 3006; x_wconf 92' lang='lat' dir='ltr'><strong>ac</strong></span> <span class='ocrx_word' id='word_1_518' title='bbox 2787 2951 3041 3006; x_wconf 89' lang='lat' dir='ltr'><strong>civitates</strong></span> <span class='ocrx_word' id='word_1_519' title='bbox 3072 2949 3323 3006; x_wconf 87' lang='lat' dir='ltr'><strong>servituti</strong></span> <span class='ocrx_word' id='word_1_520' title='bbox 3354 2967 3465 3006; x_wconf 88' lang='lat' dir='ltr'><strong>non</strong></span> 
     </span>
    </p>
   </div>
   <div class='ocr_carea' id='block_1_71' title="bbox 1889 3040 3470 3111">
    <p class='ocr_par' dir='ltr' id='par_1_71' title="bbox 1889 3040 3470 3111">
     <span class='ocr_line' id='line_1_71' title="bbox 1889 3040 3470 3111; baseline 0.001 -18"><span class='ocrx_word' id='word_1_521' title='bbox 1889 3042 2213 3096; x_wconf 67' lang='lat' dir='ltr'><strong>voluntaria:</strong></span> <span class='ocrx_word' id='word_1_522' title='bbox 2241 3042 2538 3111; x_wconf 88' lang='lat' dir='ltr'><strong>subjiciens</strong></span> <span class='ocrx_word' id='word_1_523' title='bbox 2571 3060 2585 3097; x_wconf 88' lang='lat'><strong>:</strong></span> <span class='ocrx_word' id='word_1_524' title='bbox 2623 3041 2809 3097; x_wconf 85' lang='lat' dir='ltr'><strong>Omnis</strong></span> <span class='ocrx_word' id='word_1_525' title='bbox 2853 3040 2998 3096; x_wconf 90' lang='lat' dir='ltr'><strong>enim</strong></span> <span class='ocrx_word' id='word_1_526' title='bbox 3033 3057 3159 3094; x_wconf 84' lang='lat' dir='ltr'><strong>caro</strong></span> <span class='ocrx_word' id='word_1_527' title='bbox 3183 3041 3384 3108; x_wconf 75' lang='lat' dir='ltr'><strong>fenum,</strong></span> <span class='ocrx_word' id='word_1_528' title='bbox 3418 3053 3470 3096; x_wconf 79' lang='lat' dir='ltr'><strong>et</strong></span> 
     </span>
    </p>
   </div>
   <div class='ocr_carea' id='block_1_72' title="bbox 1891 3130 3466 3204">
    <p class='ocr_par' dir='ltr' id='par_1_72' title="bbox 1891 3130 3466 3204">
     <span class='ocr_line' id='line_1_72' title="bbox 1891 3130 3466 3204; baseline -0.001 -19"><span class='ocrx_word' id='word_1_529' title='bbox 1891 3131 2060 3186; x_wconf 89' lang='lat' dir='ltr'><strong>omnis</strong></span> <span class='ocrx_word' id='word_1_530' title='bbox 2108 3132 2282 3204; x_wconf 86' lang='lat' dir='ltr'><strong>gloria</strong></span> <span class='ocrx_word' id='word_1_531' title='bbox 2318 3130 2545 3186; x_wconf 84' lang='lat' dir='ltr'><strong>hominis</strong></span> <span class='ocrx_word' id='word_1_532' title='bbox 2587 3132 2741 3202; x_wconf 85' lang='lat' dir='ltr'><strong>quasi</strong></span> <span class='ocrx_word' id='word_1_533' title='bbox 2779 3130 2880 3200; x_wconf 82' lang='lat' dir='ltr'><strong>ﬂos</strong></span> <span class='ocrx_word' id='word_1_534' title='bbox 2909 3130 3062 3200; x_wconf 79' lang='lat' dir='ltr'><strong>feni:</strong></span> <span class='ocrx_word' id='word_1_535' title='bbox 3086 3132 3230 3184; x_wconf 87' lang='lat' dir='ltr'><strong>aruit</strong></span> <span class='ocrx_word' id='word_1_536' title='bbox 3267 3130 3466 3200; x_wconf 80' lang='lat' dir='ltr'><strong>fenum,</strong></span> 
     </span>
    </p>
   </div>
   <div class='ocr_carea' id='block_1_73' title="bbox 1889 3220 3472 3296">
    <p class='ocr_par' dir='ltr' id='par_1_73' title="bbox 1889 3220 3472 3296">
     <span class='ocr_line' id='line_1_73' title="bbox 1889 3220 3472 3296; baseline 0.004 -22"><span class='ocrx_word' id='word_1_537' title='bbox 1889 3229 1940 3275; x_wconf 85' lang='lat' dir='ltr'><strong>et</strong></span> <span class='ocrx_word' id='word_1_538' title='bbox 1972 3221 2071 3290; x_wconf 81' lang='lat' dir='ltr'><strong>ﬂos</strong></span> <span class='ocrx_word' id='word_1_539' title='bbox 2104 3222 2289 3276; x_wconf 83' lang='lat' dir='ltr'><strong>cecidit</strong></span> <span class='ocrx_word' id='word_1_540' title='bbox 2311 3222 2354 3277; x_wconf 84' lang='grc'>⁸.</span> <span class='ocrx_word' id='word_1_541' title='bbox 2393 3220 2608 3283; x_wconf 85' lang='lat' dir='ltr'><strong>Etenim</strong></span> <span class='ocrx_word' id='word_1_542' title='bbox 2643 3223 2749 3280; x_wconf 88' lang='lat' dir='ltr'><strong>sub</strong></span> <span class='ocrx_word' id='word_1_543' title='bbox 2782 3222 2869 3278; x_wconf 88' lang='lat' dir='ltr'><strong>his</strong></span> <span class='ocrx_word' id='word_1_544' title='bbox 2920 3224 3175 3280; x_wconf 89' lang='lat' dir='ltr'><strong>omnibus</strong></span> <span class='ocrx_word' id='word_1_545' title='bbox 3218 3226 3354 3280; x_wconf 86' lang='lat' dir='ltr'><strong>adeo</strong></span> <span class='ocrx_word' id='word_1_546' title='bbox 3384 3224 3472 3296; x_wconf 39' lang='lat' dir='ltr'><strong>ius</strong></span> 
     </span>
    </p>
   </div>
   <div class='ocr_carea' id='block_1_74' title="bbox 1892 3310 3472 3386">
    <p class='ocr_par' dir='ltr' id='par_1_74' title="bbox 1892 3310 3472 3386">
     <span class='ocr_line' id='line_1_74' title="bbox 1892 3310 3472 3386; baseline 0.003 -20"><span class='ocrx_word' id='word_1_547' title='bbox 1892 3310 2090 3367; x_wconf 90' lang='lat' dir='ltr'><strong>cundis</strong></span> <span class='ocrx_word' id='word_1_548' title='bbox 2148 3313 2460 3368; x_wconf 90' lang='lat' dir='ltr'><strong>communis</strong></span> <span class='ocrx_word' id='word_1_549' title='bbox 2506 3312 2600 3367; x_wconf 89' lang='lat' dir='ltr'><strong>ille</strong></span> <span class='ocrx_word' id='word_1_550' title='bbox 2646 3312 2824 3368; x_wconf 91' lang='lat' dir='ltr'><strong>hostis</strong></span> <span class='ocrx_word' id='word_1_551' title='bbox 2875 3312 3087 3378; x_wconf 79' lang='lat' dir='ltr'><strong>latitat,</strong></span> <span class='ocrx_word' id='word_1_552' title='bbox 3142 3322 3472 3386; x_wconf 76' lang='lat' dir='ltr'><strong>exspectans</strong></span> 
     </span>
    </p>
   </div>
   <div class='ocr_carea' id='block_1_75' title="bbox 1888 3403 3471 3475">
    <p class='ocr_par' dir='ltr' id='par_1_75' title="bbox 1888 3403 3471 3475">
     <span class='ocr_line' id='line_1_75' title="bbox 1888 3403 3471 3475; baseline 0.001 -17"><span class='ocrx_word' id='word_1_553' title='bbox 1888 3403 2197 3475; x_wconf 91' lang='lat' dir='ltr'><strong>ecquando,</strong></span> <span class='ocrx_word' id='word_1_554' title='bbox 2234 3404 2400 3460; x_wconf 87' lang='lat' dir='ltr'><strong>rebus</strong></span> <span class='ocrx_word' id='word_1_555' title='bbox 2422 3404 2736 3473; x_wconf 90' lang='lat' dir='ltr'><strong>conspectis</strong></span> <span class='ocrx_word' id='word_1_556' title='bbox 2762 3404 2951 3468; x_wconf 88' lang='lat' dir='ltr'><strong>illecti,</strong></span> <span class='ocrx_word' id='word_1_557' title='bbox 2977 3422 3006 3457; x_wconf 88' lang='lat' dir='ltr'><strong>a</strong></span> <span class='ocrx_word' id='word_1_558' title='bbox 3034 3413 3185 3459; x_wconf 87' lang='lat' dir='ltr'><strong>recta</strong></span> <span class='ocrx_word' id='word_1_559' title='bbox 3216 3404 3471 3462; x_wconf 56' lang='lat' dir='ltr'><strong>deﬂecta&#39;</strong></span> 
     </span>
    </p>
   </div>
   <div class='ocr_carea' id='block_1_76' title="bbox 1890 3495 3466 3566">
    <p class='ocr_par' dir='ltr' id='par_1_76' title="bbox 1890 3495 3466 3566">
     <span class='ocr_line' id='line_1_76' title="bbox 1890 3495 3466 3566; baseline 0.002 -16"><span class='ocrx_word' id='word_1_560' title='bbox 1890 3511 2014 3551; x_wconf 92' lang='lat' dir='ltr'><strong>mus</strong></span> <span class='ocrx_word' id='word_1_561' title='bbox 2040 3496 2149 3560; x_wconf 87' lang='lat' dir='ltr'><strong>via,</strong></span> <span class='ocrx_word' id='word_1_562' title='bbox 2177 3510 2242 3551; x_wconf 91' lang='lat' dir='ltr'><strong>ac</strong></span> <span class='ocrx_word' id='word_1_563' title='bbox 2269 3497 2528 3566; x_wconf 87' lang='lat' dir='ltr'><strong>nosipsos</strong></span> <span class='ocrx_word' id='word_1_564' title='bbox 2564 3495 2622 3549; x_wconf 88' lang='lat' dir='ltr'><strong>in</strong></span> <span class='ocrx_word' id='word_1_565' title='bbox 2650 3495 2799 3549; x_wconf 92' lang='lat' dir='ltr'><strong>illius</strong></span> <span class='ocrx_word' id='word_1_566' title='bbox 2829 3495 3060 3551; x_wconf 86' lang='lat' dir='ltr'><strong>insidias</strong></span> <span class='ocrx_word' id='word_1_567' title='bbox 3084 3496 3466 3565; x_wconf 73' lang='lat' dir='ltr'><strong>conjiciantus.</strong></span> 
     </span>
    </p>
   </div>
   <div class='ocr_carea' id='block_1_77' title="bbox 1893 3583 3471 3657">
    <p class='ocr_par' dir='ltr' id='par_1_77' title="bbox 1893 3583 3471 3657">
     <span class='ocr_line' id='line_1_77' title="bbox 1893 3583 3471 3657; baseline 0.004 -18"><span class='ocrx_word' id='word_1_568' title='bbox 1893 3583 2206 3651; x_wconf 86' lang='lat' dir='ltr'><strong>Quinetiam</strong></span> <span class='ocrx_word' id='word_1_569' title='bbox 2244 3586 2595 3641; x_wconf 87' lang='lat' dir='ltr'><strong>metuendum</strong></span> <span class='ocrx_word' id='word_1_570' title='bbox 2619 3586 2777 3640; x_wconf 88' lang='lat' dir='ltr'><strong>valde</strong></span> <span class='ocrx_word' id='word_1_571' title='bbox 2813 3595 2917 3651; x_wconf 89' lang='lat' dir='ltr'><strong>est,</strong></span> <span class='ocrx_word' id='word_1_572' title='bbox 2952 3592 3240 3657; x_wconf 89' lang='lat' dir='ltr'><strong>nequando</strong></span> <span class='ocrx_word' id='word_1_573' title='bbox 3260 3588 3326 3643; x_wconf 90' lang='lat' dir='ltr'><strong>ad</strong></span> <span class='ocrx_word' id='word_1_574' title='bbox 3356 3590 3471 3645; x_wconf 62' lang='lat' dir='ltr'><strong>hate</strong></span> 
     </span>
    </p>
   </div>
   <div class='ocr_carea' id='block_1_78' title="bbox 1892 3677 3472 3750">
    <p class='ocr_par' dir='ltr' id='par_1_78' title="bbox 1892 3677 3472 3750">
     <span class='ocr_line' id='line_1_78' title="bbox 1892 3677 3472 3750; baseline 0.001 -18"><span class='ocrx_word' id='word_1_575' title='bbox 1892 3678 2120 3734; x_wconf 79' lang='lat' dir='ltr'><strong>incaute</strong></span> <span class='ocrx_word' id='word_1_576' title='bbox 2151 3687 2527 3740; x_wconf 89' lang='lat' dir='ltr'><strong>accurrentes,</strong></span> <span class='ocrx_word' id='word_1_577' title='bbox 2560 3694 2624 3733; x_wconf 91' lang='lat' dir='ltr'><strong>ac</strong></span> <span class='ocrx_word' id='word_1_578' title='bbox 2650 3677 2968 3747; x_wconf 79' lang='lat' dir='ltr'><strong>pert‘ruendi</strong></span> <span class='ocrx_word' id='word_1_579' title='bbox 3003 3682 3335 3750; x_wconf 90' lang='lat' dir='ltr'><strong>voluptatem</strong></span> <span class='ocrx_word' id='word_1_580' title='bbox 3369 3683 3472 3735; x_wconf 82' lang='lat' dir='ltr'><strong>ini-</strong></span> 
     </span>
    </p>
   </div>
   <div class='ocr_carea' id='block_1_79' title="bbox 1892 3766 3473 3839">
    <p class='ocr_par' dir='ltr' id='par_1_79' title="bbox 1892 3766 3473 3839">
     <span class='ocr_line' id='line_1_79' title="bbox 1892 3766 3473 3839; baseline 0.001 -16"><span class='ocrx_word' id='word_1_581' title='bbox 1892 3768 2042 3823; x_wconf 90' lang='lat' dir='ltr'><strong>nime</strong></span> <span class='ocrx_word' id='word_1_582' title='bbox 2070 3768 2291 3823; x_wconf 72' lang='lat' dir='ltr'><strong>noxiam</strong></span> <span class='ocrx_word' id='word_1_583' title='bbox 2317 3768 2592 3831; x_wconf 85' lang='lat' dir='ltr'><strong>arbitrati,</strong></span> <span class='ocrx_word' id='word_1_584' title='bbox 2622 3766 2826 3821; x_wconf 90' lang='lat' dir='ltr'><strong>diaboli</strong></span> <span class='ocrx_word' id='word_1_585' title='bbox 2858 3766 3078 3821; x_wconf 88' lang='lat' dir='ltr'><strong>hamum</strong></span> <span class='ocrx_word' id='word_1_586' title='bbox 3103 3768 3473 3839; x_wconf 82' lang='lat' dir='ltr'><strong>deglutiamus</strong></span> 
     </span>
    </p>
   </div>
   <div class='ocr_carea' id='block_1_80' title="bbox 1892 3859 3469 3931">
    <p class='ocr_par' dir='ltr' id='par_1_80' title="bbox 1892 3859 3469 3931">
     <span class='ocr_line' id='line_1_80' title="bbox 1892 3859 3469 3931; baseline -0.001 -15"><span class='ocrx_word' id='word_1_587' title='bbox 1892 3860 1949 3916; x_wconf 91' lang='lat' dir='ltr'><strong>in</strong></span> <span class='ocrx_word' id='word_1_588' title='bbox 1998 3860 2175 3930; x_wconf 91' lang='lat' dir='ltr'><strong>primo</strong></span> <span class='ocrx_word' id='word_1_589' title='bbox 2224 3867 2389 3931; x_wconf 85' lang='lat' dir='ltr'><strong>gustu</strong></span> <span class='ocrx_word' id='word_1_590' title='bbox 2440 3859 2778 3914; x_wconf 91' lang='lat' dir='ltr'><strong>occultatum</strong></span> <span class='ocrx_word' id='word_1_591' title='bbox 2812 3876 2828 3914; x_wconf 91' lang='lat'>:</span> <span class='ocrx_word' id='word_1_592' title='bbox 2862 3859 3083 3922; x_wconf 88' lang='lat' dir='ltr'><strong>deinde,</strong></span> <span class='ocrx_word' id='word_1_593' title='bbox 3135 3875 3205 3914; x_wconf 89' lang='lat' dir='ltr'><strong>ne</strong></span> <span class='ocrx_word' id='word_1_594' title='bbox 3259 3859 3329 3914; x_wconf 89' lang='lat' dir='ltr'><strong>ab</strong></span> <span class='ocrx_word' id='word_1_595' title='bbox 3365 3859 3469 3915; x_wconf 89' lang='lat' dir='ltr'><strong>hoc</strong></span> 
     </span>
    </p>
   </div>
   <div class='ocr_carea' id='block_1_81' title="bbox 1892 3948 3469 4021">
    <p class='ocr_par' dir='ltr' id='par_1_81' title="bbox 1892 3948 3469 4021">
     <span class='ocr_line' id='line_1_81' title="bbox 1892 3948 3469 4021; baseline -0.001 -16"><span class='ocrx_word' id='word_1_596' title='bbox 1892 3952 2079 4016; x_wconf 89' lang='lat' dir='ltr'><strong>tracti,</strong></span> <span class='ocrx_word' id='word_1_597' title='bbox 2108 3949 2308 4021; x_wconf 87' lang='lat' dir='ltr'><strong>partim</strong></span> <span class='ocrx_word' id='word_1_598' title='bbox 2341 3950 2594 4017; x_wconf 88' lang='lat' dir='ltr'><strong>libentes,</strong></span> <span class='ocrx_word' id='word_1_599' title='bbox 2624 3948 2825 4019; x_wconf 90' lang='lat' dir='ltr'><strong>partim</strong></span> <span class='ocrx_word' id='word_1_600' title='bbox 2856 3948 3010 4003; x_wconf 88' lang='lat' dir='ltr'><strong>inviti</strong></span> <span class='ocrx_word' id='word_1_601' title='bbox 3041 3949 3128 4004; x_wconf 85' lang='lat' dir='ltr'><strong>his</strong></span> <span class='ocrx_word' id='word_1_602' title='bbox 3157 3949 3323 4005; x_wconf 91' lang='lat' dir='ltr'><strong>rebus</strong></span> <span class='ocrx_word' id='word_1_603' title='bbox 3346 3949 3469 4003; x_wconf 88' lang='lat' dir='ltr'><strong>alli-</strong></span> 
     </span>
    </p>
   </div>
   <div class='ocr_carea' id='block_1_82' title="bbox 1890 4038 3469 4114">
    <p class='ocr_par' dir='ltr' id='par_1_82' title="bbox 1890 4038 3469 4114">
     <span class='ocr_line' id='line_1_82' title="bbox 1890 4038 3469 4114; baseline -0.001 -17"><span class='ocrx_word' id='word_1_604' title='bbox 1890 4057 2103 4114; x_wconf 89' lang='lat' dir='ltr'><strong>gemur,</strong></span> <span class='ocrx_word' id='word_1_605' title='bbox 2134 4041 2542 4112; x_wconf 85' lang='lat' dir='ltr'><strong>inscientesque</strong></span> <span class='ocrx_word' id='word_1_606' title='bbox 2574 4055 2607 4094; x_wconf 92' lang='lat' dir='ltr'><strong>a</strong></span> <span class='ocrx_word' id='word_1_607' title='bbox 2634 4038 3009 4109; x_wconf 85' lang='lat' dir='ltr'><strong>voluptatibus</strong></span> <span class='ocrx_word' id='word_1_608' title='bbox 3038 4039 3105 4095; x_wconf 92' lang='lat' dir='ltr'><strong>ad</strong></span> <span class='ocrx_word' id='word_1_609' title='bbox 3135 4040 3469 4095; x_wconf 87' lang='lat' dir='ltr'><strong>horrendum</strong></span> 
     </span>
    </p>
   </div>
   <div class='ocr_carea' id='block_1_83' title="bbox 1891 4129 3466 4204">
    <p class='ocr_par' dir='ltr' id='par_1_83' title="bbox 1891 4129 3466 4204">
     <span class='ocr_line' id='line_1_83' title="bbox 1891 4129 3466 4204; baseline -0.003 -16"><span class='ocrx_word' id='word_1_610' title='bbox 1891 4132 2122 4189; x_wconf 87' lang='lat' dir='ltr'><strong>latronis</strong></span> <span class='ocrx_word' id='word_1_611' title='bbox 2166 4131 2467 4204; x_wconf 79' lang='lat' dir='ltr'><strong>hOSpitium</strong></span> <span class='ocrx_word' id='word_1_612' title='bbox 2502 4129 2812 4192; x_wconf 88' lang='lat' dir='ltr'><strong>trahamur,</strong></span> <span class='ocrx_word' id='word_1_613' title='bbox 2840 4129 2909 4183; x_wconf 89' lang='lat' dir='ltr'><strong>ad</strong></span> <span class='ocrx_word' id='word_1_614' title='bbox 2958 4136 3188 4184; x_wconf 88' lang='lat' dir='ltr'><strong>mortem</strong></span> <span class='ocrx_word' id='word_1_615' title='bbox 3235 4130 3466 4185; x_wconf 89' lang='lat' dir='ltr'><strong>scilicet.</strong></span> 
     </span>
    </p>
   </div>
   <div class='ocr_carea' id='block_1_84' title="bbox 1893 4221 3469 4298">
    <p class='ocr_par' dir='ltr' id='par_1_84' title="bbox 1893 4221 3469 4298">
     <span class='ocr_line' id='line_1_84' title="bbox 1893 4221 3469 4298; baseline -0.003 -17"><span class='ocrx_word' id='word_1_616' title='bbox 1893 4225 1971 4298; x_wconf 90' lang='lat'>(8)</span> <span class='ocrx_word' id='word_1_617' title='bbox 2013 4223 2151 4279; x_wconf 84' lang='lat' dir='ltr'><strong>Nam</strong></span> <span class='ocrx_word' id='word_1_618' title='bbox 2180 4225 2434 4290; x_wconf 82' lang='lat' dir='ltr'><strong>virtutes,</strong></span> <span class='ocrx_word' id='word_1_619' title='bbox 2472 4239 2597 4278; x_wconf 92' lang='lat' dir='ltr'><strong>cum</strong></span> <span class='ocrx_word' id='word_1_620' title='bbox 2629 4239 2696 4279; x_wconf 81' lang='lat' dir='ltr'><strong>ex</strong></span> <span class='ocrx_word' id='word_1_621' title='bbox 2731 4223 2914 4278; x_wconf 90' lang='lat' dir='ltr'><strong>studio</strong></span> <span class='ocrx_word' id='word_1_622' title='bbox 2946 4231 3001 4279; x_wconf 86' lang='lat' dir='ltr'><strong>et</strong></span> <span class='ocrx_word' id='word_1_623' title='bbox 3028 4221 3308 4293; x_wconf 88' lang='lat' dir='ltr'><strong>diligentia</strong></span> <span class='ocrx_word' id='word_1_624' title='bbox 3332 4239 3469 4278; x_wconf 76' lang='lat' dir='ltr'><strong>con-</strong></span> 
     </span>
    </p>
   </div>
   <div class='ocr_carea' id='block_1_85' title="bbox 1888 4315 3472 4390">
    <p class='ocr_par' dir='ltr' id='par_1_85' title="bbox 1888 4315 3472 4390">
     <span class='ocr_line' id='line_1_85' title="bbox 1888 4315 3472 4390; baseline -0.001 -17"><span class='ocrx_word' id='word_1_625' title='bbox 1888 4318 2198 4390; x_wconf 81' lang='lat' dir='ltr'><strong>junguntur</strong></span> <span class='ocrx_word' id='word_1_626' title='bbox 2223 4332 2348 4372; x_wconf 92' lang='lat' dir='ltr'><strong>cum</strong></span> <span class='ocrx_word' id='word_1_627' title='bbox 2372 4323 2590 4381; x_wconf 89' lang='lat' dir='ltr'><strong>natura,</strong></span> <span class='ocrx_word' id='word_1_628' title='bbox 2619 4323 2808 4372; x_wconf 88' lang='lat' dir='ltr'><strong>nostra</strong></span> <span class='ocrx_word' id='word_1_629' title='bbox 2835 4315 2972 4370; x_wconf 85' lang='lat' dir='ltr'><strong>ﬁunt</strong></span> <span class='ocrx_word' id='word_1_630' title='bbox 3005 4317 3313 4387; x_wconf 81' lang='lat' dir='ltr'><strong>possessio,</strong></span> <span class='ocrx_word' id='word_1_631' title='bbox 3337 4329 3472 4372; x_wconf 86' lang='lat' dir='ltr'><strong>nos-</strong></span> 
     </span>
    </p>
   </div>
   <div class='ocr_carea' id='block_1_86' title="bbox 208 4408 1789 4502">
    <p class='ocr_par' dir='ltr' id='par_1_86' title="bbox 208 4422 1789 4497">
     <span class='ocr_line' id='line_1_86' title="bbox 208 4422 1789 4497; baseline 0.003 -22"><span class='ocrx_word' id='word_1_632' title='bbox 208 4422 457 4495; x_wconf 83' lang='grc' dir='ltr'>ήμέτερα</span> <span class='ocrx_word' id='word_1_633' title='bbox 500 4426 752 4495; x_wconf 84' lang='grc' dir='ltr'>κτήματα</span> <span class='ocrx_word' id='word_1_634' title='bbox 787 4424 1018 4494; x_wconf 83' lang='grc' dir='ltr'>γίνεται,</span> <span class='ocrx_word' id='word_1_635' title='bbox 1071 4426 1164 4479; x_wconf 75' lang='grc' dir='ltr'><strong>καὶ</strong></span> <span class='ocrx_word' id='word_1_636' title='bbox 1209 4424 1332 4479; x_wconf 73' lang='grc' dir='ltr'>οὔτε</span> <span class='ocrx_word' id='word_1_637' title='bbox 1389 4426 1483 4480; x_wconf 74' lang='grc' dir='ltr'><strong>ἐπὶ</strong></span> <span class='ocrx_word' id='word_1_638' title='bbox 1531 4425 1637 4496; x_wconf 81' lang='grc' dir='ltr'>γῆς</span> <span class='ocrx_word' id='word_1_639' title='bbox 1692 4443 1789 4497; x_wconf 91' lang='grc' dir='ltr'>μο-</span> 
     </span>
    </p>
   </div>
   <div class='ocr_carea' id='block_1_87' title="bbox 1893 4408 3470 4502">
    <p class='ocr_par' dir='ltr' id='par_1_87' title="bbox 1895 4408 3470 4483">
     <span class='ocr_line' id='line_1_87' title="bbox 1895 4408 3470 4483; baseline -0.003 -16"><span class='ocrx_word' id='word_1_640' title='bbox 1895 4427 2004 4483; x_wconf 92' lang='lat' dir='ltr'><strong>que</strong></span> <span class='ocrx_word' id='word_1_641' title='bbox 2052 4425 2155 4467; x_wconf 89' lang='lat' dir='ltr'><strong>nec</strong></span> <span class='ocrx_word' id='word_1_642' title='bbox 2187 4409 2246 4464; x_wconf 92' lang='lat' dir='ltr'><strong>in</strong></span> <span class='ocrx_word' id='word_1_643' title='bbox 2284 4416 2431 4464; x_wconf 91' lang='lat' dir='ltr'><strong>terra</strong></span> <span class='ocrx_word' id='word_1_644' title='bbox 2464 4408 2779 4466; x_wconf 86' lang='lat' dir='ltr'><strong>laborantes</strong></span> <span class='ocrx_word' id='word_1_645' title='bbox 2823 4409 3077 4465; x_wconf 89' lang='lat' dir='ltr'><strong>deserere</strong></span> <span class='ocrx_word' id='word_1_646' title='bbox 3110 4410 3320 4475; x_wconf 89' lang='lat' dir='ltr'><strong>volunt,</strong></span> <span class='ocrx_word' id='word_1_647' title='bbox 3361 4408 3470 4463; x_wconf 89' lang='lat' dir='ltr'><strong>nisi</strong></span> 
     </span>
    </p>
   </div>
   <div class='ocr_carea' id='block_1_88' title="bbox 209 4512 1795 4589">
    <p class='ocr_par' dir='ltr' id='par_1_88' title="bbox 209 4512 1795 4589">
     <span class='ocr_line' id='line_1_88' title="bbox 209 4512 1795 4589; baseline 0.003 -24"><span class='ocrx_word' id='word_1_648' title='bbox 209 4512 474 4583; x_wconf 83' lang='grc' dir='ltr'>χθοῦντας</span> <span class='ocrx_word' id='word_1_649' title='bbox 506 4516 653 4586; x_wconf 77' lang='grc' dir='ltr'>ἡμᾶς</span> <span class='ocrx_word' id='word_1_650' title='bbox 683 4515 1083 4587; x_wconf 82' lang='grc' dir='ltr'>ἀπολιμπάνειν</span> <span class='ocrx_word' id='word_1_651' title='bbox 1123 4517 1395 4571; x_wconf 78' lang='grc' dir='ltr'>ἐθέλουσιν</span> <span class='ocrx_word' id='word_1_652' title='bbox 1427 4516 1515 4588; x_wconf 83' lang='grc' dir='ltr'><strong>(ἢν</strong></span> <span class='ocrx_word' id='word_1_653' title='bbox 1557 4516 1632 4589; x_wconf 84' lang='grc' dir='ltr'>μὴ</span> <span class='ocrx_word' id='word_1_654' title='bbox 1658 4516 1795 4588; x_wconf 88' lang='grc' dir='ltr'>πρὸς</span> 
     </span>
    </p>
   </div>
   <div class='ocr_carea' id='block_1_89' title="bbox 213 4605 1794 4682">
    <p class='ocr_par' dir='ltr' id='par_1_89' title="bbox 213 4605 1794 4682">
     <span class='ocr_line' id='line_1_89' title="bbox 213 4605 1794 4682; baseline 0.004 -24"><span class='ocrx_word' id='word_1_655' title='bbox 213 4605 339 4677; x_wconf 88' lang='grc' dir='ltr'>βίαν</span> <span class='ocrx_word' id='word_1_656' title='bbox 364 4606 534 4671; x_wconf 78' lang='grc' dir='ltr'>αὐτὰς</span> <span class='ocrx_word' id='word_1_657' title='bbox 556 4608 772 4671; x_wconf 80' lang='grc' dir='ltr'>ἑκόντες</span> <span class='ocrx_word' id='word_1_658' title='bbox 796 4607 1181 4681; x_wconf 75' lang='grc' dir='ltr'>ἁποδιώξωμεν</span> <span class='ocrx_word' id='word_1_659' title='bbox 1213 4611 1336 4674; x_wconf 87' lang='grc' dir='ltr'>ταῖς</span> <span class='ocrx_word' id='word_1_660' title='bbox 1365 4611 1479 4665; x_wconf 91' lang='grc' dir='ltr'><strong>τῶν</strong></span> <span class='ocrx_word' id='word_1_661' title='bbox 1534 4610 1794 4682; x_wconf 81' lang='grc' dir='ltr'>χειρόνων</span> 
     </span>
    </p>
   </div>
   <div class='ocr_carea' id='block_1_90' title="bbox 212 4696 1790 4770">
    <p class='ocr_par' dir='ltr' id='par_1_90' title="bbox 212 4696 1790 4770">
     <span class='ocr_line' id='line_1_90' title="bbox 212 4696 1790 4770; baseline 0.001 -23"><span class='ocrx_word' id='word_1_662' title='bbox 212 4696 600 4768; x_wconf 72' lang='grc' dir='ltr'>ἐπαγωγαῖς),</span> <span class='ocrx_word' id='word_1_663' title='bbox 652 4696 832 4751; x_wconf 78' lang='grc' dir='ltr'>ἐκεϊσέ</span> <span class='ocrx_word' id='word_1_664' title='bbox 874 4715 933 4750; x_wconf 86' lang='grc' dir='ltr'><strong>τε</strong></span> <span class='ocrx_word' id='word_1_665' title='bbox 986 4697 1358 4768; x_wconf 79' lang='grc' dir='ltr'>ἐπειγομένων</span> <span class='ocrx_word' id='word_1_666' title='bbox 1404 4696 1790 4770; x_wconf 73' lang='grc' dir='ltr'>προτρέχουσι,</span> 
     </span>
    </p>
   </div>
   <div class='ocr_carea' id='block_1_91' title="bbox 212 4785 1790 4860">
    <p class='ocr_par' dir='ltr' id='par_1_91' title="bbox 212 4785 1790 4860">
     <span class='ocr_line' id='line_1_91' title="bbox 212 4785 1790 4860; baseline 0.001 -21"><span class='ocrx_word' id='word_1_667' title='bbox 212 4785 311 4839; x_wconf 76' lang='grc' dir='ltr'><strong>καὶ</strong></span> <span class='ocrx_word' id='word_1_668' title='bbox 366 4788 480 4849; x_wconf 80' lang='grc' dir='ltr'>τοῖς</span> <span class='ocrx_word' id='word_1_669' title='bbox 525 4786 780 4856; x_wconf 84' lang='grc' dir='ltr'>ἀγγέλοις</span> <span class='ocrx_word' id='word_1_670' title='bbox 832 4788 961 4851; x_wconf 80' lang='grc' dir='ltr'>τοὺς</span> <span class='ocrx_word' id='word_1_671' title='bbox 1003 4788 1385 4860; x_wconf 86' lang='grc' dir='ltr'>κτησαμένους</span> <span class='ocrx_word' id='word_1_672' title='bbox 1439 4787 1790 4854; x_wconf 86' lang='grc' dir='ltr'>συνάπτουσι,</span> 
     </span>
    </p>
   </div>
   <div class='ocr_carea' id='block_1_92' title="bbox 211 4875 1795 4947">
    <p class='ocr_par' dir='ltr' id='par_1_92' title="bbox 211 4875 1795 4947">
     <span class='ocr_line' id='line_1_92' title="bbox 211 4875 1795 4947; baseline 0.001 -17"><span class='ocrx_word' id='word_1_673' title='bbox 211 4876 310 4930; x_wconf 79' lang='grc' dir='ltr'><strong>καὶ</strong></span> <span class='ocrx_word' id='word_1_674' title='bbox 359 4875 634 4947; x_wconf 87' lang='grc' dir='ltr'>λάμπουσι</span> <span class='ocrx_word' id='word_1_675' title='bbox 681 4877 748 4930; x_wconf 81' lang='grc' dir='ltr'>δι’</span> <span class='ocrx_word' id='word_1_676' title='bbox 787 4876 984 4941; x_wconf 77' lang='grc' dir='ltr'>αἰῶνος</span> <span class='ocrx_word' id='word_1_677' title='bbox 1038 4877 1142 4931; x_wconf 84' lang='grc' dir='ltr'><strong>ὑπὸ</strong></span> <span class='ocrx_word' id='word_1_678' title='bbox 1196 4878 1310 4941; x_wconf 78' lang='grc' dir='ltr'>τοῖς</span> <span class='ocrx_word' id='word_1_679' title='bbox 1356 4875 1453 4930; x_wconf 84' lang='grc' dir='ltr'>τοῦ</span> <span class='ocrx_word' id='word_1_680' title='bbox 1510 4875 1795 4941; x_wconf 87' lang='grc' dir='ltr'>κτίσαντος</span> 
     </span>
    </p>
   </div>
   <div class='ocr_carea' id='block_1_93' title="bbox 209 4966 1792 5040">
    <p class='ocr_par' dir='ltr' id='par_1_93' title="bbox 209 4966 1792 5040">
     <span class='ocr_line' id='line_1_93' title="bbox 209 4966 1792 5040; baseline 0.001 -20"><span class='ocrx_word' id='word_1_681' title='bbox 209 4967 528 5040; x_wconf 74' lang='grc' dir='ltr'>ὀφθαλμοῖς.</span> <span class='ocrx_word' id='word_1_682' title='bbox 554 4967 791 5032; x_wconf 80' lang='grc' dir='ltr'>Πλοῦτος</span> <span class='ocrx_word' id='word_1_683' title='bbox 831 4968 909 5035; x_wconf 85' lang='grc' dir='ltr'>δὲ,</span> <span class='ocrx_word' id='word_1_684' title='bbox 943 4967 1038 5023; x_wconf 69' lang='grc' dir='ltr'><strong>καὶ</strong></span> <span class='ocrx_word' id='word_1_685' title='bbox 1078 4967 1383 5034; x_wconf 85' lang='grc' dir='ltr'>δυναστεία,</span> <span class='ocrx_word' id='word_1_686' title='bbox 1420 4967 1516 5021; x_wconf 80' lang='grc' dir='ltr'><strong>καὶ</strong></span> <span class='ocrx_word' id='word_1_687' title='bbox 1553 4966 1792 5038; x_wconf 84' lang='grc' dir='ltr'>περιφά-</span> 
     </span>
    </p>
   </div>
   <div class='ocr_carea' id='block_1_94' title="bbox 211 5058 1791 5133">
    <p class='ocr_par' dir='ltr' id='par_1_94' title="bbox 211 5058 1791 5133">
     <span class='ocr_line' id='line_1_94' title="bbox 211 5058 1791 5133; baseline -0.001 -19"><span class='ocrx_word' id='word_1_688' title='bbox 211 5077 354 5129; x_wconf 85' lang='grc' dir='ltr'>νεια,</span> <span class='ocrx_word' id='word_1_689' title='bbox 391 5061 484 5115; x_wconf 80' lang='grc' dir='ltr'>καὶ</span> <span class='ocrx_word' id='word_1_690' title='bbox 510 5060 714 5133; x_wconf 82' lang='grc' dir='ltr'>τρυφὴ,</span> <span class='ocrx_word' id='word_1_691' title='bbox 759 5063 857 5117; x_wconf 76' lang='grc' dir='ltr'><strong>καὶ</strong></span> <span class='ocrx_word' id='word_1_692' title='bbox 909 5062 1021 5126; x_wconf 77' lang='grc' dir='ltr'>πᾶς</span> <span class='ocrx_word' id='word_1_693' title='bbox 1063 5063 1093 5116; x_wconf 92' lang='lat'><strong>6</strong></span> <span class='ocrx_word' id='word_1_694' title='bbox 1135 5059 1376 5126; x_wconf 81' lang='grc' dir='ltr'>τοιοῦτος</span> <span class='ocrx_word' id='word_1_695' title='bbox 1407 5059 1583 5132; x_wconf 79' lang='grc' dir='ltr'>ὄχλος,</span> <span class='ocrx_word' id='word_1_696' title='bbox 1614 5061 1643 5115; x_wconf 89' lang='grc' dir='ltr'>ὁ</span> <span class='ocrx_word' id='word_1_697' title='bbox 1667 5058 1791 5114; x_wconf 89' lang='grc' dir='ltr'>καθ’</span> 
     </span>
    </p>
   </div>
   <div class='ocr_carea' id='block_1_95' title="bbox 1896 4498 3472 4574">
    <p class='ocr_par' dir='ltr' id='par_1_95' title="bbox 1896 4498 3472 4574">
     <span class='ocr_line' id='line_1_95' title="bbox 1896 4498 3472 4574; baseline -0.006 -14"><span class='ocrx_word' id='word_1_698' title='bbox 1896 4518 1991 4560; x_wconf 89' lang='lat' dir='ltr'><strong>eas</strong></span> <span class='ocrx_word' id='word_1_699' title='bbox 2014 4518 2111 4574; x_wconf 89' lang='lat' dir='ltr'><strong>per</strong></span> <span class='ocrx_word' id='word_1_700' title='bbox 2129 4502 2241 4557; x_wconf 87' lang='lat' dir='ltr'><strong>vim</strong></span> <span class='ocrx_word' id='word_1_701' title='bbox 2283 4502 2428 4557; x_wconf 87' lang='lat' dir='ltr'><strong>ultro</strong></span> <span class='ocrx_word' id='word_1_702' title='bbox 2458 4498 2829 4572; x_wconf 77' lang='lat' dir='ltr'><strong>fugaverimus</strong></span> <span class='ocrx_word' id='word_1_703' title='bbox 2857 4499 3006 4554; x_wconf 90' lang='lat' dir='ltr'><strong>vitiis</strong></span> <span class='ocrx_word' id='word_1_704' title='bbox 3038 4498 3386 4563; x_wconf 85' lang='lat' dir='ltr'><strong>introductis,</strong></span> <span class='ocrx_word' id='word_1_705' title='bbox 3415 4504 3472 4552; x_wconf 87' lang='lat' dir='ltr'><strong>et</strong></span> 
     </span>
    </p>
   </div>
   <div class='ocr_carea' id='block_1_96' title="bbox 1892 4576 3472 4660">
    <p class='ocr_par' dir='ltr' id='par_1_96' title="bbox 1892 4576 3472 4660">
     <span class='ocr_line' id='line_1_96' title="bbox 1892 4576 3472 4660; baseline -0.006 -11"><span class='ocrx_word' id='word_1_706' title='bbox 1892 4594 1963 4649; x_wconf 89' lang='lat' dir='ltr'><strong>ad</strong></span> <span class='ocrx_word' id='word_1_707' title='bbox 2000 4592 2241 4648; x_wconf 78' lang='lat' dir='ltr'><strong>futuram</strong></span> <span class='ocrx_word' id='word_1_708' title='bbox 2279 4592 2449 4647; x_wconf 89' lang='lat' dir='ltr'><strong>vitam</strong></span> <span class='ocrx_word' id='word_1_709' title='bbox 2483 4590 2806 4647; x_wconf 78' lang='lat' dir='ltr'><strong>festinantes</strong></span> <span class='ocrx_word' id='word_1_710' title='bbox 2834 4576 3200 4660; x_wconf 63' lang='lat' dir='ltr'><strong>praecurrunt,</strong></span> <span class='ocrx_word' id='word_1_711' title='bbox 3225 4596 3279 4641; x_wconf 90' lang='lat' dir='ltr'><strong>et</strong></span> <span class='ocrx_word' id='word_1_712' title='bbox 3304 4585 3472 4640; x_wconf 91' lang='lat' dir='ltr'><strong>collo-</strong></span> 
     </span>
    </p>
   </div>
   <div class='ocr_carea' id='block_1_97' title="bbox 1892 4678 3473 4756">
    <p class='ocr_par' dir='ltr' id='par_1_97' title="bbox 1892 4678 3473 4756">
     <span class='ocr_line' id='line_1_97' title="bbox 1892 4678 3473 4756; baseline -0.008 -13"><span class='ocrx_word' id='word_1_713' title='bbox 1892 4694 2020 4743; x_wconf 89' lang='lat' dir='ltr'><strong>cant</strong></span> <span class='ocrx_word' id='word_1_714' title='bbox 2048 4688 2195 4741; x_wconf 89' lang='lat' dir='ltr'><strong>inter</strong></span> <span class='ocrx_word' id='word_1_715' title='bbox 2225 4684 2451 4756; x_wconf 87' lang='lat' dir='ltr'><strong>angelos</strong></span> <span class='ocrx_word' id='word_1_716' title='bbox 2479 4699 2639 4740; x_wconf 88' lang='lat' dir='ltr'><strong>suum</strong></span> <span class='ocrx_word' id='word_1_717' title='bbox 2670 4696 3072 4755; x_wconf 86' lang='lat' dir='ltr'><strong>possessorem,</strong></span> <span class='ocrx_word' id='word_1_718' title='bbox 3106 4691 3163 4734; x_wconf 83' lang='lat' dir='ltr'><strong>et</strong></span> <span class='ocrx_word' id='word_1_719' title='bbox 3205 4678 3308 4733; x_wconf 91' lang='lat' dir='ltr'><strong>sub</strong></span> <span class='ocrx_word' id='word_1_720' title='bbox 3336 4692 3473 4733; x_wconf 82' lang='lat' dir='ltr'><strong>con-</strong></span> 
     </span>
    </p>
   </div>
   <div class='ocr_carea' id='block_1_98' title="bbox 1893 4771 3577 4845">
    <p class='ocr_par' dir='ltr' id='par_1_98' title="bbox 1893 4771 3577 4845">
     <span class='ocr_line' id='line_1_98' title="bbox 1893 4771 3577 4845; baseline -0.007 -11"><span class='ocrx_word' id='word_1_721' title='bbox 1893 4778 2089 4834; x_wconf 88' lang='lat' dir='ltr'><strong>ditoris</strong></span> <span class='ocrx_word' id='word_1_722' title='bbox 2130 4777 2308 4834; x_wconf 87' lang='lat' dir='ltr'><strong>oculis</strong></span> <span class='ocrx_word' id='word_1_723' title='bbox 2362 4784 2629 4832; x_wconf 81' lang='lat' dir='ltr'><strong>aeternum</strong></span> <span class='ocrx_word' id='word_1_724' title='bbox 2676 4774 2905 4845; x_wconf 80' lang='lat' dir='ltr'><strong>fulgent.</strong></span> <span class='ocrx_word' id='word_1_725' title='bbox 2955 4771 3170 4829; x_wconf 71' lang='lat' dir='ltr'><strong>Divitiae</strong></span> <span class='ocrx_word' id='word_1_726' title='bbox 3216 4785 3368 4834; x_wconf 89' lang='lat' dir='ltr'><strong>vero,</strong></span> <span class='ocrx_word' id='word_1_727' title='bbox 3417 4777 3474 4824; x_wconf 85' lang='lat' dir='ltr'><strong>et</strong></span> <span class='ocrx_word' id='word_1_728' title='bbox 3572 4842 3577 4843; x_wconf 14' lang='grc' dir='ltr'><strong>γ</strong></span> 
     </span>
    </p>
   </div>
   <div class='ocr_carea' id='block_1_99' title="bbox 1895 4863 3470 4943">
    <p class='ocr_par' dir='ltr' id='par_1_99' title="bbox 1895 4863 3470 4943">
     <span class='ocr_line' id='line_1_99' title="bbox 1895 4863 3470 4943; baseline -0.003 -20"><span class='ocrx_word' id='word_1_729' title='bbox 1895 4876 2237 4943; x_wconf 87' lang='lat' dir='ltr'><strong>potentatus,</strong></span> <span class='ocrx_word' id='word_1_730' title='bbox 2265 4875 2322 4924; x_wconf 87' lang='lat' dir='ltr'><strong>et</strong></span> <span class='ocrx_word' id='word_1_731' title='bbox 2351 4868 2644 4931; x_wconf 88' lang='lat' dir='ltr'><strong>claritudo,</strong></span> <span class='ocrx_word' id='word_1_732' title='bbox 2683 4876 2740 4923; x_wconf 90' lang='lat' dir='ltr'><strong>et</strong></span> <span class='ocrx_word' id='word_1_733' title='bbox 2770 4866 3000 4930; x_wconf 81' lang='lat' dir='ltr'><strong>deliciae,</strong></span> <span class='ocrx_word' id='word_1_734' title='bbox 3022 4873 3077 4920; x_wconf 86' lang='lat' dir='ltr'><strong>et</strong></span> <span class='ocrx_word' id='word_1_735' title='bbox 3107 4863 3288 4918; x_wconf 77' lang='lat' dir='ltr'><strong>omnis</strong></span> <span class='ocrx_word' id='word_1_736' title='bbox 3320 4863 3470 4931; x_wconf 84' lang='lat' dir='ltr'><strong>ejus-</strong></span> 
     </span>
    </p>
   </div>
   <div class='ocr_carea' id='block_1_100' title="bbox 1897 4956 3475 5033">
    <p class='ocr_par' dir='ltr' id='par_1_100' title="bbox 1897 4956 3475 5033">
     <span class='ocr_line' id='line_1_100' title="bbox 1897 4956 3475 5033; baseline -0.007 -14"><span class='ocrx_word' id='word_1_737' title='bbox 1897 4963 2048 5019; x_wconf 86' lang='lat' dir='ltr'><strong>modi</strong></span> <span class='ocrx_word' id='word_1_738' title='bbox 2074 4964 2235 5019; x_wconf 88' lang='lat' dir='ltr'><strong>turba</strong></span> <span class='ocrx_word' id='word_1_739' title='bbox 2267 4962 2511 5033; x_wconf 91' lang='lat' dir='ltr'><strong>quotidie</strong></span> <span class='ocrx_word' id='word_1_740' title='bbox 2539 4977 2636 5033; x_wconf 91' lang='lat' dir='ltr'><strong>per</strong></span> <span class='ocrx_word' id='word_1_741' title='bbox 2672 4968 2919 5015; x_wconf 88' lang='lat' dir='ltr'><strong>nostram</strong></span> <span class='ocrx_word' id='word_1_742' title='bbox 2963 4956 3330 5028; x_wconf 86' lang='lat' dir='ltr'><strong>insipientiam</strong></span> <span class='ocrx_word' id='word_1_743' title='bbox 3374 4970 3475 5009; x_wconf 89' lang='lat' dir='ltr'><strong>au-</strong></span> 
     </span>
    </p>
   </div>
   <div class='ocr_carea' id='block_1_101' title="bbox 1896 5049 3474 5133">
    <p class='ocr_par' dir='ltr' id='par_1_101' title="bbox 1896 5049 3474 5133">
     <span class='ocr_line' id='line_1_101' title="bbox 1896 5049 3474 5133; baseline -0.008 -18"><span class='ocrx_word' id='word_1_744' title='bbox 1896 5073 2150 5133; x_wconf 80' lang='lat' dir='ltr'><strong>gescens,</strong></span> <span class='ocrx_word' id='word_1_745' title='bbox 2179 5072 2357 5127; x_wconf 86' lang='lat' dir='ltr'><strong>neque</strong></span> <span class='ocrx_word' id='word_1_746' title='bbox 2387 5055 2632 5110; x_wconf 87' lang='lat' dir='ltr'><strong>introivit</strong></span> <span class='ocrx_word' id='word_1_747' title='bbox 2660 5052 2947 5108; x_wconf 90' lang='lat' dir='ltr'><strong>nobiscum</strong></span> <span class='ocrx_word' id='word_1_748' title='bbox 2983 5049 3040 5105; x_wconf 90' lang='lat' dir='ltr'><strong>in</strong></span> <span class='ocrx_word' id='word_1_749' title='bbox 3075 5049 3262 5117; x_wconf 86' lang='lat' dir='ltr'><strong>vitam,</strong></span> <span class='ocrx_word' id='word_1_750' title='bbox 3296 5062 3474 5118; x_wconf 90' lang='lat' dir='ltr'><strong>neque</strong></span> 
     </span>
    </p>
   </div>
   <div class='ocr_carea' id='block_1_102' title="bbox 325 5207 1789 5289">
    <p class='ocr_par' dir='ltr' id='par_1_102' title="bbox 325 5213 1784 5289">
     <span class='ocr_line' id='line_1_102' title="bbox 325 5213 1784 5289; baseline -0.002 -17"><span class='ocrx_word' id='word_1_751' title='bbox 325 5215 474 5272; x_wconf 85' lang='lat' dir='ltr'><strong>Psal.</strong></span> <span class='ocrx_word' id='word_1_752' title='bbox 506 5232 620 5283; x_wconf 79' lang='lat' dir='ltr'><strong>LXI,</strong></span> <span class='ocrx_word' id='word_1_753' title='bbox 657 5217 747 5272; x_wconf 81' lang='grc'><strong>11.</strong></span> <span class='ocrx_word' id='word_1_754' title='bbox 819 5218 843 5250; x_wconf 86' lang='grc'><strong><em>⁵</em></strong></span> <span class='ocrx_word' id='word_1_755' title='bbox 865 5215 1106 5289; x_wconf 89' lang='lat' dir='ltr'><strong>Philipp.</strong></span> <span class='ocrx_word' id='word_1_756' title='bbox 1137 5231 1223 5282; x_wconf 83' lang='grc' dir='ltr'>ιιι,</span> <span class='ocrx_word' id='word_1_757' title='bbox 1256 5216 1351 5272; x_wconf 74' lang='grc'><strong>20.</strong></span> <span class='ocrx_word' id='word_1_758' title='bbox 1423 5214 1447 5248; x_wconf 79' lang='grc'>⁸</span> <span class='ocrx_word' id='word_1_759' title='bbox 1467 5213 1647 5272; x_wconf 89' lang='lat' dir='ltr'><strong>Eccle.</strong></span> <span class='ocrx_word' id='word_1_760' title='bbox 1676 5230 1715 5281; x_wconf 83' lang='grc' dir='ltr'><strong>ι,</strong></span> <span class='ocrx_word' id='word_1_761' title='bbox 1747 5214 1784 5269; x_wconf 77' lang='lat'><strong>2</strong></span> 
     </span>
    </p>
   </div>
   <div class='ocr_carea' id='block_1_103' title="bbox 1893 5207 2768 5289">
    <p class='ocr_par' dir='ltr' id='par_1_103' title="bbox 1893 5207 2768 5278">
     <span class='ocr_line' id='line_1_103' title="bbox 1893 5207 2768 5278; baseline -0.007 -9"><span class='ocrx_word' id='word_1_762' title='bbox 1893 5215 1898 5231; x_wconf 88' lang='lat'><strong><em>&#39;</em></strong></span> <span class='ocrx_word' id='word_1_763' title='bbox 1923 5212 2098 5269; x_wconf 87' lang='lat' dir='ltr'><strong>Eccli.</strong></span> <span class='ocrx_word' id='word_1_764' title='bbox 2129 5227 2246 5278; x_wconf 79' lang='lat' dir='ltr'><strong>xxi,</strong></span> <span class='ocrx_word' id='word_1_765' title='bbox 2276 5212 2332 5265; x_wconf 73' lang='lat'><strong>2.</strong></span> <span class='ocrx_word' id='word_1_766' title='bbox 2408 5210 2430 5243; x_wconf 83' lang='grc'><strong><em>⁸</em></strong></span> <span class='ocrx_word' id='word_1_767' title='bbox 2453 5213 2562 5266; x_wconf 88' lang='lat' dir='ltr'><strong>lsa.</strong></span> <span class='ocrx_word' id='word_1_768' title='bbox 2592 5223 2682 5274; x_wconf 73' lang='grc' dir='ltr'>ιι,</span> <span class='ocrx_word' id='word_1_769' title='bbox 2713 5207 2768 5263; x_wconf 90' lang='grc'><strong>6.</strong></span> 
     </span>
    </p>
   </div>
   <div class='ocr_carea' id='block_1_104' title="bbox 286 5369 1795 5440">
    <p class='ocr_par' dir='ltr' id='par_1_104' title="bbox 286 5369 1795 5440">
     <span class='ocr_line' id='line_1_104' title="bbox 286 5369 1795 5440; baseline 0 -16"><span class='ocrx_word' id='word_1_770' title='bbox 286 5371 628 5440; x_wconf 78' lang='grc' dir='ltr'><strong>(1)Πᾶσαν.</strong></span> <span class='ocrx_word' id='word_1_771' title='bbox 684 5370 838 5426; x_wconf 85' lang='lat' dir='ltr'><strong>Hanc</strong></span> <span class='ocrx_word' id='word_1_772' title='bbox 867 5386 1058 5428; x_wconf 91' lang='lat' dir='ltr'><strong>vocem</strong></span> <span class='ocrx_word' id='word_1_773' title='bbox 1105 5369 1286 5424; x_wconf 90' lang='lat' dir='ltr'><strong>addidi</strong></span> <span class='ocrx_word' id='word_1_774' title='bbox 1337 5386 1403 5426; x_wconf 79' lang='lat' dir='ltr'><strong>ex</strong></span> <span class='ocrx_word' id='word_1_775' title='bbox 1440 5377 1697 5426; x_wconf 81' lang='lat' dir='ltr'><strong>contextu</strong></span> <span class='ocrx_word' id='word_1_776' title='bbox 1740 5377 1795 5426; x_wconf 88' lang='lat' dir='ltr'><strong>et</strong></span> 
     </span>
    </p>
   </div>
   <div class='ocr_carea' id='block_1_105' title="bbox 213 5440 1797 5512">
    <p class='ocr_par' dir='ltr' id='par_1_105' title="bbox 213 5440 1797 5512">
     <span class='ocr_line' id='line_1_105' title="bbox 213 5440 1797 5512; baseline -0.002 -15"><span class='ocrx_word' id='word_1_777' title='bbox 213 5441 412 5512; x_wconf 87' lang='lat' dir='ltr'><strong>codice</strong></span> <span class='ocrx_word' id='word_1_778' title='bbox 444 5441 615 5512; x_wconf 54' lang='lat' dir='ltr'><strong>Regio</strong></span> <span class='ocrx_word' id='word_1_779' title='bbox 660 5440 821 5504; x_wconf 71' lang='lat'><strong>1992,</strong></span> <span class='ocrx_word' id='word_1_780' title='bbox 870 5457 981 5512; x_wconf 94' lang='lat' dir='ltr'><strong>quo</strong></span> <span class='ocrx_word' id='word_1_781' title='bbox 1012 5441 1313 5511; x_wconf 60' lang='lat' dir='ltr'><strong>saepissime</strong></span> <span class='ocrx_word' id='word_1_782' title='bbox 1357 5452 1594 5512; x_wconf 84' lang='lat' dir='ltr'><strong>utemur.</strong></span> <span class='ocrx_word' id='word_1_783' title='bbox 1643 5440 1797 5495; x_wconf 88' lang='lat' dir='ltr'><strong>Alter</strong></span> 
     </span>
    </p>
   </div>
   <div class='ocr_carea' id='block_1_106' title="bbox 210 5510 1513 5580">
    <p class='ocr_par' dir='ltr' id='par_1_106' title="bbox 210 5510 1513 5580">
     <span class='ocr_line' id='line_1_106' title="bbox 210 5510 1513 5580; baseline -0.004 -11"><span class='ocrx_word' id='word_1_784' title='bbox 210 5511 387 5576; x_wconf 82' lang='lat' dir='ltr'><strong>enim,</strong></span> <span class='ocrx_word' id='word_1_785' title='bbox 424 5510 633 5579; x_wconf 54' lang='lat' dir='ltr'><strong>qui&#39;est</strong></span> <span class='ocrx_word' id='word_1_786' title='bbox 673 5512 830 5574; x_wconf 82' lang='lat' dir='ltr'><strong>l9l0,</strong></span> <span class='ocrx_word' id='word_1_787' title='bbox 872 5510 979 5566; x_wconf 81' lang='lat' dir='ltr'><strong>non</strong></span> <span class='ocrx_word' id='word_1_788' title='bbox 1009 5510 1208 5580; x_wconf 80' lang='lat' dir='ltr'><strong>magno</strong></span> <span class='ocrx_word' id='word_1_789' title='bbox 1234 5512 1360 5566; x_wconf 89' lang='lat' dir='ltr'><strong>usui</strong></span> <span class='ocrx_word' id='word_1_790' title='bbox 1393 5510 1513 5565; x_wconf 81' lang='lat' dir='ltr'><strong>fuit.</strong></span> 
     </span>
    </p>
   </div>
   <div class='ocr_carea' id='block_1_107' title="bbox 292 5577 1797 5652">
    <p class='ocr_par' dir='ltr' id='par_1_107' title="bbox 292 5577 1797 5652">
     <span class='ocr_line' id='line_1_107' title="bbox 292 5577 1797 5652; baseline -0.001 -16"><span class='ocrx_word' id='word_1_791' title='bbox 292 5582 369 5652; x_wconf 76' lang='lat'>(2)</span> <span class='ocrx_word' id='word_1_792' title='bbox 402 5577 800 5652; x_wconf 84' lang='grc' dir='ltr'>Προτείνοιτο.</span> <span class='ocrx_word' id='word_1_793' title='bbox 822 5582 900 5636; x_wconf 89' lang='lat' dir='ltr'><strong>lta</strong></span> <span class='ocrx_word' id='word_1_794' title='bbox 927 5582 1052 5637; x_wconf 93' lang='lat' dir='ltr'><strong>cod.</strong></span> <span class='ocrx_word' id='word_1_795' title='bbox 1074 5577 1210 5652; x_wconf 68' lang='lat' dir='ltr'><strong>Heg.</strong></span> <span class='ocrx_word' id='word_1_796' title='bbox 1234 5590 1290 5638; x_wconf 77' lang='lat' dir='ltr'><strong>et:</strong></span> <span class='ocrx_word' id='word_1_797' title='bbox 1316 5587 1624 5637; x_wconf 84' lang='lat' dir='ltr'><strong>contextus.</strong></span> <span class='ocrx_word' id='word_1_798' title='bbox 1651 5577 1797 5634; x_wconf 83' lang='lat' dir='ltr'><strong>Editi</strong></span> 
     </span>
    </p>
   </div>
   <div class='ocr_carea' id='block_1_108' title="bbox 214 5647 1293 5724">
    <p class='ocr_par' dir='ltr' id='par_1_108' title="bbox 214 5647 1293 5724">
     <span class='ocr_line' id='line_1_108' title="bbox 214 5647 1293 5724; baseline -0.001 -18"><span class='ocrx_word' id='word_1_799' title='bbox 214 5647 529 5724; x_wconf 34' lang='grc' dir='ltr'>προτείνοιχ</span> <span class='ocrx_word' id='word_1_800' title='bbox 771 5721 795 5724; x_wconf 15' lang='grc' dir='ltr'><strong>ΑΔ</strong></span> <span class='ocrx_word' id='word_1_801' title='bbox 907 5721 943 5724; x_wconf 40' lang='grc' dir='ltr'>μ</span> <span class='ocrx_word' id='word_1_802' title='bbox 1062 5721 1071 5724; x_wconf 88' lang='lat'>_</span> <span class='ocrx_word' id='word_1_803' title='bbox 1163 5647 1293 5724; x_wconf 24' lang='lat' dir='ltr'><strong>in,</strong></span> 
     </span>
    </p>
   </div>
   <div class='ocr_carea' id='block_1_109' title="bbox 291 5719 1794 5792">
    <p class='ocr_par' dir='ltr' id='par_1_109' title="bbox 291 5719 1794 5792">
     <span class='ocr_line' id='line_1_109' title="bbox 291 5719 1794 5792; baseline -0.003 -14"><span class='ocrx_word' id='word_1_804' title='bbox 291 5721 371 5792; x_wconf 72' lang='lat'>(3)</span> <span class='ocrx_word' id='word_1_805' title='bbox 408 5723 476 5775; x_wconf 83' lang='lat' dir='ltr'><strong>Et</strong></span> <span class='ocrx_word' id='word_1_806' title='bbox 502 5721 870 5777; x_wconf 81' lang='grc' dir='ltr'>δυναστεῖαι.</span> <span class='ocrx_word' id='word_1_807' title='bbox 907 5721 1110 5777; x_wconf 73' lang='lat' dir='ltr'><strong>Vocula</strong></span> <span class='ocrx_word' id='word_1_808' title='bbox 1142 5719 1325 5776; x_wconf 89' lang='lat' dir='ltr'><strong>addita</strong></span> <span class='ocrx_word' id='word_1_809' title='bbox 1356 5736 1423 5792; x_wconf 81' lang='lat' dir='ltr'><strong>ex</strong></span> <span class='ocrx_word' id='word_1_810' title='bbox 1450 5727 1715 5792; x_wconf 70' lang='lat' dir='ltr'><strong>contextu</strong></span> <span class='ocrx_word' id='word_1_811' title='bbox 1739 5727 1794 5792; x_wconf 80' lang='lat' dir='ltr'><strong>et</strong></span> 
     </span>
    </p>
   </div>
   <div class='ocr_carea' id='block_1_110' title="bbox 216 5788 1792 5863">
    <p class='ocr_par' dir='ltr' id='par_1_110' title="bbox 216 5788 1792 5863">
     <span class='ocr_line' id='line_1_110' title="bbox 216 5788 1792 5863; baseline -0.003 -16"><span class='ocrx_word' id='word_1_812' title='bbox 216 5788 458 5863; x_wconf 79' lang='lat' dir='ltr'><strong>utroque</strong></span> <span class='ocrx_word' id='word_1_813' title='bbox 502 5794 707 5849; x_wconf 89' lang='lat' dir='ltr'><strong>codice.</strong></span> <span class='ocrx_word' id='word_1_814' title='bbox 745 5794 870 5851; x_wconf 80' lang='lat' dir='ltr'><strong>Mox</strong></span> <span class='ocrx_word' id='word_1_815' title='bbox 914 5799 1199 5849; x_wconf 81' lang='lat' dir='ltr'><strong>contextus</strong></span> <span class='ocrx_word' id='word_1_816' title='bbox 1243 5793 1323 5857; x_wconf 86' lang='grc' dir='ltr'><strong>είς</strong></span> <span class='ocrx_word' id='word_1_817' title='bbox 1359 5788 1598 5845; x_wconf 80' lang='grc' dir='ltr'>δουλείαν</span> <span class='ocrx_word' id='word_1_818' title='bbox 1631 5789 1792 5844; x_wconf 80' lang='grc' dir='ltr'>ἐκού-</span> 
     </span>
    </p>
   </div>
   <div class='ocr_carea' id='block_1_111' title="bbox 1903 5362 2971 5431">
    <p class='ocr_par' dir='ltr' id='par_1_111' title="bbox 1903 5362 2971 5431">
     <span class='ocr_line' id='line_1_111' title="bbox 1903 5362 2971 5431; baseline -0.007 -8"><span class='ocrx_word' id='word_1_819' title='bbox 1903 5385 2038 5429; x_wconf 86' lang='grc' dir='ltr'>σιον,</span> <span class='ocrx_word' id='word_1_820' title='bbox 2062 5367 2304 5423; x_wconf 81' lang='lat' dir='ltr'><strong>servituti</strong></span> <span class='ocrx_word' id='word_1_821' title='bbox 2331 5364 2644 5421; x_wconf 79' lang='lat' dir='ltr'><strong>voluntaria:</strong></span> <span class='ocrx_word' id='word_1_822' title='bbox 2669 5362 2971 5431; x_wconf 85' lang='lat' dir='ltr'><strong>subjiciens.</strong></span> 
     </span>
    </p>
   </div>
   <div class='ocr_carea' id='block_1_112' title="bbox 1979 5428 3471 5510">
    <p class='ocr_par' dir='ltr' id='par_1_112' title="bbox 1979 5428 3471 5510">
     <span class='ocr_line' id='line_1_112' title="bbox 1979 5428 3471 5510; baseline -0.008 -17"><span class='ocrx_word' id='word_1_823' title='bbox 1979 5428 2450 5510; x_wconf 51' lang='lat' dir='ltr'><strong>(4)1note._Minus_</strong></span> <span class='ocrx_word' id='word_1_824' title='bbox 2458 5445 2603 5510; x_wconf 75' lang='lat' dir='ltr'><strong>recte</strong></span> <span class='ocrx_word' id='word_1_825' title='bbox 2617 5428 2949 5489; x_wconf 83' lang='lat' dir='ltr'><strong>recentiores</strong></span> <span class='ocrx_word' id='word_1_826' title='bbox 2966 5430 3232 5510; x_wconf 72' lang='lat' dir='ltr'><strong>editiones</strong></span> <span class='ocrx_word' id='word_1_827' title='bbox 3257 5428 3310 5482; x_wconf 84' lang='grc' dir='ltr'>εἰ</span> <span class='ocrx_word' id='word_1_828' title='bbox 3322 5445 3471 5483; x_wconf 84' lang='grc' dir='ltr'>ποτε.</span> 
     </span>
    </p>
   </div>
   <div class='ocr_carea' id='block_1_113' title="bbox 1973 5500 3306 5581">
    <p class='ocr_par' dir='ltr' id='par_1_113' title="bbox 1973 5500 3306 5581">
     <span class='ocr_line' id='line_1_113' title="bbox 1973 5500 3306 5581; baseline -0.008 -17"><span class='ocrx_word' id='word_1_829' title='bbox 1973 5500 2393 5581; x_wconf 53' lang='grc' dir='ltr'>(ὅδ’έιαϐόλου.</span> <span class='ocrx_word' id='word_1_830' title='bbox 2432 5505 2608 5581; x_wconf 82' lang='lat' dir='ltr'><strong>Minus</strong></span> <span class='ocrx_word' id='word_1_831' title='bbox 2638 5511 2782 5581; x_wconf 67' lang='lat' dir='ltr'><strong>recte</strong></span> <span class='ocrx_word' id='word_1_832' title='bbox 2817 5511 3105 5581; x_wconf 55' lang='lat' dir='ltr'><strong>contentius</strong></span> <span class='ocrx_word' id='word_1_833' title='bbox 3137 5500 3306 5554; x_wconf 86' lang='grc' dir='ltr'>δόλου.</span> 
     </span>
    </p>
   </div>
   <div class='ocr_carea' id='block_1_114' title="bbox 1970 5572 3041 5649">
    <p class='ocr_par' dir='ltr' id='par_1_114' title="bbox 1970 5572 3041 5649">
     <span class='ocr_line' id='line_1_114' title="bbox 1970 5572 3041 5649; baseline -0.006 -16"><span class='ocrx_word' id='word_1_834' title='bbox 1970 5572 2049 5649; x_wconf 74' lang='lat'>(6)</span> <span class='ocrx_word' id='word_1_835' title='bbox 2080 5578 2156 5649; x_wconf 60' lang='lat' dir='ltr'><strong>Ex</strong></span> <span class='ocrx_word' id='word_1_836' title='bbox 2189 5577 2380 5649; x_wconf 83' lang='lat' dir='ltr'><strong>homil.</strong></span> <span class='ocrx_word' id='word_1_837' title='bbox 2410 5591 2522 5641; x_wconf 81' lang='lat' dir='ltr'><strong>xw,</strong></span> <span class='ocrx_word' id='word_1_838' title='bbox 2554 5576 2621 5649; x_wconf 83' lang='lat' dir='ltr'><strong>in_</strong></span> <span class='ocrx_word' id='word_1_839' title='bbox 2634 5573 2888 5649; x_wconf 71' lang='lat' dir='ltr'><strong>ebriosos,</strong></span> <span class='ocrx_word' id='word_1_840' title='bbox 2920 5572 3041 5627; x_wconf 70' lang='lat'><strong>122.</strong></span> 
     </span>
    </p>
   </div>
   <div class='ocr_carea' id='block_1_115' title="bbox 1972 5635 3475 5721">
    <p class='ocr_par' dir='ltr' id='par_1_115' title="bbox 1972 5635 3475 5721">
     <span class='ocr_line' id='line_1_115' title="bbox 1972 5635 3475 5721; baseline -0.005 -19"><span class='ocrx_word' id='word_1_841' title='bbox 1972 5635 2047 5721; x_wconf 59' lang='grc'><strong>(7)</strong></span> <span class='ocrx_word' id='word_1_842' title='bbox 2087 5647 2385 5721; x_wconf 80' lang='lat' dir='ltr'><strong>Ex&#39;homil&#39;.</strong></span> <span class='ocrx_word' id='word_1_843' title='bbox 2411 5635 2539 5721; x_wconf 41' lang='lat' dir='ltr'><strong>ait,</strong></span> <span class='ocrx_word' id='word_1_844' title='bbox 2585 5642 2737 5711; x_wconf 83' lang='lat' dir='ltr'><strong>Quod</strong></span> <span class='ocrx_word' id='word_1_845' title='bbox 2780 5643 2934 5698; x_wconf 83' lang='lat' dir='ltr'><strong>rebus</strong></span> <span class='ocrx_word' id='word_1_846' title='bbox 2976 5640 3256 5701; x_wconf 81' lang='lat' dir='ltr'><strong>mundanis</strong></span> <span class='ocrx_word' id='word_1_847' title='bbox 3291 5635 3475 5696; x_wconf 71' lang='lat' dir='ltr'><strong>adhc-</strong></span> 
     </span>
    </p>
   </div>
   <div class='ocr_carea' id='block_1_116' title="bbox 1901 5714 2525 5780">
    <p class='ocr_par' dir='ltr' id='par_1_116' title="bbox 1901 5714 2525 5780">
     <span class='ocr_line' id='line_1_116' title="bbox 1901 5714 2525 5780; baseline -0.013 -3"><span class='ocrx_word' id='word_1_848' title='bbox 1901 5714 2119 5777; x_wconf 77' lang='lat' dir='ltr'><strong>rendum</strong></span> <span class='ocrx_word' id='word_1_849' title='bbox 2148 5734 2253 5772; x_wconf 87' lang='lat' dir='ltr'><strong>non</strong></span> <span class='ocrx_word' id='word_1_850' title='bbox 2275 5718 2367 5780; x_wconf 83' lang='lat' dir='ltr'><strong>sit,</strong></span> <span class='ocrx_word' id='word_1_851' title='bbox 2403 5714 2525 5771; x_wconf 78' lang='grc'><strong>165.</strong></span> 
     </span>
    </p>
   </div>
   <div class='ocr_carea' id='block_1_117' title="bbox 1970 5784 2952 5864">
    <p class='ocr_par' dir='ltr' id='par_1_117' title="bbox 1970 5784 2952 5864">
     <span class='ocr_line' id='line_1_117' title="bbox 1970 5784 2952 5864; baseline -0.009 -17"><span class='ocrx_word' id='word_1_852' title='bbox 1970 5789 2047 5864; x_wconf 73' lang='lat'>(8)</span> <span class='ocrx_word' id='word_1_853' title='bbox 2079 5788 2240 5857; x_wconf 88' lang='lat' dir='ltr'><strong>lbid.,</strong></span> <span class='ocrx_word' id='word_1_854' title='bbox 2274 5787 2426 5856; x_wconf 81' lang='lat' dir='ltr'><strong>Quod</strong></span> <span class='ocrx_word' id='word_1_855' title='bbox 2465 5785 2635 5857; x_wconf 77' lang='lat' dir='ltr'><strong>rebus,</strong></span> <span class='ocrx_word' id='word_1_856' title='bbox 2660 5793 2791 5851; x_wconf 89' lang='lat' dir='ltr'><strong>etc.,</strong></span> <span class='ocrx_word' id='word_1_857' title='bbox 2828 5784 2952 5848; x_wconf 77' lang='grc'>167.</span> 
     </span>
    </p>
   </div>
  </div>
