3878 6222
451 350 589 406 Ill9

1356 348 1718 405 APPENDIX.
1748 378 1816 388 —
1855 344 2199 404 SYMEONIS
2235 342 2798 400 METAPHRASTIE.

3535 344 3648 398 ΗΞο

449 482 574 517 t'llm
604 463 730 518 ullis
754 478 992 534 unquam
1014 457 1148 518 abiit
1180 482 1192 516 :
1227 461 1322 518 sed
1357 466 1411 517 in
1446 478 1776 534 unoquoque
1806 462 2028 517 homine

2151 460 2342 532 ιμέραν
2372 460 2438 513 ὲκ
2478 459 2577 531 τῆς
2624 457 2902 530 ἡμετέρας
2941 456 3127 522 ἀνοίας
3166 448 3528 528 αὐξανόμενος,
3551 460 3650 514 οὔτε

453 556 620 609 tixum
662 562 717 608 ct
746 562 921 608 ratum
960 560 1165 617 manet,
1203 551 1349 622 quod
1400 553 1532 608 olim
1578 569 1609 607 a
1645 552 1798 621 justo
1827 553 2033 607 dictum

452 653 538 699 est
572 663 586 700 :
620 642 815 698 Nudus
843 658 1079 713 egressus
1109 659 1226 697 sum
1255 658 1320 696 ex
1348 652 1498 697 utero
1533 644 1723 698 matris
1751 659 1900 704 metu,
1938 657 2037 695 nu-

452 738 554 792 dus
594 738 755 792 etiam
806 734 1104 792 revertar’.
1139 734 1214 805 (l)
1250 732 1442 789 Utrum
1494 734 1662 804 igitur
1694 734 1796 789 tibi
1845 732 2036 788 utilius

455 828 848 898 temporariam
885 827 1086 899 eligere
1122 829 1483 897 voluptatem,
1512 835 1567 881 et
1601 842 1697 898 per
1721 841 1843 881 eam
1886 824 2036 879 acci-

455 933 586 988 pere
613 926 873 971 aeternam
904 925 1133 972 mortem
1174 933 1282 971 :an
1317 917 1521 970 virtute
1549 917 1847 971 excolenda
1879 916 2036 970 labo-

458 1023 548 1063 res
571 1016 624 1061 et
649 1023 923 1064 aerumnas
953 1008 1230 1078 amplecti,
1274 1014 1328 1062 et
1359 1007 1507 1063 illius
1546 1022 1651 1077 ope
1686 1008 1853 1061 vitam
1891 1016 2041 1061 auer-

458 1113 583 1152 nam
615 1100 915 1168 consequi?
944 1098 1021 1171 (2)
1053 1098 1188 1152 Nam
1222 1098 1471 1168 corporis
1518 1098 1761 1169 pondera
1797 1113 1863 1153 ex
1888 1098 2040 1151 truti-

459 1208 544 1247 nae
570 1193 861 1247 momentis
882 1193 1219 1248 aestimamus
1250 1209 1264 1245 :
1292 1192 1389 1245 sed
1415 1206 1537 1261 qua:
1568 1191 1624 1245 in
1648 1191 1760 1244 vita
1787 1189 2039 1259 eligenda

459 1295 611 1351 sunt,
666 1285 841 1339 libero
873 1285 1071 1339 anima:
1099 1284 1332 1338 arbitrio
1375 1285 1719 1339 secernimus
1753 1300 1766 1336 :
1798 1280 1944 1353 quod
1986 1288 2041 1335 et

462 1386 724 1435 stateram
756 1376 1040 1448 Scriptura
1071 1377 1410 1437 nominavit:
1444 1377 1648 1446 quippe
1687 1374 1817 1444 quia
1854 1389 2041 1444 aequa-

464 1469 571 1523 lem
598 1467 665 1521 ad
704 1476 999 1536 utrumque
1025 1465 1185 1537 47],
1220 1465 1630 1520 inclinatioiiem
1676 1464 1922 1533 recipere
1949 1477 2041 1533 po-

463 1567 591 1616 test.
620 1558 696 1631 (5)
726 1558 971 1629 Exempli
1004 1573 1192 1621 causa,
1240 1556 1501 1613 scortatio
1538 1563 1593 1610 et
1614 1555 1873 1624 pudicitia
1899 1553 2043 1623 apud

464 1660 519 1706 te
540 1651 876 1720 judicantur,
907 1656 961 1705 et
990 1650 1207 1705 excelsa
1248 1658 1343 1703 tua
1392 1664 1548 1703 mens
1593 1648 1868 1717 ejusmodi
1891 1647 2041 1717 judi-

465 1744 555 1797 cio
585 1742 691 1796 sibi
716 1743 1012 1796 commisso
1042 1741 1339 1811 praesidet;
1382 1747 1548 1808 atque
1577 1740 1859 1808 voluptate
1892 1753 2045 1793 scor-

2136 552 2489 625 συμπροῆλθε
2533 551 2670 623 πρὸς
2711 551 2803 603 τόν
2858 550 2973 618 βίον
3016 551 3168 619 ἡμῖν,
3217 548 3341 602 οὔτε
3391 551 3654 619 ουναπῆλθέ

2133 660 2276 698 τισιν
2295 659 2310 674 ’
2339 642 2476 697 ἀλλὰ
2506 641 2568 696 τὸ
2594 641 2671 712 τῷ
2692 640 2886 712 δικαίῳ
2928 640 3095 711 πᾲλαι
3134 639 3320 711 ῥηθὲν,
3363 641 3452 694 ἐπὶ
3492 642 3654 707 παντὸς

2134 734 2423 806 ἀνθρώπου
2450 733 2666 803 πέπηγε
2698 733 2792 787 καὶ
2817 721 3037 803 κρατείο
3064 734 3115 785 Γ
3115 732 3304 801 υμνὸς
3340 732 3577 799 ἐξῆλθαν
3600 735 3655 788 ἐκ

2136 827 2367 892 κοιλίας
2403 825 2634 895 μητρός
2680 842 2820 895 μου,
2851 824 3081 893 γυμνὸς
3133 823 3229 878 καί
3275 824 3655 893 ἀπελεύσομαι.

2137 918 2204 971 Τί
2229 913 2323 971 οὖν
2347 934 2429 970 σοι
2462 916 2940 988 λυσιτελέστερον;
2985 916 3083 987 τὴν
3120 916 3447 987 πρόσκαιρον
3484 917 3658 971 ἑλέσθαι

2139 1009 2304 1080 ζωὴν,
2337 1008 2433 1063 καὶ
2456 1008 2523 1062 δι’
2546 1009 2718 1079 αὑτῆς
2748 1010 2825 1078 (7)
2856 1008 2947 1061 τὸν
2975 1007 3189 1062 αἰώνιον
3226 1008 3410 1062 λαϐεῖν
3450 1007 3658 1067 θάνατον,

2138 1100 2172 1170 ἢ
2196 1100 2295 1170 τὴν
2317 1100 2377 1153 ὲν
2403 1102 2469 1171 τῇ
2501 1099 2735 1169 ἀσκήσει
2786 1099 2885 1170 τῆς
2933 1100 3133 1169 ἀρετῆς
3166 1098 3418 1168 ἑλόμενον
3462 1100 3663 1151 κακοπά-

2140 1190 2313 1254 θειαν,
2345 1178 2518 1262 ταύτῃ
2550 1189 2794 1263 προξένῳ
2823 1188 3127 1261 χρήσασθαι
3155 1190 3251 1259 τῆς
3272 1189 3486 1242 αἰωνίου
3517 1187 3659 1258 ζωῆςς

2139 1282 2222 1336 Τὰ
2252 1283 2350 1354 μὲν
2381 1282 2490 1353 γὰρ
2508 1281 2603 1335 τοῦ
2634 1281 2885 1353 σώματος
2913 1281 3074 1353 βάρη,
3098 1284 3218 1345 ταῖς
3246 1282 3343 1334 ἐπὶ
3385 1280 3479 1349 τῆς
3500 1283 3663 1351 τρυτά-

2140 1389 2238 1444 νης
2271 1374 2465 1444 ῥοπαῖς
2497 1370 2900 1443 δοκιμάζομεν
2940 1371 3011 1425 τὰ
3058 1372 3116 1426 δὲ
3161 1372 3255 1425 τοῦ
3298 1371 3415 1442 βίου
3458 1371 3665 1438 suisui,

2139 1467 2220 1538 τῷ
2253 1466 2582 1537 αὑτεξουσίῳ
2608 1466 2708 1536 τῆς
2732 1466 2910 1536 ψυχῆς
2940 1465 3283 1538 διακρίνομεν
3305 1482 3320 1495 ’
3355 1464 3384 1518 δ
3419 1466 3508 1517 καὶ
3538 1463 3667 1533 ζυγὸν

2140 1559 2422 1631 ὠνόμασεν
2452 1560 2485 1629 ή
2514 1557 2725 1629 Γραφὴ,
2750 1557 2839 1611 διὰ
2871 1559 2932 1610 τὸ
2970 1557 3093 1629 ἴσην
3118 1556 3381 1611 δύνασθαι
3419 1556 3670 1627 λαμϐάνειν

2142 1649 2239 1721 τὴν
2264 1650 2435 1723 ῥοπὴν
2464 1650 2550 1720 ἐφ’
2579 1650 2838 1720 ἑκάτερα.
2883 1644 3009 1703 Οἴόν
3040 1667 3095 1703 τι
3130 1649 3308 1717 λέγω,
3363 1650 3571 1721 πορνεία
3600 1651 3671 1702 καὶ

2146 1740 2470 1813 σωφροσύνη
2509 1741 2663 1813 παρὰ
2695 1742 2778 1794 σοὶ
2801 1740 3067 1811 κρίνεται,
3116 1741 3209 1793 καὶ
3248 1739 3453 1810 ὑψηλὸς
3479 1740 3673 1810 προκαθ-

465 1834 663 1888 tationi
694 1832 932 1897 favente,
968 1833 1132 1886 timor
1164 1832 1256 1887 Dei
1288 1831 1571 1901 suppetias
1600 1831 1748 1886 venit
1779 1831 2044 1886 castimo-

2151 1833 2326 1900 ἐζεταί
2348 1851 2431 1888 σοι
2459 1835 2489 1887 ό
2511 1833 2655 1898 νοῦς,
2688 1834 3121 1905 πεπιστευμένος
3143 1834 3205 1887 τὸ
3233 1833 3585 1905 δικαστήριον·
3604 1832 3674 1887 καὶ

467 1926 592 1980 nite.
626 1924 780 1990 Quod
813 1925 859 1978 si
891 1924 1148 1978 damnato
1178 1930 1423 1992 peccato,
1449 1922 1736 1976 victoriam
1767 1921 2043 1992 pudicitia:

468 2013 710 2075 dederis,
738 2015 801 2067 de
833 2028 891 2068 re
910 2013 1237 2067 sententiam
1268 2019 1471 2066 rectam
1503 2013 1713 2079 tulisti;
1744 2012 1830 2067 sin
1862 2018 2041 2067 autem

470 2104 538 2159 ad
575 2105 905 2173 voluptatem
937 2104 1233 2167 inclinans,
1272 2103 1666 2172 praeferendum
1694 2117 1818 2157 esse
1852 2115 2045 2172 pecca-

470 2203 588 2249 tum
636 2195 982 2265 pronunties,
1035 2194 1318 2263 obliquum
1369 2193 1546 2250 fecisti
1598 2194 1888 2257 judicium,
1942 2195 2042 2250 ob-

472 2287 674 2340 noxius
710 2285 888 2339 factus
915 2284 1283 2339 exsecrationi
1315 2284 1460 2353 ejus,
1488 2286 1579 2353 qui
1605 2283 1744 2339 dixit
1771 2304 1784 2339 :
1824 2283 1931 2347 Var,
1957 2284 2048 2353 qui

470 2377 650 2430 dicitis
679 2392 926 2429 amarum
957 2375 1131 2440 dulce,
1159 2383 1207 2430 et
1236 2374 1390 2429 dulce
1431 2391 1715 2429 aurarum:
1741 2376 1829 2445 qui
1863 2374 2047 2430 dicitis

471 2470 641 2522 lucem
694 2466 953 2534 tenebras,
1004 2478 1054 2521 et
1105 2466 1341 2521 tenebras
1390 2465 1558 2520 lucem
1596 2466 1660 2520 ¹⁰.
1695 2466 1772 2537 (ι)
1818 2467 2049 2533 Quando

472 2558 640 2629 igitur
671 2558 899 2629 singulae
923 2560 1153 2613 virtutes
1182 2573 1308 2612 cum
1341 2557 1576 2628 singulis
1611 2558 1759 2613 vitiis
1778 2558 2049 2628 judicium

476 2650 735 2714 subeunt,
787 2658 917 2705 tunc
963 2649 1296 2721 judiciorum
1344 2649 1726 2706 rectitudiuem
1776 2652 2052 2706 ostendito

477 2740 533 2795 in
580 2743 797 2796 occulto
844 2743 1039 2797 anima:
1091 2752 1202 2796 tua:
1256 2740 1553 2807 tribunali,
1612 2753 2053 2814 praeceptumque

474 2832 634 2903 quasi
681 2848 1017 2888 assessorem
1075 2834 1342 2889 adhibens
1370 2834 1493 2899 tibi,
1543 2835 1728 2889 odium
1764 2837 1819 2889 in
1861 2836 2053 2905 nequi-

476 2927 610 2979 tiam
662 2935 815 2980 tnum
852 2935 1311 2992 commonstrato,
1351 2942 1616 2983 aversans
1648 2936 1898 2999 peccata,
1943 2928 2056 2981 vir-

480 3028 627 3075 tutes
655 3019 969 3090 praeferens.
1000 3017 1058 3074 Si
1089 3019 1236 3074 enim
1270 3019 1407 3074 facis
1437 3028 1498 3074 ut
1527 3021 1581 3075 in
1623 3021 1851 3091 singulis
1884 3022 2053 3075 actio-

2146 1928 2181 1998 ἡ
2213 1925 2312 1994 μὲν
2343 1924 2505 1996 ἡδονὴ
2539 1927 2829 1995 συνηγορεί
2868 1926 2934 1995 τῇ
2991 1923 3237 1995 πορνείᾳ,
3280 1925 3310 1976 ό
3338 1922 3397 1975 δὲ
3431 1922 3575 1991 φόϐος
3605 1922 3675 1975 τοῦ

2147 2016 2284 2072 Θεοῦ
2310 2020 2377 2089 τῇ
2406 2016 2729 2088 σωφροσύνῃ
2758 2016 3091 2070 συνίσταται.
3146 2015 3274 2068 Ἐὰν
3309 2014 3409 2085 μὲν
3437 2009 3523 2067 οιῖιν
3548 2030 3677 2067 κατα-

2148 2108 2378 2182 δικάσῃς
2409 2107 2507 2179 τὴν
2540 2107 2836 2179 ἁμαρτίαν,
2873 2105 2979 2177 δῷς
3021 2106 3079 2159 δὲ
3114 2106 3339 2174 νικῆσαι
3380 2105 3476 2174 τὴν
3514 2120 3679 2172 σωφρο-

2152 2199 2340 2272 σύνην,
2370 2199 2585 2253 εὐθεῖαν
2615 2200 2855 2271 ἐποιήσω
2892 2197 2991 2269 τὴν
3033 2197 3214 2269 κρίσιν
3247 2196 3346 2249 τοῦ
3377 2196 3675 2268 πράγματος·

2151 2291 2245 2346 ἐὰν
2274 2292 2332 2346 δὲ
2356 2294 2422 2363 τῇ
2452 2291 2615 2363 ἡδονῇ
2642 2290 2767 2354 δοὺς
2803 2290 2903 2359 τὴν
2936 2288 3126 2361 ῥοπὴν,
3160 2289 3553 2358 προτιμοτέραν
3579 2286 3679 2339 ἀτο-

2152 2384 2326 2455 φήνης
2374 2382 2475 2454 τὴν
2527 2381 2825 2453 ἁμαρτίαν,
2876 2379 3089 2434 σκολιὸν
3130 2379 3377 2449 ἐποιήσω
3422 2378 3481 2429 τὸ
3531 2378 3679 2447 κρῖμα,

2154 2472 2407 2537 ὑπόδικος
2442 2473 2733 2543 γενόμενος
2770 2473 2838 2542 τῇ
2877 2470 2986 2541 ἀρᾷ
3021 2468 3116 2523 τοῦ
3150 2469 3435 2532 εἰπόντος·
3474 2467 3615 2529 οὐαί,
3643 2469 3680 2518 cl

2152 2565 2434 2637 λέγοντες
2460 2565 2526 2618 τὸ
2556 2564 2774 2634 πικρόν
2802 2562 3016 2634 γλυκὺ,
3049 2562 3149 2615 καὶ
3177 2560 3245 2614 τό
3276 2559 3471 2629 γλυκὺ
3494 2556 3679 2625 πικρόν

2154 2662 2208 2712 ot
2226 2658 2504 2726 λέγοντες
2537 2655 2601 2710 τὸ
2644 2655 2771 2725 φῶς
2797 2655 3044 2719 σκότος,
3087 2653 3187 2706 καὶ
3226 2652 3297 2705 τὸ
3345 2653 3552 2713 σκότος

2168 2749 2320 2802 Ἐπεὶ
2348 2743 2440 2801 οὖν
2466 2748 2616 2801 πᾶσα
2641 2744 2811 2819 ἀρετὴ
2838 2744 2974 2817 πρὸς
3003 2746 3191 2798 πᾶσαν
3213 2742 3419 2796 κακίαν
3438 2738 3683 2800 διαδικάζε-

2156 2855 2270 2900 ται,
2309 2837 2429 2890 τότε
2458 2836 2522 2907 δὴ
2547 2834 2808 2899 ἐπίδειξαι
2839 2834 2938 2905 την
2985 2832 3260 2904 εὐθύτητα
3298 2832 3408 2885 τῶν
3455 2828 3683 2900 χριμάτων

2159 2930 2217 2982 ὲν
2248 2928 2325 2999 τῷ
2351 2925 2577 3002 κρυπτῷ
2610 2943 2703 2979 σου
2742 2928 2841 2996 τῆς
2873 2922 3051 2995 ψυχῆς
3095 2922 3391 2993 κριτηρίῳ,
3450 2919 3537 2972 καὶ
3565 2916 3685 2970 οἱονεὶ

2162 3019 2432 3090 πάρεδρον
2460 3016 2671 3089 σεαυτῷ
2709 3016 2809 3087 τὴν
2848 3013 3065 3085 ἐντολὴν
3124 3014 3515 3083 ποιησάμενος,
3556 3009 3684 3071 δεῖξον

480 3114 644 3167 nibus
678 3114 896 3167 vincant
935 3112 1075 3181 apud
1124 3120 1177 3166 te
1222 3111 1471 3176 meliora,
1507 3113 1697 3168 beatus
1737 3113 1849 3167 eris
1880 3111 1944 3166 In
1971 3113 2050 3167 die

2160 3112 2222 3165 τὸ
2248 3109 2633 3182 μισοπόνηρον,
2664 3106 3139 3181 ἀποστρεφόμενος
3170 3106 3273 3176 μὲν
3315 3105 3412 3167 τὰς
3445 3101 3683 3173 ἁμαρτίας.

483 3202 602 3261 illa,
627 3218 747 3255 cum
765 3200 1032 3271 judicabit
1060 3199 1316 3254 Dominus
1350 3199 1556 3254 occulta
1582 3199 1848 3253 hominum
1877 3217 2050 3255 secun-

2162 3201 2479 3272 ὑπερτιμῶν
2519 3202 2577 3254 δὲ
2620 3200 2721 3263 τὰς
2758 3197 2976 3270 ἀρετάς.
3030 3197 3154 3250 Ἐὰν
3209 3196 3325 3268 γὰρ
3374 3197 3457 3262 ἐφ’
3502 3194 3683 3259 ἑκάστης

481 3293 611 3347 dum
643 3294 966 3362 evangelium
996 3303 1235 3347 nostrum
1260 3293 1339 3359 “;
1368 3301 1444 3355 et,
1472 3291 1894 3360 Cogitationibus
1926 3294 2050 3348 inter

2163 3293 2416 3365 πράξεως
2447 3293 2602 3363 νικᾷν
2636 3292 2871 3363 ποιήσῃς
2898 3288 3052 3361 παρὰ
3084 3290 3167 3341 σοὶ
3210 3287 3284 3341 τὰ
3332 3286 3580 3356 βελτίονα,
3614 3300 3684 3351 μα·

485 3402 540 3439 se
562 3395 612 3440 et
636 3383 1030 3445 accusantibus,
1066 3393 1157 3436 aut
1185 3390 1236 3436 et
1278 3380 1672 3452 defendentibus
1699 3381 1764 3445 η,
1804 3396 1914 3435 non
1968 3383 2050 3437 ab-

2162 3388 2351 3456 κάριος
2391 3383 2491 3457 ἔσῃ
2530 3384 2629 3436 Ἐν
2668 3380 2744 3450 τῇ
2776 3379 2967 3450 ἡμέρᾳ
3011 3378 3232 3447 ἐκείνῃ,
3281 3377 3431 3431 ὅταν
3476 3376 3626 3443 κρίνῃ
3663 3374 3684 3425 ό

486 3474 593 3531 illis
639 3474 1031 3529 condemnatus
1064 3477 1207 3543 quod
1242 3471 1311 3527 ad
1347 3472 1490 3526 mala
1530 3472 1883 3527 inclinaveris
1915 3492 1929 3528 :
1967 3475 2050 3529 sed

2165 3476 2308 3542 Θεὸς
2336 3475 2409 3530 τὰ
2441 3473 2677 3543 κρυπτὰ
2712 3469 2833 3527 τῶν
2850 3469 3176 3539 ἀνθρώπων
3205 3468 3363 3522 κατὰ
3387 3468 3450 3521 τὸ
3484 3462 3686 3533 Εὐαγγέ-

482 3566 714 3636 jnstitiae
755 3565 976 3619 coronis
1015 3563 1379 3627 honorabere,
1434 3562 1632 3632 quibus
1667 3563 1920 3618 virtutem
1968 3577 2067 3633 per

486 3672 703 3712 onmem
730 3663 876 3709 tuam
902 3655 1066 3709 vitam
1090 3654 1460 3710 coronaveris.
1488 3653 1565 3725 (5)
1600 3652 2064 3719 Quemadmodum

483 3750 633 3805 enim
658 3749 974 3819 sagittarius
999 3748 1243 3819 jaculum
1274 3747 1342 3804 ad
1378 3762 1605 3817 scopum
1636 3745 1848 3817 dirigit,
1890 3749 1935 3803 si
1971 3764 2067 3803 ne-

486 3855 597 3910 que
644 3838 937 3901 excedens,
980 3853 1158 3907 neque
1202 3837 1485 3902 deﬁciens,
1543 3852 1722 3907 neque
1767 3837 1823 3891 in
1864 3837 2066 3893 alteru-

490 3940 633 3985 tram
669 3943 875 4001 partem
906 3929 1185 3985 declinans
1213 3930 1434 3984 aberrat
1466 3946 1479 3983 :
1514 3928 1597 3984 sic
1617 3928 1783 3999 judex
1810 3927 1971 3984 debet
1997 3930 2066 3984 ad

490 4022 547 4075 ld
591 4023 735 4091 quod
778 4021 989 4090 justum
1047 4029 1132 4076 est
1181 4021 1499 4085 collineare,
1556 4037 1658 4076 nec
1708 4036 2065 4091 personarum

491 4112 700 4168 habens
730 4114 993 4167 rationem
1028 4111 1345 4181 (Personam
1378 4113 1519 4166 enim
1552 4112 1604 4165 in
1631 4111 1837 4181 judicio
1869 4130 2067 4183 cogno-

490 4220 636 4258 scere
666 4203 857 4257 bonum
896 4219 1001 4257 non
1025 4213 1102 4256 est
1130 4204 1220 4275 ¹³),
1268 4219 1445 4274 neque
1475 4204 1838 4275 propensione
1875 4218 2065 4274 agens.

490 4295 588 4349 sed
632 4302 839 4349 rectam
888 4295 1224 4366 minimeque
1274 4296 1564 4351 distortam
1612 4297 1794 4353 ferens
1848 4308 2070 4353 senten-

492 4387 648 4440 tiam.
679 4386 747 4441 Et
775 4402 899 4442 cum
926 4386 1037 4441 duo
1059 4388 1128 4441 ab
1154 4388 1274 4458 ipso
1294 4387 1630 4459 judicenlur,
1662 4405 1896 4459 quorum
1931 4391 2068 4445 alter

2162 3571 2299 3623 λιον
2318 3564 2515 3636 ήμῶν-ο
2548 3560 2664 3629 καὶ,
2687 3561 2925 3626 Μεταξὺ
2966 3559 3258 3626 ἀλλήλων
3282 3558 3405 3612 τῶν
3437 3550 3687 3625 ,λογισμῶν

2164 3657 2673 3728 κατηγορούντων,
2697 3654 2736 3723 ἢ
2764 3653 2862 3708 καί
2886 3649 3422 3721 ἀπολογουμένων,
3449 3650 3541 3702 οὑκ
3563 3647 3686 3713 ἀπέρ-

2164 3767 2235 3821 χῃ
2273 3746 2796 3818 καταδεδικασμένος
2821 3745 2910 3800 διὰ
2944 3743 3044 3815 τὴν
3070 3741 3207 3815 πρὸς
3232 3741 3308 3795 τὰ
3341 3740 3514 3810 φαῦλα
3541 3735 3685 3821 ponit.

2165 3820 2304 3893 ἀλλά
2328 3841 2442 3903 τοῖς
2468 3838 2569 3909 τῆς
2595 3835 2943 3906 δικαιοσύνης
2984 3832 3264 3905 τιμηθήσῃ
3308 3832 3595 3901 στεφάνοις,
3630 3820 3687 3886 οξ

2167 3936 2321 4007 παρά
2354 3934 2533 3988 πάντα
2566 3950 2660 3988 σου
2689 3932 2781 3986 τὸν
2804 3931 2917 4003 βίον
2960 3928 3058 4000 τὴν
3108 3927 3312 4000 ἀρετὴν
3340 3925 3687 3994 ἐστεφάνωσας-

2168 4006 2379 4098 Ὤσπερ
2409 4026 2516 4097 γὰρ
2545 4026 2573 4078 ὁ
2596 4024 2818 4093 τοξότης
2848 4006 2983 4094 πρὸς
3013 4020 3105 4075 τὸν
3139 4020 3343 4071 σκοπὸν
3367 4014 3628 4071 ἀπευθύνει
3646 4009 3689 4061 τὸ

2170 4118 2345 4189 βέλος,
2378 4116 2503 4170 οὔτε
2550 4114 2895 4186 ὑπερϐολαῖς,
2937 4110 3061 4165 οὔτε
3090 4110 3418 4179 ἐλλείψεσιν,
3463 4105 3573 4160 οὔτε
3603 4103 3688 4161 ταῖς

2167 4212 2251 4279 ἐφ’
2281 4210 2516 4281 ἑκάτερα
2559 4206 2939 4278 παρατροπαῖς
2979 4200 3309 4256 ἀποπλανῶν
3354 4200 3456 4271 τὴν
3492 4195 3684 4262 τοξείαν·

2167 4302 2339 4365 οὕτως
2366 4303 2394 4354 ό
2428 4298 2618 4372 κριτὴς
2643 4297 2849 4367 ὀφείλει
2869 4295 2963 4349 τοῦ
2988 4294 3198 4348 δικαίου
3225 4286 3687 4360 καταστοχάζεσθαι.

2166 4394 2291 4449 οὔτε
2315 4392 2581 4464 πρόσωπα
2606 4388 2897 4460 λαμϐάνων
2930 4384 3264 4459 (Γνωρίζειν
3286 4386 3400 4453 γὰρ
3426 4383 3689 4450 πρόσωπον

492 4478 616 4548 plus
646 4493 822 4548 aequo,
849 4478 986 4533 alter
1030 4478 1211 4533 minus
1241 4479 1461 4544 habeat,
1495 4479 1655 4535 debet
1681 4480 1850 4550 judcx
1874 4481 2050 4535 ambo:

2167 4486 2238 4539 ἐν
2273 4483 2467 4551 κρίσει
2504 4484 2577 4536 οὐ
2624 4480 2860 4546 καλὸν),
2900 4477 3025 4532 οὔτε
3084 4477 3255 4530 ποιῶν
3300 4474 3443 4529 κατά
3483 4465 3689 4543 πρόσκλι-

492 4569 638 4625 lnter
680 4585 739 4625 se
769 4584 1075 4639 exaequare,
1114 4578 1166 4625 et
1215 4576 1428 4625 tantum
1477 4571 1658 4626 aufert
1704 4572 1757 4628 ei
1801 4572 1897 4642 qui
1943 4573 2050 4641 plus

2170 4593 2256 4629 σιν
2293 4575 2391 4645 (8),
2438 4572 2554 4626 ἀλλ’
2587 4571 2801 4636 εὐθείας
2829 4572 2925 4624 καὶ
2951 4568 3345 4637 ἀδιαστρόφους
3377 4563 3602 4634 ἐκφέρων
3618 4555 3689 4617 τὰς

494 4662 630 4718 satis
653 4661 836 4725 habet,
864 4669 1126 4731 quantum
1151 4663 1199 4717 ei
1223 4662 1316 4732 qui
1342 4663 1597 4732 injuriam
1622 4665 1852 4734 accepit,
1875 4664 2050 4720 deesse

2169 4667 2399 4738 κρίσεις.
2451 4664 2563 4719 Καὶ
2610 4662 2703 4716 δύο
2751 4661 3086 4734 κρινομένων
3131 4658 3262 4731 παρ’
3319 4656 3493 4728 αὐτῷ,
3535 4649 3689 4738 coiit:

494 4752 872 4824 deprehendit.

2173 4755 2639 4819 πλεονεκτοῦντος,
2675 4754 2771 4807 καὶ
2808 4751 2904 4806 τοῦ
2929 4751 2989 4805 τὸ
3018 4750 3236 4805 ἔλαττον
3273 4748 3503 4819 ἔχοντος,
3535 4737 3688 4810 ὀφείλει

495 4846 658 4910 αὑτὸς
682 4846 931 4901 ἵστασθαι
963 4845 1236 4901 ὲπανισῶν
1288 4847 1484 4910 αὑτοὺς
1545 4846 1681 4918 πρός
1718 4845 1998 4918 ἀλλήλους,
2052 4850 2146 4903 καὶ
2178 4851 2431 4905 τοσοῦτον
2471 4848 2720 4921 ἀφαιρῶν
2777 4844 2871 4898 τοῦ
2913 4843 3288 4915 ὑπερέχοντος,
3340 4842 3460 4894 ὅσον
3495 4826 3689 4891 ὲλατιοά

497 4951 659 5007 μενον
697 4935 943 5017 εὑρίσκει
973 4936 1066 4990 τὸν
1096 4935 1466 5007 ἀδικούμενον.

565 5030 622 5086 5.
662 5030 739 5101 (6)
768 5030 904 5085 Nam
937 5033 1313 5102 possessiones
1358 5032 1579 5100 reliqua:
1618 5046 1727 5085 non
1769 5038 1898 5086 sunt
1940 5046 2067 5101 pos-

497 5136 776 5179 sessorum
809 5122 982 5193 magis
1010 5136 1173 5193 quam
1216 5123 1591 5194 quorumlibet
1623 5136 1717 5177 eas
1761 5121 2065 5191 adipiscen-

2240 5028 2295 5082 5.
2342 5027 2426 5080 Τά
2465 5027 2564 5096 μὲν
2611 5024 2722 5095 γὰρ
2771 5024 2907 5079 ἄλλα
2938 5022 3047 5076 τῶν
3079 5020 3395 5093 κτημάτων,
3440 5020 3499 5073 οὑ
3536 5013 3689 5088 μᾶλλον

2170 5118 2279 5173 τῶν
2328 5118 2561 5190 ἑχόντων
2610 5116 2645 5187 ἢ
2696 5116 2790 5169 καὶ
2846 5110 3151 5168 οὑτινοσοῦν
3207 5110 3317 5165 τῶν
3381 5108 3689 5179 ἐπιτυχόντων

588 5274 735 5332 ’Job
785 5292 825 5342 l,
852 5277 944 5332 2|.
1021 5277 1065 5309 '°
1089 5276 1196 5333 lsa.
1232 5294 1284 5341 v,
1315 5276 1410 5333 ΞΟ.
1487 5276 1711 5334 “Rom.
1742 5292 1810 5343 ιι,
1840 5276 1927 5332 l0.
2024 5277 2050 5308 “

2154 5274 2228 5330 id.
2266 5273 2357 5329 ιε.
2434 5246 2477 5304 ιλ
2504 5271 2663 5326 Prov.
2700 5285 2848 5337 XXIV,
2879 5267 2972 5324 εδ.

568 5430 646 5500 (ι)
676 5429 754 5500 Ex
783 5429 972 5487 liomil.
1006 5431 1164 5500 inps.
1211 5447 1320 5498 ιιι,
1352 5431 1466 5489 ιοτ.
2242 5426 2429 5500 (6)13:
2460 5442 2626 5500 δεητι-
2663 5423 3000 5500 Detestandis
3038 5422 3186 5500 libris
3218 5422 3519 5500 ρεηέίέξιξπξο,
3538 5416 3639 5500 ".7:

569 5489 645 5569 (ei
678 5499 806 5553 una.
1084 5489 1096 5500 '
1307 5489 1318 5498 '

2212 5568 2217 5569 γ
2242 5489 2434 5569 (ἸγΔιτ
2455 5496 2664 5565 αὐτῆς.
2702 5494 2794 5569 Sic
2818 5489 3042 5569 uterque
3070 5489 3263 5569 codex}
3299 5492 3437 5548 Editi
3460 5491 3519 5545 δι’
3541 5489 3684 5553 αὑτήν.

577 5563 655 5643 (ξ)
686 5569 980 5643 Exliomil.
1013 5570 1066 5625 in
1094 5572 1322 5643 princip.
1360 5571 1631 5640 Proverb.,
1666 5570 1789 5627 {06.

2173 5563 2313 5643 Mog:
2333 5563 2675 5643 in_contestu
2706 5563 3055 5643 τῆς-αἰωνίου
3079 5564 3310 5633 τρυφῆς.

576 5622 654 5709 (ti
685 5622 810 5709 una.
1360 5622 1381 5627 ”

2173 5622 2213 5625 ’ί
2237 5622 2323 5709 ⁷(8)
2362 5622 2769 5709 Πρέσκλισινξ
2783 5622 2883 5688 Sic
2915 5634 2975 5709 in
3008 5622 3449 5709 conicituirecte‘
3472 5622 3683 5709 eluenda-

575 5697 652 5773 (5)
684 5708 816 5762 Ibizl.
856 5710 971 5764 l05.

2175 5697 2290 5765 tum
2305 5697 2574 5763 ἒδῑίΕιιίιί
2593 5705 2907 5775 πρόκλησιν.
2935 5704 3172 5763 Uterque
3194 5703 3362 5759 codex
3387 5697 3680 5767 πρόσκλησιν.
