3878 6222
249 344 384 397 11⁸21

1240 337 1473 393 SERMO
1509 337 1550 391 l.
1592 368 1665 377 —
1704 338 1791 392 DE
1821 332 2133 391 VIRTUTE
2170 332 2259 390 ΕΤ
2299 332 2508 389 VITIO.

3386 337 3529 392 Hi!

247 460 412 512 ἐστὶν
458 460 647 529 ὥσπερ
685 458 741 509 ὲν
768 457 956 528 παιδιᾷ
991 455 1193 515 κύϐων,
1238 456 1364 526 τῇδε
1403 457 1625 509 κάκεῖσε
1665 472 1832 525 μετα-

1943 456 2097 515 tium,
2133 452 2336 522 quippe
2367 467 2493 505 eum
2528 451 2676 505 velut
2706 451 2760 505 in
2795 459 3131 525 tesserarum
3173 449 3307 505 ludo
3336 449 3443 506 huc
3472 462 3527 507 et

247 548 589 620 ϐαλλόμενα·
638 548 774 618 μόνη
812 548 868 601 δὲ
909 547 1208 618 κτημάτων
1240 549 1274 617 ἡ
1319 547 1485 617 ἁρετὴ
1543 546 1839 616 ἀναφαίρε-

248 657 383 703 τον,
450 639 546 694 καὶ
598 639 761 704 ζῶντι
822 638 917 692 καὶ
979 637 1365 705 τελευτήσαντι
1423 636 1836 707 παραμένουσι.

247 732 418 787 Ὅθεν
442 732 507 805 δὴ
529 733 622 786 καὶ
655 731 830 785 Σόλων
866 748 956 803 μοι
983 732 1131 785 δοκεῖ
1155 730 1291 800 πρὸς
1317 729 1444 791 τοὺς
1472 728 1737 801 εὐπόρους
1762 730 1842 781 εί-

246 827 381 878 πεῖν
402 823 484 888 τὸ,

687 931 880 1002 Ἡμεῖς
905 931 1112 998 αὐτοῖς
1134 933 1205 986 οὐ
1232 931 1662 1000 διαμειψόμεθα

249 1004 371 1072 Τῆς
394 1002 617 1073 ἀρετῆς
647 998 758 1058 τὸτί
800 998 1103 1058 πλοῦτονο
1134 1002 1263 1056 ἐπεὶ
1295 998 1363 1056 τὸ
1405 998 1525 1071 μὲν
1576 998 1841 1125 ἐμεῖῗιιῖεοῖρ

357 1143 637 1212 Χρήματα
665 1141 720 1196 δ’
743 1141 1071 1212 ἀνθρώπων
1098 1141 1321 1197 ἄλλοτε
1353 1142 1547 1208 ἄλλος
1569 1070 1837 1212 Ezekiel,

242 1257 345 1311 Διὸ
379 1257 581 1326 ἀρετῆς
637 1257 766 1328 ὑμῖν
805 1257 1187 1328 ἐπιμελητέον,
1240 1252 1286 1309 ὦ
1328 1257 1631 1328 ἄνθρωποι,
1676 1256 1710 1327 ἡ
1744 1256 1840 1310 καὶ

243 1351 622 1420 ναυαγήσαντι
659 1350 1068 1420 συνεκνήχεται,
1113 1351 1207 1403 καὶ
1241 1351 1335 1402 ἐπὶ
1374 1350 1476 1419 τῆς
1510 1350 1709 1420 χέρσου
1746 1366 1838 1417 γε·

244 1442 477 1511 νόμενον
509 1440 717 1511 γυμνὸν
756 1440 1083 1512 τιμιώτερον
1117 1440 1391 1507 ἀποδείξει
1436 1440 1545 1494 τῶν
1588 1439 1840 1511 εὐδαιμό-

244 1549 377 1585 νων.
412 1534 521 1585 Kal.
546 1531 686 1585 οὕτω
726 1530 1033 1603 βιώσωμεν,
1073 1532 1149 1596 ὡς
1197 1532 1470 1602 μηδέποτε
1510 1530 1579 1585 τὰ
1635 1531 1839 1603 παρελ-

246 1624 731 1695 θόνταικρείττονα
775 1618 914 1676 εἶναι
945 1622 1056 1676 τῶν
1095 1623 1426 1695 μελλόντων
1459 1621 1627 1690 Μηδὲ
1663 1624 1840 1677 εἴπω-

237 1732 384 1785 μεν,
419 1714 507 1768 ὅτι
532 1718 592 1768 al
617 1713 828 1783 ἡμέραι
854 1718 915 1769 αἱ
946 1716 1238 1785 πρότερον
1260 1714 1476 1785 ἀγαθαί
1501 1710 1666 1786 ἦσαν
1685 1714 1838 1784 ὑπὲρ

1943 545 2072 598 illuc
2119 544 2546 599 transferantur.
2593 542 2780 598 Virtus
2823 550 3008 598 autem
3043 558 3112 599 ex
3154 544 3527 614 possessioni-

1940 636 2045 691 bus
2083 637 2202 692 sola
2248 648 2331 691 est
2377 652 2499 706 quae
2546 644 2783 704 nequeat
2827 636 3057 700 auferri,
3118 642 3174 691 et
3208 635 3414 690 viventi
3462 650 3529 691 ac

1940 734 2161 780 mortuo
2188 741 2300 779 non
2331 726 2495 780 desit.
2526 724 2679 780 Unde
2705 735 2760 780 et
2787 724 2954 781 Solon
2980 725 3117 780 mihi
3149 726 3366 782 videtur
3391 725 3524 782 illud

1940 815 2010 871 ad
2046 815 2247 872 divites
2269 816 2454 871 dicere

2236 929 2493 983 Virtutem
2532 946 2636 982 non
2665 928 2791 983 mihi
2817 929 3018 986 divitiis

2009 997 2327 1055 Permutare
2355 1002 2512 1065 libet,-
2548 1016 2775 1071 namque
2806 1000 2918 1056 haec
2946 1002 3190 1058 consistit
3222 1003 3279 1058 in
3333 1019 3520 1071 mm,

2106 1133 2321 1189 Divitiw
2348 1134 2538 1189 cedunt
2563 1150 2703 1187 nunc
2734 1133 2851 1201 tibi,
2885 1153 3024 1191 nunc
3051 1138 3169 1193 alii.

1939 1245 2017 1316 (Ι)
2055 1244 2236 1312 Quare
2284 1247 2532 1301 habenda
2574 1258 2659 1303 est
2704 1248 2880 1309 vobis.
2909 1264 2943 1303 ο
2983 1250 3254 1319 homines,
3302 1251 3527 1310 virtutis

1940 1353 2097 1401 cura,
2133 1354 2255 1408 qua!
2283 1349 2336 1392 et
2361 1356 2468 1394 una
2504 1355 2628 1394 cum
2674 1342 2965 1413 naufragio
2986 1350 3192 1410 enatat,
3223 1351 3276 1398 et
3317 1344 3525 1399 nudum

1941 1429 1997 1483 in
2026 1422 2234 1484 terram
2266 1430 2503 1499 ejectum
2546 1432 2799 1490 felicibus
2831 1435 3020 1489 reddet
3049 1436 3524 1491 venerabiliorem.

1941 1521 2018 1588 (ﬁ)
2061 1521 2240 1591 Atque
2273 1524 2346 1576 ita
2378 1525 2543 1579 vitam
2579 1526 2955 1591 inStituamus,
2996 1537 3057 1581 ut
3087 1544 3210 1598 quae
3248 1530 3528 1599 praeterie-

1939 1623 2091 1676 runt,
2123 1630 2406 1685 nunquam
2436 1617 2665 1693 meliora
2692 1618 2805 1674 sint
2837 1620 3199 1689 sequentibus
3231 1639 3244 1676 :
3272 1620 3356 1676 Ne
3383 1623 3531 1677 dixe-

1939 1704 2037 1766 ris,
2083 1706 2210 1775 quia
2263 1708 2374 1762 dies
2417 1708 2620 1775 priores
2675 1720 2827 1764 erant
2882 1711 3007 1765 boni
3049 1728 3207 1781 super
3245 1715 3426 1768 Icos".
3467 1712 3526 1769 Si

245 1810 496 1874 ταύτας.
544 1805 803 1878 Ἐἀνγάρ
848 1809 907 1860 αἱ
947 1806 1286 1879 προάγουσαι
1337 1807 1544 1880 ἡμέραι
1602 1806 1841 1877 βελτίους

1943 1795 2087 1851 enim
2123 1795 2242 1852 dies
2282 1798 2496 1868 priores
2530 1801 2936 1869 posterioribus
2965 1811 3097 1858 sunt
3133 1805 3412 1867 meliores.
3440 1806 3526 1859 di-

244 1894 354 1953 ὦσι
395 1899 503 1952 τῶν
548 1899 684 1969 μετά
709 1898 903 1963 ταῦτα,
957 1898 1284 1971 λεχθήσεται
1338 1900 1505 1971 ἡμῖν’
1565 1900 1839 1955 Τοσαῦτα

241 1990 498 2045 ἐπάθετε
540 1989 695 2059 εἰκῆ,
734 1991 1172 2063 ἀμαυρουμένων
1213 1989 1322 2045 τῶν
1374 1990 1558 2045 καλῶν
1603 1991 1708 2045 ὑπὸ
1741 1993 1840 2063 τῆς

243 2082 313 2134 ὲν
342 2084 454 2145 τοῖς
474 2079 697 2152 ὕστερον
729 2081 1008 2153 ἀμελείας.
1041 2082 1257 2153 Ὥσπερ
1276 2082 1385 2155 γὰρ
1407 2083 1437 2134 6
1465 2082 1841 2155 τελειούμενος

241 2175 363 2237 τοῖς
390 2172 700 2244 ἔμπροσθεν
730 2173 1124 2237 ἐπεκτείνεται,
1146 2172 1321 2237 οὕτως
1344 2176 1372 2227 6
1402 2175 1735 2246 ἁμαρτάνων
1761 2176 1841 2240 είς

241 2265 314 2318 τὸ
346 2266 574 2320 κατόπιν
619 2265 955 2330 ἀναποδίζει.
986 2266 1084 2330 Τίς
1121 2266 1177 2318 δὲ
1217 2267 1421 2337 μείζων
1468 2267 1668 2330 κακίας
1712 2267 1844 2320 ἁπό-

241 2356 434 2423 δειξις,
469 2357 502 2428 ἢ
537 2360 569 2428 ή
602 2357 695 2411 τοῦ
727 2357 932 2426 ἀγαθοῦ
975 2357 1394 2427 ὲγκατάλειψιςς
1426 2359 1535 2412 Καὶ
1575 2359 1841 2430 πονηρίας

241 2446 549 2520 ὑπερϐολὴ,
573 2448 634 2500 τὸ
666 2446 964 2520 παροξῦναι
1018 2448 1108 2502 τὸν
1159 2449 1363 2516 ἀγαθὸν
1411 2449 1505 2502 καὶ
1533 2451 1732 2520 πρᾶον.
1766 2450 1840 2502 Τὸ

246 2537 364 2609 γὰρ
421 2537 651 2608 ἔσχατον
705 2539 764 2593 ἐν
819 2538 1074 2610 πονηρίᾳ,
1134 2539 1231 2592 καὶ
1283 2538 1422 2610 πρὸς
1480 2540 1645 2593 ἑαυτό
1692 2542 1840 2593 ἐστιν

247 2626 582 2698 ἀσύμφωνον
601 2646 613 2658 ’
643 2628 737 2682 καὶ
760 2627 903 2681 ἔοικε
925 2629 985 2682 τὸ
1016 2629 1205 2692 κακὸν,
1242 2631 1302 2682 οὐ
1344 2629 1421 2700 τῷ
1463 2630 1653 2701 ἀγαθῷ
1681 2632 1834 2684 ἐναν-

247 2719 498 2773 τιοῦσθαι
539 2718 715 2790 μόνον.
743 2719 881 2773 ἀλλά
919 2721 1015 2774 καὶ
1048 2722 1183 2774 αὐτὸ
1235 2720 1433 2791 ἑαυτῷ.
1485 2723 1695 2794 ’Ὠσπερ
1747 2719 1841 2777 οὖν

248 2811 481 2882 ἡττᾶται
506 2812 697 2876 σκότος
722 2815 786 2884 τῇ
812 2811 905 2866 τοῦ
936 2813 1115 2882 φωτὸς
1149 2814 1449 2885 παρουσίᾳ,
1478 2816 1572 2868 καὶ
1622 2816 1839 2867 νικᾶται

251 2901 408 2964 νόσος
434 2905 502 2973 τῇ
535 2901 635 2973 τῆς
665 2903 854 2972 ὑγείας
891 2903 1173 2976 ἐπιδημίᾳ,
1224 2903 1322 2957 καὶ
1368 2907 1402 2975 ἡ
1456 2904 1576 2959 κατ’
1633 2906 1838 2977 ἀρετὴν

251 2993 506 3065 προκοπὴ
536 2994 631 3047 ἐπὶ
667 2993 731 3046 τὸ
768 2993 951 3065 μεῖξον
981 2995 1090 3047 ἀπὸ
1125 2993 1236 3047 τῶν
1276 2993 1577 3048 ἐλαττόνων
1613 3000 1711 3067 τὴν
1744 2995 1839 3048 αὖ-

252 3083 413 3155 ξησιν
441 3084 589 3155 ἔχει·
620 3084 764 3138 οὓτω
806 3087 900 3139 καὶ
931 3088 965 3158 ή
1010 3087 1110 3156 τῆς
1142 3086 1341 3150 κακίας
1387 3087 1544 3158 χύσις
1584 3088 1693 3141 ἀπὸ
1732 3089 1838 3141 τῶν

1942 1892 2100 1941 cetur
2134 1887 2293 1942 nobis
2326 1907 2340 1943 ε
2377 1889 2552 1943 Tanta
2578 1892 2728 1959 passi
2769 1893 2894 1947 estis
2928 1894 3039 1948 sine
3068 1911 3230 1949 causa
3257 1896 3340 1949 "‘2
3369 1897 3527 1953 bonis

1942 1978 2011 2034 ad
2048 1980 2283 2035 nihilum
2328 1982 2572 2039 redactis
2619 2000 2729 2054 pra:
2772 1984 3140 2057 subsequente
3173 1988 3525 2058 negligentia.

1944 2072 2020 2142 (5)
2056 2071 2528 2138 Quemadmodum
2579 2076 2724 2130 enim
2772 2077 2821 2131 is
2862 2078 2958 2147 qui
3016 2077 3084 2132 ad
3134 2079 3526 2148 perfectionem

1940 2161 2249 2227 contendit,
2283 2162 2338 2216 in
2364 2164 2642 2219 anteriora
2666 2168 3015 2235 progreditur
3043 2188 3054 2220 :
3083 2168 3159 2221 ita
3186 2169 3281 2238 qui
3310 2178 3525 2238 peccat,

1938 2251 2103 2323 472
2131 2263 2276 2307 retro
2300 2255 2490 2324 pedem
2536 2255 2721 2311 refert.
2769 2256 2845 2328 (4)
2890 2257 3176 2323 Quodnam
3205 2269 3386 2314 autem
3418 2276 3530 2314 nia-

1935 2344 2030 2413 jus
2076 2346 2298 2399 malitiae
2331 2356 2743 2416 argumentum,
2784 2361 2952 2417 quam
2999 2363 3030 2402 a
3070 2348 3215 2403 bono
3254 2348 3530 2404 deficere?

1942 2436 2230 2491 Summum
2264 2447 2353 2492 est
2396 2439 2708 2507 pravitatis,
2746 2440 2948 2493 bonum
2986 2454 3049 2493 ac
3082 2440 3266 2494 mitem
3295 2455 3530 2510 exaspe-

1940 2543 2086 2583 rare.
2138 2528 2294 2595 Quod
2339 2531 2482 2584 enim
2536 2530 2591 2584 in
2648 2531 3000 2601 improbitate
3058 2538 3361 2585 extremum
3404 2544 3525 2596 est,

1942 2618 2085 2673 idem
2133 2621 2297 2673 etiam
2349 2637 2534 2676 secum
2570 2622 2747 2692 ipsum
2804 2633 3028 2693 pugnat.
3071 2622 3148 2695 (5)
3183 2622 3333 2677 Solet
3379 2626 3527 2679 enim

1941 2711 2144 2765 malum
2160 2727 2268 2765 non
2294 2713 2470 2766 solum
2497 2713 2661 2776 bono,
2688 2713 2782 2767 sed
2803 2715 2969 2767 etiam
2988 2714 3313 2784 sibimetipsi
3335 2714 3530 2770 adver-

1941 2805 2074 2858 sari.
2103 2802 2575 2870 Quemadmodum
2609 2806 2780 2876 igiiur
2799 2807 3098 2863 vincuntur
3130 2807 3368 2861 tenebrae
3389 2807 3529 2862 lucis

1940 2897 2256 2966 praesentia,
2291 2907 2694 2968 superaturque
2728 2900 2956 2954 morbus
2980 2899 3235 2953 sanitatis
3267 2899 3527 2965 adventu,

1942 2989 2020 3060 (6)
2059 3006 2121 3043 ac
2144 3006 2473 3061 progressus
2507 2992 2561 3046 in
2587 2993 2807 3058 virtute,
2831 3009 2861 3047 a
2885 2993 3193 3047 minoribus
3221 2993 3287 3045 ad
3320 2995 3528 3062 majora

1941 3083 2103 3161 capit.
2147 3084 2691 3138 incrementumzita
2744 3086 2964 3140 malitiae
3014 3085 3210 3140 eﬂ'usio
3267 3100 3298 3139 a
3346 3087 3530 3156 parvis

251 3177 659 3248 ὑποδεεστέρων
684 3177 794 3230 τῶν
823 3178 882 3244 ἐξ
913 3177 1089 3251 ἀρχῆς
1122 3180 1215 3232 ἐπὶ
1258 3178 1319 3231 τὸ
1345 3181 1642 3250 ἀνήκεστον
1676 3180 1838 3250 φέρε-

1943 3173 2217 3236 initiis,ad
2238 3177 2440 3245 aliquid
2475 3177 2875 3233 immedicabile
2896 3178 3224 3233 devolvitur.
3246 3179 3321 3251 (7)
3357 3178 3531 3234 Porro

249 3287 368 3324 ται.
396 3269 568 3341 Ἀρχὴ
595 3269 652 3322 δὲ
683 3270 821 3341 πρὸς
848 3269 945 3342 τὴν
976 3270 1244 3341 ἀνάληψιν
1269 3270 1379 3324 τῶν
1404 3270 1607 3329 καλῶν.
1654 3272 1687 3340 ἠ
1723 3273 1843 3324 ἀνα-

250 3360 497 3433 χώρησις
530 3361 640 3414 τῶν
682 3362 890 3417 κακῶν.
946 3363 1281 3417 Ἔκκλινον
1326 3362 1456 3432 γὰρ,
1503 3363 1688 3431 φησὶν,
1723 3362 1842 3416 ἀπὸ

253 3452 469 3517 κακοῦ,
510 3453 609 3507 καὶ
652 3454 917 3521 ποίησον
960 3454 1206 3524 ἀγαθόν.
1239 3457 1302 3509 Εἰ
1342 3456 1451 3527 γὰρ
1486 3455 1648 3520 εὐθὺς
1685 3473 1845 3526 προσ-

254 3544 419 3599 έϐαλέ
447 3562 529 3598 σοι
550 3546 619 3598 τά
650 3545 857 3611 τέλεια,
891 3547 1225 3617 ἀπώκνησας
1259 3547 1324 3602 ἂν
1358 3549 1495 3618 πρὸς
1526 3549 1623 3618 τὴν
1666 3548 1843 3618 ἐγχεί-

259 3650 417 3706 ρησιν
435 3651 450 3665 °
469 3634 587 3687 νυνὶ
619 3634 677 3687 δὲ
700 3638 815 3699 τοῖς
860 3635 1279 3707 εὐληπτοτὲροις
1307 3653 1366 3689 σε
1395 3637 1724 3707 προσεθίζει,
1757 3638 1843 3689 ἵνα

255 3725 683 3800 κατατολμήσῃς
703 3727 812 3781 τῶν
845 3726 1067 3797 ἐφεξῆς.
1110 3727 1203 3789 Ὠς
1229 3726 1339 3799 γὰρ
1368 3729 1462 3781 ἐπὶ
1497 3729 1598 3799 τῆς
1644 3729 1843 3800 κλίμα-

255 3833 352 3880 κος
378 3816 570 3889 πρώτη
595 3818 882 3884 ἀνάϐασις,
911 3820 945 3890 ἡ
974 3818 1083 3895 τῆς
1106 3820 1210 3890 γῆς
1241 3818 1591 3890 ἀναχώρησις
1609 3834 1624 3850 ’
1668 3818 1843 3883 οὕτως

255 3907 351 3960 ἐπὶ
378 3908 477 3980 τῆς
498 3909 639 3963 κατά
664 3910 798 3963 Θεὸν
828 3910 1124 3975 πολιτείας,
1145 3909 1290 3982 ἀρχὴ
1325 3913 1634 3982 προκοπῆς,
1676 3914 1704 3964 ὁ
1731 3912 1842 3965 τῶν

257 3995 447 4051 κακῶν
475 4000 778 4069 χωρισμός.
819 4000 965 4065 Ἕως
1000 4001 1101 4069 μὲν
1155 3996 1249 4055 οὖν
1277 4001 1472 4073 νήπιός
1517 4003 1667 4054 ἐστιν
1706 4002 1838 4055 ἕκα-

262 4106 390 4153 στος
416 4089 594 4160 ἡμῶν,
621 4092 681 4145 τὸ
712 4092 771 4147 ὲν
799 4093 876 4164 τῷ
907 4094 1135 4167 παρόντι
1173 4095 1267 4167 ἡδὺ
1316 4094 1550 4159 διώκων,
1586 4096 1843 4167 οὐδεμίαν

255 4176 354 4231 τοῦ
383 4179 670 4250 μέλλοντος
702 4182 1031 4255 κηδεμονίαν
1062 4188 1327 4239 ποιεῖταιο
1364 4186 1504 4258 ἀνὴρ
1532 4187 1591 4240 δὲ
1617 4188 1843 4258 γενόμε-

257 4285 371 4333 νος,
406 4272 543 4342 μετὰ
587 4272 680 4328 τὸν
721 4275 1069 4346 ἀπαρτισμὸν
1108 4276 1218 4330 τῶν
1264 4279 1504 4346 ἐννοιῶν,
1543 4273 1656 4333 οἷον
1710 4281 1843 4351 ὁρᾷν

259 4362 409 4416 δοκεῖ
434 4364 526 4418 τὸν
545 4364 658 4436 βίον
683 4367 833 4439 αὐτῷ
862 4368 1178 4441 σχιζόμενον
1212 4370 1349 4443 πρὸς
1385 4372 1588 4444 ἀρετὴν
1621 4374 1714 4426 καὶ
1745 4390 1844 4427 κα-

1943 3265 2272 3334 principium
2318 3267 2588 3320 bonorum
2639 3268 3104 3339 acquirendorum
3154 3276 3240 3325 est
3274 3285 3530 3325 recessus

1943 3357 2157 3409 amulo.
2194 3354 2414 3410 Declina
2463 3374 2495 3409 a
2547 3357 2712 3421 malo,
2760 3359 2961 3428 inquit,
3011 3368 3062 3412 et
3108 3358 3196 3429 fac
3246 3360 3437 3412 bonum
3460 3358 3528 3411 ¹⁶.

1945 3446 2023 3519 (8)
2060 3448 2271 3504 Etenim
2303 3450 2348 3505 si
2379 3452 2561 3505 statim
2592 3467 2655 3506 ea
2680 3467 2802 3522 quae
2832 3465 2962 3507 sunt
2989 3451 3250 3522 perfecta,
3273 3452 3371 3506 tibi
3400 3467 3531 3524 pro-

1943 3544 2241 3614 posuisset,
2276 3546 2344 3599 ad
2366 3561 2430 3600 ea
2457 3546 2713 3600 tentanda
2740 3547 2942 3603 fuisses
2967 3549 3353 3616 cunctantior;
3382 3562 3532 3602 nunc

1943 3645 2124 3689 autem
2147 3637 2491 3689 facilioribus
2506 3647 2558 3692 te
2569 3637 2889 3701 assuefacit,
2913 3647 2972 3692 ut
2988 3638 3055 3692 ad
3072 3654 3136 3694 ea
3149 3654 3270 3709 qua:
3287 3653 3530 3708 sequunn

1944 3724 2288 3792 tur,aggredi
2318 3723 2543 3778 audeas.
2573 3724 2646 3795 (9)
2665 3724 3133 3791 Quemadmodum
3149 3728 3364 3782 enimin
3381 3730 3529 3784 scala

1943 3814 2154 3883 primus
2186 3815 2410 3885 gradus,
2447 3831 2700 3872 recessus
2733 3818 2804 3873 ab
2836 3819 3002 3872 humo
3044 3826 3128 3874 est
3156 3838 3168 3873 :
3200 3819 3277 3874 ita
3305 3819 3364 3874 in
3402 3821 3530 3877 vita

1944 3910 2247 3985 secundum
2286 3908 2456 3963 Deum
2498 3909 2775 3972 instituto,
2816 3909 3100 3980 profectus
3135 3898 3380 3976 initium,
3414 3910 3528 3967 dis‘

1944 4012 2135 4053 cessus
2164 4013 2195 4051 a
2223 3999 2366 4053 maio
2400 4007 2505 4054 est.
2523 3999 2637 4071 (l0)
2664 4000 2798 4054 Dum
2829 4001 2997 4071 igitur
3026 4001 3408 4072 unusquisque
3431 4017 3506 4057 no

1944 4101 2116 4144 suum
2145 4105 2280 4159 puer
2316 4099 2422 4158 est,
2458 4092 2514 4146 id
2540 4093 2687 4163 quod
2719 4093 2876 4148 adest
2897 4092 3201 4163 jucundum
3240 4097 3526 4165 persequi-

1943 4189 2055 4246 tur,
2084 4198 2261 4253 neque
2291 4184 2455 4240 habet
2489 4186 2655 4239 ullam
2687 4185 2999 4239 futurorum
3039 4200 3262 4253 curam;
3284 4186 3395 4256 jam
3430 4202 3523 4241 au-

1944 4280 2052 4328 tem
2096 4274 2182 4328 vir
2209 4275 2414 4343 iactus,
2452 4285 2580 4348 post
2621 4278 2822 4348 judicii
2869 4277 3289 4350 perfectionem,
3348 4279 3525 4336 videre

1945 4364 2049 4418 sibi
2091 4363 2309 4421 videtur
2354 4367 2582 4423 bifidum
2615 4369 2741 4424 vita:
2776 4369 2882 4425 iter
2926 4368 2995 4424 ad
3039 4370 3298 4425 virtutem
3345 4377 3400 4424 et
3448 4371 3529 4426 vi-

260 4453 420 4508 κίαν⁶
461 4456 556 4510 καὶ
581 4458 785 4512 πυκνὸν
814 4460 950 4531 πρὸς
972 4462 1235 4533 ἑκάτερον
1256 4462 1317 4515 τὸ
1346 4462 1505 4533 ὄμμα
1536 4464 1636 4534 τῆς
1662 4463 1841 4535 ψυχῆς

1948 4456 2109 4521 tium,
2141 4472 2206 4513 ac
2241 4475 2385 4531 saepe
2418 4462 2642 4516 oculum
2686 4461 2855 4515 animi
2887 4461 2941 4516 in
2974 4469 3271 4531 utrumque
3299 4475 3531 4516 conver-

264 4547 675 4619 μεταστρέφων,
704 4550 1022 4621 παράλληλα
1071 4552 1245 4624 κρίνει
1288 4552 1357 4605 τά
1400 4555 1649 4626 ἑκατέρῳ
1678 4572 1849 4626 προσ-

1954 4559 2097 4613 tens,
2122 4552 2496 4621 comparando
2529 4552 2799 4622 dijudicat
2824 4568 2946 4624 qua:
2972 4554 3192 4625 utrique
3226 4553 3437 4609 insunt.
3464 4552 3531 4606 Et

259 4636 412 4692 όντα.
436 4639 547 4694 Καὶ
567 4640 597 4692 6
622 4640 720 4711 μὲν
748 4641 857 4694 τῶν
894 4642 1230 4714 ἁμαρτωλῶν
1260 4644 1374 4715 βίος
1400 4645 1579 4699 πάντα
1605 4645 1841 4699 δείκνυσι

1949 4651 2305 4710 peccatorum
2329 4645 2552 4714 quidem
2582 4646 2693 4700 vita
2714 4645 2900 4699 omnia
2925 4646 3168 4701 ostendit
3193 4647 3247 4700 in
3272 4646 3530 4715 praesenti

260 4730 333 4782 τὰ
367 4729 463 4783 τοῦ
494 4732 762 4804 παρόντος
790 4733 985 4799 αἰῶνος
1016 4736 1227 4807 τερπνά
1250 4752 1263 4763 ·
1303 4739 1332 4790 6
1370 4737 1428 4790 δὲ
1465 4737 1575 4791 τῶν
1618 4737 1841 4792 δικαίων

1948 4736 2154 4790 saeculo
2195 4736 2440 4807 jucunda
2468 4755 2481 4791 :
2509 4737 2786 4808 iustorum
2839 4753 2992 4803 vero,
3036 4740 3153 4794 sola
3209 4737 3378 4792 futuri
3429 4738 3531 4792 ιιινί

266 4818 405 4889 μόνα
429 4820 715 4890 ὑποφαίνει
734 4822 804 4875 τά
821 4822 915 4877 τοῦ
957 4823 1242 4895 μέλλοντος
1268 4824 1468 4893 ἀγαθά.
1521 4826 1631 4878 Καὶ
1663 4827 1696 4897 ἡ
1741 4827 1841 4898 μὲν

1946 4821 2092 4877 bona
2147 4833 2565 4882 commonstrat.
2632 4826 2701 4881 Et
2755 4835 2905 4883 certe
2964 4827 3352 4882 salvandorum
3408 4832 3530 4893 via,

262 4909 372 4963 τῶν
397 4911 719 4983 σωζομένων
747 4914 886 4979 ὁδὸς,
910 4915 1032 4968 ὅσον
1069 4916 1211 4969 καλά
1239 4917 1579 4986 ὑπισχνεῖται
1615 4917 1685 4971 τὰ
1713 4919 1841 4990 μέλ-

1945 4924 2156 4984 quanto
2187 4918 2500 4986 pulchriora
2529 4918 2818 4989 pollicetur
2853 4918 3060 4984 futura,
3103 4925 3256 4972 tanto
3291 4918 3530 4972 laborio-

262 4997 446 5062 λοντα,
467 5002 719 5057 τοσοῦτον
747 5005 979 5059 ἐπίπονα
1007 5005 1305 5077 παρέχεται
1332 5006 1400 5059 τὰ
1427 5007 1670 5078 παρόντα
1688 5025 1701 5038 υ
1733 5010 1762 5060 ὁ
1786 5008 1841 5061 δὲ

1952 5007 2100 5061 siora
2132 5007 2353 5061 exhibet
2381 5009 2670 5078 praesentia
2703 5026 2716 5062 :
2747 5008 2859 5080 (ll)
2881 5008 3126 5078 jucunda
3152 5014 3332 5062 autem
3363 5015 3418 5062 et
3447 5008 3530 5061 in-

264 5090 398 5161 ἡδὺς
449 5091 542 5145 καὶ
586 5092 884 5159 ἀκόλαστος
940 5094 1054 5165 βίος
1097 5095 1220 5166 οὐχὶ
1280 5096 1735 5168 προσδοκωμένην
1768 5098 1841 5162 εἰς

1956 5107 2272 5169 temperans
2303 5100 2416 5154 vita
2458 5116 2568 5155 non
2606 5108 2980 5171 exspectatam
3019 5100 3073 5156 in
3100 5108 3404 5171 pusterum,
3434 5098 3530 5154 sed

343 5245 386 5276 “
410 5245 590 5302 Eccle.
625 5263 720 5313 vn,
751 5248 839 5303 ll.
918 5250 960 5281 ”
982 5249 1161 5304 Galat.
1198 5266 1282 5315 ιιι,
1320 5249 1372 5306 4.
1452 5252 1496 5283 ⁸⁸
1520 5248 1669 5308 Psal.
1709 5269 1895 5321 xxxw,
1924 5251 2017 5308 27.

453 5400 538 5486 Px
567 5417 735 5457 Serm.
764 5402 840 5486 De
867 5404 1095 5486 legendis
1120 5404 1269 5486 libris
1304 5404 1603 5476 gentilium,
1630 5405 1754 5461 177.
1862 5386 1865 5389 ν

343 5410 421 5486 (ι)
462 5410 538 5485 1ij
567 5417 735 5457 set-tn.
764 5410 840 5457 De
867 5410 1095 5487 legendis
1120 5410 1269 5458 libris
1304 5410 1603 5476 gentilium,
1630 5410 1754 5461 177.
2027 5410 2104 5481 (7)
2133 5410 2208 5465 Ex
2240 5411 2425 5466 liomil.
2458 5412 2509 5467 in
2539 5413 2677 5482 psal.
2707 5428 2746 5478 ι,
2771 5412 2862 5468 95.

341 5472 419 5543 (‘2)
452 5471 525 5543 itit
550 5484 843 5528 comment.
873 5492 927 5529 ιη
955 5473 1093 5540 Ιια.,
1130 5475 1252 5532 589.
2027 5483 2105 5543 (8)
2146 5482 2281 5538 Ibid.

2027 5483 2105 5552 (8)
2136 5482 2281 5552 ibid.

341 5541 419 5632 ἐξ)
450 5541 591 5632 ΡΡΨ·
2026 5541 2269 5632 (illeid.-

450 5613 693 5763 Ἐίὲίιιιιε
726 5684 903 5763 codex_
925 5686 1458 5763 indicat_A_utirrhet.
2367 5622 2457 5678 95.

343 5744 421 5825 (6)
452 5754 523 5808 Ex
543 5744 848 5812 'commcnt.
885 5758 938 5812 in
969 5757 1105 5823 Isa.,
1142 5758 1267 5811 588.
