3878 6222
439 313 579 369 “9.5
1347 314 1709 370 APPENDIX.
1743 345 1814 356 —
1852 314 2199 373 SHIEONIS
2222 317 2754 376 METAPHRASTE
3538 323 3656 376 Ηὲῑ

433 435 545 503 jam
585 439 902 502 pratsentcm
975 432 1229 502 proponit
1281 435 1634 503 voluptatem.
1688 432 1763 505 (1)
1812 433 2000 487 Beatus

2115 433 2364 506 ὕστερον,
2422 436 2538 490 ἀλλ’
2586 438 2686 509 ἤδη
2713 438 2990 510 παροῦσαν
3045 439 3376 510 προτείνεται
3418 437 3509 508 τὴν
3543 439 3658 491 ἀπό·

438 526 605 594 igitur
645 524 733 576 ille
755 524 846 592 qui
874 521 1167 590 voluptatis
1198 522 1470 577 illecebris
1495 537 1608 576 non
1639 523 1906 577 deductus
1929 532 2000 577 csl

2113 526 2322 580 λαυσιν..
2352 529 2635 600 Μακάριος
2658 525 2752 583 οὖν
2781 532 2809 582 ὁ
2845 531 2918 601 μὴ
2954 531 3308 602 περιτραπεὶς
3339 532 3403 582 ἐκ
3444 530 3542 582 τῶν
3576 531 3658 599 τῆς

438 613 505 666 ad
542 613 846 676 interitum,
878 626 941 664 ac
963 611 1018 664 in
1051 613 1338 679 utriusque
1365 612 1468 665 viae.
1496 612 1710 667 delectu
1745 628 1855 667 non
1890 629 2000 668 eam

2112 617 2306 689 ἡδονῆς
2339 619 2718 692 δελεασμάτων
2753 623 2891 692 πρὸς
2931 623 3030 693 τὴν
3061 622 3352 685 ἀπώλειαν,
3393 623 3487 674 καὶ
3516 624 3569 675 ἐν
3601 624 3656 690 τῇ

440 705 722 773 ingressus
757 713 840 758 est
883 719 1005 772 qua:
1036 703 1188 757 ducit
1235 703 1302 756 ad
1333 703 1544 774 pejora.
1581 703 1657 775 (2)
1688 704 1888 760 Beatus
1921 706 2012 761 ille

436 805 522 851 est
565 797 659 865 qui
698 797 766 850 ab
813 795 958 848 omni
997 809 1091 864 spe
1131 808 1314 846 rerum
1362 793 1527 862 hujus
1579 794 1768 848 mundi
1811 802 2012 850 semet-

437 889 614 957 ipsum
635 889 922 946 abstraxit,
947 900 1012 940 ac
1031 887 1244 940 unicam
1268 900 1419 954 spem
1443 900 1597 939 suam
1623 885 1793 940 Deum
1822 886 2007 942 habet.

437 977 898 1042 Quemadmodum
927 977 1073 1030 enim
1127 977 1448 1031 maledictus
1487 984 1571 1031 est
1605 977 1766 1030 homo
1801 978 1878 1047 ('5)
1916 977 2010 1047 qui

436 1085 587 1139 Spem
645 1069 806 1123 habet
858 1068 913 1122 in
964 1068 1186 1122 homine
1226 1088 1240 1122 :
1284 1068 1358 1122 ita
1415 1068 1736 1123 benedictus
1783 1079 1867 1123 est
1912 1069 2014 1138 qui

436 1162 688 1216 innititur
719 1160 970 1214 Domino.
1002 1158 1120 1213 Non
1145 1160 1289 1214 enim
1320 1174 1448 1229 spes
1479 1160 1533 1212 in
1568 1159 1735 1213 Deum
1769 1160 2009 1216 alternas

433 1253 582 1308 vices
620 1253 876 1318 admittit,
935 1267 1037 1305 nec
1082 1252 1223 1305 solet
1268 1249 1533 1306 Dominus
1585 1251 1800 1320 plenam
1849 1266 2008 1306 suam

433 1361 590 1414 opem
618 1346 668 1400 ei
708 1343 871 1407 ferre,
915 1344 1011 1414 qui
1049 1345 1211 1397 modo
1240 1344 1459 1412 quidem
1490 1343 1544 1396 in
1577 1343 1826 1413 pecuniis
1855 1357 2004 1412 spem

433 1452 588 1491 suam
625 1435 912 1490 constituit
937 1443 992 1488 et
1025 1435 1078 1488 in
1113 1435 1283 1500 gloria
1327 1434 1566 1486 humana
1596 1448 1658 1485 ac
1687 1433 1875 1487 mundi
1908 1448 2008 1502 po-

431 1535 649 1589 testate,
684 1527 846 1581 modo
881 1541 1012 1580 vero
1039 1525 1205 1580 Deum
1239 1535 1494 1594 tanquam
1543 1539 1694 1593 spem
1743 1524 1846 1578 sibi
1879 1539 2008 1594 pro-

434 1623 588 1691 ponit
617 1641 629 1675 :
664 1621 756 1676 sed
787 1635 913 1676 vere
941 1619 1406 1691 acquiescendum
1438 1618 1492 1672 in
1523 1616 1619 1673 Dei
1651 1617 1876 1671 auxilio.

502 1883 555 1936 4.
603 1879 677 1951 (4)
708 1879 948 1949 imperiti
985 1886 1166 1932 autem
1214 1877 1485 1943 homines,
1519 1877 1818 1946 mundique
1862 1891 2007 1930 ama-

431 1984 614 2036 tores,
655 1988 780 2025 cum
845 1973 973 2024 boni
1020 1970 1194 2040 ipsius
1241 1969 1491 2038 ignorent
1535 1979 1816 2031 naturam,
1863 1983 2006 2038 saepe

432 2066 588 2118 beata
621 2064 958 2125 existimant,
988 2077 1109 2132 qua:
1137 2062 1341 2115 nullius
1377 2060 1538 2130 pretii
1580 2067 1730 2124 sunt,
1761 2057 2005 2123 divitias,

432 2157 750 2219 sanitatem,
789 2155 915 2209 vita:
955 2153 1300 2223 Splendorem
1333 2167 1600 2224 :quarum
1637 2167 1818 2206 rerum
1869 2150 2004 2204 nihil

429 2254 514 2301 est
548 2260 646 2300 sua
678 2244 850 2313 ipsius
879 2253 1075 2297 natura
1109 2243 1336 2305 bonum,
1377 2256 1488 2294 non
1530 2241 1707 2295 solum
1748 2239 1895 2309 quod
1927 2241 2004 2291 fa-

430 2338 537 2392 cile
567 2337 620 2389 iu
647 2335 925 2389 contraria
957 2341 1255 2396 mutentur,
1287 2331 1380 2388 sed
1409 2332 1554 2402 quod
1584 2347 1652 2385 ne
1678 2331 1852 2385 bonos
1883 2330 2008 2400 qui-

429 2428 552 2483 dem
587 2428 797 2481 valeant
825 2441 1174 2495 possessores
1199 2440 1329 2478 suos
1358 2424 1606 2478 reddere.
1642 2423 1718 2493 (5)
1751 2421 1854 2488 Qui
1873 2437 2005 2492 ergo

431 2517 488 2570 in
529 2517 632 2570 hac
679 2517 789 2569 vita
845 2524 1119 2579 versatur,
1174 2513 1414 2569 nondum
1466 2522 1690 2583 propter
1735 2513 2002 2567 incertum

429 2611 637 2664 exitum
678 2611 871 2664 beatus
923 2619 1008 2665 est
1055 2609 1476 2679 praedicandus;
1531 2609 1622 2679 qui
1674 2624 1804 2663 vero
1843 2623 2003 2662 suum

429 2702 728 2772 expleverit
759 2701 1018 2769 oﬂicium,
1066 2705 1344 2771 vitamque
1385 2709 1538 2755 certo
1572 2701 1676 2755 ﬁne
1719 2700 2000 2764 clauserit,

429 2794 477 2848 is
515 2793 627 2862 jam
684 2793 878 2849 beatus
930 2802 1046 2847 tuto
1077 2793 1298 2847 dicitur.
1349 2792 1421 2863 (6)
1453 2794 1519 2847 Et
1547 2792 1639 2862 qui
1675 2790 1878 2846 faciunt
1908 2789 2006 2844 bo—

431 2901 584 2950 num,
611 2887 666 2939 in
693 2886 810 2955 ipsa
832 2886 1051 2940 actione
1077 2893 1494 2956 consequuntur
1517 2882 1998 2952 approbationem:

431 2976 527 3032 sed
561 2978 653 3046 qui
692 2978 866 3030 vitant
900 2978 1126 3038 malum,
1164 2977 1419 3030 laudandi
1454 2992 1565 3030 non
1591 2983 1742 3037 sunt,
1775 2974 1822 3028 si
1861 2972 2002 3027 forte

431 3068 598 3121 semel
624 3065 785 3137 473
817 3076 909 3120 aut
950 3067 1146 3121 iterum
1189 3075 1472 3136 peceatum
1507 3065 1857 3128 cvitaverint,
1901 3062 1998 3119 sed

429 3159 476 3213 si
503 3161 726 3212 omnino
786 3160 912 3212 mali
975 3139 1368 3228 experientiam
1429 3158 1705 3212 declinare
1766 3154 1996 3225 possint.

430 3253 507 3319 (7)
543 3249 600 3303 Si
631 3249 795 3319 igitur
817 3257 1031 3318 oportet
1063 3259 1124 3304 ut
1157 3249 1391 3319 quisque
1413 3249 1579 3301 vitam
1612 3248 1872 3316 optimam
1901 3246 2000 3300 eli-

429 3350 540 3409 gat,
588 3351 878 3410 sperelque
929 3341 1327 3396 consuetudine
1379 3340 1678 3410 jucundam
1729 3337 1998 3394 redditum

429 3433 516 3496 iri,
545 3433 752 3502 optima
781 3434 1002 3503 aggredi
1034 3448 1130 3502 par
1153 3441 1255 3488 est.
1288 3434 1470 3501 Turpe
1495 3440 1579 3486 est
1613 3431 1758 3486 enim
1783 3438 1998 3498 tempus

429 3539 669 3594 praesens
701 3521 1035 3591 amittentes,
1065 3525 1306 3594 elapsum
1341 3533 1530 3594 postea
1565 3537 1845 3587 revocare,
1871 3536 1998 3574 cum

427 3618 562 3670 nihil
591 3619 716 3688 angi
748 3618 1008 3688 proderit.
1052 3618 1126 3688 (8)
1162 3616 1302 3671 Fieri
1341 3632 1452 3670 non
1482 3624 1680 3685 potest,
1719 3621 1776 3668 ut
1801 3614 1998 3667 divinae

426 3711 614 3776 gratiae
652 3725 881 3778 capaces
906 3709 1220 3771 reddamur,
1254 3709 1361 3762 nisi
1397 3709 1620 3762 malitia
1655 3706 1995 3768 all‘ectiones,

425 3817 546 3868 quae
587 3802 799 3857 animas
863 3809 1081 3856 nostras
1128 3810 1554 3873 occupaverant,
1603 3799 1994 3870 expulerimus.

431 3890 547 3945 Vidi
579 3907 680 3962 ego
716 3893 978 3958 medicos,
1008 3909 1114 3946 non
1150 3893 1303 3963 prius
1345 3893 1540 3947 dantes
1584 3893 1844 3948 salutaria
1883 3907 1998 3947 me-

423 3985 753 4048 dicamcnta,
783 4000 946 4054 quam
980 4001 1074 4054 per
1117 3986 1380 4038 vomitum
1426 3991 1786 4039 evacuassent
1826 3991 1997 4037 mate-

427 4075 562 4128 riam
597 4076 920 4138 morbidam,
949 4091 1112 4145 quam
1153 4076 1259 4131 sibi
1287 4076 1716 4144 intemperantes
1747 4089 1814 4128 ex
1851 4075 1994 4128 malo

425 4167 575 4220 victu
622 4178 962 4236 pepererant.
1017 4167 1126 4222 Sed
1161 4175 1216 4223 et
1249 4182 1346 4222 vas
1396 4168 1730 4238 graveolenti
1767 4167 1995 4221 humore

427 4260 579 4328 prius
613 4259 900 4322 imbutum,
930 4260 1033 4314 nisi
1063 4259 1226 4314 fuerit
1260 4259 1488 4322 elotum,
1525 4273 1637 4313 non
1668 4258 1863 4328 recipit
1899 4274 1996 4312 un-

424 4348 613 4418 guenti
653 4347 940 4403 fusionem.
983 4347 1317 4402 Eﬂ'undenda
1351 4329 1504 4414 ergo.
1540 4362 1664 4416 quae
1704 4347 1860 4416 prius
1905 4345 1992 4398 in-

2032 1769 2079 1830 Β

2109 711 2311 783 ἐκλογῇ
2349 713 2460 782 (11)
2495 715 2604 766 τῶν
2635 714 2768 768 ὁδῶν
2799 715 3074 784 ἑκατέρων
3111 715 3186 785 μὴ
3213 715 3409 777 ἐπιϐὰς
3439 715 3533 783 τῆς
3555 714 3657 766 ὁδοῦ

2108 804 2208 873 τῆς
2233 802 2477 872 ἀγούσης
2501 805 2594 857 ἐπὶ
2619 805 2689 856 τὰ
2714 803 2954 876 χείρονα.
2989 804 3272 874 Μακάριος
3289 805 3317 855 ό
3337 804 3513 869 πάσης
3533 801 3659 854 ἐλπί-

2108 893 2196 956 δος
2222 893 2332 948 τῶν
2359 894 2503 948 κατὰ
2535 894 2627 948 τὸν
2663 896 2864 965 κόσμον
2905 893 3092 947 τοῦτον
3126 895 3313 946 ἑαυτὸν
3351 895 3658 962 ἀποστήσας,

2110 986 2206 1039 καὶ
2255 986 2422 1057 μόνην
2454 986 2592 1058 ἔχων
2640 985 2830 1040 ἐαυτοῦ
2874 986 3062 1039 ἐλπίδα
3100 986 3191 1038 τὸν
3226 985 3380 1039 Θεόν.
3447 985 3529 1046 Ὡς
3569 985 3661 1052 γὰρ

2107 1077 2508 1148 ἐπικατάρατος
2551 1079 2856 1150 ἄνθρωπος,
2891 1079 2951 1142 ὃς
2985 1079 3083 1151 τὴν
3110 1077 3302 1131 ἐλπίδα
3335 1076 3451 1146 ἔχει
3479 1077 3558 1128 ἐπ’
3581 1075 3660 1128 άν-

2107 1168 2356 1239 θρωπρν·
2395 1168 2573 1232 οὕτως
2613 1169 2976 1240 εὐλογημένος
3013 1172 3042 1224 ὁ
3076 1169 3555 1241 ἐπιστηριζόμενος
3596 1169 3661 1236 τῷ

2107 1259 2317 1332 Κυρίῳ.
2363 1261 2438 1313 οὐ
2470 1259 2578 1331 γὰρ
2622 1261 2933 1331 ἐπιδέχεται
2990 1258 3476 1330 ἐπαμφοτερισμδν
3523 1259 3556 1327 ἡ
3595 1260 3661 1319 είς

2107 1348 2239 1404 Θεὸν
2277 1349 2455 1413 ἐλπὶς,
2493 1349 2614 1404 οὐδὲ
2667 1351 3023 1420 καταδέχεται
3069 1353 3097 1404 ό
3140 1349 3346 1420 Κύριος
3394 1348 3661 1416 ὁλόκληρον

2104 1440 2205 1512 τὴν
2246 1443 2377 1513 παρ’
2425 1440 2618 1495 ἐαυτοῦ
2669 1443 2928 1512 παρέχειν
2976 1441 3226 1513 βοήθειαν
3283 1440 3368 1508 τῷ
3417 1439 3546 1490 ποτέ
3581 1438 3661 1506 μὲν

2105 1533 2199 1586 ἐπὶ
2221 1533 2495 1604 χρήμασιν
2521 1532 2798 1602 ὴλπικότι,
2828 1532 2922 1585 καὶ
2942 1531 3065 1602 δόξῃ
3093 1530 3438 1602 ἀνθρωπίνῃ,
3469 1528 3558 1580 καὶ
3583 1528 3659 1578 δυ-

2105 1623 2268 1692 νάμει
2292 1625 2358 1692 τῇ
2387 1621 2527 1676 κατὰ
2561 1621 2785 1692 κόσμον,
2811 1620 2941 1673 ποτέ
2964 1620 3020 1673 δέ
3041 1619 3202 1672 αὑτὸν
3231 1618 3309 1682 ὡς
3337 1616 3530 1670 ἐλπίδα
3555 1617 3664 1668 ἐαυο

2108 1711 2204 1763 τοῦ
2260 1710 2726 1782 προϐαλλόμενον·
2762 1708 2900 1760 ἀλλὰ
2925 1708 3005 1761 δεῖ
3038 1708 3306 1778 ἀληθινῶς
3367 1705 3661 1759 ἐπαναπαύ-

2107 1801 2262 1855 εσθαι
2291 1805 2358 1872 τῇ
2386 1801 2536 1873 παρὰ
2567 1800 2659 1854 τοῦ
2687 1799 2821 1853 Θεοῦ
2852 1800 3098 1870 βοηθείᾳ.

2173 1894 2229 1948 4.
2314 1893 2572 1964 Ἀμαθεῖς
2620 1893 2678 1945 δὲ
2747 1891 3023 1962 ἄνθρωποι
3050 1930 3065 1954 ,
3143 1890 3250 1942 καὶ
3326 1886 3657 1956 φιλόκοσμοι,

2106 1981 2428 2050 ἀγνοοῦντες
2446 1981 2610 2036 αὑτοῦ
2631 1982 2724 2034 τοῦ
2741 1980 2944 2048 ἀγαθοῦ
2975 1980 3072 2051 τὴν
3095 1979 3280 2048 φύσιν,
3320 1977 3660 2049 μακαρίζουσι

2105 2072 2362 2138 πολλάκις
2390 2073 2460 2126 τὰ
2483 2074 2707 2146 μηδενὸς
2745 2074 2890 2139 ἄξια,
2923 2072 3168 2134 πλοῦτον,
3198 2071 3414 2140 ὑγείαν,
3449 2069 3656 2140 περιφάο

2105 2180 2252 2217 νειαν
2287 2163 2424 2233 βίου,
2455 2156 2530 2216 ὧν
2559 2163 2710 2216 οὐδέν
2739 2163 2885 2215 ἐστιν
2923 2162 3125 2229 ἀγαθὸν
3152 2165 3219 2232 τῇ
3257 2161 3456 2214 ἐαυτοῦ
3503 2159 3660 2228 φύσει.

2102 2257 2164 2310 οὐ
2197 2257 2356 2338 μόνον
2401 2255 2590 2310 καθότι
2643 2255 2828 2328 ῥᾳδίαν
2873 2254 2984 2325 ἔχει
3027 2252 3127 2324 τὴν
3162 2253 3301 2324 πρὸς
3345 2251 3418 2305 τὰ
3471 2253 3659 2304 ἐναντία

2104 2349 2467 2419 περιτροπήν,
2490 2347 2605 2401 ἀλλ’
2632 2349 2712 2400 ὅτι
2740 2347 2874 2418 μηδέ
2897 2346 3133 2414 ἀγαθοὺς
3169 2345 3396 2398 δύναται
3433 2345 3554 2407 τοὺς
3584 2361 3660 2395 κε-

2103 2438 2410 2510 κτημένους
2437 2438 2736 2492 ἀποτελεῖν.
2783 2436 2841 2489 '0
2871 2437 2968 2506 μὲν
2995 2431 3086 2489 οῦν
3117 2437 3175 2486 ἐν
3209 2434 3286 2504 τῷ
3340 2432 3446 2504 βίῳ
3487 2432 3660 2502 τυγχά-

2102 2545 2231 2592 νων,
2259 2511 2410 2583 οῦτπω
2434 2527 2788 2600 μακαριστὸς,
2822 2527 2910 2580 διὰ
2933 2528 2994 2579 τό
3030 2526 3222 2596 ἄδηλον
3249 2526 3356 2595 τῆς
3387 2523 3656 2584 ἐκδάσεως·

2102 2621 2132 2672 ὁ
2160 2621 2216 2672 δέ
2246 2617 2656 2689 συμπληρώσας
2676 2617 2745 2670 τὰ
2769 2616 3146 2678 ἐπιϐάλλοντα,
3173 2615 3264 2668 καὶ
3300 2615 3658 2685 ἀναντιρῥήτῳ

2103 2707 2245 2762 τέλει
2295 2711 2395 2778 τὴν
2439 2708 2583 2780 ζωὴν
2637 2708 3016 2770 κατακλείσας,
3069 2700 3224 2769 οὗτος
3268 2705 3377 2776 ἤδη
3430 2704 3658 2773 ἀσφαλῶς

2106 2797 2487 2872 μακαρίζεται.
2525 2799 2635 2852 Καὶ
2661 2800 2710 2851 οἱ
2745 2797 2844 2868 μέν
2881 2797 2940 2849 τὸ
2976 2796 3177 2865 ἀγαθὸν
3210 2797 3588 2867 ἐργαζόμενοι,
3612 2797 3656 2846 ἐν

2102 2889 2250 2957 αὐτῷ
2300 2888 2379 2959 τῷ
2427 2889 2573 2959 ἔργῳ
2619 2888 2681 2941 τὸ
2719 2887 3076 2941 εὐαπόδεκτον
3129 2887 3384 2957 ἔχουσιν·
3435 2889 3483 2938 οἱ
3521 2886 3572 2936 δὲ
3609 2885 3658 2935 τὸ

2102 2976 2270 3029 κακὸν
2309 2976 2618 3046 φεύγοντες,
2641 2977 2741 3029 οὐκ
2767 2977 2862 3030 ἐὰν
2893 2976 3038 3040 ἅπαξ
3068 2975 3100 3044 ἢ
3131 2976 3392 3046 δεύτερον
3429 2975 3656 3029 ἐκκλίνω-

2105 3083 2208 3131 σιν,
2243 3061 2376 3120 ὦσιν
2410 3067 2475 3120 ἂν
2497 3067 2791 3133 ἐπαινετοὶ,
2818 3067 2930 3120 ἀλλ’
2954 3068 3048 3120 ἐὰν
3073 3065 3347 3137 δυνηθῶσι
3383 3067 3478 3118 τοῦ
3508 3063 3653 3118 κακοῦ

2100 3161 2200 3230 τὴν
2238 3163 2430 3231 πεῖραν
2472 3161 2552 3222 εἰς
2580 3159 2641 3211 τὸ
2673 3159 2932 3222 παντελὲς
2970 3159 3269 3230 διαδρᾶναι.
3327 3159 3399 3211 EE
3439 3153 3528 3210 οὖν
3565 3156 3654 3209 δέοι

2104 3249 2216 3320 βίον
2277 3250 2372 3320 μὲν
2427 3249 2647 3322 ἄριστον
2697 3251 2923 3303 ἕκαστον
2972 3248 3379 3320 προαιρεῖσθαι,
3439 3249 3562 3318 ἡδὺν
3610 3247 3653 3299 δὲ

2101 3340 2405 3412 προσδοκᾷν
2441 3343 2508 3411 τῇ
2554 3341 2811 3412 συνηθείᾳ
2858 3341 3198 3412 γενήσεσθαι,
3249 3341 3525 3410 ἐγχειρεῖν
3564 3340 3652 3398 toi;

2102 3428 2413 3499 βελτίστοις.
2459 3430 2690 3500 Αίσχρὸν
2737 3430 2844 3500 γάρ
2880 3430 2969 3483 τὸν
3013 3429 3257 3501 παρόντα
3297 3430 3494 3500 καιρόν
3539 3444 3651 3496 προ.

2099 3517 2347 3586 εμένους,
2376 3517 2600 3588 ὕστερόν
2631 3521 2748 3571 ποτ’
2779 3519 3162 3572 ἀνακαλεῖσθαι
3185 3519 3244 3571 τὸ
3273 3519 3650 3591 παρελθὸν,ῖίτε

2099 3607 2249 3660 οὐδὲν
2283 3607 2434 3661 ἔσται
2454 3609 2613 3661 πλέον
2655 3609 2993 3680 ἀνιωμένοις.
3030 3608 3120 3679 Τῷ
3158 3609 3271 3662 ὄντι
3304 3611 3422 3681 γὰρ
3466 3610 3645 3680 ἀμήχα-

2097 3696 2188 3750 νόν
2215 3698 2330 3750 ἐστι
2361 3700 2700 3770 χωρητικοὺς
2722 3700 2971 3787 γενέσθαι
2999 3702 3144 3771 ἡμᾶς
3181 3701 3280 3770 τῆς
3321 3701 3480 3764 θείας
3524 3703 3642 3770 χάρι-

2095 3807 2207 3852 τος,
2249 3791 2323 3861 μὴ
2375 3790 2442 3843 τά
2489 3791 2596 3843 ἀπὸ
2637 3792 2834 3854 κακίας
2879 3791 3024 3860 πάθη
3074 3792 3526 3863 προκατασχόντα
3571 3791 3648 3852 τὰς

2095 3880 2273 3951 ψυχὰς
2300 3886 2332 3954 ἡ
2343 3883 2456 3954 μῶν
2484 3883 2859 3950 ἐξελάσαντας.
2888 3880 3038 3937 Εἶδον
3064 3886 3278 3955 ἰατροὺς
3299 3885 3417 3953 ἐγὼ
3449 3885 3523 3955 μὴ
3543 3883 3636 3953 πρό

2094 3991 2250 4044 τερον
2290 3976 2526 4040 διδόντας
2563 3976 2630 4030 τά
2670 3978 2912 4048 σωτήρια
2965 3977 3250 4048 φάρμακα,
3293 3979 3428 4048 πρὶν
3462 3978 3646 4047 ἐμέτοις

2094 4067 2437 4120 ἀποκενῶσαι
2493 4068 2592 4138 τὴν
2645 4069 2922 4122 νοσοποιὸν
2984 4069 3145 4139 ὕλην,
3197 4069 3264 4140 ἣν
3314 4071 3382 4120 ἐκ
3433 4068 3645 4136 πονηρᾶς

2092 4157 2303 4228 διαίτης
2331 4159 2542 4222 ἐαυτοῖς
2568 4161 2618 4211 οἱ
2644 4159 2929 4213 ἀκόλαστοι
2975 4159 3316 4213 ἐναπέθεντο.
3382 4158 3538 4212 Ἀλλά
3573 4157 3644 4208 κατ

2093 4249 2313 4318 ἀγγεῖον
2362 4249 2905 4321 προκατειλημμένον
2955 4251 3060 4304 ὑπό
3100 4268 3248 4314 τινος
3300 4249 3474 4322 ὑγροῦ
3538 4250 3644 4301 δυσ-

2093 4341 2278 4403 ώδους,
2325 4339 2400 4412 μὴ
2438 4341 2737 4404 ἐκπλυθέν,
2763 4341 2822 4393 οὐ
2859 4340 2933 4410 μὴ
2957 4340 3173 4411 δέξηται
3217 4339 3309 4394 τοῦ
3354 4341 3525 4410 μύρου
3565 4339 3642 4406 tif.

421 4445 600 4502 erant,
647 4445 709 4492 ut
751 4438 917 4507 recipi
973 4437 1186 4508 possint
1224 4451 1343 4504 quae
1385 4437 1724 4506 ingeruntur.
1757 4436 1832 4504 (9)
1859 4434 1992 4489 Nam

2106 4433 2380 4502 ἐπιρροήν.
2431 4433 2522 4484 Δεῖ
2559 4433 2736 4485 τοίνυν
2779 4432 3072 4502 ἐκχυθῆναι
3111 4432 3180 4486 τὰ
3225 4434 3644 4503 προϋπάρχοντα.

421 4529 678 4584 omnibus
718 4528 936 4597 quidem
985 4526 1140 4582 adest
1192 4525 1428 4596 Spiritus
1471 4535 1735 4582 sanctus:
1772 4527 1866 4580 sed
1922 4525 1989 4581 iis

423 4621 516 4690 qui
539 4621 658 4691 puri
697 4629 825 4676 sunt
850 4619 1156 4681 aﬂ‘ectibus,
1195 4620 1523 4688 peculiarem
1571 4618 1792 4673 exhibet
1820 4619 1990 4671 virtu-

422 4720 567 4778 tem;
607 4721 661 4764 at
697 4725 828 4765 vero
875 4711 962 4772 iis,
997 4724 1232 4780 quorum
1275 4723 1432 4762 mens
1474 4707 1683 4778 peccati
1733 4707 1989 4763 sordibus

422 4802 790 4872 perturbatur,
815 4801 1060 4855 minime.

487 4976 540 5030 5.
570 4975 680 5046 (l0)
713 4974 853 5030 Fieri
876 4977 1018 5030 enim
1046 4991 1155 5030 non
1189 4980 1387 5045 potest,
1415 4983 1475 5028 ut
1501 4974 1555 5028 id
1591 4990 1992 5046 consequamur

419 5067 485 5128 ad
517 5068 662 5136 quod
692 5068 1094 5131 contendimus,
1146 5068 1193 5120 si
1228 5082 1384 5120 mens
1414 5067 1468 5120 in
1494 5068 1674 5134 varias
1706 5083 1870 5124 curas
1911 5067 1988 5121 di-

415 5158 580 5212 ducta
611 5159 702 5225 sit,
743 5159 1200 5230 quemadmodum
1228 5158 1490 5214 Dominus
1519 5158 1826 5222 allirmavit,
1861 5175 1987 5214 cum

487 5290 562 5356 (Ι)
607 5289 681 5344 Ex
713 5291 902 5345 homil.
933 5292 988 5344 in
1009 5291 1147 5359 psal.
1182 5309 1221 5354 ι,
1244 5290 1336 5345 95,

486 5363 560 5442 (ἓ)
599 5361 678 5442 ξξι
704 5370 993 5442 comment.
1021 5363 1077 5415 in
1103 5360 1245 5429 Isa.,
1273 5363 1400 5418 566.

488 5431 565 5501 (3)
607 5431 741 5485 Ibid.

489 5501 566 5569 (4)
609 5499 687 5553 Ex
715 5501 860 5555 hom.
888 5501 943 5555 in
973 5501 1111 5571 psal.
1135 5518 1178 5569 ι,
1207 5501 1298 5559 92.

485 5571 562 5640 (5)
613 5570 746 5624 Ibid.

484 5641 562 5703 (6t
604 5640 760 5705 lbid.,
787 5642 874 5697 95.

486 5711 562 5773 (7)
597 5710 670 5764 Ex
701 5725 865 5766 serrn.
898 5711 974 5766 De
1008 5711 1232 5782 legendis
1263 5711 1355 5766 lib.
1391 5711 1686 5780 gentilium,
1727 5712 1850 5771 {83.

2093 4524 2181 4578 ἵνα
2215 4525 2414 4595 δυνηθῇ
2454 4526 2767 4596 χωρηθῆναι
2801 4525 2871 4578 τὰ
2907 4524 3222 4596 ἐπαγόμενα
3243 4525 3378 4596 (12).
3402 4527 3537 4578 ﬂia:
3565 4524 3642 4593 μὲν

2092 4615 2199 4686 γὰρ
2223 4617 2450 4688 πάρεστι
2485 4617 2544 4670 τὸ
2572 4615 2796 4686 Πνεῦμα
2817 4617 2877 4671 τὸ
2902 4616 3072 4685 ἅγιον·
3104 4616 3241 4670 ἀλλὰ
3259 4620 3372 4680 τοῖς
3413 4619 3508 4687 μὲν
3531 4615 3636 4668 καθ-

2091 4706 2347 4777 αρεύουσι
2377 4707 2486 4762 τῶν
2543 4708 2752 4775 παθῶν,
2792 4710 2890 4780 τὴν
2947 4710 3079 4763 [δίαν
3125 4711 3358 4781 ἐμφέρει
3406 4711 3641 4780 δύναμιν·

2091 4801 2205 4862 τοῖς
2235 4798 2293 4851 δέ
2319 4799 2378 4851 τὸ
2405 4801 2729 4870 ἡγεμονικὸν
2754 4802 3151 4872 συγκεχυμένον
3184 4800 3399 4871 ἔχουσιν
3429 4801 3532 4854 ἀπὸ
3552 4799 3640 4854 τῶν

2090 4889 2188 4956 τῆς
2218 4889 2488 4962 ἁμαρτίας
2526 4890 2752 4955 σπίλων,
2785 4893 2885 4944 οὐκ
2917 4891 3015 4944 ἔτι.

2163 4979 2217 5033 5.
2260 4980 2542 5035 Ἀδύνατον
2567 4982 2693 5054 γὰρ,
2723 4985 2802 5046 εἰς
2828 4983 3112 5056 διαφόρους
3136 4985 3426 5056 φροντίδας
3452 4984 3541 5037 τοῦ
3560 4980 3636 5035 νοῦ

2093 5071 2470 5143 μεριζομένου,
2509 5074 2900 5147 κατορθοῦσθαι
2931 5076 2993 5127 τὺ
3039 5077 3506 5148 σπουδαζόμενον·
3551 5090 3635 5129 κα-

2091 5162 2198 5226 θὼς
2230 5165 2258 5216 ὁ
2289 5164 2490 5234 Κύριος
2528 5167 2874 5237 ἀπεφήνατο,
2918 5168 3119 5221 εἰπών’
3163 5169 3371 5236 Οὐδεὶς
3412 5170 3635 5226 δύναται

2269 5298 2344 5376 ξξκ
2376 5301 2520 5355 hom.
2551 5303 2604 5356 in
2641 5305 2774 5372 psal.
2794 5321 2922 5376 _Lx1,

2161 5369 2235 5438 (9)
2277 5369 2351 5424 Ex
2375 5369 2665 5427 comment.
2699 5376 2753 5427 in
2783 5373 2876 5429 Im
2907 5413 2923 5437 ,
2948 5373 3072 5427 579.

2162 5439 2273 5511 (ill)
2305 5440 2378 5493 Ex
2414 5440 2620 5511 Regalis
2655 5444 2821 5506 fusius
2851 5446 3113 5508 tractatis,
3145 5443 3270 5498 550.

2162 5509 2274 5588 (ll)
2322 5509 2596 5588 ’βκξογῇ
2642 5513 2732 5568 Sic
2772 5513 2974 5585 Regius
3020 5515 3213 5578 codex,
3250 5513 3443 5569 melius
3486 5525 3628 5584 quam

2089 5577 2494 5652 Cdileé‘i'ttXO‘fﬁ.

2163 5647 2289 5728 (Ψ),
2326 5647 2708 5728 Ἐπᾷγόμενα.
2735 5652 2825 5710 Sic
2846 5662 3131 5711 contextus
3151 5663 3204 5711 et
3225 5652 3425 5726 Regius
3457 5649 3624 5707 codex.

2090 5715 2233 5771 Editi
2268 5715 2604 5791 ὑπαγόμενα.
