3878 6222
253 359 396 414 “:25

1241 357 1475 411 διελιΜο
1511 369 1551 411 t.
1580 387 1645 398 —-
1689 357 1777 412 DE
1821 357 2134 414 VlRTU'l'lt.
2171 357 2250 410 ΕἸ
2303 357 2507 412 νιτιο.

3387 358 3518 414 1126

249 477 392 532 δυσὶ
429 475 655 543 κυρίοις
685 473 1029 528 δουλεύειν-⁵
1067 490 1162 527 και
1205 473 1398 526 πάλιν·
1452 475 1534 528 Οὐ
1570 473 1836 529 δύνασθε

1941 474 2122 530 dixit:
2160 473 2330 528 Nemo
2375 481 2546 543 potest
2597 470 2802 526 duobus
2848 471 3080 527 dominis
3120 474 3311 528 servire
3332 476 3408 537 ιτς
3463 483 3519 530 et

252 566 376 633 Θεῷ
397 568 710 622 δουλεύειν
736 566 834 619 καὶ
864 564 1135 635 μαμωνᾷ.
1181 563 1319 618 Οὔτε
1344 564 1452 636 γάρ
1489 565 1656 636 ἄλλης
1689 566 1832 630 τινὸς

251 660 472 729 ἐντολῆς
503 660 756 729 τήρησιν,
788 655 910 710 οὔτε
937 656 1106 727 αὐτὴν
1130 655 1228 727 τὴν
1261 655 1398 728 πρὸς
1427 656 1556 708 Θεὸν
1591 657 1830 728 ἀγάπην,

246 751 374 806 οὔτε
402 750 502 819 τὴν
531 749 668 821 πρὸς
692 750 821 812 τούς
859 748 1086 819 πλησίον
1140 747 1419 819 δυνάμεθα
1465 747 1830 818 κατορθῶσαι,

248 845 437 900 ἄλλοτε
491 844 618 915 περὶ
694 843 829 897 ἄλλα
881 845 1002 905 ταῖς
1050 842 1310 904 διανοίαις
1360 841 1832 911 ἀποπλανώμενοι.

249 932 388 988 Οὔτε
419 933 527 1004 γὰρ
563 931 758 1002 τέχνην
789 931 822 1002 ἢ
859 932 1173 1002 ἐπιστήμην
1213 929 1459 1002 ἀκριϐῶς
1506 929 1834 983 καταλαϐεῖν

245 1023 492 1089 δυνατὸν,
526 1022 716 1075 ἀλλοτε
761 1021 848 1076 ἐπ’
891 1021 1059 1091 ἀλλην
1093 1020 1514 1092 μεταϐαίνοντασ
1555 1019 1695 1072 οὔτε·
1727 1020 1834 1090 μὴν

251 1116 383 1184 μιᾶς
411 1111 815 1185 περιγενέσθαι,
861 1111 936 1183 μὴ
965 1112 1032 1166 τά
1069 1113 1245 1164 οἰκεῖα
1279 1099 1392 1170 ⁸τοῦ⁹
1411 1110 1598 1173 τέλους
1633 1101 1844 1182 γνωρίὲ

251 1223 440 1260 σαντα.
476 1208 566 1258 Δεῖ
598 1204 708 1276 γάρ
740 1203 1064 1267 ἀκολούθους
1098 1198 1237 1256 εἶναι
1268 1203 1346 1274 τῷ
1373 1202 1560 1273 σκοπῷ
1598 1203 1694 1256 καὶ
1735 1190 1844 1266 τὰς)

249 1298 498 1370 πράξεις,
530 1297 605 1360 ὡς
641 1296 851 1359 οὐδενὸς
883 1294 993 1347 τῶν
1035 1295 1177 1348 κατά
1217 1294 1374 1363 λόγον
1404 1294 1492 1348 διὰ
1535 1293 1646 1347 τῶν
1675 1281 1842 1348 ,ἀνοι-

245 1393 413 1442 κείων
451 1386 904 1458 κατορθουμένου.
953 1386 1106 1438 Ἐπεὶ
1133 1384 1258 1437 οὔτε
1297 1383 1658 1454 χαλκευτικῆς
1682 1382 1840 1446 τέλος

245 1479 337 1532 διά
365 1479 474 1530 τῶν
523 1477 698 1548 ἔργων
741 1477 841 1546 τῆς
883 1476 1186 1546 κεραμείας
1233 1475 1615 1546 περιγενέσθαι
1661 1475 1836 1543 πέφυ-

246 1589 366 1633 κεν,
406 1569 528 1624 οὐτε
558 1567 836 1642 ἀθλητικοὶ
862 1567 1114 1637 στέφανοι
1145 1569 1210 1620 ὲκ
1257 1567 1356 1636 τῆς
1390 1567 1518 1637 περὶ
1555 1566 1618 1619 τὸ
1651 1567 1836 1620 αὐλεῖν

249 1663 489 1733 σπουδῆς
525 1659 946 1731 κατορθοῦνταιο
1002 1659 1116 1712 ἀλλ’
1145 1657 1360 1727 ἑκάστῳ
1401 1658 1546 1710 τέλει
1585 1659 1782 1720 οἰκεῖος
1806 1656 1836 1708 ὁ

247 1758 414 1819 πόνος
437 1755 532 1808 καὶ
570 1750 921 1824 συναρμόζων
963 1748 1322 1821 ἐπιξητεῖται.
1357 1750 1570 1821 Ὠσπερ
1614 1745 1707 1802 οῦν
1741 1750 1836 1802 καὶ¹

1935 581 2130 620 rursus
2164 583 2178 619 :
2207 563 2332 618 Non
2378 566 2597 633 potestis
2642 563 2746 618 Deo
2787 565 2981 619 servire
3022 573 3072 618 et
3119 566 3515 620 mammonae“.

1933 657 2011 728 (‘5)
2058 655 2192 710 Nam
2225 671 2327 710 nec
2368 655 2516 709 aliud
2542 656 2776 726 quodvis
2805 656 3123 710 mandatum
3151 671 3390 720 servare,
3425 672 3520 713 nc-

1931 762 2040 816 que
2068 745 2239 801 Deum
2263 753 2357 799 aut
2386 747 2696 816 proximum
2720 747 2947 816 diligere
2978 762 3295 817 possumus,
3332 749 3378 801 si
3412 747 3518 800 huc

1932 838 2142 893 etilluc
2182 845 2364 893 mente
2404 837 2746 909 divagemur.
2775 837 2963 910 Neque
3004 841 3149 895 enim
3201 847 3375 894 artem
3425 849 3520 894 aut

1933 930 2224 984 scientiam
2253 931 2424 1000 probe
2449 931 2649 986 callere
2676 938 2877 1001 potest,
2905 932 3000 1001 qui
3029 932 3098 985 ab
3127 931 3233 985 alia
3263 933 3328 984 ad
3355 932 3518 986 aliam

1932 1022 2134 1076 transit
2164 1043 2176 1077 :
2206 1038 2386 1092 neque
2423 1038 2588 1077 unam
2613 1024 2778 1077 etiam
2815 1039 3159 1094 comparare,
3187 1024 3280 1093 qui
3312 1038 3374 1078 ea
3399 1038 3520 1092 qua)

1932 1113 2156 1183 pr0pria
2195 1114 2319 1167 linis
2349 1121 2500 1177 sunt,
2531 1115 2766 1184 ignorat.
2800 1114 2908 1170 Par
2952 1131 3191 1186 namque
3227 1123 3313 1170 est
3348 1117 3518 1170 actio-

1934 1219 2034 1260 nes
2068 1205 2135 1260 ad
2162 1221 2390 1276 scopum
2423 1215 2479 1262 et
2521 1208 2682 1262 linem
2716 1208 2990 1278 quadrare
3023 1226 3036 1261 :
3075 1208 3348 1278 siquidem
3381 1209 3519 1262 nihil

1933 1295 2078 1364 quod
2103 1305 2313 1349 rectum
2345 1297 2439 1362 sit,
2473 1297 2560 1349 via
2587 1297 2765 1366 inepta
2792 1304 2845 1351 et
2883 1298 3266 1366 incongrueuti
3299 1300 3517 1367 peragi-

1932 1396 2042 1442 tur.
2072 1385 2205 1440 Nam
2230 1401 2407 1456 neque
2439 1387 2575 1439 artis
2611 1387 2819 1439 aeraria:
2851 1386 2974 1440 linis
3005 1403 3101 1456 per
3133 1387 3327 1457 figlinae
3352 1405 3519 1460 opera

1935 1479 2145 1549 acquiri
2199 1479 2378 1534 solet:
2412 1494 2588 1547 neque
2642 1494 2736 1547 per
2791 1479 3041 1534 sedulum
3097 1480 3242 1533 tibia;
3295 1491 3518 1538 cantum

1933 1579 2204 1641 parantur
2237 1571 2510 1625 athletice:
2549 1585 2791 1633 coronm,
2837 1571 2932 1625 sed
2965 1571 3261 1641 unicuique
3299 1573 3390 1626 lini
3424 1590 3520 1643 pe-

1935 1665 2164 1720 culiaris
2221 1679 2286 1718 ac
2333 1665 2566 1718 idoneus
2622 1664 2781 1718 labor
2838 1663 3158 1732 requiritur.
3215 1662 3307 1719 Sic
3352 1668 3515 1720 etiam

1936 1757 2258 1812 exercitatio
2286 1772 2408 1827 quae
2432 1757 2490 1810 lit
2517 1757 2586 1812 ad
2625 1755 2954 1824 placendum
2985 1753 3096 1810 Deo
3122 1754 3281 1824 juxta
3312 1757 3518 1812 Christi

245 1850 284 1920 ἡ
338 1848 569 1917 ἄσκησις
613 1845 710 1914 τῆς
779 1842 922 1896 κατά
965 1843 1027 1896 τὸ
1075 1841 1405 1911 Εὐαγγέλιον
1453 1841 1550 1894 τοῦ
1596 1837 1832 1911 Χριστοῦ

1941 1850 2317 1922 Evangelium,
2361 1850 2670 1904 recedendo
2709 1865 2738 1902 a
2791 1849 3260 1905 sollicitudinibus
3308 1850 3518 1916 mundi,

247 1940 388 2012 πρὸς
423 1939 555 1991 Θεὸν
596 1937 1026 2007 εὐαρεστήσεως,
1063 1937 1122 1988 ὲν
1146 1937 1211 2010 τῇ
1243 1935 1584 2004 ἀναχωρήσει
1605 1933 1714 1986 τῶν
1738 1949 1836 2002 με-

250 2034 458 2106 ριμνῶν
483 2031 577 2086 τοῦ
610 2032 838 2102 κόσμου,
870 2031 964 2084 καὶ
985 2033 1050 2102 τῇ
1079 2029 1333 2084 παντελεῖ
1355 2026 1706 2094 ἀλλοτριώσει
1727 2026 1836 2080 τῶν

250 2124 660 2197 περισπασμῶν
716 2123 1094 2196 κατορθοῦται.
1157 2121 1398 2193 Λυθῆναι
1459 2117 1552 2176 οὖν
1599 2120 1682 2173 δεῖ
1727 2120 1836 2172 τῶν

245 2220 464 2290 δεσμῶν
497 2220 595 2290 τῆς
635 2217 1011 2290 προσπαθείας
1044 2215 1138 2270 τοῦ
1176 2216 1312 2287 βίου,
1352 2216 1509 2284 τόνγε
1569 2213 1838 2283 ἀληθινῶς

245 2311 561 2365 ἀκολουθεῖν
598 2311 857 2382 μέλλοντα
878 2309 956 2380 τῷ
991 2309 1146 2380 Θεῷο
1185 2307 1344 2361 τοῦτο
1395 2308 1451 2360 δὲ
1491 2305 1598 2361 οὐκ
1638 2305 1833 2369 ἄλλως,

247 2402 283 2472 ἢ
315 2403 402 2455 διὰ
441 2401 738 2466 παντελοῦς
790 2402 1212 2474 ἀναχωρήσεως,
1254 2401 1348 2452 καὶ
1376 2399 1546 2469 λήθης
1596 2397 1704 2482 τῶν
1735 2415 1839 2450 πα-
1875 2396 1900 2406 ”

244 2494 417 2547 λαιῶν
444 2493 593 2563 ἠθῶν
635 2493 1018 2564 κατορθοῦται.
1065 2493 1154 2556 Ὡς
1196 2493 1243 2545 εἰ
1278 2491 1352 2563 μὴ
1397 2489 1838 2559 ἀποξενώσαιμεν

244 2588 476 2649 ἑαυτοὺς
499 2587 592 2640 καὶ
626 2585 942 2654 συγγενείας
973 2585 1240 2656 σαρκικῆς
1264 2586 1358 2636 καὶ
1381 2583 1664 2645 κοινωνίας
1695 2582 1835 2652 βίου,

243 2678 411 2732 οἱονεὶ
444 2677 579 2748 πρὸς
613 2677 798 2746 ἕτερον
846 2676 1051 2745 κόσμον
1099 2675 1188 2728 διά
1237 2676 1334 2746 τῆς
1389 2675 1628 2744 σχέσεως
1668 2690 1836 2743 μετα-

248 2770 545 2834 ϐαίνοντες,
576 2771 856 2840 ἀμήχανον
899 2769 1048 2838 ἡμᾶς
1086 2767 1473 2837 περιγενέσθαι
1505 2763 1598 2818 τοῦ
1632 2765 1835 2819 σκοποῦ

247 2867 352 2936 τῆς
388 2863 523 2935 πρὸς
564 2863 696 2917 Θεὸν
739 2863 1172 2933 εὐαρεστήσεως.
1232 2860 1290 2912 '0
1344 2859 1521 2912 τοίνυν
1566 2859 1703 2928 πρὸς
1739 2857 1838 2928 τὴν

248 2958 549 3028 ἀγγελικὴν
571 2956 727 3020 ἀξίαν
755 2954 1216 3026 μεταταξάμενος,
1253 2954 1301 3006 εί
1341 2955 1454 3015 τοῖς
1481 2951 1837 3023 ἀνθρωπίνοις

248 3048 610 3118 ὲμμολύνοιτο
639 3046 888 3110 πάθεσιν,
928 3045 1112 3116 ὅμοιός
1151 3045 1265 3096 ἐστι
1312 3043 1446 3114 δορᾷ
1494 3040 1833 3112 παρδάλεως,

247 3137 322 3212 ἧς
364 3140 486 3193 οὐτε
529 3139 694 3210 λευκὴ
738 3137 1016 3201 παντελῶς
1051 3139 1084 3208 ἡ
1132 3135 1274 3207 θρὶξ,
1309 3133 1432 3188 οὐτε
1478 3134 1704 3204 μέλαινα
1754 3131 1833 3185 δι·
1863 3175 1904 3233 c

247 3232 396 3294 όλου,
415 3229 548 3283 ἀλλά
566 3233 632 3300 τῇ
661 3228 804 3300 μίξει
832 3228 940 3280 τῶν
972 3225 1433 3298 ὲτεροχροούντων
1463 3222 1830 3293 διεστιγμένη,

248 3323 376 3376 οὔτε
401 3326 457 3375 ἐν
478 3325 587 3386 τοῖς
621 3321 844 3392 μέλασιν
873 3320 971 3390 (1),
1009 3319 1131 3372 οὐτε
1160 3320 1340 3379 ἐντοῖς
1361 3317 1573 3380 λευκοῖς
1595 3315 1718 3387 ἀριθ
1729 3318 1837 3386 μεῖ⁴

249 3432 359 3467 ται.
384 3415 594 3484 Ὠσπερ
608 3409 700 3466 οὖν
723 3414 772 3464 οἱ
800 3410 1242 3483 ζωγράφοι,ὃταν
1264 3407 1604 3462 ἀπὸείκόνων
1623 3408 1838 3470 εἰκόνας

249 3508 530 3580 γράφωσι,
574 3505 755 3560 πυκνά
782 3503 918 3575 πρὸς
945 3505 1006 3557 τὸ
1040 3503 1390 3574 παράδειγμα
1417 3500 1836 3564 ἀποϐλέποντες,

250 3601 346 3653 τὸν
378 3600 586 3654 ἐκεῖθεν
613 3599 939 3670 χαρακτῆρα
967 3597 1105 3668 πρὸς
1135 3596 1196 3648 τὸ
1226 3593 1434 3648 ἑαυτῶν
1480 3591 1838 3657 σπουδάζουσι

257 3692 568 3763 μεταθεῖναι
597 3689 998 3761 φιλοτέχνημα·
1032 3685 1173 3740 οὕτω
1214 3686 1295 3738 δεῖ
1327 3684 1422 3737 καὶ
1459 3683 1550 3736 τὸν
1577 3682 1841 3735 ἐσπουδα-

257 3783 390 3835 κότα
419 3782 610 3836 ἑαυτὸν
642 3781 716 3851 (2)
764 3781 898 3833 πᾶσι
928 3769 1074 3842 τοῖς⁸
1087 3777 1279 3848 μέρεσι
1314 3774 1415 3844 τῆς
1450 3773 1650 3845 ἀρετῆς
1670 3775 1843 3842 άπερ-

256 3873 530 3942 γάσασθαι
578 3872 809 3936 τέλειον,
850 3871 1014 3924 οἱονεὶ
1071 3868 1207 3940 πρὸς
1253 3865 1550 3936 ἀγάλματά
1586 3881 1710 3918 τινα
1757 3881 1862 3916 κιο.

258 3965 495 4035 νούμενα
528 3964 623 4017 καὶ
664 3965 956 4036 ἕμπρακτα
981 3961 1107 4024 τούς
1158 3959 1306 4030 βίους
1347 3957 1454 4010 τῶν
1491 3956 1661 4025 ἁγίων
1703 3957 1840 4009 ἀπο-

261 4056 505 4118 ϐλέπειν,
551 4056 646 4110 καὶ
691 4057 754 4108 τὸ
804 4053 1028 4108 ἐκείνων
1064 4050 1268 4120 ἀγαθὸν
1312 4051 1510 4103 οἰκεῖον
1573 4047 1842 4101 ποιεῖσθαι

261 4150 354 4203 διὰ
383 4149 690 4220 μιμήσεως.

335 4239 387 4293 6.
419 4241 482 4294 El
517 4239 626 4312 γὰρ
659 4238 784 4309 βοῦς
821 4237 917 4310 μὲν
965 4235 1222 4308 συνεργὸς
1269 4235 1401 4305 ἡμῖν
1449 4234 1530 4296 είς
1572 4231 1846 4301 γεωργίαν

265 4331 608 4403 παραδοθεὶς,
641 4331 732 4385 καὶ
767 4331 949 4400 φωνῆς
981 4329 1076 4382 τοῦ
1106 4327 1396 4399 τρέφοντος
1439 4324 1845 4387 ἐπαισθάνεται,

263 4425 360 4478 καὶ
385 4424 474 4476 τὸν
509 4422 754 4494 συνήθως
785 4421 932 4492 αὐτῷ
965 4419 1342 4492 προσφέροντα
1369 4416 1466 4487 τὴν
1499 4415 1703 4486 τροφὴν
1728 4416 1849 4467 ἐπι-

1937 1956 1991 2000 et
2020 1944 2169 1998 omni
2194 1958 2422 2014 prorsus
2454 1941 2784 1997 removenda
2808 1942 3009 1997 mentis
3045 1945 3366 2013 evagatione
3395 1959 3522 2013 per-

1940 2035 2145 2089 ﬁcitur.
2189 2034 2266 2104 (lt)
2319 2033 2582 2102 Quisquis
2613 2035 2777 2104 igitur
2813 2048 2940 2087 vere
2987 2031 3154 2087 Deum
3189 2035 3342 2104 sequi
3380 2036 3516 2097 vult,

1936 2126 2174 2180 vinculis
2227 2125 2576 2179 all‘cctionum
2625 2128 2753 2180 vitae
2795 2125 2962 2194 hujus
3008 2127 3256 2181 solvatur
3296 2143 3520 2182 necesse

1936 2228 2020 2275 est
2055 2238 2067 2273 :
2103 2218 2155 2273 id
2191 2226 2371 2272 autem
2398 2217 2505 2272 nisi
2532 2232 2629 2286 per
2651 2217 2922 2288 integrum
2957 2234 3233 2274 secessum
3277 2235 3520 2272 morum-

1936 2326 2045 2390 que
2073 2318 2321 2363 veterum
2374 2309 2705 2363 oblivionem
2741 2310 2930 2380 perlici
2966 2325 3073 2365 non
3105 2319 3304 2381 potest.
3338 2311 3521 2377 Quare

1939 2402 2046 2456 nisi
2079 2418 2178 2456 nos
2203 2401 2306 2470 ipsi
2341 2408 2395 2455 et
2426 2415 2456 2453 a
2506 2401 2832 2471 cognatione
2858 2402 3064 2456 carnali
3094 2410 3147 2455 ct
3189 2417 3219 2456 a
3258 2405 3515 2459 societate

1937 2496 2063 2549 vita:
2093 2493 2506 2556 removerimus,
2536 2494 2706 2548 veluti
2743 2494 2809 2548 ad
2851 2495 3086 2548 alterum
3125 2494 3389 2548 mundum
3423 2509 3518 2563 per

1937 2573 2106 2639 animi
2157 2584 2534 2639 habitudinem
2587 2586 3077 2656 transmigrantes,
3134 2601 3360 2655 scopum
3421 2601 3518 2639 no-

1939 2688 2112 2732 strum
2172 2678 2595 2748 attingere-non
2632 2693 2950 2748 possumus,
2987 2678 3098 2732 Deo
3151 2679 3406 2732 videlicet
3459 2686 3519 2730 ut

1938 2769 2272 2838 placeamus.
2314 2768 2390 2838 (5)
2426 2768 2793 2834 Quamobrem
2825 2769 2916 2838 qui
2958 2770 3266 2823 institutum
3310 2769 3520 2838 angelis

1937 2839 2144 2930 aequare
2179 2861 2464 2929 amplexus
2494 2868 2599 2924 est,
2641 2863 2686 2914 si
2719 2860 2978 2916 humanis
3007 2863 3155 2916 vitiis
3179 2861 3515 2930 inquinetur,

1939 2945 2136 3045 similis
2164 2962 2248 3005 est
2283 2952 2562 3021 panthera
2609 2953 2756 3021 pelli,
2788 2952 2948 3021 cujus
2989 2961 3119 3007 seta:
3153 2969 3332 3022 neque
3372 2968 3521 3021 pror-

1941 3059 2036 3098 sus
2063 3044 2231 3114 nigrae
2261 3054 2408 3110 sunt,
2442 3060 2617 3114 neque
2653 3044 2791 3098 albzc
2830 3044 3076 3108 omnino,
3117 3046 3213 3100 sed
3243 3061 3365 3098 cum
3409 3046 3521 3100 sint

1939 3133 2280 3190 diversorum
2309 3135 2553 3188 colorum
2594 3129 2828 3190 mistur’a
2858 3136 3136 3189 distinctae
3159 3143 3211 3187 et
3236 3135 3521 3204 interpun-

1937 3234 2060 3289 cta},
2103 3243 2278 3297 neque
2312 3228 2365 3280 in
2403 3227 2577 3297 nigris
2615 3237 2999 3288 numerantur,
3035 3241 3214 3296 neque
3265 3226 3318 3279 in
3358 3226 3518 3282 albis.

1939 3320 2015 3392 (6)
2053 3317 2520 3386 Quemadmodum
2549 3335 2678 3389 ergo
2708 3319 2966 3388 pictores,
3007 3334 3130 3371 cum
3165 3316 3429 3385 imagines
3453 3331 3522 3371 ex

1937 3402 2271 3481 imaginibus
2319 3413 2591 3481 pingunt,
2649 3411 2848 3465 crebro
2895 3411 2961 3464 ad
3011 3408 3289 3476 exemplar
3345 3406 3518 3475 respi-

1938 3503 2168 3565 cientes,
2194 3501 2320 3556 inde
2341 3502 2569 3555 formam
2595 3501 2650 3554 in
2681 3517 2842 3556 suum
2870 3499 3037 3572 474
3052 3515 3190 3569 opus
3221 3498 3524 3552 transferre

1940 3602 2212 3648 conantur
2259 3594 2389 3647 :sic
2427 3594 2594 3649 etiam
2643 3594 2737 3662 qui
2799 3609 2922 3647 sese
2982 3593 3241 3646 omnibus
3300 3591 3522 3644 virzutis

1940 3687 2192 3756 partibus
2221 3687 2533 3740 absolutum
2568 3687 2830 3754 perlicere
2863 3683 3066 3745 studet,
3107 3684 3172 3736 ad
3200 3692 3520 3738 sanctorum

1941 3778 2106 3840 vitas,
2137 3779 2285 3832 velut
2324 3777 2390 3831 ad
2419 3776 2715 3832 simulacra
2749 3775 2997 3846 quaedam
3029 3775 3147 3828 viva
3195 3784 3248 3829 et
3269 3783 3519 3834 actuosa.

1943 3870 2219 3939 respicere
2245 3869 2430 3936 debet,
2453 3877 2507 3925 et
2547 3867 2692 3940 quod
2724 3869 2834 3922 illis
2863 3868 3008 3922 inest
3045 3867 3174 3922 boni
3207 3882 3366 3920 suum
3398 3864 3523 3918 imi-

1945 3963 2111 4018 tando
2139 3962 2340 4020 lacere.

2022 4216 2074 4271 6.
2135 4217 2211 4286 (7)
2256 4213 2393 4269 Nam
2440 4213 2486 4269 si
2519 4213 2640 4276 bos,
2698 4210 2794 4282 qui
2833 4209 2990 4263 nobis
3033 4207 3252 4278 adjutor
3281 4207 3347 4259 ad
3379 4204 3525 4275 agri-

1947 4310 2220 4364 culturam
2259 4307 2442 4368 datus,
2492 4319 2683 4359 vocem
2722 4302 3011 4356 nutritoris
3061 4299 3236 4362 novit,
3287 4311 3525 4367 eumque

1949 4400 2192 4470 qui,sibi
2232 4398 2489 4469 pabulum
2537 4395 2732 4448 all'erre
2773 4392 2932 4453 solet,
2973 4389 3221 4458 agnoscit
3263 4406 3276 4442 :
3335 4387 3526 4441 asinus

265 4515 524 4585 γινώσκει
543 4533 557 4545 ο
585 4515 704 4578 ὄνος
743 4515 800 4567 δὲ
841 4514 1166 4585 αὐτομάτως
1194 4511 1286 4564 ἐπὶ
1315 4511 1440 4573 τούς
1473 4507 1721 4578 συνήθεις
1748 4508 1840 4580 τῆς

1950 4503 2131 4548 autem
2162 4497 2356 4563 sponte
2397 4497 2609 4542 naturae
2641 4486 2710 4540 ad
2755 4491 3018 4539 consueta
3049 4481 3246 4536 stabuli
3279 4480 3363 4534 sui
3404 4480 3524 4532 loca

267 4608 617 4671 καταλύσεως
658 4605 857 4668 τόπους
893 4605 1068 4676 ὁρμᾷ,
1096 4603 1190 4656 καὶ
1219 4600 1452 4671 τοσαύτη
1485 4602 1597 4662 τοῖς
1635 4598 1850 4667 ἀλόγοις

267 4701 408 4772 πρὸς
433 4699 524 4752 τὸν
556 4697 979 4768 ἐπιμελούμενον
1004 4697 1036 4766 ἠ
1075 4691 1331 4764 συνήθεια
1349 4705 1363 4720 ⁸
1399 4679 1561 4743 πόσον
1591 4691 1624 4760 ἡ
1653 4690 1847 4761 λογικὴ

267 4792 430 4860 φύσις
468 4790 567 4858 τῆς
601 4788 736 4860 πρὸς
774 4787 905 4840 Θεὸν
943 4785 1162 4854 ἀγάπης
1211 4781 1272 4835 τὸ
1317 4781 1513 4853 μέτρον
1543 4778 1850 4849 ἀπαιτηθή-

269 4898 464 4946 σεται;
499 4881 633 4934 Οὐδὲ
665 4881 773 4951 γάρ
807 4880 902 4949 μία
944 4877 1140 4948 πρᾶξις
1189 4874 1387 4926 τελειοῖ
1429 4872 1521 4925 τὸν
1562 4871 1850 4925 σπουδαῖον

268 4974 408 5027 ἀλλά
436 4973 598 5027 παντὶ
637 4972 902 5043 προσήκει
934 4969 1010 5040 τῷ
1046 4969 1146 5038 βίῳ
1180 4967 1278 5029 τὰς
1319 4965 1438 5018 κατ’
1464 4964 1663 5037 ἀρετὴν
1696 4966 1848 5034 ὲνερ-

268 5068 427 5136 γείας
482 5062 1036 5136 συμπαρατείνεσθαι.
1093 5061 1202 5112 Καὶ
1241 5059 1490 5130 καθάπερ
1537 5058 1587 5110 οἱ
1639 5057 1732 5110 ἐπὶ
1790 5057 1851 5110 τὸ

270 5159 495 5230 λουτρὸν
521 5158 799 5220 εἰσιόντες,
829 5154 1158 5226 γυμνοῦνται
1180 5151 1379 5214 παντὸς
1408 5149 1846 5222 περιϐλήματος·

350 5311 394 5345 ¹⁷
418 5310 605 5365 Matth.
635 5325 710 5372 γι,
744 5307 836 5362 2L
917 5307 960 5338 ⁸⁸
988 5306 1123 5360 ibid.

327 5427 422 5499 ξω
447 5427 605 5499 Οὔτε,
625 5425 696 5478 ἐν
722 5425 848 5499 τοῖς
875 5419 1157 5499 μέλασιν,
1174 5419 1411 5499 rete-Sic
1474 5427 1761 5499 cpntcx_tu‘s
1795 5424 1850 5471 et

275 5488 480 5567 Regi-us
510 5497 679 5567 codex
706 5488 950 5567 melioris
977 5499 1148 5567 n_._nt-c._
1173 5489 1311 5567 Editi
1343 5489 1465 5543 οὐτε
1494 5492 1562 5567 ⁸ἐν
1587 5488 1848 5567 τοῖςλευ-

272 5559 396 5631 κοῖς
428 5565 758 5636 ἀριθμεῖται,
788 5561 911 5636 οὔτε
949 5561 1109 5636 πάλιν
1133 5562 1190 5611 ὲν
1212 5562 1325 5636 τοῖς
1353 5559 1848 5632 μεμελανωμένοις.

354 5630 430 5706 (2)
469 5630 749 5689 Ἕὰυτόν.
790 5631 1201 5700 Desumpsimus
1229 5630 1369 5685 hanc
1399 5630 1587 5687 vocem
1615 5645 1681 5685 ex
1715 5643 1849 5685 con-

274 5717 533 5852 κιὲἔῖει
567 5773 773 5845 Reguli:
798 5771 969 5841 fusius
1005 5767 1270 5833 tractatis,
1297 5769 1422 5823 3M.

1953 4587 2177 4642 l‘estinat
2207 4603 2220 4638 :
2254 4585 2299 4639 si
2334 4581 2512 4636 brutis
2538 4578 2868 4634 animalibus
2899 4583 3049 4629 tanta
3082 4575 3224 4628 inest
3263 4571 3526 4626 habitudo

1953 4695 2077 4735 cum
2120 4693 2221 4732 suo
2262 4675 2541 4747 provisere
2585 4691 2598 4726 :
2651 4677 2856 4741 quanta
2899 4668 3206 4723 dilectionis
3251 4664 3304 4718 in
3353 4663 3524 4718 Deum

1953 4785 2211 4827 mensura
2253 4773 2571 4838 reposcetur
2621 4778 2652 4815 a
2692 4758 2946 4815 rationali
2996 4757 3228 4811 natura!
3272 4754 3347 4826 (8)
3404 4752 3527 4810 Non

1955 4867 2100 4921 enim
2141 4863 2284 4917 actio
2323 4875 2430 4914 una
2461 4858 2642 4912 virum
2677 4853 2906 4923 probum
2939 4849 3172 4903 absolvit
3200 4857 3250 4902 et
3283 4845 3520 4916 perlicit,

1957 4959 2052 5012 sed
2128 4957 2194 5009 ad
2259 4967 2474 5008 omnem
2527 4949 2698 5002 vitam
2755 4941 2970 4998 extendi
3027 4947 3244 5010 oportet
3303 4939 3525 4992 virtutis

1955 5064 2140 5120 opera.
2175 5046 2250 5118 (9)
2285 5045 2349 5097 Et
2386 5037 2840 5114 quemadmodum
2867 5034 2957 5104 qui
2990 5033 3043 5086 in
3077 5032 3323 5086 balneum
3348 5029 3526 5120 ingref

1955 5119 2203 5204 diuntur,
2254 5137 2400 5192 omni
2447 5133 2648 5186 amictu
2695 5129 2990 5193 nudantur,
3037 5126 3110 5179 ita
3144 5124 3306 5180 etiam
3337 5121 3428 5193 qui
3459 5119 3527 5174 ad

2025 5407 2101 5478 (ι)
2132 5404 2289 5479 ῃδῑιι2
2322 5403 2444 5456 sta.
2589 5469 2621 5479 Α,

2139 5475 2214 5528 Ex
2251 5465 2424 5528 Serm.
2457 5469 2714 5544 ascetico,
2753 5465 2879 5520 520.

2027 5539 2103 5619 (6)
2136 5544 2214 5619 Ex
2244 5543 2405 5612 epist.
2439 5539 2614 5619 "Jb.

2028 5604 2104 5688 (7)
2136 5614 2213 5688 [ἐκ
2243 5604 2534 5688 gemment.
2567 5609 2619 5660 in
2638 5605 2791 5688 ‘Isa.,
2819 5604 2944 5688 2’18]:

2030 5675 2227 5757 (8)15:
2249 5683 2414 5757 _hom.
2445 5681 2501 5732 in
2532 5677 2670 5757 pst-tl.
2700 5675 2967 5757 χιΪᾹ-ὃὸι.

2030 5745 2110 5824 (9)
2137 5753 2214 5809 Ex
2246 5753 2423 5807 Serm.
2453 5749 2714 5812 ascetico,
2749 5745 2874 5798 323.
