  <div class='ocr_page' id='page_1' title='image "/cluster/home/n/w/nwhite01/storage/ocr_20150623/32/mdp.39015011915462/577.png"; bbox 0 0 3878 6222; ppageno 0'>
   <div class='ocr_carea' id='block_1_1' title="bbox 410 335 548 386">
    <p class='ocr_par' dir='ltr' id='par_1_1' title="bbox 410 335 548 386">
     <span class='ocr_line' id='line_1_1' title="bbox 410 335 548 386; baseline 0 0"><span class='ocrx_word' id='word_1_1' title='bbox 410 335 548 386; x_wconf 73' lang='lat'><strong>“‘27</strong></span> 
     </span>
    </p>
   </div>
   <div class='ocr_carea' id='block_1_2' title="bbox 1287 325 2726 385">
    <p class='ocr_par' dir='ltr' id='par_1_2' title="bbox 1287 325 2726 385">
     <span class='ocr_line' id='line_1_2' title="bbox 1287 325 2726 385; baseline -0.002 0"><span class='ocrx_word' id='word_1_2' title='bbox 1287 329 1654 385; x_wconf 79' lang='lat' dir='ltr'><strong>APPENDIX.</strong></span> <span class='ocrx_word' id='word_1_3' title='bbox 1693 358 1764 371; x_wconf 87' lang='lat'><em>--</em></span> <span class='ocrx_word' id='word_1_4' title='bbox 1803 325 2147 382; x_wconf 74' lang='lat' dir='ltr'><strong>SYMEONIS</strong></span> <span class='ocrx_word' id='word_1_5' title='bbox 2185 325 2726 382; x_wconf 64' lang='lat' dir='ltr'><strong>METAPHRASTIE</strong></span> 
     </span>
    </p>
   </div>
   <div class='ocr_carea' id='block_1_3' title="bbox 3495 326 3648 374">
    <p class='ocr_par' dir='ltr' id='par_1_3' title="bbox 3495 326 3648 374">
     <span class='ocr_line' id='line_1_3' title="bbox 3495 326 3648 374; baseline 0.007 -1"><span class='ocrx_word' id='word_1_6' title='bbox 3495 326 3498 327; x_wconf 51' lang='grc'><strong><em>⁷</em></strong></span> <span class='ocrx_word' id='word_1_7' title='bbox 3534 327 3648 374; x_wconf 70' lang='lat' dir='ltr'><strong>H28</strong></span> 
     </span>
    </p>
   </div>
   <div class='ocr_carea' id='block_1_4' title="bbox 407 438 2001 515">
    <p class='ocr_par' dir='ltr' id='par_1_4' title="bbox 407 441 1994 515">
     <span class='ocr_line' id='line_1_4' title="bbox 407 441 1994 515; baseline -0.007 -11"><span class='ocrx_word' id='word_1_8' title='bbox 407 449 708 504; x_wconf 68' lang='lat' dir='ltr'><strong>ast-eticum</strong></span> <span class='ocrx_word' id='word_1_9' title='bbox 771 446 893 501; x_wconf 68' lang='lat' dir='ltr'><strong>vita:</strong></span> <span class='ocrx_word' id='word_1_10' title='bbox 963 460 1136 515; x_wconf 79' lang='lat' dir='ltr'><strong>genus</strong></span> <span class='ocrx_word' id='word_1_11' title='bbox 1203 444 1494 508; x_wconf 86' lang='lat' dir='ltr'><strong>accedunt,</strong></span> <span class='ocrx_word' id='word_1_12' title='bbox 1565 443 1714 497; x_wconf 91' lang='lat' dir='ltr'><strong>omni</strong></span> <span class='ocrx_word' id='word_1_13' title='bbox 1768 441 1994 496; x_wconf 90' lang='lat' dir='ltr'><strong>materia</strong></span> 
     </span>
    </p>
   </div>
   <div class='ocr_carea' id='block_1_5' title="bbox 2109 438 3650 515">
    <p class='ocr_par' dir='ltr' id='par_1_5' title="bbox 2109 438 3650 513">
     <span class='ocr_line' id='line_1_5' title="bbox 2109 438 3650 513; baseline -0.001 -20"><span class='ocrx_word' id='word_1_14' title='bbox 2109 441 2238 493; x_wconf 66' lang='grc' dir='ltr'><strong>ιῦτω</strong></span> <span class='ocrx_word' id='word_1_15' title='bbox 2268 441 2374 513; x_wconf 82' lang='grc' dir='ltr'><strong>χρὴ</strong></span> <span class='ocrx_word' id='word_1_16' title='bbox 2398 443 2492 495; x_wconf 69' lang='grc' dir='ltr'><strong>καὶ</strong></span> <span class='ocrx_word' id='word_1_17' title='bbox 2512 443 2636 505; x_wconf 81' lang='grc' dir='ltr'><strong>τοὺς</strong></span> <span class='ocrx_word' id='word_1_18' title='bbox 2657 444 2725 512; x_wconf 82' lang='grc' dir='ltr'><strong>τῇ</strong></span> <span class='ocrx_word' id='word_1_19' title='bbox 2758 441 3026 510; x_wconf 84' lang='grc' dir='ltr'><strong>ἀσκητικῇ</strong></span> <span class='ocrx_word' id='word_1_20' title='bbox 3064 438 3530 510; x_wconf 69' lang='grc' dir='ltr'><strong>προσερχομένους</strong></span> <span class='ocrx_word' id='word_1_21' title='bbox 3555 443 3564 492; x_wconf 87' lang='lat' dir='ltr'><strong>l</strong></span> <span class='ocrx_word' id='word_1_22' title='bbox 3587 439 3616 492; x_wconf 79' lang='lat'>8</span> <span class='ocrx_word' id='word_1_23' title='bbox 3640 450 3650 501; x_wconf 85' lang='lat'><strong>)</strong></span> 
     </span>
    </p>
   </div>
   <div class='ocr_carea' id='block_1_6' title="bbox 409 534 1991 608">
    <p class='ocr_par' dir='ltr' id='par_1_6' title="bbox 409 534 1991 608">
     <span class='ocr_line' id='line_1_6' title="bbox 409 534 1991 608; baseline -0.005 -12"><span class='ocrx_word' id='word_1_24' title='bbox 409 539 596 596; x_wconf 60' lang='grc' dir='ltr'><strong>δεξιουιί</strong></span> <span class='ocrx_word' id='word_1_25' title='bbox 639 539 804 608; x_wconf 82' lang='lat' dir='ltr'><strong>hujus</strong></span> <span class='ocrx_word' id='word_1_26' title='bbox 843 540 1011 599; x_wconf 80' lang='lat' dir='ltr'><strong>exuti,</strong></span> <span class='ocrx_word' id='word_1_27' title='bbox 1044 537 1096 589; x_wconf 92' lang='lat' dir='ltr'><strong>in</strong></span> <span class='ocrx_word' id='word_1_28' title='bbox 1138 536 1260 589; x_wconf 63' lang='lat' dir='ltr'><strong>vitae</strong></span> <span class='ocrx_word' id='word_1_29' title='bbox 1287 535 1683 606; x_wconf 74' lang='lat' dir='ltr'><strong>philosophica:</strong></span> <span class='ocrx_word' id='word_1_30' title='bbox 1723 534 1991 589; x_wconf 90' lang='lat' dir='ltr'><strong>institutis</strong></span> 
     </span>
    </p>
   </div>
   <div class='ocr_carea' id='block_1_7' title="bbox 409 624 1992 695">
    <p class='ocr_par' dir='ltr' id='par_1_7' title="bbox 409 624 1992 695">
     <span class='ocr_line' id='line_1_7' title="bbox 409 624 1992 695; baseline -0.004 -9"><span class='ocrx_word' id='word_1_31' title='bbox 409 631 618 686; x_wconf 87' lang='lat' dir='ltr'><strong>versari</strong></span> <span class='ocrx_word' id='word_1_32' title='bbox 650 631 870 684; x_wconf 88' lang='lat' dir='ltr'><strong>debent.</strong></span> <span class='ocrx_word' id='word_1_33' title='bbox 908 627 982 695; x_wconf 79' lang='grc'>(1)</span> <span class='ocrx_word' id='word_1_34' title='bbox 1025 626 1207 680; x_wconf 84' lang='lat' dir='ltr'><strong>Estote</strong></span> <span class='ocrx_word' id='word_1_35' title='bbox 1263 626 1428 687; x_wconf 88' lang='lat' dir='ltr'><strong>enim,</strong></span> <span class='ocrx_word' id='word_1_36' title='bbox 1472 627 1666 695; x_wconf 90' lang='lat' dir='ltr'><strong>inquit,</strong></span> <span class='ocrx_word' id='word_1_37' title='bbox 1715 624 1992 694; x_wconf 75' lang='lat' dir='ltr'><strong>prudentes</strong></span> 
     </span>
    </p>
   </div>
   <div class='ocr_carea' id='block_1_8' title="bbox 413 713 1995 786">
    <p class='ocr_par' dir='ltr' id='par_1_8' title="bbox 413 713 1995 786">
     <span class='ocr_line' id='line_1_8' title="bbox 413 713 1995 786; baseline -0.004 -13"><span class='ocrx_word' id='word_1_38' title='bbox 413 721 546 775; x_wconf 74' lang='lat' dir='ltr'><strong>sicut</strong></span> <span class='ocrx_word' id='word_1_39' title='bbox 581 726 842 786; x_wconf 78' lang='lat' dir='ltr'><strong>serpentes</strong></span> <span class='ocrx_word' id='word_1_40' title='bbox 887 717 952 768; x_wconf 71' lang='grc'><strong>⁸⁸.</strong></span> <span class='ocrx_word' id='word_1_41' title='bbox 1002 715 1262 784; x_wconf 82' lang='lat' dir='ltr'><strong>Serpens,</strong></span> <span class='ocrx_word' id='word_1_42' title='bbox 1318 715 1413 767; x_wconf 91' lang='lat' dir='ltr'><strong>ubi</strong></span> <span class='ocrx_word' id='word_1_43' title='bbox 1457 715 1567 781; x_wconf 88' lang='lat' dir='ltr'><strong>jam</strong></span> <span class='ocrx_word' id='word_1_44' title='bbox 1625 713 1873 768; x_wconf 72' lang='lat' dir='ltr'><strong>exuenda</strong></span> <span class='ocrx_word' id='word_1_45' title='bbox 1909 721 1995 768; x_wconf 91' lang='lat' dir='ltr'><strong>est</strong></span> 
     </span>
    </p>
   </div>
   <div class='ocr_carea' id='block_1_9' title="bbox 412 807 1995 878">
    <p class='ocr_par' dir='ltr' id='par_1_9' title="bbox 412 807 1995 878">
     <span class='ocr_line' id='line_1_9' title="bbox 412 807 1995 878; baseline -0.003 -18"><span class='ocrx_word' id='word_1_46' title='bbox 412 809 590 878; x_wconf 80' lang='lat' dir='ltr'><strong>pellis,</strong></span> <span class='ocrx_word' id='word_1_47' title='bbox 618 808 673 860; x_wconf 91' lang='lat' dir='ltr'><strong>in</strong></span> <span class='ocrx_word' id='word_1_48' title='bbox 711 807 892 860; x_wconf 91' lang='lat' dir='ltr'><strong>locum</strong></span> <span class='ocrx_word' id='word_1_49' title='bbox 929 815 1219 872; x_wconf 86' lang='lat' dir='ltr'><strong>angustum</strong></span> <span class='ocrx_word' id='word_1_50' title='bbox 1287 814 1340 858; x_wconf 89' lang='lat' dir='ltr'><strong>et</strong></span> <span class='ocrx_word' id='word_1_51' title='bbox 1380 807 1574 859; x_wconf 86' lang='lat' dir='ltr'><strong>stricte</strong></span> <span class='ocrx_word' id='word_1_52' title='bbox 1603 821 1806 873; x_wconf 85' lang='lat' dir='ltr'><strong>corpus</strong></span> <span class='ocrx_word' id='word_1_53' title='bbox 1839 819 1995 857; x_wconf 89' lang='lat' dir='ltr'><strong>coer-</strong></span> 
     </span>
    </p>
   </div>
   <div class='ocr_carea' id='block_1_10' title="bbox 410 895 1995 964">
    <p class='ocr_par' dir='ltr' id='par_1_10' title="bbox 410 895 1995 964">
     <span class='ocr_line' id='line_1_10' title="bbox 410 895 1995 964; baseline -0.004 -11"><span class='ocrx_word' id='word_1_54' title='bbox 410 907 626 954; x_wconf 86' lang='lat' dir='ltr'><strong>centem</strong></span> <span class='ocrx_word' id='word_1_55' title='bbox 670 913 790 953; x_wconf 90' lang='lat' dir='ltr'><strong>sese</strong></span> <span class='ocrx_word' id='word_1_56' title='bbox 835 897 1156 958; x_wconf 89' lang='lat' dir='ltr'><strong>immittens,</strong></span> <span class='ocrx_word' id='word_1_57' title='bbox 1205 895 1286 950; x_wconf 91' lang='lat' dir='ltr'><strong>sic</strong></span> <span class='ocrx_word' id='word_1_58' title='bbox 1358 905 1632 950; x_wconf 76' lang='lat' dir='ltr'><strong>senectam</strong></span> <span class='ocrx_word' id='word_1_59' title='bbox 1701 897 1995 964; x_wconf 89' lang='lat' dir='ltr'><strong>prudenter</strong></span> 
     </span>
    </p>
   </div>
   <div class='ocr_carea' id='block_1_11' title="bbox 413 985 1995 1059">
    <p class='ocr_par' dir='ltr' id='par_1_11' title="bbox 413 985 1995 1059">
     <span class='ocr_line' id='line_1_11' title="bbox 413 985 1995 1059; baseline -0.003 -15"><span class='ocrx_word' id='word_1_60' title='bbox 413 1006 480 1044; x_wconf 89' lang='lat' dir='ltr'><strong>ac</strong></span> <span class='ocrx_word' id='word_1_61' title='bbox 512 990 789 1059; x_wconf 81' lang='lat' dir='ltr'><strong>sapienter</strong></span> <span class='ocrx_word' id='word_1_62' title='bbox 823 987 994 1042; x_wconf 76' lang='lat' dir='ltr'><strong>exuit.</strong></span> <span class='ocrx_word' id='word_1_63' title='bbox 1021 985 1176 1052; x_wconf 89' lang='lat' dir='ltr'><strong>Quod</strong></span> <span class='ocrx_word' id='word_1_64' title='bbox 1211 997 1265 1040; x_wconf 73' lang='lat' dir='ltr'><strong>it</strong></span> <span class='ocrx_word' id='word_1_65' title='bbox 1307 987 1447 1041; x_wconf 89' lang='lat' dir='ltr'><strong>idem</strong></span> <span class='ocrx_word' id='word_1_66' title='bbox 1507 1004 1606 1042; x_wconf 88' lang='lat' dir='ltr'><strong>nos</strong></span> <span class='ocrx_word' id='word_1_67' title='bbox 1637 988 1841 1041; x_wconf 88' lang='lat' dir='ltr'><strong>imitari</strong></span> <span class='ocrx_word' id='word_1_68' title='bbox 1877 988 1995 1040; x_wconf 88' lang='lat' dir='ltr'><strong>vult</strong></span> 
     </span>
    </p>
   </div>
   <div class='ocr_carea' id='block_1_12' title="bbox 415 1081 1994 1152">
    <p class='ocr_par' dir='ltr' id='par_1_12' title="bbox 415 1081 1994 1152">
     <span class='ocr_line' id='line_1_12' title="bbox 415 1081 1994 1152; baseline -0.002 -16"><span class='ocrx_word' id='word_1_69' title='bbox 415 1081 717 1152; x_wconf 79' lang='lat' dir='ltr'><strong>Scriptura,</strong></span> <span class='ocrx_word' id='word_1_70' title='bbox 771 1096 866 1150; x_wconf 92' lang='lat' dir='ltr'><strong>per</strong></span> <span class='ocrx_word' id='word_1_71' title='bbox 910 1089 1196 1150; x_wconf 81' lang='lat' dir='ltr'><strong>angustam</strong></span> <span class='ocrx_word' id='word_1_72' title='bbox 1245 1090 1299 1136; x_wconf 88' lang='lat' dir='ltr'><strong>et</strong></span> <span class='ocrx_word' id='word_1_73' title='bbox 1355 1088 1563 1134; x_wconf 79' lang='lat' dir='ltr'><strong>arctam</strong></span> <span class='ocrx_word' id='word_1_74' title='bbox 1613 1081 1756 1134; x_wconf 85' lang='lat' dir='ltr'><strong>viam</strong></span> <span class='ocrx_word' id='word_1_75' title='bbox 1810 1081 1994 1150; x_wconf 89' lang='lat' dir='ltr'><strong>ingre-</strong></span> 
     </span>
    </p>
   </div>
   <div class='ocr_carea' id='block_1_13' title="bbox 411 1169 1994 1235">
    <p class='ocr_par' dir='ltr' id='par_1_13' title="bbox 411 1169 1994 1235">
     <span class='ocr_line' id='line_1_13' title="bbox 411 1169 1994 1235; baseline -0.002 -10"><span class='ocrx_word' id='word_1_76' title='bbox 411 1175 630 1227; x_wconf 85' lang='lat' dir='ltr'><strong>dientes</strong></span> <span class='ocrx_word' id='word_1_77' title='bbox 683 1173 750 1235; x_wconf 78' lang='grc' dir='ltr'><strong>ὀ,</strong></span> <span class='ocrx_word' id='word_1_78' title='bbox 802 1186 1003 1224; x_wconf 78' lang='lat' dir='ltr'><strong>exuere</strong></span> <span class='ocrx_word' id='word_1_79' title='bbox 1045 1179 1283 1224; x_wconf 80' lang='lat' dir='ltr'><strong>veterem</strong></span> <span class='ocrx_word' id='word_1_80' title='bbox 1343 1169 1638 1231; x_wconf 88' lang='lat' dir='ltr'><strong>hominem,</strong></span> <span class='ocrx_word' id='word_1_81' title='bbox 1687 1185 1750 1223; x_wconf 90' lang='lat' dir='ltr'><strong>ac</strong></span> <span class='ocrx_word' id='word_1_82' title='bbox 1793 1184 1994 1222; x_wconf 87' lang='lat' dir='ltr'><strong>novum</strong></span> 
     </span>
    </p>
   </div>
   <div class='ocr_carea' id='block_1_14' title="bbox 412 1260 1993 1332">
    <p class='ocr_par' dir='ltr' id='par_1_14' title="bbox 412 1260 1993 1332">
     <span class='ocr_line' id='line_1_14' title="bbox 412 1260 1993 1332; baseline -0.002 -15"><span class='ocrx_word' id='word_1_83' title='bbox 412 1263 636 1317; x_wconf 81' lang='lat' dir='ltr'><strong>induere</strong></span> <span class='ocrx_word' id='word_1_84' title='bbox 664 1263 731 1328; x_wconf 80' lang='grc'><strong>²¹,</strong></span> <span class='ocrx_word' id='word_1_85' title='bbox 767 1271 824 1316; x_wconf 82' lang='grc' dir='ltr'><strong>ιιι</strong></span> <span class='ocrx_word' id='word_1_86' title='bbox 856 1271 1045 1318; x_wconf 88' lang='lat' dir='ltr'><strong>nostra</strong></span> <span class='ocrx_word' id='word_1_87' title='bbox 1078 1277 1316 1332; x_wconf 87' lang='lat' dir='ltr'><strong>quoque,</strong></span> <span class='ocrx_word' id='word_1_88' title='bbox 1343 1262 1494 1313; x_wconf 83' lang='lat' dir='ltr'><strong>velut</strong></span> <span class='ocrx_word' id='word_1_89' title='bbox 1521 1261 1740 1329; x_wconf 67' lang='lat' dir='ltr'><strong>aquilae,</strong></span> <span class='ocrx_word' id='word_1_90' title='bbox 1766 1260 1993 1330; x_wconf 79' lang='lat' dir='ltr'><strong>juventa</strong></span> 
     </span>
    </p>
   </div>
   <div class='ocr_carea' id='block_1_15' title="bbox 414 1354 1997 1410">
    <p class='ocr_par' dir='ltr' id='par_1_15' title="bbox 414 1354 1997 1410">
     <span class='ocr_line' id='line_1_15' title="bbox 414 1354 1997 1410; baseline -0.002 -2"><span class='ocrx_word' id='word_1_91' title='bbox 414 1363 710 1410; x_wconf 85' lang='lat' dir='ltr'><strong>renovetur</strong></span> <span class='ocrx_word' id='word_1_92' title='bbox 742 1356 808 1408; x_wconf 82' lang='lat'><strong>&quot;.</strong></span> <span class='ocrx_word' id='word_1_93' title='bbox 853 1354 988 1408; x_wconf 87' lang='lat' dir='ltr'><strong>Nam</strong></span> <span class='ocrx_word' id='word_1_94' title='bbox 1027 1354 1230 1407; x_wconf 88' lang='lat' dir='ltr'><strong>lumine</strong></span> <span class='ocrx_word' id='word_1_95' title='bbox 1264 1354 1614 1407; x_wconf 88' lang='lat' dir='ltr'><strong>illucescente</strong></span> <span class='ocrx_word' id='word_1_96' title='bbox 1658 1361 1997 1408; x_wconf 86' lang='lat' dir='ltr'><strong>evanescunt</strong></span> 
     </span>
    </p>
   </div>
   <div class='ocr_carea' id='block_1_16' title="bbox 414 1443 1994 1521">
    <p class='ocr_par' dir='ltr' id='par_1_16' title="bbox 414 1443 1994 1521">
     <span class='ocr_line' id='line_1_16' title="bbox 414 1443 1994 1521; baseline -0.004 -19"><span class='ocrx_word' id='word_1_97' title='bbox 414 1449 685 1521; x_wconf 58' lang='lat' dir='ltr'><strong>tenebrat,</strong></span> <span class='ocrx_word' id='word_1_98' title='bbox 741 1456 796 1502; x_wconf 90' lang='lat' dir='ltr'><strong>et</strong></span> <span class='ocrx_word' id='word_1_99' title='bbox 862 1447 1097 1500; x_wconf 80' lang='lat' dir='ltr'><strong>sanitate</strong></span> <span class='ocrx_word' id='word_1_100' title='bbox 1161 1447 1424 1500; x_wconf 87' lang='lat' dir='ltr'><strong>redeunte</strong></span> <span class='ocrx_word' id='word_1_101' title='bbox 1499 1446 1763 1499; x_wconf 74' lang='lat' dir='ltr'><strong>molestia:</strong></span> <span class='ocrx_word' id='word_1_102' title='bbox 1819 1443 1994 1498; x_wconf 85' lang='lat' dir='ltr'><strong>morbi</strong></span> 
     </span>
    </p>
   </div>
   <div class='ocr_carea' id='block_1_17' title="bbox 412 1533 1997 1599">
    <p class='ocr_par' dir='ltr' id='par_1_17' title="bbox 412 1533 1997 1599">
     <span class='ocr_line' id='line_1_17' title="bbox 412 1533 1997 1599; baseline -0.004 -8"><span class='ocrx_word' id='word_1_103' title='bbox 412 1540 703 1599; x_wconf 81' lang='lat' dir='ltr'><strong>sedantur,</strong></span> <span class='ocrx_word' id='word_1_104' title='bbox 749 1547 803 1590; x_wconf 85' lang='lat' dir='ltr'><strong>et</strong></span> <span class='ocrx_word' id='word_1_105' title='bbox 848 1536 1074 1589; x_wconf 87' lang='lat' dir='ltr'><strong>veritate</strong></span> <span class='ocrx_word' id='word_1_106' title='bbox 1123 1534 1534 1596; x_wconf 78' lang='lat' dir='ltr'><strong>demonstrata,</strong></span> <span class='ocrx_word' id='word_1_107' title='bbox 1587 1533 1853 1588; x_wconf 87' lang='lat' dir='ltr'><strong>mendacii</strong></span> <span class='ocrx_word' id='word_1_108' title='bbox 1897 1548 1997 1586; x_wconf 88' lang='lat' dir='ltr'><strong>na-</strong></span> 
     </span>
    </p>
   </div>
   <div class='ocr_carea' id='block_1_18' title="bbox 409 1603 1998 1696">
    <p class='ocr_par' dir='ltr' id='par_1_18' title="bbox 409 1603 1998 1696">
     <span class='ocr_line' id='line_1_18' title="bbox 409 1603 1998 1696; baseline -0.005 -12"><span class='ocrx_word' id='word_1_109' title='bbox 409 1640 537 1684; x_wconf 88' lang='lat' dir='ltr'><strong>tttra</strong></span> <span class='ocrx_word' id='word_1_110' title='bbox 590 1627 958 1696; x_wconf 87' lang='lat' dir='ltr'><strong>redarguitur.</strong></span> <span class='ocrx_word' id='word_1_111' title='bbox 999 1624 1106 1680; x_wconf 85' lang='lat' dir='ltr'><strong>Sed</strong></span> <span class='ocrx_word' id='word_1_112' title='bbox 1147 1625 1391 1694; x_wconf 88' lang='lat' dir='ltr'><strong>plerique</strong></span> <span class='ocrx_word' id='word_1_113' title='bbox 1449 1624 1523 1694; x_wconf 74' lang='grc' dir='ltr'>(ΕΞ)</span> <span class='ocrx_word' id='word_1_114' title='bbox 1562 1603 1808 1678; x_wconf 77' lang='lat' dir='ltr'><strong>bomines</strong></span> <span class='ocrx_word' id='word_1_115' title='bbox 1838 1624 1998 1678; x_wconf 91' lang='lat' dir='ltr'><strong>nubi-</strong></span> 
     </span>
    </p>
   </div>
   <div class='ocr_carea' id='block_1_19' title="bbox 414 1715 1998 1786">
    <p class='ocr_par' dir='ltr' id='par_1_19' title="bbox 414 1715 1998 1786">
     <span class='ocr_line' id='line_1_19' title="bbox 414 1715 1998 1786; baseline -0.004 -11"><span class='ocrx_word' id='word_1_116' title='bbox 414 1723 518 1776; x_wconf 79' lang='lat' dir='ltr'><strong>bus</strong></span> <span class='ocrx_word' id='word_1_117' title='bbox 579 1719 788 1773; x_wconf 87' lang='lat' dir='ltr'><strong>similes</strong></span> <span class='ocrx_word' id='word_1_118' title='bbox 833 1727 996 1776; x_wconf 87' lang='lat' dir='ltr'><strong>sunt.</strong></span> <span class='ocrx_word' id='word_1_119' title='bbox 1053 1733 1174 1786; x_wconf 66' lang='lat' dir='ltr'><strong>quae</strong></span> <span class='ocrx_word' id='word_1_120' title='bbox 1223 1733 1322 1786; x_wconf 86' lang='lat' dir='ltr'><strong>pro</strong></span> <span class='ocrx_word' id='word_1_121' title='bbox 1368 1725 1653 1770; x_wconf 85' lang='lat' dir='ltr'><strong>ventorum</strong></span> <span class='ocrx_word' id='word_1_122' title='bbox 1697 1715 1998 1769; x_wconf 88' lang='lat' dir='ltr'><strong>mutatione</strong></span> 
     </span>
    </p>
   </div>
   <div class='ocr_carea' id='block_1_20' title="bbox 414 1806 1996 1878">
    <p class='ocr_par' dir='ltr' id='par_1_20' title="bbox 414 1806 1996 1878">
     <span class='ocr_line' id='line_1_20' title="bbox 414 1806 1996 1878; baseline -0.003 -12"><span class='ocrx_word' id='word_1_123' title='bbox 414 1812 552 1866; x_wconf 89' lang='lat' dir='ltr'><strong>alias</strong></span> <span class='ocrx_word' id='word_1_124' title='bbox 585 1813 636 1864; x_wconf 92' lang='lat' dir='ltr'><strong>in</strong></span> <span class='ocrx_word' id='word_1_125' title='bbox 667 1810 828 1863; x_wconf 90' lang='lat' dir='ltr'><strong>aliam</strong></span> <span class='ocrx_word' id='word_1_126' title='bbox 861 1810 1002 1863; x_wconf 87' lang='lat' dir='ltr'><strong>aeris</strong></span> <span class='ocrx_word' id='word_1_127' title='bbox 1035 1816 1243 1878; x_wconf 86' lang='lat' dir='ltr'><strong>partem</strong></span> <span class='ocrx_word' id='word_1_128' title='bbox 1277 1806 1528 1861; x_wconf 83' lang='lat' dir='ltr'><strong>feruntur</strong></span> <span class='ocrx_word' id='word_1_129' title='bbox 1556 1827 1568 1860; x_wconf 89' lang='lat'>:</span> <span class='ocrx_word' id='word_1_130' title='bbox 1599 1807 1676 1876; x_wconf 84' lang='grc'><strong>(5)</strong></span> <span class='ocrx_word' id='word_1_131' title='bbox 1719 1815 1772 1862; x_wconf 89' lang='lat' dir='ltr'><strong>et</strong></span> <span class='ocrx_word' id='word_1_132' title='bbox 1797 1807 1996 1876; x_wconf 87' lang='lat' dir='ltr'><strong>quibus</strong></span> 
     </span>
    </p>
   </div>
   <div class='ocr_carea' id='block_1_21' title="bbox 418 1896 1998 1970">
    <p class='ocr_par' dir='ltr' id='par_1_21' title="bbox 418 1896 1998 1970">
     <span class='ocr_line' id='line_1_21' title="bbox 418 1896 1998 1970; baseline -0.003 -16"><span class='ocrx_word' id='word_1_133' title='bbox 418 1901 577 1954; x_wconf 88' lang='lat' dir='ltr'><strong>facile</strong></span> <span class='ocrx_word' id='word_1_134' title='bbox 636 1899 916 1970; x_wconf 80' lang='lat' dir='ltr'><strong>mutabilis</strong></span> <span class='ocrx_word' id='word_1_135' title='bbox 959 1897 1249 1958; x_wconf 87' lang='lat' dir='ltr'><strong>sententia,</strong></span> <span class='ocrx_word' id='word_1_136' title='bbox 1289 1897 1375 1951; x_wconf 91' lang='lat' dir='ltr'><strong>his</strong></span> <span class='ocrx_word' id='word_1_137' title='bbox 1417 1897 1639 1950; x_wconf 86' lang='lat' dir='ltr'><strong>minime</strong></span> <span class='ocrx_word' id='word_1_138' title='bbox 1671 1896 1873 1950; x_wconf 90' lang='lat' dir='ltr'><strong>mirum</strong></span> <span class='ocrx_word' id='word_1_139' title='bbox 1912 1905 1998 1951; x_wconf 91' lang='lat' dir='ltr'><strong>est</strong></span> 
     </span>
    </p>
   </div>
   <div class='ocr_carea' id='block_1_22' title="bbox 415 1988 1997 2058">
    <p class='ocr_par' dir='ltr' id='par_1_22' title="bbox 415 1988 1997 2058">
     <span class='ocr_line' id='line_1_22' title="bbox 415 1988 1997 2058; baseline -0.001 -15"><span class='ocrx_word' id='word_1_140' title='bbox 415 1993 538 2045; x_wconf 69' lang='lat' dir='ltr'><strong>vitae</strong></span> <span class='ocrx_word' id='word_1_141' title='bbox 581 1990 831 2044; x_wconf 89' lang='lat' dir='ltr'><strong>ordinem</strong></span> <span class='ocrx_word' id='word_1_142' title='bbox 887 2005 996 2044; x_wconf 92' lang='lat' dir='ltr'><strong>non</strong></span> <span class='ocrx_word' id='word_1_143' title='bbox 1041 1999 1296 2042; x_wconf 86' lang='lat' dir='ltr'><strong>constare</strong></span> <span class='ocrx_word' id='word_1_144' title='bbox 1334 2006 1348 2053; x_wconf 85' lang='lat'><strong>;</strong></span> <span class='ocrx_word' id='word_1_145' title='bbox 1395 1989 1598 2058; x_wconf 86' lang='lat' dir='ltr'><strong>quibus</strong></span> <span class='ocrx_word' id='word_1_146' title='bbox 1658 2003 1788 2042; x_wconf 87' lang='lat' dir='ltr'><strong>vero</strong></span> <span class='ocrx_word' id='word_1_147' title='bbox 1839 1988 1997 2042; x_wconf 78' lang='lat' dir='ltr'><strong>firma</strong></span> 
     </span>
    </p>
   </div>
   <div class='ocr_carea' id='block_1_23' title="bbox 417 2079 1999 2152">
    <p class='ocr_par' dir='ltr' id='par_1_23' title="bbox 417 2079 1999 2152">
     <span class='ocr_line' id='line_1_23' title="bbox 417 2079 1999 2152; baseline -0.002 -16"><span class='ocrx_word' id='word_1_148' title='bbox 417 2099 570 2137; x_wconf 90' lang='lat' dir='ltr'><strong>mens</strong></span> <span class='ocrx_word' id='word_1_149' title='bbox 601 2090 706 2142; x_wconf 88' lang='lat' dir='ltr'><strong>est.</strong></span> <span class='ocrx_word' id='word_1_150' title='bbox 753 2095 1078 2152; x_wconf 86' lang='lat' dir='ltr'><strong>semperque</strong></span> <span class='ocrx_word' id='word_1_151' title='bbox 1114 2088 1372 2135; x_wconf 89' lang='lat' dir='ltr'><strong>constans</strong></span> <span class='ocrx_word' id='word_1_152' title='bbox 1409 2089 1464 2134; x_wconf 85' lang='lat' dir='ltr'><strong>et</strong></span> <span class='ocrx_word' id='word_1_153' title='bbox 1501 2079 1712 2140; x_wconf 86' lang='lat' dir='ltr'><strong>eadem.</strong></span> <span class='ocrx_word' id='word_1_154' title='bbox 1749 2080 1835 2136; x_wconf 87' lang='lat' dir='ltr'><strong>bis</strong></span> <span class='ocrx_word' id='word_1_155' title='bbox 1868 2094 1999 2134; x_wconf 82' lang='lat' dir='ltr'><strong>con-</strong></span> 
     </span>
    </p>
   </div>
   <div class='ocr_carea' id='block_1_24' title="bbox 418 2171 2000 2242">
    <p class='ocr_par' dir='ltr' id='par_1_24' title="bbox 418 2171 2000 2242">
     <span class='ocr_line' id='line_1_24' title="bbox 418 2171 2000 2242; baseline -0.003 -13"><span class='ocrx_word' id='word_1_156' title='bbox 418 2183 746 2230; x_wconf 90' lang='lat' dir='ltr'><strong>sentaneum</strong></span> <span class='ocrx_word' id='word_1_157' title='bbox 795 2184 880 2227; x_wconf 86' lang='lat' dir='ltr'><strong>est</strong></span> <span class='ocrx_word' id='word_1_158' title='bbox 933 2174 1098 2225; x_wconf 89' lang='lat' dir='ltr'><strong>vitam</strong></span> <span class='ocrx_word' id='word_1_159' title='bbox 1149 2172 1402 2226; x_wconf 89' lang='lat' dir='ltr'><strong>instituto</strong></span> <span class='ocrx_word' id='word_1_160' title='bbox 1457 2183 1849 2242; x_wconf 79' lang='lat' dir='ltr'><strong>congruentem</strong></span> <span class='ocrx_word' id='word_1_161' title='bbox 1903 2171 2000 2225; x_wconf 91' lang='lat' dir='ltr'><strong>du-</strong></span> 
     </span>
    </p>
   </div>
   <div class='ocr_carea' id='block_1_25' title="bbox 416 2262 1995 2336">
    <p class='ocr_par' dir='ltr' id='par_1_25' title="bbox 416 2262 1995 2336">
     <span class='ocr_line' id='line_1_25' title="bbox 416 2262 1995 2336; baseline -0.004 -15"><span class='ocrx_word' id='word_1_162' title='bbox 416 2282 561 2322; x_wconf 83' lang='lat' dir='ltr'><strong>cere.</strong></span> <span class='ocrx_word' id='word_1_163' title='bbox 593 2265 665 2336; x_wconf 65' lang='grc'>(4)</span> <span class='ocrx_word' id='word_1_164' title='bbox 705 2264 856 2317; x_wconf 83' lang='lat' dir='ltr'><strong>Multi</strong></span> <span class='ocrx_word' id='word_1_165' title='bbox 889 2273 1092 2328; x_wconf 87' lang='lat' dir='ltr'><strong>autem,</strong></span> <span class='ocrx_word' id='word_1_166' title='bbox 1122 2262 1251 2316; x_wconf 89' lang='lat' dir='ltr'><strong>dum</strong></span> <span class='ocrx_word' id='word_1_167' title='bbox 1295 2278 1492 2333; x_wconf 83' lang='lat' dir='ltr'><strong>pravas</strong></span> <span class='ocrx_word' id='word_1_168' title='bbox 1530 2263 1696 2317; x_wconf 90' lang='lat' dir='ltr'><strong>etiam</strong></span> <span class='ocrx_word' id='word_1_169' title='bbox 1739 2277 1995 2331; x_wconf 79' lang='lat' dir='ltr'><strong>compro-</strong></span> 
     </span>
    </p>
   </div>
   <div class='ocr_carea' id='block_1_26' title="bbox 417 2353 1998 2422">
    <p class='ocr_par' dir='ltr' id='par_1_26' title="bbox 417 2353 1998 2422">
     <span class='ocr_line' id='line_1_26' title="bbox 417 2353 1998 2422; baseline -0.004 -11"><span class='ocrx_word' id='word_1_170' title='bbox 417 2358 550 2411; x_wconf 82' lang='lat' dir='ltr'><strong>bant</strong></span> <span class='ocrx_word' id='word_1_171' title='bbox 592 2355 857 2419; x_wconf 85' lang='lat' dir='ltr'><strong>actiones,</strong></span> <span class='ocrx_word' id='word_1_172' title='bbox 909 2355 1154 2408; x_wconf 88' lang='lat' dir='ltr'><strong>dicacem</strong></span> <span class='ocrx_word' id='word_1_173' title='bbox 1207 2354 1424 2422; x_wconf 80' lang='lat' dir='ltr'><strong>quidem</strong></span> <span class='ocrx_word' id='word_1_174' title='bbox 1476 2353 1714 2422; x_wconf 88' lang='lat' dir='ltr'><strong>lepidum</strong></span> <span class='ocrx_word' id='word_1_175' title='bbox 1766 2353 1998 2420; x_wconf 84' lang='lat' dir='ltr'><strong>dicunt;</strong></span> 
     </span>
    </p>
   </div>
   <div class='ocr_carea' id='block_1_27' title="bbox 417 2445 1998 2518">
    <p class='ocr_par' dir='ltr' id='par_1_27' title="bbox 417 2445 1998 2518">
     <span class='ocr_line' id='line_1_27' title="bbox 417 2445 1998 2518; baseline -0.005 -14"><span class='ocrx_word' id='word_1_176' title='bbox 417 2465 542 2504; x_wconf 89' lang='lat' dir='ltr'><strong>eum</strong></span> <span class='ocrx_word' id='word_1_177' title='bbox 595 2465 723 2503; x_wconf 92' lang='lat' dir='ltr'><strong>vero</strong></span> <span class='ocrx_word' id='word_1_178' title='bbox 768 2449 864 2518; x_wconf 76' lang='lat' dir='ltr'><strong>qui</strong></span> <span class='ocrx_word' id='word_1_179' title='bbox 915 2448 1154 2501; x_wconf 81' lang='lat' dir='ltr'><strong>obscena</strong></span> <span class='ocrx_word' id='word_1_180' title='bbox 1199 2447 1363 2500; x_wconf 90' lang='lat' dir='ltr'><strong>verba</strong></span> <span class='ocrx_word' id='word_1_181' title='bbox 1415 2446 1640 2516; x_wconf 90' lang='lat' dir='ltr'><strong>profert,</strong></span> <span class='ocrx_word' id='word_1_182' title='bbox 1683 2445 1998 2510; x_wconf 89' lang='lat' dir='ltr'><strong>urbanum;</strong></span> 
     </span>
    </p>
   </div>
   <div class='ocr_carea' id='block_1_28' title="bbox 417 2535 1998 2603">
    <p class='ocr_par' dir='ltr' id='par_1_28' title="bbox 417 2535 1998 2603">
     <span class='ocr_line' id='line_1_28' title="bbox 417 2535 1998 2603; baseline -0.006 -7"><span class='ocrx_word' id='word_1_183' title='bbox 417 2542 676 2596; x_wconf 84' lang='lat' dir='ltr'><strong>acerbum</strong></span> <span class='ocrx_word' id='word_1_184' title='bbox 721 2549 775 2594; x_wconf 87' lang='lat' dir='ltr'><strong>et</strong></span> <span class='ocrx_word' id='word_1_185' title='bbox 820 2537 1169 2603; x_wconf 87' lang='lat' dir='ltr'><strong>iracundum,</strong></span> <span class='ocrx_word' id='word_1_186' title='bbox 1216 2537 1492 2591; x_wconf 90' lang='lat' dir='ltr'><strong>hominem</strong></span> <span class='ocrx_word' id='word_1_187' title='bbox 1547 2535 1838 2589; x_wconf 87' lang='lat' dir='ltr'><strong>nominant</strong></span> <span class='ocrx_word' id='word_1_188' title='bbox 1886 2549 1998 2588; x_wconf 90' lang='lat' dir='ltr'><strong>non</strong></span> 
     </span>
    </p>
   </div>
   <div class='ocr_carea' id='block_1_29' title="bbox 424 2625 2002 2699">
    <p class='ocr_par' dir='ltr' id='par_1_29' title="bbox 424 2625 2002 2699">
     <span class='ocr_line' id='line_1_29' title="bbox 424 2625 2002 2699; baseline -0.006 -12"><span class='ocrx_word' id='word_1_189' title='bbox 424 2629 937 2695; x_wconf 86' lang='lat' dir='ltr'><strong>contemnendum;</strong></span> <span class='ocrx_word' id='word_1_190' title='bbox 991 2643 1216 2699; x_wconf 88' lang='lat' dir='ltr'><strong>parcum</strong></span> <span class='ocrx_word' id='word_1_191' title='bbox 1267 2635 1322 2682; x_wconf 89' lang='lat' dir='ltr'><strong>et</strong></span> <span class='ocrx_word' id='word_1_192' title='bbox 1368 2626 1708 2690; x_wconf 87' lang='lat' dir='ltr'><strong>illiberalem,</strong></span> <span class='ocrx_word' id='word_1_193' title='bbox 1739 2635 1798 2680; x_wconf 87' lang='lat' dir='ltr'><strong>ttt</strong></span> <span class='ocrx_word' id='word_1_194' title='bbox 1839 2625 2002 2680; x_wconf 90' lang='lat' dir='ltr'><strong>sedu-</strong></span> 
     </span>
    </p>
   </div>
   <div class='ocr_carea' id='block_1_30' title="bbox 424 2717 1999 2783">
    <p class='ocr_par' dir='ltr' id='par_1_30' title="bbox 424 2717 1999 2783">
     <span class='ocr_line' id='line_1_30' title="bbox 424 2717 1999 2783; baseline -0.003 -9"><span class='ocrx_word' id='word_1_195' title='bbox 424 2722 536 2776; x_wconf 77' lang='lat' dir='ltr'><strong>lum</strong></span> <span class='ocrx_word' id='word_1_196' title='bbox 562 2721 1064 2775; x_wconf 88' lang='lat' dir='ltr'><strong>administratorem</strong></span> <span class='ocrx_word' id='word_1_197' title='bbox 1095 2717 1320 2772; x_wconf 89' lang='lat' dir='ltr'><strong>laudant</strong></span> <span class='ocrx_word' id='word_1_198' title='bbox 1347 2735 1361 2783; x_wconf 89' lang='lat'>;</span> <span class='ocrx_word' id='word_1_199' title='bbox 1396 2717 1610 2771; x_wconf 80' lang='lat' dir='ltr'><strong>luxurie</strong></span> <span class='ocrx_word' id='word_1_200' title='bbox 1643 2717 1999 2780; x_wconf 73' lang='lat' dir='ltr'><strong>diffluentem,</strong></span> 
     </span>
    </p>
   </div>
   <div class='ocr_carea' id='block_1_31' title="bbox 424 2809 2002 2878">
    <p class='ocr_par' dir='ltr' id='par_1_31' title="bbox 424 2809 2002 2878">
     <span class='ocr_line' id='line_1_31' title="bbox 424 2809 2002 2878; baseline -0.004 -9"><span class='ocrx_word' id='word_1_201' title='bbox 424 2825 488 2870; x_wconf 89' lang='lat' dir='ltr'><strong>ut</strong></span> <span class='ocrx_word' id='word_1_202' title='bbox 537 2813 860 2878; x_wconf 87' lang='lat' dir='ltr'><strong>liberalem;</strong></span> <span class='ocrx_word' id='word_1_203' title='bbox 917 2819 1278 2866; x_wconf 89' lang='lat' dir='ltr'><strong>scortatorem</strong></span> <span class='ocrx_word' id='word_1_204' title='bbox 1323 2819 1377 2864; x_wconf 91' lang='lat' dir='ltr'><strong>et</strong></span> <span class='ocrx_word' id='word_1_205' title='bbox 1415 2810 1702 2876; x_wconf 85' lang='lat' dir='ltr'><strong>lascivum,</strong></span> <span class='ocrx_word' id='word_1_206' title='bbox 1735 2817 1792 2862; x_wconf 94' lang='lat' dir='ltr'><strong>ut</strong></span> <span class='ocrx_word' id='word_1_207' title='bbox 1821 2809 2002 2862; x_wconf 78' lang='lat' dir='ltr'><strong>virum</strong></span> 
     </span>
    </p>
   </div>
   <div class='ocr_carea' id='block_1_32' title="bbox 421 2899 1999 2972">
    <p class='ocr_par' dir='ltr' id='par_1_32' title="bbox 421 2899 1999 2972">
     <span class='ocr_line' id='line_1_32' title="bbox 421 2899 1999 2972; baseline -0.006 -12"><span class='ocrx_word' id='word_1_208' title='bbox 421 2906 588 2960; x_wconf 81' lang='lat' dir='ltr'><strong>rebus</strong></span> <span class='ocrx_word' id='word_1_209' title='bbox 657 2904 772 2958; x_wconf 90' lang='lat' dir='ltr'><strong>suis</strong></span> <span class='ocrx_word' id='word_1_210' title='bbox 834 2902 1241 2972; x_wconf 89' lang='lat' dir='ltr'><strong>perfruentem,</strong></span> <span class='ocrx_word' id='word_1_211' title='bbox 1297 2909 1353 2954; x_wconf 88' lang='lat' dir='ltr'><strong>et</strong></span> <span class='ocrx_word' id='word_1_212' title='bbox 1411 2899 1580 2953; x_wconf 88' lang='lat' dir='ltr'><strong>animi</strong></span> <span class='ocrx_word' id='word_1_213' title='bbox 1642 2899 1926 2954; x_wconf 90' lang='lat' dir='ltr'><strong>solutioris</strong></span> <span class='ocrx_word' id='word_1_214' title='bbox 1986 2915 1999 2951; x_wconf 90' lang='lat'>:</span> 
     </span>
    </p>
   </div>
   <div class='ocr_carea' id='block_1_33' title="bbox 422 2990 2006 3061">
    <p class='ocr_par' dir='ltr' id='par_1_33' title="bbox 422 2990 2006 3061">
     <span class='ocr_line' id='line_1_33' title="bbox 422 2990 2006 3061; baseline -0.005 -11"><span class='ocrx_word' id='word_1_215' title='bbox 422 3012 534 3050; x_wconf 91' lang='lat' dir='ltr'><strong>uno</strong></span> <span class='ocrx_word' id='word_1_216' title='bbox 581 2996 769 3059; x_wconf 89' lang='lat' dir='ltr'><strong>verbo,</strong></span> <span class='ocrx_word' id='word_1_217' title='bbox 802 2995 935 3046; x_wconf 88' lang='lat' dir='ltr'><strong>vitio</strong></span> <span class='ocrx_word' id='word_1_218' title='bbox 980 2993 1130 3048; x_wconf 90' lang='lat' dir='ltr'><strong>omni</strong></span> <span class='ocrx_word' id='word_1_219' title='bbox 1187 3008 1254 3046; x_wconf 83' lang='lat' dir='ltr'><strong>ex</strong></span> <span class='ocrx_word' id='word_1_220' title='bbox 1300 2993 1502 3046; x_wconf 90' lang='lat' dir='ltr'><strong>virtute</strong></span> <span class='ocrx_word' id='word_1_221' title='bbox 1539 2990 1809 3061; x_wconf 85' lang='lat' dir='ltr'><strong>adjacenti</strong></span> <span class='ocrx_word' id='word_1_222' title='bbox 1849 2990 2006 3044; x_wconf 87' lang='lat' dir='ltr'><strong>blan-</strong></span> 
     </span>
    </p>
   </div>
   <div class='ocr_carea' id='block_1_34' title="bbox 423 3082 2004 3154">
    <p class='ocr_par' dir='ltr' id='par_1_34' title="bbox 423 3082 2004 3154">
     <span class='ocr_line' id='line_1_34' title="bbox 423 3082 2004 3154; baseline -0.003 -14"><span class='ocrx_word' id='word_1_223' title='bbox 423 3087 554 3141; x_wconf 86' lang='lat' dir='ltr'><strong>dum</strong></span> <span class='ocrx_word' id='word_1_224' title='bbox 606 3101 804 3139; x_wconf 90' lang='lat' dir='ltr'><strong>nomen</strong></span> <span class='ocrx_word' id='word_1_225' title='bbox 863 3087 1174 3154; x_wconf 90' lang='lat' dir='ltr'><strong>imponunt.</strong></span> <span class='ocrx_word' id='word_1_226' title='bbox 1230 3082 1393 3136; x_wconf 90' lang='lat' dir='ltr'><strong>Tales</strong></span> <span class='ocrx_word' id='word_1_227' title='bbox 1437 3098 1533 3138; x_wconf 92' lang='lat' dir='ltr'><strong>ore</strong></span> <span class='ocrx_word' id='word_1_228' title='bbox 1572 3083 1791 3152; x_wconf 82' lang='lat' dir='ltr'><strong>quidem</strong></span> <span class='ocrx_word' id='word_1_229' title='bbox 1835 3082 2004 3136; x_wconf 86' lang='lat' dir='ltr'><strong>bene-</strong></span> 
     </span>
    </p>
   </div>
   <div class='ocr_carea' id='block_1_35' title="bbox 426 3175 2002 3241">
    <p class='ocr_par' dir='ltr' id='par_1_35' title="bbox 426 3175 2002 3241">
     <span class='ocr_line' id='line_1_35' title="bbox 426 3175 2002 3241; baseline -0.003 -7"><span class='ocrx_word' id='word_1_230' title='bbox 426 3177 640 3241; x_wconf 87' lang='lat' dir='ltr'><strong>dicunt,</strong></span> <span class='ocrx_word' id='word_1_231' title='bbox 691 3186 749 3230; x_wconf 85' lang='lat' dir='ltr'><strong>ut</strong></span> <span class='ocrx_word' id='word_1_232' title='bbox 793 3178 872 3230; x_wconf 89' lang='lat' dir='ltr'><strong>ait</strong></span> <span class='ocrx_word' id='word_1_233' title='bbox 920 3177 1090 3230; x_wconf 87' lang='lat' dir='ltr'><strong>David</strong></span> <span class='ocrx_word' id='word_1_234' title='bbox 1143 3177 1210 3240; x_wconf 82' lang='grc'><strong>³³,</strong></span> <span class='ocrx_word' id='word_1_235' title='bbox 1262 3175 1429 3230; x_wconf 88' lang='lat' dir='ltr'><strong>corde</strong></span> <span class='ocrx_word' id='word_1_236' title='bbox 1470 3190 1603 3229; x_wconf 87' lang='lat' dir='ltr'><strong>vero</strong></span> <span class='ocrx_word' id='word_1_237' title='bbox 1647 3175 2002 3230; x_wconf 89' lang='lat' dir='ltr'><strong>maledicunt.</strong></span> 
     </span>
    </p>
   </div>
   <div class='ocr_carea' id='block_1_36' title="bbox 429 3266 2004 3324">
    <p class='ocr_par' dir='ltr' id='par_1_36' title="bbox 429 3266 2004 3324">
     <span class='ocr_line' id='line_1_36' title="bbox 429 3266 2004 3324; baseline -0.001 0"><span class='ocrx_word' id='word_1_238' title='bbox 429 3269 565 3324; x_wconf 70' lang='lat' dir='ltr'><strong>Nam</strong></span> <span class='ocrx_word' id='word_1_239' title='bbox 605 3271 896 3324; x_wconf 83' lang='lat' dir='ltr'><strong>verborum</strong></span> <span class='ocrx_word' id='word_1_240' title='bbox 952 3269 1226 3323; x_wconf 88' lang='lat' dir='ltr'><strong>lenocinio</strong></span> <span class='ocrx_word' id='word_1_241' title='bbox 1272 3266 1712 3322; x_wconf 89' lang='lat' dir='ltr'><strong>maledictionem</strong></span> <span class='ocrx_word' id='word_1_242' title='bbox 1781 3283 2004 3322; x_wconf 76' lang='lat' dir='ltr'><strong>omnem</strong></span> 
     </span>
    </p>
   </div>
   <div class='ocr_carea' id='block_1_37' title="bbox 429 3358 2006 3420">
    <p class='ocr_par' dir='ltr' id='par_1_37' title="bbox 429 3358 2006 3420">
     <span class='ocr_line' id='line_1_37' title="bbox 429 3358 2006 3420; baseline -0.002 -5"><span class='ocrx_word' id='word_1_243' title='bbox 429 3362 484 3415; x_wconf 90' lang='lat' dir='ltr'><strong>in</strong></span> <span class='ocrx_word' id='word_1_244' title='bbox 519 3375 706 3416; x_wconf 91' lang='lat' dir='ltr'><strong>eorum</strong></span> <span class='ocrx_word' id='word_1_245' title='bbox 758 3361 925 3414; x_wconf 85' lang='lat' dir='ltr'><strong>vitam</strong></span> <span class='ocrx_word' id='word_1_246' title='bbox 969 3361 1280 3420; x_wconf 88' lang='lat' dir='ltr'><strong>conferunt,</strong></span> <span class='ocrx_word' id='word_1_247' title='bbox 1327 3358 1594 3414; x_wconf 75' lang='lat' dir='ltr'><strong>obnoxios</strong></span> <span class='ocrx_word' id='word_1_248' title='bbox 1633 3359 1758 3412; x_wconf 88' lang='lat' dir='ltr'><strong>illos</strong></span> <span class='ocrx_word' id='word_1_249' title='bbox 1785 3369 2006 3413; x_wconf 63' lang='lat' dir='ltr'><strong>aeternae</strong></span> 
     </span>
    </p>
   </div>
   <div class='ocr_carea' id='block_1_38' title="bbox 427 3452 2003 3522">
    <p class='ocr_par' dir='ltr' id='par_1_38' title="bbox 427 3452 2003 3522">
     <span class='ocr_line' id='line_1_38' title="bbox 427 3452 2003 3522; baseline -0.001 -14"><span class='ocrx_word' id='word_1_250' title='bbox 427 3453 766 3508; x_wconf 82' lang='lat' dir='ltr'><strong>damnationi</strong></span> <span class='ocrx_word' id='word_1_251' title='bbox 836 3452 1322 3522; x_wconf 85' lang='lat' dir='ltr'><strong>approbationibus</strong></span> <span class='ocrx_word' id='word_1_252' title='bbox 1396 3453 1512 3507; x_wconf 90' lang='lat' dir='ltr'><strong>suis</strong></span> <span class='ocrx_word' id='word_1_253' title='bbox 1587 3452 2003 3506; x_wconf 87' lang='lat' dir='ltr'><strong>constituentes.</strong></span> 
     </span>
    </p>
   </div>
   <div class='ocr_carea' id='block_1_39' title="bbox 433 3541 2007 3612">
    <p class='ocr_par' dir='ltr' id='par_1_39' title="bbox 433 3541 2007 3612">
     <span class='ocr_line' id='line_1_39' title="bbox 433 3541 2007 3612; baseline 0.001 -16"><span class='ocrx_word' id='word_1_254' title='bbox 433 3541 510 3608; x_wconf 70' lang='grc' dir='ltr'>(ὃ)</span> <span class='ocrx_word' id='word_1_255' title='bbox 551 3542 619 3596; x_wconf 70' lang='grc' dir='ltr'><strong>υι</strong></span> <span class='ocrx_word' id='word_1_256' title='bbox 644 3542 808 3612; x_wconf 80' lang='lat' dir='ltr'><strong>igitur</strong></span> <span class='ocrx_word' id='word_1_257' title='bbox 834 3558 941 3595; x_wconf 90' lang='lat' dir='ltr'><strong>non</strong></span> <span class='ocrx_word' id='word_1_258' title='bbox 963 3541 1315 3611; x_wconf 84' lang='lat' dir='ltr'><strong>justijudicis</strong></span> <span class='ocrx_word' id='word_1_259' title='bbox 1337 3557 1496 3611; x_wconf 91' lang='lat' dir='ltr'><strong>pares</strong></span> <span class='ocrx_word' id='word_1_260' title='bbox 1514 3541 1736 3611; x_wconf 89' lang='lat' dir='ltr'><strong>paribus</strong></span> <span class='ocrx_word' id='word_1_261' title='bbox 1767 3548 2007 3597; x_wconf 84' lang='lat' dir='ltr'><strong>statuere</strong></span> 
     </span>
    </p>
   </div>
   <div class='ocr_carea' id='block_1_40' title="bbox 428 3633 2008 3704">
    <p class='ocr_par' dir='ltr' id='par_1_40' title="bbox 428 3633 2008 3704">
     <span class='ocr_line' id='line_1_40' title="bbox 428 3633 2008 3704; baseline 0 -16"><span class='ocrx_word' id='word_1_262' title='bbox 428 3634 708 3688; x_wconf 85' lang='lat' dir='ltr'><strong>mercedes</strong></span> <span class='ocrx_word' id='word_1_263' title='bbox 733 3674 748 3696; x_wconf 91' lang='lat'><strong>,</strong></span> <span class='ocrx_word' id='word_1_264' title='bbox 798 3633 895 3688; x_wconf 87' lang='lat' dir='ltr'><strong>sed</strong></span> <span class='ocrx_word' id='word_1_265' title='bbox 935 3649 1162 3688; x_wconf 87' lang='lat' dir='ltr'><strong>necesse</strong></span> <span class='ocrx_word' id='word_1_266' title='bbox 1201 3643 1286 3688; x_wconf 91' lang='lat' dir='ltr'><strong>est</strong></span> <span class='ocrx_word' id='word_1_267' title='bbox 1333 3643 1393 3687; x_wconf 91' lang='lat' dir='ltr'><strong>ut</strong></span> <span class='ocrx_word' id='word_1_268' title='bbox 1436 3634 1565 3687; x_wconf 90' lang='lat' dir='ltr'><strong>mali</strong></span> <span class='ocrx_word' id='word_1_269' title='bbox 1622 3633 1871 3704; x_wconf 87' lang='lat' dir='ltr'><strong>inceptor</strong></span> <span class='ocrx_word' id='word_1_270' title='bbox 1907 3650 2008 3689; x_wconf 86' lang='lat' dir='ltr'><strong>cu-</strong></span> 
     </span>
    </p>
   </div>
   <div class='ocr_carea' id='block_1_41' title="bbox 427 3723 2007 3794">
    <p class='ocr_par' dir='ltr' id='par_1_41' title="bbox 427 3723 2007 3794">
     <span class='ocr_line' id='line_1_41' title="bbox 427 3723 2007 3794; baseline 0.001 -16"><span class='ocrx_word' id='word_1_271' title='bbox 427 3725 690 3778; x_wconf 88' lang='lat' dir='ltr'><strong>mulatius</strong></span> <span class='ocrx_word' id='word_1_272' title='bbox 737 3723 1017 3794; x_wconf 87' lang='lat' dir='ltr'><strong>persolvat</strong></span> <span class='ocrx_word' id='word_1_273' title='bbox 1067 3723 1274 3788; x_wconf 87' lang='lat' dir='ltr'><strong>debita,</strong></span> <span class='ocrx_word' id='word_1_274' title='bbox 1320 3725 1368 3778; x_wconf 91' lang='lat' dir='ltr'><strong>si</strong></span> <span class='ocrx_word' id='word_1_275' title='bbox 1417 3725 1580 3778; x_wconf 90' lang='lat' dir='ltr'><strong>modo</strong></span> <span class='ocrx_word' id='word_1_276' title='bbox 1627 3735 1683 3780; x_wconf 93' lang='lat' dir='ltr'><strong>et</strong></span> <span class='ocrx_word' id='word_1_277' title='bbox 1731 3726 1848 3794; x_wconf 91' lang='lat' dir='ltr'><strong>ipse</strong></span> <span class='ocrx_word' id='word_1_278' title='bbox 1894 3739 2007 3779; x_wconf 90' lang='lat' dir='ltr'><strong>me-</strong></span> 
     </span>
    </p>
   </div>
   <div class='ocr_carea' id='block_1_42' title="bbox 429 3813 2008 3883">
    <p class='ocr_par' dir='ltr' id='par_1_42' title="bbox 429 3813 2008 3883">
     <span class='ocr_line' id='line_1_42' title="bbox 429 3813 2008 3883; baseline 0.003 -18"><span class='ocrx_word' id='word_1_279' title='bbox 429 3813 532 3866; x_wconf 91' lang='lat' dir='ltr'><strong>lior</strong></span> <span class='ocrx_word' id='word_1_280' title='bbox 587 3829 654 3867; x_wconf 83' lang='lat' dir='ltr'><strong>ex</strong></span> <span class='ocrx_word' id='word_1_281' title='bbox 703 3814 994 3883; x_wconf 89' lang='lat' dir='ltr'><strong>suppliciis</strong></span> <span class='ocrx_word' id='word_1_282' title='bbox 1047 3813 1268 3870; x_wconf 82' lang='lat' dir='ltr'><strong>futurus</strong></span> <span class='ocrx_word' id='word_1_283' title='bbox 1321 3814 1416 3880; x_wconf 91' lang='lat' dir='ltr'><strong>sit,</strong></span> <span class='ocrx_word' id='word_1_284' title='bbox 1459 3825 1514 3868; x_wconf 88' lang='lat' dir='ltr'><strong>et</strong></span> <span class='ocrx_word' id='word_1_285' title='bbox 1563 3815 1700 3870; x_wconf 87' lang='lat' dir='ltr'><strong>alios</strong></span> <span class='ocrx_word' id='word_1_286' title='bbox 1752 3815 2008 3869; x_wconf 85' lang='lat' dir='ltr'><strong>meliores</strong></span> 
     </span>
    </p>
   </div>
   <div class='ocr_carea' id='block_1_43' title="bbox 432 3901 2008 3977">
    <p class='ocr_par' dir='ltr' id='par_1_43' title="bbox 432 3901 2008 3977">
     <span class='ocr_line' id='line_1_43' title="bbox 432 3901 2008 3977; baseline 0.003 -21"><span class='ocrx_word' id='word_1_287' title='bbox 432 3901 679 3958; x_wconf 89' lang='lat' dir='ltr'><strong>facturus</strong></span> <span class='ocrx_word' id='word_1_288' title='bbox 725 3903 974 3972; x_wconf 79' lang='lat' dir='ltr'><strong>exemplo</strong></span> <span class='ocrx_word' id='word_1_289' title='bbox 1026 3921 1039 3957; x_wconf 90' lang='lat'>:</span> <span class='ocrx_word' id='word_1_290' title='bbox 1089 3904 1164 3975; x_wconf 79' lang='grc' dir='ltr'>(ὓ)</span> <span class='ocrx_word' id='word_1_291' title='bbox 1217 3905 1290 3959; x_wconf 87' lang='lat' dir='ltr'><strong>ita</strong></span> <span class='ocrx_word' id='word_1_292' title='bbox 1327 3911 1381 3959; x_wconf 92' lang='lat' dir='ltr'><strong>et</strong></span> <span class='ocrx_word' id='word_1_293' title='bbox 1429 3907 1522 3975; x_wconf 89' lang='lat' dir='ltr'><strong>qui</strong></span> <span class='ocrx_word' id='word_1_294' title='bbox 1564 3906 1694 3960; x_wconf 92' lang='lat' dir='ltr'><strong>boni</strong></span> <span class='ocrx_word' id='word_1_295' title='bbox 1741 3914 2008 3977; x_wconf 77' lang='lat' dir='ltr'><strong>praetextu</strong></span> 
     </span>
    </p>
   </div>
   <div class='ocr_carea' id='block_1_44' title="bbox 430 3993 2010 4068">
    <p class='ocr_par' dir='ltr' id='par_1_44' title="bbox 430 3993 2010 4068">
     <span class='ocr_line' id='line_1_44' title="bbox 430 3993 2010 4068; baseline 0.004 -21"><span class='ocrx_word' id='word_1_296' title='bbox 430 3997 636 4048; x_wconf 89' lang='lat' dir='ltr'><strong>malum</strong></span> <span class='ocrx_word' id='word_1_297' title='bbox 685 3993 835 4058; x_wconf 84' lang='lat' dir='ltr'><strong>facit,</strong></span> <span class='ocrx_word' id='word_1_298' title='bbox 863 3995 1067 4065; x_wconf 89' lang='lat' dir='ltr'><strong>duplici</strong></span> <span class='ocrx_word' id='word_1_299' title='bbox 1106 3997 1277 4052; x_wconf 89' lang='lat' dir='ltr'><strong>multa</strong></span> <span class='ocrx_word' id='word_1_300' title='bbox 1317 3996 1517 4067; x_wconf 87' lang='lat' dir='ltr'><strong>dignus</strong></span> <span class='ocrx_word' id='word_1_301' title='bbox 1543 4008 1628 4054; x_wconf 90' lang='lat' dir='ltr'><strong>est</strong></span> <span class='ocrx_word' id='word_1_302' title='bbox 1673 4017 1688 4053; x_wconf 89' lang='lat'><strong>:</strong></span> <span class='ocrx_word' id='word_1_303' title='bbox 1730 4007 1845 4052; x_wconf 90' lang='lat' dir='ltr'><strong>tum</strong></span> <span class='ocrx_word' id='word_1_304' title='bbox 1879 3999 2010 4068; x_wconf 84' lang='lat' dir='ltr'><strong>quia</strong></span> 
     </span>
    </p>
   </div>
   <div class='ocr_carea' id='block_1_45' title="bbox 431 4085 2010 4160">
    <p class='ocr_par' dir='ltr' id='par_1_45' title="bbox 431 4085 2010 4160">
     <span class='ocr_line' id='line_1_45' title="bbox 431 4085 2010 4160; baseline 0.004 -21"><span class='ocrx_word' id='word_1_305' title='bbox 431 4085 580 4155; x_wconf 89' lang='lat' dir='ltr'><strong>quod</strong></span> <span class='ocrx_word' id='word_1_306' title='bbox 630 4103 738 4140; x_wconf 89' lang='lat' dir='ltr'><strong>non</strong></span> <span class='ocrx_word' id='word_1_307' title='bbox 798 4088 1002 4140; x_wconf 87' lang='lat' dir='ltr'><strong>bonum</strong></span> <span class='ocrx_word' id='word_1_308' title='bbox 1039 4095 1124 4142; x_wconf 86' lang='lat' dir='ltr'><strong>est</strong></span> <span class='ocrx_word' id='word_1_309' title='bbox 1163 4090 1299 4160; x_wconf 84' lang='lat' dir='ltr'><strong>agit,</strong></span> <span class='ocrx_word' id='word_1_310' title='bbox 1349 4098 1465 4143; x_wconf 92' lang='lat' dir='ltr'><strong>tum</strong></span> <span class='ocrx_word' id='word_1_311' title='bbox 1514 4090 1646 4160; x_wconf 89' lang='lat' dir='ltr'><strong>quia</strong></span> <span class='ocrx_word' id='word_1_312' title='bbox 1691 4089 1760 4144; x_wconf 92' lang='lat' dir='ltr'><strong>ad</strong></span> <span class='ocrx_word' id='word_1_313' title='bbox 1827 4093 2010 4146; x_wconf 87' lang='lat' dir='ltr'><strong>scelus</strong></span> 
     </span>
    </p>
   </div>
   <div class='ocr_carea' id='block_1_46' title="bbox 434 4176 2008 4249">
    <p class='ocr_par' dir='ltr' id='par_1_46' title="bbox 434 4176 2008 4249">
     <span class='ocr_line' id='line_1_46' title="bbox 434 4176 2008 4249; baseline 0.005 -20"><span class='ocrx_word' id='word_1_314' title='bbox 434 4176 898 4247; x_wconf 85' lang='lat' dir='ltr'><strong>perpetrandum,</strong></span> <span class='ocrx_word' id='word_1_315' title='bbox 942 4179 1127 4246; x_wconf 90' lang='lat' dir='ltr'><strong>bono,</strong></span> <span class='ocrx_word' id='word_1_316' title='bbox 1177 4188 1237 4236; x_wconf 93' lang='lat' dir='ltr'><strong>ut</strong></span> <span class='ocrx_word' id='word_1_317' title='bbox 1286 4181 1364 4236; x_wconf 90' lang='lat' dir='ltr'><strong>ita</strong></span> <span class='ocrx_word' id='word_1_318' title='bbox 1406 4181 1622 4249; x_wconf 86' lang='lat' dir='ltr'><strong>dicam,</strong></span> <span class='ocrx_word' id='word_1_319' title='bbox 1693 4183 1846 4237; x_wconf 83' lang='lat' dir='ltr'><strong>socio</strong></span> <span class='ocrx_word' id='word_1_320' title='bbox 1905 4183 2008 4237; x_wconf 87' lang='lat' dir='ltr'><strong>ab-</strong></span> 
     </span>
    </p>
   </div>
   <div class='ocr_carea' id='block_1_47' title="bbox 435 4271 626 4324">
    <p class='ocr_par' dir='ltr' id='par_1_47' title="bbox 435 4271 626 4324">
     <span class='ocr_line' id='line_1_47' title="bbox 435 4271 626 4324; baseline 0.005 -2"><span class='ocrx_word' id='word_1_321' title='bbox 435 4271 626 4324; x_wconf 88' lang='lat' dir='ltr'><strong>utitur.</strong></span> 
     </span>
    </p>
   </div>
   <div class='ocr_carea' id='block_1_48' title="bbox 2093 531 3652 605">
    <p class='ocr_par' dir='ltr' id='par_1_48' title="bbox 2093 531 3652 605">
     <span class='ocr_line' id='line_1_48' title="bbox 2093 531 3652 605; baseline 0 -21"><span class='ocrx_word' id='word_1_322' title='bbox 2093 533 2229 604; x_wconf 78' lang='grc' dir='ltr'><strong>ζωῇ,</strong></span> <span class='ocrx_word' id='word_1_323' title='bbox 2272 533 2452 605; x_wconf 84' lang='grc' dir='ltr'><strong>πάσης</strong></span> <span class='ocrx_word' id='word_1_324' title='bbox 2491 533 2623 604; x_wconf 81' lang='grc' dir='ltr'><strong>ὕλης</strong></span> <span class='ocrx_word' id='word_1_325' title='bbox 2653 531 2910 603; x_wconf 76' lang='grc' dir='ltr'><strong>βιωτικῆς</strong></span> <span class='ocrx_word' id='word_1_326' title='bbox 2941 531 3346 601; x_wconf 84' lang='grc' dir='ltr'><strong>γυμνωθέντας,</strong></span> <span class='ocrx_word' id='word_1_327' title='bbox 3380 531 3526 592; x_wconf 74' lang='grc' dir='ltr'><strong>ἐντὸς</strong></span> <span class='ocrx_word' id='word_1_328' title='bbox 3557 533 3616 600; x_wconf 70' lang='lat'><strong>(2‘</strong></span> <span class='ocrx_word' id='word_1_329' title='bbox 3642 542 3652 584; x_wconf 89' lang='lat' dir='ltr'><strong>l</strong></span> 
     </span>
    </p>
   </div>
   <div class='ocr_carea' id='block_1_49' title="bbox 2091 622 3652 694">
    <p class='ocr_par' dir='ltr' id='par_1_49' title="bbox 2091 622 3652 694">
     <span class='ocr_line' id='line_1_49' title="bbox 2091 622 3652 694; baseline -0.003 -16"><span class='ocrx_word' id='word_1_330' title='bbox 2091 626 2185 678; x_wconf 83' lang='grc' dir='ltr'><strong>τοῦ</strong></span> <span class='ocrx_word' id='word_1_331' title='bbox 2239 625 2378 678; x_wconf 87' lang='grc' dir='ltr'><strong>κατά</strong></span> <span class='ocrx_word' id='word_1_332' title='bbox 2427 625 2742 694; x_wconf 79' lang='grc' dir='ltr'><strong>φιλοσοφίαν</strong></span> <span class='ocrx_word' id='word_1_333' title='bbox 2782 623 3038 693; x_wconf 85' lang='grc' dir='ltr'><strong>γενέσθαι</strong></span> <span class='ocrx_word' id='word_1_334' title='bbox 3075 622 3214 692; x_wconf 83' lang='grc' dir='ltr'><strong>βίου.</strong></span> <span class='ocrx_word' id='word_1_335' title='bbox 3250 624 3508 677; x_wconf 76' lang='grc' dir='ltr'><strong>Γίνεσθε</strong></span> <span class='ocrx_word' id='word_1_336' title='bbox 3542 624 3652 692; x_wconf 70' lang='grc' dir='ltr'><strong>γὰρ,</strong></span> 
     </span>
    </p>
   </div>
   <div class='ocr_carea' id='block_1_50' title="bbox 2094 714 3657 787">
    <p class='ocr_par' dir='ltr' id='par_1_50' title="bbox 2094 714 3657 787">
     <span class='ocr_line' id='line_1_50' title="bbox 2094 714 3657 787; baseline -0.003 -17"><span class='ocrx_word' id='word_1_337' title='bbox 2094 717 2248 787; x_wconf 65' lang='grc' dir='ltr'><strong>φησι,</strong></span> <span class='ocrx_word' id='word_1_338' title='bbox 2273 717 2546 786; x_wconf 71' lang='grc' dir='ltr'><strong>φρόνιμοι</strong></span> <span class='ocrx_word' id='word_1_339' title='bbox 2571 717 2652 783; x_wconf 88' lang='grc' dir='ltr'><strong>ὡς</strong></span> <span class='ocrx_word' id='word_1_340' title='bbox 2685 720 2739 770; x_wconf 82' lang='grc' dir='ltr'><strong>σί</strong></span> <span class='ocrx_word' id='word_1_341' title='bbox 2774 717 2940 785; x_wconf 63' lang='grc' dir='ltr'><strong>ὄφεις</strong></span> <span class='ocrx_word' id='word_1_342' title='bbox 2960 734 2973 746; x_wconf 90' lang='grc'><strong>·</strong></span> <span class='ocrx_word' id='word_1_343' title='bbox 3007 716 3067 778; x_wconf 84' lang='grc' dir='ltr'><strong>ὃς</strong></span> <span class='ocrx_word' id='word_1_344' title='bbox 3098 714 3320 768; x_wconf 83' lang='grc' dir='ltr'><strong>ἐπειδὰν</strong></span> <span class='ocrx_word' id='word_1_345' title='bbox 3348 714 3657 768; x_wconf 72' lang='grc' dir='ltr'><strong>ἀποδύεσθαι</strong></span> 
     </span>
    </p>
   </div>
   <div class='ocr_carea' id='block_1_51' title="bbox 2092 803 3660 879">
    <p class='ocr_par' dir='ltr' id='par_1_51' title="bbox 2092 803 3660 879">
     <span class='ocr_line' id='line_1_51' title="bbox 2092 803 3660 879; baseline -0.005 -18"><span class='ocrx_word' id='word_1_346' title='bbox 2092 807 2184 878; x_wconf 81' lang='grc' dir='ltr'><strong>δέῃ</strong></span> <span class='ocrx_word' id='word_1_347' title='bbox 2234 810 2333 878; x_wconf 79' lang='grc' dir='ltr'><strong>τὴν</strong></span> <span class='ocrx_word' id='word_1_348' title='bbox 2379 809 2655 879; x_wconf 73' lang='grc' dir='ltr'><strong>λεϐήριδα,</strong></span> <span class='ocrx_word' id='word_1_349' title='bbox 2701 807 2872 877; x_wconf 82' lang='grc' dir='ltr'>στενῷ</span> <span class='ocrx_word' id='word_1_350' title='bbox 2909 807 3061 876; x_wconf 84' lang='grc' dir='ltr'><strong>τόπῳ</strong></span> <span class='ocrx_word' id='word_1_351' title='bbox 3109 807 3204 858; x_wconf 64' lang='grc' dir='ltr'><strong>κα)⁹</strong></span> <span class='ocrx_word' id='word_1_352' title='bbox 3245 803 3491 875; x_wconf 72' lang='grc' dir='ltr'><strong>ἀκριϐῶς</strong></span> <span class='ocrx_word' id='word_1_353' title='bbox 3529 821 3660 873; x_wconf 80' lang='grc' dir='ltr'><strong>περι·</strong></span> 
     </span>
    </p>
   </div>
   <div class='ocr_carea' id='block_1_52' title="bbox 2096 895 3664 968">
    <p class='ocr_par' dir='ltr' id='par_1_52' title="bbox 2096 895 3664 968">
     <span class='ocr_line' id='line_1_52' title="bbox 2096 895 3664 968; baseline -0.004 -18"><span class='ocrx_word' id='word_1_354' title='bbox 2096 899 2377 968; x_wconf 82' lang='grc' dir='ltr'><strong>σφίγγοντι</strong></span> <span class='ocrx_word' id='word_1_355' title='bbox 2417 899 2478 951; x_wconf 87' lang='grc' dir='ltr'><strong>τὸ</strong></span> <span class='ocrx_word' id='word_1_356' title='bbox 2532 899 2690 968; x_wconf 81' lang='grc' dir='ltr'><strong>σῶμα</strong></span> <span class='ocrx_word' id='word_1_357' title='bbox 2739 899 2956 960; x_wconf 75' lang='grc' dir='ltr'><strong>ἐπιδοὺς</strong></span> <span class='ocrx_word' id='word_1_358' title='bbox 3002 897 3213 959; x_wconf 75' lang='grc' dir='ltr'><strong>ἑαυτὸν,</strong></span> <span class='ocrx_word' id='word_1_359' title='bbox 3267 896 3548 965; x_wconf 78' lang='grc' dir='ltr'><strong>φρονίμως</strong></span> <span class='ocrx_word' id='word_1_360' title='bbox 3585 895 3664 950; x_wconf 80' lang='grc' dir='ltr'><strong>καὶ</strong></span> 
     </span>
    </p>
   </div>
   <div class='ocr_carea' id='block_1_53' title="bbox 2097 985 3664 1061">
    <p class='ocr_par' dir='ltr' id='par_1_53' title="bbox 2097 985 3664 1061">
     <span class='ocr_line' id='line_1_53' title="bbox 2097 985 3664 1061; baseline -0.003 -19"><span class='ocrx_word' id='word_1_361' title='bbox 2097 990 2332 1053; x_wconf 81' lang='grc' dir='ltr'><strong>συνετῶς</strong></span> <span class='ocrx_word' id='word_1_362' title='bbox 2380 989 2671 1044; x_wconf 80' lang='grc' dir='ltr'><strong>ἀποδύεται</strong></span> <span class='ocrx_word' id='word_1_363' title='bbox 2717 989 2777 1043; x_wconf 77' lang='grc' dir='ltr'><strong>τὸ</strong></span> <span class='ocrx_word' id='word_1_364' title='bbox 2822 990 3020 1061; x_wconf 84' lang='grc' dir='ltr'><strong>γῆρας.</strong></span> <span class='ocrx_word' id='word_1_365' title='bbox 3057 989 3235 1057; x_wconf 82' lang='grc' dir='ltr'><strong>Ὅπερ</strong></span> <span class='ocrx_word' id='word_1_366' title='bbox 3279 985 3376 1040; x_wconf 77' lang='grc' dir='ltr'><strong>οῦν</strong></span> <span class='ocrx_word' id='word_1_367' title='bbox 3409 988 3506 1039; x_wconf 72' lang='grc' dir='ltr'><strong>καὶ</strong></span> <span class='ocrx_word' id='word_1_368' title='bbox 3537 988 3664 1054; x_wconf 74' lang='grc' dir='ltr'><strong>ἡμᾶς</strong></span> 
     </span>
    </p>
   </div>
   <div class='ocr_carea' id='block_1_54' title="bbox 2098 1076 3668 1150">
    <p class='ocr_par' dir='ltr' id='par_1_54' title="bbox 2098 1076 3668 1150">
     <span class='ocr_line' id='line_1_54' title="bbox 2098 1076 3668 1150; baseline -0.003 -17"><span class='ocrx_word' id='word_1_369' title='bbox 2098 1081 2346 1150; x_wconf 88' lang='grc' dir='ltr'><strong>βούλεται</strong></span> <span class='ocrx_word' id='word_1_370' title='bbox 2382 1079 2410 1130; x_wconf 90' lang='grc' dir='ltr'><strong>ὀ</strong></span> <span class='ocrx_word' id='word_1_371' title='bbox 2445 1081 2637 1148; x_wconf 83' lang='grc' dir='ltr'><strong>Λόγος,</strong></span> <span class='ocrx_word' id='word_1_372' title='bbox 2675 1080 2762 1133; x_wconf 81' lang='grc' dir='ltr'><strong>διὰ</strong></span> <span class='ocrx_word' id='word_1_373' title='bbox 2814 1080 2915 1150; x_wconf 80' lang='grc' dir='ltr'><strong>τῆς</strong></span> <span class='ocrx_word' id='word_1_374' title='bbox 2955 1079 3145 1150; x_wconf 75' lang='grc' dir='ltr'><strong>στενῆς</strong></span> <span class='ocrx_word' id='word_1_375' title='bbox 3185 1079 3281 1130; x_wconf 80' lang='grc' dir='ltr'><strong>καὶ</strong></span> <span class='ocrx_word' id='word_1_376' title='bbox 3314 1076 3668 1146; x_wconf 79' lang='grc' dir='ltr'><strong>τεθλιμμένης</strong></span> 
     </span>
    </p>
   </div>
   <div class='ocr_carea' id='block_1_55' title="bbox 2095 1168 3670 1242">
    <p class='ocr_par' dir='ltr' id='par_1_55' title="bbox 2095 1168 3670 1242">
     <span class='ocr_line' id='line_1_55' title="bbox 2095 1168 3670 1242; baseline -0.004 -18"><span class='ocrx_word' id='word_1_377' title='bbox 2095 1170 2216 1224; x_wconf 84' lang='grc' dir='ltr'><strong>ὁδοῦ</strong></span> <span class='ocrx_word' id='word_1_378' title='bbox 2273 1172 2706 1242; x_wconf 80' lang='grc' dir='ltr'><strong>πορευομένους,</strong></span> <span class='ocrx_word' id='word_1_379' title='bbox 2760 1171 3088 1225; x_wconf 79' lang='grc' dir='ltr'><strong>ἀποδύεσθαι</strong></span> <span class='ocrx_word' id='word_1_380' title='bbox 3143 1171 3242 1240; x_wconf 86' lang='grc' dir='ltr'><strong>μὲν</strong></span> <span class='ocrx_word' id='word_1_381' title='bbox 3305 1169 3399 1222; x_wconf 76' lang='grc' dir='ltr'><strong>τὸν</strong></span> <span class='ocrx_word' id='word_1_382' title='bbox 3455 1168 3670 1220; x_wconf 64' lang='grc' dir='ltr'><strong>παλαιὸν</strong></span> 
     </span>
    </p>
   </div>
   <div class='ocr_carea' id='block_1_56' title="bbox 2096 1261 3671 1332">
    <p class='ocr_par' dir='ltr' id='par_1_56' title="bbox 2096 1261 3671 1332">
     <span class='ocr_line' id='line_1_56' title="bbox 2096 1261 3671 1332; baseline -0.001 -17"><span class='ocrx_word' id='word_1_383' title='bbox 2096 1261 2403 1332; x_wconf 82' lang='grc' dir='ltr'><strong>ἄνθρωπον,</strong></span> <span class='ocrx_word' id='word_1_384' title='bbox 2435 1262 2714 1316; x_wconf 79' lang='grc' dir='ltr'><strong>ἐνδύεσθαι</strong></span> <span class='ocrx_word' id='word_1_385' title='bbox 2761 1261 2818 1315; x_wconf 84' lang='grc' dir='ltr'><strong>δὲ</strong></span> <span class='ocrx_word' id='word_1_386' title='bbox 2867 1263 2959 1316; x_wconf 79' lang='grc' dir='ltr'><strong>τὸν</strong></span> <span class='ocrx_word' id='word_1_387' title='bbox 3011 1263 3150 1322; x_wconf 86' lang='grc' dir='ltr'><strong>νέον,</strong></span> <span class='ocrx_word' id='word_1_388' title='bbox 3201 1261 3345 1314; x_wconf 85' lang='grc' dir='ltr'><strong>ὥστε</strong></span> <span class='ocrx_word' id='word_1_389' title='bbox 3390 1263 3490 1314; x_wconf 67' lang='grc' dir='ltr'><strong>καὶ</strong></span> <span class='ocrx_word' id='word_1_390' title='bbox 3525 1262 3671 1332; x_wconf 70' lang='grc' dir='ltr'><strong>ἡμῶν</strong></span> 
     </span>
    </p>
   </div>
   <div class='ocr_carea' id='block_1_57' title="bbox 2096 1353 3672 1426">
    <p class='ocr_par' dir='ltr' id='par_1_57' title="bbox 2096 1353 3672 1426">
     <span class='ocr_line' id='line_1_57' title="bbox 2096 1353 3672 1426; baseline -0.001 -18"><span class='ocrx_word' id='word_1_391' title='bbox 2096 1355 2569 1425; x_wconf 79' lang='grc' dir='ltr'><strong>ἀνακαινισθῆναι,</strong></span> <span class='ocrx_word' id='word_1_392' title='bbox 2615 1356 2690 1419; x_wconf 85' lang='grc' dir='ltr'><strong>ὡς</strong></span> <span class='ocrx_word' id='word_1_393' title='bbox 2731 1353 2890 1408; x_wconf 85' lang='grc' dir='ltr'><strong>ἀετοῦ</strong></span> <span class='ocrx_word' id='word_1_394' title='bbox 2931 1355 3029 1426; x_wconf 77' lang='grc' dir='ltr'><strong>τὴν</strong></span> <span class='ocrx_word' id='word_1_395' title='bbox 3075 1356 3324 1425; x_wconf 78' lang='grc' dir='ltr'><strong>νεότητα.</strong></span> <span class='ocrx_word' id='word_1_396' title='bbox 3369 1355 3548 1417; x_wconf 59' lang='lat' dir='ltr'><strong>thoro;</strong></span> <span class='ocrx_word' id='word_1_397' title='bbox 3577 1355 3672 1425; x_wconf 78' lang='grc' dir='ltr'><strong>γάρ</strong></span> 
     </span>
    </p>
   </div>
   <div class='ocr_carea' id='block_1_58' title="bbox 2096 1447 3676 1517">
    <p class='ocr_par' dir='ltr' id='par_1_58' title="bbox 2096 1447 3676 1517">
     <span class='ocr_line' id='line_1_58' title="bbox 2096 1447 3676 1517; baseline 0 -17"><span class='ocrx_word' id='word_1_398' title='bbox 2096 1448 2487 1517; x_wconf 77' lang='grc' dir='ltr'><strong>ἀναφανέντος,</strong></span> <span class='ocrx_word' id='word_1_399' title='bbox 2531 1447 2851 1516; x_wconf 79' lang='grc' dir='ltr'><strong>ἀφανίζεται</strong></span> <span class='ocrx_word' id='word_1_400' title='bbox 2907 1448 3125 1511; x_wconf 83' lang='grc' dir='ltr'><strong>σκότος·</strong></span> <span class='ocrx_word' id='word_1_401' title='bbox 3167 1450 3264 1502; x_wconf 72' lang='grc' dir='ltr'><strong>καὶ</strong></span> <span class='ocrx_word' id='word_1_402' title='bbox 3305 1448 3494 1515; x_wconf 78' lang='grc' dir='ltr'><strong>ὑγείας</strong></span> <span class='ocrx_word' id='word_1_403' title='bbox 3545 1465 3676 1517; x_wconf 73' lang='grc' dir='ltr'><strong>παρ-</strong></span> 
     </span>
    </p>
   </div>
   <div class='ocr_carea' id='block_1_59' title="bbox 2096 1535 3675 1608">
    <p class='ocr_par' dir='ltr' id='par_1_59' title="bbox 2096 1535 3675 1608">
     <span class='ocr_line' id='line_1_59' title="bbox 2096 1535 3675 1608; baseline -0.001 -19"><span class='ocrx_word' id='word_1_404' title='bbox 2096 1535 2283 1605; x_wconf 86' lang='grc' dir='ltr'><strong>ούσης,</strong></span> <span class='ocrx_word' id='word_1_405' title='bbox 2317 1535 2386 1590; x_wconf 88' lang='grc' dir='ltr'><strong>τά</strong></span> <span class='ocrx_word' id='word_1_406' title='bbox 2415 1536 2622 1607; x_wconf 80' lang='grc' dir='ltr'><strong>ὀχληρά</strong></span> <span class='ocrx_word' id='word_1_407' title='bbox 2652 1536 2752 1606; x_wconf 80' lang='grc' dir='ltr'><strong>τῆς</strong></span> <span class='ocrx_word' id='word_1_408' title='bbox 2775 1536 2930 1590; x_wconf 89' lang='grc' dir='ltr'><strong>νόσου</strong></span> <span class='ocrx_word' id='word_1_409' title='bbox 2966 1537 3272 1590; x_wconf 76' lang='grc' dir='ltr'><strong>πέπαυται·</strong></span> <span class='ocrx_word' id='word_1_410' title='bbox 3302 1538 3395 1590; x_wconf 74' lang='grc' dir='ltr'><strong>καὶ</strong></span> <span class='ocrx_word' id='word_1_411' title='bbox 3428 1536 3675 1608; x_wconf 75' lang='grc' dir='ltr'><strong>ἀληθείας</strong></span> 
     </span>
    </p>
   </div>
   <div class='ocr_carea' id='block_1_60' title="bbox 2097 1625 3672 1697">
    <p class='ocr_par' dir='ltr' id='par_1_60' title="bbox 2097 1625 3672 1697">
     <span class='ocr_line' id='line_1_60' title="bbox 2097 1625 3672 1697; baseline -0.001 -17"><span class='ocrx_word' id='word_1_412' title='bbox 2097 1626 2548 1697; x_wconf 80' lang='grc' dir='ltr'><strong>ἀποδειχθείσης,</strong></span> <span class='ocrx_word' id='word_1_413' title='bbox 2608 1625 2704 1678; x_wconf 83' lang='grc' dir='ltr'><strong>τοῦ</strong></span> <span class='ocrx_word' id='word_1_414' title='bbox 2778 1625 3009 1694; x_wconf 74' lang='grc' dir='ltr'><strong>ψεύδους</strong></span> <span class='ocrx_word' id='word_1_415' title='bbox 3072 1629 3106 1696; x_wconf 83' lang='grc' dir='ltr'>ὴ</span> <span class='ocrx_word' id='word_1_416' title='bbox 3161 1626 3324 1695; x_wconf 84' lang='grc' dir='ltr'><strong>φύσις</strong></span> <span class='ocrx_word' id='word_1_417' title='bbox 3381 1626 3672 1695; x_wconf 80' lang='grc' dir='ltr'><strong>ἐλέγχεται.</strong></span> 
     </span>
    </p>
   </div>
   <div class='ocr_carea' id='block_1_61' title="bbox 2111 1715 3677 1796">
    <p class='ocr_par' dir='ltr' id='par_1_61' title="bbox 2111 1715 3677 1796">
     <span class='ocr_line' id='line_1_61' title="bbox 2111 1715 3677 1796; baseline 0 -28"><span class='ocrx_word' id='word_1_418' title='bbox 2111 1716 2249 1768; x_wconf 81' lang='grc' dir='ltr'><strong>Ἀλλ’</strong></span> <span class='ocrx_word' id='word_1_419' title='bbox 2303 1719 2352 1768; x_wconf 75' lang='grc' dir='ltr'><strong>οἱ</strong></span> <span class='ocrx_word' id='word_1_420' title='bbox 2405 1715 2588 1768; x_wconf 72' lang='grc' dir='ltr'><strong>πολλοὶ</strong></span> <span class='ocrx_word' id='word_1_421' title='bbox 2620 1715 2728 1768; x_wconf 81' lang='grc' dir='ltr'><strong>τῶν</strong></span> <span class='ocrx_word' id='word_1_422' title='bbox 2775 1715 3078 1796; x_wconf 78' lang='grc' dir='ltr'><strong>ἀνθρώπων</strong></span> <span class='ocrx_word' id='word_1_423' title='bbox 3128 1719 3246 1779; x_wconf 88' lang='grc' dir='ltr'><strong>ταῖς</strong></span> <span class='ocrx_word' id='word_1_424' title='bbox 3288 1717 3537 1784; x_wconf 79' lang='grc' dir='ltr'><strong>νεφέλαις</strong></span> <span class='ocrx_word' id='word_1_425' title='bbox 3584 1716 3677 1769; x_wconf 85' lang='grc' dir='ltr'><strong>ἐοί-</strong></span> 
     </span>
    </p>
   </div>
   <div class='ocr_carea' id='block_1_62' title="bbox 2099 1806 3675 1879">
    <p class='ocr_par' dir='ltr' id='par_1_62' title="bbox 2099 1806 3675 1879">
     <span class='ocr_line' id='line_1_62' title="bbox 2099 1806 3675 1879; baseline -0.001 -19"><span class='ocrx_word' id='word_1_426' title='bbox 2099 1825 2247 1870; x_wconf 89' lang='grc' dir='ltr'><strong>κασι,</strong></span> <span class='ocrx_word' id='word_1_427' title='bbox 2293 1806 2429 1879; x_wconf 83' lang='grc' dir='ltr'><strong>πρὸς</strong></span> <span class='ocrx_word' id='word_1_428' title='bbox 2474 1808 2574 1870; x_wconf 83' lang='grc' dir='ltr'><strong>τὰς</strong></span> <span class='ocrx_word' id='word_1_429' title='bbox 2615 1806 2724 1860; x_wconf 86' lang='grc' dir='ltr'><strong>τῶν</strong></span> <span class='ocrx_word' id='word_1_430' title='bbox 2775 1806 3100 1877; x_wconf 84' lang='grc' dir='ltr'><strong>πνευμάτων</strong></span> <span class='ocrx_word' id='word_1_431' title='bbox 3153 1807 3455 1878; x_wconf 76' lang='grc' dir='ltr'><strong>μεταϐολὰς</strong></span> <span class='ocrx_word' id='word_1_432' title='bbox 3496 1808 3675 1860; x_wconf 72' lang='grc' dir='ltr'><strong>ἄλλοτε</strong></span> 
     </span>
    </p>
   </div>
   <div class='ocr_carea' id='block_1_63' title="bbox 2097 1896 3679 1970">
    <p class='ocr_par' dir='ltr' id='par_1_63' title="bbox 2097 1896 3679 1970">
     <span class='ocr_line' id='line_1_63' title="bbox 2097 1896 3679 1970; baseline -0.001 -18"><span class='ocrx_word' id='word_1_433' title='bbox 2097 1900 2218 1952; x_wconf 86' lang='grc' dir='ltr'><strong>κατ’</strong></span> <span class='ocrx_word' id='word_1_434' title='bbox 2255 1898 2382 1952; x_wconf 85' lang='grc' dir='ltr'><strong>ἄλλο</strong></span> <span class='ocrx_word' id='word_1_435' title='bbox 2421 1899 2587 1969; x_wconf 85' lang='grc' dir='ltr'><strong>μέρος</strong></span> <span class='ocrx_word' id='word_1_436' title='bbox 2629 1897 2723 1950; x_wconf 86' lang='grc' dir='ltr'><strong>τοῦ</strong></span> <span class='ocrx_word' id='word_1_437' title='bbox 2770 1898 2930 1969; x_wconf 83' lang='grc' dir='ltr'><strong>ἀέρος</strong></span> <span class='ocrx_word' id='word_1_438' title='bbox 2964 1896 3077 1970; x_wconf 79' lang='grc'>(10)</span> <span class='ocrx_word' id='word_1_439' title='bbox 3108 1899 3532 1970; x_wconf 77' lang='grc' dir='ltr'><strong>ἐκφερομένοις·</strong></span> <span class='ocrx_word' id='word_1_440' title='bbox 3591 1903 3679 1952; x_wconf 78' lang='grc' dir='ltr'><strong>καὶ</strong></span> 
     </span>
    </p>
   </div>
   <div class='ocr_carea' id='block_1_64' title="bbox 2097 1983 3680 2060">
    <p class='ocr_par' dir='ltr' id='par_1_64' title="bbox 2097 1983 3680 2060">
     <span class='ocr_line' id='line_1_64' title="bbox 2097 1983 3680 2060; baseline -0.001 -19"><span class='ocrx_word' id='word_1_441' title='bbox 2097 1983 2178 2051; x_wconf 71' lang='grc' dir='ltr'><strong>οἷς</strong></span> <span class='ocrx_word' id='word_1_442' title='bbox 2223 1987 2322 2059; x_wconf 79' lang='grc' dir='ltr'><strong>μὲν</strong></span> <span class='ocrx_word' id='word_1_443' title='bbox 2353 1987 2572 2051; x_wconf 82' lang='grc' dir='ltr'><strong>εὑκολος</strong></span> <span class='ocrx_word' id='word_1_444' title='bbox 2614 1987 2750 2060; x_wconf 82' lang='grc' dir='ltr'><strong>πρὸς</strong></span> <span class='ocrx_word' id='word_1_445' title='bbox 2801 1987 3101 2058; x_wconf 80' lang='grc' dir='ltr'><strong>μεταὸολὴν</strong></span> <span class='ocrx_word' id='word_1_446' title='bbox 3139 1989 3171 2058; x_wconf 78' lang='grc' dir='ltr'>ἡ</span> <span class='ocrx_word' id='word_1_447' title='bbox 3215 1987 3444 2049; x_wconf 83' lang='grc' dir='ltr'><strong>διάνοια,</strong></span> <span class='ocrx_word' id='word_1_448' title='bbox 3478 1987 3680 2049; x_wconf 76' lang='grc' dir='ltr'><strong>τούτοις</strong></span> 
     </span>
    </p>
   </div>
   <div class='ocr_carea' id='block_1_65' title="bbox 2098 2075 3679 2150">
    <p class='ocr_par' dir='ltr' id='par_1_65' title="bbox 2098 2075 3679 2150">
     <span class='ocr_line' id='line_1_65' title="bbox 2098 2075 3679 2150; baseline 0 -18"><span class='ocrx_word' id='word_1_449' title='bbox 2098 2079 2250 2132; x_wconf 83' lang='grc' dir='ltr'><strong>οὐδὲν</strong></span> <span class='ocrx_word' id='word_1_450' title='bbox 2278 2079 2508 2142; x_wconf 82' lang='grc' dir='ltr'><strong>ἀπεικὸς</strong></span> <span class='ocrx_word' id='word_1_451' title='bbox 2546 2079 2641 2134; x_wconf 70' lang='grc' dir='ltr'><strong>καὶ</strong></span> <span class='ocrx_word' id='word_1_452' title='bbox 2668 2079 2759 2132; x_wconf 80' lang='grc' dir='ltr'><strong>τὸν</strong></span> <span class='ocrx_word' id='word_1_453' title='bbox 2794 2079 2906 2150; x_wconf 85' lang='grc' dir='ltr'><strong>βίον</strong></span> <span class='ocrx_word' id='word_1_454' title='bbox 2936 2075 3072 2132; x_wconf 78' lang='grc' dir='ltr'><strong>εἶναι</strong></span> <span class='ocrx_word' id='word_1_455' title='bbox 3108 2079 3182 2149; x_wconf 81' lang='grc' dir='ltr'><strong>μὴ</strong></span> <span class='ocrx_word' id='word_1_456' title='bbox 3213 2080 3542 2150; x_wconf 84' lang='grc' dir='ltr'><strong>τεταγμένον</strong></span> <span class='ocrx_word' id='word_1_457' title='bbox 3561 2097 3575 2109; x_wconf 74' lang='grc'><strong>⁸</strong></span> <span class='ocrx_word' id='word_1_458' title='bbox 3606 2075 3679 2142; x_wconf 73' lang='grc' dir='ltr'><strong>οἷς</strong></span> 
     </span>
    </p>
   </div>
   <div class='ocr_carea' id='block_1_66' title="bbox 2098 2168 3677 2242">
    <p class='ocr_par' dir='ltr' id='par_1_66' title="bbox 2098 2168 3677 2242">
     <span class='ocr_line' id='line_1_66' title="bbox 2098 2168 3677 2242; baseline 0.003 -20"><span class='ocrx_word' id='word_1_459' title='bbox 2098 2169 2154 2222; x_wconf 78' lang='grc' dir='ltr'><strong>δὲ</strong></span> <span class='ocrx_word' id='word_1_460' title='bbox 2178 2171 2458 2239; x_wconf 78' lang='grc' dir='ltr'><strong>πεπηγυῖα</strong></span> <span class='ocrx_word' id='word_1_461' title='bbox 2487 2171 2522 2240; x_wconf 79' lang='grc' dir='ltr'>ἡ</span> <span class='ocrx_word' id='word_1_462' title='bbox 2553 2168 2770 2242; x_wconf 82' lang='grc' dir='ltr'><strong>γνώμη.</strong></span> <span class='ocrx_word' id='word_1_463' title='bbox 2799 2170 2892 2223; x_wconf 78' lang='grc' dir='ltr'><strong>καὶ</strong></span> <span class='ocrx_word' id='word_1_464' title='bbox 2927 2169 3016 2224; x_wconf 82' lang='grc' dir='ltr'><strong>ἀεὶ</strong></span> <span class='ocrx_word' id='word_1_465' title='bbox 3061 2171 3289 2232; x_wconf 75' lang='grc' dir='ltr'><strong>ἑστῶσα,</strong></span> <span class='ocrx_word' id='word_1_466' title='bbox 3319 2171 3412 2223; x_wconf 75' lang='grc' dir='ltr'><strong>καὶ</strong></span> <span class='ocrx_word' id='word_1_467' title='bbox 3453 2172 3485 2240; x_wconf 79' lang='grc' dir='ltr'>ἡ</span> <span class='ocrx_word' id='word_1_468' title='bbox 3525 2170 3677 2239; x_wconf 76' lang='grc' dir='ltr'><strong>αὑτὴ.</strong></span> 
     </span>
    </p>
   </div>
   <div class='ocr_carea' id='block_1_67' title="bbox 2097 2257 3680 2332">
    <p class='ocr_par' dir='ltr' id='par_1_67' title="bbox 2097 2257 3680 2332">
     <span class='ocr_line' id='line_1_67' title="bbox 2097 2257 3680 2332; baseline 0.001 -22"><span class='ocrx_word' id='word_1_469' title='bbox 2097 2258 2310 2322; x_wconf 76' lang='grc' dir='ltr'><strong>τούτοις</strong></span> <span class='ocrx_word' id='word_1_470' title='bbox 2369 2257 2660 2312; x_wconf 87' lang='grc' dir='ltr'><strong>ἀκόλουθον</strong></span> <span class='ocrx_word' id='word_1_471' title='bbox 2721 2257 3026 2329; x_wconf 80' lang='grc' dir='ltr'><strong>συμφώνως</strong></span> <span class='ocrx_word' id='word_1_472' title='bbox 3087 2263 3152 2330; x_wconf 83' lang='grc' dir='ltr'><strong>τῇ</strong></span> <span class='ocrx_word' id='word_1_473' title='bbox 3210 2261 3526 2332; x_wconf 84' lang='grc' dir='ltr'><strong>προαιρέσει</strong></span> <span class='ocrx_word' id='word_1_474' title='bbox 3589 2260 3680 2329; x_wconf 70' lang='grc' dir='ltr'><strong>τὴν</strong></span> 
     </span>
    </p>
   </div>
   <div class='ocr_carea' id='block_1_68' title="bbox 2101 2348 3678 2423">
    <p class='ocr_par' dir='ltr' id='par_1_68' title="bbox 2101 2348 3678 2423">
     <span class='ocr_line' id='line_1_68' title="bbox 2101 2348 3678 2423; baseline 0 -21"><span class='ocrx_word' id='word_1_475' title='bbox 2101 2348 2248 2420; x_wconf 80' lang='grc' dir='ltr'><strong>ζωὴν</strong></span> <span class='ocrx_word' id='word_1_476' title='bbox 2274 2349 2562 2420; x_wconf 78' lang='grc' dir='ltr'><strong>διεξάγειν.</strong></span> <span class='ocrx_word' id='word_1_477' title='bbox 2595 2350 2787 2404; x_wconf 80' lang='grc' dir='ltr'><strong>Πολλοὶ</strong></span> <span class='ocrx_word' id='word_1_478' title='bbox 2833 2351 2889 2404; x_wconf 85' lang='grc' dir='ltr'><strong>δὲ</strong></span> <span class='ocrx_word' id='word_1_479' title='bbox 2929 2352 3022 2404; x_wconf 76' lang='grc' dir='ltr'><strong>καὶ</strong></span> <span class='ocrx_word' id='word_1_480' title='bbox 3057 2351 3155 2414; x_wconf 72' lang='grc' dir='ltr'><strong>τὰς</strong></span> <span class='ocrx_word' id='word_1_481' title='bbox 3188 2353 3432 2423; x_wconf 75' lang='grc' dir='ltr'><strong>πονηράς</strong></span> <span class='ocrx_word' id='word_1_482' title='bbox 3461 2353 3678 2422; x_wconf 81' lang='grc' dir='ltr'><strong>πράξεις</strong></span> 
     </span>
    </p>
   </div>
   <div class='ocr_carea' id='block_1_69' title="bbox 2101 2443 3678 2514">
    <p class='ocr_par' dir='ltr' id='par_1_69' title="bbox 2101 2443 3678 2514">
     <span class='ocr_line' id='line_1_69' title="bbox 2101 2443 3678 2514; baseline -0.001 -18"><span class='ocrx_word' id='word_1_483' title='bbox 2101 2443 2512 2512; x_wconf 76' lang='grc' dir='ltr'><strong>ἀποδεχόμενοι,</strong></span> <span class='ocrx_word' id='word_1_484' title='bbox 2539 2443 2802 2514; x_wconf 89' lang='grc' dir='ltr'><strong>χαρίεντα</strong></span> <span class='ocrx_word' id='word_1_485' title='bbox 2833 2443 2930 2513; x_wconf 83' lang='grc' dir='ltr'><strong>μὲν</strong></span> <span class='ocrx_word' id='word_1_486' title='bbox 2953 2443 3043 2495; x_wconf 71' lang='grc' dir='ltr'><strong>τὸν</strong></span> <span class='ocrx_word' id='word_1_487' title='bbox 3073 2444 3406 2514; x_wconf 73' lang='grc' dir='ltr'><strong>εὐτράπελον</strong></span> <span class='ocrx_word' id='word_1_488' title='bbox 3439 2443 3678 2511; x_wconf 83' lang='grc' dir='ltr'><strong>λέγουσι·</strong></span> 
     </span>
    </p>
   </div>
   <div class='ocr_carea' id='block_1_70' title="bbox 2099 2533 3682 2605">
    <p class='ocr_par' dir='ltr' id='par_1_70' title="bbox 2099 2533 3682 2605">
     <span class='ocr_line' id='line_1_70' title="bbox 2099 2533 3682 2605; baseline 0.001 -21"><span class='ocrx_word' id='word_1_489' title='bbox 2099 2533 2191 2585; x_wconf 81' lang='grc' dir='ltr'><strong>τὸν</strong></span> <span class='ocrx_word' id='word_1_490' title='bbox 2218 2533 2273 2586; x_wconf 79' lang='grc' dir='ltr'><strong>δὲ</strong></span> <span class='ocrx_word' id='word_1_491' title='bbox 2297 2533 2683 2603; x_wconf 85' lang='grc' dir='ltr'><strong>ἀίσχρολόγον,</strong></span> <span class='ocrx_word' id='word_1_492' title='bbox 2729 2533 3004 2587; x_wconf 87' lang='grc' dir='ltr'><strong>πολιτικόν</strong></span> <span class='ocrx_word' id='word_1_493' title='bbox 3027 2548 3044 2563; x_wconf 88' lang='grc'><strong>·</strong></span> <span class='ocrx_word' id='word_1_494' title='bbox 3083 2535 3178 2587; x_wconf 79' lang='grc' dir='ltr'><strong>καὶ</strong></span> <span class='ocrx_word' id='word_1_495' title='bbox 3217 2534 3309 2588; x_wconf 84' lang='grc' dir='ltr'><strong>τὸν</strong></span> <span class='ocrx_word' id='word_1_496' title='bbox 3355 2535 3550 2605; x_wconf 70' lang='grc' dir='ltr'><strong>πικρὸν</strong></span> <span class='ocrx_word' id='word_1_497' title='bbox 3594 2536 3682 2587; x_wconf 74' lang='grc' dir='ltr'><strong>καὶ</strong></span> 
     </span>
    </p>
   </div>
   <div class='ocr_carea' id='block_1_71' title="bbox 2100 2620 3681 2695">
    <p class='ocr_par' dir='ltr' id='par_1_71' title="bbox 2100 2620 3681 2695">
     <span class='ocr_line' id='line_1_71' title="bbox 2100 2620 3681 2695; baseline 0.003 -23"><span class='ocrx_word' id='word_1_498' title='bbox 2100 2620 2336 2692; x_wconf 81' lang='grc' dir='ltr'><strong>ὀργίλον,</strong></span> <span class='ocrx_word' id='word_1_499' title='bbox 2389 2623 2832 2695; x_wconf 71' lang='grc' dir='ltr'><strong>ἀκαταφρόνητον</strong></span> <span class='ocrx_word' id='word_1_500' title='bbox 2885 2623 3242 2694; x_wconf 78' lang='grc' dir='ltr'><strong>ὀνομάζουσι·</strong></span> <span class='ocrx_word' id='word_1_501' title='bbox 3289 2625 3381 2677; x_wconf 73' lang='grc' dir='ltr'><strong>τὸν</strong></span> <span class='ocrx_word' id='word_1_502' title='bbox 3434 2625 3681 2692; x_wconf 66' lang='grc' dir='ltr'><strong>φειδωλὸν</strong></span> 
     </span>
    </p>
   </div>
   <div class='ocr_carea' id='block_1_72' title="bbox 2101 2712 3681 2784">
    <p class='ocr_par' dir='ltr' id='par_1_72' title="bbox 2101 2712 3681 2784">
     <span class='ocr_line' id='line_1_72' title="bbox 2101 2712 3681 2784; baseline 0 -19"><span class='ocrx_word' id='word_1_503' title='bbox 2101 2713 2197 2765; x_wconf 70' lang='grc' dir='ltr'><strong>καὶ</strong></span> <span class='ocrx_word' id='word_1_504' title='bbox 2240 2712 2634 2782; x_wconf 85' lang='grc' dir='ltr'><strong>ἀκοινώνητον,</strong></span> <span class='ocrx_word' id='word_1_505' title='bbox 2684 2712 2760 2775; x_wconf 85' lang='grc' dir='ltr'><strong>ὡς</strong></span> <span class='ocrx_word' id='word_1_506' title='bbox 2810 2715 3181 2784; x_wconf 77' lang='grc' dir='ltr'><strong>οἰκονομικὸν,</strong></span> <span class='ocrx_word' id='word_1_507' title='bbox 3231 2714 3541 2768; x_wconf 75' lang='grc' dir='ltr'><strong>ἐπαινοῦσι·</strong></span> <span class='ocrx_word' id='word_1_508' title='bbox 3598 2715 3681 2767; x_wconf 67' lang='grc' dir='ltr'><strong>τὸν</strong></span> 
     </span>
    </p>
   </div>
   <div class='ocr_carea' id='block_1_73' title="bbox 2103 2805 3678 2878">
    <p class='ocr_par' dir='ltr' id='par_1_73' title="bbox 2103 2805 3678 2878">
     <span class='ocr_line' id='line_1_73' title="bbox 2103 2805 3678 2878; baseline 0.001 -20"><span class='ocrx_word' id='word_1_509' title='bbox 2103 2805 2343 2869; x_wconf 78' lang='grc' dir='ltr'><strong>ἄσωτον,</strong></span> <span class='ocrx_word' id='word_1_510' title='bbox 2404 2807 2480 2869; x_wconf 84' lang='grc' dir='ltr'><strong>ὡς</strong></span> <span class='ocrx_word' id='word_1_511' title='bbox 2528 2805 2834 2875; x_wconf 76' lang='grc' dir='ltr'><strong>ἐλευθέριον</strong></span> <span class='ocrx_word' id='word_1_512' title='bbox 2857 2822 2870 2835; x_wconf 93' lang='grc'><strong>·</strong></span> <span class='ocrx_word' id='word_1_513' title='bbox 2933 2806 3024 2858; x_wconf 84' lang='grc' dir='ltr'><strong>τὸν</strong></span> <span class='ocrx_word' id='word_1_514' title='bbox 3081 2807 3277 2878; x_wconf 89' lang='grc' dir='ltr'><strong>πόρνον</strong></span> <span class='ocrx_word' id='word_1_515' title='bbox 3329 2808 3423 2860; x_wconf 75' lang='grc' dir='ltr'><strong>καὶ</strong></span> <span class='ocrx_word' id='word_1_516' title='bbox 3462 2807 3678 2876; x_wconf 71' lang='grc' dir='ltr'><strong>ἀσελγῆ,</strong></span> 
     </span>
    </p>
   </div>
   <div class='ocr_carea' id='block_1_74' title="bbox 2103 2897 3680 2967">
    <p class='ocr_par' dir='ltr' id='par_1_74' title="bbox 2103 2897 3680 2967">
     <span class='ocr_line' id='line_1_74' title="bbox 2103 2897 3680 2967; baseline -0.001 -16"><span class='ocrx_word' id='word_1_517' title='bbox 2103 2897 2503 2952; x_wconf 87' lang='grc' dir='ltr'><strong>ἀπολαυστικόν</strong></span> <span class='ocrx_word' id='word_1_518' title='bbox 2545 2913 2666 2950; x_wconf 89' lang='grc' dir='ltr'><strong>τινα</strong></span> <span class='ocrx_word' id='word_1_519' title='bbox 2717 2897 2812 2949; x_wconf 76' lang='grc' dir='ltr'><strong>καὶ</strong></span> <span class='ocrx_word' id='word_1_520' title='bbox 2855 2897 3165 2967; x_wconf 87' lang='grc' dir='ltr'><strong>ἀνειμένον·</strong></span> <span class='ocrx_word' id='word_1_521' title='bbox 3210 2899 3306 2952; x_wconf 68' lang='grc' dir='ltr'><strong>καὶ</strong></span> <span class='ocrx_word' id='word_1_522' title='bbox 3356 2900 3680 2963; x_wconf 75' lang='grc' dir='ltr'><strong>ἁπαξαπλῶς</strong></span> 
     </span>
    </p>
   </div>
   <div class='ocr_carea' id='block_1_75' title="bbox 2106 2987 3681 3061">
    <p class='ocr_par' dir='ltr' id='par_1_75' title="bbox 2106 2987 3681 3061">
     <span class='ocr_line' id='line_1_75' title="bbox 2106 2987 3681 3061; baseline 0.002 -21"><span class='ocrx_word' id='word_1_523' title='bbox 2106 2990 2286 3042; x_wconf 80' lang='grc' dir='ltr'><strong>πᾶσαν</strong></span> <span class='ocrx_word' id='word_1_524' title='bbox 2319 2987 2516 3042; x_wconf 83' lang='grc' dir='ltr'><strong>κακίαν</strong></span> <span class='ocrx_word' id='word_1_525' title='bbox 2545 2989 2608 3042; x_wconf 83' lang='grc' dir='ltr'><strong>ὲκ</strong></span> <span class='ocrx_word' id='word_1_526' title='bbox 2637 2988 2739 3058; x_wconf 80' lang='grc' dir='ltr'><strong>τῆς</strong></span> <span class='ocrx_word' id='word_1_527' title='bbox 2772 2987 3182 3059; x_wconf 84' lang='grc' dir='ltr'><strong>παρακειμένης</strong></span> <span class='ocrx_word' id='word_1_528' title='bbox 3200 2989 3245 3061; x_wconf 82' lang='grc' dir='ltr'>(Ι</span> <span class='ocrx_word' id='word_1_529' title='bbox 3263 2989 3312 3059; x_wconf 82' lang='grc' dir='ltr'><strong>ι)</strong></span> <span class='ocrx_word' id='word_1_530' title='bbox 3330 2991 3529 3061; x_wconf 73' lang='grc' dir='ltr'><strong>ἀρετῆς</strong></span> <span class='ocrx_word' id='word_1_531' title='bbox 3560 2992 3681 3043; x_wconf 79' lang='grc' dir='ltr'><strong>ὑπο-</strong></span> 
     </span>
    </p>
   </div>
   <div class='ocr_carea' id='block_1_76' title="bbox 2106 3078 3679 3152">
    <p class='ocr_par' dir='ltr' id='par_1_76' title="bbox 2106 3078 3679 3152">
     <span class='ocr_line' id='line_1_76' title="bbox 2106 3078 3679 3152; baseline 0.001 -19"><span class='ocrx_word' id='word_1_532' title='bbox 2106 3080 2431 3152; x_wconf 74' lang='grc' dir='ltr'><strong>κορίζονται.</strong></span> <span class='ocrx_word' id='word_1_533' title='bbox 2467 3081 2528 3132; x_wconf 81' lang='grc' dir='ltr'><strong>Οἱ</strong></span> <span class='ocrx_word' id='word_1_534' title='bbox 2561 3079 2792 3133; x_wconf 84' lang='grc' dir='ltr'><strong>τοιοῦτοι</strong></span> <span class='ocrx_word' id='word_1_535' title='bbox 2842 3079 2919 3150; x_wconf 86' lang='grc' dir='ltr'><strong>τῷ</strong></span> <span class='ocrx_word' id='word_1_536' title='bbox 2971 3078 3199 3150; x_wconf 89' lang='grc' dir='ltr'><strong>στόματι</strong></span> <span class='ocrx_word' id='word_1_537' title='bbox 3251 3079 3350 3150; x_wconf 79' lang='grc' dir='ltr'><strong>μὲν</strong></span> <span class='ocrx_word' id='word_1_538' title='bbox 3385 3081 3679 3149; x_wconf 83' lang='grc' dir='ltr'><strong>εὑλογοῦσι.</strong></span> 
     </span>
    </p>
   </div>
   <div class='ocr_carea' id='block_1_77' title="bbox 2109 3170 3682 3242">
    <p class='ocr_par' dir='ltr' id='par_1_77' title="bbox 2109 3170 3682 3242">
     <span class='ocr_line' id='line_1_77' title="bbox 2109 3170 3682 3242; baseline -0.001 -18"><span class='ocrx_word' id='word_1_539' title='bbox 2109 3171 2250 3224; x_wconf 80' lang='grc' dir='ltr'><strong>κατὰ</strong></span> <span class='ocrx_word' id='word_1_540' title='bbox 2282 3171 2372 3223; x_wconf 86' lang='grc' dir='ltr'><strong>τὸν</strong></span> <span class='ocrx_word' id='word_1_541' title='bbox 2404 3170 2588 3237; x_wconf 73' lang='grc' dir='ltr'><strong>Δαϐὶδ,</strong></span> <span class='ocrx_word' id='word_1_542' title='bbox 2622 3173 2687 3242; x_wconf 84' lang='grc' dir='ltr'><strong>τῇ</strong></span> <span class='ocrx_word' id='word_1_543' title='bbox 2720 3170 2778 3223; x_wconf 75' lang='grc' dir='ltr'><strong>δὲ</strong></span> <span class='ocrx_word' id='word_1_544' title='bbox 2816 3170 3015 3242; x_wconf 75' lang='grc' dir='ltr'><strong>καρδία</strong></span> <span class='ocrx_word' id='word_1_545' title='bbox 3058 3171 3428 3242; x_wconf 83' lang='grc' dir='ltr'><strong>καταρῶνται.</strong></span> <span class='ocrx_word' id='word_1_546' title='bbox 3471 3173 3556 3224; x_wconf 83' lang='grc' dir='ltr'><strong>Ἐν</strong></span> <span class='ocrx_word' id='word_1_547' title='bbox 3581 3173 3682 3242; x_wconf 63' lang='grc' dir='ltr'><strong>γὰρ</strong></span> 
     </span>
    </p>
   </div>
   <div class='ocr_carea' id='block_1_78' title="bbox 2108 3262 3680 3335">
    <p class='ocr_par' dir='ltr' id='par_1_78' title="bbox 2108 3262 3680 3335">
     <span class='ocr_line' id='line_1_78' title="bbox 2108 3262 3680 3335; baseline -0.001 -19"><span class='ocrx_word' id='word_1_548' title='bbox 2108 3265 2176 3333; x_wconf 73' lang='grc' dir='ltr'><strong>τῇ</strong></span> <span class='ocrx_word' id='word_1_549' title='bbox 2205 3262 2311 3315; x_wconf 82' lang='grc' dir='ltr'><strong>τῶν</strong></span> <span class='ocrx_word' id='word_1_550' title='bbox 2345 3262 2604 3333; x_wconf 79' lang='grc' dir='ltr'><strong>ῥημάτων</strong></span> <span class='ocrx_word' id='word_1_551' title='bbox 2636 3263 2878 3335; x_wconf 76' lang='grc' dir='ltr'><strong>εὐφημίᾳ</strong></span> <span class='ocrx_word' id='word_1_552' title='bbox 2904 3265 3081 3318; x_wconf 71' lang='grc' dir='ltr'><strong>πᾶσαν</strong></span> <span class='ocrx_word' id='word_1_553' title='bbox 3117 3263 3363 3334; x_wconf 83' lang='grc' dir='ltr'><strong>κατάραν</strong></span> <span class='ocrx_word' id='word_1_554' title='bbox 3395 3264 3680 3331; x_wconf 78' lang='grc' dir='ltr'><strong>ἐπάγουσιν</strong></span> 
     </span>
    </p>
   </div>
   <div class='ocr_carea' id='block_1_79' title="bbox 2110 3353 3680 3425">
    <p class='ocr_par' dir='ltr' id='par_1_79' title="bbox 2110 3353 3680 3425">
     <span class='ocr_line' id='line_1_79' title="bbox 2110 3353 3680 3425; baseline -0.001 -18"><span class='ocrx_word' id='word_1_555' title='bbox 2110 3353 2288 3407; x_wconf 86' lang='grc' dir='ltr'><strong>αὑτῶν</strong></span> <span class='ocrx_word' id='word_1_556' title='bbox 2322 3356 2388 3423; x_wconf 82' lang='grc' dir='ltr'><strong>τῇ</strong></span> <span class='ocrx_word' id='word_1_557' title='bbox 2419 3353 2554 3424; x_wconf 79' lang='grc' dir='ltr'><strong>ζωῇ,</strong></span> <span class='ocrx_word' id='word_1_558' title='bbox 2598 3353 2884 3418; x_wconf 76' lang='grc' dir='ltr'><strong>ὑποδίκους</strong></span> <span class='ocrx_word' id='word_1_559' title='bbox 2933 3355 3130 3417; x_wconf 80' lang='grc' dir='ltr'><strong>αὑτοὺς</strong></span> <span class='ocrx_word' id='word_1_560' title='bbox 3172 3356 3240 3425; x_wconf 76' lang='grc' dir='ltr'><strong>τῇ</strong></span> <span class='ocrx_word' id='word_1_561' title='bbox 3281 3354 3478 3424; x_wconf 76' lang='grc' dir='ltr'><strong>αἰωνίᾳ</strong></span> <span class='ocrx_word' id='word_1_562' title='bbox 3526 3372 3680 3407; x_wconf 83' lang='grc' dir='ltr'><strong>κατα-</strong></span> 
     </span>
    </p>
   </div>
   <div class='ocr_carea' id='block_1_80' title="bbox 2110 3440 3681 3518">
    <p class='ocr_par' dir='ltr' id='par_1_80' title="bbox 2110 3440 3681 3518">
     <span class='ocr_line' id='line_1_80' title="bbox 2110 3440 3681 3518; baseline -0.003 -18"><span class='ocrx_word' id='word_1_563' title='bbox 2110 3444 2289 3516; x_wconf 87' lang='grc' dir='ltr'><strong>κρίσει</strong></span> <span class='ocrx_word' id='word_1_564' title='bbox 2325 3446 2391 3498; x_wconf 84' lang='grc' dir='ltr'><strong>δι’</strong></span> <span class='ocrx_word' id='word_1_565' title='bbox 2424 3440 2500 3499; x_wconf 87' lang='grc' dir='ltr'><strong>ὧν</strong></span> <span class='ocrx_word' id='word_1_566' title='bbox 2535 3447 2885 3516; x_wconf 87' lang='grc' dir='ltr'><strong>ἀποδέχονται</strong></span> <span class='ocrx_word' id='word_1_567' title='bbox 2922 3445 3307 3510; x_wconf 84' lang='grc' dir='ltr'><strong>καθιστῶντες.</strong></span> <span class='ocrx_word' id='word_1_568' title='bbox 3353 3449 3558 3518; x_wconf 81' lang='grc' dir='ltr'><strong>Ὠσπερ</strong></span> <span class='ocrx_word' id='word_1_569' title='bbox 3596 3442 3681 3499; x_wconf 72' lang='grc' dir='ltr'><strong>οὖν</strong></span> 
     </span>
    </p>
   </div>
   <div class='ocr_carea' id='block_1_81' title="bbox 2110 3537 3679 3616">
    <p class='ocr_par' dir='ltr' id='par_1_81' title="bbox 2110 3537 3679 3616">
     <span class='ocr_line' id='line_1_81' title="bbox 2110 3537 3679 3616; baseline 0.001 -26"><span class='ocrx_word' id='word_1_570' title='bbox 2110 3539 2211 3592; x_wconf 78' lang='grc' dir='ltr'><strong>οὑκ</strong></span> <span class='ocrx_word' id='word_1_571' title='bbox 2247 3537 2364 3591; x_wconf 76' lang='grc' dir='ltr'><strong>ἔστι</strong></span> <span class='ocrx_word' id='word_1_572' title='bbox 2396 3538 2606 3592; x_wconf 78' lang='grc' dir='ltr'><strong>δικαίου</strong></span> <span class='ocrx_word' id='word_1_573' title='bbox 2641 3537 2826 3611; x_wconf 78' lang='grc' dir='ltr'><strong>κριτοῦ</strong></span> <span class='ocrx_word' id='word_1_574' title='bbox 2868 3540 3007 3616; x_wconf 36' lang='grc' dir='ltr'><strong>ίσας.</strong></span> <span class='ocrx_word' id='word_1_575' title='bbox 3033 3539 3169 3610; x_wconf 82' lang='grc' dir='ltr'><strong>πρὸς</strong></span> <span class='ocrx_word' id='word_1_576' title='bbox 3209 3538 3330 3603; x_wconf 84' lang='grc' dir='ltr'><strong>ἴσας</strong></span> <span class='ocrx_word' id='word_1_577' title='bbox 3361 3541 3562 3610; x_wconf 76' lang='grc' dir='ltr'><strong>ὁρίζειν</strong></span> <span class='ocrx_word' id='word_1_578' title='bbox 3591 3540 3679 3602; x_wconf 70' lang='grc' dir='ltr'><strong>τὰς</strong></span> 
     </span>
    </p>
   </div>
   <div class='ocr_carea' id='block_1_82' title="bbox 2112 3630 3682 3702">
    <p class='ocr_par' dir='ltr' id='par_1_82' title="bbox 2112 3630 3682 3702">
     <span class='ocr_line' id='line_1_82' title="bbox 2112 3630 3682 3702; baseline -0.001 -18"><span class='ocrx_word' id='word_1_579' title='bbox 2112 3631 2430 3695; x_wconf 85' lang='grc' dir='ltr'><strong>ἀντιδόσεις,</strong></span> <span class='ocrx_word' id='word_1_580' title='bbox 2460 3630 2577 3683; x_wconf 83' lang='grc' dir='ltr'><strong>ἀλλ’</strong></span> <span class='ocrx_word' id='word_1_581' title='bbox 2607 3630 2820 3702; x_wconf 87' lang='grc' dir='ltr'><strong>ἀνάγκη</strong></span> <span class='ocrx_word' id='word_1_582' title='bbox 2851 3630 2941 3684; x_wconf 80' lang='grc' dir='ltr'><strong>τὸν</strong></span> <span class='ocrx_word' id='word_1_583' title='bbox 2975 3630 3323 3702; x_wconf 82' lang='grc' dir='ltr'><strong>κατάρξαντα</strong></span> <span class='ocrx_word' id='word_1_584' title='bbox 3352 3632 3523 3685; x_wconf 85' lang='grc' dir='ltr'><strong>κακοῦ</strong></span> <span class='ocrx_word' id='word_1_585' title='bbox 3554 3631 3682 3702; x_wconf 68' lang='grc' dir='ltr'><strong>μετὰ</strong></span> 
     </span>
    </p>
   </div>
   <div class='ocr_carea' id='block_1_83' title="bbox 2113 3723 3681 3795">
    <p class='ocr_par' dir='ltr' id='par_1_83' title="bbox 2113 3723 3681 3795">
     <span class='ocr_line' id='line_1_83' title="bbox 2113 3723 3681 3795; baseline -0.001 -18"><span class='ocrx_word' id='word_1_586' title='bbox 2113 3723 2431 3794; x_wconf 87' lang='grc' dir='ltr'><strong>προσθήκης</strong></span> <span class='ocrx_word' id='word_1_587' title='bbox 2475 3723 2728 3776; x_wconf 86' lang='grc' dir='ltr'><strong>ἀποτῖσαι</strong></span> <span class='ocrx_word' id='word_1_588' title='bbox 2775 3723 3231 3794; x_wconf 47' lang='lat' dir='ltr'><strong>tamquam“,</strong></span> <span class='ocrx_word' id='word_1_589' title='bbox 3265 3726 3312 3777; x_wconf 82' lang='grc' dir='ltr'><strong>εί</strong></span> <span class='ocrx_word' id='word_1_590' title='bbox 3359 3725 3542 3795; x_wconf 78' lang='grc' dir='ltr'><strong>μέλλοι</strong></span> <span class='ocrx_word' id='word_1_591' title='bbox 3591 3725 3681 3776; x_wconf 78' lang='grc' dir='ltr'><strong>αὑ-</strong></span> 
     </span>
    </p>
   </div>
   <div class='ocr_carea' id='block_1_84' title="bbox 2111 3813 3682 3886">
    <p class='ocr_par' dir='ltr' id='par_1_84' title="bbox 2111 3813 3682 3886">
     <span class='ocr_line' id='line_1_84' title="bbox 2111 3813 3682 3886; baseline 0.002 -19"><span class='ocrx_word' id='word_1_592' title='bbox 2111 3815 2204 3877; x_wconf 89' lang='grc' dir='ltr'><strong>τός</strong></span> <span class='ocrx_word' id='word_1_593' title='bbox 2227 3831 2286 3867; x_wconf 90' lang='grc' dir='ltr'><strong>τε</strong></span> <span class='ocrx_word' id='word_1_594' title='bbox 2317 3813 2540 3884; x_wconf 75' lang='grc' dir='ltr'><strong>βελτίων</strong></span> <span class='ocrx_word' id='word_1_595' title='bbox 2566 3816 2683 3878; x_wconf 87' lang='grc' dir='ltr'><strong>ταῖς</strong></span> <span class='ocrx_word' id='word_1_596' title='bbox 2716 3815 3008 3886; x_wconf 84' lang='grc' dir='ltr'><strong>τιμωρίαις</strong></span> <span class='ocrx_word' id='word_1_597' title='bbox 3039 3815 3383 3886; x_wconf 84' lang='grc' dir='ltr'><strong>γενήσεσθαι,</strong></span> <span class='ocrx_word' id='word_1_598' title='bbox 3431 3820 3524 3871; x_wconf 76' lang='grc' dir='ltr'><strong>καὶ</strong></span> <span class='ocrx_word' id='word_1_599' title='bbox 3566 3819 3682 3878; x_wconf 78' lang='grc' dir='ltr'><strong>τοὺς</strong></span> 
     </span>
    </p>
   </div>
   <div class='ocr_carea' id='block_1_85' title="bbox 2113 3905 3677 3980">
    <p class='ocr_par' dir='ltr' id='par_1_85' title="bbox 2113 3905 3677 3980">
     <span class='ocr_line' id='line_1_85' title="bbox 2113 3905 3677 3980; baseline 0.002 -21"><span class='ocrx_word' id='word_1_600' title='bbox 2113 3905 2334 3971; x_wconf 81' lang='grc' dir='ltr'><strong>λοιποὺς</strong></span> <span class='ocrx_word' id='word_1_601' title='bbox 2389 3907 2871 3978; x_wconf 80' lang='grc' dir='ltr'><strong>’σωφρονεστέρους</strong></span> <span class='ocrx_word' id='word_1_602' title='bbox 2929 3911 3102 3960; x_wconf 87' lang='grc' dir='ltr'><strong>ποιεῖν</strong></span> <span class='ocrx_word' id='word_1_603' title='bbox 3167 3908 3245 3980; x_wconf 78' lang='grc' dir='ltr'><strong>τῷ</strong></span> <span class='ocrx_word' id='word_1_604' title='bbox 3302 3909 3677 3979; x_wconf 83' lang='grc' dir='ltr'><strong>ὑποδείγματι·</strong></span> 
     </span>
    </p>
   </div>
   <div class='ocr_carea' id='block_1_86' title="bbox 2111 3999 3678 4072">
    <p class='ocr_par' dir='ltr' id='par_1_86' title="bbox 2111 3999 3678 4072">
     <span class='ocr_line' id='line_1_86' title="bbox 2111 3999 3678 4072; baseline 0 -19"><span class='ocrx_word' id='word_1_605' title='bbox 2111 4000 2254 4054; x_wconf 83' lang='grc' dir='ltr'><strong>οὑτω</strong></span> <span class='ocrx_word' id='word_1_606' title='bbox 2311 4000 2407 4054; x_wconf 79' lang='grc' dir='ltr'><strong>καὶ</strong></span> <span class='ocrx_word' id='word_1_607' title='bbox 2457 4000 2488 4052; x_wconf 85' lang='grc' dir='ltr'><strong>ὀ</strong></span> <span class='ocrx_word' id='word_1_608' title='bbox 2535 3999 2598 4052; x_wconf 85' lang='grc' dir='ltr'><strong>τὸ</strong></span> <span class='ocrx_word' id='word_1_609' title='bbox 2647 4000 2813 4053; x_wconf 85' lang='grc' dir='ltr'><strong>κακὸν</strong></span> <span class='ocrx_word' id='word_1_610' title='bbox 2856 4000 2913 4053; x_wconf 82' lang='grc' dir='ltr'><strong>ὲν</strong></span> <span class='ocrx_word' id='word_1_611' title='bbox 2961 4003 3306 4072; x_wconf 81' lang='grc' dir='ltr'><strong>προσχήματι</strong></span> <span class='ocrx_word' id='word_1_612' title='bbox 3352 4002 3445 4055; x_wconf 80' lang='grc' dir='ltr'><strong>τοῦ</strong></span> <span class='ocrx_word' id='word_1_613' title='bbox 3486 4000 3678 4069; x_wconf 68' lang='grc' dir='ltr'><strong>ἀγαθοῦ</strong></span> 
     </span>
    </p>
   </div>
   <div class='ocr_carea' id='block_1_87' title="bbox 2115 4090 3679 4161">
    <p class='ocr_par' dir='ltr' id='par_1_87' title="bbox 2115 4090 3679 4161">
     <span class='ocr_line' id='line_1_87' title="bbox 2115 4090 3679 4161; baseline 0.001 -18"><span class='ocrx_word' id='word_1_614' title='bbox 2115 4090 2322 4155; x_wconf 84' lang='grc' dir='ltr'><strong>ποιῶν,</strong></span> <span class='ocrx_word' id='word_1_615' title='bbox 2371 4090 2711 4154; x_wconf 85' lang='grc' dir='ltr'><strong>διπλασίονος</strong></span> <span class='ocrx_word' id='word_1_616' title='bbox 2769 4091 3037 4161; x_wconf 89' lang='grc' dir='ltr'><strong>τιμωρίας</strong></span> <span class='ocrx_word' id='word_1_617' title='bbox 3097 4093 3245 4145; x_wconf 76' lang='grc' dir='ltr'><strong>ἐστὶν</strong></span> <span class='ocrx_word' id='word_1_618' title='bbox 3311 4093 3499 4158; x_wconf 80' lang='grc' dir='ltr'><strong>ἄξιος,</strong></span> <span class='ocrx_word' id='word_1_619' title='bbox 3558 4092 3679 4145; x_wconf 78' lang='grc' dir='ltr'><strong>διότι</strong></span> 
     </span>
    </p>
   </div>
   <div class='ocr_carea' id='block_1_88' title="bbox 2114 4181 3678 4255">
    <p class='ocr_par' dir='ltr' id='par_1_88' title="bbox 2114 4181 3678 4255">
     <span class='ocr_line' id='line_1_88' title="bbox 2114 4181 3678 4255; baseline -0.001 -19"><span class='ocrx_word' id='word_1_620' title='bbox 2114 4183 2248 4238; x_wconf 86' lang='grc' dir='ltr'><strong>αὑτό</strong></span> <span class='ocrx_word' id='word_1_621' title='bbox 2279 4201 2337 4236; x_wconf 90' lang='grc' dir='ltr'><strong>τε</strong></span> <span class='ocrx_word' id='word_1_622' title='bbox 2371 4183 2434 4236; x_wconf 80' lang='grc' dir='ltr'><strong>τὸ</strong></span> <span class='ocrx_word' id='word_1_623' title='bbox 2460 4183 2561 4236; x_wconf 86' lang='grc' dir='ltr'><strong>οὑκ</strong></span> <span class='ocrx_word' id='word_1_624' title='bbox 2600 4181 2802 4250; x_wconf 85' lang='grc' dir='ltr'><strong>ἀγαθὸν</strong></span> <span class='ocrx_word' id='word_1_625' title='bbox 2832 4182 3142 4253; x_wconf 72' lang='grc' dir='ltr'><strong>ἐργάζεται,</strong></span> <span class='ocrx_word' id='word_1_626' title='bbox 3176 4184 3270 4237; x_wconf 75' lang='grc' dir='ltr'><strong>καὶ</strong></span> <span class='ocrx_word' id='word_1_627' title='bbox 3315 4186 3574 4255; x_wconf 85' lang='grc' dir='ltr'><strong>κέχρηται</strong></span> <span class='ocrx_word' id='word_1_628' title='bbox 3606 4185 3678 4245; x_wconf 83' lang='grc' dir='ltr'><strong>εἰς</strong></span> 
     </span>
    </p>
   </div>
   <div class='ocr_carea' id='block_1_89' title="bbox 2113 4269 3680 4346">
    <p class='ocr_par' dir='ltr' id='par_1_89' title="bbox 2113 4269 3680 4346">
     <span class='ocr_line' id='line_1_89' title="bbox 2113 4269 3680 4346; baseline 0.001 -20"><span class='ocrx_word' id='word_1_629' title='bbox 2113 4272 2176 4326; x_wconf 81' lang='grc' dir='ltr'><strong>τὺ</strong></span> <span class='ocrx_word' id='word_1_630' title='bbox 2203 4272 2419 4327; x_wconf 83' lang='grc' dir='ltr'><strong>τελέσαι</strong></span> <span class='ocrx_word' id='word_1_631' title='bbox 2450 4275 2550 4346; x_wconf 80' lang='grc' dir='ltr'><strong>τὴν</strong></span> <span class='ocrx_word' id='word_1_632' title='bbox 2584 4269 2876 4344; x_wconf 84' lang='grc' dir='ltr'><strong>ἁμαρτίαν,</strong></span> <span class='ocrx_word' id='word_1_633' title='bbox 2901 4270 2976 4334; x_wconf 79' lang='grc' dir='ltr'><strong>ὡς</strong></span> <span class='ocrx_word' id='word_1_634' title='bbox 3020 4271 3085 4326; x_wconf 82' lang='grc' dir='ltr'><strong>ἂν</strong></span> <span class='ocrx_word' id='word_1_635' title='bbox 3123 4273 3265 4326; x_wconf 79' lang='grc' dir='ltr'><strong>εἴποι</strong></span> <span class='ocrx_word' id='word_1_636' title='bbox 3299 4291 3403 4338; x_wconf 89' lang='grc' dir='ltr'><strong>τις,</strong></span> <span class='ocrx_word' id='word_1_637' title='bbox 3437 4275 3514 4345; x_wconf 79' lang='grc' dir='ltr'><strong>τῷ</strong></span> 
     </span>
    </p>
   </div>
   <div class='ocr_carea' id='block_1_90' title="bbox 2118 4363 2383 4436">
    <p class='ocr_par' dir='ltr' id='par_1_90' title="bbox 2118 4363 2383 4436">
     <span class='ocr_line' id='line_1_90' title="bbox 2118 4363 2383 4436; baseline 0.008 -21"><span class='ocrx_word' id='word_1_638' title='bbox 2118 4363 2383 4436; x_wconf 82' lang='grc' dir='ltr'><strong>συνεργῷ.</strong></span> 
     </span>
    </p>
   </div>
   <div class='ocr_carea' id='block_1_91' title="bbox 504 4443 2001 4528">
    <p class='ocr_par' dir='ltr' id='par_1_91' title="bbox 504 4443 2001 4520">
     <span class='ocr_line' id='line_1_91' title="bbox 504 4443 2001 4520; baseline 0.006 -22"><span class='ocrx_word' id='word_1_639' title='bbox 504 4443 666 4516; x_wconf 69' lang='grc'><strong>475</strong></span> <span class='ocrx_word' id='word_1_640' title='bbox 699 4447 752 4500; x_wconf 87' lang='grc'><strong>7.</strong></span> <span class='ocrx_word' id='word_1_641' title='bbox 805 4446 881 4518; x_wconf 86' lang='grc'>(7)</span> <span class='ocrx_word' id='word_1_642' title='bbox 912 4446 1223 4502; x_wconf 88' lang='lat' dir='ltr'><strong>Cavendum</strong></span> <span class='ocrx_word' id='word_1_643' title='bbox 1256 4449 1422 4520; x_wconf 88' lang='lat' dir='ltr'><strong>igitur</strong></span> <span class='ocrx_word' id='word_1_644' title='bbox 1464 4449 1583 4504; x_wconf 92' lang='lat' dir='ltr'><strong>viro</strong></span> <span class='ocrx_word' id='word_1_645' title='bbox 1628 4449 1906 4520; x_wconf 88' lang='lat' dir='ltr'><strong>prudenti,</strong></span> <span class='ocrx_word' id='word_1_646' title='bbox 1939 4467 2001 4507; x_wconf 83' lang='lat' dir='ltr'><strong>ne</strong></span> 
     </span>
    </p>
   </div>
   <div class='ocr_carea' id='block_1_92' title="bbox 2109 4443 3680 4528">
    <p class='ocr_par' dir='ltr' id='par_1_92' title="bbox 2187 4449 3680 4528">
     <span class='ocr_line' id='line_1_92' title="bbox 2187 4449 3680 4528; baseline -0.006 -21"><span class='ocrx_word' id='word_1_647' title='bbox 2187 4455 2238 4507; x_wconf 91' lang='lat'><strong>7.</strong></span> <span class='ocrx_word' id='word_1_648' title='bbox 2271 4454 2538 4508; x_wconf 79' lang='grc' dir='ltr'><strong>Φευκτέον</strong></span> <span class='ocrx_word' id='word_1_649' title='bbox 2584 4451 2678 4509; x_wconf 83' lang='grc' dir='ltr'><strong>οὖν</strong></span> <span class='ocrx_word' id='word_1_650' title='bbox 2721 4455 2801 4527; x_wconf 85' lang='grc' dir='ltr'><strong>τῷ</strong></span> <span class='ocrx_word' id='word_1_651' title='bbox 2859 4454 3223 4528; x_wconf 80' lang='grc' dir='ltr'><strong>σωφρονοῦντι</strong></span> <span class='ocrx_word' id='word_1_652' title='bbox 3255 4453 3318 4506; x_wconf 79' lang='grc' dir='ltr'><strong>τὸ</strong></span> <span class='ocrx_word' id='word_1_653' title='bbox 3363 4452 3501 4522; x_wconf 80' lang='grc' dir='ltr'><strong>πρὸς</strong></span> <span class='ocrx_word' id='word_1_654' title='bbox 3534 4449 3680 4515; x_wconf 79' lang='grc' dir='ltr'><strong>δόξαν</strong></span> 
     </span>
    </p>
   </div>
   <div class='ocr_carea' id='block_1_93' title="bbox 437 4535 2012 4611">
    <p class='ocr_par' dir='ltr' id='par_1_93' title="bbox 437 4535 2012 4611">
     <span class='ocr_line' id='line_1_93' title="bbox 437 4535 2012 4611; baseline 0.005 -23"><span class='ocrx_word' id='word_1_655' title='bbox 437 4535 506 4588; x_wconf 91' lang='lat' dir='ltr'><strong>ad</strong></span> <span class='ocrx_word' id='word_1_656' title='bbox 539 4537 682 4604; x_wconf 82' lang='lat' dir='ltr'><strong>vulgi</strong></span> <span class='ocrx_word' id='word_1_657' title='bbox 725 4539 1074 4593; x_wconf 88' lang='lat' dir='ltr'><strong>rumusculos</strong></span> <span class='ocrx_word' id='word_1_658' title='bbox 1108 4541 1278 4603; x_wconf 86' lang='lat' dir='ltr'><strong>vivat,</strong></span> <span class='ocrx_word' id='word_1_659' title='bbox 1317 4549 1371 4595; x_wconf 75' lang='lat' dir='ltr'><strong>et.</strong></span> <span class='ocrx_word' id='word_1_660' title='bbox 1400 4556 1464 4595; x_wconf 91' lang='lat' dir='ltr'><strong>ea</strong></span> <span class='ocrx_word' id='word_1_661' title='bbox 1485 4550 1692 4611; x_wconf 81' lang='lat' dir='ltr'><strong>spectet</strong></span> <span class='ocrx_word' id='word_1_662' title='bbox 1721 4557 1842 4611; x_wconf 68' lang='lat' dir='ltr'><strong>quae</strong></span> <span class='ocrx_word' id='word_1_663' title='bbox 1870 4542 2012 4596; x_wconf 90' lang='lat' dir='ltr'><strong>mul-</strong></span> 
     </span>
    </p>
   </div>
   <div class='ocr_carea' id='block_1_94' title="bbox 437 4628 2012 4701">
    <p class='ocr_par' dir='ltr' id='par_1_94' title="bbox 437 4628 2012 4701">
     <span class='ocr_line' id='line_1_94' title="bbox 437 4628 2012 4701; baseline 0.005 -21"><span class='ocrx_word' id='word_1_664' title='bbox 437 4628 654 4681; x_wconf 84' lang='lat' dir='ltr'><strong>titudini</strong></span> <span class='ocrx_word' id='word_1_665' title='bbox 689 4629 1019 4698; x_wconf 88' lang='lat' dir='ltr'><strong>probantur;</strong></span> <span class='ocrx_word' id='word_1_666' title='bbox 1057 4645 1120 4684; x_wconf 90' lang='lat' dir='ltr'><strong>ac</strong></span> <span class='ocrx_word' id='word_1_667' title='bbox 1150 4647 1256 4686; x_wconf 93' lang='lat' dir='ltr'><strong>non</strong></span> <span class='ocrx_word' id='word_1_668' title='bbox 1287 4633 1468 4701; x_wconf 88' lang='lat' dir='ltr'><strong>potius</strong></span> <span class='ocrx_word' id='word_1_669' title='bbox 1499 4642 1702 4687; x_wconf 87' lang='lat' dir='ltr'><strong>rectam</strong></span> <span class='ocrx_word' id='word_1_670' title='bbox 1745 4634 2012 4688; x_wconf 88' lang='lat' dir='ltr'><strong>rationem</strong></span> 
     </span>
    </p>
   </div>
   <div class='ocr_carea' id='block_1_95' title="bbox 441 4719 2014 4786">
    <p class='ocr_par' dir='ltr' id='par_1_95' title="bbox 441 4719 2014 4786">
     <span class='ocr_line' id='line_1_95' title="bbox 441 4719 2014 4786; baseline 0.006 -15"><span class='ocrx_word' id='word_1_671' title='bbox 441 4720 513 4772; x_wconf 89' lang='lat' dir='ltr'><strong>ita</strong></span> <span class='ocrx_word' id='word_1_672' title='bbox 561 4719 687 4773; x_wconf 70' lang='lat' dir='ltr'><strong>vitae</strong></span> <span class='ocrx_word' id='word_1_673' title='bbox 725 4719 920 4775; x_wconf 88' lang='lat' dir='ltr'><strong>ducem</strong></span> <span class='ocrx_word' id='word_1_674' title='bbox 972 4721 1255 4786; x_wconf 88' lang='lat' dir='ltr'><strong>instituat,</strong></span> <span class='ocrx_word' id='word_1_675' title='bbox 1308 4731 1368 4776; x_wconf 90' lang='lat' dir='ltr'><strong>ut</strong></span> <span class='ocrx_word' id='word_1_676' title='bbox 1406 4724 1627 4780; x_wconf 89' lang='lat' dir='ltr'><strong>etiamsi</strong></span> <span class='ocrx_word' id='word_1_677' title='bbox 1697 4723 2014 4780; x_wconf 90' lang='lat' dir='ltr'><strong>hominibus</strong></span> 
     </span>
    </p>
   </div>
   <div class='ocr_carea' id='block_1_96' title="bbox 437 4811 2014 4878">
    <p class='ocr_par' dir='ltr' id='par_1_96' title="bbox 437 4811 2014 4878">
     <span class='ocr_line' id='line_1_96' title="bbox 437 4811 2014 4878; baseline 0.003 -14"><span class='ocrx_word' id='word_1_678' title='bbox 437 4811 694 4866; x_wconf 88' lang='lat' dir='ltr'><strong>omnibus</strong></span> <span class='ocrx_word' id='word_1_679' title='bbox 726 4813 1212 4868; x_wconf 87' lang='lat' dir='ltr'><strong>eontradicendum</strong></span> <span class='ocrx_word' id='word_1_680' title='bbox 1248 4817 1339 4878; x_wconf 90' lang='lat' dir='ltr'><strong>sit,</strong></span> <span class='ocrx_word' id='word_1_681' title='bbox 1370 4815 1586 4870; x_wconf 87' lang='lat' dir='ltr'><strong>etiamsi</strong></span> <span class='ocrx_word' id='word_1_682' title='bbox 1618 4817 1757 4870; x_wconf 90' lang='lat' dir='ltr'><strong>male</strong></span> <span class='ocrx_word' id='word_1_683' title='bbox 1785 4815 2014 4870; x_wconf 89' lang='lat' dir='ltr'><strong>audien-</strong></span> 
     </span>
    </p>
   </div>
   <div class='ocr_carea' id='block_1_97' title="bbox 437 4901 2010 4974">
    <p class='ocr_par' dir='ltr' id='par_1_97' title="bbox 437 4901 2010 4974">
     <span class='ocr_line' id='line_1_97' title="bbox 437 4901 2010 4974; baseline 0.003 -19"><span class='ocrx_word' id='word_1_684' title='bbox 437 4901 589 4964; x_wconf 87' lang='lat' dir='ltr'><strong>dum,</strong></span> <span class='ocrx_word' id='word_1_685' title='bbox 620 4916 685 4955; x_wconf 92' lang='lat' dir='ltr'><strong>ac</strong></span> <span class='ocrx_word' id='word_1_686' title='bbox 717 4905 1021 4974; x_wconf 88' lang='lat' dir='ltr'><strong>periculum</strong></span> <span class='ocrx_word' id='word_1_687' title='bbox 1061 4905 1279 4960; x_wconf 88' lang='lat' dir='ltr'><strong>honesti</strong></span> <span class='ocrx_word' id='word_1_688' title='bbox 1312 4920 1480 4962; x_wconf 89' lang='lat' dir='ltr'><strong>causa</strong></span> <span class='ocrx_word' id='word_1_689' title='bbox 1525 4906 1912 4974; x_wconf 89' lang='lat' dir='ltr'><strong>subeundum;</strong></span> <span class='ocrx_word' id='word_1_690' title='bbox 1944 4922 2010 4962; x_wconf 83' lang='lat' dir='ltr'><strong>ex</strong></span> 
     </span>
    </p>
   </div>
   <div class='ocr_carea' id='block_1_98' title="bbox 2116 4540 3681 4617">
    <p class='ocr_par' dir='ltr' id='par_1_98' title="bbox 2116 4540 3681 4617">
     <span class='ocr_line' id='line_1_98' title="bbox 2116 4540 3681 4617; baseline -0.005 -17"><span class='ocrx_word' id='word_1_691' title='bbox 2116 4544 2237 4617; x_wconf 74' lang='grc' dir='ltr'><strong>ζῇν,</strong></span> <span class='ocrx_word' id='word_1_692' title='bbox 2272 4546 2366 4599; x_wconf 73' lang='grc' dir='ltr'><strong>καὶ</strong></span> <span class='ocrx_word' id='word_1_693' title='bbox 2399 4545 2468 4599; x_wconf 86' lang='grc' dir='ltr'><strong>τὰ</strong></span> <span class='ocrx_word' id='word_1_694' title='bbox 2495 4549 2606 4610; x_wconf 89' lang='grc' dir='ltr'><strong>τοῖς</strong></span> <span class='ocrx_word' id='word_1_695' title='bbox 2635 4546 2848 4611; x_wconf 89' lang='grc' dir='ltr'><strong>πολλοῖς</strong></span> <span class='ocrx_word' id='word_1_696' title='bbox 2887 4547 3146 4601; x_wconf 77' lang='grc' dir='ltr'><strong>δοκοῦντα</strong></span> <span class='ocrx_word' id='word_1_697' title='bbox 3189 4546 3564 4615; x_wconf 85' lang='grc' dir='ltr'><strong>περισκοπεῖν,</strong></span> <span class='ocrx_word' id='word_1_698' title='bbox 3594 4540 3681 4593; x_wconf 73' lang='grc' dir='ltr'><strong>καὶ</strong></span> 
     </span>
    </p>
   </div>
   <div class='ocr_carea' id='block_1_99' title="bbox 2121 4631 3675 4708">
    <p class='ocr_par' dir='ltr' id='par_1_99' title="bbox 2121 4631 3675 4708">
     <span class='ocr_line' id='line_1_99' title="bbox 2121 4631 3675 4708; baseline 0 -19"><span class='ocrx_word' id='word_1_699' title='bbox 2121 4635 2195 4706; x_wconf 80' lang='grc' dir='ltr'><strong>μὴ</strong></span> <span class='ocrx_word' id='word_1_700' title='bbox 2245 4636 2335 4689; x_wconf 72' lang='grc' dir='ltr'><strong>τὸν</strong></span> <span class='ocrx_word' id='word_1_701' title='bbox 2386 4635 2542 4708; x_wconf 79' lang='grc' dir='ltr'><strong>ὀρθὸν</strong></span> <span class='ocrx_word' id='word_1_702' title='bbox 2586 4637 2742 4706; x_wconf 84' lang='grc' dir='ltr'><strong>λόγον</strong></span> <span class='ocrx_word' id='word_1_703' title='bbox 2785 4637 3031 4708; x_wconf 80' lang='grc' dir='ltr'><strong>ἡγεμόνα</strong></span> <span class='ocrx_word' id='word_1_704' title='bbox 3087 4633 3361 4688; x_wconf 84' lang='grc' dir='ltr'><strong>ποιεῖσθαι</strong></span> <span class='ocrx_word' id='word_1_705' title='bbox 3406 4633 3498 4685; x_wconf 86' lang='grc' dir='ltr'><strong>τοῦ</strong></span> <span class='ocrx_word' id='word_1_706' title='bbox 3551 4631 3675 4700; x_wconf 75' lang='grc' dir='ltr'><strong>βίου.</strong></span> 
     </span>
    </p>
   </div>
   <div class='ocr_carea' id='block_1_100' title="bbox 2117 4721 3678 4800">
    <p class='ocr_par' dir='ltr' id='par_1_100' title="bbox 2117 4721 3678 4800">
     <span class='ocr_line' id='line_1_100' title="bbox 2117 4721 3678 4800; baseline -0.006 -19"><span class='ocrx_word' id='word_1_707' title='bbox 2117 4727 2258 4781; x_wconf 85' lang='grc' dir='ltr'><strong>ὥστε</strong></span> <span class='ocrx_word' id='word_1_708' title='bbox 2300 4727 2401 4780; x_wconf 72' lang='grc' dir='ltr'><strong>κᾶν</strong></span> <span class='ocrx_word' id='word_1_709' title='bbox 2447 4730 2610 4782; x_wconf 82' lang='grc' dir='ltr'><strong>πᾶσιν</strong></span> <span class='ocrx_word' id='word_1_710' title='bbox 2644 4727 2946 4800; x_wconf 82' lang='grc' dir='ltr'><strong>ἀνθρώποις</strong></span> <span class='ocrx_word' id='word_1_711' title='bbox 2980 4727 3302 4795; x_wconf 86' lang='grc' dir='ltr'><strong>ἀντιλέγειν,</strong></span> <span class='ocrx_word' id='word_1_712' title='bbox 3337 4725 3441 4777; x_wconf 81' lang='grc' dir='ltr'><strong>κᾶν</strong></span> <span class='ocrx_word' id='word_1_713' title='bbox 3487 4721 3678 4784; x_wconf 84' lang='grc' dir='ltr'><strong>ἀδοξεῖν</strong></span> 
     </span>
    </p>
   </div>
   <div class='ocr_carea' id='block_1_101' title="bbox 2119 4814 3677 4891">
    <p class='ocr_par' dir='ltr' id='par_1_101' title="bbox 2119 4814 3677 4891">
     <span class='ocr_line' id='line_1_101' title="bbox 2119 4814 3677 4891; baseline -0.004 -20"><span class='ocrx_word' id='word_1_714' title='bbox 2119 4819 2214 4872; x_wconf 75' lang='grc' dir='ltr'><strong>καὶ</strong></span> <span class='ocrx_word' id='word_1_715' title='bbox 2241 4818 2568 4872; x_wconf 82' lang='grc' dir='ltr'><strong>κινδυνεύειν</strong></span> <span class='ocrx_word' id='word_1_716' title='bbox 2593 4821 2733 4891; x_wconf 80' lang='grc' dir='ltr'><strong>ὑπὲρ</strong></span> <span class='ocrx_word' id='word_1_717' title='bbox 2761 4819 2854 4872; x_wconf 84' lang='grc' dir='ltr'><strong>τοῦ</strong></span> <span class='ocrx_word' id='word_1_718' title='bbox 2888 4817 3052 4873; x_wconf 88' lang='grc' dir='ltr'><strong>καλοῦ</strong></span> <span class='ocrx_word' id='word_1_719' title='bbox 3082 4817 3196 4888; x_wconf 80' lang='grc' dir='ltr'><strong>δέῃ,</strong></span> <span class='ocrx_word' id='word_1_720' title='bbox 3226 4817 3393 4887; x_wconf 80' lang='grc' dir='ltr'><strong>μηδὲν</strong></span> <span class='ocrx_word' id='word_1_721' title='bbox 3424 4814 3677 4886; x_wconf 77' lang='grc' dir='ltr'><strong>αἱρεῖσθαι</strong></span> 
     </span>
    </p>
   </div>
   <div class='ocr_carea' id='block_1_102' title="bbox 2117 4906 3675 4981">
    <p class='ocr_par' dir='ltr' id='par_1_102' title="bbox 2117 4906 3675 4981">
     <span class='ocr_line' id='line_1_102' title="bbox 2117 4906 3675 4981; baseline 0 -21"><span class='ocrx_word' id='word_1_722' title='bbox 2117 4908 2226 4961; x_wconf 83' lang='grc' dir='ltr'><strong>τῶν</strong></span> <span class='ocrx_word' id='word_1_723' title='bbox 2273 4909 2450 4981; x_wconf 83' lang='grc' dir='ltr'><strong>ὀρθῶς</strong></span> <span class='ocrx_word' id='word_1_724' title='bbox 2500 4910 2859 4981; x_wconf 83' lang='grc' dir='ltr'><strong>ἐγνωσμένων</strong></span> <span class='ocrx_word' id='word_1_725' title='bbox 2916 4911 3256 4978; x_wconf 86' lang='grc' dir='ltr'><strong>παρακινεῖν.</strong></span> <span class='ocrx_word' id='word_1_726' title='bbox 3305 4907 3411 4961; x_wconf 84' lang='grc' dir='ltr'><strong>Τὸν</strong></span> <span class='ocrx_word' id='word_1_727' title='bbox 3466 4906 3571 4977; x_wconf 77' lang='grc' dir='ltr'><strong>γὰρ</strong></span> <span class='ocrx_word' id='word_1_728' title='bbox 3609 4906 3675 4975; x_wconf 77' lang='grc' dir='ltr'><strong>μὴ</strong></span> 
     </span>
    </p>
   </div>
   <div class='ocr_carea' id='block_1_103' title="bbox 513 5055 2001 5141">
    <p class='ocr_par' dir='ltr' id='par_1_103' title="bbox 513 5055 2001 5141">
     <span class='ocr_line' id='line_1_103' title="bbox 513 5055 2001 5141; baseline 0.003 -30"><span class='ocrx_word' id='word_1_729' title='bbox 513 5057 555 5087; x_wconf 76' lang='grc'>⁸⁸</span> <span class='ocrx_word' id='word_1_730' title='bbox 577 5055 766 5111; x_wconf 79' lang='lat' dir='ltr'><strong>Matth.</strong></span> <span class='ocrx_word' id='word_1_731' title='bbox 804 5074 855 5120; x_wconf 77' lang='grc' dir='ltr'><strong>χ,</strong></span> <span class='ocrx_word' id='word_1_732' title='bbox 890 5057 976 5111; x_wconf 79' lang='grc'><strong>16.</strong></span> <span class='ocrx_word' id='word_1_733' title='bbox 1052 5059 1096 5089; x_wconf 80' lang='grc'><strong>²⁰</strong></span> <span class='ocrx_word' id='word_1_734' title='bbox 1122 5057 1310 5113; x_wconf 84' lang='lat' dir='ltr'><strong>Matth.</strong></span> <span class='ocrx_word' id='word_1_735' title='bbox 1339 5075 1437 5123; x_wconf 84' lang='lat' dir='ltr'><strong>vn,</strong></span> <span class='ocrx_word' id='word_1_736' title='bbox 1472 5060 1558 5141; x_wconf 67' lang='grc' dir='ltr'><strong>μ.</strong></span> <span class='ocrx_word' id='word_1_737' title='bbox 1635 5061 1679 5092; x_wconf 82' lang='grc'>¹¹</span> <span class='ocrx_word' id='word_1_738' title='bbox 1706 5060 1918 5118; x_wconf 87' lang='lat' dir='ltr'><strong>Coloss.</strong></span> <span class='ocrx_word' id='word_1_739' title='bbox 1952 5077 2001 5116; x_wconf 83' lang='lat' dir='ltr'><strong>tn</strong></span> 
     </span>
    </p>
   </div>
   <div class='ocr_carea' id='block_1_104' title="bbox 2109 5055 3160 5141">
    <p class='ocr_par' dir='ltr' id='par_1_104' title="bbox 2109 5062 3160 5132">
     <span class='ocr_line' id='line_1_104' title="bbox 2109 5062 3160 5132; baseline 0 -15"><span class='ocrx_word' id='word_1_740' title='bbox 2109 5102 2115 5117; x_wconf 92' lang='lat'><strong>.</strong></span> <span class='ocrx_word' id='word_1_741' title='bbox 2197 5062 2411 5118; x_wconf 81' lang='lat' dir='ltr'><strong>“Psal.</strong></span> <span class='ocrx_word' id='word_1_742' title='bbox 2447 5081 2542 5132; x_wconf 87' lang='lat' dir='ltr'><strong>cu,</strong></span> <span class='ocrx_word' id='word_1_743' title='bbox 2579 5065 2634 5121; x_wconf 84' lang='lat'><strong>5.</strong></span> <span class='ocrx_word' id='word_1_744' title='bbox 2709 5065 2756 5097; x_wconf 81' lang='lat'>“</span> <span class='ocrx_word' id='word_1_745' title='bbox 2776 5063 2922 5121; x_wconf 90' lang='lat' dir='ltr'><strong>Psal.</strong></span> <span class='ocrx_word' id='word_1_746' title='bbox 2957 5079 3071 5128; x_wconf 77' lang='lat' dir='ltr'><strong>ut,</strong></span> <span class='ocrx_word' id='word_1_747' title='bbox 3107 5063 3160 5118; x_wconf 79' lang='lat'><strong>5.</strong></span> 
     </span>
    </p>
   </div>
   <div class='ocr_carea' id='block_1_105' title="bbox 512 5212 1422 5285">
    <p class='ocr_par' dir='ltr' id='par_1_105' title="bbox 512 5212 1422 5285">
     <span class='ocr_line' id='line_1_105' title="bbox 512 5212 1422 5285; baseline 0.004 -19"><span class='ocrx_word' id='word_1_748' title='bbox 512 5215 586 5285; x_wconf 83' lang='grc' dir='ltr'>(ι)</span> <span class='ocrx_word' id='word_1_749' title='bbox 617 5212 691 5267; x_wconf 65' lang='lat' dir='ltr'><strong>Ex</strong></span> <span class='ocrx_word' id='word_1_750' title='bbox 716 5223 1004 5267; x_wconf 82' lang='lat' dir='ltr'><strong>comment.</strong></span> <span class='ocrx_word' id='word_1_751' title='bbox 1035 5215 1089 5266; x_wconf 89' lang='lat' dir='ltr'><strong>in</strong></span> <span class='ocrx_word' id='word_1_752' title='bbox 1125 5213 1216 5267; x_wconf 80' lang='lat' dir='ltr'><strong>Isa</strong></span> <span class='ocrx_word' id='word_1_753' title='bbox 1246 5255 1263 5278; x_wconf 90' lang='lat'><strong>,</strong></span> <span class='ocrx_word' id='word_1_754' title='bbox 1296 5215 1422 5270; x_wconf 80' lang='lat'><strong>378.</strong></span> 
     </span>
    </p>
   </div>
   <div class='ocr_carea' id='block_1_106' title="bbox 513 5285 1284 5353">
    <p class='ocr_par' dir='ltr' id='par_1_106' title="bbox 513 5285 1284 5353">
     <span class='ocr_line' id='line_1_106' title="bbox 513 5285 1284 5353; baseline 0.003 -18"><span class='ocrx_word' id='word_1_755' title='bbox 513 5285 588 5353; x_wconf 78' lang='lat'><strong>(‘2)</strong></span> <span class='ocrx_word' id='word_1_756' title='bbox 623 5285 698 5337; x_wconf 78' lang='lat' dir='ltr'><strong>Ex</strong></span> <span class='ocrx_word' id='word_1_757' title='bbox 731 5287 892 5353; x_wconf 86' lang='lat' dir='ltr'><strong>epist.</strong></span> <span class='ocrx_word' id='word_1_758' title='bbox 919 5299 1127 5345; x_wconf 82' lang='lat' dir='ltr'><strong>CC\L|V,</strong></span> <span class='ocrx_word' id='word_1_759' title='bbox 1159 5285 1284 5337; x_wconf 79' lang='grc'><strong>581.</strong></span> 
     </span>
    </p>
   </div>
   <div class='ocr_carea' id='block_1_107' title="bbox 513 5354 1301 5424">
    <p class='ocr_par' dir='ltr' id='par_1_107' title="bbox 513 5354 1301 5424">
     <span class='ocr_line' id='line_1_107' title="bbox 513 5354 1301 5424; baseline 0.004 -19"><span class='ocrx_word' id='word_1_760' title='bbox 513 5355 591 5424; x_wconf 85' lang='grc'>(5)</span> <span class='ocrx_word' id='word_1_761' title='bbox 631 5354 708 5424; x_wconf 65' lang='lat' dir='ltr'><strong>l1}:</strong></span> <span class='ocrx_word' id='word_1_762' title='bbox 738 5358 898 5422; x_wconf 86' lang='lat' dir='ltr'><strong>epist.</strong></span> <span class='ocrx_word' id='word_1_763' title='bbox 927 5370 1144 5418; x_wconf 76' lang='lat' dir='ltr'><strong>ccxcut,</strong></span> <span class='ocrx_word' id='word_1_764' title='bbox 1180 5355 1301 5408; x_wconf 69' lang='grc'><strong>451.</strong></span> 
     </span>
    </p>
   </div>
   <div class='ocr_carea' id='block_1_108' title="bbox 514 5423 1417 5492">
    <p class='ocr_par' dir='ltr' id='par_1_108' title="bbox 514 5423 1417 5492">
     <span class='ocr_line' id='line_1_108' title="bbox 514 5423 1417 5492; baseline 0.006 -18"><span class='ocrx_word' id='word_1_765' title='bbox 514 5423 590 5492; x_wconf 66' lang='grc'>(4)</span> <span class='ocrx_word' id='word_1_766' title='bbox 624 5423 698 5475; x_wconf 72' lang='lat' dir='ltr'><strong>Ex</strong></span> <span class='ocrx_word' id='word_1_767' title='bbox 728 5425 872 5476; x_wconf 90' lang='lat' dir='ltr'><strong>hom.</strong></span> <span class='ocrx_word' id='word_1_768' title='bbox 902 5427 953 5475; x_wconf 80' lang='lat' dir='ltr'><strong>in</strong></span> <span class='ocrx_word' id='word_1_769' title='bbox 984 5424 1121 5492; x_wconf 79' lang='lat' dir='ltr'><strong>psal.</strong></span> <span class='ocrx_word' id='word_1_770' title='bbox 1155 5441 1266 5484; x_wconf 68' lang='lat' dir='ltr'><strong>th,</strong></span> <span class='ocrx_word' id='word_1_771' title='bbox 1297 5423 1417 5479; x_wconf 78' lang='grc'><strong>195.</strong></span> 
     </span>
    </p>
   </div>
   <div class='ocr_carea' id='block_1_109' title="bbox 517 5493 1232 5561">
    <p class='ocr_par' dir='ltr' id='par_1_109' title="bbox 517 5493 1232 5561">
     <span class='ocr_line' id='line_1_109' title="bbox 517 5493 1232 5561; baseline 0.003 -17"><span class='ocrx_word' id='word_1_772' title='bbox 517 5493 590 5561; x_wconf 83' lang='grc'><strong>(5)</strong></span> <span class='ocrx_word' id='word_1_773' title='bbox 633 5493 706 5544; x_wconf 75' lang='lat' dir='ltr'><strong>Ex</strong></span> <span class='ocrx_word' id='word_1_774' title='bbox 734 5496 894 5561; x_wconf 88' lang='lat' dir='ltr'><strong>epist.</strong></span> <span class='ocrx_word' id='word_1_775' title='bbox 917 5507 1071 5554; x_wconf 74' lang='lat' dir='ltr'><strong>ccu,</strong></span> <span class='ocrx_word' id='word_1_776' title='bbox 1109 5495 1232 5547; x_wconf 79' lang='lat'><strong>596.</strong></span> 
     </span>
    </p>
   </div>
   <div class='ocr_carea' id='block_1_110' title="bbox 515 5561 1200 5630">
    <p class='ocr_par' dir='ltr' id='par_1_110' title="bbox 515 5561 1200 5630">
     <span class='ocr_line' id='line_1_110' title="bbox 515 5561 1200 5630; baseline 0.007 -17"><span class='ocrx_word' id='word_1_777' title='bbox 515 5562 593 5630; x_wconf 87' lang='grc'>(6)</span> <span class='ocrx_word' id='word_1_778' title='bbox 629 5561 705 5614; x_wconf 74' lang='lat' dir='ltr'><strong>Ex</strong></span> <span class='ocrx_word' id='word_1_779' title='bbox 735 5565 896 5630; x_wconf 78' lang='lat' dir='ltr'><strong>epist.</strong></span> <span class='ocrx_word' id='word_1_780' title='bbox 935 5579 1053 5622; x_wconf 82' lang='lat' dir='ltr'><strong>LIII,</strong></span> <span class='ocrx_word' id='word_1_781' title='bbox 1085 5565 1200 5619; x_wconf 77' lang='lat' dir='ltr'><strong>H7.</strong></span> 
     </span>
    </p>
   </div>
   <div class='ocr_carea' id='block_1_111' title="bbox 516 5631 1795 5704">
    <p class='ocr_par' dir='ltr' id='par_1_111' title="bbox 516 5631 1795 5704">
     <span class='ocr_line' id='line_1_111' title="bbox 516 5631 1795 5704; baseline 0.006 -24"><span class='ocrx_word' id='word_1_782' title='bbox 516 5631 594 5704; x_wconf 63' lang='lat' dir='ltr'><strong>Cl)</strong></span> <span class='ocrx_word' id='word_1_783' title='bbox 625 5633 696 5704; x_wconf 67' lang='lat' dir='ltr'><strong>lix</strong></span> <span class='ocrx_word' id='word_1_784' title='bbox 731 5648 895 5686; x_wconf 80' lang='lat' dir='ltr'><strong>serui.</strong></span> <span class='ocrx_word' id='word_1_785' title='bbox 930 5633 1004 5704; x_wconf 78' lang='lat' dir='ltr'><strong>De</strong></span> <span class='ocrx_word' id='word_1_786' title='bbox 1032 5634 1255 5702; x_wconf 71' lang='lat' dir='ltr'><strong>legendis</strong></span> <span class='ocrx_word' id='word_1_787' title='bbox 1287 5634 1436 5687; x_wconf 82' lang='lat' dir='ltr'><strong>libris</strong></span> <span class='ocrx_word' id='word_1_788' title='bbox 1463 5643 1599 5704; x_wconf 83' lang='lat' dir='ltr'><strong>gent.</strong></span> <span class='ocrx_word' id='word_1_789' title='bbox 1625 5677 1638 5696; x_wconf 88' lang='lat'><strong>,</strong></span> <span class='ocrx_word' id='word_1_790' title='bbox 1682 5635 1795 5690; x_wconf 82' lang='grc'><strong>185.</strong></span> 
     </span>
    </p>
   </div>
   <div class='ocr_carea' id='block_1_112' title="bbox 521 5700 2016 5774">
    <p class='ocr_par' dir='ltr' id='par_1_112' title="bbox 521 5700 2016 5774">
     <span class='ocr_line' id='line_1_112' title="bbox 521 5700 2016 5774; baseline 0.004 -22"><span class='ocrx_word' id='word_1_791' title='bbox 521 5700 1152 5770; x_wconf 66' lang='grc' dir='ltr'><strong>(8)11ροσερχομένοὺς.</strong></span> <span class='ocrx_word' id='word_1_792' title='bbox 1199 5706 1288 5758; x_wconf 77' lang='lat' dir='ltr'><strong>Sic</strong></span> <span class='ocrx_word' id='word_1_793' title='bbox 1325 5720 1426 5774; x_wconf 90' lang='lat' dir='ltr'><strong>ope</strong></span> <span class='ocrx_word' id='word_1_794' title='bbox 1458 5700 1744 5759; x_wconf 77' lang='lat' dir='ltr'><strong>contextus</strong></span> <span class='ocrx_word' id='word_1_795' title='bbox 1769 5703 2016 5762; x_wconf 84' lang='lat' dir='ltr'><strong>emenda-</strong></span> 
     </span>
    </p>
   </div>
   <div class='ocr_carea' id='block_1_113' title="bbox 2123 5217 3357 5290">
    <p class='ocr_par' dir='ltr' id='par_1_113' title="bbox 2123 5217 3357 5290">
     <span class='ocr_line' id='line_1_113' title="bbox 2123 5217 3357 5290; baseline 0 -20"><span class='ocrx_word' id='word_1_796' title='bbox 2123 5217 2300 5290; x_wconf 84' lang='lat' dir='ltr'><strong>vimus</strong></span> <span class='ocrx_word' id='word_1_797' title='bbox 2319 5232 2549 5290; x_wconf 86' lang='lat' dir='ltr'><strong>pravam</strong></span> <span class='ocrx_word' id='word_1_798' title='bbox 2576 5217 2863 5290; x_wconf 66' lang='lat' dir='ltr'><strong>lectionem</strong></span> <span class='ocrx_word' id='word_1_799' title='bbox 2901 5217 3357 5290; x_wconf 83' lang='grc' dir='ltr'><strong>προερχομένους.</strong></span> 
     </span>
    </p>
   </div>
   <div class='ocr_carea' id='block_1_114' title="bbox 2193 5287 3666 5358">
    <p class='ocr_par' dir='ltr' id='par_1_114' title="bbox 2193 5287 3666 5358">
     <span class='ocr_line' id='line_1_114' title="bbox 2193 5287 3666 5358; baseline -0.003 -16"><span class='ocrx_word' id='word_1_800' title='bbox 2193 5289 2270 5356; x_wconf 86' lang='grc'>(9)</span> <span class='ocrx_word' id='word_1_801' title='bbox 2317 5289 2540 5353; x_wconf 85' lang='grc' dir='ltr'><strong>Ἐντός.</strong></span> <span class='ocrx_word' id='word_1_802' title='bbox 2582 5289 2671 5341; x_wconf 82' lang='lat' dir='ltr'><strong>Sic</strong></span> <span class='ocrx_word' id='word_1_803' title='bbox 2714 5287 2914 5358; x_wconf 80' lang='lat' dir='ltr'><strong>Regius</strong></span> <span class='ocrx_word' id='word_1_804' title='bbox 2942 5287 3109 5343; x_wconf 79' lang='lat' dir='ltr'><strong>couex</strong></span> <span class='ocrx_word' id='word_1_805' title='bbox 3138 5299 3190 5344; x_wconf 91' lang='lat' dir='ltr'><strong>et</strong></span> <span class='ocrx_word' id='word_1_806' title='bbox 3213 5296 3528 5351; x_wconf 74' lang='lat' dir='ltr'><strong>contextus,</strong></span> <span class='ocrx_word' id='word_1_807' title='bbox 3569 5300 3666 5338; x_wconf 87' lang='lat' dir='ltr'><strong>me-</strong></span> 
     </span>
    </p>
   </div>
   <div class='ocr_carea' id='block_1_115' title="bbox 2118 5356 2818 5420">
    <p class='ocr_par' dir='ltr' id='par_1_115' title="bbox 2118 5356 2818 5420">
     <span class='ocr_line' id='line_1_115' title="bbox 2118 5356 2818 5420; baseline 0 -10"><span class='ocrx_word' id='word_1_808' title='bbox 2118 5356 2224 5410; x_wconf 90' lang='lat' dir='ltr'><strong>lius</strong></span> <span class='ocrx_word' id='word_1_809' title='bbox 2246 5373 2407 5420; x_wconf 87' lang='lat' dir='ltr'><strong>quam</strong></span> <span class='ocrx_word' id='word_1_810' title='bbox 2437 5359 2565 5412; x_wconf 88' lang='lat' dir='ltr'><strong>editi</strong></span> <span class='ocrx_word' id='word_1_811' title='bbox 2601 5359 2657 5408; x_wconf 82' lang='grc' dir='ltr'><strong>ὲν</strong></span> <span class='ocrx_word' id='word_1_812' title='bbox 2686 5356 2818 5420; x_wconf 74' lang='grc' dir='ltr'><strong>τοῖς.</strong></span> 
     </span>
    </p>
   </div>
   <div class='ocr_carea' id='block_1_116' title="bbox 2196 5375 3671 5548">
    <p class='ocr_par' dir='ltr' id='par_1_116' title="bbox 2196 5375 3671 5548">
     <span class='ocr_line' id='line_1_116' title="bbox 2196 5375 3671 5548; baseline -0.001 -69"><span class='ocrx_word' id='word_1_813' title='bbox 2697 5375 2835 5483; x_wconf 54' lang='grc' dir='ltr'><strong>Ἠξιό</strong></span> <span class='ocrx_word' id='word_1_814' title='bbox 2878 5427 3062 5482; x_wconf 84' lang='lat' dir='ltr'><strong>addita</strong></span> <span class='ocrx_word' id='word_1_815' title='bbox 3088 5443 3156 5483; x_wconf 79' lang='lat' dir='ltr'><strong>ex</strong></span> <span class='ocrx_word' id='word_1_816' title='bbox 3183 5427 3359 5500; x_wconf 82' lang='lat' dir='ltr'><strong>Regio</strong></span> <span class='ocrx_word' id='word_1_817' title='bbox 3405 5428 3588 5483; x_wconf 85' lang='lat' dir='ltr'><strong>codice</strong></span> <span class='ocrx_word' id='word_1_818' title='bbox 3624 5433 3671 5479; x_wconf 81' lang='lat' dir='ltr'><strong>et</strong></span> 
     </span>
     <span class='ocr_line' id='line_1_117' title="bbox 2196 5510 3150 5548; baseline 0 0"><span class='ocrx_word' id='word_1_819' title='bbox 2196 5515 2219 5548; x_wconf 83' lang='lat' dir='ltr'><strong>ll</strong></span> <span class='ocrx_word' id='word_1_820' title='bbox 2248 5514 2309 5548; x_wconf 76' lang='lat' dir='ltr'><strong>ex</strong></span> <span class='ocrx_word' id='word_1_821' title='bbox 2344 5513 2396 5548; x_wconf 81' lang='lat' dir='ltr'><strong>ll.</strong></span> <span class='ocrx_word' id='word_1_822' title='bbox 3144 5510 3150 5515; x_wconf 78' lang='grc'><em>’</em></span> 
     </span>
    </p>
   </div>
   <div class='ocr_carea' id='block_1_117' title="bbox 2116 5507 3150 5552">
    <p class='ocr_par' dir='ltr' id='par_1_117' title="bbox 2116 5507 3150 5552">
     <span class='ocr_line' id='line_1_118' title="bbox 2116 5507 3150 5552; baseline -0.012 -2"><span class='ocrx_word' id='word_1_823' title='bbox 2116 5507 2396 5552; x_wconf 71' lang='grc' dir='ltr'><strong>ςοηιεκιιι.</strong></span> <span class='ocrx_word' id='word_1_824' title='bbox 3144 5510 3150 5515; x_wconf 91' lang='grc'>·</span> 
     </span>
    </p>
   </div>
   <div class='ocr_carea' id='block_1_118' title="bbox 2188 5565 3673 5635">
    <p class='ocr_par' dir='ltr' id='par_1_118' title="bbox 2188 5565 3673 5635">
     <span class='ocr_line' id='line_1_119' title="bbox 2188 5565 3673 5635; baseline 0.001 -16"><span class='ocrx_word' id='word_1_825' title='bbox 2188 5568 2299 5635; x_wconf 83' lang='grc'>(11)</span> <span class='ocrx_word' id='word_1_826' title='bbox 2325 5565 2789 5635; x_wconf 75' lang='grc' dir='ltr'><strong>Παρακειμένης.</strong></span> <span class='ocrx_word' id='word_1_827' title='bbox 2833 5565 2924 5622; x_wconf 89' lang='lat' dir='ltr'><strong>Sic</strong></span> <span class='ocrx_word' id='word_1_828' title='bbox 2953 5576 3240 5625; x_wconf 79' lang='lat' dir='ltr'><strong>contextus</strong></span> <span class='ocrx_word' id='word_1_829' title='bbox 3271 5570 3443 5625; x_wconf 91' lang='lat' dir='ltr'><strong>multo</strong></span> <span class='ocrx_word' id='word_1_830' title='bbox 3492 5567 3673 5624; x_wconf 76' lang='lat' dir='ltr'><strong>melius</strong></span> 
     </span>
    </p>
   </div>
   <div class='ocr_carea' id='block_1_119' title="bbox 2119 5635 3121 5710">
    <p class='ocr_par' dir='ltr' id='par_1_119' title="bbox 2119 5635 3121 5710">
     <span class='ocr_line' id='line_1_120' title="bbox 2119 5635 3121 5710; baseline 0.005 -21"><span class='ocrx_word' id='word_1_831' title='bbox 2119 5651 2281 5706; x_wconf 89' lang='lat' dir='ltr'><strong>quam</strong></span> <span class='ocrx_word' id='word_1_832' title='bbox 2319 5635 2708 5706; x_wconf 78' lang='lat' dir='ltr'><strong>Metaphrastes</strong></span> <span class='ocrx_word' id='word_1_833' title='bbox 2737 5639 3121 5710; x_wconf 78' lang='grc' dir='ltr'><strong>ὑποκειμένης.</strong></span> 
     </span>
    </p>
   </div>
  </div>
