3878 6222
176 303 309 359 H29
374 293 377 296 ’

1163 288 1396 346 SERMO
1436 288 1480 342 Ι.
1521 315 1588 329 -
1633 284 1720 338 DE
1747 283 2071 342 ‘VIRTUTE
2110 284 2200 340 ET
2237 283 2442 342 VITIO.

3303 293 3436 348 H30

167 425 344 486 οὕτως
375 420 589 492 ἔχοντα,
633 415 687 473 τί
727 415 820 470 τοῦ
861 414 1158 484 Αἰγυπτίου
1210 409 1464 479 σοφιστοῦ
1513 411 1757 480 φήσομεν

1864 405 1970 470 his,
2007 423 2128 478 qme
2158 416 2308 464 recte
2337 416 2544 464 statuta
2575 409 2758 473 habet,
2792 410 2930 466 nihil
2961 426 3192 484 prorsus
3223 430 3435 472 movere

169 511 507 574 ἀπολείπειν,
535 509 592 572 ὃς
618 507 782 577 φυτὸν
815 505 1032 574 ἐγένετο
1071 505 1166 557 καὶ
1203 501 1412 575 θηρίον,
1444 501 1604 554 ὁπότε
1636 497 1759 569 βούο

170 607 336 669 λοιτο,
364 604 458 661 καὶ
495 603 604 673 πῦρ
633 601 728 654 καὶ
765 599 912 672 ὕδωρ
937 597 1031 653 καὶ
1075 598 1252 652 πάντα
1284 596 1569 668 χρήματα·
1601 593 1759 662 εῐπερ

169 699 233 770 δὴ
262 699 356 753 καὶ
385 696 549 760 αὐτὸς
594 695 690 749 νῦν
734 694 834 766 μὲν
885 693 946 746 τὸ
987 691 1193 745 δίκαιον
1226 688 1571 742 ἐπαινέσεται
1609 684 1760 753 παρὰ

171 788 284 848 τοίς
307 785 466 837 τοῦτο
488 782 694 855 τιμῶσι
712 801 725 812 ·
758 782 853 836 νῦν
880 782 937 834 δὲ
978 782 1102 844 τοὺς
1139 778 1413 841 ἐναντίους
1441 777 1641 847 ἀφήσει
1671 773 1759 828 λό-

169 895 324 946 γους,
359 878 487 931 ὅταν
522 876 618 948 τὴν
644 875 856 930 ἀδικίαν
886 873 1279 944 εὐδοκιμοῦσαν
1321 871 1595 941 αἴσθηται,
1621 869 1758 940 ὅπερ

168 969 330 1039 δίκην
355 969 427 1039 (Ι)
447 969 562 1022 ἐστὶ
579 969 846 1031 κολάκων,
879 969 974 1021 καὶ
998 968 1096 1036 τῆς
1135 964 1446 1037 Ἀρχιλόχου
1475 961 1759 1025 ἀλώπεκος

170 1061 235 1112 τὸ
285 1060 572 1131 κερδαλέον
616 1078 676 1114 τε
720 1061 815 1114 καὶ
865 1059 1106 1112 ποικίλον
1155 1055 1385 1128 ζηλοῦν;
1427 1055 1485 1108 '0
1521 1053 1619 1124 μὲν
1649 1052 1758 1126 γὰρ

172 1152 383 1224 ἀληθὴς
427 1153 617 1222 λόγος,
668 1156 761 1206 καὶ
819 1152 927 1206 άπὸ
977 1150 1162 1220 ὑγιοῦς
1210 1149 1448 1212 διανοίας
1513 1146 1756 1220 προῖὼν,

169 1246 381 1309 ἁπλοῦς
427 1246 542 1299 ἐστι
598 1245 692 1299 καὶ
748 1245 1101 1317 μονότροπος,
1134 1242 1203 1296 τὰ
1251 1241 1389 1295 αὐτὰ
1423 1239 1598 1308 λέγων
1631 1239 1760 1307 περὶ

169 1339 284 1392 τῶν
332 1337 510 1391 αὐτῶν
554 1337 819 1390 πάντοτεο
857 1337 886 1388 ὁ
935 1336 994 1390 δὲ
1050 1334 1294 1396 ποικίλος
1341 1332 1437 1386 καὶ
1492 1331 1756 1401 ἔντεχνος,

171 1431 311 1486 πολὺ
353 1430 413 1484 τὸ
452 1429 744 1483 ἐπίπλοκον
789 1429 883 1482 καὶ
930 1427 1332 1496 ἐγκατάσκευον
1378 1424 1536 1494 ἔχων,
1591 1423 1758 1494 μυρία

169 1521 734 1594 κατασχηματίζεται,
783 1520 877 1573 καὶ
938 1519 1224 1589 στρέφεται
1267 1517 1506 1588 στροφὰς
1548 1513 1760 1586 ἀμυθή-

169 1631 322 1678 τους,
357 1613 496 1684 πρὸς
522 1613 584 1665 τὸ
610 1612 716 1666 τῶν
742 1611 1176 1681 ἐντυγχανόντων
1217 1609 1450 1680 ἀρέσκον
1479 1623 1759 1678 μεταμορ-

170 1705 464 1777 φούμενος.
489 1706 660 1758 Ὅταν
699 1704 810 1776 γὰρ
860 1703 1033 1766 ἄλλως
1073 1702 1168 1774 μὲν
1205 1701 1419 1771 φύσεως
1453 1700 1552 1772 ἔχῃ
1580 1699 1656 1769 (2)
1691 1697 1758 1752 τά

1861 499 2010 557 velit.
2041 499 2174 554 Nam
2211 502 2304 571 qui
2339 518 2448 558 non
2489 504 2562 557 ita
2606 503 2835 562 allectus
2863 514 2970 571 est,
3011 521 3136 562 eum
3169 508 3239 562 ab
3270 507 3435 580 [Egy-

1859 594 1973 662 ptio
2014 593 2107 648 illo
2147 594 2392 664 sophista
2423 596 2552 665 quid
2592 595 2811 653 differre
2845 597 3117 663 dicemus,
3167 599 3284 670 qui,
3315 616 3440 655 cum

1859 685 2040 747 vellet,
2079 686 2258 754 planta
2292 686 2457 741 liebat
2502 695 2557 742 et
2590 688 2790 750 bestia,
2819 699 2873 743 et
2905 690 3071 760 ignis,
3101 699 3155 745 et
3186 707 3350 761 aqua,
3389 707 3440 746 et

1859 790 1950 829 res
1997 778 2223 832 omnes?
2270 776 2405 831 Nam
2448 789 2502 834 et
2541 780 2660 850 ipse
2704 782 2868 836 modo
2902 782 3120 852 quidem
3167 783 3438 854 justitiam

1859 867 2106 922 laudabit
2174 870 2315 938 apud
2375 886 2472 926 eos
2519 873 2613 942 qui
2672 888 2791 927 eam
2837 877 3067 930 colunt:
3107 877 3270 931 modo
3313 893 3441 932 vero

1859 959 2174 1013 contrarios
2212 960 2432 1015 habebit
2478 978 2784 1026 sermones,
2816 966 2908 1019 ubi
2941 965 3269 1036 injustitiam
3317 983 3440 1037 pro-

1860 1049 1978 1104 bari
2016 1051 2462 1107 animadverterit
2500 1070 2512 1105 :
2547 1056 2694 1124 quod
2732 1058 2952 1127 quidem
3000 1070 3085 1115 est
3124 1059 3439 1114 adulatores

1860 1142 2085 1209 imitari,
2119 1143 2194 1215 (4)
2249 1153 2304 1199 et
2332 1146 2648 1202 Archilochi
2685 1151 2986 1220 vulpeculae
3025 1154 3284 1209 astutiam
3317 1169 3440 1208 ver-

1860 1235 2174 1305 sutiamque
2211 1237 2480 1292 aemulari.
2528 1237 2606 1309 (5)
2642 1239 2835 1294 Sermo
2867 1243 3086 1312 quidem
3130 1259 3293 1299 verus
3324 1255 3375 1297 ct
3407 1259 3439 1297 a

1861 1342 1993 1382 sana
2025 1337 2208 1383 mente
2233 1330 2612 1398 proﬁciscens,
2647 1333 2876 1403 simplex
2906 1344 2990 1390 est
3014 1343 3068 1389 et
3097 1337 3262 1391 unius
3291 1337 3440 1406 ejus-

1859 1416 2094 1486 demque
2142 1419 2396 1485 rationis,
2448 1420 2638 1476 eadem
2687 1422 2755 1477 de
2801 1423 2994 1480 iisdem
3035 1441 3250 1497 semper
3297 1429 3438 1481 allii--

1862 1523 2020 1562 mans
2060 1524 2074 1560 :
2114 1511 2302 1566 varius
2344 1528 2476 1568 vero
2524 1523 2578 1569 et
2615 1515 2984 1582 artiﬁciosns,
3031 1533 3156 1573 cum
3205 1521 3437 1574 multum

1865 1599 2136 1671 implexus
2181 1602 2255 1656 sit
2303 1611 2358 1658 et
2427 1617 2802 1677 prmparatus,
2866 1621 3154 1668 sexcentas
3228 1613 3438 1670 formas

1862 1693 2116 1759 assumit,
2162 1711 2330 1766 seque
2390 1698 2457 1752 ad
2503 1701 2730 1768 gratiam
2771 1702 3200 1773 colloquentium
3247 1710 3440 1762 θουρί-

171 1797 497 1867 πράγματα,
528 1795 702 1859 ἄλλως
742 1794 787 1848 δ’
825 1796 874 1847 οἱ
897 1793 1043 1862 λόγοι
1083 1793 1212 1862 περὶ
1236 1789 1416 1844 αὐτῶν
1455 1789 1761 1844 ἀναπείθω-

1864 1782 2102 1838 liandam
2168 1785 2608 1853 transformans,
2671 1790 2728 1845 in
2781 1794 3059 1848 versutias
3122 1795 3439 1856 innumeras

173 1908 252 1954 σι,
286 1891 487 1963 στροφὴ
515 1890 600 1952 τίς
634 1890 771 1952 ἐστι,
807 1887 1008 1960 μᾶλλον
1055 1886 1111 1940 δὲ
1153 1885 1471 1957 διαστροφὴ,
1515 1884 1622 1937 ὑπὸ
1666 1883 1760 1936 τοῦ

170 1986 336 2052 λόγου
388 1984 516 2053 περὶ
564 1983 664 2052 τὴν
712 1981 966 2053 ἀλήθειαν
1013 1977 1293 2049 γινομένη.
1356 1977 1466 2030 Καὶ
1510 1978 1539 2029 ὀ
1588 1975 1762 2040 ἄλλως

173 2077 279 2148 μὲν
319 2075 660 2146 φαινόμενος,
690 2071 864 2136 ἄλλως
905 2071 962 2124 δὲ
1005 2069 1081 2124 ὢν
1122 2068 1264 2123 κατὰ
1295 2068 1573 2140 ἀλήθειαν,
1604 2084 1761 2138 στρο-

172 2173 307 2240 φαῖς
337 2169 600 2238 κέχρηται
633 2165 826 2233 λόγων,
855 2162 1082 2217 ἀπατῶν
1110 2164 1237 2225 τοὺς
1267 2161 1544 2226 συνόντας,
1573 2160 1764 2230 ὥσπερ

168 2263 302 2326 τοὺς
336 2260 503 2323 κύνας
533 2257 735 2326 λαγωοὶ
788 2256 882 2309 καὶ
914 2254 1216 2319 ἀλώπεκες,
1252 2253 1445 2324 ἑτέραν
1488 2251 1761 2305 δεικνύον-

166 2366 290 2414 τες,
327 2349 423 2403 καὶ
471 2347 664 2414 ἑτέραν
699 2345 1047 2418 τρεπόμενοι.
1085 2344 1148 2395 Ἥ
1180 2343 1237 2396 δὲ
1279 2343 1416 2415 πρὸς
1461 2344 1590 2405 τοὺς
1622 2342 1759 2412 φαύ-

169 2443 305 2506 λους
358 2440 466 2494 τῶν
517 2440 692 2508 λόγων
740 2437 1019 2509 συνήθεια,
1055 2436 1173 2500 ὁδός
1223 2436 1306 2499 τίς
1351 2437 1497 2490 ἐστιν
1547 2435 1660 2502 ἐπὶ⁵
1694 2434 1764 2488 τὰ

173 2535 500 2606 πράγματα.
539 2533 630 2585 Διὸ
667 2531 730 2604 δὴ
761 2531 909 2602 πάσῃ
963 2530 1176 2601 φυλακῇ
1225 2531 1322 2601 τὴν
1367 2529 1546 2600 ψυχὴν
1592 2545 1764 2600 τηρη-

169 2628 318 2693 τέον,
359 2626 432 2697 μὴ
476 2625 566 2678 διὰ
607 2621 708 2694 τῆς
741 2623 849 2677 τῶν
880 2622 1054 2692 λόγων
1092 2621 1288 2692 ἡδονῆς
1327 2619 1776 2693 παραδεξάμενοί

169 2735 299 2771 ¹τινα
344 2716 596 2787 λάθωμεν
632 2714 738 2766 τῶν
788 2713 1066 2785 χειρόνων,
1111 2713 1300 2785 ὥσπερ
1337 2713 1386 2765 οἱ
1425 2713 1494 2766 τά
1529 2710 1763 2783 δηλητή-

172 2826 272 2880 pta
307 2808 444 2880 μετὰ
473 2807 567 2861 τοῦ
601 2809 814 2880 μέλιτος
869 2805 1238 2880 προσιέμενοι.
1281 2805 1340 2857 '0
1378 2805 1476 2875 μὲν
1523 2803 1631 2876 γὰρ
1661 2804 1761 2875 τὴν

169 2898 305 2967 ἄχρι
347 2893 607 2968 ῥημάτων
655 2897 804 2970 παρὰ
865 2900 979 2960 τοῖς
1026 2895 1206 2958 ἄλλοις
1247 2895 1565 2966 φιλοσοφίαν
1615 2894 1762 2966 ἔργῳ

172 2988 435 3058 βεϐαιῶν,

312 3191 449 3261 Οἷος
473 3195 790 3260 πέπνυται,
825 3194 915 3249 τοὶ
947 3193 1016 3247 δὲ
1047 3195 1213 3252 σκιαὶ
1240 3196 1591 3250 ἁΐσσουσιν.

188 3309 342 3362 Ἐπεὶ
379 3311 441 3364 τό
469 3328 530 3380 γε
559 3311 826 3384 λαμπρῶς
859 3312 956 3382 μὲν
998 3311 1278 3365 ἐπαινέσαι
1307 3311 1408 3384 τὴν
1457 3311 1659 3384 ἀρετὴν
1679 3311 1760 3374 είς

168 3401 237 3453 τὺ
282 3401 464 3472 μέσον,
509 3403 604 3456 καὶ
653 3403 901 3474 μακροὺς
935 3403 1076 3475 ὑπὲρ
1123 3404 1292 3474 αὐτῆς
1333 3403 1638 3457 ἀποτείνειν
1673 3402 1761 3455 λό-

169 3511 329 3561 γους,
383 3495 490 3566 ἰδίᾳ
535 3496 592 3548 δὲ
645 3496 706 3549 τὸ
757 3497 858 3567 ἡδὺ
914 3497 1021 3568 πρὸ
1073 3495 1174 3566 τῆς
1229 3493 1613 3568 σωφροσύνης,
1664 3495 1761 3550 καὶ

169 3589 236 3640 τὸ
258 3588 418 3642 πλέον
446 3588 588 3659 ἔχειν
621 3588 729 3660 πρὸ
761 3590 853 3642 τοῦ
883 3589 1090 3642 δικαίου
1118 3589 1303 3660 τιμᾷν,
1330 3587 1565 3642 ἐοικέναι
1595 3587 1762 3658 φαίην

172 3680 244 3735 ἂν
284 3681 460 3751 ἔγωγε
491 3685 605 3744 τοῖς
647 3683 741 3736 ἐπὶ
787 3682 992 3752 σκηνῆς
1037 3682 1481 3753 ὑποκρινομένοις
1517 3680 1588 3734 τὰ
1629 3679 1763 3752 δρά-

178 3789 360 3842 ματα·
395 3772 443 3825 οῖ
473 3774 548 3836 ὡς
583 3772 821 3843 βασιλεῖς
868 3772 1127 3837 πολλάκις
1162 3774 1256 3826 καὶ
1285 3772 1539 3826 δυνάσται
1584 3771 1764 3842 εἰσέρ-

173 3881 386 3935 χονται,
411 3864 533 3919 οὔτε
564 3865 800 3935 βασιλεῖς
831 3865 1002 3929 ὄντες,
1051 3864 1174 3918 οὕτε
1210 3863 1485 3929 δυνάσται,
1513 3864 1634 3918 οὐδὲ
1661 3863 1762 3934 μὲν

172 3956 276 4013 οὖν
308 3959 468 4030 τυχὸν
499 3960 773 4033 ἐλεύθεροι
809 3961 870 4014 τὸ
902 3961 1181 4032 παράπαν.
1210 3955 1343 4013 Εἶτα
1377 3958 1630 4030 μουσικὸς
1663 3959 1762 4029 μὲν

175 4053 286 4106 οὐκ
327 4050 391 4104 ἂν
438 4051 578 4105 ἑκὼν
627 4051 836 4118 δέξαιτο
882 4053 1220 4125 ἀνάρμοστον
1270 4051 1417 4124 αὐτῷ
1453 4052 1552 4124 τὴν
1592 4050 1765 4124 λύραν

177 4137 358 4194 εἶναι·
390 4141 486 4194 καὶ⁸
536 4141 699 4213 χοροῦ
753 4145 1067 4215 κορυφαῖος,
1121 4143 1195 4215 μὴ
1246 4143 1327 4196 ὅτι
1359 4143 1589 4214 μάλιστα
1637 4159 1764 4195 συν-

177 4233 379 4304 ᾴδοντα
418 4233 510 4286 τὸν
542 4233 700 4304 χορὸν
728 4233 903 4305 ἔχειν’
935 4235 1096 4299 αὐτὸς
1142 4235 1200 4289 δέ
1240 4253 1324 4299 τις
1363 4236 1593 4298 ἕκαστος
1645 4235 1764 4288 δια-

181 4323 468 4378 στασιάσει
494 4325 629 4395 πρὸς
666 4327 877 4391 ἑαυτὸν,
924 4327 1017 4381 καὶ
1058 4328 1180 4399 οὐχὶ
1209 4333 1322 4391 τοῖς
1359 4327 1536 4395 λόγοις
1575 4327 1765 4398 ὁμολο-

177 4416 387 4485 γοῦντα
433 4417 522 4471 τὸν
563 4418 677 4489 βίον
720 4419 1052 4491 παρέξεταις
1088 4418 1224 4473 Οὔτε
1257 4419 1367 4490 γὰρ
1397 4420 1563 4472 ἵππον
1594 4419 1763 4488 ταχὺν

1863 1875 2117 1928 vertitur.
2161 1875 2298 1931 Cum
2347 1880 2493 1933 enim
2547 1881 2709 1936 aliter
2753 1892 2948 1939 natu-ra
2979 1902 3040 1941 se
3084 1903 3174 1942 res
3215 1889 3438 1956 habent,

1862 1964 2020 2020 aliter
2047 1982 2178 2022 vero
2212 1967 2281 2023 de
2315 1970 2397 2024 eis
2427 1972 2663 2026 suadent
2701 1975 2886 2039 verba,
2923 1981 3160 2035 versutia
3191 1983 3438 2051 quazdam

1862 2066 1970 2119 est,
2023 2059 2108 2114 vel
2163 2061 2348 2130 p0tius
2400 2063 2638 2119 inversio
2694 2068 2941 2124 veritatis
2990 2086 3088 2141 per
3133 2088 3437 2132 sermonem

1863 2148 2028 2226 facta.
2074 2151 2139 2206 Et
2180 2155 2274 2224 qui
2315 2156 2456 2210 alius
2492 2159 2711 2226 quidem
2761 2160 3014 2229 videtur,
3063 2165 3204 2220 alius
3260 2169 3440 2239 reipsa

1860 2251 1967 2307 est,
2005 2245 2249 2315 strophis
2303 2263 2617 2304 sermonum
2657 2252 2850 2320 utitur,
2896 2254 3080 2310 fucum
3127 2256 3340 2316 faciens
3374 2263 3441 2317 iis

1860 2334 2193 2403 quibuscum
2231 2348 2502 2404 versatur,
2540 2343 2767 2412 perinde
2805 2352 2865 2398 ut
2896 2347 3109 2418 lepores
3143 2351 3443 2423 vulpesque

1862 2425 2135 2492 canibus,
2166 2427 2325 2481 aliam
2361 2429 2504 2483 viam
2543 2442 3076 2504 commonstrantes,
3114 2439 3275 2494 aliam
3317 2457 3442 2495 car-

1862 2522 2075 2586 pentes.
2134 2517 2212 2589 (6)
2267 2519 2403 2574 Nam
2459 2524 2807 2580 sermonibus
2858 2528 3042 2595 pravis
3099 2544 3438 2595 assuescere,

1862 2609 1949 2663 via
1985 2610 2233 2680 quaedam
2265 2621 2350 2669 est
2377 2613 2444 2667 ad
2476 2613 2593 2684 ipsa
2627 2614 2790 2672 facta.
2817 2617 3160 2692 Quapropter
3190 2627 3442 2682 custodia

1863 2703 2014 2755 omni
2060 2704 2331 2774 servanda
2373 2706 2558 2766 anima
2604 2717 2709 2772 est,
2761 2725 2830 2765 ne
2871 2713 3002 2782 quid
3048 2715 3304 2772 vitiorum
3346 2735 3443 2788 per

1862 2785 2177 2849 sermonum
2219 2797 2554 2869 voluptatem
2600 2801 2978 2873 imprudentes
3029 2785 3439 2879 suscipiamus,

1861 2888 2088 2958 perinde
2115 2895 2174 2942 ut
2214 2891 2306 2960 qui
2336 2907 2461 2945 cum
2497 2893 2658 2948 melle
2702 2904 2932 2951 sumunt
2977 2915 3210 2959 venena.
3250 2903 3327 2975 (7)
3359 2905 3443 2958 Si-

1861 2981 2082 3051 quidem
2124 2981 2220 3052 qui
2262 2982 2664 3054 philosophiam
2705 2989 3041 3046 verbotenus
3097 2993 3243 3065 apud
3305 2998 3442 3053 alios

1861 3083 2193 3141 manentem,
2223 3075 2368 3130 facto
2390 3079 2701 3146 conﬁrmat,

1973 3185 2077 3241 Hic
2106 3188 2251 3243 solus
2283 3191 2444 3259 sapit,
2473 3201 2530 3244 at
2560 3192 2781 3247 volitant
2822 3195 2918 3249 alii
2945 3196 3079 3250 velut
3117 3199 3337 3254 umlmr.

1866 3299 2325 3372 Quandoquidem
2374 3306 2664 3376 magniﬁce
2717 3310 2974 3365 virtutem
3036 3313 3348 3370 collaudare
3390 3319 3446 3371 in

1865 3396 2177 3464 propatulo,
2224 3403 2279 3450 et
2328 3397 2520 3468 longos
2563 3398 2631 3454 de
2660 3415 2726 3455 ea
2773 3404 3093 3472 protrahere
3139 3422 3444 3474 sermones,

1868 3486 2121 3554 privatim
2163 3502 2294 3542 vero
2357 3489 2692 3560 voluptatem
2737 3495 3119 3562 temperantia:
3161 3499 3444 3568 praeferre,

1866 3585 1921 3632 et
1953 3587 2224 3650 quaestum
2256 3581 2489 3649 justitiae
2528 3593 2883 3652 anteponere,
2921 3586 3026 3641 hoc
3072 3603 3174 3659 ego
3211 3591 3445 3646 dixerim

1867 3672 2050 3728 simile
2096 3687 2221 3728 esse
2268 3672 2549 3727 actoribus
2587 3674 2824 3730 scenicis
2869 3692 3134 3746 personas
3177 3685 3450 3750 quasdam

1867 3762 2292 3827 sustinentibus,
2323 3761 2418 3832 qui
2463 3761 2786 3832 plerumque
2817 3764 2966 3818 velut
3005 3781 3162 3837 reges
3191 3776 3244 3822 et
3273 3770 3446 3841 dyna-

1868 3860 1968 3908 stae
2023 3853 2316 3924 prodeunt,
2361 3868 2488 3908 cum
2532 3869 2635 3908 nec
2689 3869 2844 3924 reges
2897 3869 2998 3910 nec
3051 3856 3337 3928 dynastaa,
3380 3878 3447 3915 ac

1868 3944 2104 4000 fortasse
2152 3958 2221 3999 ne
2265 3944 2422 4000 liberi
2477 3944 2700 4016 quidem
2750 3961 2978 4015 prorsus
3016 3947 3147 4003 sint.
3204 3949 3287 4004 Ad
3327 3951 3444 4008 haec

1843 4039 2116 4094 ‘musicus
2153 4053 2264 4092 non
2299 4039 2496 4094 lubens
2546 4037 2788 4110 patiatur
2833 4039 3114 4096 dissonam
3165 4043 3269 4099 sibi
3321 4061 3446 4102 esse

1869 4133 2042 4205 lyram
2072 4151 2085 4186 :
2120 4147 2297 4200 neque
2339 4131 2630 4203 praefectus
2666 4133 2818 4187 chori
2845 4134 3076 4189 chorum
3104 4135 3210 4192 sibi
3238 4148 3442 4206 astare,

1869 4226 1966 4297 qui
1991 4241 2154 4297 quam
2184 4225 2422 4281 maxime
2453 4226 2758 4282 concinnus
2796 4242 2907 4282 non
2951 4229 3024 4284 sit
3058 4245 3072 4280 :
3110 4245 3141 4284 a
3169 4246 3228 4287 se
3261 4243 3441 4288 autem

1869 4317 2106 4387 quisque
2153 4315 2446 4372 dissidebit
2500 4315 2653 4386 ipse,
2710 4333 2814 4373 nec
2865 4319 3034 4373 vitam
3083 4335 3206 4375 cum
3261 4325 3444 4379 verbis

1869 4409 2304 4464 consentientem
2347 4407 2665 4463 exhibebit?
2709 4408 2786 4484 (8)
2825 4409 3010 4481 Neque
3054 4414 3198 4468 enim
3243 4431 3443 4486 equum

176 4512 330 4563 ποιεῖ
371 4511 406 4581 ἡ
447 4511 541 4565 τοῦ
578 4513 784 4584 πατρὸς
828 4513 958 4582 περὶ
984 4513 1076 4566 τὸν
1107 4513 1306 4584 δρόμον
1337 4511 1616 4584 εὐμοιρία,
1641 4510 1763 4564 οὔτε

1869 4502 2098 4558 celerem
2130 4501 2308 4556 reddit
2337 4501 2456 4570 ejus
2485 4501 2578 4572 qui
2603 4504 2791 4572 genuit
2823 4503 2877 4558 in
2907 4521 3071 4562 cursu
3108 4512 3444 4578 praestantia,

176 4601 347 4665 κυνὸς
375 4601 646 4674 ἐγκώμιον
671 4604 732 4656 τὸ
762 4606 828 4658 ἐκ
865 4605 1179 4674 ταχυτάτων
1209 4603 1404 4673 φῦναι·
1433 4602 1545 4656 ἀλλ’
1578 4600 1769 4673 ὥσπερ

176 4690 292 4743 τῶν
321 4690 495 4745 ἄλλων
524 4691 678 4756 ζώων
722 4693 754 4763 ἠ
802 4691 969 4764 ἀρετὴ
1017 4695 1075 4746 ἐν
1109 4692 1287 4763 ἐαυτῷ
1330 4691 1611 4762 θεωρεῖται
1637 4689 1768 4742 ἑκά-

181 4799 322 4850 στῳ,
346 4781 488 4834 οὕτω
540 4783 635 4837 καὶ
672 4783 864 4856 ἀνδρὸς
911 4783 1040 4847 ἴδιος
1064 4783 1283 4846 ἔπαινος
1311 4786 1339 4837 ὁ
1368 4785 1430 4836 ἐκ
1455 4783 1564 4836 τῶν
1595 4782 1772 4853 ὑπαρ-
1805 4810 1810 4814 ·

182 4872 394 4942 χόντων
433 4871 579 4942 αὐτῷ
626 4872 1063 4946 κατορθωμάτων
1113 4873 1575 4946 μαρτυρούμενος.
1619 4872 1772 4942 Ἀρε-

184 4962 286 5033 τῆς
325 4962 576 5033 ἄσκησις,
617 4965 796 5033 τίμιον
853 4965 952 5034 μὲν
985 4965 1170 5036 κτῆμα
1209 4964 1286 5035 τῷ
1328 4965 1526 5036 ἔχοντι,
1556 4965 1771 5036 ἥδιστον

185 5054 243 5108 δὲ
291 5053 472 5124 θέαμα
518 5058 632 5118 τοῖς
670 5056 1110 5126 ἐντυγχάνουσιν.
1160 5059 1222 5111 Οί
1271 5058 1377 5129 γὰρ
1424 5057 1521 5128 τὴν
1570 5057 1808 5129 ἀρετὴν,

187 5146 491 5216 μετιόντες,
543 5147 762 5220 ἄστροις
819 5149 1087 5217 ἐοίκασιν,
1142 5151 1200 5202 ἐν
1246 5152 1531 5220 νυκτερινῇ
1589 5167 1774 5204 συννε-

184 5238 319 5310 φεία
356 5238 454 5308 (ὅ),
482 5239 660 5301 ἄλλοις
707 5241 830 5294 κατ’
866 5242 1002 5296 ἄλλα
1049 5243 1190 5312 μέρη
1237 5242 1334 5296 τοῦ
1381 5243 1613 5314 οὐρανοῦ
1653 5243 1772 5297 δια-

259 5419 340 5554 fl)
378 5419 557 5487 Ὅπερ
586 5421 781 5490 δίκην.
808 5421 940 5491 Reg.
969 5423 1136 5476 codex
1163 5433 1411 5493 uterque,
1438 5425 1574 5495 ὅπερ
1595 5425 1770 5495 δίκης.

285 5490 342 5549 2)
379 5489 552 5554 Ἕχῃ.
576 5489 707 5554 Reg.
731 5493 901 5547 codex
925 5492 1081 5554 i992,
1101 5494 1230 5554 ἕγει.
1253 5495 1374 5549 Mox
1392 5507 1619 5554 uterque
1647 5499 1770 5550 ἁνα-

285 5490 342 5566 ᾃ)
379 5489 552 5558 "Exn.
576 5489 1081 5561 Reg.'codex_i992,
1101 5494 1230 5566 ἔχει.
1253 5489 1374 5549 Mox
1392 5489 1619 5566 uterque
1647 5489 1776 5550 ἁνα-

191 5559 723 5707 δῗέἓῖδὲζννεφείᾳ.
754 5632 889 5686 Male
906 5633 971 5707 _in
998 5633 1158 5707 editis
1186 5635 1470 5707 συναφεεᾳ,
1487 5636 1632 5706 quod
1657 5639 1776 5707 qui-

188 5701 458 5772 dcmoipe
494 5711 784 5757 contextus
812 5711 865 5756 et
902 5703 1052 5772 Regii
1095 5707 1302 5760 codicis
1335 5701 1772 5764 emant-lavimus.

266 5770 345 5842 (4)
378 5771 452 5824 Ex
485 5788 650 5827 serm.
689 5773 764 5826 De
797 5770 1023 5842 legendis
1058 5775 1207 5829 libris
1233 5785 1373 5844 qent.
1407 5777 1529 5833 185.

597 5867 872 5930 Pauor“
904 5867 1020 5929 Gtt.
1056 5866 1326 5930 XXXII.

1869 4611 2047 4666 neque
2071 4594 2225 4650 canis
2251 4594 2490 4651 laudatio
2510 4602 2614 4662 est,
2636 4611 2700 4652 ex
2732 4598 3094 4655 velocissimis
3120 4611 3445 4672 prognatum

1870 4703 2014 4744 esse.
2061 4687 2168 4744 Sed
2211 4687 2674 4758 quemadmodum
2740 4692 3079 4761 reliquorum
3127 4693 3446 4750 animalium

1869 4780 2046 4834 virtus
2074 4779 2131 4833 in
2166 4795 2501 4850 unoquoque
2535 4780 2923 4836 consideratur
2959 4801 2971 4835 :
3010 4783 3084 4836 ita
3114 4792 3166 4838 et
3188 4785 3290 4839 viri
3324 4803 3452 4857 pro-

1871 4872 1991 4942 pria
2035 4873 2155 4927 laus
2201 4882 2306 4938 cst,
2350 4889 2471 4942 qua:
2517 4889 2584 4928 ex
2623 4874 2862 4942 propriis
2897 4874 3068 4943 ipsius
3101 4887 3248 4932 recte
3290 4877 3450 4934 factis

1873 4966 2246 5021 testimonium
2292 4966 2474 5021 habet.
2510 4966 2585 5036 (9)
2624 4967 2854 5022 Virtutis
2901 4969 3262 5034 exercitatio,
3324 4987 3449 5041 pre.

1875 5055 2013 5109 tiosa
2070 5055 2290 5125 quidem
2339 5056 2561 5111 babenti
2624 5059 2922 5125 possessio,
2982 5059 3448 5128 jucundissimum

1875 5155 2056 5202 autem
2095 5150 2514 5204 occurrentibus
2559 5150 2957 5218 spectaculum.
3001 5151 3136 5207 Nam
3183 5155 3278 5224 qui
3339 5157 3449 5211 vir—

1874 5249 2045 5295 tutem
2084 5240 2271 5295 colunt
2300 5239 2438 5311 (10),
2469 5241 2741 5297 sideribus
2769 5242 2976 5299 similes
3016 5253 3146 5299 sunt
3190 5247 3246 5301 in
3280 5247 3453 5302 nebu-

1947 5419 2025 5492 (5)
2052 5419 2128 5492 ξς(
2160 5419 2307 5474 hom.
2339 5419 2926 5492 inAprincipiumiProv.
2960 5423 3083 5478 105.

1951 5489 2029 5578 ς
2375 5489 2448 5543 De
2475 5490 2708 5560 legendis
2739 5491 2889 5545 libris
2935 5503 3074 5563 gent.
3114 5495 3232 5549 175.

1947 5562 2024 5632 (7)
2055 5561 2211 5623 lbid.,
2245 5560 2367 5614 178.

1951 5632 2026 5702 (8)
2052 5631 2130 5702 Ex
2158 5631 2307 5684 hom.
2335 5631 2412 5684 De
2439 5630 2729 5692 Mamante,
2768 5633 2886 5687 185.

1951 5701 2025 5770 (9)
2064 5701 2300 5770 Uterque
2329 5703 2497 5758 codex
2531 5703 2735 5756 indicat
2768 5703 3018 5758 Πείσωνι.

1951 5773 2062 5846 (l0)
2097 5771 2171 5827 Ex
2196 5773 2354 5844 epist.
2387 5786 2528 5840 ρων,
2561 5773 2684 5828 245.

3058 5865 3136 5925 36
