3878 6222
474 349 617 406 «ΗΜ

1356 346 1717 405 ΔΡΡΕΝΜῙ.
1757 378 1825 390 —-
1867 344 2217 403 SYMEONIS
2257 345 2811 415 NETAPHRASTxE

3560 357 3674 413 "Si

482 468 603 525 losa
629 474 789 524 nocte
808 446 942 525 alias
970 466 1093 523 aliis
1118 466 1239 521 caeli
1264 475 1450 538 partes
1471 466 1905 522 illustrantibus:
1929 479 2059 533 quo-

2164 465 2493 536 λάμπουσινο
2533 461 2609 520 ὧν
2644 467 2906 536 χαρίεσσα
2930 475 3039 537 *μεν
3082 467 3114 537 ἡ
3163 474 3492 540 mortem“,
3522 480 3675 545 χαριέ-

492 576 615 614 rum
638 558 802 631 476
832 567 1025 630 gratus
1055 558 1274 629 quidem
1300 560 1578 630 splendor.
1608 558 1701 613 sed
1729 573 1796 613 eo
1827 557 2056 628 gratior,

485 652 630 706 auod
674 665 783 707 non
834 656 1206 720 exspectatur.
1264 648 1427 703 Tales
1472 657 1526 704 et
1573 649 1648 702 illi
1697 657 1847 713 sunt,
1896 647 2056 718 pauci

485 741 779 797 admodum
824 751 880 797 ct
929 740 1087 796 facile
1122 741 1510 803 numerabiles,
1555 742 1613 796 in
1644 740 1747 795 hac
1779 740 1922 797 tristi
1968 756 2051 796 re-

486 847 605 886 rum
632 831 961 890 conditione.
993 831 1150 900 quasi
1177 831 1231 885 in
1264 838 1425 887 nocte
1458 832 1613 886 illuni
1643 839 1997 887 coruscantes
2038 846 2052 884 :

485 932 680 991 praeter
714 924 1214 1001 virtutisgratiam,
1251 923 1377 977 inde
1399 923 1585 985 etiam.
1618 922 1763 990 quod
1794 923 1905 977 rari
1945 922 2057 978 sint

485 1014 728 1078 inventu,
765 1015 1096 1070 desiderium
1147 1026 1446 1070 moventes.
1489 1015 1566 1086 (l)
1613 1014 1795 1083 Turpe
1830 1025 1916 1070 est
1955 1030 2055 1068 au-

484 1114 594 1159 tem
629 1106 810 1159 alieno
847 1113 1046 1160 ornatu
1077 1105 1331 1160 decorari
1354 1122 1478 1162 eum
1505 1108 1598 1177 qui
1622 1122 1722 1162 sua
1750 1107 1922 1178 ipsius
1947 1105 2057 1161 vir-

482 1203 600 1251 tute
632 1197 862 1252 illustris
883 1204 993 1252 est.

553 1288 605 1341 8.
641 1289 718 1360 (9.)
752 1290 939 1359 Itaque
967 1305 1034 1346 ne
1068 1290 1199 1344 mihi
1245 1289 1398 1343 dicas
1439 1303 1469 1345 a
1502 1287 1613 1341 Deo
1645 1288 1845 1340 malum
1887 1287 2058 1357 origi-

481 1393 606 1432 nem
643 1381 839 1434 habere
879 1398 893 1435 :
931 1378 985 1434 id
1016 1380 1162 1434 enim
1194 1380 1421 1448 impium
1453 1387 1558 1439 est.
1591 1390 1877 1447 propterea
1906 1378 2056 1448 quod

483 1472 695 1525 nullum
737 1472 1079 1526 contrarium
1130 1486 1158 1525 a
1218 1471 1499 1526 contrario
1541 1471 1815 1541 gignatur.
1868 1467 2057 1538 Neque

482 1565 627 1617 enim
667 1564 776 1617 vita
819 1571 1047 1620 mortem
1096 1573 1359 1633 generat,
1404 1578 1580 1632 neque
1629 1562 1866 1618 tenebrat
1916 1562 2056 1618 lucis

486 1655 809 1724 principium
856 1664 1009 1717 sunt,
1052 1671 1227 1724 neque
1273 1655 1499 1709 morbus
1533 1652 1712 1724 opifex
1741 1663 1823 1709 est
1849 1654 2059 1708 sanita-

483 1747 557 1801 tis
589 1764 603 1812 ;
632 1746 728 1801 sed
769 1747 821 1800 in
873 1746 1224 1802 aﬂ‘ectionuxn
1265 1746 1791 1802 commutationibus
1813 1786 1828 1809 ,
1862 1763 1892 1801 e
1923 1762 2054 1801 eon-

2158 575 2347 630 στερον
2390 558 2448 611 δέ
2494 557 2665 629 δήπου
2711 558 2772 612 τὸ
2802 559 3223 631 ἀπροσδόκητον.
3248 562 3481 616 Τοιοῦτοι
3510 566 3567 635 δὴ
3601 570 3681 621 καὶ

2155 645 2320 713 οὗτοι,
2343 649 2515 718 ὀλίγοι
2547 649 2823 714 παντελῶς
2862 651 2955 704 καὶ
2990 651 3361 724 εὐαρίθμητοι,
3389 657 3443 708 ἐν
3481 659 3541 727 τῇ
3573 674 3682 712 σκυ-

2156 739 2348 809 θρωπῇ
2390 737 2566 810 ταύτῃ
2608 738 2935 793 καταστάσει
2976 739 3071 793 τοῦ
3121 740 3237 811 βίου
3285 738 3395 795 οἷον
3437 744 3490 797 ἐν
3532 763 3684 799 mro-

2158 830 2304 903 μήνῃ
2326 829 2749 901 διαφαινόμενοι,
2772 830 2908 902 πρδς
2930 829 3009 901 τῷ
3032 832 3096 885 ἐκ
3114 832 3212 902 τῆς
3240 834 3436 906 αρετῆς
3460 836 3683 906 χαρίεντι,

2155 920 2236 974 ετι
2288 923 2382 975 καὶ
2426 921 2504 992 τῷ
2546 923 2755 993 σπανίῳ
2795 923 2899 992 τῆς
2940 924 3227 995 εὑρέσεως,
3264 927 3327 979 τὸ
3369 930 3688 999 περιπόθητον

2156 1011 2390 1081 ἔχοντες.
2419 1014 2653 1085 Δίσχρὸν
2694 1015 2772 1075 δὲ.
2815 1014 3112 1088 ἀλλοτρίοις
3150 1018 3375 1089 κόσμοις
3410 1022 3690 1093 κοσμεῖσθαι

2154 1105 2247 1157 τὸν
2279 1107 2343 1174 τῇ
2375 1105 2551 1177 οἰκεία
2574 1106 2741 1178 ἀρετῇ
2773 1107 3141 1176 διαφαίνοντα.

2226 1287 2279 1341 8.
2310 1289 2418 1341 Xa".
2448 1290 2523 1360 μή
2561 1305 2650 1359 μοι
2686 1288 2811 1358 λέγε
2843 1292 2994 1365 παρὰ
3024 1289 3159 1346 Θεοῦ
3198 1290 3258 1345 τὺ
3303 1290 3475 1346 κακδν
3499 1292 3588 1363 τὴν
3618 1295 3692 1362 τέ-

2156 1395 2302 1431 νεσιν
2331 1379 2474 1449 ἔχειν
2493 1397 2506 1410 ·
2542 1381 2602 1433 οὐ
2630 1380 2738 1450 γὰρ
2768 1381 2989 1446 εὐσεϐὲς
3011 1382 3188 1445 τοῦτο,
3218 1382 3308 1437 διὰ
3343 1383 3407 1436 τὸ
3437 1384 3587 1453 μηδὲν
3608 1386 3693 1437 τῶν

2157 1470 2412 1523 ἐναντίων
2452 1471 2605 1543 παρὰ
2640 1472 2734 1525 τοῦ
2780 1474 3022 1528 ἐναντίου
3070 1473 3338 1543 γίνεσθαι.
3384 1474 3519 1529 Οὔτε
3548 1476 3694 1547 γὰρὴ

2158 1558 2270 1631 ζωὴ
2320 1560 2545 1615 θάνατον
2592 1564 2786 1634 γεννᾷ,
2843 1562 2969 1618 οὔτε
3017 1564 3080 1618 τὸ
3128 1565 3321 1628 σκότος
3367 1565 3538 1635 φωτός
3578 1567 3696 1617 ἐστιν

2157 1653 2321 1725 ἁρχὴ,
2354 1652 2477 1706 οὔτε
2515 1656 2548 1725 ἡ
2581 1654 2733 1718 νόσος
2778 1656 2966 1723 ὑγείας
2996 1657 3360 1731 δημιουργός
3395 1656 3507 1711 ἀλλ’
3538 1659 3590 1710 ἐν
3620 1659 3698 1727 μὲν

2156 1749 2277 1809 ταῖς
2334 1744 2655 1815 μεταϐολαῖς
2696 1747 2805 1800 τῶν
2852 1748 3165 1812 διαθέσεων,
3213 1750 3280 1803 ἐκ
3326 1749 3437 1804 τῶν
3483 1749 3701 1802 ἐναντίων

486 1840 669 1894 trariis
706 1839 773 1894 ad
803 1841 1080 1895 contraria
1122 1842 1257 1894 liunt
1306 1839 1709 1905 transitiones;
1741 1840 1795 1893 in
1826 1854 2056 1909 genera-

2164 1836 2292 1908 πρὸς
2323 1836 2393 1890 τὰ
2427 1837 2646 1891 ἐναντία
2679 1839 2737 1892 αἱ
2778 1841 3164 1910 μεταστάσεις·
3207 1841 3268 1895 ἐν
3311 1840 3373 1894 δὲ
3426 1843 3540 1905 ταῖς
3577 1842 3699 1908 γενὶο

486 1930 731 1984 tionibus
761 1945 915 1992 vero,
956 1946 1046 1986 res
1074 1931 1302 1999 singula:
1331 1944 1453 1999 qua:
1495 1929 1653 1994 fiunt,
1688 1945 1796 1985 non
1831 1945 1898 1986 ex
1926 1945 2055 1985 con-

484 2023 695 2085 trariis,
742 2022 836 2076 sed
874 2038 941 2078 ex
969 2023 1369 2093 congenerihus
1420 2022 1818 2092 producuntur.
1852 2022 2052 2077 Malum

484 2111 650 2183 igitur
683 2126 789 2165 non
820 2123 905 2166 est
940 2113 1247 2169 substantia
1277 2114 1465 2170 vivens
1493 2124 1590 2168 aut
1628 2115 1868 2169 animata
1903 2138 1917 2168 :
1958 2114 2053 2170 sed

485 2204 679 2257 animae
709 2203 923 2257 affectio
953 2203 1138 2257 virtuti
1167 2205 1462 2269 contraria,
1493 2204 1782 2260 desidiosis
1814 2219 1878 2259 ac
1909 2204 2058 2259 iuer-

487 2297 654 2360 tihus,
700 2303 987 2366 propterea
1024 2296 1169 2366 quod
1200 2311 1232 2351 a
1279 2297 1423 2352 bono
1460 2297 1806 2361 deciderunt,
1859 2296 2051 2351 indita.

490 2384 686 2439 Malum
736 2385 922 2455 itaque
962 2385 1271 2442 forinsecus
1316 2403 1386 2442 ne
1424 2385 1836 2456 circumspicias
1862 2425 1879 2449 ,
1920 2401 2056 2441 neve

487 2477 867 2548 primigeniam
959 2476 1253 2547 quamdam
1356 2478 1715 2549 malignitatis
1806 2487 2054 2532 naturam

485 2568 905 2624 comminiscare
937 2585 951 2622 :
991 2567 1089 2625 sed
1129 2583 1242 2623 suae
1283 2569 1517 2640 quisque
1548 2569 1768 2625 malitiae
1814 2569 2054 2639 seipsum

488 2668 747 2730 agnoscat
787 2667 1085 2715 auctorem.
1126 2660 1203 2731 (5)
1235 2659 1370 2714 Nam
1419 2662 1464 2715 si
1515 2661 1716 2715 malum
1756 2676 1864 2715 non
1908 2668 2060 2715 esset

487 2751 877 2816 voluntarium,
924 2768 1024 2806 nec
1068 2752 1122 2806 in
1167 2762 1354 2807 nostra
1405 2759 1674 2822 potestate
1701 2752 1895 2815 situm,
1946 2766 2055 2806 non

487 2850 672 2897 tantus
719 2843 883 2896 timor
932 2858 967 2899 a
1010 2843 1217 2914 legibus
1254 2844 1591 2913 impenderet
1635 2843 1893 2913 iniuriam
1974 2843 2056 2897 in-

490 2932 813 2999 ferentibus,
865 2949 966 2991 nec
1023 2942 1132 2989 tam
1186 2935 1553 2993 inexorabiles
1601 2933 2057 3005 essentjudicum

489 3026 1011 3089 animadversiones.
1056 3029 1257 3098 quibus
1306 3043 1405 3097 pro
1450 3028 1660 3083 meritis
1701 3028 1777 3083 rei
1811 3029 2059 3099 plectun-

489 3125 597 3173 tur.
648 3118 724 3188 (4)
761 3117 896 3173 Nam
956 3120 1003 3172 si
1049 3120 1305 3172 vitiorum
1341 3126 1436 3172 aut
1479 3119 1742 3174 virtutum
1791 3119 2129 3209 principiac

489 3223 598 3262 non
631 3215 763 3262 sunt
808 3207 863 3261 in
912 3206 1071 3262 nobis
1110 3207 1238 3268 sita,
1289 3206 1386 3262 sed
1430 3213 1560 3262 sunt
1604 3210 1959 3263 necessitates
1990 3209 2059 3262 ab

489 3305 610 3351 ortu
658 3296 959 3367 pendentes
1008 3312 1022 3350 :
1064 3296 1287 3351 inutiles
1352 3303 1480 3351 sunt
1542 3294 1923 3365 legislatores,
1962 3296 2058 3364 qui

490 3389 651 3445 nobis
692 3386 901 3459 agenda
947 3401 1013 3441 ac
1062 3386 1317 3457 fugienda
1352 3386 1722 3457 praescribunt
1766 3402 1781 3439 :
1836 3387 2060 3441 inutiles

492 3493 713 3550 quoque
764 3477 1019 3548 iudices,
1079 3478 1175 3547 qui
1242 3477 1504 3531 virtutem
1567 3475 1810 3541 honore,
1864 3477 2058 3530 vitium

490 3572 667 3643 poenis
700 3569 959 3625 alliciunt.
1003 3567 1120 3624 Non
1160 3568 1304 3624 enim
1352 3568 1490 3625 furis
1519 3576 1605 3624 est
1641 3568 1925 3639 iniquitas,
1964 3584 2062 3623 nc-

490 3679 599 3734 que
634 3662 940 3725 homicida,
976 3662 1068 3733 qui
1103 3677 1170 3716 ne
1205 3661 1395 3716 volens
1424 3660 1644 3731 quidem
1682 3667 1895 3731 poterat
1944 3674 2062 3714 ma-

493 3770 625 3810 num
689 3754 1002 3818 continere,
1059 3754 1135 3809 ob
1197 3752 1606 3808 ineluctabilem
1673 3752 2060 3808 necessitatem

492 3847 677 3916 ipsum
711 3845 780 3900 ad
805 3844 1073 3916 agendum
1106 3845 1497 3916 impellentem.
1530 3842 1831 3899 Vanissimi
1877 3850 2061 3898 autem

490 3937 736 4009 profecto
761 3938 855 4008 qui
877 3945 1024 3993 artes
1050 3938 1309 3993 excolunt
1340 3954 1359 3991 :
1386 3937 1586 4007 quippe
1613 3935 1859 4006 frugibus
1890 3935 2064 3990 abun-

490 4030 644 4085 dabit
692 4030 953 4101 agricola,
1004 4032 1218 4084 tametsi
1266 4045 1447 4099 neque
1498 4027 1707 4084 semina
1758 4027 1815 4081 in
1858 4036 2060 4082 terram

492 4121 741 4190 dejiciat,
772 4135 951 4192 neque
995 4119 1187 4176 falcem
1217 4127 1449 4175 exacuat
1484 4139 1501 4175 :
1533 4128 1807 4176 mercator
1844 4118 2058 4180 itidem,

490 4213 642 4277 velit,
688 4212 848 4277 nolit,
881 4227 1048 4282 supra
1093 4211 1313 4267 modum
1362 4211 1615 4278 ditescet,
1669 4211 1782 4265 fato
1828 4211 1880 4267 ei
1928 4224 2063 4280 opes

493 4312 870 4360 coacervante.
901 4303 1107 4373 Magnae
1135 4311 1315 4358 autem
1341 4301 1449 4357 illa:
1471 4300 1907 4357 Christianorum
1935 4315 2063 4371 spes

494 4404 881 4452 evanescentes
921 4395 1175 4452 excident
1223 4395 1405 4458 nobis,
1446 4410 1569 4449 cum
1629 4410 1806 4465 neque
1844 4395 2062 4463 justitia

2157 1945 2323 1993 σεσιν,
2359 1930 2458 1983 οὐκ
2484 1931 2550 1985 ἐκ
2580 1931 2689 1985 τῶν
2720 1931 3009 1995 ἐναντίων,
3050 1931 3167 1986 ἀλλ’
3197 1933 3264 1986 ἐκ
3307 1931 3422 1987 τῶν
3463 1934 3700 2003 ὁμογενῶν

2152 2016 2380 2072 ἕκαστον
2419 2019 2529 2073 τῶν
2574 2019 2872 2091 γινομένων
2911 2021 3258 2092 προέρχεται.
3297 2022 3378 2075 To
3415 2022 3585 2076 τοίνυν
3620 2042 3700 2076 κα-

2155 2108 2248 2161 κόν
2279 2110 2427 2161 ἐστιν
2470 2110 2591 2179 οὐχὶ
2637 2110 2794 2164 οὐσία
2833 2108 2980 2174 ζῶσα
3017 2113 3109 2165 καὶ
3145 2110 3414 2182 ἔμψυχος,
3450 2112 3578 2167 ἀλλὰ
3614 2113 3700 2167 διάο

2155 2196 2302 2262 θεσις
2351 2199 2410 2252 ἐν
2450 2199 2594 2270 ψυχῇ
2642 2200 2899 2266 ἐναντίως
2944 2201 3146 2273 ἔχουσα
3199 2204 3341 2275 πρὸς
3402 2204 3611 2277 ἀρετὴν,
3635 2205 3702 2259 διὰ

2153 2288 2252 2359 τὴν
2306 2288 2416 2341 ἀπὸ
2473 2289 2567 2343 τοῦ
2624 2288 2792 2343 καλοῦ
2824 2291 2898 2361 (6)
2937 2292 3258 2347 ἀπόπτωσιν
3318 2297 3434 2358 τοῖς
3480 2295 3701 2367 ῥᾳθύμοις

2155 2380 2499 2453 ἐγγινομένη.
2532 2382 2622 2453 Μὴ
2653 2383 2832 2436 τοίνυν
2864 2382 3062 2449 ἔξωθεν
3101 2386 3162 2439 τὸ
3194 2387 3370 2441 κακὸν
3400 2388 3701 2459 περισκόπει.

2159 2471 2292 2541 μηδὲ
2343 2472 2637 2543 ἀρχέγονόν
2691 2492 2813 2527 τινα
2871 2474 3032 2545 φύσιν
3097 2479 3371 2549 πονηρίας
3442 2479 3698 2548 φαντάζω-

2156 2562 2291 2617 ἀλλά
2318 2564 2416 2633 τῆς
2440 2566 2496 2617 ἐν
2531 2565 2708 2636 ἐαυτῷ
2745 2567 2945 2630 κακίας
2980 2568 3211 2632 ἕκαστος
3269 2571 3467 2623 ἐαυτὸν
3506 2571 3705 2642 ἀρχηγίν

2156 2654 2487 2725 γνωριζέτω.
2522 2657 2597 2710 Οὐ
2634 2656 2743 2728 γὰρ
2788 2658 2877 2719 ἂν,
2912 2657 3069 2730 εἴπερ
3105 2660 3369 2715 ἀκούσιον
3404 2657 3495 2733 ἦν,
3528 2664 3613 2715 καὶ
3647 2663 3702 2730 μὴ

2158 2745 2242 2813 ἐφ’
2278 2746 2429 2815 ἡμῖν,
2458 2746 2711 2812 τοσοῦτος
2754 2747 2853 2819 μὲν
2896 2750 2961 2803 ἐκ
3000 2750 3110 2805 τῶν
3140 2752 3326 2822 νόμων
3373 2755 3404 2805 ό
3431 2753 3584 2821 φόϐος
3621 2755 3705 2815 τοῖς

2158 2833 2432 2888 ἀδικοῦσιν
2476 2837 2775 2908 ἐπήρτητο,
2804 2836 2947 2891 οὕτω
2990 2838 3048 2892 δὲ
3096 2840 3467 2912 ἀπαραίτητοι
3511 2842 3609 2895 τῶν
3644 2842 3703 2894 διο

2158 2926 2469 2997 καστηρίων
2505 2929 2561 2981 αἱ
2601 2928 2873 2993 κολάσεις,
2908 2930 2968 2983 τὸ
3002 2931 3135 3003 πρὸς
3167 2932 3330 2999 ἀξίαν
3368 2936 3479 2998 τοῖς
3511 2933 3705 3005 κακούς»⁴

2159 3032 2277 3084 γοις
2325 3020 2767 3091 ἁντιμετροῦσαι.
2816 3023 2879 3076 Ei
2924 3023 3034 3096 γὰρ
3078 3024 3185 3078 τῶν
3226 3027 3375 3080 κατὰ
3426 3028 3705 3080 κακίανκαὶ

2160 3109 2360 3181 ἀρετὴν
2390 3111 2776 3183 ἐνεργημάτων
2809 3114 2908 3167 οὐκ
2946 3116 3012 3168 ἐκ
3050 3114 3143 3168 τοῦ
3181 3116 3271 3186 ἐφ’
3298 3119 3437 3187 ἡμῖν
3478 3120 3605 3170 είσιν
3630 3120 3705 3187 ἀρ-

2160 3201 2272 3270 χαὶ,
2300 3201 2413 3254 ἀλλ’
2446 3204 2510 3256 ἐκ
2551 3204 2654 3273 τῆς
2685 3204 2898 3275 φύσεως
2934 3207 2989 3260 αἱ
3041 3208 3311 3277 ἀνάγκαι,
3365 3212 3602 3281 περιττοὶ
3631 3212 3705 3281 μὲν

2159 3294 2209 3345 oi
2233 3292 2517 3362 νομοθέται
2550 3294 2618 3348 τὰ
2647 3296 2897 3367 πρακτέα
2938 3298 3069 3369 ἡμῖν
3114 3299 3211 3352 καὶ
3242 3301 3316 3354 τὰ
3339 3302 3550 3370 φευκτὰ
3575 3300 3705 3371 διορί-

2160 3383 2361 3448 ζοντες,
2400 3388 2641 3457 περιττοὶ
2684 3388 2742 3442 δὲ
2789 3389 2883 3441 καὶ⁵
2926 3391 2975 3442 οἱ
3011 3390 3263 3445 δικασταὶ
3304 3393 3510 3466 ἀρετὴν
3538 3393 3704 3464 τιμῶν-

2157 3489 2273 3537 τες,
2309 3475 2402 3528 καὶ
2435 3477 2698 3547 πονηρίαν
2744 3478 3083 3543 κολάζοντες.
3113 3480 3188 3534 Οὐ
3228 3481 3344 3553 γὰρ
3373 3484 3470 3536 τοῦ
3512 3483 3703 3536 κλέπτω

2158 3565 2222 3617 τὸ
2245 3565 2503 3636 ἀδίκημα,
2538 3568 2660 3621 οὐδὲ
2689 3567 2785 3622 τοῦ
2815 3571 3037 3638 φονέως,
3074 3567 3118 3639 ᾧ
3158 3589 3222 3641 γε
3265 3574 3395 3628 οὐδὲ
3439 3574 3704 3646 βουλομένῳ

2158 3653 2378 3709 δυνατὸν
2405 3651 2473 3727 ἦν
2498 3661 2718 3728 κρατεῖν
2744 3662 2842 3732 τῆς
2875 3661 3076 3733 χειρὸς,
3102 3662 3191 3716 διὰ
3232 3663 3299 3717 τὸ
3332 3665 3704 3738 ἀναπόδραστον

2159 3747 2257 3818 τῆς
2293 3748 2385 3801 ἐπὶ
2427 3748 2527 3813 τὰς
2571 3749 2799 3822 πράξεις
2845 3752 3276 3825 κατεπειγούσης
3317 3756 3585 3827 ἀνάγκης.
3615 3755 3705 3809 Ma-

2159 3839 2430 3895 ταιότατοι
2461 3841 2518 3894 δὲ
2544 3843 2761 3907 πάντως
2789 3844 2868 3913 (7)
2901 3844 2994 3898 καὶ
3024 3846 3073 3898 oi
3103 3846 3230 3918 περὶ
3273 3846 3385 3911 τὰς
3426 3849 3609 3919 τέχνας
3634 3865 3704 3899 το-

2160 3930 2434 4002 νούμενοι·
2468 3932 2582 3986 ἀλλ’
2609 3934 2895 4007 εὐθηνήσει
2925 3936 3024 4007 μὲν
3053 3939 3082 3991 ό
3108 3939 3380 4010 γεωργὸς.
3412 3942 3546 4011 μήτε
3572 3940 3703 4010 σπέρ-

2166 4040 2241 4094 μα
2283 4024 2624 4091 καταδαλὼν,
2670 4029 2808 4097 μήτε
2861 4027 3131 4100 δρεπάνην
3181 4029 3541 4101 θηξάμενοςθ
3569 4034 3704 4098 ὕπερ-

2163 4115 2451 4186 πλουτήσει
2483 4114 2539 4169 δὲ
2574 4116 2603 4168 ό
2640 4115 2898 4188 ἔμπορος,
2935 4117 3036 4171 κᾶν
3070 4116 3349 4189 βούληται,
3384 4121 3491 4173 κᾶν
3526 4118 3706 4191 μὴ.τῆς

2162 4206 2500 4278 εἱμαρμένης
2544 4207 2693 4279 αὺτῷ
2730 4208 3180 4280 συναθροιξούσης
3220 4210 3290 4264 τὰ
3354 4216 3615 4283 χρήματα.
3657 4212 3705 4263 Al

2161 4294 2220 4348 δὲ
2278 4297 2508 4366 μεγάλαι
2551 4297 2663 4351 τῶν
2702 4299 3043 4370 Χριστιανῶν
3088 4300 3300 4363 ἐλπίδες
3346 4302 3569 4372 φροῦδοι
3605 4302 3707 4371 ἡμῖν

2163 4387 2492 4457 οἰχήσονται,
2529 4386 2652 4441 οὔτε
2694 4388 3036 4461 δικαιοσύνης
3077 4393 3421 4463 τιμωμένης,
3471 4393 3590 4446 οὔτε
3630 4408 3704 4443 κα·

498 4489 794 4544 honoribus
838 4489 964 4544 ullis
1016 4488 1302 4550 afﬁciatur,
1355 4503 1531 4558 neque
1573 4488 1832 4558 puniatur
1867 4501 2060 4556 pecca—

2164 4481 2555 4551 τακρινομένης
2582 4481 2681 4550 τῆς
2709 4482 3000 4553 ἁμαρτίας,
3034 4484 3122 4537 διὰ
3152 4484 3213 4537 τὸ
3251 4485 3423 4555 μηδὲν
3452 4485 3585 4540 κατὰ
3606 4500 3707 4553 προ-

497 4592 655 4644 tum,
704 4592 987 4652 propterea
1029 4580 1177 4651 quod
1225 4580 1359 4634 nihil
1409 4583 1479 4635 ab
1532 4580 1845 4634 hominibus
1892 4579 2065 4634 libero

493 4670 663 4728 animi
708 4669 987 4742 proposito
1027 4679 1241 4739 agatur.
1295 4666 1431 4721 Nam
1482 4667 1573 4722 ubi
1634 4668 1956 4728 necessitas.
2009 4671 2070 4721 et

498 4761 672 4816 fatum
711 4759 1046 4821 dominatur,
1097 4759 1172 4812 ibi
1217 4758 1399 4813 meriti
1442 4757 1584 4812 ratio
1627 4757 1838 4811 nullum
1882 4755 2065 4810 locum

498 4853 660 4906 habet
703 4870 718 4906 :
775 4851 826 4905 id
873 4850 1017 4921 quod
1062 4857 1244 4903 tamen
1308 4850 1643 4919 praecipuum
1691 4846 1826 4918 justi
1871 4845 2066 4915 iudicii

498 4944 908 5000 fundamentum
940 4951 1042 4999 est.
1074 4942 1152 5012 (ὃ)
1182 4939 1318 4995 Nam
1347 4940 1416 4996 de
1445 4940 1563 4995 ficis
1594 4947 1819 4993 narrant
1848 4939 1917 4994 ab
1942 4938 2067 4993 aliis

496 5035 717 5105 quidem
768 5033 898 5089 ficos
946 5034 1226 5088 silvestres
1263 5031 1420 5101 juxta
1460 5031 1741 5085 hortenses
1781 5028 1998 5084 conseri
2047 5046 2069 5084 τ

501 5126 639 5182 alios
692 5139 842 5187 vero,
894 5123 1024 5178 dum
1076 5136 1300 5193 grossos
1352 5121 1596 5193 capriﬁci
1649 5121 1948 5176 fructuosis
1999 5134 2066 5173 ac

500 5218 817 5273 domesticis
847 5217 964 5273 ficis
1008 5217 1252 5284 alligant,
1304 5215 1547 5285 ipsarum
1590 5213 1796 5269 mederi
1838 5212 2068 5268 infirmi-

501 5312 617 5376 tati,
660 5310 776 5381 jam
821 5307 1186 5369 diiilucnlem,
1232 5323 1297 5363 ac
1350 5315 1767 5364 evanescentem
1827 5304 2063 5359 fructum

571 5488 648 5557 (l)
679 5486 754 5557 Ex
791 5487 937 5541 hom.
979 5486 1051 5541 De
1083 5484 1373 5549 Mamanu,
1407 5486 1526 5541 185.

570 5556 647 5623 (τι.)
680 5556 752 5617 Ex
784 5558 928 5611 hom.
961 5573 997 5611 ll
1021 5558 1075 5610 in
1107 5557 1384 5619 Hexaem,
1416 5562 1498 5611 Ili.

575 5628 654 5697 (5)
685 5628 818 5697 una.

571 5694 647 5763 (ιιι
685 5695 757 5748 Ex
794 5697 941 5749 hom.
974 5712 1025 5749 νι
1052 5696 1105 5748 in
1134 5694 1406 5757 ﬂexum,
1429 5696 1517 5749 56.

575 5766 651 5837 (ὃ)
686 5764 760 5817 Ex
797 5765 942 5818 hom.
974 5781 1005 5820 ν
1033 5767 1086 5818 in
1113 5764 1389 5830 "exeam,
1422 5764 1509 5819 47.

2165 4571 2373 4642 αίρεσιν
2432 4572 2536 4625 ὑπὸ
2579 4573 2686 4625 τῶν
2748 4574 3049 4646 ἀνθρώπων
3119 4576 3510 4632 ἐπιτελεῖσθαι.
3568 4577 3707 4629 Ὅπου

2165 4665 2275 4734 γὰρ
2300 4663 2512 4735 ἀνάγκη
2552 4665 2645 4718 καὶ
2673 4665 2977 4737 εἱμαρμένη
3007 4666 3082 4737 (8)
3108 4671 3320 4738 κρατεῖ,
3342 4669 3595 4740 οὐδεμίαν
3622 4667 3707 4736 ἔχει

2167 4753 2352 4827 χώραν
2380 4754 2443 4809 τὸ
2473 4755 2609 4828 πρὸς
2649 4755 2826 4822 ἀξίαν,
2868 4758 2898 4811 ὃ
2937 4758 3038 4829 τῆς
3076 4758 3477 4831 δικαιοκρισίας
3512 4759 3706 4828 ὑπάρχει

2167 4844 2463 4919 ἐξαίρετον.
2507 4847 2616 4901 Καὶ
2656 4849 2767 4920 γὰρ
2813 4850 2943 4922 περὶ
2983 4852 3093 4904 τῶν
3141 4852 3324 4905 συκῶν
3364 4870 3547 4921 φασιν,
3573 4853 3640 4913 ὡς
3668 4851 3706 4900 οδ

2171 4936 2272 5006 μὲν
2306 4936 2409 5000 τὰς
2432 4937 2630 5007 ἀγρίας
2657 4941 2829 5003 συκᾶς
2856 4941 3297 5011 παραφυτεύουσι
3329 4946 3456 5007 ταῖς
3480 4944 3704 5015 ἡμέραΨ

2167 5029 2214 5080 oi
2253 5028 2311 5082 δέ
2340 5029 2468 5093 τοὺς
2501 5028 2753 5094 ὀλύνθους
2795 5030 3138 5101 ἐκδήσαντες,
3177 5034 3288 5087 τῶν
3318 5035 3605 5106 εὐκάρπων
3634 5033 3703 5083 ni

2167 5119 2391 5190 ἡμέρων
2439 5120 2617 5173 συκῶν
2657 5121 2758 5191 τὴν
2786 5122 3003 5176 ἀτονίαν
3048 5124 3253 5187 ἰῶνται,
3291 5125 3484 5196 ῥέοντα
3514 5123 3605 5194 ἠδη
3633 5120 3706 5175 καὶ

2171 5210 2592 5281 σκεδαννύμενον
2629 5212 2722 5265 τὸν
2770 5213 2979 5284 καρπὸν
3006 5217 3119 5277 τοῖς
3154 5215 3393 5280 ὀλύνθοις
3434 5216 3702 5284 ἐπέχοντες-

2168 5301 2233 5355 Τί
2274 5301 2331 5354 δέ
2374 5319 2456 5355 σοι
2504 5302 2566 5356 τὸ
2604 5304 2752 5363 παρὰ
2795 5305 2896 5367 τῆς
2936 5305 3151 5373 φύσεως
3193 5308 3459 5376 αῖνιγμας
3506 5307 3583 5360 ὅτι
3624 5304 3705 5373 χρὴ

2240 5479 2318 5550 (6)
2355 5479 2465 5534 Τοῦ
2497 5480 2709 5535 καλοῦ.
2762 5480 2853 5535 Sic
2907 5480 3037 5551 Reg.
3076 5484 3246 5539 codex
3301 5484 3454 5540 1910.
3506 5484 3629 5537 Male
3662 5481 3701 5532 in

2169 5551 2333 5607 editis
2364 5559 2419 5603 et
2446 5559 2704 5604 contextu
2737 5551 2832 5604 τοῦ
2865 5552 3055 5607 κακοῦ.

2243 5622 2319 5683 (7)
2352 5619 2610 5686 Πάντως.
2647 5620 2867 5689 Legitur
2895 5623 2946 5674 in
2975 5630 3229 5677 contextu
3257 5625 3488 5679 πάντων.

2240 5689 2460 5764 (8)_K_c_zi
2484 5689 2820 5764 εἱμαρμένη.
2866 5692 2956 5747 Sic
3001 5702 3291 5751 contextus
3317 5705 3367 5751 et
3405 5692 3598 5764 Regius
3621 5702 3702 5743 co-

2172 5761 2293 5819 dcx.
2322 5759 2464 5816 Ediii
2490 5762 2582 5814 καὶ
2612 5760 2790 5830 φύσις.
