3878 6222
205 353 336 408 “5'3
373 356 376 357 ⁷
1010 351 1240 408 SERMO
1269 352 1333 407 ll.
1375 382 1443 393 -
1483 349 1567 405 DE
1603 349 1946 406 DOCTRINA
1980 348 2066 403 ΕΤ
2098 347 2594 406 ADMONITIONE.

3304 352 3443 408 1154

202 471 461 534 πολλάκις
503 471 649 542 ἡμᾶς
702 473 797 526 καὶ
840 473 990 545 παρὰ
1042 473 1152 526 τῶν
1204 473 1496 544 ἀλλοτρίων
1538 473 1638 542 τῆς
1681 469 1752 523 πί

1877 468 2084 537 grossis
2135 468 2378 538 capriﬁci
2429 472 2769 525 coercentes.
2805 465 2943 532 Quid
2994 465 3110 520 vult
3153 463 3258 521 sibi
3308 467 3442 522 illud

199 580 369 626 στεως
419 564 662 617 εὐτονίαν
716 563 838 618 τινὰ
891 565 1326 637 προσλαμϐάνειν
1377 565 1457 628 είς
1506 565 1606 634 τὴν
1663 562 1773 615 τῶν

197 653 417 722 ἀγαθῶν
456 653 633 725 ἔργων
678 655 955 720 ἐπίδειξιν.
997 657 1124 710 Ἐὰν
1161 656 1270 728 γὰρ
1309 656 1424 727 ἴδῃς
1458 654 1547 708 τὸν
1585 656 1642 707 ἐν
1673 653 1774 724 βίῳ

196 745 416 816 ἐθνικῷ,
442 746 475 817 ἢ
511 747 619 800 ἀπό
644 765 784 812 τινος
815 748 1082 821 αἱρέσεως
1108 749 1490 820 ἐνδιαπρόφου
1518 748 1618 817 τῆς
1651 748 1774 799 Ἐκ-

195 837 425 908 κλησίας
453 839 868 910 ἀπεσχισμένον,
918 839 1032 910 βίου
1075 839 1350 911 σώφρονος
1393 840 1487 892 καὶ
1521 839 1622 910 τῆς
1657 837 1768 890 λοι-

195 929 304 997 πῆς
336 929 473 982 κατά
521 929 580 981 τὸ
633 926 764 1000 ἦθος
810 930 1058 994 εὐταξίας
1100 930 1558 1000 ἐπιμελούμενον,
1609 928 1769 981 πλέον

194 1021 422 1072 σεαυτοῦ
455 1021 515 1073 τὸ
549 1021 828 1074 σπουδαῖον
864 1023 1150 1086 ἐπίτεινον,
1188 1022 1275 1075 ἵνα
1311 1022 1443 1094 γένῃ
1476 1021 1768 1091 παραπλή-

194 1127 312 1175 σιος
338 1115 402 1182 τῇ
442 1113 772 1184 καρποφόρῳ
811 1117 971 1184 συκῇ,
1003 1115 1067 1168 ἐκ
1107 1115 1206 1185 τῆς
1249 1113 1356 1167 τῶν
1383 1113 1588 1184 ἀγρίων
1623 1129 1769 1183 παρ-

189 1204 383 1266 ουσίας
413 1203 736 1276 ἀθροιζούσῃ
783 1205 879 1275 τὴν
925 1204 1172 1276 δύναμιν,
1213 1205 1308 1257 καὶ
1349 1205 1448 1274 τὴν
1489 1203 1586 1272 μὲν
1614 1202 1767 1273 ῥύσιν

190 1293 484 1364 ὲπεχούσῃ,
525 1294 941 1364 ἐπιμελέστερον
988 1293 1045 1346 δὲ
1086 1293 1178 1347 τὸν
1226 1293 1435 1363 καρπὸν
1473 1291 1767 1363 ἐκτρεφού-

190 1400 282 1454 σῃ.
319 1383 453 1436 Τινὲι
491 1383 547 1436 δέ
586 1384 694 1436 τῶν
731 1384 912 1454 φυτῶν
951 1385 1046 1438 καὶ
1076 1385 1174 1455 τὴν
1219 1386 1281 1438 ἐκ
1321 1383 1534 1454 φύσεως
1568 1385 1766 1438 κακίαν

189 1475 527 1544 ἐπιμελείαις
579 1475 838 1548 γεωργῶν
885 1477 1294 1548 θεραπευόμενα
1329 1476 1604 1548 ἔγνωμενο
1652 1471 1764 1531 οἷον

192 1566 288 1630 τὰς
317 1567 493 1633 ὀξείας
523 1567 650 1636 ῥοὰς
677 1568 769 1622 καί⁸
801 1567 908 1621 τῶν
931 1568 1256 1639 ἀμυγδάλων
1285 1567 1383 1631 τὰς
1410 1570 1761 1640 πικροτέρας,

188 1660 320 1712 ὅταν
347 1657 714 1728 διατρηθεῖσαι
749 1658 809 1712 τὸ
842 1657 978 1728 πρὸς
1008 1662 1076 1730 τῇ
1126 1660 1251 1734 ῥίζῃ
1279 1661 1548 1732 στέλεχος,
1585 1663 1762 1733 σφῆνα

183 1750 398 1821 πεύκης
449 1749 676 1822 λιπαρὸν
723 1751 826 1822 τῆς
863 1750 1186 1824 ἐντεριώνης
1240 1752 1400 1823 μέσον
1447 1754 1758 1809 διελαθέντα

1871 566 2082 616 natura
2113 561 2421 631 exemplum
2444 560 2643 628 ?Quod
2691 575 2792 616 nos
2815 561 2900 615 vel
2933 559 3004 615 ab
3029 561 3119 624 iis,
3154 558 3248 630 qui
3278 572 3309 612 ιι
3337 558 3445 614 ﬁde

1869 653 2034 707 alieni
2091 659 2253 718 sunt,
2305 655 2570 723 impetum
2619 652 2914 723 quemdam
2969 666 3034 706 ac
3080 651 3323 722 vigorem
3371 649 3442 703 ad

1869 743 2110 799 dandum
2142 745 2411 800 bonorum
2444 759 2670 815 operum
2708 744 2984 814 specimen
3016 757 3158 814 sape
3190 741 3442 811 accipere

1867 834 2146 894 debemus.
2178 836 2393 893 Etenim
2449 837 2497 892 si
2541 836 2748 892 videris
2804 851 2950 900 eum,
2983 835 3078 906 qui
3130 843 3224 890 aut
3270 836 3438 889 vitam

1865 927 2144 982 ethnicam
2177 930 2325 998 agit,
2357 935 2452 983 aut
2483 928 2554 982 ob
2586 943 2896 999 perversam
2939 926 3232 999 quamdam
3265 926 3440 981 bare-

1868 1019 1972 1072 sim
2011 1019 2084 1072 ab
2113 1019 2356 1075 Ecclesia
2403 1020 2686 1076 abscissus
2715 1031 2818 1085 est,
2846 1019 3028 1091 proba
3057 1033 3123 1074 ac
3151 1017 3436 1073 continen-

1865 1109 1936 1164 tis
1981 1110 2107 1165 vita
2146 1117 2200 1165 et
2248 1113 2472 1181 reliqua
2517 1113 2742 1167 moralis
2785 1111 3087 1182 disciplina
3129 1109 3434 1166 studiosum

1864 1213 2009 1264 esse,
2045 1209 2196 1254 tuam
2247 1202 2425 1271 magis
2462 1201 2683 1256 intende
2727 1201 3100 1262 sedulitatem,
3145 1206 3205 1254 ut
3245 1198 3438 1252 fructi-

1868 1288 1998 1344 fera
2043 1290 2148 1346 ﬁco
2193 1306 2260 1347 ex
2304 1292 2684 1364 capriﬁcorum
2732 1291 2896 1363 4⁵17
2945 1291 3236 1361 prasentia
3277 1289 3437 1345 colli-

1865 1382 2012 1452 genti
2057 1383 2232 1447 vires,
2281 1392 2337 1440 et
2379 1383 2679 1439 deﬂuvium
2732 1384 3042 1447 cohibenti,
3085 1381 3436 1450 fructumque

1863 1471 2178 1542 diligentius
2237 1475 2572 1541 enutrienti,
2614 1475 2813 1531 similis
2859 1474 3082 1528 evadas.
3137 1472 3216 1544 (l)
3259 1471 3434 1526 Porro

1864 1565 2133 1619 naturalia
2177 1567 2538 1636 quarumdam
2583 1569 2840 1624 arborum
2887 1567 3019 1623 vitia
3071 1565 3432 1637 agricolarum

1862 1653 2144 1725 diligentia
2188 1657 2370 1710 curari
2413 1657 2722 1724 novimus;
2763 1655 3075 1727 cuiusmodi
3128 1663 3259 1711 sunt
3300 1650 3433 1706 mali

1861 1746 2077 1815 punica
2108 1745 2298 1812 acida,
2334 1755 2389 1802 et
2430 1747 2728 1819 amygdala
2771 1747 3098 1812 amariores,
3142 1761 3286 1817 qua,
3335 1744 3431 1798 ubi

183 1839 469 1906 δέξωνται,
517 1842 598 1904 είς
652 1840 980 1914 εὐχρηστίαν
1037 1841 1428 1913 μεταόάλλουσι
1477 1844 1600 1898 τότε
1661 1845 1752 1899 τοῦ

1859 1837 2138 1906 perforato
2173 1838 2243 1894 ad
2283 1839 2524 1895 radicem
2567 1847 2766 1896 trunco
2809 1840 3066 1911 pinguem
3117 1837 3286 1908 picea
3329 1852 3430 1890 cu-

181 1929 360 2001 χυμοῦ
387 1931 485 2002 τὴν
515 1931 847 2004 δυσχέρειαν.
885 1933 1090 2006 Μηδεὶς
1137 1930 1228 1988 οὐν
1271 1935 1330 1987 ἐν
1361 1934 1528 2008 κακίᾳ
1557 1936 1758 2006 διάγων

180 2023 378 2078 ἑαυτοῦ
415 2023 730 2092 ἀπογνώτω.
773 2027 836 2079 Ei
879 2027 990 2098 γὰρ
1029 2027 1270 2099 γεωργὸς
1294 2026 1406 2081 τῶν
1445 2028 1627 2099 φυτῶν
1654 2030 1756 2096 τὰς

181 2117 474 2188 ποιότητας
507 2118 849 2189 μεταϐάλλει,
883 2118 1063 2190 πολλῷ
1107 2119 1304 2190 μᾶλλον
1333 2121 1366 2190 ἡ
1400 2122 1521 2174 κατ’
1553 2121 1755 2194 ἀρετὴν

179 2208 281 2278 τῆς
304 2207 482 2279 ψυχῆς
513 2209 794 2281 ἐπιμέλεια
829 2209 1049 2265 δύναται
1084 2211 1437 2265 παντοδαπῶν
1464 2213 1753 2286 ἀρρωστη-

178 2299 370 2369 μάτων
411 2301 810 2372 ἐπικρατῆσαι,
860 2304 920 2356 ἐν
968 2301 1185 2374 Χριστῷ
1219 2303 1390 2375 Ἰησοῦ
1437 2305 1516 2375 τῷ
1564 2305 1754 2377 Κυρίῳ

179 2389 358 2460 ἡμῶν,
384 2383 429 2458 ᾧ
466 2393 499 2462 ἡ
538 2392 664 2458 δόξα
695 2394 788 2447 καὶ
820 2391 881 2446 τὸ
909 2394 1108 2464 κράτος
1146 2394 1258 2458 νῦν,
1289 2397 1382 2450 καὶ
1415 2397 1521 2463 ἀεὶ,
1553 2399 1647 2451 καὶ
1673 2400 1752 2463 είς

178 2479 307 2543 τοὺς
328 2479 527 2546 αἰῶνας
556 2483 664 2536 τῶν
684 2481 913 2538 αἰώνων.
954 2485 1146 2556 Ἀμήν.

387 2791 567 2844 ΠΕΡΙ
607 2790 910 2844 ΔΙΔΑΧΗΣ
945 2793 1076 2847 ΚΑΙ
1106 2794 1536 2852 ΝΟΥΘΕΣΙΑΣ.

790 2904 1010 2958 ΛΟΓΟΣ
1049 2906 1128 2959 B'.

251 3015 304 3070 l.
335 3017 397 3070 Εἰ
440 3018 532 3070 ἐπὶ
582 3017 869 3082 τοσαύταις
909 3021 1320 3086 παραινέσεσιν,
1358 3021 1424 3086 ἀς
1462 3020 1518 3075 ἐν
1563 3039 1621 3074 τε
1665 3021 1746 3094 τῷ

173 3107 499 3180 προλαϐόντι
547 3111 722 3180 χρόνῳ
762 3111 1200 3182 παρακαλοῦντες
1243 3114 1386 3184 ὑμᾶς
1424 3115 1485 3166 οὐ
1516 3113 1746 3167 διελίπο-

1863 1942 2027 1982 neum
2057 1944 2156 1999 per
2191 1929 2424 1986 mediam
2458 1931 2748 1986 medullam
2773 1932 3027 1988 adactum
3063 1928 3430 2000 susceperint,

1861 2027 1994 2075 tunc
2033 2021 2185 2076 succi
2227 2023 2584 2079 acerbitatem
2631 2025 2687 2078 in
2721 2038 2922 2080 nonum
2954 2040 3114 2080 usum
3153 2030 3431 2078 transmu-

1861 2119 1996 2167 tant.
2027 2111 2198 2169 Nemo
2222 2115 2390 2186 igitur
2414 2116 2472 2170 in
2505 2116 2643 2172 vitio
2681 2118 2907 2189 degens,
2948 2117 3016 2174 de
3066 2133 3126 2173 se
3172 2118 3289 2187 ipse
3333 2115 3432 2170 de—

1859 2211 2062 2274 speret.
2097 2204 2232 2260 Nam
2271 2208 2320 2263 si
2354 2208 2662 2279 plantarum
2689 2210 2982 2280 qualitates
3010 2210 3248 2280 agricola
3280 2226 3431 2263 com-

1859 2299 2056 2359 mutat,
2083 2295 2255 2350 multo
2285 2298 2461 2367 magis
2491 2299 2702 2353 nullum
2733 2306 2818 2354 est
2857 2299 3190 2355 inﬁrmitatis
3232 2316 3424 2372 genus,

1856 2385 2001 2455 quod
2037 2400 2144 2440 non
2186 2388 2386 2443 anima
2419 2389 2474 2444 in
2512 2391 2602 2454 iis,
2627 2407 2748 2462 qua
2776 2392 2841 2445 ad
2879 2393 3133 2447 virtutem
3173 2393 3424 2451 attinent.

1855 2473 2072 2528 cultura
2118 2490 2380 2545 superare
2420 2479 2616 2549 possit,
2665 2480 2720 2533 in
2758 2478 2977 2537 Christo
3013 2480 3142 2537 Iesu
3197 2481 3426 2536 Domino

1855 2570 2070 2628 nostro,
2104 2566 2195 2619 cui
2242 2567 2418 2637 gloria
2440 2576 2496 2623 et
2524 2576 2770 2638 potestas
2801 2587 2971 2636 nunc,
3007 2583 3062 2626 et
3102 2589 3337 2644 smnper,
3371 2582 3426 2628 (ιι

1853 2652 1908 2708 in
1941 2656 2137 2711 sacula
2165 2658 2514 2714 saeculorum.
2545 2659 2739 2716 Amen.

1998 2789 2098 2842 DE
2144 2791 2516 2864 DOCTBINA
2572 2793 2668 2850 ET
2715 2795 3277 2853 ΑΠΜΟΝΙΤΙΟΝΕ.

2467 2906 2699 2964 SERMO
2747 2909 2809 2965 Il.

1925 3018 1973 3070 1.
2006 3017 2081 3087 (2)
2113 3017 2170 3074 Si
2211 3035 2277 3075 ex
2327 3028 2407 3075 tot
2441 3022 2935 3087 exhortationibus,
2972 3041 3024 3079 .u
3067 3026 3264 3094 quibus
3305 3034 3420 3082 tum

1851 3108 2130 3180 praterito
2168 3116 2415 3180 tempore
2465 3128 2565 3168 vos
2606 3113 2982 3169 indesinenter
3027 3116 3300 3171 adhortati
3333 3135 3425 3174 su-

174 3218 301 3270 μεν,
330 3202 423 3256 καὶ
450 3201 644 3271 ἐφεξῆς
678 3201 788 3254 τῶν
826 3201 965 3255 ἐπτά
1009 3203 1112 3273 τῆς
1152 3204 1402 3274 νηστείας
1439 3205 1746 3275 ἑϐδομάδων

1856 3216 1994 3264 mus,
2023 3208 2137 3254 tum
2165 3210 2352 3271 postea
2389 3219 2485 3275 per
2511 3205 2612 3260 has
2637 3215 2844 3277 septem
2863 3207 3195 3277 jejuniornm
3223 3210 3428 3266 hebdo—

171 3293 369 3357 νυκτὸς
395 3295 490 3348 καὶ
517 3295 730 3368 ἡμέρας
753 3295 1238 3368 διαμαρτυρόμενοι
1270 3298 1396 3369 ὑμῖν
1419 3299 1480 3352 τὸ
1507 3299 1754 3367 Εὐαγγέ-

170 3397 288 3437 Αιον
330 3385 430 3455 τῆς
471 3385 690 3456 χάριτος
732 3385 824 3439 τοῦ
873 3387 1006 3441 Θεοῦ
1039 3388 1140 3440 οὐκ
1177 3388 1555 3458 ἐπαυσάμεθα,
1593 3389 1748 3442 οὐδὲν

175 3476 403 3544 γέγονεν
442 3476 652 3546 ἧφελος,
703 3478 796 3531 ἐπὶ
826 3477 1009 3541 ποίαις
1053 3479 1232 3532 ἐλπίσι
1266 3479 1629 3550 διαλεχθῶμεν
1656 3481 1750 3550 σή-

170 3585 373 3639 μερον;
413 3569 564 3622 Ἐπεὶ
593 3569 684 3622 καὶ
711 3569 973 3640 γεωργὸς,
1003 3569 1112 3623 τῶν
1138 3569 1368 3642 πρῶτων
1402 3569 1550 3640 αὐτῷ
1576 3587 1748 3641 σπερ-

171 3659 364 3728 μάτων
415 3660 487 3730 μὴ
537 3661 876 3730 ἐκφυέντων,
930 3661 1284 3733 όκνηρότερός
1329 3663 1444 3714 ἐστι
1500 3660 1639 3731 πρὸς
1684 3661 1749 3714 τὸ

166 3748 428 3820 δεύτερον
463 3754 580 3814 ταῖς
607 3751 792 3814 αὐταῖς
819 3751 1076 3823 ἀρούραις
1129 3752 1288 3806 πάλιν
1329 3751 1744 3820 ἐγκαταϐαλεῖν.

170 3843 340 3896 Ὥστε
381 3843 486 3897 κᾶν
527 3843 826 3915 ἐσιώπησα,
863 3841 921 3898 εῦ
958 3845 1093 3909 ῐστε,
1132 3847 1181 3897 εί
1223 3845 1297 3915 μὴ
1338 3843 1648 3915 ἐφοϐούμην
1685 3843 1749 3896 τὸ

167 3934 478 4004 ὑπόδειγμα
519 3935 814 4006 Ἰερεμίου⁶
842 3936 900 3999 ὃς
937 3935 1074 4008 πρὸς
1109 3935 1305 4006 ἀπειθῆ
1348 3935 1474 3987 λαὸν
1520 3934 1748 4004 φθέγγε-

170 4023 302 4076 σθαι
351 4023 425 4094 μὴ
455 4024 790 4095 βουλόμενος,
825 4024 1023 4078 ἔπαθεν
1056 4027 1236 4078 ἐκεῖνα
1273 4025 1415 4095 ἆπερ
1472 4023 1633 4086 αὐτὸς
1666 4023 1746 4076 δι-

166 4116 440 4188 ηγήσατο,
495 4118 576 4170 ὅτι
616 4117 828 4186 ἐγένετο
882 4116 1029 4187 αὐτῷ
1070 4115 1181 4187 πῦρ
1224 4118 1282 4169 ἐν
1330 4119 1442 4179 τοῖς
1471 4115 1741 4184 ἐγκὰτοις,

164 4208 273 4262 καὶ
300 4210 523 4278 παρεῖτο
557 4207 837 4270 πάντοθεν,
859 4208 952 4262 καὶ
981 4209 1080 4262 οὐκ
1099 4207 1329 4279 ἠδύνατο
1351 4208 1556 4279 φέρειν.
1593 4207 1745 4260 Ἐπεὶ

165 4298 287 4370 γάρ
335 4299 494 4368 φύσει
546 4299 714 4370 ἀρετὴ
762 4298 959 4366 λόγου,
1010 4300 1145 4369 μήτε
1199 4299 1436 4370 ἀσαφείᾳ
1479 4297 1744 4370 κρύπτειν

158 4388 244 4442 τὰ
279 4388 664 4459 σημαινόμενα,
699 4391 833 4459 μήτε
876 4389 1124 4460 περιττὸν
1174 4384 1310 4442 εἶναι
1362 4391 1456 4443 καὶ
1494 4390 1740 4459 μάταιον,

161 4479 297 4549 είκῆ
343 4483 454 4544 τοῖς
504 4480 789 4550 πράγμασι
846 4481 1233 4552 περιρῤέονταο
1287 4482 1348 4534 οὐ
1399 4481 1562 4534 καλὸν
1611 4481 1740 4551 περὶ

161 4571 382 4628 πολλῶν
427 4570 658 4634 εἰσάπαξ
702 4570 1061 4642 διαλεχθῆναι,
1115 4573 1186 4643 μή
1228 4590 1356 4625 ποτε
1394 4574 1460 4644 τῇ
1502 4572 1739 4644 ἀμετρίᾳ

158 4663 274 4718 τοῦ
327 4665 484 4734 λόγου
542 4665 786 4737 ἀχρηστα
834 4667 974 4736 φανῇ
1023 4665 1092 4719 τὰ
1154 4667 1454 4735 φιλοπόνως
1505 4667 1739 4720 συνειλε-

157 4759 371 4829 γμένα.
415 4759 700 4812 ’Δτονοῦσα
731 4759 838 4831 γὰρ
866 4762 900 4831 ἡ
931 4759 1136 4813 διάνοια
1175 4760 1389 4813 πάντων
1415 4757 1549 4830 ὁμοῦ
1582 4775 1739 4829 περι-

157 4847 490 4920 δράξασθαι,
547 4848 731 4918 ὅμοιον
771 4849 969 4918 πάσχει
1010 4849 1246 4919 γαστρὶ,
1289 4847 1376 4901 διέι
1427 4849 1526 4918 τὴν
1579 4849 1742 4918 ὑπερ·

158 4939 332 5011 ϐολὴν
378 4939 473 4993 τοῦ
518 4939 701 5010 κόρου,
743 4941 823 5002 είς
873 4939 1035 5008 πέψιν
1077 4941 1302 5008 ἀγαγεῖν
1342 4941 1410 4994 τά
1443 4956 1736 5010 παραπεμ-

157 5033 372 5102 φθεντα
412 5029 485 5101 μὴ
529 5031 818 5105 δυναμένῃ.
868 5031 1049 5084 Βίαιον
1090 5031 1188 5102 μὲν
1229 5031 1338 5102 γὰρ
1396 5032 1625 5103 μάθημα
1671 5035 1732 5087 οὐ

156 5122 378 5190 πέφυκε
425 5119 778 5189 παραμένειν,
818 5119 879 5172 τδ
908 5119 966 5172 δὲ
1007 5120 1145 5190 μετά
1185 5120 1427 5190 τέρψεως
1457 5122 1552 5174 κα)⁵
1575 5123 1734 5193 χάρι-

153 5225 253 5270 τος
287 5206 628 5276 είσδυόμενον
647 5205 1013 5278 μονιμιὶγτερόν
1041 5225 1157 5272 πως
1186 5211 1300 5272 ταῖς
1327 5208 1526 5280 ψυχαῖς
1560 5210 1735 5275 ἐνιιζά-

232 5383 282 5414 "
303 5380 507 5437 Jcrem.
544 5395 635 5442 xx,
668 5379 724 5433 9.

237 5539 316 5608 (l)
355 5535 436 5608 Ex
476 5539 625 5592 hom.
668 5555 697 5590 ν
734 5540 789 5591 in
820 5537 1096 5602 ﬂexum,
1135 5538 1226 5592 46.

349 5607 424 5693 Et
447 5609 604 5693 _hom.
636 5625 723 5664 xrv
755 5625 810 5662 ιη
833 5609 1088 5674 ebriosos,
1130 5608 1252 5664 122.

239 5681 322 5744 r5)
351 5672 480 5730 Ibid.

230 5751 312 5820 (ιι)
348 5748 504 5812 Ibid,
539 5746 656 5801 125.

1847 3293 2036 3347 madas
2091 3301 2257 3350 nocte
2293 3310 2359 3350 ac
2403 3295 2494 3352 die
2534 3296 2888 3370 Evangelium
2946 3303 3132 3372 gratiae
3169 3301 3264 3357 Dei
3299 3303 3419 3359 sine

1847 3385 1954 3438 ulla
2005 3386 2408 3444 intermissione
2456 3390 2614 3446 vobis
2666 3391 3152 3460 dcnuntiavimus,
3203 3395 3417 3452 fructus

1847 3476 2030 3532 nullus
2079 3479 2338 3549 nullaque
2381 3481 2591 3537 utilitas
2626 3485 2849 3540 emersit
2883 3503 2896 3538 :
2928 3501 3035 3556 qua
3063 3502 3160 3557 spe
3205 3502 3417 3544 sermo-

1846 3583 1971 3622 nem
2017 3569 2180 3625 hodie
2227 3571 2598 3626 habebimus?
2653 3573 2730 3644 (3)
2779 3572 2916 3628 Nam
2966 3583 3021 3629 et
3073 3577 3314 3646 agricola
3368 3580 3416 3632 si

1847 3660 2033 3730 priora
2083 3660 2294 3716 semina
2328 3671 2489 3715 enata
2535 3678 2644 3717 non
2681 3663 2812 3728 sint,
2845 3664 2912 3718 ad
2950 3666 3098 3720 aliud
3135 3682 3320 3723 semen
3359 3669 3415 3723 in

1845 3751 2040 3806 iisdem
2072 3755 2220 3806 arvis
2248 3768 2442 3809 rursus
2473 3755 2840 3825 spargendum
2865 3757 3083 3826 segnior
3111 3767 3197 3814 est
3223 3768 3277 3814 et
3301 3767 3415 3814 tar-

1845 3841 1989 3898 dior.
2035 3843 2114 3913 (4)
2163 3842 2344 3908 Quare
2389 3843 2554 3898 etiam
2609 3846 2939 3910 tacuissem,
2989 3847 3123 3903 mihi
3171 3850 3410 3910 credite.

1847 3932 1953 3988 nisi
1998 3932 2247 3989 Ieremia
2282 3934 2587 3991 timuissem
2624 3937 2929 4007 exemplum
2968 3957 2982 3992 :
3031 3939 3124 4008 qui
3171 3955 3296 3995 cum
3343 3942 3411 3996 ad

1845 4024 2103 4093 populum
2137 4035 2515 4081 contumacem
2559 4028 2726 4082 verba
2777 4029 2958 4084 facere
2993 4032 3184 4097 nollet,
3214 4049 3410 4103 passus

1844 4124 1929 4171 cst
1972 4133 2094 4186 qua
2139 4118 2258 4188 ipse
2305 4129 2575 4182 recenset,
2623 4122 2767 4190 quod
2812 4121 2990 4179 factus
3033 4132 3117 4179 est
3168 4126 3310 4196 ignis
3354 4127 3410 4181 in

1843 4209 1964 4276 ejus
1985 4209 2290 4265 visceribus
2305 4249 2322 4273 ,
2367 4226 2432 4266 ac
2455 4212 2694 4282 undique
2715 4213 3138 4283 dissolvebatur,
3155 4234 3252 4274 nec
3269 4219 3411 4276 ferre

1843 4307 2059 4369 poterat
2083 4302 2150 4353 “.
2169 4301 2245 4372 (5)
2274 4299 2408 4356 Nam
2427 4303 2472 4357 si
2502 4305 2752 4360 naturale
2776 4309 3043 4362 sermonis
3077 4325 3278 4367 munus
3303 4322 3406 4377 est,

1844 4405 2023 4459 neque
2065 4391 2404 4447 obscuritate
2439 4407 2504 4447 ea
2545 4409 2668 4464 qua
2708 4394 3086 4466 signiﬁcantur
3109 4401 3405 4466 occultare,

1843 4485 2022 4549 neque
2073 4497 2535 4552 supervacaneum
2575 4500 2698 4540 esse
2741 4492 2798 4542 et
2839 4503 3074 4550 vanum,
3110 4505 3174 4546 ac
3203 4499 3409 4548 temere

1843 4576 2008 4631 rebus
2040 4576 2418 4632 circumﬂuum
2446 4596 2458 4632 :
2497 4577 2575 4650 (6)
2607 4594 2719 4635 non
2743 4580 3000 4636 decorum
3027 4591 3133 4646 est,
3165 4582 3234 4638 de
3268 4586 3409 4638 mul-

1845 4669 1914 4724 tis
1945 4668 2107 4723 simul
2153 4669 2444 4734 disserere,
2500 4687 2569 4726 ne
2602 4669 2742 4727 forte
2769 4671 3125 4728 immoderato
3154 4688 3408 4729 sermone

1840 4759 2053 4814 inutilia
2097 4760 2360 4824 evadant,
2403 4777 2526 4832 qua
2571 4762 2860 4833 diligenter
2889 4777 2953 4818 ac
2994 4765 3240 4821 studiose
3293 4767 3408 4822 col-

1842 4849 1981 4904 lecta
2025 4859 2174 4905 sunt.
2209 4851 2363 4907 Mens
2392 4853 2538 4907 enim
2580 4869 2717 4926 qua_
2742 4853 3212 4924 apprehendendis
3243 4856 3407 4913 simul

1841 4943 2096 4998 omnibus
2144 4945 2320 5014 impar
2367 4953 2476 5008 est,
2523 4945 2673 5001 haud
2699 4947 2862 5002 aliter
2891 4962 2952 5004 se
2982 4949 3147 5003 habet
3178 4963 3244 5005 ac
3273 4965 3406 5004 ven-

1843 5041 1948 5094 ter,
1988 5033 2084 5102 qui
2135 5033 2206 5086 ob
2256 5034 2482 5088 nimiam
2531 5035 2880 5092 saturitatem
2944 5048 3193 5108 sumptos
3251 5039 3405 5093 cibos

1839 5137 2187 5193 concoquere
2229 5141 2339 5180 non
2386 5133 2588 5196 potest.
2625 5127 2702 5199 (7)
2733 5127 2839 5184 Vix
2871 5131 3016 5186 enim
3040 5131 3241 5185 durare
3271 5134 3406 5186 solet

1839 5214 1985 5284 quod
2031 5215 2232 5270 invitus
2266 5215 2525 5272 didiceris
2561 5236 2574 5271 :
2612 5220 2757 5288 quod
2787 5228 2970 5276 autem
3009 5220 3250 5292 jucunde
3276 5239 3407 5278 sua-

1908 5542 1987 5622 (5)
2022 5541 2094 5622 εκ
2117 5511 2554 5622 _bom._in__illl_td._
2574 5547 2798 5622 Attende
2824 5553 2917 5606 tibi
2957 5555 3079 5622 ipsi.
3111 5558 3193 5608 ιτς.

2024 5612 2097 5694 Ex
2117 5613 2258 5694 imm.
2278 5614 2331 5694 in
2351 5616 2501 5694 illud,
2523 5616 2588 5671 In
2604 5621 2861 5694 ηνίηεὶρὶο
2878 5612 2991 5677 erat
3023 5627 3258 5694 Verbum,
3286 5629 3408 5688 158.

1923 5682 1995 5752 ιτ)
2027 5681 2101 5736 Ex
2121 5682 2270 5738 hom.
2301 5686 2353 5738 in
2383 5688 2518 5756 psal.
2547 5681 2705 5754 1,—9l.
