3878 6222
460 360 599 418 ιιω

1369 355 1734 414 ΑΡΡΕΝΒΙΧ.
1776 387 1843 396 -
1875 352 2223 410 ΒῩΜΕΟΝἶδ
2263 349 2808 408 ΜΕΤΛΡΙΙΒᾹΞΤΕ

3518 348 3634 403 H56

457 476 702 544 vltorque
744 480 1024 543 acceptum
1069 480 1174 536 est,
1221 471 1469 531 tenacius
1503 470 1558 524 in
1590 468 1787 524 animis
1816 465 2021 521 nostris

2147 484 2225 521 νει.
2278 466 2379 519 Διὰ
2442 464 2600 517 τοῦτο
2642 461 2736 515 καὶ
2783 459 2843 513 τὸ
2891 460 2953 511 ἐκ
3003 457 3101 527 τῆς
3156 456 3411 528 μελῳδίας
3447 458 3639 527 ceptiva

460 568 682 622 insidet.
732 566 809 638 (i)
860 565 1201 635 Quapmpter
1244 570 1303 618 et
1338 562 1685 633 dogmatibus
1728 559 2025 615 immiscuit

459 659 757 715 harmoniae
789 657 1155 721 dulcedinem,
1201 664 1260 710 ut
1289 654 1542 710 audiendi
1576 652 1922 724 jucunditate
1960 664 2026 705 ac

461 750 749 807 dulcedine
816 751 1156 820 eloquiorum
1225 748 1513 803 utilitatem
1579 762 1611 801 e
1676 742 2026 801 sermonibus

464 844 694 898 latenter
718 842 1120 911 perciperemus
1151 858 1165 894 :
1199 840 1342 895 haud
1374 842 1534 894 aliter
1561 847 1726 909 atque
1747 838 2027 908 sapientes

463 932 681 995 medici,
712 934 805 1004 qui
846 933 1241 988 nauseantibus
1281 933 1552 1001 potionem
1583 932 1907 985 amariorem
1932 927 2029 982 da-

465 1024 595 1085 turi,
648 1024 848 1092 saapius
902 1023 1128 1077 calicem
1188 1022 1347 1076 melle
1399 1020 1829 1078 circumliniunt.
1903 1015 2029 1071 Ideo

464 1116 720 1171 concinni
765 1116 844 1169 illi
892 1115 1225 1185 psalmorum
1259 1121 1560 1169 concentus
1603 1112 1894 1183 excogitati
1931 1124 2030 1164 no-

465 1207 550 1261 bis
581 1213 727 1270 sunt,
750 1215 811 1259 ut
835 1206 927 1276 qui
953 1208 1106 1275 pueri
1131 1212 1456 1269 suntmtate,
1486 1213 1577 1259 aut
1606 1205 1770 1260 etiam
1802 1203 2030 1257 omnino

466 1298 709 1351 moribus
746 1296 997 1366 juvenes,
1052 1295 1106 1349 in
1131 1296 1387 1365 'speciem
1438 1295 1658 1363 quidem
1692 1299 1936 1353 cantent,
1970 1305 2033 1345 re

469 1390 648 1439 autem
675 1398 801 1438 vera
833 1383 1034 1439 animis
1073 1384 1413 1439 erudiantur.
1444 1383 1519 1453 ('2)
1541 1382 1672 1436 Nam
1690 1389 1745 1437 et
1764 1394 2028 1451 equorum

469 1472 768 1527 domitores
800 1486 907 1526 non
948 1473 1135 1528 statim
1164 1471 1374 1526 feroces
1406 1472 1585 1540 pullos
1621 1470 1791 1525 frenis
1825 1474 2032 1537 angunt

469 1567 524 1614 et
571 1561 881 1629 exagitant;
953 1562 1035 1616 sic
1088 1561 1232 1614 enim
1295 1561 1643 1615 recalcitrare
1702 1568 1757 1613 et
1816 1558 2032 1626 equites

470 1660 725 1706 excutere
756 1652 1051 1706 educentur
1092 1668 1105 1704 :
1151 1650 1319 1721 478
1345 1651 1440 1706 sed
1481 1649 1736 1704 cedentes
1774 1650 2031 1721 primum,

470 1748 525 1796 et
577 1740 645 1795 ad
697 1756 885 1796 eorum
935 1740 1193 1810 impetum
1243 1756 1364 1796 sese
1407 1739 1903 1806 accommodantes,
1941 1738 2034 1793 ubi

472 1846 660 1887 eorum
703 1833 953 1888 ardorem
996 1847 1095 1887 suo
1139 1833 1382 1902 ipsorum
1425 1834 1630 1902 impetu
1675 1840 1839 1902 atque
1871 1832 2033 1887 vebe-
2064 1807 2108 1863 Β

474 1924 679 1979 mentia
737 1923 970 1978 fractum
1032 1932 1087 1978 et
1141 1925 1469 1979 exhaustum
1528 1922 2034 1988 animadverterint,

475 2028 606 2069 tunc
636 2014 894 2070 subactos
926 2013 1417 2084 apprehendentes,
1450 2014 1574 2070 illos
1597 2014 1710 2084 jam
1741 2028 1838 2084 per
1865 2021 2037 2068 artem

475 2105 710 2162 reddunt
761 2106 1184 2161 tractabiliores.
1264 2106 1340 2177 (5)
1397 2105 1501 2172 Qui
1557 2106 1703 2162 enim
1754 2105 2042 2176 diligenter

475 2214 542 2253 ex
593 2212 920 2268 quacunque
969 2211 1029 2251 re
1085 2197 1372 2253 utilitatem
1425 2198 1707 2268 colligunt,
1758 2196 1828 2252 iis
1884 2195 2042 2267 quasi

477 2290 688 2357 magnis
749 2272 1065 2343 lluniinibus
1128 2288 1307 2344 solent
1355 2289 1719 2359 undecunque
1775 2287 1892 2344 ﬁeri
1946 2302 2042 2342 ac-

477 2384 756 2438 cessiones
805 2383 1002 2437 multa.
1058 2380 1194 2436 Nam
1236 2397 1464 2453 parvum
1511 2398 1679 2453 parvo
1724 2381 2040 2452 adiungere,

479 2490 586 2527 non
632 2474 809 2542 magis
845 2473 913 2527 ad
954 2474 1199 2543 pecunia:
1241 2473 1743 2544 ampliﬁcationem,
1777 2488 1941 2538 quam
1975 2471 2044 2526 ad

480 2565 776 2634 quamlibet
829 2565 1173 2635 disciplinam
1233 2565 1543 2636 quadrare,
1607 2565 1860 2635 prudenti
1928 2564 2045 2619 viro

480 2656 655 2711 videri
691 2655 868 2711 debet.

546 2748 603 2802 2.
634 2749 712 2821 (4)
737 2747 892 2813 Quod
922 2747 1066 2804 enim
1096 2748 1283 2803 labore
1311 2753 1523 2818 partum
1552 2753 1656 2810 est,
1689 2760 1814 2800 cum
1848 2743 2047 2816 gaudio

483 2842 806 2911 suscipitur,
861 2849 915 2896 et
977 2841 1264 2911 diligenter
1323 2846 1682 2895 conservatur
1734 2857 1747 2893 ε
1809 2845 2046 2902 contra,

482 2949 606 3001 qua:
642 2933 802 2987 facile
843 2939 1253 3002 comparantur,
1293 2942 1357 2985 ea
1406 2945 1529 2985 cum
1576 2937 1887 2998 contemptu
1923 2943 2049 2997 pos-

483 3023 751 3080 sidentur.
797 3023 873 3094 (5)
924 3021 1387 3088 Quemadmodum
1418 3022 1584 3092 igitur
1637 3034 1745 3073 non
1797 3019 2048 3075 invidens

483 3116 643 3178 nobis
697 3115 1011 3185 adjumenta
1066 3114 1135 3169 ad
1179 3112 1488 3171 vivendum,
1533 3112 1716 3166 omnia
1759 3111 2046 3165 nobiscum
2076 3150 2121 3210 ϐ

484 3204 736 3261 similiter
777 3218 842 3259 ac
894 3219 1018 3258 cum
1056 3204 1251 3259 belluis
1294 3203 1444 3257 nasci
1489 3199 1683 3271 Opifex
1721 3210 1909 3255 noster
1938 3216 2048 3255 non

485 3297 775 3369 permisit,
853 3296 948 3353 scd
992 3297 1228 3366 inopiam
1276 3309 1459 3349 rerum
1508 3293 1939 3349 necessariarum
1982 3293 2051 3346 ad

485 3387 767 3442 industria:
806 3399 1008 3441 nostrae
1045 3383 1495 3439 exercitationem
1537 3382 1882 3436 machinatus
1929 3388 2048 3437 est:

487 3479 562 3535 ita
610 3486 667 3533 et
720 3480 774 3532 in
839 3476 1141 3548 Scripturis
1194 3474 1583 3532 obscuritatem
1638 3471 1707 3526 ad
1761 3472 2049 3527 utilitatem

487 3572 708 3637 mentis,
755 3569 1003 3625 excitans
1046 3567 1195 3621 illius
1250 3564 1645 3634 intelligentia
1673 3562 1804 3627 vim,
1866 3563 2049 3618 inesse

486 3660 659 3716 voluit
688 3677 704 3726 ;
747 3657 984 3729 primum
1028 3655 1268 3728 quidem,
1313 3663 1372 3709 ut
1408 3655 1495 3709 his
1531 3661 1821 3723 occupata,
1851 3669 1879 3707 a
1911 3654 2056 3710 dete-

487 3752 730 3807 rioribus
776 3759 1074 3816 avocetur;
1118 3746 1315 3803 deinde
1347 3747 1474 3816 quia
1516 3746 1704 3801 labore
1744 3753 1899 3815 parta
1940 3761 2057 3800 ma-

487 3843 570 3914 gis
608 3848 882 3904 amantur,
915 3853 1144 3909 qumque
1175 3840 1337 3907 longo
1391 3844 1639 3906 tempore
1673 3838 2053 3904 acquiruntur,

487 3934 831 3999 constantius
878 3936 1196 4001 permanent
1228 3948 1241 3983 :
1280 3942 1402 3998 qua:
1442 3934 1622 3981 autem
1666 3923 1825 3979 facile
1855 3940 2055 3995 paran-

489 4037 598 4090 tur,
649 4026 749 4082 his'
783 4038 894 4078 non
952 4021 1180 4093 perinde
1240 4019 1398 4073 avide
1441 4018 1696 4073 fruimur.
1757 4015 2060 4087 Negligitur

488 4117 633 4171 enim
675 4130 857 4171 rerum
900 4113 1185 4169 obviarum
1221 4111 1400 4181 copia,
1439 4123 1616 4178 neque
1661 4108 1768 4162 ulla
1806 4108 2059 4163 custodia

491 4208 684 4278 dignas
714 4206 887 4273 ducit,
919 4206 1016 4275 qui
1054 4203 1322 4274 possidet.
1372 4201 1451 4270 (6)
1484 4198 1667 4271 Turpe
1701 4214 1938 4269 namque
1974 4207 2060 4253 est

497 4299 727 4367 rejicere
767 4297 919 4352 cibos
955 4296 1254 4357 exitiosos,
1298 4293 1712 4362 disciplinarum
1758 4306 1890 4346 vero
1939 4305 2061 4360 qua:

499 4392 736 4446 animam
785 4396 1029 4443 nostram
1080 4389 1353 4450 nutriunt,
1392 4386 1660 4441 rationem
1709 4383 1912 4437 nullam
1966 4381 2063 4435 ha-

2124 560 2233 621 τοῖς
2273 557 2536 626 δόγμασιν
2581 552 2931 623 ἐγκατέμιξεν
2953 589 2969 613 ,
3020 550 3112 603 ἵνα
3155 547 3233 617 τῷ
3284 552 3522 618 προσηνεῖ
3565 550 3644 601 καὶ

2124 647 2251 719 λείῳ
2274 649 2367 719 τῆς
2402 648 2570 717 ἀκοῆς
2615 645 2676 698 τὸ
2721 647 2784 698 ἐκ
2834 644 2942 697 τῶν
2981 642 3156 710 λόγων
3202 641 3462 711 ὠφέλιμον
3488 640 3647 694 λανθα-

2125 741 2320 805 νόντως
2348 737 2749 810 ὑπώεχιῦμεθα,
2778 736 2918 790 κατὰ
2956 734 3082 797 τοὺς
3106 732 3295 801 σοφοὺς
3332 732 3436 784 τῶν
3462 732 3648 803 ἰατρῶν,

2126 833 2175 886 οἳ
2214 832 2321 886 τῶν
2362 830 2664 900 φαρμάκων
2711 828 2781 881 τὰ
2834 825 3203 896 αὐστηρότερα
3246 823 3415 875 πίνειν
3458 821 3651 885 διδόντες

2126 927 2238 987 τοῖς
2281 923 2606 982 κακοσίτοις,
2659 919 2831 989 μέλιτι
2873 916 3129 979 πολλάκις
3159 914 3257 986 τὴν
3304 914 3491 967 κύλικα
3525 928 3653 981 περι-

2128 1016 2360 1087 χρίουσι.
2391 1012 2489 1066 Διὰ
2518 1013 2677 1065 τοῦτο
2702 1011 2797 1065 καὶ
2841 1008 2913 1062 τὰ
2937 1007 3230 1079 ἐναρμόνια
3262 1006 3393 1076 μέλη
3425 1003 3523 1056 τῶν
3545 1001 3656 1071 ψαλ-

2133 1107 2250 1179 μῶν
2284 1107 2415 1176 ἡμῖν
2441 1102 2798 1171 ἐπινενόηται,
2835 1100 2922 1153 ἵνα
2948 1097 3026 1161 ὡς
3056 1099 3108 1150 οἱ
3144 1097 3330 1157 παῖδες
3359 1094 3431 1164 (7)
3456 1093 3543 1162 τὴν
3565 1091 3659 1161 ἡλι-

2130 1201 2273 1257 κίαν,
2313 1197 2347 1269 ἢ
2391 1197 2484 1249 καὶ
2520 1196 2655 1255 ὅλως
2691 1194 2738 1246 οἱ
2787 1191 2967 1263 νεαροὶ
2995 1190 3055 1242 τὸ
3097 1184 3249 1259 ἦθος,
3286 1185 3365 1256 τῷ
3394 1185 3485 1254 μὲν
3514 1183 3660 1235 δοκεῖν

2135 1287 2431 1360 μελῳδῶσι,
2462 1288 2526 1356 τῇ
2561 1286 2618 1338 δὲ
2646 1283 2872 1354 ἀληθεία
2901 1281 2999 1344 τὰς
3030 1279 3206 1350 ψυχὰς
3251 1275 3661 1330 ἐκπαιδεύωνται.

2132 1380 2242 1435 Καὶ
2283 1378 2391 1449 γὰρ
2430 1378 2481 1432 οἱ
2522 1374 2867 1446 πωλοδάμναι
2897 1373 3021 1435 τοὺς
3059 1369 3343 1439 δυσηνίους
3370 1367 3476 1419 τῶν
3503 1365 3664 1418 πώλων

2131 1472 2231 1525 οὐκ
2261 1470 2419 1533 εὐθὺς
2448 1469 2777 1537 κατάγχουσι
2817 1467 2930 1527 τοῖς
2969 1463 3225 1534 χαλινοῖς,
3270 1460 3392 1513 οὐδὲ
3438 1457 3666 1531 ἀνακρού-

2132 1580 2311 1617 ουσιν’
2352 1558 2713 1630 ἀναχαιτίζειν
2749 1556 2858 1629 γὰρ
2885 1555 3029 1609 οὕτω
3060 1555 3154 1607 καὶ
3198 1550 3538 1606 ἀποσείεσθαι
3564 1552 3667 1613 τοὺς

2135 1653 2396 1716 ἐπιϐάτας
2432 1652 2804 1705 διδάσκουσιν*
2852 1646 2986 1700 ἀλλᾶ
3014 1643 3401 1705 συνενδιδόντες
3422 1641 3515 1712 τὴν
3548 1640 3668 1713 πρώ-

2135 1762 2234 1815 την
2279 1734 2849 1812 καὶ’συνεξορμῶντες
2892 1739 3095 1799 αὐτοῖς,
3127 1733 3349 1787 ἐπειδὰν
3392 1732 3560 1785 ίδωσιν
3587 1731 3671 1783 ὑπὸ

2137 1834 2234 1907 τῆς
2256 1835 2460 1897 οἰκείας
2499 1831 2676 1904 ὁρμῆς
2714 1830 2808 1884 καὶ
2836 1828 2956 1900 βίας
2990 1827 3081 1879 τὸν
3110 1826 3279 1896 θυμὸν
3305 1822 3669 1883 ἀναλώσαντος.

2136 1929 2258 1981 τότε
2307 1925 2713 1997 παραλαϐόντες
2745 1918 3211 1990 δεδαμασμένους,
3265 1913 3671 1982 εὐπειθεστέρους

2140 2018 2351 2074 ποιοῦσι
2380 2017 2467 2072 διὰ
2491 2016 2593 2086 τῆς
2616 2015 2831 2085 τέχνης.
2864 2013 2987 2075 Τοῖς
3019 2010 3149 2079 γοῦν
3177 2007 3452 2079 ἐπιμελῶς
3486 2004 3541 2070 ἐξ
3568 2005 3673 2058 ἐκά-

2141 2128 2267 2164 στου
2299 2111 2396 2180 τὴν
2428 2108 2690 2178 ὠφέλειαν
2714 2104 3072 2177 ἀθροίζουσιν,
3103 2101 3293 2173 ὥσπερ
3321 2103 3433 2161 τοῖς
3462 2097 3675 2168 μεγάλοις

2140 2202 2245 2257 τῶν
2274 2201 2551 2273 ποταμῶν,
2579 2199 2773 2253 πολλαὶ
2815 2195 3058 2266 γίνεσθαι
3102 2192 3433 2263 πολλαχόθεν
3474 2189 3673 2261 προσθῆ-

2141 2311 2235 2348 και
2296 2293 2589 2363 πεφύκασι.
2646 2290 2718 2343 Τὸ
2772 2289 2880 2359 γὰρ
2938 2288 3032 2340 καὶ
3077 2284 3310 2355 σμικρὸν
3364 2282 3456 2336 ἐπὶ
3498 2277 3678 2351 σμικρῷ

2142 2382 2545 2444 κατατίθεσθαι,
2573 2381 2635 2434 οὐ
2667 2378 2864 2450 μᾶλλον
2902 2379 2978 2441 είς
3017 2375 3286 2446 ἀργυρίου
3337 2366 3677 2443 προσθήκηνῆ

2142 2477 2232 2528 καὶ
2260 2477 2337 2538 είς
2359 2470 2637 2545 ἡντιναοῦν
2661 2470 2991 2540 ἐπιστήμην,
3008 2466 3182 2539 ὀρθῶς
3209 2464 3462 2535 ἡγεῖσθαι
3482 2458 3679 2532 Exaudi)

2144 2563 2220 2634 τῷ
2251 2561 2663 2632 πεπυκνωμένῳ
2689 2557 2955 2630 προσῆκε.

2214 2742 2270 2796 2.
2303 2740 2377 2794 Τὸ
2430 2738 2538 2809 γὰρ
2600 2736 2748 2806 πόνῳ
2798 2731 3017 2802 κτηθέν,
3064 2726 3386 2801 περιχαρῶς
3432 2720 3678 2789 ὑπεδέχθη.

2146 2834 2241 2888 καὶ
2273 2829 2572 2901 φιλοπόνως
2617 2822 2978 2894 διεφυλάχθη·
3019 2814 3095 2873 ὧν
3143 2817 3332 2887 μέντοι
3378 2810 3682 2884 πρόχειροςό

2146 2923 2431 2995 πορισμὸς,
2460 2919 2665 2972 τούτων
2695 2920 2729 2988 ἡ
2769 2915 2960 2986 κτῆσις
2986 2908 3479 2980 εὐκαταφρόνητος.
3509 2905 3680 2995 Ὠσπερ

2147 2991 2261 3079 οὖν,
2289 2991 2411 3083 ουχὶ
2439 3009 2743 3082 βασκαίνων
2761 3009 2894 3078 ἡμῖν
2922 3003 3030 3058 τῶν
3057 3001 3195 3073 πρὸς
3220 3000 3287 3052 τὸ
3315 2997 3417 3068 ζῇν
3438 2991 3679 3066 ἀφορμῶν,

2151 3104 2543 3179 παραπλησίως
2569 3104 2682 3164 τοῖς
2723 3099 2936 3167 ἀλόγοις
2981 3086 3683 3179 συναπογεννηθῆναιλπάντα

2151 3198 2180 3250 ὁ
2209 3174 2547 3268 Ᾰημιουργὸς
2595 3190 2753 3263 ἡμῶν
2793 3189 2855 3242 οὐ
2888 3184 3279 3257 συνεχώρησεν,
3317 3180 3453 3235 ἀλλὰ
3492 3177 3583 3249 τὴν
3619 3174 3686 3268 ἐν·

2149 3266 2292 3343 δειαν
2338 3288 2446 3339 τῶν
2489 3282 2801 3352 ἀναγκαίων
2846 3279 3142 3350 γυμνάσιον
3184 3277 3322 3346 ἡμῖν
3362 3273 3464 3343 τῆς
3491 3266 3685 3326 διανοίεις

2152 3380 2564 3452 ἐμηχανήσατο·
2592 3375 2735 3429 οὕτω
2780 3375 2873 3427 καὶ
2903 3372 3003 3442 τὴν
3037 3373 3095 3423 ἐν
3142 3372 3262 3432 ταῖς
3308 3366 3545 3435 Γραφαῖς
3576 3359 3682 3452 ἀπὶ-

2153 3451 2310 3545 φειαν
2350 3472 2435 3524 ἐπ’
2482 3466 2718 3538 ὠφελείᾳ
2761 3464 2854 3518 τοῦ
2899 3462 3026 3527 νοῦ,
3068 3459 3356 3530 διεγείρων
3415 3451 3684 3545 αὑτοῦᾐτὴν

2154 3543 2463 3636 ἐνέργειαν,
2518 3557 2874 3628 ἐπετήδευσε·
2929 3554 3142 3623 πρῶτον
3211 3551 3313 3622 μὲν
3379 3550 3464 3602 ῐνα
3516 3543 3685 3602 τούτοις

2153 3650 2439 3723 ἐνασχολού
2448 3667 2605 3721 μενος
2635 3647 2743 3701 τῶν
2767 3645 3024 3718 χειρόνων
3056 3643 3365 3713 ἁφέλκηται
3383 3657 3397 3670 ·
3430 3641 3603 3693 ἔπειτα
3625 3637 3685 3688 ὅτι

2152 3744 2223 3799 τὰ
2260 3745 2405 3814 πόνῳ
2453 3740 2719 3810 κτηθέντα
2764 3738 2964 3809 μᾶλλον
3012 3735 3440 3806 προσαγαπᾶται
3465 3771 3480 3793 ,
3528 3729 3608 3782 καὶ
3635 3726 3685 3776 τὰ

2154 3833 2242 3888 διὰ
2277 3829 2488 3903 μακροῦ
2532 3829 2724 3900 χρόνου
2769 3825 3175 3898 προσγενόμενα
3220 3822 3580 3893 μονιμώτερον
3607 3833 3679 3868 τι·

2158 3923 2416 3994 ραμένειο
2445 3914 2522 3974 ὧν
2549 3920 2604 3972 δέ
2640 3917 2797 3989 ῥᾳδία
2839 3918 2872 3986 ή
2923 3915 3135 3985 κτῆσις,
3170 3913 3231 3965 οὐ
3263 3908 3688 3981 περισπούδαστος

2156 4016 2191 4085 ἡ
2230 4013 2549 4074 ἀπόλαυσις.
2599 4007 3086 4078 Εὐκαταφρόνητος
3126 4004 3235 4075 γὰρ
3284 4005 3320 4075 ἡ
3368 4002 3476 4056 τῶν
3519 3995 3688 4071 προχεί-

2162 4124 2267 4179 ρων
2295 4104 2585 4176 παρουσία,
2615 4102 2707 4156 καλ⁸
2734 4100 2987 4170 οὐδεμιᾶς
3017 4096 3264 4168 φυλακῆς
3306 4092 3585 4163 ἀξιουμένη
3598 4088 3687 4179 τοῖς

2158 4175 2391 4265 ἐχουσινζ
2448 4193 2682 4262 Αίσχρὺν
2726 4190 2804 4254 δὲ,
2856 4188 2964 4241 τῶν
3014 4187 3113 4258 μὲν
3157 4184 3342 4237 σιτίων
3388 4181 3455 4237 τὰ
3495 4175 3687 4251 βλαϐερὰ

2158 4284 2495 4341 διωθεῖσθαι’
2535 4282 2643 4334 τῶν
2669 4281 2726 4335 δὲ
2770 4278 3128 4362 μαθημάτων,
3157 4275 3195 4329 ἃ
3236 4274 3342 4345 τὴν
3371 4271 3541 4343 ψυχὴν
3565 4266 3687 4362 ἡμῶν

2160 4378 2368 4449 τρέφει,
2422 4373 2625 4446 μηδένα
2672 4358 2827 4440 λόγον
2878 4369 3053 4439 ἔχειν·
3103 4367 3216 4420 ἀλλ’
3267 4365 3458 4435 ὥσπερ
3504 4358 3689 4431 χειμαρ-

496 4483 646 4544 bere,
703 4479 798 4537 sed
850 4480 1110 4535 torrentis
1162 4480 1218 4533 in
1261 4494 1468 4533 morem
1524 4476 1789 4548 quidquid
1836 4475 2045 4530 obvium

2166 4472 2291 4540 ῥουν
2335 4460 2737 4536 κατασύροντας
2771 4462 2844 4533 (9)
2878 4462 3023 4515 ἅπαν
3059 4460 3118 4512 τὸ
3166 4451 3688 4548 ιιτροσετυγχάνον,.ἑειι⁹

494 4583 577 4629 est
606 4571 919 4636 trahentes,
958 4571 1012 4625 id
1055 4571 1109 4624 in
1144 4570 1386 4624 animum
1435 4569 1751 4625 recondere.
1795 4565 2064 4633 Quemad-

494 4663 716 4719 modum
763 4664 911 4718 enim
959 4662 1140 4716 mellis
1182 4673 1378 4715 natura
1432 4674 1542 4715 non
1596 4666 1808 4713 tantum
1848 4659 2063 4713 ratione

493 4754 733 4825 perspici
771 4760 950 4823 potest
985 4753 1054 4807 ab
1104 4752 1443 4820 inexpertis,
1500 4756 1764 4820 quantum
1828 4764 1900 4804 ex
1942 4749 2063 4818 ipso

496 4857 689 4918 gustus
726 4862 888 4903 sensu
922 4864 939 4912 ;
990 4845 1066 4899 ita
1103 4858 1206 4898 nec
1245 4842 1459 4898 bonitas
1506 4840 1749 4895 ctelestis
1800 4840 2064 4895 doctrinae

496 4941 636 4994 tradi
686 4938 935 4993 docendo
986 4944 1201 5006 potest,
1249 4934 1356 4989 nisi
1413 4932 1660 4987 veritatis
1717 4932 2064 5002 dogmatibus

497 5031 807 5086 accuratius
828 5029 1148 5099 exploratis,
1170 5025 1445 5097 possimus
1468 5024 1690 5094 propria
1722 5022 2064 5094 experientia

505 5121 808 5190 perspicere
850 5117 1064 5173 Domini
1094 5116 1427 5172 bonitatem.
1525 5127 1530 5134 '
1760 5123 1765 5129 ‘

573 5336 649 5407 (1)
685 5336 758 5407 Fx
792 5336 941 5390 hom.
976 5336 1027 5390 in
1065 5334 1202 5405 psal.
1237 5351 1276 5407 t_,
1311 5334 1399 5407 90.

567 5403 642 5477 (‘2)
680 5406 754 5460 Ex
789 5407 932 5461 hom.
960 5408 1026 5477 ἱη⁸
1045 5403 1202 5459 Mart.
1229 5404 1499 5477 Julitcem,
1538 5403 1628 5458 42.

572 5470 649 5543 (ὃ)
686 5477 759 5528 Ex
792 5492 958 5531 serm.
994 5475 1068 5529 De
1097 5474 1324 5543 legendis
1358 5475 1449 5527 lib.
1483 5485 1648 5543 geut.,
1698 5470 1821 5527 184.

575 5541 652 5615 μ)
687 5546 757 5597 l~‘.x
787 5547 980 5600 homil.
1013 5561 1071 5598 Ill
1105 5547 1158 5598 in
1194 5541 1586 5615 Hexaemq—il’i.

598 5616 653 5686 5)
690 5616 758 5686 En
793 5619 1179 5686 comniert._in
1207 5613 1496 5686 ls_a.._58‘2.

601 5682 654 5752 ϐ’)
689 5683 759 5735 Ex
797 5699 962 5737 scrin.
989 5684 1066 5751 De
1094 5683 1315 5753 legendis
1347 5684 1434 5737 lib.
1478 5691 1642 5751 gent..
1674 5682 1793 5736 l79.

604 5749 653 5821 7)
696 5754 792 5816 Ὠς
817 5757 867 5806 οἱ
895 5748 1119 5817 παῖδες.
1140 5748 1338 5806 Ῥτὶιιιίι
1364 5748 1550 5807 vocula
1584 5753 1778 5806 melius
1818 5748 1971 5804 deest
2014 5750 2068 5803 ιιι

2163 4559 2470 4614 ϐάλλεσθαι.
2511 4558 2597 4620 Ὠς
2626 4557 2734 4627 7&9
2758 4554 2851 4608 τοῦ
2884 4553 3098 4624 μέλιτος
3121 4552 3154 4621 ή
3201 4549 3364 4617 φύσις
3391 4548 3451 4600 οὐ
3479 4540 3693 4603 τοσοῦτον,

2159 4651 2413 4722 τῷλόγῳ
2463 4650 2684 4703 δύναται
2729 4645 3073 4716 παραστῆναι
3122 4644 3237 4704 τοῖς
3299 4640 3560 4710 ἀπείροις,
3597 4635 3689 4685 ὅσον

2162 4744 2254 4799 ἀπ’
2287 4742 2456 4813 αὐτῆς
2491 4741 2593 4810 τῆς
2633 4739 2775 4794 κατὰ
2818 4737 2917 4808 τὴν
2957 4735 3144 4804 γεῦσιν
3187 4733 3517 4802 αἰσθήσεωςο
3554 4724 3689 4783 οὕτως

2162 4833 2282 4886 οὐδὲ
2310 4835 2345 4903 ἡ
2381 4831 2683 4902 χρηστότης
2710 4827 2803 4882 τοῦ
2827 4827 3077 4897 οὐρανίου
3110 4824 3268 4891 λόγου
3291 4819 3531 4891 ἐναργῶς
3556 4820 3688 4882 ita?"

2162 4924 2382 4994 δοθῆναι
2424 4920 2789 4983 διδασκαλίαις
2836 4918 3078 4980 δύναται,
3121 4914 3217 4969 ἐὰν
3255 4913 3330 4984 μὴ
3372 4912 3439 4966 τὰ
3473 4911 3563 4978 τῆς
3590 4904 3690 4971 ἀληο

2164 5016 2315 5078 θείας
2368 5015 2611 5083 δόγματα
2660 5010 2914 5065 ἐπιπλὲον
2969 5008 3377 5078 βασανίσαντες,
3421 4999 3687 5070 δυνηθῶμεν

2165 5109 2230 5177 τῇ
2259 5104 2435 5176 οἰκείᾳ.
2473 5102 2638 5174 πείρᾳ
2677 5099 3001 5156 καταλαϐεῖν
3027 5098 3127 5168 τὴν
3151 5096 3245 5149 τοῦ
3276 5093 3478 5166 Κυρίου
3502 5083 3688 5162 χρηστό-

2165 5214 2320 5266 τητα.

2167 5338 2446 5387 contextu.

2234 5380 2563 5481 (δίἜκειγς.
2621 5393 2916 5481 Μοξίιιε-ίιι
2959 5397 3216 5447 contextu
3265 5384 3510 5459 ἡγεῖσθαι
3554 5380 3684 5449 ἔχειν.

2167 5465 2426 5524 Ριτὶιιιιιιιι
2442 5465 2661 5521 verlmm
2691 5465 2895 5518 deerat.

2242 5542 2316 5603 (9)
2348 5536 2713 5605 Χειμάρῤουν
2733 5532 3196 5605 κατασύρονζᾳς.
3216 5526 3307 5581 Sic
3332 5540 3434 5605 ope
3446 5525 3686 5605 contextus

2169 5597 2579 5693 emendavimus
2609 5604 2752 5675 quod
2772 5614 2900 5665 erat
2940 5597 2993 5657 iit
3034 5600 3196 5655 editis
3235 5597 3526 5669 χειμάρρου
3550 5600 3686 5641 κατα·

2172 5696 2236 5731 συ
2248 5695 2335 5748 ρον
2348 5695 2448 5739 ιος.
