3878 6222
261 330 398 387 1157

1066 336 1297 393 διειιιιο
1336 338 1401 394 Π.
1440 340 1601 395 -—DE
1643 340 1991 400 DOCTRINA
2032 340 2120 400 ET
2155 346 2645 404 ADMONITIONE.

3355 352 3497 407 “38

325 446 379 500 5.
411 445 515 499 Τοῦ
557 445 664 517 γάρ
692 447 1071 519 φιλανθρώπου
1098 449 1234 505 Θεοῦ
1261 454 1354 507 καὶ
1389 454 1638 526 Σωτῆρος
1668 457 1824 528 ἡμῶν

1996 461 2050 515 3.
2093 460 2173 530 (5)
2199 460 2336 515 Cum
2367 462 2510 517 enim
2544 462 2815 534 benignus
2845 462 2988 518 Deus
3021 470 3074 517 et
3110 461 3361 518 Salvator
3390 482 3491 518 ιη·-

267 537 441 607 Ἰησοῦ
472 538 704 609 Χριστοῦ
744 540 1018 608 λέγοντοςο
1053 544 1230 598 Δεῦτε
1267 547 1417 615 πρὸς
1446 547 1561 616 μὲ,
1606 550 1824 617 πάντες

1927 561 2041 608 ster
2064 552 2225 609 Jesus
2248 554 2501 609 Christus
2530 555 2676 609 dicat
2701 572 2716 610 :
2760 555 2938 608 Venite
2962 556 3032 608 ad
3059 573 3159 619 me,
3200 573 3376 611 omnes
3402 559 3491 626 qui

253 630 309 681 οὶ
339 627 663 694 κοπιῶντες
683 631 781 683 καὶ
809 633 1288 703 πεφορτισμένοι,
1314 637 1475 706 κάγὼ
1495 638 1826 692 ἀναπαύσω

252 712 436 781 ὑμᾶς·
463 715 562 766 οὐκ
587 714 868 770 ἀκίνδυνον
904 718 1241 775 ἀπωθεῖσθαι
1273 726 1399 788 τοὺς
1428 723 1505 796 τῷ
1530 727 1721 797 Κυρίῳ
1757 727 1825 781 δι’

252 802 409 872 ἡμῶν
446 804 799 871 προσιόντας,
833 809 926 862 καὶ
968 810 1219 865 ὑπελθεῖν
1245 815 1408 867 αὐτοῦ
1454 816 1546 870 τὸν
1591 819 1825 888 χρηστὸν

246 892 417 961 ζυγὸν
470 894 842 967 βουλομένους.
900 900 1174 972 Προσήκει
1228 903 1287 956 δὲ
1340 905 1432 959 τὸν
1485 908 1825 977 παρελθόντα

250 986 367 1054 βίον
412 988 519 1041 τῶν
568 989 897 1059 προσιόντων
946 993 1419 1064 καταμανθάνειν,
1453 997 1548 1050 καὶ
1591 993 1675 1062 οἷς
1724 1001 1823 1070 μὲν

244 1077 348 1149 ἤδη
389 1095 442 1132 τι
485 1078 873 1151 κατώρθωται,
906 1083 975 1137 τὰ
998 1084 1308 1157 τελειότερα
1339 1087 1448 1139 τῶν
1480 1088 1821 1159 διδαγμάτων

244 1169 632 1239 παραδιδόναι·
672 1172 800 1236 τοὺς
844 1172 902 1225 δὲ
959 1174 1024 1226 ἐκ
1074 1174 1189 1244 βίου
1242 1177 1480 1247 πονηροῦ
1538 1172 1672 1249 πρὸς
1731 1183 1822 1234 τὸν

243 1261 449 1331 ἀκριϐῆ
494 1261 604 1331 βίον
630 1263 730 1332 τῆς
760 1263 1088 1332 θεογνωσίας
1133 1269 1482 1339 ὁρμήσαντας
1511 1269 1821 1341 ἀνακρίνειν

241 1352 351 1424 χρὴ
376 1394 390 1416 ,
416 1355 587 1408 ὁποῖοι
613 1354 674 1408 τὸ
703 1352 835 1428 ἦθός
874 1360 980 1410 εἰσι
1000 1397 1014 1423 ,
1045 1358 1119 1430 μὴ
1152 1360 1401 1423 ἄστατοι,
1433 1363 1527 1415 καὶ
1563 1367 1699 1434 πρὸς
1722 1364 1821 1428 τὰς

242 1444 454 1512 κρίσεις
484 1447 777 1519 εὐκίνητοι.
821 1450 1101 1504 Ὕποπτον
1153 1452 1261 1522 γὰρ
1301 1453 1409 1508 τῶν
1459 1456 1713 1510 τοιούτων
1760 1459 1821 1511 τὸ

236 1535 630 1605 εὐμετάθετον·
667 1540 717 1592 οἳ
765 1541 902 1613 πρὸς
944 1542 1022 1613 τῷ
1057 1544 1223 1613 μηδὲν
1262 1545 1488 1610 ἐαυτούς
1519 1547 1814 1617 ὠφελῆσαι,

237 1622 324 1676 ἔτι
375 1626 468 1680 καὶ
524 1629 733 1700 ἑτέροις
779 1632 940 1686 αἴτιοι
994 1633 1198 1705 βλάϐης
1249 1635 1509 1704 γίνονται.
1562 1639 1713 1692 Ἐπεὶ
1761 1639 1818 1693 δὲ

237 1717 421 1771 πάντα
448 1720 732 1794 ἐπιμελείᾳ
764 1724 1118 1795 κατορθοῦται
1140 1765 1155 1790 ,
1187 1727 1280 1779 καὶ
1314 1727 1476 1797 φόϐος
1511 1729 1645 1783 Θεοῦ
1684 1747 1817 1785 παν-

234 1806 398 1861 τοίων
427 1808 825 1883 ἐλαττωμάτων
855 1816 1034 1885 ιτιυχῆς
1063 1816 1427 1886 περιγίνεται,
1462 1820 1581 1873 οὐδέ
1608 1821 1813 1876 τούτων
1844 1805 1888 1863 Β

234 1896 616 1965 ἀπογνωστέον
644 1901 806 1967 εὐθὺς
825 1943 840 1967 ,
866 1905 1002 1957 ἀλλά
1028 1904 1181 1974 ἄγειν
1211 1907 1407 1972 αὐτοὺς
1438 1910 1518 1972 εἰς
1550 1908 1620 1962 τὰ
1643 1927 1813 1981 προσ-

235 1987 441 2056 ήκοντα
479 1991 758 2060 γυμνάσια
789 1993 901 2057 δεῖ,
938 1995 1114 2066 χρόνῳ
1164 1997 1259 2050 καὶ
1306 2000 1584 2064 ἐπιπόνοις
1616 2001 1813 2069 ἀγωνί-

234 2094 409 2146 σμασι
436 2082 630 2152 πεῖραν
668 2082 766 2154 τῆς
802 2085 1034 2155 κρίσεως
1071 2085 1253 2140 αὐτῶν
1290 2086 1662 2158 λαμϐάνοντας
1688 2090 1762 2160 (1)
1793 2109 1807 2121 ’

230 2169 313 2233 ὡς
341 2170 433 2224 ἐάν
468 2189 524 2225 τι
568 2171 783 2243 βέϐαιον
835 2177 965 2246 παρ’
993 2177 1174 2241 αὐτοῖς
1206 2177 1484 2250 εὕρωμεν,
1515 2180 1811 2247 ἀκινδύνως

232 2261 434 2325 αὐτοὺς
456 2262 807 2333 προσίεσθαιο
840 2266 889 2319 εί
920 2266 977 2320 δὲ
1010 2268 1116 2340 μὴ,
1156 2269 1262 2336 ἔξω
1292 2270 1451 2336 ὄντας
1489 2275 1812 2346 ἀποπέμπε-

232 2354 396 2404 σθαι·
436 2352 576 2408 ὥστε
626 2356 935 2428 ἀξημίωτον
972 2359 1074 2430 τὴν
1125 2364 1321 2433 πεῖραν
1371 2367 1437 2436 τῇ
1491 2366 1810 2439 ἀδελφότητι

230 2441 501 2509 γίνεσθαι.
556 2445 659 2499 Τὸν
711 2447 769 2502 δὲ
812 2449 922 2502 άπό
970 2467 1116 2515 τινος
1172 2456 1632 2528 περιφανεστέρου
1694 2458 1808 2528 βίου

233 2533 373 2605 πρὸς
418 2535 515 2607 τὴν
558 2538 679 2591 καθ’
711 2540 968 2610 ὁμοίωσιν
1016 2543 1110 2595 τοῦ
1144 2544 1348 2616 Κυρίου
1381 2551 1807 2620 ταπεινοφροσύ-

230 2641 331 2693 νην
362 2627 715 2700 ἐπειγόμενον
750 2631 825 2702 (2)
853 2674 867 2698 ,
901 2632 1108 2705 ὁρίζειν
1137 2637 1241 2707 χρή
1286 2654 1408 2690 τινα
1445 2638 1552 2693 τῶν
1593 2640 1808 2694 ἐπονει-

225 2715 428 2771 δίστων
463 2714 604 2774 εἶναι
630 2721 927 2778 δοκούντων
966 2727 1120 2798 παρά
1144 2729 1257 2792 τοῖς
1286 2727 1484 2795 ἔξωθεν
1505 2772 1521 2797 ,
1556 2733 1651 2785 καὶ
1686 2733 1809 2788 ἐπι-

228 2811 419 2878 τηρεῖν
450 2811 498 2861 εἰ
531 2810 669 2880 μετὰ
711 2815 890 2883 πάσης
924 2815 1297 2889 πληροφορίας
1321 2820 1561 2894 ἐργάτην
1586 2823 1811 2878 ἀνεπαί-

232 2910 457 2964 σχυντον
504 2899 582 2969 τῷ
630 2900 749 2972 Θεῷ
794 2904 983 2958 ἑαυτὸν
1019 2907 1368 2978 παρίστησιν.
1418 2910 1573 2965 Ὅσοι
1605 2911 1663 2965 δὲ
1704 2912 1811 2966 ὑπὸ

230 2981 395 3052 ζυγὸν
424 2986 575 3052 ὄντες
620 2989 826 3056 δοῦλοι,
874 2997 995 3057 ταῖς
1031 2995 1352 3066 ἀδελφότησι
1384 3001 1806 3071 προσφεύγουσι,

224 3079 649 3151 νυυθετηθέντας
700 3086 897 3150 αὐτοὺς
921 3128 936 3153 ,
987 3090 1081 3142 καὶ
1135 3090 1519 3161 βελτιωθέντας
1554 3095 1628 3166 (5)
1674 3097 1808 3150 ἁπο-

229 3170 544 3240 πέμπεσθαι
591 3174 698 3246 χρὴ
752 3180 863 3241 τοῖς
889 3178 1179 3245 δεσπόταις
1200 3221 1216 3244 ,
1256 3182 1378 3236 καθ’
1422 3161 1681 3255 ὁμοίωσιν
1713 3186 1806 3240 τοῦ
1834 3161 1881 3225 C

230 3263 505 3333 μακαρίου
545 3264 790 3319 Παύλου·
830 3267 889 3332 ὃς
936 3269 1027 3322 τὸν
1077 3270 1363 3344 Ὀνήσιμον
1413 3276 1682 3346 γεννήσας
1720 3276 1808 3329 διά

226 3350 324 3404 τοῦ
365 3354 729 3424 Εὐαγγελίου,
767 3359 1060 3431 ἀπέπεμψε
1114 3362 1190 3434 τῷ
1238 3363 1535 3436 Φιλήμονι,
1566 3366 1658 3421 τὸν
1709 3370 1808 3438 μὲν

229 3442 686 3518 πληροφορήσας,
732 3450 814 3505 ὅτι
843 3453 873 3504 ὁ
906 3452 1068 3522 ζυγὸς
1100 3455 1199 3526 τῆς
1230 3455 1471 3523 δουλείας
1498 3458 1808 3531 εὐαρέστως

230 3539 309 3609 τῷ
336 3541 522 3614 Κυρίῳ
553 3545 1019 3618 κατορθούμενος,
1064 3551 1340 3621 βασιλείας
1375 3556 1619 3626 οὐρανῶν
1655 3557 1806 3623 ἄξιον

230 3633 544 3705 συνίστησι’
582 3636 768 3715 mra:
804 3640 1230 3708 παρακαλέσας,
1268 3644 1343 3715 μὴ
1387 3646 1549 3716 μόνον
1600 3647 1806 3700 ἀνιέναι

223 3722 327 3794 τὴν
372 3727 490 3778 κατ’
540 3726 707 3781 αὐτοῦ
765 3730 994 3802 ἀπειλὴν
1019 3771 1034 3795 ,
1093 3732 1230 3788 ἀλλὰ
1285 3737 1380 3789 καὶ
1433 3738 1806 3809 χρηστοτέραν

222 3809 373 3885 ἔχειν
423 3817 559 3885 πρὸς
606 3819 768 3875 αὐτὸν
812 3821 912 3893 τὴν
943 3822 1201 3879 διάθεσιν.
1235 3825 1301 3880 Ei
1352 3826 1537 3898 μέντοι
1573 3829 1742 3893 κακὸς
1775 3831 1805 3883 ό

222 3905 494 3978 δεσπότης
546 3908 696 3979 τύχοι
729 3951 746 3976 ,
804 3914 1099 3984 παράνομά
1136 3932 1256 3968 τινα
1307 3918 1615 3972 ἐπιτάσσων
1648 3958 1662 3982 ,
1709 3920 1805 3976 καὶ

226 3996 366 4066 πρὸς
400 3999 709 4068 παράϐασιν
741 4003 964 4073 ἐντολῆς
997 4005 1071 4075 (4)
1104 4006 1200 4059 τοῦ
1244 4006 1497 4078 ἀληθινοῦ
1543 4009 1802 4066 δεσπότου

225 4086 333 4138 καῖ
365 4089 554 4159 κυρίου
584 4092 615 4160 ἡ
624 4090 741 4161 μῶν
795 4093 969 4164 Ἰησοῦ
1000 4096 1236 4168 Χριστοῦ
1274 4099 1365 4151 τὸν
1407 4098 1593 4154 δοῦλον
1624 4101 1801 4171 βιαζό-

228 4194 391 4249 μενος
427 4217 442 4242 ,
487 4181 848 4249 ἀγωνίζεσθαι
898 4186 1034 4257 χρὴ,
1083 4189 1231 4253 ὅπως
1284 4189 1360 4261 μὴ
1409 4192 1471 4243 τὸ
1505 4192 1675 4264 ὄνομα
1707 4197 1800 4250 τοῦ

221 4268 361 4322 Θεοῦ
389 4269 754 4346 βλασφημηθῇ
784 4274 871 4329 διὰ
901 4278 993 4330 τὸν
1014 4278 1200 4333 δοῦλον
1227 4281 1433 4335 ἐκεῖνον
1453 4322 1468 4346 ,
1500 4285 1802 4356 ποιήσαντά

223 4377 280 4413 τι
301 4402 317 4427 ,
354 4362 383 4414 ὃ
415 4363 487 4434 μὴ
523 4366 733 4438 ἀρέσκῃ
769 4366 907 4440 Θεῷ.
942 4370 1317 4440 Κατορθοῦται
1348 4372 1406 4426 δὲ
1455 4375 1636 4444 ἀγὼν,
1670 4377 1703 4447 ἢ
1741 4379 1800 4432 ἐν

1923 642 2215 713 ιαίζρναιίε,
2245 654 2297 698 et
2338 647 2545 698 onerati
2590 647 2752 712 estis,
2799 657 2848 700 et
2887 664 2981 717 ego
3020 648 3256 716 reﬁciam
3294 664 3381 701 eos
3408 647 3489 713 '°;

1924 722 2289 805 pei'iculosum
2322 746 2406 792 est
2436 741 2699 809 repellere
2725 755 2821 796 eos
2846 741 2939 811 qui
2973 757 3070 811 per
3100 758 3200 798 nos
3222 740 3488 797 accedunt

1921 832 1990 882 ad
2034 827 2345 895 Dominum,
2385 831 2615 901 eiusque
2644 832 2833 903 jugum
2858 849 3025 889 suave
3059 835 3248 891 subire
3277 835 3485 888 volunt.

1922 918 1999 985 (6)
2037 917 2311 975 Praeterita
2340 936 2466 977 vero
2488 922 2862 978 accedentium
2885 925 2994 979 vita
3015 934 3096 979 est
3113 923 3485 994 expendenda,

1918 1017 1975 1065 et
2006 1010 2075 1066 iis
2116 1012 2212 1081 qui
2260 1013 2464 1082 aliquid
2500 1020 2647 1069 recte
2674 1014 2787 1083 jam
2828 1014 3133 1084 gesserint,
3163 1016 3487 1070 documenta

1919 1101 2245 1172 perfectiora
2277 1106 2535 1161 tradenda
2566 1114 2695 1162 sunt
2719 1124 2732 1162 :
2759 1109 2853 1176 qui
2883 1116 3063 1162 autem
3096 1123 3161 1163 ex
3190 1123 3356 1178 prava
3381 1108 3486 1162 vita

1920 1194 1988 1248 ad
2021 1195 2316 1265 perfectam
2350 1198 2512 1251 vitam
2549 1214 2603 1252 In
2635 1197 2731 1253 Dei
2762 1200 3073 1269 cognitione
3110 1201 3270 1255 sitam
3303 1209 3485 1255 trans-

1917 1298 2082 1352 eunt,
2126 1290 2228 1345 hos
2273 1292 2609 1360 perscrutari
2643 1307 2744 1361 par
2769 1302 2890 1357 est,
2927 1293 3186 1348 nimirum
3227 1294 3485 1363 qualibus

1919 1381 2129 1451 praediti
2154 1382 2266 1437 sint
2305 1382 2589 1448 moribus,
2634 1400 2764 1438 num
2794 1385 3109 1448 instabiles,
3139 1394 3192 1439 et
3214 1385 3268 1439 in
3302 1385 3483 1439 consi-

1918 1473 2006 1529 liis
2064 1474 2182 1529 suis
2231 1472 2390 1529 facile
2454 1474 2705 1529 mobiles.
2755 1473 3020 1545 Suspecta
3080 1475 3226 1529 enim
3294 1474 3482 1528 talium

1917 1562 2284 1619 inconstantia
2323 1582 2335 1617 :
2373 1565 2466 1634 qui
2515 1564 2734 1634 quidem
2782 1575 3143 1635 praeterquam
3191 1565 3336 1635 quod
3380 1564 3483 1635 ipsi

1916 1656 2051 1711 nihil
2083 1656 2335 1710 utilitatis
2367 1656 2609 1726 capiunt,
2643 1665 2908 1726 praeterea
2946 1664 3077 1711 sunt
3120 1656 3282 1712 etiam
3325 1664 3485 1711 caete-

1918 1748 1997 1803 ris
2041 1747 2355 1802 detrimenti
2407 1758 2678 1804 auctores.
2736 1748 2839 1803 Sed
2884 1749 3010 1819 quia
3058 1749 3192 1803 nihil
3222 1757 3304 1804 est
3336 1748 3481 1818 quod

1916 1851 2028 1891 non
2058 1837 2246 1893 labore
2270 1845 2329 1892 et
2374 1837 2653 1908 diligentia
2701 1839 3034 1908 perﬁciatur,
3080 1854 3145 1893 ac
3184 1840 3347 1894 timor
3389 1839 3483 1895 Dei

1916 1929 2122 1999 quaevis
2155 1930 2351 1983 animae
2383 1929 2516 1983 vitia
2550 1939 2773 1999 superat
2812 1947 2825 1983 :
2865 1934 2934 1984 ne
2979 1929 3070 1984 isti
3117 1929 3339 2000 quidem
3369 1937 3484 1984 sta-

1917 2017 2015 2071 tim
2045 2017 2403 2087 deSperandi,
2448 2018 2545 2073 s'ed
2587 2018 2820 2073 ducendi
2850 2018 2919 2073 ad
2954 2019 3179 2074 idoneas
3216 2021 3483 2074 exeicita-

1916 2109 2120 2173 tiones,
2156 2116 2211 2164 et
2256 2115 2500 2180 tempore
2551 2123 2615 2164 ac
2662 2109 2954 2167 laboriosis
2985 2112 3374 2167 certaminibus
3403 2111 3481 2165 l'a-

1914 2200 2106 2256 cienda
2148 2215 2337 2256 eorum
2390 2201 2653 2270 propositi
2705 2201 2992 2271 probatio,
3032 2206 3108 2258 ita
3158 2212 3217 2258 ut
3259 2204 3306 2260 si
3348 2204 3480 2275 quid

1915 2292 2057 2347 ﬁrmi
2082 2293 2136 2346 in
2163 2293 2298 2363 ipsis
2337 2293 2732 2357 invenerimus,
2764 2300 2882 2348 tuto
2905 2294 3287 2364 admittamus;
3321 2312 3479 2353 secus

1914 2396 2045 2437 vero
2070 2382 2198 2437 dum
2229 2383 2407 2439 adhuc
2425 2393 2576 2439 extra
2603 2393 2752 2448 sunt,
2778 2385 3141 2451 dimittamus,
3168 2403 3270 2443 nec
3289 2405 3476 2444 eorum

1915 2474 2165 2543 probatio
2197 2472 2362 2545 479
2396 2475 2579 2529 damni
2611 2476 2903 2546 quidquam
2954 2478 3213 2536 fratribus
3264 2481 3474 2536 aﬂ‘erat.

1915 2563 1991 2633 (7)
2030 2563 2086 2616 Ei
2126 2571 2305 2618 autem
2354 2564 2446 2633 qui
2472 2564 2538 2618 ab
2561 2565 2856 2620 illustriore
2876 2568 3108 2634 quodam
3144 2568 3263 2624 vita
3284 2585 3478 2638 genere

1915 2652 2217 2708 secundum
2255 2653 2468 2709 Domini
2496 2656 2805 2724 exemplum
2837 2657 2904 2711 ad
2938 2656 3297 2713 humilitatem
3325 2658 3477 2715 festi-

1913 2753 2027 2810 nat,
2064 2746 2266 2818 aliqua,
2292 2763 2413 2816 quae
2448 2747 2710 2816 probrosa
2735 2750 3025 2806 admodum
3055 2752 3194 2820 apud
3222 2760 3477 2809 externos

1912 2852 2038 2893 esse
2068 2837 2373 2903 videantur,
2404 2841 2803 2908 praescribenda
2847 2850 3012 2909 sunt;
3046 2844 3477 2901 observandum-

1912 2942 2050 2997 que,
2086 2942 2216 2983 num
2267 2944 2390 2983 eum
2437 2931 2585 2985 omni
2635 2933 3042 3003 aequanimitate
3093 2935 3332 3005 seipsum
3378 2952 3475 2992 ceu

1915 3018 2223 3088 operarium
2246 3020 2471 3088 pudoris
2491 3031 2766 3092 expertem
2794 3024 2901 3078 Deo
2915 3025 3158 3080 exhibeat
3173 3066 3185 3079 .
3207 3025 3283 3098 (8)
3307 3026 3477 3082 Porro

1913 3109 2225 3179 quicunque
2280 3109 2422 3165 servi
2476 3111 2579 3169 sub
2634 3111 2764 3182 ξιιεο
2819 3111 3064 3178 detenti,
3116 3114 3475 3173 add'ratrum

1911 3210 2235 3256 conventum
2264 3199 2609 3271 confugiunt,
2635 3202 2896 3269 admoniti
2922 3210 2976 3259 et
2998 3204 3251 3261 meliores
3275 3204 3473 3273 eﬂ'ecti,

1909 3286 1976 3340 ad
2008 3284 2262 3342 dominos
2312 3304 2444 3345 suos
2494 3290 2807 3345 remittendi
2861 3300 3025 3358 sunt,
3054 3294 3121 3348 ad
3169 3296 3473 3367 exemplum

1909 3377 2052 3432 beati
2107 3378 2283 3443 Pauli,
2334 3380 2429 3450 qui
2483 3397 2609 3436 cum
2664 3382 2950 3452 genuisset
3004 3382 3322 3441 Onesimum
3379 3400 3475 3455 per

1908 3468 2284 3541 Evangelium,
2319 3488 2442 3528 eum
2471 3474 2546 3529 ad,
2575 3472 2951 3530 Philemonem
2979 3476 3192 3533 remisit
3220 3477 3288 3544 “,
3316 3478 3472 3533 alteri

1908 3564 2128 3633 quidem
2182 3566 2550 3636 persuadens,
2602 3568 2884 3624 servitutis
2914 3568 3136 3639 jugum,
3173 3571 3221 3626 si
3269 3569 3378 3629 ita,
3414 3578 3472 3624 ut

1907 3653 2139 3710 Domino
2190 3656 2403 3725 placet,
2455 3656 2688 3721 feratur,
2734 3659 3000 3712 caelorum
3060 3674 3227 3731 regno
3278 3661 3471 3730 dignos

1906 3746 2169 3813 reddere;
2220 3747 2449 3802 alterum
2496 3763 2626 3802 vero
2657 3748 2988 3815 exhortans,
3035 3758 3093 3804 ut
3140 3765 3248 3805 non
3292 3752 3470 3807 solum

1904 3838 2086 3895 minas
2132 3853 2293 3895 servo
2333 3840 2627 3896 intentatas
2675 3841 2995 3906 remitteret,
3025 3841 3102 3912 (9)
3146 3842 3242 3898 sed
3286 3844 3470 3898 animo

1902 3932 2068 3985 etiam
2097 3932 2338 4002 aequiore
2361 3948 2491 4004 erga
2517 3932 2697 4003 ipsum
2728 3931 3054 3988 alﬁceretur.
3081 3932 3187 3989 Sed
3215 3943 3396 3990 tamen
3423 3936 3468 3990 si

1903 4018 2160 4076 dominus
2209 4018 2493 4092 improbus
2541 4024 2644 4089 sit,
2693 4022 2787 4093 qui
2830 4023 3015 4094 aliqua
3063 4033 3252 4080 contra
3299 4026 3467 4095 legem

1905 4112 2255 4181 praescribat,
2298 4114 2518 4184 vimque
2564 4128 2722 4169 servo
2748 4112 2947 4168 inferat
2968 4114 3036 4169 ad
3065 4116 3322 4172 mandata
3355 4120 3466 4172 veri

1902 4203 2018 4257 heri
2050 4210 2107 4258 et
2144 4202 2352 4259 domini
2384 4206 2559 4260 nostri
2602 4204 2733 4261 Jesu
2765 4204 2969 4262 Christi
3001 4207 3276 4274 violanda,
3304 4222 3467 4263 cona-

1902 4301 1992 4349 tus
2020 4294 2180 4351 nobis
2204 4294 2546 4350 adhibendus
2576 4305 2682 4362 est,
2706 4306 2763 4351 ut
2780 4312 2857 4352 ne
2878 4312 3077 4352 nomen
3102 4296 3196 4353 Dei
3226 4298 3466 4369 blasphe-

1902 4389 2081 4438 metur
2110 4392 2330 4452 propter
2358 4399 2576 4439 servum
2611 4386 2787 4450 illum,
2821 4384 2869 4441 si
2907 4385 3039 4456 quid
3079 4385 3291 4450 fecerit,
3321 4387 3464 4457 quod

222 4454 305 4525 τῷ
340 4456 431 4509 τὸν
454 4456 639 4512 δοῦλον
671 4461 878 4514 ἐκεῖνον
905 4462 1329 4536 καταρτισθῆναι
1353 4464 1490 4535 πρὸς
1523 4468 1800 4539 ὑπομονὴν

1911 4472 2014 4530 Deo
2062 4475 2367 4546 displiceat.
2413 4476 2529 4531 Erit
2557 4484 2741 4533 autem
2785 4454 3015 4534 conatus
3063 4454 3382 4543 laudabilis,
3417 4480 3464 4535 si

222 4547 335 4600 τῶν
365 4550 773 4622 ἐπιφερομένων
796 4554 945 4625 αὐτῷ
970 4556 1331 4628 μαθημάτων,
1365 4559 1508 4631 ὑπὲρ
1528 4560 1623 4615 τοῦ
1646 4561 1802 4616 πειθ-

222 4638 463 4709 αρχῆσαι
508 4640 630 4712 Θεῷ
681 4643 880 4713 μᾶλλον
930 4646 963 4717 ἢ
1008 4646 1282 4720 ἀνθρώπῳ
1309 4665 1324 4679 ·
1375 4650 1409 4722 ἢ
1458 4651 1517 4704 ὲν
1554 4652 1633 4723 τῷ
1674 4654 1800 4718 τοὺς

218 4730 651 4802 ὑποδεχομένους
681 4735 1038 4801 ἀναδέξασθαι
1080 4740 1206 4803 τούς
1241 4741 1380 4814 ὑπὲρ
1408 4744 1573 4796 αὐτοῦ
1605 4747 1801 4814 ἐπαγο-

222 4823 418 4893 μένους
471 4826 657 4890 αὐτοῖς
690 4828 1046 4898 πειρασμούς.
1080 4831 1219 4895 Τοὺς
1268 4834 1326 4886 ἐν
1352 4832 1582 4906 συζυγίᾳ
1616 4833 1673 4887 δὲ
1701 4824 1821 4903 γάέ

224 4930 330 4984 μου
357 4916 581 4988 τοιούτῳ
613 4916 715 4987 βίῳ
750 4920 1224 4992 προσερχομένους
1255 4923 1639 4995 ἀνακρίνεσθαι
1668 4925 1794 4997 χρὴ,

217 5006 271 5058 εί
300 5006 366 5059 ἐκ
411 5009 725 5079 συμφωνίας
756 5009 915 5064 τοῦτο
943 5011 1195 5081 ποιοῦσι,
1230 5013 1372 5069 κατὰ
1403 5013 1504 5085 τὴν
1534 5014 1794 5089 διαταγὴν

307 5159 353 5190 ’⁸
379 5157 565 5217 Matth.
604 5176 681 5226 ιι,
705 5160 798 5217 28.
869 5163 917 5196 ³⁸
936 5161 1168 5232 Philem.
1200 5165 1288 5222 12.
1366 5165 1411 5197 ³⁷
1435 5166 1557 5221 Act.
1587 5184 1640 5234 v,
1671 5167 1761 5224 29.

1907 4568 1995 4622 vel
2037 4582 2255 4624 servum
2299 4569 2455 4624 illum
2499 4569 2888 4627 conﬁrmemus
2931 4572 2998 4625 ad
3033 4570 3303 4640 implenda
3332 4586 3464 4625 con—

1905 4665 2114 4714 stanter
2160 4667 2431 4730 praecepta
2451 4700 2467 4724 ,
2504 4676 2627 4731 quin
2664 4661 2771 4730 ipsi
2804 4660 3059 4731 impqsita
3084 4669 3232 4723 sunt,
3266 4669 3324 4715 ut
3356 4660 3464 4716 Deo

1903 4747 2079 4817 magis
2108 4747 2331 4803 obediat
2388 4765 2551 4818 quam
2603 4750 2813 4805 homini
2836 4751 2917 4816 ’7;
2969 4749 3057 4804 vel
3097 4750 3169 4817 si,
3200 4749 3291 4820 qui
3338 4765 3462 4805 eum

1902 4837 2197 4907 recipiunt,
2230 4840 2412 4895 illatas
2455 4841 2559 4896 sibi
2592 4841 2779 4910 .ipsius
2808 4854 2975 4898 causa
3001 4839 3328 4896 tentationes
3354 4856 3460 4895 non

1900 4938 2177 4985 recusent.
2203 4930 2315 5000 (i0)
2337 4932 2381 4985 li
2413 4946 2542 4987 vero
2570 4931 2663 5001 qui
2686 4931 3035 4987 matrimonio
3059 4932 3360 5002 conjuncti,
3394 4932 3460 4985 ad

1898 5016 2214 5088 hujusmodi
2245 5022 2366 5075 vitae
2386 5037 2560 5093 genus
2581 5023 2870 5088 accedunt,
2906 5021 3278 5096 interrogandi
3310 5031 3458 5088 sunt,

293 5312 372 5382 (1)
412 5315 855 5394 Λαμβάνοντας.
920 5317 1159 5391 Uterque
1199 5320 1375 5375 codex
1418 5320 1785 5394 λαμϐάνοντες

1911 5324 2288 5394 τοιήσαντάᾷτι.
2325 5323 2517 5381 Melius
2542 5325 2597 5380 in
2623 5332 2897 5382 contextu.

317 5400 470 5437 mera
481 5400 572 5437 ’111-

216 5382 572 5457 [perperam].
811 5382 823 5384 ἡ
1068 5382 1085 5391 ’
1491 5382 1505 5394 “
1768 5382 1782 5388 ’

216 5524 229 5533 _
278 5454 578 5533 ialﬁérm
625 5455 1028 5533 ἐπβιγόιέξνον.
1074 5457 1378 5530 Syntaxeos
1411 5462 1553 5517 ratio
1595 5469 1786 5533 postu-

212 5522 423 5596 Ιιιιζτῴ
451 5522 1000 5596 immensum-Eutr.

291 5593 372 5662 (5)
411 5593 662 5667 Αὐτοίίς,
696 5593 794 5650 καὶ
823 5598 1277 5667 βε.ῐτιωθέντας.
1318 5598 1446 5655 Hac
1490 5600 1672 5656 addita
1713 5617 1779 5659 ex

210 5670 472 5735 contextu
502 5671 556 5718 et
579 5663 742 5735 Regio
769 5668 975 5721 codice.

283 5731 366 5803 (4)
405 5731 711 5804 Ἐντολῆξ.
739 5735 880 5791 Editi
911 5737 1112 5794 addunt
1133 5738 1266 5794 Θεοῦ
1285 5748 1335 5796 et
1367 5741 1528 5812 paulo
1561 5749 1681 5813 post
1706 5741 1781 5814 μὴ

1960 5392 2035 5463 (5)
2071 5394 2145 5448 Ex
2174 5392 2392 5463 Reguli:
2417 5397 2586 5463 fusius
2617 5399 2880 5463 tractatis,
2911 5395 3030 5452 152.

1959 5462 2035 5534 (6)
2067 5462 2228 5534 _lbid.,
2257 5462 2346 5518 δυ.

1958 5532 2034 5605 (7)
2065 5532 2222 5605 μω..
2250 5534 2374 5589 553.

1958 5603 2037 5672 (δ)
2073 5603 2205 5658 Ibid.

1957 5675 2034 5743 (9)
2061 5673 2196 5727 lhid.

1957 5743 2068 5815 (Io)
2103 5743 2262 5809 lbid.,
2284 5743 2406 5799 τοι.
