3878 6222
506 352 648 409 *1151

1387 350 1749 409 APPENDII.
1788 381 1857 393 —
1899 347 2248 406 SYMEONIS
2288 349 2843 419 MET.\PHRASTE_

3555 365 3655 421 1152

514 472 634 529 iosa
661 478 821 527 nocte
839 450 974 528 alias
1002 470 1124 526 aliis
1150 468 1270 525 coeli
1296 478 1481 541 partes
1503 468 1936 525 illustrantibus:
1960 482 2091 537 quo-

2192 468 2524 539 λάμπουσιν’
2564 465 2640 524 ὧν
2676 471 2938 540 χαρίεσσα
2962 480 3071 540 *μεν
3114 471 3146 541 ή
3195 477 3495 546 iuungam“,
3524 487 3658 552 χαριέ.

524 579 647 617 rum
670 562 834 634 576
864 570 1057 634 gratus
1086 562 1306 632 quidem
1332 563 1610 633 splendor.
1639 561 1733 616 sed
1760 576 1828 616 eo
1858 561 2087 631 gratior,

516 655 662 723 quod
707 668 816 710 non
866 659 1238 723 exspectatur.
1296 652 1460 707 Tales
1503 660 1557 707 et
1606 652 1681 705 illi
1728 660 1878 716 sunt,
1927 650 2087 722 pauci

518 745 811 799 admodum
856 754 912 801 et
961 743 1118 799 facile
1153 744 1541 807 numerabiles,
1587 746 1643 798 in
1676 743 1779 798 hac
1810 743 1954 800 tristi
2000 759 2082 799 re-

517 851 637 890 rum
664 835 993 893 conditione.
1024 834 1182 904 quasi
1209 834 1263 888 in
1296 841 1457 890 nocte
1490 834 1645 889 illuni
1675 842 2029 889 eoruscantes
2070 850 2084 887 :

516 936 711 994 praeter
746 927 1246 1003 virtutisgratiam,
1283 926 1408 980 inde
1430 927 1617 987 etiam.
1649 925 1795 994 quod
1826 926 1937 979 rari
1976 925 2090 980 sint

517 1018 760 1081 inventu,
797 1018 1128 1074 desiderium
1178 1029 1477 1073 moventes.
1521 1018 1598 1090 (l)
1645 1018 1826 1086 Turpe
1861 1028 1948 1073 est
1987 1033 2087 1070 au-

516 1118 626 1162 tem
661 1109 841 1162 alieno
879 1116 1078 1164 ornatu
1109 1108 1362 1164 decorari
1387 1125 1509 1166 eum
1537 1111 1630 1180 qui
1653 1125 1754 1165 sua
1781 1110 1953 1181 ipsius
1980 1109 2089 1164 vir-

514 1206 632 1255 tute
664 1200 893 1255 illustris
915 1207 1025 1255 est.

584 1291 637 1345 8.
673 1292 750 1363 (2)
784 1293 971 1362 Itaque
999 1307 1067 1348 ne
1100 1293 1231 1347 mihi
1277 1292 1431 1346 dicas
1471 1306 1501 1346 a
1534 1290 1645 1344 Deo
1677 1292 1877 1344 malum
1919 1289 2089 1360 origi-

513 1396 637 1436 nem
675 1384 871 1438 habere
911 1402 925 1438 :
963 1382 1017 1437 id
1048 1383 1194 1437 enim
1227 1382 1453 1451 impium
1485 1390 1590 1442 est.
1624 1391 1909 1451 propterea
1938 1380 2087 1451 quod

516 1475 727 1528 nullum
769 1476 1111 1530 contrarium
1162 1489 1191 1528 a
1250 1474 1531 1530 contrario
1572 1474 1847 1544 gignatur.
1899 1470 2089 1541 Neque

515 1567 659 1621 enim
699 1566 808 1621 vita
850 1574 1080 1623 mortem
1128 1576 1389 1637 generat,
1436 1582 1612 1635 neque
1661 1565 1898 1620 tenebrae
1948 1566 2087 1620 lucis

518 1658 841 1727 principium
888 1668 1041 1721 sunt.
1084 1674 1260 1727 neque
1307 1658 1531 1713 morbus
1566 1654 1743 1727 opifex
1772 1666 1855 1711 est
1881 1657 2091 1711 sanita~

515 1750 589 1804 tis
620 1768 636 1814 ;
664 1750 760 1805 sed
801 1750 853 1803 in
905 1748 1256 1806 alfectionum
1297 1749 1823 1805 commutationibus
1846 1790 1860 1812 ,
1894 1766 1924 1804 e
1955 1764 2085 1805 con-

2189 578 2379 633 στερον
2422 561 2480 614 δέ
2526 561 2696 633 δήπου
2743 562 2804 615 τὸ
2834 562 3253 634 ἀπροσδόκητον.
3279 566 3486 622 Τοιούτοι
3512 571 3563 641 δὴ
3592 577 3661 628 καὶ

2187 648 2351 715 οὗτοι,
2376 652 2546 722 ὀλίγοι
2579 653 2855 717 παντελῶς
2894 654 2987 708 καὶ
3022 655 3381 727 εὐαρίθμητοι,
3405 661 3453 712 ἐν
3488 665 3541 733 τῇ
3569 680 3663 718 σιω.

2188 742 2380 812 θρωπῇ
2422 740 2598 813 ταύτῃ
2640 742 2966 796 καταστάσει
3008 742 3102 796 τοῦ
3152 744 3268 814 βίου
3312 742 3411 799 οἷον
3448 749 3496 801 ὲν
3532 769 3665 805 σκοτο-

2189 833 2337 906 μήνῃ
2357 832 2780 904 διαφαινόμενοι,
2804 833 2940 905 πρὸς
2961 832 3041 904 τῷ
3063 835 3128 888 ὲκ
3145 835 3243 904 τῆς
3269 837 3448 909 ἀρετῆς
3469 841 3666 911 χαρίεντι,

2187 923 2268 977 ἔτι
2320 926 2414 978 καὶ
2458 924 2535 995 τῷ
2578 926 2788 995 σπανίῳ
2827 925 2930 995 τῆς
2972 927 3257 998 εὑρέσεως,
3293 930 3350 982 τὸ
3388 934 3669 1004 ττεριπὰθητον

2188 1014 2421 1084 ἔχοντες.
2452 1017 2685 1089 Αίσχρὸν
2726 1018 2804 1078 δὲ,
2847 1017 3144 1090 ἀλλοτρίοις
3181 1020 3393 1092 κόσμοις
3426 1028 3672 1096 κοσμεῖσθαι

2186 1107 2278 1160 τὸν
2310 1109 2375 1177 τῇ
2406 1107 2582 1179 οἰκείᾳ
2605 1109 2772 1181 ἀρετῇ
2805 1109 3173 1179 διαφαίνοντα.

2258 1290 2311 1344 8.
2342 1292 2449 1344 Καὶ
2480 1292 2554 1362 μή
2592 1308 2682 1362 μοι
2718 1291 2842 1360 λέγε
2875 1295 3026 1368 παρὰ
3055 1292 3190 1348 Θεοῦ
3229 1292 3289 1348 τὺ
3331 1294 3486 1349 κακὸν
3506 1296 3585 1367 τὴν
3611 1300 3674 1365 γέ·

2188 1398 2334 1434 νεσιν
2363 1382 2505 1451 ἔχειν
2524 1400 2538 1414 ο
2573 1383 2633 1436 ού
2662 1382 2769 1453 γὰρ
2800 1383 3020 1448 εὐσεϐὲς
3043 1384 3219 1449 τοῦτο,
3249 1385 3336 1439 διά
3366 1387 3424 1439 τὸ
3452 1387 3675 1456 μηδὲντῶν

2188 1472 2444 1526 ἐναντίων
2484 1474 2637 1546 παρά
2672 1474 2766 1528 τοῦ
2811 1476 3055 1531 ἐναντίου
3102 1476 3362 1545 γίνεσθαι.
3404 1476 3526 1531 Οὔτε
3551 1479 3677 1550 γὰρή

2189 1561 2301 1635 ζωὴ
2352 1563 2576 1618 Θάνατον
2624 1567 2817 1636 γεννᾷ,
2875 1565 3001 1620 οὕτε
3048 1566 3111 1620 et
3159 1567 3347 1629 σκότος
3389 1568 3542 1637 φωτός
3578 1571 3678 1620 ἐστιν

2188 1656 2352 1727 ἀρχὴ,
2385 1654 2509 1709 οὔτε
2546 1659 2579 1727 ἠ
2612 1657 2764 1721 νόσος
2811 1657 2999 1725 ὑγείας
3028 1659 3383 1733 δημιουργός·
3414 1659 3515 1713 ἀλλ’
3545 1662 3590 1713 ἐν
3615 1664 3682 1731 μὲν

2188 1752 2308 1812 ταῖς
2366 1747 2687 1818 μεταϐολαῖς
2728 1749 2837 1802 τῶν
2884 1750 3196 1815 διαθέσεων,
3243 1752 3310 1805 ἐκ
3353 1752 3454 1806 τῶν
3494 1752 3683 1805 ἐναντίων

518 1843 701 1897 trariis
738 1843 805 1897 ad
836 1844 1112 1897 contraria
1154 1845 1290 1897 fiunt
1339 1842 1698 1897 transitiones
1727 1860 1742 1908 ;
1773 1842 1827 1896 in
1859 1857 2089 1912 genera-

2192 1839 2324 1911 πρὸς
2354 1839 2424 1892 τὰ
2458 1839 2678 1894 ἐναντία
2711 1842 2769 1894 αί
2810 1842 3195 1912 μεταστάσεις·
3238 1843 3298 1896 ἐν
3340 1842 3397 1897 δέ
3445 1845 3548 1906 ταῖς
3580 1844 3684 1911 γενέ-

519 1933 763 1988 tionibus
793 1948 947 1995 vero,
988 1949 1079 1990 res
1107 1934 1334 2002 singula:
1364 1947 1485 2002 quae
1529 1931 1685 1996 fiunt,
1721 1948 1828 1987 non
1863 1948 1930 1988 ex
1958 1948 2087 1988 con-

515 2026 727 2087 trariis,
774 2025 868 2079 sed
906 2041 973 2081 ex
1001 2026 1402 2096 congeneribus
1452 2025 1850 2095 producuntur.
1884 2024 2085 2079 Malum

516 2114 683 2186 igitur
715 2129 821 2168 non
852 2126 937 2168 est
972 2115 1279 2171 substantia
1309 2116 1497 2172 vivens
1525 2124 1622 2171 aut
1660 2117 1900 2172 animata
1936 2140 1950 2170 :
1990 2116 2085 2171 sed

517 2207 711 2260 anima:
741 2206 955 2259 aiiectio
985 2206 1170 2259 virtuti
1199 2207 1494 2271 contraria,
1524 2206 1815 2262 desidiosis
1846 2222 1911 2261 ac
1941 2207 2090 2261 iner-

519 2300 687 2363 tibus,
733 2305 1019 2369 propterea
1056 2298 1201 2368 quod
1233 2313 1264 2353 a
1311 2300 1456 2355 bono
1492 2299 1838 2362 deciderunt,
1892 2298 2083 2353 indita.

522 2386 718 2442 Malum
768 2388 954 2457 itaque
995 2388 1303 2443 forinsecus
1349 2405 1418 2445 ne
1456 2388 1911 2458 circumspicias,
1953 2402 2088 2442 neve

520 2479 899 2552 primigeniam
991 2479 1285 2550 quamdam
1388 2480 1747 2551 malignitatis
1838 2489 2089 2534 naturam

517 2570 984 2626 comminiscare:
1023 2570 1121 2627 sed
1161 2586 1274 2626 suae
1315 2571 1549 2642 quisque
1580 2571 1800 2628 malitiae
1847 2571 2087 2641 seipsum

520 2671 779 2733 agnoscat
819 2670 1118 2717 auctorem.
1158 2662 1236 2734 (5)
1267 2662 1403 2717 Nam
1451 2664 1497 2718 si
1547 2664 1748 2718 malum
1788 2679 1896 2717 non
1940 2671 2092 2718 esset

519 2754 909 2818 voluntarium,
955 2770 1057 2809 nec
1100 2755 1155 2809 in
1199 2764 1387 2810 nostra
1438 2762 1706 2824 potestate
1735 2754 1927 2818 situm,
1978 2768 2088 2808 non

519 2853 704 2900 tantus
752 2846 916 2899 timor
965 2861 997 2901 a
1043 2846 1250 2917 legibus
1286 2846 1623 2916 impenderet
1668 2845 1926 2915 iniuriam
2006 2846 2087 2899 in-

521 2935 847 3002 ferentibus,
898 2952 999 2993 nec
1054 2944 1164 2992 tam
1218 2937 1586 2995 inexorabiles
1633 2935 2088 3007 esseutjudicum

521 3030 1043 3092 animadversiones.
1088 3031 1289 3101 quibus
1338 3045 1436 3100 pro
1483 3031 1692 3085 meritis
1734 3030 1809 3085 rei
1843 3031 2090 3101 plectun-

521 3128 630 3176 ειη.
680 3122 756 3192 (4)
794 3120 928 3176 Nam
989 3123 1036 3175 si
1082 3122 1337 3175 vitiorum
1373 3128 1467 3176 aut
1511 3122 1774 3177 virtutum
1824 3121 2091 3191 principia

2192 3111 2809 3211 ἀρετηνένεργημάτων
2842 3117 2941 3170 οὐκ
2978 3119 3044 3170 ἐκ
3082 3117 3176 3170 τοῦ
3213 3119 3304 3188 ἐφ’
3330 3121 3462 3189 ἡμῖν
3500 3121 3611 3171 εἰσιν
3632 3119 3694 3187 ἁρ-
3798 3142 3801 3211 l

521 3226 630 3265 non
664 3218 795 3266 sunt
840 3210 896 3264 in
945 3209 1104 3265 nobis
1143 3210 1270 3271 sita,
1322 3208 1419 3265 sed
1463 3216 1593 3265 sunt
1636 3212 1992 3265 necessitates
2022 3211 2091 3264 ab

521 3308 642 3355 ortu
691 3299 991 3371 pendentes
1040 3315 1054 3352 :
1097 3298 1319 3354 inutiles
1385 3305 1513 3354 sunt
1575 3297 1955 3368 legislatores,
1995 3298 2091 3366 qui

523 3393 683 3448 nobis
724 3390 934 3462 agenda
979 3404 1045 3445 ac
1095 3389 1349 3460 fugienda
1386 3389 1754 3459 praescribunt
1799 3404 1814 3441 :
1868 3389 2092 3443 inutiles

524 3496 745 3553 quoque
797 3480 1052 3551 iudices,
1111 3480 1207 3551 qui
1275 3480 1537 3534 virtutem
1600 3478 1842 3542 honore,
1896 3480 2090 3533 vitium

522 3575 699 3646 paenis
732 3572 991 3628 alliciunt.
1035 3570 1152 3626 Non
1192 3571 1336 3627 enim
1385 3570 1522 3628 furis
1551 3579 1638 3626 est
1674 3570 1957 3641 iniquitas,
1996 3586 2094 3625 ne-

522 3682 631 3738 que
666 3665 972 3727 homicida,
1008 3665 1101 3735 qui
1135 3679 1203 3719 ne
1238 3664 1428 3719 volens
1457 3662 1677 3734 quidem
1715 3669 1927 3733 poterat
1977 3677 2095 3716 ma-

525 3773 657 3812 num
721 3757 1034 3820 continere,
1092 3756 1169 3812 ob
1230 3755 1639 3810 ineluctabilem
1706 3753 2092 3810 necessitatem

525 3851 709 3919 ipsum
744 3848 813 3904 ad
837 3847 1105 3919 agendum
1139 3848 1530 3918 impellentem.
1564 3844 1864 3901 Vanissimi
1910 3852 2093 3899 autem

522 3940 769 4012 profecto
794 3940 887 4011 qui
910 3948 1057 3996 artes
1082 3940 1341 3996 excolunt
1373 3957 1391 3994 :
1418 3939 1619 4010 quippe
1646 3937 1892 4008 frugibus
1922 3937 2097 3991 abun-

523 4034 676 4088 dabit
723 4032 985 4105 agricola,
1036 4035 1250 4087 tametsi
1299 4047 1478 4102 neque
1531 4030 1740 4086 semina
1791 4030 1847 4083 in
1891 4038 2094 4084 terram

524 4124 773 4193 dejiciat,
803 4138 983 4194 neque
1028 4122 1219 4179 falcem
1249 4130 1482 4178 eraeuat
1517 4142 1533 4178 :
1566 4131 1840 4178 mercator
1878 4120 2091 4183 itidem,

522 4216 674 4279 telit,
720 4216 880 4280 nolit,
914 4230 1080 4285 supra
1126 4214 1345 4270 modum
1394 4213 1648 4280 diteseet,
1701 4214 1814 4268 fato
1861 4214 1912 4269 ei
1961 4227 2095 4281 opes

525 4316 902 4362 coacervante.
933 4306 1140 4375 Magnae
1168 4313 1347 4362 autem
1375 4304 1481 4359 illa}
1504 4303 1940 4359 Christianorum
1968 4318 2097 4374 spes

526 4407 914 4455 evanescentes
954 4398 1208 4454 excident
1256 4399 1438 4462 nobis,
1479 4414 1602 4452 cum
1662 4413 1838 4468 neque
1877 4397 2095 4466 justitia

2188 1948 2355 1996 σεσιν,
2390 1932 2489 1984 οὐκ
2516 1933 2581 1986 ἐκ
2611 1933 2720 1987 τῶν
2751 1933 3040 1998 ἐναντίων,
3082 1934 3198 1988 ἀλλ’
3228 1936 3295 1988 ἐκ
3336 1934 3442 1988 τῶν
3479 1936 3685 2004 ὁμογενῶν

2185 2019 2411 2073 ἕκαστον
2450 2021 2560 2075 τῶν
2605 2021 2904 2092 γινομένων
2944 2023 3290 2094 προέρχεται.
3328 2024 3402 2077 Τὸ
3435 2024 3589 2078 τοίνυν
3618 2044 3686 2078 u-

2186 2109 2280 2162 κόν
2311 2111 2458 2162 ἐστιν
2501 2112 2622 2181 οὐχ).
2669 2111 2826 2165 οὐσία
2865 2110 3012 2176 ζῶσα
3047 2115 3141 2167 καὶ⁸
3176 2112 3435 2184 ἔμψυχος,
3468 2114 3582 2168 ἀλλά
3613 2116 3686 2168 διὰ·

2187 2198 2334 2263 θεσις
2382 2201 2441 2254 ἐν
2481 2201 2626 2272 ψυχῇ
2673 2203 2930 2267 ἐναντίως
2975 2203 3177 2275 ἔχουσα
3229 2206 3369 2278 πρὸς
3425 2206 3690 2279 ἀρετὴν,διὲ

2185 2290 2284 2360 τὴν
2337 2289 2447 2343 ἀπὸ
2504 2291 2598 2345 τοῦ
2656 2290 2824 2345 καλοῦ
2856 2293 2931 2363 (6)
2968 2294 3290 2350 ἀπόπτωσιν
3348 2299 3454 2360 τοῖς
3497 2296 3687 2367 ῥᾳθύμοις

2187 2382 2530 2455 ἐγγινομένη.
2564 2384 2654 2456 Μὴ
2685 2386 2864 2439 τοίνυν
2897 2385 3095 2451 ἔξωθεν
3132 2389 3193 2440 τὸ
3224 2388 3395 2442 κακὸν
3424 2390 3688 2460 περισκόπι

2191 2473 2325 2542 μηδὲ
2374 2474 2669 2545 ἀρχέγονον
2723 2494 2845 2530 τινα
2903 2476 3064 2547 φύσιν
3129 2480 3398 2551 πονηρίας
3463 2480 3686 2549 (ραν-τάξω

2188 2564 2323 2618 ἀλλά
2349 2566 2448 2636 τῆς
2471 2567 2528 2619 ἐν
2563 2567 2740 2638 ἐαυτῷ
2777 2569 2977 2631 κακίας
3012 2570 3243 2634 ἕκαστος
3301 2571 3485 2625 ἐαυτὸν
3520 2572 3690 2643 (ipp-gis

2188 2656 2519 2727 γνωριζέτω.
2554 2658 2628 2712 Oti
2666 2658 2775 2730 γάρ
2821 2659 2909 2721 ἂν,
2944 2660 3101 2732 εἴπερ
3136 2662 3396 2716 ἀκούσιον
3429 2659 3511 2734 ἦν,
3541 2664 3616 2715 καὶ
3645 2664 3690 2731 μὴ

2190 2746 2274 2815 ἐφ’
2310 2748 2460 2817 ἡμῖν,
2490 2748 2744 2813 τοσοῦτος
2787 2750 2886 2821 μὲν
2928 2752 2993 2805 ἐκ
3032 2751 3142 2807 τῶν
3172 2753 3356 2824 νόμων
3400 2756 3428 2807 ὁ
3453 2753 3592 2822 φόϐος
3622 2755 3691 2813 τοῖς

2189 2835 2463 2890 ἀδικοῦσιν
2508 2839 2807 2910 ἐπήρτητο,
2837 2838 2980 2892 οὕτω
3022 2840 3080 2893 δὲ
3127 2842 3489 2913 ἀπαραίτητοι
3528 2842 3615 2895 τῶν
3643 2843 3691 2895 ὃς·

2190 2928 2501 2999 καστηρίων
2537 2931 2593 2983 αἱ
2633 2930 2906 2995 κολάσεις,
2940 2932 3000 2985 τὸ
3034 2933 3168 3005 πρὸς
3199 2934 3361 3000 ἀξίαν
3396 2938 3499 2998 τοῖς
3529 2934 3692 3005 xum-39

2191 3034 2309 3087 γοις
2357 3021 2799 3093 ἀντιμετροῦσαι.
2849 3025 2912 3078 EE
2956 3025 3066 3098 γὰρ
3109 3026 3216 3079 τῶν
3261 3028 3404 3082 κατᾶ
3451 3029 3619 3081 κακίαν
3638 3029 3695 3079 ni
3802 3038 3803 3049 ‘

2193 3203 2304 3272 χαὶ,
2333 3203 2446 3257 ἀλλ’
2478 3206 2543 3258 ἐκ
2584 3206 2687 3274 τῆς
2717 3206 2930 3277 φύσεως
2966 3209 3021 3262 αί
3074 3210 3345 3279 ἀνάγκαι,
3397 3212 3610 3283 περιττοὶ
3635 3211 3695 3281 μὲν

2191 3296 2241 3347 oi
2266 3294 2549 3364 νομοθέται
2583 3296 2651 3350 τά
2679 3299 2929 3369 πρακτέα
2971 3301 3102 3371 ἡμῖν
3146 3300 3245 3354 καὶ
3276 3303 3350 3356 τά
3372 3302 3565 3373 φευκτὰ

2192 3385 2393 3450 ζοντες,
2433 3390 2673 3459 περιττοὶ
2717 3390 2775 3443 δὲ
2822 3391 2915 3443 καὶ
2958 3393 3007 3444 οἱ
3044 3392 3297 3447 δικασταὶ
3338 3395 3532 3468 ἀρετὴν
3557 3395 3695 3465 τιμῶν.

2190 3491 2305 3539 τες,
2342 3477 2434 3530 καὶ
2467 3479 2731 3549 πονηρίαν
2777 3479 3114 3545 κολάζοντες.
3146 3483 3220 3535 Ού
3264 3482 3380 3555 γὰρ
3405 3485 3495 3538 τοῦ
3533 3484 3694 3537 κλέπτου
3800 3477 3801 3545 ἶ

2191 3567 2254 3619 τὸ
2278 3567 2536 3639 ἀδίκημα,
2570 3570 2692 3623 οὐδὲ
2722 3569 2817 3624 τοῦ
2848 3573 3070 3641 φονέως,
3106 3568 3151 3641 ᾧ
3190 3592 3257 3643 γε
3300 3576 3427 3630 οὐδὲ
3468 3574 3695 3646 βουλομένῳ

2191 3655 2411 3711 δυνατὸν
2438 3654 2505 3729 ἦν
2530 3663 2751 3731 κρατεῖν
2776 3664 2874 3734 τῆς
2908 3663 3107 3735 χειρὸς,
3134 3665 3224 3718 διά
3268 3666 3333 3719 τὸ
3369 3667 3694 3737 ἀναπόδραπσν

2192 3749 2290 3820 τῆς
2325 3750 2418 3803 ἐπὶ
2459 3750 2560 3815 τὰς
2603 3751 2831 3824 πράξεις
2878 3755 3314 3828 κατεπειγούσης
3356 3757 3599 3827 ἀνάγκης.
3622 3754 3695 3808 ιιι.

2192 3842 2462 3897 ταιὸτατοι
2494 3843 2551 3896 δὲ
2577 3845 2794 3909 πάντως
2822 3846 2901 3915 (7)
2934 3846 3027 3900 καὶ
3056 3848 3105 3900 οί
3136 3848 3268 3920 περὶ
3311 3849 3417 3913 τὰς
3456 3849 3620 3920 τέχνας
3640 3864 3695 3897 ao-

2193 3932 2467 4004 νούμενοι·
2500 3934 2614 3989 ἀλλ’
2641 3937 2928 4009 εύθηνήσει
2958 3939 3057 4009 μὲν
3086 3942 3115 3992 ὁ
3141 3942 3413 4013 γεωργὸς.
3443 3943 3566 4013 μήτε
3586 3938 3694 4008 σπέρ-
3800 3928 3801 3937 “

2198 4042 2274 4096 μα
2315 4026 2657 4093 καταϐαλὼν,
2702 4030 2841 4100 μήτε
2894 4029 3165 4102 δρεπάνην
3215 4031 3560 4104 θηξάμενοςθ
3585 4034 3697 4096 ὑπι-

2196 4116 2484 4189 πλουτήσει
2516 4117 2572 4172 δὲ
2607 4119 2636 4170 ὁ
2673 4098 2941 4190 ἔμπορος,
2968 4119 3070 4174 κᾶν
3103 4098 3387 4192 βούληται,
3418 4123 3517 4175 κᾶν
3549 4116 3698 4191 uadi;
3800 4098 3801 4153 ἶ

2195 4209 2533 4280 εἱμαρμένης
2577 4209 2726 4282 αὑτῷ
2763 4211 3213 4283 συναθροιζούσης
3253 4213 3329 4267 τὰ
3392 4216 3619 4285 χρήματα
3660 4210 3699 4260 Αἰ

2195 4297 2253 4351 δὲ
2310 4300 2541 4368 μεγάλαι
2584 4299 2696 4354 τῶν
2736 4302 3077 4372 Χριστιανῶν
3121 4302 3340 4367 ἐλπίδες
3385 4303 3586 4374 φροῦδοι
3618 4300 3699 4370 ἡμῖν

2196 4390 2525 4461 οἰχήσονται,
2563 4389 2685 4444 οὔτε
2727 4392 3070 4464 δικαιοσύνης
3109 4396 3455 4465 τιμωμένης,
3501 4393 3606 4447 οὗτε
3640 4407 3699 4441 κιο

530 4491 827 4547 houoribus
872 4491 998 4546 uilis
1049 4490 1335 4554 adiciatur.
1388 4507 1565 4561 neque
1606 4491 1866 4561 puniatur
1900 4505 2093 4559 pecca-

2197 4483 2589 4554 τακρινομένης
2615 4484 2715 4553 τῆς
2743 4485 3034 4555 ἁμαρτίας,
3067 4486 3155 4540 διά
3185 4486 3245 4540 τὸ
3283 4489 3456 4557 μηδὲν
3483 4485 3601 4540 κατὰ
3620 4497 3700 4550 τρυ-

530 4595 688 4647 tum,
736 4594 1019 4655 propterea
1062 4583 1209 4653 quod
1257 4583 1391 4637 nihil
1442 4586 1512 4638 ab
1564 4582 1878 4637 hominibus
1925 4581 2098 4637 libero

526 4673 696 4731 animi
741 4672 1019 4744 proposito
1060 4683 1274 4742 agatur.
1327 4669 1463 4724 Nam
1516 4669 1605 4725 ubi
1667 4670 1990 4731 necessitas.
2042 4674 2103 4724 et

530 4763 704 4819 fatum
744 4762 1079 4824 dominatur,
1130 4761 1204 4815 ibi
1250 4761 1431 4816 meriti
1475 4760 1616 4815 ratio
1660 4760 1871 4813 nullum
1915 4758 2098 4813 locum

531 4856 693 4909 habet
736 4872 750 4909 :
808 4855 859 4908 id
907 4854 1050 4924 quod
1095 4860 1276 4906 tamen
1342 4852 1677 4921 praecipuum
1724 4849 1859 4921 justi
1905 4849 2100 4918 iudicii

530 4947 941 5003 fundamentum
973 4954 1076 5002 est.
1107 4946 1185 5015 (ὅ)
1216 4943 1350 4998 Nam
1381 4943 1449 4999 de
1477 4943 1595 4998 ficis
1627 4949 1852 4996 narrant
1881 4941 1950 4996 ab
1975 4940 2101 4995 aliis

529 5039 751 5107 quidem
801 5036 932 5092 ficos
979 5037 1258 5091 silvestres
1295 5034 1453 5104 juxta
1492 5033 1775 5088 hortenses
1815 5031 2031 5086 conseri
2080 5049 2103 5086 ι

533 5129 672 5185 alios
725 5143 876 5191 vero,
928 5126 1057 5182 dum
1108 5139 1333 5196 grossos
1385 5111 1628 5195 capriﬁci
1683 5124 1981 5178 fructuosis
2033 5137 2101 5175 ac

532 5222 851 5276 domesticis
880 5220 997 5276 ficis
1041 5220 1285 5287 alligant,
1337 5217 1580 5287 ipsarum
1623 5215 1829 5271 mederi
1871 5214 2102 5270 infirmi-

534 5315 650 5380 tati,
694 5313 809 5385 jam
854 5310 1219 5373 difﬂuentem,
1265 5326 1331 5365 ac
1383 5317 1800 5366 evanescentem
1860 5307 2096 5361 fructum

604 5492 681 5560 (1)
712 5490 787 5544 Ex
825 5490 970 5544 hom.
1011 5489 1083 5543 De
1115 5487 1405 5560 Humanis,
1439 5488 1559 5543 185.

603 5563 680 5626 (ἐν
712 5559 962 5621 Ex'hom.
994 5576 1031 5613 ιι
1054 5561 1108 5613 ἐκ
1140 5559 1417 5621 Hexaem,
1449 5565 1531 5613 tu.

608 5631 687 5699 (5)
717 5632 850 5684 Ibitl.

604 5697 680 5763 (ei)
718 5699 790 5751 Ex
828 5699 974 5752 hom.
1007 5715 1058 5751 VI
1086 5698 1139 5751 in
1168 5697 1439 5759 nemnem,
1463 5698 1550 5751 56.
1600 5716 1605 5721 ’

608 5769 684 5840 (ὕ)
718 5767 793 5820 Ex
830 5767 975 5821 hom.
1008 5783 1038 5822 v
1067 5769 1119 5821 in
1146 5767 1422 5832 llexaem.,
1455 5765 1542 5821 47.

2198 4574 2406 4645 αίρεσιν
2465 4575 2569 4628 ὑπὸ
2612 4576 2719 4629 τῶν
2781 4576 3083 4649 ἀνθρώπων
3152 4579 3537 4633 ἐπιτελεῖσθαι.
3588 4578 3703 4629 Ὀιω

2199 4668 2308 4737 γὰρ
2333 4666 2545 4737 ἀνάγκη
2586 4667 2679 4721 καὶ
2706 4668 3011 4740 εἱμαρμένη
3040 4668 3116 4740 (8)
3142 4674 3358 4740 κρατεῖ,
3381 4669 3611 4741 οὐδεμίαν
3633 4666 3701 4733 ἔχει

2200 4756 2385 4830 Χώραν
2413 4757 2476 4811 τδ
2506 4758 2643 4830 πρὸς
2683 4759 2859 4825 ἀξίαν.
2901 4760 2931 4814 δ
2971 4761 3072 4831 τῆς
3110 4760 3509 4834 δικαιοκρισίας
3540 4760 3703 4826 ὑπάρχει

2200 4847 2497 4921 ἐξαίρετον.
2541 4850 2650 4904 Καὶ
2690 4851 2801 4922 γὰρ
2846 4853 2977 4925 περὶ
3017 4854 3127 4906 τῶν
3175 4854 3361 4908 συκῶν
3403 4871 3571 4924 φασιν,
3594 4851 3650 4911 ὡς
3673 4846 3703 4897 ei

2204 4938 2306 5009 μὲν
2339 4939 2442 5003 τὰς
2465 4939 2664 5010 ἀγρίας
2690 4944 2861 5006 συκᾶς
2890 4943 3332 5013 παραφυτεύουσι
3366 4949 3490 5008 ταῖς
3511 4943 3703 5014 arripit.“

2200 5032 2247 5083 οί
2286 5030 2344 5084 δὲ
2374 5032 2501 5095 τοὺς
2534 5031 2787 5097 ὀλύνθους
2829 5033 3171 5104 ἐκδήσαντες,
3209 5036 3321 5088 τῶν
3354 5036 3623 5107 εὐκάρπων
3647 5030 3702 5081 ῑιδ

2200 5121 2425 5193 ἡμέρων
2472 5123 2651 5176 συκῶν
2691 5124 2790 5194 τὴν
2819 5124 3037 5178 ἀτονίαν
3082 5126 3286 5188 ἰῶνται,
3324 5126 3518 5198 ῥέοντα
3545 5123 3624 5194 ἤδη
3647 5118 3707 5172 κεῖ

2204 5212 2625 5284 σκεδαννύμενον
2663 5215 2756 5267 τὸν
2803 5215 3013 5286 καρπὸν
3040 5219 3152 5279 τοῖς
3186 5217 3431 5281 ὀλύνθοις
3470 5216 3703 5283 ἐπέχοντες.

2202 5304 2267 5357 Τί
2307 5304 2364 5356 δέ
2407 5321 2489 5357 σοι
2538 5305 2600 5358 τὸ
2638 5306 2785 5366 παρά
2828 5306 2929 5369 τῆς
2969 5307 3183 5375 φύσεως
3226 5311 3496 5379 αἰνιγμα;
3538 5308 3607 5360 ὅτι
3642 5314 3707 5371 L91

2274 5481 2352 5552 (6)
2389 5482 2499 5536 Τοῦ
2531 5483 2742 5537 καλοῦ.
2795 5482 2886 5553 Sic
2941 5482 3070 5553 Reg.
3108 5485 3279 5541 codex
3332 5486 3491 5542 1910.
3540 5483 3647 5537 Male
3674 5478 3706 5528 in

2202 5553 2366 5610 editis
2399 5561 2453 5606 et
2480 5562 2736 5606 contextu
2770 5552 2865 5606 τοῦ
2898 5554 3088 5608 κακοῦ.
3116 5578 3121 5583 ’

2276 5624 2353 5687 (7)
2386 5622 2644 5688 Πόντιος.
2681 5622 2900 5691 Legitur
2928 5626 2980 5676 in
3009 5632 3265 5679 contextu
3292 5627 3524 5681 πάντων.

2274 5692 2492 5764 (8)_Kai
2517 5691 2853 5764 εἱμαρμένη.
2899 5694 2989 5749 Sic
3034 5704 3324 5753 contextus
3350 5706 3406 5752 et
3447 5692 3710 5764 Regiusdl'

2206 5764 2327 5821 (lex.
2355 5762 2497 5819 Editi
2524 5764 2615 5817 καὶ
2646 5762 2823 5833 φύσις.
