3878 6222
169 387 300 440 "5'3
971 383 1202 438 SERMO
1231 383 1295 438 ll.
1336 413 1404 423 —
1445 381 1528 436 DE
1564 379 1907 437 DOCTRINA
1943 379 2028 433 ET
2060 377 2556 435 ADMONITIONE.

3264 381 3404 438 H34

165 503 423 567 πολλάκις
464 504 611 574 ἡμᾶς
664 505 758 558 καὶ
802 504 952 576 παρά
1005 505 1114 558 τῶν
1165 504 1457 576 ἀλλοτρίων
1499 503 1600 573 τῆς
1643 501 1716 554 πί·

1838 498 2046 567 grossis
2096 497 2339 569 capriﬁci
2391 503 2730 555 coercentes.
2766 495 2904 562 Quid
2955 495 3072 550 vult
3114 493 3220 551 sibi
3270 496 3403 551 illud

161 613 332 659 στεως
381 597 625 649 εὐτονίαν
679 595 800 650 τινά
853 597 1287 668 προσλαμϐάνειν
1339 597 1419 660 είς
1467 595 1568 666 τὴν
1624 593 1734 645 τῶν

159 685 379 754 ἀγαθῶν
419 686 595 758 ἔργων
641 687 918 752 ἐπίδειξιν.
959 689 1085 741 Ἐὰν
1123 687 1232 760 γάρ
1271 687 1386 758 ἴδῃς
1420 686 1509 739 τὸν
1546 687 1604 738 ὲν
1635 683 1735 756 βίῳ

157 778 378 848 semp,
405 778 438 849 ἢ
474 779 581 832 ἀπό
607 797 748 844 τινος
777 780 1044 852 αἱρέσεως
1070 780 1452 851 ὲνδιαστρόφου
1480 778 1580 848 τῆς
1613 779 1735 830 Ἐκ-

157 869 387 940 κλησίας
415 872 830 942 ἀπεσχισμένον,
880 871 994 941 βίου
1038 870 1312 942 σώφρονος
1355 872 1449 924 καὶ
1483 871 1584 941 τῆς
1619 869 1731 921 λοιο

156 961 268 1029 πῆς
300 961 436 1014 κατά
483 961 542 1014 τὺ
595 958 726 1032 ἦθος
772 962 1020 1026 εὐταξίας
1062 961 1521 1032 ἐπιμελούμενον,
1571 959 1731 1012 πλέον

155 1053 385 1104 σεαυτοῦ
418 1053 478 1105 τὺ
512 1053 790 1106 σπουδαῖον
826 1055 1112 1117 ἐπίτεινον,
1149 1054 1238 1107 ἵνα
1273 1053 1406 1124 γένῃ
1439 1051 1730 1122 παραπλή-

155 1159 275 1208 σιος
301 1147 366 1214 τῇ
404 1145 734 1216 καρποψόρῳ
774 1149 933 1216 συκῇ,
965 1147 1030 1199 ὲκ
1069 1147 1168 1217 τῆς
1211 1145 1318 1198 τῶν
1345 1144 1551 1215 ἀγρίων
1585 1161 1732 1214 παρ-

151 1236 346 1299 ουσίας
376 1235 698 1309 ἀθροιζούσῃ
746 1236 842 1308 τὴν
888 1236 1135 1307 δύναμιν,
1175 1235 1271 1289 καὶ
1312 1235 1410 1306 τὴν
1450 1235 1548 1304 μὲν
1575 1233 1729 1304 ῥύσιν

152 1325 447 1396 ὲπεχούσῃ,
487 1326 904 1396 ἐπιμελέστερον
950 1325 1008 1378 δὲ
1048 1325 1140 1378 τὸν
1189 1324 1398 1394 καρπὸν
1435 1322 1730 1395 ἐκτρεφού-

153 1432 244 1486 σῃ.
283 1415 416 1468 Τινέι
455 1415 510 1469 δὲ
549 1416 657 1468 τῶν
694 1416 874 1486 φυτῶν
913 1417 1008 1470 καὶ
1039 1417 1137 1487 τὴν
1182 1417 1244 1469 ὲκ
1283 1415 1496 1486 φύσεως
1530 1416 1728 1469 κακίαν

150 1508 490 1577 ἐπιμελείαις
542 1507 801 1580 γεωργῶν
848 1508 1256 1580 θεραπευόμενα
1291 1508 1567 1579 ἔγνωμενο
1615 1503 1726 1562 οἷον

154 1599 251 1663 τὰς
281 1599 456 1666 ὀξείας
486 1599 612 1669 ροἀς
640 1601 732 1654 καὶ
764 1599 870 1653 τῶν
895 1600 1219 1671 ἀμυγδάλων
1248 1599 1346 1662 τὰς
1372 1601 1724 1671 πικροτέρας,

150 1693 284 1744 ὅταν
311 1689 678 1761 διατρηθεῖσαι
712 1689 772 1744 τὸ
805 1689 940 1760 πρὸς
972 1693 1038 1762 τῇ
1089 1691 1214 1766 ῥίζῃ
1242 1692 1511 1762 στέλεχος,
1547 1693 1725 1764 σφῆνα

147 1782 363 1853 πεύκης
412 1781 638 1854 λιπαρὸν
687 1783 790 1854 τῆς
827 1782 1149 1856 ὲντεριώνης
1203 1783 1362 1854 μέσον
1410 1785 1721 1839 διελαθέντα

1833 597 2043 646 παίω-ιε
2074 591 2382 662 exemplum
2405 590 2609 657 iQuod‘
2653 604 2754 645 nos
2777 591 2861 645 vel
2895 589 2964 644 ab
2991 591 3080 654 iis,
3115 588 3210 659 qui
3239 602 3270 642 a
3299 587 3406 644 ﬁde

1831 683 1996 738 alieni
2053 689 2214 748 sunt,
2267 685 2531 753 impetum
2581 681 2876 753 quemdam
2931 695 2996 735 ac
3042 680 3285 752 vigorem
3332 679 3404 733 ad

1832 773 2072 829 dandum
2104 775 2374 830 honorum
2405 790 2631 845 operum
2670 773 2946 844 specimen
2978 787 3121 844 saepe
3153 771 3404 840 accipere

1829 865 2108 924 debemus.
2140 867 2356 923 Etenim
2411 867 2458 922 si
2503 866 2710 922 videris
2765 881 2912 930 eum,
2945 865 3039 936 qui
3091 873 3187 919 aut
3232 865 3400 918 vitam

1827 957 2106 1012 ethnicam
2140 960 2287 1028 agit,
2319 966 2414 1012 aut
2444 958 2516 1012 ob
2548 973 2860 1029 perversam
2902 956 3194 1028 quamdam
3228 956 3402 1010 haere-

1830 1049 1934 1103 sim
1974 1050 2046 1103 ab
2075 1048 2318 1105 Ecclesia
2365 1050 2647 1105 abscissus
2677 1060 2780 1114 est,
2808 1049 2990 1120 probae
3019 1063 3085 1103 ac
3113 1047 3398 1102 continen-

1828 1140 1899 1194 tis
1944 1140 2069 1196 vitae
2109 1147 2163 1196 et
2211 1142 2434 1212 reliquae
2480 1143 2705 1197 moralis
2747 1141 3049 1211 disciplinae
3091 1139 3396 1195 studiosum

1827 1244 1972 1295 esse,
2007 1239 2158 1286 tuam
2209 1232 2387 1302 magis
2424 1230 2645 1286 intende
2689 1231 3063 1292 sedulitatem,
3108 1236 3168 1283 ut
3208 1228 3401 1282 fructi-

1830 1319 1961 1376 fera'
2005 1321 2110 1376 ﬁco
2154 1337 2222 1377 ex
2266 1322 2647 1394 capriﬁcorum
2695 1321 2859 1393 477
2908 1321 3198 1391 praesentia
3239 1319 3400 1374 colli-

1827 1413 1974 1482 genti
2019 1414 2194 1478 vires,
2243 1423 2300 1470 et
2341 1414 2638 1470 dclluvium
2695 1413 3004 1478 cohibenti,
3047 1412 3398 1479 fructumque

1825 1503 2140 1573 diligentius
2200 1505 2535 1571 enutrienti,
2577 1505 2776 1562 similis
2822 1503 3045 1558 evadas.
3100 1501 3179 1573 (l)
3223 1501 3397 1556 Porro

1827 1596 2095 1650 naturalia
2140 1597 2501 1667 quarumdam
2545 1599 2803 1654 arborum
2850 1596 2982 1652 vitia
3033 1595 3395 1667 agricolarum

1824 1684 2106 1756 diligentia
2150 1687 2334 1740 curari
2377 1688 2686 1754 novimus;
2726 1685 3038 1757 cuiusmodi
3091 1692 3222 1741 sunt
3263 1679 3396 1736 mali

1825 1777 2040 1846 punica:
2071 1776 2261 1842 acidae,
2297 1786 2352 1832 et
2393 1777 2692 1849 amygdalae
2734 1777 3062 1842 amariores,
3105 1791 3250 1847 qum,
3298 1773 3394 1827 ιιι-ἱ

149 1872 433 1938 δέξωνται,
479 1873 562 1936 είς
615 1872 942 1946 εὐχρηστίαν
999 1872 1391 1945 μεταϐάλλουσι
1440 1875 1563 1928 τότε
1625 1876 1716 1931 τοῦ

1823 1867 2102 1938 perforato
2135 1869 2206 1924 ad
2245 1869 2487 1926 radicem
2529 1877 2730 1926 trunco
2773 1870 3029 1941 pinguem
3079 1867 3249 1938 piceae
3293 1881 3393 1920 cu-

145 1961 323 2034 χυμοῦ
351 1963 449 2034 τὴν
479 1964 810 2037 δυσχέρειαν.
849 1965 1053 2037 Μηδεὶς
1099 1961 1191 2020 οὖν
1234 1966 1293 2019 ἐν
1325 1965 1491 2039 κακίᾳ
1521 1967 1722 2037 διάγων

145 2055 342 2110 ἑαυτοῦ
378 2056 694 2126 ἀπογνώτω.
736 2058 799 2111 Εἰ
841 2059 952 2130 γάρ
992 2058 1232 2131 γεωργὸς
1257 2057 1369 2112 τῶν
1409 2059 1591 2130 φυτῶν
1617 2061 1720 2126 τὰς

146 2149 438 2220 ποιότητας
471 2149 812 2220 μεταϐάλλει,
847 2149 1026 2221 πολλῷ
1071 2150 1267 2221 μᾶλλον
1297 2153 1329 2222 ἡ
1364 2153 1485 2205 κατ’
1517 2153 1719 2224 ἀρετὴν

145 2241 243 2310 τῆς
268 2239 446 2311 ψυχῆς
477 2241 758 2312 ἐπιμέλεια
793 2241 1013 2297 δύναται
1047 2243 1400 2296 παντοδαπῶν
1427 2245 1716 2320 ἀρρωστη-

143 2331 334 2402 μάτων
375 2333 774 2404 ἐπικρατῆσαι,
823 2337 884 2388 ὲν
932 2333 1149 2406 Χριστῷ
1183 2335 1354 2406 Ἰησοῦ
1400 2337 1480 2407 τῷ
1528 2337 1717 2408 Κυρίῳ

144 2421 322 2492 ἡμῶν,
347 2416 393 2490 ᾧ
431 2425 463 2494 ἡ
502 2425 628 2490 δόξα
659 2426 752 2478 καὶ
783 2423 845 2478 τὸ
873 2426 1072 2496 κράτος
1109 2426 1222 2490 νῦν,
1252 2429 1346 2481 καὶ
1379 2429 1484 2494 ἀεὶ,
1517 2431 1611 2482 καὶ
1636 2431 1716 2494 είς

143 2513 271 2576 τοὺς
292 2512 491 2578 αἰῶνας
520 2515 629 2568 τῶν
649 2513 878 2570 αἰώνων.
917 2517 1110 2587 Ἀμήν.

353 2824 530 2876 ΠΕΡΙ
572 2823 874 2876 ΔΙΔΑΧΗΣ
909 2826 1038 2878 ΚΑΙ
1071 2825 1500 2883 ΝΟΥΘΕΣΙΑΣ.

755 2937 974 2990 ΛΟΓΟΣ
1013 2939 1092 2990 B'.

214 3047 270 3103 1.
300 3049 362 3102 Εἰ
405 3050 497 3103 ἐπὶ
546 3049 833 3114 τοσαύταις
873 3052 1284 3118 παραινέσεσιν,
1321 3053 1388 3118 ἃς
1427 3051 1482 3106 ἐν
1527 3069 1585 3106 τε
1630 3051 1711 3125 τῷ

139 3140 464 3212 προλαϐόντι
512 3143 686 3212 χρόνῳ
726 3143 1163 3214 παρακαλοῦντες
1207 3145 1350 3216 ὑμᾶς
1389 3145 1450 3198 οὐ
1480 3145 1711 3199 διελίπο-

1826 1973 1990 2013 neum
2020 1975 2119 2030 per
2154 1960 2387 2017 mediam
2420 1961 2712 2016 medullam
2736 1962 2990 2018 adactum
3027 1957 3393 2030 susceperint,

1824 2057 1957 2106 tunc
1997 2052 2148 2108 succi
2191 2053 2547 2110 acerbitatem
2594 2055 2650 2108 in
2685 2069 2885 2110 nonum
2917 2070 3077 2110 usum
3116 2060 3394 2107 transmu-

1825 2149 1959 2198 tant.
1991 2142 2161 2200 Nemo
2185 2145 2352 2216 igitur
2376 2147 2434 2201 in
2469 2147 2606 2203 vitio
2645 2148 2871 2220 degens,
2911 2147 2980 2203 de
3030 2163 3090 2203 se
3135 2148 3252 2216 ipse
3297 2144 3395 2199 de-

1823 2242 2025 2305 speret.
2061 2235 2195 2290 Nam
2235 2239 2284 2294 si
2317 2239 2625 2309 plantarum
2653 2241 2946 2310 qualitates
2974 2240 3211 2310 agricola
3244 2255 3394 2292 com-

1823 2331 2020 2390 mutat,
2047 2325 2218 2381 multo
2248 2328 2424 2397 magis
2455 2329 2665 2383 nullum
2697 2336 2782 2385 est
2821 2329 3154 2386 inﬁrmitatis
3196 2346 3388 2401 genus,

1820 2416 1965 2486 quod
2001 2431 2107 2471 non
2150 2419 2349 2474 animae
2382 2420 2438 2474 in
2476 2422 2566 2484 iis,
2591 2437 2712 2492 quae
2739 2421 2805 2475 ad
2842 2423 3096 2477 virtutem
3137 2423 3388 2480 attinent.

1819 2503 2036 2558 cultura
2081 2521 2343 2576 superare
2384 2510 2580 2580 possit,
2629 2511 2683 2564 in
2721 2509 2941 2567 Christo
2977 2510 3106 2567 Jesu
3161 2511 3390 2566 Domino

1819 2601 2034 2658 nostro,
2068 2597 2158 2650 cui
2205 2597 2381 2668 gloria
2403 2607 2460 2654 et
2488 2607 2734 2669 potestas
2765 2617 2935 2666 nunc,
2971 2613 3026 2656 et
3065 2619 3300 2674 semper,
3335 2612 3389 2657 et

1817 2683 1873 2739 in
1905 2687 2102 2741 saecula
2129 2689 2478 2744 saeculorum.
2509 2690 2703 2746 Amen.

1963 2820 2062 2873 DE
2109 2821 2480 2894 DOCTBINA
2537 2824 2632 2880 ET
2679 2825 3241 2883 ΑΒΜΟΝΙΤΙΟΝΕ.

2431 2937 2664 2994 SERMO
2711 2938 2773 2995 ll.

1890 3048 1938 3101 i.
1971 3048 2046 3117 (2)
2077 3048 2134 3104 Si
2175 3065 2241 3106 ex
2291 3058 2371 3105 tot
2406 3052 2900 3116 exhortationibus,
2935 3071 2989 3109 .n
3030 3055 3228 3124 quibus
3269 3063 3386 3112 tum

1815 3139 2094 3211 praeterito
2133 3147 2379 3210 tempore
2430 3158 2530 3198 vos
2571 3143 2946 3198 indesinenter
2992 3145 3263 3201 adhortati
3298 3165 3390 3204 su-

140 3251 267 3303 μεν,
296 3234 388 3288 καὶ
415 3233 608 3304 ἐφεξῆς
643 3233 753 3286 τῶν
791 3234 930 3288 ἑπτά
974 3235 1076 3306 τῆς
1115 3235 1366 3306 νηστείας
1403 3236 1711 3306 ἑϐδομάδων

1820 3247 1959 3295 mus,
1988 3239 2102 3285 tum
2130 3240 2317 3301 postea
2352 3249 2450 3304 per
2476 3235 2576 3290 has
2602 3245 2808 3306 septem
2828 3236 3159 3307 jejuniornm
3187 3240 3392 3296 hebdo-

137 3325 334 3390 νυκτὸς
361 3328 454 3382 καὶ
481 3327 694 3400 ἡμέρας
717 3327 1202 3400 διαμαρτυρόμενοι
1234 3331 1360 3400 ὑμῖν
1383 3331 1444 3384 τὸ
1472 3331 1719 3398 Εὐαγγέ-

136 3431 255 3470 λιον
295 3417 394 3487 τῆς
436 3418 655 3489 χάριτος
697 3418 789 3472 τοῦ
837 3419 972 3473 Θεοῦ
1003 3420 1105 3472 οὐκ
1143 3419 1519 3490 ἐπαυσάμεθα,
1557 3421 1712 3474 οὐδὲν

142 3509 368 3576 γέγονεν
407 3509 617 3578 δφελος,
668 3511 761 3563 ἐπὶ
791 3509 974 3573 ποίαις
1018 3511 1197 3566 ἐλπίσι
1230 3511 1593 3582 διαλεχθῶμεν
1621 3512 1715 3582 σή-

137 3618 339 3672 μερον;
377 3601 529 3654 Ἐπεὶ
557 3601 648 3654 καὶ
677 3601 938 3673 γεωργὸς,
967 3602 1076 3655 τῶν
1102 3601 1332 3674 πρώτων
1366 3601 1514 3672 αὐτῷ
1541 3618 1713 3673 σπερ-

138 3693 331 3762 μάτων
381 3693 452 3762 μὴ
503 3692 842 3762 ὲκφυέντων,
895 3693 1247 3766 ὀκνηρότερός
1293 3695 1409 3747 ἐστι
1464 3692 1603 3763 πρὸς
1648 3693 1714 3745 τὸ

134 3781 392 3852 δεύτερον
428 3786 546 3847 ταῖς
573 3783 758 3846 αὐταῖς
783 3783 1042 3855 ἀρούραις
1093 3783 1253 3838 πάλιν
1295 3783 1708 3851 ὲγκαταϐαλεῖν.

137 3877 307 3928 Ὥστε
347 3875 450 3930 κᾶν
492 3875 791 3947 ἐσιώπησα,
828 3872 886 3930 εῦ
923 3878 1058 3940 ίστε,
1097 3878 1146 3930 εί
1188 3877 1261 3947 μὴ
1303 3875 1612 3947 ἐφοϐούμην
1649 3875 1713 3928 τὸ

134 3966 444 4036 ὑπόδειγμα
485 3966 779 4039 Ἱερεμίου⁶
807 3968 866 4032 ὃς
903 3967 1038 4039 πρὸς
1074 3966 1270 4038 ἀπειθῆ
1312 3967 1440 4020 λαὸν
1484 3966 1712 4036 φθέγγε-

137 4056 270 4109 σθαι
318 4056 390 4126 μὴ
420 4056 756 4127 βουλόμενος,
791 4056 987 4110 ἔπαθεν
1021 4059 1201 4109 ἐκεῖνα
1238 4057 1380 4127 ἆπερ
1437 4055 1598 4119 αὐτὸς
1631 4055 1711 4109 δι-

134 4149 405 4221 ηγήσατο,
460 4150 540 4202 ὅτι
581 4149 794 4218 ἐγένετο
847 4148 994 4218 αὐτῷ
1035 4147 1147 4219 πῦρ
1189 4149 1247 4201 ὲν
1296 4151 1407 4210 τοῖς
1435 4148 1706 4216 ὲγκάτοις,

132 4240 240 4294 καὶ
268 4243 489 4310 παρεῖτο
522 4239 802 4302 πάντοθεν,
824 4240 918 4294 καλ⁸
945 4241 1046 4294 οὐκ
1064 4239 1294 4311 ἠδύνατο
1317 4240 1522 4310 φέρειν.
1558 4239 1710 4293 Ἐπεὶ

131 4331 254 4403 γὰρ
301 4331 459 4400 φύσει
511 4331 679 4402 ἀρετὴ
727 4330 924 4399 λόγου,
975 4331 1110 4400 μήτε
1165 4331 1401 4402 ἀσαφείᾳ
1445 4329 1710 4402 κρύπτειν

127 4421 208 4475 τὰ
246 4421 630 4492 σημαινόμενα,
665 4422 798 4490 μήτε
841 4421 1090 4493 περιττὸν
1139 4415 1276 4474 εἶναι
1327 4423 1422 4474 καὶ
1459 4421 1706 4492 μάταιον,

129 4513 263 4582 εἰκῆ
310 4515 419 4576 τοῖς
469 4513 755 4582 πράγμασι
811 4511 1198 4583 περιῤῥέοντα’
1253 4514 1313 4565 οὐ
1365 4513 1528 4565 καλὸν
1576 4513 1706 4582 περὶ

128 4603 348 4660 πολλῶν
391 4603 623 4668 εἰσάπαξ
668 4601 1027 4673 διαλεχθῆναι,
1081 4605 1152 4675 μή
1194 4621 1322 4657 ποτε
1359 4605 1425 4675 τῇ
1468 4604 1704 4676 ἀμετρίᾳ

127 4695 242 4751 τοῦ
294 4697 449 4766 λόγου
507 4699 751 4770 ἀχρηστα
799 4699 939 4768 φανῇ
989 4698 1057 4751 τὰ
1119 4698 1419 4766 φιλοπόνως
1471 4698 1704 4752 συνειλε-

126 4791 338 4862 γμένα.
381 4791 666 4844 ’Δτονοῦσα
697 4791 804 4863 γὰρ
831 4793 866 4862 ἠ
896 4791 1102 4844 διάνοια
1141 4791 1354 4844 πάντων
1380 4789 1515 4861 ὁμοῦ
1547 4806 1705 4860 περι-

124 4879 455 4952 δράξασθαι,
512 4881 696 4950 ὅμοιον
737 4881 935 4950 πάσχει
976 4881 1212 4951 γαστρὶ,
1255 4879 1342 4932 διὰ
1393 4880 1492 4949 τὴν
1545 4880 1708 4949 ὑπερ·

126 4971 300 5043 ϐολήν
345 4971 439 5025 τοῦ
484 4971 666 5042 κόρου,
709 4971 788 5034 εἰς
838 4971 1000 5041 πέψιν
1043 4973 1269 5041 ἀγαγεῖν
1308 4972 1376 5024 τά
1409 4987 1702 5042 παραπεμ·

125 5066 339 5134 φθεντα
378 5063 450 5134 μὴ
495 5061 783 5137 δυναμένῃ,
833 5063 1014 5116 Βίαιον
1056 5064 1153 5135 μὲν
1195 5063 1303 5134 γάρ
1362 5064 1591 5134 μάθημα
1637 5065 1698 5118 οὐ

124 5155 346 5222 πέερυκε
392 5152 744 5222 παραμένειν,
784 5151 844 5204 τὸ
873 5151 931 5204 δὲ
972 5152 1110 5222 μετὰ
1151 5152 1392 5222 τέρψεως
1424 5153 1518 5206 καὶ⁹
1540 5154 1701 5224 χάρι-

121 5256 222 5302 τος
255 5237 594 5308 είσδυόμενον
613 5237 980 5310 μονιμώτερόν
1007 5257 1122 5304 πως
1151 5243 1266 5304 ταῖς
1293 5240 1492 5312 ψυχαῖς
1527 5242 1702 5306 ἐνιζά-

201 5415 249 5446 ¹⁵
271 5412 473 5469 Jcrem.
510 5427 601 5473 xx,
634 5411 689 5464 9.

206 5571 283 5640 (l)
323 5566 404 5640 Ex
443 5571 591 5624 hom.
634 5587 663 5622 ν
701 5571 755 5623 in
786 5569 1062 5634 ﬂexum,
1102 5570 1192 5624 46.

414 5641 570 5725 _hom.
603 5656 689 5695 xiv
721 5657 776 5695 in
799 5641 1054 5705 ebriosos,
1097 5640 1218 5696 122.

206 5713 288 5776 (5)
318 5704 448 5762 ibid.

196 5783 278 5852 (ι)
316 5779 472 5843 Ibid,
506 5777 623 5832 ias.

1813 3323 2001 3378 madas
2056 3331 2221 3380 nocte
2257 3340 2324 3380 ac
2367 3325 2458 3382 die
2499 3326 2853 3399 Evangelium
2910 3334 3098 3402 gratim
3133 3331 3229 3386 Dei
3263 3333 3384 3388 sine

1812 3417 1920 3470 ulla
1969 3417 2373 3474 intermissione
2421 3420 2578 3475 vobis
2631 3421 3116 3490 denuntiavimus,
3168 3424 3382 3481 fructus

1812 3506 1996 3563 nullus
2044 3509 2304 3579 nullaque
2346 3511 2556 3567 utilitas
2591 3515 2814 3570 emersit
2847 3532 2860 3568 :
2893 3531 3000 3585 qua
3028 3531 3125 3587 spe
3170 3531 3382 3573 sermo-

1811 3615 1936 3654 nem
1981 3600 2144 3656 hodie
2192 3601 2563 3657 habebimus?
2617 3603 2695 3674 (5)
2744 3603 2880 3657 Nam
2931 3614 2986 3659 et
3038 3606 3279 3676 agricola
3333 3610 3380 3661 si

1811 3691 1998 3761 priora
2049 3691 2259 3746 semina
2294 3700 2454 3746 enata
2499 3709 2609 3748 non
2646 3693 2778 3757 sint,
2810 3693 2878 3746 ad
2915 3695 3063 3750 aliud
3100 3711 3286 3753 semen
3324 3699 3380 3752 in

1811 3783 2005 3838 iisdem
2037 3785 2185 3838 arvis
2213 3799 2408 3839 rursus
2439 3785 2806 3855 spargendum
2829 3788 3047 3856 segnior
3076 3796 3162 3843 est
3188 3797 3242 3844 et
3265 3796 3380 3843 tar-

1810 3872 1954 3930 dior.
2001 3873 2078 3945 (4)
2129 3873 2310 3940 Quare
2355 3873 2520 3929 etiam
2574 3876 2904 3940 tacuissem,
2954 3877 3088 3933 mihi
3136 3879 3375 3940 credite.

1811 3964 1917 4018 nisi
1963 3963 2212 4020 Ieremia:
2247 3964 2553 4021 timuissem
2589 3967 2894 4037 exemplum
2933 3987 2947 4022 :
2996 3969 3090 4038 qui
3137 3985 3260 4026 cum
3309 3972 3376 4026 ad

1810 4055 2068 4124 populum
2102 4066 2481 4112 contumacem
2525 4058 2691 4112 verba
2743 4058 2923 4114 facere
2959 4062 3149 4126 nollet,
3179 4079 3376 4133 passus

1809 4155 1894 4202 est
1937 4163 2059 4217 quae
2105 4149 2224 4220 ipse
2270 4160 2541 4212 recenset.
2589 4152 2732 4220 quod
2777 4152 2956 4210 factus
2998 4163 3082 4208 est
3133 4155 3275 4226 ignis
3320 4157 3375 4211 in

1808 4240 1930 4308 ejus
1951 4240 2288 4303 visceribus,
2333 4257 2398 4296 ac
2420 4243 2659 4313 undique
2682 4244 3104 4313 dissolvebatur,
3120 4263 3217 4303 nec
3234 4248 3377 4305 ferre

1809 4339 2025 4400 poterat
2048 4333 2116 4384 “.
2134 4332 2211 4403 (5)
2239 4330 2374 4386 Nam
2393 4335 2438 4388 si
2469 4335 2718 4391 naturale
2741 4339 3009 4393 sermonis
3043 4355 3243 4396 munus
3269 4353 3372 4407 est,

1809 4437 1988 4490 neque
2029 4422 2369 4478 obscuritate
2405 4438 2469 4478 ea
2511 4440 2634 4494 qua:
2673 4425 3052 4496 signiﬁcantur
3074 4431 3370 4496 occultare,

1809 4528 1987 4580 neque
2039 4528 2502 4584 supervacaneum
2541 4531 2664 4570 esse
2707 4522 2763 4572 et
2806 4532 3039 4580 vanum,
3075 4535 3140 4576 ac
3169 4529 3375 4577 temere

1809 4607 1974 4662 rebus
2005 4607 2384 4663 circumﬂuum
2411 4627 2424 4663 :
2463 4608 2541 4681 (6)
2573 4624 2684 4665 non
2709 4610 2966 4666 decorum
2993 4621 3098 4676 εει,
3131 4612 3200 4668 de
3233 4615 3374 4668 mul-

1809 4699 1880 4754 tis
1910 4700 2073 4754 simul
2119 4701 2410 4765 disserere,
2465 4717 2535 4756 ne
2569 4700 2708 4757 forte
2735 4701 3091 4758 immoderato
3120 4717 3374 4759 sermone

1806 4790 2019 4845 inutilia
2062 4791 2326 4855 evadant,
2369 4808 2492 4863 quas
2537 4793 2827 4864 diligenter
2854 4807 2919 4848 ac
2960 4795 3206 4851 studiose
3259 4796 3374 4850 col-

1808 4881 1947 4936 lecta
1990 4890 2141 4936 sunt.
2175 4881 2330 4938 Mens
2358 4884 2504 4938 enim
2546 4899 2683 4956 quae_
2708 4883 3178 4954 appreliendendis
3209 4885 3373 4942 simul

1807 4975 2062 5029 omnibus
2110 4975 2286 5046 impar
2333 4983 2442 5039 est,
2489 4975 2638 5032 haud
2665 4976 2828 5033 aliter
2856 4993 2918 5034 se
2949 4979 3114 5033 habet
3143 4994 3210 5034 ac
3239 4995 3372 5033 ven-

1809 5071 1914 5126 ter,
1954 5065 2049 5133 qui
2101 5064 2173 5118 ob
2222 5065 2448 5119 nimiam
2497 5065 2846 5122 saturitatem
2909 5079 3159 5139 sumptos
3217 5069 3371 5122 cibos

1806 5169 2153 5224 concoquere
2195 5172 2304 5211 non
2352 5165 2554 5226 potest.
2591 5158 2668 5229 (7)
2699 5157 2806 5214 Vix
2837 5161 2982 5216 enim
3006 5161 3207 5215 durare
3237 5163 3373 5215 solet

1806 5245 1951 5315 quod
1998 5245 2199 5301 invitus
2232 5247 2492 5303 didiceris
2527 5266 2540 5302 :
2578 5250 2722 5319 quod
2753 5259 2937 5306 autem
2975 5250 3217 5322 jucunde
3243 5269 3374 5308 sua-

1989 5572 2061 5652 ξπ
2083 5573 2764 5652 _hom._in_illud._Auende
2789 5583 2884 5636 tibi
2923 5585 3045 5652 ipsi.
3077 5587 3159 5638 t6.

2083 5643 2224 5724 hom.
2245 5645 2297 5724 in
2318 5647 2468 5724 illud,
2490 5646 2555 5700 In
2571 5651 2827 5724 principio
2844 5643 2956 5707 erat
2991 5656 3226 5724 Verbum,
3253 5658 3375 5718 158.

1889 5714 1961 5783 ι’ῖ)
1993 5712 2067 5767 Ex
2088 5713 2236 5768 hom.
2267 5717 2320 5769 in
2349 5719 2485 5786 psal.
2513 5712 2672 5785 1,-91.
