3878 6222
401 361 540 419 H35

1310 365 1674 423 APPENDIX.
1716 398 1784 407 —
1816 365 2164 424 SYMEONIS
2204 367 2748 425 BETAPHRASTE

3493 369 3630 425 H56

398 477 643 545 vltorque
684 484 965 547 acceptum
1009 486 1114 543 est,
1162 478 1409 539 tenacius
1442 479 1498 533 in
1530 478 1727 534 animis
1756 478 1961 533 nostris

2070 498 2165 536 νει.
2218 481 2319 535 Διά
2383 481 2540 534 τοῦτο
2583 480 2676 533 καὶ
2724 479 2783 533 τὸ
2831 480 2894 532 ἐκ
2944 479 3041 549 τῆς
3096 479 3366 551 μελῳδίας
3407 481 3631 551 τερπνὸν

399 569 621 624 insidet.
671 569 748 641 (l)
799 569 1141 645 Quapropter
1183 577 1239 625 et
1278 570 1624 641 dogmatibus
1667 571 1964 625 immiscuit

397 660 696 716 harmonia:
728 660 1093 727 dulcedinem,
1140 670 1198 716 ut
1227 664 1481 718 audiendi
1514 663 1860 733 jucunditate
1899 677 1964 717 ac

398 751 686 809 dulcedine
753 754 1093 825 eloquiorum
1163 755 1450 811 utilitatem
1517 771 1549 811 e
1614 756 1964 812 sermonibus

401 845 631 899 latenter
654 846 1057 914 perciperemus
1088 864 1101 899 :
1137 848 1279 902 haud
1310 849 1470 902 aliter
1498 856 1663 919 atque
1684 849 1963 919 sapientes

399 934 617 997 medici,
648 937 741 1007 qui
783 939 1177 994 nauseantibus
1217 941 1488 1009 potionem
1519 943 1843 996 amariorem
1868 940 1966 995 da-

401 1025 530 1086 turi,
584 1027 783 1095 saapius
837 1027 1064 1082 calicem
1124 1030 1283 1084 melle
1334 1029 1765 1085 circumliniunt.
1838 1027 1965 1084 Ideo

398 1117 653 1171 concinni
701 1119 778 1172 illi
826 1120 1159 1189 psalmorum
1192 1130 1494 1178 concentus
1538 1124 1830 1194 excogitati
1865 1137 1965 1176 no-

399 1208 484 1262 bis
515 1215 661 1272 sunt,
684 1218 745 1263 ut
769 1210 861 1280 qui
887 1213 1040 1279 pueri
1065 1220 1390 1277 suntattate,
1420 1222 1510 1268 aut
1540 1215 1704 1270 etiam
1736 1215 1965 1269 omnino

400 1300 642 1353 moribus
679 1299 930 1369 juvenes,
985 1301 1040 1355 in
1065 1303 1321 1372 'spcciem
1371 1304 1591 1373 quidem
1625 1311 1869 1365 cantent,
1904 1318 1966 1357 re

401 1392 580 1441 autem
607 1401 733 1441 vera
766 1388 966 1444 animis
1006 1391 1345 1446 erudiantur.
1376 1392 1452 1462 (‘2)
1473 1391 1605 1446 Nam
1623 1400 1677 1448 et
1697 1406 1961 1463 equorum

400 1473 700 1530 domitores
731 1491 839 1530 non
881 1478 1067 1532 statim
1096 1477 1305 1534 feroces
1339 1481 1518 1548 pullos
1553 1480 1723 1536 frenis
1756 1487 1965 1550 angunt

400 1569 456 1616 et
502 1564 813 1632 exagitant;
884 1567 965 1620 sic
1019 1568 1163 1620 enim
1227 1569 1574 1623 recalcitrare
1633 1579 1689 1623 et
1747 1571 1963 1638 equites

400 1662 655 1708 excutere
687 1656 982 1710 educentur
1023 1673 1036 1710 :
1082 1656 1249 1728 478
1275 1659 1370 1713 sed
1412 1659 1665 1715 cedentes
1704 1662 1961 1732 primum,

400 1748 455 1797 et
507 1741 574 1797 ad
627 1758 815 1798 eorum
864 1744 1123 1815 impetum
1172 1764 1294 1804 sese
1336 1750 1832 1817 accommodantes,
1872 1750 1964 1805 ubi

400 1848 590 1889 eorum
633 1836 882 1891 ardorem
924 1852 1024 1892 suo
1068 1840 1310 1908 ipsorum
1354 1842 1559 1911 impetu
1604 1851 1768 1913 atque
1800 1844 1962 1900 vehe-
1995 1820 2037 1877 Β

402 1926 607 1981 mentia
666 1926 898 1982 fractum
960 1937 1016 1984 et
1069 1931 1398 1986 exhaustum
1456 1932 1962 2001 animadverterint,

403 2031 534 2071 tunc
563 2017 822 2074 subactos
853 2020 1345 2088 apprehendentes,
1377 2023 1501 2079 illos
1524 2024 1638 2093 jam
1668 2040 1767 2095 per
1792 2034 1965 2081 artem

402 2106 637 2163 reddunt
688 2111 1111 2167 tractabiliores.
1190 2113 1267 2184 (5)
1323 2114 1428 2180 Qui
1483 2115 1630 2171 enim
1681 2116 1969 2187 diligenter

402 2215 468 2253 ex
519 2214 846 2279 quacunque
894 2216 955 2256 re
1011 2204 1298 2260 utilitatem
1351 2206 1633 2277 colligunt,
1684 2207 1755 2263 iis
1810 2209 1968 2279 quasi

402 2292 614 2359 magnis
674 2274 990 2349 nurninibus
1053 2295 1232 2350 solent
1280 2274 1644 2369 undecunque
1701 2274 1968 2356 ﬁeri—ae-

401 2386 682 2440 cessiones
729 2387 927 2441 multae.
982 2386 1118 2442 Nam
1161 2404 1388 2459 parvum
1436 2407 1603 2462 parvo
1648 2392 1966 2464 adjungere,

404 2490 511 2528 non
557 2476 735 2545 magis
768 2476 837 2531 ad
879 2479 1123 2547 pecuniae
1164 2482 1667 2551 ampliﬁcationem,
1701 2500 1865 2550 quam
1899 2484 1968 2539 ad

403 2567 699 2635 quamlibet
752 2568 1096 2639 disciplinam
1156 2572 1466 2643 quadrare,
1530 2576 1783 2644 prudenti
1853 2576 1968 2632 viro

402 2657 577 2712 videri
613 2658 790 2713 debet.

467 2750 524 2803 2.
556 2751 633 2823 (4)
658 2750 814 2817 Quod
843 2752 988 2809 enim
1018 2753 1205 2809 labore
1233 2761 1445 2825 partum
1474 2763 1578 2820 est,
1611 2770 1736 2811 cum
1770 2755 1969 2828 gaudio

404 2844 727 2913 suscipitur,
782 2853 836 2900 et
898 2845 1185 2917 diligenter
1244 2856 1603 2904 conservatur
1656 2867 1668 2903 :
1731 2857 1967 2914 contra,

403 2949 527 3002 qua:
563 2935 723 2990 facile
763 2945 1173 3006 comparantur,
1213 2950 1277 2993 ea
1326 2953 1450 2993 cum
1497 2948 1807 3009 contemptu
1843 2955 1970 3009 pus-

403 3024 671 3081 sidentur.
717 3026 793 3098 (5)
844 3025 1306 3093 Quemadmodum
1338 3030 1503 3101 igitur
1557 3044 1664 3084 non
1717 3031 1968 3087 invidens

403 3117 563 3180 nobis
616 3117 930 3188 adjutnenta
984 3120 1053 3174 ad
1098 3119 1408 3180 vivendum.
1452 3123 1635 3175 omnia
1678 3122 1965 3177 nobiscum

402 3206 654 3263 similiter
695 3221 761 3262 ac
812 3222 936 3263 cum
974 3209 1170 3265 belluis
1213 3211 1364 3265 nasci
1407 3208 1600 3280 Opifex
1639 3221 1827 3267 noster
1857 3229 1966 3268 non

402 3299 692 3370 permisit,
771 3300 865 3357 sed
910 3303 1145 3371 inopiam
1194 3317 1376 3357 rerum
1425 3303 1856 3358 necessariarum
1901 3305 1968 3360 ad

402 3388 684 3445 industria:
722 3403 925 3446 nosme
962 3390 1411 3445 exercitationem
1453 3392 1800 3448 machinatus
1846 3401 1966 3449 est:

403 3480 478 3536 ita
525 3488 583 3535 et
636 3482 691 3535 in
755 3479 1057 3552 Scripturis
1110 3481 1499 3537 obscuritatem
1553 3481 1623 3536 ad
1677 3484 1965 3539 utilitatem

403 3574 622 3639 mentis,
671 3572 918 3628 excitans
962 3572 1110 3627 illius
1165 3572 1719 3642 intelligentiae‘vim,
1782 3575 1964 3630 inesse

400 3662 619 3727 voluit;
661 3660 899 3732 primum
942 3661 1183 3733 quidem,
1228 3670 1286 3716 ut
1323 3662 1409 3718 his
1446 3671 1735 3733 occupata,
1766 3681 1794 3719 a
1826 3666 1971 3722 dete-

402 3754 643 3810 rioribus
690 3762 987 3821 avocetur;
1031 3752 1228 3808 deinde
1260 3755 1388 3823 quia
1430 3755 1617 3811 labore
1658 3765 1812 3826 parta
1854 3774 1970 3812 ma-

400 3843 484 3914 gis
521 3850 794 3907 amantur,
828 3857 1056 3914 quaeque
1088 3845 1250 3913 longe
1304 3852 1552 3915 tempore
1585 3849 1966 3914 acquiruntur,

399 3936 744 3999 constantius
790 3942 1108 4004 permanent
1141 3954 1154 3989 :
1192 3949 1314 4005 qua:
1355 3943 1536 3989 autem
1579 3933 1738 3990 facile
1767 3951 1969 4006 paran-

400 4037 509 4091 tur,
560 4026 647 4083 his
694 4040 806 4081 non
864 4026 1092 4097 perinde
1151 4026 1310 4081 avide
1354 4026 1608 4082 fruimur.
1668 4026 1972 4099 Negligitur

399 4117 544 4171 enim
586 4132 768 4172 rerum
810 4116 1097 4172 obviarum
1132 4118 1312 4188 copia,
1350 4132 1527 4187 neque
1572 4118 1679 4172 ulla
1717 4121 1969 4175 custodia

401 4208 594 4279 dignas
624 4208 796 4276 ducit,
829 4210 925 4279 qui
966 4209 1232 4279 possidet.
1282 4208 1361 4278 (6)
1395 4206 1577 4280 Turpe
1611 4226 1848 4281 namque
1884 4221 1970 4266 est

408 4301 636 4369 rejicerc
676 4300 829 4355 cibos
864 4300 1164 4363 exitiosos.
1207 4300 1621 4370 disciplinarum
1668 4318 1799 4358 vero
1847 4318 1971 4373 qua:

407 4394 644 4446 animam
693 4400 938 4447 nostram
990 4395 1261 4457 nutriunt,
1301 4394 1569 4448 rationem
1618 4394 1821 4448 nullam
1875 4394 1971 4448 ha-

2063 575 2173 635 τοῖς
2212 572 2475 642 δόγμασιν
2520 571 2871 643 ἐγκατέμιξεν
2893 610 2908 633 ,
2960 571 3052 625 ἵνα
3095 570 3175 641 τῷ
3228 575 3489 642 προσηνεῖ
3542 574 3634 625 καὶ

2063 661 2189 734 λείῳ
2213 665 2306 734 τῆς
2340 665 2509 734 ἀκοῆς
2554 663 2614 716 τὸ
2660 665 2723 717 ἐκ
2773 664 2880 717 τῶν
2921 664 3096 732 λόγων
3142 664 3418 734 ὠφέλιμον
3448 664 3635 717 λανθα-

2063 755 2259 820 νόντως
2286 755 2687 826 ὑποδεχάῳεθα,
2716 756 2856 810 κατά
2894 755 3021 819 τοὺς
3045 755 3238 824 σοεροὺς
3276 755 3386 808 τῶν
3416 755 3633 826 ίατρῶν,

2063 848 2112 901 οἳ
2150 847 2258 901 τῶν
2300 848 2601 917 φαρμάκων
2648 847 2718 900 τὰ
2770 847 3142 918 αὑστηρότερα
3186 847 3361 899 πίνειν
3408 845 3635 908 διδόντες

2063 941 2174 1001 τοῖς
2218 939 2543 999 κακοσίτοις,
2595 937 2767 1008 μέλιτι
2809 937 3067 1001 πολλάκις
3096 937 3195 1009 τὴν
3244 938 3442 990 κύλικα
3482 952 3636 1007 περι-

2063 1030 2295 1101 χρίουσι.
2326 1029 2424 1082 Διά
2454 1030 2612 1082 τοῦτο
2638 1031 2733 1083 καὶ
2776 1029 2848 1082 τὰ
2873 1030 3168 1101 ἐναρμόνια
3200 1029 3333 1100 μέλη
3369 1028 3477 1081 τῶν
3503 1026 3635 1097 ψαλ-

2068 1121 2184 1192 μῶν
2219 1123 2350 1192 ἡμῖν
2375 1121 2734 1189 ἐπινενόηται,
2770 1120 2857 1172 ἴνα
2884 1119 2961 1182 ὡς
2991 1120 3043 1171 οἱ
3080 1119 3267 1181 παῖδες
3295 1117 3373 1187 (7)
3401 1117 3499 1187 τὴν
3525 1116 3635 1186 ηλι-

2064 1215 2207 1271 κίαν.
2247 1213 2281 1284 ἢ
2325 1214 2418 1266 καὶ
2454 1213 2590 1273 ὅλως
2625 1213 2673 1264 οἱ
2721 1213 2900 1283 νεαροὶ
2930 1211 2988 1263 τὺ
3031 1206 3184 1280 ἦθος,
3221 1209 3300 1279 τῷ
3330 1209 3429 1279 μὲν
3463 1207 3637 1261 δοκεῖν

2068 1302 2365 1374 μελῳδῶσι,
2395 1305 2460 1373 τῇ
2494 1303 2551 1356 δὲ
2579 1302 2805 1374 ἀληθεία
2834 1302 2931 1365 τὰς
2963 1302 3140 1371 ψυχας
3185 1300 3635 1354 ἐκπαιδεύωνται.

2065 1395 2175 1449 Καὶ
2215 1394 2324 1465 γὰρ
2362 1394 2413 1449 οἱ
2455 1392 2799 1465 πωλοδάμναι
2829 1393 2954 1456 τοὺς
2992 1392 3276 1461 δυσηνίους
3302 1391 3416 1443 τῶν
3446 1389 3637 1444 πώλων

2063 1486 2163 1539 οὐκ
2193 1485 2351 1549 εὐθὺς
2380 1486 2709 1555 κατάγχουσι
2748 1487 2861 1548 τοῖς
2901 1484 3157 1554 χαλινοῖς,
3203 1483 3323 1537 οὐδὲ
3373 1483 3639 1556 ἀνακρού-

2063 1594 2243 1631 ουσινο
2283 1576 2644 1646 ἀναχαιτίζειν
2680 1576 2788 1648 γὰρ
2816 1575 2960 1629 οὕτω
2992 1576 3086 1629 καὶ
3129 1576 3483 1630 ἀποσείεσθαι
3514 1578 3639 1640 τοὺς

2065 1667 2327 1732 ἐπιϐάτας
2363 1668 2734 1721 διδάσκουσιν
2782 1666 2916 1720 ἀλλὰ
2944 1666 3332 1729 συνενδιδόντες
3354 1667 3455 1737 τὴν
3493 1666 3638 1739 πρὼ-

2065 1777 2163 1830 την
2209 1749 2778 1830 καὶ“συνεξορμῶντες
2821 1759 3025 1821 αὐτοῖς,
3057 1757 3278 1810 ἐπειδὰν
3321 1756 3505 1810 ἴδωσιν
3538 1756 3640 1810 ὑπὸ

2065 1852 2163 1921 τῆς
2186 1851 2390 1914 οἰκείας
2428 1849 2606 1922 ὁρμῆς
2643 1849 2737 1903 καὶ
2765 1848 2885 1919 βίας
2918 1848 3011 1901 τὸν
3039 1848 3207 1919 θυμὸν
3233 1847 3638 1910 ἀναλώσαντας.

2065 1943 2186 1996 τότε
2236 1941 2642 2013 παραλαϐόντες
2674 1940 3139 2011 δεδαμασμένους,
3193 1937 3638 2008 εὐπειθεστέρους

2067 2033 2279 2088 ποιοῦσι
2308 2034 2395 2088 διὰ
2419 2033 2521 2102 τῆς
2544 2033 2758 2104 τέχνης.
2792 2033 2915 2096 Τοῖς
2947 2031 3078 2100 γοῦν
3105 2031 3380 2103 ἐπιμελῶς
3416 2030 3479 2096 ἐξ
3510 2032 3639 2084 ixi.

2068 2142 2194 2179 στου
2226 2127 2323 2196 τὴν
2354 2125 2616 2195 ὠφέλειαν
2641 2124 2999 2196 ἀθροίζουσιν,
3030 2122 3218 2196 ὥσπερ
3245 2126 3359 2185 τοῖς
3389 2123 3640 2193 μεγάλοις

2066 2218 2171 2271 τῶν
2201 2217 2477 2289 ποταμῶν,
2506 2217 2698 2271 πολλαὶ
2741 2216 2984 2285 γίνεσθαι
3028 2216 3358 2287 πολλαχόθεν
3401 2217 3637 2287 προσθῆ-

2067 2326 2160 2363 και
2222 2308 2514 2379 πεφύκασι.
2571 2308 2643 2361 Τὸ
2698 2308 2805 2379 γὰρ
2864 2308 2957 2361 καὶ
3002 2307 3231 2377 σμικρὸν
3284 2308 3381 2359 ἐπὶ
3427 2304 3642 2376 σμικρῷ

2067 2399 2468 2461 κατατίθεσθαι,
2497 2399 2559 2451 οὐ
2591 2397 2788 2468 μᾶλλον
2827 2399 2902 2461 είς
2942 2398 3208 2468 ἀργυρίου
3257 2397 3575 2468 προσθήκην
3607 2394 3639 2463 ἢ

2067 2492 2156 2542 καὶ
2184 2492 2261 2553 εἰς
2284 2488 2561 2561 ἡντιναοῦν
2585 2490 2915 2560 ἐπιστήμην,
2932 2488 3106 2560 ὀρθῶς
3132 2488 3385 2558 ἡγεῖσθαι
3407 2485 3641 2558 Exsul“)

2067 2577 2144 2648 τῷ
2175 2579 2587 2649 πεπυκνωμένῳ
2612 2577 2878 2649 προσῆκε.

2136 2756 2192 2810 2.
2225 2756 2299 2809 Τὸ
2352 2755 2460 2826 γὰρ
2522 2754 2670 2825 πόνῳ
2719 2751 2939 2822 κτηθέν,
2986 2749 3304 2822 περιχαρῶς
3350 2746 3639 2818 ὑπεδέχθη,

2067 2848 2162 2902 καὶ
2194 2845 2493 2915 φιλοπόνως
2538 2842 2899 2913 διεφυλάχθη⁹
2940 2835 3016 2894 ὧν
3064 2839 3249 2909 μέντοι
3294 2837 3584 2909 πρόχειρος
3612 2838 3644 2891 δ

2067 2938 2351 3009 πορισμὸς,
2381 2936 2586 2989 τούτων
2616 2938 2649 3006 ή
2689 2934 2881 3005 κτῆσις
2906 2931 3397 3003 εὐκαταφρόνητος.
3432 2931 3640 3002 Ὠσπερ

2067 3025 2180 3094 οὖν,
2208 3029 2330 3098 οὐχὶ
2358 3026 2663 3097 βασκαίνων
2681 3028 2813 3096 ἡμῖν
2842 3023 2949 3078 τῶν
2977 3022 3115 3094 πρὸς
3140 3023 3204 3075 τὸ
3230 3020 3332 3092 ζῇν
3354 3021 3639 3092 ἀφορμῶν,

2070 3121 2462 3193 παραπλησίως
2488 3122 2601 3182 τοῖς
2642 3118 2854 3187 ἀλόγοις
2899 3113 3434 3184 συναπογεννηθῆναι
3468 3113 3644 3166 πάντα

2068 3212 2098 3263 ὁ
2127 3211 2465 3283 Δημιουργὸς
2514 3208 2671 3281 ἡμῶν
2712 3208 2773 3262 οὑ
2806 3205 3194 3278 συνεχώρησεν,
3229 3204 3367 3259 ἀλλά
3408 3204 3513 3274 τὴν
3561 3204 3648 3255 ἔνο

2067 3303 2210 3357 δειαν
2256 3303 2362 3355 τῶν
2406 3300 2719 3370 ἀναγκαίων
2763 3299 3058 3369 γυμνάσιον
3101 3300 3235 3369 ἡμῖν
3272 3297 3378 3368 τῆς
3407 3295 3647 3357 διανοίας

2068 3395 2481 3466 ἐμηχανήσατο·
2509 3392 2651 3446 οὕτω
2697 3394 2790 3446 καὶ
2821 3392 2919 3463 τὴν
2954 3394 3012 3444 ἐν
3059 3394 3177 3455 ταῖς
3220 3391 3469 3459 Γραφαῖς
3504 3389 3644 3441 dsi-

2068 3504 2225 3559 φειαν
2266 3487 2351 3539 ἐπ’
2398 3483 2635 3556 ὠφελείᾳ⁵
2677 3484 2771 3537 τοῦ
2815 3483 2942 3547 νοῦ,
2984 3482 3265 3552 διεγείρων
3325 3478 3495 3533 αὑτοῦ
3546 3480 3647 3549 τὴν

2069 3579 2377 3651 ἐνέργειαν,
2434 3576 2789 3646 ἐπετήδευσε·
2844 3574 3057 3644 πρῶτον
3125 3573 3224 3644 μὲν
3287 3573 3374 3625 ῖνα
3434 3570 3650 3634 τούτοις

2068 3666 2520 3737 ἐνασχολούμενος
2550 3665 2657 3719 τῶν
2681 3666 2938 3737 χειρόνων
2970 3664 3271 3735 ἀφέλκηται
3291 3680 3306 3694 ·
3338 3664 3537 3719 ἔπειτα
3567 3666 3649 3718 ὅτι

2066 3758 2137 3813 τά
2173 3759 2318 3829 πόνῳ
2366 3757 2633 3828 κτηθέντα
2678 3757 2878 3828 μᾶλλον
2926 3758 3349 3827 προσαγαπᾶται
3373 3795 3390 3817 ,
3446 3758 3544 3809 καὶ
3581 3757 3651 3808 τὰ

2067 3847 2156 3902 διὰ
2190 3845 2400 3918 μακροῦ
2445 3847 2637 3917 χρόνου
2682 3845 3087 3917 προσγενόμενα
3133 3844 3506 3916 μονιμώτερον
3543 3864 3643 3898 παι

2070 3938 2327 4008 ραμένειυ
2357 3931 2434 3990 ὢν
2461 3936 2516 3989 δέ
2552 3935 2709 4007 ῥᾳδία
2751 3938 2783 4005 ἠ
2836 3935 3046 4005 κτῆσις,
3082 3934 3143 3987 οὐ
3175 3935 3654 4004 περισπούδαστος

2068 4029 2102 4099 ὴ
2141 4027 2461 4090 ἀπόλαυσις.
2510 4026 2996 4098 Εὑκαταφρόνητος
3036 4026 3146 4097 γὰρ
3193 4028 3227 4097 ἡ
3273 4026 3386 4079 τῶν
3434 4027 3656 4098 προχεῖο

2073 4138 2178 4193 ρων
2206 4121 2496 4193 παρουσία,
2526 4120 2618 4174 καὶ
2644 4120 2898 4190 οὐδεμιᾶς
2928 4118 3174 4188 φυλακῆς
3213 4116 3511 4188 ἀξιουμένη
3536 4122 3655 4181 τοῖς

2068 4209 2301 4280 ἔχουσιν.
2357 4210 2592 4280 Αίσχρὺν
2636 4209 2713 4274 δέ,
2767 4209 2874 4262 τῶν
2923 4208 3022 4279 μὲν
3066 4206 3248 4260 σιτίων
3294 4206 3362 4260 τὰ
3406 4207 3654 4278 βλαϐερὰ

2067 4300 2404 4355 διωθεῖσθαι·
2444 4300 2552 4352 τῶν
2579 4299 2636 4353 δὲ
2679 4297 3036 4381 μαθημάτων,
3066 4297 3103 4351 ἂ
3144 4296 3246 4368 τὴν
3276 4296 3460 4368 ψυχὴν
3487 4299 3656 4374 ἡμῶν

2069 4393 2276 4463 τρέφει,
2331 4391 2533 4462 μηδένα
2580 4389 2735 4459 λόγον
2787 4389 2962 4459 ἔχειν·
3010 4388 3124 4442 ἀλλ’
3175 4388 3364 4458 ὥσπερ
3417 4390 3657 4461 χειμάρ-

404 4484 553 4546 bere,
610 4482 706 4539 sed
757 4485 1018 4539 torrentis
1070 4485 1126 4538 in
1169 4501 1376 4541 morem
1432 4487 1698 4557 quidquid
1743 4487 1966 4542 obvium

2074 4487 2200 4555 ρουν
2243 4477 2645 4553 κατασύροντας
2678 4481 2753 4551 (9)
2786 4482 2931 4535 ἅπαν
2966 4481 3026 4534 τὸ
3072 4480 3507 4552 προστυγχάνον,
3547 4482 3655 4551 ἐμ-

400 4584 484 4630 est
514 4573 826 4640 trahentes,
865 4576 919 4629 id
962 4576 1016 4630 in
1051 4576 1294 4631 animum
1343 4579 1658 4634 recondere.
1702 4578 1971 4645 Quemad-

400 4664 622 4719 modum
670 4668 816 4721 enim
866 4667 1046 4722 mellis
1088 4679 1285 4721 natura
1340 4683 1449 4723 non
1503 4676 1714 4723 tantum
1755 4672 1969 4727 ratione

399 4756 638 4826 perspici
676 4763 856 4826 potest
891 4758 959 4813 ab
1011 4758 1349 4827 inexpertis,
1407 4767 1670 4829 quantum
1733 4775 1804 4816 ex
1847 4762 1969 4831 ipso

401 4858 594 4919 gustus
632 4865 794 4906 sensu
828 4868 844 4916 ;
896 4850 971 4904 ita
1009 4865 1111 4905 nec
1151 4849 1365 4904 bonitas
1412 4850 1655 4905 caelestis
1705 4851 1968 4907 doctrinae

401 4943 541 4995 tradi
590 4940 840 4996 docendo
890 4949 1106 5011 potest,
1153 4941 1261 4995 nisi
1318 4942 1564 4997 veritatis
1621 4942 1968 5013 dogmatibus

401 5034 710 5087 accuratius
731 5034 1052 5103 exploratis,
1074 5032 1348 5103 possimus
1371 5034 1594 5103 propria
1626 5034 1967 5105 experientia

408 5123 710 5192 perspicere
753 5121 967 5177 Domini
998 5122 1330 5177 bonitatem.
1420 5129 1425 5136 '
1662 5134 1667 5139 '

473 5338 550 5408 (l)
586 5339 659 5410 Fx
693 5339 842 5395 hom.
877 5341 929 5395 in
967 5340 1103 5410 ρειαί.
1139 5357 1177 5405 t,
1213 5342 1300 5396 90.

468 5411 542 5479 (2)
581 5409 654 5462 Ex
689 5410 833 5466 hom.
860 5412 915 5465 in
946 5409 1103 5466 mart.
1131 5410 1400 5476 Julittam,
1439 5412 1529 5467 42.

473 5479 549 5553 (ξ)
586 5480 660 5553 [dx
692 5495 858 5553 serm.
894 5480 969 5534 De
998 5482 1225 5553 legendis
1258 5483 1349 5535 lib.
1383 5495 1549 5553 geut.,
1598 5482 1721 5539 184.

475 5548 552 5616 (Α)
587 5548 656 5599 l~‘.x
685 5551 880 5605 homil.
912 5566 971 5603 ιιι
1004 5552 1058 5604 in
1093 5547 1486 5614 Ηεωαεηιηὲὃ.

498 5618 552 5686 5)
588 5619 657 5669 Ex
692 5630 984 5675 comment.
1024 5625 1079 5673 ιη
1106 5620 1240 5686 Isa..
1272 5623 1396 5675 582.

500 5685 552 5760 (ξ)
587 5686 657 5760 ξῖξ
696 5701 860 5740 scrm.
881 5689 965 5760 pe
992 5689 1214 5760 legendis
1246 5691 1333 5744 lio.
1377 5700 1540 5760 gent.,
1572 5692 1691 5746 179.

502 5753 552 5821 7)
595 5755 690 5818 Ὠς
716 5760 766 5808 οἱ
794 5753 1018 5823 παῖδες.
1038 5753 1236 5811 Ῥτὶιιιιι
1262 5753 1449 5814 vocula
1483 5762 1675 5816 melius
1716 5759 1868 5816 deest
1911 5764 1966 5816 ln

2069 4574 2377 4629 ϐάλλεσθαι.
2419 4575 2504 4637 Ὠς
2533 4575 2641 4645 γὰρ
2665 4574 2758 4626 τοῦ
2791 4573 3060 4644 μέλιτοςή
3107 4572 3267 4640 φύσις
3295 4573 3356 4624 οὐ
3387 4571 3654 4625 τοσοῦτον

2065 4666 2319 4736 τῷλόγῳ
2370 4667 2590 4720 δύναται
2635 4666 2979 4735 παραστῆναι
3028 4666 3142 4727 τοῖς
3204 4664 3478 4735 ἀπείροις,
3523 4666 3653 4716 ὅσον

2067 4758 2160 4813 ἀπ’
2193 4758 2362 4828 αὐτῆς
2397 4758 2499 4827 τῆς
2538 4757 2680 4811 κατά
2724 4756 2822 4828 τὴν
2862 4755 3049 4825 γεῦσιν
3092 4756 3429 4825 αἰσθήσεωςσ
3472 4755 3652 4818 οὕτως

2067 4848 2187 4901 οὐδὲ
2216 4850 2251 4919 ἡ
2286 4848 2588 4919 χρηστότης
2615 4845 2707 4900 τοῦ
2732 4847 2981 4917 οὐρανίου
3014 4846 3173 4913 λόγου
3195 4845 3446 4916 ἐναργῶς
3474 4856 3651 4914 παραι

2066 4939 2286 5009 δοθῆναι
2328 4937 2694 5002 διδασκαλίαις
2740 4937 2981 4999 δύναται,
3024 4936 3120 4990 ἐὰν
3159 4937 3235 5007 μὴ
3276 4937 3344 4990 τὰ
3381 4938 3481 5006 τῆς
3514 4937 3651 5005 ἀλη-

2067 5031 2219 5095 θείας
2271 5030 2514 5100 δόγματα
2563 5028 2817 5083 ἐπιπλέον
2872 5028 3281 5098 βασανίσαντες,
3326 5028 3646 5101 δυνηθῶμεν

2067 5124 2132 5192 τῇ
2162 5120 2338 5193 οἰκεία
2376 5120 2541 5192 πείρᾳ.
2580 5118 2903 5174 καταλαϐεῖν
2931 5119 3029 5189 τὴν
3054 5118 3148 5171 τοῦ
3180 5119 3387 5190 Κυρίου
3413 5119 3645 5191 χρηστό-

2067 5229 2222 5282 τητα.

2067 5354 2347 5403 contextu.

2134 5415 2209 5496 (8)
2242 5418 2463 5496 Ἔχεινς.
2522 5413 2714 5496 Melius
2759 5414 2816 5496 in
2859 5419 3115 5468 contextu
3164 5410 3423 5483 ἡγεῖσθαι
3472 5411 3635 5482 ἔχειν.

2068 5484 2309 5539 Primum
2342 5486 2560 5539 verbum
2591 5484 2794 5537 deerat.

2141 5557 2215 5617 (9)
2248 5553 2611 5622 Χειμάρῤουν
2632 5553 3095 5622 κατασύροντας.
3113 5548 3206 5604 Sic
3234 5564 3341 5620 cpe
3354 5558 3635 5607 emunt-ts

2068 5621 2477 5679 emendavimus
2507 5624 2799 5693 qttotlerat
2839 5624 2891 5677 itt
2932 5621 3094 5676 editis
3133 5622 3441 5692 χειμάρρου
3467 5636 3633 5674 κατα-

2071 5710 2346 5763 συρονιος.
