3878 6222
262 330 399 385 IIS?

1069 334 1299 392 SERMO
1339 337 1402 392 11.
1442 340 1603 394 ——DE
1645 340 1993 399 DOCTRINA
2035 340 2122 400 ET
2155 345 2647 403 ADMt)NITlONE.

3357 351 3499 407 “33

328 446 381 499 5,
413 445 517 498 Τοῦ
558 444 666 516 γάρ
694 445 1073 518 φιλανθρώπου
1100 449 1236 504 Θεοῦ
1263 453 1356 506 καὶ
1391 453 1640 525 Σωτῆρος
1670 459 1701 526 η
1712 456 1825 527 μῶν

1998 460 2051 514 5,
2094 459 2175 529 (5)
2201 460 2338 514 Cum
2369 462 2513 516 enim
2546 461 2816 532 benignus
2847 461 2990 516 Deus
3022 468 3077 516 et
3112 460 3363 517 Salvator
3392 482 3493 517 iw-

269 536 443 606 Ἰησοῦ
473 538 706 608 Χριστοῦ
746 539 1021 607 λέγοντος⁹
1054 542 1233 597 Δεῦτε
1269 546 1419 613 πρὸς
1448 547 1562 615 μὲ,
1608 550 1825 616 πάντες

1929 559 2042 607 ster
2066 551 2227 609 Jcsus
2250 553 2503 609 Christus
2532 554 2678 608 dicat
2704 571 2718 608 :
2762 554 2940 608 Venite
2965 555 3034 607 ad
3063 571 3162 617 me,
3203 572 3378 610 omnes
3404 559 3493 626 qui

255 628 311 680 οἱ
341 626 664 693 κοπιῶντες
686 629 782 681 καὶ
810 632 1290 702 πεφορτισμένοι,
1316 636 1478 705 κάγὼ
1498 638 1828 692 ἀναπαύσω

256 712 438 780 ὑμᾶς’
465 713 563 765 οὐκ
588 713 869 768 ἀκίνδυνον
905 717 1243 774 ἀπωθεῖσθαι
1274 725 1402 786 τοὺς
1429 723 1507 795 τῷ
1531 727 1723 797 Κυρίῳ
1758 726 1827 780 δι’

255 801 411 871 ἡμῶν
448 803 801 870 προσιόντας,
835 808 927 860 καὶ
970 808 1220 865 ὑπελθεῖν
1247 814 1411 866 αὐτοῦ
1456 815 1548 869 τὸν
1593 819 1826 887 χρηστὸν

249 890 418 960 ζυγὸν
471 893 844 965 βουλομένους.
900 899 1176 971 Προσήκει
1230 903 1289 955 δὲ
1342 904 1434 958 τὸν
1487 907 1826 976 παρελθόντα

253 984 369 1053 βίον
414 986 521 1039 τῶν
569 988 899 1059 προσιόντων
949 992 1382 1062 καταμανθάνειν
1405 1035 1421 1058 ,
1455 996 1549 1049 καὶ
1593 992 1677 1061 οἷς
1726 1000 1825 1068 μὲν

248 1075 350 1147 ἤδη
390 1094 443 1130 τι
486 1076 874 1149 κατώρθωται,
908 1082 977 1136 τὰ
1000 1083 1310 1156 τελειότερα
1341 1087 1450 1139 τῶν
1482 1087 1822 1159 διδαγμάτων

248 1168 634 1238 παραδιδόναιο
674 1171 802 1234 τοὺς
845 1170 903 1224 δὲ
961 1172 1026 1226 ἐκ
1076 1173 1191 1243 βίου
1245 1175 1483 1247 πονηροῦ
1540 1170 1674 1248 πρὸς
1732 1181 1823 1233 τὸν

247 1259 451 1329 ἀκριϐῆ
495 1260 606 1329 βίον
631 1262 731 1332 τῆς
761 1261 1090 1331 θεογνωσίας
1135 1267 1484 1338 ὁρμήσαντας
1512 1268 1822 1340 ἀνακρίνειν

244 1351 353 1422 χρὴ
377 1392 391 1416 ,
418 1353 588 1406 ὁποῖοι
614 1353 675 1407 τὸ
704 1350 837 1427 ἦθός
876 1358 982 1409 εισι
1002 1396 1016 1421 ,
1046 1357 1120 1429 μὴ
1153 1359 1403 1422 ἄστατοι,
1435 1361 1527 1413 καὶ
1565 1366 1701 1433 πρὸς
1724 1364 1823 1427 τὰς

246 1443 456 1510 κρίσεις
486 1446 778 1519 εὐκίνητοι,
822 1448 1102 1503 Ὕποπτον
1154 1451 1262 1521 γὰρ
1302 1452 1411 1506 τῶν
1461 1455 1715 1508 τοιούτων
1762 1458 1823 1511 τὸ

242 1534 632 1604 εὐμετάθετον·
668 1539 719 1592 οἳ
767 1540 903 1611 πρὸς
947 1541 1024 1612 τῷ
1059 1542 1225 1612 μηδὲν
1264 1543 1489 1609 ἑαυτοὺς
1520 1545 1816 1616 ὠφελῆσαι,

242 1620 327 1675 ἔτι
376 1626 469 1679 καὶ
524 1628 735 1699 ἑτέροις
780 1630 941 1686 αἴτιοι
995 1631 1200 1704 βλάϐης
1251 1634 1510 1703 γίνονται.
1564 1638 1714 1691 Ἐπεὶ
1762 1639 1820 1692 δὲ

241 1715 423 1770 πάντα
450 1719 733 1794 ἐπιμελείᾳ
764 1723 1120 1795 κατορθοῦται
1141 1764 1156 1789 ,
1188 1726 1282 1778 καὶ⁸
1316 1726 1478 1795 φόϐος
1512 1728 1647 1782 Θεοῦ
1685 1746 1819 1783 παν-

237 1804 400 1861 τοίων
428 1808 826 1882 ἐλαττωμάτων
856 1815 1035 1884 ιτιυχῆς
1064 1816 1430 1887 περιγίνεται,
1464 1818 1583 1872 οὐδὲ
1610 1820 1814 1875 τούτων
1847 1804 1890 1861 Β

237 1895 618 1964 ἀπογνωστέον
646 1900 807 1966 εὐθὺς
827 1941 842 1965 ,
868 1903 1003 1957 ἀλλὰ
1030 1903 1183 1973 ἄγειν
1212 1906 1410 1970 αὐτοὺς
1440 1909 1520 1971 εἰς
1553 1908 1622 1961 τὰ
1644 1926 1815 1980 προσ-

239 1985 442 2054 ήκοντα
481 1991 759 2060 γυμνάσια
791 1992 902 2058 δεῖ,
939 1995 1115 2065 χρόνῳ
1165 1996 1260 2050 καὶ
1308 1998 1586 2063 ἐπιπόνοις
1617 2000 1814 2068 ἀγωνί-

238 2092 409 2146 σμασι
438 2081 631 2152 πεῖραν
670 2081 768 2153 τῆς
803 2083 1035 2153 κρίσεως
1072 2084 1254 2138 αὐτῶν
1291 2085 1663 2157 λαμϐάνοντας
1689 2089 1763 2158 (1)
1794 2107 1808 2119 ⁸

234 2168 314 2232 ὡς
342 2169 435 2223 ἐάν
469 2187 525 2224 τι
568 2170 784 2241 βέϐαιον
836 2175 966 2246 παρ’
994 2176 1175 2240 αὐτοῖς
1207 2176 1485 2249 εὕρωμεν,
1517 2179 1812 2245 ἀκινδύνως

235 2259 436 2324 αὐτοὺς
458 2261 808 2332 προσίεσθαι·
842 2266 890 2318 εί
922 2264 978 2318 δὲ
1012 2267 1118 2339 μὴ,
1158 2268 1263 2336 ἔξω
1293 2270 1452 2335 ὄντας
1491 2273 1813 2344 ἀποπέμπε-

234 2353 397 2404 σθαι·
438 2351 578 2407 ὥστε
629 2355 937 2427 ἀξημίωτον
973 2358 1074 2430 τὴν
1126 2363 1322 2432 πεῖραν
1372 2365 1438 2434 τῇ
1492 2364 1811 2437 ἀδελφότητι

232 2440 503 2507 γίνεσθαι.
558 2444 661 2497 Τὸν
713 2446 770 2501 δὲ
814 2447 923 2501 ἀπό
972 2465 1117 2513 τινος
1173 2454 1633 2527 περιφανεστέρου
1695 2457 1810 2527 βίου

234 2531 374 2604 πρὸς
420 2534 516 2605 τὴν
559 2536 680 2590 καθ’
713 2539 970 2608 ὁμοίωσιν
1017 2541 1111 2595 τοῦ
1145 2543 1349 2614 Κυρίου
1382 2550 1809 2619 ταπεινοφροσύ-

222 2640 332 2692 νην
364 2626 717 2699 ἐπειγόμενον
752 2630 826 2701 (2)
854 2672 868 2696 ,
903 2631 1109 2705 ὁρίζειν
1138 2635 1242 2706 χρή
1288 2653 1409 2689 τινα
1446 2636 1554 2691 τῶν
1594 2639 1810 2693 ἐπονει-

226 2714 429 2770 δίστων
465 2713 605 2771 εἶναι
631 2719 928 2776 δοκούντων
967 2725 1121 2796 παρὰ
1146 2729 1259 2791 τοῖς
1287 2726 1486 2794 ἔξωθεν
1506 2771 1522 2797 ,
1557 2732 1652 2784 καὶ
1687 2733 1810 2787 ἐπι-

229 2809 420 2876 τηρεῖν
452 2809 500 2860 εί
533 2808 671 2879 μετὰ
713 2813 890 2882 πάσης
925 2814 1299 2887 πληροφορίας
1323 2819 1562 2892 ἐργάτην
1588 2822 1812 2877 ἀνεπαί-

233 2909 459 2963 σχυντον
506 2895 584 2966 τῷ
632 2898 752 2970 Θεῷ
796 2902 985 2956 ἐαυτὸν
1020 2906 1369 2976 παρίστησιν.
1419 2909 1574 2964 Ὅσοι
1606 2910 1664 2964 δέ
1705 2912 1812 2966 ὑπὸ

232 2979 396 3050 ζυγὸν
424 2984 576 3049 ὄντες
622 2987 828 3054 δοῦλοι,
875 2995 996 3056 ταῖς
1032 2994 1354 3064 ἁδελφότησι
1385 3000 1807 3069 προσφεύγουσι,

227 3075 650 3149 νουθετηθέντας
702 3085 938 3151 αὐτοὺς,
990 3088 1083 3140 καὶ
1137 3088 1520 3159 βελτιωθέντας
1555 3094 1630 3165 (3)
1675 3096 1810 3148 ἁπο-

230 3167 546 3238 πέμπεσθαι
592 3173 700 3244 χρὴ
753 3178 864 3239 τοῖς
891 3176 1217 3243 δεσπόταις,
1257 3181 1379 3234 καθ’
1423 3183 1682 3254 ὁμοίωσιν
1714 3184 1808 3238 τοῦ

232 3261 507 3331 μακαρίου
547 3263 791 3317 Παύλου·
831 3265 891 3331 ὃς
937 3267 1028 3321 τὸν
1079 3269 1365 3342 Ὀνήσιμον
1415 3274 1684 3345 γεννήσας
1721 3274 1809 3328 διὰ

226 3349 325 3402 τοῦ
367 3352 730 3423 Εύαγγελίου,
768 3356 1062 3429 ἀπέπεμψε
1115 3361 1192 3432 τῷ
1239 3362 1537 3434 Φιλήμονι,
1568 3364 1659 3419 τὸν
1710 3369 1809 3436 μὲν

230 3440 687 3517 πληροφορήσας,
733 3448 817 3502 ὅτι
845 3451 875 3502 ὁ
908 3450 1070 3519 ζυγὸς
1101 3453 1201 3523 τῆς
1231 3453 1472 3520 δουλείας
1500 3456 1810 3529 εὐαρέστως

230 3537 311 3608 τῷ
338 3540 523 3612 Κυρίῳ
554 3543 1021 3617 κατορθούμενος,
1065 3549 1341 3619 βασιλείας
1377 3554 1620 3623 οὐρανῶν
1656 3555 1808 3621 ἄξιον

230 3631 546 3702 συνίστησι’
583 3634 769 3713 τὸνρδὲ
806 3638 1231 3706 παρακαλέσας,
1270 3642 1345 3714 μὴ
1388 3645 1550 3714 μόνον
1601 3646 1808 3698 ἀνιέναι

224 3721 329 3809 τὴν
373 3725 491 3777 κατ’
542 3725 709 3779 αὑτοῦ
767 3727 995 3800 ἀπειλὴν
1020 3769 1035 3794 ,
1094 3731 1231 3787 ἀλλὰ
1286 3735 1381 3788 καὶ
1434 3737 1808 3809 χρηστοτέραν

225 3808 374 3884 ἔχειν
425 3816 561 3884 πρὸς
607 3818 769 3874 αὐτὸν
814 3820 913 3892 τὴν
944 3821 1202 3879 διάθεσιν.
1237 3824 1302 3878 Ei
1353 3825 1537 3897 μέντοι
1574 3808 1743 3893 κακὸς
1776 3830 1806 3881 ὁ

223 3904 495 3977 δεσπότης
547 3907 697 3979 τύχοι
731 3950 747 3975 ,
806 3913 1101 3983 παράνομά
1136 3931 1257 3968 τινα
1308 3917 1616 3972 ἐπιτάσσων
1649 3958 1663 3981 ,
1710 3919 1806 3975 καὶ

227 3994 369 4064 πρὸς
401 3997 710 4067 παράϐασιν
743 4002 965 4072 ἐντολῆς
998 4003 1072 4074 (4)
1106 4004 1201 4059 τοῦ
1245 4006 1499 4077 ἀληθινοῦ
1544 4009 1803 4064 δεσπότου

227 4085 333 4136 καῖ
366 4087 556 4157 κυρίου
586 4088 742 4159 ἡμῶν
796 4092 971 4163 Ἰησοῦ
1000 4094 1237 4166 Χριστοῦ
1274 4098 1366 4150 τὸν
1408 4098 1594 4154 δοῦλον
1625 4101 1802 4170 βιαζό-

230 4192 392 4245 μενος
430 4216 445 4240 ,
488 4180 849 4247 ἀγωνίζεσθαι
899 4185 1037 4257 χρὴ,
1084 4187 1231 4251 ὅπως
1286 4188 1361 4260 μὴ
1411 4191 1473 4243 τὸ
1506 4192 1676 4263 ὄνομα
1708 4196 1800 4249 τοῦ

223 4266 363 4321 Θεοῦ
391 4268 600 4342 βλασφη
610 4272 755 4344 μηθῇ
785 4272 873 4328 διὰ
902 4277 995 4328 τὸν
1015 4277 1201 4331 δοῦλον
1229 4279 1434 4333 ἐκεῖνον
1454 4321 1469 4345 ,
1501 4284 1803 4355 ποιήσαντά

224 4376 281 4412 τι
303 4401 318 4426 ,
355 4360 384 4413 ὃ
416 4362 490 4433 μὴ
525 4364 734 4437 ἀρέσκῃ
770 4365 909 4438 Θεῷ.
943 4368 1318 4439 Κατορθοῦται
1349 4371 1407 4425 δέ
1457 4374 1637 4443 ἀγὼν,
1671 4376 1703 4445 ἢ
1741 4379 1800 4431 ἐν

1923 642 2217 713 ιαιιρναιὶδ,
2248 653 2300 697 et
2340 646 2547 698 onerati
2591 646 2754 712 estis,
2801 656 2851 699 et
2889 662 2982 716 ego
3023 647 3258 714 reﬁciam
3296 662 3384 700 vos
3410 647 3490 713 ²⁶;

1924 718 2291 804 pei‘iculosum
2324 746 2409 791 est
2438 739 2701 808 repellere
2727 754 2823 795 eos
2849 740 2940 809 qui
2977 755 3073 810 per
3102 756 3202 797 nos
3223 740 3491 795 accedunt

1923 830 1991 881 ad
2035 826 2347 894 Dominum,
2387 830 2617 899 ejusque
2646 830 2836 902 jugum
2860 847 3026 887 suave
3061 833 3251 890 subire
3280 834 3488 887 volunt.

1923 917 2000 984 (6)
2038 917 2313 974 Praeterita
2342 935 2468 976 vero
2491 920 2864 976 accedentium
2887 924 2996 977 vita
3016 932 3098 978 est
3115 922 3487 993 expendenda,

1920 1016 1976 1064 et
2008 1009 2077 1065 iis
2118 1011 2214 1081 qui
2261 1012 2466 1081 aliquid
2502 1019 2650 1067 recte
2677 1013 2790 1082 jam
2830 1013 3135 1083 gesserint,
3165 1015 3490 1069 documenta

1921 1101 2248 1171 perfectiora
2278 1105 2537 1160 tradenda
2568 1113 2698 1161 sunt
2721 1124 2735 1161 ι
2762 1107 2855 1176 qui
2885 1115 3065 1161 autem
3098 1122 3162 1161 ex
3191 1122 3359 1176 prava
3383 1107 3489 1160 vita

1921 1193 1990 1247 ad
2022 1194 2318 1265 perfectam
2352 1197 2514 1250 vitam
2551 1213 2605 1250 in
2637 1196 2732 1252 Dei
2764 1199 3075 1269 cognitione
3113 1200 3272 1254 sitam
3304 1208 3487 1254 trans-

1918 1299 2083 1352 eunt,
2127 1290 2229 1344 hos
2274 1292 2611 1359 perscrutari
2645 1306 2745 1361 par
2771 1301 2891 1356 est,
2928 1293 3188 1348 nimirum
3229 1293 3486 1362 Qualibus

1921 1381 2130 1450 praediti
2155 1381 2267 1437 sint
2306 1382 2590 1445 moribus,
2635 1399 2766 1437 num
2794 1384 3111 1445 instabiles,
3140 1392 3194 1438 et
3216 1384 3270 1438 in
3303 1384 3484 1439 consi-

1920 1472 2008 1528 liis
2065 1473 2183 1529 suis
2232 1471 2392 1528 facile
2455 1473 2706 1528 mobilcs.
2757 1472 3022 1544 Suspecta
3081 1474 3227 1529 enim
3296 1473 3483 1527 talium

1919 1562 2286 1618 inconstantia
2324 1582 2336 1616 :
2374 1565 2466 1633 qui
2516 1563 2736 1633 quidem
2784 1574 3144 1635 praeterquam
3192 1565 3336 1634 quod
3382 1564 3484 1634 ipsi

1918 1655 2054 1710 nihil
2084 1655 2336 1709 utilitatis
2368 1655 2611 1725 capiunt,
2644 1665 2908 1725 praeterea
2948 1664 3078 1710 sunt
3121 1656 3283 1711 etiam
3326 1664 3486 1710 crete.

1919 1747 1999 1801 ris
2042 1746 2356 1801 detrimenti
2408 1758 2680 1803 auctores.
2737 1748 2841 1803 Sed
2885 1749 3012 1818 quia
3059 1749 3194 1803 nihil
3223 1757 3306 1804 est
3337 1748 3483 1818 quod

1918 1850 2029 1890 non
2059 1836 2247 1892 labore
2273 1844 2330 1891 et
2375 1836 2655 1907 diligentia
2702 1838 3036 1907 perﬁciatur,
3082 1854 3147 1893 ac
3185 1839 3349 1894 timor
3390 1839 3484 1895 Dei

1917 1927 2123 1997 quaevis
2156 1929 2352 1981 animae
2384 1928 2516 1982 vitia
2551 1939 2773 1998 superat
2813 1947 2826 1982 :
2866 1933 2934 1983 ne
2980 1928 3071 1984 isti
3119 1929 3339 2000 quidem
3371 1937 3485 1983 sta-

1918 2016 2016 2070 tim
2046 2016 2405 2086 deSperandi,
2449 2016 2546 2072 Sed
2587 2016 2821 2072 ducendi
2851 2018 2920 2072 ad
2955 2018 3180 2073 idoneas
3217 2020 3484 2073 exercita-

1917 2108 2121 2172 tiones,
2158 2115 2213 2163 et
2258 2114 2501 2179 tempore
2552 2122 2616 2163 ac
2662 2108 2956 2166 laboriosis
2985 2111 3374 2166 certaminibus
3404 2111 3482 2164 ia-

1915 2199 2107 2254 cienda
2149 2214 2337 2255 eorum
2392 2200 2654 2269 propositi
2706 2200 2993 2270 probatio,
3032 2206 3110 2257 ita
3158 2212 3218 2258 ut
3260 2203 3309 2259 si
3350 2203 3480 2274 quid

1917 2290 2058 2345 ﬁrmi
2084 2292 2138 2345 in
2165 2291 2299 2361 ipsis
2338 2291 2733 2356 invenerimus,
2765 2300 2883 2347 tuto
2906 2293 3288 2364 admittamus;
3322 2312 3480 2353 secus

1916 2395 2047 2436 vero
2072 2381 2200 2436 dum
2231 2383 2408 2438 adhuc
2427 2392 2578 2438 extra
2605 2393 2753 2447 sunt,
2780 2384 3142 2451 dimittamus,
3168 2402 3270 2442 nec
3290 2404 3477 2445 eorum

1916 2472 2165 2543 probatio
2197 2471 2363 2544 479
2397 2474 2579 2528 damni
2613 2475 2904 2545 quidquam
2955 2477 3214 2535 fratribus
3265 2481 3475 2535 afferat.

1916 2563 1993 2632 (7)
2031 2562 2088 2615 Ei
2127 2570 2307 2617 autem
2356 2564 2447 2633 qui
2473 2563 2540 2617 ab
2563 2564 2857 2619 illustriore
2877 2567 3109 2633 quodam
3145 2568 3264 2623 vitae
3285 2584 3479 2637 genere

1916 2652 2218 2708 secundum
2256 2652 2469 2708 Domini
2498 2655 2807 2723 exemplum
2838 2656 2904 2711 ad
2939 2656 3299 2712 humilitatem
3326 2657 3479 2714 festi-

1914 2752 2029 2809 nat,
2065 2744 2266 2816 aliqua,
2293 2762 2414 2816 qua:
2449 2747 2710 2816 probrosa
2734 2750 3026 2807 admodum
3055 2751 3194 2819 apud
3224 2759 3478 2808 externos

1913 2850 2039 2893 esse
2070 2835 2375 2903 videantur,
2405 2840 2804 2908 prmscribenda
2846 2850 3012 2908 sunt;
3047 2843 3479 2899 observandum-

1913 2941 2052 2996 que,
2087 2942 2218 2982 num
2267 2943 2391 2982 cum
2439 2930 2587 2984 omni
2637 2932 3043 3001 aequanimitate
3094 2934 3333 3004 seipsum
3379 2951 3476 2991 ceu

1916 3018 2225 3087 operarium
2247 3020 2473 3088 pudoris
2492 3030 2767 3091 expertem
2796 3023 2901 3077 Deo
2915 3024 3159 3079 exhibeat
3173 3065 3186 3079 .
3208 3025 3284 3096 (8)
3309 3024 3478 3081 Porro

1915 3107 2227 3178 quicunque
2281 3108 2424 3164 servi
2477 3110 2581 3165 sub
2635 3109 2766 3181 jugo
2820 3111 3064 3177 detenti,
3116 3113 3476 3173 adid'ratrum

1913 3208 2236 3255 conventum
2266 3198 2609 3271 confugiunt,
2636 3200 2898 3266 admoniti
2923 3210 2977 3259 et
2998 3204 3252 3261 meliores
3277 3203 3474 3271 eﬂ‘ecti,

1910 3285 1977 3338 ad
2009 3282 2263 3342 dominos
2313 3302 2446 3344 suos
2496 3290 2809 3344 remittendi
2863 3300 3026 3357 sunt,
3054 3294 3122 3347 ad
3170 3296 3475 3366 exemplum

1911 3375 2054 3430 beati
2108 3376 2284 3442 Pauli,
2335 3379 2430 3449 qui
2485 3396 2609 3434 cum
2666 3381 2950 3450 genuisset
3005 3381 3323 3439 Onesimum
3380 3400 3476 3455 per

1909 3466 2286 3540 Evangelium,
2319 3487 2443 3526 eum
2472 3472 2541 3527 ad
2577 3471 2951 3530 Philemonem
2980 3476 3192 3532 remisit
3220 3477 3289 3544 “,
3318 3478 3473 3532 alteri

1910 3563 2129 3632 quidem
2184 3565 2552 3635 persuadens,
2603 3567 2885 3623 servitutis
2915 3568 3137 3639 jugum,
3175 3570 3222 3625 si
3270 3569 3379 3630 ita,
3415 3577 3473 3625 ut

1908 3652 2141 3709 Domino
2193 3655 2405 3723 placet,
2456 3655 2689 3720 feratur,
2735 3657 3001 3712 crelorum
3061 3675 3228 3731 regno
3279 3661 3472 3730 dignos

1908 3745 2171 3812 reddere;
2221 3746 2449 3801 alterum
2498 3762 2627 3802 vero
2659 3747 2988 3814 exhortans,
3036 3758 3094 3803 ut
3141 3765 3248 3805 non
3294 3752 3471 3806 solum

1905 3837 2087 3893 minas
2134 3852 2294 3894 servo
2335 3839 2629 3895 intentatas
2676 3840 2996 3906 remitteret,
3025 3841 3103 3911 (9)
3146 3842 3243 3897 sed
3287 3844 3471 3897 animo

1904 3931 2069 3984 etiam
2099 3930 2339 4000 aquiore
2363 3946 2493 4002 erga
2519 3931 2698 4001 ipsum
2729 3930 3055 3987 adiceretur.
3082 3931 3188 3988 Sed
3216 3942 3397 3989 tamen
3425 3936 3469 3989 si

1904 4016 2161 4074 dominus
2208 4017 2494 4091 improbus
2543 4023 2646 4087 sit,
2694 4021 2788 4092 qui
2832 4022 3017 4092 aliqua
3065 4032 3252 4078 contra
3299 4025 3468 4094 legem

1905 4110 2256 4180 pmscribat,
2300 4112 2520 4183 vimque
2565 4128 2724 4168 servo
2749 4111 2948 4168 inferat
2970 4113 3038 4169 ad
3067 4115 3323 4171 mandata
3356 4119 3468 4171 veri

1904 4202 2018 4257 heri
2051 4210 2107 4257 et
2146 4201 2354 4257 domini
2385 4205 2561 4258 nostri
2603 4202 2734 4259 Jesu
2765 4203 2970 4261 Christi
3002 4206 3276 4272 violanda,
3304 4221 3468 4262 cona-

1903 4300 1992 4349 tus
2021 4292 2181 4348 nobis
2205 4292 2547 4350 adhibendus
2577 4304 2683 4361 est,
2708 4305 2765 4351 ut
2791 4311 2858 4352 ne
2880 4311 3077 4351 nomen
3102 4295 3196 4351 Dei
3227 4297 3468 4368 blasphe-

1903 4388 2082 4437 metur
2111 4391 2331 4451 propter
2359 4398 2578 4438 servum
2613 4385 2789 4449 illum,
2822 4383 2871 4441 si
2909 4384 3040 4455 quid
3080 4383 3291 4449 iecerit,
3322 4386 3465 4456 quod

224 4452 306 4523 τῷ
342 4455 433 4508 τὸν
455 4455 639 4511 δοῦλον
671 4461 879 4513 ἐκεῖνον
906 4461 1330 4534 καταρτισθῆναι
1354 4464 1491 4533 πρὸς
1524 4466 1800 4538 ὕπομονὴν

1913 4472 2015 4530 Deo
2063 4474 2368 4545 displiceat.
2415 4475 2530 4529 Erit
2559 4483 2742 4532 autem
2786 4452 3016 4533 conatus
3064 4452 3383 4541 laudabilis,
3418 4479 3465 4535 si

199 4546 336 4623 ,τῶν
366 4549 774 4620 ἐπιφερομένων
796 4552 946 4624 αύτῷ
970 4555 1332 4627 μαθημάτων,
1366 4558 1509 4630 ὑπὲρ
1528 4559 1623 4613 τοῦ
1646 4561 1802 4615 πειθ-

224 4637 465 4708 αρχῆσαι
510 4638 631 4710 Θεῷ
681 4642 880 4712 μᾶλλον
930 4644 963 4715 ἢ
1009 4645 1282 4719 ἀνθρώπῳ
1310 4665 1325 4678 ·
1376 4649 1410 4720 ἢ
1459 4650 1517 4703 ἐν
1554 4651 1634 4722 τῷ
1675 4653 1802 4717 τοὺς

220 4728 652 4801 ὑποδεχομένους
682 4733 1039 4800 ἀναδέξασθαι
1081 4739 1207 4802 τοὺς
1242 4740 1381 4813 ὑπὲρ
1409 4743 1574 4795 αὐτοῦ
1606 4746 1802 4813 ἐπαγο-

223 4821 420 4891 μένους
473 4824 657 4889 αύτοίς
690 4826 1048 4897 πειρασμούς.
1080 4830 1220 4894 Τοὺς
1268 4832 1327 4885 ἐν
1352 4830 1583 4905 συζυγίᾳ
1617 4833 1673 4886 δὲ
1701 4822 1821 4902 γάέ

224 4929 331 4982 μου
358 4914 582 4986 τοιούτῳ
614 4915 715 4986 βίῳ
752 4919 1225 4991 προσερχομένους
1256 4922 1640 4994 ἀνακρίνεσθαι
1668 4924 1794 4996 χρὴ,

1908 4566 1994 4621 vel
2038 4582 2256 4623 servum
2300 4568 2456 4624 illum
2500 4568 2889 4626 conﬁrmemus
2932 4571 2998 4624 ad
3034 4569 3304 4640 implenda
3332 4586 3465 4624 con-

1906 4664 2115 4713 stanter
2161 4666 2431 4729 pracepta
2453 4700 2467 4724 ,
2505 4675 2628 4730 quae
2666 4660 2772 4730 ipsi
2806 4659 3060 4731 imposita
3084 4668 3232 4723 sunt,
3267 4669 3325 4715 ut
3357 4658 3465 4715 Deo

1904 4746 2080 4817 magis
2110 4747 2333 4803 obediat
2390 4763 2553 4818 quam
2603 4750 2813 4804 homini
2836 4750 2918 4815 '7;
2970 4749 3058 4804 vel
3098 4749 3170 4817 si,
3201 4749 3292 4819 qui
3339 4765 3463 4804 eum

1902 4837 2198 4907 recipiunt,
2232 4839 2413 4894 illatas
2456 4840 2560 4896 sibi
2591 4840 2780 4909 ipsius
2809 4854 2975 4896 causa
3001 4838 3330 4895 tentationes
3355 4855 3461 4895 non

1901 4937 2178 4984 recusent.
2203 4929 2316 4999 (10)
2339 4932 2382 4984 li
2413 4946 2543 4986 vero
2570 4930 2664 5000 qui
2686 4931 3036 4987 matrimonio
3059 4930 3361 5001 conjuncti,
3394 4932 3461 4984 ad

218 5005 272 5058 et
301 5005 367 5058 ἐκ
412 5006 726 5078 συμφωνίας
756 5008 915 5063 τοῦτο
944 5009 1196 5079 ποιοῦσι,
1231 5012 1373 5068 κατὰ
1404 5013 1504 5085 τὴν
1534 5014 1795 5088 διαταγὴν

1913 5017 2216 5087 uujusmodi
2246 5021 2366 5075 vitae
2388 5036 2561 5093 genus
2582 5023 2871 5088 accedunt,
2906 5020 3279 5095 interrogandi
3311 5030 3459 5087 sunt,

307 5156 354 5189 ’³
380 5156 565 5215 Matth.
604 5175 681 5225 XI,
705 5159 798 5216 28.
870 5162 918 5194 ’⁸
937 5160 1169 5231 Philem.
1201 5164 1289 5221 12.
1367 5164 1411 5197 ’⁷
1435 5165 1557 5220 Act.
1589 5183 1641 5233 ν,
1672 5166 1761 5222 29.

294 5311 373 5381 (1)
413 5314 854 5393 [λαμϐάνοντας.
920 5316 1159 5390 Uterque
1200 5319 1375 5374 codex
1419 5319 1786 5393 λαμϐάνοντες

1913 5323 2194 5392 ποιήσαντα
2218 5340 2289 5378 τι.
2326 5323 2518 5380 Melius
2542 5325 2598 5379 in
2624 5333 2897 5381 contextu.

279 5396 471 5435 eruere
483 5402 524 5435 ἸΙ
540 5396 572 5435 Ι.

626 5454 1028 5532 ἐπειγόμενον.
1076 5457 1378 5530 Syntaxeos
1412 5460 1555 5516 ratio
1596 5468 1787 5532 postu-

213 5520 437 5595 lat,_ri3i
452 5520 809 5595 ἐπειγομένῴ.
821 5520 1001 5581 Ἐῡιτ.

290 5592 372 5660 (5)
411 5593 662 5666 Αὐτορς,
696 5592 794 5648 καὶ
823 5597 1278 5666 βελτιωθέντας.
1320 5598 1447 5654 Hac
1491 5599 1673 5655 addita
1715 5617 1781 5658 ex

210 5668 473 5733 contextu
502 5669 556 5717 et
579 5661 742 5733 Regio
769 5667 977 5720 codice.

283 5729 366 5801 (4)
405 5729 711 5803 Ἐντολῆξι.
738 5733 881 5790 Editi
912 5735 1113 5793 addunt
1132 5736 1267 5793 Θεοῦ
1286 5747 1337 5796 et
1368 5740 1529 5811 paulo
1561 5748 1683 5811 post
1707 5741 1782 5814 μὴ

1961 5394 2036 5462 (5)
2072 5392 2145 5447 Ex
2170 5392 2393 5463 (Regalis
2418 5397 2586 5462 fusius
2618 5398 2880 5462 tractatis,
2912 5395 3029 5452 152.

1960 5464 2035 5532 (6)
2068 5462 2228 5532 ibid,
2257 5462 2346 5517 δυ.

1959 5533 2035 5605 (⁷)
2066 5531 2223 5605 ξιξερο,
2250 5533 2375 5588 353.

1958 5602 2037 5671 (8)
2072 5602 2205 5657 Ibid.

1957 5673 2034 5741 (9)
2060 5672 2196 5726 Ibid.

1957 5742 2068 5814 (io)
2103 5741 2263 5807 Ibid.,
2285 5742 2407 5797 554.
