3878 6222
430 5579 437 5610 l

468 265 606 319 “39

1346 265 1712 323 APPENDIX.
1743 296 1811 305 —
1839 264 2184 322 SYMEONIS
2220 261 2763 321 METAPHRASTE

3525 263 3640 316 H50

466 399 534 434 an
567 390 756 437 mutuo
784 398 1057 440 consensu
1084 383 1139 440 id
1167 383 1406 441 efﬁciant
1433 402 1502 443 ex
1534 385 1782 457 Apostoli
1825 399 2028 456 praece-

2130 386 2222 440 τοῦ
2269 385 2594 439 ’Δποστόλου
2618 424 2634 449 ,
2675 385 2769 438 καὶ
2791 382 2965 446 οὕτως
2995 380 3086 437 ἐπὶ
3119 382 3370 436 πλειόνων
3397 383 3646 454 μαρτύρων

468 481 593 540 pto,
639 473 828 543 sicque
859 475 955 545 qui
1001 475 1236 540 accedit,
1276 490 1460 530 coram
1496 477 1745 546 pluribus
1795 477 2028 531 testibus

467 563 812 632 recipiendus
863 572 966 621 est.
1024 564 1180 632 Quod
1233 567 1282 622 si
1324 565 1610 623 dissentiat
1659 567 1830 622 altera
1879 582 2029 636 pars,

466 664 869 724 rcpugnetque,
901 657 1044 727 quod
1091 659 1276 715 minus
1329 658 1563 714 sollicita
1615 659 1706 722 sit,
1757 661 2031 730 quomodo

467 744 678 810 placeat
699 742 832 809 Deo,
865 746 920 798 in
955 753 1193 801 mentem
1224 747 1407 802 veniat
1434 748 1704 816 Apostoli,
1734 748 1829 818 qui
1856 748 2027 804 dicit:

466 829 534 886 In
573 849 701 904 pace
732 846 908 890 autem
952 837 1153 892 vocavit
1186 853 1282 891 nos
1312 835 1453 893 Deus
1481 840 1548 892 ³⁸.
1580 838 1658 908 (1)
1692 836 1826 893 Eum
1865 839 2033 910 igitur

465 922 558 990 qui
610 923 818 979 relictis
864 925 980 980 suis
1017 925 1304 980 Dominum
1350 927 1504 998 sequi
1549 928 1806 992 instituit,
1838 928 1906 984 de
1939 929 2028 995 iis,

464 1029 582 1083 quae
610 1022 856 1084 spectant
880 1016 948 1070 ad
973 1032 1105 1087 opes
1133 1033 1285 1082 suas,
1321 1033 1430 1072 non
1459 1026 1673 1088 oportet
1699 1034 1822 1075 esse
1855 1019 2031 1089 negli-

465 1113 711 1175 gentem;
743 1108 838 1162 sed
873 1107 1002 1163 illud
1037 1122 1254 1173 curare,
1288 1120 1348 1164 ut
1375 1111 1556 1164 omnia
1591 1118 1849 1166 accurate
1873 1112 2034 1166 colli-

467 1213 622 1266 gens,
656 1197 769 1266 jam
813 1207 1072 1270 tanquam
1108 1199 1337 1254 Domino
1366 1209 1686 1256 consecrata
1727 1217 1852 1255 cum
1881 1201 2030 1256 omni

466 1287 665 1355 pietate
688 1288 1002 1354 distribuat,
1028 1297 1121 1344 aut
1152 1305 1248 1359 per
1277 1289 1537 1360 seipsum,
1571 1291 1616 1345 si
1643 1300 1844 1362 potest,
1871 1291 2032 1362 eique

461 1378 589 1433 licet
637 1393 734 1448 per
781 1379 1211 1448 experientiam,
1253 1386 1346 1432 aut
1377 1393 1474 1448 per
1513 1379 1686 1444 alios,
1737 1379 1831 1449 qui
1859 1380 2032 1434 multo

463 1484 589 1522 cum
615 1468 868 1524 examine
891 1469 1086 1524 delecti
1111 1469 1257 1535 sint,
1293 1469 1493 1540 quippe
1532 1469 1693 1524 editis
1719 1470 2032 1539 specimini-

465 1559 571 1614 bus
599 1559 942 1615 ostenderint
971 1575 1030 1614 se
1053 1574 1145 1614 eas
1172 1559 1400 1615 tldeliter
1426 1560 1832 1631 prudenterque
1851 1560 2033 1616 distri-

465 1650 630 1705 buere
660 1665 846 1720 posse,
873 1665 996 1704 cum
1034 1651 1176 1706 scire
1212 1651 1406 1707 debeat
1434 1652 1579 1722 ipsas
1605 1667 1714 1706 non
1739 1653 1857 1708 sine
1881 1652 2029 1722 peri-

2129 479 2376 550 δέχεσθαι
2428 479 2518 534 τὸν
2566 478 3022 550 προσερχόμενον.
3076 477 3140 530 El
3193 477 3251 529 δὲ
3303 477 3558 538 στασιάζοι
3601 478 3649 530 τὸ

2128 571 2316 645 ἕτερον
2355 569 2517 642 μέρος
2544 570 2638 624 καὶ
2669 568 3020 640 διαμάχοιτο,
3049 567 3266 621 ἔλαττον
3293 565 3549 637 φροντίζον
3569 567 3649 637 τῆς

2130 661 2270 732 πρὸς
2300 661 2432 714 Θεὸν
2461 660 2904 732 εὐαρεστήσεως,
2937 659 3354 730 μνημονευέσθω
3377 660 3405 711 ὁ
3443 659 3651 711 ’Δπόστο-

2129 750 2220 812 λος
2250 748 2454 818 λέγων·
2494 751 2590 803 Ἑν
2619 749 2687 802 δὲ
2703 749 2908 818 εἰρήνῃ
2947 749 3248 818 κέκληκεν
3273 747 3425 817 ἡμᾶς
3455 749 3486 802 ὀ
3515 749 3648 812 Θεός.

2129 844 2236 898 Τὸν
2262 843 2441 897 τοίνυν
2466 841 2820 914 ἐξερχόμενον
2855 841 2962 896 ἀπὸ
3001 842 3110 893 τῶν
3159 841 3302 893 ἰδίων
3323 879 3338 903 ,
3369 838 3540 908 σκοπῷ
3577 839 3653 890 τοῦ

2130 935 2494 1007 ἀκολουθῆσαι
2551 933 2630 1004 τῷ
2681 935 2903 1006 Κυρίῳ,
2950 934 3012 985 οὐ
3059 933 3164 1004 χρὴ
3216 929 3652 1001 καταφρονητικῶς

2131 1027 2262 1098 περὶ
2291 1026 2402 1080 τῶν
2439 1025 2799 1096 διαφερόντων
2825 1023 2974 1094 αὐτῷ
3016 1022 3317 1076 διακεῖσθαι
3339 1039 3354 1054 ο
3403 1021 3526 1075 ἀλλὰ
3557 1038 3654 1073 πει-

2135 1116 2330 1186 ρᾶσθαι
2377 1117 2554 1169 πάντα
2589 1114 2727 1186 μετὰ
2753 1114 3036 1186 ἀκριϐείας
3077 1112 3308 1165 λαϐόντα
3326 1153 3342 1178 ,
3370 1113 3444 1174 ὼς
3473 1112 3540 1180 τῷ
3568 1114 3654 1164 Κυ-

2134 1207 2233 1278 ρίῳ
2261 1207 2444 1260 λοιπὸν
2482 1205 2865 1276 ἀφιερωμένα,
2903 1203 3040 1275 μετὰ
3073 1204 3254 1275 πάσης
3293 1201 3560 1264 εὐλαϐείας
3597 1203 3658 1254 οι-

2131 1301 2382 1370 κονομεῖν
2401 1339 2416 1360 ,
2454 1298 2488 1369 ἢ
2529 1298 2596 1351 δι’
2622 1296 2813 1351 ἐαυτοῦ
2834 1337 2850 1362 ,
2881 1297 2977 1350 ἐὰν
3004 1295 3242 1358 δυνατῶς
3277 1295 3374 1348 καὶ
3422 1294 3658 1363 ἐμπείρως

2131 1391 2266 1462 ἔχῃ,
2299 1391 2332 1462 ἢ
2372 1390 2458 1444 διὰ
2503 1389 2612 1444 τῶν
2647 1389 2784 1462 μετὰ
2818 1387 3138 1459 δοκιμασίας
3181 1387 3384 1456 πολλῆς
3433 1383 3660 1452 ἐπι).εγέν‹

2128 1497 2238 1534 των
2257 1519 2272 1544 ,
2303 1479 2398 1532 καὶ
2426 1478 2702 1544 ἀπόδειξιν
2733 1478 3040 1532 δεδωκότων
3080 1476 3174 1531 τοῦ
3207 1475 3464 1528 δύνασθαι
3491 1475 3660 1536 πιστὰ

2128 1569 2228 1622 καὶ
2256 1568 2532 1640 φρονίμως
2561 1571 2891 1640 οἰκονομεῖν·
2932 1569 3107 1623 εἰδότα
3130 1609 3146 1633 ,
3192 1569 3274 1621 ὅτι
3301 1567 3401 1620 οὐκ
3427 1565 3661 1619 ἀκίνδυνόν

2131 1662 2280 1713 ἐστιν
2313 1658 2436 1712 οὐτε
2459 1660 2522 1713 τὸ
2551 1663 2906 1732 προσαφεῖναι
2934 1663 3045 1724 τοῖς
3079 1659 3301 1721 οἰκείοις
3327 1699 3343 1723 ,
3380 1657 3499 1711 οὐτε
3523 1658 3576 1710 τὸ
3595 1656 3662 1708 διὰ

462 1739 586 1793 culo
617 1749 712 1794 aut
762 1740 1084 1810 prOpinquis
1134 1740 1393 1811 relinqui,
1426 1751 1519 1796 aut
1563 1757 1595 1796 a
1641 1742 1836 1812 quovis
1866 1743 2028 1798 obvio

2130 1750 2224 1804 τοῦ
2262 1751 2516 1821 τυχόντος
2543 1752 2914 1822 οἰκονομῆσαι.
2953 1752 3016 1804 Εί
3049 1751 3158 1822 γὰρ
3195 1754 3224 1804 ό
3264 1750 3511 1822 φροντίδα
3539 1749 3662 1818 βασι-

461 1829 738 1886 distribui.
770 1829 981 1886 Etenim
1022 1834 1067 1888 si
1099 1831 1169 1897 is,
1197 1833 1286 1887 cui
1321 1848 1455 1888 cura
1502 1833 1777 1904 regiarum
1812 1849 2031 1905 posses-

461 1923 681 1978 sionum
717 1924 1010 1980 commissa
1030 1964 1046 1988 ,
1079 1926 1293 1980 etiamsi
1327 1941 1469 1995 saape
1500 1926 1637 1981 nihil
1667 1926 2032 1983 interverterit

461 2028 524 2067 ex
571 2013 639 2070 iis
683 2030 805 2084 quae
857 2014 913 2069 in
956 2018 1206 2072 manibus
1250 2018 1518 2084 habebat,
1563 2018 1660 2074 sed
1703 2020 2032 2092 negligentia

461 2105 644 2175 aliqua
669 2106 971 2176 prodiderit
996 2125 1116 2179 quae
1151 2110 1364 2180 acquiri
1403 2117 1692 2181 poterant,
1729 2126 1761 2164 a
1800 2112 2030 2166 crimine

461 2213 568 2252 non
620 2199 924 2254 absolvitur
960 2219 973 2254 :
1005 2203 1220 2271 qualem
1260 2203 1686 2272 exspectandum
1732 2213 1817 2260 est
1847 2204 1920 2258 ob
1965 2219 2029 2261 ea

459 2303 581 2357 quae
631 2288 745 2358 jam
804 2288 1038 2345 Domino
1097 2292 1275 2346 dicata
1335 2302 1463 2348 sunt
1519 2295 2029 2368 condemnationem

460 2379 790 2446 subiturum,
819 2383 912 2454 qui
936 2383 990 2451 in
1018 2383 1100 2439 eis
1126 2384 1575 2440 administrandis
1608 2386 1798 2458 ignave
1830 2404 1896 2442 ac
1929 2404 2027 2443 uc-

458 2475 727 2544 gligenter
753 2490 813 2531 se
841 2476 1111 2546 gesserit?

528 2585 584 2640 4.
627 2585 706 2656 (2)
735 2584 998 2644 Secessus
1026 2597 1207 2644 autem
1234 2603 1265 2642 a
1293 2590 1519 2654 mundo,
1549 2605 1660 2646 non
1684 2599 1769 2647 est
1797 2607 2032 2664 corpore

460 2686 614 2730 extra
641 2677 820 2747 ipsum
848 2694 970 2734 esse
990 2719 1006 2743 ,
1039 2681 1134 2734 sed
1166 2681 1403 2735 animam
1435 2682 1502 2736 ab
1528 2681 1874 2739 alfectionum
1904 2701 2030 2740 cum

461 2782 690 2838 corpore
714 2771 1078 2826 consensione
1101 2773 1352 2836 avellere,
1390 2788 1454 2828 ac
1483 2774 1603 2830 sine
1631 2775 1850 2830 civitate
1881 2792 2027 2841 esse,

460 2858 580 2913 sine
620 2860 817 2929 domo,
861 2862 983 2919 sine
1029 2865 1265 2934 propriis
1311 2865 1498 2932 rebus,
1554 2869 1673 2921 sine
1729 2869 2029 2922 amicorum

461 2952 754 3018 societate,
791 2954 911 3010 sine
959 2956 1434 3026 possessionibus,
1487 2958 1608 3014 sine
1656 2959 1821 3014 rebus
1851 2961 1919 3015 ad
1951 2962 2030 3016 vi-

460 3052 610 3098 ctum
651 3047 999 3108 necessariis,
1032 3047 1152 3103 sine
1191 3050 1445 3120 negotiis,
1474 3051 1654 3106 nullas
1688 3067 1776 3108 res
1807 3061 2028 3107 contra-
2055 3083 2098 3141 ε

461 3135 716 3202 lieutem,
760 3135 1123 3193 humanarum
1171 3138 1338 3211 480
1373 3141 1786 3213 disciplinarum
1835 3158 2028 3214 exper-

461 3235 592 3292 tem,
625 3235 877 3298 paratum
902 3230 968 3284 ad
991 3231 1372 3302 suscipiendas
1393 3233 1562 3289 corde
1589 3233 2027 3298 informationes,

461 3333 582 3388 quze
602 3333 667 3374 ex
699 3318 949 3375 doctrina
975 3321 1159 3376 divina
1187 3324 1483 3380 ducuntur.
1508 3323 1605 3380 Est
1633 3334 1814 3381 autem
1845 3327 2030 3382 cordis

461 3410 822 3480 praeparatio,
854 3412 1304 3468 documentorum
1341 3429 1406 3469 ex
1435 3429 1600 3485 prava
1635 3417 2031 3472 consuetudine

462 3501 597 3554 illud
627 3504 1124 3572 praeoccupautium
1146 3505 1372 3561 oblivio.
1403 3506 1483 3577 (5)
1529 3507 1708 3578 Atque
1738 3507 1869 3563 illud
1901 3508 2028 3579 qui-

461 3593 584 3647 dem
632 3593 686 3648 in
735 3594 928 3665 primis
979 3595 1188 3652 homini
1235 3595 1406 3653 Deum
1441 3599 1646 3654 amanti
1695 3599 1878 3655 studio
1906 3615 2030 3656 esse

460 3683 642 3750 debet,
675 3700 927 3742 sermone
947 3701 1055 3742 non
1084 3689 1276 3743 inscite
1304 3690 1402 3755 uti,
1431 3689 1525 3745 sed
1554 3690 1890 3761 inlerrogare
1912 3691 2030 3746 sine

460 3774 708 3847 litigandi
739 3777 951 3842 studio,
1001 3780 1332 3849 respondere
1365 3781 1485 3835 sine
1535 3781 1870 3847 ambitione,
1917 3797 2028 3836 non

460 3867 814 3936 interpellare
841 3868 1228 3934 disserentem,
1259 3872 1308 3927 si
1333 3872 1463 3940 quid
1495 3872 1642 3927 dicat
1673 3873 1825 3937 utile,
1851 3888 2030 3944 neque

461 3959 720 4027 cupidum
755 3975 878 4015 esse
908 3962 1116 4031 proprii
1141 3963 1413 4018 sermonis
1443 3964 1828 4020 ostentationis
1856 3979 2027 4018 causa

461 4051 850 4118 intersereudi,
883 4053 1108 4108 modum
1149 4062 1335 4110 tenere
1364 4056 1620 4126 loquendi
1647 4066 1702 4111 et
1728 4057 2024 4112 audiendi:

459 4144 674 4198 discere
712 4144 880 4198 etiam
919 4145 1036 4201 sine
1065 4145 1429 4209 verecundia,
1465 4147 1666 4203 docere
1708 4148 2024 4212 liberaliter,

459 4249 564 4289 nec
595 4237 876 4292 occultare
919 4236 967 4292 si
998 4237 1127 4308 quid
1179 4239 1248 4293 ab
1277 4239 1388 4292 alio
1421 4237 1707 4303 didiceris,
1738 4240 1888 4294 velut
1922 4239 2027 4293 im-

460 4326 646 4394 probae
685 4327 943 4381 mulieres
977 4325 1159 4383 facere
1188 4329 1385 4395 solent,
1424 4345 1546 4400 quae
1579 4331 1798 4401 spurios
1828 4339 2022 4401 partus

2131 1841 2298 1896 λικῶν
2348 1843 2642 1914 κτημάτων
2685 1843 3083 1915 ἐγχειρισθεὶς,
3117 1841 3216 1896 κᾶν
3264 1842 3341 1913 μὴ
3387 1844 3664 1910 νοσφίπται

2131 1932 2388 1996 πολλάκις
2425 1934 2489 1986 ἐκ
2523 1931 2633 1985 τῶν
2678 1932 2944 2002 ἐτοίμων,
2987 1932 3212 2003 ἀμελείᾳ
3259 1932 3320 1985 δέ
3371 1948 3475 1984 τινι
3523 1947 3662 1984 κατα-

2130 2025 2312 2098 προδῷ
2343 2026 2412 2079 τὰ
2449 2026 2854 2098 προσκτηθῆναι
2905 2025 3175 2096 δυνάμενα
3199 2067 3214 2090 ,
3267 2026 3372 2078 οὐκ
3410 2023 3665 2077 ἀπολύεται

2128 2117 2223 2171 τοῦ
2255 2117 2630 2188 ἐγκλήματοςο
2659 2117 2782 2172 τίνα
2821 2117 2928 2189 χρὴ
2971 2116 3276 2190 προσδοκᾷν
3309 2117 3404 2168 ἐπὶ
3443 2115 3542 2167 τῶν
3586 2114 3664 2182 ἤδη

2129 2207 2640 2279 κατονομασθέντων
2689 2207 2769 2277 τῷ
2806 2208 2999 2279 Κυρίῳ
3051 2208 3153 2278 τὴν
3203 2208 3525 2277 κατάκρισιν
3564 2207 3666 2258 ὑπο-

2131 2299 2424 2372 στήσεσθαι
2449 2340 2462 2365 ,
2506 2300 2601 2353 τὸν
2641 2299 2854 2370 χαύνως
2908 2300 3004 2351 καὶ
3040 2300 3404 2370 ἠμελημένως
3433 2299 3664 2351 διατεθέν-

2128 2409 2196 2444 τα
2227 2391 2303 2464 (4)
2344 2392 2479 2464 πρὸς
2512 2391 2610 2463 τὴν
2639 2390 2842 2444 τούτων
2875 2391 3174 2462 διοίκησιν;

2199 2592 2253 2646 4.
2286 2589 2510 2663 Κόσμου
2555 2591 2613 2644 δὲ
2662 2590 3044 2663 ἀναχώρησις,
3091 2590 3210 2661 οὐχὶ
3249 2607 3360 2656 εςω
3407 2589 3560 2643 αὐτοῦ
3601 2607 3666 2657 γε·

2128 2683 2316 2739 νέσθαι
2340 2684 2696 2754 σωματικῶς,
2725 2683 2864 2738 ἀλλὰ
2887 2683 2988 2753 τῆς
3030 2683 3167 2753 πρὸς
3197 2683 3260 2736 τὸ
3292 2682 3454 2752 σῶμα
3489 2697 3665 2751 συμπα·

2131 2775 2280 2840 θείας
2329 2776 2427 2846 τὴν
2467 2775 2643 2847 ψυχὴν
2673 2773 3017 2846 ἀπορρῆξαι,
3057 2773 3150 2827 καὶ
3198 2773 3458 2841 γενέσθαι
3489 2772 3664 2833 ἄπολιν,

2129 2867 2312 2922 ἄοικον
2341 2905 2357 2930 ,
2410 2865 2610 2919 ἀνίδιον
2632 2908 2647 2932 ,
2709 2863 3057 2936 ἀφιλέταιρον
3085 2902 3100 2927 ,
3153 2864 3443 2933 ἁκτήμονα
3475 2903 3489 2926 ,
3524 2861 3664 2919 ἅδιον.

2131 2958 2490 3031 ἀπράγμονα,
2527 2956 2930 3010 ἀσυνάλλακτον
2950 2997 2964 3022 ,
2996 2954 3183 3027 ἀμαθῆ
3215 2955 3331 3010 τῶν
3353 2954 3666 3026 ἀνθρωπίνων

2130 3049 2472 3121 διδαγμάτων
2492 3065 2507 3080 ο
2534 3047 2748 3119 ἕτοιμον
2792 3045 3148 3112 ὐποδέξασθαι
3179 3049 3248 3117 τῇ
3284 3046 3480 3117 καρδία
3513 3043 3598 3105 τας
3619 3045 3668 3094 ἐιι

2129 3142 2250 3212 τῆς“
2282 3141 2431 3206 θείας
2487 3140 2833 3203 διδασκαλίας
2891 3138 3246 3208 ἐγγινομένας
3302 3135 3662 3198 διατυπώσεις·

2136 3233 2459 3304 Ἐτοιμασία
2485 3232 2542 3286 δέ
2575 3231 2828 3303 καρδίας,
2857 3231 2891 3302 ή
2925 3229 3275 3301 ἁπομάθησις
3305 3229 3416 3281 τῶν
3445 3231 3505 3281 ἐκ
3529 3243 3664 3294 πονη-

2133 3325 2233 3393 ρᾶς
2270 3322 2557 3394 συνηθείας
2596 3322 3084 3394 προκατασχόντων
3119 3320 3293 3392 αὐτὴν
3337 3319 3664 3389 διδαγμάτων.

2129 3414 2352 3486 Πρῶτόν
2401 3431 2466 3483 γε
2499 3413 2714 3466 πάντων
2734 3453 2751 3480 ,
2793 3409 3111 3476 σπουδάζειν
3139 3413 3415 3484 προσήκει
3440 3411 3527 3464 τὸν
3555 3409 3664 3477 eali,

2130 3506 2251 3560 θεον
2278 3506 2446 3578 ἄνδρα
2479 3505 2609 3576 περὶ
2654 3504 2754 3576 τὴν
2789 3503 2883 3557 τοῦ
2925 3503 3085 3572 λόγου
3131 3504 3332 3574 χρῆσιν
3366 3503 3441 3574 μὴ
3477 3498 3664 3570 ἀμαθῶς

2130 3594 2302 3666 ἔχειν,
2341 3594 2454 3648 ἁλλ’
2500 3597 2711 3666 ἐρωτᾷν
2753 3593 2850 3664 μὲν
2890 3592 3281 3662 ἀφιλονείκως,
3313 3589 3663 3662 ἀποκρίνεσθαι

2129 3688 2184 3740 δέ
2211 3687 2546 3756 ἀφιλοτίμως
2568 3726 2582 3750 ,
2627 3686 2701 3756 μὴ
2730 3685 3086 3738 διακόπτοντα
3106 3684 3197 3737 τὸν
3241 3682 3664 3755 προσδιαλεγόμε·

2129 3797 2250 3846 νον,
2291 3780 2417 3832 ὅταν
2444 3795 2496 3830 τι
2532 3778 2802 3848 χρήσιμον
2833 3775 2963 3847 λέγῃ
2987 3817 3002 3841 ,
3044 3775 3175 3846 μηδέ
3204 3775 3567 3846 ἐπιθυμοῦντα
3596 3773 3664 3823 τὸν

2131 3869 2324 3924 ἑαυτοῦ
2367 3868 2524 3938 λόγον
2557 3865 2936 3930 ἐπιδεικτικῶς
2988 3866 3317 3936 ἐμϐάλλειν,
3377 3866 3541 3937 μέτρα
3580 3861 3656 3932 ὀρί-

2129 3961 2290 4026 ζοντα
2318 3960 2461 4030 λόγῳ
2501 3960 2596 4014 καὶ
2622 3961 2760 4030 ἀκοῇ
2779 3975 2794 3988 ο
2828 3957 3118 4029 μανθάνειν
3153 3958 3210 4011 δὲ
3236 3957 3663 4028 ἁνεπαιαχύντως,

2129 4053 2223 4106 καὶ
2257 4052 2527 4106 διδάσκειν
2571 4049 2970 4120 ἀνεπιφθόνως,
3017 4051 3112 4103 καὶ
3157 4049 3211 4102 εί
3252 4067 3306 4104 τι
3362 4049 3489 4119 παρ’
3515 4047 3664 4116 ἐτέρου

2126 4145 2430 4198 δεδίδακται
2454 4183 2469 4209 ,
2507 4143 2580 4216 μὴ
2615 4143 3096 4215 ἀποκρυπτόμενον
3119 4183 3134 4206 ,
3165 4142 3241 4205 ὡς
3280 4143 3337 4194 αί
3369 4141 3559 4209 φαῦλαι
3583 4138 3666 4190 τῶν

2127 4235 2400 4305 γυναικῶν
2439 4237 2494 4289 αί
2528 4234 2598 4288 τὰ
2640 4232 2771 4290 νόθα
2809 4233 3246 4303 ὐποδαλλόμεναι
3270 4251 3284 4263 ·
3322 4233 3460 4285 ἀλλὰ
3503 4228 3665 4299 κηρύσ-

2130 4344 2246 4380 σειν
2278 4326 2638 4398 εὐγνωμόνως
2683 4326 2777 4379 τὸν
2828 4326 3041 4395 πατέρα
3092 4325 3186 4378 τοῦ
3234 4324 3421 4392 λόγου.
3449 4323 3595 4384 Τόνος

459 4415 798 4483 subjiciunt;
848 4417 944 4472 sed
989 4425 1144 4487 grato
1202 4421 1384 4474 animo
1439 4429 1718 4490 parentem
1763 4421 2027 4479 doctrina:

2130 4421 2313 4492 φωνῆς
2343 4415 2390 4471 ’ὁ
2444 4419 2605 4490 μέσος
2650 4419 3048 4489 προτιμητέος,
3077 4416 3154 4481 ὼς
3209 4418 3353 4487 μήτε
3390 4414 3664 4483 διαφεύγειν

459 4507 780 4577 praedicare.
804 4507 968 4564 Vocis
990 4524 1118 4564 vero
1149 4525 1318 4567 sonus
1343 4511 1635 4566 mediocris
1657 4514 2028 4582 praeferendus

457 4609 565 4661 est,
591 4609 651 4654 ut
681 4615 782 4655 nec
805 4601 1000 4656 exilior
1026 4601 1270 4655 auditum
1299 4601 1688 4673 praeterfugiat,
1718 4619 1820 4658 nec
1856 4604 2028 4660 nimia

459 4691 812 4746 contentione
859 4691 1202 4762 importunus
1233 4693 1324 4746 sit.
1366 4691 1793 4762 Expendendum
1845 4703 2026 4750 tecum

459 4785 613 4853 prius
645 4784 778 4854 quid
809 4784 1056 4839 dicturus
1081 4784 1178 4851 sis,
1203 4792 1366 4854 atque
1397 4785 1472 4838 ita
1497 4786 1717 4839 demum
1751 4785 2025 4842 edendum

457 4884 512 4930 et
546 4876 898 4947 vulgandum.
944 4876 1286 4932 Adeuntibus
1317 4875 1585 4930 all'abilem
1615 4891 1740 4934 esse
1781 4887 2023 4948 oportet,

458 4979 622 5040 atque
647 4971 705 5024 in
727 4971 1014 5041 colloquiis
1046 4986 1306 5038 suavem;
1343 4985 1444 5024 nec
1466 4971 1796 5042 voluptatem
1830 4971 2023 5026 facetis

459 5062 806 5117 sermonibus
853 5062 1149 5133 aucupari,
1209 5062 1305 5116 sed
1349 5061 1585 5133 benigna
1640 5062 2024 5118 adhortatione

459 5153 736 5208 lenitatem
768 5153 1034 5210 obtinere.
1085 5153 1298 5224 Ubique
1340 5155 1607 5225 asperitas
1631 5196 1646 5222 ,
1675 5155 1893 5210 etiamsi
1924 5155 2024 5210 ob-

453 5245 788 5318 iurgandum
831 5248 934 5316 sit,
973 5248 1290 5319 rejicienda.
1334 5246 1471 5302 Nam
1504 5247 1599 5318 qui
1641 5247 1791 5318 prior
1822 5262 1882 5304 se
1908 5249 2024 5318 ipse

524 5421 570 5453 ”
594 5420 609 5471 Ι
634 5422 759 5479 Cor.
786 5438 884 5487 vn,
911 5423 996 5477 15.

529 5579 604 5650 (ί)
643 5579 713 5650 ξ’(
756 5580 963 5645 Reguli:
1000 5581 1168 5648 fusius
1207 5583 1468 5650 tractatis,
1513 5583 1636 5638 35L

529 5648 604 5718 (2i
645 5649 719 5702 Ex
753 5661 910 5719 epist.
943 5668 999 5714 ιι,
1039 5653 1123 5705 7i.

2125 4512 2224 4584 τὴν
2269 4512 2437 4583 ἀκοὴν
2487 4511 2592 4564 ὑπὸ
2633 4511 3031 4582 σμικρότητος,
3075 4511 3212 4580 μήτε
3260 4509 3513 4582 φορτικδν
3556 4501 3664 4558 εἶναι

2123 4605 2202 4674 τῷ
2235 4605 2452 4676 μεγέθει
2494 4605 2592 4675 τῆς
2614 4603 2912 4666 διατάσεως
2936 4619 2950 4632 ·
2989 4602 3430 4674 προεξετάσαντα
3475 4603 3529 4653 ἐν
3569 4601 3661 4651 ἑαυ-

2122 4695 2202 4765 τῷ
2250 4695 2313 4747 τδ
2350 4693 2755 4766 ῥηθησόμενον,
2813 4692 2955 4746 οὕτω
2999 4692 3346 4762 δημοσιεύειν
3393 4691 3488 4744 τὸν
3517 4689 3661 4756 λόγον.

2124 4785 2543 4856 Εὐπροσήγορον
2581 4787 2636 4838 ἐν
2681 4786 2802 4846 ταῖς
2855 4783 3164 4850 ἐντεύξεσι,
3214 4783 3424 4852 γλυκὺν
3475 4787 3527 4836 ἐν
3569 4781 3661 4838 rei;

2123 4875 2363 4947 ὁμιλίαις
2385 4892 2400 4907 ο
2430 4878 2492 4929 οὐ
2519 4875 2608 4929 διὰ
2626 4875 2723 4944 τῆς
2747 4875 3106 4948 εὐτραπελίας
3134 4875 3195 4927 τὸ
3224 4875 3323 4947 ἡδὺ
3362 4873 3660 4948 θηρώμενον,

2123 4969 2260 5022 ἀλλὰ
2309 4969 2396 5022 διὰ
2433 4967 2530 5038 τῆς
2579 4967 2840 5038 εὐμενοῦς
2873 4968 3270 5040 παρακλήσεως
3319 4971 3384 5022 τὸ
3433 4965 3661 5040 προσηνὲς

2124 5061 2317 5131 ἔχοντα
2341 5077 2355 5092 ο
2388 5060 2664 5132 πανταχοῦ
2721 5060 2781 5112 τὸ
2818 5063 3025 5132 τραχὺ,
3069 5061 3173 5116 κᾶν
3224 5062 3544 5131 ἐπιτιμῆσαι
3569 5059 3658 5126 δὲῃ.

2125 5152 2536 5223 ἀπωθούμενον.
2567 5153 3004 5225 Προκαταὸαλὼν
3041 5153 3150 5224 γὰρ
3169 5154 3365 5207 ἑαυτὸν
3402 5153 3491 5205 διὰ
3517 5167 3657 5204 ταπει-

2125 5245 2498 5320 νοφροσύνης,
2526 5246 2699 5310 οὕτως
2729 5245 3129 5318 εὐπαράδεκτος
3160 5246 3314 5301 ἔσται
3347 5247 3427 5318 τῷ
3461 5243 3638 5314 δεομέν.

2195 5579 2270 5644 (3)
2309 5579 2468 5638 lliid.,
2498 5580 2583 5634 73.

2198 5651 2272 5721 (ιι)
2303 5651 2662 5706 Διατεθέντα.
2701 5647 2934 5722 Uterque
2968 5649 3133 5706 codex
3170 5651 3197 5704 ό
3230 5647 3508 5710 διατεθείς.
