3878 6222
1051 278 1284 335 SERMO
1325 278 1385 334 Il.
1428 308 1493 318 —
1529 277 1616 333 DE
1659 274 2005 332 DOC’IRINA
2046 274 2134 331 ET
2174 274 2666 333 ADMONI'DIONE.

3343 277 3485 333 Ηὶὲ

257 418 340 472 ,ης
382 396 695 470 θεραπείας.
737 394 1002 457 Πολλάκις
1054 393 1112 446 δὲ
1146 396 1415 464 χρήσιμος
1454 394 1585 462 ἡμῖν
1639 390 1736 444 καὶ
1788 390 1814 443 ό

1916 405 2014 460 per
2055 388 2418 444 humilitatem
2466 386 2749 460 abiecerit,
2780 386 2883 443 hoc
2908 394 3069 458 pacto
3096 388 3168 453 ei,
3200 388 3288 443 cui
3317 404 3482 443 cura-

241 493 335 546 τοῦ
364 491 640 562 προφήτου
675 488 874 560 τρόπος
900 486 997 557 τῆς
1026 485 1366 556 ὲπιπλήξεως
1391 502 1403 514 ·
1442 483 1501 548 ὃς
1542 482 1621 554 τῷ
1652 483 1815 537 Δαϐὶδ

240 583 574 656 ἁμαρτόντι,
611 581 672 634 ού
720 581 851 652 παρ’
875 578 1070 645 ἑαυτοῦ
1124 579 1371 651 ἐπήγαγε
1420 577 1509 629 τὸν
1553 578 1680 648 ὅρον
1716 573 1815 646 τῆς

240 678 541 751 καταδίκης
565 718 580 742 ,
632 677 746 732 ἀλλ’
802 675 1036 747 ὑποδολῇ
1093 672 1384 746 προσώπου
1432 671 1811 744 χρησάμενος,

241 769 409 823 αὑτὸν
446 770 653 823 ἐκεῖνον
700 767 792 821 τοῦ
835 767 967 820 ἰδίου
1010 766 1268 838 δικαστὴν
1296 765 1549 819 ἐκάθισεν
1574 764 1816 834 ἁμαρτή-

243 876 414 930 ματος
449 876 463 889 ’
512 858 653 912 ὥστε
705 859 865 912 αὑτὸν
921 857 1041 912 καθ’
1095 857 1281 911 ἑαυτοῦ
1352 855 1812 927 προεξενεγκόντα

237 950 338 1022 τὴν
386 951 606 1024 κρίσιν,
664 951 831 1022 μηδὲν
882 950 1295 1022 ἐπιμέμψασθαι
1351 950 1440 1005 τὸν
1493 949 1808 1017 ἐλέγξαντα.

249 1043 439 1106 ὀλκὸς
470 1043 567 1113 μὲν
593 1042 701 1114 γὰρ
727 1041 914 1106 ὓδατος
946 1041 1183 1096 δείκνυσι
1222 1042 1322 1114 τὴν
1357 1038 1563 1095 οἰκείαν
1606 1040 1808 1111 πηγὴν,

236 1133 400 1203 λόγου
449 1133 507 1186 δὲ
554 1134 715 1203 φύσις
763 1134 862 1206 τὴν
906 1132 1342 1205 πῳενεγκοῦσαν
1373 1132 1562 1186 αὐτὸν.
1587 1129 1811 1200 καρδίαν

237 1225 655 1298 χαρακτηρίζει.

312 1399 366 1453 5.
395 1397 506 1453 Καὶ
542 1388 731 1471 ὥσπερ
759 1400 853 1453 ἐπὶ
880 1399 988 1453 τῶν
1022 1398 1282 1473 ίατρικῶν
1315 1400 1808 1472 παραγγελμάτων,

234 1490 367 1544 ὅταν
411 1490 680 1563 εὐστόχως
712 1491 806 1544 καὶ
851 1490 992 1545 κατά
1029 1491 1186 1560 λόγον
1222 1491 1477 1562 γίνηται,
1533 1492 1671 1563 μετά
1714 1491 1811 1564 τὴν

237 1583 439 1655 πεῖραν
473 1580 706 1651 μάλιστα
748 1579 811 1634 τὸ
837 1580 932 1634 ἀπ’
965 1580 1143 1635 αὐτῶν
1169 1580 1444 1653 ὠφέλιμον
1488 1582 1762 1636 δείκνυται
1793 1600 1807 1614 ·

235 1671 383 1726 οὕτω
410 1672 504 1726 καὶ
536 1672 631 1726 ἐπὶ
658 1671 768 1726 τῶν
797 1672 1181 1743 πνευματικῶν
1220 1673 1594 1745 παραινέσεων
1620 1716 1633 1737 ,
1663 1674 1811 1728 ἐπει-

236 1764 338 1818 δάν
390 1764 626 1836 μάλιστα
676 1766 775 1837 τὴν
828 1738 1053 1820 ἔκϐασιν
1107 1766 1247 1839 λάδῃ
1305 1738 1688 1841 μαρτυροῦσαν
1744 1768 1812 1823 τά
1843 1738 1884 1794 Β

236 1855 676 1928 παραγγέλματα
699 1897 715 1921 ,
745 1855 867 1910 τότε
903 1855 965 1910 τὸ
996 1858 1158 1927 σοφὸν
1191 1859 1368 1911 αὐτῶν
1414 1860 1506 1913 καὶ
1538 1858 1810 1930 ὠφέλιμον

238 1947 378 2018 πρὸς
401 1947 501 2018 τὴν
536 1947 910 2019 ἐπανόρθωσιν
940 1948 1034 2003 τοῦ
1072 1948 1190 2021 βίου
1226 1950 1323 2003 καὶ
1354 1949 1453 2020 τὴν
1492 1950 1603 2004 τῶν
1630 1951 1812 2006 πειθο-

236 2040 422 2111 μένων
453 2039 728 2095 τελείωσιν
774 2040 1151 2111 ἀναφαίνεται.
1190 2042 1250 2096 '0
1289 2041 1398 2114 γὰρ
1434 2042 1524 2097 τὸν
1561 2044 1811 2116 κείμενον

233 2131 471 2185 ἀνιστῶν
494 2173 512 2200 ,
542 2130 871 2205 ὑψηλότερος
900 2130 1036 2188 εἶναι
1079 2132 1175 2187 τοῦ
1204 2133 1555 2199 πεπτωκότος
1595 2133 1813 2201 πάντως

234 2220 472 2291 ὀφείλει·
505 2224 535 2277 ό
570 2222 627 2276 δὲ
656 2222 716 2291 ἐξ
746 2224 861 2278 [σου
900 2224 1259 2289 καταπεσὼν,
1299 2225 1489 2297 ἑτέρου
1534 2228 1624 2281 καὶ
1649 2228 1812 2292 αὐτὸς

234 2315 333 2368 τοῦ
372 2317 764 2388 ἀναστήσοντος
797 2318 1091 2374 ἐπιδέεται.
1119 2320 1183 2373 Οί
1225 2319 1283 2372 δὲ
1319 2319 1539 2389 τυφλοῖς
1563 2318 1815 2375 διδασκά-

239 2416 353 2472 Αοις
379 2409 479 2480 τὴν
528 2410 750 2480 όδηγίαν
795 2410 1003 2466 ἑαυτῶν
1045 2411 1473 2484 ἐπιτρέψαντες,
1513 2413 1813 2486 ἐστέρησαν

237 2500 468 2564 ἑαυτοὺς
491 2499 592 2570 τῆς
633 2500 728 2554 τοῦ
760 2502 936 2571 φωτὸς
974 2502 1345 2568 ἀπολαύσεως.
1399 2504 1473 2558 Τὸ
1521 2503 1631 2577 γὰρ
1676 2506 1815 2576 μετά

238 2589 415 2662 θυμοῦ
453 2592 548 2646 καὶ
583 2592 753 2665 ὀργῆς
804 2593 1044 2665 ἐλέγχειν
1093 2597 1184 2650 τὸν
1237 2598 1630 2670 ἀμαρτήσαντα
1661 2598 1816 2653 ἀδελι·

240 2682 342 2752 φὺν
363 2721 380 2746 ,
409 2683 532 2755 οὐχὶ
564 2684 769 2738 ἐκεῖνόν
799 2685 946 2739 ἐστιν
980 2687 1251 2759 ἁμαρτίας
1282 2687 1664 2762 ἐλευθερῶσαι,
1699 2690 1813 2745 ἀλλ’

240 2774 431 2828 ἑαυτὸν
459 2775 772 2847 περιϐαλεῖν
806 2778 1293 2852 πλημμελήμασιν.
1351 2783 1440 2837 Ἐν
1488 2782 1598 2857 γάρ
1640 2785 1813 2855 πραό-

240 2882 366 2936 τητι
439 2866 518 2920 δεῖ
573 2867 850 2923 παιδεύειν
902 2871 1031 2935 τοὺς
1085 2873 1656 2946 ἀντιδιατιθεμένους,
1721 2877 1815 2929 καὶ

217 2956 321 3030 ,μὴ
358 2959 415 3011 ἐν
460 2953 543 3023 οἷς
587 2959 686 3030 μὲν
732 2962 894 3027 αὐτὸς
945 2964 1232 3037 παροφθῇ,
1276 2967 1504 3039 σφοδρὸν
1529 2962 1670 3023 εῖναι
1701 2984 1715 3000 υ
1755 2969 1815 3022 ὲν

1915 479 2064 534 tione
2090 494 2229 552 opus
2256 486 2361 545 est,
2395 489 2655 550 acceptus
2675 479 2798 536 erit.
2818 477 3148 550 Plerumque
3177 494 3307 535 vero
3331 481 3483 537 utilis

1913 571 2076 625 nobis
2119 579 2174 627 et
2220 571 2317 626 illa
2351 571 2746 642 increpationis
2784 572 2925 625 ratio
2954 586 2984 624 a
3016 571 3280 642 propheta
3320 571 3481 626 adhi-

1913 658 2059 724 bita,
2086 661 2214 730 qui,
2249 675 2373 715 cum
2423 660 2591 716 David
2638 669 2957 731 peccasset,
2990 677 3097 715 non
3129 676 3160 715 a
3190 663 3483 729 semetipso

1914 752 2243 807 sententiam
2279 752 2496 807 induxit
2541 752 3038 817 condemnationis,
3072 753 3169 808 sed
3215 754 3480 809 accersita

1914 857 2149 914 persona
2180 855 2364 907 utens,
2396 845 2575 915 ipsum
2613 847 2820 916 proprii
2847 845 3086 915 judicem
3116 845 3323 915 peccati
3354 859 3483 898 con-

1910 936 2120 1003 stituit;
2148 936 2221 989 ita
2270 943 2329 990 ut
2372 951 2497 991 cum
2526 937 2581 990 in
2617 952 2677 991 se
2718 938 2835 1008 ipse
2870 938 3196 993 sententiam
3226 936 3478 1004 dixisset,

1912 1027 2047 1080 nihil
2084 1026 2196 1097 jam
2234 1037 2587 1083 suecenseret
2629 1030 2899 1099 arguenti.
2936 1030 3011 1099 (5)
3054 1027 3188 1083 Nam
3215 1043 3479 1099 aquarum

1911 1118 2131 1189 quidem
2159 1118 2368 1173 rivulus
2397 1119 2600 1175 fontem
2625 1137 2784 1178 suum
2813 1122 3052 1177 indicat:
3082 1122 3354 1177 sermonis
3383 1136 3482 1176 au-

1912 1221 2020 1268 tem
2068 1219 2264 1267 natura
2316 1222 2542 1285 pectus,
2587 1216 2730 1269 ulide
2772 1219 3079 1281 emanavit,
3126 1213 3369 1285 depingit
3417 1229 3482 1270 ac

1911 1307 2179 1375 designat.

1982 1398 2036 1453 5.
2081 1399 2159 1468 (4)
2202 1398 2378 1468 Atque
2413 1405 2473 1452 ut
2523 1397 2579 1453 in
2632 1398 2966 1453 medicorum
3004 1398 3319 1469 praeceptis,
3354 1411 3481 1452 cum

1913 1491 2159 1560 apposite
2211 1499 2265 1545 et
2318 1505 2389 1545 ex
2441 1491 2652 1545 ratione
2688 1489 2853 1552 finiit.
2910 1499 3034 1562 post
3087 1490 3481 1560 experientiam

1913 1582 2148 1637 maxime
2185 1597 2377 1637 eorum
2416 1581 2632 1637 utilitas
2657 1582 2794 1636 solet
2820 1581 3035 1638 ostendi
3071 1600 3084 1634 :
3118 1582 3199 1637 sic
3232 1580 3289 1635 in
3318 1581 3483 1650 spiri—

1913 1673 2157 1729 tualibus
2209 1673 2720 1737 exhortationibus,
2755 1673 2846 1727 ubi
2896 1674 3132 1726 maxime
3178 1672 3380 1726 monita
3418 1685 3482 1725 ac

1913 1772 2183 1837 praecepta
2252 1764 2452 1820 fuerint
2513 1768 2665 1820 exitu
2729 1772 2927 1819 testata
2986 1763 3481 1833 comprobataque,

1912 1869 2045 1914 tunc
2075 1873 2140 1912 ea
2189 1845 2467 1930 sapienter
2499 1859 2814 1927 utiliterque
2858 1857 2923 1911 ad
2977 1857 3101 1912 vitae
3146 1856 3484 1911 emendatio-

1912 1968 2035 2007 nem
2070 1958 2233 2021 atque
2262 1952 2327 2006 ad
2362 1951 2853 2021 obtemperantium
2899 1949 3285 2021 perfectionem
3325 1950 3484 2003 adhi-

1911 2045 2024 2100 bita
2073 2046 2243 2099 fuisse
2284 2050 2531 2115 apparet.
2561 2043 2639 2114 (5)
2670 2041 2804 2095 Nam
2850 2043 3122 2110 iacentem
3164 2042 3257 2111 qui
3298 2042 3482 2111 erigit,

1914 2138 2077 2193 altior
2120 2137 2350 2193 omnino
2401 2138 2555 2207 lapso
2584 2151 2707 2191 esse
2736 2135 2898 2190 debet
2936 2154 2949 2187 :
2994 2134 3088 2203 qui
3120 2130 3249 2188 vero
3278 2135 3485 2204 pariter

1912 2228 2132 2293 cecidit,
2173 2229 2348 2284 altero
2389 2227 2481 2297 qui
2532 2227 2727 2297 erigat,
2779 2225 2941 2280 etiam
2971 2225 3086 2295 ipse
3131 2238 3271 2294 opus
3300 2223 3482 2278 habet.

1914 2320 1992 2393 (6)
2012 2312 2121 2387 ‘Qui
2140 2335 2266 2376 vero
2294 2326 2467 2375 caecos“
2485 2318 2738 2373 doctores
2767 2316 2851 2371 sui
2879 2317 3047 2373 duces
3070 2315 3265 2380 fecere,
3284 2315 3487 2385 jucun-

1913 2413 2143 2469 dissimo
2188 2427 2249 2468 se
2302 2412 2527 2467 luminis
2581 2411 2767 2465 fructu
2818 2410 3190 2480 privaverunt.
3233 2408 3310 2479 (7)
3347 2406 3484 2463 Nam

1914 2506 2244 2576 redarguere
2287 2502 2515 2559 fratrem
2558 2518 2682 2558 cum
2732 2501 3107 2574 indignatione
3143 2508 3199 2556 et
3236 2499 3338 2567 ira,
3375 2516 3486 2556 non

1913 2605 1999 2653 est
2039 2596 2192 2650 illum
2238 2609 2269 2649 a
2310 2603 2535 2666 peccato
2566 2594 2837 2657 liberare,
2879 2591 2974 2647 sed
3003 2590 3243 2661 seipsum
3274 2588 3488 2645 delictis

1910 2687 2281 2759 obstringere.
2313 2685 2542 2757 Oportet
2567 2684 2716 2741 enim
2761 2685 2819 2739 in
2861 2682 3282 2741 mansuetudine
3312 2682 3488 2737 corri-

1912 2798 2042 2853 pere
2061 2797 2157 2838 eos
2184 2781 2281 2853 qui
2304 2780 2565 2836 resistunt
2588 2782 2635 2813 ”
2671 2797 2687 2833 :
2719 2792 2912 2850 neque,
2940 2791 3066 2832 cum
3096 2777 3212 2847 ipse
3237 2784 3488 2833 contem-

1914 2875 2085 2938 neris,
2118 2873 2188 2929 ob
2234 2872 2288 2928 id
2327 2872 2623 2928 vehemens
2664 2884 2826 2927 esse:
2854 2869 3107 2925 uhivero
3149 2868 3318 2925 alium
3352 2883 3489 2924 con-

1917 2967 2084 3021 temni
2111 2964 2336 3030 videris,
2366 2978 2494 3035 erga
2521 2977 2647 3018 eum
2686 2961 2779 3032 qui
2811 2959 3068 3032 deliquit,
3096 2958 3486 3030 indulgentiam

238 3043 323 3113 οἷς
368 3049 424 3103 δὲ
475 3049 541 3105 ἃν
592 3050 749 3106 ἄλλον
795 3056 1304 3129 καταφρονούμενον
1354 3058 1438 3132 ῖδῃ
1460 3100 1476 3122 ,
1526 3061 1626 3133 τὴν
1678 3061 1814 3133 πρὸς

1918 3057 2207 3113 ostendere
2242 3074 2257 3113 :
2288 3056 2420 3127 quin
2472 3054 2656 3125 potius
2688 3063 2818 3107 tunc
2864 3051 2919 3105 in
2970 3058 3259 3122 peccatum
3304 3049 3486 3105 invehi

239 3143 332 3237 τὸν
365 3144 720 3237 ἡμαρτηκότα
768 3148 1150 3221 μακροθυμίαν
1203 3152 1817 3237 ὲπιδείκνυσθαιλάλλά

242 3234 338 3286 καὶ
377 3235 578 3306 μᾶλλον
620 3237 993 3312 δυσχεραίνειν
1033 3243 1125 3295 ἐπὶ
1152 3242 1231 3314 τῷ
1279 3245 1436 3317 κακῷ
1480 3247 1622 3302 τότε.
1658 3234 1816 3302 Οὕτω

241 3322 349 3395 γὰρ
377 3326 586 3397 καὶτῆς
626 3327 911 3397 φιλαυτίας
937 3330 1035 3402 τὴν
1064 3333 1297 3403 ὑποψίαν
1331 3334 1689 3404 ἐκφεύξεται,
1721 3338 1816 3391 καὶ

241 3416 513 3482 ἀπόδειξιν
534 3418 695 3472 δώσει
721 3419 813 3473 τοῦ
847 3421 921 3492 μὴ
950 3422 1041 3475 τὸν
1065 3425 1424 3496 ἡμαρτηκότα
1458 3431 1655 3498 μισεῖν,
1679 3428 1816 3483 ἀλλά

241 3509 342 3577 τὴν
376 3508 647 3580 ἁμαρτίαν
700 3512 1174 3584 ἀποστρέφεσθαι·
1207 3517 1269 3570 τὸ
1325 3518 1424 3588 μὲν
1459 3519 1569 3591 γὰρ
1619 3521 1694 3590 μὴ
1748 3520 1815 3574 δι’

238 3600 435 3675 ἑαυτὸν
481 3601 554 3673 (1)
596 3607 866 3677 μεριμνᾷν
912 3608 1009 3661 καὶ
1055 3609 1417 3679 ἐργάζεσθαι,
1472 3611 1817 3684 φιλοχρίστου

244 3693 339 3745 καὶ
376 3691 696 3765 φιλαδέλφου
750 3695 1039 3762 διαθέσεως
1077 3698 1370 3771 ἐγκώμιον.
1420 3703 1591 3755 Παντὶ
1636 3702 1820 3756 τοίνυν

242 3784 432 3857 τρόπῳ
462 3785 567 3857 χρὴ
603 3787 694 3842 τὸν
741 3787 1068 3843 ἀσθενοῦντα
1114 3790 1437 3863 θεραπεύειν
1465 3833 1480 3854 ,
1520 3794 1614 3847 καὶ
1654 3810 1819 3847 σπου-

244 3876 426 3939 δάςειν
475 3878 536 3929 τὸ
587 3875 1003 3950 ὲξηρθρωμένον
1028 3920 1043 3944 ,
1100 3881 1165 3935 ἵν’
1204 3882 1376 3948 οὕτως
1432 3885 1571 3938 εἴπω
1598 3925 1613 3947 ,
1658 3885 1818 3956 μέλος

246 3969 544 4042 ὲναρθροῠν
570 3988 584 4002 ο
626 3971 720 4025 ἐὰν
766 3971 822 4025 δὲ
864 3975 931 4045 τῇ
964 3975 1320 4047 οίᾳδηποτοῦν
1363 3978 1528 4049 κακίᾳ
1559 3979 1815 4052 ἐπιμένῃ,

246 4062 463 4131 ἀφιέναι
506 4062 581 4126 ὡς
614 4064 891 4137 ἀλλότριον
915 4084 928 4097 ’
963 4066 1272 4138 γέγραπται
1303 4068 1445 4143 γάρ·
1490 4068 1666 4125 Πᾶσα
1708 4086 1820 4140 59v-

244 4155 375 4210 τεία
395 4195 409 4218 ,
439 4154 519 4223 ἣν
541 4158 651 4210 οὐκ
675 4157 1011 4227 ἐφύτευσεν
1040 4161 1074 4213 ὀ
1102 4159 1303 4229 Πατήρ
1319 4179 1438 4230 μου
1464 4164 1497 4215 ό
1519 4162 1815 4232 οὐράνιος,

243 4238 709 4315 ἐκριζωθήσεται.
777 4250 901 4302 Ἐὰν
964 4251 1072 4322 γάρ
1133 4252 1599 4317 δυσαποσπάστως
1654 4254 1819 4326 ἔχωσι

243 4338 354 4393 τῶν
393 4339 539 4393 ἰδίων
566 4339 703 4393 ἐθῶν
728 4383 742 4405 ,
774 4342 868 4393 καὶ
904 4344 1023 4405 ταῖς
1072 4342 1284 4412 ἡδοναῖς
1317 4344 1416 4414 τῆς
1453 4343 1655 4415 σαρκὸς
1695 4346 1817 4397 δου-

1913 3148 2091 3204 decet.
2139 3146 2220 3203 ita
2269 3146 2416 3204 enim
2450 3152 2506 3201 et
2549 3144 2916 3215 suspicionem
2948 3158 2980 3197 a
3025 3149 3081 3197 te
3107 3142 3346 3196 hominis
3397 3156 3487 3197 se-

1915 3241 2095 3310 ipsum
2145 3237 2439 3295 immodice
2486 3235 2723 3292 amantis
2748 3231 3135 3296 submovehis,
3180 3240 3234 3284 et
3277 3230 3489 3301 planis-

1916 3332 2058 3388 sime
2096 3339 2150 3387 te
2180 3343 2290 3385 non
2315 3335 2638 3401 peccantem
2670 3327 2876 3388 odisse,
2903 3323 2999 3380 sed
3021 3331 3303 3395 peccatum
3335 3337 3493 3376 aver-

1916 3424 2025 3481 sari
2066 3421 2392 3479 declarabis.
2427 3420 2507 3493 (8)
2548 3418 2686 3474 Nam
2726 3416 3038 3484 sollicitum}
3057 3431 3182 3471 esse
3216 3423 3270 3469 et
3332 3429 3492 3485 agere

1916 3533 2027 3572 non
2070 3522 2294 3588 propter
2333 3514 2714 3582 semetipsum,
2741 3512 2862 3565 laus
2885 3517 2971 3565 est
3019 3508 3186 3563 animi
3208 3506 3490 3563 Christum

1914 3606 1971 3664 et
1998 3609 2195 3665 fratres
2224 3607 2483 3663 amantis.
2513 3604 2592 3677 (9)
2626 3601 2789 3660 Omni
2821 3601 2989 3673 igitur
3018 3601 3182 3655 modo
3210 3599 3489 3655 curandus
3600 3629 3607 3635 -

1916 3702 2190 3767 infirmus,
2221 3715 2286 3755 ac
2308 3698 2488 3755 danda
2518 3696 2707 3753 sedula
2737 3709 2925 3765 opera,
2955 3701 3014 3748 ut
3044 3694 3287 3748 luxatum
3319 3707 3490 3746 mem-

1918 3796 2099 3857 brum,
2132 3803 2191 3847 ut
2219 3793 2291 3846 ita
2316 3788 2516 3855 dicam,
2547 3789 2707 3862 481
2743 3789 2797 3842 in
2830 3802 2989 3842 suum
3020 3786 3198 3841 locum
3236 3785 3491 3839 restitua-

1916 3893 2029 3939 tur.
2057 3882 2213 3949 Quod
2243 3883 2289 3937 si
2330 3882 2387 3937 in
2437 3896 2539 3936 suo
2569 3881 2702 3934 vitio
2734 3880 3112 3949 qualecunque
3145 3874 3364 3929 tandem
3394 3874 3488 3939 sit,

1918 3973 2381 4046 perseveraverit,
2414 3979 2530 4046 tum
2578 3970 2805 4041 perinde
2839 3979 3002 4041 atque
3046 3967 3259 4021 alienus
3300 3964 3490 4020 dimit-

1920 4039 2117 4130 iendus
2150 4073 2252 4120 est.
2292 4039 2698 4134 Scriptum—est
2741 4062 2885 4115 enim
2914 4039 2936 4113 ﬁ:
2971 4055 3157 4113 Omnis
3202 4055 3487 4126 plantatio,

1915 4172 2076 4226 quam
2112 4170 2216 4210 non
2255 4150 2513 4222 plantavit
2558 4151 2722 4207 Pater
2763 4166 2906 4205 meus
2953 4150 3207 4212 caelestis,
3247 4147 3480 4202 eradica-

1919 4236 2064 4302 ὀίων
2099 4248 2166 4302 ⁸ο.
2203 4249 2315 4314 (l0)
2353 4244 2508 4311 Quod
2539 4247 2583 4300 si
2613 4244 2705 4313 qui
2727 4241 2944 4298 difficile
2975 4242 3278 4295 avellantur
3305 4256 3334 4293 a
3361 4238 3490 4309 pru-

1919 4340 2055 4409 priis
2088 4338 2353 4401 moribus,
2384 4336 2676 4405 carnisque
2721 4333 3093 4403 voluptatibus
3120 4333 3326 4387 servire
3375 4346 3492 4385 ma-

244 4430 424 4487 λεύειν
466 4430 691 4483 ἐθέλωσι
731 4431 988 4502 μᾶλλονῆ
1022 4410 1103 4503 τῷ
1133 4410 1477 4505 Κυρίῳίκαὶ
1525 4410 1623 4505 τὴν
1678 4434 1814 4490 κατά

1924 4430 2023 4482 lint
2044 4442 2207 4497 quam
2234 4426 2483 4493 Domino,
2520 4435 2572 4480 et
2607 4425 2775 4479 vitam
2807 4423 3109 4479 secundum
3139 4422 3490 4505 Evangelium

243 4523 307 4576 τὸ
339 4522 667 4591 Εὖαγγέλιον
724 4523 869 4592 ζωὴν
921 4521 997 4594 μὴ
1029 4523 1447 4595 καταδέχωνται,
1483 4525 1657 4589 οὐδεὶς
1684 4529 1818 4597 ,ἡμῖν

245 4614 424 4680 κοινὸς
450 4614 584 4686 πρὸς
612 4616 806 4678 αὐτοὺς
838 4613 1011 4683 λόγος.
1054 4615 1243 4687 Ἡμεῖς
1275 4615 1382 4687 γὰρ
1419 4617 1477 4670 ἐν
1508 4616 1622 4687 λαῷ
1663 4618 1823 4670 ἀπειο

244 4707 332 4760 θεῖ
374 4706 467 4759 καὶ
514 4705 846 4774 ἀντιλέγοντι
893 4706 1250 4777 δεδιδάγμεθα
1297 4707 1551 4774 ἀκούειν,
1592 4710 1674 4763 ὅτι
1704 4710 1817 4764 Σώ-

243 4797 359 4860 ζων
394 4794 541 4857 σῶζε
587 4797 700 4865 τὴν
744 4796 1006 4851 σεαυτοῦ
1055 4797 1306 4867 ψυχὴν,
1360 4799 1454 4851 καὶ
1510 4799 1819 4871 ἀλλοτρίαις

240 4889 541 4961 ἁμαρτίαις
576 4888 650 4960 μὴ
679 4888 940 4943 κοινώνει,
976 4890 1084 4942 Καὶ
1110 4891 1157 4943 εί
1191 4893 1264 4961 μή
1294 4907 1378 4953 τις
1406 4889 1821 4962 ἐπιθυμητικῶς

240 4982 463 5051 ἔρχεται
492 4981 585 5033 ἐπὶ
612 4982 673 5034 τὸ
715 4980 965 5050 ψάλλειν,
1016 4982 1111 5035 καὶ
1147 4984 1196 5034 εί
1238 4981 1312 5053 μὴ
1362 4982 1706 5051 ἐπιφαίνεται
1738 4984 1816 5055 (2)

1921 4519 2212 4573 instituere
2249 4517 2447 4581 nolint,
2480 4516 2629 4571 nulla
2651 4522 2737 4571 est
2767 4515 3074 4577 nobiscum
3114 4502 3224 4567 illis
3245 4525 3497 4565 commu-

1923 4612 2008 4665 nis
2037 4610 2196 4665 ratio.
2227 4608 2338 4665 Nos
2374 4609 2520 4664 enim
2555 4609 2611 4662 in
2645 4608 2845 4678 popqu
2876 4603 3254 4675 inobsequenti
3285 4612 3341 4658 et
3369 4617 3495 4656 con-

1922 4705 2213 4761 tradicenti
2239 4702 2419 4758 edocti
2456 4716 2646 4757 sumus
2675 4699 2867 4754 audire
2895 4716 2908 4752 :
2937 4695 3163 4753 Servans
3192 4711 3341 4750 serva
3374 4694 3494 4748 aui-

1923 4814 2065 4851 mam
2113 4807 2256 4849 tuam
2287 4795 2365 4859 η,
2408 4793 2605 4848 alienis
2648 4791 2889 4862 peccatis
2933 4806 3003 4845 ne
3051 4791 3494 4844 communicave-

1929 4894 2029 4946 ris.
2045 4890 2090 4958 (1
2106 4889 2154 4959 l)
2168 4886 2227 4942 Si
2249 4888 2375 4959 quis
2399 4888 2655 4943 alacriter
2672 4900 2779 4940 non
2799 4883 3021 4940 accedat
3039 4882 3104 4936 ad
3128 4878 3491 4950 psallendum,

1923 5001 2023 5041 nec
2055 4984 2193 5039 ferat
2231 4997 2344 5053 prae
2379 4996 2439 5036 se
2483 4979 2734 5036 affectum
2777 4976 2956 5041 illius,
2987 4974 3081 5045 qui
3113 4973 3287 5038 dixit,
3317 4970 3492 5038 Quam

316 5141 361 5172 ’³
384 5135 427 5191 ll
450 5136 591 5194 Tim.
621 5154 681 5204 ιι,
711 5137 805 5194 25.
865 5139 911 5170 ³⁸
936 5138 1127 5193 Matth.
1156 5154 1246 5203 xv,
1281 5139 1367 5193 15.
1443 5139 1488 5172 ⁹¹
1512 5139 1646 5196 Gen.
1679 5157 1792 5206 xix,
1831 5141 1914 5195 l7.

316 5291 392 5356 (Ι)
416 5289 513 5359 Μὴ
539 5291 613 5347 δι’
644 5292 882 5346 ἑαυτόν.
913 5292 1285 5361 Negationem,
1308 5308 1429 5364 qua:
1469 5310 1692 5364 prorsus
1723 5312 1818 5352 ne.

234 5379 498 5437 cessura:
516 5373 599 5437 est
632 5365 698 5417 ad
748 5365 1029 5417 sentenzia:
1062 5365 1280 5427 seriem,
1314 5363 1719 5437 desumpsimus
1748 5383 1817 5422 cx

234 5434 430 5488 Codice
463 5429 652 5501 Regio.

316 5503 391 5570 (Ξ)
430 5504 851 5574 Ἐπιεραίνεταμ
890 5501 1126 5574 Uterque
1154 5502 1322 5557 codex
1355 5503 1726 5574 έπιφαίνηται,
1762 5513 1818 5561 et

234 5583 399 5656 antea
427 5573 671 5656 ξρχηται,
702 5581 757 5626 et
780 5573 939 5641 paulo
971 5582 1094 5656 post
1120 5574 1290 5628 codex
1328 5573 1464 5628 19m
1490 5575 1706 5645 ἡγῆται.

317 5642 395 5710 (5)
434 5642 509 5696 lix
537 5644 698 5711 epist.
728 5658 949 5705 cxxxtv,

314 5712 394 5783 (4)
433 5713 506 5767 Ex
535 5712 680 5769 hom.
709 5711 971 5768 Adversus
996 5729 1083 5769 eos
1117 5714 1205 5786 qui
1234 5714 1557 5770 irascuntur.
1585 5714 1673 5771 85.

1996 5292 2068 5363 (5)
2212 5289 2356 5343 hom.
2390 5288 2641 5363 in_mar_t.
2668 5284 2943 5363 fuliltam,
2972 5283 3058 5363 42:

1998 5293 2050 5363 (5
2105 5293 2179 5345 Ex
2212 5293 2356 5343 hom.
2390 5293 2442 5342 in
2482 5294 2641 5339 mari.
2669 5293 2943 5351 Jumtam,
2972 5293 3058 5339 42.

1998 5293 2074 5434 (6;
2104 5359 2339 5434 _l_lterquc
2370 5357 2564 5434 eodem
2590 5356 2792 5434 indicat
2832 5352 3109 5434 serinlnbe
3139 5353 3242 5406 ira.

1994 5425 2072 5502 (7)
2218 5425 2426 5498 Reguli;
2456 5427 2627 5502 [mitts
2657 5426 2920 5502 tractatis,
2940 5425 3063 5502 595.

1992 5492 2069 5570 (8)
2107 5492 2341 5570 Uterque
2370 5492 2539 5570 codex
2583 5492 2798 5570 indicat
2841 5500 3098 5570 ascetica.

1993 5565 2071 5641 (9)
2104 5571 2177 5623 Ex
2216 5565 2429 5639 Regalis
2457 5566 2953 5641 brevius_t_ractatis,
2978 5565 3103 5619 451.

1993 5635 2106 5710 (10)
2138 5641 2213 5710 igx
2238 5635 2631 5710 epist._.cc_xvn_,
2664 5635 2790 5689 350.

1993 5702 2104 5785 (il)
2137 5706 2211 5765 Ex
2243 5707 2449 5781 Regalis
2477 5706 2675 5761 brevius
2706 5703 2969 5773 tractatis,
3004 5702 3126 5759 5H.
