3874 6224
365 274 504 328 1145

1219 269 1583 326 APPENDlX.
1623 303 1691 312 —
1732 271 2084 329 SYMEONIS
2122 273 2662 331 METAPIHUSTE

3494 279 3630 330 HN

363 393 542 448 dulcia
595 390 836 460 faucibus
889 389 1016 444 meis
1068 388 1275 458 eloquia
1336 389 1461 440 tua!
1501 404 1656 457 super
1709 389 1809 443 mel
1863 391 1944 443 ori

2057 389 2194 461 αὑτῷ
2225 394 2258 462 ἡ
2290 391 2527 456 διάθεσις
2551 392 2644 445 τοῦ
2673 394 2944 455 εἰπόντος·
2986 394 3082 460 Ὧς
3122 391 3348 461 γλυκέα
3391 393 3471 458 τῷ
3519 394 3632 446 .ιά-

365 503 478 542 meo
504 486 547 517 ³³
583 504 596 538 :
637 498 735 538 nec
779 490 929 552 putet
965 495 1220 550 magnum
1254 479 1643 534 detrimentum
1676 481 1942 535 desidiam

365 593 519 634 esse:
555 583 648 630 aut
679 574 1008 642 corrigatur,
1046 577 1140 624 aut
1185 571 1513 640 expellatur,
1561 585 1628 624 ne
1667 571 1942 625 modicum

368 673 694 725 fermentum
736 673 902 721 totam
948 678 1185 718 massam
1220 669 1536 733 corrumpat
1566 663 1634 717 ⁸³.
1675 663 1753 733 (1)
1794 664 1944 730 Quos

366 774 687 816 communes
717 773 892 828 ρωηῖἓ
921 757 986 809 ad
1027 771 1217 812 sanam
1250 763 1488 809 mentem
1522 771 1630 810 non
1663 764 1941 822 revocant,

368 869 469 908 nec
499 869 528 906 a
561 866 782 923 precum
827 848 1212 904 communione
1245 848 1518 917 separatio
1560 846 1627 900 ad
1673 848 1946 916 poeniten-

369 947 498 998 tiam
545 941 798 1004 adducit,
839 955 934 994 eos
983 955 1208 993 necesse
1247 949 1331 994 est
1374 939 1590 994 traditis
1637 954 1667 991 a
1717 938 1947 993 Domino

369 1034 673 1089 canonibus
704 1033 996 1102 subjicere.
1034 1029 1312 1101 Scriptum
1341 1041 1424 1085 est
1453 1031 1598 1084 enim
1631 1051 1644 1085 :
1678 1029 1738 1085 Si
1780 1031 1947 1096 frater

373 1137 492 1178 tuus
524 1123 832 1192 peccaverit,
865 1123 1071 1189 corripe
1125 1138 1241 1175 eum
1286 1123 1420 1174 inter
1452 1131 1499 1175 te
1554 1131 1603 1176 et
1654 1122 1824 1190 ipsum
1854 1138 1872 1176 :
1903 1123 1950 1176 si

370 1225 418 1268 te
455 1231 558 1268 non
599 1211 848 1275 audierit,
893 1228 1102 1266 assume
1146 1220 1313 1264 tecum
1356 1213 1519 1265 alium
1560 1227 1577 1264 :
1609 1210 1745 1281 quod
1796 1213 1844 1265 si
1887 1228 1949 1264 ne

370 1307 446 1360 sic
476 1305 714 1376 quidem,
760 1302 846 1356 dic
887 1301 1172 1366 Ecclesiae;
1204 1302 1250 1354 si
1294 1317 1411 1354 vero
1451 1318 1611 1370 neque
1656 1299 1948 1354 Ecclesium

373 1397 620 1462 audierit,
651 1397 720 1448 sit
768 1394 864 1447 tibi
907 1403 963 1447 ut
996 1394 1230 1448 ethnicus
1259 1405 1304 1448 et
1339 1393 1653 1463 publicanus
1679 1394 1745 1448 “.
1790 1391 1948 1459 Quod

372 1492 551 1558 ipsum
581 1495 635 1543 et
669 1487 723 1540 in
754 1487 864 1542 isto
900 1485 1101 1540 factum
1136 1484 1256 1539 fuit.
1293 1484 1471 1540 Semel
1503 1493 1793 1540 accusatus
1825 1492 1944 1539 est:

371 1583 556 1634 c‘oram
595 1593 706 1632 uno
753 1587 806 1632 et
850 1577 1023 1631 altero
1051 1577 1340 1632 convictus
1385 1576 1486 1630 fuit
1518 1595 1530 1629 :
1559 1577 1722 1630 tertio
1765 1591 1948 1630 coram

371 1669 636 1724 Ecclesia.
673 1668 807 1722 Cum
843 1667 1010 1738 igitur
1052 1682 1175 1721 cum
1211 1667 1464 1721 obtestati
1499 1667 1801 1730 fuerimus,
1848 1679 1948 1718 nec

370 1759 740 1829 acquieverit,
775 1758 846 1814 sit
875 1758 1134 1827 deinceps
1176 1756 1700 1812 cxcornmunicatus.
1750 1755 1815 1808 Et
1845 1757 1947 1809 hoc
1980 1738 2020 1790 Β

376 1866 516 1921 pago
549 1850 648 1905 toti
693 1849 1069 1912 denuntietur,
1105 1864 1228 1904 eum
1264 1848 1657 1902 admittendum
1691 1863 1797 1901 non
1826 1864 1948 1902 esse

374 1941 442 1996 ad
473 1942 638 1996 ullam
665 1957 850 1996 rerum
879 1940 946 1994 ad
975 1941 1141 1994 vitam
1176 1940 1563 2010 pertinentium
1593 1940 1944 1994 societatem:

374 2043 434 2088 ut
460 2048 526 2088 ex
545 2049 610 2089 eo
637 2034 780 2102 quod
809 2047 932 2086 cum
961 2047 1026 2087 eo
1056 2048 1162 2086 non
1183 2033 1658 2094 commisceamur,
1693 2033 1762 2086 sit
1795 2048 1949 2101 pror-

370 2141 470 2181 sus
523 2125 727 2180 diaboli
782 2126 1062 2194 pabulum.
1104 2123 1183 2195 (2)
1235 2123 1302 2178 Ut
1341 2125 1485 2179 enim
1529 2126 1740 2193 pueruli
1777 2125 1948 2180 disci-

375 2216 649 2287 plinarum
701 2215 1058 2286 negligentes,
1104 2223 1227 2286 post
1265 2214 1470 2268 inﬂicta
1505 2215 1613 2269 illis
1648 2230 1676 2268 a
1711 2215 1950 2270 doctori-

374 2310 478 2366 bus
505 2310 761 2372 verbera,
797 2309 1110 2364 attentiores
1155 2308 1362 2373 etrecti,
1416 2317 1687 2378 praecepta
1740 2310 1950 2377 ample-

376 2410 636 2466 ctuntur;
667 2414 938 2471 quemque
962 2415 1270 2454 sermonem
1292 2417 1360 2454 ne
1381 2399 1675 2454 audiebant
1703 2399 1948 2469 quidem,

376 2501 666 2560 antequam
722 2491 1084 2561 vapularent,
1135 2490 1385 2544 eumdem
1437 2499 1660 2560 accepto
1696 2504 1727 2544 e
1765 2489 1950 2559 ﬂagris

375 2582 599 2648 dolore,
641 2581 752 2650 jam
786 2581 912 2636 inde
953 2583 1155 2651 apertis
1189 2582 1416 2634 auribus
1445 2589 1498 2634 et
1529 2582 1720 2634 auditu
1770 2582 1950 2650 perci—

378 2675 562 2743 piunt,
608 2687 672 2727 ac
730 2672 1006 2728 memoriae
1056 2671 1316 2726 mandant
1348 2691 1360 2726 :
1397 2671 1477 2726 sic
1528 2678 1583 2725 et
1636 2671 1721 2726 his
1754 2671 1953 2725 accidit

377 2765 470 2835 qui
502 2763 596 2818 Dei
633 2762 939 2817 doctrinam
971 2760 1346 2831 perfunctorie
1376 2760 1826 2830 negligenterque
1852 2775 1951 2813 au—

377 2859 566 2924 diunt,
613 2857 842 2928 ejusque
885 2855 1139 2910 mandata
1182 2869 1282 2924 pro
1329 2853 1501 2909 nihilo
1534 2854 1762 2910 ducunt.
1791 2853 1953 2909 Post-

379 2966 542 3021 quam
587 2951 691 3020 ipsi
727 2964 758 3001 a
793 2948 904 3003 Deo
933 2948 1295 3018 castigatione
1343 2945 1520 3000 allecti
1565 2945 1802 3010 fuerint,
1838 2955 1954 3000 tum

2035 485 2215 554 ρυγγί
2240 502 2359 553 μου
2397 487 2468 538 τὰ
2506 484 2681 553 λόγιὰ
2711 485 2866 538 σου]
2891 484 3044 552 ὑπὲρ
3073 484 3209 554 μέλι
3249 485 3328 550 τῷ
3368 488 3633 554 στόματι

2039 590 2156 641 μου
2177 589 2188 599 ·
2225 575 2317 626 καὶ
2345 575 2393 626 εί
2423 574 2496 644 μὴ
2526 573 2726 644 ζημίαν
2756 573 2995 642 μεγάλην
3019 576 3232 644 ἡγεῖται
3261 575 3363 644 τὴν
3388 575 3595 646 ἀργίαν
3615 594 3628 604 υ

2044 663 2077 732 ἢ
2108 663 2506 734 διορθωσάσθω,
2536 665 2568 735 ἧ
2597 665 2876 736 ὲξαρθήτω
2905 663 3002 735 (ὅ),
3043 665 3128 718 ἵνα
3165 667 3237 736 μὴ
3273 667 3450 737 μικρά
3482 666 3632 738 ζύμη

2045 755 2164 809 ὅλον
2193 757 2252 809 τὸ
2287 756 2514 828 φύραμα
2551 758 2775 829 δολώσῃ.
2805 757 2910 822 Οὓς
2938 759 3049 830 γὰρ
3081 760 3147 812 τα
3186 763 3340 814 κοινά
3376 763 3634 832 ἐπιτίμια

2045 847 2106 899 οὐ
2144 848 2496 918 σωφρονίζει,
2540 848 2663 902 οὔτε
2712 851 2772 902 τὸ
2811 851 3094 921 εἱρχθῆναι
3141 851 3249 903 τῶν
3298 853 3480 923 εὐχῶν
3509 855 3635 921 ἄγει

2045 942 2126 1002 εἰς
2160 941 2448 1010 μετάνοιαν
2469 981 2484 1004 ,
2518 942 2728 1013 ἀνάγκη
2760 945 2874 1005 τοῖς
2901 944 3052 1014 παρὰ
3079 943 3173 996 τοῦ
3201 946 3410 1015 Κυρίου
3431 945 3636 1000 δοθεῖσι

2047 1031 2266 1082 κανόσιν
2295 1029 2616 1083 ὑποϐάλλειν
2642 1048 2655 1060 ο
2690 1031 2999 1101 γέγραπται
3033 1033 3138 1104 γάρ
3159 1049 3172 1062 ·
3219 1034 3356 1086 ἐὰν
3392 1037 3426 1088 ό
3449 1035 3636 1088 ἁδελ-

2047 1120 2160 1188 φός
2191 1135 2308 1173 σου
2340 1119 2568 1189 ἁμάρτῃ
2588 1161 2604 1184 ,
2649 1121 2904 1192 ἔλεγξον
2927 1124 3115 1176 αὑτὸν
3129 1124 3362 1193 μεταξὺ
3390 1126 3512 1179 σοῦ
3537 1127 3636 1178 καὶ

2047 1209 2234 1262 αὑτοῦ
2257 1209 2332 1278 t6)
2359 1225 2370 1236 '
2414 1208 2523 1263 ἐάν
2560 1225 2676 1264 σου
2699 1210 2785 1280 μὴ
2816 1213 3056 1279 ἀκούσῃ
3077 1252 3091 1275 ,
3137 1212 3450 1282 παράλαϐε
3480 1216 3637 1283 μετὰ

2048 1301 2309 1355 σεαυτοῦ
2360 1301 2458 1354 καὶ
2493 1302 2685 1356 ἄλλον
2709 1320 2722 1334 ο
2765 1303 2875 1357 ἐὰν
2935 1304 3002 1356 δὲ
3028 1304 3183 1373 μηδὲ
3223 1305 3454 1369 οὕτως,
3501 1305 3636 1358 εἰπὲ

2049 1391 2124 1459 τῇ
2164 1392 2495 1459 Ἐκκλησία
2519 1409 2532 1422 ·
2576 1392 2684 1446 ἐὰν
2719 1393 2788 1446 δὲ
2813 1394 2909 1448 καί
2938 1394 3045 1462 τῆς
3089 1396 3451 1462 Ἐκκλησίας
3484 1411 3638 1464 πειρ-

2048 1483 2280 1550 ἀκούσῃ
2303 1521 2319 1546 ,
2351 1483 2507 1536 ἔστω
2545 1499 2643 1537 σοι
2671 1485 2752 1550 ὡς
2781 1487 2814 1538 ό
2837 1485 3073 1552 ἐθνικὸς
3123 1487 3220 1538 καὶ
3263 1489 3297 1539 ὁ
3338 1487 3637 1553 τελώνης.

2057 1576 2120 1626 '0
2158 1572 2288 1642 γοῦν
2344 1575 2560 1642 ἐγένετο
2597 1575 2692 1628 καὶ
2750 1575 2844 1627 ἐπὶ
2898 1576 3071 1632 τοῦδε.
3113 1578 3298 1644 Ἀπαξ
3340 1579 3639 1648 ἐνεκλήθη,

2053 1667 2140 1717 ἐπὶ
2166 1665 2281 1728 ἐνὸς
2303 1666 2394 1718 καὶ
2419 1665 2669 1736 δευτέρου
2696 1666 3010 1738 διηλέγχθη,
3043 1668 3220 1739 τρίτον
3245 1670 3336 1721 ἐπὶ
3371 1671 3472 1740 τῆς
3520 1671 3640 1723 Ἐκ-

2050 1753 2296 1823 κλησίας.
2342 1755 2493 1808 Ἐπεὶ
2532 1752 2624 1808 οὖν
2673 1755 3156 1828 διεμαρτυράμεθα
3203 1760 3394 1828 αὐτῷ,
3439 1761 3539 1813 καὶ
3580 1763 3641 1813 οὗ

2049 1841 2404 1905 κατεδέξατο,
2441 1842 2626 1895 λοιπὸν
2665 1841 2816 1897 ἔσται
2848 1846 3187 1916 έκκήρυκτος
3211 1888 3226 1910 ,
3264 1849 3359 1902 καὶ
3392 1850 3638 1918 διαγγελ-

2048 1933 2196 2003 θήτω
2231 1935 2379 2008 πάσῃ
2407 1938 2472 2006 τῇ
2504 1936 2653 1988 πόλει
2678 1977 2692 1996 .
2729 1937 3095 2008 ἀπρόσδεκτον
3126 1942 3289 1994 αὑτὸν
3324 1937 3469 1996 εἶναι
3502 1944 3642 2014 πρὸς

2049 2027 2226 2077 πᾶσαν
2273 2026 2556 2078 κοινωνίαν
2591 2026 2838 2096 χρήσεως
2873 2025 3130 2098 βιωτικῆς
3151 2043 3167 2060 ⁶
3201 2029 3279 2092 ὡς
3316 2031 3384 2082 ὲκ
3421 2030 3520 2082 τοῦ
3569 2033 3644 2102 μὴ

2050 2115 2550 2185 συναναμίγνυσθαι
2582 2117 2728 2186 ἡμᾶς
2753 2117 2902 2187 αὑτῷ
2922 2162 2936 2181 ,
2969 2119 3197 2191 γένηται
3221 2120 3512 2183 παντελῶς
3548 2140 3645 2174 και

2049 2205 2314 2278 τάΰρωμα
2360 2207 2454 2259 τοῦ
2504 2207 2772 2266 διαϐόλου.
2807 2211 3013 2282 ’Ὠσπερ
3047 2211 3155 2284 γὰρ
3190 2212 3301 2265 τῶν
3337 2214 3558 2267 παίδων
3597 2216 3645 2266 οί

2049 2299 2233 2368 νήπιοι
2253 2341 2267 2364 ,
2297 2300 2795 2372 κατολιγωροῦντες
2824 2303 2933 2358 τῶν
2968 2304 3338 2375 μαθημάτων,
3378 2307 3525 2376 μετά
3547 2308 3646 2369 τὰς

2053 2391 2344 2460 μάστιγας,
2373 2392 2438 2456 ἃς
2469 2394 2775 2449 διδάσκαλοι
2803 2395 2983 2460 αὐτοῖς
3011 2397 3044 2467 ῆ
3073 2397 3416 2466 παιδαγωγοὶ
3464 2414 3647 2468 προσ⁹

2047 2485 2275 2552 άγουσι,
2313 2485 2728 2557 προσεχέστεροι
2773 2486 3024 2557 δέχονται
3061 2489 3130 2542 τὰ
3169 2489 3512 2560 διδάγματα·
3552 2492 3648 2542 καὶ

2050 2578 2079 2628 ὁ
2128 2575 2291 2639 αὐτὸς
2323 2576 2478 2644 λόγος
2525 2576 2632 2646 πρὸ
2666 2577 2762 2647 μὲν
2817 2577 2927 2630 τῶν
2959 2578 3181 2648 πληγῶν
3221 2579 3324 2633 οὐκ
3364 2581 3646 2648 ἠκούετο,

2055 2663 2193 2734 μετά
2216 2664 2273 2717 δὲ
2295 2664 2392 2728 τὰς
2426 2667 2489 2717 ὲκ
2516 2665 2624 2718 τῶν
2662 2667 2940 2737 μαστίγων
2965 2668 3154 2732 ὀδύνας
3184 2670 3310 2740 ἄρτι
3341 2671 3454 2723 τῶν
3480 2671 3647 2724 ὢτων

2049 2755 2460 2824 διανοιγέντων,
2493 2757 2587 2810 καὶ
2613 2757 2920 2829 παρεδέχθη
2947 2762 3014 2829 τῇ
3053 2760 3190 2830 ἀκοῇ
3222 2763 3321 2813 καὶ⁵
3356 2762 3646 2834 παρεδόθη

2052 2849 2118 2918 τῇ
2166 2849 2356 2921 μνήμῃ
2382 2863 2395 2876 ·
2441 2847 2583 2902 οὕτω
2632 2848 2729 2902 καλ⁵
2766 2849 2859 2902 ἐπὶ
2903 2849 3013 2902 τῶν
3070 2852 3491 2922 παρακουόντων
3541 2852 3651 2920 τῆς

2055 2937 2206 3002 θείας
2257 2939 2604 3004 διδασκαλίας
2659 2940 2756 2996 καὶ
2812 2942 3299 3014 καταφρονητικῶς
3350 2945 3490 3014 πρὸς
3545 2945 3649 3005 τὰς

380 3046 469 3100 vix
499 3043 719 3098 tandem
749 3041 845 3096 Dei
877 3048 1144 3112 praecepta
1169 3039 1377 3094 centies
1410 3039 1518 3094 illis
1548 3039 1799 3109 repetita,
1825 3055 1951 3094 cen-

2057 3033 2275 3097 ὲντολάς
2325 3033 2682 3106 διακειμένων
2741 3037 3046 3107 συμϐαίνει.
3117 3037 3366 3091 Ἐπειδὰν
3424 3038 3648 3108 ἐπαχθῇ

381 3139 591 3207 tiesque
629 3135 698 3188 ab
723 3133 804 3189 eis
843 3134 1119 3203 neglecta,
1169 3131 1328 3201 quasi
1375 3133 1610 3201 primum
1648 3132 1718 3187 ad
1763 3147 1952 3187 eorum

383 3242 544 3283 aures
591 3225 959 3296 pervenirent,
1005 3224 1402 3294 suscipiuntur,
1436 3230 1495 3276 ut
1526 3222 1616 3277 ille
1648 3223 1753 3276 ait:
1784 3221 1957 3276 Disci-

380 3318 530 3388 plina
562 3317 779 3371 Domini
805 3316 974 3384 aperit
1004 3315 1132 3367 mihi
1163 3331 1318 3368 aures
1351 3315 1417 3369 ³⁸.

455 3573 510 3627 6.
554 3573 633 3644 (5)
684 3572 1154 3639 Quemadmodum
1191 3580 1371 3627 autem
1411 3573 1501 3642 qui
1538 3583 1718 3628 mente
1757 3572 1959 3628 inﬁrmi

386 3674 550 3733 sunt,
599 3667 788 3723 sedato
821 3667 1004 3721 animo
1054 3666 1284 3721 curandi
1321 3685 1334 3720 :
1377 3667 1452 3721 ita
1493 3667 1733 3723 vicissim
1782 3668 1851 3723 ab
1891 3667 1959 3722 iis

383 3759 479 3829 qui
531 3766 829 3822 curantur,
875 3757 1285 3828 objurgationes
1336 3758 1448 3816 odii
1500 3759 1620 3814 loco
1668 3776 1777 3814 non
1832 3769 1962 3816 sunt

385 3850 749 3920 accipiendae,
792 3865 968 3920 neque
1013 3865 1146 3904 cura
1171 3866 1266 3914 ea,
1307 3866 1428 3920 quae
1467 3865 1530 3905 ex
1585 3852 1960 3906 misericordia

387 3943 455 3998 ad
497 3943 692 3998 anima:
733 3958 922 3999 eorum
966 3943 1200 4004 salutem
1236 3943 1547 4010 adhibetur,
1601 3945 1850 4000 ducenda
1876 3954 1962 4000 est

388 4050 488 4105 pro
511 4035 824 4106 tyrannide.
879 4034 1061 4106 Turpe
1091 4042 1176 4091 est
1221 4037 1365 4091 enim
1397 4053 1490 4092 eos
1520 4038 1610 4108 qui
1641 4053 1786 4109 aegro
1833 4053 1963 4093 cor-

389 4143 522 4196 pore
553 4134 710 4191 sunt,
759 4134 972 4180 tantum
1024 4128 1250 4184 medicis
1297 4129 1588 4194 conlidere,
1622 4140 1680 4184 ut
1724 4131 1838 4186 sive
1875 4147 1964 4187 se-

389 4227 551 4282 cent,
597 4219 714 4274 sive
753 4229 951 4283 urant,
991 4220 1105 4275 sive
1143 4221 1499 4275 amarulentis
1546 4223 1960 4279 medicamentis

389 4310 696 4365 molestiam
729 4319 935 4374 creent,
973 4310 1121 4380 ipsos
1151 4312 1218 4366 de
1253 4327 1313 4367 se
1359 4312 1496 4368 bene
1529 4317 1752 4369 meritos
1787 4315 1958 4371 fuisse

2057 3125 2242 3198 αὑτοίς
2275 3126 2427 3196 παρὰ.
2465 3127 2560 3180 τοῦ
2590 3128 2725 3181 Θεοῦ
2755 3131 2787 3200 ἠ
2835 3129 3082 3191 παιδεία,
3115 3130 3236 3183 τότε
3267 3130 3332 3201 δὴ
3363 3131 3523 3200 μόλις
3579 3131 3651 3182 τὰ

2055 3215 2144 3269 ἀεὶ
2174 3214 2480 3286 λαλούμενα
2510 3219 2604 3271 καὶ
2642 3219 2730 3272 ἀεὶ
2772 3221 3190 3292 παρακουόμενα
3217 3220 3326 3273 τῶν
3375 3221 3470 3274 τοῦ
3500 3221 3650 3274 Θεοῦ

2057 3307 2526 3378 προσταγμάτων,
2567 3310 2642 3373 ὼς
2693 3310 2906 3383 πρῶτον
2949 3313 3254 3383 ἐμπεσόντα
3295 3313 3478 3366 αὐτῶν
3519 3317 3651 3377 ταῖς

2056 3400 2250 3463 ἀκοαῖς
2273 3439 2286 3463 ,
2327 3400 2668 3471 παρεδέχθη,
2700 3403 2841 3456 κατά
2869 3403 2959 3456 τὸν
2982 3403 3206 3471 λέγοντα
3229 3447 3246 3471 ,
3278 3405 3361 3458 δτι
3403 3406 3478 3459 Ἠ
3499 3422 3649 3459 παι-

2059 3491 2187 3544 δεία
2218 3494 2438 3562 Κυρίου
2465 3493 2693 3563 ἀνοίγει
2727 3513 2846 3564 μου
2873 3495 2944 3549 τὰ
2974 3491 3112 3550 ὦτα.

2130 3585 2183 3638 6.
2216 3585 2426 3658 ’Ὠσπερ
2455 3585 2514 3638 δὲ
2560 3585 2786 3649 ἀπαθῶς
2816 3589 2921 3658 χρὴ
2953 3586 3321 3659 προσάγεσθαι
3341 3586 3442 3650 τὰς
3473 3585 3648 3654 θερα-

2060 3676 2220 3740 πείας
2246 3676 2322 3746 (7)
2359 3679 2470 3740 τοῖς
2502 3677 2786 3732 ἀσθενοῦσι
2819 3678 2958 3732 κατά
2994 3678 3168 3750 ψυχὴν
3189 3719 3204 3742 ,
3251 3677 3429 3740 οὕτως
3479 3678 3650 3730 πάλιν

2063 3768 2166 3840 χρὴ
2193 3770 2320 3832 τοὺς
2359 3769 2829 3842 θεραπευομένους
2865 3772 2937 3841 μὴ
2981 3771 3116 3842 πρὸς
3154 3769 3354 3840 ἔχθραν
3381 3770 3649 3840 δέχεσθαι

2061 3859 2129 3913 τά
2186 3861 2472 3932 ἐπιτίμια,
2542 3862 2676 3934 μηδὲ
2736 3861 3026 3935 τυραννίδα
3080 3859 3321 3932 νομίζειν
3371 3861 3478 3932 τὴν
3535 3862 3652 3914 ἀπὸ

2062 3952 2464 4022 εὐσπλαγχνίας
2486 3953 2578 4006 ἐπὶ
2606 3954 2847 4024 σωτηρίᾳ
2880 3953 3060 4023 ψυχῆς
3087 3952 3507 4024 προσαγομένην
3547 3953 3653 4005 αὑ-

2060 4043 2169 4096 τῶν
2197 4043 2531 4114 ἐπιμέλειαν.
2565 4044 2798 4115 Αίσχρὸν
2827 4044 2934 4116 γὰρ
2957 4084 2972 4108 ,
3002 4045 3126 4109 τοὺς
3177 4045 3274 4116 μὲν
3305 4042 3374 4096 τά
3406 4042 3651 4113 σώματα

2062 4130 2350 4196 νοσοῦντας
2381 4172 2396 4196 ,
2450 4130 2701 4184 τοσοῦτον
2753 4135 2865 4197 τοῖς
2924 4136 3136 4205 ίατροῖς
3190 4134 3648 4195 καταπιστεύειν,

2063 4220 2204 4274 ὥστε
2253 4222 2358 4276 κᾶν
2403 4222 2676 4294 τέμνωσι,
2716 4224 2820 4277 κᾶν
2859 4223 3086 4292 καίωσι,
3116 4224 3218 4279 κᾶν
3263 4227 3485 4297 πικροῖς
3529 4229 3652 4290 τοῖς

2065 4315 2372 4386 φαρμάκοις
2400 4315 2623 4369 ἀνιῶσιν
2647 4355 2662 4380 ,
2699 4317 2990 4388 εὐεργέτας
3016 4317 3356 4386 λογίζεσθαι·
3391 4319 3546 4388 ἡμᾶς
3588 4319 3651 4372 δὲ

391 4409 618 4468 putent;
657 4415 758 4455 nos
784 4415 914 4454 vero
943 4416 1069 4470 erga
1101 4403 1404 4456 animarum
1438 4411 1754 4458 nostrarum
1787 4405 1960 4460 medi-

2063 4407 2199 4479 πρὸς
2230 4407 2356 4470 τοὺς
2381 4407 2489 4460 τῶν
2514 4408 2699 4479 ψυχῶν
2732 4407 3070 4479 θεραπευτὰς
3087 4449 3102 4472 ,
3128 4410 3256 4462 ὅταν
3284 4410 3349 4462 δι’
3375 4412 3650 4464 ἐπιπόνου

389 4508 508 4553 ms,
551 4491 772 4561 quando
798 4490 1090 4562 disciplina
1120 4491 1340 4547 duriore
1371 4495 1600 4548 salutem
1645 4495 1802 4550 nobis
1835 4494 1963 4551 alle-

391 4588 552 4647 rnnt,
588 4595 695 4634 non
725 4581 912 4646 eodem
954 4582 1116 4638 modo
1154 4581 1311 4638 allici.
1349 4583 1425 4653 (4)
1469 4583 1699 4650 Quando
1742 4585 1959 4654 quidem

392 4671 635 4727 terribile
684 4672 953 4741 judicium
1005 4671 1250 4728 imminet
1310 4673 1568 4743 prmfccto
1625 4675 1788 4746 482
1848 4693 1960 4730 non

393 4765 738 4836 redarguenti
767 4773 1092 4836 peccantes:
1128 4765 1175 4822 is
1214 4766 1304 4821 cui
1347 4767 1674 4822 demandata
1703 4777 1786 4823 est
1808 4784 1961 4825 com-

392 4857 575 4911 munis
617 4872 782 4919 cura,
822 4865 880 4912 ut
931 4859 1193 4914 rationem
1227 4859 1297 4914 de
1343 4859 1575 4928 singulis
1611 4860 1956 4928 redditurus,

391 4949 466 5004 ita
510 4964 706 5019 parare
760 4966 819 5004 se
866 4951 1026 5005 debet
1057 4968 1070 5004 :
1108 4949 1274 5020 probe
1316 4951 1496 5006 sciens
1533 4951 1579 5006 si
1613 4951 1864 5007 inciderit
1901 4955 1958 5010 in

391 5051 678 5115 peccatum
731 5042 897 5098 frater
945 5059 1122 5107 unus,
1175 5042 1266 5097 cui
1317 5053 1476 5098 antea
1508 5044 1956 5114 justiﬁcationem

462 5201 507 5232 ³³
530 5197 674 5253 Psal.
711 5213 900 5264 cxvnt,
929 5199 1048 5252 105.

463 5357 539 5425 (1)
570 5355 647 5408 Ex
687 5355 848 5424 epist.
881 5371 1206 5419 ccuxxvm,
1238 5357 1364 5410 49.6.

485 5425 541 5497 2)
577 5426 813 5497 [iterque
842 5429 1010 5481 codex
1045 5429 1247 5481 indicat
1275 5435 1436 5497 epist.

489 5494 543 5566 ὅ)
580 5495 658 5566 Ex
701 5494 911 5562 Regalis
951 5498 1122 5566 fusius
1150 5494 1416 5562 tractatis,
1447 5498 1571 5552 596.

489 5563 544 5633 4)
579 5564 736 5625 lbid.,
767 5566 890 5619 57o.

469 5634 546 5709 (ᾇ)
594 5634 944 5709 Ἐξαρθῄτω.
985 5635 1164 5709 Codex
1351 5637 1454 5709 ἔξω
1490 5635 1726 5709 ἀρθήτω.

468 5704 544 5776 (6)
576 5706 789 5759 Αὑτοῦ.
820 5705 966 5760 Idem
990 5706 1156 5762 codex
1190 5707 1338 5761 addit
1371 5704 1550 5777 μόνον’.

2065 4499 2286 4570 ἀγωγῆς
2314 4499 2412 4570 τὴν
2450 4498 2720 4568 σωτηρίαν
2753 4500 2885 4570 ημῖν
2919 4499 3364 4570 κατεργάζωνται
3402 4499 3486 4566 (8)
3514 4543 3530 4565 ,
3568 4499 3655 4570 μὴ

2062 4590 2162 4660 τὴν
2193 4589 2363 4659 αὐτὴν
2394 4589 2536 4658 ἔχειν
2557 4589 2815 4642 διάθεσιν.
2866 4590 3015 4641 Ἐπεὶ
3047 4584 3137 4643 οὖν
3161 4588 3387 4660 φοὸερὸν
3425 4591 3491 4642 τὺ
3526 4594 3653 4660 κρῖ-

2067 4698 2144 4752 μα
2178 4679 2254 4750 τῷ
2283 4679 2584 4751 προεστῶτι
2621 4679 2696 4749 μὴ
2730 4680 3005 4750 ἐλέγχοντι
3033 4681 3156 4744 τοὺς
3202 4679 3648 4750 ἁμαρτάνοντας,

2063 4770 2159 4842 τὴν
2189 4771 2371 4839 κοινὴν
2402 4769 2657 4840 φροντίδα
2701 4769 3118 4839 πεπιστευμένῳ
3137 4783 3150 4796 ·
3187 4767 3261 4830 ὡς
3289 4767 3523 4834 ὀφείλων
3555 4767 3652 4820 λό-

2062 4879 2158 4930 γον
2204 4861 2387 4914 δοῠναι
2435 4861 2562 4931 περὶ
2611 4861 2875 4922 ἑκάστου,
2907 4860 3049 4913 οὕτω
3080 4859 3409 4921 διακείσθω,
3463 4859 3649 4921 εἰδὼς,

2056 4956 2138 5008 ὅτι
2171 4953 2266 5005 ἐὰν
2310 4952 2525 5026 ἐμπέσῃ
2567 4955 2648 5016 εἰς
2690 4954 2963 5024 ἁμαρτίαν
2996 4947 3074 5015 εἷς
3107 4952 3214 5005 τῶν
3240 4949 3523 5018 ἀδελφῶν,
3558 4953 3643 5020 μὴ

2059 5046 2411 5118 προειπόντος
2457 5045 2604 5116 αὐτῷ
2637 5045 2698 5099 τὸ
2728 5043 2999 5115 δικαίωμα
3040 5042 3133 5097 τοῦ
3168 5042 3301 5096 Θεοῦ
3324 5083 3339 5105 ,
3389 5042 3421 5111 ῆ
3470 5043 3645 5112 ἐμπε-

1126 5199 1171 5230 ³³
1195 5197 1315 5254 Gal.
1344 5216 1400 5263 ν,
1431 5200 1484 5255 9.
1564 5203 1608 5233 "
1633 5202 1822 5261 Matth.
1854 5219 2010 5268 xvm,
2051 5203 2229 5257 15-17.
2307 5202 2353 5236 ³⁵
2379 5203 2482 5258 lsa.
2518 5219 2568 5269 L,
2600 5202 2654 5257 5.

2137 5359 2212 5428 (7)
2252 5359 2361 5428 Τὰς
2405 5358 2736 5423 θεραπείας.
2771 5358 2913 5412 Idem
2955 5355 3053 5418 τὰς
3087 5354 3345 5424 ἰατρείας,
3372 5361 3449 5428 et_
3478 5355 3652 5423 paulo

2069 5423 2203 5515 pos!
2226 5427 2402 5482 αὐτῶν
2451 5428 2783 5498 ἐπιμέλειαν.
2827 5428 2971 5482 ΕιΙὶιὶ
3007 5435 3062 5481 et
3102 5423 3389 5480 contextus
3436 5423 3651 5478 habent

2067 5517 2728 5642 αὐίὲἶιίατεργάζωντζιι.
2752 5565 2842 5642 Sic
2859 5576 3084 5642 uterque
3107 5565 3297 5620 codex.
3324 5563 3648 5642 Ediluini;-

2068 5637 2407 5708 εργάζονται.
2455 5637 2594 5708 Infra
2651 5639 2934 5706 legendum
2971 5645 3029 5691 ut
3069 5638 3122 5691 in
3170 5645 3420 5691 contextu
3459 5635 3486 5686 ὁ
3533 5635 3646 5701 τὴν

2070 5707 2251 5777 κοινὴν
2285 5707 2535 5780 φροντίδα
2564 5709 3004 5781 πεπιστευμένος.
