3874 6224
167 317 174 321 ’
259 344 397 398 ms

1067 335 1300 389 SERMU
1339 333 1404 386 ιι.
1443 359 1514 372 -
1552 332 1639 383 DE
1679 331 2026 384 DOCTRINA
2064 331 2149 384 ΕΤ
2188 331 2678 388 ADMONITIONE.

3364 331 3501 385 1146

260 466 368 519 σὼν
396 462 624 534 ἐπιμένῃ
644 503 658 526 ,
691 460 764 532 μὴ
798 457 1066 530 διδαχθεὶς
1091 457 1182 511 τὸν
1227 457 1428 530 τρόπον
1472 457 1570 525 τῆς
1614 456 1835 524 ἐπανορ-

1946 453 2030 507 Dei
2062 469 2168 507 non
2204 454 2517 520 declararit,
2550 463 2644 508 aut
2685 454 2731 508 si
2775 454 2982 521 lapsus,
3015 453 3069 506 in
3095 468 3159 506 eo
3185 452 3483 522 perstiterit

261 558 478 619 θώσεως
497 595 511 619 ,
541 555 601 608 τὸ
639 551 775 624 αἷμα
810 549 972 606 αὑτοῦ
1002 553 1067 604 ἐκ
1093 550 1201 605 τῶν
1243 548 1441 620 χειρῶν
1472 547 1636 600 αὑτοῦ
1673 546 1834 618 ἐκζη-

270 649 556 720 τηθήσεται
582 688 596 711 ,
625 645 808 709 καθὼς
840 644 1175 716 γέγραπταιο
1205 643 1299 696 καὶ
1333 640 1596 712 μάλιστα,
1633 639 1727 692 ἐὰν
1761 639 1834 709 μὴ

259 742 328 796 δι’
362 740 582 809 ἄγνοιάν
628 756 680 791 τι
733 736 933 808 παρίδῃ
971 733 1080 788 τῶν
1130 732 1470 803 ἀρεσκόντων
1516 729 1672 800 Θεῷ,
1700 730 1835 783 ἀλλὰ

259 833 348 887 διὰ
381 830 666 886 κολακείαν
709 826 1246 898 συμπεριφερόμενος
1297 825 1410 886 τοῖς
1462 823 1691 876 ἑκάστου
1738 837 1838 873 κα·-

262 925 415 983 κοῖς,
461 918 561 989 τὴν
601 917 882 989 ἀκρίϐειαν
922 915 1024 984 τῆς
1055 913 1333 977 πολιτείας
1365 913 1588 985 ὲκλύσῃ.
1628 911 1837 981 Ὥσπερ

261 1011 321 1065 δὲ
357 1013 386 1064 ό
417 1008 692 1082 προεστὼς
730 1006 1028 1069 ὑπεύθυνός
1071 1007 1219 1058 ἐστιν
1269 1005 1480 1075 ὁδηγεῖν
1534 1005 1613 1066 είς
1661 1002 1837 1054 πάντα

261 1102 362 1172 τὴν
409 1099 776 1170 ἀδελφότητα,
825 1096 968 1150 οὑτω
1001 1095 1162 1148 πάλιν
1192 1095 1287 1148 καὶ
1330 1096 1442 1156 τοῖς
1473 1093 1677 1154 λοιποῖς
1718 1093 1839 1144 ἑπι-

264 1194 468 1258 6άλλει,
499 1193 594 1246 ὲάν
628 1207 758 1244 ποτε
797 1188 1110 1260 ὑποπτευθῇ
1143 1205 1197 1241 τι
1233 1187 1360 1258 περὶ
1390 1186 1482 1239 τὸν
1520 1183 1840 1257 προεστῶτα

263 1286 660 1359 πλημμέλημα,
711 1282 1146 1354 ὑπομιμνήσκειν
1195 1278 1355 1332 αὑτὸν
1407 1276 1532 1338 τοὺς
1570 1274 1837 1344 προέχον-

260 1393 362 1440 τας
387 1381 486 1448 τήν
512 1394 572 1429 τε
601 1375 818 1447 ἠλικίαν
851 1375 946 1428 καὶ
973 1374 1072 1443 τὴν
1103 1369 1337 1425 σύνεσιν.
1384 1368 1510 1421 Ἐἀν
1549 1366 1645 1437 μὲν
1672 1360 1764 1417 οὖν

261 1485 316 1520 τι
360 1467 508 1532 ἄξιον
545 1466 882 1538 διορθώσεως
904 1505 920 1528 ,
967 1463 1062 1517 τόν
1098 1479 1157 1514 τε
1201 1458 1428 1530 ἀδελφὸν
1456 1458 1836 1528 ὠφελήσαμεν,

263 1559 359 1611 καὶ
404 1556 630 1619 ἑαυτοὺς
668 1556 733 1608 δι’
767 1554 974 1608 ἐκείνου
994 1593 1009 1617 ,
1038 1552 1130 1606 τὸν
1161 1550 1326 1603 οἱονεὶ
1355 1547 1555 1601 κανόνα
1596 1544 1689 1598 τοῦ
1716 1547 1843 1615 ἡμε-

264 1652 418 1723 τέρου
457 1650 570 1721 βίου
620 1648 748 1702 ὄντα
771 1688 788 1714 ,
821 1646 914 1700 καὶ
943 1646 1011 1716 τῇ
1063 1641 1228 1696 αὑτοῦ
1277 1640 1530 1713 ὀρθότητι
1580 1638 1641 1691 τὸ
1676 1636 1844 1691 ενδιά-

263 1758 492 1814 στροφον
543 1743 675 1812 ἡμῖν
724 1738 1018 1808 διελέγχειν
1063 1733 1367 1804 ὀφείλοντα,
1416 1731 1550 1804 πρὸς
1593 1729 1652 1783 τὸ
1711 1730 1839 1782 εὑθὺ

264 1831 719 1904 καταρτίσαντεςο
747 1829 844 1883 ὲάν
871 1829 927 1881 δὲ
959 1825 1134 1899 μάτην
1165 1823 1308 1886 τινὲς
1333 1820 1670 1894 ταραχθῶσι,
1706 1820 1842 1889 πλη-

267 1923 657 1994 ροφορηθέντες
713 1921 802 1975 διὰ
849 1921 946 1990 τῆς
1007 1915 1366 1989 φανερώσεως
1419 1913 1528 1967 τῶν
1586 1914 1646 1965 οὑ
1706 1911 1841 1982 μετὰ

264 2012 519 2083 ἀληθείας
563 2010 1039 2075 ὑποπτευθέντων,
1074 2009 1173 2078 τῆς
1211 2005 1297 2058 ἐπ’
1338 2003 1487 2076 αὑτῷ
1511 2003 1841 2076 διακρίσεως

263 2104 725 2159 ἀπαλλάσσονται.

336 2372 388 2424 7.
419 2369 494 2422 Οὑ
541 2367 652 2439 γὰρ
700 2367 976 2436 ἀγνοεῖτε,
1030 2365 1105 2430 ὡς
1136 2367 1187 2419 oi
1230 2363 1568 2436 προεστῶτες
1607 2364 1842 2436 δημοσίᾳ

267 2465 400 2516 πᾶσι
434 2460 814 2531 προκείμενοι,
849 2457 1036 2530 ὥσπερ
1068 2459 1118 2512 οἱ
1165 2459 1222 2511 ὲν
1259 2460 1325 2530 τῇ
1367 2457 1611 2531 θαλάσσῃ
1644 2457 1841 2528 προϐε-

267 2553 521 2623 ϐλημένοι
571 2551 824 2604 σκόπελοι
853 2590 870 2616 ,
919 2551 1074 2604 αὐτοὶ
1100 2549 1190 2603 τὸν
1241 2549 1410 2620 θυμὸν
1445 2549 1554 2603 τῶν
1585 2548 1842 2602 ἐναντίων

266 2643 528 2712 κυμάτων
567 2640 961 2711 ὑποδέχονται,
993 2641 1088 2694 καὶ
1117 2640 1246 2712 περὶ
1281 2641 1478 2704 αὐτοὺς
1507 2639 1840 2713 ρηγνὺμενα,

264 2732 334 2785 τά
363 2731 594 2785 κατόπιν
628 2729 808 2784 αὐτῶν
831 2730 936 2784 οὐκ
975 2730 1379 2795 ὲπικλὺζουσιν.
1426 2729 1567 2800 Ἐγὼ
1605 2731 1702 2802 μὲν
1749 2727 1842 2784 οὖν

264 2824 300 2878 ἃ
326 2824 591 2895 κράτιστα
612 2817 749 2877 εἶναι
771 2822 942 2895 κρίνω
959 2863 974 2888 ,
997 2823 1067 2877 τά
1097 2825 1194 2894 μὲν
1225 2823 1321 2876 νῦν
1351 2824 1616 2895 εἰρημένα
1640 2867 1656 2892 ,
1690 2823 1760 2876 τά
1784 2825 1842 2878 δὲ

266 2915 416 2986 παρά
446 2915 622 2968 πάντα
648 2914 740 2968 τὸν
784 2914 898 2985 βίον
928 2914 1056 2986 ὑμῖν
1092 2915 1498 2985 ξυμϐουλεύσω.
1523 2915 1642 2969 Κᾶν
1667 2916 1774 2985 γάρ
1807 2917 1839 2986 ἡ

265 3007 358 3060 τοῦ
392 3007 642 3078 σώματος
667 3007 921 3062 ἀσθένεια
947 3007 1212 3079 ἐμποδίζῃ
1249 3025 1316 3079 με
1349 3009 1437 3078 (ἢν
1471 3008 1571 3061 οὑκ
1599 3009 1842 3076 ἀγνοεῖτε

267 3101 484 3163 πάντως
513 3101 590 3171 (l)
613 3141 627 3167 ,
663 3102 760 3170 ὅση
792 3117 880 3171 μοι
905 3101 1167 3171 πάρεστιν
1191 3141 1207 3166 ,
1239 3103 1303 3154 ὲκ
1327 3100 1427 3172 τῆς
1471 3101 1694 3172 πρώτης
1722 3100 1842 3172 ἡλι-

268 3194 392 3256 κίας
610 3158 703 3246 τοῦ
740 3158 926 3263 γηρως
963 3158 1152 3245 τούτου
1193 3158 1563 3266 συντραφεῖσά
1595 3158 1690 3262 μοι
1707 3158 1844 3256 ,καὶ
1871 3158 1912 3214 C

267 3285 599 3338 παιδεύουσά
628 3301 694 3355 με
717 3324 730 3348 ,
763 3285 905 3338 κατά
951 3283 1048 3356 τὴν
1077 3285 1292 3339 δικαίαν
1321 3285 1503 3356 κρίσιν
1544 3283 1639 3337 τοῦ
1667 3285 1844 3338 πάντα

268 3376 326 3427 ἐν
368 3373 530 3444 σοφίᾳ
552 3372 958 3444 οἰκονομοῦντος
985 3374 1142 3446 Θεοῦ)
1165 3416 1179 3442 ,
1213 3375 1327 3428 ἀλλ’
1356 3375 1460 3438 ἓως
1483 3375 1843 3445 ἀναπνέομεν,

270 3465 558 3520 ὑπεύθυνοί
603 3467 768 3535 ἐσμεν
801 3466 965 3536 μηδὲν
998 3465 1350 3537 ὲλλιμπάνειν
1391 3466 1500 3519 τῶν
1537 3468 1619 3529 είς
1644 3468 1847 3519 οἰκοδο-

275 3557 380 3628 μὴν
418 3557 527 3610 τῶν
570 3557 770 3612 καλῶν.
823 3559 1011 3628 Ὑμεῖς
1039 3558 1131 3625 δὲ,
1175 3557 1344 3628 τριῶν
1396 3557 1848 3630 ἀρρωστημάτων

275 3649 350 3718 μὴ
391 3647 470 3718 τῷ
501 3647 703 3718 ἀνιάτῳ
754 3648 1133 3720 προσεοικέναι
1168 3649 1356 3718 δόξητε
1379 3689 1392 3712 ,
1438 3649 1573 3719 μηδὲ
1605 3650 1704 3720 τὴν
1747 3649 1848 3718 τῆς

275 3740 499 3810 γνώμης
527 3737 679 3793 νόσον
713 3740 1101 3811 παραπλησίαν
1135 3740 1233 3809 τῆς
1258 3739 1366 3791 τῶν
1395 3741 1474 3802 είς
1515 3739 1585 3793 τὰ
1624 3737 1849 3809 σώματα

275 3830 721 3902 δυστυχησάντων
768 3831 997 3900 δείξητε.
1047 3834 1110 3885 Ui
1146 3832 1244 3902 μὲν
1275 3831 1384 3902 γὰρ
1423 3831 1494 3884 τὰ
1529 3831 1700 3902 μικρά
1742 3831 1850 3884 τῶν

277 3921 461 3975 παθῶν
496 3922 793 3992 κάμνοντες
816 3961 831 3985 ,
865 3922 1022 3974 αὐτοὶ
1050 3922 1202 3992 παρά
1233 3923 1357 3986 τοὺς
1405 3923 1621 3995 ἰατροὺς
1666 3922 1852 3992 ἔρχον-

282 4031 364 4067 ται
389 4030 404 4044 ο
451 4013 502 4065 οί
534 4013 588 4066 δὲ
631 4012 736 4065 ὑπὸ
785 4012 1045 4082 μειζόνων
1076 4011 1518 4083 καταληφθέντες
1549 4012 1850 4084 ’ἀρρωστη-

278 4105 485 4174 μάτων,
514 4105 597 4172 ἐφ’
627 4105 850 4167 ἑαυτοὺς
878 4103 1103 4157 καλοῦσι
1136 4104 1736 4175 τοὺς’θεραπεύσοντας
1757 4120 1771 4133 ·
1803 4105 1851 4156 οί

276 4197 324 4249 δ’
357 4199 435 4259 είς
458 4197 754 4268 ἀνήκεστον
793 4195 1072 4259 παντελῶς
1103 4196 1462 4266 μελαγχολίαν
1494 4195 1852 4266 παρενεχθέν-

279 4305 407 4352 τες,
455 4288 574 4341 esse
604 4289 923 4360 προσιόντας
948 4288 1024 4359 (2)
1067 4288 1400 4358 προσίενται.
1437 4289 1501 4341 "0
1534 4287 1609 4358 μὴ
1644 4286 1851 4358 πάθητε

284 4380 380 4434 νῦν
407 4380 562 4450 ὑμεῖς
581 4421 595 4442 ,
622 4379 795 4449 ὀρθῶς
826 4378 1046 4448 ἔχοντας
1073 4380 1180 4433 τῶν
1211 4377 1485 4449 λογισμῶν
1512 4378 1852 4448 ἀποφεύγον-

1935 559 2044 598 non
2077 544 2304 600 edoctus
2335 545 2404 600 ab
2432 561 2497 600 eo
2526 544 2592 600 de
2630 544 3029 599 emendationis
3058 543 3249 607 modo,
3284 544 3474 612 sangui

1936 649 2058 688 nem
2104 633 2277 702 ipsius
2317 650 2384 688 ex
2430 634 2548 690 suis
2598 635 2850 689 manibus
2902 633 3224 702 requisitum
3271 633 3378 696 iri,
3427 643 3506 686 utI

1937 726 2198 796 scriptum
2227 734 2313 780 est
2331 727 2376 758 ³⁸
2401 745 2412 778 :
2441 735 2494 781 et
2528 728 2781 791 maxime,
2820 727 2866 782 si
2897 726 3028 796 quid
3057 741 3245 781 eorum
3265 741 3384 795 quae
3401 725 3486 794 pla

1937 825 2060 872 cent
2102 817 2232 880 Deo,
2273 832 2382 871 non
2411 833 2476 872 ex
2508 817 2724 872 inscitia
2754 817 3074 886 neglexerit,
3107 816 3202 871 sed
3231 817 3413 886 potius
3439 831 3506 872 ex

1936 925 2001 963 eo
2043 910 2189 980 quod
2219 909 2292 964 ob
2335 909 2766 964 assentationem
2806 909 2874 962 ad
2909 909 3344 978 uniuscujusque
3377 907 3503 962 vitia

1939 1015 2058 1057 sese
2089 1002 2494 1063 accommodet,
2539 1002 2844 1072 disciplinae
2891 1001 3258 1071 integritatem
3306 1001 3481 1055 labefa

1937 1093 2120 1146 ctarit.
2153 1094 2229 1166 (5)
2267 1094 2448 1164 Atque
2495 1097 2659 1147 etiam
2712 1093 3169 1164 quemadmodum
3219 1092 3506 1162 praefectus

1939 1184 1993 1237 in
2042 1185 2297 1240 omnibus
2339 1185 2572 1238 fratrum
2605 1185 2716 1239 dux
2765 1199 2888 1239 esse
2929 1183 3123 1248 debet,
3175 1183 3249 1236 ita
3294 1198 3508 1252 quoque

1939 1274 2179 1330 vicissim
2209 1275 2433 1345 reliquis
2457 1275 2732 1340 convenit,
2764 1275 2809 1330 si
2834 1273 3051 1345 quando
3077 1274 3364 1344 praefectus
3398 1275 3513 1343 ipse

1940 1366 2125 1421 delicti
2174 1367 2410 1438 alicujus
2447 1378 2738 1437 suspectus
2767 1366 2958 1430 fuerit,
2993 1375 3051 1420 ut
3091 1367 3269 1436 ipsum
3317 1366 3480 1419 admo

1941 1468 2105 1514 neant
2134 1460 2227 1529 qui
2267 1476 2394 1514 cum
2437 1467 2598 1515 aetate
2628 1467 2747 1513 tum
2782 1458 3070 1530 prudentia
3116 1468 3400 1527 praestant.
3452 1457 3505 1514 Si

1943 1551 2074 1622 quid
2107 1551 2272 1619 igitur
2305 1551 2502 1613 fuerit,
2536 1549 2685 1621 quod
2726 1548 3011 1604 emendari
3057 1565 3236 1619 operae
3279 1549 3501 1620 pretiun.

1942 1645 2048 1710 sit,
2096 1643 2412 1714 juvabimus
2458 1651 2512 1698 et
2563 1642 2825 1706 fratrem,
2870 1649 2924 1695 et
2964 1657 3060 1712 per
3091 1642 3242 1696 illum
3274 1650 3504 1698 nosmet.

1943 1739 2112 1807 ipsos,
2138 1752 2204 1792 eo
2233 1737 2326 1806 qui
2360 1735 2526 1790 veluti
2557 1735 2681 1790 vitae
2708 1743 2915 1790 nostra:
2945 1734 3134 1805 regula
3169 1741 3274 1798 est,
3306 1749 3514 1803 suaque

1943 1825 2271 1882 rectitudine
2318 1825 2732 1896 perversitatem
2773 1833 3021 1882 nostram
3057 1826 3388 1896 redarguere
3415 1825 3484 1879 de

1941 1918 2062 1985 bet,
2110 1918 2178 1972 ad
2211 1927 2416 1971 rectam
2449 1917 2592 1971 viam
2636 1931 2666 1970 a
2713 1917 2870 1996 nobis
2899 1917 3127 1972 reducto
3163 1936 3176 1971 :
3207 1918 3295 1973 sin
3335 1926 3510 1972 autem

1941 2018 2143 2066 temere
2171 2010 2374 2065 turbati
2403 2009 2610 2065 fuerint
2633 2011 2883 2066 nonnulli
2909 2011 3058 2068 illius
3083 2026 3270 2077 causa,
3290 2011 3416 2081 ipsi,
3448 2012 3522 2066 iis

1940 2119 2061 2173 qua:
2084 2104 2223 2158 falso
2253 2114 2508 2173 suspecta
2539 2103 2761 2159 fuerant
2791 2105 3048 2174 cognitis,
3080 2106 3344 2161 certiores
3364 2105 3514 2169 facti,

1941 2190 2011 2243 ab
2043 2204 2105 2243 ea
2145 2205 2308 2259 quam
2345 2188 2414 2245 de
2459 2191 2579 2261 ipso
2614 2200 2983 2263 conceperant
3024 2193 3338 2264 suSpicione
3382 2195 3514 2250 libe-

1942 2284 2156 2332 rantur.

2010 2370 2065 2426 7.
2105 2370 2185 2442 (4)
2218 2369 2338 2426 Νοη
2369 2371 2516 2426 enim
2552 2371 2837 2443 ignoratis,
2873 2389 2968 2430 eos
2998 2375 3094 2446 qui
3123 2384 3388 2446 praesunt,
3427 2393 3516 2448 pa-

1941 2463 2048 2517 lam
2091 2464 2346 2533 omnibus
2378 2466 2727 2536 propositos,
2761 2467 2926 2521 veluti
2972 2469 3228 2539 scopulos
3273 2471 3331 2525 in
3378 2473 3516 2524 mari

1941 2555 2352 2626 prominentes,
2381 2556 2625 2613 furorem
2656 2556 2923 2613 ﬂuctuum
2964 2559 3345 2617 hazreticorum
3374 2565 3517 2618 exci-

1941 2661 2092 2716 pere,
2121 2647 2215 2716 qui
2245 2647 2375 2702 dum
2409 2652 2558 2704 circa
2597 2665 2693 2705 eos
2732 2649 3083 2722 franguntur,
3121 2670 3186 2708 ea
3220 2671 3342 2725 qua:
3373 2664 3520 2712 retro

1943 2747 2092 2806 sunt,
2121 2756 2231 2796 non
2252 2743 2488 2797 alluunt.
2512 2742 2593 2816 (5)
2628 2743 2738 2814 Ego
2766 2746 2988 2815 quidem
3019 2763 3140 2818 quae
3164 2750 3368 2818 optima
3393 2766 3518 2805 esse

1943 2845 2165 2895 censeo,
2199 2833 2397 2902 partim
2425 2848 2575 2888 nunc
2608 2834 2744 2900 dixi,
2776 2837 2976 2905 partim
3005 2838 3163 2892 vobis
3189 2854 3283 2907 per
3305 2854 3520 2894 omnem
3620 2877 3624 2890 .

1942 2921 2109 2974 vitam
2137 2921 2399 2976 suadebo.
2426 2921 2504 2994 (6)
2535 2921 2766 2979 Etiamsi
2796 2925 2940 2980 enim
2970 2941 3056 2981 me
3084 2927 3336 2998 corporis
3369 2928 3517 2982 inﬁr-

1944 3013 2106 3068 mitas
2149 3014 2494 3085 constringat
2528 3017 2732 3086 (quam
2779 3033 3008 3088 prorsus
3061 3035 3173 3074 non
3235 3020 3521 3092 ignoratis,

1944 3113 2149 3175 quanta
2197 3107 2329 3161 mihi
2371 3108 2546 3173 adsit,
2591 3124 2620 3163 a
2655 3109 2832 3180 prima
2867 3120 3026 3167 aetate
3077 3113 3142 3167 ad
3178 3113 3321 3168 hanc
3353 3130 3522 3183 usque

1947 3202 2284 3252 senectutem
2311 3200 2552 3254 enutrita
2595 3215 2842 3277 mecum,
2891 3218 3087 3274 meque
3129 3206 3405 3276 castigans
3431 3223 3522 3263 sco

1946 3289 2186 3344 cundum
2210 3290 2422 3360 justum
2455 3292 2555 3348 Dei
2579 3293 2871 3363 judicium,
2902 3297 2994 3366 qui
3017 3299 3198 3352 omnia
3224 3299 3277 3352 in
3309 3299 3522 3370 sapien-

1944 3381 2022 3434 tia
2067 3381 2442 3454 moderatur),
2470 3383 2547 3454 (7)
2587 3393 2768 3440 tamen
2816 3387 3058 3456 quandiu
3111 3390 3522 3458 respirabimus,

1949 3474 2090 3528 nihil
2123 3473 2394 3532 debemus
2427 3492 2617 3533 eorum
2648 3479 2926 3543 omittere,
2959 3497 3081 3551 quae
3107 3480 3175 3536 ad
3207 3482 3520 3538 aedificatio-

1946 3581 2070 3619 nem
2120 3567 2389 3622 bonorum
2440 3570 2735 3638 pertinent.
2780 3571 2858 3640 (8)
2911 3571 3024 3628 Vos
3071 3588 3202 3630 vero
3247 3591 3370 3628 cum
3419 3580 3522 3630 tria

1948 3658 2058 3712 sint
2104 3661 2490 3728 aegritudinum
2541 3677 2780 3733 genera,
2813 3664 2863 3717 ei
2908 3664 3054 3734 quod
3100 3666 3404 3722 insanabile
3438 3681 3520 3723 est

1949 3748 2157 3804 similes
2201 3766 2270 3804 ne
2301 3751 2613 3816 videamini,
2642 3769 2818 3823 neque
2847 3755 3152 3810 ostendatis
3179 3758 3346 3812 animi
3377 3775 3522 3814 more

1949 3839 2078 3894 bum
2109 3843 2305 3897 morbo
2336 3857 2524 3897 eorum
2557 3845 2651 3912 qui
2685 3859 2916 3914 corpore
2941 3855 3229 3915 mgrotant,
3261 3851 3522 3905 consimi-

1951 3931 2077 3986 lem.
2144 3931 2356 3988 Etenim
2424 3935 2793 3993 invaletudine
2857 3953 3022 4008 parva
3093 3941 3186 4010 qui
3249 3941 3521 4006 laborant,

1950 4023 2056 4094 ipsi
2087 4025 2356 4082 accedunt
2391 4027 2460 4082 ad
2502 4029 2780 4086 medicos:
2819 4031 2911 4101 qui
2944 4047 3072 4087 vero
3114 4034 3321 4089 morbis
3350 4036 3522 4103 majo-

1951 4115 2105 4171 ribus
2134 4118 2370 4188 correpti
2397 4117 2568 4184 fuere,
2594 4120 2836 4178 medicos
2869 4132 3161 4180 accersunt
3195 4124 3263 4179 ad
3301 4141 3392 4181 se:
3430 4127 3522 4196 qui

1951 4216 2134 4263 autem
2187 4209 2242 4264 in
2272 4211 2508 4280 aliquem
2544 4226 2675 4268 atrae
2709 4214 2836 4270 bilis
2867 4217 3122 4271 morbum
3153 4233 3385 4288 prorsus
3417 4219 3523 4272 im-

1953 4301 2332 4357 medicabilem
2373 4304 2511 4374 lapsi
2541 4315 2693 4371 sunt,
2724 4322 2792 4361 ne
2819 4308 3143 4365 accedentes
3171 4309 3389 4380 quidem
3427 4312 3523 4368 ad—

1951 4392 2195 4447 mittunt.
2227 4394 2383 4460 Quod
2415 4405 2602 4452 cavete
2621 4413 2690 4453 ne
2715 4399 2871 4454 vobis
2906 4416 3054 4455 nunc
3083 4402 3321 4468 accidat,
3353 4403 3400 4458 si
3427 4419 3524 4459 eos

280 4487 375 4534 τες
395 4489 409 4502 ·
445 4469 580 4523 άλλά
609 4472 703 4524 καὶ
735 4469 1090 4540 παιδεύθητε,
1117 4471 1211 4524 καὶ
1247 4469 1624 4541 στοιχειὼθητε
1657 4469 1732 4540 τῷ
1759 4470 1843 4541 φό-

1955 4484 2048 4554 qui
2097 4492 2277 4539 mente
2322 4501 2387 4540 ac
2429 4488 2644 4543 ratione
2691 4489 2902 4558 praediti
2937 4501 3098 4555 sunt,
3132 4492 3391 4563 fugiatis;
3427 4496 3522 4548 sed

280 4565 364 4634 ϐῳ
390 4564 596 4634 Κυρίου
646 4562 738 4615 τοῦ
771 4562 906 4616 Θεοῦ
948 4563 1108 4634 ἡμῶν
1132 4604 1146 4628 ,
1176 4564 1262 4616 ἵνα
1293 4565 1386 4616 καὶ
1411 4563 1519 4616 τῶν
1552 4563 1849 4633 μελλόντων

270 4655 494 4723 ἀγαθῶν
547 4655 876 4725 ἐπιτύχητε,
929 4658 987 4710 ἐν
1037 4655 1257 4727 Χριστῷ
1315 4655 1490 4728 Ἰησοῦ
1535 4654 1613 4725 τῷ
1661 4656 1849 4726 Κυρίῳ

273 4745 455 4816 ἡμῶν,
485 4739 530 4814 ᾧ
555 4749 588 4818 ὴ
619 4748 746 4813 δόξα
775 4749 870 4800 καὶ
897 4749 958 4800 τὸ
983 4747 1182 4819 κράτος
1212 4750 1308 4801 σὺν
1335 4748 1413 4819 τῷ
1434 4749 1655 4818 ἀνάρχῳ
1683 4747 1847 4800 αὑτοῦ

211 4847 219 4853 ’
275 4839 484 4908 Πατρὶ,
532 4839 626 4893 καὶ¹
672 4839 749 4908 τῷ
801 4840 1049 4907 παναγίυρ
1096 4839 1190 4893 καὶ
1248 4839 1496 4909 ζωοποιῷ
1549 4839 1846 4909 Πνεύματι,

277 4929 374 4984 νῦν
396 4931 487 4983 καὶ
514 4931 622 4994 ἀεὶ,
654 4931 742 4984 καὶ
772 4933 849 4994 εἰς
875 4931 998 4994 τοὺς
1029 4930 1230 4995 αἰῶνας
1251 4930 1360 4984 τῶν
1386 4931 1617 4988 αἰώνων.
1654 4933 1845 5004 Ἀμήν.

355 5195 398 5226 ³⁸
421 5195 612 5250 Ezech.
651 5212 730 5260 ιιι,
763 5197 854 5251 το.

351 5349 426 5420 (1)
468 5349 842 5419 Ἐμποδίζῃ...
902 5348 1157 5416 πάντως.
1220 5350 1310 5404 Sic
1365 5357 1592 5419 uterque
1656 5350 1845 5406 codex.

279 5419 423 5476 Editi
459 5421 826 5490 συμποδίσῃ...
861 5421 1078 5482 πάντες.

353 5490 430 5562 (2)
461 5490 843 5562 Προᾳιόντας,
872 5491 1050 5562 codex
1085 5490 1220 5544 1992
1246 5491 1553 5562 προσιόντα.

354 5561 432 5628 (ὅ)
459 5560 531 5613 Ex
576 5559 785 5627 Regalis
817 5561 988 5628 fusius
1017 5559 1432 5628 tractatis,'37l.

356 5629 432 5689 (4)
471 5629 546 5685 Ex
577 5632 733 5700 epist.
776 5645 922 5695 ccul,
951 5630 1073 5684 δυε.

1954 4576 2246 4631 erudimini
2269 4586 2431 4647 atque
2454 4579 2745 4635 initiamini
2771 4582 2963 4638 timore
2977 4583 3190 4638 Domini
3207 4585 3300 4640 Dei
3323 4587 3519 4646 nostri,

1956 4677 2016 4723 ut
2056 4669 2366 4724 futurorum
2397 4673 2667 4727 bonorum
2697 4675 2989 4744 participes
3022 4692 3144 4731 esse
3182 4678 3428 4746 possitis,
3466 4680 3519 4732 in

1955 4764 2178 4820 Christo
2205 4762 2333 4844 Jesu
2365 4765 2595 4821 Domino
2625 4778 2834 4832 nostro,
2871 4770 2961 4823 cui
2990 4770 3162 4841 gloria
3197 4779 3250 4826 et
3280 4781 3522 4842 potestas

1956 4871 2079 4911 cum
2112 4865 2318 4911 aeterno
2350 4859 2472 4928 ejus
2514 4857 2706 4924 Patre,
2753 4867 2809 4914 et
2857 4864 3206 4919 sanctissimo
3243 4865 3522 4919 vivificari-

1957 4957 2118 5019 teque
2144 4947 2376 5020 Spiritu,
2410 4969 2554 5007 nunc
2583 4961 2637 5006 et
2664 4968 2902 5023 semper,
2935 4964 2989 5008 et
3028 4956 3080 5009 in
3123 4957 3322 5010 saecula
3351 4971 3519 5013 smu-

1957 5040 2153 5096 lorum.
2185 5043 2381 5100 Amen.

2131 5347 2209 5429 [3x
2245 5363 2410 5429 εει-ιη.
2441 5349 2516 5400 De
2551 5349 2776 5429 (egelidis
2804 5349 2949 5404 libris
2977 5360 3142 5420 gent.,
3170 5349 3288 5404 184.

2234 5419 2584 5501 ἐρίἓιὶᾏεοιιι,
2601 5416 2606 5417 ⁷
2625 5418 2751 5474 299.

2022 5489 2099 5557 (τ)
2138 5489 2296 5550 lbid.,
2327 5487 2451 5542 502.

2023 5559 2097 5628 (8)
2127 5557 2202 5612 Ex
2231 5574 2392 5614 scrin.
2430 5557 2504 5614 De
2537 5557 2760 5629 legendis
2799 5558 2947 5614 libris
2987 5567 3150 5630 gent,
3186 5557 3308 5615 184.
