3874 6224
397 281 529 335 1167

1270 283 1628 338 APPENDI‘X.
1672 316 1740 326 --
1781 285 2120 341 SYMEONIS
2145 280 2684 338 ΜΕῚἈΡΙΙΒΑΞΤᾹΞ

3499 285 3633 339 1148

391 419 552 490 483
599 417 695 471 DE
739 418 1171 498 CIIARITAT_h'_
1190 423 1280 498 1N
1318 424 1524 478 DEUM
1568 425 1660 479 ET
1708 425 1952 482 mox:-

2061 428 2232 481 ΠΕΡΙ
2278 426 2573 480 ΑΓΑΠΗΣ
2634 425 3013 498 rasam;
3069 424 3263 476 θεων
3317 426 3440 477 mu
3501 427 3635 480 rem

1063 493 1252 547 MUM.

1005 605 1236 662 SEliMO
1267 606 1354 660 ill.

464 716 516 769 l.
541 715 617 786 (l)
652 715 756 782 Qui
782 718 1109 788 semetipsos
1131 735 1160 773 a
1193 721 1376 774 saeculi
1409 722 1559 776 curis
1588 732 1958 789 removerunt,

391 820 491 859 cor
541 823 698 861 suum
741 809 888 861 omni
941 809 1192 864 custodia
1236 827 1457 865 servare
1497 812 1717 878 debent,
1768 830 1837 867 ne
1866 830 1960 868 un-

393 914 556 967 quam
601 899 692 953 Dei
740 903 1126 971 cogitationem
1174 903 1458 972 abjiciant,
1505 911 1597 956 aut
1639 904 1958 957 memoriam

395 990 542 1043 illius
579 991 909 1045 mirabilium
960 993 1289 1062 imaginibus
1323 1009 1586 1048 vanarum
1615 1010 1796 1049 rerum
1827 1010 1960 1048 con-

390 1082 689 1149 taminent;
736 1083 830 1137 sed
870 1099 937 1136 ex
986 1093 1248 1153 perpetua
1290 1101 1352 1139 ac
1396 1101 1534 1155 pura
1580 1087 1960 1141 recordatione

393 1174 658 1243 impressa
689 1177 884 1230 animis
915 1177 1142 1239 nostris,
1174 1178 1320 1230 velut
1361 1171 1599 1246 sigillum
1648 1178 1957 1244 indelebile,

393 1276 584 1319 sancta
636 1265 731 1320 Dei
787 1268 1047 1336 cogitatio
1102 1267 1559 1323 circumferenda.
1617 1268 1693 1323 lta
1736 1269 1878 1325 enim
1927 1285 1958 1324 a

390 1356 550 1412 nobis
584 1369 938 1426 comparatur
970 1359 1062 1413 Dei
1105 1359 1348 1422 dilectio,
1383 1375 1504 1428 qua:
1552 1360 1714 1414 simul
1755 1361 1958 1416 excitat

391 1447 459 1500 ad
494 1449 834 1502 conﬁcienda
871 1448 966 1504 Dei
993 1450 1271 1515 mandata,
1304 1458 1359 1504 et
1391 1452 1508 1520 ipsa
1539 1451 1607 1505 ab
1641 1452 1778 1520 ipsis
1797 1451 1957 1506 vicis-

389 1538 494 1592 sim
562 1547 835 1604 servatur,
909 1551 967 1594 ut
1023 1553 1283 1611 perpetua
1354 1542 1426 1597 sit
1498 1557 1561 1596 ac
1627 1558 1732 1597 non
1788 1543 1959 1597 inter—

393 1630 580 1683 missa.
630 1630 707 1701 (ἓ)
759 1629 928 1696 Quem
979 1641 1158 1687 autem
1190 1633 1484 1689 vehemens
1539 1633 1818 1688 Christum
1867 1649 1957 1689 se-

293 1772 295 1774 .
389 1723 593 1790 quendi
615 1725 885 1791 cupiditas
920 1733 1086 1788 tenet,
1126 1725 1172 1780 is
1202 1741 1307 1778 non
1337 1727 1573 1796 amplius
1603 1742 1662 1781 se
1690 1727 1758 1780 ad
1786 1726 1954 1781 ullam

392 1828 529 1877 rem,
565 1830 684 1883 qua:
714 1816 781 1869 ad
831 1815 971 1870 hanc
1007 1817 1175 1869 vitam
1216 1817 1465 1883 attineat,
1500 1827 1818 1872 convertere
1858 1833 1958 1887 po-

390 1912 517 1968 test,
543 1920 649 1960 non
675 1905 742 1960 ad
767 1915 1074 1976 parentum,
1108 1916 1200 1960 aut
1229 1910 1660 1979 pr0pinquorum
1691 1925 1950 1973 amorem,

393 1995 438 2049 si
476 1995 685 2050 Domini
721 2001 1005 2068 praaceptis
1036 1999 1373 2053 adversetur.
1406 1999 1559 2054 Tunc
1593 2001 1736 2055 enim
1773 2001 1953 2055 locum

389 2088 552 2141 etiam
588 2089 748 2143 habet
777 2091 906 2144 illud
947 2108 960 2143 :
995 2089 1056 2145 Si
1082 2092 1197 2160 quis
1228 2093 1361 2145 venit
1402 2091 1470 2144 ad
1502 2107 1600 2154 me,
1630 2100 1678 2144 et
1711 2108 1812 2144 non
1847 2091 1955 2145 odit

389 2189 590 2248 patrem
635 2199 788 2235 suum
822 2193 874 2238 et
919 2193 1140 2237 matrem
1189 2185 1254 2248 ³⁷,
1306 2193 1360 2240 et
1410 2193 1604 2238 cwlera
1641 2198 1655 2234 :
1697 2184 1774 2253 (3)
1809 2184 1954 2253 quod

389 2272 553 2325 etiam
609 2273 914 2327 docuerunt
957 2290 1058 2329 nos
1103 2274 1280 2330 sancti
1312 2273 1524 2327 Domini
1555 2272 1834 2341 discipuli,
1860 2272 1954 2326 Ja-

389 2362 562 2416 cobus
601 2370 655 2415 et
697 2361 958 2426 Joannes,
1001 2365 1093 2432 qui
1138 2373 1348 2433 patrem
1398 2379 1556 2417 suum
1609 2359 1952 2428 Zebedzeum,

388 2451 698 2522 ipsumque,
745 2470 776 2508 a
807 2470 916 2524 quo
960 2465 1073 2508 tota
1104 2457 1320 2510 illorum
1355 2455 1533 2510 vietus
1577 2455 1718 2507 ratio
1760 2454 1957 2523 pende-

389 2543 502 2610 bat,
547 2545 818 2615 navigium
868 2547 1184 2616 reliquere;
1218 2545 1502 2599 Matthqu
1534 2544 1722 2608 etiam,
1759 2543 1851 2615 qui
1886 2543 1956 2598 ab

387 2633 507 2703 ipso
536 2637 737 2690 telonio
766 2639 1024 2701 surrexit,
1054 2638 1452 2707 Dominumque
1469 2645 1690 2692 secutus
1713 2645 1816 2698 est,
1844 2651 1954 2690 non

388 2727 573 2780 telonii
628 2730 804 2783 solum
866 2731 1182 2800 relinquens
1229 2730 1618 2796 emolumenta,
1664 2729 1760 2783 sed
1812 2729 1955 2798 peri-

385 2817 508 2870 cula
559 2819 720 2871 etiam
767 2827 1146 2884 contemnens,
1185 2836 1307 2890 qua:
1348 2835 1378 2872 a
1425 2819 1788 2889 potestatibus
1839 2829 1952 2872 tum

388 2907 494 2961 sibi
537 2916 651 2963 tum
702 2913 1123 2982 consanguineis
1175 2916 1291 2967 suis
1336 2913 1759 2982 impendebant,
1808 2911 1954 2981 quod

390 3000 734 3068 vectigalium
783 3005 1025 3057 rationes
1088 3003 1406 3073 reliquisset
1469 3003 1720 3058 infectas.
1783 3001 1953 3058 Paulo

386 3089 621 3160 denique
665 3101 811 3148 totus
855 3097 1022 3150 etiam
1070 3097 1309 3150 mundus
1356 3096 1653 3150 cruciﬁxus
1692 3103 1844 3159 erat,
1900 3106 1953 3150 et
1983 3128 2024 3182 ρ

389 3179 506 3247 ipse
550 3182 775 3236 mundo.
810 3183 887 3253 (4)
917 3183 1056 3238 Cum
1094 3187 1238 3239 enim
1270 3185 1488 3255 pietatis
1528 3200 1684 3238 amor
1719 3185 1953 3238 animam

387 3283 640 3344 occupat,
683 3286 796 3329 tum
845 3277 960 3346 ipsa
992 3295 1152 3332 omne
1180 3292 1482 3347 pugnarum
1526 3292 1696 3346 genus
1729 3275 1952 3342 irridet;

391 3378 555 3436 atque
589 3369 807 3423 etiamsi
852 3384 1046 3424 omnes
1075 3370 1222 3422 illam
1254 3369 1331 3424 rei
1377 3369 1646 3422 adamata:
1677 3383 1844 3424 causa
1870 3369 1956 3437 ja-

387 3460 528 3513 eulis
587 3457 784 3529 ﬁgant,
846 3457 1120 3512 delectant
1172 3459 1346 3528 magis
1398 3472 1560 3527 quam
1616 3459 1952 3514 excruciant.

387 3550 464 3619 (5)
487 3548 619 3602 Nam
659 3548 704 3602 si
736 3563 864 3619 erga
889 3564 984 3603 eos
1015 3549 1108 3618 qui
1136 3548 1208 3604 de
1227 3549 1382 3603 nobis
1409 3549 1549 3606 bene
1583 3549 1760 3604 meriti
1801 3557 1952 3614 sunt,

389 3640 824 3696 benevolentiam
888 3654 1243 3710 amoremque
1291 3640 1599 3694 naturalem
1649 3640 1951 3705 habemus,

388 3733 705 3802 nullumque
771 3746 881 3784 non
935 3730 1187 3786 subimus
1243 3730 1520 3795 laborem,
1575 3739 1632 3784 ut
1688 3731 1948 3786 beneﬁcia

386 3826 536 3894 prius
567 3826 623 3879 in
649 3839 750 3879 nos
777 3823 973 3878 collata
1002 3838 1416 3877 remuneremur
1441 3841 1454 3890 ;
1481 3824 1735 3894 quisnam
1767 3839 1948 3878 sermo

389 3917 480 3969 liei
518 3917 658 3969 dona
703 3929 802 3983 pro
841 3913 1036 3967 merito
1067 3914 1342 3982 explicare
1385 3913 1600 3983 possit?
1627 3913 1800 3967 Tanta
1829 3915 1945 3984 quir

386 4006 508 4058 dem
537 4014 621 4058 est
651 4004 845 4057 horum
882 4003 1191 4067 multitudo,
1226 4011 1286 4057 ut
1325 4004 1488 4057 etiam
1537 4019 1823 4059 numerum
1870 4005 1950 4059 ef-

387 4095 599 4163 fugiant
638 4112 652 4147 :
693 4094 819 4147 item
853 4092 1226 4162 magnitudine
1256 4103 1404 4147 tanta
1438 4103 1567 4148 sunt
1613 4101 1667 4148 et
1710 4095 1856 4160 talia,
1890 4103 1950 4148 ut

387 4184 470 4237 vei
498 4183 719 4236 unicum
745 4183 881 4236 satis
907 4183 976 4236 ad
1007 4183 1062 4235 id
1083 4183 1178 4246 sit,
1215 4191 1274 4237 ut
1303 4183 1669 4238 oximimodam
1705 4185 1945 4256 largitori

385 4276 617 4345 gratiam
657 4275 954 4343 rependere
997 4273 1310 4330 debeamus.
1352 4275 1427 4349 (6)
1459 4275 1555 4330 Est
1593 4285 1771 4332 autem
1814 4278 1948 4334 adeo

386 4370 585 4428 bonus,
627 4373 687 4418 ut
732 4379 911 4434 neque
955 4366 1449 4421 remunerationem
1483 4369 1683 4439 exigat,
1723 4370 1816 4423 sed
1861 4379 1946 4425 sat

2674 496 2894 546 ΠΑΗΣΙ
2903 496 3014 545 ΟΝ.

2673 607 2886 659 ΛΟΓΟΣ
2935 607 2974 658 Γ
2974 612 3009 659 ’.

2127 719 2178 774 ί.
2227 719 2368 783 Τοὺς
2407 718 2518 772 τῶν
2547 718 2815 790 βιωτικῶν
2858 719 3083 781 ἑαυτοὺς
3108 719 3505 784 ἀποξενοῦντας
3539 737 3634 790 με.

2060 812 2290 883 ριμνῶν,
2325 812 2473 882 πάσῃ
2523 811 2734 882 φυλακῇ
2772 814 2959 881 τηρεῖν
2989 813 3255 881 προσήκει
3282 813 3380 883 τὴν
3425 814 3633 865 ἑαυτῶν

2057 903 2303 975 καρδίαν,
2332 903 2406 965 ὡς
2436 904 2510 975 μή
2558 921 2688 956 ποτε
2721 903 2819 972 τὴν
2858 903 2986 973 περὶ
3027 903 3161 956 Θεοῦ
3189 904 3394 957 ἔννοιαν
3433 905 3632 958 ἐκϐαλ-

2055 995 2191 1058 λειν,
2233 994 2388 1064 ἢτὴν
2439 995 2658 1064 μνήμην
2707 992 2814 1047 τῶν
2863 994 3179 1063 Θαυμασίων
3223 995 3388 1048 αὑτοῦ
3425 1015 3629 1063 φαντα-

2057 1085 2198 1146 σίαις
2232 1083 2338 1136 τῶν
2384 1084 2624 1154 ματαίων
2671 1084 3166 1155 καταρρυπαίνειν⁵
3216 1085 3352 1137 ἀλλά
3398 1085 3489 1137 διὰ
3534 1087 3630 1153 τῆς

2052 1165 2344 1245 διηνεκοῦς
2370 1173 2447 1244 (8)
2482 1173 2578 1226 xui.
2623 1172 2870 1242 καθαρᾶς
2919 1176 3140 1243 μνήμης
3179 1175 3630 1244 ἐντετυπωμένην

2054 1269 2174 1328 ταῖς
2218 1265 2417 1334 ψυχαῖς
2456 1264 2634 1335 ἡμῶν,
2679 1265 2864 1336 ὥσπερ
2903 1267 3173 1334 σφραγῖδα
3215 1266 3629 1330 ἀνεξάλειπτον,

2054 1357 2152 1426 τὴν
2178 1358 2332 1409 ὁσίαν
2359 1356 2452 1409 τοῦ
2485 1357 2620 1409 Θεοῦ
2664 1356 2869 1410 ἔννοιαν
2919 1358 3253 1429 περιφέρειν.
3303 1359 3493 1422 Οὕτως
3523 1359 3631 1429 γὰρ

2054 1448 2401 1519 προσγίνεται
2429 1451 2563 1520 ἡμῖν
2606 1449 2641 1519 ἡ
2675 1448 2811 1519 πρὸς
2867 1449 3001 1502 Θεὸν
3043 1451 3253 1519 ἀγάπη,
3291 1451 3412 1520 ἅμα
3452 1467 3510 1502 τε
3551 1450 3628 1502 δι-

2057 1539 2348 1611 εγείρουσα
2398 1540 2497 1608 τὴν
2540 1539 2798 1610 ἐργασίαν
2835 1540 2944 1594 τῶν
2991 1541 3220 1594 ἐντολῶν
3271 1540 3369 1593 τοῦ
3400 1542 3630 1611 Κυρίου,

2053 1634 2149 1686 καὶ
2187 1633 2277 1684 ὑπ’
2329 1632 2508 1685 αὐτῶν
2551 1631 2716 1686 πάλιν
2755 1631 2891 1704 αὕτη
2943 1637 3353 1706 συντηρουμένη
3394 1636 3534 1704 πρὸς
3572 1636 3632 1687 τὸ

2056 1723 2278 1792 διαρκὲς
2319 1723 2414 1774 καὶ
2438 1723 2800 1777 ἀδιάπτωτον.
2851 1725 2908 1776 Ὁ
2934 1724 2989 1777 δὲ
3020 1725 3222 1796 σφόδρα
3254 1729 3320 1796 τῇ
3361 1725 3630 1794 ἐπιθυμίᾳ.

2055 1813 2150 1868 τοῦ
2181 1813 2491 1866 ἀκολουθεῖν
2529 1813 2607 1884 τῷ
2632 1815 2851 1886 Χριστῷ
2893 1816 3276 1886 κατεχόμενος,
3309 1818 3451 1887 πρὸς
3482 1818 3630 1869 οὐδὲν

2055 1904 2136 1958 ἐτι
2164 1907 2261 1977 τῆς
2289 1903 2433 1976 ζωῆς
2459 1907 2659 1976 ταύτης
2684 1890 3081 1979 ἐπιστραφῆναι
3125 1909 3375 1971 δύναται,
3402 1912 3467 1963 ού
3499 1910 3630 1978 πρὸς

2055 1995 2309 2067 γονέωνῆ
2340 1998 2555 2050 οἰκείων
2583 1997 2823 2069 φίλτρον,
2855 1999 2984 2052 ὅταν
3015 2001 3430 2071 ἐναντιούμενον
3521 2004 3630 2065 τοῖς

2053 2087 2148 2139 τοῦ
2205 2090 2410 2158 Κυρίου
2462 2090 2868 2161 προστάγμασι.
2923 2093 3058 2145 Τότε
3116 2094 3226 2162 γὰρ
3274 2095 3471 2164 καιρὸν
3519 2097 3628 2164 ἔχει

2056 2179 2150 2230 καὶ
2185 2179 2266 2242 τὸ,
2292 2179 2364 2231 El
2399 2197 2490 2246 τις
2517 2181 2751 2250 ἔρχεται
2778 2182 2923 2250 πρὸς
2948 2182 3046 2251 μὲ,
3074 2185 3171 2237 καὶ
3211 2187 3283 2239 οὐ
3314 2185 3494 2255 μισεῖ
3526 2188 3630 2238 τὸν

2055 2271 2280 2338 πιιτέρά
2323 2271 2530 2334 αὑτοῦ,
2580 2273 2678 2326 καὶ
2715 2273 2832 2341 τὴν
2878 2274 3121 2342 μητέρα,
3171 2276 3267 2328 καὶ
3314 2277 3383 2328 τὰ
3431 2277 3623 2329 λοιπά-

2055 2361 2199 2415 καθά
2260 2364 2354 2416 καὶ
2397 2365 2444 2416 οἱ
2477 2364 2621 2432 ἅγιοι
2671 2365 2908 2436 μαθηταὶ
2955 2367 3047 2419 τοῦ
3086 2368 3295 2438 Κυρίου
3339 2369 3626 2434 ὑπέδειξαν

2003 2458 2014 2462 “
2055 2454 2205 2523 ἡμῖν,
2254 2455 2507 2519 Ἰάκωϐος
2536 2455 2637 2526 μὲν
2672 2457 2768 2509 καὶ
2813 2456 3079 2526 Ἰωάννης,
3117 2458 3512 2522 καταλιπόντες
3536 2461 3626 2513 τὸν

2057 2545 2267 2616 πατέρα
2299 2547 2478 2600 αὐτῶν
2527 2549 2857 2613 Ζεϐεδδαῖον,
2888 2550 2981 2602 καὶ
3029 2551 3160 2603 αὐτὸ
3200 2552 3263 2604 τὸ
3293 2552 3498 2615 πλοῖον,
3528 2553 3627 2620 τὴν

2055 2637 2233 2690 πᾶσαν
2274 2639 2527 2711 ἀφορμὴν
2549 2640 2643 2693 τοῦ
2663 2640 2778 2711 βίου
2798 2627 2818 2674 ·’
2837 2642 3111 2719 Ματθαῖος
3128 2644 3186 2696 δέ
3216 2645 3310 2696 ἀπ’
3340 2645 3507 2698 αὐτοῦ
3531 2645 3626 2698 τοῦ

2053 2727 2305 2783 τελωνίου
2334 2733 2589 2796 ἀναστὰς,
2637 2733 2734 2786 καὶ
2773 2733 3142 2804 ἀκολουθήσας
3185 2734 3264 2804 τῷ
3295 2735 3511 2806 Κυρίῳ,
3562 2736 3624 2786 ού

2053 2822 2122 2873 τὰ
2147 2822 2310 2894 κέρδη
2340 2825 2499 2893 μόνον
2523 2824 2592 2877 τὰ
2633 2826 2691 2877 ἐν
2733 2825 2810 2896 τῷ
2851 2826 3084 2895 τελωνίῳ
3119 2826 3457 2891 καταλιπὼν,
3492 2829 3625 2880 ἀλλά

2056 2911 2148 2964 καὶ
2187 2912 2296 2964 τῶν
2325 2912 2584 2966 κινδύνων
2629 2912 2920 2984 ὑπεριδὼν,
2964 2913 3012 2965 οἳ
3041 2914 3425 2967 ἐπακολουθεῖν
3468 2915 3623 2985 ἐμελ-

2055 3001 2146 3053 λον
2177 3000 2325 3071 αὐτῷ
2369 3018 2428 3054 τε
2473 3002 2566 3055 καὶ
2599 3005 2710 3065 τοῖς
2753 3002 2971 3066 οἰκείοις
3016 3003 3167 3073 παρά
3211 3005 3312 3074 τῆς
3355 3004 3621 3067 ἐξουσίας,

2059 3091 2266 3155 ἀτελεῖς
2308 3093 2433 3154 τοὺς
2476 3091 2664 3158 λόγους
2688 3091 2780 3146 τοῦ
2819 3092 3070 3145 τελωνίου
3109 3094 3576 3163 καταλιμπάνοντι
3607 3112 3622 3124 ο

2060 3183 2257 3251 Παύλῳ
2299 3183 2356 3236 δέ
2407 3185 2501 3237 καὶ⁵
2547 3187 2574 3237 ὁ
2619 3183 2839 3254 σύμπας
2887 3185 3087 3255 κόσμος
3136 3186 3488 3256 ἐσταύρωτο,
3529 3185 3622 3237 καὶ

2055 3274 2215 3337 αὐτὸς
2242 3274 2320 3345 τῷ
2349 3275 2558 3346 κόσμῳ.
2591 3277 2758 3329 Ὅταν
2786 3275 2894 3346 γὰρ
2911 3276 3010 3344 τῆς
3038 3276 3318 3339 εὐσεϐείας
3360 3277 3502 3345 ἔρως
3526 3279 3622 3345 τὴν

2053 3363 2230 3435 ψυχὴν
2270 3365 2645 3436 προκατάσχῃ,
2689 3365 2833 3417 ἅπαν
2863 3366 2997 3435 αὐτῇ
3029 3365 3278 3434 πολέμων
3323 3364 3620 3432 καταγέλαο

2057 3469 2179 3506 στον
2205 3449 2345 3517 εἶδος
2365 3469 2380 3483 ·
2409 3454 2514 3508 κᾶν
2554 3455 2753 3518 πάντες
2781 3456 2947 3526 αὐτὴν
2979 3456 3116 3526 ὑπὲρ
3159 3455 3252 3508 τοῦ
3283 3455 3619 3524 ποθουμένου

2053 3541 2333 3607 τοξεύωσι,
2381 3543 2641 3614 τέρπουσι
2689 3545 2890 3613 μᾶλλον
2923 3545 2957 3614 ἢ
3011 3545 3361 3614 πλήττουσιν.
3411 3545 3476 3597 Εἰ
3517 3547 3619 3614 γὰρ

2053 3633 2139 3685 διὰ
2170 3632 2269 3702 τὴν
2302 3633 2438 3704 πρὸς
2461 3636 2585 3698 τοὺς
2612 3635 2905 3706 εὐεργέτας
2938 3635 3149 3689 εῦνοιαν
3180 3636 3275 3688 καὶ
3309 3635 3371 3687 τὸ
3404 3635 3619 3704 φίλτρον

2055 3726 2298 3794 φυσικῶς
2330 3726 2650 3798 αἱρούμεθα,
2687 3730 2778 3781 καὶ
2813 3730 2994 3782 πάντα
3029 3729 3187 3781 πόνον
3221 3730 3302 3790 εἰς
3335 3730 3619 3782 ἀνταπόδο-

2055 3835 2140 3870 σιν
2184 3817 2294 3870 τῶν
2346 3820 2792 3889 προσγενομένων
2845 3823 2976 3892 ἡμῖν
3022 3819 3203 3874 καλῶν
3251 3821 3614 3890 ὑπομένομεν,

2049 3907 2135 3970 τίς
2162 3906 2318 3976 λόγος
2350 3906 2512 3972 ἀξίως
2551 3909 2839 3976 ἐφικέσθαι
2868 3909 2977 3962 τῶν
3006 3910 3224 3980 δωρεῶν
3253 3910 3348 3962 τοῦ
3372 3911 3509 3963 Θεοῦ
3536 3911 3616 3963 δύο

2049 4016 2240 4066 ναται;
2294 4000 2358 4052 Αἳ
2403 4000 2662 4053 τοσαῦται
2721 4001 2820 4071 μὲν
2871 4003 2978 4054 εἰσὶ
3027 4003 3087 4054 τὸ
3134 4002 3356 4072 πλῆθος,
3403 4003 3483 4066 ὡς
3530 4006 3617 4055 καὶ

2049 4090 2281 4160 ἀριθμὸν
2312 4091 2657 4160 διαφεύγειν·
2693 4091 3012 4161 τηλικαῦται
3055 4092 3110 4145 δὲ
3149 4094 3210 4145 τὸ
3257 4092 3490 4162 μέγεθος
3531 4096 3618 4146 καὶ

2048 4181 2313 4246 τοιαῦται,
2329 4181 2470 4234 ὥστε
2485 4183 2733 4254 ἐξαρκεῖν
2767 4183 2860 4236 καὶ
2879 4183 3007 4254 μίαν
3027 4185 3362 4247 ὑπευθύνους
3375 4187 3409 4256 ἡ
3420 4187 3528 4255 μᾶς
3543 4189 3614 4247 είς

2047 4277 2226 4329 πᾶσαν
2256 4276 2415 4346 χάριν
2446 4276 2524 4347 τῷ
2559 4276 2811 4330 δεδωκότι
2835 4277 3078 4346 ποιῆσαι.
3118 4277 3176 4330 '0
3207 4278 3251 4328 δ’
3270 4278 3446 4342 οὓτως
3478 4281 3615 4332 ἐστὶν

2047 4363 2265 4432 ἀγαθὸς,
2295 4363 2436 4417 ὥστε
2480 4363 2602 4416 οὔτε
2640 4365 2907 4418 ἀντίδοσιν
2939 4367 3179 4430 ἀπαιτεῖ,
3214 4366 3328 4419 ἀλλ’
3372 4368 3612 4437 ἀρκεῖται

385 4459 578 4522 habet,
628 4458 674 4513 si
725 4456 900 4511 solum
947 4471 1047 4526 pro
1094 4457 1161 4512 iis
1217 4473 1338 4527 quae
1381 4458 1603 4523 tribuit,
1669 4461 1943 4530 diligatur.

2056 4455 2212 4526 μόνον
2262 4455 2625 4527 ἀγαπώμενος
2677 4458 2761 4525 ἐφ’
2811 4454 2894 4520 οἷς
2949 4457 3166 4511 ἔδωκεν.
3218 4454 3320 4511 Ὧν
3368 4459 3612 4512 ἁπάντων

383 4550 516 4613 Quae
561 4546 740 4601 omnia
777 4545 870 4600 ubi
915 4555 1104 4601 mente
1150 4549 1333 4602 recolo
1363 4547 1445 4620 (ut
1483 4565 1663 4604 meum
1697 4551 1949 4605 allectum

385 4642 673 4712 prodam),
730 4641 789 4694 in
853 4639 1141 4695 horrorem
1191 4642 1485 4710 quemdam
1547 4650 1600 4696 et
1650 4643 1948 4696 terrilieum

386 4743 666 4802 stuporem
700 4731 900 4795 incido,
929 4730 1218 4802 nequando
1248 4733 1318 4786 ob
1341 4732 1507 4785 animi
1543 4733 1950 4788 inconsideran-

384 4828 538 4889 tiam,
586 4832 680 4879 aut
711 4832 932 4895 propter
977 4837 1152 4878 meam
1201 4823 1347 4877 circa
1385 4838 1473 4878 res
1497 4839 1667 4880 vanas
1714 4839 1944 4894 occupa-

384 4917 586 4970 tionem
623 4931 654 4969 a
685 4915 781 4970 Dei
812 4915 1102 4970 dilectione
1140 4914 1421 4979 excideris,
1469 4914 1692 4971 Christo
1722 4917 1824 4970 sim
1853 4921 1949 4970 de-

383 5006 568 5061 decori
605 5021 670 5059 ac
717 5005 1034 5074 opprobrio.
1072 5004 1148 5074 (7)
1192 5002 1400 5058 Probro
1447 5003 1592 5058 enim
1641 5011 1812 5059 vertet
1845 5004 1950 5058 Do-

385 5096 532 5152 mino
577 5104 946 5165 contemptum
996 5104 1245 5149 nostrum
1287 5094 1559 5158 diabolus,
1609 5109 1672 5149 ac
1722 5096 1787 5150 de
1819 5111 1948 5151 con-

455 5274 497 5306 ³⁷
529 5273 660 5329 Luc.
697 5291 808 5341 Juv,
837 5273 907 5327 26

483 5429 533 5496 Ι)
566 5428 648 5499 Ex
685 5429 896 5498 Regalis
928 5429 1098 5498 fusius
1134 5429 1400 5499 tractatis,
1431 5431 1554 5486 542.

477 5499 532 5569 Ξ)
562 5498 720 5569 lbid.,
753 5500 878 5569 549.

481 5567 536 5632 5')
569 5567 722 5633 luid.,
753 5568 873 5623 τις).

481 5572 536 5632 5)
569 5572 722 5633 Ihitl.,
753 5572 873 5623 549.

459 5572 538 5777 ἓιὶ)
572 5638 642 5691 Ex
689 5639 944 5719 liont.-I)e
973 5639 1030 5720 8.
1075 5641 1351 5720 Barlaam,
1393 5641 1508 5694 139.

485 5714 538 5777 ὃ)
575 5710 647 5761 hx
679 5709 888 5776 [tegulis
921 5711 1090 5777 [nanus
1134 5720 1396 5775 tractatis,
1433 5712 1508 5766 351

485 5714 538 5778 ὃ)
575 5710 647 5761 hx
679 5709 888 5776 [tegulis
921 5711 1090 5777 [iuius
1134 5711 1396 5775 tractatis,
1433 5711 1555 5766 538.

2048 4548 2177 4599 ὅταν
2219 4548 2298 4610 εἰς
2330 4546 2538 4600 ἔννοιαν
2569 4546 2707 4601 ἔλθω
2739 4548 2848 4619 (ἵνα
2889 4549 2950 4602 τὸ
2984 4550 3116 4620 ἐμὸν
3160 4549 3332 4613 πάθος
3375 4550 3610 4615 ἐξείπω),

2049 4640 2128 4702 εἰς
2175 4638 2377 4710 φρίκην
2406 4639 2528 4692 τινά
2579 4641 2673 4693 καὶ
2703 4639 2958 4694 ἔκστασιν
3001 4641 3239 4712 φοϐερὰν
3269 4643 3607 4701 καταπίπτω,

2051 4729 2126 4800 μή
2165 4746 2296 4781 ποτε
2324 4729 2382 4796 ἐξ
2420 4729 2746 4802 ἀπροσεξίας
2776 4729 2871 4784 τοῦ
2898 4729 3010 4797 νοῦ,
3041 4731 3073 4801 ἢ
3106 4732 3208 4801 τῆς
3235 4734 3372 4802 πρὸς
3413 4733 3484 4785 τὰ
3511 4734 3608 4802 μά-

2046 4839 2176 4876 ταια
2201 4821 2476 4893 ἀσχολίας,
2515 4823 2614 4892 τῆς
2643 4823 2865 4895 ἀγάπης
2893 4823 2986 4876 τοῦ
3015 4823 3148 4874 Θεοῦ
3183 4823 3455 4886 ἐκπεσὼν,
3483 4825 3609 4876 ὄνει-

2047 4913 2136 4979 δος
2162 4914 2404 4986 γένωμαι
2432 4915 2511 4985 τῷ
2552 4915 2791 4987 Χριστῷ.
2822 4917 2918 4979 Et;
2947 4915 3252 4986 ὀνειδισμὸν
3292 4917 3403 4987 γὰρ
3451 4934 3609 4988 προσ-

2047 5005 2182 5058 οίσει
2214 5006 2290 5077 τῷ
2318 5007 2505 5077 Κυρίῳ
2531 5007 2629 5077 τὴν
2668 5008 2940 5078 ἡμετέραν
2983 5007 3389 5078 καταφρόνησιν
3436 5011 3466 5061 ὁ
3503 5009 3607 5060 διά-

2049 5097 2222 5162 σολος,
2253 5099 2346 5152 καὶ
2391 5101 2786 5169 ἐγκαυχήσεται
2825 5101 2892 5171 τῇ
2925 5097 3177 5170 ἀπειθείᾳ
3220 5098 3413 5170 ἡμῶν·
3453 5100 3509 5162 ᾆς
3549 5115 3603 5165 γε

2119 5433 2193 5501 (6)
2221 5431 2380 5500 κῆρι,
2412 5435 2534 5489 359.

2118 5505 2194 5572 (7)
2228 5503 2360 5557 Ibid.

2119 5573 2322 5646 (δμιά
2358 5573 2467 5642 τῆς
2497 5573 2829 5642 διηνεκοῦς.
2868 5573 3186 5646 Pra'pcsitio
3216 5576 3397 5631 addita
3434 5595 3498 5633 ex
3521 5591 3603 5634 co-

2047 5643 2162 5698 dice
2189 5641 2372 5714 Regio.
