3874 6224
269 318 404 375 ll“)

1387 319 1616 375 SERMO
1651 318 1819 374 lll.—
1856 319 1937 372 DE
1976 319 2388 374 CllAlllTATE.

3367 321 3504 376 “50

268 438 389 492 οὒτε
425 435 614 500 κτίσας
651 437 818 509 ἡμᾶς,
849 436 972 494 οὔτε
1011 438 1298 494 ἀποθανὼν
1331 441 1468 512 ὑπὲρ
1499 439 1680 511 ἡμῶν,
1719 438 1834 492 ἀλλ’

1957 441 2178 494 .umacia
2215 449 2270 494 et
2316 440 2384 494 de
2427 437 2733 492 defectione
2778 445 2964 493 nostra
2996 437 3318 506 gloriabitur
3360 417 3502 508 {qui

267 531 416 598 ὅμως
453 531 609 599 έσχεν
640 533 787 601 ἡμᾶς
827 531 1252 594 ἀκολουθοῦντας
1298 532 1446 603 αύτῷ
1475 534 1532 585 ὲν
1570 535 1634 603 τῇ
1682 534 1836 585 ἀπει-

268 618 421 690 θείᾳ,
466 619 563 672 καὶ
607 621 664 672 ὲν
713 623 778 691 τῇ
831 620 1060 692 ἀμελείᾳ
1103 620 1212 673 τῶν
1259 621 1489 674 ἐντολῶν
1535 621 1631 674 τοῦ
1676 621 1833 674 Θεοῦ.

269 711 440 764 Τοῦτο
470 712 534 765 τὸ
577 712 798 776 ὄνειδος,
837 713 899 765 τὸ
945 714 1084 766 κατά
1125 712 1220 766 τοῦ
1264 714 1492 784 Κυρίου,
1541 712 1838 784 βαρύτερόν

274 821 365 874 μοι
389 803 496 856 τῶν
534 807 590 858 ὲν
619 808 684 876 τῇ
709 805 900 875 γεέννῃ
949 806 1219 860 κολάσεων
1251 805 1518 873 φαίνεται,
1552 803 1630 874 τῷ
1659 803 1839 875 ἐχθρῷ

272 893 367 946 τοῦ
391 894 624 965 Χριστοῦ
653 894 782 972 ὕλην
812 895 1063 962 γενέσθαι
1086 895 1437 965 καυχήματος
1459 895 1554 947 καὶ
1585 893 1837 964 ἀφορμὴν

274 989 556 1057 ὲπὰρσεως
615 986 758 1040 κατά
801 987 898 1040 τοῦ
947 987 1085 1058 ὑπὲρ
1129 989 1286 1057 ἡμων
1333 987 1692 1048 ἀποθανόντος
1742 985 1836 1038 καὶ

275 1077 376 1128 ἀνα
384 1077 620 1142 στάντος.

347 1357 401 1410 2.
443 1357 553 1409 Καὶ
580 1354 688 1429 γὰρ
716 1355 918 1428 Κύριον
941 1354 1033 1408 τὸν
1075 1354 1206 1408 Θεὸν
1245 1355 1464 1424 ἀγαπᾷν
1491 1354 1572 1406 δεῖ
1599 1355 1744 1425 πάσῃ
1773 1356 1839 1426 τῇ

281 1445 656 1516 ὲνυπαρχούση
706 1448 837 1516 ἡμῖν
885 1447 1020 1515 πρὸς
1075 1445 1136 1498 τὸ
1181 1446 1400 1514 ἀγαπᾷν
1445 1445 1692 1514 δυνάμει,
1752 1447 1848 1496 καὶ

280 1538 499 1606 ἀγαπᾷν
535 1535 627 1588 καὶ
665 1536 755 1588 τὸν
797 1535 1042 1605 πλησίον,
1088 1537 1182 1589 καὶ
1207 1538 1426 1607 ἀγαπᾷν
1467 1539 1714 1602 καὶτοὺς
1758 1540 1848 1608 έχ-

282 1629 463 1699 θροὺς,
490 1629 577 1681 ἵνα
600 1622 748 1698 ὦμεν
775 1627 986 1691 τέλειοι,
1023 1629 1344 1698 μιμούμενοι
1370 1629 1468 1697 τὴν
1506 1629 1849 1700 χρηστότητα

223 1777 245 1796 ί
282 1721 374 1773 τοῦ
404 1722 460 1772 ὲν
497 1721 746 1791 οὐρανοῖς
772 1719 1006 1790 Πατρδς,
1035 1719 1126 1771 τὸν
1155 1719 1304 1790 ἥλιον
1331 1719 1494 1774 αὑτοῦ
1537 1719 1848 1771 ἀνατέλλον-

280 1828 371 1874 τος
406 1810 497 1864 ἐπὶ
525 1813 794 1881 πονηροὺς
821 1811 916 1864 καὶ
946 1810 1184 1879 ἀγαθούς
1204 1827 1217 1840 ⁸
1255 1813 1333 1874 είς
1368 1810 1500 1864 ἀλλα
1528 1811 1584 1864 δὲ
1627 1809 1724 1882 τὴν
1750 1810 1842 1862 τοῦ

281 1904 500 1973 ἀγαπᾷν
555 1901 782 1972 δύναμιν
826 1902 1252 1973 παραναλίσκειν
1297 1903 1356 1956 οὑ
1408 1902 1842 1974 συγκεχώρηται.

283 1994 354 2046 Τὸ
395 1992 504 2064 γὰρ
550 1993 649 2064 τῆς
692 1993 911 2064 ἀγάπης
954 1993 1136 2058 καλὸν,
1168 1997 1215 2047 εί
1268 1995 1365 2065 μὲν
1407 1997 1466 2048 ὲν
1507 1994 1584 2066 τῷ
1623 1996 1846 2066 ὀνόματι

282 2087 379 2156 τῆς
403 2084 622 2155 ἀγάπης
660 2084 1053 2156 περιγράφεται
1073 2085 1239 2156 μόνῳ,
1269 2085 1676 2154 καταγέλαστόν
1707 2088 1843 2151 ἐστι,

282 2178 373 2230 τὸν
410 2177 556 2230 δεῖνα
601 2178 695 2230 καὶ
739 2178 832 2230 τὸν
877 2179 1025 2231 δεῖνα
1073 2178 1463 2248 ἐκλεγομένους
1506 2180 1604 2249 (1),
1639 2178 1848 2243 τούτοις

283 2269 467 2340 μόνοις
513 2269 848 2339 μεταδιδόναι
875 2269 967 2322 τοῦ
1001 2271 1240 2340 ἀγαπᾷν,
1276 2271 1494 2340 ἐτέρους
1521 2271 1577 2324 δὲ
1622 2271 1848 2342 μυρίους

281 2361 585 2414 ἀποκλείειν
613 2361 712 2430 τῆς
765 2361 900 2432 πρὸς
944 2361 1006 2413 τὸ
1052 2361 1216 2414 καλὸν
1269 2361 1573 2426 κοινωνίας.
1612 2364 1675 2416 El
1705 2363 1763 2415 δὲ
1813 2365 1846 2434 ἡ

282 2452 418 2523 πρὸς
446 2453 572 2516 τοὺς
602 2453 896 2523 βλαϐεροὺς
939 2455 1225 2524 συμφωνία
1253 2457 1310 2506 ἐν
1349 2454 1570 2525 ἀγάπης
1607 2458 1884 2526 “Mm”

285 2563 416 2615 ματι
457 2545 526 2599 τά
557 2547 664 2599 τῶν
695 2546 970 2617 πολεμίων
1011 2549 1140 2610 τοὺς
1183 2548 1645 2618 προσδεχομένους
1680 2550 1848 2619 ἐργά-

281 2642 452 2706 ζεται,
488 2643 708 2694 σκοπεῖν
740 2640 1022 2710 ὀφείλομεν
1067 2636 1146 2703 οἷς
1186 2641 1411 2704 ἑαυτοὺς
1453 2641 1847 2711 ἀναμίγνυμεν.

284 2734 346 2785 Et
368 2732 475 2804 γὰρ
507 2735 535 2786 ό
567 2734 846 2805 ἀγαπητδς
880 2734 1009 2797 Υἱὸς
1040 2734 1136 2786 τοῦ
1161 2734 1294 2787 Θεοῦ
1331 2738 1587 2804 μισεῖται,
1624 2734 1679 2788 τί
1709 2735 1854 2805 μέγα

283 2829 333 2879 ει
359 2829 391 2896 η
403 2828 523 2896 μείς
547 2825 642 2879 τοῦ
689 2825 878 2896 μίσους
910 2825 1208 2895 ἀξιούμεθα
1241 2825 1392 2896 παρά
1416 2825 1742 2898 ἀνθρώποις,
1773 2821 1854 2891 οἷς

284 2917 594 2989 περισσεύει
627 2917 687 2970 τὸ
711 2918 893 2988 κτῆμα
925 2916 1016 2970 τοῦ
1050 2917 1276 2987 μίσους;
1307 2917 1453 2987 Πλὴν
1485 2917 1610 2970 οὕτε
1647 2918 1852 2971 οίκοδο-

288 3011 396 3080 μὴν
445 3009 723 3080 συστῆναι,
776 3009 1084 3079 συνδέσμων
1127 3008 1558 3079 ὑφαιρεθέντων,
1608 3011 1852 3076 δυνατὸν,

1938 545 2063 583 cum
2121 545 2224 584 nec
2271 529 2540 583 creaverit
2589 544 2722 590 nos,
2769 544 2871 581 nec
2921 544 3022 596 pro
3070 528 3226 582 nobis
3277 529 3503 584 subierit

1937 627 2192 684 mortem,
2228 628 2408 674 tamen
2436 634 2549 674 suae
2582 619 2958 682 contumaciae,
2989 633 3211 686 suaeque
3235 617 3290 671 in
3319 619 3507 673 obser-

1938 710 2132 765 vandis
2185 711 2279 766 Dei
2337 709 2608 764 mandatis
2660 710 3003 779 negligentia:
3051 708 3234 764 socios
3295 723 3395 762 nos
3441 721 3506 762 ac

1939 806 2167 856 comites
2189 801 2459 856 habuerit.
2491 800 2627 854 lllud
2659 800 2804 870 quod
2835 800 3062 854 Domino
3097 800 3358 854 inferetur
3381 815 3507 870 pro.

1941 893 2124 956 brum,
2153 902 2208 948 et
2247 894 2338 946 illa
2381 893 2679 948 adversarii
2725 892 2991 961 jactantia
3035 891 3170 944 mihi
3222 891 3506 960 suppliciis

1941 985 2199 1055 gehennae
2248 985 2466 1055 gravior
2527 984 2763 1047 videtur,
2809 982 2958 1052 quod
3015 982 3221 1036 Christi
3283 983 3508 1036 inimico

1945 1076 2281 1146 praebeamus
2331 1075 2612 1129 materiam
2641 1115 2655 1138 ,
2701 1074 2868 1146 484
2914 1075 3178 1129 adversus
3216 1089 3363 1139 eum,
3413 1073 3508 1144 qui

1944 1181 2043 1236 pro
2075 1167 2233 1220 nobis
2258 1174 2507 1221 mortuus
2538 1175 2622 1221 est
2651 1175 2704 1220 et
2745 1166 3064 1229 resurrexit,
3092 1166 3339 1236 jactandi
3369 1181 3428 1221 se
3455 1171 3511 1219 et

1943 1257 2222 1311 efferendi.

2013 1371 2068 1424 2.
2105 1370 2181 1442 (ἓ)
2213 1369 2347 1424 Nam
2396 1367 2684 1424 Dominum
2729 1369 2896 1425 Deum
2925 1377 3143 1440 oportet
3183 1369 3409 1440 diligere
3446 1384 3511 1423 ea

1947 1471 2060 1518 tota
2095 1465 2318 1525 virtute,
2361 1477 2484 1531 qua:
2521 1461 2679 1516 nobis
2712 1461 2856 1516 inest
2887 1460 2955 1514 ad
2986 1461 3322 1529 diligendum
3355 1461 3516 1516 :dili-

1948 1554 2157 1625 gendus
2189 1553 2415 1622 insuper
2444 1553 2726 1622 proximus
2763 1567 2776 1603 :
2808 1562 2937 1606 sunt
2973 1567 3192 1621 quoque
3223 1559 3277 1606 et
3305 1553 3513 1606 inimici

1948 1641 2234 1710 diligendi,
2267 1648 2327 1694 ut
2355 1641 2530 1695 simus
2561 1640 2814 1710 perfecti,
2846 1639 3185 1694 inimitantes
3211 1639 3518 1711 benignita-

1951 1745 2055 1789 tem
2069 1732 2249 1789 Patris
2271 1734 2467 1798 nostri,
2498 1733 2592 1802 qui
2621 1733 2675 1786 in
2699 1732 2854 1787 caelis
2884 1740 2970 1786 est
2994 1750 3009 1786 :
3037 1731 3130 1800 qui
3155 1733 3325 1786 solem
3357 1748 3516 1788 suum

1947 1822 2081 1876 oriri
2125 1821 2260 1875 facit
2306 1835 2471 1890 super
2504 1821 2678 1874 honos
2725 1825 2780 1873 et
2825 1818 3000 1872 malos
3043 1819 3111 1871 ³⁸.
3152 1817 3324 1872 Porro
3361 1818 3516 1873 nefas

1946 1927 2029 1968 εει
2052 1912 2107 1965 in
2128 1911 2234 1964 alia
2263 1925 2546 1981 perperam
2573 1925 2895 1964 consumere
2915 1911 3023 1962 vim
3047 1909 3328 1980 diligendi.
3353 1910 3429 1981 (5)
3458 1909 3519 1965 Si

1944 2003 2227 2059 charitatis
2271 2001 2474 2055 bonum
2520 2002 2639 2056 solo
2686 2000 2967 2056 charitatis
3020 2002 3244 2057 nomine
3288 2003 3519 2057 circum-

1946 2095 2226 2160 scribitur,
2288 2093 2579 2147 ridiculum
2633 2098 2716 2146 est
2757 2091 2900 2146 hunc
2938 2101 2992 2146 et
3035 2093 3186 2146 illum
3236 2093 3518 2164 eligentes,

1946 2189 2015 2242 iis
2038 2187 2170 2242 solis
2188 2185 2513 2238 charitatetn
2547 2184 2847 2255 impertire,
2887 2184 3026 2239 alios
3050 2200 3178 2239 vero
3207 2185 3523 2238 innumera-

1946 2279 2083 2333 biles
2108 2277 2178 2332 ab
2205 2277 2351 2331 illius
2386 2275 2514 2329 boni
2539 2275 3032 2330 communicatione
3053 2275 3360 2331 excludere.
3414 2274 3522 2331 Sed

1948 2371 1998 2427 si
2039 2385 2165 2424 cum
2209 2368 2536 2440 perniciosis
2589 2369 2905 2424 hominibus
2953 2370 3251 2424 consensio
3319 2369 3426 2434 iis,
3491 2383 3525 2422 a

1953 2461 2157 2531 quibus
2207 2459 2528 2529 suscipitur,
2572 2459 2678 2512 sub
2723 2459 2878 2528 pacis
2920 2459 3102 2529 specie
3141 2457 3402 2511 damnum
3440 2456 3526 2510 in-

1950 2552 2057 2606 fert
2099 2552 2296 2606 hostile
2330 2567 2345 2616 ;
2387 2549 2738 2605 considerare
2784 2549 3046 2604 debemus
3087 2550 3310 2619 quinam
3342 2548 3454 2603 sint
3488 2547 3526 2603 ii

1949 2644 2149 2714 quibus
2207 2657 2308 2697 nos
2353 2641 2743 2696 admiscemus.
2790 2641 2867 2712 (4)
2901 2640 2956 2695 Si
2989 2641 3135 2696 enim
3167 2641 3398 2696 dilectus
3433 2640 3527 2696 Dei

1950 2735 2132 2792 Filius
2181 2737 2310 2791 odio
2343 2736 2597 2801 habetur,
2642 2737 2774 2808 quid
2819 2738 3022 2805 mirum
3064 2737 3110 2791 si
3149 2753 3250 2792 nos
3294 2736 3530 2792 homini-

1952 2828 2056 2882 bus
2093 2827 2269 2883 odiosi
2307 2843 2499 2883 sumus
2543 2827 2614 2892 ",
2654 2828 2714 2882 in
2771 2828 2972 2898 quibus
3024 2828 3271 2898 profecto
3341 2827 3526 2882 odium

1951 2918 2287 2988 exsuperat?
2335 2916 2608 2974 Caeterum
2656 2933 2834 2988 neque
2890 2918 3182 2974 aedificium
3228 2919 3533 2973 consistere

1959 3011 2158 3065 ablatis
2221 3011 2666 3080 colligationibus
2736 3019 2952 3082 potest,
3024 3027 3202 3082 neque
3287 3009 3532 3066 Ecclesia

283 3102 408 3155 οὔτε
447 3100 769 3172 Ἐκκλησίαν
799 3103 876 3162 είς
909 3099 1041 3169 ὕψος
1069 3098 1388 3170 αὐξηθῆναι,
1437 3099 1510 3170 μὴ
1551 3101 1856 3171 συνδεδεμέ-

1961 3101 2243 3171 adaugeri,
2280 3101 2387 3156 nisi
2427 3101 2580 3171 pacis
2617 3104 2934 3172 amorisque
2972 3103 3196 3158 vinculo
3231 3101 3394 3156 fuerit
3419 3101 3534 3154 col-

286 3211 383 3266 νην
413 3193 490 3263 τῷ
524 3192 804 3262 συνδέσμῳ
835 3191 932 3261 τῆς
961 3191 1182 3262 εἰρήνης
1209 3191 1301 3244 καὶ
1334 3191 1436 3260 τῆς
1473 3191 1710 3262 ἀγάπης.
1747 3193 1857 3246 Καὶ

286 3287 396 3357 γὰρ
423 3285 572 3338 οὐδὲν
600 3284 770 3346 οὕτως
795 3284 923 3337 ἴδιον
949 3285 1047 3354 τῆς
1072 3283 1284 3352 φύσεως
1321 3284 1497 3354 ἡμῶν,
1525 3286 1600 3348 ὡς
1649 3286 1710 3338 τὸ
1743 3303 1858 3338 κοι-

287 3379 475 3430 νωνεῖν
512 3376 780 3446 ἀλλήλοις,
809 3377 902 3428 καί
933 3374 1153 3446 χρῄζειν
1185 3374 1449 3446 ἀλλήλων,
1501 3377 1598 3428 καὶ
1639 3378 1858 3446 ἀγαπᾷν

285 3469 350 3522 τὸ
397 3467 684 3537 ὁμόφυλον.
743 3465 908 3520 Πλέον
955 3465 1064 3537 γὰρ
1113 3467 1274 3537 ἡμεῖς
1318 3466 1417 3535 τῆς
1462 3467 1579 3530 ἑνὸς
1629 3467 1859 3520 ἑκάστου

288 3560 401 3613 τῶν
437 3559 676 3628 ἀδελφῶν
721 3559 1039 3626 ἐπικουρίας
1086 3557 1396 3628 δεόμεθα,ἢ
1443 3559 1564 3611 ὅσον
1606 3560 1639 3629 ἡ
1701 3559 1862 3630 ἑτέρα

290 3649 402 3702 τῶν
432 3647 630 3720 χειρῶν
662 3647 759 3718 τῆς
785 3647 996 3718 ἐτέρας.
1033 3648 1197 3700 Ὅταν
1224 3648 1332 3718 γάρ
1361 3647 1497 3718 πρὸς
1521 3648 1659 3700 αῦτά
1688 3649 1864 3702 ἀπίδω

290 3742 364 3796 τὰ
413 3742 547 3812 μέλη
593 3741 768 3813 ἡμῶν,
821 3742 902 3794 ὅτι
939 3741 998 3794 ἓν
1045 3741 1164 3793 οὐδὲ
1209 3740 1385 3810 ἐαυτῷ
1419 3740 1552 3813 πρὸς
1587 3742 1864 3814 ἐνέργειαν

292 3833 586 3906 αὖταρκες,
626 3833 744 3896 πῶς
786 3833 1021 3904 ἐμαυτὸν
1073 3833 1356 3904 λογίσομαι
1396 3834 1644 3904 ἐξαρκεῖν
1689 3835 1866 3905 ἑαυτῴ

295 3925 437 3997 πρὸς
483 3927 551 3978 τὰ
601 3923 696 3977 τοῦ
743 3925 856 3994 βίου
909 3926 1239 3996 πράγματα;
1291 3925 1427 3979 Οὔτε
1460 3927 1569 3997 γάρ
1624 3927 1688 3979 ἂν
1734 3927 1867 3989 ποῦς

294 4017 552 4080 ἀσφαλῶς
603 4017 856 4086 βαδίσειε,
897 4017 970 4088 μὴ
1024 4017 1575 4088 συνυποστηρίζοντος
1619 4017 1712 4070 τοῦ
1747 4016 1866 4069 ἐτέ-

297 4125 428 4182 ρουο
464 4107 584 4161 οὔτε
629 4107 903 4177 ὀφθαλμὸς
933 4109 1100 4176 ὑγιῶς
1134 4109 1251 4169 τδοι,
1303 4108 1376 4179 μὴ
1423 4108 1676 4160 κοινωνὸν
1728 4108 1864 4177 ἔχων

292 4202 388 4254 τὸν
431 4202 637 4270 ἕτερον,
676 4201 771 4253 καὶ
807 4201 920 4270 μετ’
959 4199 1125 4252 αὐτοῦ
1162 4199 1466 4269 συμφώνως
1519 4199 1868 4268 προσϐάλλων

293 4297 410 4357 τοῖς
456 4296 688 4364 ὁρατοῖς.
721 4293 829 4346 Καὶ
861 4292 997 4363 ἀκοὴ
1049 4290 1433 4359 ἀκριϐεστέρα,
1480 4291 1512 4359 ἡ
1565 4289 1631 4340 δι’
1671 4291 1870 4358 ἀμφοῖν

296 4391 410 4441 τοῖν
471 4386 658 4457 πόροιν
706 4385 804 4457 τὴν
859 4383 1041 4454 φωνὴν
1085 4383 1345 4453 δεχομένη
1374 4398 1389 4413 ο
1439 4383 1535 4434 καὶ
1588 4380 1870 4451 ἀντίληψις

1961 3195 2147 3264 ligata.
2183 3183 2396 3249 Etenim
2435 3195 2567 3248 nihil
2606 3203 2692 3250 est
2741 3203 2952 3250 natura:
2990 3207 3196 3249 nosuae
3231 3195 3366 3249 adeo
3408 3208 3535 3263 pro-

1959 3287 2160 3356 prium,
2197 3295 2255 3340 ut
2303 3295 2494 3339 mutuo
2541 3287 2680 3341 inter
2722 3303 2821 3342 nos
2851 3288 3275 3352 communicare,
3315 3295 3534 3338 mutuo-

1960 3392 2066 3447 que
2101 3376 2366 3445 indigere.
2411 3385 2575 3446 atque
2611 3367 2856 3445 ejusdem
2888 3379 3104 3447 generis
3155 3378 3403 3431 homines
3445 3377 3537 3431 ad-

1961 3484 2166 3524 amare.
2203 3469 2279 3538 (5)
2317 3469 2487 3536 Magis
2523 3469 2667 3522 enim
2711 3484 2813 3525 nos
2844 3470 3274 3538 uniuscujusque
3304 3469 3536 3523 fratrum

1961 3560 2168 3614 auxilio
2220 3561 2546 3630 indigemus,
2621 3575 2808 3629 quam,
2843 3577 3038 3615 manus
3089 3564 3256 3615 altera
3309 3560 3537 3614 alterius

1963 3668 2087 3724 Ope.
2133 3650 2211 3723 (6)
2243 3651 2378 3705 Cum
2419 3652 2562 3705 enim
2601 3651 2715 3706 haec
2759 3651 2873 3720 ipsa
2904 3663 3090 3708 nostra
3131 3652 3373 3706 ntembra
3401 3667 3534 3706 cou-

1964 3745 2167 3809 sideto,
2200 3758 2432 3814 quorum
2464 3743 2672 3796 nullum
2703 3743 2806 3797 sibi
2837 3742 2941 3810 ipsi
2972 3741 3040 3794 ad
3089 3741 3358 3812 agendum
3403 3743 3539 3798 satis

1964 3846 2069 3898 est,
2114 3836 2388 3905 quomodo
2425 3835 2560 3889 mihi
2606 3835 2722 3904 ipse
2769 3833 2994 3887 videbor
3046 3832 3114 3886 ad
3154 3834 3278 3886 vitae
3323 3835 3538 3902 negotia

1967 3927 2252 3983 snﬂicere?
2299 3926 2486 3997 Neque
2540 3928 2686 3982 enim
2739 3941 2835 3995 pes
2883 3932 3002 3978 tuto
3063 3924 3364 3994 gradiatur,
3428 3939 3538 3979 non

1969 4018 2317 4072 su-{fulcientc
2366 4019 2540 4072 altero
2583 4034 2597 4069 :
2643 4031 2820 4086 neque
2883 4015 3075 4070 oculus
3121 4024 3268 4069 recte
3315 4013 3536 4078 videat,

1968 4123 2077 4161 non
2105 4106 2312 4160 habens
2342 4107 2570 4162 alterum
2612 4113 2946 4168 consortem,
2998 4112 3206 4158 etcum
3251 4119 3316 4159 eo
3361 4105 3541 4158 socia-

1968 4201 2094 4254 liter
2135 4199 2223 4254 his
2267 4215 2388 4269 qua:
2417 4200 2690 4266 videntur,
2727 4199 2992 4252 intentus.
3031 4195 3267 4250 Auditus
3315 4207 3545 4248 accura-

1971 4292 2097 4355 tior,
2135 4289 2226 4360 qui
2259 4306 2357 4359 per
2415 4301 2676 4360 utrosque
2715 4296 2928 4344 meatus
2972 4303 3160 4344 vocem
3209 4286 3460 4356 suscipit,
3488 4293 3544 4338 et

1971 4380 2168 4434 fortior
2195 4380 2558 4450 apprehensio
2586 4379 2881 4450 digitorum
2923 4379 3329 4446 conjunctione.
3375 4377 3442 4430 Et
3486 4375 3544 4429 in

296 4477 666 4551 κραταιοτέρα
697 4480 762 4548 τῇ
799 4477 1050 4547 κοινωνίᾳ
1079 4476 1185 4528 τῶν
1220 4473 1516 4529 δακτύλων.
1554 4476 1663 4528 Καὶ
1697 4474 1856 4537 ἀπαξ-

1972 4486 2204 4535 summa,
2259 4471 2395 4524 nihil
2452 4487 2626 4541 neque
2675 4486 2866 4526 eorum
2906 4485 3028 4540 quae
3083 4477 3316 4529 natura,
3368 4480 3545 4534 neque

299 4571 508 4634 απλῶς,
559 4569 708 4623 οὐδὲν
759 4567 882 4621 οὔτε
937 4568 1046 4620 τῶν
1094 4569 1159 4620 ὲκ
1205 4566 1438 4636 φύσεως,
1491 4565 1612 4620 οὔτε
1650 4565 1758 4618 τῶν
1807 4569 1871 4618 ἐκ

301 4662 675 4734 προαιρέσεως
727 4659 1170 4730 κατορθουμένων
1220 4659 1363 4730 ὁρῶ,
1425 4658 1554 4711 ἄνευ
1611 4659 1710 4728 τῆς
1763 4657 1872 4709 τῶν

301 4754 589 4824 ὁμοφύλων
637 4752 937 4823 συμπνοίας
981 4750 1423 4821 ὲπιτελούμενονο
1479 4751 1612 4802 ὅπου
1664 4766 1729 4818 γε
1776 4749 1872 4802 καὶ

302 4845 504 4916 αύτὴή
553 4841 848 4914 προσευχὴ,
905 4841 978 4912 μὴ
1027 4841 1219 4910 ἔχουσα
1267 4842 1393 4902 τοὺς
1433 4838 1873 4909 συμφωνοῦντας,

305 4936 674 5008 ἀδρανεστέρα
707 4935 822 4987 ἐστὶ
854 4932 1031 5003 πολλῷ
1057 4932 1273 5002 ἑαυτῆς.
1307 4929 1644 4984 Νουθετείτω
1679 4947 1738 4982 σε
1765 4929 1874 4982 τῶν

301 5029 630 5098 νυκτερίδων
667 5027 727 5080 τὸ
757 5025 1096 5097 φιλάλληλον,
1128 5025 1183 5078 αἰ*
1212 5023 1400 5093 ῶσπερ
1434 5021 1672 5094 όρμαοδς
1710 5021 1876 5092 ἀλλή-

301 5123 412 5174 λων
462 5121 706 5191 ἔχονται·
754 5120 850 5174 καὶ
893 5117 1061 5191 μὴτὸ
1106 5115 1502 5186 ἀπεσχισμένον
1539 5114 1633 5168 καὶ
1677 5113 1876 5178 ἰδιάζον

378 5327 422 5358 ³⁸
463 5323 651 5378 Matth.
687 5340 738 5389 v,
773 5323 960 5376 43-45.
1038 5320 1080 5353 ³⁹
1115 5319 1274 5373 Joan.
1309 5335 1398 5381 xv,
1437 5316 1520 5371 l8.

386 5513 462 5584 (l)
523 5510 1001 5581 Ἐκλεγ-ομένους.
1057 5507 1147 5561 Sic
1203 5515 1428 5573 uterque
1485 5503 1676 5558 codex.
1735 5501 1872 5556 Editi

309 5583 534 5649 ικλελεγ
541 5583 750 5652 μένους.

385 5655 464 5722 (2)
494 5648 567 5706 Ei
606 5663 898 5706 comment.
935 5651 984 5722 i3:
1024 5648 1155 5722 ιδαη
1182 5648 1304 5702 410.

387 5720 466 5798 (ὃ)
498 5723 574 5778 Ex
607 5723 764 5794 epist.
793 5737 910 5786 CCL,
937 5720 1058 5773 565.

1970 4579 2162 4619 eorum
2222 4579 2344 4633 qum
2390 4563 2563 4618 libera
2624 4563 2906 4618 voluntate
2965 4560 3343 4632 perficiuntur,
3397 4559 3543 4610 citra

1971 4657 2434 4726 conspirationem
2479 4671 2668 4710 eorum
2705 4670 2828 4725 qua:
2861 4653 3107 4723 ejusdem
3135 4650 3353 4721 generis
3387 4655 3538 4708 sunt,

1977 4749 2161 4819 perlici
2211 4747 2412 4813 video;
2452 4728 2578 4802 cum
2623 4754 2677 4802 et
2722 4762 2912 4817 preces
2956 4746 3109 4814 ipsm,
3144 4744 3190 4798 si
3234 4742 3416 4796 desint
3451 4739 3547 4810 qui

1975 4841 2313 4909 conspirent,
2354 4840 2512 4909 longe
2565 4841 2676 4895 sint
2717 4838 2913 4907 seipsis
2953 4837 3266 4891 debiliores.
3313 4833 3390 4904 (Ἰ)
3437 4831 3550 4885 Ad-

1983 4943 2199 4987 moneat
2238 4941 2292 4988 te
2339 4944 2562 4988 mutuus
2614 4931 3066 5001 vesper-tilionum
3097 4941 3252 4980 amor
3286 4926 3377 4994 qui
3413 4940 3550 4979 con-

1982 5026 2170 5081 textim
2204 5025 2347 5080 inter
2374 5041 2434 5080 se
2460 5025 2734 5079 cohaerent
2771 5043 2784 5077 :
2831 5037 3005 5091 neque
3033 5018 3179 5090 quod
3215 5026 3298 5072 est
3329 5032 3551 5087 separa-

1981 5122 2098 5170 tum
2135 5131 2200 5170 ac
2260 5117 2556 5188 singulare,
2600 5115 2952 5185 praestantius
3001 5127 3126 5168 esse
3165 5109 3441 5174 existima,
3485 5123 3553 5163 eo

2054 5497 2130 5564 (4)
2169 5493 2404 5559 Uterque
2436 5490 2604 5544 codex
2633 5488 2835 5564 indicat
2857 5489 3016 5557 epist.

2267 5565 2426 5651 epist.
2457 5577 2620 5623 xcvn,
2655 5559 2775 5613 190.

2056 5634 2132 5707 (ti)
2167 5634 2302 5688 Ibid.
2672 5653 2679 5660 -

2053 5708 2130 5777 (7)
2173 5706 2244 5758 Ex
2277 5703 2420 5759 hom.
2459 5717 2552 5758 vm
2591 5701 2641 5753 in
2680 5699 2956 5762 Heraean,
2985 5692 3052 5748 77
