  <div class='ocr_page' id='page_1' title='image "/cluster/home/n/w/nwhite01/storage/ocr_20150623/32/mdp.39015011915462/593.png"; bbox 0 0 3874 6224; ppageno 0'>
   <div class='ocr_carea' id='block_1_1' title="bbox 363 292 492 348">
    <p class='ocr_par' dir='ltr' id='par_1_1' title="bbox 363 292 492 348">
     <span class='ocr_line' id='line_1_1' title="bbox 363 292 492 348; baseline -0.008 0"><span class='ocrx_word' id='word_1_1' title='bbox 363 292 492 348; x_wconf 66' lang='lat' dir='ltr'><strong>“bl</strong></span> 
     </span>
    </p>
   </div>
   <div class='ocr_carea' id='block_1_2' title="bbox 1251 286 2693 349">
    <p class='ocr_par' dir='ltr' id='par_1_2' title="bbox 1251 286 2693 349">
     <span class='ocr_line' id='line_1_2' title="bbox 1251 286 2693 349; baseline 0.001 -4"><span class='ocrx_word' id='word_1_2' title='bbox 1251 291 1613 347; x_wconf 76' lang='lat' dir='ltr'><strong>APPENDIX.</strong></span> <span class='ocrx_word' id='word_1_3' title='bbox 1656 322 1727 335; x_wconf 85' lang='lat'><strong>--</strong></span> <span class='ocrx_word' id='word_1_4' title='bbox 1764 290 2115 349; x_wconf 78' lang='lat' dir='ltr'><strong>SYMEONIS</strong></span> <span class='ocrx_word' id='word_1_5' title='bbox 2152 286 2693 346; x_wconf 59' lang='lat' dir='ltr'><strong>METAPHRASTIE</strong></span> 
     </span>
    </p>
   </div>
   <div class='ocr_carea' id='block_1_3' title="bbox 3503 285 3645 343">
    <p class='ocr_par' dir='ltr' id='par_1_3' title="bbox 3503 285 3645 343">
     <span class='ocr_line' id='line_1_3' title="bbox 3503 285 3645 343; baseline -0.007 -2"><span class='ocrx_word' id='word_1_6' title='bbox 3503 285 3645 343; x_wconf 70' lang='lat'><strong>“5?.</strong></span> 
     </span>
    </p>
   </div>
   <div class='ocr_carea' id='block_1_4' title="bbox 362 404 1937 483">
    <p class='ocr_par' dir='ltr' id='par_1_4' title="bbox 362 404 1937 483">
     <span class='ocr_line' id='line_1_4' title="bbox 362 404 1937 483; baseline 0.002 -20"><span class='ocrx_word' id='word_1_7' title='bbox 362 410 506 481; x_wconf 86' lang='lat' dir='ltr'><strong>quod</strong></span> <span class='ocrx_word' id='word_1_8' title='bbox 560 417 875 468; x_wconf 74' lang='lat' dir='ltr'><strong>societatem</strong></span> <span class='ocrx_word' id='word_1_9' title='bbox 928 426 1054 466; x_wconf 89' lang='lat' dir='ltr'><strong>cum</strong></span> <span class='ocrx_word' id='word_1_10' title='bbox 1096 411 1309 468; x_wconf 87' lang='lat' dir='ltr'><strong>unitate</strong></span> <span class='ocrx_word' id='word_1_11' title='bbox 1349 411 1609 467; x_wconf 74' lang='lat' dir='ltr'><strong>admittit.</strong></span> <span class='ocrx_word' id='word_1_12' title='bbox 1662 411 1740 483; x_wconf 82' lang='grc' dir='ltr'>(ί)</span> <span class='ocrx_word' id='word_1_13' title='bbox 1787 404 1937 466; x_wconf 88' lang='lat' dir='ltr'><strong>Nihil</strong></span> 
     </span>
    </p>
   </div>
   <div class='ocr_carea' id='block_1_5' title="bbox 2041 404 3640 483">
    <p class='ocr_par' dir='ltr' id='par_1_5' title="bbox 2047 407 3640 480">
     <span class='ocr_line' id='line_1_5' title="bbox 2047 407 3640 480; baseline -0.003 -15"><span class='ocrx_word' id='word_1_14' title='bbox 2047 411 2140 465; x_wconf 85' lang='grc' dir='ltr'><strong>τοῦ</strong></span> <span class='ocrx_word' id='word_1_15' title='bbox 2183 408 2504 465; x_wconf 80' lang='grc' dir='ltr'><strong>κοινωνικοῦ</strong></span> <span class='ocrx_word' id='word_1_16' title='bbox 2556 411 2652 463; x_wconf 79' lang='grc' dir='ltr'>καὶ</span> <span class='ocrx_word' id='word_1_17' title='bbox 2696 408 2982 480; x_wconf 73' lang='grc' dir='ltr'>ἡνωμένον</span> <span class='ocrx_word' id='word_1_18' title='bbox 3032 409 3169 478; x_wconf 76' lang='grc' dir='ltr'>ἡγοῦ</span> <span class='ocrx_word' id='word_1_19' title='bbox 3220 407 3640 478; x_wconf 80' lang='grc' dir='ltr'>προτιμότερον.</span> 
     </span>
    </p>
   </div>
   <div class='ocr_carea' id='block_1_6' title="bbox 361 503 1944 575">
    <p class='ocr_par' dir='ltr' id='par_1_6' title="bbox 361 503 1944 575">
     <span class='ocr_line' id='line_1_6' title="bbox 361 503 1944 575; baseline 0.001 -17"><span class='ocrx_word' id='word_1_20' title='bbox 361 503 506 558; x_wconf 87' lang='lat' dir='ltr'><strong>enim</strong></span> <span class='ocrx_word' id='word_1_21' title='bbox 537 519 639 559; x_wconf 91' lang='lat' dir='ltr'><strong>nos</strong></span> <span class='ocrx_word' id='word_1_22' title='bbox 667 503 736 559; x_wconf 89' lang='lat' dir='ltr'><strong>ab</strong></span> <span class='ocrx_word' id='word_1_23' title='bbox 764 503 998 559; x_wconf 87' lang='lat' dir='ltr'><strong>invicem</strong></span> <span class='ocrx_word' id='word_1_24' title='bbox 1042 513 1285 575; x_wconf 78' lang='lat' dir='ltr'><strong>separat,</strong></span> <span class='ocrx_word' id='word_1_25' title='bbox 1324 504 1430 560; x_wconf 87' lang='lat' dir='ltr'><strong>nisi</strong></span> <span class='ocrx_word' id='word_1_26' title='bbox 1453 504 1624 558; x_wconf 91' lang='lat' dir='ltr'><strong>animi</strong></span> <span class='ocrx_word' id='word_1_27' title='bbox 1660 503 1944 574; x_wconf 89' lang='lat' dir='ltr'><strong>proposito</strong></span> 
     </span>
    </p>
   </div>
   <div class='ocr_carea' id='block_1_7' title="bbox 362 594 1942 663">
    <p class='ocr_par' dir='ltr' id='par_1_7' title="bbox 362 594 1942 663">
     <span class='ocr_line' id='line_1_7' title="bbox 362 594 1942 663; baseline 0.002 -13"><span class='ocrx_word' id='word_1_28' title='bbox 362 595 749 652; x_wconf 74' lang='lat' dir='ltr'><strong>dissocientur.</strong></span> <span class='ocrx_word' id='word_1_29' title='bbox 784 594 937 651; x_wconf 89' lang='lat' dir='ltr'><strong>Unus</strong></span> <span class='ocrx_word' id='word_1_30' title='bbox 960 597 1120 651; x_wconf 88' lang='lat' dir='ltr'><strong>nobis</strong></span> <span class='ocrx_word' id='word_1_31' title='bbox 1151 604 1235 652; x_wconf 89' lang='lat' dir='ltr'><strong>est</strong></span> <span class='ocrx_word' id='word_1_32' title='bbox 1260 596 1549 660; x_wconf 77' lang='lat' dir='ltr'><strong>Dominus,</strong></span> <span class='ocrx_word' id='word_1_33' title='bbox 1584 612 1690 651; x_wconf 87' lang='lat' dir='ltr'><strong>una</strong></span> <span class='ocrx_word' id='word_1_34' title='bbox 1718 596 1852 653; x_wconf 82' lang='lat' dir='ltr'><strong>ﬁdes</strong></span> <span class='ocrx_word' id='word_1_35' title='bbox 1873 596 1942 663; x_wconf 78' lang='lat'><strong>&quot;&#39;,</strong></span> 
     </span>
    </p>
   </div>
   <div class='ocr_carea' id='block_1_8' title="bbox 361 687 1946 759">
    <p class='ocr_par' dir='ltr' id='par_1_8' title="bbox 361 687 1946 759">
     <span class='ocr_line' id='line_1_8' title="bbox 361 687 1946 759; baseline -0.003 -13"><span class='ocrx_word' id='word_1_36' title='bbox 361 705 491 759; x_wconf 73' lang='lat' dir='ltr'><strong>spes</strong></span> <span class='ocrx_word' id='word_1_37' title='bbox 528 688 742 745; x_wconf 87' lang='lat' dir='ltr'><strong>eadem.</strong></span> <span class='ocrx_word' id='word_1_38' title='bbox 772 687 900 744; x_wconf 86' lang='lat' dir='ltr'><strong>Sive</strong></span> <span class='ocrx_word' id='word_1_39' title='bbox 925 698 1091 759; x_wconf 86' lang='lat' dir='ltr'><strong>caput</strong></span> <span class='ocrx_word' id='word_1_40' title='bbox 1119 704 1219 744; x_wconf 86' lang='lat' dir='ltr'><strong>vos</strong></span> <span class='ocrx_word' id='word_1_41' title='bbox 1262 691 1416 759; x_wconf 83' lang='lat' dir='ltr'><strong>ipsos</strong></span> <span class='ocrx_word' id='word_1_42' title='bbox 1450 688 1800 752; x_wconf 69' lang='lat' dir='ltr'><strong>existimatis,</strong></span> <span class='ocrx_word' id='word_1_43' title='bbox 1833 702 1946 742; x_wconf 85' lang='lat' dir='ltr'><strong>non</strong></span> 
     </span>
    </p>
   </div>
   <div class='ocr_carea' id='block_1_9' title="bbox 361 779 1945 852">
    <p class='ocr_par' dir='ltr' id='par_1_9' title="bbox 361 779 1945 852">
     <span class='ocr_line' id='line_1_9' title="bbox 361 779 1945 852; baseline 0 -17"><span class='ocrx_word' id='word_1_44' title='bbox 361 789 543 852; x_wconf 87' lang='lat' dir='ltr'><strong>potest</strong></span> <span class='ocrx_word' id='word_1_45' title='bbox 569 788 736 851; x_wconf 88' lang='lat' dir='ltr'><strong>caput</strong></span> <span class='ocrx_word' id='word_1_46' title='bbox 767 780 950 836; x_wconf 80' lang='lat' dir='ltr'><strong>dicere</strong></span> <span class='ocrx_word' id='word_1_47' title='bbox 989 781 1219 851; x_wconf 85' lang='lat' dir='ltr'><strong>pedibus</strong></span> <span class='ocrx_word' id='word_1_48' title='bbox 1266 799 1279 834; x_wconf 91' lang='lat'>:</span> <span class='ocrx_word' id='word_1_49' title='bbox 1323 779 1445 835; x_wconf 82' lang='lat' dir='ltr'><strong>Non</strong></span> <span class='ocrx_word' id='word_1_50' title='bbox 1491 788 1578 837; x_wconf 91' lang='lat' dir='ltr'><strong>est</strong></span> <span class='ocrx_word' id='word_1_51' title='bbox 1623 780 1759 833; x_wconf 88' lang='lat' dir='ltr'><strong>mihi</strong></span> <span class='ocrx_word' id='word_1_52' title='bbox 1804 794 1945 850; x_wconf 84' lang='lat' dir='ltr'><strong>opus</strong></span> 
     </span>
    </p>
   </div>
   <div class='ocr_carea' id='block_1_10' title="bbox 363 866 1943 943">
    <p class='ocr_par' dir='ltr' id='par_1_10' title="bbox 363 866 1943 943">
     <span class='ocr_line' id='line_1_10' title="bbox 363 866 1943 943; baseline -0.003 -14"><span class='ocrx_word' id='word_1_53' title='bbox 363 866 518 930; x_wconf 86' lang='lat' dir='ltr'><strong>vobis</strong></span> <span class='ocrx_word' id='word_1_54' title='bbox 541 873 607 928; x_wconf 76' lang='lat'><strong>“.</strong></span> <span class='ocrx_word' id='word_1_55' title='bbox 642 876 769 930; x_wconf 86' lang='lat' dir='ltr'><strong>Sive</strong></span> <span class='ocrx_word' id='word_1_56' title='bbox 804 890 906 930; x_wconf 87' lang='lat' dir='ltr'><strong>vos</strong></span> <span class='ocrx_word' id='word_1_57' title='bbox 935 875 993 929; x_wconf 90' lang='lat' dir='ltr'><strong>in</strong></span> <span class='ocrx_word' id='word_1_58' title='bbox 1023 874 1134 928; x_wconf 90' lang='lat' dir='ltr'><strong>alio</strong></span> <span class='ocrx_word' id='word_1_59' title='bbox 1164 874 1357 929; x_wconf 88' lang='lat' dir='ltr'><strong>ordine</strong></span> <span class='ocrx_word' id='word_1_60' title='bbox 1382 873 1674 943; x_wconf 89' lang='lat' dir='ltr'><strong>reponitis,</strong></span> <span class='ocrx_word' id='word_1_61' title='bbox 1701 872 1861 928; x_wconf 85' lang='lat' dir='ltr'><strong>nobis</strong></span> <span class='ocrx_word' id='word_1_62' title='bbox 1885 872 1943 926; x_wconf 90' lang='lat' dir='ltr'><strong>in</strong></span> 
     </span>
    </p>
   </div>
   <div class='ocr_carea' id='block_1_11' title="bbox 360 963 1941 1034">
    <p class='ocr_par' dir='ltr' id='par_1_11' title="bbox 360 963 1941 1034">
     <span class='ocr_line' id='line_1_11' title="bbox 360 963 1941 1034; baseline -0.002 -14"><span class='ocrx_word' id='word_1_63' title='bbox 360 963 554 1020; x_wconf 87' lang='lat' dir='ltr'><strong>eodem</strong></span> <span class='ocrx_word' id='word_1_64' title='bbox 607 978 842 1034; x_wconf 91' lang='lat' dir='ltr'><strong>corpore</strong></span> <span class='ocrx_word' id='word_1_65' title='bbox 871 965 1189 1022; x_wconf 83' lang='lat' dir='ltr'><strong>constitutis</strong></span> <span class='ocrx_word' id='word_1_66' title='bbox 1236 980 1350 1020; x_wconf 84' lang='lat' dir='ltr'><strong>non</strong></span> <span class='ocrx_word' id='word_1_67' title='bbox 1414 964 1645 1034; x_wconf 80' lang='lat' dir='ltr'><strong>potestis</strong></span> <span class='ocrx_word' id='word_1_68' title='bbox 1690 963 1877 1019; x_wconf 89' lang='lat' dir='ltr'><strong>dicere</strong></span> <span class='ocrx_word' id='word_1_69' title='bbox 1925 981 1941 1017; x_wconf 89' lang='lat'><strong>:</strong></span> 
     </span>
    </p>
   </div>
   <div class='ocr_carea' id='block_1_12' title="bbox 362 1055 1944 1128">
    <p class='ocr_par' dir='ltr' id='par_1_12' title="bbox 362 1055 1944 1128">
     <span class='ocr_line' id='line_1_12' title="bbox 362 1055 1944 1128; baseline 0 -18"><span class='ocrx_word' id='word_1_70' title='bbox 362 1055 547 1112; x_wconf 84' lang='lat' dir='ltr'><strong>Vestri</strong></span> <span class='ocrx_word' id='word_1_71' title='bbox 570 1073 680 1113; x_wconf 90' lang='lat' dir='ltr'><strong>non</strong></span> <span class='ocrx_word' id='word_1_72' title='bbox 705 1057 1036 1128; x_wconf 80' lang='lat' dir='ltr'><strong>indigemus.</strong></span> <span class='ocrx_word' id='word_1_73' title='bbox 1061 1056 1197 1111; x_wconf 85' lang='lat' dir='ltr'><strong>Nam</strong></span> <span class='ocrx_word' id='word_1_74' title='bbox 1225 1066 1280 1112; x_wconf 93' lang='lat' dir='ltr'><strong>et</strong></span> <span class='ocrx_word' id='word_1_75' title='bbox 1302 1072 1496 1112; x_wconf 89' lang='lat' dir='ltr'><strong>manus</strong></span> <span class='ocrx_word' id='word_1_76' title='bbox 1517 1058 1690 1111; x_wconf 87' lang='lat' dir='ltr'><strong>altera</strong></span> <span class='ocrx_word' id='word_1_77' title='bbox 1716 1056 1944 1111; x_wconf 84' lang='lat' dir='ltr'><strong>alterius</strong></span> 
     </span>
    </p>
   </div>
   <div class='ocr_carea' id='block_1_13' title="bbox 360 1146 1947 1217">
    <p class='ocr_par' dir='ltr' id='par_1_13' title="bbox 360 1146 1947 1217">
     <span class='ocr_line' id='line_1_13' title="bbox 360 1146 1947 1217; baseline -0.004 -12"><span class='ocrx_word' id='word_1_78' title='bbox 360 1155 504 1217; x_wconf 79' lang='lat' dir='ltr'><strong>eget,</strong></span> <span class='ocrx_word' id='word_1_79' title='bbox 536 1156 590 1204; x_wconf 90' lang='lat' dir='ltr'><strong>et</strong></span> <span class='ocrx_word' id='word_1_80' title='bbox 622 1161 719 1212; x_wconf 87' lang='lat' dir='ltr'><strong>pes</strong></span> <span class='ocrx_word' id='word_1_81' title='bbox 751 1147 889 1202; x_wconf 86' lang='lat' dir='ltr'><strong>alter</strong></span> <span class='ocrx_word' id='word_1_82' title='bbox 927 1148 1160 1201; x_wconf 87' lang='lat' dir='ltr'><strong>alterum</strong></span> <span class='ocrx_word' id='word_1_83' title='bbox 1194 1146 1393 1210; x_wconf 83' lang='lat' dir='ltr'><strong>ﬁrmat,</strong></span> <span class='ocrx_word' id='word_1_84' title='bbox 1424 1154 1477 1200; x_wconf 90' lang='lat' dir='ltr'><strong>et</strong></span> <span class='ocrx_word' id='word_1_85' title='bbox 1506 1146 1650 1201; x_wconf 88' lang='lat' dir='ltr'><strong>oculi</strong></span> <span class='ocrx_word' id='word_1_86' title='bbox 1691 1160 1789 1215; x_wconf 89' lang='lat' dir='ltr'><strong>per</strong></span> <span class='ocrx_word' id='word_1_87' title='bbox 1818 1161 1947 1201; x_wconf 87' lang='lat' dir='ltr'><strong>con-</strong></span> 
     </span>
    </p>
   </div>
   <div class='ocr_carea' id='block_1_14' title="bbox 361 1234 1942 1308">
    <p class='ocr_par' dir='ltr' id='par_1_14' title="bbox 361 1234 1942 1308">
     <span class='ocr_line' id='line_1_14' title="bbox 361 1234 1942 1308; baseline -0.002 -14"><span class='ocrx_word' id='word_1_88' title='bbox 361 1238 606 1294; x_wconf 89' lang='lat' dir='ltr'><strong>cordiam</strong></span> <span class='ocrx_word' id='word_1_89' title='bbox 644 1238 793 1294; x_wconf 89' lang='lat' dir='ltr'><strong>clare</strong></span> <span class='ocrx_word' id='word_1_90' title='bbox 834 1253 900 1293; x_wconf 87' lang='lat' dir='ltr'><strong>ac</strong></span> <span class='ocrx_word' id='word_1_91' title='bbox 943 1240 1233 1308; x_wconf 89' lang='lat' dir='ltr'><strong>perspicue</strong></span> <span class='ocrx_word' id='word_1_92' title='bbox 1275 1238 1480 1292; x_wconf 86' lang='lat' dir='ltr'><strong>vident.</strong></span> <span class='ocrx_word' id='word_1_93' title='bbox 1528 1235 1606 1308; x_wconf 74' lang='lat'><strong>(2)</strong></span> <span class='ocrx_word' id='word_1_94' title='bbox 1644 1234 1767 1291; x_wconf 88' lang='lat' dir='ltr'><strong>Non</strong></span> <span class='ocrx_word' id='word_1_95' title='bbox 1795 1237 1942 1293; x_wconf 77' lang='lat' dir='ltr'><strong>enim</strong></span> 
     </span>
    </p>
   </div>
   <div class='ocr_carea' id='block_1_15' title="bbox 359 1329 1944 1404">
    <p class='ocr_par' dir='ltr' id='par_1_15' title="bbox 359 1329 1944 1404">
     <span class='ocr_line' id='line_1_15' title="bbox 359 1329 1944 1404; baseline -0.001 -21"><span class='ocrx_word' id='word_1_96' title='bbox 359 1349 459 1389; x_wconf 82' lang='lat' dir='ltr'><strong>vos</strong></span> <span class='ocrx_word' id='word_1_97' title='bbox 500 1332 592 1386; x_wconf 89' lang='lat' dir='ltr'><strong>illa</strong></span> <span class='ocrx_word' id='word_1_98' title='bbox 634 1331 899 1404; x_wconf 78' lang='lat' dir='ltr'><strong>cogitatio</strong></span> <span class='ocrx_word' id='word_1_99' title='bbox 937 1331 1179 1385; x_wconf 80' lang='lat' dir='ltr'><strong>detineat</strong></span> <span class='ocrx_word' id='word_1_100' title='bbox 1213 1348 1226 1384; x_wconf 92' lang='lat'><strong>:</strong></span> <span class='ocrx_word' id='word_1_101' title='bbox 1265 1329 1434 1384; x_wconf 88' lang='lat' dir='ltr'><strong>Extra</strong></span> <span class='ocrx_word' id='word_1_102' title='bbox 1476 1330 1779 1385; x_wconf 87' lang='lat' dir='ltr'><strong>multorum</strong></span> <span class='ocrx_word' id='word_1_103' title='bbox 1823 1344 1944 1383; x_wconf 88' lang='lat' dir='ltr'><strong>ma-</strong></span> 
     </span>
    </p>
   </div>
   <div class='ocr_carea' id='block_1_16' title="bbox 358 1422 1942 1496">
    <p class='ocr_par' dir='ltr' id='par_1_16' title="bbox 358 1422 1942 1496">
     <span class='ocr_line' id='line_1_16' title="bbox 358 1422 1942 1496; baseline -0.001 -18"><span class='ocrx_word' id='word_1_104' title='bbox 358 1426 472 1478; x_wconf 89' lang='lat' dir='ltr'><strong>lum</strong></span> <span class='ocrx_word' id='word_1_105' title='bbox 505 1441 722 1490; x_wconf 87' lang='lat' dir='ltr'><strong>sumus,</strong></span> <span class='ocrx_word' id='word_1_106' title='bbox 761 1424 1121 1496; x_wconf 87' lang='lat' dir='ltr'><strong>quamobrem</strong></span> <span class='ocrx_word' id='word_1_107' title='bbox 1164 1422 1295 1493; x_wconf 91' lang='lat' dir='ltr'><strong>quid</strong></span> <span class='ocrx_word' id='word_1_108' title='bbox 1339 1422 1499 1478; x_wconf 91' lang='lat' dir='ltr'><strong>nobis</strong></span> <span class='ocrx_word' id='word_1_109' title='bbox 1530 1438 1671 1493; x_wconf 89' lang='lat' dir='ltr'><strong>opus</strong></span> <span class='ocrx_word' id='word_1_110' title='bbox 1700 1430 1787 1477; x_wconf 89' lang='lat' dir='ltr'><strong>est</strong></span> <span class='ocrx_word' id='word_1_111' title='bbox 1815 1437 1942 1477; x_wconf 90' lang='lat' dir='ltr'><strong>cum</strong></span> 
     </span>
    </p>
   </div>
   <div class='ocr_carea' id='block_1_17' title="bbox 358 1515 1943 1586">
    <p class='ocr_par' dir='ltr' id='par_1_17' title="bbox 358 1515 1943 1586">
     <span class='ocr_line' id='line_1_17' title="bbox 358 1515 1943 1586; baseline -0.001 -15"><span class='ocrx_word' id='word_1_112' title='bbox 358 1518 481 1573; x_wconf 87' lang='lat' dir='ltr'><strong>aliis</strong></span> <span class='ocrx_word' id='word_1_113' title='bbox 503 1516 855 1573; x_wconf 82' lang='lat' dir='ltr'><strong>conununio?</strong></span> <span class='ocrx_word' id='word_1_114' title='bbox 885 1515 1154 1570; x_wconf 82' lang='lat' dir='ltr'><strong>Dominus</strong></span> <span class='ocrx_word' id='word_1_115' title='bbox 1194 1518 1342 1571; x_wconf 90' lang='lat' dir='ltr'><strong>enim</strong></span> <span class='ocrx_word' id='word_1_116' title='bbox 1394 1515 1608 1571; x_wconf 85' lang='lat' dir='ltr'><strong>insulas</strong></span> <span class='ocrx_word' id='word_1_117' title='bbox 1645 1515 1864 1586; x_wconf 88' lang='lat' dir='ltr'><strong>quidem</strong></span> <span class='ocrx_word' id='word_1_118' title='bbox 1910 1529 1943 1570; x_wconf 89' lang='lat' dir='ltr'><strong>a</strong></span> 
     </span>
    </p>
   </div>
   <div class='ocr_carea' id='block_1_18' title="bbox 359 1608 1944 1679">
    <p class='ocr_par' dir='ltr' id='par_1_18' title="bbox 359 1608 1944 1679">
     <span class='ocr_line' id='line_1_18' title="bbox 359 1608 1944 1679; baseline -0.003 -13"><span class='ocrx_word' id='word_1_119' title='bbox 359 1611 678 1666; x_wconf 89' lang='lat' dir='ltr'><strong>continente</strong></span> <span class='ocrx_word' id='word_1_120' title='bbox 731 1625 830 1679; x_wconf 88' lang='lat' dir='ltr'><strong>per</strong></span> <span class='ocrx_word' id='word_1_121' title='bbox 872 1624 1025 1664; x_wconf 90' lang='lat' dir='ltr'><strong>mare</strong></span> <span class='ocrx_word' id='word_1_122' title='bbox 1066 1608 1273 1671; x_wconf 89' lang='lat' dir='ltr'><strong>divisit,</strong></span> <span class='ocrx_word' id='word_1_123' title='bbox 1320 1608 1626 1663; x_wconf 86' lang='lat' dir='ltr'><strong>insularum</strong></span> <span class='ocrx_word' id='word_1_124' title='bbox 1664 1622 1797 1663; x_wconf 84' lang='lat' dir='ltr'><strong>vero</strong></span> <span class='ocrx_word' id='word_1_125' title='bbox 1858 1608 1944 1662; x_wconf 87' lang='lat' dir='ltr'><strong>in-</strong></span> 
     </span>
    </p>
   </div>
   <div class='ocr_carea' id='block_1_19' title="bbox 2048 499 3641 575">
    <p class='ocr_par' dir='ltr' id='par_1_19' title="bbox 2048 499 3641 575">
     <span class='ocr_line' id='line_1_19' title="bbox 2048 499 3641 575; baseline -0.003 -19"><span class='ocrx_word' id='word_1_126' title='bbox 2048 504 2218 556; x_wconf 79' lang='grc' dir='ltr'>υύδὲν</span> <span class='ocrx_word' id='word_1_127' title='bbox 2266 502 2376 575; x_wconf 78' lang='grc' dir='ltr'><strong>γὰρ</strong></span> <span class='ocrx_word' id='word_1_128' title='bbox 2410 504 2560 574; x_wconf 79' lang='grc' dir='ltr'>ἡμᾶς</span> <span class='ocrx_word' id='word_1_129' title='bbox 2605 502 2828 573; x_wconf 77' lang='grc' dir='ltr'><strong>χωρίζει</strong></span> <span class='ocrx_word' id='word_1_130' title='bbox 2883 502 2978 554; x_wconf 79' lang='grc' dir='ltr'>ἀπ’</span> <span class='ocrx_word' id='word_1_131' title='bbox 3004 499 3270 572; x_wconf 68' lang='grc' dir='ltr'>ἀλλήλων.</span> <span class='ocrx_word' id='word_1_132' title='bbox 3307 502 3403 553; x_wconf 79' lang='grc' dir='ltr'>ἐάν</span> <span class='ocrx_word' id='word_1_133' title='bbox 3451 502 3528 569; x_wconf 73' lang='grc' dir='ltr'>μὴ</span> <span class='ocrx_word' id='word_1_134' title='bbox 3574 504 3641 569; x_wconf 74' lang='grc' dir='ltr'>τῇ</span> 
     </span>
    </p>
   </div>
   <div class='ocr_carea' id='block_1_20' title="bbox 2049 588 3639 669">
    <p class='ocr_par' dir='ltr' id='par_1_20' title="bbox 2049 588 3639 669">
     <span class='ocr_line' id='line_1_20' title="bbox 2049 588 3639 669; baseline -0.004 -19"><span class='ocrx_word' id='word_1_135' title='bbox 2049 595 2370 669; x_wconf 82' lang='grc' dir='ltr'><strong>προαιρέσει</strong></span> <span class='ocrx_word' id='word_1_136' title='bbox 2404 596 2499 649; x_wconf 85' lang='grc' dir='ltr'><strong>τὸν</strong></span> <span class='ocrx_word' id='word_1_137' title='bbox 2525 595 2803 668; x_wconf 83' lang='grc' dir='ltr'>χωρισμὸν</span> <span class='ocrx_word' id='word_1_138' title='bbox 2831 593 3175 666; x_wconf 79' lang='grc' dir='ltr'>ὑποστῶμεν.</span> <span class='ocrx_word' id='word_1_139' title='bbox 3214 588 3312 657; x_wconf 78' lang='grc' dir='ltr'><strong>Εἷς</strong></span> <span class='ocrx_word' id='word_1_140' title='bbox 3341 593 3499 664; x_wconf 75' lang='grc' dir='ltr'><strong>ἡμῶν</strong></span> <span class='ocrx_word' id='word_1_141' title='bbox 3523 592 3639 647; x_wconf 77' lang='grc' dir='ltr'><strong>Κύ-</strong></span> 
     </span>
    </p>
   </div>
   <div class='ocr_carea' id='block_1_21' title="bbox 2050 682 3640 760">
    <p class='ocr_par' dir='ltr' id='par_1_21' title="bbox 2050 682 3640 760">
     <span class='ocr_line' id='line_1_21' title="bbox 2050 682 3640 760; baseline -0.003 -19"><span class='ocrx_word' id='word_1_142' title='bbox 2050 705 2186 760; x_wconf 79' lang='grc' dir='ltr'>ριος,</span> <span class='ocrx_word' id='word_1_143' title='bbox 2238 688 2338 760; x_wconf 89' lang='grc' dir='ltr'><strong>μία</strong></span> <span class='ocrx_word' id='word_1_144' title='bbox 2375 688 2579 753; x_wconf 83' lang='grc' dir='ltr'><strong>πίστις,</strong></span> <span class='ocrx_word' id='word_1_145' title='bbox 2613 688 2769 750; x_wconf 78' lang='grc' dir='ltr'>ἐλπὶς</span> <span class='ocrx_word' id='word_1_146' title='bbox 2803 689 2838 758; x_wconf 78' lang='grc' dir='ltr'><strong>ἡ</strong></span> <span class='ocrx_word' id='word_1_147' title='bbox 2871 687 3033 757; x_wconf 75' lang='grc' dir='ltr'>αὐτή.</span> <span class='ocrx_word' id='word_1_148' title='bbox 3080 687 3207 741; x_wconf 76' lang='grc' dir='ltr'>Εἴτε</span> <span class='ocrx_word' id='word_1_149' title='bbox 3252 682 3349 741; x_wconf 85' lang='grc' dir='ltr'><strong>οῦν</strong></span> <span class='ocrx_word' id='word_1_150' title='bbox 3394 685 3640 756; x_wconf 61' lang='grc' dir='ltr'>κεφαλὴν</span> 
     </span>
    </p>
   </div>
   <div class='ocr_carea' id='block_1_22' title="bbox 2047 778 3639 850">
    <p class='ocr_par' dir='ltr' id='par_1_22' title="bbox 2047 778 3639 850">
     <span class='ocr_line' id='line_1_22' title="bbox 2047 778 3639 850; baseline 0 -18"><span class='ocrx_word' id='word_1_151' title='bbox 2047 782 2275 844; x_wconf 78' lang='grc' dir='ltr'>ἑαυτοὺς</span> <span class='ocrx_word' id='word_1_152' title='bbox 2304 780 2612 850; x_wconf 71' lang='grc' dir='ltr'>λογίζεσθε,</span> <span class='ocrx_word' id='word_1_153' title='bbox 2639 779 2700 833; x_wconf 86' lang='grc' dir='ltr'><strong>οὐ</strong></span> <span class='ocrx_word' id='word_1_154' title='bbox 2727 778 2947 833; x_wconf 89' lang='grc' dir='ltr'>δύναται</span> <span class='ocrx_word' id='word_1_155' title='bbox 2980 782 3014 849; x_wconf 83' lang='grc' dir='ltr'>ὴ</span> <span class='ocrx_word' id='word_1_156' title='bbox 3048 779 3259 849; x_wconf 79' lang='grc' dir='ltr'>κεφαλὴ</span> <span class='ocrx_word' id='word_1_157' title='bbox 3303 780 3482 832; x_wconf 84' lang='grc' dir='ltr'>εἰπεῖν</span> <span class='ocrx_word' id='word_1_158' title='bbox 3527 783 3639 842; x_wconf 63' lang='lat' dir='ltr'><strong>toi;</strong></span> 
     </span>
    </p>
   </div>
   <div class='ocr_carea' id='block_1_23' title="bbox 2047 868 3635 943">
    <p class='ocr_par' dir='ltr' id='par_1_23' title="bbox 2047 868 3635 943">
     <span class='ocr_line' id='line_1_23' title="bbox 2047 868 3635 943; baseline -0.001 -20"><span class='ocrx_word' id='word_1_159' title='bbox 2047 871 2173 923; x_wconf 81' lang='grc' dir='ltr'>ποσί</span> <span class='ocrx_word' id='word_1_160' title='bbox 2192 885 2207 901; x_wconf 72' lang='grc' dir='ltr'><strong>ο</strong></span> <span class='ocrx_word' id='word_1_161' title='bbox 2237 871 2442 943; x_wconf 84' lang='grc' dir='ltr'><strong>Χρείαν</strong></span> <span class='ocrx_word' id='word_1_162' title='bbox 2469 870 2623 942; x_wconf 81' lang='grc' dir='ltr'>ὑμῶν</span> <span class='ocrx_word' id='word_1_163' title='bbox 2652 871 2754 923; x_wconf 79' lang='grc' dir='ltr'><strong>οὐκ</strong></span> <span class='ocrx_word' id='word_1_164' title='bbox 2785 869 2895 941; x_wconf 73' lang='grc' dir='ltr'>ἔχω</span> <span class='ocrx_word' id='word_1_165' title='bbox 2919 885 2933 898; x_wconf 87' lang='grc'><strong>·</strong></span> <span class='ocrx_word' id='word_1_166' title='bbox 2974 871 3084 924; x_wconf 80' lang='grc' dir='ltr'>εἴτε</span> <span class='ocrx_word' id='word_1_167' title='bbox 3116 870 3209 924; x_wconf 82' lang='grc' dir='ltr'><strong>καὶ</strong></span> <span class='ocrx_word' id='word_1_168' title='bbox 3236 872 3295 923; x_wconf 81' lang='grc' dir='ltr'>ἐν</span> <span class='ocrx_word' id='word_1_169' title='bbox 3324 869 3462 940; x_wconf 74' lang='grc' dir='ltr'>ἄλλῃ</span> <span class='ocrx_word' id='word_1_170' title='bbox 3485 868 3635 933; x_wconf 76' lang='grc' dir='ltr'>τάξει</span> 
     </span>
    </p>
   </div>
   <div class='ocr_carea' id='block_1_24' title="bbox 2045 960 3637 1033">
    <p class='ocr_par' dir='ltr' id='par_1_24' title="bbox 2045 960 3637 1033">
     <span class='ocr_line' id='line_1_24' title="bbox 2045 960 3637 1033; baseline -0.001 -18"><span class='ocrx_word' id='word_1_171' title='bbox 2045 962 2272 1027; x_wconf 71' lang='grc' dir='ltr'>ἑαυτοὺς</span> <span class='ocrx_word' id='word_1_172' title='bbox 2311 961 2560 1027; x_wconf 86' lang='grc' dir='ltr'>τάσσετε,</span> <span class='ocrx_word' id='word_1_173' title='bbox 2605 962 2665 1015; x_wconf 82' lang='grc' dir='ltr'><strong>οὐ</strong></span> <span class='ocrx_word' id='word_1_174' title='bbox 2695 960 2924 1016; x_wconf 84' lang='grc' dir='ltr'><strong>δύνασθε</strong></span> <span class='ocrx_word' id='word_1_175' title='bbox 2965 965 3078 1026; x_wconf 89' lang='grc' dir='ltr'>τοῖς</span> <span class='ocrx_word' id='word_1_176' title='bbox 3118 964 3176 1015; x_wconf 82' lang='grc' dir='ltr'>ἐν</span> <span class='ocrx_word' id='word_1_177' title='bbox 3205 961 3286 1033; x_wconf 80' lang='grc' dir='ltr'><strong>τῷ</strong></span> <span class='ocrx_word' id='word_1_178' title='bbox 3335 961 3489 1032; x_wconf 77' lang='grc' dir='ltr'>αὐτῷ</span> <span class='ocrx_word' id='word_1_179' title='bbox 3534 960 3637 1014; x_wconf 80' lang='grc' dir='ltr'><strong>σώ-</strong></span> 
     </span>
    </p>
   </div>
   <div class='ocr_carea' id='block_1_25' title="bbox 2049 1053 3637 1125">
    <p class='ocr_par' dir='ltr' id='par_1_25' title="bbox 2049 1053 3637 1125">
     <span class='ocr_line' id='line_1_25' title="bbox 2049 1053 3637 1125; baseline 0.001 -20"><span class='ocrx_word' id='word_1_180' title='bbox 2049 1071 2178 1124; x_wconf 87' lang='grc' dir='ltr'>ματι</span> <span class='ocrx_word' id='word_1_181' title='bbox 2225 1053 2721 1124; x_wconf 86' lang='grc' dir='ltr'>κατατεταγμένοις</span> <span class='ocrx_word' id='word_1_182' title='bbox 2770 1053 2948 1122; x_wconf 89' lang='grc' dir='ltr'>λέγειν</span> <span class='ocrx_word' id='word_1_183' title='bbox 2985 1054 3064 1125; x_wconf 88' lang='lat'><strong>(8)</strong></span> <span class='ocrx_word' id='word_1_184' title='bbox 3115 1054 3198 1118; x_wconf 77' lang='grc' dir='ltr'><strong>τὸ,</strong></span> <span class='ocrx_word' id='word_1_185' title='bbox 3242 1054 3451 1125; x_wconf 85' lang='grc' dir='ltr'>Χρείαν</span> <span class='ocrx_word' id='word_1_186' title='bbox 3484 1053 3637 1124; x_wconf 77' lang='grc' dir='ltr'>ὑμῶν</span> 
     </span>
    </p>
   </div>
   <div class='ocr_carea' id='block_1_26' title="bbox 2044 1144 3637 1219">
    <p class='ocr_par' dir='ltr' id='par_1_26' title="bbox 2044 1144 3637 1219">
     <span class='ocr_line' id='line_1_26' title="bbox 2044 1144 3637 1219; baseline -0.003 -20"><span class='ocrx_word' id='word_1_187' title='bbox 2044 1147 2146 1199; x_wconf 77' lang='grc' dir='ltr'><strong>οὐκ</strong></span> <span class='ocrx_word' id='word_1_188' title='bbox 2175 1144 2396 1216; x_wconf 83' lang='grc' dir='ltr'>ἔχομεν.</span> <span class='ocrx_word' id='word_1_189' title='bbox 2429 1145 2498 1199; x_wconf 82' lang='grc' dir='ltr'><strong>Αἰ</strong></span> <span class='ocrx_word' id='word_1_190' title='bbox 2532 1163 2592 1198; x_wconf 90' lang='grc' dir='ltr'><strong>τε</strong></span> <span class='ocrx_word' id='word_1_191' title='bbox 2631 1147 2743 1219; x_wconf 89' lang='grc' dir='ltr'><strong>γάρ</strong></span> <span class='ocrx_word' id='word_1_192' title='bbox 2776 1149 2959 1218; x_wconf 89' lang='grc' dir='ltr'>χεῖρες</span> <span class='ocrx_word' id='word_1_193' title='bbox 2977 1145 3223 1215; x_wconf 83' lang='grc' dir='ltr'>ἀλλήλων</span> <span class='ocrx_word' id='word_1_194' title='bbox 3266 1145 3502 1207; x_wconf 83' lang='grc' dir='ltr'>δέονται,</span> <span class='ocrx_word' id='word_1_195' title='bbox 3541 1146 3637 1199; x_wconf 75' lang='grc' dir='ltr'>καὶ</span> 
     </span>
    </p>
   </div>
   <div class='ocr_carea' id='block_1_27' title="bbox 2044 1235 3637 1308">
    <p class='ocr_par' dir='ltr' id='par_1_27' title="bbox 2044 1235 3637 1308">
     <span class='ocr_line' id='line_1_27' title="bbox 2044 1235 3637 1308; baseline 0.001 -20"><span class='ocrx_word' id='word_1_196' title='bbox 2044 1237 2093 1289; x_wconf 79' lang='grc' dir='ltr'>οἱ</span> <span class='ocrx_word' id='word_1_197' title='bbox 2137 1235 2294 1300; x_wconf 83' lang='grc' dir='ltr'>πόδες</span> <span class='ocrx_word' id='word_1_198' title='bbox 2340 1236 2603 1307; x_wconf 78' lang='grc' dir='ltr'><strong>ἀλλήλους</strong></span> <span class='ocrx_word' id='word_1_199' title='bbox 2654 1236 2995 1308; x_wconf 82' lang='grc' dir='ltr'>στηρίζουσι,</span> <span class='ocrx_word' id='word_1_200' title='bbox 3043 1237 3137 1289; x_wconf 80' lang='grc' dir='ltr'><strong>καὶ</strong></span> <span class='ocrx_word' id='word_1_201' title='bbox 3185 1238 3235 1290; x_wconf 86' lang='grc' dir='ltr'>οἱ</span> <span class='ocrx_word' id='word_1_202' title='bbox 3268 1237 3547 1307; x_wconf 72' lang='grc' dir='ltr'>ὀφθαλμοὶ</span> <span class='ocrx_word' id='word_1_203' title='bbox 3579 1238 3637 1289; x_wconf 78' lang='grc' dir='ltr'>ὲν</span> 
     </span>
    </p>
   </div>
   <div class='ocr_carea' id='block_1_28' title="bbox 2043 1327 3632 1400">
    <p class='ocr_par' dir='ltr' id='par_1_28' title="bbox 2043 1327 3632 1400">
     <span class='ocr_line' id='line_1_28' title="bbox 2043 1327 3632 1400; baseline 0.001 -21"><span class='ocrx_word' id='word_1_204' title='bbox 2043 1329 2109 1398; x_wconf 78' lang='grc' dir='ltr'>τῇ</span> <span class='ocrx_word' id='word_1_205' title='bbox 2161 1327 2454 1399; x_wconf 71' lang='grc' dir='ltr'>συμφωνίᾳ</span> <span class='ocrx_word' id='word_1_206' title='bbox 2500 1328 2560 1382; x_wconf 84' lang='grc' dir='ltr'><strong>τὸ</strong></span> <span class='ocrx_word' id='word_1_207' title='bbox 2601 1329 2830 1399; x_wconf 76' lang='grc' dir='ltr'>ἐναργὲς</span> <span class='ocrx_word' id='word_1_208' title='bbox 2866 1329 2966 1400; x_wconf 84' lang='grc' dir='ltr'>τῆς</span> <span class='ocrx_word' id='word_1_209' title='bbox 3012 1329 3373 1400; x_wconf 67' lang='grc' dir='ltr'>καταλήψεως</span> <span class='ocrx_word' id='word_1_210' title='bbox 3430 1330 3632 1399; x_wconf 73' lang='grc' dir='ltr'>ἔχουσι.</span> 
     </span>
    </p>
   </div>
   <div class='ocr_carea' id='block_1_29' title="bbox 2045 1418 3638 1492">
    <p class='ocr_par' dir='ltr' id='par_1_29' title="bbox 2045 1418 3638 1492">
     <span class='ocr_line' id='line_1_29' title="bbox 2045 1418 3638 1492; baseline 0.001 -21"><span class='ocrx_word' id='word_1_211' title='bbox 2045 1418 2137 1488; x_wconf 83' lang='grc' dir='ltr'>Μὴ</span> <span class='ocrx_word' id='word_1_212' title='bbox 2184 1418 2291 1490; x_wconf 83' lang='grc' dir='ltr'><strong>γάρ</strong></span> <span class='ocrx_word' id='word_1_213' title='bbox 2351 1419 2559 1484; x_wconf 75' lang='grc' dir='ltr'>ἐκεῖνος</span> <span class='ocrx_word' id='word_1_214' title='bbox 2610 1420 2756 1492; x_wconf 81' lang='grc' dir='ltr'>ὑμᾶς</span> <span class='ocrx_word' id='word_1_215' title='bbox 2802 1422 2832 1474; x_wconf 85' lang='grc' dir='ltr'><strong>ὁ</strong></span> <span class='ocrx_word' id='word_1_216' title='bbox 2878 1420 3137 1491; x_wconf 77' lang='grc' dir='ltr'>λογισμὸς</span> <span class='ocrx_word' id='word_1_217' title='bbox 3191 1421 3499 1491; x_wconf 80' lang='grc' dir='ltr'><strong>κατεχέτω,</strong></span> <span class='ocrx_word' id='word_1_218' title='bbox 3556 1422 3638 1473; x_wconf 79' lang='grc' dir='ltr'>ὅτι</span> 
     </span>
    </p>
   </div>
   <div class='ocr_carea' id='block_1_30' title="bbox 2057 1511 3641 1587">
    <p class='ocr_par' dir='ltr' id='par_1_30' title="bbox 2057 1511 3641 1587">
     <span class='ocr_line' id='line_1_30' title="bbox 2057 1511 3641 1587; baseline 0.003 -23"><span class='ocrx_word' id='word_1_219' title='bbox 2057 1511 2249 1583; x_wconf 81' lang='grc' dir='ltr'>Ἡμεῖς</span> <span class='ocrx_word' id='word_1_220' title='bbox 2280 1511 2385 1578; x_wconf 75' lang='grc' dir='ltr'>ἔξω</span> <span class='ocrx_word' id='word_1_221' title='bbox 2421 1513 2515 1567; x_wconf 87' lang='grc' dir='ltr'><strong>τοῦ</strong></span> <span class='ocrx_word' id='word_1_222' title='bbox 2555 1514 2763 1579; x_wconf 79' lang='grc' dir='ltr'><strong>πάθους</strong></span> <span class='ocrx_word' id='word_1_223' title='bbox 2802 1516 2970 1587; x_wconf 78' lang='grc' dir='ltr'>ἐσμὲν</span> <span class='ocrx_word' id='word_1_224' title='bbox 3013 1516 3123 1569; x_wconf 84' lang='grc' dir='ltr'>τῶν</span> <span class='ocrx_word' id='word_1_225' title='bbox 3150 1515 3387 1580; x_wconf 78' lang='grc' dir='ltr'>πολλῶν,</span> <span class='ocrx_word' id='word_1_226' title='bbox 3424 1518 3524 1569; x_wconf 82' lang='grc' dir='ltr'><strong>καὶ</strong></span> <span class='ocrx_word' id='word_1_227' title='bbox 3558 1518 3641 1581; x_wconf 78' lang='grc' dir='ltr'><strong>τίς</strong></span> 
     </span>
    </p>
   </div>
   <div class='ocr_carea' id='block_1_31' title="bbox 2046 1605 3640 1680">
    <p class='ocr_par' dir='ltr' id='par_1_31' title="bbox 2046 1605 3640 1680">
     <span class='ocr_line' id='line_1_31' title="bbox 2046 1605 3640 1680; baseline 0.004 -23"><span class='ocrx_word' id='word_1_228' title='bbox 2046 1605 2177 1677; x_wconf 78' lang='grc' dir='ltr'>ἡμῖν</span> <span class='ocrx_word' id='word_1_229' title='bbox 2207 1606 2366 1677; x_wconf 83' lang='grc' dir='ltr'>χρεία</span> <span class='ocrx_word' id='word_1_230' title='bbox 2395 1607 2497 1677; x_wconf 82' lang='grc' dir='ltr'>τῆς</span> <span class='ocrx_word' id='word_1_231' title='bbox 2526 1607 2663 1680; x_wconf 87' lang='grc' dir='ltr'>πρὸς</span> <span class='ocrx_word' id='word_1_232' title='bbox 2694 1608 2894 1674; x_wconf 82' lang='grc' dir='ltr'>αὐτοὺς</span> <span class='ocrx_word' id='word_1_233' title='bbox 2926 1609 3239 1675; x_wconf 83' lang='grc' dir='ltr'>κοινωνίας;</span> <span class='ocrx_word' id='word_1_234' title='bbox 3291 1610 3352 1662; x_wconf 90' lang='grc' dir='ltr'>Ὁ</span> <span class='ocrx_word' id='word_1_235' title='bbox 3381 1609 3496 1678; x_wconf 73' lang='grc' dir='ltr'>γὰρ</span> <span class='ocrx_word' id='word_1_236' title='bbox 3528 1609 3640 1663; x_wconf 70' lang='grc' dir='ltr'><strong>Κύ-</strong></span> 
     </span>
    </p>
   </div>
   <div class='ocr_carea' id='block_1_32' title="bbox 358 1698 1937 1773">
    <p class='ocr_par' dir='ltr' id='par_1_32' title="bbox 358 1700 1937 1773">
     <span class='ocr_line' id='line_1_32' title="bbox 358 1700 1937 1773; baseline -0.001 -16"><span class='ocrx_word' id='word_1_237' title='bbox 358 1703 510 1758; x_wconf 87' lang='lat' dir='ltr'><strong>colas</strong></span> <span class='ocrx_word' id='word_1_238' title='bbox 540 1716 637 1773; x_wconf 90' lang='lat' dir='ltr'><strong>per</strong></span> <span class='ocrx_word' id='word_1_239' title='bbox 681 1701 1004 1756; x_wconf 86' lang='lat' dir='ltr'><strong>charitatem</strong></span> <span class='ocrx_word' id='word_1_240' title='bbox 1040 1715 1165 1757; x_wconf 92' lang='lat' dir='ltr'><strong>cum</strong></span> <span class='ocrx_word' id='word_1_241' title='bbox 1204 1701 1404 1756; x_wconf 90' lang='lat' dir='ltr'><strong>incolis</strong></span> <span class='ocrx_word' id='word_1_242' title='bbox 1438 1700 1777 1755; x_wconf 89' lang='lat' dir='ltr'><strong>continentis</strong></span> <span class='ocrx_word' id='word_1_243' title='bbox 1813 1700 1937 1770; x_wconf 84' lang='lat' dir='ltr'><strong>jun-</strong></span> 
     </span>
    </p>
   </div>
   <div class='ocr_carea' id='block_1_33' title="bbox 2041 1698 3639 1773">
    <p class='ocr_par' dir='ltr' id='par_1_33' title="bbox 2050 1698 3639 1772">
     <span class='ocr_line' id='line_1_33' title="bbox 2050 1698 3639 1772; baseline 0.004 -24"><span class='ocrx_word' id='word_1_244' title='bbox 2050 1713 2163 1766; x_wconf 89' lang='grc' dir='ltr'>ριος</span> <span class='ocrx_word' id='word_1_245' title='bbox 2195 1698 2351 1769; x_wconf 77' lang='grc' dir='ltr'>ἡμῶν</span> <span class='ocrx_word' id='word_1_246' title='bbox 2378 1698 2480 1763; x_wconf 77' lang='grc' dir='ltr'>τὰς</span> <span class='ocrx_word' id='word_1_247' title='bbox 2528 1700 2629 1770; x_wconf 84' lang='grc' dir='ltr'>μὲν</span> <span class='ocrx_word' id='word_1_248' title='bbox 2676 1701 2876 1771; x_wconf 85' lang='grc' dir='ltr'>νήσους</span> <span class='ocrx_word' id='word_1_249' title='bbox 2911 1700 3014 1770; x_wconf 82' lang='grc' dir='ltr'>τῆς</span> <span class='ocrx_word' id='word_1_250' title='bbox 3046 1702 3279 1772; x_wconf 75' lang='grc' dir='ltr'>ἠπείρου</span> <span class='ocrx_word' id='word_1_251' title='bbox 3308 1701 3397 1753; x_wconf 75' lang='grc' dir='ltr'>διὰ</span> <span class='ocrx_word' id='word_1_252' title='bbox 3436 1701 3639 1754; x_wconf 71' lang='grc' dir='ltr'>θαλάσ-</span> 
     </span>
    </p>
   </div>
   <div class='ocr_carea' id='block_1_34' title="bbox 356 1774 1937 1866">
    <p class='ocr_par' dir='ltr' id='par_1_34' title="bbox 356 1792 1937 1866">
     <span class='ocr_line' id='line_1_34' title="bbox 356 1792 1937 1866; baseline -0.001 -17"><span class='ocrx_word' id='word_1_253' title='bbox 356 1797 460 1849; x_wconf 78' lang='lat' dir='ltr'><strong>xit.</strong></span> <span class='ocrx_word' id='word_1_254' title='bbox 520 1796 596 1866; x_wconf 81' lang='grc'>(5)</span> <span class='ocrx_word' id='word_1_255' title='bbox 646 1792 763 1848; x_wconf 84' lang='lat' dir='ltr'><strong>Hoc</strong></span> <span class='ocrx_word' id='word_1_256' title='bbox 820 1795 966 1850; x_wconf 89' lang='lat' dir='ltr'><strong>enim</strong></span> <span class='ocrx_word' id='word_1_257' title='bbox 1016 1793 1361 1864; x_wconf 87' lang='lat' dir='ltr'><strong>potissimum</strong></span> <span class='ocrx_word' id='word_1_258' title='bbox 1402 1793 1569 1866; x_wconf 60' lang='lat'><strong>5.85</strong></span> <span class='ocrx_word' id='word_1_259' title='bbox 1611 1793 1826 1848; x_wconf 89' lang='lat' dir='ltr'><strong>amicus</strong></span> <span class='ocrx_word' id='word_1_260' title='bbox 1872 1794 1937 1848; x_wconf 89' lang='lat' dir='ltr'><strong>ab</strong></span> 
     </span>
    </p>
   </div>
   <div class='ocr_carea' id='block_1_35' title="bbox 2041 1774 3641 1866">
    <p class='ocr_par' dir='ltr' id='par_1_35' title="bbox 2046 1789 3641 1864">
     <span class='ocr_line' id='line_1_35' title="bbox 2046 1789 3641 1864; baseline 0.004 -23"><span class='ocrx_word' id='word_1_261' title='bbox 2046 1806 2146 1861; x_wconf 79' lang='grc' dir='ltr'><strong>σης</strong></span> <span class='ocrx_word' id='word_1_262' title='bbox 2171 1789 2443 1862; x_wconf 77' lang='grc' dir='ltr'><strong>διέστησε,</strong></span> <span class='ocrx_word' id='word_1_263' title='bbox 2476 1792 2603 1854; x_wconf 76' lang='grc' dir='ltr'>τοὺς</span> <span class='ocrx_word' id='word_1_264' title='bbox 2632 1790 2692 1845; x_wconf 84' lang='grc' dir='ltr'><strong>δὲ</strong></span> <span class='ocrx_word' id='word_1_265' title='bbox 2726 1791 2998 1864; x_wconf 84' lang='grc' dir='ltr'><strong>νησιώτας</strong></span> <span class='ocrx_word' id='word_1_266' title='bbox 3027 1795 3140 1855; x_wconf 84' lang='grc' dir='ltr'>τοῖς</span> <span class='ocrx_word' id='word_1_267' title='bbox 3174 1792 3521 1864; x_wconf 77' lang='grc' dir='ltr'>ἡπειρὼταις</span> <span class='ocrx_word' id='word_1_268' title='bbox 3551 1793 3641 1848; x_wconf 65' lang='grc' dir='ltr'>διὰ</span> 
     </span>
    </p>
   </div>
   <div class='ocr_carea' id='block_1_36' title="bbox 355 1884 1943 1957">
    <p class='ocr_par' dir='ltr' id='par_1_36' title="bbox 355 1884 1943 1957">
     <span class='ocr_line' id='line_1_36' title="bbox 355 1884 1943 1957; baseline 0 -16"><span class='ocrx_word' id='word_1_269' title='bbox 355 1887 643 1941; x_wconf 76' lang='lat' dir='ltr'><strong>adulatore</strong></span> <span class='ocrx_word' id='word_1_270' title='bbox 683 1884 884 1952; x_wconf 80' lang='lat' dir='ltr'><strong>differt,</strong></span> <span class='ocrx_word' id='word_1_271' title='bbox 929 1884 1077 1957; x_wconf 89' lang='lat' dir='ltr'><strong>quod</strong></span> <span class='ocrx_word' id='word_1_272' title='bbox 1119 1886 1211 1941; x_wconf 90' lang='lat' dir='ltr'><strong>hic</strong></span> <span class='ocrx_word' id='word_1_273' title='bbox 1242 1885 1466 1956; x_wconf 86' lang='lat' dir='ltr'><strong>quidem</strong></span> <span class='ocrx_word' id='word_1_274' title='bbox 1516 1886 1584 1940; x_wconf 89' lang='lat' dir='ltr'><strong>ad</strong></span> <span class='ocrx_word' id='word_1_275' title='bbox 1619 1885 1943 1941; x_wconf 89' lang='lat' dir='ltr'><strong>delectatio-</strong></span> 
     </span>
    </p>
   </div>
   <div class='ocr_carea' id='block_1_37' title="bbox 361 1975 1943 2048">
    <p class='ocr_par' dir='ltr' id='par_1_37' title="bbox 361 1975 1943 2048">
     <span class='ocr_line' id='line_1_37' title="bbox 361 1975 1943 2048; baseline -0.003 -14"><span class='ocrx_word' id='word_1_276' title='bbox 361 1993 487 2034; x_wconf 92' lang='lat' dir='ltr'><strong>nem</strong></span> <span class='ocrx_word' id='word_1_277' title='bbox 521 1976 787 2048; x_wconf 90' lang='lat' dir='ltr'><strong>loquitur,</strong></span> <span class='ocrx_word' id='word_1_278' title='bbox 824 1976 917 2032; x_wconf 93' lang='lat' dir='ltr'><strong>ille</strong></span> <span class='ocrx_word' id='word_1_279' title='bbox 936 1991 1067 2033; x_wconf 88' lang='lat' dir='ltr'><strong>vero</strong></span> <span class='ocrx_word' id='word_1_280' title='bbox 1101 1992 1169 2033; x_wconf 95' lang='lat' dir='ltr'><strong>ne</strong></span> <span class='ocrx_word' id='word_1_281' title='bbox 1200 1977 1434 2032; x_wconf 88' lang='lat' dir='ltr'><strong>molesta</strong></span> <span class='ocrx_word' id='word_1_282' title='bbox 1453 1975 1680 2047; x_wconf 84' lang='lat' dir='ltr'><strong>quidem</strong></span> <span class='ocrx_word' id='word_1_283' title='bbox 1715 1986 1943 2047; x_wconf 68' lang='lat' dir='ltr'><strong>praeter—</strong></span> 
     </span>
    </p>
   </div>
   <div class='ocr_carea' id='block_1_38' title="bbox 358 2068 1945 2141">
    <p class='ocr_par' dir='ltr' id='par_1_38' title="bbox 358 2068 1945 2141">
     <span class='ocr_line' id='line_1_38' title="bbox 358 2068 1945 2141; baseline -0.001 -18"><span class='ocrx_word' id='word_1_284' title='bbox 358 2070 552 2124; x_wconf 84' lang='lat' dir='ltr'><strong>mittit.</strong></span> <span class='ocrx_word' id='word_1_285' title='bbox 587 2069 661 2141; x_wconf 72' lang='grc'>(4)</span> <span class='ocrx_word' id='word_1_286' title='bbox 696 2068 820 2126; x_wconf 87' lang='lat' dir='ltr'><strong>Scis</strong></span> <span class='ocrx_word' id='word_1_287' title='bbox 846 2069 979 2141; x_wconf 89' lang='lat' dir='ltr'><strong>quid</strong></span> <span class='ocrx_word' id='word_1_288' title='bbox 1006 2085 1038 2124; x_wconf 86' lang='lat' dir='ltr'><strong>a</strong></span> <span class='ocrx_word' id='word_1_289' title='bbox 1066 2078 1121 2124; x_wconf 89' lang='lat' dir='ltr'><strong>te</strong></span> <span class='ocrx_word' id='word_1_290' title='bbox 1152 2069 1524 2140; x_wconf 69' lang='lat' dir='ltr'><strong>praastandum</strong></span> <span class='ocrx_word' id='word_1_291' title='bbox 1555 2069 1627 2125; x_wconf 88' lang='lat' dir='ltr'><strong>sit</strong></span> <span class='ocrx_word' id='word_1_292' title='bbox 1652 2069 1945 2139; x_wconf 84' lang='lat' dir='ltr'><strong>proximo?</strong></span> 
     </span>
    </p>
   </div>
   <div class='ocr_carea' id='block_1_39' title="bbox 356 2161 1945 2234">
    <p class='ocr_par' dir='ltr' id='par_1_39' title="bbox 356 2161 1945 2234">
     <span class='ocr_line' id='line_1_39' title="bbox 356 2161 1945 2234; baseline 0.001 -18"><span class='ocrx_word' id='word_1_293' title='bbox 356 2162 506 2232; x_wconf 88' lang='lat' dir='ltr'><strong>quod</strong></span> <span class='ocrx_word' id='word_1_294' title='bbox 547 2161 642 2217; x_wconf 88' lang='lat' dir='ltr'><strong>tibi</strong></span> <span class='ocrx_word' id='word_1_295' title='bbox 671 2162 772 2233; x_wconf 87' lang='lat' dir='ltr'><strong>ipsi</strong></span> <span class='ocrx_word' id='word_1_296' title='bbox 796 2163 866 2217; x_wconf 87' lang='lat' dir='ltr'><strong>ab</strong></span> <span class='ocrx_word' id='word_1_297' title='bbox 891 2163 1065 2217; x_wconf 89' lang='lat' dir='ltr'><strong>altero</strong></span> <span class='ocrx_word' id='word_1_298' title='bbox 1088 2163 1173 2217; x_wconf 84' lang='lat' dir='ltr'><strong>vis</strong></span> <span class='ocrx_word' id='word_1_299' title='bbox 1208 2161 1347 2218; x_wconf 85' lang='lat' dir='ltr'><strong>ﬁeri.</strong></span> <span class='ocrx_word' id='word_1_300' title='bbox 1377 2161 1536 2218; x_wconf 86' lang='lat' dir='ltr'><strong>Nosti</strong></span> <span class='ocrx_word' id='word_1_301' title='bbox 1566 2161 1701 2234; x_wconf 92' lang='lat' dir='ltr'><strong>quid</strong></span> <span class='ocrx_word' id='word_1_302' title='bbox 1727 2163 1801 2218; x_wconf 91' lang='lat' dir='ltr'><strong>sit</strong></span> <span class='ocrx_word' id='word_1_303' title='bbox 1826 2178 1945 2218; x_wconf 86' lang='lat' dir='ltr'><strong>ma-</strong></span> 
     </span>
    </p>
   </div>
   <div class='ocr_carea' id='block_1_40' title="bbox 358 2251 1942 2323">
    <p class='ocr_par' dir='ltr' id='par_1_40' title="bbox 358 2251 1942 2323">
     <span class='ocr_line' id='line_1_40' title="bbox 358 2251 1942 2323; baseline 0.001 -18"><span class='ocrx_word' id='word_1_304' title='bbox 358 2252 665 2322; x_wconf 66' lang='lat' dir='ltr'><strong>lumiquod</strong></span> <span class='ocrx_word' id='word_1_305' title='bbox 700 2254 817 2323; x_wconf 88' lang='lat' dir='ltr'><strong>ipse</strong></span> <span class='ocrx_word' id='word_1_306' title='bbox 852 2253 995 2308; x_wconf 90' lang='lat' dir='ltr'><strong>nolis</strong></span> <span class='ocrx_word' id='word_1_307' title='bbox 1029 2252 1097 2307; x_wconf 85' lang='lat' dir='ltr'><strong>ah</strong></span> <span class='ocrx_word' id='word_1_308' title='bbox 1124 2252 1233 2308; x_wconf 89' lang='lat' dir='ltr'><strong>alio</strong></span> <span class='ocrx_word' id='word_1_309' title='bbox 1268 2253 1403 2323; x_wconf 90' lang='lat' dir='ltr'><strong>pati.</strong></span> <span class='ocrx_word' id='word_1_310' title='bbox 1434 2252 1509 2323; x_wconf 81' lang='grc'>(5)</span> <span class='ocrx_word' id='word_1_311' title='bbox 1534 2251 1672 2307; x_wconf 88' lang='lat' dir='ltr'><strong>Cum</strong></span> <span class='ocrx_word' id='word_1_312' title='bbox 1695 2253 1840 2307; x_wconf 90' lang='lat' dir='ltr'><strong>enim</strong></span> <span class='ocrx_word' id='word_1_313' title='bbox 1874 2267 1942 2307; x_wconf 79' lang='lat' dir='ltr'><strong>ex</strong></span> 
     </span>
    </p>
   </div>
   <div class='ocr_carea' id='block_1_41' title="bbox 359 2342 1940 2416">
    <p class='ocr_par' dir='ltr' id='par_1_41' title="bbox 359 2342 1940 2416">
     <span class='ocr_line' id='line_1_41' title="bbox 359 2342 1940 2416; baseline 0.001 -19"><span class='ocrx_word' id='word_1_314' title='bbox 359 2344 470 2398; x_wconf 90' lang='lat' dir='ltr'><strong>Deo</strong></span> <span class='ocrx_word' id='word_1_315' title='bbox 502 2344 805 2401; x_wconf 83' lang='lat' dir='ltr'><strong>audiverim</strong></span> <span class='ocrx_word' id='word_1_316' title='bbox 835 2363 849 2400; x_wconf 90' lang='lat'><strong>:</strong></span> <span class='ocrx_word' id='word_1_317' title='bbox 876 2342 944 2398; x_wconf 84' lang='lat' dir='ltr'><strong>In</strong></span> <span class='ocrx_word' id='word_1_318' title='bbox 974 2343 1073 2398; x_wconf 85' lang='lat' dir='ltr'><strong>hoc</strong></span> <span class='ocrx_word' id='word_1_319' title='bbox 1109 2354 1424 2415; x_wconf 81' lang='lat' dir='ltr'><strong>cognoscent</strong></span> <span class='ocrx_word' id='word_1_320' title='bbox 1462 2361 1665 2414; x_wconf 75' lang='lat' dir='ltr'><strong>omnes,</strong></span> <span class='ocrx_word' id='word_1_321' title='bbox 1688 2345 1828 2416; x_wconf 85' lang='lat' dir='ltr'><strong>quod</strong></span> <span class='ocrx_word' id='word_1_322' title='bbox 1852 2345 1940 2398; x_wconf 84' lang='lat' dir='ltr'><strong>di-</strong></span> 
     </span>
    </p>
   </div>
   <div class='ocr_carea' id='block_1_42' title="bbox 356 2437 1943 2509">
    <p class='ocr_par' dir='ltr' id='par_1_42' title="bbox 356 2437 1943 2509">
     <span class='ocr_line' id='line_1_42' title="bbox 356 2437 1943 2509; baseline 0.001 -18"><span class='ocrx_word' id='word_1_323' title='bbox 356 2437 547 2506; x_wconf 80' lang='lat' dir='ltr'><strong>scipuli</strong></span> <span class='ocrx_word' id='word_1_324' title='bbox 598 2438 701 2493; x_wconf 84' lang='lat' dir='ltr'><strong>mei</strong></span> <span class='ocrx_word' id='word_1_325' title='bbox 733 2437 884 2503; x_wconf 76' lang='lat' dir='ltr'><strong>estis,</strong></span> <span class='ocrx_word' id='word_1_326' title='bbox 932 2438 980 2492; x_wconf 81' lang='lat' dir='ltr'><strong>si</strong></span> <span class='ocrx_word' id='word_1_327' title='bbox 1025 2437 1267 2508; x_wconf 77' lang='lat' dir='ltr'><strong>diligatis</strong></span> <span class='ocrx_word' id='word_1_328' title='bbox 1312 2438 1533 2493; x_wconf 78' lang='lat' dir='ltr'><strong>invicem</strong></span> <span class='ocrx_word' id='word_1_329' title='bbox 1588 2438 1658 2504; x_wconf 71' lang='grc' dir='ltr'><strong>δ’,</strong></span> <span class='ocrx_word' id='word_1_330' title='bbox 1706 2453 1943 2509; x_wconf 86' lang='lat' dir='ltr'><strong>cumque</strong></span> 
     </span>
    </p>
   </div>
   <div class='ocr_carea' id='block_1_43' title="bbox 355 2525 1942 2598">
    <p class='ocr_par' dir='ltr' id='par_1_43' title="bbox 355 2525 1942 2598">
     <span class='ocr_line' id='line_1_43' title="bbox 355 2525 1942 2598; baseline 0.001 -16"><span class='ocrx_word' id='word_1_331' title='bbox 355 2536 666 2582; x_wconf 74' lang='lat' dir='ltr'><strong>extremum</strong></span> <span class='ocrx_word' id='word_1_332' title='bbox 710 2543 913 2583; x_wconf 91' lang='lat' dir='ltr'><strong>munus</strong></span> <span class='ocrx_word' id='word_1_333' title='bbox 953 2525 1241 2598; x_wconf 87' lang='lat' dir='ltr'><strong>discipulis</strong></span> <span class='ocrx_word' id='word_1_334' title='bbox 1275 2528 1420 2592; x_wconf 88' lang='lat' dir='ltr'><strong>suis,</strong></span> <span class='ocrx_word' id='word_1_335' title='bbox 1463 2543 1622 2584; x_wconf 89' lang='lat' dir='ltr'><strong>suam</strong></span> <span class='ocrx_word' id='word_1_336' title='bbox 1669 2528 1725 2583; x_wconf 91' lang='lat' dir='ltr'><strong>in</strong></span> <span class='ocrx_word' id='word_1_337' title='bbox 1772 2543 1942 2584; x_wconf 87' lang='lat' dir='ltr'><strong>carne</strong></span> 
     </span>
    </p>
   </div>
   <div class='ocr_carea' id='block_1_44' title="bbox 357 2617 1944 2689">
    <p class='ocr_par' dir='ltr' id='par_1_44' title="bbox 357 2617 1944 2689">
     <span class='ocr_line' id='line_1_44' title="bbox 357 2617 1944 2689; baseline 0.004 -19"><span class='ocrx_word' id='word_1_338' title='bbox 357 2617 820 2686; x_wconf 86' lang='lat' dir='ltr'><strong>dispensationem</strong></span> <span class='ocrx_word' id='word_1_339' title='bbox 856 2617 1234 2678; x_wconf 86' lang='lat' dir='ltr'><strong>absoluturus,</strong></span> <span class='ocrx_word' id='word_1_340' title='bbox 1292 2634 1482 2689; x_wconf 83' lang='lat' dir='ltr'><strong>pacem</strong></span> <span class='ocrx_word' id='word_1_341' title='bbox 1536 2634 1692 2675; x_wconf 88' lang='lat' dir='ltr'><strong>suam</strong></span> <span class='ocrx_word' id='word_1_342' title='bbox 1755 2619 1944 2676; x_wconf 91' lang='lat' dir='ltr'><strong>Domi-</strong></span> 
     </span>
    </p>
   </div>
   <div class='ocr_carea' id='block_1_45' title="bbox 359 2708 1943 2782">
    <p class='ocr_par' dir='ltr' id='par_1_45' title="bbox 359 2708 1943 2782">
     <span class='ocr_line' id='line_1_45' title="bbox 359 2708 1943 2782; baseline 0.003 -20"><span class='ocrx_word' id='word_1_343' title='bbox 359 2723 464 2764; x_wconf 91' lang='lat' dir='ltr'><strong>nus</strong></span> <span class='ocrx_word' id='word_1_344' title='bbox 500 2708 806 2779; x_wconf 89' lang='lat' dir='ltr'><strong>reliquerit,</strong></span> <span class='ocrx_word' id='word_1_345' title='bbox 854 2708 1047 2765; x_wconf 90' lang='lat' dir='ltr'><strong>dicens</strong></span> <span class='ocrx_word' id='word_1_346' title='bbox 1076 2728 1091 2765; x_wconf 91' lang='lat'><strong>:</strong></span> <span class='ocrx_word' id='word_1_347' title='bbox 1133 2708 1332 2765; x_wconf 85' lang='lat' dir='ltr'><strong>Pacem</strong></span> <span class='ocrx_word' id='word_1_348' title='bbox 1374 2711 1613 2781; x_wconf 78' lang='lat' dir='ltr'><strong>relinquo</strong></span> <span class='ocrx_word' id='word_1_349' title='bbox 1646 2710 1812 2774; x_wconf 75' lang='lat' dir='ltr'><strong>vobis,</strong></span> <span class='ocrx_word' id='word_1_350' title='bbox 1842 2729 1943 2782; x_wconf 84' lang='lat' dir='ltr'><strong>pa-</strong></span> 
     </span>
    </p>
   </div>
   <div class='ocr_carea' id='block_1_46' title="bbox 356 2800 1943 2874">
    <p class='ocr_par' dir='ltr' id='par_1_46' title="bbox 356 2800 1943 2874">
     <span class='ocr_line' id='line_1_46' title="bbox 356 2800 1943 2874; baseline 0.004 -18"><span class='ocrx_word' id='word_1_351' title='bbox 356 2817 466 2856; x_wconf 81' lang='lat' dir='ltr'><strong>cem</strong></span> <span class='ocrx_word' id='word_1_352' title='bbox 491 2817 664 2857; x_wconf 84' lang='lat' dir='ltr'><strong>meam</strong></span> <span class='ocrx_word' id='word_1_353' title='bbox 689 2800 759 2857; x_wconf 86' lang='lat' dir='ltr'><strong>do</strong></span> <span class='ocrx_word' id='word_1_354' title='bbox 784 2801 931 2857; x_wconf 74' lang='lat' dir='ltr'><strong>vobis</strong></span> <span class='ocrx_word' id='word_1_355' title='bbox 960 2802 1029 2869; x_wconf 79' lang='grc'><strong>⁸³,</strong></span> <span class='ocrx_word' id='word_1_356' title='bbox 1060 2801 1246 2859; x_wconf 88' lang='lat' dir='ltr'><strong>dicere</strong></span> <span class='ocrx_word' id='word_1_357' title='bbox 1284 2818 1394 2859; x_wconf 92' lang='lat' dir='ltr'><strong>non</strong></span> <span class='ocrx_word' id='word_1_358' title='bbox 1429 2818 1678 2874; x_wconf 88' lang='lat' dir='ltr'><strong>possum,</strong></span> <span class='ocrx_word' id='word_1_359' title='bbox 1707 2820 1795 2861; x_wconf 91' lang='lat' dir='ltr'><strong>me</strong></span> <span class='ocrx_word' id='word_1_360' title='bbox 1821 2807 1943 2862; x_wconf 88' lang='lat' dir='ltr'><strong>sine</strong></span> 
     </span>
    </p>
   </div>
   <div class='ocr_carea' id='block_1_47' title="bbox 356 2893 1942 2968">
    <p class='ocr_par' dir='ltr' id='par_1_47' title="bbox 356 2893 1942 2968">
     <span class='ocr_line' id='line_1_47' title="bbox 356 2893 1942 2968; baseline 0.004 -22"><span class='ocrx_word' id='word_1_361' title='bbox 356 2899 548 2947; x_wconf 89' lang='lat' dir='ltr'><strong>mutua</strong></span> <span class='ocrx_word' id='word_1_362' title='bbox 582 2893 876 2958; x_wconf 86' lang='lat' dir='ltr'><strong>charitate,</strong></span> <span class='ocrx_word' id='word_1_363' title='bbox 926 2902 984 2951; x_wconf 89' lang='lat' dir='ltr'><strong>et</strong></span> <span class='ocrx_word' id='word_1_364' title='bbox 1021 2895 1154 2960; x_wconf 90' lang='lat' dir='ltr'><strong>nisi,</strong></span> <span class='ocrx_word' id='word_1_365' title='bbox 1187 2904 1456 2966; x_wconf 85' lang='lat' dir='ltr'><strong>quantum</strong></span> <span class='ocrx_word' id='word_1_366' title='bbox 1489 2897 1546 2951; x_wconf 88' lang='lat' dir='ltr'><strong>in</strong></span> <span class='ocrx_word' id='word_1_367' title='bbox 1591 2911 1681 2953; x_wconf 89' lang='lat' dir='ltr'><strong>me</strong></span> <span class='ocrx_word' id='word_1_368' title='bbox 1706 2905 1814 2962; x_wconf 89' lang='lat' dir='ltr'><strong>est,</strong></span> <span class='ocrx_word' id='word_1_369' title='bbox 1843 2913 1942 2968; x_wconf 82' lang='lat' dir='ltr'><strong>pa-</strong></span> 
     </span>
    </p>
   </div>
   <div class='ocr_carea' id='block_1_48' title="bbox 355 2985 1938 3060">
    <p class='ocr_par' dir='ltr' id='par_1_48' title="bbox 355 2985 1938 3060">
     <span class='ocr_line' id='line_1_48' title="bbox 355 2985 1938 3060; baseline 0.005 -23"><span class='ocrx_word' id='word_1_370' title='bbox 355 2998 473 3038; x_wconf 86' lang='lat' dir='ltr'><strong>cem</strong></span> <span class='ocrx_word' id='word_1_371' title='bbox 524 2998 650 3037; x_wconf 91' lang='lat' dir='ltr'><strong>cum</strong></span> <span class='ocrx_word' id='word_1_372' title='bbox 694 2985 952 3041; x_wconf 92' lang='lat' dir='ltr'><strong>omnibus</strong></span> <span class='ocrx_word' id='word_1_373' title='bbox 1005 2986 1257 3054; x_wconf 86' lang='lat' dir='ltr'><strong>habeam,</strong></span> <span class='ocrx_word' id='word_1_374' title='bbox 1307 2986 1535 3060; x_wconf 85' lang='lat' dir='ltr'><strong>dignum</strong></span> <span class='ocrx_word' id='word_1_375' title='bbox 1588 3003 1755 3060; x_wconf 89' lang='lat' dir='ltr'><strong>posse</strong></span> <span class='ocrx_word' id='word_1_376' title='bbox 1806 2988 1938 3047; x_wconf 68' lang='lat' dir='ltr'><strong>Iesu</strong></span> 
     </span>
    </p>
   </div>
   <div class='ocr_carea' id='block_1_49' title="bbox 352 3072 1034 3135">
    <p class='ocr_par' dir='ltr' id='par_1_49' title="bbox 352 3072 1034 3135">
     <span class='ocr_line' id='line_1_49' title="bbox 352 3072 1034 3135; baseline 0.006 -7"><span class='ocrx_word' id='word_1_377' title='bbox 352 3072 560 3131; x_wconf 84' lang='lat' dir='ltr'><strong>Christi</strong></span> <span class='ocrx_word' id='word_1_378' title='bbox 590 3090 812 3132; x_wconf 84' lang='lat' dir='ltr'><strong>servum</strong></span> <span class='ocrx_word' id='word_1_379' title='bbox 843 3078 1034 3135; x_wconf 84' lang='lat' dir='ltr'><strong>vocari</strong></span> 
     </span>
    </p>
   </div>
   <div class='ocr_carea' id='block_1_50' title="bbox 426 3251 1939 3334">
    <p class='ocr_par' dir='ltr' id='par_1_50' title="bbox 426 3251 1939 3334">
     <span class='ocr_line' id='line_1_50' title="bbox 426 3251 1939 3334; baseline 0.009 -29"><span class='ocrx_word' id='word_1_380' title='bbox 426 3252 481 3306; x_wconf 78' lang='lat'><strong>5.</strong></span> <span class='ocrx_word' id='word_1_381' title='bbox 512 3251 589 3325; x_wconf 79' lang='lat'><strong>(6)</strong></span> <span class='ocrx_word' id='word_1_382' title='bbox 629 3251 834 3309; x_wconf 88' lang='lat' dir='ltr'><strong>Eodem</strong></span> <span class='ocrx_word' id='word_1_383' title='bbox 880 3253 1047 3326; x_wconf 79' lang='lat' dir='ltr'><strong>igitur</strong></span> <span class='ocrx_word' id='word_1_384' title='bbox 1075 3256 1241 3312; x_wconf 90' lang='lat' dir='ltr'><strong>modo</strong></span> <span class='ocrx_word' id='word_1_385' title='bbox 1268 3272 1617 3315; x_wconf 89' lang='lat' dir='ltr'><strong>communem</strong></span> <span class='ocrx_word' id='word_1_386' title='bbox 1660 3268 1714 3317; x_wconf 91' lang='lat' dir='ltr'><strong>et</strong></span> <span class='ocrx_word' id='word_1_387' title='bbox 1750 3278 1939 3334; x_wconf 69' lang='lat' dir='ltr'><strong>aequa-</strong></span> 
     </span>
    </p>
   </div>
   <div class='ocr_carea' id='block_1_51' title="bbox 354 3342 1936 3416">
    <p class='ocr_par' dir='ltr' id='par_1_51' title="bbox 354 3342 1936 3416">
     <span class='ocr_line' id='line_1_51' title="bbox 354 3342 1936 3416; baseline 0.008 -20"><span class='ocrx_word' id='word_1_388' title='bbox 354 3342 463 3396; x_wconf 89' lang='lat' dir='ltr'><strong>lem</strong></span> <span class='ocrx_word' id='word_1_389' title='bbox 503 3342 761 3398; x_wconf 89' lang='lat' dir='ltr'><strong>omnibus</strong></span> <span class='ocrx_word' id='word_1_390' title='bbox 807 3343 954 3399; x_wconf 89' lang='lat' dir='ltr'><strong>inter</strong></span> <span class='ocrx_word' id='word_1_391' title='bbox 997 3359 1058 3400; x_wconf 91' lang='lat' dir='ltr'><strong>se</strong></span> <span class='ocrx_word' id='word_1_392' title='bbox 1102 3345 1428 3403; x_wconf 89' lang='lat' dir='ltr'><strong>charitatem</strong></span> <span class='ocrx_word' id='word_1_393' title='bbox 1475 3366 1600 3406; x_wconf 86' lang='lat' dir='ltr'><strong>esse</strong></span> <span class='ocrx_word' id='word_1_394' title='bbox 1646 3356 1936 3416; x_wconf 87' lang='lat' dir='ltr'><strong>convenit,</strong></span> 
     </span>
    </p>
   </div>
   <div class='ocr_carea' id='block_1_52' title="bbox 350 3431 1939 3511">
    <p class='ocr_par' dir='ltr' id='par_1_52' title="bbox 350 3431 1939 3511">
     <span class='ocr_line' id='line_1_52' title="bbox 350 3431 1939 3511; baseline 0.009 -25"><span class='ocrx_word' id='word_1_395' title='bbox 350 3447 464 3501; x_wconf 89' lang='lat' dir='ltr'><strong>quo</strong></span> <span class='ocrx_word' id='word_1_396' title='bbox 508 3431 673 3487; x_wconf 89' lang='lat' dir='ltr'><strong>homo</strong></span> <span class='ocrx_word' id='word_1_397' title='bbox 712 3433 1042 3488; x_wconf 86' lang='lat' dir='ltr'><strong>naturaliter</strong></span> <span class='ocrx_word' id='word_1_398' title='bbox 1088 3450 1217 3505; x_wconf 86' lang='lat' dir='ltr'><strong>erga</strong></span> <span class='ocrx_word' id='word_1_399' title='bbox 1269 3437 1484 3511; x_wconf 85' lang='lat' dir='ltr'><strong>singula</strong></span> <span class='ocrx_word' id='word_1_400' title='bbox 1541 3456 1641 3497; x_wconf 89' lang='lat' dir='ltr'><strong>sua</strong></span> <span class='ocrx_word' id='word_1_401' title='bbox 1694 3446 1939 3501; x_wconf 89' lang='lat' dir='ltr'><strong>membra</strong></span> 
     </span>
    </p>
   </div>
   <div class='ocr_carea' id='block_1_53' title="bbox 352 3523 1937 3606">
    <p class='ocr_par' dir='ltr' id='par_1_53' title="bbox 352 3523 1937 3606">
     <span class='ocr_line' id='line_1_53' title="bbox 352 3523 1937 3606; baseline 0.009 -29"><span class='ocrx_word' id='word_1_402' title='bbox 352 3523 586 3578; x_wconf 71' lang='lat' dir='ltr'><strong>alfectus</strong></span> <span class='ocrx_word' id='word_1_403' title='bbox 631 3533 739 3589; x_wconf 90' lang='lat' dir='ltr'><strong>est,</strong></span> <span class='ocrx_word' id='word_1_404' title='bbox 785 3526 882 3596; x_wconf 91' lang='lat' dir='ltr'><strong>qui</strong></span> <span class='ocrx_word' id='word_1_405' title='bbox 933 3535 1106 3582; x_wconf 89' lang='lat' dir='ltr'><strong>totum</strong></span> <span class='ocrx_word' id='word_1_406' title='bbox 1156 3544 1319 3584; x_wconf 90' lang='lat' dir='ltr'><strong>suum</strong></span> <span class='ocrx_word' id='word_1_407' title='bbox 1364 3546 1569 3603; x_wconf 85' lang='lat' dir='ltr'><strong>corpus</strong></span> <span class='ocrx_word' id='word_1_408' title='bbox 1609 3536 1812 3606; x_wconf 84' lang='lat' dir='ltr'><strong>pariter</strong></span> <span class='ocrx_word' id='word_1_409' title='bbox 1849 3553 1937 3592; x_wconf 86' lang='lat' dir='ltr'><strong>sa-</strong></span> 
     </span>
    </p>
   </div>
   <div class='ocr_carea' id='block_1_54' title="bbox 353 3615 1938 3693">
    <p class='ocr_par' dir='ltr' id='par_1_54' title="bbox 353 3615 1938 3693">
     <span class='ocr_line' id='line_1_54' title="bbox 353 3615 1938 3693; baseline 0.011 -26"><span class='ocrx_word' id='word_1_410' title='bbox 353 3630 485 3668; x_wconf 91' lang='lat' dir='ltr'><strong>num</strong></span> <span class='ocrx_word' id='word_1_411' title='bbox 522 3615 661 3679; x_wconf 84' lang='lat' dir='ltr'><strong>vult,</strong></span> <span class='ocrx_word' id='word_1_412' title='bbox 703 3616 925 3686; x_wconf 90' lang='lat' dir='ltr'><strong>quando</strong></span> <span class='ocrx_word' id='word_1_413' title='bbox 970 3623 1027 3671; x_wconf 89' lang='lat' dir='ltr'><strong>et</strong></span> <span class='ocrx_word' id='word_1_414' title='bbox 1087 3620 1525 3693; x_wconf 84' lang='lat' dir='ltr'><strong>uniuscujusque</strong></span> <span class='ocrx_word' id='word_1_415' title='bbox 1566 3626 1797 3682; x_wconf 87' lang='lat' dir='ltr'><strong>membri</strong></span> <span class='ocrx_word' id='word_1_416' title='bbox 1835 3628 1938 3684; x_wconf 90' lang='lat' dir='ltr'><strong>do-</strong></span> 
     </span>
    </p>
   </div>
   <div class='ocr_carea' id='block_1_55' title="bbox 351 3704 1935 3788">
    <p class='ocr_par' dir='ltr' id='par_1_55' title="bbox 351 3704 1935 3788">
     <span class='ocr_line' id='line_1_55' title="bbox 351 3704 1935 3788; baseline 0.011 -32"><span class='ocrx_word' id='word_1_417' title='bbox 351 3704 435 3758; x_wconf 86' lang='lat' dir='ltr'><strong>lor</strong></span> <span class='ocrx_word' id='word_1_418' title='bbox 475 3705 737 3774; x_wconf 59' lang='lat' dir='ltr'><strong>aqualem</strong></span> <span class='ocrx_word' id='word_1_419' title='bbox 780 3708 1001 3777; x_wconf 87' lang='lat' dir='ltr'><strong>corpori</strong></span> <span class='ocrx_word' id='word_1_420' title='bbox 1048 3709 1360 3765; x_wconf 79' lang='lat' dir='ltr'><strong>molestiam</strong></span> <span class='ocrx_word' id='word_1_421' title='bbox 1419 3712 1661 3771; x_wconf 77' lang='lat' dir='ltr'><strong>exhibet.</strong></span> <span class='ocrx_word' id='word_1_422' title='bbox 1711 3717 1788 3788; x_wconf 88' lang='lat'><strong>(7)</strong></span> <span class='ocrx_word' id='word_1_423' title='bbox 1831 3718 1935 3784; x_wconf 84' lang='lat' dir='ltr'><strong>Qui</strong></span> 
     </span>
    </p>
   </div>
   <div class='ocr_carea' id='block_1_56' title="bbox 349 3796 1935 3880">
    <p class='ocr_par' dir='ltr' id='par_1_56' title="bbox 349 3796 1935 3880">
     <span class='ocr_line' id='line_1_56' title="bbox 349 3796 1935 3880; baseline 0.009 -30"><span class='ocrx_word' id='word_1_424' title='bbox 349 3796 497 3850; x_wconf 89' lang='lat' dir='ltr'><strong>enim</strong></span> <span class='ocrx_word' id='word_1_425' title='bbox 532 3796 589 3850; x_wconf 91' lang='lat' dir='ltr'><strong>in</strong></span> <span class='ocrx_word' id='word_1_426' title='bbox 632 3807 907 3852; x_wconf 91' lang='lat' dir='ltr'><strong>conventu</strong></span> <span class='ocrx_word' id='word_1_427' title='bbox 941 3814 1111 3855; x_wconf 85' lang='lat' dir='ltr'><strong>unum</strong></span> <span class='ocrx_word' id='word_1_428' title='bbox 1153 3817 1266 3872; x_wconf 69' lang='lat' dir='ltr'><strong>prae</strong></span> <span class='ocrx_word' id='word_1_429' title='bbox 1297 3804 1422 3860; x_wconf 90' lang='lat' dir='ltr'><strong>aliis</strong></span> <span class='ocrx_word' id='word_1_430' title='bbox 1446 3804 1649 3877; x_wconf 80' lang='lat' dir='ltr'><strong>diligit,</strong></span> <span class='ocrx_word' id='word_1_431' title='bbox 1689 3811 1935 3880; x_wconf 87' lang='lat' dir='ltr'><strong>seipsum</strong></span> 
     </span>
    </p>
   </div>
   <div class='ocr_carea' id='block_1_57' title="bbox 350 3887 1935 3963">
    <p class='ocr_par' dir='ltr' id='par_1_57' title="bbox 350 3887 1935 3963">
     <span class='ocr_line' id='line_1_57' title="bbox 350 3887 1935 3963; baseline 0.009 -21"><span class='ocrx_word' id='word_1_432' title='bbox 350 3887 692 3958; x_wconf 73' lang='lat' dir='ltr'><strong>imperfectae</strong></span> <span class='ocrx_word' id='word_1_433' title='bbox 716 3890 1003 3947; x_wconf 87' lang='lat' dir='ltr'><strong>charilalis</strong></span> <span class='ocrx_word' id='word_1_434' title='bbox 1037 3892 1338 3950; x_wconf 86' lang='lat' dir='ltr'><strong>insimulat.</strong></span> <span class='ocrx_word' id='word_1_435' title='bbox 1365 3895 1546 3963; x_wconf 86' lang='lat' dir='ltr'><strong>Quare</strong></span> <span class='ocrx_word' id='word_1_436' title='bbox 1571 3915 1637 3954; x_wconf 79' lang='lat' dir='ltr'><strong>ex</strong></span> <span class='ocrx_word' id='word_1_437' title='bbox 1662 3911 1935 3957; x_wconf 89' lang='lat' dir='ltr'><strong>conventu</strong></span> 
     </span>
    </p>
   </div>
   <div class='ocr_carea' id='block_1_58' title="bbox 350 3981 1931 4064">
    <p class='ocr_par' dir='ltr' id='par_1_58' title="bbox 350 3981 1931 4064">
     <span class='ocr_line' id='line_1_58' title="bbox 350 3981 1931 4064; baseline 0.009 -29"><span class='ocrx_word' id='word_1_438' title='bbox 350 3981 635 4037; x_wconf 90' lang='lat' dir='ltr'><strong>contentio</strong></span> <span class='ocrx_word' id='word_1_439' title='bbox 668 3982 928 4038; x_wconf 87' lang='lat' dir='ltr'><strong>indecora</strong></span> <span class='ocrx_word' id='word_1_440' title='bbox 962 3992 1017 4039; x_wconf 92' lang='lat' dir='ltr'><strong>et</strong></span> <span class='ocrx_word' id='word_1_441' title='bbox 1047 3985 1347 4056; x_wconf 83' lang='lat' dir='ltr'><strong>singularis</strong></span> <span class='ocrx_word' id='word_1_442' title='bbox 1381 4002 1537 4045; x_wconf 87' lang='lat' dir='ltr'><strong>amor</strong></span> <span class='ocrx_word' id='word_1_443' title='bbox 1582 3999 1713 4047; x_wconf 88' lang='lat' dir='ltr'><strong>sunt</strong></span> <span class='ocrx_word' id='word_1_444' title='bbox 1750 4008 1931 4064; x_wconf 68' lang='lat' dir='ltr'><strong>requa-</strong></span> 
     </span>
    </p>
   </div>
   <div class='ocr_carea' id='block_1_59' title="bbox 351 4072 1937 4139">
    <p class='ocr_par' dir='ltr' id='par_1_59' title="bbox 351 4072 1937 4139">
     <span class='ocr_line' id='line_1_59' title="bbox 351 4072 1937 4139; baseline 0.008 -13"><span class='ocrx_word' id='word_1_445' title='bbox 351 4072 479 4128; x_wconf 88' lang='lat' dir='ltr'><strong>liter</strong></span> <span class='ocrx_word' id='word_1_446' title='bbox 515 4075 867 4130; x_wconf 87' lang='lat' dir='ltr'><strong>amandandi.</strong></span> <span class='ocrx_word' id='word_1_447' title='bbox 892 4075 1080 4132; x_wconf 87' lang='lat' dir='ltr'><strong>Oritur</strong></span> <span class='ocrx_word' id='word_1_448' title='bbox 1106 4080 1252 4134; x_wconf 90' lang='lat' dir='ltr'><strong>enim</strong></span> <span class='ocrx_word' id='word_1_449' title='bbox 1280 4095 1345 4135; x_wconf 83' lang='lat' dir='ltr'><strong>ex</strong></span> <span class='ocrx_word' id='word_1_450' title='bbox 1373 4083 1724 4139; x_wconf 88' lang='lat' dir='ltr'><strong>contentione</strong></span> <span class='ocrx_word' id='word_1_451' title='bbox 1754 4085 1937 4139; x_wconf 89' lang='lat' dir='ltr'><strong>inimi-</strong></span> 
     </span>
    </p>
   </div>
   <div class='ocr_carea' id='block_1_60' title="bbox 347 4165 1935 4241">
    <p class='ocr_par' dir='ltr' id='par_1_60' title="bbox 347 4165 1935 4241">
     <span class='ocr_line' id='line_1_60' title="bbox 347 4165 1935 4241; baseline 0.007 -21"><span class='ocrx_word' id='word_1_452' title='bbox 347 4165 479 4220; x_wconf 89' lang='lat' dir='ltr'><strong>citia</strong></span> <span class='ocrx_word' id='word_1_453' title='bbox 532 4182 548 4219; x_wconf 91' lang='lat'><strong>:</strong></span> <span class='ocrx_word' id='word_1_454' title='bbox 601 4166 672 4222; x_wconf 88' lang='lat' dir='ltr'><strong>ab</strong></span> <span class='ocrx_word' id='word_1_455' title='bbox 705 4168 948 4223; x_wconf 88' lang='lat' dir='ltr'><strong>amicitia</strong></span> <span class='ocrx_word' id='word_1_456' title='bbox 995 4185 1126 4225; x_wconf 87' lang='lat' dir='ltr'><strong>vero</strong></span> <span class='ocrx_word' id='word_1_457' title='bbox 1176 4172 1495 4241; x_wconf 88' lang='lat' dir='ltr'><strong>particulari</strong></span> <span class='ocrx_word' id='word_1_458' title='bbox 1543 4181 1599 4229; x_wconf 88' lang='lat' dir='ltr'><strong>et</strong></span> <span class='ocrx_word' id='word_1_459' title='bbox 1645 4175 1935 4231; x_wconf 86' lang='lat' dir='ltr'><strong>sodalitate</strong></span> 
     </span>
    </p>
   </div>
   <div class='ocr_carea' id='block_1_61' title="bbox 348 4258 1930 4327">
    <p class='ocr_par' dir='ltr' id='par_1_61' title="bbox 348 4258 1930 4327">
     <span class='ocr_line' id='line_1_61' title="bbox 348 4258 1930 4327; baseline 0.006 -15"><span class='ocrx_word' id='word_1_460' title='bbox 348 4258 695 4327; x_wconf 86' lang='lat' dir='ltr'><strong>suspiciones</strong></span> <span class='ocrx_word' id='word_1_461' title='bbox 758 4266 812 4313; x_wconf 88' lang='lat' dir='ltr'><strong>et</strong></span> <span class='ocrx_word' id='word_1_462' title='bbox 875 4259 1095 4316; x_wconf 65' lang='lat' dir='ltr'><strong>invidiae</strong></span> <span class='ocrx_word' id='word_1_463' title='bbox 1161 4272 1485 4320; x_wconf 87' lang='lat' dir='ltr'><strong>nascuntur.</strong></span> <span class='ocrx_word' id='word_1_464' title='bbox 1571 4265 1708 4319; x_wconf 85' lang='lat' dir='ltr'><strong>Cum</strong></span> <span class='ocrx_word' id='word_1_465' title='bbox 1782 4267 1930 4322; x_wconf 90' lang='lat' dir='ltr'><strong>enim</strong></span> 
     </span>
    </p>
   </div>
   <div class='ocr_carea' id='block_1_62' title="bbox 347 4349 1930 4428">
    <p class='ocr_par' dir='ltr' id='par_1_62' title="bbox 347 4349 1930 4428">
     <span class='ocr_line' id='line_1_62' title="bbox 347 4349 1930 4428; baseline 0.006 -26"><span class='ocrx_word' id='word_1_466' title='bbox 347 4350 637 4419; x_wconf 71' lang='lat' dir='ltr'><strong>mqualitas</strong></span> <span class='ocrx_word' id='word_1_467' title='bbox 662 4349 929 4416; x_wconf 81' lang='lat' dir='ltr'><strong>aufertur,</strong></span> <span class='ocrx_word' id='word_1_468' title='bbox 956 4351 1009 4406; x_wconf 90' lang='lat' dir='ltr'><strong>id</strong></span> <span class='ocrx_word' id='word_1_469' title='bbox 1043 4354 1247 4424; x_wconf 87' lang='lat' dir='ltr'><strong>ubique</strong></span> <span class='ocrx_word' id='word_1_470' title='bbox 1272 4355 1355 4411; x_wconf 90' lang='lat' dir='ltr'><strong>eis</strong></span> <span class='ocrx_word' id='word_1_471' title='bbox 1383 4357 1474 4425; x_wconf 90' lang='lat' dir='ltr'><strong>qui</strong></span> <span class='ocrx_word' id='word_1_472' title='bbox 1507 4371 1570 4411; x_wconf 86' lang='lat' dir='ltr'><strong>ea</strong></span> <span class='ocrx_word' id='word_1_473' title='bbox 1601 4358 1930 4428; x_wconf 87' lang='lat' dir='ltr'><strong>spoliantur,</strong></span> 
     </span>
    </p>
   </div>
   <div class='ocr_carea' id='block_1_63' title="bbox 2042 1882 3641 1955">
    <p class='ocr_par' dir='ltr' id='par_1_63' title="bbox 2042 1882 3641 1955">
     <span class='ocr_line' id='line_1_63' title="bbox 2042 1882 3641 1955; baseline 0.001 -19"><span class='ocrx_word' id='word_1_474' title='bbox 2042 1882 2145 1953; x_wconf 83' lang='grc' dir='ltr'><strong>τῆς</strong></span> <span class='ocrx_word' id='word_1_475' title='bbox 2171 1884 2392 1955; x_wconf 77' lang='grc' dir='ltr'>ἀγάπης</span> <span class='ocrx_word' id='word_1_476' title='bbox 2421 1883 2700 1955; x_wconf 87' lang='grc' dir='ltr'>συνέδησε.</span> <span class='ocrx_word' id='word_1_477' title='bbox 2736 1885 2849 1938; x_wconf 71' lang='grc' dir='ltr'><strong>Καὶ</strong></span> <span class='ocrx_word' id='word_1_478' title='bbox 2874 1884 3047 1955; x_wconf 86' lang='grc' dir='ltr'>τούτῳ</span> <span class='ocrx_word' id='word_1_479' title='bbox 3084 1884 3325 1955; x_wconf 81' lang='grc' dir='ltr'>μάλιστα</span> <span class='ocrx_word' id='word_1_480' title='bbox 3362 1885 3522 1953; x_wconf 66' lang='grc' dir='ltr'>φίλους</span> <span class='ocrx_word' id='word_1_481' title='bbox 3552 1886 3641 1938; x_wconf 70' lang='grc' dir='ltr'>κός</span> 
     </span>
    </p>
   </div>
   <div class='ocr_carea' id='block_1_64' title="bbox 2043 1973 3636 2048">
    <p class='ocr_par' dir='ltr' id='par_1_64' title="bbox 2043 1973 3636 2048">
     <span class='ocr_line' id='line_1_64' title="bbox 2043 1973 3636 2048; baseline 0.002 -21"><span class='ocrx_word' id='word_1_482' title='bbox 2043 1973 2208 2037; x_wconf 84' lang='grc' dir='ltr'>λακος</span> <span class='ocrx_word' id='word_1_483' title='bbox 2253 1976 2549 2048; x_wconf 78' lang='grc' dir='ltr'>διενήνοχε,</span> <span class='ocrx_word' id='word_1_484' title='bbox 2593 1976 2673 2048; x_wconf 82' lang='grc' dir='ltr'><strong>τῷ</strong></span> <span class='ocrx_word' id='word_1_485' title='bbox 2714 1976 2805 2030; x_wconf 86' lang='grc' dir='ltr'><strong>τὸν</strong></span> <span class='ocrx_word' id='word_1_486' title='bbox 2838 1976 2936 2048; x_wconf 83' lang='grc' dir='ltr'>μὲν</span> <span class='ocrx_word' id='word_1_487' title='bbox 2984 1976 3124 2048; x_wconf 77' lang='grc' dir='ltr'>πρὸς</span> <span class='ocrx_word' id='word_1_488' title='bbox 3160 1976 3359 2048; x_wconf 79' lang='grc' dir='ltr'>ἡδονὴν</span> <span class='ocrx_word' id='word_1_489' title='bbox 3400 1977 3636 2048; x_wconf 72' lang='grc' dir='ltr'>ὁμιλεῖν,</span> 
     </span>
    </p>
   </div>
   <div class='ocr_carea' id='block_1_65' title="bbox 2042 2065 3636 2140">
    <p class='ocr_par' dir='ltr' id='par_1_65' title="bbox 2042 2065 3636 2140">
     <span class='ocr_line' id='line_1_65' title="bbox 2042 2065 3636 2140; baseline 0.002 -19"><span class='ocrx_word' id='word_1_490' title='bbox 2042 2068 2134 2123; x_wconf 84' lang='grc' dir='ltr'><strong>τὸν</strong></span> <span class='ocrx_word' id='word_1_491' title='bbox 2165 2069 2221 2123; x_wconf 86' lang='grc' dir='ltr'>δὲ</span> <span class='ocrx_word' id='word_1_492' title='bbox 2256 2069 2393 2140; x_wconf 80' lang='grc' dir='ltr'>μηδὲ</span> <span class='ocrx_word' id='word_1_493' title='bbox 2417 2069 2526 2122; x_wconf 85' lang='grc' dir='ltr'><strong>τῶν</strong></span> <span class='ocrx_word' id='word_1_494' title='bbox 2566 2067 2883 2122; x_wconf 83' lang='grc' dir='ltr'>λυπούντων</span> <span class='ocrx_word' id='word_1_495' title='bbox 2926 2068 3245 2138; x_wconf 82' lang='grc' dir='ltr'>ἀπέχεσθαι.</span> <span class='ocrx_word' id='word_1_496' title='bbox 3291 2065 3461 2133; x_wconf 82' lang='grc' dir='ltr'>Οἶδας</span> <span class='ocrx_word' id='word_1_497' title='bbox 3488 2070 3547 2123; x_wconf 82' lang='grc' dir='ltr'>δὲ</span> <span class='ocrx_word' id='word_1_498' title='bbox 3587 2072 3636 2124; x_wconf 82' lang='grc' dir='ltr'><strong>τί</strong></span> 
     </span>
    </p>
   </div>
   <div class='ocr_carea' id='block_1_66' title="bbox 2043 2158 3635 2232">
    <p class='ocr_par' dir='ltr' id='par_1_66' title="bbox 2043 2158 3635 2232">
     <span class='ocr_line' id='line_1_66' title="bbox 2043 2158 3635 2232; baseline 0.003 -21"><span class='ocrx_word' id='word_1_499' title='bbox 2043 2159 2292 2229; x_wconf 82' lang='grc' dir='ltr'>ποιήσεις</span> <span class='ocrx_word' id='word_1_500' title='bbox 2323 2159 2403 2230; x_wconf 81' lang='grc' dir='ltr'>τῷ</span> <span class='ocrx_word' id='word_1_501' title='bbox 2435 2159 2691 2231; x_wconf 89' lang='grc' dir='ltr'>πλησίον;</span> <span class='ocrx_word' id='word_1_502' title='bbox 2727 2159 2756 2213; x_wconf 87' lang='grc' dir='ltr'><strong>ὃ</strong></span> <span class='ocrx_word' id='word_1_503' title='bbox 2798 2158 3010 2230; x_wconf 82' lang='grc' dir='ltr'>σεαυτῷ</span> <span class='ocrx_word' id='word_1_504' title='bbox 3053 2159 3237 2230; x_wconf 75' lang='grc' dir='ltr'>βούλει</span> <span class='ocrx_word' id='word_1_505' title='bbox 3275 2161 3410 2230; x_wconf 87' lang='grc' dir='ltr'>παρ’</span> <span class='ocrx_word' id='word_1_506' title='bbox 3449 2163 3635 2232; x_wconf 76' lang='grc' dir='ltr'>ἑτέρου</span> 
     </span>
    </p>
   </div>
   <div class='ocr_carea' id='block_1_67' title="bbox 2041 2247 3634 2321">
    <p class='ocr_par' dir='ltr' id='par_1_67' title="bbox 2041 2247 3634 2321">
     <span class='ocr_line' id='line_1_67' title="bbox 2041 2247 3634 2321; baseline 0.001 -16"><span class='ocrx_word' id='word_1_507' title='bbox 2041 2251 2315 2321; x_wconf 79' lang='grc' dir='ltr'>γενέσθαι.</span> <span class='ocrx_word' id='word_1_508' title='bbox 2346 2247 2509 2316; x_wconf 80' lang='grc' dir='ltr'>Οἶδας</span> <span class='ocrx_word' id='word_1_509' title='bbox 2550 2253 2579 2306; x_wconf 86' lang='grc' dir='ltr'><strong>ὅ</strong></span> <span class='ocrx_word' id='word_1_510' title='bbox 2611 2251 2664 2305; x_wconf 89' lang='grc' dir='ltr'>τί</span> <span class='ocrx_word' id='word_1_511' title='bbox 2707 2252 2839 2306; x_wconf 85' lang='grc' dir='ltr'>ποτέ</span> <span class='ocrx_word' id='word_1_512' title='bbox 2866 2254 2985 2306; x_wconf 80' lang='grc' dir='ltr'>ἐστι</span> <span class='ocrx_word' id='word_1_513' title='bbox 3016 2252 3079 2306; x_wconf 84' lang='grc' dir='ltr'><strong>τὸ</strong></span> <span class='ocrx_word' id='word_1_514' title='bbox 3120 2252 3329 2318; x_wconf 84' lang='grc' dir='ltr'>κακόν;</span> <span class='ocrx_word' id='word_1_515' title='bbox 3359 2253 3388 2307; x_wconf 80' lang='grc' dir='ltr'><strong>ὃ</strong></span> <span class='ocrx_word' id='word_1_516' title='bbox 3432 2255 3532 2308; x_wconf 76' lang='grc' dir='ltr'>οὐκ</span> <span class='ocrx_word' id='word_1_517' title='bbox 3570 2255 3634 2309; x_wconf 79' lang='grc' dir='ltr'>ἂν</span> 
     </span>
    </p>
   </div>
   <div class='ocr_carea' id='block_1_68' title="bbox 2042 2340 3633 2416">
    <p class='ocr_par' dir='ltr' id='par_1_68' title="bbox 2042 2340 3633 2416">
     <span class='ocr_line' id='line_1_68' title="bbox 2042 2340 3633 2416; baseline 0.004 -24"><span class='ocrx_word' id='word_1_518' title='bbox 2042 2340 2204 2405; x_wconf 87' lang='grc' dir='ltr'>αὐτὸς</span> <span class='ocrx_word' id='word_1_519' title='bbox 2234 2342 2429 2396; x_wconf 85' lang='grc' dir='ltr'>παθεῖν</span> <span class='ocrx_word' id='word_1_520' title='bbox 2468 2343 2612 2397; x_wconf 73' lang='grc' dir='ltr'>ἕλοιο</span> <span class='ocrx_word' id='word_1_521' title='bbox 2646 2344 2777 2416; x_wconf 89' lang='grc' dir='ltr'>παρ’</span> <span class='ocrx_word' id='word_1_522' title='bbox 2819 2343 3034 2415; x_wconf 78' lang='grc' dir='ltr'>ἑτέρου.</span> <span class='ocrx_word' id='word_1_523' title='bbox 3078 2345 3220 2413; x_wconf 87' lang='grc' dir='ltr'><strong>Ἐγὼ</strong></span> <span class='ocrx_word' id='word_1_524' title='bbox 3248 2345 3361 2416; x_wconf 75' lang='grc' dir='ltr'><strong>γάρ</strong></span> <span class='ocrx_word' id='word_1_525' title='bbox 3395 2346 3633 2410; x_wconf 74' lang='grc' dir='ltr'>ἀκούσας</span> 
     </span>
    </p>
   </div>
   <div class='ocr_carea' id='block_1_69' title="bbox 2042 2432 3630 2508">
    <p class='ocr_par' dir='ltr' id='par_1_69' title="bbox 2042 2432 3630 2508">
     <span class='ocr_line' id='line_1_69' title="bbox 2042 2432 3630 2508; baseline 0.004 -23"><span class='ocrx_word' id='word_1_526' title='bbox 2042 2434 2195 2505; x_wconf 83' lang='grc' dir='ltr'>παρά</span> <span class='ocrx_word' id='word_1_527' title='bbox 2223 2432 2317 2487; x_wconf 88' lang='grc' dir='ltr'><strong>τοῦ</strong></span> <span class='ocrx_word' id='word_1_528' title='bbox 2345 2434 2502 2498; x_wconf 84' lang='grc' dir='ltr'><strong>Θεοῦ,</strong></span> <span class='ocrx_word' id='word_1_529' title='bbox 2534 2435 2616 2489; x_wconf 84' lang='grc' dir='ltr'>ὅτι</span> <span class='ocrx_word' id='word_1_530' title='bbox 2661 2436 2766 2490; x_wconf 79' lang='grc' dir='ltr'>Ἐν</span> <span class='ocrx_word' id='word_1_531' title='bbox 2799 2438 2990 2501; x_wconf 80' lang='grc' dir='ltr'>τούτῳ</span> <span class='ocrx_word' id='word_1_532' title='bbox 3024 2436 3358 2508; x_wconf 72' lang='grc' dir='ltr'>γνώσονται</span> <span class='ocrx_word' id='word_1_533' title='bbox 3385 2438 3630 2504; x_wconf 70' lang='grc' dir='ltr'>πάντες.</span> 
     </span>
    </p>
   </div>
   <div class='ocr_carea' id='block_1_70' title="bbox 2041 2523 3627 2598">
    <p class='ocr_par' dir='ltr' id='par_1_70' title="bbox 2041 2523 3627 2598">
     <span class='ocr_line' id='line_1_70' title="bbox 2041 2523 3627 2598; baseline 0.004 -20"><span class='ocrx_word' id='word_1_534' title='bbox 2041 2523 2131 2578; x_wconf 77' lang='grc' dir='ltr'>ὅτι</span> <span class='ocrx_word' id='word_1_535' title='bbox 2175 2526 2305 2596; x_wconf 69' lang='grc' dir='ltr'>ἐμοὶ</span> <span class='ocrx_word' id='word_1_536' title='bbox 2341 2529 2608 2596; x_wconf 80' lang='grc' dir='ltr'>μαθηταί</span> <span class='ocrx_word' id='word_1_537' title='bbox 2634 2528 2797 2593; x_wconf 85' lang='grc' dir='ltr'>ἐστε,</span> <span class='ocrx_word' id='word_1_538' title='bbox 2830 2528 2941 2583; x_wconf 79' lang='grc' dir='ltr'><strong>ἐὰν</strong></span> <span class='ocrx_word' id='word_1_539' title='bbox 2979 2528 3248 2598; x_wconf 76' lang='grc' dir='ltr'>ἀγαπᾶτε</span> <span class='ocrx_word' id='word_1_540' title='bbox 3270 2530 3595 2596; x_wconf 68' lang='grc' dir='ltr'>ἀλλήλους</span> <span class='ocrx_word' id='word_1_541' title='bbox 3614 2547 3627 2559; x_wconf 90' lang='grc'>·</span> 
     </span>
    </p>
   </div>
   <div class='ocr_carea' id='block_1_71' title="bbox 2042 2618 3631 2694">
    <p class='ocr_par' dir='ltr' id='par_1_71' title="bbox 2042 2618 3631 2694">
     <span class='ocr_line' id='line_1_71' title="bbox 2042 2618 3631 2694; baseline 0.001 -20"><span class='ocrx_word' id='word_1_542' title='bbox 2042 2619 2137 2674; x_wconf 78' lang='grc' dir='ltr'>καὶ</span> <span class='ocrx_word' id='word_1_543' title='bbox 2166 2620 2247 2673; x_wconf 84' lang='grc' dir='ltr'>ὅτι</span> <span class='ocrx_word' id='word_1_544' title='bbox 2277 2618 2551 2694; x_wconf 80' lang='grc' dir='ltr'>ἐξιτήριον</span> <span class='ocrx_word' id='word_1_545' title='bbox 2577 2620 2750 2689; x_wconf 82' lang='grc' dir='ltr'>δῶρον</span> <span class='ocrx_word' id='word_1_546' title='bbox 2788 2625 2902 2685; x_wconf 82' lang='grc' dir='ltr'>τοῖς</span> <span class='ocrx_word' id='word_1_547' title='bbox 2938 2622 3135 2677; x_wconf 82' lang='grc' dir='ltr'>ἑαυτοῦ</span> <span class='ocrx_word' id='word_1_548' title='bbox 3169 2623 3465 2693; x_wconf 78' lang='grc' dir='ltr'>μαθηταῖς,</span> <span class='ocrx_word' id='word_1_549' title='bbox 3500 2623 3631 2693; x_wconf 80' lang='grc' dir='ltr'>μέλ-</span> 
     </span>
    </p>
   </div>
   <div class='ocr_carea' id='block_1_72' title="bbox 2040 2709 3631 2784">
    <p class='ocr_par' dir='ltr' id='par_1_72' title="bbox 2040 2709 3631 2784">
     <span class='ocr_line' id='line_1_72' title="bbox 2040 2709 3631 2784; baseline 0.001 -19"><span class='ocrx_word' id='word_1_550' title='bbox 2040 2712 2148 2766; x_wconf 89' lang='grc' dir='ltr'><strong>λων</strong></span> <span class='ocrx_word' id='word_1_551' title='bbox 2178 2710 2534 2783; x_wconf 82' lang='grc' dir='ltr'>συμπληροῦν</span> <span class='ocrx_word' id='word_1_552' title='bbox 2575 2709 2675 2782; x_wconf 81' lang='grc' dir='ltr'>τὴν</span> <span class='ocrx_word' id='word_1_553' title='bbox 2713 2713 2770 2767; x_wconf 82' lang='grc' dir='ltr'>ἐν</span> <span class='ocrx_word' id='word_1_554' title='bbox 2803 2711 2969 2783; x_wconf 86' lang='grc' dir='ltr'>σαρκὶ</span> <span class='ocrx_word' id='word_1_555' title='bbox 3008 2712 3343 2783; x_wconf 72' lang='grc' dir='ltr'>οἰκονομίαν,</span> <span class='ocrx_word' id='word_1_556' title='bbox 3377 2714 3479 2784; x_wconf 73' lang='grc' dir='ltr'><strong>τὴν</strong></span> <span class='ocrx_word' id='word_1_557' title='bbox 3507 2714 3631 2767; x_wconf 79' lang='grc' dir='ltr'>ἑαυ-</span> 
     </span>
    </p>
   </div>
   <div class='ocr_carea' id='block_1_73' title="bbox 2039 2800 3631 2873">
    <p class='ocr_par' dir='ltr' id='par_1_73' title="bbox 2039 2800 3631 2873">
     <span class='ocr_line' id='line_1_73' title="bbox 2039 2800 3631 2873; baseline 0.001 -18"><span class='ocrx_word' id='word_1_558' title='bbox 2039 2801 2135 2855; x_wconf 84' lang='grc' dir='ltr'><strong>τοῦ</strong></span> <span class='ocrx_word' id='word_1_559' title='bbox 2193 2801 2423 2873; x_wconf 75' lang='grc' dir='ltr'>εἰρήνην</span> <span class='ocrx_word' id='word_1_560' title='bbox 2473 2801 2770 2855; x_wconf 78' lang='grc' dir='ltr'>κατέλιπεν</span> <span class='ocrx_word' id='word_1_561' title='bbox 2822 2800 3025 2856; x_wconf 81' lang='grc' dir='ltr'><strong>εἰπών’</strong></span> <span class='ocrx_word' id='word_1_562' title='bbox 3085 2801 3358 2871; x_wconf 71' lang='grc' dir='ltr'><strong>Εἰρήνην</strong></span> <span class='ocrx_word' id='word_1_563' title='bbox 3419 2803 3631 2873; x_wconf 54' lang='grc' dir='ltr'>ἀφίημι</span> 
     </span>
    </p>
   </div>
   <div class='ocr_carea' id='block_1_74' title="bbox 2039 2892 3627 2965">
    <p class='ocr_par' dir='ltr' id='par_1_74' title="bbox 2039 2892 3627 2965">
     <span class='ocr_line' id='line_1_74' title="bbox 2039 2892 3627 2965; baseline -0.001 -16"><span class='ocrx_word' id='word_1_564' title='bbox 2039 2892 2203 2963; x_wconf 80' lang='grc' dir='ltr'>ὑμῖν,</span> <span class='ocrx_word' id='word_1_565' title='bbox 2232 2892 2484 2960; x_wconf 76' lang='grc' dir='ltr'><strong>εἰρήνην</strong></span> <span class='ocrx_word' id='word_1_566' title='bbox 2519 2893 2635 2960; x_wconf 83' lang='grc' dir='ltr'><strong>τὴν</strong></span> <span class='ocrx_word' id='word_1_567' title='bbox 2665 2892 2820 2963; x_wconf 84' lang='grc' dir='ltr'><strong>ἐμὴν</strong></span> <span class='ocrx_word' id='word_1_568' title='bbox 2851 2892 3056 2964; x_wconf 82' lang='grc' dir='ltr'>δίδωμι</span> <span class='ocrx_word' id='word_1_569' title='bbox 3084 2894 3232 2963; x_wconf 77' lang='grc' dir='ltr'>ὑμῖν</span> <span class='ocrx_word' id='word_1_570' title='bbox 3255 2910 3269 2923; x_wconf 94' lang='grc'><strong>·</strong></span> <span class='ocrx_word' id='word_1_571' title='bbox 3303 2895 3365 2947; x_wconf 85' lang='grc' dir='ltr'>οὐ</span> <span class='ocrx_word' id='word_1_572' title='bbox 3396 2893 3627 2965; x_wconf 73' lang='grc' dir='ltr'>δύναμαι</span> 
     </span>
    </p>
   </div>
   <div class='ocr_carea' id='block_1_75' title="bbox 2041 2983 3627 3056">
    <p class='ocr_par' dir='ltr' id='par_1_75' title="bbox 2041 2983 3627 3056">
     <span class='ocr_line' id='line_1_75' title="bbox 2041 2983 3627 3056; baseline 0.002 -19"><span class='ocrx_word' id='word_1_573' title='bbox 2041 2988 2237 3048; x_wconf 91' lang='grc' dir='ltr'>εἰπεῖν,</span> <span class='ocrx_word' id='word_1_574' title='bbox 2270 2985 2352 3038; x_wconf 82' lang='grc' dir='ltr'>ὅτι</span> <span class='ocrx_word' id='word_1_575' title='bbox 2389 2983 2518 3039; x_wconf 80' lang='grc' dir='ltr'>ἄνευ</span> <span class='ocrx_word' id='word_1_576' title='bbox 2569 2986 2670 3056; x_wconf 83' lang='grc' dir='ltr'><strong>τῆς</strong></span> <span class='ocrx_word' id='word_1_577' title='bbox 2719 2987 2779 3038; x_wconf 81' lang='grc' dir='ltr'>ἐν</span> <span class='ocrx_word' id='word_1_578' title='bbox 2817 2983 3067 3056; x_wconf 83' lang='grc' dir='ltr'>ἀλλήλοις</span> <span class='ocrx_word' id='word_1_579' title='bbox 3111 2985 3338 3056; x_wconf 79' lang='grc' dir='ltr'>ἀγάπης</span> <span class='ocrx_word' id='word_1_580' title='bbox 3378 2987 3477 3040; x_wconf 77' lang='grc' dir='ltr'>καὶ</span> <span class='ocrx_word' id='word_1_581' title='bbox 3503 2988 3627 3040; x_wconf 77' lang='grc' dir='ltr'>ἄνευ</span> 
     </span>
    </p>
   </div>
   <div class='ocr_carea' id='block_1_76' title="bbox 2039 3072 3625 3150">
    <p class='ocr_par' dir='ltr' id='par_1_76' title="bbox 2039 3072 3625 3150">
     <span class='ocr_line' id='line_1_76' title="bbox 2039 3072 3625 3150; baseline 0.001 -18"><span class='ocrx_word' id='word_1_582' title='bbox 2039 3075 2157 3146; x_wconf 84' lang='grc' dir='ltr'>τοῦ,</span> <span class='ocrx_word' id='word_1_583' title='bbox 2183 3077 2245 3131; x_wconf 81' lang='grc' dir='ltr'><strong>τὸ</strong></span> <span class='ocrx_word' id='word_1_584' title='bbox 2266 3079 2347 3142; x_wconf 84' lang='grc' dir='ltr'><strong>είς</strong></span> <span class='ocrx_word' id='word_1_585' title='bbox 2384 3078 2486 3148; x_wconf 75' lang='grc' dir='ltr'><strong>ἐμὲ</strong></span> <span class='ocrx_word' id='word_1_586' title='bbox 2513 3072 2671 3149; x_wconf 76' lang='grc' dir='ltr'>ἧκον,</span> <span class='ocrx_word' id='word_1_587' title='bbox 2708 3077 3011 3150; x_wconf 77' lang='grc' dir='ltr'>εἰρηνεύειν</span> <span class='ocrx_word' id='word_1_588' title='bbox 3041 3079 3179 3149; x_wconf 79' lang='grc' dir='ltr'>πρὸς</span> <span class='ocrx_word' id='word_1_589' title='bbox 3206 3081 3445 3145; x_wconf 79' lang='grc' dir='ltr'>πάντας,</span> <span class='ocrx_word' id='word_1_590' title='bbox 3471 3079 3625 3134; x_wconf 77' lang='grc' dir='ltr'>δύνα-</span> 
     </span>
    </p>
   </div>
   <div class='ocr_carea' id='block_1_77' title="bbox 1990 3158 3339 3243">
    <p class='ocr_par' dir='ltr' id='par_1_77' title="bbox 1990 3158 3339 3243">
     <span class='ocr_line' id='line_1_77' title="bbox 1990 3158 3339 3243; baseline 0.001 -21"><span class='ocrx_word' id='word_1_591' title='bbox 1990 3158 2006 3175; x_wconf 67' lang='grc'><strong><em>¹</em></strong></span> <span class='ocrx_word' id='word_1_592' title='bbox 2044 3187 2143 3241; x_wconf 92' lang='grc' dir='ltr'><strong>μαι</strong></span> <span class='ocrx_word' id='word_1_593' title='bbox 2174 3169 2324 3235; x_wconf 84' lang='grc' dir='ltr'>ἀξιος</span> <span class='ocrx_word' id='word_1_594' title='bbox 2356 3168 2622 3241; x_wconf 80' lang='grc' dir='ltr'>κληθῆναι</span> <span class='ocrx_word' id='word_1_595' title='bbox 2645 3168 2831 3234; x_wconf 82' lang='grc' dir='ltr'>δοῦλος</span> <span class='ocrx_word' id='word_1_596' title='bbox 2871 3169 3047 3242; x_wconf 84' lang='grc' dir='ltr'>Ἰησοῦ</span> <span class='ocrx_word' id='word_1_597' title='bbox 3073 3170 3339 3243; x_wconf 86' lang='grc' dir='ltr'>Χριστοῦ.</span> 
     </span>
    </p>
   </div>
   <div class='ocr_carea' id='block_1_78' title="bbox 2109 3261 3625 3337">
    <p class='ocr_par' dir='ltr' id='par_1_78' title="bbox 2109 3261 3625 3337">
     <span class='ocr_line' id='line_1_78' title="bbox 2109 3261 3625 3337; baseline -0.001 -19"><span class='ocrx_word' id='word_1_598' title='bbox 2109 3263 2164 3318; x_wconf 81' lang='lat'><strong>3.</strong></span> <span class='ocrx_word' id='word_1_599' title='bbox 2205 3261 2364 3317; x_wconf 73' lang='grc' dir='ltr'>Οὕτω</span> <span class='ocrx_word' id='word_1_600' title='bbox 2407 3262 2586 3317; x_wconf 81' lang='grc' dir='ltr'>τοίνυν</span> <span class='ocrx_word' id='word_1_601' title='bbox 2628 3265 2897 3335; x_wconf 77' lang='grc' dir='ltr'>προσήκει</span> <span class='ocrx_word' id='word_1_602' title='bbox 2934 3264 3118 3336; x_wconf 81' lang='grc' dir='ltr'>κοινὴν</span> <span class='ocrx_word' id='word_1_603' title='bbox 3165 3265 3262 3318; x_wconf 83' lang='grc' dir='ltr'>καὶ</span> <span class='ocrx_word' id='word_1_604' title='bbox 3318 3266 3447 3337; x_wconf 75' lang='grc' dir='ltr'>ἴσην</span> <span class='ocrx_word' id='word_1_605' title='bbox 3497 3267 3625 3320; x_wconf 63' lang='lat' dir='ltr'><strong>ﬁat</strong></span> 
     </span>
    </p>
   </div>
   <div class='ocr_carea' id='block_1_79' title="bbox 2041 3352 3625 3429">
    <p class='ocr_par' dir='ltr' id='par_1_79' title="bbox 2041 3352 3625 3429">
     <span class='ocr_line' id='line_1_79' title="bbox 2041 3352 3625 3429; baseline 0.003 -24"><span class='ocrx_word' id='word_1_606' title='bbox 2041 3353 2180 3426; x_wconf 84' lang='grc' dir='ltr'>πρὸς</span> <span class='ocrx_word' id='word_1_607' title='bbox 2207 3353 2472 3425; x_wconf 79' lang='grc' dir='ltr'>ἀλλήλους</span> <span class='ocrx_word' id='word_1_608' title='bbox 2513 3355 2614 3425; x_wconf 82' lang='grc' dir='ltr'>τὴν</span> <span class='ocrx_word' id='word_1_609' title='bbox 2644 3355 2868 3427; x_wconf 80' lang='grc' dir='ltr'>ἀγάπην</span> <span class='ocrx_word' id='word_1_610' title='bbox 2899 3352 3060 3419; x_wconf 79' lang='grc' dir='ltr'>εἶναι,</span> <span class='ocrx_word' id='word_1_611' title='bbox 3094 3355 3171 3420; x_wconf 84' lang='grc' dir='ltr'>ὼς</span> <span class='ocrx_word' id='word_1_612' title='bbox 3218 3357 3470 3426; x_wconf 76' lang='grc' dir='ltr'>φυσικῶς</span> <span class='ocrx_word' id='word_1_613' title='bbox 3496 3358 3625 3429; x_wconf 62' lang='grc' dir='ltr'>πρὸς</span> 
     </span>
    </p>
   </div>
   <div class='ocr_carea' id='block_1_80' title="bbox 2039 3443 3623 3518">
    <p class='ocr_par' dir='ltr' id='par_1_80' title="bbox 2039 3443 3623 3518">
     <span class='ocr_line' id='line_1_80' title="bbox 2039 3443 3623 3518; baseline 0.003 -21"><span class='ocrx_word' id='word_1_614' title='bbox 2039 3443 2108 3497; x_wconf 89' lang='grc' dir='ltr'><strong>τά</strong></span> <span class='ocrx_word' id='word_1_615' title='bbox 2139 3443 2262 3498; x_wconf 83' lang='grc' dir='ltr'>καθ’</span> <span class='ocrx_word' id='word_1_616' title='bbox 2291 3444 2521 3498; x_wconf 71' lang='grc' dir='ltr'>ἕκαστον</span> <span class='ocrx_word' id='word_1_617' title='bbox 2546 3444 2741 3499; x_wconf 80' lang='grc' dir='ltr'>ἑαυτοῦ</span> <span class='ocrx_word' id='word_1_618' title='bbox 2782 3445 2919 3518; x_wconf 85' lang='grc' dir='ltr'>μέλη</span> <span class='ocrx_word' id='word_1_619' title='bbox 2958 3448 2987 3501; x_wconf 88' lang='grc' dir='ltr'>ὁ</span> <span class='ocrx_word' id='word_1_620' title='bbox 3018 3444 3306 3517; x_wconf 79' lang='grc' dir='ltr'>ἄνθρωπος</span> <span class='ocrx_word' id='word_1_621' title='bbox 3359 3446 3501 3517; x_wconf 78' lang='grc' dir='ltr'>ἔχει,</span> <span class='ocrx_word' id='word_1_622' title='bbox 3531 3449 3623 3502; x_wconf 81' lang='grc' dir='ltr'>ἐπ·</span> 
     </span>
    </p>
   </div>
   <div class='ocr_carea' id='block_1_81' title="bbox 2045 3536 3622 3610">
    <p class='ocr_par' dir='ltr' id='par_1_81' title="bbox 2045 3536 3622 3610">
     <span class='ocr_line' id='line_1_81' title="bbox 2045 3536 3622 3610; baseline 0.002 -20"><span class='ocrx_word' id='word_1_623' title='bbox 2045 3537 2167 3610; x_wconf 88' lang='grc' dir='ltr'>ίσης</span> <span class='ocrx_word' id='word_1_624' title='bbox 2206 3537 2377 3592; x_wconf 80' lang='grc' dir='ltr'>θέλων</span> <span class='ocrx_word' id='word_1_625' title='bbox 2423 3538 2589 3592; x_wconf 77' lang='grc' dir='ltr'>παντὶ</span> <span class='ocrx_word' id='word_1_626' title='bbox 2618 3536 2696 3610; x_wconf 76' lang='grc' dir='ltr'>τῷ</span> <span class='ocrx_word' id='word_1_627' title='bbox 2725 3539 2939 3609; x_wconf 84' lang='grc' dir='ltr'>σώματι</span> <span class='ocrx_word' id='word_1_628' title='bbox 2980 3539 3077 3609; x_wconf 72' lang='grc' dir='ltr'>τὴν</span> <span class='ocrx_word' id='word_1_629' title='bbox 3107 3538 3345 3609; x_wconf 82' lang='grc' dir='ltr'>ὑγίειαν,</span> <span class='ocrx_word' id='word_1_630' title='bbox 3365 3540 3503 3593; x_wconf 63' lang='grc' dir='ltr'>διότι</span> <span class='ocrx_word' id='word_1_631' title='bbox 3535 3540 3622 3593; x_wconf 72' lang='grc' dir='ltr'><strong>καὶ</strong></span> 
     </span>
    </p>
   </div>
   <div class='ocr_carea' id='block_1_82' title="bbox 2037 3623 3622 3701">
    <p class='ocr_par' dir='ltr' id='par_1_82' title="bbox 2037 3623 3622 3701">
     <span class='ocr_line' id='line_1_82' title="bbox 2037 3623 3622 3701; baseline 0.001 -23"><span class='ocrx_word' id='word_1_632' title='bbox 2037 3626 2068 3678; x_wconf 83' lang='grc' dir='ltr'>ὁ</span> <span class='ocrx_word' id='word_1_633' title='bbox 2095 3623 2253 3690; x_wconf 86' lang='grc' dir='ltr'>πόνος</span> <span class='ocrx_word' id='word_1_634' title='bbox 2281 3625 2512 3679; x_wconf 77' lang='grc' dir='ltr'>ἑκάστου</span> <span class='ocrx_word' id='word_1_635' title='bbox 2545 3626 2740 3697; x_wconf 80' lang='grc' dir='ltr'>μέλους</span> <span class='ocrx_word' id='word_1_636' title='bbox 2773 3626 2893 3698; x_wconf 80' lang='grc' dir='ltr'>ἴσην</span> <span class='ocrx_word' id='word_1_637' title='bbox 2920 3628 3151 3700; x_wconf 81' lang='grc' dir='ltr'>παρέχει</span> <span class='ocrx_word' id='word_1_638' title='bbox 3176 3628 3256 3699; x_wconf 83' lang='grc' dir='ltr'><strong>τῷ</strong></span> <span class='ocrx_word' id='word_1_639' title='bbox 3284 3627 3503 3700; x_wconf 80' lang='grc' dir='ltr'>σώματι</span> <span class='ocrx_word' id='word_1_640' title='bbox 3530 3631 3622 3701; x_wconf 71' lang='grc' dir='ltr'><strong>τὴν</strong></span> 
     </span>
    </p>
   </div>
   <div class='ocr_carea' id='block_1_83' title="bbox 2039 3716 3623 3792">
    <p class='ocr_par' dir='ltr' id='par_1_83' title="bbox 2039 3716 3623 3792">
     <span class='ocr_line' id='line_1_83' title="bbox 2039 3716 3623 3792; baseline 0.003 -22"><span class='ocrx_word' id='word_1_641' title='bbox 2039 3716 2252 3787; x_wconf 83' lang='grc' dir='ltr'>ἀηδίαν.</span> <span class='ocrx_word' id='word_1_642' title='bbox 2298 3717 2355 3771; x_wconf 91' lang='lat'><strong>&#39;0</strong></span> <span class='ocrx_word' id='word_1_643' title='bbox 2390 3717 2498 3789; x_wconf 76' lang='grc' dir='ltr'><strong>γὰρ</strong></span> <span class='ocrx_word' id='word_1_644' title='bbox 2524 3719 2583 3771; x_wconf 78' lang='grc' dir='ltr'>ἐν</span> <span class='ocrx_word' id='word_1_645' title='bbox 2617 3719 2833 3791; x_wconf 74' lang='grc' dir='ltr'>συνοδίᾳ</span> <span class='ocrx_word' id='word_1_646' title='bbox 2860 3719 2951 3772; x_wconf 83' lang='grc' dir='ltr'><strong>τὸν</strong></span> <span class='ocrx_word' id='word_1_647' title='bbox 2977 3719 3074 3773; x_wconf 77' lang='grc' dir='ltr'><strong>ἕνα</strong></span> <span class='ocrx_word' id='word_1_648' title='bbox 3107 3720 3251 3792; x_wconf 82' lang='grc' dir='ltr'>ὑπὲρ</span> <span class='ocrx_word' id='word_1_649' title='bbox 3280 3722 3412 3785; x_wconf 81' lang='grc' dir='ltr'>τοὺς</span> <span class='ocrx_word' id='word_1_650' title='bbox 3436 3721 3623 3783; x_wconf 74' lang='grc' dir='ltr'>ἄλλους</span> 
     </span>
    </p>
   </div>
   <div class='ocr_carea' id='block_1_84' title="bbox 2039 3808 3622 3884">
    <p class='ocr_par' dir='ltr' id='par_1_84' title="bbox 2039 3808 3622 3884">
     <span class='ocr_line' id='line_1_84' title="bbox 2039 3808 3622 3884; baseline 0.003 -23"><span class='ocrx_word' id='word_1_651' title='bbox 2039 3808 2290 3878; x_wconf 82' lang='grc' dir='ltr'>ἀγαπῶν,</span> <span class='ocrx_word' id='word_1_652' title='bbox 2344 3813 2642 3882; x_wconf 87' lang='grc' dir='ltr'>κατηγορεῖ</span> <span class='ocrx_word' id='word_1_653' title='bbox 2688 3810 2880 3864; x_wconf 80' lang='grc' dir='ltr'>ἑαυτοῦ</span> <span class='ocrx_word' id='word_1_654' title='bbox 2943 3812 3018 3883; x_wconf 84' lang='grc' dir='ltr'>μὴ</span> <span class='ocrx_word' id='word_1_655' title='bbox 3071 3810 3211 3883; x_wconf 83' lang='grc' dir='ltr'>ἔχων</span> <span class='ocrx_word' id='word_1_656' title='bbox 3262 3811 3363 3884; x_wconf 78' lang='grc' dir='ltr'>τὴν</span> <span class='ocrx_word' id='word_1_657' title='bbox 3416 3813 3622 3867; x_wconf 70' lang='grc' dir='ltr'>τελείαι</span> 
     </span>
    </p>
   </div>
   <div class='ocr_carea' id='block_1_85' title="bbox 2037 3896 3621 3972">
    <p class='ocr_par' dir='ltr' id='par_1_85' title="bbox 2037 3896 3621 3972">
     <span class='ocr_line' id='line_1_85' title="bbox 2037 3896 3621 3972; baseline 0.003 -19"><span class='ocrx_word' id='word_1_658' title='bbox 2037 3898 2279 3970; x_wconf 87' lang='grc' dir='ltr'>ἀγάπην.</span> <span class='ocrx_word' id='word_1_659' title='bbox 2319 3898 2552 3970; x_wconf 85' lang='grc' dir='ltr'>Ὁμοίως</span> <span class='ocrx_word' id='word_1_660' title='bbox 2580 3896 2673 3954; x_wconf 78' lang='grc' dir='ltr'>οὖν</span> <span class='ocrx_word' id='word_1_661' title='bbox 2702 3901 3010 3972; x_wconf 80' lang='grc' dir='ltr'>ἀπόϐλητός</span> <span class='ocrx_word' id='word_1_662' title='bbox 3037 3903 3185 3956; x_wconf 79' lang='grc' dir='ltr'>ἐστιν</span> <span class='ocrx_word' id='word_1_663' title='bbox 3225 3902 3336 3956; x_wconf 85' lang='grc' dir='ltr'><strong>ἀπὸ</strong></span> <span class='ocrx_word' id='word_1_664' title='bbox 3379 3905 3621 3969; x_wconf 75' lang='grc' dir='ltr'>συνοδίας</span> 
     </span>
    </p>
   </div>
   <div class='ocr_carea' id='block_1_86' title="bbox 2035 3992 3621 4067">
    <p class='ocr_par' dir='ltr' id='par_1_86' title="bbox 2035 3992 3621 4067">
     <span class='ocr_line' id='line_1_86' title="bbox 2035 3992 3621 4067; baseline 0.003 -24"><span class='ocrx_word' id='word_1_665' title='bbox 2035 3992 2072 4063; x_wconf 77' lang='grc' dir='ltr'>ἦ</span> <span class='ocrx_word' id='word_1_666' title='bbox 2100 4008 2161 4044; x_wconf 83' lang='grc' dir='ltr'><strong>τε</strong></span> <span class='ocrx_word' id='word_1_667' title='bbox 2198 3992 2455 4064; x_wconf 81' lang='grc' dir='ltr'>ἀπρεπὴς</span> <span class='ocrx_word' id='word_1_668' title='bbox 2494 3994 2666 4064; x_wconf 81' lang='grc' dir='ltr'>μάχη,</span> <span class='ocrx_word' id='word_1_669' title='bbox 2700 3995 2795 4047; x_wconf 78' lang='grc' dir='ltr'>καὶ</span> <span class='ocrx_word' id='word_1_670' title='bbox 2842 3996 2875 4066; x_wconf 86' lang='grc' dir='ltr'>ἡ</span> <span class='ocrx_word' id='word_1_671' title='bbox 2932 3996 3135 4067; x_wconf 83' lang='grc' dir='ltr'>μερικὴ</span> <span class='ocrx_word' id='word_1_672' title='bbox 3185 3995 3451 4061; x_wconf 84' lang='grc' dir='ltr'>διάθεσις.</span> <span class='ocrx_word' id='word_1_673' title='bbox 3492 3998 3621 4050; x_wconf 69' lang='grc' dir='ltr'><strong>’Δπὶ</strong></span> 
     </span>
    </p>
   </div>
   <div class='ocr_carea' id='block_1_87' title="bbox 2041 4080 3623 4157">
    <p class='ocr_par' dir='ltr' id='par_1_87' title="bbox 2041 4080 3623 4157">
     <span class='ocr_line' id='line_1_87' title="bbox 2041 4080 3623 4157; baseline 0.004 -24"><span class='ocrx_word' id='word_1_674' title='bbox 2041 4082 2139 4153; x_wconf 82' lang='grc' dir='ltr'><strong>μὲν</strong></span> <span class='ocrx_word' id='word_1_675' title='bbox 2169 4080 2278 4153; x_wconf 91' lang='grc' dir='ltr'><strong>γάρ</strong></span> <span class='ocrx_word' id='word_1_676' title='bbox 2310 4082 2411 4153; x_wconf 82' lang='grc' dir='ltr'>τῆς</span> <span class='ocrx_word' id='word_1_677' title='bbox 2443 4085 2623 4153; x_wconf 86' lang='grc' dir='ltr'>μάχης</span> <span class='ocrx_word' id='word_1_678' title='bbox 2669 4082 2839 4154; x_wconf 74' lang='grc' dir='ltr'>ἔχθρα</span> <span class='ocrx_word' id='word_1_679' title='bbox 2880 4083 3113 4151; x_wconf 87' lang='grc' dir='ltr'>γίνεται,</span> <span class='ocrx_word' id='word_1_680' title='bbox 3146 4085 3255 4138; x_wconf 77' lang='grc' dir='ltr'><strong>ἀπὸ</strong></span> <span class='ocrx_word' id='word_1_681' title='bbox 3291 4085 3351 4138; x_wconf 85' lang='grc' dir='ltr'>δὲ</span> <span class='ocrx_word' id='word_1_682' title='bbox 3393 4086 3497 4157; x_wconf 79' lang='grc' dir='ltr'>τῆς</span> <span class='ocrx_word' id='word_1_683' title='bbox 3523 4103 3623 4157; x_wconf 81' lang='grc' dir='ltr'>με·</span> 
     </span>
    </p>
   </div>
   <div class='ocr_carea' id='block_1_88' title="bbox 2038 4173 3621 4249">
    <p class='ocr_par' dir='ltr' id='par_1_88' title="bbox 2038 4173 3621 4249">
     <span class='ocr_line' id='line_1_88' title="bbox 2038 4173 3621 4249; baseline -0.006 -8"><span class='ocrx_word' id='word_1_684' title='bbox 2038 4173 2200 4246; x_wconf 85' lang='grc' dir='ltr'><strong>ρικῆς</strong></span> <span class='ocrx_word' id='word_1_685' title='bbox 2243 4174 2427 4245; x_wconf 80' lang='grc' dir='ltr'>φιλίας</span> <span class='ocrx_word' id='word_1_686' title='bbox 2458 4177 2551 4230; x_wconf 77' lang='grc' dir='ltr'><strong>καὶ</strong></span> <span class='ocrx_word' id='word_1_687' title='bbox 2594 4177 2870 4248; x_wconf 79' lang='grc' dir='ltr'>ἑταιρείας</span> <span class='ocrx_word' id='word_1_688' title='bbox 2901 4177 3130 4248; x_wconf 76' lang='grc' dir='ltr'>ὑποψίαι</span> <span class='ocrx_word' id='word_1_689' title='bbox 3178 4178 3275 4232; x_wconf 85' lang='grc' dir='ltr'>καὶ</span> <span class='ocrx_word' id='word_1_690' title='bbox 3308 4178 3496 4249; x_wconf 79' lang='grc' dir='ltr'>φθόνοι</span> <span class='ocrx_word' id='word_1_691' title='bbox 3539 4181 3621 4248; x_wconf 77' lang='grc' dir='ltr'>γίο</span> 
     </span>
    </p>
   </div>
   <div class='ocr_carea' id='block_1_89' title="bbox 2034 4268 3621 4343">
    <p class='ocr_par' dir='ltr' id='par_1_89' title="bbox 2034 4268 3621 4343">
     <span class='ocr_line' id='line_1_89' title="bbox 2034 4268 3621 4343; baseline 0.004 -24"><span class='ocrx_word' id='word_1_692' title='bbox 2034 4283 2252 4321; x_wconf 72' lang='grc' dir='ltr'>νονταισ</span> <span class='ocrx_word' id='word_1_693' title='bbox 2308 4268 2589 4340; x_wconf 85' lang='grc' dir='ltr'>πανταχοῦ</span> <span class='ocrx_word' id='word_1_694' title='bbox 2641 4268 2752 4341; x_wconf 82' lang='grc' dir='ltr'>γὰρ</span> <span class='ocrx_word' id='word_1_695' title='bbox 2808 4270 2841 4341; x_wconf 79' lang='grc' dir='ltr'>ἡ</span> <span class='ocrx_word' id='word_1_696' title='bbox 2891 4268 2987 4323; x_wconf 87' lang='grc' dir='ltr'><strong>τοῦ</strong></span> <span class='ocrx_word' id='word_1_697' title='bbox 3042 4272 3157 4323; x_wconf 74' lang='grc' dir='ltr'>ἴσου</span> <span class='ocrx_word' id='word_1_698' title='bbox 3188 4270 3449 4343; x_wconf 81' lang='grc' dir='ltr'>στέρησις</span> <span class='ocrx_word' id='word_1_699' title='bbox 3478 4272 3621 4343; x_wconf 67' lang='grc' dir='ltr'>ἀρχὴ</span> 
     </span>
    </p>
   </div>
   <div class='ocr_carea' id='block_1_90' title="bbox 2036 4358 3621 4432">
    <p class='ocr_par' dir='ltr' id='par_1_90' title="bbox 2036 4358 3621 4432">
     <span class='ocr_line' id='line_1_90' title="bbox 2036 4358 3621 4432; baseline 0.003 -20"><span class='ocrx_word' id='word_1_700' title='bbox 2036 4359 2132 4412; x_wconf 75' lang='grc' dir='ltr'><strong>καὶ</strong></span> <span class='ocrx_word' id='word_1_701' title='bbox 2183 4358 2441 4423; x_wconf 84' lang='grc' dir='ltr'>ὑπόθεσις</span> <span class='ocrx_word' id='word_1_702' title='bbox 2490 4359 2685 4430; x_wconf 83' lang='grc' dir='ltr'>φθόνου</span> <span class='ocrx_word' id='word_1_703' title='bbox 2728 4361 2824 4415; x_wconf 75' lang='grc' dir='ltr'>καὶ</span> <span class='ocrx_word' id='word_1_704' title='bbox 2859 4360 3182 4432; x_wconf 84' lang='grc' dir='ltr'>δυσμενείας</span> <span class='ocrx_word' id='word_1_705' title='bbox 3227 4366 3342 4421; x_wconf 82' lang='grc' dir='ltr'>τοῖς</span> <span class='ocrx_word' id='word_1_706' title='bbox 3370 4362 3621 4417; x_wconf 56' lang='lat' dir='ltr'><strong>tincto-ac</strong></span> 
     </span>
    </p>
   </div>
   <div class='ocr_carea' id='block_1_91' title="bbox 348 4441 1937 4526">
    <p class='ocr_par' dir='ltr' id='par_1_91' title="bbox 348 4441 1926 4515">
     <span class='ocr_line' id='line_1_91' title="bbox 348 4441 1926 4515; baseline 0.006 -20"><span class='ocrx_word' id='word_1_707' title='bbox 348 4441 569 4497; x_wconf 81' lang='lat' dir='ltr'><strong>invidia:</strong></span> <span class='ocrx_word' id='word_1_708' title='bbox 598 4451 653 4498; x_wconf 89' lang='lat' dir='ltr'><strong>et</strong></span> <span class='ocrx_word' id='word_1_709' title='bbox 677 4442 788 4498; x_wconf 89' lang='lat' dir='ltr'><strong>odii</strong></span> <span class='ocrx_word' id='word_1_710' title='bbox 837 4444 993 4515; x_wconf 79' lang='lat' dir='ltr'><strong>origo</strong></span> <span class='ocrx_word' id='word_1_711' title='bbox 1022 4453 1078 4500; x_wconf 89' lang='lat' dir='ltr'><strong>et</strong></span> <span class='ocrx_word' id='word_1_712' title='bbox 1103 4462 1273 4503; x_wconf 85' lang='lat' dir='ltr'><strong>causa</strong></span> <span class='ocrx_word' id='word_1_713' title='bbox 1313 4456 1419 4504; x_wconf 89' lang='lat' dir='ltr'><strong>est.</strong></span> <span class='ocrx_word' id='word_1_714' title='bbox 1456 4448 1926 4515; x_wconf 84' lang='lat' dir='ltr'><strong>Quemadmodum</strong></span> 
     </span>
    </p>
   </div>
   <div class='ocr_carea' id='block_1_92' title="bbox 2041 4441 3620 4526">
    <p class='ocr_par' dir='ltr' id='par_1_92' title="bbox 2041 4448 3620 4526">
     <span class='ocr_line' id='line_1_92' title="bbox 2041 4448 3620 4526; baseline 0 -21"><span class='ocrx_word' id='word_1_715' title='bbox 2041 4452 2220 4524; x_wconf 79' lang='grc' dir='ltr'>μένοις</span> <span class='ocrx_word' id='word_1_716' title='bbox 2269 4453 2498 4523; x_wconf 88' lang='grc' dir='ltr'>γίνεται.</span> <span class='ocrx_word' id='word_1_717' title='bbox 2537 4453 2748 4525; x_wconf 83' lang='grc' dir='ltr'>’Ὥσπερ</span> <span class='ocrx_word' id='word_1_718' title='bbox 2799 4448 2893 4507; x_wconf 76' lang='grc' dir='ltr'>οὖν</span> <span class='ocrx_word' id='word_1_719' title='bbox 2943 4454 2972 4506; x_wconf 88' lang='grc' dir='ltr'>ὁ</span> <span class='ocrx_word' id='word_1_720' title='bbox 3020 4454 3227 4523; x_wconf 84' lang='grc' dir='ltr'>ἀγαθὸς</span> <span class='ocrx_word' id='word_1_721' title='bbox 3264 4454 3399 4518; x_wconf 81' lang='grc' dir='ltr'>Θεὸς</span> <span class='ocrx_word' id='word_1_722' title='bbox 3436 4454 3620 4526; x_wconf 73' lang='grc' dir='ltr'>κοινὴ-ι</span> 
     </span>
    </p>
   </div>
   <div class='ocr_carea' id='block_1_93' title="bbox 352 4532 1927 4610">
    <p class='ocr_par' dir='ltr' id='par_1_93' title="bbox 352 4532 1927 4610">
     <span class='ocr_line' id='line_1_93' title="bbox 352 4532 1927 4610; baseline 0.005 -21"><span class='ocrx_word' id='word_1_723' title='bbox 352 4533 521 4603; x_wconf 78' lang='lat' dir='ltr'><strong>igitur</strong></span> <span class='ocrx_word' id='word_1_724' title='bbox 557 4532 704 4589; x_wconf 88' lang='lat' dir='ltr'><strong>Deus</strong></span> <span class='ocrx_word' id='word_1_725' title='bbox 754 4536 996 4606; x_wconf 82' lang='lat' dir='ltr'><strong>Optimus</strong></span> <span class='ocrx_word' id='word_1_726' title='bbox 1042 4553 1111 4592; x_wconf 87' lang='lat' dir='ltr'><strong>ex</strong></span> <span class='ocrx_word' id='word_1_727' title='bbox 1160 4553 1320 4608; x_wconf 68' lang='lat' dir='ltr'><strong>aequo</strong></span> <span class='ocrx_word' id='word_1_728' title='bbox 1360 4541 1607 4610; x_wconf 84' lang='lat' dir='ltr'><strong>impertit</strong></span> <span class='ocrx_word' id='word_1_729' title='bbox 1668 4542 1927 4597; x_wconf 87' lang='lat' dir='ltr'><strong>omnibus</strong></span> 
     </span>
    </p>
   </div>
   <div class='ocr_carea' id='block_1_94' title="bbox 348 4626 1928 4704">
    <p class='ocr_par' dir='ltr' id='par_1_94' title="bbox 348 4626 1928 4704">
     <span class='ocr_line' id='line_1_94' title="bbox 348 4626 1928 4704; baseline 0.006 -23"><span class='ocrx_word' id='word_1_730' title='bbox 348 4627 549 4692; x_wconf 89' lang='lat' dir='ltr'><strong>lucem,</strong></span> <span class='ocrx_word' id='word_1_731' title='bbox 590 4626 765 4684; x_wconf 89' lang='lat' dir='ltr'><strong>solem</strong></span> <span class='ocrx_word' id='word_1_732' title='bbox 799 4644 962 4683; x_wconf 90' lang='lat' dir='ltr'><strong>suum</strong></span> <span class='ocrx_word' id='word_1_733' title='bbox 1008 4645 1176 4700; x_wconf 89' lang='lat' dir='ltr'><strong>super</strong></span> <span class='ocrx_word' id='word_1_734' title='bbox 1217 4632 1397 4701; x_wconf 88' lang='lat' dir='ltr'><strong>justos</strong></span> <span class='ocrx_word' id='word_1_735' title='bbox 1434 4648 1499 4687; x_wconf 88' lang='lat' dir='ltr'><strong>ac</strong></span> <span class='ocrx_word' id='word_1_736' title='bbox 1536 4634 1773 4704; x_wconf 87' lang='lat' dir='ltr'><strong>injustos</strong></span> <span class='ocrx_word' id='word_1_737' title='bbox 1830 4650 1928 4691; x_wconf 83' lang='lat' dir='ltr'><strong>ex-</strong></span> 
     </span>
    </p>
   </div>
   <div class='ocr_carea' id='block_1_95' title="bbox 341 4718 1928 4783">
    <p class='ocr_par' dir='ltr' id='par_1_95' title="bbox 341 4718 1928 4783">
     <span class='ocr_line' id='line_1_95' title="bbox 341 4718 1928 4783; baseline 0.006 -10"><span class='ocrx_word' id='word_1_738' title='bbox 341 4719 482 4774; x_wconf 89' lang='lat' dir='ltr'><strong>oriri</strong></span> <span class='ocrx_word' id='word_1_739' title='bbox 528 4733 733 4775; x_wconf 89' lang='lat' dir='ltr'><strong>curans</strong></span> <span class='ocrx_word' id='word_1_740' title='bbox 762 4718 849 4774; x_wconf 72' lang='lat' dir='ltr'><strong>“z</strong></span> <span class='ocrx_word' id='word_1_741' title='bbox 888 4721 961 4775; x_wconf 90' lang='lat' dir='ltr'><strong>ita</strong></span> <span class='ocrx_word' id='word_1_742' title='bbox 1004 4733 1059 4777; x_wconf 91' lang='lat' dir='ltr'><strong>et</strong></span> <span class='ocrx_word' id='word_1_743' title='bbox 1106 4721 1199 4777; x_wconf 84' lang='lat' dir='ltr'><strong>Dei</strong></span> <span class='ocrx_word' id='word_1_744' title='bbox 1236 4723 1540 4779; x_wconf 86' lang='lat' dir='ltr'><strong>imitatores</strong></span> <span class='ocrx_word' id='word_1_745' title='bbox 1578 4740 1928 4783; x_wconf 89' lang='lat' dir='ltr'><strong>communem</strong></span> 
     </span>
    </p>
   </div>
   <div class='ocr_carea' id='block_1_96' title="bbox 341 4813 1924 4882">
    <p class='ocr_par' dir='ltr' id='par_1_96' title="bbox 341 4813 1924 4882">
     <span class='ocr_line' id='line_1_96' title="bbox 341 4813 1924 4882; baseline 0.005 -17"><span class='ocrx_word' id='word_1_746' title='bbox 341 4818 399 4866; x_wconf 88' lang='lat' dir='ltr'><strong>et</strong></span> <span class='ocrx_word' id='word_1_747' title='bbox 442 4827 630 4882; x_wconf 88' lang='lat' dir='ltr'><strong>parem</strong></span> <span class='ocrx_word' id='word_1_748' title='bbox 671 4813 962 4869; x_wconf 88' lang='lat' dir='ltr'><strong>charitatis</strong></span> <span class='ocrx_word' id='word_1_749' title='bbox 1017 4814 1232 4869; x_wconf 92' lang='lat' dir='ltr'><strong>radium</strong></span> <span class='ocrx_word' id='word_1_750' title='bbox 1276 4815 1332 4871; x_wconf 92' lang='lat' dir='ltr'><strong>in</strong></span> <span class='ocrx_word' id='word_1_751' title='bbox 1391 4832 1586 4873; x_wconf 87' lang='lat' dir='ltr'><strong>omnes</strong></span> <span class='ocrx_word' id='word_1_752' title='bbox 1622 4817 1924 4875; x_wconf 78' lang='lat' dir='ltr'><strong>eﬂundant.</strong></span> 
     </span>
    </p>
   </div>
   <div class='ocr_carea' id='block_1_97' title="bbox 347 4903 1923 4984">
    <p class='ocr_par' dir='ltr' id='par_1_97' title="bbox 347 4903 1923 4984">
     <span class='ocr_line' id='line_1_97' title="bbox 347 4903 1923 4984; baseline 0.008 -25"><span class='ocrx_word' id='word_1_753' title='bbox 347 4903 450 4959; x_wconf 88' lang='lat' dir='ltr'><strong>Ubi</strong></span> <span class='ocrx_word' id='word_1_754' title='bbox 497 4906 647 4961; x_wconf 90' lang='lat' dir='ltr'><strong>enim</strong></span> <span class='ocrx_word' id='word_1_755' title='bbox 688 4907 874 4963; x_wconf 83' lang='lat' dir='ltr'><strong>deﬁcit</strong></span> <span class='ocrx_word' id='word_1_756' title='bbox 916 4908 1191 4973; x_wconf 87' lang='lat' dir='ltr'><strong>charitas,</strong></span> <span class='ocrx_word' id='word_1_757' title='bbox 1236 4909 1349 4965; x_wconf 92' lang='lat' dir='ltr'><strong>illic</strong></span> <span class='ocrx_word' id='word_1_758' title='bbox 1405 4911 1597 4983; x_wconf 90' lang='lat' dir='ltr'><strong>utique</strong></span> <span class='ocrx_word' id='word_1_759' title='bbox 1634 4913 1757 4984; x_wconf 89' lang='lat' dir='ltr'><strong>ejus</strong></span> <span class='ocrx_word' id='word_1_760' title='bbox 1802 4915 1923 4971; x_wconf 91' lang='lat' dir='ltr'><strong>loco</strong></span> 
     </span>
    </p>
   </div>
   <div class='ocr_carea' id='block_1_98' title="bbox 342 4999 1922 5071">
    <p class='ocr_par' dir='ltr' id='par_1_98' title="bbox 342 4999 1922 5071">
     <span class='ocr_line' id='line_1_98' title="bbox 342 4999 1922 5071; baseline 0.005 -17"><span class='ocrx_word' id='word_1_761' title='bbox 342 4999 595 5054; x_wconf 89' lang='lat' dir='ltr'><strong>succedit</strong></span> <span class='ocrx_word' id='word_1_762' title='bbox 629 4999 838 5055; x_wconf 87' lang='lat' dir='ltr'><strong>odium.</strong></span> <span class='ocrx_word' id='word_1_763' title='bbox 904 5001 1062 5067; x_wconf 86' lang='lat' dir='ltr'><strong>Quod</strong></span> <span class='ocrx_word' id='word_1_764' title='bbox 1117 5001 1187 5068; x_wconf 90' lang='lat' dir='ltr'><strong>si,</strong></span> <span class='ocrx_word' id='word_1_765' title='bbox 1243 5010 1302 5056; x_wconf 91' lang='lat' dir='ltr'><strong>ut</strong></span> <span class='ocrx_word' id='word_1_766' title='bbox 1354 5001 1596 5060; x_wconf 87' lang='lat' dir='ltr'><strong>Joannes</strong></span> <span class='ocrx_word' id='word_1_767' title='bbox 1637 5006 1738 5071; x_wconf 91' lang='lat' dir='ltr'><strong>ait,</strong></span> <span class='ocrx_word' id='word_1_768' title='bbox 1780 5006 1922 5063; x_wconf 77' lang='lat' dir='ltr'><strong>Deus</strong></span> 
     </span>
    </p>
   </div>
   <div class='ocr_carea' id='block_1_99' title="bbox 337 5091 1919 5165">
    <p class='ocr_par' dir='ltr' id='par_1_99' title="bbox 337 5091 1919 5165">
     <span class='ocr_line' id='line_1_99' title="bbox 337 5091 1919 5165; baseline 0.006 -20"><span class='ocrx_word' id='word_1_769' title='bbox 337 5091 577 5149; x_wconf 77' lang='lat' dir='ltr'><strong>charitas</strong></span> <span class='ocrx_word' id='word_1_770' title='bbox 632 5100 714 5148; x_wconf 77' lang='lat' dir='ltr'><strong>est</strong></span> <span class='ocrx_word' id='word_1_771' title='bbox 774 5093 845 5158; x_wconf 74' lang='lat'><strong>“,</strong></span> <span class='ocrx_word' id='word_1_772' title='bbox 916 5110 1146 5165; x_wconf 85' lang='lat' dir='ltr'><strong>prorsus</strong></span> <span class='ocrx_word' id='word_1_773' title='bbox 1219 5107 1583 5155; x_wconf 86' lang='lat' dir='ltr'><strong>necesse-cst</strong></span> <span class='ocrx_word' id='word_1_774' title='bbox 1637 5100 1919 5159; x_wconf 88' lang='lat' dir='ltr'><strong>diabolum</strong></span> 
     </span>
    </p>
   </div>
   <div class='ocr_carea' id='block_1_100' title="bbox 335 5186 1921 5260">
    <p class='ocr_par' dir='ltr' id='par_1_100' title="bbox 335 5186 1921 5260">
     <span class='ocr_line' id='line_1_100' title="bbox 335 5186 1921 5260; baseline 0.006 -20"><span class='ocrx_word' id='word_1_775' title='bbox 335 5186 524 5241; x_wconf 90' lang='lat' dir='ltr'><strong>odium</strong></span> <span class='ocrx_word' id='word_1_776' title='bbox 547 5201 690 5243; x_wconf 89' lang='lat' dir='ltr'><strong>esse.</strong></span> <span class='ocrx_word' id='word_1_777' title='bbox 728 5186 882 5243; x_wconf 90' lang='lat' dir='ltr'><strong>Sicut</strong></span> <span class='ocrx_word' id='word_1_778' title='bbox 903 5203 1035 5259; x_wconf 83' lang='lat' dir='ltr'><strong>ergo</strong></span> <span class='ocrx_word' id='word_1_779' title='bbox 1063 5190 1156 5260; x_wconf 89' lang='lat' dir='ltr'><strong>qui</strong></span> <span class='ocrx_word' id='word_1_780' title='bbox 1181 5189 1342 5247; x_wconf 89' lang='lat' dir='ltr'><strong>habet</strong></span> <span class='ocrx_word' id='word_1_781' title='bbox 1365 5190 1713 5260; x_wconf 86' lang='lat' dir='ltr'><strong>ebaritatem,</strong></span> <span class='ocrx_word' id='word_1_782' title='bbox 1753 5194 1921 5251; x_wconf 90' lang='lat' dir='ltr'><strong>Deum</strong></span> 
     </span>
    </p>
   </div>
   <div class='ocr_carea' id='block_1_101' title="bbox 338 5342 1494 5467">
    <p class='ocr_par' dir='ltr' id='par_1_101' title="bbox 338 5342 1494 5467">
     <span class='ocr_line' id='line_1_101' title="bbox 338 5342 1494 5467; baseline 0.012 -78"><span class='ocrx_word' id='word_1_783' title='bbox 338 5426 391 5466; x_wconf 57' lang='grc' dir='ltr'><strong><em>Π</em></strong></span> <span class='ocrx_word' id='word_1_784' title='bbox 409 5343 454 5374; x_wconf 68' lang='grc' dir='ltr'><strong>⁸ο</strong></span> <span class='ocrx_word' id='word_1_785' title='bbox 472 5342 683 5467; x_wconf 46' lang='lat' dir='ltr'><strong>1Féiphes.</strong></span> <span class='ocrx_word' id='word_1_786' title='bbox 731 5358 806 5408; x_wconf 84' lang='lat' dir='ltr'><strong>IV,</strong></span> <span class='ocrx_word' id='word_1_787' title='bbox 835 5344 890 5401; x_wconf 85' lang='lat'><strong>5.</strong></span> <span class='ocrx_word' id='word_1_788' title='bbox 968 5346 1009 5378; x_wconf 78' lang='lat'><strong>“</strong></span> <span class='ocrx_word' id='word_1_789' title='bbox 1046 5348 1065 5400; x_wconf 91' lang='lat' dir='ltr'><strong>l</strong></span> <span class='ocrx_word' id='word_1_790' title='bbox 1099 5346 1229 5402; x_wconf 90' lang='lat' dir='ltr'><strong>Cor.</strong></span> <span class='ocrx_word' id='word_1_791' title='bbox 1269 5364 1365 5415; x_wconf 84' lang='lat' dir='ltr'><strong>xu,</strong></span> <span class='ocrx_word' id='word_1_792' title='bbox 1408 5348 1494 5403; x_wconf 76' lang='lat' dir='ltr'><strong>i5.</strong></span> 
     </span>
    </p>
   </div>
   <div class='ocr_carea' id='block_1_102' title="bbox 413 5532 1138 5604">
    <p class='ocr_par' dir='ltr' id='par_1_102' title="bbox 413 5532 1138 5604">
     <span class='ocr_line' id='line_1_102' title="bbox 413 5532 1138 5604; baseline 0.008 -20"><span class='ocrx_word' id='word_1_793' title='bbox 413 5532 487 5604; x_wconf 57' lang='lat' dir='ltr'><strong>il)</strong></span> <span class='ocrx_word' id='word_1_794' title='bbox 521 5532 598 5604; x_wconf 78' lang='lat' dir='ltr'><strong>Ex</strong></span> <span class='ocrx_word' id='word_1_795' title='bbox 618 5535 790 5604; x_wconf 76' lang='lat' dir='ltr'><strong>epist.</strong></span> <span class='ocrx_word' id='word_1_796' title='bbox 829 5550 978 5597; x_wconf 84' lang='lat' dir='ltr'><strong>CCIII,</strong></span> <span class='ocrx_word' id='word_1_797' title='bbox 1012 5535 1138 5590; x_wconf 79' lang='grc'><strong>501.</strong></span> 
     </span>
    </p>
   </div>
   <div class='ocr_carea' id='block_1_103' title="bbox 412 5603 649 5667">
    <p class='ocr_par' dir='ltr' id='par_1_103' title="bbox 412 5603 649 5667">
     <span class='ocr_line' id='line_1_103' title="bbox 412 5603 649 5667; baseline 0.008 -14"><span class='ocrx_word' id='word_1_798' title='bbox 412 5603 487 5667; x_wconf 69' lang='lat'><strong>(9.)</strong></span> <span class='ocrx_word' id='word_1_799' title='bbox 520 5603 649 5658; x_wconf 82' lang='lat' dir='ltr'><strong>Ibid.</strong></span> 
     </span>
    </p>
   </div>
   <div class='ocr_carea' id='block_1_104' title="bbox 415 5672 1043 5742">
    <p class='ocr_par' dir='ltr' id='par_1_104' title="bbox 415 5672 1043 5742">
     <span class='ocr_line' id='line_1_104' title="bbox 415 5672 1043 5742; baseline 0.011 -19"><span class='ocrx_word' id='word_1_800' title='bbox 415 5674 490 5737; x_wconf 81' lang='grc'>(5)</span> <span class='ocrx_word' id='word_1_801' title='bbox 524 5672 595 5725; x_wconf 64' lang='lat' dir='ltr'><strong>Et</strong></span> <span class='ocrx_word' id='word_1_802' title='bbox 630 5675 792 5742; x_wconf 84' lang='lat' dir='ltr'><strong>epist.</strong></span> <span class='ocrx_word' id='word_1_803' title='bbox 828 5692 917 5735; x_wconf 78' lang='lat' dir='ltr'><strong>xx.</strong></span> <span class='ocrx_word' id='word_1_804' title='bbox 954 5676 1043 5730; x_wconf 86' lang='lat'><strong>98.</strong></span> 
     </span>
    </p>
   </div>
   <div class='ocr_carea' id='block_1_105' title="bbox 411 5743 1385 5813">
    <p class='ocr_par' dir='ltr' id='par_1_105' title="bbox 411 5743 1385 5813">
     <span class='ocr_line' id='line_1_105' title="bbox 411 5743 1385 5813; baseline 0.014 -20"><span class='ocrx_word' id='word_1_805' title='bbox 411 5744 487 5811; x_wconf 73' lang='grc' dir='ltr'>(ί)</span> <span class='ocrx_word' id='word_1_806' title='bbox 528 5743 604 5796; x_wconf 75' lang='lat' dir='ltr'><strong>Ex</strong></span> <span class='ocrx_word' id='word_1_807' title='bbox 627 5744 771 5799; x_wconf 83' lang='lat' dir='ltr'><strong>hom.</strong></span> <span class='ocrx_word' id='word_1_808' title='bbox 810 5761 860 5799; x_wconf 78' lang='lat' dir='ltr'><strong>Ix</strong></span> <span class='ocrx_word' id='word_1_809' title='bbox 895 5746 947 5800; x_wconf 73' lang='lat' dir='ltr'><strong>in</strong></span> <span class='ocrx_word' id='word_1_810' title='bbox 980 5744 1260 5813; x_wconf 62' lang='lat' dir='ltr'><strong>Ilerdam,</strong></span> <span class='ocrx_word' id='word_1_811' title='bbox 1296 5747 1385 5807; x_wconf 76' lang='lat'><strong>83.</strong></span> 
     </span>
    </p>
   </div>
   <div class='ocr_carea' id='block_1_106' title="bbox 1604 5348 3239 5422">
    <p class='ocr_par' dir='ltr' id='par_1_106' title="bbox 1604 5348 3239 5422">
     <span class='ocr_line' id='line_1_106' title="bbox 1604 5348 3239 5422; baseline 0.001 -16"><span class='ocrx_word' id='word_1_812' title='bbox 1604 5350 1651 5383; x_wconf 77' lang='lat'><strong>&quot;</strong></span> <span class='ocrx_word' id='word_1_813' title='bbox 1674 5348 1835 5409; x_wconf 80' lang='lat' dir='ltr'><strong>Joan.</strong></span> <span class='ocrx_word' id='word_1_814' title='bbox 1877 5368 1995 5422; x_wconf 85' lang='lat' dir='ltr'><strong>xm,</strong></span> <span class='ocrx_word' id='word_1_815' title='bbox 2021 5353 2110 5410; x_wconf 79' lang='lat'><strong>55.</strong></span> <span class='ocrx_word' id='word_1_816' title='bbox 2185 5355 2232 5385; x_wconf 72' lang='lat'>&quot;</span> <span class='ocrx_word' id='word_1_817' title='bbox 2262 5351 2421 5408; x_wconf 84' lang='lat' dir='ltr'><strong>Joan.</strong></span> <span class='ocrx_word' id='word_1_818' title='bbox 2458 5370 2569 5416; x_wconf 81' lang='lat' dir='ltr'><strong>xw,</strong></span> <span class='ocrx_word' id='word_1_819' title='bbox 2602 5354 2693 5408; x_wconf 73' lang='lat'><strong>27.</strong></span> <span class='ocrx_word' id='word_1_820' title='bbox 2772 5354 2818 5386; x_wconf 69' lang='lat'><strong>“</strong></span> <span class='ocrx_word' id='word_1_821' title='bbox 2843 5352 3034 5410; x_wconf 76' lang='lat' dir='ltr'><strong>Matth.</strong></span> <span class='ocrx_word' id='word_1_822' title='bbox 3069 5370 3121 5418; x_wconf 77' lang='grc' dir='ltr'><strong>ν,</strong></span> <span class='ocrx_word' id='word_1_823' title='bbox 3149 5353 3239 5408; x_wconf 69' lang='grc'><strong>43.</strong></span> 
     </span>
    </p>
   </div>
   <div class='ocr_carea' id='block_1_107' title="bbox 2031 4544 3619 4617">
    <p class='ocr_par' dir='ltr' id='par_1_107' title="bbox 2031 4544 3619 4617">
     <span class='ocr_line' id='line_1_107' title="bbox 2031 4544 3619 4617; baseline 0.001 -17"><span class='ocrx_word' id='word_1_824' title='bbox 2031 4545 2213 4600; x_wconf 87' lang='grc' dir='ltr'>δίδωσι</span> <span class='ocrx_word' id='word_1_825' title='bbox 2257 4546 2391 4599; x_wconf 81' lang='grc' dir='ltr'>πᾶσι</span> <span class='ocrx_word' id='word_1_826' title='bbox 2435 4546 2532 4615; x_wconf 84' lang='grc' dir='ltr'><strong>τὴν</strong></span> <span class='ocrx_word' id='word_1_827' title='bbox 2577 4546 2673 4600; x_wconf 88' lang='grc' dir='ltr'><strong>τοῦ</strong></span> <span class='ocrx_word' id='word_1_828' title='bbox 2721 4547 2897 4615; x_wconf 80' lang='grc' dir='ltr'>φωτὸς</span> <span class='ocrx_word' id='word_1_829' title='bbox 2950 4544 3260 4617; x_wconf 84' lang='grc' dir='ltr'>μετουσίαν,</span> <span class='ocrx_word' id='word_1_830' title='bbox 3312 4547 3619 4601; x_wconf 74' lang='grc' dir='ltr'>ἀνατέλλων</span> 
     </span>
    </p>
   </div>
   <div class='ocr_carea' id='block_1_108' title="bbox 2030 4643 3619 4717">
    <p class='ocr_par' dir='ltr' id='par_1_108' title="bbox 2030 4643 3619 4717">
     <span class='ocr_line' id='line_1_108' title="bbox 2030 4643 3619 4717; baseline 0 -19"><span class='ocrx_word' id='word_1_831' title='bbox 2030 4644 2122 4698; x_wconf 75' lang='grc' dir='ltr'><strong>τὸν</strong></span> <span class='ocrx_word' id='word_1_832' title='bbox 2150 4643 2305 4717; x_wconf 71' lang='grc' dir='ltr'><strong>¹ἥλιον</strong></span> <span class='ocrx_word' id='word_1_833' title='bbox 2348 4643 2444 4697; x_wconf 76' lang='grc' dir='ltr'><strong>ἐπὶ</strong></span> <span class='ocrx_word' id='word_1_834' title='bbox 2493 4643 2737 4710; x_wconf 87' lang='grc' dir='ltr'>δικαίους</span> <span class='ocrx_word' id='word_1_835' title='bbox 2783 4645 2879 4699; x_wconf 75' lang='grc' dir='ltr'><strong>καὶ</strong></span> <span class='ocrx_word' id='word_1_836' title='bbox 2929 4644 3169 4711; x_wconf 82' lang='grc' dir='ltr'>ἀδίκους,</span> <span class='ocrx_word' id='word_1_837' title='bbox 3203 4643 3377 4709; x_wconf 80' lang='grc' dir='ltr'>οὕτως</span> <span class='ocrx_word' id='word_1_838' title='bbox 3420 4645 3515 4700; x_wconf 74' lang='grc' dir='ltr'>καὶ</span> <span class='ocrx_word' id='word_1_839' title='bbox 3569 4646 3619 4698; x_wconf 74' lang='grc' dir='ltr'>οἱ</span> 
     </span>
    </p>
   </div>
   <div class='ocr_carea' id='block_1_109' title="bbox 2033 4735 3616 4810">
    <p class='ocr_par' dir='ltr' id='par_1_109' title="bbox 2033 4735 3616 4810">
     <span class='ocr_line' id='line_1_109' title="bbox 2033 4735 3616 4810; baseline 0.001 -21"><span class='ocrx_word' id='word_1_840' title='bbox 2033 4737 2270 4810; x_wconf 85' lang='grc' dir='ltr'>μιμηταὶ</span> <span class='ocrx_word' id='word_1_841' title='bbox 2313 4736 2407 4791; x_wconf 86' lang='grc' dir='ltr'><strong>τοῦ</strong></span> <span class='ocrx_word' id='word_1_842' title='bbox 2446 4735 2584 4791; x_wconf 88' lang='grc' dir='ltr'>Θεοῦ</span> <span class='ocrx_word' id='word_1_843' title='bbox 2629 4740 2816 4809; x_wconf 77' lang='grc' dir='ltr'>κοινήν</span> <span class='ocrx_word' id='word_1_844' title='bbox 2860 4755 2920 4791; x_wconf 85' lang='grc' dir='ltr'><strong>τε</strong></span> <span class='ocrx_word' id='word_1_845' title='bbox 2952 4738 3047 4791; x_wconf 81' lang='grc' dir='ltr'><strong>καὶ</strong></span> <span class='ocrx_word' id='word_1_846' title='bbox 3076 4737 3341 4808; x_wconf 82' lang='grc' dir='ltr'>ὁμότιμον</span> <span class='ocrx_word' id='word_1_847' title='bbox 3386 4738 3487 4809; x_wconf 76' lang='grc' dir='ltr'>τὴν</span> <span class='ocrx_word' id='word_1_848' title='bbox 3513 4737 3616 4807; x_wconf 77' lang='grc' dir='ltr'>τῆς</span> 
     </span>
    </p>
   </div>
   <div class='ocr_carea' id='block_1_110' title="bbox 2030 4828 3614 4901">
    <p class='ocr_par' dir='ltr' id='par_1_110' title="bbox 2030 4828 3614 4901">
     <span class='ocr_line' id='line_1_110' title="bbox 2030 4828 3614 4901; baseline 0.001 -18"><span class='ocrx_word' id='word_1_849' title='bbox 2030 4828 2252 4900; x_wconf 87' lang='grc' dir='ltr'>ἀγάπης</span> <span class='ocrx_word' id='word_1_850' title='bbox 2289 4830 2486 4883; x_wconf 85' lang='grc' dir='ltr'>ἀκτῖνα</span> <span class='ocrx_word' id='word_1_851' title='bbox 2516 4828 2610 4884; x_wconf 79' lang='grc' dir='ltr'>ἐπὶ</span> <span class='ocrx_word' id='word_1_852' title='bbox 2653 4830 2862 4894; x_wconf 83' lang='grc' dir='ltr'>πάντας</span> <span class='ocrx_word' id='word_1_853' title='bbox 2914 4830 3250 4900; x_wconf 83' lang='grc' dir='ltr'>φερέτωσαν.</span> <span class='ocrx_word' id='word_1_854' title='bbox 3294 4830 3473 4884; x_wconf 87' lang='grc' dir='ltr'>Ὅπου</span> <span class='ocrx_word' id='word_1_855' title='bbox 3505 4830 3614 4901; x_wconf 72' lang='grc' dir='ltr'><strong>γὰρ</strong></span> 
     </span>
    </p>
   </div>
   <div class='ocr_carea' id='block_1_111' title="bbox 2030 4920 3616 4993">
    <p class='ocr_par' dir='ltr' id='par_1_111' title="bbox 2030 4920 3616 4993">
     <span class='ocr_line' id='line_1_111' title="bbox 2030 4920 3616 4993; baseline -0.001 -19"><span class='ocrx_word' id='word_1_856' title='bbox 2030 4920 2267 4974; x_wconf 80' lang='grc' dir='ltr'>ἐλλείπει</span> <span class='ocrx_word' id='word_1_857' title='bbox 2313 4921 2346 4991; x_wconf 83' lang='grc' dir='ltr'>ἡ</span> <span class='ocrx_word' id='word_1_858' title='bbox 2393 4921 2607 4993; x_wconf 88' lang='grc' dir='ltr'>ἀγάπη,</span> <span class='ocrx_word' id='word_1_859' title='bbox 2654 4922 2773 4974; x_wconf 78' lang='grc' dir='ltr'>ἐκεῖ</span> <span class='ocrx_word' id='word_1_860' title='bbox 2831 4922 3046 4985; x_wconf 86' lang='grc' dir='ltr'>πάντως</span> <span class='ocrx_word' id='word_1_861' title='bbox 3099 4920 3507 4992; x_wconf 80' lang='grc' dir='ltr'>ἀντεισέρχεται</span> <span class='ocrx_word' id='word_1_862' title='bbox 3555 4922 3616 4973; x_wconf 74' lang='grc' dir='ltr'>τὸ</span> 
     </span>
    </p>
   </div>
   <div class='ocr_carea' id='block_1_112' title="bbox 2034 5011 3613 5086">
    <p class='ocr_par' dir='ltr' id='par_1_112' title="bbox 2034 5011 3613 5086">
     <span class='ocr_line' id='line_1_112' title="bbox 2034 5011 3613 5086; baseline 0.001 -21"><span class='ocrx_word' id='word_1_863' title='bbox 2034 5015 2208 5083; x_wconf 88' lang='grc' dir='ltr'>μῖσος.</span> <span class='ocrx_word' id='word_1_864' title='bbox 2236 5013 2298 5066; x_wconf 79' lang='lat' dir='ltr'><strong>Ei</strong></span> <span class='ocrx_word' id='word_1_865' title='bbox 2320 5013 2398 5077; x_wconf 84' lang='grc' dir='ltr'>δὲ,</span> <span class='ocrx_word' id='word_1_866' title='bbox 2428 5012 2609 5076; x_wconf 87' lang='grc' dir='ltr'>καθώς</span> <span class='ocrx_word' id='word_1_867' title='bbox 2632 5030 2796 5086; x_wconf 82' lang='grc' dir='ltr'>φησιν</span> <span class='ocrx_word' id='word_1_868' title='bbox 2834 5013 3109 5084; x_wconf 85' lang='grc' dir='ltr'>Ἰωάννης,</span> <span class='ocrx_word' id='word_1_869' title='bbox 3142 5011 3206 5063; x_wconf 87' lang='grc' dir='ltr'><strong>Ὃ</strong></span> <span class='ocrx_word' id='word_1_870' title='bbox 3238 5011 3384 5079; x_wconf 80' lang='grc' dir='ltr'>Θεὸς</span> <span class='ocrx_word' id='word_1_871' title='bbox 3412 5011 3613 5082; x_wconf 67' lang='grc' dir='ltr'>ἀγάπη</span> 
     </span>
    </p>
   </div>
   <div class='ocr_carea' id='block_1_113' title="bbox 2028 5100 3610 5179">
    <p class='ocr_par' dir='ltr' id='par_1_113' title="bbox 2028 5100 3610 5179">
     <span class='ocr_line' id='line_1_113' title="bbox 2028 5100 3610 5179; baseline -0.003 -21"><span class='ocrx_word' id='word_1_872' title='bbox 2028 5106 2222 5170; x_wconf 78' lang='grc' dir='ltr'>ἐστὶν,</span> <span class='ocrx_word' id='word_1_873' title='bbox 2254 5105 2468 5178; x_wconf 87' lang='grc' dir='ltr'>ἀνάγκη</span> <span class='ocrx_word' id='word_1_874' title='bbox 2523 5108 2672 5160; x_wconf 81' lang='grc' dir='ltr'>πᾶσα</span> <span class='ocrx_word' id='word_1_875' title='bbox 2705 5106 2766 5159; x_wconf 86' lang='grc' dir='ltr'><strong>τὸ</strong></span> <span class='ocrx_word' id='word_1_876' title='bbox 2813 5108 2971 5179; x_wconf 84' lang='grc' dir='ltr'>μῖσος</span> <span class='ocrx_word' id='word_1_877' title='bbox 3017 5100 3160 5159; x_wconf 80' lang='grc' dir='ltr'>εἶναι</span> <span class='ocrx_word' id='word_1_878' title='bbox 3205 5104 3298 5158; x_wconf 83' lang='grc' dir='ltr'>τὸν</span> <span class='ocrx_word' id='word_1_879' title='bbox 3345 5103 3610 5160; x_wconf 75' lang='grc' dir='ltr'>διάϐολον.</span> 
     </span>
    </p>
   </div>
   <div class='ocr_carea' id='block_1_114' title="bbox 2032 5193 3609 5270">
    <p class='ocr_par' dir='ltr' id='par_1_114' title="bbox 2032 5193 3609 5270">
     <span class='ocr_line' id='line_1_114' title="bbox 2032 5193 3609 5270; baseline -0.003 -18"><span class='ocrx_word' id='word_1_880' title='bbox 2032 5198 2243 5270; x_wconf 82' lang='grc' dir='ltr'>Ὠσπερ</span> <span class='ocrx_word' id='word_1_881' title='bbox 2269 5193 2362 5252; x_wconf 80' lang='grc' dir='ltr'><strong>οῦν</strong></span> <span class='ocrx_word' id='word_1_882' title='bbox 2390 5199 2418 5250; x_wconf 86' lang='grc' dir='ltr'><strong>ὁ</strong></span> <span class='ocrx_word' id='word_1_883' title='bbox 2450 5197 2546 5269; x_wconf 85' lang='grc' dir='ltr'>τὴν</span> <span class='ocrx_word' id='word_1_884' title='bbox 2578 5198 2803 5269; x_wconf 87' lang='grc' dir='ltr'>ἀγάπην</span> <span class='ocrx_word' id='word_1_885' title='bbox 2840 5197 2999 5269; x_wconf 80' lang='grc' dir='ltr'>ἔχων,</span> <span class='ocrx_word' id='word_1_886' title='bbox 3037 5197 3131 5250; x_wconf 84' lang='grc' dir='ltr'><strong>τὸν</strong></span> <span class='ocrx_word' id='word_1_887' title='bbox 3170 5197 3305 5251; x_wconf 82' lang='grc' dir='ltr'>Θεὸν</span> <span class='ocrx_word' id='word_1_888' title='bbox 3332 5197 3447 5267; x_wconf 74' lang='grc' dir='ltr'><strong>ἔχει</strong></span> <span class='ocrx_word' id='word_1_889' title='bbox 3469 5213 3484 5226; x_wconf 88' lang='grc'><strong>·</strong></span> <span class='ocrx_word' id='word_1_890' title='bbox 3517 5195 3609 5248; x_wconf 77' lang='grc' dir='ltr'>οῦ-</span> 
     </span>
    </p>
   </div>
   <div class='ocr_carea' id='block_1_115' title="bbox 3318 5351 3605 5409">
    <p class='ocr_par' dir='ltr' id='par_1_115' title="bbox 3318 5351 3605 5409">
     <span class='ocr_line' id='line_1_115' title="bbox 3318 5351 3605 5409; baseline 0.01 -3"><span class='ocrx_word' id='word_1_891' title='bbox 3318 5354 3365 5386; x_wconf 77' lang='lat'>&quot;</span> <span class='ocrx_word' id='word_1_892' title='bbox 3404 5351 3423 5406; x_wconf 87' lang='grc' dir='ltr'><strong>Ι</strong></span> <span class='ocrx_word' id='word_1_893' title='bbox 3450 5351 3605 5409; x_wconf 79' lang='lat' dir='ltr'><strong>Joan.</strong></span> 
     </span>
    </p>
   </div>
   <div class='ocr_carea' id='block_1_116' title="bbox 2102 5536 2816 5608">
    <p class='ocr_par' dir='ltr' id='par_1_116' title="bbox 2102 5536 2816 5608">
     <span class='ocr_line' id='line_1_116' title="bbox 2102 5536 2816 5608; baseline 0.003 -17"><span class='ocrx_word' id='word_1_894' title='bbox 2102 5536 2178 5606; x_wconf 83' lang='lat'><strong>(5)</strong></span> <span class='ocrx_word' id='word_1_895' title='bbox 2208 5537 2285 5591; x_wconf 80' lang='lat' dir='ltr'><strong>Ex</strong></span> <span class='ocrx_word' id='word_1_896' title='bbox 2314 5538 2476 5608; x_wconf 90' lang='lat' dir='ltr'><strong>epist.</strong></span> <span class='ocrx_word' id='word_1_897' title='bbox 2507 5555 2656 5604; x_wconf 87' lang='lat' dir='ltr'><strong>ccm,</strong></span> <span class='ocrx_word' id='word_1_898' title='bbox 2690 5537 2816 5593; x_wconf 66' lang='lat'><strong>999.</strong></span> 
     </span>
    </p>
   </div>
   <div class='ocr_carea' id='block_1_117' title="bbox 2126 5608 2939 5748">
    <p class='ocr_par' dir='ltr' id='par_1_117' title="bbox 2126 5608 2939 5748">
     <span class='ocr_line' id='line_1_117' title="bbox 2126 5608 2939 5748; baseline -0.001 -85"><span class='ocrx_word' id='word_1_899' title='bbox 2212 5608 2499 5733; x_wconf 42' lang='lat' dir='ltr'><strong>l[iirtdserrin</strong></span> <span class='ocrx_word' id='word_1_900' title='bbox 2531 5611 2789 5689; x_wconf 83' lang='lat' dir='ltr'><strong>ascetico,</strong></span> <span class='ocrx_word' id='word_1_901' title='bbox 2814 5608 2939 5663; x_wconf 75' lang='lat'><strong>325.</strong></span> 
     </span>
     <span class='ocr_line' id='line_1_118' title="bbox 2277 5697 2349 5733; baseline 0.028 -2"><span class='ocrx_word' id='word_1_902' title='bbox 2277 5697 2288 5731; x_wconf 96' lang='lat' dir='ltr'><strong>I</strong></span> <span class='ocrx_word' id='word_1_903' title='bbox 2335 5721 2349 5733; x_wconf 84' lang='lat'><strong><em>.</em></strong></span> 
     </span>
    </p>
   </div>
   <div class='ocr_carea' id='block_1_118' title="bbox 2101 5679 3294 5824">
    <p class='ocr_par' dir='ltr' id='par_1_118' title="bbox 2101 5679 3294 5824">
     <span class='ocr_line' id='line_1_119' title="bbox 2101 5679 3294 5824; baseline 0.003 -20"><span class='ocrx_word' id='word_1_904' title='bbox 2459 5748 2659 5824; x_wconf 71' lang='lat' dir='ltr'><strong>Regius</strong></span> <span class='ocrx_word' id='word_1_905' title='bbox 2681 5751 2855 5808; x_wconf 76' lang='lat' dir='ltr'><strong>codex</strong></span> <span class='ocrx_word' id='word_1_906' title='bbox 2881 5753 3052 5806; x_wconf 74' lang='grc' dir='ltr'>εἰπεῖν</span> <span class='ocrx_word' id='word_1_907' title='bbox 3084 5752 3294 5822; x_wconf 79' lang='grc' dir='ltr'>χρείαν.</span> 
     </span>
    </p>
   </div>
  </div>
