3874 6224
266 280 407 339 “53

1360 273 1594 329 saeuo
1633 274 1792 330 lV.-—
1820 274 1906 332 os
1940 273 2422 349 sLsnuoera.

3382 279 3520 334 “5%

265 411 374 456 τως
401 395 430 446 ό
459 393 521 445 τὸ
551 393 703 463 μῖσος
743 390 901 462 ἔχων,
939 391 1030 444 τὸν
1057 388 1299 445 διάϐολον
1325 392 1382 442 ἐν
1411 387 1587 458 ἑαυτῷ
1622 386 1833 459 τρέφει.

1955 387 2105 443 liabet
2133 406 2148 455 ;
2176 390 2257 443 sic
2289 388 2382 459 qui
2417 387 2601 443 odium
2645 388 2829 451 liabet,
2861 389 2909 444 is
2939 389 3218 445 diabolum
3253 389 3308 445 in
3341 393 3522 462 seipse

266 484 367 538 Διὰ
392 483 549 538 τοῦτο
573 485 840 556 προσήκει
867 483 962 554 τήν
994 483 1091 554 μὲν
1126 484 1344 551 ἀγάπην
1379 481 1500 552 ἴσην
1530 480 1625 533 καὶ
1647 479 1835 550 ὁμοίαν

266 572 417 643 παρὰ
461 572 678 627 πάντων
709 576 822 637 τοῖς
863 574 1028 625 πᾶσιν
1072 568 1232 634 εἶναι,
1264 573 1361 643 τὴν
1400 570 1455 624 δὲ
1485 571 1652 641 τιμὴν
1697 568 1836 622 κατὰ

264 664 327 717 τὸ
373 665 582 735 πρέπον
624 664 840 735 ἑκάστῳ
890 663 1156 732 γίνεσθαι.
1207 663 1316 716 Καὶ
1362 662 1548 733 ὥσπερ
1599 664 1657 715 ἐν
1707 662 1837 733 ήμῖν

265 755 470 819 αὐτοῖς,
498 757 527 808 ὁ
552 755 648 825 μὲν
687 755 848 818 πόνος
893 754 1124 807 ἑκάστου
1154 753 1261 806 τῶν
1294 752 1715 825 ἀρρωστούντων
1745 770 1840 822 με-

266 845 376 899 λῶν
406 845 534 909 ἴσως
560 847 787 900 ἅπτεται
818 845 912 899 τοῦ
944 846 1142 908 παντὸς
1173 844 1443 915 σώματος,
1468 844 1582 897 ἔστι
1606 845 1663 897 δὲ
1689 845 1838 915 ὅμως

266 939 427 1009 ἕτερα
469 937 670 1008 ἑτέρων
699 936 999 1009 τιμιώτερα
1049 936 1184 1008 μέλη
1215 937 1296 1005 (ού
1331 934 1451 1005 γὰρ
1471 935 1670 1007 ὁμοίως
1711 936 1839 1006 περὶ

267 1029 359 1081 τὸν
396 1026 670 1099 ὀφθαλμὸν
702 1029 798 1083 καὶ
829 1029 904 1099 (1)
934 1029 1064 1100 περὶ
1108 1029 1201 1081 τὸν
1245 1027 1340 1080 τοῦ
1377 1028 1536 1091 ποδὸς
1577 1027 1839 1081 δάκτυλον

268 1122 480 1191 ἔχομεν,
530 1122 634 1175 κᾶν
675 1123 705 1174 ὁ
753 1121 914 1185 πόνος
954 1122 1014 1175 τδ
1051 1122 1165 1175 ἴσον
1204 1120 1358 1193 ἔχῃ)-
1394 1121 1566 1184 οὖτως
1613 1122 1711 1191 τὴν
1742 1123 1841 1192 μὲν

270 1211 529 1282 συμπαθῆ
559 1212 818 1276 διάθεσιν,
863 1212 957 1267 καὶ
983 1213 1081 1284 τήν
1124 1212 1473 1284 άγαπητικὴν
1502 1213 1685 1284 σχέσιν
1719 1212 1839 1282 ἴσην

269 1307 364 1357 ἐπὶ
409 1306 620 1359 πάντων
650 1304 758 1358 τῶν
806 1306 865 1359 ἐν
897 1308 962 1375 τῇ
1009 1305 1226 1376 συνοδίᾳ
1274 1305 1491 1369 ζώντων
1537 1300 1677 1358 εἶναι
1710 1306 1840 1375 παρ’

272 1395 501 1449 ἑκάστου
547 1396 846 1466 προσήκει⁹
883 1397 916 1465 ή
949 1394 1005 1448 δὲ
1038 1395 1193 1467 τιμή,
1226 1395 1368 1449 κατὰ
1396 1396 1457 1449 τὸ
1483 1396 1703 1465 εύλογον
1748 1397 1842 1450 ἐπὶ

270 1486 381 1539 τῶν
412 1487 838 1559 χρησιμωτέρων
890 1487 950 1540 τὸ
1000 1487 1160 1541 πλέον
1204 1486 1338 1552 ἕξει.
1409 1488 1532 1541 Ἐπὶ
1581 1489 1687 1560 γὰρ
1732 1487 1842 1540 τῶν

275 1579 658 1649 πνευματικῶν
690 1578 938 1649 ἀλλήλοις
972 1577 1482 1650 συναρμοζομένων,
1512 1578 1633 1631 οὐδὲ
1678 1580 1711 1649 ή
1764 1578 1841 1649 (9.)

277 1671 558 1741 σωματικὴ
588 1669 876 1738 συγγένεια
902 1668 1061 1722 πλέον
1086 1686 1137 1721 τι
1165 1668 1307 1722 κατὰ
1332 1667 1432 1739 τήν
1461 1667 1681 1740 ἀγάπην
1701 1668 1837 1733 ἔξει·

272 1738 396 1814 οῦδὲ
433 1738 593 1824 εἴτις
626 1759 851 1828 ἀδελφός
879 1776 1021 1822 τινος
1054 1759 1194 1814 κατὰ
1228 1759 1406 1831 σάρκα
1440 1758 1549 1827 εἴη,
1584 1738 1782 1831 ήήυίὺς,
1808 1758 1842 1832 ἢ
1873 1738 1916 1794 Β

277 1851 550 1922 θυγάτηρ.
603 1852 663 1904 ἐν
709 1851 912 1905 πλείονι
965 1851 1202 1905 διαθέσει
1244 1850 1380 1922 πρὸς
1426 1850 1517 1903 τὸν
1574 1850 1652 1921 τῷ
1699 1850 1845 1919 γένει

277 1949 618 2015 προσήκοντα
652 1945 803 2015 παρά
826 1946 951 2009 τοὺς
981 1945 1173 2008 ἄλλους
1209 1944 1495 2015 γενήσεται
1534 1945 1563 2015 ἡ
1594 1944 1848 1997 κοινωνία

275 2035 371 2089 τοῦ
395 2036 642 2106 αἵματος.
692 2035 750 2088 Ὀ
770 2034 878 2107 γὰρ
910 2037 970 2089 ὲν
998 2034 1206 2099 τούτοις
1232 2037 1300 2107 τῇ
1333 2034 1490 2106 φύσει
1517 2036 1845 2101 ἀκολουθῶν,

278 2130 573 2198 κατηγορεῖ
627 2125 842 2193 ἑαυτοῦ,
894 2129 974 2181 ὃτι
1011 2126 1163 2181 οὔπω
1214 2129 1435 2192 τελείως
1483 2129 1696 2200 ἀπέστη
1747 2128 1848 2197 τῆς

280 2220 513 2289 φύσεως,
543 2218 656 2271 ἀλλ’
690 2218 771 2271 ἔτι
805 2218 910 2291 ὑπὸ
946 2218 1147 2290 σαρκὸς
1178 2219 1479 2273 διοικεῖται.
1524 2218 1615 2290 Τῷ
1642 2219 1700 2272 δὲ
1729 2216 1850 2288 Θεῷ

278 2312 435 2383 ἡμῶν
463 2312 588 2377 δόξα
623 2313 702 2374 εἰς
730 2311 855 2374 τοὺς
887 2309 1087 2375 αἰῶνας
1117 2311 1223 2364 τῶν
1252 2311 1483 2365 αἰώνων.
1528 2310 1718 2383 Ἀμήν.

655 2509 840 2563 ΠΕΡΙ
890 2504 1249 2561 ΕΛΕΗΜΟΣ
1260 2505 1471 2560 ΥΝΗΣ.

899 2617 1116 2672 ΛΟΓΟΣ
1152 2618 1225 2669 Δ¹.

351 2734 405 2791 1.
435 2735 499 2788 Εἰ
524 2731 819 2804 θαυμάζεις
840 2729 913 2801 (5)
936 2729 1003 2784 τά
1032 2729 1307 2801 χρήματα,
1345 2726 1618 2799 ἄνθρωπε,
1647 2725 1735 2781 διὰ
1754 2724 1853 2799 τήν

281 2829 376 2884 ἀπ’
421 2827 599 2881 αὐτῶν
643 2825 838 2896 τιμὴν,
896 2823 1087 2877 σκόπει
1142 2820 1308 2875 πόσον
1344 2820 1464 2873 ἐστὶ
1507 2818 1643 2892 πρὸς
1695 2818 1853 2884 δόξαν

283 2918 755 2988 λυσιτελέστερον,
812 2914 1021 2987 μυρίων
1070 2912 1275 2967 παίδων
1325 2913 1540 2985 πατέρα
1580 2928 1853 2984 προσαγο-

285 3010 540 3084 ρεύεσθαι
563 3048 579 3073 ,
615 3009 649 3081 ἢ
700 3007 924 3080 μυρίους
957 3006 1231 3079 στατῆρας
1274 3004 1417 3077 ἔχειν
1466 3007 1525 3059 ὲν
1560 3004 1850 3076 βαλαντίῳ.

1936 478 2133 533 nutrit.
2166 478 2530 545 Quamobrem
2577 486 2638 533 ut
2672 479 2899 550 aequalis
2944 481 3252 551 similisque
3280 482 3521 538 charitas

1937 571 2224 641 quibusvis
2270 572 2341 629 ab
2387 573 2643 629 omnibus
2682 581 2766 627 est
2797 572 3103 628 exhibenda
3140 589 3153 626 :
3206 574 3280 628 ita
3319 574 3520 637 honor,

1937 664 2019 717 uti
2055 664 2305 730 addecet,
2349 664 2647 734 unicuique
2671 674 2755 719 est
2784 663 3134 721 tribuendus.
3169 664 3246 736 (5)
3279 664 3345 719 Et
3372 673 3434 720 ut
3466 664 3521 743 in

1942 755 2390 826 nobismetipsis,
2449 755 2604 811 dolor
2687 756 3127 827 uniuscujusque
3191 759 3510 827 aegrotantis

1938 844 2172 899 membri
2222 845 2475 900 similiter
2516 853 2690 899 totum
2732 860 2936 916 corpus
2972 847 3208 917 attingit,
3239 853 3295 901 et
3340 854 3520 901 taiiien

1940 942 2069 989 sunt
2110 937 2353 996 membra
2410 936 2514 990 alia
2566 937 2691 991 aliis
2746 937 3127 1007 prmstantiora
3182 938 3326 1007 (non
3374 938 3520 991 enim

1939 1028 2145 1098 pariter
2218 1028 2287 1084 de
2337 1030 2500 1083 oculo
2549 1044 2613 1085 ac
2665 1029 2733 1084 de
2790 1030 2947 1100 pedis
2995 1029 3168 1100 digito
3229 1030 3518 1093 aﬂicimur,

1939 1119 2157 1174 etiamsi.
2197 1120 2355 1174 dolor
2390 1121 2615 1190 mqualis
2654 1121 2746 1189 sit)
2793 1140 2806 1174 :
2851 1122 2923 1174 ita
2972 1135 3418 1191 unumquemque
3463 1121 3521 1174 in

1941 1223 2132 1263 omnes
2154 1209 2249 1280 qui
2293 1209 2350 1263 in
2384 1218 2654 1264 conventu
2692 1209 2946 1273 vixerint,
2981 1211 3519 1266 commiserationem

1940 1301 2162 1370 quidem
2218 1309 2385 1370 atque
2443 1317 2685 1357 amorem
2754 1316 2939 1372 parem
2992 1305 3285 1359 ostendere
3341 1317 3523 1373 operat

1940 1395 2176 1464 pretium
2211 1401 2332 1459 est;
2372 1394 2467 1448 sed
2501 1403 2699 1455 tamen,
2741 1403 2801 1449 ut
2831 1395 3009 1457 decet,
3045 1396 3115 1451 iis
3149 1396 3243 1466 qui
3277 1395 3522 1450 utiliores

1942 1492 2094 1547 sunt,
2154 1484 2332 1554 major
2393 1484 2675 1539 deferetur
2726 1485 2922 1539 honor.
2984 1483 3121 1540 Nam
3181 1487 3235 1541 in
3292 1486 3379 1542 bis
3428 1486 3523 1556 qui

1942 1577 2213 1647 Spirituali
2270 1576 2577 1631 animorum
2628 1577 3018 1645 conjunctione
3081 1577 3225 1632 inter
3269 1592 3329 1633 se
3394 1587 3525 1633 sunt

1945 1666 2223 1737 copulati,
2274 1683 2386 1722 non
2437 1666 2619 1722 futura
2668 1675 2752 1722 est
2793 1668 2971 1734 major
3020 1668 3240 1724 dilectio
3289 1669 3361 1725 ob
3400 1684 3527 1724 cor-

1945 1759 2189 1831 poralem
2228 1757 2762 1827 consanguinitatcm
2794 1775 2809 1824 ;
2852 1773 3029 1828 neque
3058 1759 3106 1813 si
3137 1759 3264 1829 quis
3305 1760 3526 1830 quidem

1947 1863 2242 1920 germanus
2265 1847 2503 1917 alicujus
2536 1847 2705 1903 frater
2742 1848 2836 1914 sit,
2872 1848 3106 1913 filiusve,
3133 1858 3229 1905 aut
3251 1849 3381 1914 fllia,
3407 1866 3527 1906 ma-

1942 1939 2122 2008 jorem
2154 1952 2284 2008 erga
2319 1938 2815 2007 consanguineum,
2844 1954 3007 2008 quam
3038 1956 3166 2011 erga
3196 1941 3355 2006 alios,
3377 1955 3528 1996 auto-

1948 2046 2065 2087 rem
2102 2030 2291 2086 aﬂ‘eret
2321 2031 2607 2101 sanguinis
2646 2032 2985 2102 conjunctio.
3026 2033 3130 2098 Qui
3161 2033 3308 2088 enim
3345 2034 3402 2089 in
3441 2034 3531 2090 bis

1948 2131 2206 2177 naturam
2253 2124 2527 2194 sequitur,
2578 2124 2627 2181 is
2673 2124 2911 2180 nondum
2966 2141 2995 2179 a
3037 2133 3234 2180 natura
3282 2124 3528 2197 perfecte

1950 2216 2249 2271 recessisse
2287 2216 2664 2281 convincitur,
2706 2216 2800 2273 sed
2834 2217 3134 2271 etiamnum
3164 2233 3197 2272 a
3223 2232 3389 2274 carne
3427 2233 3531 2288 gu-

1949 2308 2191 2364 bernari.
2223 2308 2332 2364 Deo
2358 2316 2540 2363 autem
2589 2316 2780 2365 nostro
2807 2310 2880 2366 sit
2909 2311 3083 2381 gloria
3111 2310 3168 2366 in
3200 2311 3398 2368 saecula
3429 2327 3535 2373 sat:

1950 2403 2225 2459 culorum.
2262 2401 2459 2458 Amen.

2304 2515 2472 2589 486
2509 2515 2612 2571 DE
2647 2514 3175 2573 ELEEMOSYNA.

2569 2628 2803 2685 SERMO
2828 2629 2917 2685 IV.

2026 2747 2077 2803 l.
2103 2742 2182 2817 (6)
2219 2745 2276 2801 Si
2306 2760 2440 2817 opes
2466 2744 2706 2810 miraris,
2736 2759 2770 2798 o
2802 2742 2986 2804 homo,
3023 2742 3095 2798 ob
3121 2743 3535 2813 provenientem

1953 2855 2020 2895 ex
2050 2840 2132 2896 eis
2162 2838 2451 2901 honorem,
2496 2833 2788 2893 considera
2830 2842 3037 2906 quanto
3086 2836 3158 2891 sit
3191 2833 3260 2889 ad
3300 2834 3534 2906 gloriam

1953 2929 2378 2993 conducibilius,
2431 2928 2847 2982 innumerorum
2897 2924 3137 2980 ﬁliorum
3187 2933 3398 2995 patrem
3439 2938 3531 2995 apo

1956 3022 2169 3093 pellari,
2200 3036 2364 3092 quam
2396 3021 2718 3075 innumeros
2763 3020 2821 3073 in
2854 3019 3133 3087 marsupio
3167 3025 3403 3072 stateres
3438 3016 3536 3070 ba-

283 3099 364 3152 Τὰ
394 3098 493 3168 μὲν
534 3096 638 3169 γὰρ
685 3097 944 3169 χρήματα
984 3094 1332 3165 καταλείψεις
1362 3093 1618 3161 ἐνταῦθα,
1651 3094 1748 3150 καὶ
1778 3094 1853 3168 μή

1956 3092 2104 3170 bere.
2148 3111 2286 3168 Nam
2328 3111 2592 3183 pecunias
2632 3109 2854 3181 quidem
2891 3114 3190 3164 relicturus
3228 3108 3320 3164 hic
3363 3123 3424 3164 es
3451 3107 3536 3163 vel

287 3187 638 3259 βουλόμενος·
672 3187 773 3258 τὴν
812 3186 868 3240 δὲ
905 3186 998 3239 ἐπὶ
1030 3187 1143 3250 τοῖς
1170 3185 1394 3254 ἀγαθοῖς
1430 3185 1614 3259 ἔργοις
1651 3188 1855 3258 φιλοτι-

288 3280 416 3350 μίαν
447 3278 800 3347 ἁποκομίσεις
837 3276 974 3348 πρὸς
1018 3277 1109 3330 τὸν
1150 3277 1464 3347 Δεσπότην,
1502 3278 1632 3331 ὅταν
1682 3277 1855 3349 δῆμος

284 3372 404 3436 ἰλος
439 3373 534 3424 ὲπὶ
564 3370 659 3425 τοῦ
693 3369 873 3425 κοινοῦ
900 3370 1100 3443 Κριτοῦ
1134 3371 1487 3441 περιστάντες
1518 3371 1617 3442 (4),
1652 3371 1857 3444 τροφέα

285 3463 381 3516 καί
413 3461 702 3532 εὐεργέτην
728 3463 822 3515 καὶ
844 3461 1021 3514 πάντα
1057 3460 1128 3515 τὰ
1155 3460 1256 3530 τῆς
1286 3460 1693 3531 φιλανθρωπίας
1721 3463 1858 3515 άπο-

286 3553 526 3608 καλῶσιν
578 3552 836 3624 ὀνόματα.
897 3554 1008 3606 Καὶ
1060 3553 1118 3605 ὲν
1172 3552 1270 3624 μὲν
1327 3550 1632 3625 πανηγύρει
1684 3552 1859 3616 οὐδεὶς

286 3646 536 3698 λυπεῖται
582 3644 881 3717 προέμενος
911 3644 982 3699 τὰ
1015 3644 1279 3716 παρόντα,
1316 3644 1412 3697 καὶ
1456 3640 1860 3713 άντικτώμενος

287 3739 360 3791 τὰ
403 3737 679 3791 ἐνδέοντα·
736 3736 849 3791 ἀλλ’
880 3738 1098 3809 ὅσῳπερ
1149 3736 1215 3791 ἂν
1254 3737 1536 3800 ἐλάττονος
1589 3736 1755 3807 τιμῆς
1790 3734 1859 3789 τά

288 3828 562 3899 πολύτιμα
615 3829 876 3902 πρίηται,
927 3828 1165 3899 τοσούτῳ
1213 3829 1430 3900 χαίρει,
1482 3828 1558 3892 ὡς
1606 3826 1859 3899 λαμπροῦ

289 3918 441 3987 αὐτῷ
486 3916 580 3971 τοῦ
633 3917 1075 3988 συναλλάγματος
1122 3918 1439 3990 γενομένου.
1492 3919 1565 3973 Σὺ
1611 3917 1669 3972 δὲ
1715 3918 1859 3989 λυπῇ

289 4010 534 4079 χρυσίον,
574 4010 669 4063 καὶ
697 4008 977 4082 ἀργύριον,
1018 4010 1113 4063 καλ⁵
1153 4012 1407 4081 κτήματα
1458 4011 1656 4076 διδοὺς,
1701 4028 1862 4066 τουτ-

290 4103 411 4156 έστι
459 4102 635 4165 λίθους
666 4103 759 4155 καὶ
808 4102 937 4173 χοῦν
981 4101 1373 4174 παρεχόμενος,
1409 4102 1494 4156 ἵνα
1539 4105 1714 4176 κτήσῃ
1764 4103 1863 4175 τὴν

294 4193 574 4264 μακαρίαν
600 4192 779 4264 (conv;
806 4192 871 4245 Τί
892 4193 949 4245 δὲ
972 4194 1066 4246 καὶ
1090 4195 1269 4267 χρήσῃ
1294 4192 1374 4264 τῷ
1398 4193 1645 4264 πλούτῳ;
1677 4193 1863 4265 ἐσθῆτι

292 4284 645 4354 πολυτιμήτω
696 4282 1006 4355 περιϐαλεῐς
1064 4283 1324 4350 σεαυτόν;
1373 4282 1583 4338 Οὔκουν
1625 4283 1719 4338 δύο
1765 4284 1869 4356 μέν

296 4391 381 4427 σοι
406 4373 596 4445 πηχῶν
614 4373 932 4445 χιτωνίσκος
963 4374 1206 4445 ἀρκέσει,
1233 4375 1351 4439 ἐνὸς
1378 4375 1435 4429 δὲ
1465 4376 1682 4446 ἱματίου
1708 4394 1865 4448 περι-

293 4464 429 4536 δολή
461 4467 642 4519 πᾶσαν
661 4465 769 4519 τῶν
797 4465 1109 4536 ἐνδυμάτων
1141 4465 1485 4538 ἐκπληρώσει
1517 4468 1618 4537 τὴν
1640 4470 1860 4540 χρείαν;

309 4557 449 4610 Ἀλλ’
476 4559 556 4621 εἰς
583 4557 791 4629 τροφὴν
827 4559 1148 4630 καταχρήσῃ
1176 4556 1254 4629 τῷ
1289 4557 1538 4629 πλούτῳ;
1579 4554 1660 4622 εἷς
1702 4558 1867 4625 ἄρτος

298 4647 481 4710 ἱκανὸς
535 4647 930 4720 ἀποπληρῶσαι
981 4649 1244 4720 γαστέρα.
1301 4649 1367 4702 Τί
1421 4648 1517 4704 οὖν
1568 4648 1744 4722 λυπῇ;
1791 4649 1869 4715 ὡς

292 4740 441 4802 τίνος
482 4739 905 4812 ὑστερούμενος;
945 4740 1115 4811 Δόξης
1157 4741 1257 4812 τῆς
1282 4741 1390 4795 άπὸ
1441 4740 1537 4794 τοῦ
1591 4741 1866 4807 πλούτους

295 4830 414 4884 ἀλλ’
445 4830 539 4884 ἐὰν
568 4831 642 4903 μὴ
674 4832 847 4902 χαμαὶ
876 4834 1118 4904 ζητήσῃς
1148 4832 1247 4905 τὴν
1276 4832 1455 4898 δόξαν,
1493 4833 1745 4905 εὑρήσεις
1771 4832 1870 4906 τήν

296 4921 559 4993 ἀληθινὴν
586 4924 679 4976 καὶ
708 4922 987 4996 λαμπρὰν,
1016 4925 1361 4997 προάγουσάν
1387 4941 1448 4977 σε
1476 4925 1556 4988 είς
1582 4925 1682 4996 τὴν
1715 4924 1872 4995 βασι-

298 5012 454 5065 λείαν
484 5012 590 5066 τῶν
641 5012 905 5084 οὐρανῶν.
941 5013 1376 5086 Σκορπιζόμενος
1425 5015 1535 5086 γὰρ
1566 5014 1594 5066 ὁ
1623 5015 1871 5082 πλοῦτος,

297 5102 426 5156 καθ’
452 5103 510 5156 ὃν
542 5105 570 5157 δ
596 5102 801 5177 Κύριος
828 5101 1140 5174 ὑποτίθεται
1172 5102 1395 5174 τρόπον,
1439 5103 1652 5172 πέφυκε
1689 5121 1875 5176 παρα-

379 5260 456 5330 (ι)
489 5260 754 5329 Περὶτὸν
782 5260 1092 5330 ὀφθαλμὸν
1111 5261 1230 5315 καί.
1261 5259 1386 5315 Haec
1426 5257 1606 5313 addita
1637 5277 1705 5316 ex
1745 5276 1879 5318 con-

300 5339 456 5401 textu
484 5338 536 5383 ct
561 5331 749 5386 codice
775 5330 964 5401 Regio.

377 5400 454 5475 (ἓ)
493 5400 645 5475 οὐδὲ
669 5403 727 5469 7l-
763 5400 908 5475 idem
943 5401 1112 5475 sodsx
1149 5400 1307 5475 οὐδὲι
1326 5405 1380 5475 ή-

378 5471 457 5545 (5)
485 5470 917 5545 Εὶίθαυμᾴζεῖις.
950 5469 1172 5545 Legitur
1198 5471 1251 5523 τί
1287 5469 1606 5545 θαυμάζεις,
1641 5475 1768 5544 quid
1791 5477 1880 5530 ad-

304 5541 525 5614 rm'raris
553 5544 591 5614 2,
617 5542 668 5594 in
715 5541 1257 5614 duobus__codicibus
1291 5541 1499 5614 Regiis,
1548 5541 1877 5613 quibuscum

304 5611 730 5733 (ιῧῦὶεοηείοιιεε
760 5611 1112 5667 contulimus.
1145 5614 1286 5666 Sunt
1319 5611 1628 5673 hi'codices
1660 5617 1795 5672 £910
1826 5628 1880 5674 ct

1955 3205 2194 3271 invitus;
2226 3211 2443 3269 contra,
2481 3208 2694 3272 partam
2726 3200 2796 3255 ob
2825 3199 2969 3255 bona
2993 3214 3159 3269 Opera
3191 3199 3420 3269 gloriam
3445 3215 3538 3254 ex-

1956 3295 2202 3366 portabis
2243 3293 2313 3348 ad
2358 3290 2673 3354 Dominum,
2718 3305 2844 3344 cum
2908 3290 3124 3345 scilicet
3172 3289 3539 3345 circumstans

1956 3401 2147 3442 coram
2174 3367 2453 3440 communi
2476 3380 2669 3437 Judice
2702 3380 2937 3451 populus
2973 3379 3175 3443 omnis,
3209 3379 3538 3433 nutritorem

1957 3485 2012 3534 et
2040 3475 2345 3533 beneﬁcum
2400 3473 2716 3544 largitorem
2760 3486 2826 3527 ac
2875 3471 3133 3526 omnibus
3182 3469 3540 3525 humanitatis

1958 3566 2255 3638 appellabit
2280 3564 2624 3619 nominibus.
2658 3561 2736 3634 (7)
2777 3561 2987 3616 Etenim
3031 3563 3087 3617 in
3126 3561 3390 3617 nundinis
3419 3560 3539 3630 qui-

1959 3659 2081 3714 dem
2115 3671 2276 3713 nemo
2311 3655 2460 3711 dolet
2488 3654 2634 3725 quod
2663 3652 2961 3722 profundat
2983 3668 3106 3723 quae
3134 3651 3357 3715 adsunt,
3381 3660 3436 3706 et
3458 3650 3540 3704 vi-

1960 3750 2146 3805 cissim
2179 3763 2303 3820 quae
2345 3747 2546 3802 desunt
2595 3754 2910 3816 comparet;
2964 3752 3177 3808 contra,
3212 3758 3323 3814 quo
3360 3742 3539 3799 viliori

1961 3842 2138 3910 pretio
2170 3856 2259 3898 res
2278 3839 2712 3912 pretiosissimas
2735 3838 2952 3901 emerit,
2980 3837 3085 3892 hoc
3114 3837 3288 3907 magis
3314 3837 3538 3909 gaudet,

1963 3938 2023 3985 ut
2056 3931 2151 4001 qui
2181 3930 2403 4002 egregie
2436 3929 2750 4001 negotiatus
2781 3927 2874 3984 sit.
2909 3926 2990 3982 Tu
3029 3945 3160 3984 vero
3189 3929 3363 3993 doles,
3394 3929 3540 4000 quod

1963 4036 2159 4075 aurum
2186 4028 2239 4074 et
2270 4028 2559 4091 argentum
2599 4026 2655 4072 et
2705 4031 2839 4086 opes
2876 4016 3085 4079 tradas,
3124 4015 3229 4071 hoc
3255 4023 3360 4081 est,
3405 4015 3542 4086 lapi-

1963 4112 2087 4171 dem
2116 4127 2181 4166 ac
2210 4114 2491 4183 pulverem
2523 4111 2791 4181 praebeas,
2824 4117 2883 4164 ut
2910 4109 3127 4164 beatam
3155 4112 3321 4163 vitam
3354 4108 3542 4178 acqui-

1964 4223 2077 4264 ras.
2111 4206 2218 4262 Sed
2238 4206 2328 4260 cui
2358 4204 2454 4259 tibi
2478 4205 2604 4259 usui
2632 4204 2864 4258 aurum?
2889 4204 3130 4274 pretiosa
3155 4208 3211 4255 te
3229 4208 3381 4257 veste
3403 4201 3542 4255 ami-

1965 4298 2118 4355 cies?
2158 4298 2357 4353 Annon
2399 4296 2634 4352 duorum
2681 4295 2993 4350 cubitorum
3039 4294 3225 4349 tunica
3279 4294 3415 4350 satis
3447 4292 3543 4347 tibi

1969 4391 2157 4459 fuerit,
2191 4395 2247 4446 et
2279 4391 2447 4447 unius
2478 4390 2628 4461 pallii
2666 4389 2904 4443 amictus
2939 4403 3156 4443 omnem
3192 4386 3544 4442 indumento-

1966 4498 2089 4536 rum
2144 4480 2531 4537 necessitatem
2580 4478 2865 4548 explebit?
2909 4476 3164 4533 Uterisne
3210 4477 3420 4532 divitiis
3473 4474 3542 4528 ad

1967 4572 2175 4627 lautius
2216 4568 2546 4625 vivendum?
2588 4567 2791 4624 Verum
2831 4569 2989 4638 panis
3036 4582 3178 4622 unus
3220 4564 3544 4621 exsatiando

1967 4663 2144 4719 ventri
2179 4662 2403 4719 sullicit.
2448 4661 2591 4729 Quid
2631 4661 2801 4732 igitur
2849 4660 3072 4716 tristitia
3122 4657 3398 4713 afficeris?
3438 4660 3543 4710 tiu-

1965 4756 2188 4826 jusnam
2216 4756 2296 4810 rei
2325 4754 2505 4810 fecisti
2530 4754 2804 4823 jacturam
2827 4753 2850 4808 ?
2886 4753 2969 4807 An
2993 4753 3185 4823 gloriae
3215 4766 3339 4822 quae
3363 4766 3428 4806 ex
3459 4750 3543 4805 di-

1970 4848 2120 4903 vitiis
2149 4846 2368 4901 oritur?
2398 4846 2468 4900 At
2517 4846 2565 4901 si
2614 4846 2766 4900 humi
2812 4845 3041 4915 gloriam
3079 4858 3189 4898 non
3239 4842 3543 4913 quwsieris,

1970 4954 2156 4996 veram
2187 4941 2334 4993 illam
2360 4954 2426 4994 ac
2452 4939 2819 5009 splendidam,
2848 4952 2969 5008 qua:
3001 4947 3050 4990 te
3082 4936 3139 4990 in
3170 4950 3396 5004 regnum
3432 4948 3542 4987 cm-

1972 5029 2152 5084 lorum
2180 5030 2433 5093 deducet,
2474 5029 2745 5084 invenies.
2772 5027 2850 5099 (8)
2882 5027 3153 5098 Dispersa:
3180 5025 3327 5081 enim
3355 5039 3547 5080 secun—

1974 5119 2108 5175 dum
2156 5121 2370 5176 Domini
2421 5123 2691 5177 monitum
2735 5123 2938 5178 divitia:
2986 5122 3164 5178 solent
3201 5135 3546 5192 permanere,

2052 5272 2128 5344 (4)
2162 5274 2581 5344 Περιστάντεςς.
2618 5275 2844 5349 Legitur
2873 5279 2931 5333 in
2965 5285 3224 5335 contextu
3259 5276 3548 5350 περιστάν-

1976 5361 2069 5399 τες
2106 5361 2190 5398 σε.

2042 5361 2069 5408 ς
2106 5361 2190 5398 σε.

2074 5415 2127 5485 5)
2156 5415 2228 5468 Ex
2272 5430 2435 5469 scrin.
2471 5417 2734 5480 ascetico,
2772 5417 2899 5472 325.

2072 5486 2127 5546 6)
2158 5483 2233 5537 Ex
2267 5486 2415 5538 hom.
2453 5485 2506 5538 in
2541 5487 2669 5541 illud
2700 5487 2879 5550 Lucae,
2918 5487 3217 5554 Destruam,
3244 5487 3334 5545 45.

2052 5555 2129 5625 (7)
2164 5554 2237 5607 Ex
2282 5559 2425 5608 hom.
2463 5557 2514 5608 in
2545 5555 2762 5624 Divites,
2795 5559 2885 5615 52.

2052 5626 2130 5695 (8)
2171 5624 2330 5691 lbid.,
2363 5625 2449 5678 55.
