3874 6224
413 353 552 408 1155

1282 349 1648 406 APPENDIX.
1689 379 1756 390 —
1802 348 2155 405 SYMEONIS
2196 344 2739 402 METAPHRASTS

3523 343 3638 402 1156

412 481 615 533 clausae
645 485 826 533 autem
858 477 1108 533 alienari.
1154 477 1210 530 Si
1250 475 1552 539 custodies,
1591 490 1698 530 non
1738 475 1998 537 habebis;

2109 475 2288 543 μένειν
2309 489 2323 501 ·
2355 469 2711 541 συνεχόμενος
2749 467 2826 533 δὲ,
2863 464 3291 538 ἀλλοτριοῦσθαι.
3333 463 3450 517 Ἐὰν
3471 467 3639 533 φυλάσ-

414 569 460 624 si
486 570 794 640 dispergas,
821 585 928 624 non
953 568 1193 624 amittes.
1230 568 1484 638 Dispersit
1505 568 1673 630 enim,
1697 565 1839 620 dedit
1862 581 1996 634 pau-

411 659 646 724 peribus,
673 660 893 729 justitia
939 660 1053 721 eius
1106 667 1283 712 manet
1327 659 1379 712 in
1431 659 1682 712 sarculum
1717 657 1899 712 surculi
1929 658 1995 709 ⁸⁸.

416 751 492 821 tl)
509 750 688 817 Quare
700 751 898 806 debent
911 751 1004 820 qui
1018 751 1308 820 prudenter
1323 750 1592 818 judicant,
1611 765 1767 803 usum
1781 749 2000 802 divitia-

413 859 536 898 rum
566 844 631 897 ad
657 844 1126 914 dispensationem
1160 858 1486 898 concessum
1515 843 1859 905 existimare.
1888 856 1996 894 non

414 935 479 988 ad
514 935 940 1004 perfruendum:
977 943 1031 988 et
1065 935 1152 989 his
1177 935 1442 1004 depositis
1469 933 1663 996 lmtari,
1688 942 1749 986 ut
1772 933 1840 986 ab
1869 933 2000 986 alie-

415 1028 503 1081 nis
545 1026 739 1080 remoti
766 1068 781 1090 ,
819 1043 927 1080 non
964 1042 1108 1096 aegre
1149 1026 1314 1090 ferre,
1347 1034 1407 1080 ut
1447 1027 1564 1081 suis
1601 1027 1822 1096 privati.
1855 1023 1998 1091 Quid

417 1117 582 1186 igitur
614 1116 918 1172 afﬂictare?
945 1118 1077 1187 quid
1119 1120 1305 1173 animo
1335 1119 1676 1173 discruciare
1721 1132 1847 1171 cum
1897 1131 1996 1170 au-

414 1209 500 1264 dis
527 1228 540 1264 :
585 1207 758 1262 Vende
786 1227 902 1279 quae
928 1210 1110 1276 habes,
1139 1220 1190 1264 et
1213 1209 1284 1264 da
1323 1210 1638 1279 pauperibus
1658 1209 1747 1263 M‘.'
1789 1209 1998 1262 Etenim

415 1303 460 1356 si
496 1311 548 1355 te
577 1311 941 1372 sequerentur
967 1303 1019 1356 in
1055 1303 1298 1356 futurum
1327 1304 1610 1364 saeculum,
1641 1318 1709 1355 ne
1760 1303 1840 1357 sic
1877 1301 1999 1370 qui-

413 1395 535 1449 dem
581 1402 770 1449 essent
811 1395 1116 1449 studiosius
1158 1394 1516 1466 exqttirenda.
1562 1401 1750 1463 utpote
1801 1409 1921 1462 qua:
1968 1407 1998 1446 a

415 1486 657 1557 praemiis
691 1488 803 1541 illic
839 1489 1095 1556 repositis
1113 1487 1482 1542 obscurentur
1515 1504 1526 1539 :
1573 1487 1658 1540 sin
1688 1494 1866 1540 autem
1899 1500 1998 1537 ne-

415 1595 570 1635 cesse
599 1586 684 1634 est
719 1595 782 1634 ea
813 1579 901 1633 hic
931 1595 1174 1641 manere,
1206 1595 1304 1634 cur
1338 1595 1449 1633 non
1479 1594 1544 1633 ex
1574 1579 1661 1633 his
1697 1577 1998 1633 divenditis

414 1672 629 1726 lucrum
675 1671 1072 1741 erportamus?
1098 1670 1175 1740 (2)
1206 1670 1468 1740 Quisquis
1507 1671 1654 1726 enim
1702 1671 1844 1724 male
1881 1670 1998 1724 suis

414 1761 580 1816 rebus
610 1760 803 1823 utitur,
839 1759 1168 1815 miserabilis
1195 1769 1302 1821 est,
1351 1775 1460 1814 non
1494 1761 1654 1814 aliter
1703 1775 1867 1830 quam
1902 1758 1995 1828 qui

2104 582 2223 638 σῃς,
2266 563 2364 633 οὐχ
2407 563 2549 627 ’έξεις
2575 562 2686 630 (7)·
2713 561 2810 614 ὲάν
2855 559 3188 632 σκορπίζῃς,
3228 559 3332 611 οὐκ
3372 558 3638 621 ἀπολέσεις.

2114 657 2528 722 Ἐσκόρπισεν,
2564 652 2749 706 ἔδωκε
2775 651 2900 718 τοῖς
2937 651 3214 718 πένησιν,
3245 652 3284 717 ἡ
3322 650 3641 717 δικαιοσύνη

2099 745 2289 800 αὐτοῦ
2337 746 2506 815 μένει
2563 746 2652 810 εἷς
2703 743 2812 796 τὸν
2850 742 3036 796 αἰῶνα
3067 741 3175 796 τοῦ
3219 740 3455 806 αἰῶνος.
3509 743 3641 793 Ὥστε

2099 835 2448 906 οἰκονομικὴν
2488 835 2582 888 τοῦ
2618 833 2849 887 πλούτου
2883 833 2982 904 τὴν
3013 833 3228 904 χρῆσιν,
3255 831 3373 886 ἀλλ’
3409 833 3503 884 οὐκ
3537 834 3645 884 ἀτο-

2099 927 2434 999 λαυστικὴν,
2485 927 2613 989 τοὺς
2670 925 2962 997 σωφρόνως
3013 923 3394 994 λογιζομένους
3438 923 3644 992 νομίζειν

2100 1023 2370 1092 προσῆκε,
2401 1021 2496 1074 καὶ
2528 1018 2952 1087 ἀποτιθεμένους
2994 1016 3238 1087 χαίρειν,
3273 1015 3351 1078 ὡς
3386 1014 3645 1084 ἀλλατρίων

2099 1113 2520 1186 χωριζομένους,
2537 1112 2650 1166 ἀλλ’
2666 1112 2788 1181 οὐχ).
2815 1110 3204 1182 δυσχεραίνειν,
3224 1108 3304 1172 ὡς
3330 1110 3438 1161 τῶν
3463 1111 3644 1160 οἰκείων

2099 1206 2488 1267 ἐκπίπτοντας.
2513 1204 2578 1257 Τί
2602 1200 2696 1258 οὖν
2729 1204 2906 1274 λυπῇ;
2940 1204 2992 1256 τί
3022 1203 3385 1266 καταπενθεῖς
3411 1205 3473 1273 τῇ
3501 1203 3644 1271 ψυχῇ,

2099 1297 2344 1350 ἀκούων·
2377 1294 2677 1363 Πὼλησόν
2731 1310 2848 1348 σου
2880 1293 2951 1347 τὰ
3002 1293 3377 1361 ὑπάρχοντα,
3427 1295 3518 1345 καὶ
3561 1293 3646 1358 δὸς

2098 1389 2392 1459 πτωχοῖς;
2429 1389 2491 1441 Εἰ
2524 1387 2622 1458 μὲν
2653 1387 2761 1459 γάρ
2790 1385 3072 1456 ἠκολούθει
3108 1404 3190 1439 σοι
3222 1387 3363 1458 πρὸς
3384 1385 3442 1437 τὸ
3468 1385 3644 1455 μέλλεν,

2097 1477 2204 1529 οὐδ’
2237 1476 2410 1539 οὕτως
2456 1476 2522 1530 ἂν
2557 1472 2623 1547 ἦν
2661 1475 3122 1546 περισπούδαστα,
3155 1475 3258 1528 ὑπὸ
3305 1475 3413 1528 τῶν
3452 1476 3559 1527 ἐκεῖ
3583 1493 3647 1527 τι-

2101 1567 2239 1637 μίων
2283 1566 2717 1638 ὲπισκοτούμενα
2737 1583 2752 1597 ·
2781 1567 2830 1619 εί
2861 1565 2918 1619 δὲ
2945 1567 3157 1636 ἀνάγκη
3193 1566 3381 1636 μένειν
3421 1567 3646 1626 ἐνταῦθα.

2097 1657 2149 1709 τί
2187 1656 2260 1728 μὴ
2290 1657 2661 1729 πωλήσαντες,
2689 1657 2750 1710 τὸ
2788 1657 2882 1710 ἀπ’
2914 1657 3093 1710 αὐτῶν
3131 1657 3327 1729 κέρδος
3365 1657 3647 1724 ἀπενεγκὼ-

2103 1752 2280 1820 μεθα;
2328 1750 2387 1804 '0
2435 1751 2532 1820 μὲν
2584 1750 2693 1822 γὰρ
2742 1751 2928 1815 κακῶς
2977 1755 3090 1814 τοῖς
3139 1747 3260 1804 οὖσι
3316 1753 3647 1822 κεχρημένος,

417 1859 644 1921 accepto
673 1851 739 1905 ad
790 1851 976 1905 hostes
1026 1850 1371 1906 ttlcisccndos
1411 1851 1592 1921 gladio
1639 1851 1994 1920 semetipsum

2100 1841 2350 1906 ἐλεεινὸς,
2386 1842 2461 1906 ὼς
2481 1843 2510 1894 ὁ
2549 1843 2627 1913 τῷ
2661 1843 2801 1912 ξίφει
2831 1845 2858 1897 ὃ
2886 1843 3045 1897 ἔλαϐε
3076 1845 3211 1913 πρὸς
3241 1843 3344 1914 τὴν
3374 1843 3480 1896 τῶν
3515 1843 3647 1895 πολε-

417 1943 595 1998 lihens
626 1943 862 1998 sauciat.
895 1941 1001 2008 Qui
1043 1951 1226 1996 autem
1263 1941 1401 1995 bene
1445 1949 1500 1996 et
1546 1941 1847 1996 secundum
1906 1955 1996 1994 re-

415 2048 558 2092 ctam
597 2037 867 2090 rationem
898 2051 987 2090 res
1017 2050 1146 2090 suas
1182 2043 1403 2098 tractat,
1438 2049 1503 2087 ac
1530 2033 1876 2103 dispensator
1913 2041 1999 2087 est

415 2129 684 2182 bonorum
723 2145 751 2182 a
786 2128 894 2183 Deo
926 2128 1203 2191 datorum,
1243 2143 1343 2182 nec
1375 2141 1461 2191 ea,
1493 2134 1553 2181 ut
1593 2128 1710 2196 ipse
1753 2125 2000 2198 perfrua-

420 2231 532 2285 tur,
563 2221 834 2290 congerit,
869 2221 1113 2292 laude_et
1143 2235 1334 2275 amore
1371 2219 1572 2290 dignus
1607 2226 1693 2274 est
1733 2219 1804 2272 ob
1859 2218 2000 2272 dile-

415 2314 653 2367 ctiouetn
680 2314 735 2366 in
776 2311 976 2368 fratres
1014 2327 1079 2366 ac
1106 2311 1388 2366 liberalem
1417 2318 1472 2366 et
1502 2309 1802 2366 beneficam
1831 2309 1993 2364 indo-

418 2405 545 2460 lem.

484 2579 539 2638 Ξ.
571 2580 648 2652 (5)
673 2579 868 2638 Videte
900 2579 1364 2650 quemadmodum
1409 2580 1706 2636 multitudo
1749 2589 2001 2651 peccato-

417 2689 540 2728 rum
569 2681 887 2727 nostrorum
915 2679 972 2726 et
994 2672 1125 2725 anni
1160 2679 1514 2741 tempestates
1552 2687 1584 2727 a
1620 2687 1721 2728 sua
1749 2673 1995 2743 ipsarum

419 2773 617 2819 natura
658 2765 973 2828 abduxerit,
1009 2773 1062 2818 et
1092 2771 1400 2834 temporum
1428 2764 1633 2820 formas
1657 2773 1997 2821 transmuta-

419 2857 556 2911 verit
583 2856 638 2910 in
671 2855 879 2910 alienas
919 2863 1340 2925 temperaturas.
1385 2856 1460 2927 (Δ)
1493 2855 1688 2911 Omnia
1720 2859 1862 2913 enim
1917 2859 2000 2912 in-

419 2949 582 3002 solito
606 2947 770 3001 modo
795 2947 1062 3002 terminos
1085 2947 1561 3019 creationisﬁ87
1587 2948 1998 3019 transgredien-

420 3041 516 3103 tia,
565 3054 631 3094 ac
676 3039 815 3092 male
850 3039 917 3092 ad
953 3049 1196 3092 nostram
1245 3040 1622 3108 conspirantia
1676 3040 1995 3110 perniciem,

417 3149 447 3186 a
487 3132 632 3186 victu
667 3139 720 3185 et
743 3147 774 3184 a
802 3132 914 3184 vita
945 3133 1206 3186 mortales
1239 3132 1486 3202 abigunt.
1519 3133 1652 3197 Quae
1676 3145 1806 3201 ergo
1830 3146 1996 3186 causa

419 3232 506 3279 est
541 3223 965 3277 inordinationis
997 3224 1160 3290 hujus
1196 3231 1360 3293 atque
1389 3221 1772 3278 confusionis?
1793 3222 1868 3293 (5)
1901 3221 1996 3276 Ni-

419 3314 622 3368 mirum
654 3311 785 3379 quia
832 3326 956 3365 cum
1000 3313 1400 3381 acceperimus.
1451 3311 1576 3365 aliis
1610 3327 1718 3366 non
1756 3311 2000 3381 imperti-

422 3421 564 3467 iims.
593 3404 882 3459 laudamus
909 3403 1344 3465 beneficentiam,
1376 3411 1431 3460 et
1475 3403 1665 3458 eadem
1713 3402 1996 3474 privamus

420 3511 642 3566 egenos.
697 3494 878 3550 Liberi
920 3510 984 3550 ex
1036 3495 1212 3548 servis
1248 3495 1400 3560 facti,
1447 3510 1840 3550 conservorum
1889 3511 1996 3550 non

420 3591 778 3654 miseremur;
804 3587 1110 3642 esurientes
1135 3587 1432 3650 nutrimur.
1463 3595 1517 3642 et
1543 3594 1794 3658 egentem
1825 3588 2001 3658 negli-

418 3681 620 3751 gimus.
648 3677 878 3733 Divitem
909 3675 1155 3731 datorem
1183 3691 1245 3730 ac
1275 3692 1528 3747 promttm
1560 3677 1824 3733 habentes
1846 3678 1998 3747 parci

419 3771 598 3828 effecti
628 3785 846 3834 sumus,
892 3768 1139 3838 nihilque
1169 3784 1291 3823 cum
1327 3768 1659 3839 pauperibus
1689 3769 2001 3823 communi-

420 3876 636 3916 camus.
689 3858 830 3915 Oves
885 3869 1089 3914 nostra:
1138 3857 1420 3911 abundant
1468 3856 1692 3924 fetibus,
1736 3867 1790 3913 et
1824 3858 2000 3928 major

419 3952 690 4007 nudorum
718 3963 984 4003 numerus
1014 3961 1180 4017 quam
1210 3948 1417 4000 ovium.
1450 3945 1659 4002 Horrea
1688 3948 1759 4002 ob
1784 3949 2000 4018 reposi-

422 4053 598 4097 taruui
633 4041 851 4111 frugum
886 4039 1100 4109 copiam
1146 4038 1201 4091 in
1236 4045 1531 4107 angustum
1565 4047 1858 4107 coguntur,
1909 4054 2000 4092 .iec

421 4145 604 4189 tamen
648 4133 920 4194 hominis,
955 4131 1050 4201 qui
1099 4131 1372 4202 angustiis
1411 4139 1668 4202 urgetur,
1710 4133 2002 4186 commise-

422 4227 711 4280 rescimtts.
744 4225 821 4295 (6)
868 4223 1084 4294 Pauper
1125 4225 1228 4280 es?
1275 4224 1427 4278 Alter
1462 4231 1548 4278 est
1599 4232 1654 4278 te
1682 4225 1997 4295 pauperior.

425 4315 566 4370 Sunt
593 4315 688 4368 tibi
732 4315 939 4370 cibaria
969 4315 1183 4369 dierum
1223 4315 1452 4384 decem;
1481 4315 1581 4380 illi,
1627 4316 1813 4371 unius.
1844 4315 2000 4382 Quod

424 4409 521 4464 tibi
553 4415 825 4478 superest.
858 4421 922 4461 ac
949 4407 1239 4472 redundat,
1271 4409 1323 4462 id
1356 4415 1415 4462 tu
1449 4423 1548 4462 ceu
1584 4408 1762 4463 bonus
1790 4423 1853 4462 ac
1875 4424 2000 4479 gra-

2101 1934 2242 2004 μίων
2275 1934 2512 2004 ἄμυναν,
2555 1936 2730 2006 τούτῳ
2776 1936 3039 2000 ἑκουσίως
3091 1936 3285 1989 ἑαυτὸν
3338 1935 3646 2005 κατατιτρὼ-

2100 2041 2272 2079 σκων·
2301 2027 2330 2078 ὁ
2347 2025 2402 2079 δὲ
2428 2027 2608 2089 καλῶς
2633 2027 2726 2079 καὶ
2759 2026 2899 2080 κατά
2927 2027 3016 2079 τὸν
3049 2026 3206 2098 ὀρθὸν
3229 2018 3392 2094 λόγον
3415 2024 3480 2078 τὰ
3511 2041 3648 2094 apor-

2097 2117 2226 2170 όντα
2275 2119 2705 2190 μεταχειρίζων,
2741 2119 2836 2172 καὶ
2890 2119 3173 2190 οἰκονόμος
3222 2119 3337 2172 τῶν
3383 2120 3529 2191 παρά
3574 2119 3646 2170 τοῦ

2097 2211 2232 2264 Θεοῦ
2269 2211 2568 2283 δεδομένων
2593 2212 2896 2282 γινόμενος,
2936 2212 3008 2282 μὴ
3036 2213 3156 2282 οὐχὶ
3194 2213 3337 2284 πρὸς
3373 2212 3506 2265 ἰδίαν
3534 2213 3647 2267 ἁπό-

2097 2301 2286 2356 λαυσιν
2316 2303 2684 2375 θησαυρίζων,
2730 2302 3067 2356 ἐπαινεῖσθαι
3105 2303 3199 2356 καὶ
3235 2304 3549 2372 ἀγαπᾶσθαι
3584 2305 3646 2356 δί-

2098 2397 2253 2460 καιός
2306 2397 2422 2449 ἐστι
2446 2435 2461 2461 ,
2495 2395 2584 2449 διά
2613 2396 2675 2448 τὸ
2710 2395 3033 2465 φιλάδελφον
3077 2396 3172 2450 καὶ
3222 2396 3540 2450 κοινωνικὸν
3569 2396 3644 2448 τοῦ

2096 2489 2320 2561 τρόπου.

2166 2581 2220 2636 2.
2254 2581 2472 2652 Ὁρᾶτε,
2495 2577 2571 2642 ὡς
2591 2578 2650 2632 τὸ
2668 2577 2871 2649 πλῆθος
2897 2578 3006 2632 τῶν
3023 2577 3318 2651 ἡμετέρων
3346 2577 3647 2650 ἁμαρτημά-

2096 2690 2204 2727 των
2238 2673 2333 2726 καὶ
2363 2671 2461 2736 τὰς
2493 2671 2642 2743 ὥρας
2672 2672 2780 2724 τῶν
2807 2671 3023 2724 οἰκείων
3047 2671 3284 2743 ἐξήγαγε
3321 2672 3550 2740 φύσεων,
3573 2672 3649 2722 καὶ

2095 2765 2206 2818 τῶν
2242 2765 2450 2836 καιρῶν
2495 2765 2594 2828 τὰς
2641 2764 2782 2828 ἰδέας
2835 2765 2916 2828 είς
2965 2763 3290 2826 ἀλλοκότους
3337 2764 3553 2834 κράσεις
3585 2764 3647 2815 δι-

2097 2859 2318 2929 ήμειψε.
2347 2858 2531 2912 Πάντα
2561 2858 2668 2930 γὰρ
2700 2858 2900 2922 καινῶς
2927 2859 3002 2928 (8)
3034 2858 3357 2926 ὑπερϐάντα
3378 2860 3500 2921 τοὺς
3520 2859 3651 2929 ὄρους

2095 2951 2194 3021 τῆς
2230 2951 2480 3012 κτίσεως,
2517 2949 2611 3002 καὶ
2647 2950 2832 3012 κακῶς
2871 2951 2951 3012 είς
2973 2948 3069 3020 τὴν
3101 2949 3222 3002 καθ’
3255 2949 3418 3020 ἡμῶν
3453 2966 3641 3018 συμφω-

2099 3037 2338 3107 νήσαντα
2379 3035 2604 3106 βλάϐην,
2646 3035 2742 3089 τοῦ
2794 3035 2908 3107 βίου
2953 3037 3047 3089 κα)⁸
3091 3037 3188 3107 τῆς
3237 3037 3391 3108 ζωῆς
3428 3040 3545 3101 τοὺς
3572 3039 3648 3090 ἀν-

2099 3124 2351 3196 θρώπους
2396 3128 2701 3182 ἐλαύνουσι.
2742 3129 2840 3190 Τίς
2891 3124 2985 3182 οῦν
3021 3131 3119 3199 τῆς
3167 3130 3402 3195 ἀταξίας
3443 3130 3530 3182 κα).
3571 3130 3647 3197 τῆς

2101 3215 2414 3284 συγχύσεως
2442 3217 2476 3286 ἡ
2509 3217 2689 3282 uitia;
2721 3218 2846 3270 ’ὐτι
2877 3218 3243 3289 λαμϐάνοντες
3282 3222 3468 3290 ἡμεῖς,
3499 3220 3648 3282 ἀλλος

2096 3307 2158 3359 οὐ
2187 3307 2526 3378 παρέχομεν·
2564 3309 2662 3378 τὴν
2694 3309 3013 3382 εὐεργεσίαν
3045 3311 3405 3382 ἐπαινοῦμεν,
3437 3311 3526 3364 καὶ
3549 3310 3648 3363 ταύ-

2098 3414 2198 3467 της
2252 3399 2663 3472 ἀποστεροῦμεν
2714 3403 2843 3465 τοὺς
2895 3403 3208 3473 δεομένους.
3269 3404 3463 3458 Δοῦλοι
3524 3403 3648 3463 Ιὧντες

2099 3487 2562 3562 ἐλευθερούμεθα,
2615 3493 2711 3546 καὶ
2765 3494 3086 3564 ὁμοδούλους
3133 3497 3238 3548 οὐκ
3295 3497 3650 3568 οίκτείρομενο

2098 3584 2393 3646 πεινῶντες
2429 3585 2766 3656 τρεφόμεθα,
2808 3589 2904 3641 κα).
2928 3589 3020 3641 τὸν
3047 3590 3198 3656 ἐνδεῆ
3233 3591 3645 3662 παρατρέχομεν.

2113 3674 2362 3745 ’Δνενδεῆ
2388 3676 2623 3749 χορηγὸν
2650 3679 2742 3730 καὶ
2770 3679 2976 3751 ταμίαν
3016 3680 3254 3750 ἔχοντες,
3283 3682 3532 3752 φειδωλοὶ
3551 3683 3649 3747 €73-

2099 3765 2305 3836 νόμεθα
2345 3769 2440 3821 καὶ
2465 3767 2821 3842 ἀκοινώνητοι
2857 3772 2993 3843 πρὸς
3031 3773 3160 3836 τοὺς
3200 3775 3446 3846 πένητας
3467 3789 3481 3802 ⁸
3510 3772 3647 3825 πολύ-

2098 3873 2235 3910 τοκα
2263 3857 2420 3926 ἡμῶν
2453 3858 2523 3912 τά
2561 3859 2829 3930 πρόϐατα,
2863 3863 2959 3914 καὶ
3002 3863 3051 3914 οἱ
3092 3863 3292 3932 γυμνοὶ
3327 3864 3438 3913 τῶν
3474 3861 3650 3933 προὸάο

2099 3965 2208 4001 των
2245 3949 2482 4011 πλείους.
2535 3951 2602 4001 Al
2644 3950 2920 4022 ἀποθῆκαι
2965 3949 3044 4022 τῷ
3089 3951 3281 4022 πλήθει
3312 3952 3424 4006 τῶν
3455 3953 3649 4004 ἀποκει-

2104 4040 2279 4112 μένων
2305 4040 2635 4105 στενοῦνται,
2660 4043 2754 4094 καὶ
2780 4042 2871 4095 τὸν
2891 4043 3258 4112 ἐστενωμένον
3278 4045 3378 4097 οὐκ
3399 4042 3647 4112 ἐλεοῦμεν.

2102 4134 2278 4205 Πένης
2306 4130 2390 4199 ei;
2432 4135 2546 4188 ἀλλ’
2581 4136 2737 4190 ἄλλον
2772 4135 2916 4207 ἔχεις
2947 4137 3164 4200 πάντως
3208 4137 3549 4206 πενέστερον.
3575 4134 3648 4186 Σοὶ

2100 4223 2232 4277 δέκα
2270 4225 2494 4297 ἡμερῶν
2526 4225 2594 4278 τὰ
2633 4226 2800 4287 σιτία.
2833 4227 3025 4298 ἐκείνῳ
3057 4229 3206 4298 μιᾶς.
3238 4228 3328 4291 Ὠς
3378 4228 3537 4291 καλὸς
3572 4226 3647 4278 καὶ

2102 4315 2402 4388 εὐγνώμων
2429 4318 2527 4386 (9),
2557 4317 2618 4370 τὸ
2650 4317 2740 4370 σὺν
2778 4320 3031 4390 περιττὸν
3053 4319 3393 4373 ὲπανίσωσον
3421 4319 3548 4390 πρὸς,
3575 4317 3648 4368 τὸν

2101 4409 2274 4480 ἐνδεῆ.
2313 4405 2404 4479 Μὴ
2441 4411 2679 4482 ὀκνήσῃς
2709 4410 2774 4463 ὲκ
2813 4411 2909 4464 τοῦ
2957 4411 3138 4479 ὀλίγου
3177 4411 3395 4464 δοῦναιο
3426 4413 3498 4482 μὴ
3539 4426 3648 4478 προ-

423 4511 512 4556 tus
537 4515 606 4554 ex
654 4513 813 4568 aequo
843 4513 967 4552 cum
1010 4506 1203 4568 egente
1244 4500 1520 4570 partiaris.
1573 4499 1652 4555 Ne
1681 4499 1896 4555 dubites
1935 4516 1998 4554 ex

2103 4503 2342 4572 τιμήσῃς
2379 4500 2442 4553 τὺ
2485 4501 2576 4554 σὺν
2621 4501 2898 4572 συμφέρον
2943 4501 3009 4554 ὲκ
3054 4500 3148 4554 τοῦ
3180 4502 3367 4555 κοινοῦ
3407 4499 3644 4554 κινδύνου.

424 4589 640 4646 modico
663 4588 830 4644 dare:
859 4603 930 4644 ne
955 4590 1303 4644 commodum
1341 4598 1490 4644 tuum
1517 4591 1759 4661 periculo
1781 4591 2001 4660 publico

425 4693 745 4755 anteponas.
766 4680 923 4748 Quod
947 4681 993 4737 si
1008 4682 1073 4736 ad
1093 4698 1258 4736 unum
1285 4698 1480 4752 panem
1498 4683 1755 4738 redactus
1784 4683 2002 4737 cibatus

425 4775 518 4839 sit,
546 4782 762 4846 stetque
793 4789 892 4846 pro
919 4773 1130 4828 foribus
1159 4774 1466 4842 mendicus,
1499 4775 1734 4845 promito
1759 4791 1822 4830 ex
1859 4791 1997 4844 penu

427 4868 576 4921 illum
600 4882 791 4932 unum,
817 4881 978 4936 quem
1005 4865 1291 4935 imponens
1315 4867 1590 4930 manibus,
1621 4874 1674 4920 et
1703 4867 1920 4920 intuens
1948 4869 1999 4920 in

425 4959 648 5014 cmlum.
689 4958 1054 5014 miserabilem
1087 4959 1229 5012 hanc
1275 4957 1438 5013 simul
1479 4965 1532 5012 et
1560 4968 1768 5029 gratam
1809 4976 1996 5014 vocem

493 5116 544 5147 δ’
579 5113 725 5169 Psal.
760 5129 870 5176 CXI,
902 5111 956 5166 9.
1011 5113 1078 5187 ,⁸⁷
1130 5111 1454 5177 Matth.mt,
1477 5115 1570 5169 2|.

521 5270 570 5340 ι)
606 5271 682 5325 Ex
711 5272 863 5325 hom.
897 5271 949 5324 in
985 5271 1194 5333 divites,
1232 5271 1322 5326 54.

517 5342 573 5395 2i
604 5341 680 5395 Ex
709 5342 856 5395 boni.
882 5341 946 5394 de
981 5341 1212 5395 Invidia.
1245 5341 1314 5394 96

498 5344 573 5409 (2)
604 5344 680 5395 Ex
709 5344 856 5395 boni.
882 5344 946 5394 de
981 5344 1212 5408 Invidia,
1245 5344 1335 5395 96.

498 5413 574 5478 (5)
609 5411 683 5465 Ex
715 5412 862 5466 hom.
905 5414 960 5466 in
992 5410 1234 5476 Famem,
1265 5412 1353 5465 65.

498 5480 572 5550 (ι)
607 5480 765 5541 lbid..
795 5483 884 5535 δε.

499 5551 573 5620 (5)
609 5550 766 5614 lbid.,
797 5552 903 5607 64.

497 5619 568 5692 t6,
609 5620 764 5687 thid.,
797 5623 885 5676 68.

607 5693 727 5769 ρι”χ
760 5692 935 5769 ἕξεις.
966 5691 1200 5769 Uterque
1229 5693 1396 5769 codex
1427 5695 1524 5769 οῦκ
1553 5693 1714 5769 ἔχεις.

494 5766 570 5832 (ὅ)
605 5761 846 5825 Han-dic.
882 5765 971 5814 hic
1010 5763 1200 5831 legitur
1239 5764 1292 5818 in
1325 5767 1542 5819 ltotiiilia
1574 5761 1713 5818 unde
1744 5763 1856 5816 haec
1884 5761 1982 5816 do-

2103 4591 2220 4644 Κᾶν
2248 4594 2327 4654 εἰς
2367 4591 2463 4644 ἕνα
2491 4593 2654 4664 ἄρτον
2702 4595 2931 4663 περιστῇ
2960 4593 2993 4661 ἡ
3015 4591 3210 4663 τροφὴ,
3246 4593 3442 4663 ἐπιστῇ
3471 4591 3522 4642 δὲ
3553 4589 3644 4656 (10)

2101 4685 2219 4746 ταῖς
2247 4682 2440 4754 θύραις
2465 4685 2493 4736 ὁ
2519 4682 2720 4754 ζητῶν,
2744 4684 3076 4755 προκόμισω
3102 4684 3167 4736 ἐκ
3191 4683 3286 4736 τοῦ
3313 4682 3552 4755 ταμιείου
3573 4679 3646 4731 τὸν

2101 4773 2219 4835 ἕνα,
2245 4776 2340 4828 κει.)⁹
2361 4774 2569 4838 ἐπιθεὶς
2592 4777 2710 4838 ταῖς
2744 4776 2922 4846 χερσὶ,
2947 4775 3082 4844 πρὸς
3108 4775 3332 4847 οὐρανὸν
3367 4773 3642 4833 ἀνατείνας.

2101 4868 2223 4920 εἰπὲ
2262 4867 2418 4936 λόγον
2453 4868 2680 4920 ἐλεεινὸν
2709 4869 2842 4938 ὁμοῦ
2873 4869 2967 4922 καὶ
3004 4867 3322 4939 εὐγνώμονα
3343 4885 3360 4898 ’
3395 4863 3484 4928 Εἷς
3509 4866 3645 4934 ἄρτνᾶ

2099 4960 2159 5013 ὃν
2193 4961 2346 5032 ὁρᾷς,
2379 4961 2574 5034 Κύριε,
2613 4962 2708 5014 καὶ
2749 4963 2778 5013 ὁ
2811 4960 3051 5023 κίνδυνος
3093 4960 3398 5032 προφανὴς,
3427 4957 3534 5012 ἀλλ’
3555 4954 3645 5022 ἐγὼ

2102 5279 2316 5342 sumpta
2348 5277 2497 5324 sunt.
2526 5269 2595 5323 At
2623 5270 2736 5323 dtto
2755 5269 2938 5342 nostri
2970 5269 3186 5342 codices
3223 5266 3426 5326 habent
3455 5264 3639 5342 κοινιῆς,

2101 5337 2466 5424 cqrnfnuiiiter,
2491 5341 2636 5397 unde
2687 5341 2925 5395 arbitror
2963 5340 3163 5395 factum
3194 5357 3316 5396 esse
3349 5337 3551 5398 κοινούς
3593 5337 3638 5387 in

2097 5413 2477 5552 fdigihKa-wc
2510 5483 2606 5536 καὶ
2642 5480 2981 5552 εὐγνώμων.
3015 5479 3103 5534 Sic
3133 5479 3438 5552 inAhomil.‘
3461 5473 3635 5552 Basilii.

2102 5549 2392 5619 Regiorum
2428 5553 2676 5606 codicum
2704 5549 2841 5622 alter
2865 5551 3026 5614 καλὸς
3055 5549 3530 5622 εὐγνὼμωνΪ-Εάὲιί
3551 5560 3638 5596 κα-

2095 5618 2202 5684 λῶς
2252 5622 2568 5693 εὐγνώμων.
2603 5622 2725 5676 Mox
2767 5621 2899 5677 editi
2945 5618 3314 5675 ἐπανάσωσον.
3349 5618 3474 5673 Mss.
3512 5624 3563 5668 ut
3593 5626 3637 5664 tn

2089 5701 2270 5832 ῑωίτὸ)
2287 5763 2540 5834 Ἐπιστῇ
2557 5764 2644 5821 δέ.
2673 5763 2764 5820 Sic
2781 5763 2999 5820 codices
3016 5778 3151 5820 mss.
3177 5761 3318 5819 Editi
3346 5760 3524 5828 ἐπιστῇ
3539 5753 3632 5806 καί.
