3874 6224
268 312 402 368 1157

1314 305 1548 363 saeuo
1586 306 1676 362 Iv.
1706 335 1776 347 -
1815 305 1902 361 οε
1942 304 2422 363 ELEEMOSYNA.
2507 287 2523 305 '

3367 301 3505 355 1158

261 427 364 498 τὴν
386 424 485 496 σὴν
520 422 737 495 ἐντολὴν
764 423 896 494 εμοῠ
933 420 1249 494 προτίθημι,
1283 420 1378 473 καὶ
1424 423 1488 474 ὲκ
1520 419 1616 474 τοῦ
1649 419 1832 488 όλίγου

1957 418 2203 474 :mittito:
2231 418 2388 475 Unus
2412 417 2504 472 hic
2530 423 2613 472 est
2643 415 2819 488 panis,
2848 427 3011 485 quem
3046 411 3220 476 vides,
3254 409 3506 473 Domine.

271 519 461 589 δίδωμι
500 516 580 587 τῷ
631 514 969 586 λιμώττοντι·
995 512 1210 583 ἀδελφῷ
1234 529 1248 543 ·
1280 512 1369 575 δὸς
1399 511 1464 582 δὴ
1513 512 1609 566 καὶ
1646 513 1711 566 σὺ
1758 510 1837 581 τῷ

272 607 630 663 κινδυνεύοντι
664 607 856 678 δούλῳ.
889 603 1023 660 οἶδά
1046 624 1138 660 σου
1160 604 1260 675 τὴν
1291 604 1621 675 ἀγαθότητα,
1650 603 1839 675 θαρρῶ

271 701 365 753 καὶ
403 701 469 771 τῇ
515 698 778 767 δυνάμει·
836 698 936 768 οὐχ
985 696 1335 767 ὑπερτίθεσαι
1376 697 1457 760 εἰς
1506 696 1697 766 χρόνον
1741 694 1838 762 τὰς

271 792 517 862 χάριτας,
545 790 680 843 ἀλλὰ
712 788 1071 851 σκεδαννύεις,
1098 789 1224 842 ὅταν
1249 788 1457 861 ἐθέλῃς,
1486 786 1585 851 τὰς
1609 786 1840 856 δωρεάς.

273 881 390 934 Κᾶν
421 879 594 943 οὕτως
622 881 782 952 εἴπης
811 878 906 931 καὶ
937 877 1171 949 πράξῃς,
1197 876 1257 928 ὃν
1294 876 1451 939 δίδως
1482 877 1547 929 ὲκ
1577 877 1677 946 τῆς
1715 890 1840 926 στε-

273 971 489 1035 νώσεως
521 972 703 1042 ἄρτον,
732 969 952 1041 σπέρμα
986 968 1193 1037 γίνεται
1225 965 1518 1038 γεωργίας,
1548 965 1643 1021 καὶ
1676 963 1841 1018 πολύ-

272 1081 399 1136 χουν
423 1062 698 1134 ἀπογεννᾷ
730 1061 821 1115 τὸν
852 1058 1087 1132 καρπόν.

341 1235 396 1291 5.
433 1236 505 1289 Σὺ
538 1234 594 1290 δὲ
621 1234 801 1303 λέγεις
829 1233 928 1303 μὲν
965 1232 1186 1304 ἀγαπᾷν
1217 1232 1311 1285 τὸν
1346 1230 1573 1301 πλησίον
1606 1230 1681 1294 ὡς
1716 1231 1842 1284 ἐαυ-

272 1321 390 1387 τὸν,
419 1322 482 1375 τὸ
520 1321 577 1375 δὲ
623 1321 776 1392 παρὰ
803 1320 899 1374 τοῦ
930 1321 1135 1393 Κυρίου
1165 1319 1351 1390 λεχθὲν
1394 1321 1605 1391 ἐλέγχει
1647 1338 1705 1374 σε
1744 1322 1845 1392 τῆς

272 1412 530 1485 ἀληθινῆς
574 1413 795 1481 ἀγάπης
842 1410 1286 1482 ἀπολειπόμενον.
1336 1412 1403 1465 Ei
1444 1412 1553 1483 γάρ
1593 1411 1844 1465 τοσοῦτον

273 1507 562 1570 ἀπέδωκας
593 1506 807 1576 ἑκάστῳ
840 1507 962 1560 ὅσον
994 1506 1087 1560 καὶ
1109 1505 1342 1577 σεαυτῷ,
1378 1506 1542 1560 πόθεν
1570 1522 1651 1560 σοι
1679 1507 1849 1579 ἡτῶν

274 1596 571 1668 χρημάτων
611 1593 846 1665 τοσαύτη
878 1593 1198 1666 περιουσία;
1253 1594 1312 1649 Ὀ
1349 1593 1459 1667 γὰρ
1489 1593 1716 1664 ἀγαπῶν
1752 1594 1847 1649 τὸν

275 1686 503 1756 πλησίον
545 1685 621 1750 ὼς
676 1686 869 1739 ἑαυτὸν
891 1727 909 1750 ,
950 1687 1104 1739 οὐδὲν
1142 1687 1526 1758 περισσότερον
1584 1685 1844 1758 κέκτηται

274 1872 375 1943 τὴν
397 1870 602 1924 οἰκείαν
642 1870 940 1922 ἀπόλαυσιν
983 1869 1385 1942 προτιμοτέραν
1428 1870 1527 1939 τῆς
1572 1870 1684 1923 τῶν
1719 1868 1847 1922 πολ-

275 1960 385 2015 λῶν
424 1959 773 2033 παραμυθίας
819 1960 1173 2029 ποιούμενος·
1210 1960 1339 2014 ὅσον
1379 1960 1490 2032 γὰρ
1537 1960 1849 2025 πλεονάζεις

276 2055 356 2126 τῷ
397 2053 631 2124 πλούτῳ,
679 2052 928 2107 τοσοῦτον
980 2052 1245 2116 ἐλλείπεις
1282 2054 1347 2124 τῇ
1395 2054 1605 2128 ἀγάπῃ.
1641 2054 1702 2107 Εἰ
1738 2052 1848 2126 γὰρ

276 2147 592 2217 ἠγαπήκεις
634 2162 727 2198 σου
779 2145 870 2198 τὸν
917 2144 1162 2216 πλησίον,
1206 2144 1371 2200 πάλαι
1408 2145 1476 2199 ἂν
1514 2144 1849 2217 ὲμελέτησας

275 2236 386 2289 τῶν
406 2253 509 2308 χρη
519 2235 703 2306 μάτων
724 2233 821 2305 τὴν
845 2233 1199 2305 ἀλλοτρίωσιν
1221 2252 1233 2264 ·
1265 2235 1383 2289 νυνὶ
1409 2235 1465 2288 δὲ
1495 2234 1848 2306 προσπέφυκε

279 2344 367 2379 σοι
403 2326 471 2380 τά
502 2327 762 2398 χρήματα
796 2325 953 2379 πλέον
982 2326 1014 2396 ῆ
1049 2326 1119 2380 τά
1157 2326 1291 2398 μέλη
1325 2326 1419 2380 τοῦ
1453 2327 1721 2398 σώματος,
1757 2329 1851 2383 καὶ

275 2418 442 2471 λυπεῖ
470 2436 528 2472 σε
562 2418 742 2471 αὐτῶν
773 2419 801 2471 ό
844 2417 1143 2489 χωρισμὸς,
1173 2419 1248 2482 ὡς
1287 2419 1746 2492 ἀκρωτηριασμὸς
1772 2422 1849 2491 (1)

276 2510 390 2563 τῶν
420 2509 668 2582 καιρίων.
697 2511 762 2564 Εἰ
803 2509 914 2581 γὰρ
958 2509 1236 2581 ὴμφίεσας
1277 2510 1522 2581 γυμνὸν,
1556 2513 1606 2565 εἰ
1646 2510 1852 2576 ἔδωκας

279 2601 536 2656 πεινῶντι
590 2601 682 2655 τὸν
726 2601 891 2674 ἄρτον
938 2619 1065 2665 σου,
1112 2603 1162 2654 εί
1205 2605 1243 2672 η
1283 2601 1422 2673 θύρα
1462 2620 1557 2656 σου
1612 2603 1853 2674 ἀνέῳκτο

279 2696 447 2749 παντὶ
480 2694 647 2766 ξένῳ,
700 2697 748 2747 εί
797 2694 984 2763 ὲγένου
1040 2693 1223 2766 πατὴρ
1253 2695 1538 2767 ὀρφανῶν,
1594 2698 1642 2749 εί
1688 2699 1853 2752 παντὶ

283 2787 619 2858 συνέπασχες
649 2785 894 2857 ἀδυνάτῳ
912 2803 926 2816 ·
963 2786 1103 2857 ὑπὲρ
1137 2787 1307 2841 ποίων
1331 2786 1396 2840 ἂν
1424 2787 1701 2860 ὲλυπὴθης
1726 2806 1859 2859 χρη-

284 2881 494 2951 μάτων,
543 2877 711 2932 πάλαι
756 2877 1062 2950 μελετήσας
1110 2877 1251 2932 αὑτὰ
1296 2878 1570 2949 διανέμειν
1603 2883 1716 2943 τοῖς
1764 2882 1859 2934 ὲν·-

281 2972 498 3036 δεέσιν;
533 2972 598 3024 Ὢ
637 2972 811 3042 πόσην
840 2970 946 3023 ἔδει
988 2987 1048 3024 σε
1080 2972 1239 3043 χάριν
1270 2971 1414 3042 ἔχειν
1463 2971 1541 3043 τῷ
1568 2972 1855 3046 εὐεργέτῃ,

1936 516 1991 565 et
2014 511 2316 580 periculum
2363 515 2551 581 aperte
2576 508 2851 571 imminet,
2885 505 2981 562 sed
3026 519 3127 575 ego
3175 504 3308 559 mihi
3355 512 3507 557 tuum

1936 600 2253 656 mandatum
2283 615 2561 672 praepono,
2590 606 2645 653 et
2677 613 2745 653 ex
2772 596 2993 652 modico
3022 596 3202 650 tribuo
3243 594 3509 650 esurienti

1937 688 2116 753 fratri,
2167 689 2283 758 jam
2327 698 2386 744 tu
2429 704 2648 761 quoque
2682 688 2754 743 da
2796 686 3128 759 periclitanti
3161 699 3342 741 servo.
3374 683 3511 738 Novi

1937 788 2088 835 tuam
2109 782 2433 847 bonitatem,
2457 780 2676 836 conﬁdo
2697 780 2861 835 etiam
2881 779 3167 850 potentiae:
3195 792 3303 831 non
3326 777 3512 833 diﬂers

1938 870 2035 925 diu
2061 869 2362 935 beneﬁcia,
2410 870 2505 926 sed
2555 871 2700 925 dona
2741 876 2859 934 tua,
2893 885 3017 925 cum
3069 870 3221 930 libet,
3274 868 3510 939 spargis.

1940 961 2097 1028 Quod
2126 962 2174 1018 si
2206 962 2282 1017 ita
2320 963 2540 1019 locutus
2565 963 2737 1019 fueris
2764 979 2831 1017 ac
2859 961 3078 1025 feceris,
3118 977 3281 1033 quem
3318 977 3383 1015 ex
3414 976 3516 1013 an-
3570 978 3571 981 η

1941 1050 2122 1121 gustia
2151 1066 2346 1122 panem
2373 1052 2632 1123 porrigis,
2659 1052 2708 1109 is
2749 1067 2935 1107 semen
2966 1053 3055 1109 ﬁet
3084 1052 3283 1123 segetis
3308 1067 3374 1107 ac
3390 1052 3517 1107 edet

1942 1142 2157 1199 fructus
2190 1143 2408 1198 uberes.

2012 1237 2066 1292 5.
2101 1236 2177 1307 (4)
2208 1235 2289 1291 Tu
2321 1250 2452 1291 vero
2481 1218 2622 1290 dicis
2656 1234 2965 1305 proximum
2997 1243 3148 1290 tuum
3196 1248 3227 1288 a
3265 1245 3318 1291 te
3355 1235 3515 1307 diligi

1943 1336 2004 1384 ut
2033 1329 2304 1398 teipsum;
2357 1328 2453 1383 sed
2495 1328 2643 1398 quod
2690 1328 2899 1382 dictum
2944 1337 3029 1383 est
3064 1344 3094 1381 a
3129 1328 3378 1391 Domino,
3418 1328 3518 1383 de-

1942 1428 2210 1475 monstrat
2242 1428 2294 1475 te
2325 1435 2353 1473 a
2387 1434 2515 1474 vera
2541 1419 2813 1474 charilate
2844 1420 3003 1490 longe
3036 1421 3247 1475 abesse.
3280 1420 3336 1474 Si
3369 1422 3517 1475 enim

1944 1522 2156 1567 tantum
2209 1511 2452 1571 tribuisti
2497 1512 2814 1581 unicuique,
2842 1519 3107 1581 quantum
3153 1519 3207 1567 et
3233 1512 3330 1566 tibi
3388 1512 3518 1582 ipsi,

1944 1605 2109 1672 unde,
2140 1620 2346 1675 quaeso,
2373 1603 2490 1661 haec
2525 1603 2625 1659 tibi
2655 1604 2973 1658 divitiarum
3003 1605 3202 1676 copia?
3236 1604 3339 1671 Qui
3373 1608 3518 1660 enim

1890 1754 1895 1759 ,
1945 1697 2123 1769 diligit
2155 1697 2465 1767 proximum
2497 1697 2575 1751 uti
2617 1696 2880 1768 seipsum,
2930 1696 3067 1752 nihil
3095 1698 3331 1768 amplius
3355 1711 3520 1768 quam

274 1778 369 1831 τοῦ
417 1777 663 1849 πλησίον.
703 1777 854 1830 Ἐπεὶ
896 1777 954 1830 δὲ
997 1777 1260 1847 κέκτησαι
1315 1778 1416 1845 σὺ,
1465 1778 1630 1849 φαίνῃ
1670 1778 1847 1850 δηλῶν
1879 1768 1922 1826 Β

1946 1790 2233 1861 proximus
2254 1790 2517 1860 possidet.
2542 1788 2683 1856 Quia
2708 1797 2889 1845 autem
2921 1791 3044 1861 plus
3070 1791 3385 1861 possedisti,
3411 1806 3522 1844 ma-

1946 1880 2145 1937 nifeste
2179 1881 2432 1937 declaras
2463 1889 2512 1937 te
2535 1882 2755 1951 propria
2789 1883 3076 1937 commoda
3103 1883 3402 1936 multorum
3434 1898 3525 1937 so-

1946 1971 2079 2025 latio
2113 1970 2395 2041 praeferre.
2433 1969 2623 2042 Itaque
2659 1985 2770 2036 quo
2804 1970 2979 2041 magis
3014 1971 3265 2026 abundas
3293 1970 3522 2034 divitiis,

1946 2072 2013 2114 eo
2039 2058 2218 2128 magis
2262 2058 2531 2114 cbaritate
2561 2057 2899 2115 destitueris.
2939 2058 3076 2113 Nam
3119 2060 3165 2115 si
3211 2061 3525 2131 proximum

1949 2157 2102 2203 tuum
2131 2148 2442 2217 dilexisses,
2468 2148 2791 2219 jamdudum
2822 2149 2878 2204 in
2907 2148 3213 2206 alienandis
3245 2149 3523 2207 facultati-

1951 2240 2098 2295 tibus
2129 2241 2462 2296 exercitatus
2501 2256 2680 2297 esses.
2730 2240 2884 2295 Nunc
2915 2250 3094 2295 autem
3144 2241 3528 2298 adhaerescunt

1950 2332 2050 2387 tibi
2073 2347 2207 2402 opes
2236 2332 2444 2388 arctius
2477 2347 2642 2403 quam
2669 2332 2915 2387 membra
2959 2333 3228 2401 corporis,
3265 2332 3526 2404 dolesquo

1950 2423 2080 2479 dum
2112 2439 2141 2477 a
2176 2435 2229 2480 te
2258 2430 2603 2494 separantur,
2640 2423 2866 2495 perinde
2907 2438 2971 2477 ac
3002 2424 3048 2479 si
3084 2424 3371 2494 praacipuai
3401 2440 3527 2480 cor-

1951 2514 2104 2586 poris
2136 2523 2322 2585 partes
2369 2522 2808 2586 amputarentur.
2846 2514 2980 2570 Nam
3023 2517 3071 2572 si
3108 2515 3384 2573 induisses
3426 2534 3529 2572 nu-

1951 2605 2104 2668 dum,
2138 2606 2185 2661 si
2231 2606 2483 2665 dedisses
2528 2608 2796 2664 esurienti
2851 2623 3042 2677 panem
3090 2615 3267 2674 tuum,
3299 2610 3347 2665 si
3382 2610 3528 2665 fores

1952 2708 2060 2754 tuae
2087 2707 2290 2769 apertae
2334 2698 2570 2754 fuissent
2608 2700 2812 2770 hospiti
2842 2699 3013 2767 omni,
3058 2700 3106 2756 si
3154 2703 3530 2772 orphanorum

1953 2792 2262 2848 exstitisses
2286 2801 2461 2863 pater,
2488 2793 2534 2849 si
2560 2792 2854 2850 miseratus
2879 2791 3079 2848 fuisses
3099 2793 3374 2847 inﬁrmum
3410 2808 3529 2847 om-

1955 2898 2106 2939 nem:
2134 2883 2201 2939 de
2224 2885 2446 2954 quibus,
2471 2900 2679 2955 quaeso,
2711 2884 2910 2955 opibus
2940 2900 3088 2939 nunc
3117 2883 3355 2949 doleres,
3383 2885 3529 2952 jam-

1958 2972 2168 3043 pridem
2228 2974 2284 3028 in
2340 2975 2423 3029 eis
2475 2989 2648 3045 egeno
2703 2974 3096 3030 distribuendis
3158 2974 3533 3029 exercitatus?

281 3064 382 3160 καὶ
420 3058 836 3160 φοιιδρὺνᾼεῗπιπἱ
863 3061 971 3160 καὶ.
999 3061 1412 3133 λαμπρύνεσθαι
1454 3066 1520 3135 τῇ
1562 3068 1726 3137 τιμῇ,
1773 3067 1854 3119 ὃτι

1959 3062 2034 3133 (5)
2063 3062 2332 3128 Quantam
2369 3065 2655 3133 oportebat
2700 3063 2902 3119 habere
2934 3072 2989 3118 te
3016 3064 3262 3119 beneﬁca
3290 3065 3535 3136 largitori

282 3154 387 3208 οὐκ
431 3153 591 3218 αὐτὸς
637 3153 864 3224 διοχλεῖς
912 3153 1082 3225 θύρας
1138 3156 1340 3226 ἐτέρων
1365 3194 1382 3218 ,
1430 3156 1565 3209 ἀλλὰ
1605 3159 1706 3223 τὰς
1759 3158 1858 3222 σὰς

284 3246 437 3300 ἄλλοι
484 3246 990 3315 καταλαμϐάνουσα
1040 3248 1425 3318 Συμμεριστάς
1478 3249 1701 3320 ποίησαι
1751 3250 1863 3305 τῶν

286 3339 476 3393 σιτίων
505 3339 631 3401 τοὺς
672 3338 954 3407 ἀδελφούς.
987 3338 1061 3392 Τὸ
1104 3338 1292 3409 αὔριον
1338 3341 1641 3411 σηπόμενον
1685 3342 1861 3412 σήμεσ-

287 3450 386 3505 ρον
420 3432 699 3504 παράσχου
723 3431 802 3502 τῷ
823 3431 1079 3502 δεομένῳ.
1111 3431 1427 3498 Πλεονεξίας
1447 3427 1586 3496 εἶδος
1612 3433 1673 3486 τὸ
1704 3432 1867 3503 χαλε-

287 3523 540 3578 πώτατον
596 3523 706 3593 (2),
771 3523 907 3594 μηδὲ
956 3523 1063 3576 τῶν
1110 3523 1476 3595 φθειρομένων
1525 3526 1862 3595 μεταδιδόναι

286 3618 403 3678 τοῖς
461 3614 711 3670 ἐνδεέσιν.
763 3615 825 3667 Ei
870 3617 899 3668 ό
952 3615 1044 3668 τὸν
1090 3615 1435 3686 ἐνδεδυμένον
1490 3617 1820 3688 ἀπογυμνῶν
1844 3659 1867 3683 ,

287 3706 605 3778 λωποδύτης
628 3706 1059 3777 όνομασθήσεται
1085 3722 1098 3736 ο
1126 3709 1155 3760 ό
1178 3706 1267 3760 τὸν
1300 3708 1504 3777 γυμνὸν
1537 3707 1611 3780 μὴ
1644 3709 1866 3774 ἐνδύων,

287 3800 587 3870 δυνάμενος
628 3798 784 3852 τοῦτο
824 3802 1018 3861 ποιεῖν,
1055 3798 1220 3869 ἄλλης
1255 3799 1400 3863 τινός
1438 3801 1556 3853 ἐστι
1578 3802 1654 3869 (5)
1695 3818 1866 3873 προσ.

287 3891 523 3963 ηγορίας
555 3890 732 3958 ἄξιοςς
774 3889 882 3943 Τοῦ
918 3889 1213 3954 πεινῶντός
1242 3893 1390 3945 ἐστιν
1431 3891 1461 3942 ὁ
1488 3893 1671 3963 ἄρτος,
1708 3892 1767 3945 δν
1801 3894 1869 3947 σὺ

292 3983 577 4053 κατέχεις’
615 3980 711 4035 τοῦ
756 3981 1188 4052 γυμνητεύοντος
1218 3982 1280 4043 τὸ
1322 3984 1555 4054 ἱμάτιον,
1584 3984 1613 4037 ὃ
1654 3985 1719 4037 σὺ
1764 4002 1871 4055 φυ-

291 4073 514 4136 λάσσεις
545 4075 602 4125 ὲν
633 4072 968 4143 ἀποθήκαις·
999 4071 1094 4124 τοῦ
1131 4071 1458 4126 ἀνυποδέτου
1488 4073 1550 4125 τὸ
1592 4073 1871 4144 ὑπόδημα,

292 4165 327 4219 ὃ
350 4163 500 4236 παρὰ
522 4165 603 4217 σοὶ
632 4164 1009 4234 κατασήπεται
1029 4180 1041 4191 ’
1071 4161 1165 4215 τοῦ
1192 4162 1482 4234 χρῄζοντος
1504 4164 1563 4217 τὸ
1585 4164 1872 4235 ἀργύριον,

294 4255 329 4309 ὅ
373 4252 677 4325 κατορύξας
710 4252 875 4323 ἔχεις.
920 4253 1081 4304 Ὥστε
1129 4253 1417 4317 τοσούτους
1464 4253 1691 4318 ἀδικεῖς.
1725 4255 1871 4317 ὅσοις

296 4347 562 4418 παρέχειν
598 4344 839 4398 ἐδύνασο.
879 4344 1004 4408 Πῶς
1035 4362 1118 4398 σοι
1146 4345 1237 4397 ὑπ’
1281 4345 1403 4414 ὄψιν
1430 4346 1622 4415 ἀγάγω
1667 4345 1735 4399 τὰ
1763 4345 1872 4399 πά-

1960 3156 2213 3224 gratiam,
2248 3171 2411 3225 quam
2444 3155 2673 3211 hilarem
2705 3171 2848 3217 esse,
2890 3170 3055 3225 quam
3088 3156 3266 3211 laetum
3304 3158 3376 3213 ob
3409 3173 3534 3212 eum

1959 3248 2053 3318 qui
2089 3248 2186 3302 tibi
2210 3247 2456 3302 defertur
2484 3248 2767 3310 honorem,
2800 3247 3052 3303 videlicet
3081 3249 3227 3318 quod
3267 3265 3376 3303 non
3411 3263 3536 3319 per-

1960 3338 2152 3394 turbes
2180 3336 2327 3394 fores
2353 3339 2583 3401 alienas,
2610 3339 2704 3393 sed
2735 3339 2829 3393 alii
2864 3346 2986 3394 tuas
3017 3340 3326 3410 occupent?
3354 3339 3535 3394 Parti-

1962 3430 2113 3500 cipes
2133 3429 2216 3483 fac
2233 3429 2567 3484 cibariorum
2598 3429 2820 3485 fratres.
2839 3430 2996 3497 Quod
3015 3447 3139 3488 cras
3160 3440 3460 3503 putrescet,
3480 3434 3535 3488 id

1963 3522 2125 3577 hodie
2150 3520 2306 3575 trade
2350 3522 2554 3592 egenti.
2587 3521 2845 3577 Avaritiae
2886 3524 3180 3592 pessimum
3217 3538 3390 3595 genus
3434 3536 3537 3591 est,

1964 3630 2034 3668 ne
2065 3600 2130 3670 ea
2169 3613 2390 3683 quidem
2422 3629 2543 3685 qua!
2587 3625 3040 3683 corrumpuntur,
3073 3616 3259 3685 egenis
3294 3631 3538 3687 erogare.

1967 3705 2044 3777 (6)
2061 3705 2115 3758 Si
2130 3707 2225 3775 qui
2244 3704 2492 3759 indutum
2515 3704 2703 3768 nudat,
2725 3702 2814 3758 fur
2829 3704 3312 3775 appellabitur,qul
3334 3708 3541 3764 nudum

1964 3793 2135 3868 ωε
2161 3810 2270 3850 non
2314 3795 2513 3857 induit,
2548 3809 2672 3851 eum
2705 3792 2897 3851 facere
2928 3795 3124 3865 possit,
3172 3811 3403 3865 quanam
3433 3800 3544 3855 alia

1967 3887 2329 3957 appellatione
2352 3887 2552 3956 dignus
2585 3886 2709 3942 est?
2741 3885 3042 3942 Esurientis
3067 3895 3153 3942 est
3175 3889 3354 3957 panis,
3380 3905 3543 3960 quem

1968 3984 2028 4032 tu
2053 3978 2300 4045 detines;
2334 3979 2466 4033 nudi
2508 3987 2594 4034 est
2635 3978 2882 4048 pallium,
2914 3979 3058 4048 quod
3092 3989 3149 4034 tu
3177 3980 3232 4034 in
3263 3995 3387 4035 arca
3422 3996 3545 4037 ser-
3602 4045 3610 4052 _

1968 4084 2099 4135 vas;
2129 4070 2440 4132 discalceati
2470 4070 2708 4129 calceus.
2746 4069 2840 4139 qui
2872 4068 3016 4138 apud
3044 4078 3097 4125 te
3128 4071 3423 4141 putrescit;
3453 4072 3535 4124 in-

1970 4155 2206 4225 digentis
2252 4163 2559 4226 argentum,
2591 4152 2738 4225 quod
2788 4156 3069 4209 defossum
3121 4154 3311 4210 habes.
3364 4154 3546 4222 Quare

1970 4255 2104 4316 quot
2137 4238 2447 4302 hominibus
2483 4246 2616 4301 dare
2648 4255 2826 4315 potes,
2858 4253 2938 4299 tot
2968 4253 3098 4301 sunt
3139 4246 3342 4316 quibus
3377 4246 3547 4301 infers

1973 4337 2258 4406 injuriam.
2286 4335 2568 4403 Quomodo
2594 4337 2692 4391 tibi
2722 4336 2794 4391 ob
2816 4337 3011 4391 oculos
3043 4351 3242 4406 ponam
3269 4352 3547 4392 aerumnas

297 4438 370 4508 θη
394 4438 488 4491 τοῦ
517 4438 767 4508 πένητος,
806 4438 891 4492 ἵνα
935 4436 1080 4507 γνῷς
1112 4436 1221 4490 ἀπὺ
1248 4437 1505 4491 ποταπῶν
1551 4437 1858 4508 στεναγμῶι

1973 4428 2252 4498 pauperis,
2286 4436 2346 4481 ut
2374 4428 2679 4498 perspicias
2721 4442 2789 4483 ex
2817 4428 3071 4499 qualibus
3118 4429 3412 4499 gemitibus
3450 4429 3547 4483 tibi

301 4526 514 4599 σεαυτῷ
545 4527 933 4600 θησαυρίζεις;
965 4529 1028 4580 Ὢ
1053 4526 1220 4579 πόσου
1248 4526 1396 4592 ἄξιόν
1422 4545 1504 4582 σοι
1541 4532 1787 4599 φανεῖται
1809 4531 1869 4583 ὲν

296 4622 369 4691 τῇ
416 4619 599 4692 ἡμέρα
646 4620 747 4691 τῆς
796 4620 1031 4691 κρίσεως
1053 4620 1115 4673 τὸ
1148 4619 1300 4691 ῥῆμα
1337 4621 1535 4683 ἐκεῖνο,
1574 4621 1774 4684 Δεῦτε,
1814 4624 1870 4676 οι

297 4709 692 4781 εὐλογημένοι
746 4709 852 4764 τοῦ
905 4710 1136 4777 Πατρός
1172 4726 1328 4779 μου,
1378 4710 1872 4780 κληρονομήσατε

298 4800 420 4870 τὴν
473 4799 923 4872 ἡτοιμασμένην
955 4801 1100 4871 ὑμῖν
1142 4802 1508 4866 ,Βασιλείανί
1540 4803 1766 4875 Ποταπὴ
1817 4803 1874 4856 δέ

304 4909 390 4946 σοι
440 4893 633 4965 φρίκη,
681 4895 776 4947 καὶ
831 4893 1026 4966 ἱδρὼς,
1070 4894 1164 4947 καλ⁵
1223 4894 1411 4957 σκότος
1448 4894 1875 4967 περιχυθήσεται

302 4984 555 5038 ἀκούοντι
575 4985 673 5056 τῆς
704 4986 1036 5057 καταδίκης,
1080 4984 1412 5053 Πορεύεσθε
1457 4984 1556 5037 ἀπ’
1590 4984 1768 5052 ἐμοῦ,
1820 4988 1874 5038 ot

304 5075 721 5146 κατηραμένοι,
740 5080 826 5143 εἰς
848 5076 915 5129 τὸ
943 5077 1166 5142 σκότος
1194 5075 1261 5129 τὸ
1284 5072 1591 5143 ἐξώτερον,
1621 5076 1688 5127 τὸ
1712 5076 1875 5144 ἡτοι-

382 5274 429 5308 ⁸⁸
459 5274 646 5332 Matth.
687 5291 815 5341 xxv,
857 5276 948 5330 51.
1024 5274 1070 5307 δ’
1101 5274 1235 5331 ibid.
1287 5274 1383 5330 41.

1974 4521 2093 4592 ipse
2121 4521 2440 4576 thesaurum
2471 4520 2735 4591 colligas?
2758 4519 2803 4576 0
2826 4521 3017 4591 quanti
3048 4521 3209 4590 pretii
3241 4521 3338 4575 tibi
3370 4521 3422 4575 in
3459 4522 3550 4575 die

1970 4610 2165 4681 judicii
2209 4612 2482 4667 videbitur
2526 4612 2754 4668 verbum
2807 4611 2941 4667 illud
2992 4609 3245 4677 :Veuite,
3294 4609 3552 4665 benedicti

1976 4703 2160 4757 Patris
2186 4704 2308 4765 mei,
2331 4703 2597 4775 possidete
2624 4714 2873 4773 paratum
2896 4703 3039 4757 vobis
3062 4719 3278 4773 regnum
3301 4703 3377 4756 “i
3411 4703 3551 4756 Rur-

1975 4815 2073 4856 sus
2108 4809 2349 4870 quantus
2376 4801 2472 4855 tibi
2514 4800 2712 4854 horror
2737 4799 3014 4868 sudorque
3039 4809 3094 4853 et
3136 4807 3352 4868 quantae
3396 4806 3552 4852 teneo

1976 4891 2087 4947 brae
2117 4892 2652 4956 circumfundentur,
2679 4891 2946 4961 judicium
2985 4892 3116 4945 illud
3148 4890 3549 4945 damnatoriqu

1980 4982 2257 5039 audienti:
2283 4984 2547 5038 Discedite
2573 5002 2605 5038 a
2637 5000 2750 5047 me,
2778 4982 3079 5047 maledicti,
3110 4983 3164 5036 in
3198 4982 3435 5036 tenebras
3459 4997 3551 5035 ea:-

1975 5076 2217 5142 teriores,
2246 5093 2363 5149 quae
2389 5086 2594 5147 parata:
2624 5087 2751 5131 sunt
2775 5077 2991 5132 diabolo
3019 5086 3070 5132 et
3102 5078 3300 5148 angelis
3338 5078 3451 5146 ejus
3467 5076 3546 5130 “l

384 5455 463 5527 (1)
503 5458 1035 5526 Ἀκρωτηριασμος.
1068 5453 1260 5509 Deerat
1290 5454 1345 5508 in
1373 5451 1556 5515 editis,
1589 5451 1787 5523 legitur
1826 5450 1858 5506 i1

1992 5449 2396 5527 immutatione,
2433 5463 2530 5520 pro
2557 5448 2722 5523 ἄλλης
2753 5446 2897 5511 τίνος
2931 5446 3068 5514 ἐστί,
3107 5447 3251 5518 quod
3276 5446 3550 5521 legebatur

308 5527 500 5585 bornil.
533 5534 588 5579 et
627 5536 856 5595 utroque
881 5527 1089 5595 codice.

387 5598 463 5668 (2)
496 5599 567 5668 Τὸ
584 5591 1025 5668 χαλεπώτατον.
1053 5593 1146 5650 Sic
1165 5603 1399 5665 uterque
1419 5592 1592 5648 codex
1614 5599 1670 5647 et
1695 5591 1883 5645 bomil.

312 5666 454 5744 Fidi}?
485 5666 547 5744 Si
577 5666 972 5744 χελεπιίιτεροκέ-
1098 5734 1150 5744 -.
1304 5733 1317 5744 .
1392 5732 1405 5744 .

381 5738 458 5812 (3)
484 5733 713 5807 Ἀλλης
738 5733 901 5803 τινός
925 5737 1075 5791 ἐστι.
1096 5734 1187 5793 Sic
1211 5733 1534 5805 scripsimus
1562 5739 1884 5793 accentuum.

1990 5520 2045 5575 in
2081 5520 2260 5573 editis.
2295 5518 2450 5573 Eon.

2064 5591 2141 5660 (4)
2177 5589 2255 5644 Ex
2279 5590 2423 5643 hom.
2458 5590 2511 5643 in
2540 5588 2761 5660 Divinis.
2794 5587 2882 5642 52.

2062 5655 2140 5731 (5)
2177 5661 2253 5731 lix
2288 5661 2434 5731 hom.
2477 5661 2534 5715 in
2568 5661 2701 5716 illud
2732 5658 2911 5726 Lucae,
2948 5655 3253 5726 Destruam,
3290 5658 3379 5716 t9.

2065 5728 2143 5803 (6)
2179 5728 2337 5800 lbid.,
2374 5730 2462 5785 50.
2544 5762 2549 5767 ο
