3874 6224
383 328 521 382 H59

1255 319 1618 377 APPENDIX.
1658 350 1727 363 -—
1767 316 2119 374 SYMEONIS
2157 316 2701 374 METAPHRASTE

3476 324 3585 381 nec

379 443 457 515 (1)
483 440 663 513 Neque
677 440 825 495 enim
843 438 1219 495 misericordia
1238 440 1361 498 sine
1373 438 1586 510 judicio
1598 438 1742 511 apud
1767 437 1959 501 Deum,

2070 438 2376 507 μασμένον
2407 435 2488 502 τῷ
2524 436 2782 501 διαϐόλῳ
2818 435 2918 490 καί
2949 433 3074 502 τοῖς
3106 434 3375 506 ἀγγέλοις
3404 440 3588 496 animi)!

379 550 558 605 neque
596 531 863 603 judicium
896 532 1016 589 sine
1061 532 1464 588 misericordia.
1501 534 1643 586 Ante
1685 529 1958 601 judicium

380 625 547 697 igitur
577 623 755 694 diligit
785 622 1243 686 misericordiam,
1278 631 1333 678 et
1366 631 1490 692 post
1521 619 1957 677 misericordiam

338 754 355 767 .
380 719 531 772 venit
560 718 625 771 ad
647 715 939 785 judicium.
982 713 1111 770 Haec
1149 722 1328 769 autem
1371 715 1518 768 inter
1562 728 1624 769 se
1664 711 1959 782 conjuncta

380 817 543 867 sunt:
583 808 963 864 misericordia
992 823 1117 862 eum
1144 807 1391 876 judicio;
1419 822 1487 861 ne
1521 812 1615 861 aut
1645 804 1951 860 misericor-

379 900 470 954 dia
499 899 615 955 sola
640 899 923 953 mollitiem
950 898 1150 969 pariat,
1181 906 1277 953 aut
1308 897 1580 968 judicium
1615 897 1794 953 solum
1828 895 1962 951 ail'e-

379 999 467 1047 rat
504 990 968 1061 desperationem.

448 1162 504 1217 4.
539 1160 613 1234 (2)
644 1160 701 1215 Si
737 1176 845 1216 non
883 1160 1158 1227 occidisti,
1205 1175 1317 1216 non
1357 1159 1690 1215 adulterium
1729 1160 1960 1215 commi-

381 1253 524 1319 sisti,
572 1268 749 1323 neque
802 1250 1018 1308 furatus
1064 1267 1146 1318 es,
1195 1266 1373 1322 neque
1417 1260 1606 1306 contra
1646 1251 1958 1321 quempiam

358 1344 578 1400 ialsum
637 1343 1013 1398 testimonium
1069 1342 1262 1397 dixisti
1308 1342 1716 1398 :nihilominus
1774 1350 1959 1396 tamen

382 1436 683 1492 adhibitam
716 1434 771 1488 in
795 1434 881 1489 bis
909 1432 1135 1504 agendis
1152 1432 1491 1503 diligentiam
1522 1432 1620 1487 tibi
1653 1431 1959 1486 infructuo-

380 1544 498 1585 sam
527 1527 716 1590 ellieis,
762 1526 857 1596 qui
903 1526 1049 1596 quod
1113 1525 1386 1595 reliquum
1424 1532 1512 1579 est
1555 1540 1666 1579 non
1707 1525 1953 1594 adjicias.

380 1638 491 1692 quo
509 1620 629 1676 solo
659 1619 840 1690 possis
877 1618 930 1671 in
965 1614 1059 1671 Dei
1088 1631 1314 1687 regnum
1350 1613 1583 1685 ingredi.
1619 1616 1700 1670 Ac
1736 1617 1957 1687 quidem

383 1714 431 1770 si
465 1712 707 1768 medicus
732 1726 795 1766 ea
820 1708 1064 1765 membra
1094 1724 1215 1782 quae
1242 1724 1272 1762 a
1303 1716 1502 1762 natura
1530 1706 1617 1763 vel
1645 1722 1676 1762 a
1699 1707 1957 1778 quapiam

382 1802 699 1858 infirmitate
721 1799 913 1855 mutila
945 1799 1136 1864 babes,
1170 1798 1554 1853 restituturum
1589 1813 1649 1853 se
1684 1797 1963 1867 promitte-
1996 1807 2036 1861 Β

382 1900 486 1958 ret,
529 1890 778 1963 profecto
812 1890 865 1945 id
915 1905 1042 1945 cum
1088 1902 1324 1944 maerore
1370 1903 1479 1942 non
1531 1888 1790 1943 audires:
1832 1889 1961 1956 quia

382 2001 513 2041 vero
541 1999 773 2053 magnus
798 1982 1106 2036 animorum
1138 1980 1383 2036 medicus
1409 1988 1459 2035 te
1479 1980 1766 2052 praecipuis
1796 1980 1963 2035 rebus

382 2075 701 2131 destitutum
722 2074 837 2128 vult
857 2071 1156 2143 perfectum
1178 2072 1408 2127 reddere
1424 2087 1521 2142 per
1536 2073 1960 2144 eleemosynam,

384 2167 709 2224 beneﬁcium
739 2165 1010 2235 ejusmodi
1040 2180 1149 2219 non
1179 2164 1409 2235 accipis,
1436 2164 1530 2218 sed
1558 2165 1711 2235 luges
1741 2179 1805 2217 ac
1826 2177 1965 2218 moe-

382 2275 473 2315 res
509 2259 715 2323 animo,
745 2258 956 2327 tibique
981 2256 1194 2310 inutilia
1224 2255 1422 2318 efﬁcis.
1444 2270 1786 2326 quaecunque
1802 2263 1964 2310 antea

384 2348 669 2405 laborasti.
705 2350 783 2419 (5)
816 2347 935 2404 Non
980 2347 1079 2401 tibi
1112 2346 1231 2417 ipse
1262 2362 1597 2418 magnopere
1642 2346 1965 2402 laborabis?

385 2457 495 2497 non
521 2441 578 2496 in
612 2439 870 2512 praesenti
903 2440 1105 2495 saeculo
1130 2439 1395 2494 recondes
1421 2454 1545 2510 quae
1573 2438 1641 2493 ad
1671 2439 1771 2495 aevi
1795 2439 1967 2494 futuri

388 2533 627 2605 requiem
662 2540 932 2604 spectant,
977 2532 1069 2587 ubi
1117 2530 1185 2585 ad
1221 2530 1465 2587 formicae
1511 2531 1822 2602 exemplum
1876 2546 1965 2587 re-

387 2625 675 2696 spexeris?
714 2639 835 2695 qute
862 2625 916 2678 in
940 2631 1132 2679 aestate
1164 2623 1272 2679 sibi
1302 2622 1404 2694 ipsi
1437 2623 1688 2680 recondit
1733 2623 1966 2679 hiemale

387 2719 731 2780 alimentum,
770 2732 892 2781 nec,
920 2716 1049 2786 quia
1084 2718 1331 2771 nondum
1377 2716 1582 2770 adsunt
1618 2716 1966 2772 incommoda

387 2809 585 2866 hiemis
605 2850 623 2876 ,
654 2810 894 2881 segniter
923 2816 1141 2879 tempus
1173 2807 1450 2873 traducit,
1499 2807 1596 2863 sed
1639 2807 1967 2863 inexorabili

385 2904 620 2973 quadatn
651 2902 932 2973 diligentia
966 2901 1031 2955 ad
1071 2916 1292 2972 operam
1326 2917 1386 2958 se
1420 2902 1538 2971 ipsa
1579 2912 1758 2972 urget.
1789 2902 1969 2958 donec

387 2993 753 3050 sufficientem
799 2992 853 3045 in
888 2991 1103 3046 cellulis
1135 2991 1443 3061 reposuerit
1488 2991 1824 3046 alimoniam.
1856 2989 1966 3046 Ne-

388 3101 493 3157 que
523 3085 577 3140 id
605 3085 966 3155 negligenter,
1010 3083 1102 3138 sed
1147 3082 1309 3138 efIicit
1348 3084 1578 3153 sapienti
1614 3082 1848 3153 quadam
1873 3099 1968 3139 so-

388 3178 566 3244 lertia,
596 3184 656 3231 ut
680 3177 858 3245 ipsum
881 3178 1198 3230 alimentum
1215 3191 1380 3245 quam
1405 3176 1717 3231 diutissime
1742 3191 1968 3232 conser-
1994 3163 2039 3223 ο

390 3282 567 3325 velur.
601 3268 850 3323 Dissecat
880 3268 1026 3322 enim
1068 3268 1184 3323 suis
1216 3267 1437 3337 ungulis
1476 3266 1688 3322 medios
1733 3266 1966 3328 fruetus.

388 3377 460 3417 ne
487 3360 860 3432 germinantes
892 3358 998 3416 sibi
1045 3358 1113 3413 ad
1143 3359 1541 3413 nutrimentum
1581 3358 1807 3414 inutiles
1844 3358 1970 3414 red-

391 3452 614 3508 dantur.
645 3448 877 3505 Eosdem
909 3448 1072 3504 etiam
1096 3448 1360 3512 exsiccat,
1393 3455 1529 3515 tum,
1563 3463 1688 3503 cum
1727 3462 1823 3504 eos
1844 3464 1972 3504 sen-

391 3545 458 3598 tit
496 3542 864 3598 madefactos:
904 3556 1007 3598 nec
1047 3541 1196 3595 omni
1236 3550 1481 3611 tempore
1531 3556 1628 3596 eos
1675 3541 1967 3612 expromit,

392 3637 486 3692 80d
525 3651 649 3692 cum
700 3650 881 3690 aerem
932 3633 988 3688 in
1037 3648 1235 3689 sereno
1290 3640 1437 3688 statu
1483 3648 1803 3689 mansurum
1847 3648 1972 3689 esse

392 3728 757 3798 praesenserit.
795 3725 917 3780 Non
944 3726 1133 3795 utique
1164 3724 1354 3781 videas
1383 3725 1612 3780 imbrem
1639 3740 1705 3781 ex
1730 3724 1971 3781 nubibus

391 3819 736 3883 deﬂuentem,
765 3825 970 3888 quanto
1011 3826 1258 3885 tempore
1299 3830 1330 3870 a
1379 3814 1626 3871 formicis
1662 3815 1969 3886 expositum

394 3910 731 3965 frumentum
761 3918 867 3964 est.
903 3907 980 3980 (ί)
1010 3908 1232 3962 Imitare
1257 3914 1488 3971 terram,
1534 3920 1569 3960 o
1600 3905 1774 3969 ,bomo
1800 3923 1815 3967 ;
1857 3904 1973 3959 fru-

392 4012 544 4058 ctum
572 4002 756 4073 profer
784 4002 933 4057 velut
961 4000 1077 4064 illa,
1105 4014 1174 4055 ne
1203 4014 1261 4054 re
1293 3999 1591 4053 inanimata
1625 3997 1846 4053 videare
1876 3997 1973 4051 de-

392 4096 581 4149 terior.
615 4093 742 4149 llaec
773 4093 920 4148 enim
960 4090 1197 4156 fructus,
1231 4105 1339 4144 non
1375 4097 1436 4144 ut
1476 4092 1595 4160 ipsa
1620 4088 1970 4159 perfruatur,

395 4187 491 4246 sed
520 4188 585 4242 ad
617 4202 776 4241 usum
811 4194 967 4239 tuum
998 4185 1284 4240 enutrivit.
1316 4183 1399 4238 Tu
1430 4198 1560 4239 vero
1585 4198 1973 4254 quemcunque

394 4275 770 4332 beneficentia
800 4274 1038 4330 fructum
1067 4273 1402 4337 ostenderis,
1427 4288 1551 4327 eum
1571 4273 1667 4327 tibi
1689 4272 1790 4343 ipsi
1815 4273 1972 4327 colli-

394 4368 501 4438 gis,
531 4366 658 4436 quia
694 4366 966 4421 bonorum
1001 4377 1227 4433 eperum
1257 4363 1434 4433 gratia
1464 4364 1521 4417 in
1552 4363 1844 4433 largitores
1884 4379 1973 4418 re-

394 4461 645 4516 vertitur.
688 4458 895 4513 Dedisti
932 4457 1220 4518 esurienti.
1250 4464 1304 4510 et
1334 4464 1486 4510 tuum
1526 4454 1584 4508 fit
1606 4454 1750 4522 quod
1782 4455 1969 4509 datum

393 4559 499 4617 est,
522 4565 646 4606 cum
670 4548 1042 4603 additamenta
1069 4546 1308 4602 rediens.
1330 4545 1800 4612 Quemadmodum
1826 4546 1970 4600 enim

396 4643 753 4705 frumentum,
789 4640 937 4712 quod
961 4640 1015 4693 in
1047 4648 1249 4695 terram
1281 4638 1447 4701 cadit,
1477 4638 1532 4692 in
1559 4638 1772 4692 lucrum
1806 4634 1974 4707 489

396 4733 540 4788 cedit
585 4731 896 4803 projicienti
932 4748 945 4785 :
998 4731 1075 4785 ita
1118 4729 1277 4800 panis
1323 4728 1378 4783 iu
1412 4730 1746 4784 esurientem
1784 4727 1973 4797 conjec

396 4835 539 4889 ctus,
570 4826 623 4879 in
660 4831 941 4894 posterum
972 4822 1201 4875 multum
1232 4818 1423 4876 afferet
1449 4819 1827 4876 emolumenti.

468 5045 520 5101 5.
555 5044 630 5117 (5)
668 5042 727 5098 Si
758 5042 968 5098 foribus
1003 5042 1116 5096 tuis
1161 5039 1398 5095 astiterit
1437 5040 1529 5109 qui
1573 5039 1818 5109 penuriae
1858 5054 1973 5094 suae

397 5145 605 5208 quaerat
638 5137 906 5200 levamen,
937 5149 1007 5189 ne
1044 5132 1231 5188 videas
1277 5131 1584 5202 inaequalia.
1617 5131 1697 5187 Ne
1726 5132 1969 5188 dixeris:

399 5229 501 5285 Hie
546 5228 758 5283 amicus
791 5235 896 5292 est,
945 5227 1035 5282 hic
1082 5224 1548 5295 consanguineus,
1587 5224 1679 5279 bic
1723 5226 1862 5281 bene
1903 5224 1973 5279 de

399 5337 487 5376 me
523 5320 779 5376 meritus:
823 5319 913 5374 ille
947 5317 1290 5389 peregrinus,
1326 5317 1560 5380 alienus,
1596 5316 1835 5385 ignotus.
1878 5318 1972 5370 ln-

398 5413 628 5482 aequalia
663 5412 709 5467 si
734 5410 940 5476 videas,
979 5424 1087 5466 non
1129 5424 1468 5480 consequere
1509 5407 1968 5464 misericordiam.

399 5505 606 5560 Natura
626 5512 710 5559 est
736 5518 872 5558 una:
904 5509 1021 5557 tum
1058 5500 1149 5556 hic
1186 5507 1305 5556 tum
1332 5500 1424 5555 ille
1457 5499 1621 5556 homo
1645 5508 1729 5555 est
1756 5516 1771 5569 ;
1801 5515 1972 5571 penu-

590 5632 663 5687 Ex
691 5633 839 5686 hom.
875 5633 932 5685 in
965 5630 1103 5700 psal.
1141 5647 1317 5694 xxxii,
1354 5631 1476 5687 154.

499 5635 551 5701 ί)
590 5635 663 5687 Ex
691 5635 839 5686 hom.
875 5635 932 5685 in
965 5635 1103 5700 psal.
1141 5647 1293 5685 xxxii

472 5636 548 5773 {2)
578 5702 652 5773 Ex
689 5704 832 5754 hom.
869 5703 921 5753 in
955 5702 1173 5773 Diefles,
1209 5702 1298 5756 5|.

475 5768 550 5844 (3)
592 5772 664 5825 Ex
696 5773 839 5823 bum.
867 5786 917 5823 ix
950 5771 1001 5823 in
1028 5768 1311 5838 llexaem.,
1346 5770 1433 5826 83.

2065 530 2205 584 Οὔτε
2229 529 2339 601 γὰρ
2371 531 2404 601 ή
2450 529 2790 601 ἐλεημοσύνη
2819 531 3045 601 ἄκριτος
3073 529 3224 602 παρά
3263 530 3394 600 Θεῷ,
3430 530 3535 586 οὔτε
3563 538 3591 605 ή

2065 623 2248 695 κρίσις
2277 622 2616 694 ἀνελεήμων.
2650 621 2764 693 Πρὸ
2786 622 2886 693 μὲν
2918 624 3027 695 γὰρ
3058 623 3160 692 τῆς
3192 622 3414 693 κρίσεως
3438 624 3591 697 ἀγαπᾷ

2064 714 2458 787 ἐλεημοσύνην,
2488 716 2584 769 καὶ
2619 714 2757 785 μετά
2785 714 2885 786 τήν
2907 713 3277 785 ἐλεημοσύνην
3300 714 3499 785 ἔρχεται
3521 718 3595 769 ἐπὶ

2064 809 2163 879 τὴν
2188 809 2390 880 κρίσιν.
2421 806 2607 861 Ταῦτα
2635 808 2695 861 δὲ
2741 806 2994 878 ἀλλήλοις
3028 805 3401 871 συνέζευκται,
3428 809 3454 859 ὸ
3477 806 3596 871 ἔλεος

2068 902 2208 971 μετὰ
2240 901 2341 971 τῆς
2365 900 2620 975 κρίσεως,
2652 899 2738 953 ἵνα
2770 900 2909 970 μήτε
2930 901 2961 952 ὁ
2988 898 3138 963 ἔλεος
3163 898 3320 970 μόνος
3337 900 3597 970 χαυνότητα

2066 996 2365 1066 ἐμποιήσῃ,
2411 996 2550 1064 μήτε
2584 992 2718 1064 μόνη
2761 994 2795 1063 ἡ
2840 991 3021 1063 κρίσις
3070 991 3378 1061 ἀπόγνωσιν
3411 992 3598 1064 ἐνεργώ-

2066 1101 2247 1156 σηται.

2135 1177 2187 1231 4.
2214 1177 2277 1229 Εἰ
2306 1178 2408 1229 οὐκ
2442 1176 2763 1246 ἐφόνευσας,
2796 1174 2921 1229 οὕτε
2954 1174 3302 1247 ἐμοίχευσας,
3334 1174 3450 1228 οὗτε
3480 1174 3601 1227 ἔκλε-

2062 1266 2191 1336 ψας,
2218 1265 2342 1321 οὔτε
2375 1266 2871 1339 κατεμαρτύρησάς
2915 1283 3062 1329 τινος
3095 1265 3401 1337 μαρτυρίαν
3432 1263 3599 1335 ψευδῆ·

2064 1359 2324 1429 ἀνόνητον
2363 1359 2579 1430 σεαυτῷ
2620 1362 2797 1424 ποιεῖς
2843 1358 2945 1430 τὴν
2989 1359 3119 1431 περὶ
3155 1357 3327 1411 ταῦτα
3370 1356 3600 1426 σπουδήν,

2068 1450 2143 1521 μὴ
2184 1451 2495 1519 προστιθεὶς
2531 1453 2594 1506 τὸ
2626 1451 2841 1513 λεῖπον,
2874 1451 2941 1504 δι’
2985 1445 3048 1504 οὗ
3090 1451 3252 1521 μόνου
3281 1449 3475 1522 δυνήσῃ
3515 1450 3604 1501 είς-

2064 1542 2241 1595 ελθεῐν
2270 1543 2351 1605 είς
2380 1542 2479 1613 τὴν
2506 1542 2785 1614 βασιλείαν
2812 1542 2907 1597 τοῦ
2928 1542 3088 1597 Θεοῦ.
3113 1542 3225 1595 Καὶ
3250 1544 3299 1595 εί
3322 1541 3418 1611 μὲν
3453 1542 3605 1613 ἰατρὸς

2064 1636 2436 1706 ἐπηγγέλλετο
2483 1635 2844 1707 κολοδώματα
2888 1635 3087 1707 μελῶν,
3125 1636 3191 1688 ἐκ
3241 1633 3455 1704 φύσεως
3491 1634 3521 1704 ἦ
3559 1634 3608 1699 ἐξ

2064 1728 2375 1801 ἀρῤωστίας
2406 1729 2677 1801 προσόντα
2711 1745 2816 1794 σοι,
2836 1727 3255 1801 διορθώσασθαι,
3291 1727 3391 1780 ούκ
3417 1726 3479 1780 ἀν
3500 1727 3608 1796 ήθύ-

2067 1839 2191 1893 μεις
2236 1821 2482 1875 ἀκούωνο
2516 1823 2639 1876 ἐπεὶ
2687 1822 2746 1874 δέ
2792 1824 2822 1876 ὁ
2868 1821 3044 1893 μέγας
3087 1820 3196 1874 τῶν
3236 1819 3423 1890 ψυχῶν
3458 1818 3609 1890 ἰατρὸς

2062 1912 2269 1966 τέλειόν
2300 1930 2359 1965 σε
2378 1911 2465 1966 διά
2484 1913 2583 1983 τῆς
2614 1911 2989 1984 ἐλεημοσύνης
3011 1912 3236 1983 ποιῆσαι
3265 1911 3501 1983 βούλεται
3517 1914 3609 1974 τοῖς

2063 2004 2448 2076 καιριωτάτοις
2486 2005 2823 2068 ἐλλείποντα,
2856 2005 2918 2057 οὐ
2962 2004 3093 2077 δέχῃ
3133 2003 3233 2075 τὴν
3287 2003 3464 2075 χάριν,
3496 2000 3609 2056 ἀλλὰ

2065 2094 2281 2159 πενθεῖς
2330 2097 2427 2149 καὶ
2474 2096 2892 2167 σκυθρωπάζεις
2922 2095 3259 2166 ὀδυνώμενος
3306 2094 3403 2165 τὴν
3427 2094 3607 2162 ψυχὴν.

2064 2188 2159 2242 καὶ
2202 2189 2376 2251 ποιεῖς
2401 2187 2613 2257 σεαυτῷ
2655 2187 2908 2258 ἄχρηστα
2952 2188 3132 2242 πάντα
3173 2187 3278 2240 ὅσα
3323 2202 3405 2239 σοι
3430 2201 3609 2257 προπε-

2065 2281 2322 2352 πόνηται.
2350 2282 2425 2334 Οὐ
2452 2280 2837 2352 φιλοπονήσεις
2876 2280 3006 2353 περὶ
3038 2278 3302 2345 παυτοῦς
3335 2278 3433 2332 ούκ
3475 2280 3527 2330 ἐν
3549 2278 3612 2348 τῷ

2064 2373 2292 2445 παρόντι
2317 2372 2474 2426 αίῶνι
2511 2371 2920 2444 προαποθήσεις
2945 2372 3045 2437 τάς
3075 2373 3167 2427 τοῦ
3201 2373 3486 2445 μέλλοντος
3507 2373 3613 2425 ἀνα-

2064 2469 2298 2531 παύσεις
2316 2507 2331 2531 ,
2368 2466 2507 2538 πρὸς
2526 2466 2590 2519 τὸ
2616 2465 2925 2536 ὑπόδειγμα
2948 2465 3041 2519 τοῦ
3081 2465 3379 2539 μύρμηκος
3414 2465 3613 2520 ἀποϐλέ-

2063 2556 2206 2628 ψας;
2230 2556 2290 2621 ὃς
2318 2559 2375 2610 ἐν
2402 2557 2549 2627 θέρει
2580 2556 2680 2627 τὴν
2708 2557 2988 2628 χειμέριον
3011 2557 3217 2629 τροφήν
3246 2559 3425 2629 ἐαυτῷ
3443 2559 3614 2629 θησαυ-

2069 2650 2227 2723 ρίζει,
2267 2650 2364 2704 καὶ
2411 2650 2511 2720 ούχ
2539 2651 2622 2702 ὅτι
2656 2650 2824 2721 μήπω
2861 2650 3095 2721 πάρεστι
3139 2651 3209 2704 τά
3240 2649 3341 2703 τοῦ
3382 2650 3615 2721 χειμῶνος

2065 2742 2307 2815 λυπηρὰ,
2346 2742 2434 2797 διὰ
2457 2741 2731 2814 ῥᾳθυμίας
2759 2743 3120 2814 παραπέμπει
3152 2742 3245 2796 τὸν
3272 2744 3480 2814 χρόνον,
3505 2741 3617 2796 ἀλλά

2068 2838 2271 2909 σπουδῇ
2304 2855 2412 2891 τινι
2456 2838 2817 2909 ἀπαραιτήτῳ
2857 2834 3124 2908 πρὸςτὴν
3150 2837 3419 2908 ἐργασίαν
3456 2838 3617 2889 ἑαυτὸν

2067 2930 2399 2994 κατατείνει,
2430 2930 2537 2993 ἕως
2560 2929 2626 2983 ἂν
2648 2929 2745 3000 τὴν
2771 2927 3045 3000 ἀρκοῦσαν
3075 2928 3285 3000 τροφήν
3320 2927 3616 2996 ἐναπόθηται

2066 3028 2180 3089 τοῖς
2208 3023 2510 3095 ταμιείοιςσ
2548 3023 2642 3076 καὶ
2673 3023 2794 3077 οὺδέ
2833 3022 2990 3076 τοῦτο
3020 3021 3301 3093 ῥᾳθύμως,
3343 3021 3475 3074 ἀλλά
3504 3024 3617 3090 σοφῇ

2066 3136 2174 3173 τινι
2211 3117 2425 3187 ἐπινοίᾳ
2454 3116 2553 3187 τὴν
2580 3116 2789 3188 τροφὴν
2819 3115 3162 3168 ἐπιπλεϊστον
3189 3114 3437 3187 διαρκεῖν
3470 3131 3620 3186 μηχα-

2070 3209 2332 3281 νώμενος.
2393 3208 2685 3262 Διακόπτει
2739 3207 2848 3281 γὰρ
2892 3211 3012 3272 ταῖς
3054 3207 3249 3261 ἑαυτοῦ
3303 3208 3494 3279 χηλαῖς
3532 3206 3619 3261 τῶν

2068 3301 2299 3374 καρπῶν
2329 3300 2391 3354 τὸ
2432 3299 2780 3371 μεσαίτατον,
2824 3298 2900 3362 ώς
2928 3298 2993 3352 ἂν
3037 3297 3110 3371 μή
3145 3298 3444 3367 ἐκφυέντες
3477 3298 3623 3369 ἀχρη-

2070 3407 2186 3444 στοι
2222 3390 2360 3462 πρὸς
2387 3389 2592 3461 τροφὴν
2619 3389 2768 3460 αύτῷ
2806 3390 3080 3457 γένοιντο-
3113 3390 3206 3443 καὶ
3238 3389 3487 3461 διαψύχει
3522 3387 3624 3441 τού·

2067 3498 2215 3545 τους,
2243 3481 2372 3534 ὅταν
2425 3480 2682 3553 αἴσθηται
2725 3481 2905 3533 αὐτῶν
2932 3480 3271 3553 διαϐρόχων·
3311 3482 3407 3535 καὶ
3442 3482 3535 3534 οὐκ
3575 3480 3622 3531 ὲν

2069 3574 2235 3627 παντὶ
2265 3572 2562 3646 προϐάλλει
2595 3573 2790 3645 καιρῷ,
2835 3573 2950 3627 ἀλλ’
2996 3575 3122 3628 ὅταν
3152 3575 3512 3648 προαίσθηται
3544 3571 3621 3627 τοῦ

2069 3665 2231 3738 ἀέρος
2263 3667 2323 3718 ἐν
2366 3664 2546 3736 εὐδινῇ
2597 3668 2927 3719 καταστάσει
2964 3666 3391 3737 φυλαττομένου.
3438 3667 3621 3738 Ἀμέλει

2070 3758 2170 3811 οὐκ
2203 3757 2270 3811 ἂν
2297 3756 2429 3819 ἴδοις
2455 3755 2660 3829 ὄμϐρον
2688 3759 2751 3810 ἐκ
2777 3758 2956 3826 νεφῶν
2980 3759 3336 3830 ἐπιρῤυέντα,
3367 3762 3496 3831 παρ’
3521 3760 3623 3813 ὅσον

2071 3848 2260 3917 χρόνον
2282 3847 2347 3900 ἐκ
2371 3846 2482 3900 τῶν
2520 3848 2825 3918 μυρμήκων
2865 3850 2894 3901 ὁ
2932 3852 3079 3913 σῖτος
3122 3851 3509 3922 προϐέϐληται.
3536 3851 3622 3905 Mi-

2074 3955 2246 4009 μησαι
2276 3939 2376 4010 τὴν
2403 3939 2528 4009 γῆν,
2567 3938 2842 4010 ἄνθρωπε,
2879 3941 3303 4012 καρποφόρησον
3332 3944 3410 4007 ώς
3443 3943 3622 4012 ἐκείνη.

2074 4029 2150 4102 μὴ
2186 4029 2387 4102 χείρων
2409 4033 2582 4102 φανῇς
2600 4031 2698 4102 τῆς
2730 4031 2959 4103 ἀψύχου.
3001 4033 3213 4105 Ἐκείνη
3245 4036 3346 4104 μὲν
3380 4034 3487 4106 γὰρ
3519 4034 3625 4096 τοὺς

2072 4125 2322 4194 καρποὺς
2343 4125 2443 4177 οὐκ
2478 4125 2557 4188 είς
2578 4124 2777 4195 ἑαυτῆς
2808 4124 3125 4191 ἀπόλαυσιν,
3158 4126 3275 4179 ἀλλ’
3303 4130 3387 4190 είς
3423 4127 3516 4198 τὴν
3545 4125 3625 4196 σήν

2073 4215 2383 4286 ὑπηρεσίαν
2419 4213 2697 4287 ἐξέθρεψε.
2729 4216 2801 4269 Σὺ
2828 4216 2886 4270 δὲ
2935 4216 2994 4269 ὃν
3028 4216 3095 4271 ἂν
3138 4217 3385 4293 ἐπιδείξῃ
3416 4218 3514 4289 τῆς
3552 4218 3625 4270 εύ-

2072 4307 2255 4369 ποιίας
2284 4305 2517 4376 καρπὸν,
2566 4305 2777 4376 σεαυτῷ
2812 4306 3002 4360 τοῦτον
3048 4308 3325 4377 συνάγεις,
3364 4310 3495 4363 διότι
3534 4307 3625 4360 τῶν

2071 4398 2295 4467 ἀγαθῶν
2329 4398 2508 4469 ἔργων
2536 4399 2593 4451 αἱ
2643 4399 2863 4470 χάριτες
2905 4400 2998 4453 ἐπὶ
3021 4402 3147 4464 τοὺς
3165 4400 3410 4466 διδόντας
3448 4404 3627 4455 ἐπαναο

2005 4500 2048 4556 D
2077 4491 2422 4563 στρέφουσιν.
2454 4491 2699 4553 Ἕδωκας
2734 4490 2810 4561 τῷ
2857 4492 3134 4555 πεινῶντι,
3165 4494 3259 4547 καὶ
3299 4495 3394 4548 σὺν
3442 4494 3626 4562 γίνεται

2075 4581 2135 4636 τὸ
2172 4582 2343 4647 δοθὲν,
2384 4580 2523 4653 μετὰ
2548 4582 2865 4656 προσθήκης
2899 4584 3207 4639 ἐπανελθόν.
3244 4586 3454 4658 Ὠσπερ
3480 4585 3578 4656 γὰρ
3602 4586 3627 4636 ὁ

2075 4674 2219 4736 σῖτος
2240 4674 2318 4736 εἰς
2344 4672 2445 4745 τὴν
2472 4672 2578 4743 γῆν
2609 4672 2791 4726 πεσὼν
2809 4716 2824 4740 ,
2859 4676 3050 4746 κέρδος
3071 4676 3150 4747 τῷ
3186 4679 3473 4749 προεμένῳ
3501 4677 3626 4745 γίνεο

2073 4781 2193 4818 ταιο
2250 4765 2424 4829 οὕτως
2476 4767 2506 4818 ὁ
2569 4765 2733 4836 ἄρτος
2783 4768 2865 4830 είς
2909 4767 3001 4821 τὸν
3060 4768 3326 4823 πεινῶντα
3377 4768 3626 4836 καταϐλη-

2072 4859 2188 4923 θεὶς
2257 4859 2527 4930 πολύχουν
2571 4859 2671 4931 τήν
2720 4860 2991 4930 ὠφέλειαν
3036 4862 3116 4924 είς
3175 4861 3406 4934 ὕστερον
3467 4861 3626 4917 ἀναδί-

2070 4950 2232 5003 δωσιν

2142 5040 2197 5096 5.
2237 5041 2364 5094 Ἐαν
2392 5043 2646 5114 παραστῇ
2682 5044 2749 5112 τῇ
2784 5041 2924 5114 θύρα
2956 5058 3049 5096 σου
3078 5044 3108 5096 ὁ
3137 5042 3233 5116 τήν
3263 5044 3451 5117 χρείαν
3480 5041 3624 5097 αὐτοῦ

2071 5133 2515 5205 ἐπανορθωθῆναι
2548 5132 2748 5204 ζητῶν,
2783 5135 2857 5205 μὴ
2887 5134 3148 5206 ἀνώμαλα
3170 5138 3310 5211 [δῃς.
3337 5140 3427 5207 Μὴ
3455 5140 3622 5208 εἶπεν

2071 5220 2239 5290 Οὗτος
2271 5226 2444 5297 φίλος,
2478 5222 2631 5290 οὗτος
2660 5228 2945 5300 συγγενὴς,
2967 5224 3121 5292 οὗτος
3145 5232 3439 5304 εὐεργέτης
3456 5248 3471 5263 ο
3499 5232 3623 5283 ἐκεῖ·

2069 5336 2160 5382 νος
2198 5318 2366 5384 ξένος,
2407 5319 2709 5392 ἀλλότριος,
2750 5321 3047 5391 ἄγνωστος.
3092 5324 3378 5395 Ἀνώμαλα
3406 5324 3620 5395 βλέπων.

2069 5410 2169 5463 οὐκ
2230 5409 2521 5483 ἐλεηθήσῃ.
2573 5411 2739 5476 Φύσις
2799 5414 2929 5483 μίαο
2984 5414 3289 5486 ἄνθρωπος,
3339 5420 3435 5470 καὶ
3484 5408 3620 5475 οὗτος

2070 5502 2349 5565 κάκεῖνος·
2382 5503 2540 5574 χρεία
2582 5504 2699 5574 μία,
2727 5504 2902 5558 ἔνδεια
2932 5507 2992 5558 ἐν
3027 5507 3361 5578 ἀμφοτέροις
3392 5509 3428 5579 ή
3475 5506 3620 5577 αὐτή.

2141 5632 2224 5707 (ξ)
2248 5633 2332 5707 Ex
2361 5635 2510 5707 hom.
2540 5638 2593 5691 in
2625 5638 2754 5691 illud
2790 5638 2967 5704 Lucae,
3001 5640 3305 5707 Dnstrnam,
3339 5644 3426 5699 45.

2143 5704 2220 5776 (5)
2252 5704 2328 5758 Ex
2365 5706 2509 5764 hom.
2537 5708 2680 5765 dicta
2716 5710 2769 5763 in
2809 5709 3036 5777 Lacizis,
3073 5713 3177 5766 588

3188 5908 3244 5969 κ’
