  <div class='ocr_page' id='page_1' title='image "/cluster/home/n/w/nwhite01/storage/ocr_20150623/32/mdp.39015011915462/598.png"; bbox 0 0 3874 6224; ppageno 0'>
   <div class='ocr_carea' id='block_1_1' title="bbox 205 354 325 410">
    <p class='ocr_par' dir='ltr' id='par_1_1' title="bbox 205 354 325 410">
     <span class='ocr_line' id='line_1_1' title="bbox 205 354 325 410; baseline 0.008 -2"><span class='ocrx_word' id='word_1_1' title='bbox 205 354 325 410; x_wconf 68' lang='grc'><strong>1161</strong></span> 
     </span>
    </p>
   </div>
   <div class='ocr_carea' id='block_1_2' title="bbox 1259 344 2380 408">
    <p class='ocr_par' dir='ltr' id='par_1_2' title="bbox 1259 344 2380 408">
     <span class='ocr_line' id='line_1_2' title="bbox 1259 344 2380 408; baseline -0.008 -2"><span class='ocrx_word' id='word_1_2' title='bbox 1259 350 1490 407; x_wconf 63' lang='grc' dir='ltr'><strong>εειιδιο</strong></span> <span class='ocrx_word' id='word_1_3' title='bbox 1526 350 1615 404; x_wconf 81' lang='lat' dir='ltr'><strong>IV.</strong></span> <span class='ocrx_word' id='word_1_4' title='bbox 1654 379 1724 391; x_wconf 95' lang='lat'>—</span> <span class='ocrx_word' id='word_1_5' title='bbox 1763 347 1853 403; x_wconf 78' lang='lat' dir='ltr'><strong>DE</strong></span> <span class='ocrx_word' id='word_1_6' title='bbox 1891 344 2380 408; x_wconf 70' lang='lat' dir='ltr'><strong>ELEEMOSYNA.</strong></span> 
     </span>
    </p>
   </div>
   <div class='ocr_carea' id='block_1_3' title="bbox 3311 342 3452 396">
    <p class='ocr_par' dir='ltr' id='par_1_3' title="bbox 3311 342 3452 396">
     <span class='ocr_line' id='line_1_3' title="bbox 3311 342 3452 396; baseline -0.014 -1"><span class='ocrx_word' id='word_1_7' title='bbox 3311 342 3452 396; x_wconf 71' lang='lat' dir='ltr'><strong>H62</strong></span> 
     </span>
    </p>
   </div>
   <div class='ocr_carea' id='block_1_4' title="bbox 205 451 1782 538">
    <p class='ocr_par' dir='ltr' id='par_1_4' title="bbox 205 461 1770 538">
     <span class='ocr_line' id='line_1_4' title="bbox 205 461 1770 538; baseline -0.003 -19"><span class='ocrx_word' id='word_1_8' title='bbox 205 468 291 529; x_wconf 61' lang='lat' dir='ltr'><strong>Sb;</strong></span> <span class='ocrx_word' id='word_1_9' title='bbox 340 466 417 538; x_wconf 82' lang='grc' dir='ltr'><strong>τῷ</strong></span> <span class='ocrx_word' id='word_1_10' title='bbox 447 463 662 536; x_wconf 81' lang='grc' dir='ltr'><strong>ἀδελφῷ</strong></span> <span class='ocrx_word' id='word_1_11' title='bbox 683 501 698 528; x_wconf 88' lang='grc'><strong>.</strong></span> <span class='ocrx_word' id='word_1_12' title='bbox 734 465 828 519; x_wconf 75' lang='grc' dir='ltr'><strong>καὶ</strong></span> <span class='ocrx_word' id='word_1_13' title='bbox 879 464 958 536; x_wconf 81' lang='grc' dir='ltr'><strong>τῷ</strong></span> <span class='ocrx_word' id='word_1_14' title='bbox 1003 463 1140 536; x_wconf 73' lang='grc' dir='ltr'><strong>ξένῳ</strong></span> <span class='ocrx_word' id='word_1_15' title='bbox 1159 480 1172 493; x_wconf 84' lang='lat'><strong><em>°</em></strong></span> <span class='ocrx_word' id='word_1_16' title='bbox 1225 461 1364 535; x_wconf 77' lang='grc' dir='ltr'><strong>μήτε</strong></span> <span class='ocrx_word' id='word_1_17' title='bbox 1410 463 1501 519; x_wconf 77' lang='grc' dir='ltr'><strong>τὸν</strong></span> <span class='ocrx_word' id='word_1_18' title='bbox 1545 461 1770 532; x_wconf 83' lang='grc' dir='ltr'><strong>ἀδελφὸν</strong></span> 
     </span>
    </p>
   </div>
   <div class='ocr_carea' id='block_1_5' title="bbox 1889 451 3454 538">
    <p class='ocr_par' dir='ltr' id='par_1_5' title="bbox 1889 451 3454 530">
     <span class='ocr_line' id='line_1_5' title="bbox 1889 451 3454 530; baseline -0.002 -18"><span class='ocrx_word' id='word_1_19' title='bbox 1889 459 1954 512; x_wconf 79' lang='lat' dir='ltr'><strong>-ia</strong></span> <span class='ocrx_word' id='word_1_20' title='bbox 1986 472 2118 520; x_wconf 86' lang='lat' dir='ltr'><strong>una,</strong></span> <span class='ocrx_word' id='word_1_21' title='bbox 2160 466 2375 530; x_wconf 85' lang='lat' dir='ltr'><strong>egestas</strong></span> <span class='ocrx_word' id='word_1_22' title='bbox 2420 454 2476 510; x_wconf 92' lang='lat' dir='ltr'><strong>in</strong></span> <span class='ocrx_word' id='word_1_23' title='bbox 2517 462 2750 526; x_wconf 81' lang='lat' dir='ltr'><strong>utroque</strong></span> <span class='ocrx_word' id='word_1_24' title='bbox 2789 451 3021 512; x_wconf 84' lang='lat' dir='ltr'><strong>eadem:</strong></span> <span class='ocrx_word' id='word_1_25' title='bbox 3072 453 3229 510; x_wconf 78' lang='lat' dir='ltr'><strong>fratri</strong></span> <span class='ocrx_word' id='word_1_26' title='bbox 3259 455 3352 521; x_wconf 80' lang='lat' dir='ltr'><strong>da,</strong></span> <span class='ocrx_word' id='word_1_27' title='bbox 3400 467 3454 512; x_wconf 90' lang='lat' dir='ltr'><strong>et</strong></span> 
     </span>
    </p>
   </div>
   <div class='ocr_carea' id='block_1_6' title="bbox 139 552 1766 628">
    <p class='ocr_par' dir='ltr' id='par_1_6' title="bbox 139 552 1766 628">
     <span class='ocr_line' id='line_1_6' title="bbox 139 552 1766 628; baseline -0.001 -18"><span class='ocrx_word' id='word_1_28' title='bbox 139 625 142 628; x_wconf 8' lang='grc' dir='ltr'><strong>γ</strong></span> <span class='ocrx_word' id='word_1_29' title='bbox 203 559 569 628; x_wconf 76' lang='grc' dir='ltr'><strong>ὶποστραφῇς,</strong></span> <span class='ocrx_word' id='word_1_30' title='bbox 595 555 690 616; x_wconf 72' lang='grc' dir='ltr'><strong>καὶ</strong></span> <span class='ocrx_word' id='word_1_31' title='bbox 722 555 813 609; x_wconf 86' lang='grc' dir='ltr'><strong>τὸν</strong></span> <span class='ocrx_word' id='word_1_32' title='bbox 843 554 991 618; x_wconf 81' lang='grc' dir='ltr'><strong>ξένον</strong></span> <span class='ocrx_word' id='word_1_33' title='bbox 1025 553 1252 623; x_wconf 81' lang='grc' dir='ltr'><strong>ἀδελφὸν</strong></span> <span class='ocrx_word' id='word_1_34' title='bbox 1285 555 1482 608; x_wconf 82' lang='grc' dir='ltr'><strong>οἰκεῖον</strong></span> <span class='ocrx_word' id='word_1_35' title='bbox 1521 552 1766 623; x_wconf 77' lang='grc' dir='ltr'><strong>ποίησαι.</strong></span> 
     </span>
    </p>
   </div>
   <div class='ocr_carea' id='block_1_7' title="bbox 151 642 1769 720">
    <p class='ocr_par' dir='ltr' id='par_1_7' title="bbox 151 642 1769 720">
     <span class='ocr_line' id='line_1_7' title="bbox 151 642 1769 720; baseline -0.003 -19"><span class='ocrx_word' id='word_1_36' title='bbox 151 673 155 675; x_wconf 55' lang='grc' dir='ltr'><strong>λ</strong></span> <span class='ocrx_word' id='word_1_37' title='bbox 201 648 450 703; x_wconf 82' lang='grc' dir='ltr'><strong>Βούλεταί</strong></span> <span class='ocrx_word' id='word_1_38' title='bbox 496 666 556 702; x_wconf 88' lang='grc' dir='ltr'><strong>σε</strong></span> <span class='ocrx_word' id='word_1_39' title='bbox 590 646 1045 720; x_wconf 84' lang='grc' dir='ltr'><strong>παραμυθητικὸν</strong></span> <span class='ocrx_word' id='word_1_40' title='bbox 1072 642 1211 705; x_wconf 78' lang='grc' dir='ltr'><strong>εἶναι</strong></span> <span class='ocrx_word' id='word_1_41' title='bbox 1240 645 1347 700; x_wconf 89' lang='grc' dir='ltr'><strong>τῶν</strong></span> <span class='ocrx_word' id='word_1_42' title='bbox 1378 644 1673 716; x_wconf 86' lang='grc' dir='ltr'><strong>δεομένων,</strong></span> <span class='ocrx_word' id='word_1_43' title='bbox 1707 643 1769 699; x_wconf 77' lang='grc' dir='ltr'><strong>οὐ</strong></span> 
     </span>
    </p>
   </div>
   <div class='ocr_carea' id='block_1_8' title="bbox 202 736 1771 813">
    <p class='ocr_par' dir='ltr' id='par_1_8' title="bbox 202 736 1771 813">
     <span class='ocr_line' id='line_1_8' title="bbox 202 736 1771 813; baseline -0.001 -21"><span class='ocrx_word' id='word_1_44' title='bbox 202 739 700 813; x_wconf 76' lang='grc' dir='ltr'><strong>προσωπολὴπτην·</strong></span> <span class='ocrx_word' id='word_1_45' title='bbox 747 740 809 792; x_wconf 87' lang='grc' dir='ltr'><strong>ού</strong></span> <span class='ocrx_word' id='word_1_46' title='bbox 867 738 946 809; x_wconf 83' lang='grc' dir='ltr'><strong>τῷ</strong></span> <span class='ocrx_word' id='word_1_47' title='bbox 998 741 1252 807; x_wconf 81' lang='grc' dir='ltr'><strong>συγγενεῖ</strong></span> <span class='ocrx_word' id='word_1_48' title='bbox 1298 737 1531 801; x_wconf 85' lang='grc' dir='ltr'><strong>διδόντα,</strong></span> <span class='ocrx_word' id='word_1_49' title='bbox 1577 736 1668 793; x_wconf 84' lang='grc' dir='ltr'><strong>τὸν</strong></span> <span class='ocrx_word' id='word_1_50' title='bbox 1714 737 1771 790; x_wconf 75' lang='grc' dir='ltr'><strong>δὲ</strong></span> 
     </span>
    </p>
   </div>
   <div class='ocr_carea' id='block_1_9' title="bbox 201 826 1772 901">
    <p class='ocr_par' dir='ltr' id='par_1_9' title="bbox 201 826 1772 901">
     <span class='ocr_line' id='line_1_9' title="bbox 201 826 1772 901; baseline -0.004 -18"><span class='ocrx_word' id='word_1_51' title='bbox 201 830 345 897; x_wconf 78' lang='grc' dir='ltr'><strong>ξένον</strong></span> <span class='ocrx_word' id='word_1_52' title='bbox 391 829 800 901; x_wconf 89' lang='grc' dir='ltr'><strong>ἀπωθούμενον.</strong></span> <span class='ocrx_word' id='word_1_53' title='bbox 846 829 1055 892; x_wconf 81' lang='grc' dir='ltr'><strong>Πάντες</strong></span> <span class='ocrx_word' id='word_1_54' title='bbox 1084 827 1194 899; x_wconf 81' lang='grc' dir='ltr'><strong>γὰρ</strong></span> <span class='ocrx_word' id='word_1_55' title='bbox 1237 829 1542 896; x_wconf 83' lang='grc' dir='ltr'><strong>συγγενεῖς,</strong></span> <span class='ocrx_word' id='word_1_56' title='bbox 1571 826 1772 888; x_wconf 86' lang='grc' dir='ltr'><strong>πάντες</strong></span> 
     </span>
    </p>
   </div>
   <div class='ocr_carea' id='block_1_10' title="bbox 202 917 1772 992">
    <p class='ocr_par' dir='ltr' id='par_1_10' title="bbox 202 917 1772 992">
     <span class='ocr_line' id='line_1_10' title="bbox 202 917 1772 992; baseline -0.002 -17"><span class='ocrx_word' id='word_1_57' title='bbox 202 923 435 992; x_wconf 71' lang='grc' dir='ltr'><strong>ἀδελφοὶ,</strong></span> <span class='ocrx_word' id='word_1_58' title='bbox 470 923 672 986; x_wconf 86' lang='grc' dir='ltr'><strong>πάντες</strong></span> <span class='ocrx_word' id='word_1_59' title='bbox 702 922 819 986; x_wconf 79' lang='grc' dir='ltr'><strong>ἐνὸς</strong></span> <span class='ocrx_word' id='word_1_60' title='bbox 869 921 1072 991; x_wconf 82' lang='grc' dir='ltr'><strong>πατρὸς</strong></span> <span class='ocrx_word' id='word_1_61' title='bbox 1104 920 1335 988; x_wconf 77' lang='grc' dir='ltr'><strong>ἔκγονοι.</strong></span> <span class='ocrx_word' id='word_1_62' title='bbox 1368 920 1488 974; x_wconf 81' lang='grc' dir='ltr'><strong>Εἰσί</strong></span> <span class='ocrx_word' id='word_1_63' title='bbox 1524 935 1669 982; x_wconf 89' lang='grc' dir='ltr'><strong>τινες</strong></span> <span class='ocrx_word' id='word_1_64' title='bbox 1714 917 1772 984; x_wconf 78' lang='grc' dir='ltr'>ἐξ</span> 
     </span>
    </p>
   </div>
   <div class='ocr_carea' id='block_1_11' title="bbox 201 1008 1771 1082">
    <p class='ocr_par' dir='ltr' id='par_1_11' title="bbox 201 1008 1771 1082">
     <span class='ocr_line' id='line_1_11' title="bbox 201 1008 1771 1082; baseline -0.004 -16"><span class='ocrx_word' id='word_1_65' title='bbox 201 1015 553 1082; x_wconf 68' lang='grc' dir='ltr'><strong>επικρατείας</strong></span> <span class='ocrx_word' id='word_1_66' title='bbox 594 1014 841 1071; x_wconf 80' lang='grc' dir='ltr'><strong>κινδύνου</strong></span> <span class='ocrx_word' id='word_1_67' title='bbox 879 1010 1022 1076; x_wconf 84' lang='grc' dir='ltr'><strong>τινὸς</strong></span> <span class='ocrx_word' id='word_1_68' title='bbox 1061 1010 1506 1081; x_wconf 81' lang='grc' dir='ltr'><strong>ἀναρπασθέντες</strong></span> <span class='ocrx_word' id='word_1_69' title='bbox 1535 1009 1642 1064; x_wconf 82' lang='grc' dir='ltr'><strong>ὑπὸ</strong></span> <span class='ocrx_word' id='word_1_70' title='bbox 1677 1008 1771 1060; x_wconf 87' lang='grc' dir='ltr'><strong>τοῦ</strong></span> 
     </span>
    </p>
   </div>
   <div class='ocr_carea' id='block_1_12' title="bbox 201 1099 1774 1175">
    <p class='ocr_par' dir='ltr' id='par_1_12' title="bbox 201 1099 1774 1175">
     <span class='ocr_line' id='line_1_12' title="bbox 201 1099 1774 1175; baseline -0.003 -18"><span class='ocrx_word' id='word_1_71' title='bbox 201 1107 501 1170; x_wconf 72' lang='grc' dir='ltr'><strong>κτίσαντος,</strong></span> <span class='ocrx_word' id='word_1_72' title='bbox 555 1105 650 1164; x_wconf 75' lang='grc' dir='ltr'><strong>καὶ</strong></span> <span class='ocrx_word' id='word_1_73' title='bbox 705 1105 976 1175; x_wconf 88' lang='grc' dir='ltr'><strong>μηδεμίαν</strong></span> <span class='ocrx_word' id='word_1_74' title='bbox 1026 1102 1238 1173; x_wconf 77' lang='grc' dir='ltr'><strong>ἔχοντες</strong></span> <span class='ocrx_word' id='word_1_75' title='bbox 1286 1099 1774 1174; x_wconf 83' lang='grc' dir='ltr'><strong>περιλελειμμένην</strong></span> 
     </span>
    </p>
   </div>
   <div class='ocr_carea' id='block_1_13' title="bbox 201 1190 1772 1265">
    <p class='ocr_par' dir='ltr' id='par_1_13' title="bbox 201 1190 1772 1265">
     <span class='ocr_line' id='line_1_13' title="bbox 201 1190 1772 1265; baseline 0 -20"><span class='ocrx_word' id='word_1_76' title='bbox 201 1193 380 1258; x_wconf 73' lang='grc' dir='ltr'><strong>αὐτοῖς</strong></span> <span class='ocrx_word' id='word_1_77' title='bbox 435 1192 549 1264; x_wconf 88' lang='grc' dir='ltr'><strong>βίου</strong></span> <span class='ocrx_word' id='word_1_78' title='bbox 599 1193 789 1246; x_wconf 82' lang='grc' dir='ltr'><strong>λοιπὸν</strong></span> <span class='ocrx_word' id='word_1_79' title='bbox 830 1193 1120 1265; x_wconf 77' lang='grc' dir='ltr'><strong>ἀφορμὴν,</strong></span> <span class='ocrx_word' id='word_1_80' title='bbox 1155 1191 1293 1252; x_wconf 86' lang='grc' dir='ltr'><strong>ἀλλά</strong></span> <span class='ocrx_word' id='word_1_81' title='bbox 1329 1193 1466 1264; x_wconf 82' lang='grc' dir='ltr'><strong>μόνῃ</strong></span> <span class='ocrx_word' id='word_1_82' title='bbox 1511 1195 1578 1262; x_wconf 79' lang='grc' dir='ltr'><strong>τῇ</strong></span> <span class='ocrx_word' id='word_1_83' title='bbox 1627 1190 1772 1262; x_wconf 77' lang='grc' dir='ltr'><strong>ψυχῇ</strong></span> 
     </span>
    </p>
   </div>
   <div class='ocr_carea' id='block_1_14' title="bbox 201 1279 1773 1354">
    <p class='ocr_par' dir='ltr' id='par_1_14' title="bbox 201 1279 1773 1354">
     <span class='ocr_line' id='line_1_14' title="bbox 201 1279 1773 1354; baseline -0.002 -19"><span class='ocrx_word' id='word_1_84' title='bbox 201 1284 292 1336; x_wconf 79' lang='grc' dir='ltr'><strong>καὶ</strong></span> <span class='ocrx_word' id='word_1_85' title='bbox 324 1283 403 1354; x_wconf 81' lang='grc' dir='ltr'><strong>τῷ</strong></span> <span class='ocrx_word' id='word_1_86' title='bbox 439 1282 650 1354; x_wconf 88' lang='grc' dir='ltr'><strong>σώματι</strong></span> <span class='ocrx_word' id='word_1_87' title='bbox 694 1283 1047 1354; x_wconf 84' lang='grc' dir='ltr'><strong>διαφυγόντες</strong></span> <span class='ocrx_word' id='word_1_88' title='bbox 1092 1281 1276 1334; x_wconf 84' lang='grc' dir='ltr'><strong>αὐτόν.</strong></span> <span class='ocrx_word' id='word_1_89' title='bbox 1329 1279 1518 1352; x_wconf 80' lang='grc' dir='ltr'><strong>Ἡμεῖς</strong></span> <span class='ocrx_word' id='word_1_90' title='bbox 1558 1279 1773 1343; x_wconf 84' lang='grc' dir='ltr'><strong>τοίνυν,</strong></span> 
     </span>
    </p>
   </div>
   <div class='ocr_carea' id='block_1_15' title="bbox 200 1371 1771 1445">
    <p class='ocr_par' dir='ltr' id='par_1_15' title="bbox 200 1371 1771 1445">
     <span class='ocr_line' id='line_1_15' title="bbox 200 1371 1771 1445; baseline -0.002 -19"><span class='ocrx_word' id='word_1_91' title='bbox 200 1373 314 1426; x_wconf 69' lang='grc' dir='ltr'><strong>ὅσοι</strong></span> <span class='ocrx_word' id='word_1_92' title='bbox 347 1373 449 1444; x_wconf 83' lang='grc' dir='ltr'><strong>τῆς</strong></span> <span class='ocrx_word' id='word_1_93' title='bbox 477 1373 584 1427; x_wconf 88' lang='grc' dir='ltr'><strong>τῶν</strong></span> <span class='ocrx_word' id='word_1_94' title='bbox 618 1372 898 1445; x_wconf 82' lang='grc' dir='ltr'><strong>δυσχερῶν</strong></span> <span class='ocrx_word' id='word_1_95' title='bbox 935 1372 1189 1441; x_wconf 82' lang='grc' dir='ltr'><strong>ἄγευστοι</strong></span> <span class='ocrx_word' id='word_1_96' title='bbox 1229 1371 1424 1442; x_wconf 86' lang='grc' dir='ltr'><strong>πείρας</strong></span> <span class='ocrx_word' id='word_1_97' title='bbox 1456 1371 1771 1442; x_wconf 81' lang='grc' dir='ltr'><strong>ἐμείναμεν,</strong></span> 
     </span>
    </p>
   </div>
   <div class='ocr_carea' id='block_1_16' title="bbox 203 1462 1772 1536">
    <p class='ocr_par' dir='ltr' id='par_1_16' title="bbox 203 1462 1772 1536">
     <span class='ocr_line' id='line_1_16' title="bbox 203 1462 1772 1536; baseline -0.003 -18"><span class='ocrx_word' id='word_1_98' title='bbox 203 1465 391 1535; x_wconf 82' lang='grc' dir='ltr'><strong>κοινὴν</strong></span> <span class='ocrx_word' id='word_1_99' title='bbox 438 1465 666 1532; x_wconf 77' lang='grc' dir='ltr'><strong>ἐκείνοις</strong></span> <span class='ocrx_word' id='word_1_100' title='bbox 723 1464 1015 1536; x_wconf 82' lang='grc' dir='ltr'><strong>προθῶμεν</strong></span> <span class='ocrx_word' id='word_1_101' title='bbox 1070 1465 1170 1534; x_wconf 82' lang='grc' dir='ltr'><strong>τὴν</strong></span> <span class='ocrx_word' id='word_1_102' title='bbox 1222 1462 1484 1535; x_wconf 77' lang='grc' dir='ltr'><strong>εὐπορίαν</strong></span> <span class='ocrx_word' id='word_1_103' title='bbox 1547 1462 1772 1516; x_wconf 71' lang='grc' dir='ltr'><strong>ἑαυτῶν.</strong></span> 
     </span>
    </p>
   </div>
   <div class='ocr_carea' id='block_1_17' title="bbox 215 1552 1778 1627">
    <p class='ocr_par' dir='ltr' id='par_1_17' title="bbox 215 1552 1778 1627">
     <span class='ocr_line' id='line_1_17' title="bbox 215 1552 1778 1627; baseline -0.001 -20"><span class='ocrx_word' id='word_1_104' title='bbox 215 1553 736 1625; x_wconf 82' lang='grc' dir='ltr'><strong>Ἐναγκαλισώμεθα</strong></span> <span class='ocrx_word' id='word_1_105' title='bbox 801 1555 926 1619; x_wconf 82' lang='grc' dir='ltr'><strong>τοὺς</strong></span> <span class='ocrx_word' id='word_1_106' title='bbox 991 1553 1394 1627; x_wconf 84' lang='grc' dir='ltr'><strong>περισωθέντας</strong></span> <span class='ocrx_word' id='word_1_107' title='bbox 1465 1553 1615 1624; x_wconf 84' lang='grc' dir='ltr'><strong>μόλις</strong></span> <span class='ocrx_word' id='word_1_108' title='bbox 1669 1552 1778 1606; x_wconf 88' lang='grc' dir='ltr'><strong>τῶν</strong></span> 
     </span>
    </p>
   </div>
   <div class='ocr_carea' id='block_1_18' title="bbox 200 1643 1777 1716">
    <p class='ocr_par' dir='ltr' id='par_1_18' title="bbox 200 1643 1777 1716">
     <span class='ocr_line' id='line_1_18' title="bbox 200 1643 1777 1716; baseline 0.001 -20"><span class='ocrx_word' id='word_1_109' title='bbox 200 1643 478 1713; x_wconf 75' lang='grc' dir='ltr'><strong>ἀδελφῶνο</strong></span> <span class='ocrx_word' id='word_1_110' title='bbox 508 1644 751 1716; x_wconf 80' lang='grc' dir='ltr'><strong>εἴπωμεν</strong></span> <span class='ocrx_word' id='word_1_111' title='bbox 789 1643 924 1716; x_wconf 78' lang='grc' dir='ltr'><strong>πρὸς</strong></span> <span class='ocrx_word' id='word_1_112' title='bbox 967 1645 1194 1698; x_wconf 76' lang='grc' dir='ltr'><strong>ἕκαστον</strong></span> <span class='ocrx_word' id='word_1_113' title='bbox 1241 1644 1500 1707; x_wconf 80' lang='grc' dir='ltr'><strong>ἕκαστος·</strong></span> <span class='ocrx_word' id='word_1_114' title='bbox 1553 1644 1777 1711; x_wconf 81' lang='grc' dir='ltr'><strong>Νεκρὸς</strong></span> 
     </span>
    </p>
   </div>
   <div class='ocr_carea' id='block_1_19' title="bbox 201 1733 1771 1808">
    <p class='ocr_par' dir='ltr' id='par_1_19' title="bbox 201 1733 1771 1808">
     <span class='ocr_line' id='line_1_19' title="bbox 201 1733 1771 1808; baseline 0.001 -18"><span class='ocrx_word' id='word_1_115' title='bbox 201 1737 299 1807; x_wconf 77' lang='grc' dir='ltr'><strong>ἦν,</strong></span> <span class='ocrx_word' id='word_1_116' title='bbox 334 1738 432 1791; x_wconf 79' lang='grc' dir='ltr'><strong>καὶ</strong></span> <span class='ocrx_word' id='word_1_117' title='bbox 468 1736 752 1807; x_wconf 82' lang='grc' dir='ltr'><strong>ἀνέζησε’</strong></span> <span class='ocrx_word' id='word_1_118' title='bbox 788 1738 886 1791; x_wconf 75' lang='grc' dir='ltr'><strong>καὶ</strong></span> <span class='ocrx_word' id='word_1_119' title='bbox 908 1737 1239 1804; x_wconf 76' lang='grc' dir='ltr'><strong>ἀπολωλὼς</strong></span> <span class='ocrx_word' id='word_1_120' title='bbox 1265 1733 1364 1808; x_wconf 81' lang='grc' dir='ltr'><strong>ἦν.</strong></span> <span class='ocrx_word' id='word_1_121' title='bbox 1395 1737 1491 1791; x_wconf 77' lang='grc' dir='ltr'><strong>καὶ</strong></span> <span class='ocrx_word' id='word_1_122' title='bbox 1525 1735 1738 1806; x_wconf 81' lang='grc' dir='ltr'><strong>εὑρέθη</strong></span> <span class='ocrx_word' id='word_1_123' title='bbox 1758 1753 1771 1765; x_wconf 89' lang='grc'><strong>·</strong></span> 
     </span>
    </p>
   </div>
   <div class='ocr_carea' id='block_1_20' title="bbox 1873 546 3486 622">
    <p class='ocr_par' dir='ltr' id='par_1_20' title="bbox 1873 546 3486 622">
     <span class='ocr_line' id='line_1_20' title="bbox 1873 546 3486 622; baseline -0.002 -16"><span class='ocrx_word' id='word_1_124' title='bbox 1873 550 2197 622; x_wconf 85' lang='lat' dir='ltr'><strong>peregrino;</strong></span> <span class='ocrx_word' id='word_1_125' title='bbox 2253 564 2354 604; x_wconf 86' lang='lat' dir='ltr'><strong>nec</strong></span> <span class='ocrx_word' id='word_1_126' title='bbox 2400 546 2625 603; x_wconf 82' lang='lat' dir='ltr'><strong>fratrem</strong></span> <span class='ocrx_word' id='word_1_127' title='bbox 2676 548 2970 611; x_wconf 88' lang='lat' dir='ltr'><strong>averseris,</strong></span> <span class='ocrx_word' id='word_1_128' title='bbox 3008 552 3062 602; x_wconf 90' lang='lat' dir='ltr'><strong>et</strong></span> <span class='ocrx_word' id='word_1_129' title='bbox 3101 546 3486 618; x_wconf 84' lang='lat' dir='ltr'><strong>peregrinum‘</strong></span> 
     </span>
    </p>
   </div>
   <div class='ocr_carea' id='block_1_21' title="bbox 1874 638 3450 712">
    <p class='ocr_par' dir='ltr' id='par_1_21' title="bbox 1874 638 3450 712">
     <span class='ocr_line' id='line_1_21' title="bbox 1874 638 3450 712; baseline -0.001 -18"><span class='ocrx_word' id='word_1_130' title='bbox 1874 658 1972 712; x_wconf 91' lang='lat' dir='ltr'><strong>pro</strong></span> <span class='ocrx_word' id='word_1_131' title='bbox 2004 641 2170 696; x_wconf 78' lang='lat' dir='ltr'><strong>fratre</strong></span> <span class='ocrx_word' id='word_1_132' title='bbox 2195 640 2357 696; x_wconf 87' lang='lat' dir='ltr'><strong>habe.</strong></span> <span class='ocrx_word' id='word_1_133' title='bbox 2386 639 2515 695; x_wconf 80' lang='lat' dir='ltr'><strong>V’ult</strong></span> <span class='ocrx_word' id='word_1_134' title='bbox 2543 638 2686 696; x_wconf 89' lang='lat' dir='ltr'><strong>Deus</strong></span> <span class='ocrx_word' id='word_1_135' title='bbox 2709 646 2763 696; x_wconf 90' lang='lat' dir='ltr'><strong>te</strong></span> <span class='ocrx_word' id='word_1_136' title='bbox 2792 639 3165 711; x_wconf 76' lang='lat' dir='ltr'><strong>indigentibus</strong></span> <span class='ocrx_word' id='word_1_137' title='bbox 3195 639 3450 695; x_wconf 86' lang='lat' dir='ltr'><strong>solatium</strong></span> 
     </span>
    </p>
   </div>
   <div class='ocr_carea' id='block_1_22' title="bbox 1875 732 3452 804">
    <p class='ocr_par' dir='ltr' id='par_1_22' title="bbox 1875 732 3452 804">
     <span class='ocr_line' id='line_1_22' title="bbox 1875 732 3452 804; baseline -0.001 -16"><span class='ocrx_word' id='word_1_138' title='bbox 1875 734 2090 795; x_wconf 76' lang='lat' dir='ltr'><strong>afferre.</strong></span> <span class='ocrx_word' id='word_1_139' title='bbox 2135 735 2342 789; x_wconf 89' lang='lat' dir='ltr'><strong>nullam</strong></span> <span class='ocrx_word' id='word_1_140' title='bbox 2377 749 2734 804; x_wconf 88' lang='lat' dir='ltr'><strong>personarum</strong></span> <span class='ocrx_word' id='word_1_141' title='bbox 2773 734 3036 788; x_wconf 89' lang='lat' dir='ltr'><strong>rationem</strong></span> <span class='ocrx_word' id='word_1_142' title='bbox 3091 732 3312 797; x_wconf 88' lang='lat' dir='ltr'><strong>habere,</strong></span> <span class='ocrx_word' id='word_1_143' title='bbox 3345 747 3452 787; x_wconf 92' lang='lat' dir='ltr'><strong>non</strong></span> 
     </span>
    </p>
   </div>
   <div class='ocr_carea' id='block_1_23' title="bbox 1875 824 3456 898">
    <p class='ocr_par' dir='ltr' id='par_1_23' title="bbox 1875 824 3456 898">
     <span class='ocr_line' id='line_1_23' title="bbox 1875 824 3456 898; baseline 0 -18"><span class='ocrx_word' id='word_1_144' title='bbox 1875 828 2182 898; x_wconf 89' lang='lat' dir='ltr'><strong>propinquo</strong></span> <span class='ocrx_word' id='word_1_145' title='bbox 2209 827 2361 892; x_wconf 90' lang='lat' dir='ltr'><strong>dare,</strong></span> <span class='ocrx_word' id='word_1_146' title='bbox 2392 826 2743 896; x_wconf 86' lang='lat' dir='ltr'><strong>peregrinum</strong></span> <span class='ocrx_word' id='word_1_147' title='bbox 2774 839 2907 880; x_wconf 91' lang='lat' dir='ltr'><strong>vero</strong></span> <span class='ocrx_word' id='word_1_148' title='bbox 2938 824 3222 896; x_wconf 85' lang='lat' dir='ltr'><strong>repellere.</strong></span> <span class='ocrx_word' id='word_1_149' title='bbox 3251 824 3456 882; x_wconf 86' lang='lat' dir='ltr'><strong>Omnes</strong></span> 
     </span>
    </p>
   </div>
   <div class='ocr_carea' id='block_1_24' title="bbox 1874 914 3454 990">
    <p class='ocr_par' dir='ltr' id='par_1_24' title="bbox 1874 914 3454 990">
     <span class='ocr_line' id='line_1_24' title="bbox 1874 914 3454 990; baseline -0.006 -14"><span class='ocrx_word' id='word_1_150' title='bbox 1874 920 2017 976; x_wconf 89' lang='lat' dir='ltr'><strong>enim</strong></span> <span class='ocrx_word' id='word_1_151' title='bbox 2062 917 2385 990; x_wconf 84' lang='lat' dir='ltr'><strong>propinqui,</strong></span> <span class='ocrx_word' id='word_1_152' title='bbox 2437 932 2628 972; x_wconf 88' lang='lat' dir='ltr'><strong>omnes</strong></span> <span class='ocrx_word' id='word_1_153' title='bbox 2684 916 2904 977; x_wconf 88' lang='lat' dir='ltr'><strong>fratres,</strong></span> <span class='ocrx_word' id='word_1_154' title='bbox 2965 914 3126 972; x_wconf 89' lang='lat' dir='ltr'><strong>unius</strong></span> <span class='ocrx_word' id='word_1_155' title='bbox 3157 915 3328 985; x_wconf 88' lang='lat' dir='ltr'><strong>patris</strong></span> <span class='ocrx_word' id='word_1_156' title='bbox 3359 915 3454 969; x_wconf 82' lang='lat' dir='ltr'><strong>ﬁlii</strong></span> 
     </span>
    </p>
   </div>
   <div class='ocr_carea' id='block_1_25' title="bbox 1873 1006 3452 1081">
    <p class='ocr_par' dir='ltr' id='par_1_25' title="bbox 1873 1006 3452 1081">
     <span class='ocr_line' id='line_1_25' title="bbox 1873 1006 3452 1081; baseline -0.006 -13"><span class='ocrx_word' id='word_1_157' title='bbox 1873 1027 2084 1068; x_wconf 92' lang='lat' dir='ltr'><strong>omnes.</strong></span> <span class='ocrx_word' id='word_1_158' title='bbox 2135 1011 2213 1081; x_wconf 68' lang='lat'><strong>(4)</strong></span> <span class='ocrx_word' id='word_1_159' title='bbox 2272 1008 2412 1064; x_wconf 91' lang='lat' dir='ltr'><strong>Sunt</strong></span> <span class='ocrx_word' id='word_1_160' title='bbox 2458 1009 2550 1079; x_wconf 90' lang='lat' dir='ltr'><strong>qui</strong></span> <span class='ocrx_word' id='word_1_161' title='bbox 2598 1024 2630 1064; x_wconf 91' lang='lat' dir='ltr'><strong>e</strong></span> <span class='ocrx_word' id='word_1_162' title='bbox 2685 1007 2940 1063; x_wconf 81' lang='lat' dir='ltr'><strong>faucibus</strong></span> <span class='ocrx_word' id='word_1_163' title='bbox 2988 1006 3219 1078; x_wconf 86' lang='lat' dir='ltr'><strong>periculi</strong></span> <span class='ocrx_word' id='word_1_164' title='bbox 3279 1007 3452 1076; x_wconf 83' lang='lat' dir='ltr'><strong>erepti</strong></span> 
     </span>
    </p>
   </div>
   <div class='ocr_carea' id='block_1_26' title="bbox 1877 1100 3454 1169">
    <p class='ocr_par' dir='ltr' id='par_1_26' title="bbox 1877 1100 3454 1169">
     <span class='ocr_line' id='line_1_26' title="bbox 1877 1100 3454 1169; baseline -0.002 -13"><span class='ocrx_word' id='word_1_165' title='bbox 1877 1102 2030 1158; x_wconf 84' lang='lat' dir='ltr'><strong>fuere</strong></span> <span class='ocrx_word' id='word_1_166' title='bbox 2045 1118 2073 1156; x_wconf 89' lang='lat' dir='ltr'><strong>a</strong></span> <span class='ocrx_word' id='word_1_167' title='bbox 2099 1101 2383 1166; x_wconf 89' lang='lat' dir='ltr'><strong>Creatore,</strong></span> <span class='ocrx_word' id='word_1_168' title='bbox 2405 1117 2505 1156; x_wconf 91' lang='lat' dir='ltr'><strong>nec</strong></span> <span class='ocrx_word' id='word_1_169' title='bbox 2526 1101 2639 1169; x_wconf 87' lang='lat' dir='ltr'><strong>jam</strong></span> <span class='ocrx_word' id='word_1_170' title='bbox 2662 1101 2834 1156; x_wconf 89' lang='lat' dir='ltr'><strong>ullum</strong></span> <span class='ocrx_word' id='word_1_171' title='bbox 2854 1101 3057 1155; x_wconf 84' lang='lat' dir='ltr'><strong>habent</strong></span> <span class='ocrx_word' id='word_1_172' title='bbox 3077 1100 3181 1156; x_wconf 90' lang='lat' dir='ltr'><strong>sibi</strong></span> <span class='ocrx_word' id='word_1_173' title='bbox 3206 1100 3454 1154; x_wconf 81' lang='lat' dir='ltr'><strong>relictum</strong></span> 
     </span>
    </p>
   </div>
   <div class='ocr_carea' id='block_1_27' title="bbox 1875 1191 3456 1261">
    <p class='ocr_par' dir='ltr' id='par_1_27' title="bbox 1875 1191 3456 1261">
     <span class='ocr_line' id='line_1_27' title="bbox 1875 1191 3456 1261; baseline -0.001 -15"><span class='ocrx_word' id='word_1_174' title='bbox 1875 1193 2001 1248; x_wconf 66' lang='lat' dir='ltr'><strong>vitae</strong></span> <span class='ocrx_word' id='word_1_175' title='bbox 2047 1193 2388 1256; x_wconf 87' lang='lat' dir='ltr'><strong>subsidium,</strong></span> <span class='ocrx_word' id='word_1_176' title='bbox 2449 1191 2543 1247; x_wconf 91' lang='lat' dir='ltr'><strong>sed</strong></span> <span class='ocrx_word' id='word_1_177' title='bbox 2611 1192 2850 1246; x_wconf 88' lang='lat' dir='ltr'><strong>animam</strong></span> <span class='ocrx_word' id='word_1_178' title='bbox 2909 1191 3081 1246; x_wconf 85' lang='lat' dir='ltr'><strong>solam</strong></span> <span class='ocrx_word' id='word_1_179' title='bbox 3134 1198 3187 1246; x_wconf 90' lang='lat' dir='ltr'><strong>et</strong></span> <span class='ocrx_word' id='word_1_180' title='bbox 3253 1205 3456 1261; x_wconf 90' lang='lat' dir='ltr'><strong>corpus</strong></span> 
     </span>
    </p>
   </div>
   <div class='ocr_carea' id='block_1_28' title="bbox 1877 1281 3460 1355">
    <p class='ocr_par' dir='ltr' id='par_1_28' title="bbox 1877 1281 3460 1355">
     <span class='ocr_line' id='line_1_28' title="bbox 1877 1281 3460 1355; baseline -0.001 -17"><span class='ocrx_word' id='word_1_181' title='bbox 1877 1283 2125 1355; x_wconf 80' lang='lat' dir='ltr'><strong>periculo</strong></span> <span class='ocrx_word' id='word_1_182' title='bbox 2173 1281 2507 1337; x_wconf 89' lang='lat' dir='ltr'><strong>subduxere.</strong></span> <span class='ocrx_word' id='word_1_183' title='bbox 2556 1281 2666 1337; x_wconf 87' lang='lat' dir='ltr'><strong>Nos</strong></span> <span class='ocrx_word' id='word_1_184' title='bbox 2713 1296 2884 1352; x_wconf 83' lang='lat' dir='ltr'><strong>ergo,</strong></span> <span class='ocrx_word' id='word_1_185' title='bbox 2915 1281 3337 1352; x_wconf 89' lang='lat' dir='ltr'><strong>quibuscunque</strong></span> <span class='ocrx_word' id='word_1_186' title='bbox 3372 1283 3460 1336; x_wconf 53' lang='lat' dir='ltr'><strong>in.</strong></span> 
     </span>
    </p>
   </div>
   <div class='ocr_carea' id='block_1_29' title="bbox 1877 1371 3456 1442">
    <p class='ocr_par' dir='ltr' id='par_1_29' title="bbox 1877 1371 3456 1442">
     <span class='ocr_line' id='line_1_29' title="bbox 1877 1371 3456 1442; baseline 0.001 -17"><span class='ocrx_word' id='word_1_187' title='bbox 1877 1379 2091 1442; x_wconf 84' lang='lat' dir='ltr'><strong>gustata</strong></span> <span class='ocrx_word' id='word_1_188' title='bbox 2155 1387 2336 1426; x_wconf 90' lang='lat' dir='ltr'><strong>rerum</strong></span> <span class='ocrx_word' id='word_1_189' title='bbox 2394 1371 2748 1428; x_wconf 88' lang='lat' dir='ltr'><strong>adversarum</strong></span> <span class='ocrx_word' id='word_1_190' title='bbox 2803 1372 3177 1440; x_wconf 82' lang='lat' dir='ltr'><strong>experientia,</strong></span> <span class='ocrx_word' id='word_1_191' title='bbox 3241 1371 3456 1441; x_wconf 88' lang='lat' dir='ltr'><strong>copiam</strong></span> 
     </span>
    </p>
   </div>
   <div class='ocr_carea' id='block_1_30' title="bbox 1877 1462 3460 1534">
    <p class='ocr_par' dir='ltr' id='par_1_30' title="bbox 1877 1462 3460 1534">
     <span class='ocr_line' id='line_1_30' title="bbox 1877 1462 3460 1534; baseline 0 -16"><span class='ocrx_word' id='word_1_192' title='bbox 1877 1471 2120 1519; x_wconf 82' lang='lat' dir='ltr'><strong>nostram</strong></span> <span class='ocrx_word' id='word_1_193' title='bbox 2152 1478 2497 1517; x_wconf 86' lang='lat' dir='ltr'><strong>communem</strong></span> <span class='ocrx_word' id='word_1_194' title='bbox 2524 1477 2648 1518; x_wconf 91' lang='lat' dir='ltr'><strong>cum</strong></span> <span class='ocrx_word' id='word_1_195' title='bbox 2698 1462 2808 1518; x_wconf 90' lang='lat' dir='ltr'><strong>illis</strong></span> <span class='ocrx_word' id='word_1_196' title='bbox 2877 1463 3164 1519; x_wconf 85' lang='lat' dir='ltr'><strong>faciamus.</strong></span> <span class='ocrx_word' id='word_1_197' title='bbox 3235 1463 3460 1534; x_wconf 79' lang='lat' dir='ltr'><strong>Ample-</strong></span> 
     </span>
    </p>
   </div>
   <div class='ocr_carea' id='block_1_31' title="bbox 1879 1552 3458 1623">
    <p class='ocr_par' dir='ltr' id='par_1_31' title="bbox 1879 1552 3458 1623">
     <span class='ocr_line' id='line_1_31' title="bbox 1879 1552 3458 1623; baseline -0.001 -15"><span class='ocrx_word' id='word_1_198' title='bbox 1879 1562 2097 1608; x_wconf 86' lang='lat' dir='ltr'><strong>ctamur</strong></span> <span class='ocrx_word' id='word_1_199' title='bbox 2122 1552 2322 1608; x_wconf 86' lang='lat' dir='ltr'><strong>fratres</strong></span> <span class='ocrx_word' id='word_1_200' title='bbox 2348 1553 2437 1606; x_wconf 88' lang='lat' dir='ltr'><strong>vix</strong></span> <span class='ocrx_word' id='word_1_201' title='bbox 2470 1560 2739 1616; x_wconf 87' lang='lat' dir='ltr'><strong>servatos,</strong></span> <span class='ocrx_word' id='word_1_202' title='bbox 2791 1553 3042 1608; x_wconf 87' lang='lat' dir='ltr'><strong>dicamus</strong></span> <span class='ocrx_word' id='word_1_203' title='bbox 3075 1554 3309 1623; x_wconf 89' lang='lat' dir='ltr'><strong>quisque</strong></span> <span class='ocrx_word' id='word_1_204' title='bbox 3341 1553 3458 1608; x_wconf 91' lang='lat' dir='ltr'><strong>cui-</strong></span> 
     </span>
    </p>
   </div>
   <div class='ocr_carea' id='block_1_32' title="bbox 1879 1646 3455 1718">
    <p class='ocr_par' dir='ltr' id='par_1_32' title="bbox 1879 1646 3455 1718">
     <span class='ocr_line' id='line_1_32' title="bbox 1879 1646 3455 1718; baseline -0.001 -17"><span class='ocrx_word' id='word_1_205' title='bbox 1879 1665 2010 1718; x_wconf 90' lang='lat' dir='ltr'><strong>que:</strong></span> <span class='ocrx_word' id='word_1_206' title='bbox 2046 1647 2290 1702; x_wconf 75' lang='lat' dir='ltr'><strong>Mortuus</strong></span> <span class='ocrx_word' id='word_1_207' title='bbox 2322 1655 2459 1710; x_wconf 79' lang='lat' dir='ltr'><strong>erat,</strong></span> <span class='ocrx_word' id='word_1_208' title='bbox 2488 1654 2538 1700; x_wconf 89' lang='lat' dir='ltr'><strong>et</strong></span> <span class='ocrx_word' id='word_1_209' title='bbox 2570 1646 2793 1708; x_wconf 72' lang='lat' dir='ltr'><strong>revixit;</strong></span> <span class='ocrx_word' id='word_1_210' title='bbox 2820 1647 3090 1715; x_wconf 85' lang='lat' dir='ltr'><strong>perierat,</strong></span> <span class='ocrx_word' id='word_1_211' title='bbox 3117 1654 3167 1700; x_wconf 85' lang='lat' dir='ltr'><strong>et</strong></span> <span class='ocrx_word' id='word_1_212' title='bbox 3217 1646 3455 1702; x_wconf 83' lang='lat' dir='ltr'><strong>inventus</strong></span> 
     </span>
    </p>
   </div>
   <div class='ocr_carea' id='block_1_33' title="bbox 1878 1736 3452 1808">
    <p class='ocr_par' dir='ltr' id='par_1_33' title="bbox 1878 1736 3452 1808">
     <span class='ocr_line' id='line_1_33' title="bbox 1878 1736 3452 1808; baseline -0.001 -16"><span class='ocrx_word' id='word_1_213' title='bbox 1878 1749 1957 1793; x_wconf 82' lang='lat' dir='ltr'><strong>est</strong></span> <span class='ocrx_word' id='word_1_214' title='bbox 1989 1739 2100 1806; x_wconf 76' lang='lat'><strong>“‘;</strong></span> <span class='ocrx_word' id='word_1_215' title='bbox 2156 1747 2321 1808; x_wconf 85' lang='lat' dir='ltr'><strong>atque</strong></span> <span class='ocrx_word' id='word_1_216' title='bbox 2345 1753 2548 1806; x_wconf 87' lang='lat' dir='ltr'><strong>corpus</strong></span> <span class='ocrx_word' id='word_1_217' title='bbox 2606 1746 2798 1792; x_wconf 89' lang='lat' dir='ltr'><strong>nostro</strong></span> <span class='ocrx_word' id='word_1_218' title='bbox 2856 1736 3020 1792; x_wconf 78' lang='lat' dir='ltr'><strong>afﬁne</strong></span> <span class='ocrx_word' id='word_1_219' title='bbox 3078 1745 3452 1807; x_wconf 84' lang='lat' dir='ltr'><strong>contegamus.</strong></span> 
     </span>
    </p>
   </div>
   <div class='ocr_carea' id='block_1_34' title="bbox 201 1814 1782 1902">
    <p class='ocr_par' dir='ltr' id='par_1_34' title="bbox 201 1828 1778 1901">
     <span class='ocr_line' id='line_1_34' title="bbox 201 1828 1778 1901; baseline -0.002 -17"><span class='ocrx_word' id='word_1_220' title='bbox 201 1832 296 1886; x_wconf 73' lang='grc' dir='ltr'><strong>καὶ</strong></span> <span class='ocrx_word' id='word_1_221' title='bbox 338 1831 399 1883; x_wconf 80' lang='grc' dir='ltr'><strong>τὸ</strong></span> <span class='ocrx_word' id='word_1_222' title='bbox 426 1830 688 1900; x_wconf 82' lang='grc' dir='ltr'><strong>συγγενὲς</strong></span> <span class='ocrx_word' id='word_1_223' title='bbox 725 1829 886 1901; x_wconf 89' lang='grc' dir='ltr'><strong>σῶμα</strong></span> <span class='ocrx_word' id='word_1_224' title='bbox 921 1829 1304 1898; x_wconf 86' lang='grc' dir='ltr'><strong>σκεπάσωμεν.</strong></span> <span class='ocrx_word' id='word_1_225' title='bbox 1343 1828 1778 1900; x_wconf 77' lang='grc' dir='ltr'><strong>Ἀντιστὴσωμεν</strong></span> 
     </span>
    </p>
   </div>
   <div class='ocr_carea' id='block_1_35' title="bbox 1889 1814 3460 1902">
    <p class='ocr_par' dir='ltr' id='par_1_35' title="bbox 1889 1829 3460 1902">
     <span class='ocr_line' id='line_1_35' title="bbox 1889 1829 3460 1902; baseline 0.001 -16"><span class='ocrx_word' id='word_1_226' title='bbox 1889 1831 2235 1902; x_wconf 86' lang='lat' dir='ltr'><strong>Dpponamus</strong></span> <span class='ocrx_word' id='word_1_227' title='bbox 2293 1829 2505 1886; x_wconf 84' lang='lat' dir='ltr'><strong>Inimici</strong></span> <span class='ocrx_word' id='word_1_228' title='bbox 2557 1830 2775 1900; x_wconf 87' lang='lat' dir='ltr'><strong>injuriis</strong></span> <span class='ocrx_word' id='word_1_229' title='bbox 2827 1841 3073 1885; x_wconf 88' lang='lat' dir='ltr'><strong>nostram</strong></span> <span class='ocrx_word' id='word_1_230' title='bbox 3127 1829 3460 1888; x_wconf 84' lang='lat' dir='ltr'><strong>consolatio-</strong></span> 
     </span>
    </p>
   </div>
   <div class='ocr_carea' id='block_1_36' title="bbox 202 1919 1780 1994">
    <p class='ocr_par' dir='ltr' id='par_1_36' title="bbox 202 1919 1780 1994">
     <span class='ocr_line' id='line_1_36' title="bbox 202 1919 1780 1994; baseline -0.002 -19"><span class='ocrx_word' id='word_1_231' title='bbox 202 1925 322 1986; x_wconf 88' lang='grc' dir='ltr'><strong>ταῖς</strong></span> <span class='ocrx_word' id='word_1_232' title='bbox 355 1923 448 1978; x_wconf 86' lang='grc' dir='ltr'><strong>τοῦ</strong></span> <span class='ocrx_word' id='word_1_233' title='bbox 481 1921 790 1994; x_wconf 89' lang='grc' dir='ltr'><strong>Δυσμενοῦς</strong></span> <span class='ocrx_word' id='word_1_234' title='bbox 825 1922 1107 1994; x_wconf 76' lang='grc' dir='ltr'><strong>ἐπηρείαις</strong></span> <span class='ocrx_word' id='word_1_235' title='bbox 1151 1921 1250 1992; x_wconf 81' lang='grc' dir='ltr'><strong>τὴν</strong></span> <span class='ocrx_word' id='word_1_236' title='bbox 1290 1920 1560 1992; x_wconf 84' lang='grc' dir='ltr'><strong>ἡμετέραν</strong></span> <span class='ocrx_word' id='word_1_237' title='bbox 1603 1919 1780 1990; x_wconf 86' lang='grc' dir='ltr'><strong>παρά-</strong></span> 
     </span>
    </p>
   </div>
   <div class='ocr_carea' id='block_1_37' title="bbox 201 2010 1780 2086">
    <p class='ocr_par' dir='ltr' id='par_1_37' title="bbox 201 2010 1780 2086">
     <span class='ocr_line' id='line_1_37' title="bbox 201 2010 1780 2086; baseline -0.003 -18"><span class='ocrx_word' id='word_1_238' title='bbox 201 2014 414 2086; x_wconf 85' lang='grc' dir='ltr'><strong>κλησιν,</strong></span> <span class='ocrx_word' id='word_1_239' title='bbox 443 2014 530 2068; x_wconf 81' lang='grc' dir='ltr'><strong>ἵνα</strong></span> <span class='ocrx_word' id='word_1_240' title='bbox 556 2014 651 2068; x_wconf 76' lang='grc' dir='ltr'><strong>καὶ</strong></span> <span class='ocrx_word' id='word_1_241' title='bbox 691 2013 942 2085; x_wconf 80' lang='grc' dir='ltr'><strong>βλάπτων</strong></span> <span class='ocrx_word' id='word_1_242' title='bbox 972 2015 1178 2076; x_wconf 79' lang='grc' dir='ltr'><strong>ἐκεῖνος</strong></span> <span class='ocrx_word' id='word_1_243' title='bbox 1214 2012 1378 2083; x_wconf 82' lang='grc' dir='ltr'><strong>μηδὲν</strong></span> <span class='ocrx_word' id='word_1_244' title='bbox 1408 2013 1550 2083; x_wconf 89' lang='grc' dir='ltr'><strong>μέγα</strong></span> <span class='ocrx_word' id='word_1_245' title='bbox 1581 2010 1780 2081; x_wconf 73' lang='grc' dir='ltr'><strong>βλάψαι</strong></span> 
     </span>
    </p>
   </div>
   <div class='ocr_carea' id='block_1_38' title="bbox 200 2103 1786 2178">
    <p class='ocr_par' dir='ltr' id='par_1_38' title="bbox 200 2103 1786 2178">
     <span class='ocr_line' id='line_1_38' title="bbox 200 2103 1786 2178; baseline -0.001 -18"><span class='ocrx_word' id='word_1_246' title='bbox 200 2105 331 2178; x_wconf 82' lang='grc' dir='ltr'><strong>δοκῇ</strong></span> <span class='ocrx_word' id='word_1_247' title='bbox 351 2122 366 2136; x_wconf 80' lang='lat'><strong><em>°</em></strong></span> <span class='ocrx_word' id='word_1_248' title='bbox 391 2106 486 2160; x_wconf 77' lang='grc' dir='ltr'><strong>καὶ</strong></span> <span class='ocrx_word' id='word_1_249' title='bbox 511 2105 845 2177; x_wconf 81' lang='grc' dir='ltr'><strong>πολεμήσας,</strong></span> <span class='ocrx_word' id='word_1_250' title='bbox 888 2105 1092 2176; x_wconf 79' lang='grc' dir='ltr'><strong>μηδένα</strong></span> <span class='ocrx_word' id='word_1_251' title='bbox 1121 2103 1268 2177; x_wconf 81' lang='grc' dir='ltr'><strong>δείξῃ</strong></span> <span class='ocrx_word' id='word_1_252' title='bbox 1299 2105 1374 2173; x_wconf 66' lang='grc'><strong>(1)</strong></span> <span class='ocrx_word' id='word_1_253' title='bbox 1405 2103 1786 2174; x_wconf 76' lang='grc' dir='ltr'><strong>νενικημένονο</strong></span> 
     </span>
    </p>
   </div>
   <div class='ocr_carea' id='block_1_39' title="bbox 202 2193 1790 2267">
    <p class='ocr_par' dir='ltr' id='par_1_39' title="bbox 202 2193 1790 2267">
     <span class='ocr_line' id='line_1_39' title="bbox 202 2193 1790 2267; baseline -0.001 -18"><span class='ocrx_word' id='word_1_254' title='bbox 202 2197 298 2250; x_wconf 73' lang='grc' dir='ltr'><strong>καὶ</strong></span> <span class='ocrx_word' id='word_1_255' title='bbox 334 2194 596 2267; x_wconf 83' lang='grc' dir='ltr'><strong>περιελὼν</strong></span> <span class='ocrx_word' id='word_1_256' title='bbox 633 2196 734 2267; x_wconf 81' lang='grc' dir='ltr'><strong>τὴν</strong></span> <span class='ocrx_word' id='word_1_257' title='bbox 769 2195 1032 2266; x_wconf 71' lang='grc' dir='ltr'><strong>εὐπορίαν</strong></span> <span class='ocrx_word' id='word_1_258' title='bbox 1081 2194 1191 2248; x_wconf 85' lang='grc' dir='ltr'><strong>τῶν</strong></span> <span class='ocrx_word' id='word_1_259' title='bbox 1230 2193 1499 2264; x_wconf 83' lang='grc' dir='ltr'><strong>ἀδελφῶν,</strong></span> <span class='ocrx_word' id='word_1_260' title='bbox 1537 2194 1644 2248; x_wconf 83' lang='grc' dir='ltr'><strong>ὑπὸ</strong></span> <span class='ocrx_word' id='word_1_261' title='bbox 1689 2195 1790 2267; x_wconf 84' lang='grc' dir='ltr'><strong>τῆς</strong></span> 
     </span>
    </p>
   </div>
   <div class='ocr_carea' id='block_1_40' title="bbox 203 2285 1402 2359">
    <p class='ocr_par' dir='ltr' id='par_1_40' title="bbox 203 2285 1402 2359">
     <span class='ocr_line' id='line_1_40' title="bbox 203 2285 1402 2359; baseline 0.001 -20"><span class='ocrx_word' id='word_1_262' title='bbox 203 2289 478 2359; x_wconf 76' lang='grc' dir='ltr'><strong>ἡμετέρας</strong></span> <span class='ocrx_word' id='word_1_263' title='bbox 507 2286 817 2358; x_wconf 82' lang='grc' dir='ltr'><strong>φιλοτιμίας</strong></span> <span class='ocrx_word' id='word_1_264' title='bbox 847 2285 1042 2357; x_wconf 87' lang='grc' dir='ltr'><strong>φανείη</strong></span> <span class='ocrx_word' id='word_1_265' title='bbox 1076 2285 1402 2358; x_wconf 82' lang='grc' dir='ltr'><strong>νικώμενος.</strong></span> 
     </span>
    </p>
   </div>
   <div class='ocr_carea' id='block_1_41' title="bbox 273 2377 1782 2451">
    <p class='ocr_par' dir='ltr' id='par_1_41' title="bbox 273 2377 1782 2451">
     <span class='ocr_line' id='line_1_41' title="bbox 273 2377 1782 2451; baseline 0.002 -20"><span class='ocrx_word' id='word_1_266' title='bbox 273 2378 330 2432; x_wconf 89' lang='grc'><strong>6.</strong></span> <span class='ocrx_word' id='word_1_267' title='bbox 361 2380 461 2444; x_wconf 80' lang='grc' dir='ltr'><strong>ᾼιά</strong></span> <span class='ocrx_word' id='word_1_268' title='bbox 500 2379 598 2450; x_wconf 85' lang='grc' dir='ltr'><strong>μὲν</strong></span> <span class='ocrx_word' id='word_1_269' title='bbox 621 2379 730 2451; x_wconf 92' lang='grc' dir='ltr'><strong>γάρ</strong></span> <span class='ocrx_word' id='word_1_270' title='bbox 756 2379 854 2451; x_wconf 80' lang='grc' dir='ltr'><strong>τὴν</strong></span> <span class='ocrx_word' id='word_1_271' title='bbox 883 2379 1125 2450; x_wconf 82' lang='grc' dir='ltr'><strong>ἀγάπην,</strong></span> <span class='ocrx_word' id='word_1_272' title='bbox 1154 2381 1213 2431; x_wconf 88' lang='grc' dir='ltr'><strong>ὲν</strong></span> <span class='ocrx_word' id='word_1_273' title='bbox 1229 2377 1492 2448; x_wconf 82' lang='grc' dir='ltr'><strong>ἁπλότητι</strong></span> <span class='ocrx_word' id='word_1_274' title='bbox 1513 2380 1608 2434; x_wconf 78' lang='grc' dir='ltr'><strong>καὶ</strong></span> <span class='ocrx_word' id='word_1_275' title='bbox 1634 2379 1782 2434; x_wconf 88' lang='grc' dir='ltr'><strong>ἀνει-</strong></span> 
     </span>
    </p>
   </div>
   <div class='ocr_carea' id='block_1_42' title="bbox 207 2467 1783 2542">
    <p class='ocr_par' dir='ltr' id='par_1_42' title="bbox 207 2467 1783 2542">
     <span class='ocr_line' id='line_1_42' title="bbox 207 2467 1783 2542; baseline 0.003 -18"><span class='ocrx_word' id='word_1_276' title='bbox 207 2472 370 2542; x_wconf 82' lang='grc' dir='ltr'><strong>μένον</strong></span> <span class='ocrx_word' id='word_1_277' title='bbox 432 2467 571 2527; x_wconf 88' lang='grc' dir='ltr'><strong>εἷναι</strong></span> <span class='ocrx_word' id='word_1_278' title='bbox 623 2471 760 2542; x_wconf 81' lang='grc' dir='ltr'><strong>πρὸς</strong></span> <span class='ocrx_word' id='word_1_279' title='bbox 803 2473 928 2536; x_wconf 76' lang='grc' dir='ltr'><strong>τοὺς</strong></span> <span class='ocrx_word' id='word_1_280' title='bbox 978 2471 1262 2535; x_wconf 80' lang='grc' dir='ltr'><strong>αἰτοῦντας</strong></span> <span class='ocrx_word' id='word_1_281' title='bbox 1294 2471 1385 2524; x_wconf 87' lang='grc' dir='ltr'><strong>τὸν</strong></span> <span class='ocrx_word' id='word_1_282' title='bbox 1432 2473 1783 2542; x_wconf 81' lang='grc' dir='ltr'><strong>μεταδοτικὺν</strong></span> 
     </span>
    </p>
   </div>
   <div class='ocr_carea' id='block_1_43' title="bbox 201 2563 1782 2636">
    <p class='ocr_par' dir='ltr' id='par_1_43' title="bbox 201 2563 1782 2636">
     <span class='ocr_line' id='line_1_43' title="bbox 201 2563 1782 2636; baseline 0.001 -20"><span class='ocrx_word' id='word_1_283' title='bbox 201 2563 306 2629; x_wconf 84' lang='grc' dir='ltr'><strong>δεῖ,</strong></span> <span class='ocrx_word' id='word_1_284' title='bbox 343 2565 484 2624; x_wconf 88' lang='grc' dir='ltr'><strong>κατά</strong></span> <span class='ocrx_word' id='word_1_285' title='bbox 514 2564 576 2618; x_wconf 82' lang='grc' dir='ltr'><strong>τὺ</strong></span> <span class='ocrx_word' id='word_1_286' title='bbox 598 2564 805 2634; x_wconf 79' lang='grc' dir='ltr'><strong>φάσκον</strong></span> <span class='ocrx_word' id='word_1_287' title='bbox 825 2564 1194 2636; x_wconf 83' lang='grc' dir='ltr'><strong>παράγγελμα</strong></span> <span class='ocrx_word' id='word_1_288' title='bbox 1213 2581 1228 2594; x_wconf 72' lang='grc' dir='ltr'><strong>ο</strong></span> <span class='ocrx_word' id='word_1_289' title='bbox 1266 2564 1350 2630; x_wconf 84' lang='grc' dir='ltr'><strong>Τῷ</strong></span> <span class='ocrx_word' id='word_1_290' title='bbox 1388 2563 1657 2618; x_wconf 70' lang='grc' dir='ltr'><strong>αἰτοῦντί</strong></span> <span class='ocrx_word' id='word_1_291' title='bbox 1685 2580 1782 2629; x_wconf 85' lang='grc' dir='ltr'><strong>σε,</strong></span> 
     </span>
    </p>
   </div>
   <div class='ocr_carea' id='block_1_44' title="bbox 203 2655 1785 2727">
    <p class='ocr_par' dir='ltr' id='par_1_44' title="bbox 203 2655 1785 2727">
     <span class='ocr_line' id='line_1_44' title="bbox 203 2655 1785 2727; baseline 0 -18"><span class='ocrx_word' id='word_1_292' title='bbox 203 2656 340 2720; x_wconf 83' lang='grc' dir='ltr'><strong>δός·</strong></span> <span class='ocrx_word' id='word_1_293' title='bbox 371 2656 614 2727; x_wconf 80' lang='grc' dir='ltr'><strong>λογισμῷ</strong></span> <span class='ocrx_word' id='word_1_294' title='bbox 635 2656 691 2709; x_wconf 85' lang='grc' dir='ltr'><strong>δὲ</strong></span> <span class='ocrx_word' id='word_1_295' title='bbox 719 2657 878 2710; x_wconf 84' lang='grc' dir='ltr'><strong>πάλιν</strong></span> <span class='ocrx_word' id='word_1_296' title='bbox 901 2655 1196 2727; x_wconf 87' lang='grc' dir='ltr'><strong>διακρίνειν</strong></span> <span class='ocrx_word' id='word_1_297' title='bbox 1221 2655 1454 2709; x_wconf 82' lang='grc' dir='ltr'><strong>ἑκάστου</strong></span> <span class='ocrx_word' id='word_1_298' title='bbox 1474 2655 1569 2726; x_wconf 82' lang='grc' dir='ltr'><strong>τὴν</strong></span> <span class='ocrx_word' id='word_1_299' title='bbox 1595 2656 1785 2727; x_wconf 86' lang='grc' dir='ltr'><strong>χρείαν</strong></span> 
     </span>
    </p>
   </div>
   <div class='ocr_carea' id='block_1_45' title="bbox 203 2743 1781 2817">
    <p class='ocr_par' dir='ltr' id='par_1_45' title="bbox 203 2743 1781 2817">
     <span class='ocr_line' id='line_1_45' title="bbox 203 2743 1781 2817; baseline 0.001 -20"><span class='ocrx_word' id='word_1_300' title='bbox 203 2744 317 2798; x_wconf 83' lang='grc' dir='ltr'><strong>τῶν</strong></span> <span class='ocrx_word' id='word_1_301' title='bbox 365 2743 821 2817; x_wconf 86' lang='grc' dir='ltr'><strong>προσαιτούντων,</strong></span> <span class='ocrx_word' id='word_1_302' title='bbox 871 2743 1052 2808; x_wconf 87' lang='grc' dir='ltr'><strong>καθὼς</strong></span> <span class='ocrx_word' id='word_1_303' title='bbox 1091 2746 1148 2797; x_wconf 80' lang='grc' dir='ltr'><strong>ὲν</strong></span> <span class='ocrx_word' id='word_1_304' title='bbox 1173 2745 1295 2808; x_wconf 89' lang='grc' dir='ltr'><strong>ταῖς</strong></span> <span class='ocrx_word' id='word_1_305' title='bbox 1326 2744 1565 2816; x_wconf 84' lang='grc' dir='ltr'><strong>Πράξεσι</strong></span> <span class='ocrx_word' id='word_1_306' title='bbox 1600 2761 1781 2816; x_wconf 83' lang='grc' dir='ltr'><strong>μεμα-</strong></span> 
     </span>
    </p>
   </div>
   <div class='ocr_carea' id='block_1_46' title="bbox 207 2835 1787 2908">
    <p class='ocr_par' dir='ltr' id='par_1_46' title="bbox 207 2835 1787 2908">
     <span class='ocr_line' id='line_1_46' title="bbox 207 2835 1787 2908; baseline 0 -19"><span class='ocrx_word' id='word_1_307' title='bbox 207 2837 477 2908; x_wconf 74' lang='grc' dir='ltr'><strong>θήκαμεν.</strong></span> <span class='ocrx_word' id='word_1_308' title='bbox 512 2836 807 2891; x_wconf 83' lang='grc' dir='ltr'><strong>Διεδίδοτο</strong></span> <span class='ocrx_word' id='word_1_309' title='bbox 864 2836 972 2908; x_wconf 76' lang='grc' dir='ltr'><strong>γὰρ</strong></span> <span class='ocrx_word' id='word_1_310' title='bbox 995 2835 1251 2900; x_wconf 78' lang='grc' dir='ltr'><strong>ἑκάστῳ,</strong></span> <span class='ocrx_word' id='word_1_311' title='bbox 1277 2835 1441 2907; x_wconf 77' lang='grc' dir='ltr'><strong>φησὶ,</strong></span> <span class='ocrx_word' id='word_1_312' title='bbox 1472 2835 1600 2889; x_wconf 82' lang='grc' dir='ltr'><strong>καθ’</strong></span> <span class='ocrx_word' id='word_1_313' title='bbox 1649 2835 1684 2888; x_wconf 82' lang='grc' dir='ltr'><em>ὅ</em></span> <span class='ocrx_word' id='word_1_314' title='bbox 1729 2853 1787 2889; x_wconf 87' lang='grc' dir='ltr'><strong>τι</strong></span> 
     </span>
    </p>
   </div>
   <div class='ocr_carea' id='block_1_47' title="bbox 205 2924 1784 3002">
    <p class='ocr_par' dir='ltr' id='par_1_47' title="bbox 205 2924 1784 3002">
     <span class='ocr_line' id='line_1_47' title="bbox 205 2924 1784 3002; baseline 0.001 -22"><span class='ocrx_word' id='word_1_315' title='bbox 205 2927 286 2981; x_wconf 78' lang='grc' dir='ltr'><em>ἄν</em></span> <span class='ocrx_word' id='word_1_316' title='bbox 315 2946 404 2994; x_wconf 88' lang='grc' dir='ltr'><strong>τις</strong></span> <span class='ocrx_word' id='word_1_317' title='bbox 425 2929 632 2997; x_wconf 73' lang='grc' dir='ltr'><strong>χρείαν</strong></span> <span class='ocrx_word' id='word_1_318' title='bbox 677 2924 862 2996; x_wconf 77' lang='grc' dir='ltr'><strong>εἶχεν.</strong></span> <span class='ocrx_word' id='word_1_319' title='bbox 911 2927 1128 3000; x_wconf 80' lang='grc' dir='ltr'><strong>Ἐπειδὴ</strong></span> <span class='ocrx_word' id='word_1_320' title='bbox 1154 2928 1260 3000; x_wconf 90' lang='grc' dir='ltr'><strong>γάρ</strong></span> <span class='ocrx_word' id='word_1_321' title='bbox 1301 2929 1487 2982; x_wconf 72' lang='grc' dir='ltr'><strong>πολλοὶ</strong></span> <span class='ocrx_word' id='word_1_322' title='bbox 1518 2928 1784 3002; x_wconf 78' lang='grc' dir='ltr'><strong>ὑπερϐαί-</strong></span> 
     </span>
    </p>
   </div>
   <div class='ocr_carea' id='block_1_48' title="bbox 208 3021 1788 3095">
    <p class='ocr_par' dir='ltr' id='par_1_48' title="bbox 208 3021 1788 3095">
     <span class='ocr_line' id='line_1_48' title="bbox 208 3021 1788 3095; baseline 0.002 -21"><span class='ocrx_word' id='word_1_323' title='bbox 208 3038 393 3085; x_wconf 76' lang='grc' dir='ltr'><strong>νοντες</strong></span> <span class='ocrx_word' id='word_1_324' title='bbox 413 3022 510 3093; x_wconf 80' lang='grc' dir='ltr'><strong>τὴν</strong></span> <span class='ocrx_word' id='word_1_325' title='bbox 566 3021 760 3092; x_wconf 81' lang='grc' dir='ltr'><strong>χρῆσιν</strong></span> <span class='ocrx_word' id='word_1_326' title='bbox 811 3021 920 3074; x_wconf 88' lang='grc' dir='ltr'><strong>τῶν</strong></span> <span class='ocrx_word' id='word_1_327' title='bbox 951 3022 1286 3090; x_wconf 87' lang='grc' dir='ltr'><strong>ἀναγκαίων,</strong></span> <span class='ocrx_word' id='word_1_328' title='bbox 1333 3023 1587 3095; x_wconf 83' lang='grc' dir='ltr'><strong>ἀφορμὴν</strong></span> <span class='ocrx_word' id='word_1_329' title='bbox 1617 3025 1788 3094; x_wconf 76' lang='grc' dir='ltr'><strong>ἐμπο-</strong></span> 
     </span>
    </p>
   </div>
   <div class='ocr_carea' id='block_1_49' title="bbox 209 3113 1854 3189">
    <p class='ocr_par' dir='ltr' id='par_1_49' title="bbox 209 3113 1854 3189">
     <span class='ocr_line' id='line_1_49' title="bbox 209 3113 1854 3189; baseline 0.002 -23"><span class='ocrx_word' id='word_1_330' title='bbox 209 3114 364 3182; x_wconf 87' lang='grc' dir='ltr'><strong>ρείας</strong></span> <span class='ocrx_word' id='word_1_331' title='bbox 384 3115 477 3165; x_wconf 79' lang='grc' dir='ltr'><strong>καὶ</strong></span> <span class='ocrx_word' id='word_1_332' title='bbox 510 3114 766 3167; x_wconf 83' lang='grc' dir='ltr'><strong>ὑπόθεσιν</strong></span> <span class='ocrx_word' id='word_1_333' title='bbox 814 3115 1027 3186; x_wconf 84' lang='grc' dir='ltr'><strong>τρυφῆς</strong></span> <span class='ocrx_word' id='word_1_334' title='bbox 1058 3113 1319 3183; x_wconf 79' lang='grc' dir='ltr'><strong>ἀσελγοῦς</strong></span> <span class='ocrx_word' id='word_1_335' title='bbox 1365 3117 1645 3169; x_wconf 88' lang='grc' dir='ltr'><strong>ποιοῦνται</strong></span> <span class='ocrx_word' id='word_1_336' title='bbox 1690 3117 1786 3189; x_wconf 79' lang='grc' dir='ltr'><strong>τὴν</strong></span> <span class='ocrx_word' id='word_1_337' title='bbox 1814 3129 1854 3186; x_wconf 81' lang='lat' dir='ltr'><strong>C</strong></span> 
     </span>
    </p>
   </div>
   <div class='ocr_carea' id='block_1_50' title="bbox 209 3205 1788 3282">
    <p class='ocr_par' dir='ltr' id='par_1_50' title="bbox 209 3205 1788 3282">
     <span class='ocr_line' id='line_1_50' title="bbox 209 3205 1788 3282; baseline 0.003 -24"><span class='ocrx_word' id='word_1_338' title='bbox 209 3207 445 3276; x_wconf 79' lang='grc' dir='ltr'><strong>αἴτησιν,</strong></span> <span class='ocrx_word' id='word_1_339' title='bbox 477 3205 852 3278; x_wconf 79' lang='grc' dir='ltr'><strong>ἐπιστημόνως</strong></span> <span class='ocrx_word' id='word_1_340' title='bbox 900 3207 996 3259; x_wconf 68' lang='grc' dir='ltr'><strong>καὶ</strong></span> <span class='ocrx_word' id='word_1_341' title='bbox 1047 3206 1408 3277; x_wconf 82' lang='grc' dir='ltr'><strong>οἰκονομικῶς</strong></span> <span class='ocrx_word' id='word_1_342' title='bbox 1430 3211 1549 3272; x_wconf 83' lang='grc' dir='ltr'><strong>ταῖς</strong></span> <span class='ocrx_word' id='word_1_343' title='bbox 1575 3209 1788 3282; x_wconf 82' lang='grc' dir='ltr'><strong>χρείαις</strong></span> 
     </span>
    </p>
   </div>
   <div class='ocr_carea' id='block_1_51' title="bbox 209 3296 1784 3369">
    <p class='ocr_par' dir='ltr' id='par_1_51' title="bbox 209 3296 1784 3369">
     <span class='ocr_line' id='line_1_51' title="bbox 209 3296 1784 3369; baseline 0.003 -19"><span class='ocrx_word' id='word_1_344' title='bbox 209 3297 442 3358; x_wconf 77' lang='grc' dir='ltr'><strong>ἑκάστου</strong></span> <span class='ocrx_word' id='word_1_345' title='bbox 473 3296 571 3369; x_wconf 76' lang='grc' dir='ltr'><strong>τὴν</strong></span> <span class='ocrx_word' id='word_1_346' title='bbox 608 3297 866 3368; x_wconf 76' lang='grc' dir='ltr'><strong>διανομὴν</strong></span> <span class='ocrx_word' id='word_1_347' title='bbox 915 3297 1024 3349; x_wconf 83' lang='grc' dir='ltr'><strong>τῶν</strong></span> <span class='ocrx_word' id='word_1_348' title='bbox 1064 3298 1377 3366; x_wconf 87' lang='grc' dir='ltr'><strong>ἀναγκαίων</strong></span> <span class='ocrx_word' id='word_1_349' title='bbox 1407 3299 1652 3367; x_wconf 83' lang='grc' dir='ltr'><strong>γίνεσθαι</strong></span> <span class='ocrx_word' id='word_1_350' title='bbox 1684 3300 1784 3354; x_wconf 84' lang='grc' dir='ltr'><strong>δεῖ.</strong></span> 
     </span>
    </p>
   </div>
   <div class='ocr_carea' id='block_1_52' title="bbox 211 3389 1788 3465">
    <p class='ocr_par' dir='ltr' id='par_1_52' title="bbox 211 3389 1788 3465">
     <span class='ocr_line' id='line_1_52' title="bbox 211 3389 1788 3465; baseline 0.004 -23"><span class='ocrx_word' id='word_1_351' title='bbox 211 3393 337 3452; x_wconf 83' lang='grc' dir='ltr'><strong>τοῖς</strong></span> <span class='ocrx_word' id='word_1_352' title='bbox 361 3391 468 3462; x_wconf 80' lang='grc' dir='ltr'><strong>γὰρ</strong></span> <span class='ocrx_word' id='word_1_353' title='bbox 488 3389 551 3462; x_wconf 81' lang='grc' dir='ltr'><strong>δὴ</strong></span> <span class='ocrx_word' id='word_1_354' title='bbox 575 3391 640 3444; x_wconf 87' lang='grc' dir='ltr'><strong>τά</strong></span> <span class='ocrx_word' id='word_1_355' title='bbox 659 3390 904 3463; x_wconf 79' lang='grc' dir='ltr'><strong>θρηνώδη</strong></span> <span class='ocrx_word' id='word_1_356' title='bbox 937 3391 1072 3461; x_wconf 82' lang='grc' dir='ltr'><strong>μέλη</strong></span> <span class='ocrx_word' id='word_1_357' title='bbox 1097 3392 1232 3463; x_wconf 78' lang='grc' dir='ltr'><strong>πρὸς</strong></span> <span class='ocrx_word' id='word_1_358' title='bbox 1259 3393 1356 3465; x_wconf 81' lang='grc' dir='ltr'><strong>τὴν</strong></span> <span class='ocrx_word' id='word_1_359' title='bbox 1378 3393 1486 3446; x_wconf 88' lang='grc' dir='ltr'><strong>τῶν</strong></span> <span class='ocrx_word' id='word_1_360' title='bbox 1513 3395 1788 3464; x_wconf 87' lang='grc' dir='ltr'><strong>γυναικῶν</strong></span> 
     </span>
    </p>
   </div>
   <div class='ocr_carea' id='block_1_53' title="bbox 210 3481 1789 3558">
    <p class='ocr_par' dir='ltr' id='par_1_53' title="bbox 210 3481 1789 3558">
     <span class='ocr_line' id='line_1_53' title="bbox 210 3481 1789 3558; baseline 0.005 -25"><span class='ocrx_word' id='word_1_361' title='bbox 210 3481 428 3552; x_wconf 83' lang='grc' dir='ltr'><strong>ἀπάτην</strong></span> <span class='ocrx_word' id='word_1_362' title='bbox 463 3482 773 3547; x_wconf 85' lang='grc' dir='ltr'><strong>συντιθεῖσι,</strong></span> <span class='ocrx_word' id='word_1_363' title='bbox 828 3485 922 3537; x_wconf 79' lang='grc' dir='ltr'><strong>καὶ</strong></span> <span class='ocrx_word' id='word_1_364' title='bbox 963 3486 1031 3538; x_wconf 79' lang='grc' dir='ltr'><strong>τὰ</strong></span> <span class='ocrx_word' id='word_1_365' title='bbox 1073 3485 1385 3557; x_wconf 51' lang='grc' dir='ltr'><strong>τηρώματα</strong></span> <span class='ocrx_word' id='word_1_366' title='bbox 1414 3486 1508 3540; x_wconf 90' lang='grc' dir='ltr'><strong>τοῦ</strong></span> <span class='ocrx_word' id='word_1_367' title='bbox 1537 3485 1789 3558; x_wconf 81' lang='grc' dir='ltr'><strong>σώματος</strong></span> 
     </span>
    </p>
   </div>
   <div class='ocr_carea' id='block_1_54' title="bbox 215 3573 1790 3648">
    <p class='ocr_par' dir='ltr' id='par_1_54' title="bbox 215 3573 1790 3648">
     <span class='ocr_line' id='line_1_54' title="bbox 215 3573 1790 3648; baseline 0.003 -22"><span class='ocrx_word' id='word_1_368' title='bbox 215 3574 313 3626; x_wconf 74' lang='grc' dir='ltr'><strong>καὶ</strong></span> <span class='ocrx_word' id='word_1_369' title='bbox 361 3574 430 3626; x_wconf 86' lang='grc' dir='ltr'><strong>τά</strong></span> <span class='ocrx_word' id='word_1_370' title='bbox 492 3573 622 3646; x_wconf 79' lang='grc' dir='ltr'><strong>ἒλκη</strong></span> <span class='ocrx_word' id='word_1_371' title='bbox 673 3575 810 3647; x_wconf 83' lang='grc' dir='ltr'><strong>πρὸς</strong></span> <span class='ocrx_word' id='word_1_372' title='bbox 854 3575 1151 3648; x_wconf 81' lang='grc' dir='ltr'><strong>ὲμπορείας</strong></span> <span class='ocrx_word' id='word_1_373' title='bbox 1209 3576 1464 3648; x_wconf 81' lang='grc' dir='ltr'><strong>ἀφορμὴν</strong></span> <span class='ocrx_word' id='word_1_374' title='bbox 1525 3578 1790 3632; x_wconf 90' lang='grc' dir='ltr'><strong>συντιθεῖ-</strong></span> 
     </span>
    </p>
   </div>
   <div class='ocr_carea' id='block_1_55' title="bbox 214 3663 1788 3737">
    <p class='ocr_par' dir='ltr' id='par_1_55' title="bbox 214 3663 1788 3737">
     <span class='ocr_line' id='line_1_55' title="bbox 214 3663 1788 3737; baseline 0.003 -21"><span class='ocrx_word' id='word_1_375' title='bbox 214 3681 301 3718; x_wconf 89' lang='grc' dir='ltr'><strong>σιν</strong></span> <span class='ocrx_word' id='word_1_376' title='bbox 317 3663 417 3735; x_wconf 73' lang='lat'><strong>(&#39;2),</strong></span> <span class='ocrx_word' id='word_1_377' title='bbox 460 3663 520 3717; x_wconf 86' lang='grc' dir='ltr'><strong>ού</strong></span> <span class='ocrx_word' id='word_1_378' title='bbox 575 3665 790 3728; x_wconf 83' lang='grc' dir='ltr'><strong>πάντως</strong></span> <span class='ocrx_word' id='word_1_379' title='bbox 812 3665 873 3718; x_wconf 82' lang='grc' dir='ltr'><strong>τὸ</strong></span> <span class='ocrx_word' id='word_1_380' title='bbox 900 3666 1122 3735; x_wconf 62' lang='grc' dir='ltr'><strong>δαψιλὲς</strong></span> <span class='ocrx_word' id='word_1_381' title='bbox 1161 3667 1260 3737; x_wconf 81' lang='grc' dir='ltr'><strong>τῆς</strong></span> <span class='ocrx_word' id='word_1_382' title='bbox 1290 3666 1563 3729; x_wconf 87' lang='grc' dir='ltr'><strong>διακονίας</strong></span> <span class='ocrx_word' id='word_1_383' title='bbox 1591 3666 1788 3735; x_wconf 85' lang='grc' dir='ltr'><strong>ὠφέλι-</strong></span> 
     </span>
    </p>
   </div>
   <div class='ocr_carea' id='block_1_56' title="bbox 216 3756 1789 3829">
    <p class='ocr_par' dir='ltr' id='par_1_56' title="bbox 216 3756 1789 3829">
     <span class='ocr_line' id='line_1_56' title="bbox 216 3756 1789 3829; baseline -0.022 6"><span class='ocrx_word' id='word_1_384' title='bbox 216 3772 352 3826; x_wconf 75' lang='grc' dir='ltr'><strong>μ⁰ν’</strong></span> <span class='ocrx_word' id='word_1_385' title='bbox 387 3756 606 3828; x_wconf 67' lang='grc' dir='ltr'><strong>ἀφορμὴ</strong></span> <span class='ocrx_word' id='word_1_386' title='bbox 640 3757 749 3827; x_wconf 81' lang='grc' dir='ltr'><strong>γὰρ</strong></span> <span class='ocrx_word' id='word_1_387' title='bbox 777 3758 958 3820; x_wconf 76' lang='grc' dir='ltr'><strong>αὐτοῖς</strong></span> <span class='ocrx_word' id='word_1_388' title='bbox 1005 3760 1084 3822; x_wconf 78' lang='grc' dir='ltr'><strong>εἰς</strong></span> <span class='ocrx_word' id='word_1_389' title='bbox 1118 3757 1316 3810; x_wconf 85' lang='grc' dir='ltr'><strong>κακίαν</strong></span> <span class='ocrx_word' id='word_1_390' title='bbox 1349 3759 1382 3828; x_wconf 80' lang='grc' dir='ltr'><strong>ἡ</strong></span> <span class='ocrx_word' id='word_1_391' title='bbox 1414 3758 1645 3829; x_wconf 78' lang='grc' dir='ltr'><strong>χορηγία</strong></span> <span class='ocrx_word' id='word_1_392' title='bbox 1693 3775 1789 3826; x_wconf 82' lang='grc' dir='ltr'><strong>γε-</strong></span> 
     </span>
    </p>
   </div>
   <div class='ocr_carea' id='block_1_57' title="bbox 213 3848 1791 3922">
    <p class='ocr_par' dir='ltr' id='par_1_57' title="bbox 213 3848 1791 3922">
     <span class='ocr_line' id='line_1_57' title="bbox 213 3848 1791 3922; baseline 0.002 -22"><span class='ocrx_word' id='word_1_393' title='bbox 213 3851 471 3919; x_wconf 65' lang='grc' dir='ltr'><strong>νῇσεταιο</strong></span> <span class='ocrx_word' id='word_1_394' title='bbox 513 3849 650 3902; x_wconf 87' lang='grc' dir='ltr'><strong>ἀλλά</strong></span> <span class='ocrx_word' id='word_1_395' title='bbox 702 3851 874 3922; x_wconf 81' lang='grc' dir='ltr'><strong>μικρᾷ</strong></span> <span class='ocrx_word' id='word_1_396' title='bbox 925 3849 1068 3903; x_wconf 88' lang='grc' dir='ltr'><strong>δόσει</strong></span> <span class='ocrx_word' id='word_1_397' title='bbox 1104 3849 1208 3920; x_wconf 85' lang='grc' dir='ltr'><strong>χρὴ</strong></span> <span class='ocrx_word' id='word_1_398' title='bbox 1258 3850 1357 3920; x_wconf 81' lang='grc' dir='ltr'><strong>τὴν</strong></span> <span class='ocrx_word' id='word_1_399' title='bbox 1395 3848 1504 3902; x_wconf 87' lang='grc' dir='ltr'><strong>τῶν</strong></span> <span class='ocrx_word' id='word_1_400' title='bbox 1535 3849 1791 3904; x_wconf 79' lang='grc' dir='ltr'><strong>τοιούτων</strong></span> 
     </span>
    </p>
   </div>
   <div class='ocr_carea' id='block_1_58' title="bbox 215 3938 1790 4011">
    <p class='ocr_par' dir='ltr' id='par_1_58' title="bbox 215 3938 1790 4011">
     <span class='ocr_line' id='line_1_58' title="bbox 215 3938 1790 4011; baseline -0.001 -17"><span class='ocrx_word' id='word_1_401' title='bbox 215 3940 423 4011; x_wconf 80' lang='grc' dir='ltr'><strong>ὑλακὴν</strong></span> <span class='ocrx_word' id='word_1_402' title='bbox 458 3941 817 4004; x_wconf 82' lang='grc' dir='ltr'><strong>ἀπωθεῖσθαι,</strong></span> <span class='ocrx_word' id='word_1_403' title='bbox 851 3939 911 3994; x_wconf 82' lang='grc' dir='ltr'><strong>τὺ</strong></span> <span class='ocrx_word' id='word_1_404' title='bbox 945 3941 1002 3993; x_wconf 81' lang='grc' dir='ltr'><strong>δὲ</strong></span> <span class='ocrx_word' id='word_1_405' title='bbox 1034 3939 1315 4011; x_wconf 81' lang='grc' dir='ltr'><strong>συμπαθὲς</strong></span> <span class='ocrx_word' id='word_1_406' title='bbox 1349 3939 1444 3993; x_wconf 75' lang='grc' dir='ltr'><strong>καὶ</strong></span> <span class='ocrx_word' id='word_1_407' title='bbox 1470 3938 1790 4008; x_wconf 86' lang='grc' dir='ltr'><strong>φιλάδελφον</strong></span> 
     </span>
    </p>
   </div>
   <div class='ocr_carea' id='block_1_59' title="bbox 215 4030 1790 4104">
    <p class='ocr_par' dir='ltr' id='par_1_59' title="bbox 215 4030 1790 4104">
     <span class='ocr_line' id='line_1_59' title="bbox 215 4030 1790 4104; baseline 0 -20"><span class='ocrx_word' id='word_1_408' title='bbox 215 4031 620 4086; x_wconf 81' lang='grc' dir='ltr'><strong>ἐπιδείκνυσθαι</strong></span> <span class='ocrx_word' id='word_1_409' title='bbox 662 4032 735 4104; x_wconf 79' lang='grc'><strong>(5)</strong></span> <span class='ocrx_word' id='word_1_410' title='bbox 786 4034 843 4086; x_wconf 80' lang='grc' dir='ltr'><strong>ἐν</strong></span> <span class='ocrx_word' id='word_1_411' title='bbox 887 4035 1000 4095; x_wconf 87' lang='grc' dir='ltr'><strong>τοῖς</strong></span> <span class='ocrx_word' id='word_1_412' title='bbox 1032 4031 1148 4103; x_wconf 85' lang='grc' dir='ltr'><strong>μεθ’</strong></span> <span class='ocrx_word' id='word_1_413' title='bbox 1175 4031 1452 4102; x_wconf 82' lang='grc' dir='ltr'><strong>ὑπομονῆς</strong></span> <span class='ocrx_word' id='word_1_414' title='bbox 1491 4031 1587 4101; x_wconf 81' lang='grc' dir='ltr'><strong>τὴν</strong></span> <span class='ocrx_word' id='word_1_415' title='bbox 1612 4030 1790 4100; x_wconf 66' lang='grc' dir='ltr'><strong>θλίψιν</strong></span> 
     </span>
    </p>
   </div>
   <div class='ocr_carea' id='block_1_60' title="bbox 216 4116 1790 4195">
    <p class='ocr_par' dir='ltr' id='par_1_60' title="bbox 216 4116 1790 4195">
     <span class='ocr_line' id='line_1_60' title="bbox 216 4116 1790 4195; baseline -0.003 -19"><span class='ocrx_word' id='word_1_416' title='bbox 216 4124 404 4195; x_wconf 76' lang='grc' dir='ltr'><strong>φέρειν</strong></span> <span class='ocrx_word' id='word_1_417' title='bbox 453 4123 869 4195; x_wconf 84' lang='grc' dir='ltr'><strong>δεδιδαγμένοις,</strong></span> <span class='ocrx_word' id='word_1_418' title='bbox 907 4124 1048 4195; x_wconf 79' lang='grc' dir='ltr'><strong>ὑπὲρ</strong></span> <span class='ocrx_word' id='word_1_419' title='bbox 1089 4116 1164 4176; x_wconf 85' lang='grc' dir='ltr'><strong>ὧν</strong></span> <span class='ocrx_word' id='word_1_420' title='bbox 1206 4123 1299 4176; x_wconf 80' lang='grc' dir='ltr'><strong>καὶ</strong></span> <span class='ocrx_word' id='word_1_421' title='bbox 1337 4121 1682 4192; x_wconf 82' lang='grc' dir='ltr'><strong>λεχθήσεται,</strong></span> <span class='ocrx_word' id='word_1_422' title='bbox 1709 4121 1790 4173; x_wconf 80' lang='grc' dir='ltr'><strong>ὅτι</strong></span> 
     </span>
    </p>
   </div>
   <div class='ocr_carea' id='block_1_61' title="bbox 226 4211 1791 4284">
    <p class='ocr_par' dir='ltr' id='par_1_61' title="bbox 226 4211 1791 4284">
     <span class='ocr_line' id='line_1_61' title="bbox 226 4211 1791 4284; baseline 0.004 -19"><span class='ocrx_word' id='word_1_423' title='bbox 226 4214 571 4275; x_wconf 70' lang='grc' dir='ltr'><strong>Ἐπείνασα,</strong></span> <span class='ocrx_word' id='word_1_424' title='bbox 594 4214 691 4268; x_wconf 77' lang='grc' dir='ltr'><strong>καὶ</strong></span> <span class='ocrx_word' id='word_1_425' title='bbox 724 4213 980 4268; x_wconf 82' lang='grc' dir='ltr'><strong>ἐδώκατέ</strong></span> <span class='ocrx_word' id='word_1_426' title='bbox 1009 4231 1110 4284; x_wconf 86' lang='grc' dir='ltr'><strong>μοι</strong></span> <span class='ocrx_word' id='word_1_427' title='bbox 1139 4214 1370 4284; x_wconf 72' lang='grc' dir='ltr'><strong>φαγεῖν.</strong></span> <span class='ocrx_word' id='word_1_428' title='bbox 1411 4211 1509 4265; x_wconf 84' lang='grc' dir='ltr'><strong>Διά</strong></span> <span class='ocrx_word' id='word_1_429' title='bbox 1534 4212 1691 4270; x_wconf 76' lang='grc' dir='ltr'><strong>τοῦτο</strong></span> <span class='ocrx_word' id='word_1_430' title='bbox 1714 4211 1791 4283; x_wconf 77' lang='grc' dir='ltr'><strong>τῷ</strong></span> 
     </span>
    </p>
   </div>
   <div class='ocr_carea' id='block_1_62' title="bbox 212 4301 1790 4376">
    <p class='ocr_par' dir='ltr' id='par_1_62' title="bbox 212 4301 1790 4376">
     <span class='ocr_line' id='line_1_62' title="bbox 212 4301 1790 4376; baseline -0.003 -17"><span class='ocrx_word' id='word_1_431' title='bbox 212 4306 331 4359; x_wconf 76' lang='grc' dir='ltr'><strong>ὄντι</strong></span> <span class='ocrx_word' id='word_1_432' title='bbox 378 4305 667 4376; x_wconf 77' lang='grc' dir='ltr'><strong>ἐμπειρίας</strong></span> <span class='ocrx_word' id='word_1_433' title='bbox 697 4305 887 4376; x_wconf 78' lang='grc' dir='ltr'><strong>χρῄζει</strong></span> <span class='ocrx_word' id='word_1_434' title='bbox 930 4307 963 4376; x_wconf 78' lang='grc' dir='ltr'>ἡ</span> <span class='ocrx_word' id='word_1_435' title='bbox 991 4305 1279 4373; x_wconf 85' lang='grc' dir='ltr'><strong>διάγνωσις</strong></span> <span class='ocrx_word' id='word_1_436' title='bbox 1301 4301 1394 4355; x_wconf 86' lang='grc' dir='ltr'><strong>τοῦ</strong></span> <span class='ocrx_word' id='word_1_437' title='bbox 1431 4301 1646 4373; x_wconf 83' lang='grc' dir='ltr'><strong>ἀληθῶς</strong></span> <span class='ocrx_word' id='word_1_438' title='bbox 1672 4301 1790 4355; x_wconf 85' lang='grc' dir='ltr'><strong>δεο-</strong></span> 
     </span>
    </p>
   </div>
   <div class='ocr_carea' id='block_1_63' title="bbox 216 4394 1790 4470">
    <p class='ocr_par' dir='ltr' id='par_1_63' title="bbox 216 4394 1790 4470">
     <span class='ocr_line' id='line_1_63' title="bbox 216 4394 1790 4470; baseline 0 -20"><span class='ocrx_word' id='word_1_439' title='bbox 216 4398 406 4470; x_wconf 82' lang='grc' dir='ltr'><strong>μένου,</strong></span> <span class='ocrx_word' id='word_1_440' title='bbox 467 4399 562 4452; x_wconf 73' lang='grc' dir='ltr'><strong>καὶ</strong></span> <span class='ocrx_word' id='word_1_441' title='bbox 619 4397 710 4450; x_wconf 79' lang='grc' dir='ltr'><strong>τοῦ</strong></span> <span class='ocrx_word' id='word_1_442' title='bbox 744 4397 884 4456; x_wconf 85' lang='grc' dir='ltr'><strong>κατά</strong></span> <span class='ocrx_word' id='word_1_443' title='bbox 940 4397 1251 4462; x_wconf 83' lang='grc' dir='ltr'><strong>πλεονεξίαν</strong></span> <span class='ocrx_word' id='word_1_444' title='bbox 1285 4394 1580 4460; x_wconf 81' lang='grc' dir='ltr'><strong>αἰτοῦντος.</strong></span> <span class='ocrx_word' id='word_1_445' title='bbox 1610 4396 1719 4449; x_wconf 80' lang='grc' dir='ltr'><strong>Καὶ</strong></span> <span class='ocrx_word' id='word_1_446' title='bbox 1761 4399 1790 4450; x_wconf 87' lang='grc' dir='ltr'><em>ὁ</em></span> 
     </span>
    </p>
   </div>
   <div class='ocr_carea' id='block_1_64' title="bbox 1884 1924 3458 1992">
    <p class='ocr_par' dir='ltr' id='par_1_64' title="bbox 1884 1924 3458 1992">
     <span class='ocr_line' id='line_1_64' title="bbox 1884 1924 3458 1992; baseline -0.001 -12"><span class='ocrx_word' id='word_1_447' title='bbox 1884 1941 2031 1992; x_wconf 89' lang='lat' dir='ltr'><strong>nem,</strong></span> <span class='ocrx_word' id='word_1_448' title='bbox 2059 1934 2117 1980; x_wconf 93' lang='lat' dir='ltr'><strong>ut</strong></span> <span class='ocrx_word' id='word_1_449' title='bbox 2139 1925 2302 1980; x_wconf 91' lang='lat' dir='ltr'><strong>etiam</strong></span> <span class='ocrx_word' id='word_1_450' title='bbox 2337 1924 2538 1980; x_wconf 68' lang='lat' dir='ltr'><strong>ltedens</strong></span> <span class='ocrx_word' id='word_1_451' title='bbox 2562 1939 2670 1978; x_wconf 92' lang='lat' dir='ltr'><strong>non</strong></span> <span class='ocrx_word' id='word_1_452' title='bbox 2698 1924 2926 1980; x_wconf 91' lang='lat' dir='ltr'><strong>multum</strong></span> <span class='ocrx_word' id='word_1_453' title='bbox 2953 1925 3160 1982; x_wconf 72' lang='lat' dir='ltr'><strong>laesisse</strong></span> <span class='ocrx_word' id='word_1_454' title='bbox 3189 1925 3458 1988; x_wconf 90' lang='lat' dir='ltr'><strong>videatur,</strong></span> 
     </span>
    </p>
   </div>
   <div class='ocr_carea' id='block_1_65' title="bbox 1885 2018 3461 2084">
    <p class='ocr_par' dir='ltr' id='par_1_65' title="bbox 1885 2018 3461 2084">
     <span class='ocr_line' id='line_1_65' title="bbox 1885 2018 3461 2084; baseline -0.001 -11"><span class='ocrx_word' id='word_1_455' title='bbox 1885 2027 1940 2073; x_wconf 92' lang='lat' dir='ltr'><strong>et</strong></span> <span class='ocrx_word' id='word_1_456' title='bbox 1974 2019 2172 2073; x_wconf 92' lang='lat' dir='ltr'><strong>bellum</strong></span> <span class='ocrx_word' id='word_1_457' title='bbox 2206 2018 2468 2082; x_wconf 81' lang='lat' dir='ltr'><strong>inferens,</strong></span> <span class='ocrx_word' id='word_1_458' title='bbox 2513 2018 2784 2072; x_wconf 90' lang='lat' dir='ltr'><strong>neminem</strong></span> <span class='ocrx_word' id='word_1_459' title='bbox 2825 2019 3030 2074; x_wconf 89' lang='lat' dir='ltr'><strong>victum</strong></span> <span class='ocrx_word' id='word_1_460' title='bbox 3080 2021 3351 2084; x_wconf 85' lang='lat' dir='ltr'><strong>ostendat,</strong></span> <span class='ocrx_word' id='word_1_461' title='bbox 3405 2028 3461 2076; x_wconf 89' lang='lat' dir='ltr'><strong>et</strong></span> 
     </span>
    </p>
   </div>
   <div class='ocr_carea' id='block_1_66' title="bbox 1887 2109 3460 2180">
    <p class='ocr_par' dir='ltr' id='par_1_66' title="bbox 1887 2109 3460 2180">
     <span class='ocr_line' id='line_1_66' title="bbox 1887 2109 3460 2180; baseline 0 -16"><span class='ocrx_word' id='word_1_462' title='bbox 1887 2118 2178 2180; x_wconf 90' lang='lat' dir='ltr'><strong>postquam</strong></span> <span class='ocrx_word' id='word_1_463' title='bbox 2209 2109 2540 2180; x_wconf 88' lang='lat' dir='ltr'><strong>disperdidit</strong></span> <span class='ocrx_word' id='word_1_464' title='bbox 2580 2110 2815 2165; x_wconf 85' lang='lat' dir='ltr'><strong>fratrum</strong></span> <span class='ocrx_word' id='word_1_465' title='bbox 2867 2109 3178 2177; x_wconf 86' lang='lat' dir='ltr'><strong>facultates,</strong></span> <span class='ocrx_word' id='word_1_466' title='bbox 3218 2111 3460 2167; x_wconf 86' lang='lat' dir='ltr'><strong>liberali-</strong></span> 
     </span>
    </p>
   </div>
   <div class='ocr_carea' id='block_1_67' title="bbox 1883 2203 2841 2273">
    <p class='ocr_par' dir='ltr' id='par_1_67' title="bbox 1883 2203 2841 2273">
     <span class='ocr_line' id='line_1_67' title="bbox 1883 2203 2841 2273; baseline 0.003 -19"><span class='ocrx_word' id='word_1_467' title='bbox 1883 2209 1996 2258; x_wconf 91' lang='lat' dir='ltr'><strong>tate</strong></span> <span class='ocrx_word' id='word_1_468' title='bbox 2028 2211 2218 2258; x_wconf 85' lang='lat' dir='ltr'><strong>nostra</strong></span> <span class='ocrx_word' id='word_1_469' title='bbox 2244 2203 2423 2257; x_wconf 87' lang='lat' dir='ltr'><strong>victus</strong></span> <span class='ocrx_word' id='word_1_470' title='bbox 2453 2204 2841 2273; x_wconf 88' lang='lat' dir='ltr'><strong>comperiatur.</strong></span> 
     </span>
    </p>
   </div>
   <div class='ocr_carea' id='block_1_68' title="bbox 1955 2355 3458 2430">
    <p class='ocr_par' dir='ltr' id='par_1_68' title="bbox 1955 2355 3458 2430">
     <span class='ocr_line' id='line_1_68' title="bbox 1955 2355 3458 2430; baseline 0.004 -20"><span class='ocrx_word' id='word_1_471' title='bbox 1955 2355 2008 2410; x_wconf 90' lang='lat'><strong>6.</strong></span> <span class='ocrx_word' id='word_1_472' title='bbox 2058 2355 2137 2427; x_wconf 84' lang='lat'><strong>(5)</strong></span> <span class='ocrx_word' id='word_1_473' title='bbox 2182 2355 2410 2428; x_wconf 87' lang='lat' dir='ltr'><strong>Oportet</strong></span> <span class='ocrx_word' id='word_1_474' title='bbox 2441 2359 2662 2430; x_wconf 84' lang='lat' dir='ltr'><strong>quidem</strong></span> <span class='ocrx_word' id='word_1_475' title='bbox 2705 2365 2768 2412; x_wconf 92' lang='lat' dir='ltr'><strong>ut</strong></span> <span class='ocrx_word' id='word_1_476' title='bbox 2816 2358 2912 2429; x_wconf 88' lang='lat' dir='ltr'><strong>qui</strong></span> <span class='ocrx_word' id='word_1_477' title='bbox 2942 2359 3186 2416; x_wconf 89' lang='lat' dir='ltr'><strong>liberalis</strong></span> <span class='ocrx_word' id='word_1_478' title='bbox 3226 2368 3341 2425; x_wconf 89' lang='lat' dir='ltr'><strong>est,</strong></span> <span class='ocrx_word' id='word_1_479' title='bbox 3389 2372 3458 2416; x_wconf 84' lang='lat' dir='ltr'><strong>ou</strong></span> 
     </span>
    </p>
   </div>
   <div class='ocr_carea' id='block_1_69' title="bbox 1887 2452 3459 2526">
    <p class='ocr_par' dir='ltr' id='par_1_69' title="bbox 1887 2452 3459 2526">
     <span class='ocr_line' id='line_1_69' title="bbox 1887 2452 3459 2526; baseline 0.003 -20"><span class='ocrx_word' id='word_1_480' title='bbox 1887 2452 2212 2508; x_wconf 90' lang='lat' dir='ltr'><strong>eharitatem</strong></span> <span class='ocrx_word' id='word_1_481' title='bbox 2262 2453 2317 2508; x_wconf 91' lang='lat' dir='ltr'><strong>in</strong></span> <span class='ocrx_word' id='word_1_482' title='bbox 2360 2455 2711 2525; x_wconf 90' lang='lat' dir='ltr'><strong>simplicitate</strong></span> <span class='ocrx_word' id='word_1_483' title='bbox 2762 2454 3002 2525; x_wconf 68' lang='lat' dir='ltr'><strong>praebeat</strong></span> <span class='ocrx_word' id='word_1_484' title='bbox 3037 2470 3096 2510; x_wconf 91' lang='lat' dir='ltr'><strong>se</strong></span> <span class='ocrx_word' id='word_1_485' title='bbox 3120 2470 3248 2526; x_wconf 88' lang='lat' dir='ltr'><strong>erga</strong></span> <span class='ocrx_word' id='word_1_486' title='bbox 3271 2463 3459 2526; x_wconf 86' lang='lat' dir='ltr'><strong>peten-</strong></span> 
     </span>
    </p>
   </div>
   <div class='ocr_carea' id='block_1_70' title="bbox 1887 2545 3460 2616">
    <p class='ocr_par' dir='ltr' id='par_1_70' title="bbox 1887 2545 3460 2616">
     <span class='ocr_line' id='line_1_70' title="bbox 1887 2545 3460 2616; baseline 0.002 -18"><span class='ocrx_word' id='word_1_487' title='bbox 1887 2553 1972 2602; x_wconf 86' lang='lat' dir='ltr'><strong>tes</strong></span> <span class='ocrx_word' id='word_1_488' title='bbox 2010 2545 2262 2613; x_wconf 89' lang='lat' dir='ltr'><strong>facilem,</strong></span> <span class='ocrx_word' id='word_1_489' title='bbox 2309 2547 2612 2601; x_wconf 86' lang='lat' dir='ltr'><strong>secundum</strong></span> <span class='ocrx_word' id='word_1_490' title='bbox 2659 2547 2794 2601; x_wconf 92' lang='lat' dir='ltr'><strong>illud</strong></span> <span class='ocrx_word' id='word_1_491' title='bbox 2837 2554 3166 2616; x_wconf 63' lang='lat' dir='ltr'><strong>praeeptum</strong></span> <span class='ocrx_word' id='word_1_492' title='bbox 3194 2588 3210 2614; x_wconf 93' lang='lat'><strong>,</strong></span> <span class='ocrx_word' id='word_1_493' title='bbox 3251 2547 3460 2603; x_wconf 79' lang='lat' dir='ltr'><strong>Petenti</strong></span> 
     </span>
    </p>
   </div>
   <div class='ocr_carea' id='block_1_71' title="bbox 1891 2636 3460 2706">
    <p class='ocr_par' dir='ltr' id='par_1_71' title="bbox 1891 2636 3460 2706">
     <span class='ocr_line' id='line_1_71' title="bbox 1891 2636 3460 2706; baseline 0.003 -16"><span class='ocrx_word' id='word_1_494' title='bbox 1891 2654 1924 2690; x_wconf 91' lang='lat' dir='ltr'><strong>a</strong></span> <span class='ocrx_word' id='word_1_495' title='bbox 1953 2646 2036 2701; x_wconf 87' lang='lat' dir='ltr'><strong>te,</strong></span> <span class='ocrx_word' id='word_1_496' title='bbox 2067 2636 2138 2690; x_wconf 87' lang='lat' dir='ltr'><strong>da</strong></span> <span class='ocrx_word' id='word_1_497' title='bbox 2167 2637 2214 2668; x_wconf 81' lang='lat'>”</span> <span class='ocrx_word' id='word_1_498' title='bbox 2243 2655 2258 2702; x_wconf 91' lang='lat'><strong>;</strong></span> <span class='ocrx_word' id='word_1_499' title='bbox 2304 2645 2359 2691; x_wconf 92' lang='lat' dir='ltr'><strong>et</strong></span> <span class='ocrx_word' id='word_1_500' title='bbox 2388 2652 2584 2692; x_wconf 87' lang='lat' dir='ltr'><strong>rursus</strong></span> <span class='ocrx_word' id='word_1_501' title='bbox 2609 2637 2820 2692; x_wconf 90' lang='lat' dir='ltr'><strong>ratione</strong></span> <span class='ocrx_word' id='word_1_502' title='bbox 2847 2640 3230 2694; x_wconf 89' lang='lat' dir='ltr'><strong>necessitatem</strong></span> <span class='ocrx_word' id='word_1_503' title='bbox 3265 2640 3460 2706; x_wconf 84' lang='lat' dir='ltr'><strong>unius-</strong></span> 
     </span>
    </p>
   </div>
   <div class='ocr_carea' id='block_1_72' title="bbox 1889 2729 3460 2800">
    <p class='ocr_par' dir='ltr' id='par_1_72' title="bbox 1889 2729 3460 2800">
     <span class='ocr_line' id='line_1_72' title="bbox 1889 2729 3460 2800; baseline 0 -16"><span class='ocrx_word' id='word_1_504' title='bbox 1889 2729 2159 2799; x_wconf 89' lang='lat' dir='ltr'><strong>cujusque</strong></span> <span class='ocrx_word' id='word_1_505' title='bbox 2205 2731 2441 2800; x_wconf 85' lang='lat' dir='ltr'><strong>petentis</strong></span> <span class='ocrx_word' id='word_1_506' title='bbox 2493 2730 2779 2785; x_wconf 88' lang='lat' dir='ltr'><strong>discernas</strong></span> <span class='ocrx_word' id='word_1_507' title='bbox 2806 2769 2821 2794; x_wconf 95' lang='lat'><strong>,</strong></span> <span class='ocrx_word' id='word_1_508' title='bbox 2873 2738 2932 2785; x_wconf 93' lang='lat' dir='ltr'><strong>ut</strong></span> <span class='ocrx_word' id='word_1_509' title='bbox 2971 2746 3036 2784; x_wconf 84' lang='lat' dir='ltr'><strong>ex</strong></span> <span class='ocrx_word' id='word_1_510' title='bbox 3084 2730 3234 2786; x_wconf 84' lang='lat' dir='ltr'><strong>Actis</strong></span> <span class='ocrx_word' id='word_1_511' title='bbox 3264 2730 3460 2786; x_wconf 90' lang='lat' dir='ltr'><strong>didici-</strong></span> 
     </span>
    </p>
   </div>
   <div class='ocr_carea' id='block_1_73' title="bbox 1890 2821 3459 2893">
    <p class='ocr_par' dir='ltr' id='par_1_73' title="bbox 1890 2821 3459 2893">
     <span class='ocr_line' id='line_1_73' title="bbox 1890 2821 3459 2893; baseline 0.002 -19"><span class='ocrx_word' id='word_1_512' title='bbox 1890 2836 2038 2876; x_wconf 86' lang='lat' dir='ltr'><strong>mus.</strong></span> <span class='ocrx_word' id='word_1_513' title='bbox 2107 2821 2455 2876; x_wconf 84' lang='lat' dir='ltr'><strong>Dividebatur</strong></span> <span class='ocrx_word' id='word_1_514' title='bbox 2507 2822 2644 2875; x_wconf 80' lang='lat' dir='ltr'><strong>enim</strong></span> <span class='ocrx_word' id='word_1_515' title='bbox 2704 2821 2972 2892; x_wconf 76' lang='lat' dir='ltr'><strong>singulis,</strong></span> <span class='ocrx_word' id='word_1_516' title='bbox 3017 2823 3246 2892; x_wconf 90' lang='lat' dir='ltr'><strong>inquit,</strong></span> <span class='ocrx_word' id='word_1_517' title='bbox 3306 2835 3459 2893; x_wconf 85' lang='lat' dir='ltr'><strong>prout</strong></span> 
     </span>
    </p>
   </div>
   <div class='ocr_carea' id='block_1_74' title="bbox 1890 2911 3460 2984">
    <p class='ocr_par' dir='ltr' id='par_1_74' title="bbox 1890 2911 3460 2984">
     <span class='ocr_line' id='line_1_74' title="bbox 1890 2911 3460 2984; baseline 0.003 -18"><span class='ocrx_word' id='word_1_518' title='bbox 1890 2914 2075 2984; x_wconf 81' lang='lat' dir='ltr'><strong>cuique</strong></span> <span class='ocrx_word' id='word_1_519' title='bbox 2103 2930 2234 2982; x_wconf 84' lang='lat' dir='ltr'><strong>opus</strong></span> <span class='ocrx_word' id='word_1_520' title='bbox 2272 2913 2476 2967; x_wconf 81' lang='lat' dir='ltr'><strong>erat“.</strong></span> <span class='ocrx_word' id='word_1_521' title='bbox 2539 2911 2678 2978; x_wconf 83' lang='lat' dir='ltr'><strong>Quia</strong></span> <span class='ocrx_word' id='word_1_522' title='bbox 2713 2913 2858 2967; x_wconf 92' lang='lat' dir='ltr'><strong>enim</strong></span> <span class='ocrx_word' id='word_1_523' title='bbox 2894 2913 3048 2968; x_wconf 87' lang='lat' dir='ltr'><strong>multi</strong></span> <span class='ocrx_word' id='word_1_524' title='bbox 3089 2916 3460 2971; x_wconf 89' lang='lat' dir='ltr'><strong>necessarium</strong></span> 
     </span>
    </p>
   </div>
   <div class='ocr_carea' id='block_1_75' title="bbox 1891 3005 3459 3078">
    <p class='ocr_par' dir='ltr' id='par_1_75' title="bbox 1891 3005 3459 3078">
     <span class='ocr_line' id='line_1_75' title="bbox 1891 3005 3459 3078; baseline 0.002 -20"><span class='ocrx_word' id='word_1_525' title='bbox 1891 3020 2052 3060; x_wconf 90' lang='lat' dir='ltr'><strong>usum</strong></span> <span class='ocrx_word' id='word_1_526' title='bbox 2117 3006 2526 3071; x_wconf 85' lang='lat' dir='ltr'><strong>transilientes,</strong></span> <span class='ocrx_word' id='word_1_527' title='bbox 2573 3005 2975 3060; x_wconf 87' lang='lat' dir='ltr'><strong>mendicitatem</strong></span> <span class='ocrx_word' id='word_1_528' title='bbox 3027 3006 3092 3060; x_wconf 93' lang='lat' dir='ltr'><strong>ad</strong></span> <span class='ocrx_word' id='word_1_529' title='bbox 3139 3008 3459 3078; x_wconf 86' lang='lat' dir='ltr'><strong>negotiatio-</strong></span> 
     </span>
    </p>
   </div>
   <div class='ocr_carea' id='block_1_76' title="bbox 1889 3096 3458 3162">
    <p class='ocr_par' dir='ltr' id='par_1_76' title="bbox 1889 3096 3458 3162">
     <span class='ocr_line' id='line_1_76' title="bbox 1889 3096 3458 3162; baseline 0.002 -11"><span class='ocrx_word' id='word_1_530' title='bbox 1889 3098 1978 3152; x_wconf 90' lang='lat' dir='ltr'><strong>nis</strong></span> <span class='ocrx_word' id='word_1_531' title='bbox 2019 3098 2399 3162; x_wconf 90' lang='lat' dir='ltr'><strong>occasionem,</strong></span> <span class='ocrx_word' id='word_1_532' title='bbox 2453 3105 2507 3151; x_wconf 92' lang='lat' dir='ltr'><strong>et</strong></span> <span class='ocrx_word' id='word_1_533' title='bbox 2560 3098 2885 3152; x_wconf 79' lang='lat' dir='ltr'><strong>laseivarum</strong></span> <span class='ocrx_word' id='word_1_534' title='bbox 2939 3096 3254 3152; x_wconf 88' lang='lat' dir='ltr'><strong>deliciarum</strong></span> <span class='ocrx_word' id='word_1_535' title='bbox 3295 3110 3458 3154; x_wconf 89' lang='lat' dir='ltr'><strong>mate-</strong></span> 
     </span>
    </p>
   </div>
   <div class='ocr_carea' id='block_1_77' title="bbox 1888 3191 3460 3260">
    <p class='ocr_par' dir='ltr' id='par_1_77' title="bbox 1888 3191 3460 3260">
     <span class='ocr_line' id='line_1_77' title="bbox 1888 3191 3460 3260; baseline 0.001 -16"><span class='ocrx_word' id='word_1_536' title='bbox 1888 3191 2025 3244; x_wconf 89' lang='lat' dir='ltr'><strong>riam</strong></span> <span class='ocrx_word' id='word_1_537' title='bbox 2079 3199 2436 3246; x_wconf 86' lang='lat' dir='ltr'><strong>eonvertunt:</strong></span> <span class='ocrx_word' id='word_1_538' title='bbox 2489 3191 2726 3245; x_wconf 81' lang='lat' dir='ltr'><strong>scienter</strong></span> <span class='ocrx_word' id='word_1_539' title='bbox 2758 3199 2813 3245; x_wconf 92' lang='lat' dir='ltr'><strong>et.</strong></span> <span class='ocrx_word' id='word_1_540' title='bbox 2865 3191 3091 3260; x_wconf 86' lang='lat' dir='ltr'><strong>provide</strong></span> <span class='ocrx_word' id='word_1_541' title='bbox 3137 3205 3236 3260; x_wconf 92' lang='lat' dir='ltr'><strong>pro</strong></span> <span class='ocrx_word' id='word_1_542' title='bbox 3271 3191 3460 3246; x_wconf 83' lang='lat' dir='ltr'><strong>unius-</strong></span> 
     </span>
    </p>
   </div>
   <div class='ocr_carea' id='block_1_78' title="bbox 1889 3281 3458 3352">
    <p class='ocr_par' dir='ltr' id='par_1_78' title="bbox 1889 3281 3458 3352">
     <span class='ocr_line' id='line_1_78' title="bbox 1889 3281 3458 3352; baseline -0.001 -15"><span class='ocrx_word' id='word_1_543' title='bbox 1889 3282 2160 3352; x_wconf 89' lang='lat' dir='ltr'><strong>cujusque</strong></span> <span class='ocrx_word' id='word_1_544' title='bbox 2203 3283 2533 3338; x_wconf 78' lang='lat' dir='ltr'><strong>neCessitate</strong></span> <span class='ocrx_word' id='word_1_545' title='bbox 2588 3281 2909 3337; x_wconf 88' lang='lat' dir='ltr'><strong>distributio</strong></span> <span class='ocrx_word' id='word_1_546' title='bbox 2965 3298 3148 3337; x_wconf 90' lang='lat' dir='ltr'><strong>rerum</strong></span> <span class='ocrx_word' id='word_1_547' title='bbox 3203 3297 3458 3338; x_wconf 76' lang='lat' dir='ltr'><strong>necessa-</strong></span> 
     </span>
    </p>
   </div>
   <div class='ocr_carea' id='block_1_79' title="bbox 1890 3372 3459 3444">
    <p class='ocr_par' dir='ltr' id='par_1_79' title="bbox 1890 3372 3459 3444">
     <span class='ocr_line' id='line_1_79' title="bbox 1890 3372 3459 3444; baseline 0 -16"><span class='ocrx_word' id='word_1_548' title='bbox 1890 3375 2099 3428; x_wconf 89' lang='lat' dir='ltr'><strong>riarum</strong></span> <span class='ocrx_word' id='word_1_549' title='bbox 2126 3373 2394 3428; x_wconf 88' lang='lat' dir='ltr'><strong>facienda.</strong></span> <span class='ocrx_word' id='word_1_550' title='bbox 2424 3373 2504 3444; x_wconf 86' lang='lat'><strong>(6)</strong></span> <span class='ocrx_word' id='word_1_551' title='bbox 2529 3372 2632 3439; x_wconf 86' lang='lat' dir='ltr'><strong>Qui</strong></span> <span class='ocrx_word' id='word_1_552' title='bbox 2668 3373 2813 3428; x_wconf 89' lang='lat' dir='ltr'><strong>enim</strong></span> <span class='ocrx_word' id='word_1_553' title='bbox 2841 3375 3088 3443; x_wconf 83' lang='lat' dir='ltr'><strong>lugubria</strong></span> <span class='ocrx_word' id='word_1_554' title='bbox 3113 3373 3358 3429; x_wconf 86' lang='lat' dir='ltr'><strong>carmina</strong></span> <span class='ocrx_word' id='word_1_555' title='bbox 3397 3374 3459 3428; x_wconf 89' lang='lat' dir='ltr'><strong>ad</strong></span> 
     </span>
    </p>
   </div>
   <div class='ocr_carea' id='block_1_80' title="bbox 1889 3463 3458 3535">
    <p class='ocr_par' dir='ltr' id='par_1_80' title="bbox 1889 3463 3458 3535">
     <span class='ocr_line' id='line_1_80' title="bbox 1889 3463 3458 3535; baseline 0 -17"><span class='ocrx_word' id='word_1_556' title='bbox 1889 3465 2244 3520; x_wconf 90' lang='lat' dir='ltr'><strong>mulierculas</strong></span> <span class='ocrx_word' id='word_1_557' title='bbox 2309 3463 2661 3535; x_wconf 87' lang='lat' dir='ltr'><strong>decipiendas</strong></span> <span class='ocrx_word' id='word_1_558' title='bbox 2719 3473 3093 3534; x_wconf 89' lang='lat' dir='ltr'><strong>componunt,</strong></span> <span class='ocrx_word' id='word_1_559' title='bbox 3142 3472 3197 3520; x_wconf 88' lang='lat' dir='ltr'><strong>et</strong></span> <span class='ocrx_word' id='word_1_560' title='bbox 3270 3466 3458 3519; x_wconf 85' lang='lat' dir='ltr'><strong>mutila</strong></span> 
     </span>
    </p>
   </div>
   <div class='ocr_carea' id='block_1_81' title="bbox 1890 3556 3459 3629">
    <p class='ocr_par' dir='ltr' id='par_1_81' title="bbox 1890 3556 3459 3629">
     <span class='ocr_line' id='line_1_81' title="bbox 1890 3556 3459 3629; baseline -0.002 -15"><span class='ocrx_word' id='word_1_561' title='bbox 1890 3560 2138 3629; x_wconf 89' lang='lat' dir='ltr'><strong>corporis</strong></span> <span class='ocrx_word' id='word_1_562' title='bbox 2183 3559 2428 3613; x_wconf 89' lang='lat' dir='ltr'><strong>membra</strong></span> <span class='ocrx_word' id='word_1_563' title='bbox 2462 3596 2480 3621; x_wconf 90' lang='lat'><strong>,</strong></span> <span class='ocrx_word' id='word_1_564' title='bbox 2526 3571 2589 3611; x_wconf 89' lang='lat' dir='ltr'><strong>ac</strong></span> <span class='ocrx_word' id='word_1_565' title='bbox 2652 3557 2836 3611; x_wconf 88' lang='lat' dir='ltr'><strong>ulcera</strong></span> <span class='ocrx_word' id='word_1_566' title='bbox 2895 3556 2962 3612; x_wconf 88' lang='lat' dir='ltr'><strong>ad</strong></span> <span class='ocrx_word' id='word_1_567' title='bbox 3015 3564 3258 3626; x_wconf 69' lang='lat' dir='ltr'><strong>quaestus</strong></span> <span class='ocrx_word' id='word_1_568' title='bbox 3299 3572 3459 3612; x_wconf 80' lang='lat' dir='ltr'><strong>occa-</strong></span> 
     </span>
    </p>
   </div>
   <div class='ocr_carea' id='block_1_82' title="bbox 1891 3646 3458 3716">
    <p class='ocr_par' dir='ltr' id='par_1_82' title="bbox 1891 3646 3458 3716">
     <span class='ocr_line' id='line_1_82' title="bbox 1891 3646 3458 3716; baseline -0.003 -10"><span class='ocrx_word' id='word_1_569' title='bbox 1891 3651 2100 3706; x_wconf 88' lang='lat' dir='ltr'><strong>sionem</strong></span> <span class='ocrx_word' id='word_1_570' title='bbox 2158 3647 2537 3702; x_wconf 85' lang='lat' dir='ltr'><strong>inveniendam</strong></span> <span class='ocrx_word' id='word_1_571' title='bbox 2587 3646 2948 3716; x_wconf 85' lang='lat' dir='ltr'><strong>conﬁngunt,</strong></span> <span class='ocrx_word' id='word_1_572' title='bbox 3009 3662 3120 3701; x_wconf 91' lang='lat' dir='ltr'><strong>non</strong></span> <span class='ocrx_word' id='word_1_573' title='bbox 3186 3662 3319 3703; x_wconf 87' lang='lat' dir='ltr'><strong>sane</strong></span> <span class='ocrx_word' id='word_1_574' title='bbox 3373 3647 3458 3702; x_wconf 86' lang='lat' dir='ltr'><strong>his</strong></span> 
     </span>
    </p>
   </div>
   <div class='ocr_carea' id='block_1_83' title="bbox 1889 3737 3458 3812">
    <p class='ocr_par' dir='ltr' id='par_1_83' title="bbox 1889 3737 3458 3812">
     <span class='ocr_line' id='line_1_83' title="bbox 1889 3737 3458 3812; baseline -0.002 -17"><span class='ocrx_word' id='word_1_575' title='bbox 1889 3742 2112 3812; x_wconf 80' lang='lat' dir='ltr'><strong>capiosa</strong></span> <span class='ocrx_word' id='word_1_576' title='bbox 2145 3739 2388 3811; x_wconf 89' lang='lat' dir='ltr'><strong>erogatio</strong></span> <span class='ocrx_word' id='word_1_577' title='bbox 2425 3737 2705 3807; x_wconf 91' lang='lat' dir='ltr'><strong>proderit;</strong></span> <span class='ocrx_word' id='word_1_578' title='bbox 2741 3737 2876 3806; x_wconf 93' lang='lat' dir='ltr'><strong>ipsis</strong></span> <span class='ocrx_word' id='word_1_579' title='bbox 2932 3737 3078 3791; x_wconf 89' lang='lat' dir='ltr'><strong>enim</strong></span> <span class='ocrx_word' id='word_1_580' title='bbox 3129 3739 3458 3793; x_wconf 85' lang='lat' dir='ltr'><strong>instrumen-</strong></span> 
     </span>
    </p>
   </div>
   <div class='ocr_carea' id='block_1_84' title="bbox 1893 3828 3457 3902">
    <p class='ocr_par' dir='ltr' id='par_1_84' title="bbox 1893 3828 3457 3902">
     <span class='ocr_line' id='line_1_84' title="bbox 1893 3828 3457 3902; baseline -0.003 -14"><span class='ocrx_word' id='word_1_581' title='bbox 1893 3843 2007 3888; x_wconf 89' lang='lat' dir='ltr'><strong>tum</strong></span> <span class='ocrx_word' id='word_1_582' title='bbox 2039 3839 2124 3888; x_wconf 90' lang='lat' dir='ltr'><strong>est</strong></span> <span class='ocrx_word' id='word_1_583' title='bbox 2151 3831 2216 3886; x_wconf 91' lang='lat' dir='ltr'><strong>ad</strong></span> <span class='ocrx_word' id='word_1_584' title='bbox 2248 3830 2544 3902; x_wconf 89' lang='lat' dir='ltr'><strong>nequitiam</strong></span> <span class='ocrx_word' id='word_1_585' title='bbox 2577 3829 2876 3884; x_wconf 85' lang='lat' dir='ltr'><strong>liberalitas</strong></span> <span class='ocrx_word' id='word_1_586' title='bbox 2907 3845 2918 3880; x_wconf 91' lang='lat'><strong>:</strong></span> <span class='ocrx_word' id='word_1_587' title='bbox 2953 3828 3048 3884; x_wconf 88' lang='lat' dir='ltr'><strong>sed</strong></span> <span class='ocrx_word' id='word_1_588' title='bbox 3076 3836 3295 3898; x_wconf 89' lang='lat' dir='ltr'><strong>oportet</strong></span> <span class='ocrx_word' id='word_1_589' title='bbox 3343 3844 3457 3884; x_wconf 88' lang='lat' dir='ltr'><strong>mo-</strong></span> 
     </span>
    </p>
   </div>
   <div class='ocr_carea' id='block_1_85' title="bbox 1891 3919 3457 3992">
    <p class='ocr_par' dir='ltr' id='par_1_85' title="bbox 1891 3919 3457 3992">
     <span class='ocr_line' id='line_1_85' title="bbox 1891 3919 3457 3992; baseline -0.004 -11"><span class='ocrx_word' id='word_1_590' title='bbox 1891 3927 2012 3982; x_wconf 90' lang='lat' dir='ltr'><strong>dica</strong></span> <span class='ocrx_word' id='word_1_591' title='bbox 2053 3925 2367 3992; x_wconf 85' lang='lat' dir='ltr'><strong>erogatione</strong></span> <span class='ocrx_word' id='word_1_592' title='bbox 2411 3919 2680 3991; x_wconf 89' lang='lat' dir='ltr'><strong>ejusmodi</strong></span> <span class='ocrx_word' id='word_1_593' title='bbox 2733 3921 3012 3976; x_wconf 89' lang='lat' dir='ltr'><strong>hominum</strong></span> <span class='ocrx_word' id='word_1_594' title='bbox 3071 3921 3326 3974; x_wconf 84' lang='lat' dir='ltr'><strong>latratum</strong></span> <span class='ocrx_word' id='word_1_595' title='bbox 3371 3936 3457 3975; x_wconf 87' lang='lat' dir='ltr'><strong>ar-</strong></span> 
     </span>
    </p>
   </div>
   <div class='ocr_carea' id='block_1_86' title="bbox 1890 4011 3457 4083">
    <p class='ocr_par' dir='ltr' id='par_1_86' title="bbox 1890 4011 3457 4083">
     <span class='ocr_line' id='line_1_86' title="bbox 1890 4011 3457 4083; baseline -0.004 -9"><span class='ocrx_word' id='word_1_596' title='bbox 1890 4035 2014 4074; x_wconf 87' lang='lat' dir='ltr'><strong>cere</strong></span> <span class='ocrx_word' id='word_1_597' title='bbox 2037 4058 2052 4083; x_wconf 95' lang='lat'><strong>,</strong></span> <span class='ocrx_word' id='word_1_598' title='bbox 2093 4015 2525 4072; x_wconf 85' lang='lat' dir='ltr'><strong>misericordiam</strong></span> <span class='ocrx_word' id='word_1_599' title='bbox 2586 4023 2762 4068; x_wconf 89' lang='lat' dir='ltr'><strong>autem</strong></span> <span class='ocrx_word' id='word_1_600' title='bbox 2809 4021 2862 4067; x_wconf 91' lang='lat' dir='ltr'><strong>et</strong></span> <span class='ocrx_word' id='word_1_601' title='bbox 2894 4011 3188 4067; x_wconf 87' lang='lat' dir='ltr'><strong>fraternam</strong></span> <span class='ocrx_word' id='word_1_602' title='bbox 3220 4013 3457 4068; x_wconf 89' lang='lat' dir='ltr'><strong>eharita-</strong></span> 
     </span>
    </p>
   </div>
   <div class='ocr_carea' id='block_1_87' title="bbox 1891 4103 3456 4180">
    <p class='ocr_par' dir='ltr' id='par_1_87' title="bbox 1891 4103 3456 4180">
     <span class='ocr_line' id='line_1_87' title="bbox 1891 4103 3456 4180; baseline -0.004 -15"><span class='ocrx_word' id='word_1_603' title='bbox 1891 4119 2000 4165; x_wconf 91' lang='lat' dir='ltr'><strong>tem</strong></span> <span class='ocrx_word' id='word_1_604' title='bbox 2052 4111 2105 4163; x_wconf 93' lang='lat' dir='ltr'><strong>in</strong></span> <span class='ocrx_word' id='word_1_605' title='bbox 2161 4123 2258 4162; x_wconf 89' lang='lat' dir='ltr'><strong>eos</strong></span> <span class='ocrx_word' id='word_1_606' title='bbox 2299 4106 2588 4162; x_wconf 91' lang='lat' dir='ltr'><strong>ostendere</strong></span> <span class='ocrx_word' id='word_1_607' title='bbox 2630 4104 2722 4175; x_wconf 91' lang='lat' dir='ltr'><strong>qui</strong></span> <span class='ocrx_word' id='word_1_608' title='bbox 2760 4119 2848 4158; x_wconf 85' lang='lat' dir='ltr'><strong>res</strong></span> <span class='ocrx_word' id='word_1_609' title='bbox 2881 4103 3141 4159; x_wconf 87' lang='lat' dir='ltr'><strong>adversas</strong></span> <span class='ocrx_word' id='word_1_610' title='bbox 3194 4104 3456 4180; x_wconf 87' lang='lat' dir='ltr'><strong>patienter</strong></span> 
     </span>
    </p>
   </div>
   <div class='ocr_carea' id='block_1_88' title="bbox 1890 4189 3457 4271">
    <p class='ocr_par' dir='ltr' id='par_1_88' title="bbox 1890 4189 3457 4271">
     <span class='ocr_line' id='line_1_88' title="bbox 1890 4189 3457 4271; baseline -0.007 -16"><span class='ocrx_word' id='word_1_611' title='bbox 1890 4199 2132 4271; x_wconf 88' lang='lat' dir='ltr'><strong>perferre</strong></span> <span class='ocrx_word' id='word_1_612' title='bbox 2156 4197 2508 4259; x_wconf 91' lang='lat' dir='ltr'><strong>didicerunt,</strong></span> <span class='ocrx_word' id='word_1_613' title='bbox 2558 4209 2656 4264; x_wconf 90' lang='lat' dir='ltr'><strong>pro</strong></span> <span class='ocrx_word' id='word_1_614' title='bbox 2683 4192 2884 4262; x_wconf 91' lang='lat' dir='ltr'><strong>quibus</strong></span> <span class='ocrx_word' id='word_1_615' title='bbox 2937 4197 2992 4248; x_wconf 88' lang='lat' dir='ltr'><strong>et</strong></span> <span class='ocrx_word' id='word_1_616' title='bbox 3030 4192 3244 4246; x_wconf 88' lang='lat' dir='ltr'><strong>dicetur</strong></span> <span class='ocrx_word' id='word_1_617' title='bbox 3277 4209 3291 4244; x_wconf 89' lang='lat'><strong>:</strong></span> <span class='ocrx_word' id='word_1_618' title='bbox 3329 4189 3457 4245; x_wconf 82' lang='lat' dir='ltr'><strong>Esu-</strong></span> 
     </span>
    </p>
   </div>
   <div class='ocr_carea' id='block_1_89' title="bbox 1891 4281 3457 4355">
    <p class='ocr_par' dir='ltr' id='par_1_89' title="bbox 1891 4281 3457 4355">
     <span class='ocr_line' id='line_1_89' title="bbox 1891 4281 3457 4355; baseline -0.014 -9"><span class='ocrx_word' id='word_1_619' title='bbox 1891 4292 2008 4355; x_wconf 76' lang='lat' dir='ltr'><strong>rivi,</strong></span> <span class='ocrx_word' id='word_1_620' title='bbox 2041 4301 2089 4346; x_wconf 86' lang='lat' dir='ltr'><strong>et</strong></span> <span class='ocrx_word' id='word_1_621' title='bbox 2106 4289 2323 4343; x_wconf 76' lang='lat' dir='ltr'><strong>dedistis</strong></span> <span class='ocrx_word' id='word_1_622' title='bbox 2343 4287 2470 4340; x_wconf 82' lang='lat' dir='ltr'><strong>mihi</strong></span> <span class='ocrx_word' id='word_1_623' title='bbox 2493 4284 2812 4338; x_wconf 79' lang='lat' dir='ltr'><strong>manducare</strong></span> <span class='ocrx_word' id='word_1_624' title='bbox 2828 4285 2894 4336; x_wconf 76' lang='grc'><strong>⁸³.</strong></span> <span class='ocrx_word' id='word_1_625' title='bbox 2917 4283 2993 4354; x_wconf 79' lang='lat'><strong>(7)</strong></span> <span class='ocrx_word' id='word_1_626' title='bbox 3011 4281 3352 4353; x_wconf 73' lang='lat' dir='ltr'><strong>Quapropter</strong></span> <span class='ocrx_word' id='word_1_627' title='bbox 3366 4299 3457 4339; x_wconf 65' lang='lat' dir='ltr'><strong>ex-</strong></span> 
     </span>
    </p>
   </div>
   <div class='ocr_carea' id='block_1_90' title="bbox 1889 4377 3458 4455">
    <p class='ocr_par' dir='ltr' id='par_1_90' title="bbox 1889 4377 3458 4455">
     <span class='ocr_line' id='line_1_90' title="bbox 1889 4377 3458 4455; baseline -0.007 -15"><span class='ocrx_word' id='word_1_628' title='bbox 1889 4383 2154 4455; x_wconf 88' lang='lat' dir='ltr'><strong>perientia</strong></span> <span class='ocrx_word' id='word_1_629' title='bbox 2199 4397 2336 4451; x_wconf 90' lang='lat' dir='ltr'><strong>opus</strong></span> <span class='ocrx_word' id='word_1_630' title='bbox 2365 4379 2544 4444; x_wconf 87' lang='lat' dir='ltr'><strong>habet,</strong></span> <span class='ocrx_word' id='word_1_631' title='bbox 2574 4384 2634 4431; x_wconf 92' lang='lat' dir='ltr'><strong>ut</strong></span> <span class='ocrx_word' id='word_1_632' title='bbox 2665 4378 2711 4432; x_wconf 92' lang='lat' dir='ltr'><strong>is</strong></span> <span class='ocrx_word' id='word_1_633' title='bbox 2736 4377 2829 4446; x_wconf 89' lang='lat' dir='ltr'><strong>qui</strong></span> <span class='ocrx_word' id='word_1_634' title='bbox 2864 4391 2990 4431; x_wconf 86' lang='lat' dir='ltr'><strong>vere</strong></span> <span class='ocrx_word' id='word_1_635' title='bbox 3020 4391 3226 4447; x_wconf 87' lang='lat' dir='ltr'><strong>pauper</strong></span> <span class='ocrx_word' id='word_1_636' title='bbox 3255 4383 3359 4446; x_wconf 88' lang='lat' dir='ltr'><strong>est,</strong></span> <span class='ocrx_word' id='word_1_637' title='bbox 3392 4377 3458 4430; x_wconf 89' lang='lat' dir='ltr'><strong>ah</strong></span> 
     </span>
    </p>
   </div>
   <div class='ocr_carea' id='block_1_91' title="bbox 217 4465 1782 4560">
    <p class='ocr_par' dir='ltr' id='par_1_91' title="bbox 217 4465 1782 4560">
     <span class='ocr_line' id='line_1_91' title="bbox 217 4465 1782 4560; baseline -0.001 -18"><span class='ocrx_word' id='word_1_638' title='bbox 217 4465 321 4560; x_wconf 79' lang='grc' dir='ltr'><strong>μὲν</strong></span> <span class='ocrx_word' id='word_1_639' title='bbox 345 4489 422 4560; x_wconf 78' lang='grc' dir='ltr'><strong>τῷ</strong></span> <span class='ocrx_word' id='word_1_640' title='bbox 447 4489 746 4560; x_wconf 78' lang='grc' dir='ltr'><strong>θλιϐομένῳ</strong></span> <span class='ocrx_word' id='word_1_641' title='bbox 784 4491 926 4553; x_wconf 78' lang='grc' dir='ltr'><strong>δοὺς,</strong></span> <span class='ocrx_word' id='word_1_642' title='bbox 961 4488 1038 4560; x_wconf 77' lang='grc' dir='ltr'><strong>τῷ</strong></span> <span class='ocrx_word' id='word_1_643' title='bbox 1074 4489 1264 4560; x_wconf 87' lang='grc' dir='ltr'><strong>Κυρίῳ</strong></span> <span class='ocrx_word' id='word_1_644' title='bbox 1296 4488 1486 4552; x_wconf 72' lang='grc' dir='ltr'><strong>ἔδωκε,</strong></span> <span class='ocrx_word' id='word_1_645' title='bbox 1527 4488 1620 4540; x_wconf 75' lang='grc' dir='ltr'><strong>καὶ</strong></span> <span class='ocrx_word' id='word_1_646' title='bbox 1660 4491 1782 4560; x_wconf 56' lang='grc' dir='ltr'><strong>παρ*</strong></span> 
     </span>
    </p>
   </div>
   <div class='ocr_carea' id='block_1_92' title="bbox 1889 4465 3458 4560">
    <p class='ocr_par' dir='ltr' id='par_1_92' title="bbox 1892 4465 3458 4546">
     <span class='ocr_line' id='line_1_92' title="bbox 1892 4465 3458 4546; baseline -0.008 -14"><span class='ocrx_word' id='word_1_647' title='bbox 1892 4493 1988 4539; x_wconf 90' lang='lat' dir='ltr'><strong>eo,</strong></span> <span class='ocrx_word' id='word_1_648' title='bbox 2043 4476 2138 4546; x_wconf 92' lang='lat' dir='ltr'><strong>qui</strong></span> <span class='ocrx_word' id='word_1_649' title='bbox 2189 4491 2254 4529; x_wconf 82' lang='lat' dir='ltr'><strong>ex</strong></span> <span class='ocrx_word' id='word_1_650' title='bbox 2320 4471 2544 4526; x_wconf 87' lang='lat' dir='ltr'><strong>avaritia</strong></span> <span class='ocrx_word' id='word_1_651' title='bbox 2603 4470 2920 4533; x_wconf 82' lang='lat' dir='ltr'><strong>mendicat,</strong></span> <span class='ocrx_word' id='word_1_652' title='bbox 2989 4475 3327 4523; x_wconf 84' lang='lat' dir='ltr'><strong>secernatur.</strong></span> <span class='ocrx_word' id='word_1_653' title='bbox 3393 4465 3458 4520; x_wconf 85' lang='lat' dir='ltr'><strong>Et</strong></span> 
     </span>
    </p>
   </div>
   <div class='ocr_carea' id='block_1_93' title="bbox 213 4579 1781 4652">
    <p class='ocr_par' dir='ltr' id='par_1_93' title="bbox 213 4579 1781 4652">
     <span class='ocr_line' id='line_1_93' title="bbox 213 4579 1781 4652; baseline -0.001 -19"><span class='ocrx_word' id='word_1_654' title='bbox 213 4580 382 4634; x_wconf 82' lang='grc' dir='ltr'><strong>αὐτοῦ</strong></span> <span class='ocrx_word' id='word_1_655' title='bbox 427 4580 654 4652; x_wconf 73' lang='grc' dir='ltr'><strong>λήψεται</strong></span> <span class='ocrx_word' id='word_1_656' title='bbox 707 4581 797 4633; x_wconf 80' lang='grc' dir='ltr'><strong>τὸν</strong></span> <span class='ocrx_word' id='word_1_657' title='bbox 853 4579 1041 4650; x_wconf 89' lang='grc' dir='ltr'><strong>μισθόν</strong></span> <span class='ocrx_word' id='word_1_658' title='bbox 1064 4597 1076 4609; x_wconf 91' lang='grc'><strong>·</strong></span> <span class='ocrx_word' id='word_1_659' title='bbox 1109 4583 1137 4635; x_wconf 86' lang='grc' dir='ltr'><strong>ὁ</strong></span> <span class='ocrx_word' id='word_1_660' title='bbox 1171 4580 1226 4633; x_wconf 84' lang='grc' dir='ltr'><strong>δὲ</strong></span> <span class='ocrx_word' id='word_1_661' title='bbox 1262 4580 1340 4650; x_wconf 83' lang='grc' dir='ltr'><strong>τῷ</strong></span> <span class='ocrx_word' id='word_1_662' title='bbox 1375 4581 1781 4651; x_wconf 85' lang='grc' dir='ltr'><strong>περιερχομένῳ</strong></span> 
     </span>
    </p>
   </div>
   <div class='ocr_carea' id='block_1_94' title="bbox 213 4670 1786 4752">
    <p class='ocr_par' dir='ltr' id='par_1_94' title="bbox 213 4670 1786 4752">
     <span class='ocr_line' id='line_1_94' title="bbox 213 4670 1786 4752; baseline -0.002 -26"><span class='ocrx_word' id='word_1_663' title='bbox 213 4673 630 4752; x_wconf 77' lang='grc' dir='ltr'><strong>παρασχόμενος</strong></span> <span class='ocrx_word' id='word_1_664' title='bbox 668 4671 852 4735; x_wconf 75' lang='grc' dir='ltr'><strong>παντὶ,</strong></span> <span class='ocrx_word' id='word_1_665' title='bbox 911 4670 1242 4743; x_wconf 70' lang='grc' dir='ltr'><strong>προσέῤῥιῲε</strong></span> <span class='ocrx_word' id='word_1_666' title='bbox 1273 4672 1394 4724; x_wconf 75' lang='grc' dir='ltr'><strong>κυνὶ</strong></span> <span class='ocrx_word' id='word_1_667' title='bbox 1429 4671 1670 4742; x_wconf 84' lang='grc' dir='ltr'><strong>φορτικῷ</strong></span> <span class='ocrx_word' id='word_1_668' title='bbox 1700 4671 1786 4724; x_wconf 83' lang='grc' dir='ltr'><strong>διά</strong></span> 
     </span>
    </p>
   </div>
   <div class='ocr_carea' id='block_1_95' title="bbox 213 4762 1492 4836">
    <p class='ocr_par' dir='ltr' id='par_1_95' title="bbox 213 4762 1492 4836">
     <span class='ocr_line' id='line_1_95' title="bbox 213 4762 1492 4836; baseline -0.001 -19"><span class='ocrx_word' id='word_1_669' title='bbox 213 4765 319 4836; x_wconf 78' lang='grc' dir='ltr'><strong>τὴν</strong></span> <span class='ocrx_word' id='word_1_670' title='bbox 341 4763 632 4828; x_wconf 87' lang='grc' dir='ltr'><strong>ἀναίδειαν,</strong></span> <span class='ocrx_word' id='word_1_671' title='bbox 666 4764 764 4815; x_wconf 81' lang='grc' dir='ltr'><strong>οὐκ</strong></span> <span class='ocrx_word' id='word_1_672' title='bbox 791 4762 1008 4834; x_wconf 82' lang='grc' dir='ltr'><strong>ὲλεεινῷ</strong></span> <span class='ocrx_word' id='word_1_673' title='bbox 1038 4762 1125 4815; x_wconf 75' lang='grc' dir='ltr'><strong>διὰ</strong></span> <span class='ocrx_word' id='word_1_674' title='bbox 1145 4765 1242 4834; x_wconf 84' lang='grc' dir='ltr'><strong>τὴν</strong></span> <span class='ocrx_word' id='word_1_675' title='bbox 1268 4762 1492 4816; x_wconf 75' lang='grc' dir='ltr'><strong>ἔνδειαν.</strong></span> 
     </span>
    </p>
   </div>
   <div class='ocr_carea' id='block_1_96' title="bbox 283 4941 1788 5014">
    <p class='ocr_par' dir='ltr' id='par_1_96' title="bbox 283 4941 1788 5014">
     <span class='ocr_line' id='line_1_96' title="bbox 283 4941 1788 5014; baseline 0.001 -19"><span class='ocrx_word' id='word_1_676' title='bbox 283 4943 341 4996; x_wconf 82' lang='grc'><strong>’1.</strong></span> <span class='ocrx_word' id='word_1_677' title='bbox 388 4942 702 5004; x_wconf 80' lang='grc' dir='ltr'><strong>’Δκούσατε,</strong></span> <span class='ocrx_word' id='word_1_678' title='bbox 747 4943 797 4996; x_wconf 86' lang='grc' dir='ltr'><strong>οἱ</strong></span> <span class='ocrx_word' id='word_1_679' title='bbox 851 4943 1126 5008; x_wconf 85' lang='grc' dir='ltr'><strong>πλούσιοι,</strong></span> <span class='ocrx_word' id='word_1_680' title='bbox 1156 4944 1316 4997; x_wconf 81' lang='grc' dir='ltr'><strong>ὁποῖα</strong></span> <span class='ocrx_word' id='word_1_681' title='bbox 1350 4941 1788 5014; x_wconf 61' lang='grc' dir='ltr'><strong>συμϐουλεύομεν</strong></span> 
     </span>
    </p>
   </div>
   <div class='ocr_carea' id='block_1_97' title="bbox 211 5034 1788 5107">
    <p class='ocr_par' dir='ltr' id='par_1_97' title="bbox 211 5034 1788 5107">
     <span class='ocr_line' id='line_1_97' title="bbox 211 5034 1788 5107; baseline -0.001 -19"><span class='ocrx_word' id='word_1_682' title='bbox 211 5037 331 5097; x_wconf 85' lang='grc' dir='ltr'><strong>τοῖς</strong></span> <span class='ocrx_word' id='word_1_683' title='bbox 357 5037 589 5105; x_wconf 85' lang='grc' dir='ltr'><strong>πτωχοῖς</strong></span> <span class='ocrx_word' id='word_1_684' title='bbox 613 5035 700 5088; x_wconf 85' lang='grc' dir='ltr'><strong>διά</strong></span> <span class='ocrx_word' id='word_1_685' title='bbox 716 5035 814 5106; x_wconf 82' lang='grc' dir='ltr'><strong>τὴν</strong></span> <span class='ocrx_word' id='word_1_686' title='bbox 837 5035 1106 5107; x_wconf 86' lang='grc' dir='ltr'><strong>ὑμετέραν</strong></span> <span class='ocrx_word' id='word_1_687' title='bbox 1133 5034 1552 5106; x_wconf 84' lang='grc' dir='ltr'><strong>ἀπανθρωπίαν,</strong></span> <span class='ocrx_word' id='word_1_688' title='bbox 1587 5036 1788 5103; x_wconf 77' lang='grc' dir='ltr'><strong>ἐγκαρ-</strong></span> 
     </span>
    </p>
   </div>
   <div class='ocr_carea' id='block_1_98' title="bbox 212 5125 1784 5199">
    <p class='ocr_par' dir='ltr' id='par_1_98' title="bbox 212 5125 1784 5199">
     <span class='ocr_line' id='line_1_98' title="bbox 212 5125 1784 5199; baseline -0.001 -19"><span class='ocrx_word' id='word_1_689' title='bbox 212 5129 394 5199; x_wconf 72' lang='grc' dir='ltr'><strong>⁶ιερείν</strong></span> <span class='ocrx_word' id='word_1_690' title='bbox 423 5126 618 5198; x_wconf 80' lang='grc' dir='ltr'><strong>μᾶλλον</strong></span> <span class='ocrx_word' id='word_1_691' title='bbox 650 5129 761 5190; x_wconf 88' lang='grc' dir='ltr'><strong>τοῖς</strong></span> <span class='ocrx_word' id='word_1_692' title='bbox 790 5126 1001 5192; x_wconf 87' lang='grc' dir='ltr'><strong>δεινοῖς,</strong></span> <span class='ocrx_word' id='word_1_693' title='bbox 1038 5127 1070 5196; x_wconf 83' lang='grc' dir='ltr'>ἦ</span> <span class='ocrx_word' id='word_1_694' title='bbox 1110 5126 1208 5191; x_wconf 78' lang='grc' dir='ltr'><strong>τὰς</strong></span> <span class='ocrx_word' id='word_1_695' title='bbox 1233 5127 1297 5180; x_wconf 77' lang='grc' dir='ltr'><strong>ἐκ</strong></span> <span class='ocrx_word' id='word_1_696' title='bbox 1319 5126 1425 5179; x_wconf 88' lang='grc' dir='ltr'><strong>τῶν</strong></span> <span class='ocrx_word' id='word_1_697' title='bbox 1448 5125 1618 5179; x_wconf 89' lang='grc' dir='ltr'><strong>τόκων</strong></span> <span class='ocrx_word' id='word_1_698' title='bbox 1645 5141 1784 5194; x_wconf 83' lang='grc' dir='ltr'><strong>συμ-</strong></span> 
     </span>
    </p>
   </div>
   <div class='ocr_carea' id='block_1_99' title="bbox 1895 4559 3458 4641">
    <p class='ocr_par' dir='ltr' id='par_1_99' title="bbox 1895 4559 3458 4641">
     <span class='ocr_line' id='line_1_99' title="bbox 1895 4559 3458 4641; baseline -0.006 -16"><span class='ocrx_word' id='word_1_699' title='bbox 1895 4570 2111 4641; x_wconf 90' lang='lat' dir='ltr'><strong>quidem</strong></span> <span class='ocrx_word' id='word_1_700' title='bbox 2160 4565 2411 4638; x_wconf 87' lang='lat' dir='ltr'><strong>quisquis</strong></span> <span class='ocrx_word' id='word_1_701' title='bbox 2462 4562 2782 4617; x_wconf 79' lang='lat' dir='ltr'><strong>calamitose</strong></span> <span class='ocrx_word' id='word_1_702' title='bbox 2827 4561 2957 4627; x_wconf 85' lang='lat' dir='ltr'><strong>dat,</strong></span> <span class='ocrx_word' id='word_1_703' title='bbox 2999 4560 3149 4616; x_wconf 89' lang='lat' dir='ltr'><strong>dedit</strong></span> <span class='ocrx_word' id='word_1_704' title='bbox 3191 4559 3458 4623; x_wconf 87' lang='lat' dir='ltr'><strong>Domino,</strong></span> 
     </span>
    </p>
   </div>
   <div class='ocr_carea' id='block_1_100' title="bbox 1893 4650 3458 4725">
    <p class='ocr_par' dir='ltr' id='par_1_100' title="bbox 1893 4650 3458 4725">
     <span class='ocr_line' id='line_1_100' title="bbox 1893 4650 3458 4725; baseline -0.008 -7"><span class='ocrx_word' id='word_1_705' title='bbox 1893 4673 1946 4719; x_wconf 87' lang='lat' dir='ltr'><strong>et</strong></span> <span class='ocrx_word' id='word_1_706' title='bbox 2005 4663 2072 4717; x_wconf 92' lang='lat' dir='ltr'><strong>ab</strong></span> <span class='ocrx_word' id='word_1_707' title='bbox 2102 4675 2168 4716; x_wconf 93' lang='lat' dir='ltr'><strong>eo</strong></span> <span class='ocrx_word' id='word_1_708' title='bbox 2205 4657 2508 4713; x_wconf 85' lang='lat' dir='ltr'><strong>mercedem</strong></span> <span class='ocrx_word' id='word_1_709' title='bbox 2538 4654 2768 4725; x_wconf 88' lang='lat' dir='ltr'><strong>accipiet</strong></span> <span class='ocrx_word' id='word_1_710' title='bbox 2801 4673 2814 4706; x_wconf 91' lang='lat'><strong>:</strong></span> <span class='ocrx_word' id='word_1_711' title='bbox 2864 4654 2954 4723; x_wconf 89' lang='lat' dir='ltr'><strong>qui</strong></span> <span class='ocrx_word' id='word_1_712' title='bbox 2997 4668 3125 4707; x_wconf 87' lang='lat' dir='ltr'><strong>vero</strong></span> <span class='ocrx_word' id='word_1_713' title='bbox 3149 4650 3458 4708; x_wconf 90' lang='lat' dir='ltr'><strong>errabundo</strong></span> 
     </span>
    </p>
   </div>
   <div class='ocr_carea' id='block_1_101' title="bbox 1893 4744 3458 4820">
    <p class='ocr_par' dir='ltr' id='par_1_101' title="bbox 1893 4744 3458 4820">
     <span class='ocr_line' id='line_1_101' title="bbox 1893 4744 3458 4820; baseline -0.009 -9"><span class='ocrx_word' id='word_1_714' title='bbox 1893 4756 2041 4811; x_wconf 90' lang='lat' dir='ltr'><strong>omni</strong></span> <span class='ocrx_word' id='word_1_715' title='bbox 2103 4754 2339 4815; x_wconf 89' lang='lat' dir='ltr'><strong>tribuit,</strong></span> <span class='ocrx_word' id='word_1_716' title='bbox 2376 4748 2594 4820; x_wconf 85' lang='lat' dir='ltr'><strong>projicit</strong></span> <span class='ocrx_word' id='word_1_717' title='bbox 2623 4746 2746 4800; x_wconf 84' lang='lat' dir='ltr'><strong>cani</strong></span> <span class='ocrx_word' id='word_1_718' title='bbox 2777 4785 2792 4808; x_wconf 94' lang='lat'><strong>,</strong></span> <span class='ocrx_word' id='word_1_719' title='bbox 2837 4745 3070 4800; x_wconf 88' lang='lat' dir='ltr'><strong>molesto</strong></span> <span class='ocrx_word' id='word_1_720' title='bbox 3120 4744 3337 4815; x_wconf 90' lang='lat' dir='ltr'><strong>quidem</strong></span> <span class='ocrx_word' id='word_1_721' title='bbox 3390 4745 3458 4798; x_wconf 92' lang='lat' dir='ltr'><strong>ob</strong></span> 
     </span>
    </p>
   </div>
   <div class='ocr_carea' id='block_1_102' title="bbox 1893 4835 3456 4919">
    <p class='ocr_par' dir='ltr' id='par_1_102' title="bbox 1893 4835 3456 4919">
     <span class='ocr_line' id='line_1_102' title="bbox 1893 4835 3456 4919; baseline -0.01 -17"><span class='ocrx_word' id='word_1_722' title='bbox 1893 4847 2315 4919; x_wconf 88' lang='lat' dir='ltr'><strong>impudentiam,</strong></span> <span class='ocrx_word' id='word_1_723' title='bbox 2351 4840 2446 4897; x_wconf 86' lang='lat' dir='ltr'><strong>sed</strong></span> <span class='ocrx_word' id='word_1_724' title='bbox 2476 4855 2586 4894; x_wconf 92' lang='lat' dir='ltr'><strong>non</strong></span> <span class='ocrx_word' id='word_1_725' title='bbox 2625 4835 2936 4892; x_wconf 87' lang='lat' dir='ltr'><strong>miserando</strong></span> <span class='ocrx_word' id='word_1_726' title='bbox 2976 4835 3048 4892; x_wconf 90' lang='lat' dir='ltr'><strong>ob</strong></span> <span class='ocrx_word' id='word_1_727' title='bbox 3081 4835 3456 4906; x_wconf 78' lang='lat' dir='ltr'><strong>indigentiam.</strong></span> 
     </span>
    </p>
   </div>
   <div class='ocr_carea' id='block_1_103' title="bbox 1965 4925 3456 5012">
    <p class='ocr_par' dir='ltr' id='par_1_103' title="bbox 1965 4925 3456 5012">
     <span class='ocr_line' id='line_1_103' title="bbox 1965 4925 3456 5012; baseline -0.007 -21"><span class='ocrx_word' id='word_1_728' title='bbox 1965 4938 2129 5012; x_wconf 59' lang='lat'><strong>590</strong></span> <span class='ocrx_word' id='word_1_729' title='bbox 2150 4937 2202 4990; x_wconf 90' lang='lat'><strong>7.</strong></span> <span class='ocrx_word' id='word_1_730' title='bbox 2237 4934 2312 5005; x_wconf 90' lang='lat'><strong>(8)</strong></span> <span class='ocrx_word' id='word_1_731' title='bbox 2329 4933 2546 4999; x_wconf 79' lang='lat' dir='ltr'><strong>Audite,</strong></span> <span class='ocrx_word' id='word_1_732' title='bbox 2565 4929 2783 4996; x_wconf 84' lang='lat' dir='ltr'><strong>divites,</strong></span> <span class='ocrx_word' id='word_1_733' title='bbox 2813 4927 2972 4998; x_wconf 89' lang='lat' dir='ltr'><strong>quale</strong></span> <span class='ocrx_word' id='word_1_734' title='bbox 3005 4927 3336 4999; x_wconf 90' lang='lat' dir='ltr'><strong>pauperibus</strong></span> <span class='ocrx_word' id='word_1_735' title='bbox 3364 4925 3456 4981; x_wconf 82' lang='lat' dir='ltr'><strong>de-</strong></span> 
     </span>
    </p>
   </div>
   <div class='ocr_carea' id='block_1_104' title="bbox 1892 5016 3456 5086">
    <p class='ocr_par' dir='ltr' id='par_1_104' title="bbox 1892 5016 3456 5086">
     <span class='ocr_line' id='line_1_104' title="bbox 1892 5016 3456 5086; baseline -0.011 -1"><span class='ocrx_word' id='word_1_736' title='bbox 1892 5042 2016 5084; x_wconf 90' lang='lat' dir='ltr'><strong>mus</strong></span> <span class='ocrx_word' id='word_1_737' title='bbox 2051 5024 2340 5082; x_wconf 90' lang='lat' dir='ltr'><strong>consilium</strong></span> <span class='ocrx_word' id='word_1_738' title='bbox 2363 5021 2433 5076; x_wconf 95' lang='lat' dir='ltr'><strong>ob</strong></span> <span class='ocrx_word' id='word_1_739' title='bbox 2455 5029 2693 5076; x_wconf 86' lang='lat' dir='ltr'><strong>vestram</strong></span> <span class='ocrx_word' id='word_1_740' title='bbox 2737 5016 3212 5085; x_wconf 78' lang='lat' dir='ltr'><strong>inhumanitatem,</strong></span> <span class='ocrx_word' id='word_1_741' title='bbox 3265 5031 3456 5086; x_wconf 81' lang='lat' dir='ltr'><strong>nempe</strong></span> 
     </span>
    </p>
   </div>
   <div class='ocr_carea' id='block_1_105' title="bbox 1893 5107 3455 5191">
    <p class='ocr_par' dir='ltr' id='par_1_105' title="bbox 1893 5107 3455 5191">
     <span class='ocr_line' id='line_1_105' title="bbox 1893 5107 3455 5191; baseline -0.008 -16"><span class='ocrx_word' id='word_1_742' title='bbox 1893 5130 1954 5176; x_wconf 89' lang='lat' dir='ltr'><strong>ut</strong></span> <span class='ocrx_word' id='word_1_743' title='bbox 2009 5116 2334 5191; x_wconf 86' lang='lat' dir='ltr'><strong>gravissima</strong></span> <span class='ocrx_word' id='word_1_744' title='bbox 2378 5124 2606 5185; x_wconf 63' lang='lat' dir='ltr'><strong>quasque</strong></span> <span class='ocrx_word' id='word_1_745' title='bbox 2660 5116 2975 5172; x_wconf 86' lang='lat' dir='ltr'><strong>constanter</strong></span> <span class='ocrx_word' id='word_1_746' title='bbox 3022 5107 3197 5176; x_wconf 76' lang='lat' dir='ltr'><strong>ferant</strong></span> <span class='ocrx_word' id='word_1_747' title='bbox 3229 5108 3412 5178; x_wconf 90' lang='lat' dir='ltr'><strong>potius</strong></span> <span class='ocrx_word' id='word_1_748' title='bbox 3439 5147 3455 5172; x_wconf 90' lang='lat'><strong>,</strong></span> 
     </span>
    </p>
   </div>
   <div class='ocr_carea' id='block_1_106' title="bbox 294 5267 1782 5347">
    <p class='ocr_par' dir='ltr' id='par_1_106' title="bbox 294 5278 1782 5347">
     <span class='ocr_line' id='line_1_106' title="bbox 294 5278 1782 5347; baseline -0.004 -9"><span class='ocrx_word' id='word_1_749' title='bbox 294 5284 358 5316; x_wconf 71' lang='grc' dir='ltr'><strong>δ’·</strong></span> <span class='ocrx_word' id='word_1_750' title='bbox 387 5283 520 5339; x_wconf 91' lang='lat' dir='ltr'><strong>Luc.</strong></span> <span class='ocrx_word' id='word_1_751' title='bbox 561 5301 650 5347; x_wconf 78' lang='lat' dir='ltr'><strong>xv,</strong></span> <span class='ocrx_word' id='word_1_752' title='bbox 690 5283 782 5338; x_wconf 67' lang='grc'><strong>24.</strong></span> <span class='ocrx_word' id='word_1_753' title='bbox 856 5282 901 5314; x_wconf 77' lang='grc' dir='ltr'><strong>⁸ο</strong></span> <span class='ocrx_word' id='word_1_754' title='bbox 946 5281 1076 5336; x_wconf 90' lang='lat' dir='ltr'><strong>Luc.</strong></span> <span class='ocrx_word' id='word_1_755' title='bbox 1117 5297 1188 5345; x_wconf 67' lang='grc' dir='ltr'><strong>τι,</strong></span> <span class='ocrx_word' id='word_1_756' title='bbox 1221 5281 1308 5335; x_wconf 77' lang='lat'><strong>30.</strong></span> <span class='ocrx_word' id='word_1_757' title='bbox 1384 5281 1426 5312; x_wconf 82' lang='grc'><strong>⁵¹</strong></span> <span class='ocrx_word' id='word_1_758' title='bbox 1472 5279 1596 5335; x_wconf 83' lang='lat' dir='ltr'><strong>Act.</strong></span> <span class='ocrx_word' id='word_1_759' title='bbox 1647 5295 1725 5344; x_wconf 83' lang='lat' dir='ltr'><strong>tv,</strong></span> <span class='ocrx_word' id='word_1_760' title='bbox 1759 5278 1782 5333; x_wconf 76' lang='grc' dir='ltr'><em>Ξ</em></span> 
     </span>
    </p>
   </div>
   <div class='ocr_carea' id='block_1_107' title="bbox 1889 5267 2473 5347">
    <p class='ocr_par' dir='ltr' id='par_1_107' title="bbox 1928 5267 2473 5327">
     <span class='ocr_line' id='line_1_107' title="bbox 1928 5267 2473 5327; baseline -0.013 0"><span class='ocrx_word' id='word_1_761' title='bbox 1928 5277 1975 5308; x_wconf 79' lang='grc'>⁸⁸</span> <span class='ocrx_word' id='word_1_762' title='bbox 2001 5272 2193 5327; x_wconf 85' lang='lat' dir='ltr'><strong>Matth.</strong></span> <span class='ocrx_word' id='word_1_763' title='bbox 2231 5286 2358 5327; x_wconf 82' lang='lat' dir='ltr'><strong>xxv.</strong></span> <span class='ocrx_word' id='word_1_764' title='bbox 2385 5267 2473 5322; x_wconf 80' lang='lat'><strong>55.</strong></span> 
     </span>
    </p>
   </div>
   <div class='ocr_carea' id='block_1_108' title="bbox 288 5393 1776 5469">
    <p class='ocr_par' dir='ltr' id='par_1_108' title="bbox 288 5393 1776 5469">
     <span class='ocr_line' id='line_1_108' title="bbox 288 5393 1776 5469; baseline -0.003 -15"><span class='ocrx_word' id='word_1_765' title='bbox 288 5399 366 5469; x_wconf 83' lang='grc' dir='ltr'><strong>(ι)</strong></span> <span class='ocrx_word' id='word_1_766' title='bbox 404 5398 602 5466; x_wconf 78' lang='grc' dir='ltr'><strong>Δείξῃ.</strong></span> <span class='ocrx_word' id='word_1_767' title='bbox 631 5397 815 5453; x_wconf 71' lang='lat' dir='ltr'><strong>Codex</strong></span> <span class='ocrx_word' id='word_1_768' title='bbox 854 5395 991 5450; x_wconf 74' lang='grc'><strong>1992</strong></span> <span class='ocrx_word' id='word_1_769' title='bbox 1022 5395 1212 5462; x_wconf 82' lang='grc' dir='ltr'><strong>δεῖξαι.</strong></span> <span class='ocrx_word' id='word_1_770' title='bbox 1247 5393 1340 5449; x_wconf 88' lang='lat' dir='ltr'><strong>Sic</strong></span> <span class='ocrx_word' id='word_1_771' title='bbox 1387 5393 1550 5449; x_wconf 89' lang='lat' dir='ltr'><strong>etiam</strong></span> <span class='ocrx_word' id='word_1_772' title='bbox 1584 5393 1776 5449; x_wconf 89' lang='lat' dir='ltr'><strong>homil.</strong></span> 
     </span>
    </p>
   </div>
   <div class='ocr_carea' id='block_1_109' title="bbox 213 5475 1784 5613">
    <p class='ocr_par' dir='ltr' id='par_1_109' title="bbox 213 5475 1784 5613">
     <span class='ocr_line' id='line_1_109' title="bbox 213 5475 1784 5613; baseline -0.008 -14"><span class='ocrx_word' id='word_1_773' title='bbox 213 5475 945 5613; x_wconf 47' lang='lat' dir='ltr'><strong>83:2];iji&#39;vrttaeiotr._5atis</strong></span> <span class='ocrx_word' id='word_1_774' title='bbox 959 5533 1243 5613; x_wconf 82' lang='lat' dir='ltr'><strong>commode</strong></span> <span class='ocrx_word' id='word_1_775' title='bbox 1260 5535 1363 5591; x_wconf 91' lang='lat' dir='ltr'><strong>hoc</strong></span> <span class='ocrx_word' id='word_1_776' title='bbox 1384 5534 1612 5613; x_wconf 73' lang='lat' dir='ltr'><strong>verbum</strong></span> <span class='ocrx_word' id='word_1_777' title='bbox 1629 5533 1784 5613; x_wconf 64' lang='lat' dir='ltr'><strong>deest</strong></span> 
     </span>
    </p>
   </div>
   <div class='ocr_carea' id='block_1_110' title="bbox 210 5603 1780 5677">
    <p class='ocr_par' dir='ltr' id='par_1_110' title="bbox 210 5603 1780 5677">
     <span class='ocr_line' id='line_1_110' title="bbox 210 5603 1780 5677; baseline -0.01 -6"><span class='ocrx_word' id='word_1_778' title='bbox 210 5617 266 5670; x_wconf 88' lang='lat' dir='ltr'><strong>in</strong></span> <span class='ocrx_word' id='word_1_779' title='bbox 293 5603 499 5666; x_wconf 67' lang='lat' dir='ltr'><strong>eodem</strong></span> <span class='ocrx_word' id='word_1_780' title='bbox 526 5609 733 5663; x_wconf 88' lang='lat' dir='ltr'><strong>codice.</strong></span> <span class='ocrx_word' id='word_1_781' title='bbox 777 5605 998 5677; x_wconf 76' lang='lat' dir='ltr'><strong>Legitur</strong></span> <span class='ocrx_word' id='word_1_782' title='bbox 1030 5607 1084 5677; x_wconf 90' lang='lat' dir='ltr'><strong>in</strong></span> <span class='ocrx_word' id='word_1_783' title='bbox 1115 5613 1373 5677; x_wconf 86' lang='lat' dir='ltr'><strong>contextu</strong></span> <span class='ocrx_word' id='word_1_784' title='bbox 1425 5603 1780 5677; x_wconf 66' lang='grc' dir='ltr'><strong>προτιθεῖσιν.</strong></span> 
     </span>
    </p>
   </div>
   <div class='ocr_carea' id='block_1_111' title="bbox 286 5671 1782 5752">
    <p class='ocr_par' dir='ltr' id='par_1_111' title="bbox 286 5671 1782 5752">
     <span class='ocr_line' id='line_1_111' title="bbox 286 5671 1782 5752; baseline -0.005 -17"><span class='ocrx_word' id='word_1_785' title='bbox 286 5683 364 5752; x_wconf 79' lang='lat'><strong>(3)</strong></span> <span class='ocrx_word' id='word_1_786' title='bbox 404 5671 904 5752; x_wconf 62' lang='grc' dir='ltr'><strong>Ἔπξιδθίκνησθαὶ.</strong></span> <span class='ocrx_word' id='word_1_787' title='bbox 941 5673 1162 5746; x_wconf 86' lang='lat' dir='ltr'><strong>Legitur</strong></span> <span class='ocrx_word' id='word_1_788' title='bbox 1193 5675 1247 5730; x_wconf 94' lang='lat' dir='ltr'><strong>in</strong></span> <span class='ocrx_word' id='word_1_789' title='bbox 1281 5677 1400 5748; x_wconf 89' lang='lat' dir='ltr'><strong>ipso</strong></span> <span class='ocrx_word' id='word_1_790' title='bbox 1429 5671 1612 5732; x_wconf 82' lang='lat' dir='ltr'><strong>Basilii</strong></span> <span class='ocrx_word' id='word_1_791' title='bbox 1644 5689 1782 5729; x_wconf 81' lang='lat' dir='ltr'><strong>con-</strong></span> 
     </span>
    </p>
   </div>
   <div class='ocr_carea' id='block_1_112' title="bbox 212 5746 887 5816">
    <p class='ocr_par' dir='ltr' id='par_1_112' title="bbox 212 5746 887 5816">
     <span class='ocr_line' id='line_1_112' title="bbox 212 5746 887 5816; baseline -0.022 -4"><span class='ocrx_word' id='word_1_792' title='bbox 212 5746 362 5812; x_wconf 71' lang='lat' dir='ltr'><strong>textu</strong></span> <span class='ocrx_word' id='word_1_793' title='bbox 399 5746 887 5816; x_wconf 64' lang='grc' dir='ltr'><strong>ἐπιδεικνυμένους.</strong></span> 
     </span>
    </p>
   </div>
   <div class='ocr_carea' id='block_1_113' title="bbox 493 5837 1229 5904">
    <p class='ocr_par' dir='ltr' id='par_1_113' title="bbox 493 5837 1229 5904">
     <span class='ocr_line' id='line_1_113' title="bbox 493 5837 1229 5904; baseline -0.007 0"><span class='ocrx_word' id='word_1_794' title='bbox 493 5841 763 5904; x_wconf 69' lang='grc' dir='ltr'><strong>Ρλτιιοι..</strong></span> <span class='ocrx_word' id='word_1_795' title='bbox 799 5839 914 5899; x_wconf 76' lang='lat' dir='ltr'><strong>Gn.</strong></span> <span class='ocrx_word' id='word_1_796' title='bbox 962 5837 1229 5901; x_wconf 81' lang='lat' dir='ltr'><strong>XXXII.</strong></span> 
     </span>
    </p>
   </div>
   <div class='ocr_carea' id='block_1_114' title="bbox 1919 5373 3458 5471">
    <p class='ocr_par' dir='ltr' id='par_1_114' title="bbox 1919 5373 3458 5471">
     <span class='ocr_line' id='line_1_114' title="bbox 1919 5373 3458 5471; baseline -0.008 -29"><span class='ocrx_word' id='word_1_797' title='bbox 1919 5384 2145 5471; x_wconf 42' lang='grc' dir='ltr'><strong>,μὶ-ξι</strong></span> <span class='ocrx_word' id='word_1_798' title='bbox 2183 5384 2330 5438; x_wconf 89' lang='lat' dir='ltr'><strong>hom.</strong></span> <span class='ocrx_word' id='word_1_799' title='bbox 2377 5380 2529 5446; x_wconf 85' lang='lat' dir='ltr'><strong>Quod</strong></span> <span class='ocrx_word' id='word_1_800' title='bbox 2586 5379 2865 5433; x_wconf 81' lang='lat' dir='ltr'><strong>mundanis</strong></span> <span class='ocrx_word' id='word_1_801' title='bbox 2923 5373 3300 5430; x_wconf 71' lang='lat' dir='ltr'><strong>adhwrendum</strong></span> <span class='ocrx_word' id='word_1_802' title='bbox 3356 5393 3458 5430; x_wconf 82' lang='lat' dir='ltr'><strong>non</strong></span> 
     </span>
    </p>
   </div>
   <div class='ocr_carea' id='block_1_115' title="bbox 1883 5456 2887 5809">
    <p class='ocr_par' dir='ltr' id='par_1_115' title="bbox 1883 5456 2887 5809">
     <span class='ocr_line' id='line_1_115' title="bbox 1883 5456 2887 5670; baseline -0.013 -87"><span class='ocrx_word' id='word_1_803' title='bbox 1883 5456 2148 5670; x_wconf 50' lang='grc' dir='ltr'><strong>ωξῦῃὲξ</strong></span> <span class='ocrx_word' id='word_1_804' title='bbox 2175 5522 2322 5577; x_wconf 88' lang='lat' dir='ltr'><strong>hom.</strong></span> <span class='ocrx_word' id='word_1_805' title='bbox 2357 5521 2413 5576; x_wconf 85' lang='lat' dir='ltr'><strong>in</strong></span> <span class='ocrx_word' id='word_1_806' title='bbox 2443 5519 2582 5592; x_wconf 81' lang='lat' dir='ltr'><strong>psal.</strong></span> <span class='ocrx_word' id='word_1_807' title='bbox 2612 5534 2723 5586; x_wconf 85' lang='lat' dir='ltr'><strong>xtv,</strong></span> <span class='ocrx_word' id='word_1_808' title='bbox 2762 5519 2887 5576; x_wconf 77' lang='lat'><strong>357.</strong></span> 
     </span>
     <span class='ocr_line' id='line_1_116' title="bbox 1958 5526 2619 5809; baseline -0.018 -85"><span class='ocrx_word' id='word_1_809' title='bbox 1958 5526 2042 5809; x_wconf 39' lang='grc' dir='ltr'><strong>(ἐξ</strong></span> <span class='ocrx_word' id='word_1_810' title='bbox 2072 5592 2345 5734; x_wconf 51' lang='grc' dir='ltr'><strong>ἓιίᾶερίει.</strong></span> <span class='ocrx_word' id='word_1_811' title='bbox 2374 5674 2458 5718; x_wconf 76' lang='grc' dir='ltr'><strong>οι..</strong></span> <span class='ocrx_word' id='word_1_812' title='bbox 2493 5657 2619 5714; x_wconf 63' lang='grc' dir='ltr'><strong>εει.</strong></span> 
     </span>
     <span class='ocr_line' id='line_1_117' title="bbox 1961 5727 2887 5809; baseline -0.009 -16"><span class='ocrx_word' id='word_1_813' title='bbox 1961 5737 2019 5809; x_wconf 87' lang='lat'><strong>(8</strong></span> <span class='ocrx_word' id='word_1_814' title='bbox 2075 5734 2156 5790; x_wconf 86' lang='lat' dir='ltr'><strong>Ex</strong></span> <span class='ocrx_word' id='word_1_815' title='bbox 2185 5734 2333 5788; x_wconf 87' lang='lat' dir='ltr'><strong>hom.</strong></span> <span class='ocrx_word' id='word_1_816' title='bbox 2374 5731 2429 5785; x_wconf 83' lang='lat' dir='ltr'><strong>in</strong></span> <span class='ocrx_word' id='word_1_817' title='bbox 2462 5731 2601 5799; x_wconf 85' lang='lat' dir='ltr'><strong>psal.</strong></span> <span class='ocrx_word' id='word_1_818' title='bbox 2633 5744 2744 5792; x_wconf 78' lang='lat' dir='ltr'><strong>xiv,</strong></span> <span class='ocrx_word' id='word_1_819' title='bbox 2774 5727 2887 5786; x_wconf 73' lang='grc' dir='ltr'><strong>ΗΞ.</strong></span> 
     </span>
    </p>
   </div>
   <div class='ocr_carea' id='block_1_116' title="bbox 2136 5611 2208 5648">
    <p class='ocr_par' dir='ltr' id='par_1_116' title="bbox 2136 5611 2208 5648">
     <span class='ocr_line' id='line_1_118' title="bbox 2136 5611 2208 5648; baseline -0.014 0"><span class='ocrx_word' id='word_1_820' title='bbox 2136 5611 2208 5648; x_wconf 85' lang='grc' dir='ltr'><strong>ια.</strong></span> 
     </span>
    </p>
   </div>
   <div class='ocr_carea' id='block_1_117' title="bbox 1958 5657 2619 5734">
    <p class='ocr_par' dir='ltr' id='par_1_117' title="bbox 1958 5657 2619 5734">
     <span class='ocr_line' id='line_1_119' title="bbox 1958 5657 2619 5734; baseline -0.018 -10"><span class='ocrx_word' id='word_1_821' title='bbox 1958 5657 2039 5734; x_wconf 64' lang='grc' dir='ltr'><strong>ἰη</strong></span> <span class='ocrx_word' id='word_1_822' title='bbox 2077 5663 2152 5718; x_wconf 79' lang='lat' dir='ltr'><strong>Ex</strong></span> <span class='ocrx_word' id='word_1_823' title='bbox 2184 5660 2345 5734; x_wconf 89' lang='lat' dir='ltr'><strong>epist.</strong></span> <span class='ocrx_word' id='word_1_824' title='bbox 2374 5674 2458 5734; x_wconf 68' lang='lat' dir='ltr'><strong>cn.</strong></span> <span class='ocrx_word' id='word_1_825' title='bbox 2493 5657 2619 5734; x_wconf 53' lang='grc' dir='ltr'><strong>τις.</strong></span> 
     </span>
    </p>
   </div>
   <div class='ocr_carea' id='block_1_118' title="bbox 1961 5727 2897 5810">
    <p class='ocr_par' dir='ltr' id='par_1_118' title="bbox 1961 5727 2897 5810">
     <span class='ocr_line' id='line_1_120' title="bbox 1961 5727 2897 5810; baseline -0.01 -16"><span class='ocrx_word' id='word_1_826' title='bbox 1961 5727 2042 5810; x_wconf 66' lang='grc'><strong>(8)</strong></span> <span class='ocrx_word' id='word_1_827' title='bbox 2075 5734 2156 5790; x_wconf 86' lang='lat' dir='ltr'><strong>Ex</strong></span> <span class='ocrx_word' id='word_1_828' title='bbox 2185 5727 2333 5788; x_wconf 73' lang='lat' dir='ltr'><strong>hom.</strong></span> <span class='ocrx_word' id='word_1_829' title='bbox 2374 5731 2429 5785; x_wconf 83' lang='lat' dir='ltr'><strong>in</strong></span> <span class='ocrx_word' id='word_1_830' title='bbox 2462 5731 2601 5799; x_wconf 85' lang='lat' dir='ltr'><strong>psal.</strong></span> <span class='ocrx_word' id='word_1_831' title='bbox 2633 5744 2744 5792; x_wconf 78' lang='lat' dir='ltr'><strong>xiv,</strong></span> <span class='ocrx_word' id='word_1_832' title='bbox 2774 5727 2897 5786; x_wconf 74' lang='grc' dir='ltr'><strong>ΗΞ.</strong></span> 
     </span>
    </p>
   </div>
   <div class='ocr_carea' id='block_1_119' title="bbox 3105 5822 3182 5880">
    <p class='ocr_par' dir='ltr' id='par_1_119' title="bbox 3105 5822 3182 5880">
     <span class='ocr_line' id='line_1_121' title="bbox 3105 5822 3182 5880; baseline 0.026 -2"><span class='ocrx_word' id='word_1_833' title='bbox 3105 5822 3182 5880; x_wconf 76' lang='grc'><strong>37</strong></span> 
     </span>
    </p>
   </div>
  </div>
