3874 6224
466 372 599 429 1165

1338 364 1699 421 ΑΡΡΕΝΒΙΧ.
1740 395 1809 405 -
1849 362 2194 421 SYMEONIS
2233 364 2781 423 METAPHRASTIE

3534 374 3645 430 ΗΜ

465 503 625 560 quam
673 486 1016 543 calamitates
1067 499 1135 541 ex
1174 482 1364 538 fenore
1406 482 1793 553 provenientes
1845 496 2039 552 perpe-

2148 480 2310 553 φορὰς
2336 481 2712 552 ὑποδέχεσθαι.
2754 480 2818 534 Ei
2858 479 2913 533 δὲ
2943 478 3221 534 ἐπείθεσθε
3263 480 3338 552 τῷ
3378 483 3649 557 Κυρίῳ,τες

466 582 692 636 tiantur.
750 577 955 633 Morem
1015 576 1061 632 si
1123 574 1351 630 Domino
1403 574 1662 645 gereretis
1699 613 1715 640 ,
1769 574 1898 644 quid
1951 574 2038 631 his

468 672 643 728 verbis
672 677 821 726 esset
855 669 1039 740 opus?
1077 667 1209 722 Nam
1251 667 1367 732 ait,
1425 665 1672 720 Mutuum
1704 665 1826 719 date
1846 666 1915 719 iis
1943 705 1958 730 ,
2005 682 2038 718 a

468 764 650 835 quibus
716 780 820 817 non
869 762 1096 831 speratis
1147 768 1445 829 recepturos
1491 776 1580 813 uos
1644 774 1756 813 esse
1776 759 1842 813 ⁵³.
1901 758 2039 813 Cum

469 857 613 911 enim
680 854 905 926 pauperi
961 851 1175 907 Domini
1244 851 1419 922 gratia
1484 850 1745 917 dederis;
1800 850 1944 905 idem
1987 858 2044 905 et

470 950 671 1005 donum
732 958 817 1003 est
861 953 918 1002 et
972 944 1147 1000 fenus.
1208 943 1419 998 Donum
1460 942 1678 1013 quidem
1712 983 1727 1007 ,
1775 942 1922 1012 quod
1954 957 2042 996 re—

471 1046 753 1107 cepturum
796 1044 850 1091 te
906 1035 1195 1091 nibilesse
1253 1049 1490 1104 speras:
1557 1034 1714 1088 fenus
1747 1048 1909 1097 vero,
1970 1033 2043 1089 ob

472 1130 682 1185 Domini
728 1144 832 1201 pro
909 1128 1071 1198 inope
1126 1126 1486 1198 persolventis
1555 1124 1985 1180 munificentiam
2020 1164 2037 1189 ,

473 1223 605 1293 qui,
642 1224 832 1293 paucis
876 1236 972 1292 per
1010 1234 1303 1290 pauperem
1352 1218 1593 1287 acceptis
1627 1258 1643 1283 ,
1695 1231 1890 1286 magna
1945 1231 2041 1271 eo-

473 1328 592 1367 rum
635 1312 760 1367 loco
808 1311 1120 1366 redditurus
1174 1316 1280 1365 est.
1342 1308 1419 1379 (l)
1487 1307 1811 1363 Consideret
1877 1306 2043 1377 igitur

474 1404 698 1459 divitum
738 1401 971 1474 quisque
1014 1414 1144 1456 suos
1171 1398 1401 1463 reditus,
1450 1412 1481 1452 e
1514 1397 1714 1467 quibus
1744 1394 1855 1451 Deo
1896 1395 2040 1449 dona

473 1496 755 1552 oblaturus
795 1494 867 1549 sit
898 1509 911 1544 :
942 1507 1071 1547 num
1106 1504 1397 1561 pauperem
1428 1488 1655 1559 imperio
1684 1502 1785 1543 suo
1814 1502 2041 1557 oppres-

474 1587 605 1642 serit
636 1627 653 1654 ,
692 1600 824 1639 num
858 1581 1143 1637 inﬁrmiori
1188 1581 1297 1635 vim
1345 1579 1589 1634 intulerit
1619 1618 1635 1641 ,
1686 1593 1813 1632 num
1847 1594 1875 1632 a
1905 1579 2038 1634 sub-

474 1679 586 1735 dito
627 1677 904 1748 quidpiam
956 1676 1142 1743 inique
1205 1672 1520 1728 extorserit.
1600 1669 1832 1725 Servare
1891 1672 2036 1725 enim

2139 574 2297 645 χρεία
2340 574 2448 628 τῶν
2498 572 2672 642 λόγων
2727 573 2970 638 τούτων;
3039 572 3331 632 Δανείζετε
3374 574 3491 645 γὰρ,
3527 578 3649 649 φησὶ,

2139 665 2274 734 παρ’
2305 659 2393 719 ὧν
2438 667 2551 720 οὐκ
2606 664 2870 725 ἐλπίζετε
2898 663 3126 718 λαϐεῖν.
3167 664 3332 716 Ὅταν
3369 664 3468 737 γὰρ
3494 668 3652 739 πτωχῷ

2139 756 2402 827 παρέχειν
2458 755 2659 828 μέλλῃς
2686 755 2763 826 (2)
2792 756 2879 810 διά
2926 755 3018 809 τὸν
3072 754 3293 827 Κύριον,
3347 755 3405 808 τὸ
3436 758 3654 813 αὐτὸκαὶ

2138 844 2310 920 δῶρόν
2359 849 2475 901 ἐστι
2524 847 2618 901 καὶ
2644 847 2906 918 δάνεισμα
2926 863 2943 878 ·
2973 847 3143 920 δῶρον
3174 847 3287 918 μὲν,
3313 846 3396 900 διά
3427 848 3511 919 τὴν
3535 849 3655 902 ἀνελ-

2141 937 2360 990 πιστίαν
2393 935 2494 1008 τῆς
2521 936 2841 1008 ἀπολήψεως
2861 953 2875 967 ο
2903 936 3167 1008 δάνεισμα
3197 936 3275 1000 δὲ,
3300 925 3386 990 διᾶ
3410 937 3499 1008 τήν
3521 956 3656 1008 μεγα-

2140 1028 2409 1100 λοδωρεάν
2448 1026 2542 1081 τοῦ
2575 1028 2869 1093 Δεσπότου,
2898 1026 2993 1081 τοῦ
3031 1026 3408 1090 ἀποτιννύντος
3428 1027 3550 1099 ὑπὲρ
3581 1028 3656 1082 αὖ.

2138 1119 2262 1173 τοῦθ
2294 1118 2354 1185 ὃς
2385 1120 2555 1192 μικρά
2582 1119 2763 1174 λαϐὼν
2785 1120 2872 1174 διὰ
2904 1119 3000 1173 τοῦ
3033 1119 3283 1189 πένητος,
3325 1121 3522 1191 μεγάλα
3548 1121 3657 1191 ὑπὲρ

2140 1212 2318 1268 αὐτῶν
2338 1213 2647 1269 ἀποδίδωσι.
2673 1214 2949 1268 Σκοπείτω
2972 1214 3151 1267 τοίνυν
3177 1215 3302 1277 τοὺς
3331 1213 3482 1276 ἰδίους
3500 1210 3657 1284 πόρονς

2137 1303 2246 1358 τῶν
2313 1303 2681 1358 πλουτούντων
2723 1305 2971 1371 ἕκαστος,
3022 1303 3083 1369 ἐξ
3123 1297 3198 1357 ὧν
3232 1304 3512 1374 ἀναφέρειν
3547 1304 3661 1373 δῶρα

2143 1395 2327 1467 μέλλει
2351 1395 2488 1467 Θεῷ,
2522 1395 2597 1468 μή
2631 1395 2723 1451 τὸν
2760 1396 2967 1468 πένητα
3004 1395 3479 1457 καπδυνάστευσε,
3509 1393 3660 1466 μὴτδν

2139 1488 2526 1559 ἀσθενέστερον
2546 1488 2823 1551 ἐϐιάσατο,
2853 1488 2928 1559 μὴ
2953 1488 3041 1542 τὸν
3057 1488 3414 1558 ὑποκείμενον
3436 1487 3566 1558 αὐτῷ
3587 1506 3660 1541 πε-

2140 1580 2556 1653 πλεονέκτηκεν,
2614 1578 2832 1651 ἐξουσίᾳ
2877 1578 3156 1651 χρώμενος
3185 1580 3309 1632 ἀντὶ
3346 1579 3659 1650 δικαιοσύνης.

2140 1673 2211 1726 Τὸ
2247 1673 2452 1726 δίκαιον
2491 1672 2599 1745 γάρ
2632 1673 2726 1726 καὶ
2756 1672 2856 1743 τὴν
2900 1672 3117 1742 ἰσότητα
3155 1671 3484 1743 κελευόμεθα
3508 1671 3664 1741 φυλάτ-

477 1766 619 1838 quod
673 1766 886 1837 justum
954 1772 1039 1820 est
1113 1771 1168 1818 et
1214 1778 1468 1833 aequum,
1514 1761 1678 1815 etiam
1728 1760 1784 1814 in
1847 1776 2037 1816 servos

2148 1782 2251 1819 τειν
2271 1767 2363 1818 καὶ
2395 1766 2531 1837 πρὸς
2561 1766 2686 1828 τοὺς
2717 1763 2935 1827 δούλους
2970 1763 3067 1836 (5).
3110 1765 3202 1835 Μὴ
3227 1763 3339 1835 γὰρ
3362 1766 3440 1816 ὅτι
3467 1768 3662 1834 κρατεῖς,

477 1858 820 1930 praecipimur
848 1853 991 1910 :noli
1016 1870 1145 1910 vero
1175 1854 1301 1923 quia
1330 1852 1579 1922 superior
1602 1867 1662 1906 es
1685 1851 1792 1904 vim
1822 1849 2037 1917 aﬂ‘erre,

2148 1856 2361 1928 βιάζου·
2425 1824 2562 1929 μηδὲ
2605 1824 2686 1910 ὅτι
2750 1824 2995 1919 δύνασαι,
3027 1824 3366 1909 ’πλεονέκτιει
3389 1871 3403 1886 ·
3456 1824 3558 1909 ἀλλ’

478 1968 651 2023 neque
699 1950 827 2021 quia
862 1957 1018 2020 potes
1042 1989 1058 2016 ,
1092 1956 1417 2016 extorquere
1441 1988 1456 2012 ,
1511 1944 1604 1999 sed
1641 1946 1767 2014 quia
1806 1943 1907 1997 tibi
1947 1959 2042 2013 per

479 2045 621 2099 vires
648 2044 798 2107 licet,
826 2055 988 2098 cxere
1015 2039 1242 2110 justitia:
1275 2052 1440 2108 opera
1467 2054 1482 2101 ;
1512 2051 1638 2091 nam
1674 2036 1729 2090 in
1749 2051 1859 2106 quo
1893 2035 2041 2089 nulla

479 2137 573 2191 tibi
619 2136 780 2191 datur
837 2133 1071 2188 facultas
1102 2172 1118 2198 ,
1162 2131 1217 2184 in
1260 2144 1325 2185 eo
1360 2144 1493 2184 sane
1536 2127 1742 2182 nullum
1776 2127 1855 2181 tui
1913 2141 2042 2196 erga

479 2229 647 2285 Deum
706 2228 924 2283 timoris
971 2234 1133 2296 atque
1168 2221 1490 2278 obedientia:
1551 2222 1830 2290 specimen
1882 2219 2041 2275 exhi-

479 2322 630 2378 bebis
680 2337 694 2372 :
744 2320 839 2376 sed
896 2320 952 2373 in
1009 2332 1075 2373 eo
1133 2315 1280 2386 quod
1320 2330 1442 2370 cum
1472 2315 1778 2385 transgredi
1825 2314 2040 2384 possis,

479 2429 586 2469 non
646 2409 1040 2482 transgrederis
1073 2428 1085 2463 :
1121 2410 1167 2463 si
1216 2423 1345 2463 vero
1390 2422 1512 2478 quae
1559 2407 1891 2478 pauperibus
1936 2408 2045 2462 eri—

487 2504 644 2575 puisti
673 2545 689 2571 ,
748 2517 814 2559 ea
854 2502 911 2556 in
936 2513 1201 2571 pauperes
1235 2512 1428 2568 erogas
1463 2537 1477 2562 ,
1514 2497 1831 2567 praeclarius
1861 2505 2043 2551 tecum

487 2603 759 2667 ageretur,
819 2596 868 2649 si
911 2608 1089 2663 neque
1139 2605 1382 2660 raperes,
1414 2604 1589 2659 neque
1640 2589 1817 2643 dares.
1857 2584 2045 2658 Neque

485 2689 624 2745 enim
658 2686 919 2743 beneﬁcia
966 2685 1034 2740 ab
1063 2684 1249 2756 iniquo
1290 2691 1500 2754 quaestu
1535 2682 1589 2736 in
1629 2696 1898 2752 pauperes
1930 2683 2045 2737 col-

482 2790 586 2839 tata
620 2822 636 2845 ,
700 2779 810 2835 Deo
856 2786 1011 2850 grata
1070 2783 1404 2847 acceptaque
1462 2783 1591 2832 sunt
1647 2794 1662 2830 :
1726 2788 1904 2844 neque
1951 2773 2046 2844 qui

480 2871 685 2943 rapinis
733 2867 1109 2940 hujuscemodi
1158 2866 1422 2928 abstinet,
1484 2865 1793 2922 laudandus
1825 2872 1950 2929 est,
1999 2864 2047 2920 si

486 2965 546 3019 le
595 2977 695 3019 suo
739 2961 1009 3017 neminem
1040 2959 1264 3029 juverit.
1312 2957 1390 3013 De
1415 2957 1502 3012 his
1534 2957 1681 3012 enim
1717 2957 1814 3027 qui
1846 2957 2049 3026 injuste

486 3055 798 3126 possident,
830 3061 992 3121 atque
1035 3052 1179 3106 dona
1222 3049 1419 3105 oﬂ‘erre
1460 3047 1571 3104 Deo
1609 3049 2001 3121 aggrediuntur
2029 3091 2044 3115 ,

2142 1949 2375 2021 πάρεστί
2418 1966 2498 2002 σοι
2548 1948 2619 2002 τὰ
2673 1948 2775 2019 τῆς
2805 1948 3072 2015 ἐξουσίας,
3100 1947 3274 2012 δεῖξον
3297 1947 3367 2000 τά
3385 1947 3479 2016 τῆς
3502 1947 3664 2000 δικαιο-

2144 2042 2329 2113 σύνης.
2377 2040 2452 2094 Οὐ
2503 2040 2611 2113 γὰρ
2650 2042 2709 2094 ἐν
2759 2035 2804 2108 ᾧ
2865 2040 2940 2111 μὴ
2984 2039 3250 2103 δύνασαι,
3315 2038 3555 2110 παρέξεις
3594 2037 3665 2106 τὴν

2142 2133 2415 2199 ἀπόδειξιν
2469 2136 2569 2205 τῆς
2636 2133 2773 2204 πρὸς
2826 2132 2958 2185 Θεὸν
3027 2132 3282 2201 ὑπακοῆς
3324 2133 3418 2186 καὶ
3458 2129 3542 2184 τοῦ
3595 2131 3665 2198 φό-

2145 2225 2275 2278 ϐου’
2339 2223 2453 2278 ἀλλ’
2502 2226 2560 2276 ἐν
2604 2216 2648 2291 ᾧ
2698 2222 3012 2295 παραϐῆναι
3060 2222 3382 2294 δυνάμενος,
3428 2223 3484 2276 ού
3527 2238 3665 2294 πειρα-

2144 2317 2368 2381 6αίνεις.
2401 2318 2463 2370 Εἰ
2510 2317 2567 2370 δὲ
2617 2316 2949 2388 ἀφελόμενος
2974 2318 3041 2372 τὰ
3080 2316 3189 2370 τῶν
3216 2320 3485 2389 πενήτων,
3518 2318 3668 2386 πένησι

2143 2408 2319 2473 δίδως,
2378 2407 2596 2463 κάλλιον
2636 2404 2781 2480 ἦσθα
2846 2409 2985 2480 μήτε
3036 2408 3306 2480 ἁρπάζων
3348 2412 3481 2481 μήτε
3516 2407 3666 2473 διδούς.

2145 2497 2283 2553 Οὔτε
2314 2499 2423 2570 γὰρ
2454 2497 2514 2563 ἐξ
2539 2498 2740 2552 ἀδίκων
2773 2499 2980 2570 κερδῶν
3006 2499 3299 2573 εὐεργεσία
3330 2500 3462 2573 πρὸς
3486 2502 3667 2554 τὸνδεό-

2149 2606 2307 2662 μενον
2336 2589 2499 2661 δεκτὴ
2538 2590 2689 2661 παρὰ
2727 2589 2867 2661 Θεῷ,
2901 2588 3023 2643 οὔτε
3055 2593 3084 2644 ὁ
3119 2590 3232 2643 τῶν
3274 2592 3494 2646 ἀδικιῶν
3513 2592 3668 2662 amri-

2150 2697 2309 2752 μενος
2361 2680 2663 2745 ἐπαινετὸς,
2722 2682 2772 2735 εί
2827 2683 3016 2753 μηδενὶ
3057 2683 3319 2756 μεταδοίη
3360 2685 3464 2740 τῶν
3498 2684 3666 2739 ἐαυτοῦ.

2146 2773 2282 2845 Περὶ
2312 2773 2411 2844 μὲν
2440 2772 2549 2843 γὰρ
2572 2772 2680 2826 τῶν
2709 2774 3056 2840 ἀδικούντων,
3098 2777 3193 2829 καὶ
3224 2776 3382 2849 δῶρα
3408 2776 3519 2847 Θεῷ
3546 2791 3671 2847 προσ·

2148 2866 2335 2937 φέρειν
2364 2864 2804 2937 ἐπιχειρούντων,
2842 2866 3149 2938 γέγραπται
3172 2884 3187 2897 ⁸
3237 2871 3436 2924 Quoia
3465 2869 3669 2932 ἀσεϐῶν,

2142 2956 2460 3027 βδέλυγμα
2497 2959 2725 3026 Κυρίῳο
2781 2960 2910 3031 περὶ
2942 2959 3000 3013 δὲ
3026 2959 3133 3014 τῶν
3177 2958 3258 3032 μὴ
3289 2960 3596 3015 ἐλεούντων
3626 2959 3670 3012 ’0

2148 3050 2440 3120 φράσσων
2456 3050 2544 3120 [τὰ
2568 3046 2687 3105 ὦτα
2716 3051 2900 3106 αὑτοῦ
2928 3050 3031 3107 τοῦ
3063 3052 3146 3122 μὴ
3175 3053 3519 3108 ὑπακοῦσαι
3537 3053 3673 3119 κέν-ιι·

487 3148 745 3219 scriptum
785 3153 915 3200 est:
964 3142 1299 3210 Sacriﬁcium
1357 3142 1669 3211 impiorum,
1725 3142 2047 3197 abominatio

2149 3159 2272 3208 τος,
2314 3141 2413 3195 καὶ
2456 3142 2638 3209 αὐτὸς
2682 3142 3100 3197 ἑπικαλέσεται
3123 3186 3139 3209 ,
3185 3147 3292 3199 καὶ
3324 3148 3436 3200 οὐκ
3471 3144 3617 3198 ἔσται
3649 3147 3671 3196 ὁ

488 3255 657 3293 :oram
688 3236 910 3292 Domino
935 3234 1004 3290 “.
1045 3232 1121 3289 De
1152 3234 1240 3288 bis
1292 3241 1472 3287 autem
1523 3231 1618 3303 qui
1651 3232 1798 3287 nulla
1833 3232 2047 3289 miseri-

487 3329 667 3386 cordia
709 3333 1094 3401 permoventur
1121 3362 1136 3389 ,
1188 3323 1292 3388 Qui
1323 3322 1531 3377 obturat
1578 3340 1703 3378 suas
1745 3339 1896 3380 aures
1927 3364 1943 3391 ,
1986 3341 2048 3380 ne

488 3437 756 3491 pauperem
807 3418 1101 3480 exaudiat,
1160 3417 1269 3483 ipse
1315 3416 1476 3469 etiam
1534 3414 1835 3478 invocabit,
1887 3432 2049 3487 neque

486 3516 582 3572 erit
626 3514 715 3585 qui
756 3510 1106 3568 exaudiat“.
1169 3507 1460 3578 Propterea
1503 3514 1686 3563 monet
1726 3519 1778 3563 et
1801 3508 2049 3565 hortatur

405 3588 408 3591 Δ
482 3605 807 3664 Parcemia:
864 3601 1082 3658 Honora
1150 3599 1435 3655 Dominum
1498 3600 1563 3653 de
1612 3599 1879 3654 laboribus
1946 3601 2049 3655 tuis

484 3699 640 3755 iustis
690 3714 708 3751 :
747 3705 798 3751 et
845 3695 1110 3766 primitias
1166 3693 1252 3747 illi
1305 3692 1434 3762 offer
1508 3690 1571 3745 de
1636 3692 1739 3746 tuis
1791 3692 2049 3761 fructibus

487 3790 704 3855 yustitia.’
725 3788 792 3842 ⁸⁸.
827 3786 882 3840 Si
916 3788 1060 3842 enim
1093 3800 1159 3840 ex
1190 3784 1475 3854 iniquitate
1503 3789 1556 3838 et
1586 3783 1775 3853 rapina
1803 3782 2051 3853 quaedam

486 3880 767 3933 oblaturus
828 3893 888 3932 es
929 3874 1070 3941 Deo,
1124 3875 1478 3944 praestantius
1516 3883 1664 3929 esset
1713 3889 1891 3944 neque
1920 3874 2052 3928 talia

489 3968 796 4040 possedisse
852 3975 906 4022 te
951 3981 1192 4037 unquam
1218 4006 1231 4028 ,
1265 3981 1443 4036 neque
1475 3981 1545 4022 ex
1576 3965 1662 4023 his
1696 3965 1911 4023 oﬂ‘erre.
1943 3965 2053 4022 Pu-

489 4076 607 4114 rum
651 4059 796 4115 enim
851 4059 1052 4113 donum
1110 4058 1303 4113 evehet
1353 4072 1610 4129 precem,
1672 4066 1733 4112 ut
1786 4059 2052 4129 scriptum

490 4161 569 4208 est
631 4168 644 4205 :
712 4152 891 4206 Preces
943 4168 1123 4205 eorum
1190 4152 1280 4217 qui
1324 4160 1461 4204 recto
1525 4161 1648 4205 sunt
1703 4151 1858 4206 corde
1890 4192 1905 4216 ,
1964 4171 2056 4208 ac-

491 4251 646 4312 cepta:
683 4251 804 4297 sunt
840 4242 978 4311 apud
1008 4243 1177 4310 ipsum
1203 4242 1268 4298 ⁵⁷.
1321 4241 1386 4296 Ει
1433 4257 1653 4296 rursum
1690 4243 1737 4298 si
1768 4245 2055 4313 possidens

486 4350 520 4389 re
570 4334 739 4403 justis
792 4332 1071 4387 laboribus
1099 4347 1210 4387 non
1252 4331 1515 4389 obtuleris
1576 4331 1684 4388 Deo
1710 4333 2051 4398 oblationes,

491 4427 690 4497 quibus
729 4425 945 4479 alantur
1000 4438 1267 4493 pauperes
1290 4464 1306 4489 ,
1363 4423 1722 4493 imputabitur
1759 4425 1856 4479 tibi
1883 4426 1937 4480 in
1966 4441 2056 4480 ra-

2149 3234 2490 3287 ὑπακούων.
2513 3231 2613 3286 Διὰ
2636 3233 2840 3307 τοῦτοή
2861 3235 3135 3307 Παροιμία
3165 3235 3520 3308 συμϐουλεύει
3536 3253 3548 3265 '
3572 3237 3674 3304 Tt'pa

2148 3325 2257 3380 τὸν
2291 3325 2511 3393 Κύριον
2540 3326 2659 3380 ἀπὸ
2691 3324 2821 3380 σῶν
2856 3325 3099 3380 δικαίων
3136 3329 3370 3392 πόνων,
3396 3328 3493 3382 καὶ
3530 3326 3672 3394 ἀπὰρι

2149 3435 2262 3488 χου
2292 3416 2452 3483 αὐτῷ
2496 3418 2617 3472 ἀπὸ
2650 3416 2777 3472 σῶν
2811 3418 3056 3487 καρπῶν
3082 3418 3496 3488 δικαιοσύνης.
3522 3421 3575 3474 Εἰ
3596 3423 3673 3489 γὰρ

2150 3510 2209 3576 ἐξ
2235 3510 2446 3573 ἀδικίας
2471 3511 2563 3564 καὶ
2593 3511 2847 3582 ἁρπαγῆς
2877 3511 3087 3582 μέλλεις
3113 3514 3448 3585 προσφέρειν
3478 3514 3547 3584 τῷ
3571 3511 3671 3580 Θεῷ,

2150 3603 2366 3658 κάλλιον
2385 3605 2520 3674 μήτε
2550 3603 2853 3674 κτήσασθαι
2872 3604 3126 3676 τοιαύτην
3151 3607 3370 3677 κτῆσιν,
3398 3607 3527 3678 μήτε
3549 3621 3675 3676 προσ-

2151 3698 2336 3769 φέρειν
2381 3696 2441 3762 ἐξ
2494 3695 2683 3767 αὐτῆς.
2737 3696 2992 3768 Καθαρὺν
3037 3697 3147 3768 γάρ
3173 3696 3355 3770 δῶρον
3396 3700 3582 3753 ἀνοίσει
3604 3697 3674 3766 τὴν

2151 3790 2316 3860 εὐχὴν
2347 3789 2446 3861 (4).
2470 3788 2545 3852 ὡς
2576 3788 2882 3859 γέγραπται
2902 3805 2916 3820 ο
2967 3790 3155 3858 Εὐχαὶ
3211 3791 3673 3851 κατευθυνόιτων,

2151 3880 2349 3934 (Sexta!
2388 3879 2522 3948 παρ’
2574 3878 2753 3944 αὐτῷ.
2798 3878 2903 3932 Καὶ
2932 3878 3111 3944 πάλιν,
3163 3883 3210 3935 εί
3247 3881 3522 3952 κτώμενος
3548 3883 3600 3934 ἐκ
3619 3880 3675 3932 δι·

2152 3973 2321 4026 καίων
2359 3971 2533 4025 πόνων
2569 3970 2643 4043 μὴ
2685 3971 3015 4044 προσφέροις
3037 3970 3155 4043 Θεῷ
3195 3973 3513 4046 προσφορὰς
3532 3964 3675 4042 ἀφίἷπν

2151 4061 2440 4132 τρέφονται
2470 4060 2716 4131 πένητες,
2765 4062 2989 4134 ἁρπαγή
3035 4062 3421 4137 λογισθήσεταί
3454 4083 3547 4130 σοι,
3572 4062 3678 4118 καΘᾶ

2154 4168 2285 4222 φησι
2314 4150 2400 4204 διὰ
2431 4151 2524 4205 τοῦ
2547 4154 2821 4225 προφήτου
2854 4154 3132 4225 Μαλαχίου
3173 4158 3202 4210 ὁ
3248 4159 3419 4222 Θεόςο
3446 4164 3512 4214 Ai
3535 4160 3679 4226 ἀπαρ-

2154 4242 2255 4312 χαὶ
2302 4241 2402 4296 καὶ
2449 4243 2522 4297 τὰ
2558 4244 2876 4299 ἐπιδέκατα
2915 4244 3082 4315 ὑμῶν
3099 4250 3229 4316 μεθ’
3252 4249 3425 4319 ὑμῶν
3446 4253 3572 4315 εἱσι,
3608 4248 3679 4302 καί

2153 4332 2324 4386 ἔσται
2373 4333 2412 4401 ἡ
2454 4332 2750 4404 διαρπαγὴ
2782 4335 2852 4389 ἐν·
2875 4338 3000 4403 τοῖς
3037 4336 3226 4403 οἴκοις
3247 4339 3439 4409 ὑμῶν.
3463 4341 3524 4393 Τί
3544 4339 3679 4392 τοίνυν

2158 4422 2407 4493 μολύνεις
2442 4423 2534 4477 τὸν
2561 4424 2759 4478 σαυτοῦ
2805 4425 3057 4493 πλοῦτον,
3097 4427 3380 4500 ἄνθρωπε,
3424 4431 3680 4497 ἐπεισάγων

492 4520 673 4589 pinam
709 4535 725 4570 :
760 4526 820 4571 ut
861 4530 957 4585 per
1005 4514 1320 4585 prophetam
1379 4514 1697 4571 Malaebiam
1746 4517 1823 4570 ait
1851 4516 1997 4573 Deus
2034 4533 2047 4569 :

2155 4513 2305 4585 αὐτῷ
2331 4513 2401 4568 τὰ
2445 4515 2520 4586 μὴ
2546 4515 2731 4570 δίκαια
2764 4517 2969 4589 κέρδη;
3001 4519 3055 4573 τί
3106 4520 3407 4594 βδελυκτήν
3438 4521 3680 4591 ποιεῖςτὴν

492 4609 754 4664 Primitiw
796 4616 845 4662 et
888 4607 1105 4663 decima:
1156 4615 1340 4660 vestra:
1370 4606 1638 4661 uobiscum
1663 4617 1818 4674 sunt,
1864 4619 1916 4663 ct
1951 4611 2053 4665 erit

491 4704 546 4757 in
595 4699 835 4755 domibus
882 4699 1067 4753 uestris
1117 4697 1340 4768 direptio
1379 4698 1446 4751 ⁵³.
1511 4699 1652 4768 Quid
1708 4700 1874 4770 igitur
1925 4707 2052 4759 tuas

490 4794 708 4849 divitias
746 4790 1098 4859 .coinquinas,
1130 4804 1162 4843 ο
1193 4788 1379 4850 homo,
1416 4789 1601 4858 iniqua
1653 4791 1801 4844 lucra
1855 4791 1941 4848 his
1967 4807 2055 4847 su-

488 4883 843 4961 peraddens?
896 4880 1037 4948 Quid
1087 4881 1505 4937 abominabilem
1536 4879 1670 4936 facis
1718 4882 2049 4961 oblationem

489 4957 640 5035 tuam
684 4989 751 5028 ex
794 4969 1065 5039 iniustitia
1097 5008 1112 5033 ,
1165 4969 1296 5023 dum
1343 4968 1399 5024 id
1448 4966 1644 5024 offerre
1689 4957 1870 5025 ten'tas
1892 4970 2053 5040 cujus

476 5048 711 5121 nomine
743 5061 966 5117 alterius
993 5060 1250 5132 pauperis
1305 5058 1633 5139 miserturus
1667 5060 1761 5116 es?
1795 5061 1917 5130 ejus
1953 5061 2055 5115 mi—

491 5169 709 5214 sereare
735 5168 897 5225 quem
933 5150 1134 5222 injuria
1161 5150 1348 5216 amcis,
1386 5151 1439 5206 in
1480 5151 1627 5207 hunc
1671 5167 1883 5207 summa
1936 5159 2057 5209 ute-

2160 4606 2357 4660 σαυτοῦ
2412 4609 2747 4680 προσφορὰν,
2795 4610 2853 4678 ἐξ
2903 4613 3114 4678 ἀδικίας
3148 4618 3483 4688 προσφέρειν
3521 4618 3681 4686 ἐπιχει-

2161 4701 2291 4773 ρῶν,
2328 4705 2384 4756 ἐν
2427 4696 2472 4771 ᾧ
2507 4703 2717 4775 μέλλεις
2761 4705 2945 4777 ἕτερον
2992 4709 3204 4779 πτωχὸν
3245 4710 3447 4779 ἐλεεῖν;
3497 4711 3682 4764 Ἐκεῖνον

2159 4792 2380 4864 ἐλέησον
2399 4793 2458 4848 ὃν
2479 4794 2711 4860 ἀδικεῖς·
2743 4799 2824 4861 είς
2852 4796 3040 4853 τοῦτον
3082 4800 3431 4872 κατάχρησαι
3465 4807 3526 4874 τῇ
3546 4801 3684 4871 φιλαν-

2158 4884 2405 4958 θρωπίᾳ·
2447 4886 2622 4958 τούτῳ
2661 4888 2903 4961 χάρισαι,
2938 4890 3032 4943 κοιλΙ
3069 4890 3379 4963 πληρώσεις
3422 4893 3558 4947 ἔλεον
3580 4889 3685 4963 μετᾶ

2159 4974 2409 5047 κρίσεως.
2444 4977 2519 5029 Οὐ
2571 4976 2678 5051 γὰρ
2730 4981 3046 5051 κοινωνήσει
3095 4982 3383 5055 πλεονεξίᾳ
3422 4983 3565 5048 Θεὸς,
3596 4980 3685 5035 οὐδὲ

2156 5066 2369 5137 λῃστῶν
2420 5068 2513 5121 καὶ
2571 5069 2867 5140 ἀρπακτῶν
2904 5073 3157 5134 κοινωνὸς
3183 5075 3213 5127 ὁ
3244 5075 3479 5146 Κύριος·
3509 5074 3614 5129 οὐδὲ
3632 5073 3686 5132 ὡς

2159 5155 2418 5222 ἀδύνατος
2450 5159 2668 5231 τρέφειν
2699 5162 2827 5226 τοὺς
2872 5164 3127 5236 πένητας,
3156 5167 3287 5238 ἡμῖν
3315 5168 3566 5223 κατέλιπε
3596 5164 3689 5236 τρέ-

560 5335 606 5366 ⁸³
638 5332 772 5387 Luc.
795 5345 872 5395 vr,
901 5330 992 5385 55.
1065 5326 1113 5361 ⁵⁵
1142 5327 1305 5383 Prov.
1346 5344 1436 5391 xv,
1468 5328 1523 5384 8.
1598 5327 1645 5360 ⁸⁸
1676 5327 1839 5382 Prov.
1865 5344 1979 5396 χιι,
2019 5329 2043 5382 1

2195 5329 2243 5361 ⁸⁸
2274 5329 2434 5386 Prov.
2472 5348 2553 5398 Ill,
2579 5333 2633 5388 9.
2710 5335 2755 5367 "
2782 5333 2941 5390 Prov.
2978 5350 3067 5400 xv,
3099 5338 3154 5393 8.
3230 5339 3276 5371 ⁸⁸
3294 5338 3522 5395 Malacb.
3548 5353 3621 5403 ιιι,
3651 5335 3693 5391 8‘.

565 5491 640 5563 (l)
685 5489 927 5563 Uterque
949 5486 1368 5563 eodeat__indicat
1397 5502 1703 5563 sermonem
1733 5487 2058 5563 pertempto-

497 5556 631 5630 syria
649 5573 697 5613 et
714 5556 1260 5630 judicio._ilomiliam
1285 5558 1429 5630 illam
1462 5564 1582 5630 post
1605 5558 1932 5630 Mattbaeium
1961 5559 2057 5630 de-

500 5625 605 5751 u'ulo
632 5625 850 5752 fgélglus
893 5628 963 5682 ad
999 5625 1201 5682 calcem
1234 5628 1364 5681 tomi
1401 5625 1547 5683 tertii
1578 5628 1738 5698 hujus
1780 5628 2055 5690 editionis,

496 5715 560 5754 co
588 5740 600 5751 .
776 5738 790 5752 .

564 5767 644 5831 (2)
670 5766 932 5832 Μέλλῃς.
952 5765 1139 5823 Codex
1166 5763 1367 5834 Regius
1392 5767 1631 5824 melioris
1655 5774 1797 5824 nota:
1822 5767 2053 5835 μέλλεις,

2163 5488 2371 5566 [minus
2406 5494 2599 5566 recte.)

2344 5562 2789 5639 Αούλονξιείᾱθξῐι
2830 5568 2997 5623 codex
3033 5569 3371 5639 ὁμοδούλους.

2201 5701 2216 5713 ,
2239 5631 2315 5705 (δ)
2352 5632 2470 5713 Τὴνζ
2487 5634 2698 5713 εὺχῖῖνζτ
2726 5633 2817 5713 Sit}
2847 5652 2948 5707 ope
2976 5631 3216 5713 ejusdem
3242 5631 3449 5713 codicis
3475 5634 3687 5713 emenda-

2163 5700 2342 5781 vimus
2362 5700 2972 5781 _vtllga{ain_'lectionem
3004 5700 3118 5780 ’τὴν
3148 5709 3346 5781 ψυχήν.
3400 5707 3518 5763 Mox
3540 5706 3687 5775 legens

2162 5769 2291 5825 dum
2325 5769 2538 5829 videtur
2567 5774 2892 5837 τρέφωνται.
