3874 6224
243 329 375 385 “65

1293 345 1526 404 SERMO
1563 349 1654 407 IV.
1696 382 1766 395 -—
1803 351 1895 408 DE
1931 355 2434 422 ELEEMOSYNA.‘

237 464 360 515 φειν
393 449 608 514 αὐτοὺς,
637 451 772 507 ἀλλά
794 454 893 526 τὴν
917 457 1129 512 δικαίαν
1154 461 1242 514 καὶ
1272 465 1651 540 φιλάνθρωπον
1670 489 1765 543 καε

237 537 499 574 memnfnu
520 543 651 574 arma"
668 543 823 574 ἀηέ...
852 544 1030 574 r..-:-...
1078 552 1153 574 ,ια
1174 553 1338 574 ,μη-ι
1366 552 1371 559 ·
1499 560 1511 574 ο
1698 562 1710 574 .

1868 491 1966 542 Lre
2035 479 2370 538 humanitate
2399 524 2415 549 ,
2462 485 2592 543 huic
2628 491 2981 562 gratificare,
3041 505 3098 552 et
3144 499 3468 574 adimplebis

235 537 499 609 ποφορίαν
520 543 651 613 παρ’
668 543 823 613 ήμῶν
851 544 1050 616 ζητῶν,
1076 552 1153 614 εἰς
1174 552 1445 626 ἡμετέραν
1459 537 1798 631 εὐεργεσίαν.

247 627 613 703 Ἐλεημοσύνη
637 633 697 699 ἐξ
718 636 930 703 ἀδικίας
952 644 1012 695 οὐ
1043 645 1269 712 γίνεται,
1310 649 1431 703 οὐδὲ
1463 652 1527 705 ἐκ
1555 627 1803 725 κατάρας

231 716 471 787 εὐλογία,
506 723 627 777 οὐδὲ
655 727 719 779 ἐκ
752 727 1003 800 δακρύων
1046 737 1370 808 εὐεργεσίαι.
1398 716 1802 811 Κενοδοξίαίτά

229 807 472 876 τοιαῦτα,
502 812 595 865 καὶ
618 815 752 885 πρὸς
761 818 885 883 τοὺς
898 821 958 887 ἐξ
975 807 1278 895 ἀνθρώπων
1294 831 1568 901 ἐπαίνους,
1587 807 1648 890 οὐ
1664 839 1801 908 πρὸς

227 895 321 949 τὸν
341 897 557 955 ἔπαινον
588 903 679 958 τὸν
716 908 781 960 ἐκ
813 908 966 966 Θεοῦ.
987 915 1110 970 Ἐἀν
1134 919 1262 992 γὰρ,
1280 922 1355 984 ὡς
1378 895 1619 999 Θεοῦτῆν
1652 895 1800 1000 ἐλεη;

231 988 469 1059 μοσύνην
505 993 741 1065 ὁρῶντος
759 1037 773 1061 ,
801 1005 961 1073 ποιῇς
983 1006 1174 1079 αὐτὴν,
1201 988 1410 1088 (ρυλάξῃ
1434 1018 1508 1089 μὴ
1533 988 1706 1077 ποιεῖν
1732 988 1797 1079 ἐκ

227 1076 561 1147 πλεονεξίας,
590 1085 746 1151 εἰδὼς
772 1090 853 1144 ὅτι
888 1095 978 1149 τὸν
1012 1076 1256 1174 ἐπό-πτην
1284 1076 1415 1159 Θεδν
1434 1076 1537 1163 οῦκ
1572 1076 1797 1184 εὐφραί-

225 1183 361 1230 νεις.
397 1170 583 1238 Οὕτως
612 1172 705 1231 οὖν
728 1179 1095 1260 ἐλεημοσύνην
1114 1193 1376 1265 ποιῶμεν,
1412 1198 1497 1252 ἵνα
1513 1202 1796 1260 ἀπολάϐω-

226 1276 327 1329 μεν
355 1263 652 1336 παράξθεοῦ
668 1287 681 1299 ·
706 1271 994 1331 ἀποδίδωσι
1015 1280 1071 1333 δὲ
1094 1263 1268 1349 ὁΘεὸς
1283 1289 1628 1358 ἐκείνοις,οῦς
1643 1296 1795 1350 ἐπαι-

221 1353 341 1415 νεῖ,
373 1354 585 1411 ἐπαινεί
621 1360 678 1413 δὲ
722 1365 1048 1442 πλεονέκτην
1085 1375 1294 1430 οὐδένα.
1344 1381 1435 1452 Μὴ
1483 1353 1789 1441 πλανᾶσθε’

217 1443 323 1496 οὐκ
371 1445 545 1511 ἄλλως
597 1453 916 1521 ἀποδέξεται
952 1462 1186 1535 Χριστὸς
1232 1469 1331 1533 τὰς
1371 1443 1450 1536 εἰς
1489 1476 1615 1541 τοὺς
1641 1496 1789 1534 πτω-

217 1534 348 1601 χοὺς
382 1537 774 1614 φιλοτιμήσεις,
822 1551 873 1603 εί
929 1534 1013 1625 μὴί
1040 1555 1249 1613 λυθεῖεν
1268 1564 1325 1616 αἱ
1362 1534 1503 1620 κατά
1541 1534 1648 1622 τῶν
1672 1572 1788 1625 ἀδι-

216 1625 494 1696 κηθέντων
526 1633 843 1705 πλεονεξίαι.
878 1643 1064 1710 Οὕτως
1086 1649 1115 1701 ὀ
1136 1650 1340 1724 Κύριος
1371 1656 1667 1727 ἀπεδέξατο
1690 1664 1783 1719 τοῦ

1904 567 2329 649 misericordiam
2381 589 2503 635 cum
2547 577 2774 648 judicio.
2810 581 2997 654 Neque
3032 587 3176 643 enim
3207 588 3314 646 Deo
3360 596 3466 650 ulla

1901 668 1985 715 est
2014 676 2141 716 cum
2194 667 2419 721 avaritia
2449 674 2872 733 communicatio
2904 697 2920 746 ;
2961 697 3138 752 neque
3158 685 3329 740 ullum
3382 700 3468 745 est

1900 749 2130 808 Domino
2188 771 2313 811 cum
2360 762 2708 828 praedonibus
2760 778 2816 823 et
2851 774 3144 841 rapacibus
3202 792 3466 835 commer-

1897 842 2064 898 cium.
2104 844 2291 917 Neque
2320 866 2587 923 pauperes
2621 858 2780 915 nobis
2813 864 3169 923 enutriendos
3220 871 3460 942 reliquit,

1896 934 2040 1004 quod
2085 952 2180 993 eos
2227 941 2372 997 alere
2396 959 2505 999 non
2530 949 2705 1016 possit
2734 969 2747 1004 :
2778 951 2936 1023 491
2982 956 3077 1011 sed
3119 934 3353 1028 justitiaa-
3375 934 3461 1017 at;

1894 1039 2001 1092 que
2053 1025 2406 1087 humanitatis
2458 1036 2680 1092 uberem
2718 1055 2749 1094 a
2782 1044 2942 1100 nobis
2977 1025 3216 1103 fructum
3258 1052 3461 1125 efﬂagi-

1892 1123 2016 1171 tans
2043 1157 2059 1181 ,
2099 1134 2195 1174 eos
2224 1136 2439 1180 summo
2471 1142 2571 1183 suo
2599 1130 2655 1183 in
2698 1147 2801 1189 nos
2829 1134 3095 1196 beneficio
3122 1143 3281 1199 nobis
3309 1161 3460 1202 com-

1891 1208 2188 1264 mendavit.
2249 1211 2607 1289 Elecmosyna
2641 1222 2710 1276 ab
2753 1223 3021 1293 iniustitia
3065 1246 3174 1287 non
3216 1237 3454 1303 exsistit,

1889 1312 2067 1368 neque
2101 1316 2130 1355 a
2165 1304 2545 1365 maledictione
2575 1311 2902 1384 benedictio,
2958 1336 3138 1393 neque
3166 1341 3230 1381 ex
3278 1328 3456 1401 lacry-

1889 1389 1995 1444 mis
2026 1392 2310 1451 beneficia.
2347 1396 2528 1456 Inanis
2555 1404 2742 1472 gloriae
2785 1417 2914 1463 sunt
2959 1389 3085 1477 ista,
3118 1426 3303 1488 atque
3334 1389 3455 1476 lau-

1887 1470 2007 1526 dem
2052 1474 2512 1546 humanam,non
2562 1470 2809 1543 divinam
2857 1504 3144 1553 venantur.
3183 1470 3235 1555 Si
3282 1504 3449 1570 enim,

1885 1570 1946 1617 ut
1973 1563 2085 1620 Deo
2117 1566 2447 1639 inspectore,
2505 1576 2907 1652 eleemosyuam
2951 1586 3111 1656 facis,
3165 1602 3355 1650 caveto
3382 1613 3451 1652 ne

1884 1669 2002 1709 eam
2044 1672 2111 1711 ex
2173 1660 2474 1720 alienorum
2517 1671 2875 1739 usurpatione
2904 1673 3075 1735 facias
3100 1720 3116 1746 ,
3157 1696 3266 1736 non
3296 1684 3451 1753 igna-

214 1715 486 1786 Ζακχαίου
511 1722 609 1794 τὴν
633 1727 918 1801 ὀρθότῖτίτδιν
952 1738 1045 1789 καὶ
1067 1738 1169 1811 ἔφη
1195 1757 1208 1770 ⁸
1224 1715 1505 1814 ,Σήμερον
1522 1715 1765 1821 σῖωτηρίι

214 1803 295 1844 ,ὦ
319 1809 460 1844 ηγνι..
489 1816 672 1844 -,..ι-,.
721 1820 903 1844 ιηιηη
936 1843 941 1844 ,
970 1842 976 1844 .
1014 1829 1037 1844 α.
1241 1834 1262 1844 ,ι
1284 1835 1295 1844 .
1505 1842 1515 1844 -

2332 1715 2369 1717 η
2393 1715 2474 1720 ν..-
2522 1715 2875 1739 ---Ἱηηηηω
2904 1715 3075 1735 ...νη-ο
3100 1720 3116 1746 ,
3157 1715 3266 1736 ιιυιι
3298 1715 3446 1753 usua-

1882 1761 1978 1803 rus
2028 1757 2081 1805 te
2135 1750 2238 1807 hac
2287 1757 2498 1814 ratione
2523 1764 2876 1831 (speculatori
2909 1767 3020 1825 Deo
3047 1788 3156 1826 non
3211 1777 3446 1844 placere.

210 1803 295 1870 τῷ
319 1809 460 1877 οἴκῳ
489 1816 676 1884 τούτῳ
715 1820 980 1890 ἐγένετο·
1011 1803 1462 1906 ὄτι-προθέμενος
1491 1803 1781 1901 ἀποδοῦναι

753 1884 765 1890 _
1158 1884 1458 1906 τητηη,
1492 1884 1781 1901 ...ηννυυη

110 1884 117 1893 ’
208 1903 625 1975 τετραπλάσιον,
666 1911 800 1967 εἴτι
849 1918 1309 1997 ἐσυκοφάντησεν,
1335 1929 1475 1985 οὕτω
1520 1935 1629 1991 τῶν
1652 1938 1782 1992 ὑπο-

202 1987 546 2064 λειπομένων
571 2005 868 2074 χρημάτων
911 2010 979 2065 τά
1019 1987 1192 2086 ημίση
1236 1987 1473 2091 πτωχοῖς
1513 1987 1782 2099 ἀπεμέρι-

206 2097 321 2137 σεν.
361 2085 511 2158 ᾜδει
561 2093 669 2166 γάρ
715 2098 797 2152 ὄτι
853 2102 1087 2173 Χριστὸν
1126 2085 1483 2175 ὐποδέξασθαι
1512 2085 1777 2186 βούλεται.

201 2171 397 2243 Δῶμεν
440 2184 728 2256 τοιγαροῦν
776 2171 1041 2259 ἐξουσίαν,
1099 2171 1340 2269 ἀδελφοί,
1409 2171 1777 2279 ὑπειρχεθῆναι

201 2262 515 2342 βουλομένῳ
556 2275 694 2346 πρὸς
736 2281 865 2345 τοὺς
921 2282 1212 2355 δεομένους
1239 2262 1343 2361 ’τῷ
1403 2262 1650 2368 πλούτῳ·
1674 2262 1776 2372 ’μὴ

198 2361 651 2436 παραδράμωμεν
670 2370 795 2436 τοὺς
846 2375 904 2427 ἐν
957 2379 1252 2452 ὀφθαλμοῖς
1276 2385 1433 2455 ἡμῶν
1449 2387 1529 2443 ἔτι
1560 2361 1655 2444 καὶ

199 2452 489 2523 κειμένους
514 2458 797 2531 Λαζάρους
818 2483 831 2496 ·
867 2467 1001 2538 μηδὲ
1030 2471 1139 2525 τῶν
1153 2452 1349 2546 ψιχίων
1370 2481 1469 2548 τῆς
1498 2484 1774 2558 ἡμετέρας

198 2542 487 2616 τραπέζης
522 2548 835 2619 ἀρκούντων
871 2558 1057 2623 αὐτοῖς
1098 2542 1178 2627 είς
1207 2542 1366 2639 κόρον
1392 2542 1770 2647 βασκηνωμεν,

195 2633 339 2703 μηδὲ
394 2637 485 2689 τὸν
526 2640 800 2734 ἀνήμερον
853 2650 1060 2706 ἐκεῖνον
1112 2633 1452 2728 ζηλώσαντες
1493 2633 1768 2736 πλούσιον,

190 2725 335 2797 πρὸς
363 2727 461 2799 τὴν
491 2732 661 2803 αὐτὴν
686 2725 878 2811 ἐκείνῳ
919 2743 1018 2813 τῆς
1044 2725 1269 2822 γεέννης
1296 2725 1470 2824 φλόγα
1506 2725 1772 2830 μετέλθᾷ

192 2833 317 2885 μεν.
390 2820 543 2875 Ἐπεὶ
594 2826 764 2881 πολλά
802 2832 901 2901 μὲν
953 2837 1047 2889 τοῦ
1096 2820 1345 2917 Ἀϐραὰμ
1395 2820 1769 2926 δεηθησόμεθα

188 2907 337 2973 τότε,
389 2911 560 2968 πολλά
611 2917 667 2971 δὲ
717 2920 946 2979 ἑκάστου
1003 2929 1110 2982 τῶν
1159 2907 1499 3003 βεϐιωκότων

187 2998 344 3053 οὐδὲν
376 3001 432 3055 δὲ
454 3003 603 3060 ἔσται
642 3009 828 3083 κέρδος
855 3017 985 3086 ἡμῖν
1014 3021 1111 3092 τῆς
1159 2998 1307 3096 βοῆς.
1349 3029 1626 3103 Ἆδελφὸς

184 3091 260 3143 οὐ
314 3094 654 3165 λυτροῦται,
703 3105 1071 3172 λυτρώσεται
1120 3091 1463 3188 ἇκθρωποω
1515 3127 1665 3197 Ἑρεί
1709 3131 1764 3185 δὲ
1791 3162 1832 3219 C

184 3180 416 3219 ἕνηηη-ηρ
478 3190 700 3219 2....:...,...
753 3197 884 3219 ,ιηςη
1180 3205 1192 3219 .
1327 3211 1402 3219 --.

183 3180 416 3248 ἕκαστος
477 3190 700 3246 ἐκείνων
753 3197 885 3266 ἡμῖν
948 3180 1271 3273 κεκραγώςο
1327 3180 1764 3290 ’ζήτέιφιλῖ-

181 3273 519 3346 ανθρωπίαν,
581 3281 647 3353 ἢν
692 3285 855 3351 αὐτὸς
906 3290 992 3360 ἐφ’
1043 3294 1244 3366 ἐτέρων
1286 3273 1582 3376 ἠγνόησας,

182 3366 376 3437 βούλου
411 3369 592 3426 λαϐεῖν
626 3375 769 3430 οὕτω
813 3382 1045 3449 μεγάλα,
1085 3388 1148 3441 σὺ
1186 3390 1293 3444 τῶν
1311 3366 1762 3471 ’ἐλαττόνωνιφέι-

180 3459 416 3531 σάμενος
438 3478 453 3493 ο
483 3465 724 3522 ἀπόλαυε
762 3471 965 3527 τούτων
1005 3470 1079 3530 ὧν
1107 3481 1165 3534 ἐν
1193 3482 1272 3553 τῷ
1311 3485 1413 3558 βίῳ
1452 3459 1757 3562 συνέλεξας.

179 3552 394 3625 Δάκρυε
417 3556 530 3622 νῦν,
559 3560 747 3634 ἐπειδὴ
775 3563 894 3618 τότε
921 3552 1340 3641 δακρύοντα
1372 3552 1597 3652 ἀδελφὸν
1618 3552 1759 3661 ὁρῶν

178 3646 281 3698 οὐκ
313 3647 567 3719 ἠλέησας.
605 3653 789 3708 Ταῦτα
827 3658 1031 3729 ἐροῦσι,
1082 3667 1177 3719 καὶ
1217 3668 1459 3737 δικαίως,
1484 3646 1758 3747 ημῖνλίέ-

177 3737 333 3792 δοικα
359 3740 416 3793 δὲ
452 3742 584 3811 ἐγὼ,
618 3747 692 3819 μὴ
736 3750 830 3803 καὶ
864 3756 1209 3828 πικροτέροις
1255 3763 1401 3833 ἡμᾶς
1425 3737 1628 3824 τούτων
1661 3771 1759 3841 βά-

176 3831 312 3884 λωσι
344 3833 421 3904 (1)
457 3838 714 3908 ῥήμασιν,
761 3843 945 3916 ἐπειδὴ
988 3848 1082 3902 καὶ
1121 3831 1360 3926 νικῶμεν
1405 3858 1632 3927 ἐκεῖνον,
1661 3831 1756 3929 ’ὡς

176 3921 317 3986 ἴστε,
346 3927 411 3996 τῇ
445 3930 678 4002 πονηρίᾳ
699 3931 790 3986 τὸν
820 3935 1090 3996 πλούσιον.
1132 3921 1517 4015 ’Ὀτινκόλακες
1535 3921 1632 4022 μὲν
1660 3921 1754 4011 καί.

174 4012 496 4081 παράσιτοι,
528 4021 664 4089 μετά
696 4023 759 4075 τὸ
785 4024 1054 4098 λαμπρῶς
1095 4032 1410 4106 ἐστιαθῆναι
1441 4012 1568 4112 παρ’
1599 4046 1749 4114 ἡμῖν,

173 4108 271 4161 καὶ
319 4110 417 4172 τὰς
469 4118 657 4187 χεῖρας
714 4121 1154 4194 πεπληρωμένας
1198 4108 1531 4184 πολυτελῶν⁷

172 4200 494 4269 κατάγουσι,
526 4208 621 4259 καὶ
648 4209 975 4278 μανθάνουσι
1011 4219 1141 4285 παρ’
1169 4220 1200 4287 ή
1211 4219 1347 4289 μῶν,
1377 4222 1458 4275 ὃτι
1483 4200 1751 4280 λυσιτελεί

171 4291 378 4361 μᾶλλον
425 4294 532 4348 τῶν
575 4298 784 4369 ἀρετῶν
813 4302 881 4356 τὰ
910 4306 1132 4360 τοιαῦτα
1177 4311 1546 4379 μετιέναι-καὶ
1574 4317 1745 4388 πράτ-

168 4399 289 4435 τειν
339 4385 541 4450 αὐτοῖς.
597 4391 660 4443 El
704 4391 759 4445 δὲ
818 4399 1133 4470 παρασταίη
1179 4402 1347 4473 πένης
1388 4407 1543 4476 ἡμῖν,
1587 4385 1743 4479 μόλις

2523 1822 2537 1829 ἡ
2574 1822 2593 1831 ,
2963 1822 3010 1825 --
3211 1822 3446 1844 ,ν--ννη,

1813 1822 1857 1880 Β
1886 1839 1975 1894 Sic
2026 1844 2192 1913 igitur
2245 1847 2641 1923 eleemosynam
2688 1858 2953 1916 faciamus
2980 1903 2995 1928 ,
3024 1872 3083 1919 ut
3116 1880 3145 1919 a
3172 1866 3281 1923 Deo
3308 1881 3448 1940 post-

1882 1944 1945 1984 ea
2006 1947 2127 1988 eam
2188 1943 2480 2008 recepturi.
2547 1943 2746 2002 Reddit
2795 1951 2939 2006 enim
2974 1953 3118 2011 Deus
3176 1958 3282 2015 illis
3308 1979 3445 2033 quos

1880 2023 2113 2093 laudat;
2158 2043 2408 2099 rapacem
2454 2050 2583 2091 vero
2635 2042 2906 2098 neminem
2964 2046 3171 2107 laudat.
3232 2023 3447 2112 Ne.de-

1879 2111 2157 2182 cipiamini
2195 2134 2209 2170 :
2243 2136 2352 2175 non
2390 2123 2548 2180 aliter
2588 2126 2810 2187 Christo
2868 2146 3087 2207 accepta
3141 2150 3303 2196 erunt
3343 2160 3444 2199 no-

1879 2208 1994 2255 stra
2030 2204 2087 2257 in
2130 2220 2399 2277 pauperes
2440 2214 2702 2272 beneficia
2725 2260 2739 2284 ,
2776 2221 2885 2277 nisi
2917 2227 3071 2296 prius
3110 2231 3307 2289 alienis
3356 2235 3445 2291 in-

1873 2290 2019 2359 juria
2067 2296 2263 2354 ablatis
2322 2304 2539 2372 penitus
2581 2290 2946 2371 exsolvamur.
2994 2318 3095 2375 ‘Sic
3146 2324 3290 2378 enim
3335 2325 3439 2383 Do-

1876 2381 2058 2440 minus
2100 2396 2308 2458 gratam
2347 2393 2536 2452 habuit
2579 2398 2821 2460 Zaccluei
2859 2409 3182 2477 probitatem
3219 2431 3232 2466 :
3268 2431 3333 2472 ac
3356 2381 3440 2474 di-

1875 2474 1994 2541 xit,
2044 2476 2218 2535 Hodie
2285 2487 2432 2543 salus
2493 2491 2674 2548 domui
2738 2474 2874 2552 Imicﬁ
2910 2500 3056 2570 facta
3098 2516 3177 2560 est
3204 2507 3285 2575 ”;
3313 2514 3439 2581 quia

1872 2579 1996 2620 cum
2027 2568 2358 2632 instituisset
2390 2584 2755 2655 quadruplum
2794 2568 3055 2659 reddere,
3091 2597 3137 2651 si
3187 2568 3438 2668 quid-de-

1873 2655 2218 2729 fraudasset,
2260 2677 2449 2736 postea
2505 2680 2858 2744 pecuniarum
2904 2700 3039 2755 quas
3066 2690 3305 2760 reliquas
3340 2694 3437 2750 lia-

1871 2749 2071 2819 bebat,
2123 2757 2405 2816 dimidium
2438 2771 2770 2838 pauperibus
2813 2749 2994 2834 dabat.
3044 2749 3261 2838 Sciebat
3288 2749 3432 2843 enim

1868 2844 1999 2910 quid
2034 2848 2106 2900 sit
2146 2848 2418 2908 Christum
2455 2860 2716 2929 recipere.
2749 2866 2825 2935 (5)
2848 2866 3174 2932 Enimvero.
3209 2874 3429 2946 fratres,

1868 2932 2074 2991 divitiis
2132 2940 2337 2998 eﬂ‘undi
2386 2945 2438 3000 in
2474 2962 2674 3018 egenos
2726 2932 3072 3027 cupientibus
3100 2980 3197 3035 per
3229 2983 3331 3025 nos
3366 2932 3433 3024 li:

1866 3034 2029 3094 ceat;
2075 3030 2146 3085 ob
2175 3036 2365 3091 oculos
2404 3050 2626 3098 nostros
2675 3044 2942 3120 hodieque
2968 3052 3216 3120 jacentes
3262 3058 3432 3115 Laza-

1868 3129 1957 3169 ros
2007 3133 2075 3173 ne
2116 3130 2548 3196 praetereamus,
2601 3149 2778 3205 neque
2831 3139 2912 3197 eis
2974 3158 3176 3202 mensa
3232 3158 3432 3206 nostra:

1869 3210 2073 3274 micas,
2107 3229 2228 3283 quae
2263 3217 2329 3271 ad
2364 3219 2512 3289 ipsos
2577 3230 2904 3287 saturandos
2955 3235 3253 3306 sumciunt,
3289 3242 3430 3297 invi-

1865 3299 2112 3371 deamus,
2155 3322 2256 3363 nec
2311 3309 2596 3370 immittam
2639 3318 2790 3374 illum
2824 3323 3044 3381 divitem
3098 3330 3325 3397 imitati,
3359 3336 3428 3390 ad

1863 3394 2106 3450 eamdem
2133 3406 2297 3469 atque
2327 3402 2445 3472 ipse
2471 3407 2732 3476 gehennae
2757 3411 3029 3473 flammam
3059 3422 3340 3481 veniamus
3358 3428 3424 3482 “.

1861 3483 1995 3539 Nam
2046 3488 2277 3544 multum
2332 3495 2550 3563 quidem
2599 3506 2731 3556 tunc
2781 3504 3154 3573 Abrahamum
3208 3516 3428 3584 rogabi-

1860 3592 2017 3639 mus,
2047 3580 2277 3636 multum
2315 3588 2477 3639 etiam
2517 3604 2907 3662 quoscunque,
2937 3600 3030 3667 qui
3064 3603 3226 3658 vitam
3269 3623 3423 3664 suam

1859 3669 2460 3743 probe-transegerint:
2498 3679 2590 3732 sed
2623 3681 2832 3737 lucrum
2864 3688 3076 3745 nullum
3119 3708 3186 3747 ex
3232 3707 3423 3754 nostro

1858 3758 2097 3815 clamore
2169 3777 2592 3834 consequemur.
2661 3769 2859 3828 Frater
2915 3778 3058 3832 enim
3125 3799 3229 3838 non
3282 3787 3425 3841 redi-

1856 3851 1992 3916 mit,
2033 3852 2252 3908 redimet
2293 3856 2445 3911 homo
2468 3859 2558 3913 “1’
2589 3861 2972 3936 Unusquisque
3000 3878 3179 3928 autem
3204 3876 3420 3935 illorum

1854 3943 2099 4021 clamans
2149 3946 2398 4023 dicturus
2455 3950 2614 4007 nobis
2669 3966 2753 4011 est
2808 3973 2821 4007 :
2876 3958 3418 4025 Commiserationem

1853 4016 2015 4103 quam
2061 4016 2347 4109 ipsererga
2402 4040 2538 4095 alios
2578 4042 2877 4113 ignorasti,
2917 4065 2989 4105 ne
3030 4068 3284 4121 quaeras:
3322 4074 3419 4114 ne-

1851 4141 1960 4195 que
1994 4122 2138 4185 'velis
2183 4132 2429 4200 accipere
2492 4133 2628 4188 adeo
2694 4151 2919 4207 magna,
2987 4144 3080 4211 qui
3140 4147 3415 4205 minorum

1850 4233 2051 4287 parcus
2115 4222 2266 4276 fuisti
2302 4241 2316 4276 :
2353 4222 2535 4279 fruere
2590 4226 2674 4281 his
2717 4243 2838 4297 qua:
2872 4231 2925 4285 in
2970 4234 3081 4287 vita
3122 4238 3412 4311 collegisti.

1849 4308 2178 4382 Lacrymare
2225 4329 2406 4378 nunc,
2477 4317 2747 4387 siquidem
2813 4321 3202 4393 lacrymantem
3282 4338 3414 4386 tunc

1850 4401 2072 4457 fratrem
2124 4404 2332 4469 videns,
2377 4422 2483 4462 non
2511 4424 2571 4464 es
2604 4411 2881 4468 misertus.
2938 4413 3063 4470 Haec
3095 4418 3279 4475 dicent
3320 4437 3415 4477 uo-

168 4473 280 4525 ὑπὸ
311 4474 405 4528 τοῦ
450 4476 609 4548 λιμοῦ
651 4482 1045 4556 φθεγγόμενος,
1090 4473 1564 4566 ἀποστρεφόμεθα,
1588 4473 1740 4568 *μετά

1868 4494 1972 4559 ἧς,
2025 4510 2126 4549 nec
2190 4495 2410 4566 injuria.
2474 4497 2585 4553 Imo
2633 4517 2822 4557 vereor
2878 4519 2951 4558 ne
3000 4520 3103 4562 nos
3149 4507 3414 4574 impetant

167 4565 411 4635 σπουδῆς
433 4570 830 4644 ἀποτρέχομεν,
867 4576 1056 4649 ὥσπερ
1080 4565 1497 4658 δεδοικότες,μὴ
1521 4565 1616 4643 καί
1640 4591 1739 4662 τῆς

164 4654 510 4727 δυσπραγίας
537 4663 707 4735 αὐτῆς
732 4668 807 4719 ὲκ-
834 4666 926 4720 τοῦ
963 4669 1304 4744 σχολαίτερον
1339 4654 1551 4744 βαδίσαι
1577 4654 1741 4749 μετάέ

164 4763 407 4818 σχωμεν.
443 4753 551 4807 Kal.
590 4757 638 4808 εἰ
696 4758 793 4826 μὲν
827 4762 908 4823 εἰς
943 4761 1049 4832 γῆν
1089 4764 1268 4819 νεύσοι
1308 4767 1406 4838 τὴν
1453 4772 1738 4843 συμφορὰν

162 4843 586 4913 αἰσχυνόμενος,
640 4849 979 4920 ὑποκρίσεως
1041 4850 1181 4910 εἶναι
1227 4857 1455 4930 λέγομεν
1499 4862 1737 4934 ἐργάτην

161 4933 331 4987 αὐτόν
350 4953 364 4966 υ
396 4938 444 4989 εὶ
468 4937 522 4991 δὲ
557 4940 693 5009 μετά
710 4946 1021 5016 παρρησίας
1061 4948 1492 5020 προσϐλέψοιδιά
1510 4953 1570 5005 τὸ
1595 4933 1735 5026 βαρὺ

159 5024 260 5077 τοῦ
304 5025 463 5095 λιμοῦ
504 5030 727 5102 κέντρον
761 5035 906 5105 ἡμᾶς
938 5036 1038 5106 (2),
1063 5039 1252 5110 ἀναιδῆ
1285 5041 1448 5094 πάλιν
1466 5024 1738 5116 καλοῦμεν

162 5117 265 5169 καὶ
299 5117 487 5187 βίαιον.
518 5122 628 5174 Καὶ
671 5125 720 5176 εἰ
758 5126 857 5195 μὲν
901 5128 1054 5198 τύχοι
1096 5130 1501 5200 καλυπτόμενος
1530 5134 1737 5201 ὑγιέσιν

161 5207 439 5279 ἐσθήμασι
467 5211 758 5278 δεδωκότος
808 5217 972 5282 τινὸς,
1028 5220 1104 5283 ὡς
1128 5221 1401 5293 ἄπληστον
1441 5224 1737 5278 ἀπελαύνο-

157 5316 285 5369 μεν,
341 5301 436 5353 καὶ
489 5301 772 5375 όμνύμεθα
800 5311 1213 5379 προσποιεῖσθαι
1247 5313 1437 5368 πενίαν
1466 5315 1628 5369 αὐτόν
1649 5333 1660 5343 ⁸
1686 5318 1736 5369 εί

1846 4585 2220 4641 acerbioribus
2262 4589 2424 4642 etiam
2474 4590 2675 4656 verbis,
2728 4595 3185 4666 cum.vincamus
3237 4601 3410 4666 illum,

1846 4687 1905 4730 ut
1955 4678 2128 4741 scitis,
2177 4678 2525 4748 improbitate
2574 4680 2819 4739 divitem.
2859 4684 2995 4739 Nam
3041 4696 3410 4747 assentatores

1845 4775 1901 4823 et
1946 4771 2170 4837 parasiti
2196 4769 2293 4840 (4),
2327 4779 2618 4842 postquam
2648 4774 2929 4843 splendide
2953 4779 3094 4846 apud
3140 4795 3240 4834 nos
3276 4796 3411 4852 epu-

1843 4860 1940 4912 lati
1976 4870 2139 4925 sunt,
2177 4877 2373 4918 manus
2412 4865 2575 4918 etiam
2631 4866 2889 4935 pretiosis
2931 4871 3251 4927 muneribus
3294 4875 3408 4944 ple-

1840 4967 1941 5005 nas
1972 4951 2257 5017 referunt;
2296 4964 2350 5010 et
2389 4954 2609 5010 discunt
2652 4971 2718 5011 ex
2754 4958 2912 5013 nobis
2940 4997 2954 5021 ,
2985 4975 3108 5016 esse
3135 4963 3238 5017 sibi
3298 4968 3408 5020 uti-

1838 5043 1947 5096 lius
1981 5044 2237 5112 prosequi
2272 5046 2403 5099 talia
2457 5054 2512 5100 et
2567 5046 2777 5103 elﬁcere
2810 5064 2972 5118 quam
3003 5052 3278 5132 virtutem
3315 5073 3407 5110 co-

1836 5133 1969 5188 lere.
2016 5133 2172 5201 Quod
2227 5136 2273 5191 si
2313 5137 2366 5190 in
2406 5146 2657 5192 nostrum
2694 5147 3046 5208 conspectum
3081 5158 3289 5215 pauper
3316 5164 3409 5202 ve-

1836 5222 1982 5278 nerit
2013 5264 2029 5285 ,
2081 5225 2174 5293 qui
2214 5225 2297 5278 vix
2353 5226 2515 5279 etiam
2562 5242 2673 5295 prae
2699 5226 2843 5283 fame
2870 5228 3148 5298 loquatur,
3190 5249 3408 5290 aversa-

1837 5330 1983 5382 mur,
2029 5314 2352 5371 festinanter
2394 5318 2695 5374 transimus
2722 5358 2738 5385 ,
2795 5322 2953 5390 quasi
2999 5323 3193 5389 veriti,
3253 5340 3325 5379 ne
3359 5329 3403 5380 si

266 5458 311 5490 5'
340 5457 474 5515 Luc.
500 5476 618 5527 xxx,
647 5463 702 5519 9.
778 5463 824 5496 ⁶⁰
857 5464 992 5521 Luc.
1029 5482 1143 5534 xvi,
1176 5468 1248 5524 20
1293 5484 1416 5540 sqq.
1494 5469 1536 5501 ⁶¹
1572 5468 1720 5526 Psal.
1756 5484 1946 5534 xum,
1979 5469 2035 5525 8.

234 5610 310 5705 £12
638 5614 1072 5705 Sterquggcodes
1098 5619 1323 5705 βαλοῦσι
1346 5619 1701 5705 [perperam].

232 5681 312 5752 (2)
635 5681 809 5770 ἡμᾶςζ
849 5686 945 5770 Sig
966 5681 1206 5770 uterque
1224 5681 1392 5770 (ιοάἐᾷ
1423 5681 1585 5770 εςιιυο
1613 5681 1729 5765 ipse

153 5749 325 5807 etiam
354 5749 540 5809 Basilii
567 5749 874 5813 contextus.
905 5756 1046 5813 Editi
1078 5749 1325 5827 κέντρον,
1355 5749 1534 5827 ἡμεῖς.

1907 5622 1985 5696 (5)
2004 5622 2096 5696 Ex
2152 5623 2300 5679 hom.

1830 5693 1926 5754 sit.
1959 5693 2082 5746 168.

1901 5761 1977 5832 (4)
2006 5761 2167 5832 lbid.,
2208 5763 2330 5822 169.

2349 5625 2491 5693 Quid
2545 5629 2826 5686 mundanis
2882 5631 3251 5691 (td/terrentium
3297 5654 3402 5695 non
