3874 6224
496 302 633 358 uer
1369 303 1733 360 APPENDIX.
1770 334 1839 345 —
1876 282 2223 360 svtisosis
2260 302 2826 360 METAPHRASTJS.
3548 312 3648 368 nos

486 421 651 475 etiam
696 420 902 477 lentius
946 418 1264 491 gradiamur
1292 460 1308 489 ,
1350 420 1599 491 ejusdem
1661 419 1896 476 miseria:
1933 418 2016 488 ei]

2122 435 2142 487 ι
2169 418 2227 472 δὲ
2261 420 2591 484 σκεπάζοιτο
2641 421 2904 491 σεσηπόσι
2939 417 3171 490 ῥακίοις,
3204 419 3277 483 ὡς
3305 417 3505 475 ὀδωδότα
3532 423 3652 478 πάλιν

486 512 699 566 ciamur
746 512 1061 582 participes.
1103 508 1208 578 Et,
1257 511 1303 567 si
1354 512 1411 567 in
1463 520 1665 567 terram
1720 511 1933 575 oculos,
1977 526 2016 565 c:

2166 511 2450 584 διώκομεν.
2503 514 2616 568 Καὶ
2666 511 2792 566 οὔτε
2843 512 2906 565 τὸ
2952 511 3046 565 τοῦ
3089 511 3362 575 κτίσαντος
3399 512 3540 584 ὄνομα
3569 520 3653 581 ταῖς

487 600 732 658 lamitate
788 602 1053 673 pudorem
1103 603 1169 659 el'
1197 602 1523 668 incutiente,
1579 601 1896 667 dimiserit,
1935 617 2017 657 eui

2170 605 2476 675 ἱκετηρίαις
2501 607 2709 671 ἐκεῖνος
2739 607 3063 677 ἀναμιγνὺς,
3094 603 3218 658 οὔτε
3241 603 3301 657 τὸ
3334 604 3405 676 (7)
3437 605 3499 678 μὴ
3524 608 3656 662 τοιού.

486 692 794 765 hypocrisis
855 693 1091 750 dicimus
1161 693 1466 762 artiﬁcem;
1516 694 1563 750 si
1612 709 1743 750 vero
1782 695 1952 749 libere
1996 709 2016 747 ε

2164 710 2279 761 τοις
2309 696 2508 751 πάθεσι
2561 702 2882 770 περιπεσεῖν
2911 699 3059 770 ἡμᾶς
3084 697 3318 769 ὲξορκῶν
3345 698 3566 769 συνεχῶς,
3590 700 3653 754 δύο

487 785 868 852 conlidcnter,
929 784 1073 841 fame
1131 785 1373 857 graviter
1427 786 1809 842 exstimulatus
1846 827 1861 852 ,
1897 799 2017 854 aspe

2164 802 2320 843 ναται
2346 790 2443 862 τὴν
2473 790 2665 863 ἀνελεῆ
2683 790 2905 862 κάμψαι
2926 789 3265 863 προαίρεσιν.
3289 788 3382 843 Διά
3412 789 3558 845 ταῦτα
3586 791 3659 863 ὑφ-

487 878 629 932 xerit
660 893 761 933 nos
786 917 801 941 .
842 893 873 933 e
902 877 1577 950 contrario‘impudcntem
1623 878 1959 950 appellamus
1993 890 2017 932 a

2164 875 2384 953 ορῶμαι
2402 881 2702 955 βαρύτερον
2721 884 2820 954 τῆς
2842 882 3067 954 γεέννης
3084 882 3148 936 τὸ
3164 881 3295 954 πῦρ,
3316 882 3450 953 ἢπερ
3468 882 3659 948 ὲκείνοςί

484 970 803 1025 violentum.
864 969 962 1037 Et,
990 969 1037 1026 si
1077 979 1304 1041 opertus
1344 971 1415 1026 sit
1449 970 1679 1039 integris
1715 968 1957 1023 vestibus
1990 981 2014 1021 a

2159 971 2254 1026 τὸν
2269 973 2521 1046 Λάζαρον
2535 974 2803 1045 ὑπεριδὼν
2826 974 3220 1037 πλούσιος.Ἷνα
3236 974 3291 1027 δὲ
3311 972 3382 1044 μὴ
3401 972 3660 1046 τοῦτοτένη-

486 1062 671 1132 aliquo
718 1062 958 1132 acceptis
992 1101 1008 1126 ,
1054 1060 1213 1131 quasi
1274 1059 1657 1131 inexplebilem
1708 1058 2016 1128 repellimus

2160 1080 2274 1128 ται,
2325 1063 2404 1135 τῷ
2457 1065 2595 1138 ἐλέῳ
2621 1067 2713 1121 τὸν
2745 1066 2895 1121 ἔλεον
2938 1065 3426 1139 προσκτησώμεθα,
3458 1068 3661 1131 mugiat

484 1167 550 1208 ac
582 1154 836 1224 iuramus
882 1162 1254 1227 paupertatem
1286 1153 1355 1209 ab
1389 1153 1484 1207 illo
1532 1151 1778 1208 simulari
1807 1166 1822 1216 ;
1855 1150 1901 1205 si
1928 1164 2014 1205 ver

2157 1154 2267 1208 τῶν
2297 1156 2529 1211 αἰωνίων
2558 1157 2778 1227 ἀγαθῶν
2812 1158 3158 1231 ὲπιτύχωμεν
3194 1160 3253 1212 ὲν
3301 1157 3502 1229 Χριστῷ
3534 1158 3660 1229 Ἰησοιῖ

485 1245 794 1317 panniculis
861 1245 1091 1316 putridis
1146 1244 1478 1308 amiciatur,
1528 1257 1723 1298 rursus
1785 1240 2015 1313 abigimu

2157 1245 2238 1316 τῷ
2269 1247 2457 1319 Κυρίῳ
2522 1248 2699 1320 ἡμῶν,
2730 1242 2776 1319 ᾧ
2817 1253 2852 1322 ἡ
2900 1251 3027 1316 δόξα
3070 1251 3164 1304 καὶ
3207 1249 3270 1304 τὸ
3296 1249 3485 1322 κράτος
3510 1251 3586 1303 σὺν
3610 1249 3664 1319 τῷ

484 1333 565 1388 uti
611 1334 752 1390 male
790 1335 1051 1389 olentem.
1097 1332 1165 1388 Et
1207 1333 1461 1404 quamvis
1490 1330 1805 1387 Conditoris
1853 1345 2014 1385 nome

2159 1336 2381 1410 ἀνάρχῳ
2441 1339 2607 1394 αὐτοῦ
2662 1342 2839 1413 Πατρὶ
2891 1343 2987 1397 καὶ
3026 1343 3105 1414 τῷ
3146 1340 3392 1413 ζωοποιῷ
3426 1339 3662 1409 Πνεῦματι,

481 1424 738 1494 precibus
782 1424 1119 1492 admisceat,
1180 1437 1246 1478 ac
1291 1422 1498 1478 similes
1534 1435 1805 1477 aerumnas
1848 1419 2011 1475 indcsi

2159 1425 2255 1479 νῦν
2307 1427 2402 1481 καὶ
2445 1428 2569 1495 ἀεὶ,
2623 1430 2717 1484 καὶ
2777 1433 2857 1496 εἰς
2906 1432 3034 1495 τοὺς
3085 1431 3289 1485 αἰῶνας
3346 1429 3449 1485 τῶν
3489 1428 3661 1483 αἰώνων.

358 1583 367 1589 ,
482 1524 676 1572 uenter
716 1532 747 1571 a
807 1517 968 1572 nobis
1011 1516 1365 1587 deprecetur,
1432 1522 1612 1567 tamen
1667 1511 2055 1567 immisericor-
2172 1514 2369 1587 Ἀμήν.

481 1609 606 1666 dem
652 1613 986 1668 voluntatem
1029 1613 1245 1668 ﬂectere
1301 1626 1410 1665 non
1482 1617 1679 1681 potest.
1726 1607 2067 1677 Quapmpter
2127 1609 2388 1679 gehennae
2462 1613 2640 1685 ignem
2686 1615 3009 1686 'graviorem
3076 1631 3243 1687 quam
3301 1615 3395 1687 qui
3431 1613 3569 1687 492
3610 1612 3666 1668 di-

481 1704 647 1758 vitem
722 1702 874 1758 illum
958 1703 1152 1760 Lazari
1201 1702 1574 1773 despectorem
1664 1697 2009 1764 combussit,
2063 1697 2380 1757 reformido.
2436 1703 2591 1771 Quod
2645 1707 2864 1778 quidem
2914 1723 2984 1763 ne
3036 1708 3293 1773 eveniat,
3360 1706 3663 1764 misericordia

482 1796 915 1853 misericordiam
967 1810 1375 1866 comparemus,
1427 1803 1487 1849 ut
1537 1802 1591 1849 et
1637 1801 1839 1847 aeterna
1890 1791 2033 1846 bona
2071 1807 2476 1865 consequamur
2503 1799 2560 1854 in
2607 1799 2830 1856 Christo
2885 1798 3014 1857 Jesu
3059 1798 3294 1856 Domino
3357 1810 3561 1862 nostro,
3606 1799 3665 1853 cui

480 1891 649 1961 gloria
683 1898 738 1947 et
774 1897 1037 1962 potestas,
1072 1907 1197 1946 cum
1229 1899 1435 1946 aeterno
1484 1888 1603 1959 ejus
1640 1886 1832 1951 Patre,
1868 1894 1920 1941 et
1988 1884 2303 1947 viviﬁcante
2373 1887 2583 1964 Spiritu
2608 1934 2626 1961 ,
2667 1911 2814 1952 nunc
2858 1906 2914 1951 et
2982 1911 3199 1966 semper
3224 1937 3243 1965 ,
3319 1904 3375 1952 et
3424 1897 3476 1950 in
3523 1894 3666 1951 secula

482 1982 827 2036 saeculorum.
862 1981 1065 2036 Amen.

708 2114 806 2170 DE
832 2115 909 2170 DI
927 2114 1159 2170 VITIIS
1190 2113 1282 2169 ET
1316 2109 1823 2168 PAUPERTATE.
2077 2112 2121 2169 Β

2077 2112 2121 2169 Β
2418 2118 2604 2171 ΠΕΡΙ
2639 2120 2960 2174 ΠΛΟΥΤΟΥ
2993 2121 3122 2175 KAI
3155 2120 3454 2175 ΠΕΝῙΛΣ.

1090 2224 1320 2283 SERMO
1358 2225 1424 2281 V.

2771 2233 2992 2286 ΛΟΓΟΣ
3025 2231 3105 2291 E'.

552 2342 604 2397 l.
633 2341 709 2413 (l)
734 2339 888 2396 Putei
905 2339 1082 2397 hausti
1116 2339 1310 2396 melius
1323 2338 1737 2404 scaturiunt,sic
1756 2342 1811 2393 et
1831 2334 2055 2401 divitiae,

2229 2334 2281 2388 l.
2323 2333 2402 2390 Τὰ
2435 2338 2644 2410 φρέατα
2677 2337 3095 2413 εξαντλούμενα,
3135 2341 3449 2415 εύροὼτερα
3482 2342 3665 2413 γίνεται*

479 2434 526 2488 si
572 2431 796 2488 stabiles
847 2431 993 2497 sint,
1045 2429 1182 2485 nihil
1234 2438 1493 2502 prosunt;
1551 2429 1598 2484 si
1644 2434 2009 2483 moveanturv

2154 2424 2250 2478 καὶ
2295 2425 2528 2482 πλούτου
2570 2430 2632 2484 τὸ
2679 2432 2778 2502 μὲν
2812 2434 3094 2505 στάσιμον,
3120 2433 3426 2506 ἄχρηστον·
3457 2434 3512 2488 τὺ
3541 2434 3588 2488 δὲ
3610 2453 3665 2487 xt-

479 2523 921 2588 transferantur,
976 2536 1326 2577 communem
1389 2520 1679 2575 utilitatem
1731 2533 2009 2589 promovet

2153 2516 2246 2571 νού
2253 2536 2412 2589 μενον
2430 2519 2506 2594 (8)
2522 2523 2616 2575 καὶ
2640 2523 2980 2594 μεταϐαῖνον,
2998 2524 3327 2595 κοινωφελές
3347 2543 3405 2579 τε
3421 2527 3506 2580 καὶ
3522 2525 3668 2596 ἔγκαρ-

477 2631 543 2671 ac
573 2615 811 2670 fructum
856 2612 1058 2670 ferunt.
1106 2611 1185 2667 Ac
1225 2612 1413 2666 mirari
1456 2612 1677 2682 quidem
1723 2611 1855 2664 mihi
1884 2609 2005 2664 subi

2153 2626 2272 2665 πον.
2298 2611 2409 2665 Καὶ
2440 2610 2741 2685 θαυμάζειν
2763 2632 2853 2686 μοι
2885 2616 3083 2683 ἔπεισι,
3112 2618 3233 2681 πῶς
3270 2619 3410 2690 μετὰ
3429 2618 3516 2691 τὴν
3536 2635 3669 2690 περιτ-

475 2709 753 2778 quomodo
806 2716 932 2778 post
970 2704 1300 2777 superﬂuam
1354 2713 1409 2760 et
1437 2704 1684 2759 inutilem
1737 2713 2005 2772 sumptqu

2150 2700 2249 2772 τὴν
2279 2702 2374 2755 καὶ
2405 2703 2677 2775 ἄχρηστον
2707 2706 2817 2760 τῶν
2866 2707 3239 2779 ἀναλωμάτων
3284 2709 3536 2771 ἐπίνοιαν,
3561 2708 3668 2761 ἒπει-

473 2800 957 2872 excogitationem,
1003 2798 1081 2871 (2)
1114 2814 1236 2854 cum
1269 2799 1323 2853 in
1373 2807 1662 2853 sexcentos
1689 2812 1824 2852 usus
1859 2795 2000 2851 distr

2149 2792 2245 2847 δάν
2280 2795 2360 2856 είς
2390 2794 2556 2866 μυρία
2594 2794 2951 2862 διασπασθεὶς
2979 2799 3007 2852 ὁ
3038 2797 3271 2864 πλοῦτος
3301 2799 3383 2854 ἔτι
3415 2797 3669 2871 περισσεύῃ.

474 2898 577 2946 ctae
618 2892 821 2947 divitia:
867 2890 1180 2946 redundant
1219 2890 1421 2955 adhuc,
1470 2889 1524 2943 in
1566 2898 1710 2943 terra
1751 2886 2004 2942 detrudunt

2148 2883 2293 2938 κατὰ
2321 2885 2424 2955 γῆς
2455 2884 2678 2940 ὠθεῖται
2705 2889 2857 2960 παρὰ
2884 2887 2978 2942 τοῦ
3006 2887 3238 2960 ἔχοντος,
3271 2890 3373 2945 καὶ
3408 2893 3463 2944 ὲν
3487 2888 3672 2960 ἀπορρή-

474 2990 566 3037 tur
602 2999 629 3039 a
664 2982 996 3050 possidente,
1026 2990 1082 3038 et
1134 2982 1190 3036 in
1240 2981 1445 3037 abditis
1488 2980 1627 3036 locis
1679 2988 2004 3036 asservantut

2150 2991 2260 3039 τοις
2287 2976 2635 3045 φυλάσσεται.
2669 2980 2874 3035 Βαϐαίί
2923 2982 3011 3035 ὅτε
3053 2982 3153 3035 οὐκ
3195 2982 3439 3055 ἠδυνήθη
3481 2982 3581 3046 ταῖς
3606 2998 3673 3050 μυ-

472 3073 665 3143 Ρορεει
720 3081 1008 3144 postquam
1071 3070 1377 3125 innumeris
1404 3069 1726 3138 excogitatis
1753 3068 1928 3123 modis
1955 3082 2002 3121 al

2152 3069 2297 3140 ρίαις
2331 3072 2597 3137 ἐπινοίαις
2640 3071 3017 3142 ὲκδαπανῆσαι
3047 3072 3138 3125 τὸν
3181 3071 3440 3134 πλοῦτον,
3484 3071 3583 3123 τότε
3603 3068 3669 3122 αὒ-

476 3180 598 3221 rum
654 3166 943 3220 absumere
986 3180 1095 3220 non
1144 3163 1363 3234 potuit,
1420 3173 1550 3216 tunc
1585 3162 1717 3217 illud
1767 3161 1871 3217 sub
1902 3168 2006 3216 teri

2149 3161 2241 3214 τὸν
2268 3164 2349 3227 είς
2372 3163 2471 3236 τὴν
2502 3162 2606 3235 γῆν
2629 3148 3001 3235 ἀπεκρύψατο.
3030 3163 3141 3217 Καὶ
3168 3164 3328 3217 δοκεῖ
3354 3181 3442 3234 μοι
3472 3162 3526 3217 ab
3550 3159 3672 3217 πάθος

472 3257 787 3314 occultavit.
827 3255 902 3326 (5)
946 3252 1176 3310 Videtur
1212 3263 1394 3308 autem
1439 3251 1573 3306 mihi
1619 3251 1811 3306 vitium
1855 3252 1999 3304 anim

2149 3252 2247 3322 τῆς
2272 3252 2365 3307 τοῦ
2391 3253 2645 3307 πλουσίου
2683 3253 2859 3325 ψυχῆς
2881 3253 2958 3325 τῷ
2978 3254 3084 3307 τῶν
3106 3255 3531 3326 γαστριμάργων
3550 3266 3671 3322 προσ-

470 3348 656 3405 divitis
687 3387 702 3413 ,
758 3348 1073 3402 helluonum
1127 3345 1262 3400 vitio
1292 3344 1469 3399 simile
1496 3383 1511 3404 ,
1568 3342 1662 3414 qui
1692 3343 1904 3395 malunt
1937 3357 2000 3412 pr

2150 3346 2417 3410 εοικέναι,
2465 3346 2515 3400 οἳ
2567 3347 2932 3419 διαρραγῆναι
2978 3346 3178 3417 μᾶλλον
3227 3342 3343 3401 ὑπὸ
3402 3342 3672 3417 λαιμαρτὶτς

471 3440 711 3511 ingluvie
760 3436 1073 3507 disrumpi,
1139 3451 1302 3506 quam
1348 3422 1548 3505 reliqui
1591 3433 1890 3504 quidquam
1944 3434 2001 3487 in

2151 3437 2453 3508 αἱροῦνται,
2504 3438 2623 3510 ἧτι
2666 3439 2776 3493 τῶν
2813 3437 3078 3507 λειψάνων
3121 3438 3454 3509 μεταδοῦναι
3498 3438 3592 3498 τοῖς
3612 3436 3671 3485 ὲν-

470 3530 663 3602 pcrtiri
689 3529 997 3601 egentibus.
1044 3528 1118 3599 (4)
1174 3526 1322 3584 Talis
1370 3535 1490 3584 erat
1541 3527 1632 3583 ille
1664 3527 1718 3581 in
1758 3525 2000 3597 Evangeli

2148 3530 2310 3584 δεέσι.
2342 3530 2591 3594 Τοιοῦτος
2630 3532 2657 3584 ὁ
2684 3531 2741 3585 ἐν
2773 3529 2851 3602 τῷ
2882 3530 3197 3601 Εὑαγγελίῳ
3235 3530 3512 3595 πλούσιος.
3543 3524 3672 3596 Παρέ-

468 3625 643 3680 dives.
694 3623 960 3679 Astabant
1006 3623 1101 3694 qui
1159 3622 1399 3677 animam
1449 3620 1569 3691 ejus
1611 3628 1944 3691 repeterent,
1994 3643 1998 3666 ‹

2150 3639 2354 3692 στησαν
2409 3624 2460 3676 οἱ
2505 3621 2605 3693 τὴν
2653 3620 2832 3693 ψυχὴν
2883 3622 3260 3689 ἀπαιτοῦντες,
3306 3624 3549 3683 κάκεῖνος
3587 3615 3674 3687 mp!

468 3716 560 3771 ille
590 3729 778 3772 secum
805 3714 1110 3770 disserebat
1136 3713 1205 3769 de
1235 3712 1529 3768 alimentis.
1561 3708 1676 3766 Hac
1728 3712 1849 3782 ipsa
1886 3721 1998 3765 noc1

2149 3712 2452 3785 βρωμάτων
2482 3715 2550 3785 τῇ
2579 3713 2725 3785 ψυχῇ
2751 3712 3036 3782 διελέγετο.
3068 3712 3250 3786 Ταύτῃ
3277 3717 3349 3785 τῇ
3377 3713 3526 3766 νυκτὶ
3550 3724 3673 3780 παρε-

469 3805 842 3877 abripiebatur
873 3844 890 3870 ,
936 3813 991 3861 et
1019 3804 1087 3859 ad
1126 3804 1332 3860 multos
1389 3818 1564 3859 annos
1598 3818 1781 3859 rerum
1825 3817 1999 3873 posse:

2144 3804 2481 3876 λαμϐάνετο,
2531 3804 2627 3858 καὶ
2671 3809 2754 3869 είς
2792 3803 2885 3877 ἔτη
2915 3804 3085 3858 πολλὰ
3111 3805 3209 3877 τὴν
3238 3804 3538 3859 ἀπόλαυσιν
3561 3804 3674 3870 ἐφον-

467 3901 675 3956 sionem
739 3899 921 3952 animo
976 3897 1080 3952 sibi
1125 3896 1381 3967 tingebat.
1444 3895 1519 3966 (5)
1551 3894 1764 3950 Insania
1791 3894 1982 3966 ingens

2149 3894 2370 3959 τάζετο.
2406 3894 2593 3949 Μανία
2633 3892 2814 3967 δεινή·
2846 3894 2952 3958 ἕως
3001 3895 3098 3966 μὲν
3141 3895 3199 3947 ὲν
3250 3892 3535 3966 μετάλλοις
3570 3884 3673 3961 ἦνό

470 3992 599 4046 dum
625 3991 843 4061 quidem
875 4005 1070 4044 aurum
1105 3989 1159 4043 in
1204 3988 1437 4043 metallis
1467 3995 1583 4042 erat
1605 4029 1621 4053 ,
1658 3999 1856 4042 terram
1890 4002 2000 4040 SCl'l

2142 3988 2366 4059 χρυσὸς,
2414 3986 2688 4061 ἀνηρεύνα
2731 3987 2833 4059 τὴν
2877 3988 3015 4059 γῆν
3062 3988 3150 4040 ὅτε
3196 3987 3439 4059 φανερὸς
3488 3983 3671 4051 ἐγένετο.

471 4082 729 4135 tabatur:
783 4093 907 4134 cum
940 4086 1119 4134 autem
1150 4077 1262 4146 jam
1309 4078 1366 4130 in
1415 4074 1703 4146 prapatulo
1762 4079 1887 4139 est,
1922 4086 2001 4124 ru:

2144 4078 2308 4135 πάλιν
2335 4081 2499 4134 αὐτὸν
2543 4081 2602 4133 ἐν
2629 4082 2696 4152 τῇ
2729 4082 2798 4152 γῇ
2841 4077 3112 4149 ἀφανίζει.
3153 4074 3268 4131 Εἶτ’
3298 4075 3457 4150 οἴμαι
3499 4069 3673 4145 συμϐαί-

470 4188 565 4231 sus
610 4173 743 4228 illud
783 4172 839 4226 in
885 4179 1027 4227 terra
1065 4168 1353 4224 abscondit
1384 4186 1398 4222 :
1443 4164 1638 4222 deinde
1670 4178 1863 4220 aurum
1892 4162 2000 4219 deft

2145 4189 2257 4225 νειν
2303 4170 2381 4243 τῷ
2424 4171 2814 4244 κατορύσσοντι
2860 4169 2950 4224 τὸν
2984 4168 3232 4234 πλοῦτον,
3266 4165 3675 4238 συγκατορύσσειν

468 4265 638 4319 dienti
686 4265 906 4320 evenire
950 4261 1191 4317 arbitror
1222 4298 1238 4327 ,
1293 4267 1353 4314 ut
1412 4267 1467 4314 et
1521 4272 1617 4313 cor
1664 4272 1822 4312 suum
1878 4255 1998 4312 siml

2143 4264 2238 4316 καὶ
2284 4262 2383 4335 τὴν
2433 4262 2695 4335 καρδίαν·
2746 4261 2942 4316 Ὅπου
2994 4261 3105 4332 γὰρ
3151 4263 3186 4314 ὁ
3220 4258 3526 4329 θησαυρός
3575 4269 3673 4317 σου.

468 4353 730 4410 defodiat.
780 4352 961 4417 Nam,
1008 4351 1229 4423 inquit,
1279 4349 1403 4403 ubi~
1431 4349 1709 4404 thesaurus
1755 4357 1877 4402 tuus
1904 4389 1919 4416 ,
1964 4347 1998 4401 il

2146 4354 2328 4427 φησὶν,
2380 4353 2648 4413 exs-Iacui
2703 4353 2743 4423 ἡ
2795 4351 3030 4421 καρδία.
3081 4350 3253 4423 Δεῦρο
3306 4346 3426 4417 οὖν,
3473 4344 3676 4403 ποικίλως

466 4455 515 4501 et
545 4461 637 4499 cor
658 4446 724 4499 “.
754 4442 832 4516 (6)
863 4430 997 4513 Age,
1032 4442 1219 4514 igitur,
1253 4456 1287 4496 ο
1312 4441 1485 4504 dives,
1516 4440 1735 4496 divitias
1755 4439 1904 4496 varie
1932 4438 1996 4493 di:

2143 4446 2323 4501 διάθου
2350 4446 2442 4500 τὸν
2470 4444 2720 4511 πλοῦτον,
2755 4438 2799 4499 ὦ
2848 4443 3092 4498 πλούσιε.
3124 4443 3219 4514 Μὴ
3254 4440 3551 4514 βαρύτιμος
3583 4436 3673 4489 ἔσο·

466 4554 636 4611 pensa
664 4580 680 4605 ,
722 4537 835 4593 noli
870 4552 1067 4608 magno
1117 4535 1351 4591 vendere
1379 4574 1395 4601 ,
1452 4549 1583 4591 cave
1617 4544 1898 4603 exspectes
1940 4546 1996 4586 ar

2144 4540 2216 4612 μὴ
2262 4539 2500 4611 ἀνάμενε
2545 4539 2829 4603 σιτοδείαν,
2874 4538 2962 4591 ῖνα
3001 4536 3218 4609 ἀνοίξῃς
3261 4536 3585 4606 σιτοδοχεῖα·
3625 4526 3674 4599 μὴ

465 4645 624 4685 nonae
665 4629 983 4684 cbaritatem
1015 4627 1082 4681 ad
1110 4627 1305 4681 horrea
1355 4624 1686 4696 aperienda;
1728 4639 1797 4679 ne
1837 4624 1995 4679 famen

2145 4631 2296 4703 λιμὸν
2320 4632 2542 4702 ἐκδέχου
2569 4631 2657 4685 διὰ
2702 4630 2923 4703 χρυσὸν,
2973 4629 3048 4700 μὴ
3087 4627 3273 4700 κοινὴν
3302 4628 3513 4683 ἔνδειαν
3540 4624 3599 4679 δι’
3620 4620 3675 4674 εὖ.

466 4720 586 4773 auri
624 4733 828 4784 causa,
870 4733 938 4773 ne
959 4717 1197 4772 inediam
1254 4730 1599 4771 communem
1630 4716 1702 4770 ob
1765 4714 1996 4785 privata:

2143 4719 2333 4787 πορίαν
2369 4719 2526 4773 ίδίαν.
2562 4720 2653 4792 Μὴ
2699 4720 2848 4788 γίνου
2888 4718 3132 4789 κάπηλος
3173 4718 3475 4790 συμφορῶν
3505 4713 3673 4785 ἀνθρω-

465 4825 628 4881 Opum
679 4817 898 4864 tuarum
943 4809 1155 4879 copiam
1192 4807 1497 4877 opperiare.
1549 4804 1667 4862 Noli
1698 4806 1814 4862 ﬁeri
1860 4822 1995 4879 caup

2146 4809 2312 4864 πίνων
2331 4825 2344 4840 ⁸
2378 4808 2453 4881 μὴ
2482 4809 2579 4880 τὴν
2608 4807 2778 4880 ὀργὴν
2807 4807 2900 4861 τοῦ
2940 4805 3077 4861 Θεοῦ
3120 4808 3313 4879 καιρδν
3364 4809 3584 4879 ποιήσῃς
3609 4817 3676 4853 πε-

465 4903 829 4957 humanarum
870 4901 1289 4966 calamitatum;
1344 4915 1413 4954 ne
1454 4901 1590 4953 iram
1640 4899 1735 4955 Dei
1790 4902 1995 4956 occasic

2147 4900 2387 4973 ριουσίας
2433 4898 2753 4972 χρημάτων.
2798 4898 2872 4952 Σὺ
2915 4897 3023 4970 γὰρ
3072 4897 3209 4970 πρὸς
3264 4898 3368 4970 μὲν
3398 4899 3491 4953 τὸν
3522 4892 3677 4969 χρυσον

465 5009 590 5048 nem
628 4992 823 5049 feceris
871 4991 1185 5063 aggerendze
1235 4991 1499 5062 pecuniae.
1540 4989 1622 5045 Tu
1656 4993 1800 5046 enim
1840 5008 1995 5047 aurui

2144 4991 2491 5056 ἀποϐλέπεις,
2539 4989 2632 5045 τὸν
2683 4989 2740 5043 δὲ
2786 4987 3014 5057 ἀδελφόν
3052 5004 3147 5041 σου
3197 4988 3259 5042 οὐ
3318 4987 3674 5061 προσϐλέπεις·

465 5083 683 5154 quidem
718 5083 979 5159 respicis,
1026 5083 1126 5137 sed
1162 5082 1386 5137 fratrem
1426 5090 1582 5137 tuum
1619 5099 1728 5138 non
1759 5084 1989 5155 respicis

2146 5085 2239 5139 καὶ
2268 5084 2363 5139 τοῦ
2406 5084 2505 5156 μὲν
2540 5082 2872 5155 νομίσματος
2902 5078 3284 5149 ἐπιγινώσκεις
3324 5083 3392 5135 τὸ
3438 5081 3676 5153 χάραγμα,

537 5238 582 5268 ⁶¹
622 5233 816 5290 Matth.
847 5251 923 5301 VI,
962 5234 1055 5290 21.

536 5394 612 5460 (l)
642 5390 722 5447 Ex
757 5392 904 5445 hom.
937 5391 993 5444 in
1020 5390 1151 5444 illud
1178 5389 1360 5461 Lucae,
1392 5390 1696 5457 Destruam,
1735 5392 1821 5446 48.
2211 5390 2289 5461 (6)
2329 5390 2405 5443 Ex
2433 5390 2581 5461 h_om.
2614 5387 2832 5461 in_illu_d
2865 5386 3046 5453 Lucae,
3072 5385 3380 5449 Destruam,
3413 5383 3507 5440 46.

535 5458 612 5531 (2)
644 5461 725 5532 Ex
752 5462 897 5516 hom.
928 5463 981 5513 in
1008 5461 1214 5532 divites,
1240 5460 1329 5516 54.
1408 5530 1430 5532 ξ
1500 5502 1503 5505 λ

1408 5530 1430 5532 ῃ
1500 5502 1503 5505 λ
2323 5463 2415 5514 Τό.
2446 5458 2611 5532 Forte
2636 5458 2927 5532 ct§._lﬂolr.

536 5522 614 5601 (5)
650 5531 728 5586 Ex
763 5534 910 5585 hom.
936 5532 994 5584 in
1020 5530 1152 5585 illud
1182 5522 1366 5594 Lucae,
1399 5530 1703 5597 Destruam,
1732 5529 1822 5587 45.
2210 5522 2290 5600 (8)
2318 5522 2719 5601 chodysror.
2732 5527 2824 5583 Sic
2851 5538 3082 5585 uterque
3104 5524 3278 5584 codex
3302 5534 3356 5583 et
3377 5522 3682 5582 Basiliicoa-

535 5597 611 5671 (4)
650 5603 784 5671 l_bid.
946 5670 949 5671 ν
1042 5669 1069 5671 η
1112 5670 1119 5671 7

2139 5597 2340 5657 textus.
2374 5597 2516 5655 Editi
2545 5597 2908 5669 κοινούμενον.

537 5668 615 5740 (5)
650 5669 731 5724 Ex
757 5671 905 5725 hom.
935 5670 989 5723 in
1017 5669 1222 5736 divites,
1254 5668 1339 5723 54.
