3874 6224
236 308 377 364 11ϋ9

1127 305 1361 361 SERMO
1411 303 1470 359 ν.
1508 333 1574 344 --
1616 299 1703 355 DE
1743 295 2018 352 DlVlTllS
2055 297 2143 353 ET
2175 298 2658 355 PAUPERTATE.

3350 313 3488 361 H70

229 435 330 490 καὶ
359 432 454 488 τοῦ
484 432 710 505 δοκίμου
737 430 1032 502 διακρίνεις
1065 429 1125 483 τὸ
1155 429 1427 500 κίϐδηλον,
1465 427 1555 481 τὸν
1583 425 1639 479 δέ
1663 419 1812 479 ἀδελ-

1921 429 1968 475 et
2004 421 2354 478 numismatis
2418 420 2638 492 quidem
2693 428 2878 477 notam
2911 424 3196 494 agnoscis,
3229 432 3283 480 et
3309 441 3339 479 a
3371 428 3486 484 sin.

229 526 335 596 φὸν
364 525 516 597 παρὰ
545 523 642 596 τὴν
683 521 873 596 χρείαν
905 517 1184 582 παντελῶς
1223 519 1458 588 ἀγνοεῖς.
1490 517 1600 570 Καὶ
1633 517 1666 586 ἡ
1713 514 1811 584 μὲν

229 617 459 690 εὖχροιά
507 635 567 672 σε
619 616 712 671 τοῦ
759 615 960 687 χρυσοῦ
995 613 1274 685 ὑπερήδει,
1305 613 1429 676 ὅσος
1460 611 1516 664 δέ
1551 627 1634 664 σοι
1679 611 1814 663 ἀκοο

231 709 420 764 λουθεϊ
444 709 536 764 τοῦ
566 708 779 772 ἐνδεοῦς
802 709 830 760 6
865 705 1188 776 στεναγμὸς,
1216 705 1275 758 οὑ
1305 702 1518 775 λογίζῃ.

304 972 360 1026 2.
400 973 509 1031 Καὶ
545 974 687 1038 τίνα,
727 975 913 1046 φησὶν,
944 974 1134 1040 ἀδικῶ,
1171 975 1411 1048 συνέχων
1437 976 1505 1030 τὰ
1541 975 1811 1046 ἐμαυτοῦ;

232 1065 390 1131 Ποῖα,
437 1068 557 1120 εἰπέ
593 1085 705 1138 μοι,
738 1068 966 1134 σαυτοῦ;
1004 1069 1168 1123 πόθεν
1208 1070 1348 1124 αὐτὰ
1390 1068 1568 1122 λαϐὼν
1600 1070 1681 1130 εἰς
1721 1069 1814 1122 τὸν

233 1161 352 1231 βίον
379 1163 743 1232 είσήνεγκας;
799 1162 1008 1234 ’Ὠσπερ
1040 1162 1106 1217 ἂν
1143 1162 1199 1216 εί
1233 1180 1316 1227 τις
1354 1163 1412 1217 ἐν
1445 1163 1657 1234 θεάτρῳ
1687 1160 1814 1216 θέαν

231 1253 582 1318 καταλαϐὼν,
620 1249 741 1308 εἶτα
773 1254 1009 1326 ἐξείργοι
1037 1255 1164 1318 τοὺς
1215 1255 1490 1322 ἐπιόντας,
1522 1255 1651 1309 ἴδιον
1695 1256 1817 1310 ἐαυ-

228 1343 328 1399 τοῦ
376 1346 577 1417 κρίνων
608 1347 671 1400 τὸ
713 1347 907 1411 κοινῶς
940 1349 1076 1401 πᾶσι
1125 1347 1267 1401 κατὰ
1309 1347 1409 1421 τὴν
1456 1349 1649 1421 χρῆσιν
1691 1365 1817 1419 προ-

230 1438 520 1508 κείμενον·
572 1439 804 1494 τοιοῦτοί
857 1441 962 1494 εἰσι
1013 1442 1107 1496 καὶ
1163 1443 1211 1495 οί
1257 1441 1521 1497 πλούσιοι.
1579 1442 1660 1496 Τὰ
1707 1442 1816 1514 γὰρ

230 1527 392 1580 κοινὰ
433 1529 930 1600 προκατασχόντες,
974 1531 1082 1586 ἴδια
1113 1531 1393 1588 ποιοῦνται
1426 1533 1512 1588 διὰ
1539 1533 1639 1605 τὴν
1683 1534 1817 1606 πρό-

230 1618 416 1690 ληψιν.
481 1619 636 1675 Ἐπεὶ
695 1623 743 1675 εί
788 1621 850 1676 τὸ
901 1622 1040 1694 πρὸς
1078 1623 1430 1696 παραμυθίαν
1476 1625 1574 1696 τῆς
1623 1626 1814 1680 ἐαυτοῦ

231 1710 424 1782 χρείας
454 1711 686 1775 ἕκαστος
730 1711 1111 1816 κομιζόμεῖος,
1146 1715 1205 1768 τὸ
1252 1717 1506 1788 περιττὸν
1550 1718 1699 1788 ἠφίει
1736 1717 1814 1789 τῷ
1847 1761 1892 1816 Β

229 1801 488 1873 δεομένῳ,
543 1804 718 1868 οὐδεὶς
749 1805 848 1876 μὲν
888 1806 956 1859 ἂν
993 1802 1062 1878 ἦν
1092 1806 1365 1872 πλούσιος,
1409 1809 1583 1875 οὐδεὶς
1621 1810 1678 1864 δὲ
1730 1812 1814 1864 ἐν-

229 1894 377 1966 δεής.
403 1896 536 1966 Οὐχὶ
585 1897 791 1968 γυμνὸς
809 1897 1070 1966 ἐξέπεσας
1093 1901 1191 1972 τῆς
1219 1903 1488 1974 γαστρός;
1519 1903 1579 1956 οὐ
1611 1903 1817 1974 γυμνὸς

229 1988 393 2042 πάλιν
427 1990 503 2053 είς
542 1989 642 2062 τὴν
678 1991 784 2061 γῆν
813 1993 1206 2066 ὑποστρέφειςς
1239 1995 1321 2050 Τὰ
1349 1995 1406 2049 δὲ
1440 1996 1683 2066 παρόντα
1733 2014 1816 2050 σοι

230 2079 428 2143 πόθεν;
459 2082 523 2134 Εί
551 2082 650 2152 μὲν
679 2083 787 2136 ἀπὸ
812 2086 1154 2156 ταυτομὰτου
1187 2087 1365 2156 λέγεις
1388 2105 1400 2118 ·
1440 2089 1598 2152 ἄθεος
1629 2085 1698 2154 εἷ,
1743 2089 1816 2162 μὴ

230 2169 515 2241 γνωρίζων
543 2171 637 2225 τὸν
671 2171 952 2238 κτίσαντα,
989 2175 1124 2246 μηδέ
1167 2177 1327 2248 χάριν
1360 2177 1500 2248 ἔχων
1538 2179 1618 2249 τῷ
1658 2180 1818 2234 δεδω-

231 2260 384 2314 κότι’
421 2264 468 2316 εί
508 2262 566 2316 δέ
601 2263 880 2335 ὁμολογεῖς
910 2262 1047 2320 εἶναι
1091 2268 1239 2339 παρὰ
1266 2269 1421 2335 Θεοῦ,
1449 2270 1571 2322 είπέ
1607 2270 1697 2323 τὸν
1730 2271 1818 2324 λό-

229 2369 330 2422 γον
358 2354 490 2424 ήμῖν
533 2353 600 2408 δι’
645 2354 705 2408 ὂν
731 2355 943 2420 ἔλαϐες.
984 2358 1076 2430 Μὴ
1104 2357 1288 2422 ἄδικος
1323 2362 1350 2413 ὁ
1374 2360 1524 2425 Θεὸς,
1556 2363 1584 2414 6
1619 2362 1819 2426 ἀνίσως

231 2444 366 2512 ἡμῖν
399 2443 620 2514 διαιρῶν
665 2444 734 2498 τὰ
773 2444 868 2498 τοῦ
898 2445 1052 2516 βίους
1085 2447 1184 2500 Διὰ
1215 2447 1268 2500 τί
1305 2448 1368 2500 σὺ
1404 2448 1503 2520 μὲν
1547 2448 1816 2515 πλουτεῖς,

232 2533 438 2598 ἐκεῖνος
460 2533 518 2586 δὲ
552 2534 806 2601 πένεται;
834 2531 913 2589 Ἦ
942 2538 1160 2601 πάντως
1191 2539 1277 2591 ἵνα
1307 2539 1400 2593 καὶ
1432 2540 1493 2592 σὺ
1520 2541 1820 2613 χρηστότη-

231 2642 323 2688 τος
354 2625 447 2679 καὶ
504 2630 704 2698 πιστῆς
752 2629 1064 2700 οἰκονομίας
1113 2630 1304 2700 μισθὸν
1358 2631 1506 2706 δέξῃ,
1569 2635 1820 2700 κάκεῖνος

232 2713 348 2773 τοῖς
400 2712 659 2782 μεγάλοις
704 2713 889 2780 ἄθλοις
934 2718 1034 2789 τῆς
1077 2718 1354 2791 ὑπομονῆς
1402 2723 1630 2796 τιμηθῇ.
1679 2725 1819 2778 Ἀλλ’

232 2803 533 2872 ἀναγκαῖος
568 2807 598 2858 6
638 2804 868 2872 πλοῦτος
901 2809 988 2864 διὰ
1025 2813 1151 2876 τοὺς
1188 2814 1402 2878 παῖδας.
1446 2817 1821 2889 Εὐπρόσωπος

233 2895 457 2969 ἀφορμὴ
497 2898 808 2966 πλεονεξίας
838 2901 999 2974 αὕτη.
1036 2905 1175 2969 Τοὺς
1205 2905 1313 2977 γὰρ
1345 2909 1542 2974 παῖδας
1579 2913 1819 2982 προϐάλο

231 2987 413 3053 λεοθε,
447 2989 544 3062 τὴν
583 2990 641 3044 δὲ
680 2992 904 3065 καρδίαν
954 2995 1364 3068 πληροφορεττε.
1405 3000 1498 3073 Μὴ
1532 3003 1690 3057 αἰτιῶ
1727 3004 1817 3058 τὸν

1913 528 2042 570 cero
2095 515 2464 570 adulterinum
2525 513 2827 582 discernis,
2902 518 3126 574 fratrem
3188 535 3316 576 vero
3354 531 3489 577 tem-

1914 619 2048 675 pore
2081 608 2430 663 necessitatis
2457 624 2686 680 prorsus
2722 609 2960 681 ignoras.
3008 611 3087 666 Ac
3125 612 3332 668 nitidus
3366 615 3490 684 qui-

1913 696 2036 751 dem
2080 697 2200 752 auri
2246 699 2396 755 color
2454 702 2612 757 valde
2651 701 2945 756 admodum
2996 711 3050 757 te
3087 703 3363 769 oblectat,
3393 706 3488 760 sed

1914 797 2045 856 quot
2077 795 2132 843 et
2169 791 2358 858 quanti
2387 806 2682 863 egenorum
2715 793 2950 864 gemitus
2986 802 3040 850 te
3064 805 3488 866 prosequantur,

1915 893 2022 932 non
2059 888 2300 949 reputas.

1986 967 2041 1022 2.
2080 968 2155 1039 (2)
2195 970 2294 1024 Cui
2329 1011 2343 1035 ,
2407 973 2585 1042 inquit
2619 1013 2634 1037 ,
2693 973 2952 1044 injuriam
2985 975 3126 1031 facio
3155 1017 3170 1042 ,
3207 987 3335 1032 dum
3371 993 3491 1033 mea

1915 1059 2170 1114 custodio
2204 1070 2258 1116 et
2307 1062 2540 1118 claudo?
2579 1064 2741 1130 Quae,
2806 1064 2896 1120 dic
2937 1067 3070 1120 mihi
3101 1107 3116 1132 ,
3175 1076 3266 1122 tua
3320 1071 3493 1124 sunt?

1917 1151 2063 1206 unde
2096 1160 2318 1223 accepta
2351 1155 2407 1208 in
2454 1156 2622 1231 vitam
2664 1157 2943 1214 intulisti?
3014 1159 3175 1216 Velut
3230 1161 3278 1218 si
3329 1163 3492 1232 quis.

1916 1244 2039 1300 loco
2079 1245 2134 1299 in
2187 1246 2402 1301 theatro
2435 1246 2504 1301 ad
2562 1252 2920 1319 Spectandum
2952 1261 3260 1324 occupato,
3298 1253 3497 1311 deinde

1918 1337 2287 1407 ingredientes
2318 1348 2523 1404 arceat,
2556 1342 2609 1396 id
2659 1345 2743 1398 sui
2779 1345 2951 1416 ipsius
2983 1347 3265 1418 proprium
3297 1357 3449 1404 ratus
3477 1389 3494 1414 ,

1917 1431 2060 1501 quod
2097 1431 2166 1485 ad
2221 1431 2467 1486 omnium
2524 1451 2872 1494 communem
2923 1455 3086 1495 usum
3133 1442 3496 1511 proponitur:

1917 1528 2054 1583 tales
2082 1542 2299 1600 quoque
2328 1529 2527 1586 divites
2559 1541 2713 1588 sunt.
2768 1531 2901 1586 Nam
2937 1535 3251 1590 communia
3290 1549 3500 1604 praeoc-

1917 1628 2213 1689 cupantes,
2272 1621 2494 1691 propria
2534 1623 2639 1678 sibi
2678 1621 2885 1678 faciunt
2937 1640 3003 1680 eo
3049 1624 3194 1695 quod
3223 1640 3501 1694 praeoccu-

1919 1712 2187 1781 paverint.
2231 1712 2388 1779 Quod
2423 1713 2469 1770 si
2529 1730 2642 1770 suze
2691 1716 2926 1787 quisque
2983 1717 3296 1772 necessitati
3326 1717 3500 1773 suble-

1918 1803 2109 1858 vandae
2141 1804 2192 1860 id
2218 1805 2381 1859 modo
2419 1807 2565 1877 quod
2609 1807 2742 1862 satis
2775 1818 2858 1863 est
2890 1815 3132 1879 caperet,
3159 1809 3343 1880 egenti
3369 1824 3502 1865 vero

1919 1896 2253 1967 relinqueret
2305 1898 2452 1968 quod
2492 1898 2828 1969 superﬂuum
2870 1908 2998 1966 est,
3041 1915 3203 1957 nemo
3231 1910 3381 1958 esset
3417 1901 3502 1957 di-

1916 1991 2031 2052 vis.
2069 2004 2274 2060 pauper
2327 2005 2510 2047 nemo.
2556 1990 2749 2048 Nonne
2811 1991 2991 2048 nudus
3041 2007 3293 2063 egressus
3340 2009 3402 2049 es
3434 2008 3501 2048 ex

1919 2082 2118 2138 utero?
2140 2098 2323 2138 nonne
2341 2082 2526 2138 nudus
2556 2082 2750 2138 iterum
2773 2082 2828 2137 in
2855 2090 3060 2138 terram
3089 2084 3378 2138 reverteris
3408 2084 3454 2116 "
3479 2084 3501 2138 ‘.'

1921 2173 2076 2230 Unde
2133 2182 2316 2230 autem
2354 2175 2449 2230 tibi
2481 2175 2775 2246 praesentia
2813 2176 3003 2230 bona?
3037 2175 3092 2230 Si
3140 2191 3171 2231 a
3198 2191 3327 2232 casu
3356 2177 3504 2233 dixe-

1919 2267 2034 2323 ris:
2073 2267 2272 2337 impius
2309 2282 2369 2324 es
2397 2309 2413 2335 ,
2453 2268 2547 2337 qui
2596 2266 2758 2339 5.93
2803 2283 2913 2322 non
2946 2283 3211 2338 agnoscas
3240 2269 3504 2324 Condito-

1921 2375 2058 2424 rem,
2126 2375 2304 2430 neque
2343 2360 2576 2430 gratiam
2608 2359 2813 2415 habeas
2858 2360 3148 2431 largitori;
3195 2362 3281 2416 sin
3334 2364 3504 2418 conli-

1921 2453 2056 2509 teris
2087 2469 2209 2509 esse
2237 2471 2266 2508 a
2295 2452 2428 2517 Deo,
2461 2453 2550 2508 dic
2573 2453 2734 2508 nobis
2759 2454 3031 2510 rationem
3073 2470 3175 2510 cur
3200 2459 3502 2526 acceperis.

1921 2544 2060 2600 Num
2103 2545 2341 2616 injustus
2395 2545 2538 2602 Deus
2575 2586 2590 2609 ,
2652 2547 2744 2617 qui
2803 2547 2962 2602 nobis
3009 2548 3352 2619 inaequaliter
3383 2550 3507 2604 vitae

1921 2639 2234 2696 necessaria
2273 2639 2600 2694 distribuit?
2656 2640 2768 2695 Cur
2815 2648 2872 2694 tu
2925 2641 3146 2711 quidem
3209 2642 3381 2709 dives,
3415 2643 3506 2700 ille

1922 2741 2102 2786 autem
2151 2733 2395 2802 pauper?
2423 2732 2619 2788 Annon
2652 2735 2862 2804 utique,
2910 2744 2970 2789 ut
3006 2745 3062 2790 et
3105 2743 3162 2790 tu
3201 2736 3509 2807 benignita-

1922 2825 1994 2879 tis
2021 2839 2085 2879 ac
2114 2824 2288 2880 ﬁdelis
2314 2823 2741 2895 dispensationis
2779 2828 3084 2883 mercedem
3127 2829 3366 2898 accipias
3400 2867 3415 2893 ,
3454 2841 3510 2885 et

1923 2917 2015 2973 ille
2057 2917 2270 2988 magnis
2309 2919 2584 2987 patientiae
2637 2919 2876 2988 praemiis
2911 2919 3191 2974 donetur?
3231 2921 3311 2993 (5)
3352 2919 3458 2977 Sed
3489 2961 3505 2987 ,

1925 3011 2130 3082 inquis,
2164 3011 2486 3066 necessariae
2515 3025 2645 3082 opes
2680 3020 2808 3067 sunt
2844 3020 3068 3083 propter
3121 3013 3344 3070 liberos.
3383 3013 3510 3084 Spe-

233 3081 476 3178 ἀναίτιον
495 3100 510 3113 ο
547 3083 676 3139 ῐδιον
703 3085 814 3156 ἔχει
849 3088 1144 3160 Δεσπότην,
1183 3091 1311 3144 [διον
1337 3094 1617 3166 οἰκονόμον
1636 3113 1650 3127 ο
1688 3111 1818 3171 παρ’

1934 3105 2119 3160 ciosus
2182 3104 2270 3160 hic
2323 3105 2569 3160 avaritia:
2617 3113 2953 3177 praetextus;
3009 3107 3212 3162 liberos
3270 3123 3509 3178 namque

233 3167 294 3269 οὗ
329 3173 406 3244 (1)
443 3174 544 3247 τὴν
591 3173 736 3269 ζωην
777 3178 1016 3244 ἐδέξατο,
1058 3183 1190 3254 παρ’
1216 3183 1382 3237 αὑτοῦ
1426 3185 1523 3250 τὰς
1565 3167 1822 3262 ἀφορμάς

1925 3198 2284 3269 praetenditis.
2317 3199 2524 3254 interea
2561 3213 2693 3253 vero
2731 3199 3054 3255 satisfacitis
3084 3206 3269 3255 vestro
3301 3201 3506 3256 animo.

233 3263 553 3336 ἁναμενέτω
607 3267 703 3321 τοῦ
772 3269 910 3340 βίου.
982 3272 1074 3342 Μὴ
1134 3277 1247 3338 τοῖς
1293 3279 1670 3349 γεγαμηκόσιν
1720 3283 1822 3337 οὐκ

233 3355 452 3428 ἐγράφη
506 3361 575 3413 τὰ
618 3361 960 3431 Εὑαγγέλιας
1013 3367 1085 3419 El
1129 3364 1324 3434 θέλεις
1374 3369 1602 3439 τέλειος
1643 3369 1817 3440 εἶναι,

233 3447 533 3518 πώλησόν
559 3469 676 3508 σου
720 3456 792 3508 τὰ
833 3455 1205 3527 ὑπάρχοντα,
1251 3461 1352 3515 καί
1387 3461 1495 3529 δὸς
1539 3467 1815 3536 πτωχοῖς.

234 3541 368 3596 Ὅτε
396 3542 546 3614 ᾔτεις
588 3546 741 3618 παρὰ
781 3547 876 3601 τοῦ
909 3549 1044 3603 Θεοῦ
1073 3551 1170 3624 τὴν
1199 3554 1502 3621 εὐπαιδίαν,
1546 3558 1634 3610 ὅτε
1664 3559 1818 3631 ἠξίου

233 3634 491 3704 γενέσθαι
518 3638 724 3694 παίδων
754 3642 958 3714 πατὴρ,
995 3639 1105 3716 ἆρα
1139 3648 1480 3717 προσετίθεις
1500 3651 1685 3716 ¹τοῦτο,
1719 3655 1821 3718 Δός

233 3743 329 3798 μοι
356 3727 544 3795 τέκνα,
584 3731 670 3786 ἴνα
697 3735 1031 3805 παρακούσω
1061 3736 1172 3792 τῶν
1196 3741 1425 3796 ἐντολῶν
1452 3760 1582 3810 σου;
1612 3745 1700 3808 δός
1729 3764 1818 3818 μοι

232 3818 425 3886 τέκνα,
475 3822 562 3876 ῖνα
607 3824 683 3897 μὴ
719 3826 910 3895 φθάσω
952 3831 1032 3893 είς
1065 3830 1163 3902 τὴν
1195 3831 1473 3903 βασιλείαν
1513 3835 1622 3891 τῶν
1655 3839 1820 3908 οὐρα-

234 3913 378 3981 νῶν;
429 3915 525 3980 Τίς
575 3917 634 3972 δέ
681 3919 774 3971 καὶ
826 3921 1102 3994 ἐγγυητὴς
1146 3923 1297 3978 ἔσται
1348 3925 1447 3998 τῆς
1493 3927 1586 3981 τοῦ
1636 3931 1822 3996 παιδὸς

233 4011 631 4080 προαιρέσεως,
686 4014 766 4066 ὄτι
815 4016 897 4078 είς
941 4013 1060 4070 δέον
1112 4018 1376 4089 χρήσεται
1422 4023 1537 4085 τοῖς
1583 4023 1818 4091 δοθεῖσι;

232 4100 453 4166 πολλοῖς
477 4102 586 4173 γὰρ
609 4105 638 4156 6
670 4104 920 4171 πλοῦτος,
951 4108 1230 4180 ὑπηρέτης
1257 4110 1551 4178 ἀκολασίας
1583 4114 1819 4183 ἐγένετο.

232 4192 386 4263 Ὅρα
407 4189 521 4260 οῦν,
557 4195 632 4268 μὴ
663 4197 800 4268 μετὰ
828 4199 1037 4271 μυρίων
1068 4201 1245 4257 πόνων
1269 4204 1362 4257 τὸν
1388 4205 1613 4260 πλοῦτον
1641 4207 1823 4280 ἀθροί-

233 4301 361 4351 σας,
392 4285 523 4358 ῦλην
548 4289 956 4378 ἁμαρτημάτων
989 4293 1198 4366 ἑτέροις
1230 4301 1674 4372 παρασκευάσῃς,
1704 4298 1822 4356 εἶτα

230 4379 471 4452 εὑρεθῇς
495 4381 658 4454 διπλᾷ
685 4385 1115 4457 τιμωρούμενος,
1148 4380 1223 4442 ὧν
1254 4405 1313 4442 τε
1343 4391 1507 4456 αὐτὸς
1533 4393 1819 4466 ἠδίκησας,

1922 3288 2043 3344 Noli
2085 3289 2299 3357 culpam
2340 3288 2566 3358 rejicere
2601 3287 2654 3342 in
2690 3289 2960 3344 insontem
2995 3306 3010 3355 ;
3072 3288 3353 3359 proprium
3403 3287 3510 3343 Do-

1922 3384 2131 3438 minum
2191 3381 2389 3447 habet,
2440 3383 2721 3452 proprium
2769 3391 3080 3438 rectorem:
3114 3397 3143 3436 a
3177 3397 3288 3452 quo
3340 3381 3507 3436 vitam

1924 3475 2165 3545 accepit,
2199 3474 2268 3529 ab
2299 3474 2421 3544 ipso
2475 3475 2602 3529 vitae
2633 3473 2876 3529 subsidia
2913 3481 3215 3543 exspectet.
3267 3472 3408 3528 Num
3441 3473 3511 3528 iis

1923 3568 2017 3638 qui
2050 3567 2401 3621 matrimonio
2421 3566 2603 3638 juncti
2631 3574 2781 3631 sunt,
2811 3565 3012 3636 scripta
3036 3581 3142 3620 non
3171 3573 3301 3620 sunt
3334 3566 3511 3619 Evan-

1921 3658 2106 3730 gelia?
2151 3656 2211 3732 Si
2251 3659 2327 3711 vis
2357 3659 2620 3726 perfectus
2653 3674 2802 3723 esse,
2854 3657 3013 3712 vende
3058 3674 3174 3728 qua:
3211 3659 3407 3725 habes,
3458 3667 3509 3712 et

1922 3752 1992 3804 da
2019 3751 2334 3820 pauperibus
2360 3751 2425 3806 “.
2467 3750 2604 3805 Cum
2632 3751 2840 3820 prolem
2883 3765 3235 3804 numerosam
3294 3755 3509 3818 peteres

1925 3837 1956 3895 a
1983 3840 2235 3906 Domino,
2283 3855 2408 3895 cum
2446 3855 2669 3911 rogares
2704 3850 2762 3895 ut
2793 3838 2955 3894 ﬁeres
2997 3837 3296 3893 liberorum
3331 3848 3506 3907 pater,

1926 3923 2128 3986 illudne
2177 3929 2432 3985 addidisti
2467 3946 2480 3982 :
2516 3929 2595 3984 Da
2632 3929 2765 3984 mihi
2795 3930 3030 3992 liberos,
3065 3933 3160 3980 tua
3219 3935 3278 3982 ut
3312 3929 3508 3982 violem

1925 4023 2233 4099 praecepta?
2292 4022 2370 4076 Da
2404 4023 2541 4078 mibi
2599 4021 2844 4078 sobolem
2871 4061 2886 4085 ,
2947 4029 3006 4075 ut
3035 4021 3104 4075 ad
3133 4034 3361 4090 regnum
3391 4034 3506 4072 coe—

1924 4113 2102 4169 lorum
2139 4128 2246 4168 non
2273 4113 2636 4185 perveniam?
2669 4112 2752 4166 Ad
2781 4113 2896 4166 haec
2920 4111 3222 4166 voluntatis
3254 4109 3348 4163 ﬁlii
3379 4109 3505 4180 quis

1923 4204 2029 4259 erit
2081 4219 2353 4275 sponsor,
2411 4203 2559 4275 quod
2627 4203 2880 4258 videlicet
2921 4201 3065 4258 datis
3129 4201 3297 4256 rebus
3357 4210 3507 4255 recte

1925 4312 2127 4353 usurus
2167 4297 2281 4352 sit?
2327 4295 2464 4351 Nam
2502 4295 2706 4351 divitiae
2756 4295 2943 4350 multis
2973 4294 3232 4351 exstitere
3263 4294 3507 4349 libidinis

1927 4391 2227 4454 ministrae,
2288 4398 2454 4461 atque
2499 4390 2857 4460 impuritatis.
2903 4387 3039 4444 Vide
3089 4388 3255 4460 igitur
3315 4403 3383 4442 ne
3435 4386 3515 4440 di-

232 4473 336 4527 ata't
373 4466 449 4528 ὧν
487 4452 673 4547 ἕτερον
717 4452 1039 4547 ἐιρωδίασας.
1077 4483 1139 4534 Oi
1182 4483 1280 4552 μὲν
1312 4482 1421 4556 γὰρ
1449 4452 1637 4550 παῖδες
1669 4452 1822 4559 παρά

1928 4485 2094 4540 vitias
2151 4484 2440 4540 laboribus
2499 4483 2790 4554 permultis
2834 4492 3205 4549 coacervatas,
3246 4481 3368 4535 aliis
3396 4495 3512 4534 rna-

234 4567 444 4635 γονέων
502 4569 667 4640 μηδὲν
711 4570 1027 4642 δεξάμενοι,
1077 4574 1290 4638 ἑαυτοῖς
1338 4576 1596 4643 πολλάκις
1640 4579 1822 4646 οίκους

1925 4579 2118 4635 teriam
2182 4585 2534 4649 peccatorum
2609 4575 2819 4640 facias,
2871 4585 3194 4644 posteaque
3253 4571 3511 4642 plectaris

233 4659 538 4734 ἐποίησαν·
589 4665 621 4735 ἡ
659 4662 805 4736 ψυχὴ
858 4665 915 4718 δὲ
965 4667 1119 4738 παρὰ
1163 4669 1257 4723 σοῦ
1304 4670 1819 4744 ἐγκαταλειφθεῖσα,

1923 4669 2128 4740 duplici
2167 4684 2351 4739 poena,
2409 4660 2526 4722 tum
2586 4667 2807 4722 nomine
2851 4680 3066 4728 eorum,
3102 4677 3223 4734 quae
3259 4663 3377 4733 ipse
3401 4662 3508 4716 ini-

234 4753 397 4824 παρὰ
432 4754 577 4818 τίνος
610 4755 996 4828 ἐλεηθήσεται;
1029 4760 1095 4813 Τί
1132 4761 1309 4816 τοίνυν
1341 4765 1594 4822 τοσοῦτον
1621 4768 1822 4840 ἐπτόη-

1924 4779 2032 4834 que
2078 4763 2275 4833 egisti,
2312 4771 2425 4816 tum
2457 4775 2650 4816 eorum
2685 4800 2700 4825 ,
2735 4774 2860 4830 quae
2892 4758 3032 4812 alter
3078 4758 3175 4812 abs
3205 4765 3258 4812 te
3285 4756 3507 4826 adjutus

235 4862 336 4899 σαι
365 4846 492 4919 περὶ
521 4847 614 4902 τὸν
647 4850 882 4920 χρυσόν;

1924 4855 2274 4928 perpetrarit.
2311 4854 2389 4928 (4)
2419 4853 2486 4907 Et
2539 4853 2760 4924 quidem
2817 4851 2994 4918 liberi,
3017 4852 3166 4906 nulla
3198 4866 3228 4905 a
3268 4850 3511 4922 parenti-

235 4943 347 4999 bus
387 4952 612 5014 accepta
675 4945 993 5003 haereditate
1027 4985 1044 5012 ,
1085 4948 1411 5022 plerumque
1447 4953 1694 5025 sibiipsis
1748 4959 1942 5014 domos
2009 4962 2324 5027 pararunt:
2378 4958 2438 5020 at
2486 4957 2594 5003 tuae
2669 4949 2907 5013 animae.
2952 4947 2998 5002 εί
3030 4961 3151 5002 eam
3217 4945 3385 5001 semei
3416 4959 3508 5000 ηδ’

234 5041 438 5112 gligas,
469 5043 594 5112 quis
619 5043 1007 5100 miserebitur?
1034 5043 1176 5112 Quid
1210 5046 1376 5116 igitur
1399 5055 1550 5104 tanto
1576 5068 1696 5108 auri
1726 5055 2002 5111 desiderio
2026 5049 2302 5106 aﬂiceris?

315 5137 369 5191 3.
409 5138 507 5202 Τίς
540 5137 920 5208 καλλωπιστὴς
945 5141 1188 5213 ἠδυνήθη
1220 5143 1350 5211 μίαν
1379 5144 1594 5218 ἡμέραν
1622 5148 1697 5220 τῷ
1725 5151 1824 5223 βίῳ

2003 5149 2058 5202 5.
2093 5147 2170 5215 (5ὶ
2203 5144 2337 5211 Quis
2365 5159 2432 5200 ex
2465 5143 2533 5199 iis
2555 5144 2650 5214 qui
2679 5143 2804 5214 plus
2836 5157 2996 5213 aequo
3025 5141 3260 5198 vestium
3293 5140 3515 5210 elegan-

236 5224 595 5296 προσθεῖναι;
633 5243 777 5291 τινος
826 5226 1082 5297 ἐφείσατο
1131 5227 1359 5295 θάνατος
1398 5232 1487 5286 διὰ
1528 5234 1618 5290 τὸν
1659 5237 1824 5292 πλοῦ-

1933 5241 2066 5296 tiam
2114 5236 2406 5302 alTectant,
2444 5236 2624 5306 potuit
2673 5250 2838 5292 unam
2868 5235 3012 5290 diem
3053 5249 3164 5289 sua:
3189 5233 3363 5303 ipsius
3390 5233 3515 5287 vitae

236 5335 368 5386 10v;
403 5320 549 5384 τίνος
591 5319 860 5392 ἀπέσχετο
891 5331 1044 5387 νοσος
1089 5321 1178 5377 διὰ
1225 5324 1295 5378 τὰ
1340 5327 1634 5398 χρήματα;
1677 5330 1826 5395 Ἕως

1935 5330 2220 5404 adjicere?
2283 5329 2374 5386 cui
2430 5329 2673 5401 pepercit
2705 5344 2856 5386 mors
2917 5328 2988 5384 ob
3038 5326 3364 5384 divitiasla
3401 5339 3513 5398 quo

313 5476 360 5510 ⁸³
390 5475 493 5536 Job
520 5494 558 5545 ι,
591 5479 684 5538 21.
761 5481 809 5514 ⁶⁴
843 5481 1036 5538 Matth.
1071 5499 1192 5550 xix,
1225 5485 1320 5541 21.

315 5636 394 5708 (l)
426 5640 569 5708 [Iap’
596 5635 690 5696 οὗ.
718 5637 944 5706 Legitur
979 5642 1120 5711 apud
1171 5642 1429 5698 Basilium
1473 5644 1602 5715 παρ’
1634 5644 1814 5712 ἄλλου,

315 5709 337 5762 ›ἰ
363 5715 545 5766 tamen
572 5711 740 5768 codex
768 5711 1117 5768 Colbertinus
1141 5713 1300 5769 habet
1328 5713 1458 5774 παρ’
1491 5707 1573 5768 οῦ.

2112 5638 2366 5766 ξξάὶιοῐέό
2392 5640 2447 5694 in
2473 5637 2680 5704 divites,
2713 5636 2802 5694 59.

2020 5745 2032 5758 ι
2175 5729 2187 5764 ι
2231 5751 2268 5774 ,,
2369 5753 2384 5767 .

239 5707 548 5794 ubi/tamen
572 5711 740 5794 codex;
768 5707 1117 5794 C0‘I.be_rt'inus
1141 5713 1300 5794 habet
1328 5713 1458 5784 παρ’
1491 5707 1624 5794 οῦζῌ
1802 5707 1810 5712 ⁷

316 5781 395 5854 (9.)
425 5781 687 5842 Ex'bom.
725 5783 780 5840 in
819 5782 954 5841 illud
984 5781 1165 5853 Lucae,
1199 5779 1527 5857 Halmom,
1562 5785 1649 5843 49.

1996 5779 2074 5855 (5)
2111 5781 2268 5851 lbid.,
2301 5779 2391 5838 59.
