3874 6224
428 287 559 342 1171

1312 295 1672 354 APPENDIX.
1714 331 1785 343 -—
1826 301 2173 361 SYMEONIS
2212 304 2774 364 METAPH‘RASTAE'

3514 320 3627 375 H79.

427 408 694 464 abstinuit
755 411 985 467 morbus
1034 427 1203 470 causa
1246 416 1657 485 pecuniarum?
1713 415 2012 492 Usquequo

2118 424 2244 478 πότε
2293 425 2513 496 χρυσὸς,
2543 426 2652 480 τῶν
2684 427 2872 499 ψυχῶν
2911 430 2943 500 ἠ
2978 429 3199 501 ἀγχόνη,
3230 431 3321 484 τοῦ
3353 432 3551 488 θανάτου
3580 436 3630 490 τδ

428 516 623 556 aurum
657 543 675 571 ,
720 506 1031 560 animarum
1069 508 1337 579 laqueus,
1377 511 1570 566 mortis
1619 512 1815 567 hamus
1842 554 1855 579 ,
1892 531 2013 585 pec-

428 594 536 649 cati
573 596 872 652 illecebra?
902 599 1199 671 Quousque
1229 601 1433 657 divitia
1484 604 1611 659 belli
1670 621 1859 671 causa,
1888 609 2013 677 qui-

429 687 531 740 bus
591 687 902 743 conllantur
971 706 1119 745 arma
1157 734 1173 759 ,
1242 694 1444 763 quibus
1473 706 1749 752 acuuntur
1804 700 2008 768 gladii,

428 785 651 848 propter
707 795 846 849 quas
884 782 1103 851 cognati
1162 785 1417 854 ignorant
1467 793 1717 840 naturam
1763 807 1775 840 :
1813 786 2011 843 fratres

428 870 605 924 oculis
658 872 862 926 eadem
920 874 1258 942 spirantibus
1321 891 1443 931 sese
1505 876 1736 933 invicem
1788 880 2011 950 conSpi-

427 962 617 1016 ciunt?
658 964 791 1030 Quis
825 972 911 1019 cst
953 966 1230 1023 mendacii
1270 969 1468 1037 pater?
1502 970 1625 1039 quis
1666 969 1817 1025 falsa
1873 974 2013 1027 scri-

427 1061 600 1122 ptura
659 1055 895 1125 opifex?
952 1058 1078 1127 quis
1111 1075 1311 1130 parens
1368 1061 1644 1130 perjurii?
1695 1062 1888 1119 Nonne
1930 1065 2011 1120 di-

428 1148 620 1203 vitia?
670 1166 851 1205 nonne
916 1167 1107 1208 earum
1176 1154 1468 1208 studium?
1549 1154 1687 1222 Quid
1731 1156 1934 1221 facitis,
1978 1175 2013 1213 o

426 1241 719 1297 homines?
749 1245 874 1312 quis
910 1246 1066 1300 vobis
1090 1285 1104 1310 ,
1141 1261 1261 1316 qua
1290 1253 1472 1301 vestra
1508 1256 1661 1311 sunt,
1694 1248 1747 1302 in
1780 1248 2011 1305 insidias

425 1334 626 1389 vertit?
653 1336 814 1390 Absit
854 1338 999 1392 enim
1053 1346 1112 1392 ut
1141 1338 1388 1408 pecunia
1435 1338 1577 1393 datae
1628 1341 1741 1395 sint
1782 1339 1849 1394 ad
1892 1357 2011 1394 ma-

424 1427 603 1482 lorum
633 1428 1073 1485 incitamentum.
1118 1428 1441 1499 Redemptio
1490 1439 1620 1485 sunt
1654 1432 1868 1487 anima.
1904 1433 2014 1485 Ab-

424 1518 499 1574 sit
547 1519 696 1574 enim
749 1527 811 1574 ut
842 1521 1063 1574 occasio
1109 1521 1221 1573 sint
1247 1520 1419 1575 exitii.
1466 1521 1543 1591 (l)
1599 1522 1812 1577 Etenim
1846 1523 1892 1577 si
1932 1522 2015 1574 di-

425 1611 570 1665 vitia
622 1611 958 1666 adminicula
990 1619 1120 1667 sunt
1157 1612 1225 1666 ad
1282 1614 1606 1683 injustitiam
1633 1653 1648 1678 ,
1684 1614 2014 1671 miserabilis

424 1712 509 1759 est
561 1703 715 1758 dives
759 1720 773 1756 :
812 1705 896 1760 sin
934 1714 1114 1759 autem
1157 1705 1467 1760 inserviunt
1509 1706 1700 1760 virtuti
1761 1708 2015 1761 excolen-

2113 516 2426 589 ἄγκιστρον,
2477 519 2539 572 τὺ
2588 520 2690 591 τῆς
2744 523 3018 593 ἁμαρτίας
3074 523 3294 595 δέλεαρ;
3348 525 3480 589 Ἕως
3526 530 3630 581 πότε

2113 608 2363 674 πλοῦτος,
2410 612 2442 682 ἡ
2487 610 2580 663 τοῦ
2617 611 2855 684 πολέμου
2902 613 3177 678 ὑπόθεσις,
3222 615 3291 668 δι’
3321 614 3379 669 ὃν
3418 617 3633 674 emam:

2113 702 2276 772 ξίφη,
2333 700 2400 754 δι’
2452 701 2510 755 ὃν
2557 707 2839 771 συγγενεῖς
2886 705 3139 773 ἀγνοοῦσι
3187 707 3286 778 τὴν
3338 708 3512 776 φύσιν,
3561 712 3633 763 καὶ

2113 794 2334 864 ἀδελφοὶ
2381 797 2500 849 κατ’
2540 796 2782 868 ἀλλήλων
2825 800 3039 867 φονικὸν
3075 798 3363 868 βλέπουσι;
3405 802 3491 864 Τίς
3520 803 3634 856 ἐστιν

2111 886 2140 937 6
2170 883 2401 954 ψεύδους
2433 887 2650 957 πατήρ;
2686 887 2769 950 τίς
2795 890 2823 940 6
2855 888 3294 959 πλαστογραφίας
3321 888 3634 960 δημιουργός;

2112 977 2195 1040 τίς
2225 978 2254 1030 ὁ
2284 976 2380 1047 τὴν
2413 977 2698 1047 ἐπιορκίαν
2728 980 2991 1048 γεννήσας
3017 995 3031 1044 ;
3075 979 3184 1050 Ούχ
3222 981 3253 1032 6
3283 980 3527 1045 πλοῦτος;
3564 984 3640 1053 οὐχ

2112 1072 2145 1139 ὴ
2197 1071 2326 1140 περὶ
2357 1070 2545 1125 τοῦτον
2598 1072 2837 1142 σπουδή;
2894 1072 2958 1124 Τί
2994 1072 3251 1143 πάσχετε,
3304 1067 3348 1126 ὧ
3387 1074 3637 1146 ἄνθρωποι,

2113 1161 2196 1224 τίς
2226 1162 2353 1231 ὑμῖν
2398 1158 2468 1214 τὰ
2501 1161 2743 1233 ὑμέτερα
2786 1166 2866 1226 είς
2911 1164 3011 1233 τὴν
3050 1165 3171 1217 καθ’
3200 1164 3355 1234 ὑμῶν
3396 1165 3641 1236 ἐπιϐουλὴν

2113 1252 2509 1324 περιέστρεψες
2558 1253 2649 1326 Μὴ
2693 1255 2803 1327 γὰρ
2830 1256 3016 1325 ἐφόδια
3038 1256 3225 1311 κακῶν
3270 1257 3421 1328 ἐδόθη
3456 1259 3515 1311 τὰ
3534 1260 3642 1329 χρή-

2117 1362 2285 1415 ματα,
2315 1345 2508 1417 λύτρον
2543 1345 2756 1418 ψυχῆς
2799 1348 2873 1418 μὴ
2910 1350 3018 1419 γὰρ
3046 1349 3269 1420 ἀφορμὴ
3299 1348 3577 1413 ἀπωλείας
3608 1352 3645 1402 εί

2117 1437 2215 1507 μὲν
2247 1438 2356 1509 γὰρ
2382 1438 2589 1507 ἐφόδιον
2621 1437 2757 1509 πρὸς
2784 1439 2996 1493 ἀδικίαν
3026 1443 3053 1494 6
3096 1440 3347 1507 πλοῦτος,
3393 1440 3593 1502 ἐλεεινὸς
3623 1441 3645 1493 ό

2114 1528 2392 1583 πλουτῶν
2433 1531 2483 1582 εί
2536 1530 2592 1583 δὲ
2639 1531 2917 1603 ὑπηρεσία
2964 1532 3097 1602 πρὸς
3150 1531 3374 1604 ἀρετὴν,
3425 1532 3515 1584 οὐκ
3560 1531 3645 1600 ἔχει

2115 1616 2296 1690 χώραν
2324 1621 2357 1689 ἡ
2405 1618 2693 1689 βασκανία,
2737 1622 2924 1691 κοινῆς
2954 1625 3052 1693 τῆς
3090 1623 3186 1676 ἀπ’
3220 1620 3388 1676 αὐτοῦ
3427 1621 3647 1690 ὠφελείας

2115 1706 2286 1761 ἆπασι
2324 1708 2710 1779 προκειμένης.
2750 1709 2850 1763 Διά
2891 1710 3050 1764 τοῦτο
3093 1714 3365 1782 προσήκει
3393 1712 3574 1765 ἀπόντα
3601 1728 3646 1764 τε

424 1796 507 1851 da
540 1836 555 1861 ,
612 1797 797 1851 nullus
843 1805 928 1853 est
982 1798 1137 1853 locus
1172 1798 1395 1853 invidia
1425 1840 1441 1865 ,
1475 1813 1599 1853 cum
1630 1812 1821 1852 earum
1859 1813 2010 1852 com-

2118 1797 2190 1868 μὴ
2219 1797 2402 1852 ποθεῖν
2429 1799 2523 1852 τὸν
2555 1800 2804 1867 πλοῦτον,
2836 1802 2931 1854 καὶ
2957 1803 3243 1873 παρόντος,
3287 1803 3361 1873 μὴ
3391 1803 3465 1873 τῷ
3491 1804 3649 1873 κεκτῆ-

424 1890 610 1945 munis
659 1891 867 1945 utilitas
922 1891 1179 1946 omnibus
1210 1898 1570 1961 proponatur.
1603 1890 1679 1962 (2)
1714 1888 2009 1959 Propterea

2118 1888 2235 1942 σθαι
2259 1889 2458 1960 μᾶλλον
2481 1894 2716 1962 φρονεῖν,
2747 1892 2779 1962 ἢ
2810 1891 2889 1963 τῷ
2919 1893 3117 1947 είδέναι
3146 1895 3311 1947 αὑτὸν
3343 1894 3645 1948 διατίθεσθαι.

425 1996 525 2053 par
554 1990 641 2038 est
680 1984 937 2039 absentes
976 1998 1088 2038 non
1127 1983 1447 2039 desiderare
1506 1983 1767 2049 divitias;
1802 1983 1848 2036 si
1882 1996 2011 2036 vero

2118 1980 2184 2033 Τὸ
2214 1982 2322 2054 γὰρ
2346 1982 2439 2036 τοῦ
2468 1984 2792 2056 Σωκράτους
2812 1982 2873 2039 εὖ
2901 1985 3013 2056 ἔχει
3033 2005 3047 2018 ο
3080 1986 3159 2051 ὃς,
3192 1988 3343 2058 μέγα
3372 1986 3648 2057 φρονοῦντος

424 2075 612 2129 adsint
643 2116 658 2139 ,
710 2092 822 2130 non
856 2076 1033 2147 magis
1068 2077 1314 2148 ipsarum
1344 2076 1699 2146 possessione
1736 2073 1959 2146 gloriari
1995 2115 2010 2139 ,

425 2184 589 2239 quam
644 2167 877 2224 scientia
910 2168 1131 2224 easdem
1162 2167 1539 2238 dispensandi.
1602 2164 1738 2220 Nam
1785 2165 2010 2235 pracla-

426 2275 549 2313 rum
577 2267 664 2314 est
692 2259 827 2314 illud
874 2257 1121 2316 Socratis
1146 2301 1162 2326 ,
1193 2260 1287 2329 qui
1340 2258 1563 2314 divitem
1603 2256 1894 2329 quemdam
1923 2256 2011 2309 vi-

427 2364 550 2403 rum
610 2364 940 2420 magnopere
1007 2348 1076 2405 de
1131 2350 1381 2420 pecuniis
1431 2348 1842 2420 superbientem
1902 2361 2012 2400 non

426 2442 587 2510 prius
619 2441 1017 2496 admiraturum
1060 2457 1120 2497 se
1154 2442 1328 2505 dixit,
1371 2456 1537 2512 quam
1579 2440 1696 2511 ipsa
1731 2439 1813 2493 rei
1848 2452 2015 2506 expe-

426 2532 626 2587 rientia
656 2532 945 2589 didicisset
980 2548 1107 2589 eum
1160 2533 1229 2588 iis
1255 2533 1333 2587 uti
1366 2547 1551 2588 nosse.
1588 2532 1667 2601 (5)
1701 2529 1837 2583 Nam
1874 2529 2014 2583 divi-

426 2621 515 2676 tia
544 2637 608 2677 ac
645 2623 791 2678 bona
835 2623 1091 2679 valetudo
1146 2638 1526 2694 saepenumero
1582 2620 1790 2693 peccati
1840 2619 2015 2673 admi-

428 2719 629 2775 nistra.
652 2727 780 2774 sunt
809 2760 824 2785 ,
877 2719 963 2775 his
1007 2720 1101 2790 qui
1148 2721 1343 2774 horum
1427 2729 1658 2789 utroque
1714 2717 2037 2771 abutuntur.

426 2812 577 2866 omni
612 2811 755 2883 apud
783 2814 1059 2883 sapientes
1095 2813 1410 2885 pretiosior.

499 2904 707 2976 4954
724 2905 821 2977 .(5)
848 2906 955 2961 Sed
967 2907 1163 2962 horum
1189 2907 1325 2962 nihil
1344 2906 1728 2977 unusquisque
1751 2911 2009 2960 nostrum

429 2998 674 3067 cogitat;
715 3014 904 3052 verum
933 2999 1207 3053 hominem
1249 2999 1440 3055 videns
1488 2999 1817 3054 necessitate
1858 3010 2010 3065 pres—

2110 2073 2368 2127 πλουσίου
2396 2074 2588 2147 ἀνδρὸς
2616 2077 2708 2129 ἐπὶ
2732 2080 2845 2142 τοῖς
2868 2080 3165 2150 χρήμασιν,
3197 2080 3262 2132 οὐ
3300 2082 3548 2152 πρότερον
3572 2081 3649 2133 αὖα

2107 2164 2201 2219 τὸν
2236 2165 2538 2239 θαυμάσειν
2574 2169 2702 2241 ἔφη,
2732 2171 2860 2242 πρὶν
2891 2173 2956 2224 ἂν
3000 2173 3092 2225 καὶ
3118 2173 3200 2226 ὅτι
3237 2171 3525 2244 κεχρῆσθαι
3552 2171 3648 2225 τού-

2108 2272 2223 2320 τοις
2271 2258 2561 2313 ἐπίσταται
2606 2262 2954 2334 πειραθῆναι.
3006 2264 3065 2317 '0
3111 2265 3222 2336 γάρ
3265 2264 3490 2329 πλοῦτος
3526 2266 3648 2335 καὶὴ

2112 2348 2311 2417 ὑγίεια,
2344 2353 2621 2424 ὑπηρεσία
2652 2355 2914 2419 πολλάκις
2955 2355 3089 2427 πρὸς
3132 2357 3411 2428 ἁμαρτίαν
3452 2360 3551 2421 τοῖς
3578 2376 3649 2410 κα-

2111 2441 2224 2507 κῶς
2275 2447 2578 2515 χρωμένοις
2628 2446 2832 2501 τούτων
2885 2448 3098 2519 ἑκάστῳ
3146 2450 3384 2518 γίνεται.
3433 2450 3578 2502 Πενία
3609 2451 3650 2503 ἃ

2116 2533 2255 2604 μετὰ
2285 2535 2545 2606 ἀληθείας
2588 2538 2688 2610 (6),
2721 2541 2902 2612 πάσης
2936 2541 3293 2606 ἀπολαύσεως
3334 2546 3444 2604 τοῖς
3477 2558 3650 2613 σωφρο-

2112 2620 2264 2676 νοῦσι
2295 2627 2619 2697 τιμιωτέρα.

2114 2717 2191 2789 (4)
2240 2717 2546 2791 Paupertas
2601 2732 2784 2779 autem
2835 2741 2962 2781 cum
3029 2728 3264 2784 veritate
3289 2770 3306 2795 ,
3344 2728 3651 2800 possessione

2188 2900 2242 2957 4.
2296 2903 2438 2958 Ἀλλ’
2466 2905 2617 2960 οὐδὲν
2656 2907 2860 2961 τούτων
2890 2908 3115 2973 ἕκαστος
3140 2909 3302 2981 ὑμῶν
3340 2913 3532 2964 ἐννοεί·
3566 2910 3650 2964 ἀλλ’

2115 2993 2262 3067 ὁρῶν
2287 2996 2391 3050 ὑπὸ
2422 2998 2519 3067 τῆς
2547 3000 2790 3071 ἀνάγκης
2817 3001 2987 3071 ἄνδρα
3017 3003 3650 3074 κατακαμπτόμενον,πρὲ

431 3104 576 3155 sum,
627 3089 861 3159 genibus
911 3090 1258 3159 provolutum
1303 3105 1368 3145 ac
1428 3090 1728 3160 supplicem
1756 3128 1772 3152 ,
1812 3086 2008 3158 ecquid

2118 3089 2222 3143 τῶν
2263 3091 2507 3159 γονάτων
2540 3094 2870 3157 ἱκετεύοντα,
2913 3096 2965 3147 τί
3012 3097 3074 3148 οὐ
3116 3095 3381 3149 ποιοῦντα
3426 3096 3650 3159 ταπεινὸν,

431 3197 543 3236 non
589 3182 791 3238 humile
854 3182 1191 3249 facientem,
1244 3192 1306 3237 ut
1347 3183 1432 3237 vel
1491 3183 1678 3238 fenore
1728 3181 2012 3235 medeatur

431 3275 631 3344 inopia
662 3315 677 3340 ,
731 3283 1051 3330 nontamen
1099 3277 1219 3344 ejus
1269 3275 1560 3331 miseretur
1605 3275 1838 3329 adversa
1874 3288 2015 3343 pra-

434 3374 523 3419 ter
554 3367 810 3421 meritum
861 3366 1082 3420 fortuna
1127 3365 1370 3432 utentis;
1410 3366 1505 3420 sed
1534 3363 1845 3420 inﬂexibilis
1878 3369 2010 3429 stat,

433 3466 488 3513 et
519 3457 881 3526 implacabilis
908 3498 923 3523 ,
963 3456 1115 3528 jurat
1137 3499 1152 3521 ,
1186 3472 1251 3512 ac
1280 3458 1386 3513 sibi
1426 3458 1567 3513 male
1613 3465 1870 3527 precatur
1904 3455 2012 3510 nisi

433 3566 665 3622 prorsus
703 3551 966 3623 indigeat,
1013 3565 1078 3606 ac
1108 3551 1224 3621 ipse
1252 3552 1417 3606 etiam
1446 3548 1853 3618 circumspiciat
1879 3561 2009 3601 num

432 3661 597 3716 quem
651 3655 848 3700 mutuo
892 3645 1112 3701 dantem
1156 3644 1441 3711 inveniat,
1484 3657 1549 3697 ac
1613 3642 1774 3697 ﬁdem
1804 3640 2012 3695 iaciens

430 3738 718 3793 mendacio
766 3754 863 3808 per
907 3738 1219 3808 juramenta
1246 3779 1259 3802 ,
1304 3738 1603 3807 perjurium
1648 3751 1747 3790 ceu
1809 3733 2010 3788 malum

431 3830 725 3899 quemdam
757 3840 811 3885 et
861 3831 1218 3886 advenlitium
1281 3830 1702 3885 inhumanitatis
1740 3836 2008 3900 quaestum

432 3922 688 3992 acquirit.
747 3921 853 3978 Sed
887 3924 979 3979 ubi
1025 3925 1118 3993 qui
1159 3933 1408 3977 mutuum
1467 3923 1702 3992 quarit,
1762 3920 2011 3976 meminit

432 4015 663 4079 fenoris,
705 4022 759 4073 et
792 4033 989 4073 nomen
1020 4017 1264 4089 pignoris
1296 4013 1563 4088 protulit,
1592 4024 1722 4071 tunc
1768 4015 2010 4070 demisso

434 4107 728 4176 supercilio
783 4108 1060 4175 subridet,
1117 4119 1279 4178 atque
1335 4115 1575 4178 paterna
1625 4107 1879 4162 amicitia
1925 4121 2009 4162 re-

434 4196 599 4252 fricat
646 4201 1008 4265 memoriam,
1060 4216 1125 4255 ac
1171 4200 1496 4256 familiarem
1540 4208 1594 4255 et
1637 4200 1873 4254 amicum
1922 4215 2013 4269 ap-

431 4293 618 4362 pellat.
675 4293 741 4347 Et
796 4294 1135 4361 videbimus,
1192 4293 1409 4364 inquit,
1470 4293 1648 4349 sicubi
1711 4293 2007 4364 quidquam

432 4385 766 4439 recondatur
802 4385 1011 4456 argenti
1057 4385 1200 4454 apud
1258 4401 1380 4441 nos.
1448 4383 1762 4455 Depositum
1822 4384 2011 4452 utique

2122 3183 2209 3236 ἵνα
2251 3184 2355 3237 κᾶν
2396 3185 2592 3256 δανείῳ
2635 3186 2733 3258 τὴν
2778 3188 3011 3259 ἀπορίαν
3062 3190 3541 3261 παραμυθήσηται,
3579 3189 3650 3242 οὐκ

2120 3272 2260 3326 ἐλεεῖ
2293 3277 2425 3346 παρ’
2461 3273 2618 3339 ἀξίαν
2659 3277 2965 3348 πράττοντα
2987 3295 2999 3307 ·
3028 3279 3141 3332 ἀλλ’
3167 3279 3463 3351 ἄκαμπτος
3496 3280 3651 3349 ἕστηκε

2119 3368 2214 3421 καὶ
2246 3369 2582 3440 ἀμείλικτος,
2611 3369 2973 3443 ὲξομνύμενος
2992 3375 3084 3427 καὶ
3106 3373 3464 3445 ἐπαρώμενος
3495 3371 3651 3443 ἐαυτῷ,

2116 3455 2152 3530 ἦ
2183 3459 2289 3532 μὴν
2312 3462 2538 3534 ἀπορεῖν
2561 3464 2840 3529 παντελῶς
2880 3467 2975 3518 καὶ
3010 3470 3370 3537 περισκοπεῖν
3399 3467 3486 3520 καὶ
3512 3464 3651 3529 αὐτὸς,

2119 3553 2171 3605 εί
2203 3570 2326 3607 τινα
2360 3554 2510 3626 εὖροι
2547 3555 2658 3610 τῶν
2690 3556 3064 3622 δανειζόντων,
3104 3558 3198 3611 καὶ
3237 3558 3581 3631 πιστούμενος
3610 3554 3654 3609 τὸ

2116 3641 2313 3711 ψεῦδος
2364 3644 2454 3699 διὰ
2502 3645 2609 3699 τῶν
2655 3647 2853 3718 ὅρκων,
2901 3649 3066 3701 κακὸν
3109 3652 3547 3722 παρεμπόρευμα
3582 3648 3652 3717 τῆς

2119 3736 2518 3810 ἀπανθρωπίας
2543 3739 2642 3811 τὴν
2673 3740 2958 3812 ἐπιορκίαν
2980 3743 3486 3813 προσκτησάμενος.
3520 3741 3655 3793 Ἐπει-

2117 3827 2214 3881 δάν
2243 3828 2300 3882 δὲ
2326 3831 2355 3882 6
2393 3829 2573 3901 ζητῶν
2607 3830 2669 3884 τὺ
2709 3832 2936 3899 δάνειον,
2965 3835 3140 3887 τόκων
3170 3836 3411 3906 μνησθῇ.
3443 3836 3529 3888 καὶ
3552 3834 3653 3886 ὐπο-

2118 3920 2292 3991 θήκας
2317 3922 2589 3996 ὀνομάσῃ⁶
2625 3925 2748 3978 τότε
2789 3925 3112 3980 καταϐαλὼν
3137 3926 3237 3998 τὴν
3278 3929 3471 4001 ὀφρὺν,
3496 3941 3653 3999 προσε-

2122 4013 2387 4083 μειδίασε,
2418 4016 2512 4068 καί
2542 4033 2643 4070 που
2677 4018 2771 4070 καὶ
2811 4018 3069 4089 πατρῴας
3095 4019 3279 4089 φιλίας
3304 4019 3558 4091 ἐμνήσθη.
3585 4019 3655 4071 καὶ

2120 4105 2324 4176 συνήθη
2373 4101 2516 4173 εἶπε,
2565 4109 2658 4161 καὶ
2697 4106 2881 4177 φίλον·
2929 4109 3025 4162 καὶ
3086 4109 3367 4180 ὀψόμεθα,
3402 4110 3569 4181 φησὶν,
3597 4104 3655 4159 εἴ·

2117 4214 2222 4250 που
2252 4197 2305 4251 τί
2340 4198 2487 4253 ἐστιν
2533 4200 2663 4269 ἡμῖν
2703 4198 3062 4270 ἀποκείμενον
3107 4199 3398 4272 ἀργύριον.
3445 4200 3582 4252 Ἔστι
3612 4195 3653 4247 δὲ

2117 4292 2559 4365 παρακαταθήκη
2601 4292 2756 4362 φίλου
2783 4293 2973 4363 ἀνδρὸς
3007 4292 3092 4346 ἐπ’
3118 4292 3355 4364 ἐργασία
3383 4285 3656 4362 παραθεμέ-

2116 4402 2208 4440 νου
2250 4388 2404 4457 ἡμῖν.
2468 4385 2607 4438 Ἀλλ’
2653 4385 2859 4447 ἐκεῖνος
2909 4383 3009 4455 μὲν
3058 4383 3246 4454 βαρεῖς
3282 4386 3340 4436 ὲν
3384 4380 3525 4451 αὐτῷ
3558 4377 3655 4435 τοὺς

429 4477 517 4531 vir
553 4477 765 4533 amicus
813 4478 973 4532 nobis
1037 4485 1285 4548 quastus
1340 4493 1471 4548 ergo
1510 4475 1868 4532 concredidit.
1905 4474 2009 4530 Ve-

2118 4478 2307 4542 τόκους
2352 4477 2581 4550 ὥρισεν·
2633 4479 2796 4547 ἡμεῖς
2837 4477 2895 4530 δὲ
2952 4476 3170 4538 πάντως
3222 4473 3557 4545 ὲπανήσομέν
3596 4485 3651 4528 τι.

429 4585 554 4624 rum
622 4571 713 4625 ille
761 4587 954 4641 graves
1018 4586 1216 4626 usuras
1269 4581 1471 4626 mutua.
1513 4569 1757 4640 pecunia
1803 4567 2010 4638 exigit:

432 4662 528 4718 sed
574 4679 678 4719 nos
728 4662 974 4734 profecto
1018 4663 1226 4735 aliquid
1266 4664 1651 4726 remittemus,
1704 4668 1759 4718 ει
1813 4661 2015 4715 minori

429 4757 611 4812 daturi
664 4774 857 4813 sumus
914 4758 1121 4813 fenore.
1172 4756 1325 4811 Talia
1386 4755 1747 4826 conﬁngens,
1802 4754 2017 4810 verbis-

429 4862 537 4915 que
569 4847 841 4917 ejusmodi
878 4847 1157 4903 blanditus
1188 4846 1391 4902 misero
1425 4861 1490 4900 ac
1515 4846 1891 4909 lenocinatus,
1922 4844 2014 4898 ubi

431 4940 585 4993 illum
629 4939 956 5011 syngraphis
1012 4940 1358 5002 obstrinxit,
1428 4947 1593 5009 atque
1622 4980 1636 5003 ,
1683 4947 1879 5010 prater
1922 4956 2015 4995 ur-

431 5040 649 5099 gentem
688 5031 968 5102 inopiam,
1023 5032 1330 5087 lihertatem
1381 5031 1546 5087 etiam
1592 5032 1711 5086 viro
1749 5032 2011 5091 abstulit.

429 5122 565 5177 abit.
610 5122 755 5188 Quid
807 5124 955 5194 agis,
1022 5124 1234 5179 miser?
1285 5116 1618 5194 pecuniasne
1643 5130 1699 5178 et
1745 5131 2013 5193 quastum

431 5215 501 5271 ab
574 5216 855 5287 indigente
904 5216 1208 5287 postulas?
1280 5214 1338 5271 Si
1391 5225 1442 5272 te
1504 5216 1756 5271 ditiorem
1832 5222 2014 5272 nosset

504 5462 579 5538 (ί)
614 5462 692 5538 ξι
722 5462 873 5518 hom.
901 5463 977 5538 De
1004 5464 1344 5538 in_vidia._r96_.

503 5533 581 5607 (ἓξ)
620 5533 695 5607 Ex
730 5548 896 5607 serm.
930 5533 1013 5607 ‘De
1043 5535 1457 5607 (egendistibris
1481 5537 1779 5607 gentilium,
1814 5536 1932 5592 185.

504 5606 581 5672 (5)
622 5602 700 5657 Et
735 5605 883 5658 hom.
922 5605 976 5657 iu
1002 5602 1143 5673 ρειαί.
1178 5621 1215 5667 ι,
1248 5605 1340 5660 92.

502 5674 579 5743 (4)
614 5673 692 5726 Ex
730 5674 877 5727 hom.
911 5688 986 5727 vn
1017 5675 1072 5727 in
1104 5674 1385 5740 "exuam,
1427 5676 1514 5733 65,

506 5745 582 5816 (5)
614 5744 693 5798 Ex
722 5744 870 5800 hom.
900 5744 953 5797 in
974 5759 1055 5813 ps.
1088 5761 1197 5813 xw,
1229 5745 1350 5801 107.

2117 4570 2210 4623 καὶ
2239 4570 2484 4623 ἐλάττοσι
2509 4569 2685 4632 τόκοις
2714 4569 2976 4640 δώσομεν.
3006 4567 3243 4622 Τοιαῦτα
3275 4578 3651 4636 κατασχηματιο

2117 4662 2360 4732 ζόμενος,
2389 4662 2481 4714 καὶ
2503 4662 2763 4724 τοιούτοις
2786 4661 2967 4729 λόγοις
2987 4660 3290 4714 ὑποσαίνων
3315 4661 3411 4714 καί
3429 4652 3653 4716 δελεάζων

2115 4754 2206 4808 τὸν
2239 4753 2441 4819 ἄθλιον,
2474 4753 2874 4826 γραμματείοις
2898 4752 3058 4807 αὐτὸν
3084 4750 3550 4822 προσκαταδήσας,
3584 4743 3653 4798 καὶ

2115 4845 2251 4917 πρὸς
2280 4847 2346 4915 τῇ
2394 4843 2774 4914 καταπονούσῃ
2809 4842 2967 4914 πενίᾳ
2995 4843 3076 4895 ἔτι
3104 4842 3198 4895 καὶ
3243 4840 3341 4912 τὴν
3381 4835 3653 4907 ἐλευθερίαν

2114 4937 2209 4991 τοῦ
2242 4937 2435 5009 ἀνδρὸς
2459 4935 2791 5008 ἀφελόμενος
2818 4935 3009 5007 ᾤχετο.
3040 4935 3104 4988 Τί
3134 4937 3327 4999 ποιεῖς,
3352 4934 3526 4996 sane;
3546 4928 3651 5000 χρή-

2120 5048 2262 5101 ματα
2311 5030 2404 5084 καὶ
2452 5031 2652 5101 πόρους
2692 5029 2968 5100 ἐπιζητεῖς
3009 5028 3161 5101 παρά
3198 5028 3294 5081 τοῦ
3331 5027 3562 5098 ἀπόρου;
3604 5022 3649 5074 Εἰ

2115 5118 2511 5190 πλουσιώτερόν
2554 5136 2613 5171 σε
2659 5118 2735 5190 (7)
2777 5119 3098 5188 ἀποφαίνειν
3141 5118 3381 5181 ἐδύνατο,
3412 5117 3464 5170 τί
3505 5116 3650 5185 ἐζήτει

2115 5213 2265 5284 παρά
2310 5211 2412 5275 τὰς
2440 5210 2610 5285 θύρας
2648 5210 2747 5274 τὰς
2791 5212 2923 5277 adq;
2949 5212 3012 5264 Ὢ
3052 5210 3150 5280 τῆς
3192 5210 3506 5282 συμφορᾶςε
3556 5204 3652 5259 Ἐπὶ

2186 5461 2264 5535 (6)
2301 5461 2465 5535 Μετὰ
2501 5455 3063 5535 dﬁndeiag._Legitur
3102 5456 3157 5509 in
3187 5461 3446 5509 contextu
3495 5446 3649 5535 hasilii

2117 5528 2255 5603 μετᾶ
2282 5530 2614 5603 αὐταρκείας
2641 5528 2895 5600 ἀληθοῦς,
2923 5543 3043 5580 cum
3070 5542 3249 5581 rerum
3270 5528 3649 5581 necessariarum

2113 5620 2743 5749 ῗέῗθῗοιζλουσιώτερρας
2761 5686 2855 5725 σε.
2893 5669 2982 5749 Sic
3012 5666 3198 5749 _Basili_i
3232 5671 3649 5749 contextusntu'e-

2114 5735 2220 5802 lius
2238 5735 2408 5805 inulto
2434 5760 2597 5816 quam
2615 5735 2745 5800 editi
2776 5742 2950 5800 nostri
2970 5735 3360 5810 πλουσιώτερόν
3386 5751 3475 5789 σου
3491 5735 3645 5787 αὐτόν.
