3874 6224
228 314 361 369 1175

1064 314 1298 373 SERMO
1339 317 1402 372 ν.
1440 346 1515 362 -
1551 315 1639 372 DE
1676 318 1953 374 DlVlTllS
1992 317 2077 372 ET
2116 311 2596 371 PAUPERTATE.

3329 309 3469 359 “'14

226 423 545 495 συμμαχίαν
593 424 763 479 ἐλθὼν
828 425 1081 497 πολέμιον
1133 422 1320 501 εὗρενο
1376 431 1796 503 ἀλεξιφάρμακα

1907 432 2169 498 reddere,
2221 428 2353 501 quid
2406 427 2474 482 ad
2526 434 2651 482 tuas
2707 438 2908 495 Januas
2968 420 3368 493 quaesivisset?
3424 418 3469 473 0

230 511 560 583 περιζητῶν,
593 512 940 586 δηλητηρίοις
964 517 1294 589 (ηιένέτυχε.
1314 520 1442 574 Δέον
1456 520 1793 592 παραμυθεῖ-

229 600 351 653 σθαι
393 600 486 655 τοῦ
529 601 719 673 ἀνδρὸς
749 602 847 676 τὴν
889 606 1180 676 πτωχείαν,
1230 608 1294 662 σὺ
1326 608 1384 662 δὲ
1428 609 1796 664 πολυπλασιά-

225 690 339 755 ζεις
384 690 486 761 τὴν
531 690 769 746 ἔνδειανο
827 692 1012 768 ῶσπερ
1058 694 1123 749 ἂν
1175 695 1229 749 εἰ
1273 715 1357 763 τις
1416 698 1612 770 ἰατρῶν
1659 700 1797 771 πρὸς

225 782 532 853 κάμνοντας
560 782 765 849 είσιὼν,
792 785 914 839 ἀντὶ
934 784 1025 839 τοῦ
1048 788 1128 851 είς
1167 787 1375 857 ὑγίειαν
1403 790 1597 853 αὐτοὺς
1629 792 1796 846 ἐπαν-

224 876 450 942 αγαγεῖν
472 914 489 941 ,
535 876 565 927 6
607 874 665 927 δὲ
710 876 805 928 καὶ⁹
857 876 918 928 τὸ
963 878 1160 948 μικρὸν
1205 876 1455 948 λείψανον
1493 880 1596 950 τῆς
1639 880 1798 935 δυνά-

232 982 379 1036 μεως
426 966 838 1036 προσαφέλοιτο.
883 969 995 1023 Καὶ
1042 970 1105 1023 σὺ
1152 971 1330 1025 τοίνυν
1366 971 1465 1036 τὰς
1513 973 1798 1044 συμφορὰς

226 1055 338 1110 τῶν
366 1056 585 1125 ἀθλίων,
628 1060 882 1132 ἀφορμὴν
922 1063 1103 1136 πόρων
1164 1066 1324 1135 ποιῇ·
1378 1063 1473 1117 καὶ
1515 1063 1702 1136 ὥσπερ
1746 1067 1796 1118 οἱ

227 1148 470 1219 γεωργοὶ
516 1149 758 1220 ὄμϐρους
791 1150 1036 1221 εὔχονται
1067 1150 1148 1217 είς
1185 1153 1662 1227 πολυαπλασιασμόν
1689 1155 1797 1211 τῶν

229 1240 583 1311 σπερμάτων,
616 1240 759 1295 οὕτω
801 1243 897 1295 καὶ
932 1244 995 1296 σὺ
1026 1243 1233 1307 ἐνδείας
1273 1245 1367 1298 καὶ
1416 1246 1649 1315 ἀπορίας
1699 1246 1798 1298 ἀνο

226 1328 466 1403 θρὼπων
495 1330 792 1403 ἐπιζητεῖς,
848 1334 933 1387 ἴνα
970 1333 1064 1387 καὶ
1094 1335 1176 1387 σοὶ
1220 1335 1418 1407 ἐνεργά
1445 1334 1514 1389 τὰ
1539 1337 1798 1409 χρήματα

224 1417 478 1490 γένηται.

301 1596 355 1654 5.
395 1598 505 1651 Καὶ
533 1600 562 1652 6
611 1598 710 1670 μὲν
754 1598 931 1671 ζητῶν
962 1601 1023 1655 τὺ
1067 1602 1347 1675 δάνεισμα,
1390 1605 1550 1676 μέσος
1582 1607 1799 1677 ἀμηχα-

224 1688 348 1752 νίας
377 1689 807 1762 ἀπειλημμένος,
832 1693 957 1746 ὄταν
990 1694 1087 1765 μὲν
1108 1696 1243 1768 πρὸς
1272 1697 1369 1768 τὴν
1398 1698 1586 1751 πενίαν
1611 1699 1798 1769 ἀπίδῃ,

224 1779 596 1849 ἀπογινώσκει
628 1783 725 1854 τὴν
758 1783 962 1840 ἔκτισιν
983 1803 997 1817 ·
1044 1787 1171 1841 ὅταν
1203 1788 1258 1842 δὲ
1293 1790 1429 1861 πρὸς
1459 1790 1557 1859 τὴν
1594 1791 1800 1861 παροῦ-
1832 1779 1873 1834 Β

172 1940 179 1949 ⁸
226 1887 331 1926 σαν
379 1873 644 1946 ἀνάγκην,
696 1878 1009 1950 κατατολμᾷ
1059 1878 1153 1933 τοῦ
1192 1881 1563 1953 δανείσματος.
1615 1882 1704 1946 Ὠς
1745 1882 1803 1941 δὲ

224 1958 300 2013 τά
342 1961 440 2031 μὲν
486 1963 745 2034 χρήματα
779 1966 1027 2039 ὑπορρεῖ,
1058 1969 1087 2022 6
1117 1969 1174 2022 δὲ
1210 1969 1399 2042 χρόνος
1441 1969 1646 2042 προϊὼν
1677 1971 1804 2033 τοὺς

225 2051 422 2115 τόκους
468 2055 645 2126 ἑαυτῷ
690 2058 1067 2130 συμπροάγει’
1109 2061 1169 2113 ού
1212 2061 1404 2125 νύκτες
1449 2064 1642 2134 ἐκείνῳ
1676 2064 1804 2119 ἀνάτ-

227 2162 434 2200 παυσιν
462 2147 736 2218 φέρουσιν,
784 2151 882 2221 οὐχ
915 2152 948 2222 ἡ
986 2152 1168 2224 ἡμέρα
1210 2153 1431 2226 φαιδρὰ,
1466 2155 1564 2226 οὐχ
1593 2155 1621 2207 6
1656 2155 1804 2225 ἥλιος

223 2240 462 2311 τερπνός
480 2258 493 2271 ·
522 2241 660 2297 ἀλλά
684 2243 1022 2317 δυσχεραίνει
1057 2247 1148 2302 τὸν
1188 2247 1322 2320 βίον,
1358 2252 1508 2320 μισεῖ
1536 2248 1636 2314 τὰς
1664 2251 1805 2322 ape,-

229 2351 335 2405 ρας
362 2336 498 2406 πρὸς
511 2336 610 2409 τὴν
632 2338 969 2411 προθεσμίαν
986 2342 1367 2414 ἐπειγομένας.
1397 2343 1515 2401 Κᾶν
1540 2344 1802 2421 καθεύδῃ,

226 2425 482 2482 ἐνύπνιον
522 2428 707 2499 βλέπει
739 2431 831 2485 τὸν
880 2432 1183 2504 δανειστὴν,
1221 2435 1390 2495 κακὸν
1434 2436 1581 2509 ὄναρ,
1612 2440 1677 2509 τῇ
1714 2452 1805 2493 κεν-

227 2516 374 2590 φαλῇ
410 2522 815 2591 παριστάμενον
838 2540 853 2555 ·
890 2524 992 2579 κᾶν
1018 2528 1288 2602 γρηγορῇ,
1319 2525 1495 2588 ἔννοια
1535 2529 1685 2601 αὐτῷ
1713 2529 1804 2583 καὶ

227 2614 454 2682 φροντὶς
490 2614 520 2665 6
549 2614 708 2679 τόκος
734 2616 904 2673 ἐστίν.
962 2617 1100 2671 Ἀλλ’
1124 2618 1270 2673 ἔστιν
1314 2621 1487 2679 εἰπεῖν
1530 2622 1625 2681 καὶ
1669 2621 1804 2693 πρὸς

225 2701 325 2755 τὸν
351 2702 728 2775 δανειζόμενον
749 2723 761 2736 ·
791 2706 919 2759 Πίνε
950 2706 1115 2767 ὕδατα
1137 2708 1246 2767 ἀπὸ
1279 2709 1386 2767 σῶν
1412 2711 1672 2784 ἀγγείων,
1712 2711 1805 2766 καὶ

1896 537 2014 575 rem
2094 522 2352 576 miseram
2431 526 2488 573 et
2558 514 2983 571 calamitosam!
3044 510 3207 566 Venit
3281 508 3470 565 subsi-

1897 608 2047 663 dium
2104 623 2354 680 quaerens
2397 623 2410 660 :
2472 607 2566 664 sed
2620 606 2831 662 hostem
2874 602 3122 673 reperit;
3166 599 3470 655 remedium

1897 702 2026 756 dum
2110 701 2454 771 requireret,
2518 700 2574 754 in
2640 711 2848 753 venena
2917 694 3142 750 incidit.
3218 691 3469 746 Ofﬁcium

1898 802 2052 847 tuum
2109 792 2288 847 fuerat
2340 791 2443 846 viri
2492 790 2781 845 sublevare
2825 787 3113 858 inopiam:
3164 790 3221 837 at
3267 791 3327 839 tu
3372 782 3471 835 ad-

1896 900 2064 955 auges
2101 891 2445 955 egestatem;
2505 882 2653 937 velut
2707 880 2757 936 si
2800 878 2926 949 quis
2989 875 3238 932 medicus
3297 886 3473 943 aegro-

1897 983 1984 1030 tos
2035 974 2278 1029 invisens
2312 1012 2328 1039 ,
2380 987 2508 1027 cum
2558 971 2640 1028 eis
2695 970 2893 1025 debeat
2930 968 3223 1022 restituere
3263 963 3473 1019 sanita-

1897 1071 2006 1118 tem
2037 1102 2053 1128 ,
2126 1061 2439 1117 econtrario
2512 1061 2600 1116 vel
2668 1060 2895 1129 exiguas
2946 1057 3150 1111 virium
3208 1053 3472 1123 reliquias

1899 1152 2121 1207 adimat.
2172 1150 2251 1206 Tu
2293 1152 2460 1222 igitur
2488 1150 2815 1205 miserorum
2844 1148 3184 1203 calamitates
3228 1150 3474 1213 quaestus

1897 1246 2245 1301 occasionem
2272 1242 2431 1298 facis.
2463 1241 2530 1296 Et
2558 1242 2699 1297 sicut
2730 1241 2909 1296 coloni
2936 1238 3004 1293 ad
3028 1239 3299 1294 seminum
3339 1236 3474 1289 mul-

1898 1335 2293 1405 tiplicationem
2329 1334 2533 1389 imbres
2575 1341 2833 1403 exoptant
2879 1348 2893 1383 :
2940 1331 3016 1384 ita
3060 1338 3114 1384 et
3170 1339 3228 1383 tu
3258 1336 3474 1398 egesta-

1900 1436 1979 1481 tes
2002 1436 2057 1481 et
2105 1426 2314 1495 inopias
2346 1424 2626 1479 hominum
2673 1432 2829 1493 optas
2858 1461 2873 1488 ,
2925 1420 3022 1475 tibi
3051 1429 3110 1476 ut
3151 1426 3475 1490 quaestuosae

1899 1517 2010 1572 sint
2043 1522 2307 1587 pecuniae.

1971 1609 2026 1663 5.
2069 1609 2149 1663 Αε
2177 1608 2466 1679 pecuniam
2520 1606 2739 1678 quidem
2780 1606 2872 1677 qui
2905 1604 3101 1676 quaerit
3148 1603 3339 1658 fenore
3365 1641 3381 1668 ,
3418 1602 3474 1656 in

1903 1701 2100 1757 mediis
2144 1698 2549 1754 difficultatibus
2582 1698 2944 1763 constitutus,
2976 1712 3102 1751 cum
3142 1694 3367 1764 respicit
3407 1693 3476 1746 ad

1902 1800 2275 1864 paupertatem
2304 1832 2321 1857 ,
2385 1792 2452 1847 de
2509 1792 2783 1847 solutione
2812 1790 3069 1861 desperat
3101 1805 3117 1855 ;
3181 1803 3306 1851 cum
3344 1802 3476 1842 vero

1901 1890 2219 1955 praesentem
2276 1881 2589 1937 considerat
2665 1890 3001 1951 egestatem,
3051 1878 3231 1934 audax
3281 1880 3340 1932 fit
3407 1878 3475 1933 ad

1903 1976 2082 2032 fenus.
2119 1975 2198 2046 (4)
2230 1972 2337 2030 Sed
2366 1989 2489 2029 cum
2530 1974 2732 2029 sensim
2765 1971 3018 2026 difﬂuunt
3040 1970 3306 2041 pecuniaz,
3339 1977 3479 2023 tem-

1901 2084 2115 2139 pusque
2168 2065 2524 2139 progrediens
2578 2081 2797 2131 secum_
2843 2062 3004 2117 fenus
3051 2061 3315 2125 advehit,
3365 2075 3480 2115 non

1904 2169 2094 2219 noctes
2128 2162 2177 2216 ei
2208 2160 2450 2232 requiem
2498 2158 2731 2216 afferunt
2754 2198 2769 2221 ,
2816 2174 2927 2213 non
2966 2157 3083 2213 dies
3122 2154 3314 2210 hilaris
3371 2164 3479 2219 est,

1903 2268 2016 2308 non
2073 2253 2155 2308 sol
2182 2250 2461 2321 jucundus
2490 2289 2506 2315 ,
2559 2248 2655 2305 sed
2704 2249 2869 2302 vitam
2911 2237 3141 2300 moleste
3178 2238 3307 2298 fert.
3354 2240 3481 2297 Odit

1904 2346 2022 2401 dies
2062 2343 2131 2398 ad
2182 2344 2540 2398 constitutum
2582 2349 2799 2410 tempus
2848 2337 3194 2393 festinantes.
3240 2332 3399 2400 Quod
3432 2332 3480 2389 si

1904 2437 2186 2502 dormiat,
2236 2434 2382 2491 videt
2435 2434 2796 2489 feneratorem
2847 2432 2907 2487 in
2957 2429 3167 2485 somnis
3199 2468 3215 2494 ,
3274 2427 3479 2483 malum

1906 2529 2188 2586 somnium
2216 2568 2233 2596 ,
2288 2526 2455 2598 capiti
2507 2532 2777 2582 astantem
2811 2542 2825 2578 :
2871 2523 2918 2580 si
2950 2537 3079 2578 vero
3117 2521 3306 2595 vigilet
3340 2558 3356 2584 ,
3387 2533 3482 2573 co-
3597 2526 3603 2532 ’

1904 2621 2095 2694 gitatio
2117 2619 2168 2676 ei
2216 2626 2270 2674 et
2298 2634 2430 2675 cura
2474 2617 2629 2674 fenus
2675 2626 2778 2672 est.
2813 2615 2890 2687 (5)
2923 2613 3124 2671 Verum
3174 2622 3228 2668 et
3257 2612 3324 2667 ad
3355 2626 3481 2666 eum

1906 2713 2003 2784 qui
2044 2712 2232 2768 fenore
2270 2711 2506 2783 accipit,
2545 2710 2728 2766 dicere
2802 2709 2931 2764 licet
2957 2750 2972 2776 ,
3032 2706 3163 2762 Bibe
3217 2722 3385 2776 aquas
3418 2703 3482 2758 de

229 2792 344 2848 ἀπὸ
390 2794 497 2849 σῶν
531 2797 779 2868 φρεάτων
812 2799 1032 2871 πηγῆςο
1081 2801 1350 2866 τουτέστι,
1406 2801 1482 2874 μὴ
1534 2804 1620 2856 ἐπ’
1653 2803 1808 2858 ἀλλο-

1909 2807 2014 2860 tuis
2048 2806 2187 2860 vasis
2210 2805 2254 2837 °'
2280 2845 2296 2871 ,
2345 2813 2399 2861 et
2435 2805 2503 2860 de
2534 2803 2778 2859 fontibus
2807 2802 2940 2868 tuis,
2972 2801 3077 2856 hoc
3116 2807 3219 2867 est,
3246 2798 3316 2853 ad
3351 2798 3484 2852 alie-

229 2885 399 2957 ιι-ρίας¹
435 2888 620 2959 πηγὰς
662 2888 869 2960 βάδιζε,
918 2891 1031 2951 ἀλλ’
1065 2891 1123 2960 ἐξ
1172 2892 1386 2948 οἰκείων
1414 2894 1644 2949 λιϐάδων
1678 2895 1807 2948 σύν-

1908 2911 2011 2952 nos
2044 2895 2224 2952 fontes
2256 2911 2326 2950 ne
2365 2894 2585 2960 accede,
2619 2893 2713 2949 sed
2740 2909 2804 2948 ex
2830 2892 3068 2962 propriis
3103 2890 3357 2944 laticibus
3387 2886 3484 2941 tibi

232 2996 339 3049 αγε
388 2979 464 3049 (2)
508 2982 719 3055 σεαυτῷ
764 2983 862 3047 τὰς
906 2985 1260 3057 παραμυθίας
1291 2986 1385 3043 τοῦ
1434 2986 1576 3057 βίου.
1624 2989 1807 3059 Ἔχεις

1910 2987 2028 3059 ipse
2057 2987 2180 3042 vitae
2232 2985 2423 3041 solatia
2458 3000 2733 3055 compara.
2776 2983 2955 3039 Habes
3003 2996 3135 3037 vasa
3177 2996 3345 3046 aerea,
3390 2993 3485 3033 vc-

231 3069 844 3151 xakmbpara,_é66ﬁra,
877 3074 1185 3145 ὑποζύγιον,
1238 3077 1407 3150 σκεύη
1456 3078 1802 3147 παντοδαπά;

1913 3088 2052 3134 stem
2078 3117 2093 3142 ,
2132 3076 2440 3147 jumentum
2468 3114 2484 3140 ,
2540 3074 2741 3129 diversi
2793 3073 3006 3145 generis
3040 3070 3434 3142 supellectilem
3463 3068 3487 3122 ’ί

229 3162 409 3217 ταῦτα
460 3164 692 3223 ἀπόδου·
750 3166 925 3220 πάντα
979 3167 1242 3239 προέσθαι
1291 3170 1615 3237 κατάδεξαι,
1667 3172 1807 3245 πλὴν

1911 3168 2037 3225 “me
2102 3170 2322 3225 vende:
2380 3168 2544 3223 induc
2602 3169 2658 3222 in
2697 3168 2939 3222 animum
2985 3167 3169 3221 omnia
3214 3164 3485 3235 projicere

229 3255 337 3326 τῆς
372 3256 701 3332 ἐλευθερίας.
747 3259 886 3314 Ἀλλ’
919 3261 1240 3334 αἰσχύνομαι
1274 3263 1413 3317 αύτά
1444 3263 1806 3336 δημοσιεύειν,

234 3347 393 3418 φησί.
426 3349 491 3403 Τί
511 3347 629 3419 οὖν,
657 3352 738 3406 ὅτι
778 3353 972 3427 μικρὸν
1001 3354 1223 3427 ὕστερον
1253 3356 1409 3422 ἄλλος
1440 3359 1580 3413 αὑτά
1618 3377 1811 3433 προκο-

233 3440 405 3511 μίσει,
453 3443 548 3496 καὶ
579 3444 910 3520 ἀποκηρύξει
967 3448 1035 3503 τὰ
1080 3450 1178 3516 σὰ,
1220 3450 1314 3503 καὶ
1362 3452 1448 3504 ἐπ’
1506 3452 1804 3525 ὀφθαλμοῖς

234 3535 353 3598 σοῖς
397 3537 744 3603 ἐπευωνίζων
803 3541 943 3595 αύτά
1006 3542 1356 3613 διαθήσετσι;
1414 3543 1629 3598 Βέλτιον
1684 3548 1802 3609 ταῖς

230 3625 378 3679 κατά
426 3628 620 3699 μικρὸν
658 3632 921 3697 ἐπινοίαις
966 3633 1065 3706 τὴν
1104 3635 1291 3706 χρείαν
1342 3637 1806 3707 παραμυθεῖσθαι,

230 3717 269 3787 ἢ
304 3716 513 3789 ἀθρόως
545 3721 849 3791 ἐπαρθέντα
888 3727 1001 3787 τοῖς
1040 3724 1361 3797 ἀλλοτρίοις,
1400 3726 1625 3798 ὕστερον
1672 3729 1809 3783 πάν-

232 3823 349 3861 των
396 3809 531 3879 ὁμοῦ
567 3809 676 3864 τῶν
724 3813 1032 3883 προσόντων
1084 3814 1551 3886 ἀπογυμνοῦσθαι.
1604 3818 1667 3870 El
1711 3818 1809 3889 μὲν

232 3896 331 3953 οὖν
363 3900 507 3972 ἔχεις
535 3902 657 3957 ὅθεν
687 3905 920 3976 ἀποδῷς,
949 3906 1004 3959 τί
1031 3906 1151 3977 ούχὶ
1173 3907 1272 3979 τὴν
1300 3906 1582 3980 παροῦσαν
1604 3908 1810 3964 ἔνδειαν

235 3993 306 4046 ἐκ
339 3992 543 4047 τούτων
596 3994 705 4048 τῶν
755 3996 1016 4068 ἀφορμῶν
1062 3997 1329 4066 διαλύεις;
1381 4002 1430 4053 εἰ
1480 4000 1538 4053 δὲ
1586 4001 1811 4073 ἀπορεῖς

234 4084 375 4153 πρὸς
418 4083 518 4155 τὴν
563 4083 789 4151 ἔκτισιν,
825 4087 993 4146 κακὸν
1041 4088 1198 4159 κακῷ
1241 4089 1585 4162 θεραπεύεις.
1633 4092 1812 4162 Πένης

232 4169 293 4226 εἷ
320 4172 434 4240 νῦν,
460 4173 574 4234 ἀλλ’
604 4174 921 4255 ἐλεύθερος·
958 4177 1343 4249 δανεισάμενος
1372 4179 1451 4245 δὲ,
1484 4178 1608 4234 οὔτε
1648 4180 1812 4234 πλουο

229 4265 441 4335 τήσεις,
473 4265 567 4319 καὶ
597 4266 695 4337 τὴν
727 4267 1037 4340 ἐλευθερίαν
1068 4269 1433 4343 ἀφαιρεθήσῃ.
1474 4270 1672 4334 Δοῦλος
1717 4267 1810 4324 τοῦ

229 4356 600 4422 δεδανεικότος
627 4361 656 4412 6
681 4359 1082 4431 δανεισάμενος,
1104 4362 1201 4415 καὶ
1227 4361 1410 4427 δοῦλος
1448 4362 1525 4437 (5)
1557 4364 1813 4436 μισθοφό-

1907 3269 2105 3333 praeter
2131 3261 2456 3317 libertatem.
2502 3258 2608 3314 Sed
2654 3275 2740 3315 me
2788 3260 2987 3329 pudet,
3043 3257 3222 3329 inquit
3252 3296 3266 3322 ,
3295 3257 3487 3314 isthzec

1910 3355 2031 3409 voci
2083 3352 2353 3424 praeconis
2406 3352 2696 3422 subjicere.
2770 3351 2881 3406 Cur
2930 3351 3094 3423 igitur
3147 3351 3311 3421 paulo
3364 3358 3486 3421 post

1910 3445 2052 3500 alius
2104 3461 2168 3500 ea
2207 3454 2483 3516 exponet,
2516 3452 2844 3514 tuorumque
2898 3443 3166 3499 bonorum
3198 3443 3359 3498 faciet
3387 3459 3485 3497 au-

1911 3538 2147 3591 ctionem
2178 3576 2194 3598 ,
2238 3535 2400 3610 495
2429 3549 2484 3591 ει
2532 3537 2624 3591 vili
2655 3537 2831 3607 pretio
2865 3537 2934 3592 ob
2966 3538 3157 3593 oculos
3188 3544 3314 3592 tuos
3352 3552 3485 3591 ven-

1911 3624 2047 3678 det?
2099 3621 2283 3681 Satius
2317 3632 2423 3690 est,
2464 3636 2579 3679 arte
2612 3632 2665 3679 et
2696 3625 2965 3681 industria
2997 3627 3261 3696 paulatim
3287 3642 3485 3682 neces—

1913 3718 2128 3772 sitatem
2189 3717 2411 3782 levare,
2472 3735 2633 3789 quam
2693 3720 2885 3775 alienis
2917 3718 3268 3776 facultatibus
3304 3720 3486 3775 subito

1913 3810 2112 3863 elatum
2140 3849 2157 3874 ,
2190 3810 2448 3881 deinceps
2480 3812 2735 3867 omnibus
2765 3812 2930 3867 simul
2963 3813 3124 3869 bonis
3167 3813 3385 3868 nudari.
3427 3812 3486 3867 Si

1914 3902 2082 3973 igitur
2118 3901 2288 3959 babes
2342 3903 2486 3959 unde
2546 3904 2749 3968 solvas,
2797 3921 2897 3959 cur
2924 3916 3247 3976 praesentem
3270 3918 3488 3976 egesta-

1914 4001 2023 4050 tem
2065 3995 2216 4053 bisce
2263 3996 2484 4052 auxiliis
2514 4014 2621 4052 non
2652 3998 2916 4067 depellis?
2948 3998 3045 4055 Sin
3079 4000 3344 4054 solvendo
3373 4015 3484 4054 non

1913 4101 1995 4149 es,
2025 4087 2227 4140 malum
2254 4085 2399 4141 malo
2428 4102 2611 4142 curas.
2670 4088 2746 4160 (6)
2780 4086 2991 4160 Pauper
3043 4104 3104 4144 es
3159 4103 3306 4143 nunc
3329 4127 3345 4153 ,
3388 4088 3487 4144 sed

1914 4178 2071 4233 liber.
2106 4177 2405 4249 Argentum
2434 4178 2481 4235 si
2510 4178 2697 4236 fenore
2734 4180 3056 4251 sumpseris,
3085 4195 3195 4235 non
3226 4180 3486 4275 ditesges,

1915 4269 2011 4325 sed
2050 4268 2302 4329 libertate
2353 4270 2674 4341 spoliabere.
2743 4271 2847 4339 Qui
2910 4274 3203 4344 pecuniam
3251 4268 3490 4343 sumpsit

1915 4358 2123 4425 fenore,
2169 4357 2491 4417 feneratoris
2541 4376 2735 4421 servus
2760 4371 2867 4431 εει,
2901 4362 3012 4419 imo
3063 4378 3255 4420 servus
3282 4365 3489 4435 stipen-

236 4464 353 4520 ρος,
390 4450 761 4522 ἀπαραίτητον
796 4451 975 4523 φέρων
1020 4452 1120 4524 τὴν
1146 4452 1504 4525 λειτουργίαν.
1555 4455 1618 4509 Ol
1650 4458 1810 4522 κύνες

1913 4453 2144 4519 diarius,
2187 4453 2518 4511 inexorabile
2554 4456 2816 4512 exhibens
2877 4455 3257 4512 ministerium.
3311 4455 3487 4513 Canes

233 4540 497 4606 λαϐόντες
524 4542 883 4614 ἡμεροῦνταιο
915 4543 1247 4616 όεδανειστὴς
1275 4544 1566 4616 λαμϐάνων
1611 4564 1811 4619 προσε-

240 4631 536 4705 ρεθίζεται.
593 4635 670 4686 Οὐ
715 4634 946 4688 παύεται
1001 4635 1269 4701 ὑλακτῶν,
1326 4634 1463 4689 ἀλλά
1512 4635 1575 4690 τὸ
1629 4637 1812 4693 πλεῖον

234 4723 509 4799 ἐπιζητεῖ,
553 4726 677 4781 Ἐὰν
721 4726 948 4799 όμνύῃς,
992 4727 1243 4781 ἀπιστεῖ*
1291 4729 1487 4800 ἐρευνᾷ
1533 4729 1602 4783 τά
1642 4729 1811 4795 ἔνδον,

232 4818 311 4873 τὰ
334 4818 755 4892 συναλλάγματά
784 4802 878 4873 σου
905 4819 1367 4891 πολυπραγμονεῖ.
1409 4821 1532 4875 Ἐπὶ
1566 4823 1813 4895 γαμετῆς

232 4912 612 4987 καταισχύνει,
646 4913 739 4967 ἐπὶ
785 4912 953 4984 φίλων
979 4913 1316 4985 καθυϐρίζει,
1352 4915 1412 4967 ἐν
1438 4917 1559 4978 ταῖς
1586 4918 1811 4986 ἀγοραῖς

231 5008 419 5078 ἄγχει,
452 5007 620 5069 κακὸν
660 5007 977 5078 συνάντημα
1010 5007 1225 5079 ἑορτῆς,
1252 5006 1483 5061 ἀϐίωτόν
1516 5024 1600 5061 σοι
1643 5026 1811 5063 κατα-

234 5096 493 5163 σκευάζει
522 5098 612 5152 τὸν
651 5096 786 5168 βίον.
832 5097 991 5153 Ἀλλά
1026 5097 1258 5170 μεγάλη,
1293 5098 1479 5169 φησὶν,
1507 5099 1542 5170 ἡ
1570 5099 1807 5170 ἀνάγκη,

310 5260 357 5293 ⁸⁸
379 5258 542 5318 Prov.
571 5277 627 5326 ν,
658 5260 767 5316 15..

312 5436 389 5509 (1)
411 5438 821 5508 Δηλητηρίοις.
853 5438 945 5495 Sic
969 5437 1154 5492 Basilii
1180 5446 1485 5494 contextus.
1508 5436 1623 5492 Cod

236 5507 546 5582 giuslgti?‘
559 5508 720 5565 habet
741 5510 1092 5582 δηλητηρίῳᾷ
1113 5507 1257 5582 Editi
1280 5508 1625 5582 δηλητήριον.

314 5576 393 5649 (2)
424 5578 681 5651 Σύναχε.
704 5649 713 5651 4
735 5575 828 5635 Sic
861 5575 1002 5651 idem
1033 5575 1261 5651 'Regius
1311 5575 1503 5634 codex"
1524 5586 1579 5633 et
1629 5575 1816 5633 Basilii

236 5648 548 5719 contextus.
566 5648 719 5719 iEditi
752 5650 1043 5719 συνάγαγε.

342 5718 398 5779 5)
420 5717 535 5775 Kat
551 5718 794 5789 δοῦλος.
824 5717 1184 5780 Editiiterum
1207 5718 1411 5778 addunt
1436 5718 1529 5775 καί
1535 5758 1557 5791 ,
1582 5717 1678 5779 sed
1703 5718 1820 5776 haec

1915 4548 2237 4618 accipiendo
2266 4559 2679 4618 mansuescunt,
2712 4549 2987 4606 fenerator
3011 4566 3143 4608 vero
3174 4551 3487 4621 recipiendo

1912 4642 2180 4699 irritatur.
2240 4642 2359 4699 Non
2392 4644 2535 4700 enim
2590 4646 2846 4700 allatrare
2900 4644 3145 4712 desinit,
3192 4644 3287 4699 sed
3328 4645 3487 4715 plura

1915 4737 2179 4807 exposcit.
2214 4735 2279 4793 Si.
2298 4736 2608 4807 juraveris,
2644 4752 2753 4791 non
2790 4737 2986 4792 credit.
3023 4739 3154 4803 Quae
3188 4737 3241 4791 in
3276 4737 3487 4793 aedibus

1913 4826 2105 4894 babes,
2148 4834 2566 4897 perscrutatur;
2611 4828 3018 4897 tuadiligenter
3064 4827 3283 4898 indagat
3332 4844 3485 4883 com-

1916 4919 2139 4974 mercia.
2179 4918 2455 4975 Przesente
2487 4935 2657 4976 uxore
2680 4960 2696 4983 ,
2732 4919 2893 4975 afficit
2926 4930 2977 4975 te
3014 4921 3224 4992 pudore
3253 4960 3269 4985 ,
3300 4935 3487 4975 coram

1913 5010 2106 5064 amicis
2136 5009 2367 5081 imponit
2423 5010 2849 5079 contumeliam;
2881 5011 2939 5066 in
2977 5011 3314 5068 mercatibus
3364 5012 3487 5067 fau-

1910 5115 2003 5156 ces
2059 5101 2428 5175 constringit;
2475 5103 2654 5159 malus
2708 5110 2796 5159 est
2860 5102 3001 5159 festo
3052 5102 3142 5159 die
3177 5118 3486 5171 occursus;

691 5439 821 5507 ίοις.
853 5438 945 5495 Sic
969 5437 1154 5508 Basilii
1180 5446 1485 5494 contextus.
1508 5435 1695 5493 Codex
1720 5435 1821 5495 Re-
1919 5437 2253 5508 coniunctio
2266 5435 2418 5508 deest
2451 5435 2509 5491 in
2538 5434 2729 5491 codice
2777 5433 2947 5508 Regio
2982 5434 3120 5493 i992
3164 5443 3219 5494 et
3255 5438 3313 5494 in
3352 5453 3488 5495 con-

1918 5506 2071 5566 textu
2111 5506 2320 5562 Basilii.

2010 5578 2067 5717 ἐξ
2096 5575 2431 5703 ἓξᾱιιοιῗὸὲη
2455 5592 2535 5648 με.
2572 5592 2683 5645 xiv,
2714 5572 2865 5649 108.3

1991 5647 2070 5791 i3}
2099 5647 2258 5775 lilii?

2370 5843 2409 5855 οε.
