3874 6224
392 294 529 363 «iis

1274 292 1642 357 arenam.
1678 329 1752 343 --
1789 296 2141 360 srnsoms
2179 294 2720 366 ΜΕΤΑΡιιιιΑετΑι

3508 324 3636 379 1176

391 406 557 460 vitain
591 405 689 461 tibi
735 406 916 501 reddit
956 408 1314 478 iniucundam
1343 418 1397 470 et
1438 415 1862 476 intolerabilem.
1894 422 1965 476 At

2071 425 2159 479 καὶ
2193 423 2370 490 οὐδείς
2420 444 2511 498 μοι
2554 431 2721 501 πόρος
2748 434 3048 504 χρημάτων
3080 428 3289 509 ἕτερος.
3339 438 3407 492 Τί
3460 436 3553 494 οὖν
3582 443 3640 496 τὸ

389 510 606 569 magna,
640 493 837 570 inquit,
885 508 971 557 est
1000 505 1301 562 necessitas
1331 549 1347 574 ,
1379 522 1484 564 nec
1516 511 1627 566 alia
1659 520 1744 568 est
1769 528 1971 585 paran-

389 585 474 641 dae
517 588 764 658 pecuniae
811 592 972 646 ratio.
1025 591 1156 659 Quae
1187 632 1203 659 ,
1262 610 1479 667 quaeso,
1512 600 1725 659 utilitas
1772 616 1838 658 ex
1871 604 1971 659 lto-

391 678 598 736 dierna‘.
637 680 742 737 diei
789 682 1103 740 dilatione?
1157 685 1339 744 Fenus
1390 691 1537 745 enim
1578 709 1687 748 non
1742 696 1971 752 omnino

394 772 608 841 liberat,
650 775 749 830 sed
809 777 1029 833 consilii
1081 787 1137 834 et
1180 783 1384 839 mentis
1430 784 1672 855 inopiam
1705 787 1972 858 tantisper

394 863 595 920 tardat.
658 864 871 923 Etenim
928 868 975 923 si
1022 864 1305 942 arge'ntum
1359 874 1547 931 fenore
1592 893 1701 932 non
1753 880 1968 948 sumis;

392 954 557 1010 hodie
616 966 669 1012 et
709 969 900 1027 postea
956 962 1121 1016 simili
1177 965 1341 1021 modo
1372 967 1483 1022 eris
1528 984 1781 1039 pauper:
1824 986 1969 1028 nunc

393 1044 612 1112 quidem
671 1048 856 1102 nullus
905 1048 1007 1105 tibi
1056 1053 1218 1107 vertit
1284 1057 1487 1125 probro
1548 1064 1968 1131 paupertatem,

394 1132 661 1202 siquidem
716 1137 920 1193 malum
966 1149 1050 1197 est
1099 1142 1243 1198 haud
1296 1148 1703 1218 voluntarium;
1762 1155 1809 1208 si
1840 1170 1972 1211 vero

394 1220 572 1280 feuori
624 1226 796 1285 fueris
830 1230 1105 1289 obnoxius
1129 1274 1146 1300 ,
1180 1252 1344 1293 nemo
1372 1241 1475 1293 erit
1513 1243 1606 1312 qui
1639 1252 1692 1299 te
1722 1246 1970 1303 stultitiae

390 1330 505 1371 non
556 1318 901 1378 condemnet.
939 1326 1018 1397 (1)
1066 1325 1185 1381 Jam
1222 1334 1495 1400 perpende
1537 1334 1680 1390 unde
1709 1326 1786 1393 sis
1821 1338 1972 1393 solu-

395 1419 572 1466 turus.
624 1410 766 1468 Num
789 1429 854 1470 ex
888 1415 957 1472 iis
988 1420 1238 1487 pecuniis
1288 1437 1428 1492 quas
1458 1425 1666 1496 accipis
1692 1429 1717 1481 ‘l
1747 1426 1855 1484 Sed
1887 1431 1970 1486 ha:

392 1508 447 1555 et
479 1501 549 1557 ad
596 1506 983 1561 necessitatem
1026 1510 1385 1568 cohibendam
1426 1522 1480 1570 et
1517 1517 1584 1571 ad
1641 1519 1967 1577 solutionem

394 1606 505 1648 non
533 1594 829 1653 suﬂlciunt.
889 1597 1045 1665 Quod
1076 1602 1124 1656 si
1163 1618 1362 1660 usuras
1385 1607 1547 1662 etiam
1580 1614 1923 1682 reputaveris
1952 1634 1967 1682 ;

394 1686 539 1742 unde
615 1702 794 1759 usque
880 1691 1017 1747 adeo
1082 1696 1595 1767 multiplicabuntur
1672 1706 2005 1774 pecuniaa?‘

2070 515 2262 585 ὄφελος
2292 518 2357 571 ἐκ
2392 518 2488 573 τοῦ
2516 520 2615 593 τὴν
2646 523 2886 594 σήμερον
2912 525 3278 599 ὑπερθέσθαις
3315 522 3391 583 Τὸ
3417 532 3524 601 γὰρ
3552 533 3641 588 δά-

2072 622 2163 671 νος
2188 608 2290 662 οὐκ
2319 609 2644 685 ἀπαλλαγὴν
2671 618 2931 690 παντελῆ,
2967 619 3104 674 ἀλλὰ
3143 620 3347 693 μικρὰν
3378 620 3642 695 ἀναϐολὴν

2070 699 2169 771 τῆς
2227 701 2540 773 ἀμηχανίας
2597 708 2917 779 παρέχεται.
2975 708 3068 784 Μὴ
3114 704 3505 786 δανεισάμενος
3550 717 3643 786 μὲν

2070 792 2273 862 ὁμοίως
2301 794 2399 867 ἔσῃ
2428 796 2597 869 πένης
2625 801 2719 853 καὶ
2753 803 3009 873 σήμερον,
3038 805 3133 858 καὶ
3165 808 3304 878 πρὸς
3322 807 3387 861 τὸ
3415 808 3641 879 ἐφεξῆς

2071 883 2168 937 καὶ
2199 883 2295 938 νῦν
2326 885 2426 957 μὲν
2447 887 2622 953 οὐδεὶς
2652 892 2937 960 ἐγκαλέσει
2971 913 3051 949 σοι
3074 898 3412 969 πτωχεύοντι
3434 917 3449 930 ·
3486 901 3643 953 ἀκού-

2074 988 2189 1026 σιον
2234 972 2343 1045 γὰρ
2385 975 2447 1028 τὺ
2494 979 2697 1032 κακόν·
2734 982 2831 1036 ἐὰν
2880 984 2937 1036 δὲ
2981 986 3162 1050 τόκοις
3209 986 3511 1053 ὑπεύθυνος
3556 984 3642 1063 ᾖς,

2070 1071 2172 1123 οὐκ
2205 1070 2352 1127 ἐστιν
2396 1072 2455 1138 ὃς
2498 1076 2561 1128 ού
2609 1077 2883 1148 μέμψεταί
2916 1097 3009 1134 σου
3041 1082 3141 1154 τὴν
3174 1084 3459 1140 ἀδουλίαν.
3506 1088 3645 1159 Ἤδη

2072 1157 2362 1230 βούλευσαι
2416 1164 2580 1219 πόθεν
2640 1168 2938 1234 ἀποτίσεις.
3015 1171 3132 1241 Ἀφ’
3174 1167 3249 1228 ὧν
3310 1157 3642 1248 λαμϐάνεις

2070 1251 2186 1305 ἀλλ’
2232 1256 2333 1309 οὐκ
2377 1256 2599 1330 ἐξαρκεῖ
2633 1262 2730 1313 καὶ
2788 1260 2926 1333 πρὸς
2967 1262 3067 1334 τὴν
3116 1267 3329 1337 χρείαν,
3376 1270 3472 1322 καὶ
3512 1272 3646 1342 πρὸς

2070 1341 2168 1412 τὴν
2213 1342 2437 1400 ἔκτισιν.
2501 1348 2628 1403 Ἐὰν
2663 1349 2721 1403 δὲ
2773 1350 2838 1423 δὴ
2886 1353 2980 1407 καὶ
3020 1357 3147 1419 τοὺς
3200 1357 3396 1422 τόκους
3435 1341 3645 1433 lorica,

2070 1434 2235 1489 πόθεν
2273 1437 2340 1491 τὰ
2382 1440 2640 1512 χρήματα
2681 1444 2762 1507 είς
2799 1443 3054 1500 τοσοῦτον
3097 1448 3646 1524 πολυπλασωσθήσε-

2069 1541 2192 1591 ται;
2247 1527 2438 1591 Οὐδεὶς
2488 1529 2778 1602 τραύματα
2828 1534 3106 1605 τραύμασι
3152 1536 3487 1609 θεραπεύει,
3531 1542 3646 1595 om

2072 1618 2226 1689 κακῷ
2254 1619 2316 1672 τὸ
2359 1622 2528 1675 κακὸν
2585 1624 2750 1678 ίᾶται.
2802 1625 2927 1691 Πῶς
2971 1623 3064 1682 οὖν
3109 1618 3415 1704 διατραφῶ,
3448 1636 3647 1704 φησίνς

2074 1707 2259 1778 Ἔχεις
2299 1713 2522 1782 χεῖρας,
2569 1712 2713 1785 ἔχεις
2747 1715 2975 1790 τέχνην⁸
3009 1720 3332 1794 μισθάρνει,
3374 1723 3645 1779 διακόνει·

394 1776 633 1834 Vulnera
708 1782 932 1839 vulnere
1011 1796 1167 1841 curat
1257 1805 1417 1847 nemo
1443 1834 1459 1861 ,
1519 1808 1696 1865 neque
1757 1799 1959 1852 malum

2071 1776 2260 1854 πολλαὶ
2300 1776 2545 1857 έπίνοιαι
2598 1776 2707 1859 τοῦ-
2747 1776 2908 1878 βίόύί
2940 1776 3135 1867 πολλαὶ
3180 1776 3647 1888 deponunt—"QII?

392 1874 538 1928 malo
583 1882 763 1929 sanat.
829 1874 905 1947 (2)
950 1876 1050 1941 At,
1097 1880 1282 1951 inquis
1309 1922 1324 1945 ,
1372 1887 1648 1953 quomodo
1703 1889 1967 1944 nutriar?

392 1963 588 2021 Manus
651 1965 822 2023 habes
852 2008 868 2031 ,
918 1968 1089 2027 habes
1122 1979 1295 2027 artem
1331 2015 1347 2039 ,
1390 1976 1509 2031 loca
1540 1991 1761 2047 operam
1812 1988 1960 2036 tuam

394 2056 534 2111 lucri
572 2058 767 2129 gratia,
803 2061 1053 2116 ministra
1089 2078 1104 2115 :
1148 2066 1319 2121 multa
1353 2075 1479 2122 sunt
1517 2071 1747 2139 parandi
1781 2073 1961 2130 victus

392 2149 661 2216 consilia,
720 2153 875 2207 multi
928 2153 1097 2212 modi.
1157 2158 1226 2210 At
1268 2157 1322 2213 id
1371 2159 1549 2216 facere
1588 2176 1698 2217 non
1760 2165 1962 2233 potes?

390 2234 521 2302 Pete
567 2258 598 2297 a
651 2244 1080 2315 possidentibus.
1158 2250 1228 2302 At
1293 2257 1453 2322 turpe
1497 2260 1582 2309 est
1635 2256 1961 2325 postulare?

389 2330 630 2403 Turpius
666 2336 857 2407 utique
888 2337 1053 2393 fuerit
1083 2339 1411 2397 creditorem
1457 2344 1601 2401 datis
1632 2345 1810 2403 fenori
1858 2364 1957 2419 pe-

389 2426 569 2483 cuniis
598 2426 944 2487 defraudare.
981 2430 1185 2490 Deinde
1214 2451 1341 2489 vero
1375 2445 1554 2507 potest
1581 2438 1831 2505 formica,
1856 2457 1960 2498 nec

389 2518 747 2588 mendicans,
803 2539 903 2580 nec
958 2522 1148 2583 fenore
1203 2530 1510 2600 accipiens,
1545 2532 1744 2588 nutriri
1779 2549 1793 2586 :
1830 2548 1960 2604 apes

388 2609 577 2666 itidem
634 2613 856 2685 regibus
913 2614 1219 2689 largiuntur
1266 2621 1476 2693 proprii
1536 2623 1784 2680 alimenti
1827 2627 1959 2681 reli-

2070 1889 2346 1956 ἀδυνάτως
2394 1894 2572 1965 Exue;
2620 1900 2903 1970 προσαίτει
2942 1904 3094 1975 παρὰ
3126 1905 3234 1959 τῶν
3270 1910 3645 1981 κεκτημένων.

2081 1980 2243 2036 Ἀλλὰ
2288 1986 2514 2058 αἰσχρὸν
2547 1988 2607 2041 τὸ
2650 1989 2854 2058 αἰτεῖν;
2907 1995 3132 2067 αἰσχρὸν
3172 1998 3274 2067 μὲν
3324 1996 3422 2055 οὖν
3458 1980 3550 2073 (4)
3591 2006 3648 2059 τὸ

2065 2071 2455 2147 δανεισάμενον
2481 2078 2822 2153 ἀποστερεῖν.
2857 2080 2992 2139 Εἶτα
3027 2089 3056 2138 ὁ
3104 2089 3329 2161 μύρμηξ
3359 2093 3464 2163 μὲν
3485 2071 3646 2149 δύνα-

2063 2180 2176 2231 ται,
2228 2167 2302 2238 μὴ
2358 2171 2689 2241 προσαιτῶν,
2743 2176 2884 2247 μήτε
2923 2177 3318 2251 δανειζόμενος,
3368 2182 3645 2256 διατρέφε-

2067 2258 2224 2312 σθαι·
2256 2263 2351 2314 καὶ
2384 2262 2635 2332 μέλισσαι
2686 2264 2754 2320 τὰ
2797 2266 3023 2339 λείψανα
3066 2273 3165 2343 τῆς
3196 2274 3407 2340 οἰκείας
3442 2280 3644 2351 τροφῆς

2064 2348 2344 2420 βασιλεῦσι
2378 2354 2710 2425 χαρίζονται,
2746 2352 2827 2422 οἷς
2867 2358 2992 2413 οὔτε
3029 2360 3239 2435 χεῖρας,
3288 2364 3420 2420 οὔτε
3459 2348 3644 2441 τέχνας

2062 2444 2096 2515 ἠ
2133 2443 2294 2514 φύσις
2330 2445 2546 2501 δέδωκε.
2579 2447 2651 2500 Σὺ
2684 2448 2742 2502 δὲ
2768 2449 2831 2503 τὸ
2866 2452 3174 2525 εὐμήχανον
3204 2456 3342 2522 ζῶον
3374 2462 3404 2513 ὁ
3435 2461 3641 2533 ἄνθρω-

2062 2534 2182 2600 πος,
2219 2536 2348 2608 μίαν
2380 2537 2487 2590 τῶν
2518 2538 2710 2594 πασῶν
2758 2542 3019 2614 μηχανῶν
3062 2547 3162 2618 οὐχ
3201 2549 3467 2621 εὑρήσεις
3509 2555 3642 2626 πρὸς

2060 2626 2158 2699 τὴν
2192 2627 2287 2681 τοῦ
2317 2628 2432 2699 βίου
2460 2629 2771 2703 διαγωγήν;
2816 2683 2833 2701 ν

387 2706 546 2775 quias
580 2723 595 2761 :
627 2709 828 2779 quibus
873 2720 1054 2768 tamen
1100 2730 1201 2770 nec
1264 2731 1502 2786 manus,
1555 2735 1658 2776 nec
1693 2729 1840 2779 artes
1907 2723 2183 2778 cencessit
2215 2733 2432 2779 natura.
2494 2722 2577 2780 Tu
2618 2742 2750 2781 vero
2816 2726 3144 2787 industrium
3200 2735 3410 2790 animal
3474 2737 3635 2794 homo

389 2800 533 2857 inter
551 2810 697 2859 artes
721 2818 912 2860 omnes
944 2818 1110 2861 unam
1135 2807 1205 2863 ad
1228 2810 1635 2882 transigendam
1651 2813 1817 2868 vitam
1848 2816 1962 2869 non
1999 2814 2262 2885 reperies?

459 2898 514 2955 6.
544 2897 620 2971 (3)
660 2897 823 2956 Dives
845 2901 946 2957 es?
978 2900 1264 2973 argentum
1290 2920 1360 2961 ne
1391 2906 1488 2963 des
1515 2905 1723 2965 fenore.
1747 2908 1963 2980 Pauper

384 2990 495 3071 es?
530 3004 600 3045 ne
630 3004 785 3047 sume
820 2991 1011 3049 fenore
1049 3002 1357 3066 argentum.
1389 2995 1605 3053 Etenim
1638 3000 1686 3056 si
1722 3001 1989 3071 locuples-

2147 2907 2201 2964 6.
2252 2908 2514 2975 Πλούσιος
2549 2906 2629 2976 εἷς
2669 2911 2746 2984 μὴ
2784 2911 3027 2979 δανείζου
3071 2915 3168 2988 (5).
3209 2918 3391 2992 Πένης
3440 2917 3527 2988 εἷς
3576 2922 3647 2994 μὴ

2065 3000 2330 3067 δανείζου.
2362 3003 2427 3057 Ei
2452 3003 2551 3075 μὲν
2578 3004 2687 3076 γὰρ
2710 3006 2986 3078 εὐπορεῖς,
3014 3008 3076 3061 οὐ
3110 3009 3332 3082 χρῄζεις
3358 3012 3637 3086 δανείσμα-

388 3096 473 3148 es,
504 3082 641 3136 nihil
682 3083 785 3138 tibi
818 3082 1007 3141 fenore
1035 3101 1176 3157 opus
1204 3096 1322 3143 est:
1375 3090 1423 3144 si
1442 3090 1582 3145 nihil
1609 3107 1736 3147 vero
1778 3092 1967 3159 habes,

2072 3110 2181 3158 τος·
2213 3095 2262 3147 εί
2295 3093 2352 3147 δὲ
2385 3093 2534 3149 οὐδὲν
2566 3094 2733 3166 ἔχεις,
2772 3099 2873 3152 οὐκ
2906 3099 3186 3164 ἀποτίσεις
3210 3102 3273 3155 τὸ
3297 3102 3532 3158 δάνειον.
3551 3082 3648 3177 ⁷Μὴ

390 3184 502 3228 non
523 3174 730 3243 pendes
751 3190 974 3233 usuras.
995 3174 1118 3232 Noli
1143 3188 1291 3233 tuam
1312 3180 1488 3250 ipsius
1516 3183 1681 3236 vitam
1704 3198 1839 3239 serae
1856 3199 1972 3255 poe-

389 3262 632 3321 nitentiae
659 3264 916 3333 objicere.
948 3264 1065 3322 Hoc
1097 3282 1207 3322 uno
1235 3277 1561 3339 praestamus
1581 3272 1845 3329 divitibus
1871 3288 1972 3330 nos

386 3369 679 3425 pauperes,
709 3371 969 3412 curarum
1000 3360 1311 3416 vacuitate:
1350 3376 1416 3417 ac
1450 3376 1546 3419 eos
1576 3363 1867 3435 vigilantes
1896 3364 1974 3420 ri-

389 3447 585 3504 demus
624 3448 731 3518 ipsi
771 3449 1131 3517 dormientes,
1167 3467 1232 3508 ac
1269 3453 1422 3510 curis
1454 3468 1672 3526 semper
1699 3456 1972 3513 distentos

389 3546 445 3597 et
474 3539 762 3606 sollicitos,
788 3542 961 3613 quieti
994 3550 1048 3599 et
1073 3544 1248 3601 liberi.
1280 3545 1505 3601 Debitor
1536 3548 1725 3620 utique
1756 3558 1810 3604 et
1834 3565 1972 3620 pau-

393 3642 490 3703 per
530 3643 635 3701 est,
665 3645 720 3691 et
762 3636 913 3693 curis
960 3637 1148 3695 multis
1180 3639 1400 3705 anxius,
1442 3647 1497 3696 et
1534 3642 1680 3695 omni
1728 3649 1970 3712 tempore

390 3725 719 3797 cogitatione
739 3727 969 3792 deiixds,
993 3742 1140 3784 nunc
1161 3730 1380 3801 quidem
1408 3734 1505 3788 res
1520 3747 1649 3788 suas
1664 3734 1966 3803 aestimans,

389 3833 541 3879 nunc
567 3833 700 3874 vero
734 3817 931 3875 domos
966 3829 1341 3892 sumptuosas,
1380 3822 1611 3879 divitum
1645 3838 1830 3895 agros,
1872 3840 1968 3881 oc-

383 3915 732 3983 currentium
786 3922 990 3970 vestes.
1044 3914 1170 3971 Haec
1227 3916 1272 3972 si
1332 3931 1453 3971 mea
1505 3924 1714 3982 essent,
1765 3918 1965 3989 inquit,

389 4006 531 4060 tanti
580 4015 632 4062 et
675 4006 813 4061 tanti
859 4006 1235 4073 divenderem,
1274 4016 1438 4079 atque
1487 4009 1754 4064 liberaret

390 4095 599 4154 fenore.
633 4096 760 4155 Haec
787 4100 909 4169 ejus
950 4101 1134 4157 animo
1168 4110 1441 4171 nocteque
1474 4103 1669 4174 dieque
1702 4104 1964 4159 insident.

391 4180 625 4245 ianuam
663 4191 710 4247 si
751 4193 1079 4263 pulsaveris,
1131 4193 1323 4264 irrepit
1354 4195 1460 4250 sub
1492 4195 1694 4251 lectum
1727 4194 1964 4252 debitor.

398 4278 669 4337 Velociter
699 4283 939 4337 accurrit
963 4283 1109 4353 quis,
1138 4293 1194 4341 et
1221 4285 1370 4341 illius
1399 4301 1496 4340 cor
1524 4285 1774 4356 palpitat.
1799 4286 1965 4342 Canis

392 4372 587 4427 latrat:
626 4370 719 4428 ille
754 4374 955 4430 sudore
987 4374 1218 4440 diilluit,
1253 4384 1308 4431 et
1338 4377 1608 4432 anxietate
1635 4376 1962 4448 corripitur,

2072 3183 2179 3267 δῷς
2209 3185 2436 3240 σεαυτοῦ
2468 3186 2560 3240 τὸν
2593 3186 2708 3258 βίον
2740 3189 2822 3253 είς
2849 3189 3284 3260 ὑστεροϐουλίαν.
3339 3195 3453 3249 Ἑνὶ
3477 3197 3647 3267 τούτῳ

2070 3266 2398 3341 διαφέρομεν
2442 3269 2549 3324 τῶν
2601 3271 2973 3329 πλουτούντων
3006 3276 3056 3329 οἱ
3106 3277 3361 3348 πένητες,
3404 3283 3472 3353 τῇ
3529 3266 3645 3354 ἀμε·

2074 3360 2283 3431 ριμνίᾳ·
2305 3361 2401 3416 καὶ
2422 3362 2813 3435 καταγελῶμεν
2832 3365 3009 3419 αὐτῶν
3032 3367 3480 3438 ἀγρυπνούντων,
3501 3376 3647 3430 αὐτοὶ

2071 3449 2440 3532 καθεύδοντες
2470 3453 2564 3507 καὶ
2599 3453 2947 3509 συνεστώτων
2974 3456 3061 3510 ἀεὶ
3089 3458 3182 3510 καὶ
3219 3461 3649 3532 φροντιζόντων,

2069 3529 2224 3595 αὐτοὶ
2276 3542 2758 3615 ἀφροντιστοῦντες
2815 3548 2909 3601 καὶ
2974 3529 3274 3621 ἀνειμένοι.
3344 3552 3409 3607 Ὀ

2068 3632 2298 3702 ὀφείλων
2349 3634 2445 3687 καὶ
2503 3635 2677 3708 πένης
2725 3638 2871 3703 ἐστὶ,
2916 3640 3011 3693 καὶ
3060 3641 3504 3715 πολυμέριμνος,
3562 3650 3646 3703 καὶ

2069 3725 2293 3791 σύννους
2341 3727 2518 3782 πάντα
2571 3728 2663 3782 τὸν
2718 3730 2940 3803 χρόνον,
2993 3732 3088 3786 νῦν
3138 3735 3239 3806 μὲν
3296 3738 3399 3808 τὴν
3457 3739 3647 3794 ἑαυτοῦ

2068 3819 2255 3873 οὐσίαν
2293 3820 2728 3892 ἀποτιμὼμενος,
2769 3822 2865 3877 νῦν
2895 3814 2952 3877 δὲ
2990 3824 3091 3888 τὰς
3133 3827 3314 3891 οἰκίας
3349 3829 3452 3894 τὰς
3489 3831 3647 3886 πολυ-

2067 3910 2262 3974 τελεῖς,
2294 3911 2419 3974 τοὺς
2448 3912 2651 3983 ἀγροὺς
2680 3912 2789 3967 τῶν
2823 3914 3095 3969 πλουσίων
3132 3916 3235 3988 (6),
3277 3919 3380 3983 τὰς
3420 3920 3646 3992 ἐσθῆτας

2065 3998 2175 4053 τῶν
2211 4000 2664 4070 ἐντυγχανόντων.
2705 4004 2769 4056 Et
2802 4003 2977 4058 ταῦτα
3011 4004 3119 4075 ἐμὰ
3154 3998 3245 4077 ἦν,
3294 4009 3482 4078 φησὶν,
3522 4013 3639 4065 ἁπε-

2063 4089 2287 4163 διδόμην
2339 4091 2498 4146 τόσου
2550 4093 2645 4147 καὶ
2688 4093 2870 4160 τόσου,
2926 4097 3020 4149 καὶ
3079 4098 3514 4173 ἀπηλλασσόμην
3558 4101 3644 4155 τοῦ

2065 4182 2247 4235 τόκου.
2289 4183 2475 4239 Ταῦτα
2519 4184 2683 4238 αὐτοῦ
2731 4185 2826 4239 καὶ
2877 4188 3093 4261 νύκτωρ
3130 4191 3226 4244 καὶ
3267 4192 3391 4263 μεθ’
3439 4193 3642 4265 ἡμέραν

2065 4274 2418 4343 ὲγκαθέζεται
2460 4279 2524 4348 τῇ
2568 4277 2785 4350 καρδίᾳ.
2835 4278 2960 4333 Ἐὰν
3002 4281 3099 4352 τὴν
3150 4281 3321 4356 θύραν
3374 4287 3641 4357 πατάξης,

2063 4368 2093 4421 ὁ
2129 4366 2407 4440 χρεώστης
2438 4369 2542 4422 ὑπὸ
2576 4369 2676 4442 τὴν
2704 4370 2910 4442 κλίνην·
2948 4374 3194 4446 σφοδρῶς
3222 4376 3519 4449 εἰσέδραμέ
3544 4396 3639 4442 τις,

392 4476 610 4536 quaque
628 4464 715 4519 via
736 4463 928 4536 fugiat,
946 4466 1234 4536 conspicit.
1256 4465 1380 4523 Dies
1396 4468 1746 4538 praescriptus
1760 4468 1957 4524 instat:

2071 4459 2159 4513 τοῦ
2202 4456 2260 4514 δὲ
2294 4456 2560 4529 ἐπάταξεν
2603 4462 2636 4533 ή
2680 4464 2896 4537 καρδίαο
2944 4466 3166 4521 ὑλακτεῖ
3204 4470 3233 4522 ὁ
3278 4471 3463 4537 κύων,
3514 4470 3543 4526 ὁ
3588 4474 3639 4527 δὲ

393 4557 554 4612 anxie
591 4560 781 4613 secum
808 4565 1025 4628 reputat
1057 4558 1332 4628 quodnam
1359 4558 1609 4615 dicturus
1643 4559 1717 4615 sit
1744 4561 1968 4616 menda-

391 4647 562 4712 cium,
590 4660 647 4705 et
677 4664 793 4719 quo.
821 4650 1056 4705 conlicto
1086 4657 1348 4720 praetextu
1376 4650 1709 4721 depulsurus
1737 4666 1768 4707 a
1799 4664 1859 4708 se
1896 4652 1970 4711 sit

391 4738 742 4797 creditorem.
775 4739 917 4806 Quid
961 4748 1017 4797 te
1055 4741 1171 4813 ipse
1214 4740 1400 4798 bestire
1436 4738 1842 4798 fecundissimae
1872 4743 1969 4798 ad-

386 4830 614 4902 jungis?
647 4828 888 4901 Lepores
914 4831 1071 4886 aiunt
1107 4832 1271 4887 simul
1303 4841 1359 4887 et
1398 4846 1612 4909 parere,
1650 4839 1706 4891 et
1733 4833 1968 4897 nutrire,

391 4929 447 4974 et
480 4919 863 4992 superfetare:
903 4919 985 4975 sic
1018 4920 1266 4991 pecuniae
1296 4914 1703 4975 feneratoribus
1729 4920 1892 4976 simul
1913 4927 1970 4974 et

388 5012 596 5069 dantur
627 5010 699 5073 ad
727 5010 1044 5083 pendendas
1072 5026 1293 5075 usuras,
1326 5010 1381 5066 et
1404 5004 1724 5083 gignuntur,
1752 5018 1807 5067 et
1849 5009 1970 5081 pul—

464 5169 540 5239 (l)
574 5166 823 5239 iExbom.
853 5167 909 5220 in
946 5168 1084 5234 paul.
1115 5185 1224 5231 xw,
1260 5169 1360 5222 lit)

461 5240 540 5310 (2)
572 5238 728 5310 [Dida
758 5239 880 5310 ω..

484 5306 917 5390 ἓ)1ἓπιν9¹⁰·.
1036 5371 1059 5390 .
1151 5375 1168 5390 .
1265 5376 1296 5390 η
1397 5377 1409 5388 .
1586 5385 1596 5390 ,
1679 5386 1688 5390 ,
1802 5378 1813 5390 .
1937 5374 1949 5390 .

485 5371 542 5450 43
559 5371 830 5451 Μακρὸν
845 5376 963 5446 μὲν
988 5371 1122 5430 οὖν.
1148 5375 1371 5447 Legitur
1396 5377 1457 5439 in,
1477 5385 1735 5433 contextu
1760 5374 1977 5447 αἰσχρός

389 5466 569 5503 τερον.

457 5464 868 5590 ῗὲἶῗΔανείζου.
892 5513 1087 5573 Nullus
1109 5514 1299 5573 dubito
1319 5516 1452 5587 quin
1485 5516 1769 5590 legendum
1800 5513 1874 5571 sit
1897 5514 1969 5585 μὴ

389 5587 623 5655 δανειζε,
643 5606 706 5644 ne
734 5589 824 5641 des
854 5591 1052 5656 fenore,
1080 5598 1191 5640 non
1223 5601 1373 5656 vero,
1396 5601 1460 5641 ne
1482 5589 1758 5656 pecuniam
1792 5602 1972 5656 sumas

392 5659 592 5729 fenore.
640 5654 925 5729 Rationem
960 5655 1106 5709 enim
1140 5655 1290 5710 addit
1320 5654 1576 5720 Basilius,
1614 5660 1741 5729 quia
1775 5654 1971 5710 divites

397 5726 581 5782 tenore
612 5726 1014 5787 nonindicent:
1044 5740 1153 5782 uua
1180 5741 1315 5782 voce
1340 5743 1447 5783 non
1474 5726 1759 5785 pecuniam
1783 5734 1972 5781 mutuo

2071 4548 2253 4621 ἱδρῶτι
2280 4553 2474 4625 ῥεῖται,
2503 4553 2596 4611 καὶ
2627 4544 2836 4627 ἀγωνίᾳ
2870 4557 3171 4628 συνέχεται,
3207 4562 3302 4616 καὶ⁸
3326 4570 3639 4635 περισκοπεὶ

2069 4637 2232 4693 πόθεν
2289 4639 2472 4710 φύγοι.
2538 4643 2603 4696 Ἡ
2651 4645 2959 4717 προθεσμία
3001 4650 3252 4720 προάγει·
3310 4658 3552 4728 μεριμνᾷ
3592 4660 3639 4710 τι

2065 4729 2359 4799 ψεύσεται,
2389 4732 2550 4786 ποίαν
2571 4733 2918 4806 πλασάμενος
2947 4740 3217 4813 πρόφασιν
3242 4743 3335 4799 τὸν
3371 4746 3637 4819 δανειστὴν

2067 4821 2470 4894 διακρούσεται.
2500 4825 2565 4879 Τί
2588 4827 2868 4897 πολυτόκῳ
2902 4829 2979 4901 (7)
3003 4830 3178 4905 θηρίῳ
3208 4836 3438 4890 σεαυτὸν
3472 4855 3635 4909 παρα-

2069 4912 2378 4982 ζευγνύεις;
2408 4917 2545 4982 Τοὺς
2573 4917 2818 4992 λαγωούς
2850 4934 2980 4991 φασι
3009 4923 3104 4977 καὶ
3130 4925 3339 4980 τίκτειν
3372 4928 3532 5000 ὁμοῦ,
3554 4929 3636 4983 καὶ

2068 5005 2311 5077 τρέφειν,
2363 5009 2458 5062 καὶ
2508 5006 2943 5071 ἐπικυΐσκεσθαι·
2997 5017 3093 5071 καὶ
3135 5019 3251 5082 τοῖς
3294 5021 3639 5091 τοκογλύφοις

2070 5159 2411 5240 sumendam,
2441 5160 2866 5245 sed_mercedem
2888 5181 2953 5245 εδ
2977 5167 3508 5245 collocatahpecunia
3525 5191 3637 5245 pro-

2069 5230 2377 5313 venientem
2414 5233 2763 5313 manifestum
2792 5244 2877 5290 est
2903 5235 3222 5313 designari._
3240 5230 3495 5298 Diaterret
3521 5230 3640 5313 Ergo

2070 5299 2266 5357 divites
2287 5304 2568 5384 a'pecunia
2585 5304 2640 5384 i_n
2662 5305 2818 5384 fenus
2838 5299 3176 5384 collocanda.
3200 5308 3355 5381 Legit
3380 5299 3617 5384 archieSi

2072 5385 2273 5447 scapus
2317 5375 2674 5441 Turonensis,
2712 5377 2787 5430 ita
2817 5376 3202 5447 utglegendum
3243 5375 3641 5440 contendimus.

2069 5470 2138 5480 —
2175 5439 2518 5511 Videnotam
2558 5439 2803 5502 nostram
2843 5445 2912 5499 ad
2936 5439 3077 5510 tom.
3102 5448 3143 5511 l,
3180 5451 3288 5505 col.
3318 5451 3449 5506 ΞΗ.
3487 5439 3642 5510 Em.

2143 5510 2229 5593 (ϐ),
2252 5509 2378 5593 rer
2402 5514 2735 5593 πλουσίων.
2774 5516 3039 5572 Codicum
3072 5509 3218 5574 aliter
3254 5520 3365 5575 τῶν
3400 5509 3641 5593 πλησίον,

2071 5582 2300 5651 proximi
2330 5586 2507 5652 agros.

2074 5722 2095 5775 )
2144 5652 2232 5774 (ζ),
2258 5654 2599 5724 Πολυτόκῳ.
2640 5652 2730 5712 Sic
2779 5664 3085 5715 contextus.
3130 5657 3277 5715 Editi
3326 5660 3505 5718 nostri
3550 5682 3641 5718 πο-

2092 5739 2340 5775 .υπ.οκω.

2092 5739 2134 5776 tu
2142 5739 2340 5791 manu).
