3874 6224
251 325 386 380 ΗΠ

1094 333 1329 390 SERMO
1373 335 1430 390 ν.
1473 368 1543 378 -
1581 337 1671 394 DE
1713 337 1996 395 DlVlTIlS
2041 339 2128 395 ΕΤ
2167 337 2655 394 ΡΑΟΡΕΒΤᾹΤΕ.

3375 343 3513 396 H78

248 445 314 498 τὰ
334 446 590 516 χρήματα
621 447 756 518 ὁμοῦ
795 449 890 503 καὶ
926 449 1256 518 δανείζεται,
1288 455 1382 508 καὶ
1415 459 1700 526 γεννᾶται,
1737 459 1826 513 καὶ

1932 457 2125 511 lulant.
2165 457 2417 511 Nondum
2445 457 2589 511 enim
2623 457 2677 510 in
2710 470 2905 510 manus
2929 454 3212 525 accepisti,
3242 462 3297 510 et
3331 467 3512 513 tamen

209 538 569 607 _6110<p'.3¢1at.
621 540 788 595 Οὔπω
829 543 939 615 γάρ
991 544 1156 610 ἐδέξω
1203 549 1285 612 είς
1321 551 1530 620 χεῖρας,
1587 551 1682 603 καὶ
1727 551 1822 605 τοῦ

248 630 514 700 παρόντος
554 633 723 703 μηνὸς
755 635 1046 708 ἀπῃτήθης
1080 636 1178 707 τὴν
1212 640 1495 710 ἐργασίαν.
1533 642 1644 695 Καὶ
1673 641 1830 696 τοῦτο

247 723 406 778 πάλιν
430 723 721 787 δανεισθὲν,
756 727 942 799 ἕτερον
969 728 1138 783 κακὸν
1167 730 1445 802 ἐξέθρεψε,
1476 731 1699 787 κάκεῖνο
1722 733 1832 787 ἓτε-

245 833 359 889 ρον,
399 818 492 872 καὶ
526 819 586 874 τὸ
615 820 782 874 κακὸν
812 823 894 886 είς
921 821 1171 895 ἄπειρον·
1193 825 1366 890 Τόκος
1389 827 1520 898 γὰρ,
1558 827 1634 892 ὡς
1654 824 1826 899 οἶμαι,

246 911 327 965 5ιά
375 912 476 985 τὴν
525 913 848 984 πολυγονίαν
885 915 962 986 (1)
1003 916 1098 971 τοῦ
1145 919 1317 972 κακοῦ
1367 921 1825 992 προσηγόρευται·

245 1007 405 1062 πόθεν
445 1009 552 1081 γὰρ
587 1009 841 1078 ἀλλοθεν;
884 1013 954 1065 Ἢ
985 1012 1128 1083 τάχα
1166 1013 1325 1075 τόκος
1359 1013 1576 1082 λέγεται
1607 1013 1694 1066 διὰ
1729 1012 1828 1077 τὰς

243 1096 435 1162 ὠδῖνας
487 1100 584 1157 καὶ
631 1100 828 1167 λύπας,
879 1101 946 1166 ἃς
996 1105 1243 1174 ἐμποιεῖν
1292 1107 1414 1168 ταῖς
1469 1105 1666 1176 ψυχαῖς
1720 1105 1827 1158 τῶν

241 1191 630 1264 ςανειζομένων
656 1193 916 1261 πέφυκεν.
947 1194 1035 1259 Ὠς
1065 1194 1174 1269 γὰρ
1208 1198 1242 1267 ἡ
1278 1195 1404 1259 ιῖιδὶς
1441 1199 1506 1268 τῇ
1545 1197 1824 1269 τικτούσῃ,

242 1283 411 1348 ιῠτως
446 1287 480 1357 ἠ
522 1286 831 1359 προθεσμία
861 1289 940 1360 τῷ
976 1289 1230 1362 ὑποχρέῳ
1267 1290 1618 1363 παρίσταται.
1656 1292 1825 1356 Τόκος

1938 550 2226 619 praesentis
2263 548 2470 604 mensis
2501 558 2742 620 quastus
2781 563 2811 602 a
2845 558 2898 603 te
2928 547 3262 617 exposcitur.
3297 547 3362 603 Et
3398 549 3512 605 hare

1935 642 2166 710 pecunia
2193 655 2390 696 rursus
2421 639 2608 695 fenore
2631 649 2874 710 accepta,
2902 641 3106 694 malum
3133 640 3367 696 alterum
3391 643 3508 708 alit,

1928 739 1984 787 et
2011 732 2143 786 illud
2170 733 2426 799 alterum,
2459 742 2623 802 atque
2651 733 2730 788 sic
2757 733 2958 786 malum
2997 734 3053 786 in
3097 733 3393 789 inﬁnitum.
3425 734 3513 788 Et-

1927 823 2098 886 enim,
2130 823 2360 893 opinor,
2411 824 2586 887 τοκός,
2621 825 2674 878 id
2725 832 2830 889 est,
2868 835 3074 892 partus,
3115 827 3186 880 ob
3233 826 3510 898 ingentem

1927 915 2056 967 mali
2092 914 2482 970 fecunditatem
2522 918 2854 972 nominatur.
2883 917 3038 974 Unde
3069 919 3214 974 enim
3255 921 3510 976 aliunde?

1927 1008 2035 1061 Aut
2067 1008 2206 1062 forte
2229 1009 2408 1072 τοκός,
2439 1010 2542 1063 hoc
2579 1018 2685 1074 est,
2715 1021 2920 1078 partus,
2947 1012 3153 1066 dicitur
3182 1013 3254 1068 ob
3288 1013 3506 1068 dolores

1928 1114 1992 1153 ac
2025 1099 2330 1163 molestias,
2358 1117 2496 1169 quas
2524 1102 2723 1156 animis
2754 1118 2946 1157 eorum
2986 1103 3078 1172 qui
3123 1103 3309 1160 fenore
3349 1121 3508 1161 accc-

1929 1199 2144 1260 perunt,
2175 1193 2314 1246 solet
2337 1207 2546 1246 creare.
2573 1190 2805 1245 Utenim
2839 1196 3189 1264 puerperium
3219 1195 3502 1265 pariturae,

1926 1283 2001 1335 ita
2031 1280 2150 1336 dies
2181 1281 2386 1336 indicta
2420 1283 2653 1337 debitori
2690 1283 2878 1341 instat.
2915 1284 3097 1343 Fenus
3136 1287 3308 1344 fenori
3350 1289 3507 1344 addi-

240 1375 330 1428 ἐπὶ
367 1376 534 1446 τόκῳ,
587 1378 843 1450 πονηρῶν
882 1380 1084 1447 γονέων
1134 1380 1366 1452 πονηρὸν
1412 1380 1653 1450 ἔκγονον.
1711 1382 1824 1446 Τὰς

1923 1380 2061 1438 tum,
2094 1384 2378 1443 parentum
2424 1374 2693 1429 malorum
2739 1377 2882 1429 mala
2923 1385 3008 1432 est
3055 1379 3290 1435 soboles.
3334 1380 3504 1434 Aiunt

239 1469 447 1539 ἐχίδνας
465 1468 682 1539 λέγουσι
710 1470 809 1542 τὴν
839 1472 1086 1542 γαστέρα
1112 1472 1211 1544 τῆς
1249 1473 1454 1544 μητρὸς
1480 1472 1824 1539 διεσθιούσας

1922 1466 2166 1534 viperas,
2191 1466 2320 1520 dum
2342 1467 2664 1537 gignuntur,
2689 1476 2932 1522 ventrem
2956 1472 3149 1525 matris
3171 1473 3500 1528 corrodere:

237 1561 533 1614 τίκτεσθαι·
574 1563 670 1616 καὶ
711 1565 760 1616 οἱ
798 1564 948 1618 τόκοι
984 1566 1112 1628 τοὺς
1149 1563 1332 1629 οῖκους
1358 1565 1467 1620 τῶν
1499 1565 1820 1635 ὀφειλόντων

1923 1556 2084 1613 fenus
2121 1573 2360 1628 quoque,
2389 1561 2568 1614 erosis
2596 1576 2659 1613 ac
2687 1561 3028 1629 consumptis
3053 1561 3357 1618 debitorum
3380 1565 3499 1620 tedi-

239 1653 567 1722 ικφαγόντες
633 1656 1058 1725 ἀπογεννῶνται.
1131 1656 1214 1710 Τὰ
1283 1658 1574 1730 σπέρματα
1643 1659 1818 1729 χρόνῳ

1919 1647 2046 1712 bus,
2095 1651 2364 1703 nascitur.
2401 1648 2624 1703 Semina
2673 1655 2938 1720 temporis
2967 1665 3261 1722 progressu
3296 1657 3500 1726 germi-

239 1741 447 1811 ρύεται’
482 1745 511 1798 ὀ
540 1743 597 1797 δὲ
639 1745 797 1810 τόκος
835 1748 1076 1818 σήμερον
1111 1749 1387 1816 γεννᾶται,
1437 1751 1531 1804 καὶ
1575 1753 1816 1824 σήμερον

1919 1748 2088 1795 nant:
2127 1755 2297 1795 usura
2329 1755 2458 1794 vero
2490 1740 2648 1796 hodie
2682 1750 2996 1811 generatur,
3033 1750 3087 1796 et
3117 1741 3279 1799 hodie
3311 1761 3496 1815 parere

237 1833 322 1888 .05
347 1833 552 1888 τίκτειν
577 1835 826 1908 ἄρχεται.
855 1836 974 1891 Τῶν
1006 1838 1355 1910 αὐξουμένων
1383 1839 1635 1904 ἕκαστον,
1667 1844 1817 1894 ἐπει-

1920 1831 2133 1901 incipit.
2179 1831 2459 1902 Quidquid
2488 1834 2707 1898 crescit,
2740 1833 2829 1888 ubi
2868 1833 2935 1887 ad
2983 1835 3258 1905 propriam
3293 1838 3495 1908 magni-

238 1926 322 1980 ίαν
348 1928 485 1998 πρὸς
507 1927 568 1981 τὸ
594 1932 792 1985 οίκεῖον
825 1931 1090 2002 ἀφίκηται
1125 1931 1375 2002 μέγεθος,
1405 1937 1505 2005 τῆς
1537 1934 1816 2005 αὐξήσεως

235 2034 465 2073 σταται·
505 2020 568 2074 τὸ
598 2019 655 2074 δὲ
688 2021 796 2075 τῶν
829 2021 1169 2077 πλεονεκτῶν
1213 2025 1476 2096 ἀργύριον
1515 2024 1594 2096 τῷ
1639 2027 1816 2096 χρόνῳ

234 2113 390 2164 παντὶ
420 2109 890 2185 συμπαραύξεται.
923 2113 1005 2167 Τὰ
1031 2113 1147 2178 ζῶα
1181 2115 1489 2188 παραδόντα
1517 2121 1630 2180 τοῖς
1660 2117 1817 2186 ἐκγό-

232 2217 337 2265 Ioc;
376 2202 451 2274 (2)
497 2202 557 2256 τὺ
588 2203 816 2268 τίκτειν,
861 2203 1002 2256 αὐτὰ
1039 2205 1135 2275 τῆς
1177 2206 1426 2274 κυήσεως
1463 2204 1715 2259 παύεται·
1746 2204 1814 2259 τὰ

229 2293 276 2346 se
305 2293 416 2347 τῶν
437 2294 728 2348 δανειστῶν
761 2293 1000 2367 ἀργύρια
1023 2296 1117 2348 καὶ
1143 2295 1212 2348 τὰ
1241 2295 1594 2365 ἐπιγινόμενα
1615 2296 1808 2360 τίκτει,

229 2385 317 2439 ita).
347 2385 416 2438 τὰ
440 2386 641 2458 ἀρχαῖα
670 2385 872 2452 νεάζει.
908 2389 1020 2442 Καὶ
1049 2387 1236 2457 ῶσπερ
1263 2388 1352 2442 ἐπὶ
1380 2389 1478 2458 τῆς
1506 2387 1734 2459 χολέρας
1763 2389 1811 2440 ot

227 2478 281 2532 τὺ
309 2479 397 2533 ἀεὶ
426 2481 825 2552 προϊστάμενον
862 2480 1204 2553 ἐξαιροῦντες
1242 2480 1341 2552 (5),
1383 2480 1477 2533 καὶ
1507 2481 1637 2550 πρὶν
1671 2497 1811 2533 παν-

225 2567 391 2635 τελῶς
425 2571 764 2642 καθαρθῆναι
795 2567 1052 2644 δευτέραν
1079 2572 1282 2644 τροφὴν
1312 2571 1807 2642 ἐπεμϐαλλόμενοι,

225 2663 383 2717 πάλιν
411 2663 604 2734 ἐμοῦσι
634 2664 773 2735 μετά
798 2663 989 2736 ὀδύνης
1021 2666 1115 2718 καὶ
1147 2663 1511 2736 σπαραγμῶν·
1546 2662 1687 2716 οὕτω
1717 2663 1810 2716 καὶ

224 2757 266 2808 ›ί
306 2753 710 2828 δανειζόμενοι,
746 2756 940 2820 τόκους
972 2760 1037 2810 ἐκ
1072 2757 1244 2810 τόκων
1279 2756 1806 2827 μεταλαμϐάνοντες,

221 2847 315 2900 καὶ
350 2847 482 2918 πρὶν
519 2848 823 2920 ἐκκαθᾶραι
849 2848 918 2901 τὰ
946 2847 1169 2920 πρῶτα,
1200 2847 1452 2918 δεύτερον
1482 2846 1806 2914 ἐπεισάγονο

224 2957 310 3004 τες
331 2941 624 3012 δάνεισμα,
656 2941 848 3013 μικρὸν
881 2939 1072 3012 χρόνον
1103 2945 1215 3006 τοῖς
1247 2940 1546 3011 ἀλλοτρίοις
1575 2939 1806 3012 ἐναϐρυ-

221 3033 468 3104 νόμενοι,
523 3033 752 3106 ὕστερον
803 3036 898 3088 καὶ
941 3036 1009 3088 τά
1053 3034 1230 3087 οἰκεῖα
1280 3032 1578 3104 ὠδύραντο.
1645 3030 1807 3086 Ἀλλά

218 3125 436 3190 πολλοὶ,
498 3127 666 3197 φησὶ,
725 3124 821 3179 καὶ
887 3126 951 3178 ἐκ
1016 3124 1375 3196 δανείσματος
1441 3123 1800 3195 ἐπλούτησαν.

1919 1924 2165 1978 tudinem
2201 1925 2531 1994 pervenerit,
2555 1925 2759 1980 desinit
2794 1926 3014 1995 augeri;
3045 1943 3337 1982 avarorum
3373 1945 3495 1985 vero

1917 2025 2203 2085 argentum
2235 2017 2384 2070 omni
2410 2024 2654 2086 tempore
2676 2020 2941 2087 augescit.
2973 2019 3242 2074 Animalia
3266 2019 3358 2075 ubi
3389 2038 3494 2076 sua

1917 2108 2257 2177 soboli‘vim
2319 2108 2740 2177 impertiverunt
2804 2112 3077 2182 pariendi,
3141 2114 3494 2182 supersedth

1915 2203 2320 2269 praegnatione:
2349 2209 2402 2254 at
2433 2203 2801 2257 feneratorum
2833 2205 3080 2274 pecuniae
3109 2214 3164 2260 et
3195 2206 3494 2262 adnascen-

1915 2297 1998 2346 tes
2031 2293 2286 2362 pariunt,
2337 2301 2392 2348 et
2438 2303 2650 2350 veteres
2689 2308 3044 2352 renovantur.
3076 2299 3152 2370 (5)
3186 2297 3252 2351 Et
3285 2299 3429 2354 sicut
3460 2299 3494 2354 ii

1912 2384 2006 2453 qui
2033 2385 2254 2440 cholera
2276 2387 2548 2452 laborant,
2571 2388 2627 2443 id
2655 2406 2870 2459 semper
2896 2391 3042 2460 quod
3065 2401 3191 2445 ante
3219 2400 3494 2460 sumptum

1912 2485 2018 2542 est,
2047 2476 2297 2546 ejiciunt,
2326 2486 2379 2534 et
2404 2481 2449 2534 si
2471 2483 2880 2551 anteintegram
2909 2484 3288 2553 purgationem
3311 2483 3493 2538 cibinn

1913 2570 2146 2624 alterum
2182 2572 2427 2641 capiunt,
2465 2575 2616 2626 hunc
2649 2591 2844 2630 rursus
2878 2592 3003 2630 cum
3044 2576 3252 2640 dolore,
3285 2585 3338 2630 et
3369 2591 3494 2630 cum

1911 2677 2204 2716 nervorum
2239 2666 2597 2720 eonvulsione
2623 2675 2913 2720 evomunt:
2949 2668 3030 2723 sic
3058 2667 3148 2736 qui
3179 2666 3368 2722 fenore
3403 2683 3494 2720 ac-

1910 2753 2141 2823 cipiunt,
2179 2756 2368 2810 usuris
2411 2772 2702 2811 usurarum
2744 2773 2866 2814 sese
2905 2767 3223 2822 onerantes,
3248 2766 3304 2813 et
3337 2767 3493 2812 ante-

1908 2861 2072 2916 quam
2095 2846 2306 2916 priores
2328 2863 2507 2902 usurae
2533 2859 2836 2920 purgentur
2855 2888 2870 2915 ,
2895 2851 3124 2905 alteram
3149 2850 3492 2920 adjicientes.

1908 2951 2210 3008 parumper
2239 2939 2296 2992 in
2330 2940 2524 2995 alienis
2553 2942 2792 3011 gloriati,
2828 2951 2944 2996 tum
2968 2943 3188 2997 demum
3218 2942 3295 2997 rei
3328 2941 3492 2996 etiam

1909 3028 2199 3083 familiaris
2245 3029 2521 3099 jacturam
2584 3033 2792 3103 lugent.
2845 3033 3032 3104 Atqui,
3084 3032 3292 3104 inquis,
3336 3035 3492 3088 multi

1907 3121 2070 3176 etiam
2107 3121 2295 3177 fenore
2328 3123 2455 3178 facti
2489 3136 2617 3181 sunt
2642 3126 2862 3181 divites.
2889 3126 2958 3179 At
2991 3141 3120 3181 vero
3147 3128 3362 3196 plures,
3399 3142 3490 3179 ar-

218 3185 445 3282 ῐῐλείους
615 3185 789 3289 οίμαι,
829 3216 924 3271 καὶ
966 3215 1176 3288 βρόχων
1207 3185 1436 3288 ἥψαντο.
1483 3216 1554 3268 Σὺ
1589 3185 1804 3279 δὲ’τοὺς

1914 3212 2102 3278 bitror,
2137 3214 2204 3268 ad
2243 3214 2474 3286 laqueos
2514 3225 2906 3285 pervenerunt.
2946 3215 3028 3271 Tu
3063 3185 3198 3272 vero
3237 3225 3492 3287 strangur-

214 3309 639 3382 ἀπαγξαμένους
665 3310 765 3364 οὐκ
786 3309 1061 3382 ἀριθμεῖς,
1093 3307 1143 3361 οἳ
1168 3307 1266 3380 τὴν
1297 3309 1389 3362 ἐπὶ
1414 3309 1534 3370 ταῖς
1558 3308 1804 3378 ἀπαντή-

216 3413 371 3456 σεσιν
415 3403 490 3472 (4)
543 3403 806 3474 αἰσχύνην
865 3400 938 3473 μὴ
987 3401 1267 3473 φέροντες,
1315 3399 1406 3452 τὸν
1451 3399 1518 3452 δι’
1565 3399 1806 3469 ἀγχόνης

215 3496 447 3550 θάνατον
492 3493 588 3548 τοῦ
641 3493 1016 3557 ἐπονειδίστως
1061 3493 1160 3564 ζῇν
1205 3492 1603 3564 προετίμησαν.
1649 3486 1805 3542 Εἶδον

213 3583 329 3658 ἐγὼ
365 3588 598 3643 ἐλεεινὸν
627 3587 838 3657 θέαμα,
871 3587 1069 3650 παῖδας
1102 3585 1418 3657 ἐλευθέρους
1452 3585 1593 3656 ὑπὲρ
1625 3583 1805 3655 χρεῶν

215 3679 500 3752 πατρικῶν
541 3678 863 3750 ἑλκομένους
901 3680 982 3742 είς
1027 3677 1088 3730 τὸ
1131 3679 1452 3750 πρατήριον.
1502 3676 1616 3729 Οὐκ
1661 3675 1805 3745 ἔχεις

215 3772 540 3826 καταλιπεῖν
579 3774 836 3844 χρήματα
868 3773 980 3834 τοῖς
1011 3771 1204 3834 παισί;
1237 3769 1312 3840 μὴ
1355 3769 1675 3840 προσαφέλῃ
1711 3767 1805 3820 καὶ

211 3865 316 3935 τὴν
345 3863 641 3933 εὐγένειαν.
679 3863 774 3917 Ἓν
794 3862 951 3916 τοῦτο
970 3862 1298 3932 διατήρησον
1323 3861 1504 3924 αὐτοῖς
1530 3859 1591 3912 τὸ
1617 3860 1804 3930 κτῆμα

213 3957 316 4028 τῆς
342 3955 682 4028 ἐλευθερίας,
712 3955 813 4029 τὴν
845 3954 1336 4027 παρακαταθήκην,
1389 3953 1457 4024 ἢν
1502 3952 1654 4024 παρα
1694 3951 1804 4004 τῶν

213 4049 420 4116 γονέων
464 4046 791 4119 παρέλαϐες.
833 4044 1021 4109 Οὐδεὶς
1061 4044 1251 4098 πενίαν
1289 4041 1496 4114 πατρὸς
1539 4041 1803 4112 ἐνεκλήθη

213 4133 370 4188 ποτέ·
405 4133 628 4206 ὄφλημα
653 4135 710 4188 δὲ
740 4132 992 4204 πατρῷον
1023 4135 1104 4196 είς
1130 4131 1505 4203 δεσμωτήριον
1537 4130 1681 4198 ἄγει.
1718 4129 1804 4200 Μὴ

214 4223 524 4298 καταλίπῃς
571 4229 949 4297 γραμματεῖον
982 4223 1171 4294 ὥσπερ
1223 4222 1361 4296 ἀρὰν
1416 4222 1687 4294 πατρικὴν
1725 4225 1805 4286 είς

213 4317 413 4382 παῖδας
434 4319 867 4372 καταϐαίνουσαν
891 4317 985 4372 καὶ
1011 4318 1288 4387 ἐκγόνους.

287 4409 342 4465 7.
370 4410 639 4477 Πλοῦτος
657 4410 789 4482 γὰρ,
816 4411 1000 4482 φησὶν,
1021 4411 1130 4464 ἐὰν
1144 4409 1281 4478 ῥέῃ,
1299 4407 1384 4478 μὴ
1411 4407 1806 4476 προστίθεσθε

1905 3305 2048 3362 latos
2074 3323 2184 3362 non
2214 3323 2499 3372 numeras,
2531 3309 2624 3379 qui
2651 3309 3095 3365 vadimoniorum
3124 3308 3364 3364 dedecus
3394 3309 3491 3364 ml-

1905 3398 2053 3453 nime
2083 3397 2345 3463 ferentes,
2384 3401 2489 3454 sibi
2519 3408 2751 3456 mortem
2789 3402 3101 3456 maluerunt
3140 3400 3336 3471 laqueo
3361 3415 3494 3456 con—

1905 3491 2166 3557 sciscere,
2205 3507 2369 3561 quam
2411 3494 2680 3562 probrose
2724 3493 2925 3548 vivere.
2970 3491 3092 3548 Vidi
3133 3508 3235 3563 ego
3265 3493 3494 3549 misera-

1904 3579 2014 3635 bile
2066 3584 2497 3651 spectaculum,
2557 3585 2830 3653 ingenuos
2879 3599 3082 3654 pueros
3114 3625 3130 3650 ,
3184 3584 3256 3638 ob
3317 3585 3490 3654 patris

1904 3671 2131 3735 debita,
2189 3674 2408 3728 venales
2467 3674 2525 3727 in
2587 3673 2768 3728 forum
2826 3675 3092 3744 pertrahi.
3146 3673 3267 3730 Non
3323 3675 3493 3734 habes

1904 3763 2191 3833 pecuniam
2217 3780 2379 3834 quam
2411 3766 2693 3836 relinquas
2719 3765 2844 3820 [iliis
2867 3767 2890 3818 ?
2919 3766 3064 3821 Cave
3095 3767 3489 3836 ingenuitatem

1904 3855 1985 3911 eis
2031 3855 2271 3913 auferas.
2321 3856 2500 3914 Unam
2546 3858 2686 3913 hanc
2733 3859 2866 3928 ipsis
2909 3874 3178 3914 conserva
3221 3860 3492 3916 libertatis

1908 3950 2337 4019 possessionem,
2371 3950 2679 4020 depositum
2710 3953 2866 4015 illud,
2901 3950 3047 4022 quod
3091 3967 3119 4004 a
3169 3953 3490 4021 parentibus

1906 4041 2190 4112 accepisti.
2240 4041 2458 4098 Nemini
2507 4060 2745 4114 unquam
2798 4043 2973 4114 patris
3018 4051 3316 4114 paupertas
3362 4043 3490 4099 data

1904 4144 1990 4188 est
2014 4135 2269 4188 crimini:
2305 4143 2360 4188 at
2391 4145 2679 4206 paternum
2706 4136 2951 4191 debitum
2983 4138 3038 4189 in
3073 4150 3349 4190 carcerem
3377 4135 3483 4189 du-

1907 4227 2002 4280 cit.
2048 4222 2127 4281 Ne
2174 4227 2457 4296 relinquas
2486 4227 2853 4299 syngrapham
2882 4243 2982 4282 ceu
3013 4236 3298 4297 paternam
3332 4242 3491 4283 exse-

1906 4318 2210 4372 orationem
2246 4317 2300 4371 in
2341 4317 2482 4372 ﬁlios
2509 4333 2574 4370 ac
2612 4327 2838 4388 nepotes
2867 4317 3312 4373 descendentem.

1979 4409 2030 4462 7.
2059 4408 2134 4480 (6)
2167 4405 2376 4461 Divitia:
2405 4409 2573 4472 enim,
2607 4408 2807 4478 inquit,
2835 4409 2883 4462 si
2917 4407 3160 4479 aﬂluant,
3200 4410 3364 4463 nolite
3399 4425 3495 4464 core

211 4501 488 4571 καρδίαν.
539 4502 831 4573 Θαύμασω
869 4501 967 4573 τὴν
1007 4503 1214 4574 φωνήν.
1251 4489 1568 4567 Πλοῦτος,
1609 4501 1802 4571 φησὶν,

1914 4513 2168 4570 apponere
2197 4500 2264 4556 “.
2290 4499 2443 4554 Hanc
2469 4515 2658 4554 vocem
2690 4501 2986 4556 admirare.
3021 4499 3257 4567 Divitiw,
3287 4500 3487 4570 inquit,

211 4588 324 4648 ἐὰν
341 4593 474 4662 ῥέῃ.
519 4591 744 4666 Ῥευστὴ
779 4595 813 4665 ἡ
863 4595 1024 4663 φύσις
1063 4591 1155 4646 τοῦ
1198 4592 1454 4655 πλούτου,
1493 4592 1799 4663 χειμάρρου

210 4684 468 4757 ὀξύτερον
515 4687 640 4749 τοὺς
689 4685 910 4756 ἔχοντας
973 4684 1330 4756 παρατρέχει·
1398 4683 1586 4738 ἄλλοτε
1642 4681 1800 4736 ἄλλον

209 4777 426 4846 πέφυκε
483 4777 942 4850 παραμείϐεσθαι.
999 4777 1112 4830 Καὶ
1162 4775 1352 4848 ῶσπερ
1405 4775 1647 4846 ποταμὸς
1703 4775 1798 4845 ἀφ’

209 4872 420 4945 ὕψηλοῦ
461 4873 779 4945 φερόμενος,
827 4872 1037 4942 ἐγγίζει
1093 4871 1190 4943 μὲν
1233 4873 1346 4934 τοῖς
1384 4868 1699 4940 παρεστῶσι
1731 4871 1795 4940 τῇ

207 4966 370 5040 ὄχθῃ,
417 4966 552 5037 ὁμοῦ
595 4966 652 5019 δὲ
694 4965 871 5038 ἥψατο
907 4967 1002 5020 καὶ
1040 4964 1202 5027 εὐθὺς
1237 4960 1612 5034 ὑπεχώρησεν·
1656 4960 1798 5014 οὕτω

208 5059 306 5110 καὶ
346 5059 380 5128 ἡ
427 5056 522 5111 τοῦ
571 5056 802 5110 πλούτου
842 5055 1063 5110 εὐκολία
1098 5053 1366 5124 ὀξυτάτην
1402 5051 1517 5121 ἔχει
1552 5053 1646 5104 καὶ
1685 5050 1795 5102 ὀλι-

211 5143 421 5217 σθηρὰν
478 5145 578 5218 τὴν
633 5147 956 5218 παρουσίαν,
1003 5145 1098 5200 καὶ
1143 5143 1335 5208 ἄλλους
1377 5141 1436 5208 ἐξ
1483 5141 1656 5196 ἄλλων
1697 5158 1796 5194 πα-

282 5303 328 5333 ⁶⁶
358 5301 511 5358 Psal.
546 5318 661 5369 ut,
693 5304 783 5358 Η.

281 5486 359 5558 (1)
391 5487 495 5558 Διά
518 5488 632 5554 τὴν
659 5487 1054 5556 πολυγυγιαν.
1096 5485 1188 5558 Sic
1226 5497 1365 5542 mss.
1400 5493 1456 5541 et
1501 5490 1790 5540 contextus

209 5556 420 5613 Basilii.
454 5557 596 5613 Editi
629 5558 718 5613 διὰ
741 5558 867 5611 τινὰ
892 5557 1235 5625 πολυγονίαν.

283 5628 359 5696 (2)
397 5627 524 5696 Τοῖς
555 5629 844 5698 ἐκγόνοις.
886 5629 980 5682 Sic
1032 5624 1282 5682 Codicum
1329 5626 1468 5681 alter
1506 5634 1562 5680 et
1603 5624 1791 5680 Basilii

211 5705 522 5754 contextus.
565 5697 704 5753 Editi
731 5699 994 5767 ἐγγόνοις.

286 5769 362 5836 (5)
403 5765 831 5838 Ἐξαιροῦντές⁷.
860 5769 1080 5840 Legitur
1111 5770 1166 5824 in
1192 5776 1450 5825 contextu
1475 5765 1787 5839 ἐξερῶντες.

1904 4595 1951 4650 εἰ
2002 4595 2241 4664 afﬂuant.
2276 4592 2447 4647 Fluxa
2486 4601 2572 4649 est
2617 4592 2935 4647 divitiarum
2981 4599 3200 4656 natura,
3247 4599 3494 4647 torrente

1900 4684 2065 4739 citius
2105 4683 2508 4754 praeterlabitur
2550 4698 2937 4754 possessores,
2970 4681 3134 4754 497
3167 4682 3304 4735 alios
3328 4680 3492 4736 aliter

1901 4778 2042 4832 solet
2072 4785 2302 4832 mutare.
2335 4776 2809 4842 Quemadmodum
2833 4773 3030 4830 ﬂuvius
3052 4775 3122 4828 ab
3142 4775 3253 4828 alto
3278 4773 3492 4835 labens.

1897 4869 1966 4924 iis
1993 4868 2212 4938 quidem
2252 4868 2346 4938 qui
2397 4867 2466 4922 ad
2512 4867 2686 4936 ripam
2740 4872 2922 4920 astant
2940 4865 3364 4935 apprOpinquat,
3395 4864 3493 4919 sed

1899 4961 2065 5014 simul
2091 4968 2148 5012 ut
2175 4959 2431 5030 contigit,
2470 4960 2655 5014 statim
2686 4958 2933 5014 secedit:
2968 4959 3045 5012 ita
3075 4958 3241 5012 etiam
3271 4955 3487 5012 divitia-

1900 5070 2022 5109 rum
2079 5054 2416 5109 instabilitas
2457 5052 2862 5108 velocissimam
2911 5050 3292 5120 luhricamque
3343 5064 3486 5120 prae-

1901 5143 2136 5200 sentiam
2179 5144 2365 5210 habet,
2416 5143 2555 5200 alios
2602 5159 2670 5198 ex
2721 5143 2845 5198 aliis
2893 5149 3212 5213 permutare
3259 5141 3481 5195 solitam

1970 5481 2048 5552 (4)
2093 5478 2569 5552 Ἀπαντήσεσιν.
2603 5477 2789 5548 Longe
2823 5474 3156 5552 prmierenda
3191 5474 3306 5528 hate
3345 5474 3490 5528 scri-

1900 5547 2061 5624 ptura
2090 5552 2140 5608 ei
2171 5565 2293 5624 qua:
2333 5549 2531 5620 legitur
2561 5551 2615 5603 in
2649 5547 2908 5604 contextu
2935 5547 3312 5619 ἀπαιτήσεσιν,
3359 5558 3488 5600 θαα-

1898 5622 2129 5688 ὲιίοηιιηι
2156 5622 2396 5676 dedecus.

1968 5695 2047 5760 (5))
2080 5691 2155 5746 Ex
2177 5692 2325 5746 hom.
2349 5692 2403 5742 in
2436 5688 2574 5760 psal.
2606 5701 2718 5753 XIV,
2749 5687 2872 5760 112.

1971 5758 2045 5835 (6)
2071 5762 2147 5818 Ex
2185 5764 2330 5821 hom.
2365 5762 2417 5814 iu
2446 5758 2580 5815 mal.
2616 5773 2730 5825 ui,
2765 5759 2884 5816 198.
