3874 6224
324 305 460 359 1179
1211 302 1580 359 APPENDIX.
1617 334 1686 344 —
1728 302 1955 359 SYMEU

2062 304 2081 358 Ξ
2120 300 2659 358 ΜΕΤΑΡΗΒΑΒΤᾸΞ
3465 305 3603 356 1180

327 419 501 476 Hodie
535 421 700 491 hujus
734 428 819 476 εει
869 436 1021 492 ager,
1070 435 1194 475 cras
1223 421 1473 483 alterius,
1505 429 1559 476 ct
1590 422 1753 491 paulo
1786 429 1911 492 post
1940 444 1955 486 Α

2062 420 2378 492 ιμείϐεσθαι
2428 420 2754 489 πεφυκυῖαν.
2819 417 3061 487 Σήμερον
3109 414 3265 467 τοῦδε
3314 415 3347 467 ὁ
3402 414 3599 483 ἀγρὸς,

328 514 493 569 alius.
519 513 752 585 Respice
775 514 843 568 ad
869 514 1107 568 civitatis
1135 514 1368 577 domos;
1399 521 1534 584 quot
1553 513 1664 583 jam
1690 514 1912 568 nomina

2062 515 2112 566 xi.
2156 513 2222 567 αὖ
2234 530 2344 585 ριον
2384 512 2566 579 ἄλλου,
2612 512 2707 564 καὶ
2739 510 2855 582 μετ’
2901 509 3081 577 ὀλίγον
3124 508 3304 562 ἄλλον.
3353 506 3609 559 ’Δπύϐλε-

326 621 397 660 ex
426 620 537 676 quo
559 615 853 660 exstructa:
884 615 1031 669 sunt,
1065 619 1346 674 accepere,
1377 604 1539 658 aliter
1561 605 1627 658 ab
1646 606 1755 660 alio
1785 620 1915 676 pos-

2062 624 2116 659 ον
2149 606 2286 677 πρὸς
2326 605 2426 669 τάς
2465 607 2609 677 ἐντῇ
2657 604 2810 658 πόλει
2848 603 3045 667 οἰκίας,
3087 602 3232 655 πόσα
3273 600 3377 670 ἤδη
3413 599 3510 667 ἀφ’
3544 593 3608 653 οὗ

331 710 552 751 sessore
581 696 889 765 appellatae.
939 696 1248 761 Quinctiam
1281 711 1476 750 aurum
1505 712 1723 767 semper
1750 712 1780 751 e
1807 711 1917 750 ma-

2062 698 2307 766 εγόνασιν
2350 697 2589 768 ὀνόματα
2635 696 3040 769 μετειλήφασιν,
3076 694 3267 749 ἄλλοτε
3306 692 3405 746 ἀπ’
3445 690 3606 744 ἄλλου

330 788 500 842 nibus
547 786 670 857 ejus
713 803 875 857 quem
917 802 1084 857 penes
1126 797 1232 853 est,
1279 788 1525 856 elabcns,
1563 788 1631 843 ad
1685 788 1916 845 alterum

2062 790 2128 844 ὧν
2171 789 2523 860 κεκτημένων
2555 788 2970 860 ὀνομαζόμεναι.
3007 786 3114 841 Καὶ
3148 784 3353 858 χρυσὸς
3388 783 3478 837 ἀεὶ
3513 783 3610 847 τὰς

333 881 555 947 transit,
597 888 652 936 et
683 880 752 935 ab
781 879 875 936 illo
912 878 981 933 ad
1009 880 1199 934 alium.
1232 879 1703 950 Compreliensam
1749 894 1918 935 manu

2062 882 2118 936 ού
2160 881 2374 953 εχοντος
2415 884 2602 952 χεῖρας
2647 880 2934 953 διαρρέων,
2969 881 3054 948 ἐφ’
3087 879 3273 949 ἕτερον
3320 874 3609 943 διαϐαίνει,

339 987 540 1043 aquam
573 972 793 1027 facilius
822 972 1005 1041 possis
1035 971 1338 1035 continere,
1369 984 1534 1041 quam
1564 969 1791 1025 divitias
1819 968 1920 1024 tibi

338 1071 659 1119 constanter
696 1078 935 1118 servare.
970 1061 1047 1118 Ne
1071 1063 1237 1133 igitur
1263 1061 1513 1116 invideas
1534 1076 1565 1116 e
1586 1061 1744 1115 valde
1768 1060 1923 1114 locu-

337 1148 576 1227 pletibus
628 1156 907 1225 cuipiam,
943 1171 1122 1225 neque
1168 1154 1290 1224 ejus
1340 1155 1507 1207 vitam
1556 1153 1768 1208 beatam
1802 1167 1926 1208 esse

341 1247 601 1302 duxeris:
633 1248 758 1302 etsi
790 1246 1033 1317 undique
1061 1261 1124 1300 ac
1159 1262 1225 1301 ex
1262 1245 1418 1300 uberi
1455 1244 1687 1298 fontium
1738 1251 1925 1298 scatu-

342 1338 520 1409 rigine
549 1337 935 1394 circumﬂuant
957 1337 1225 1408 pecuniae,
1254 1353 1323 1392 ne
1344 1337 1487 1390 hanc
1508 1350 1689 1391 rerum
1714 1336 1927 1406 c0piam

345 1432 693 1502 amplexeris.
722 1429 952 1502 (l);Non
996 1446 1212 1499 semper
1260 1428 1551 1484 laudabilis
1581 1436 1666 1483 est
1695 1443 1931 1499 pauper-

345 1529 455 1585 tas,
490 1521 586 1577 sed
621 1535 743 1591 qua:
778 1520 1082 1575 secundum
1118 1519 1494 1588 evangelicum
1536 1519 1831 1573 consilium
1865 1534 1932 1573 ex

347 1613 519 1668 libera
549 1613 832 1667 voluntate
860 1611 1161 1681 perlicitur.
1202 1609 1354 1663 Multi
1380 1609 1547 1675 enim,
1576 1624 1701 1664 cum
1728 1624 1934 1679 paupe-

351 1721 443 1761 res
473 1705 603 1772 sint,
636 1705 683 1759 si
713 1703 1002 1758 facultates
1031 1711 1268 1773 spectes,
1301 1702 1586 1772 proposito
1614 1700 1932 1755 avarissimi

352 1804 517 1854 sunt:
549 1766 689 1867 quos
723 1810 833 1849 non
884 1766 1423 1864 salvat-indigentia,—
1466 1792 1562 1847 sed
1593 1792 1933 1862 pr0positum
1964 1766 2010 1823 Β

352 1894 704 1949 condemnat.
746 1892 822 1962 (2)
861 1889 1074 1946 Divitiae
1117 1900 1297 1946 autem
1332 1899 1387 1946 et
1432 1890 1628 1962 gloria,
1664 1899 1934 1961 quatenus

354 1983 530 2039 bonos
554 1996 664 2037 non
691 1982 928 2037 reddunt
952 1995 1326 2051 possessores,
1354 1996 1462 2036 non
1496 1988 1624 2036 sunt
1650 1997 1717 2035 ex
1744 1996 1936 2036 eorum

355 2089 587 2130 numero
614 2113 629 2136 ,
671 2088 793 2144 quae
828 2081 1026 2127 natura
1071 2081 1200 2128 sunt
1246 2072 1431 2127 bona:
1487 2082 1761 2143 quatenus
1807 2087 1939 2127 vero

356 2168 777 2240 prosperitatem
822 2165 1118 2240 quamdam
1171 2164 1226 2218 in
1276 2165 1390 2219 vita
1440 2172 1632 2219 nostra
1676 2163 1938 2230 eliiciunt,

358 2256 535 2328 magis
566 2239 861 2311 contrariis
907 2254 1158 2325 eligenda
1191 2264 1323 2311 sunt
1356 2264 1679 2326 paupertate
1704 2265 1759 2311 et
1784 2257 1942 2327 igno-

360 2346 554 2402 minia.
582 2347 763 2417 Atque
790 2347 904 2402 haec
929 2346 1150 2417 quidem
1182 2347 1462 2403 nonnullis
1497 2347 1564 2401 ad
1607 2348 1945 2403 distribuen-

361 2437 492 2492 dum
529 2437 733 2492 dantur
762 2452 792 2492 a
826 2437 937 2493 Deo
970 2437 1120 2492 velut
1146 2426 1446 2502 Abraham,
1472 2436 1665 2504 Jacob,
1698 2446 1752 2493 et
1787 2437 1944 2493 simi-

363 2530 532 2585 libus.
566 2531 836 2601 lmprobis
869 2545 999 2584 vero
1024 2529 1342 2600 provocatio
1370 2536 1520 2594 sunt,
1554 2537 1613 2583 ut
1645 2545 1705 2585 se
1739 2531 1807 2584 ad
1830 2545 1946 2585 me-

364 2622 563 2677 liorem
594 2622 806 2693 frugem
843 2623 1136 2693 recipiant,
1167 2623 1243 2676 ita
1289 2630 1347 2677 ut
1377 2624 1474 2693 qui
1514 2630 1639 2692 post
1675 2633 1882 2677 tantam
1915 2638 1947 2676 a

364 2713 480 2770 Deo
515 2714 872 2786 benignitatis
910 2715 1367 2787 significationem
1400 2726 1715 2786 perseverat
1748 2717 1801 2770 in
1837 2717 1947 2770 ini-

366 2809 595 2879 quitate,
647 2824 706 2864 se
745 2809 864 2879 ipse
911 2810 1031 2864 sine
1079 2809 1190 2863 ulla
1236 2810 1614 2864 excusationis
1653 2811 1812 2864 venia
1853 2808 1952 2863 ob-

370 2898 598 2953 noxium
661 2897 1108 2952 condemnationi
1163 2898 1486 2954 constituat.
1560 2896 1665 2964 Qui
1729 2898 1950 2968 quidem

2025 975 2120 1028 καὶ
2154 975 2248 1029 ἀπ’
2287 975 2499 1028 ἐκείνου
2542 974 2680 1045 πρὸς
2727 973 2903 1028 ἄλλον.
2936 974 3151 1028 Μᾶλλον
3192 971 3422 1025 δύνασαι
3470 969 3613 1041 ὕδωρ

2025 1070 2093 1139 τῇ
2136 1069 2280 1140 χειρὶ
2327 1065 2638 1137 περιλαϐὼν
2680 1068 3003 1137 κατασχεῖν,
3034 1064 3068 1136 ἢ
3106 1064 3340 1119 πλοῦτον
3374 1062 3613 1134 διαρκῶς

2030 1160 2241 1232 σεαυτῷ
2269 1163 2623 1234 ωντηρῆσαι.
2657 1159 2749 1231 Μὴ
2791 1159 2972 1212 τοίνυν
3006 1155 3257 1229 ζηλώσῃς
3297 1156 3412 1211 τῶν
3451 1157 3618 1226 ὑπερ-

2030 1253 2400 1308 πλουτούντων
2432 1254 2574 1319 τινὰ,
2610 1252 2744 1324 μηδὲ
2779 1250 3090 1322 μακαρίσῃς
3122 1248 3286 1304 αὐτοῦ
3312 1248 3415 1320 τὴν
3447 1247 3614 1317 ζωήν·

2031 1345 2137 1399 κᾶν
2178 1345 2503 1415 πολλαχόθεν
2544 1362 2626 1398 σοι
2673 1343 2767 1397 καὶ
2806 1343 2867 1407 ἐξ
2909 1341 3154 1413 ἀφθόνων
3196 1340 3395 1412 πηγῶν
3429 1339 3622 1408 περιρ·

2035 1437 2135 1508 ῥέῃ
2160 1437 2230 1491 τὰ
2253 1440 2356 1509 χρή
2367 1455 2531 1510 ματα,
2563 1437 2636 1508 μὴ
2662 1435 2931 1509 προσδέξῃ
2950 1433 3129 1488 αὐτῶν
3150 1433 3249 1503 τὴν
3272 1430 3620 1502 περιουσίαν.

2035 1529 2148 1583 Ούκ
2187 1529 2274 1582 ἀεὶ
2312 1529 2370 1582 δὲ
2413 1528 2669 1599 ἐπαινετὴ
2712 1530 2746 1598 ἡ
2791 1527 3053 1597 πτωχεία,
3090 1525 3202 1580 ἀλλ’
3244 1527 3279 1596 ἡ
3319 1525 3388 1576 ἐκ
3427 1539 3624 1594 προαι-

2039 1621 2241 1691 ρέσεως
2272 1620 2414 1675 κατά
2439 1620 2530 1674 τὸν
2565 1618 2917 1688 εύαγγελικὸν
2953 1618 3154 1671 σκοπὸν
3185 1613 3623 1687 κατορθουμὲνη.

2040 1711 2235 1764 Πολλοὶ⁸
2269 1711 2378 1782 γὰρ
2409 1712 2615 1781 πτωχοὶ
2650 1710 2749 1780 μὲν
2781 1712 2847 1780 τῇ
2879 1707 3183 1780 περιουσίᾳ,
3227 1701 3630 1759 πλεονεκτικώ-

2036 1803 2263 1857 τατοιδέ
2292 1806 2358 1875 τῇ
2384 1802 2702 1873 προαιρέσει
2734 1799 3107 1871 τυγχάνουσιν’
3139 1797 3233 1861 οὓς
3256 1798 3360 1867 οὐχ
3391 1798 3426 1865 ἡ
3458 1795 3632 1847 ἔνδεια

2040 1895 2222 1960 σώζει,
2245 1894 2357 1949 ἀλλ’
2386 1896 2419 1966 ἡ
2443 1895 2763 1966 προαίρεσις
2805 1894 3144 1964 κατακρίνει.
3176 1890 3421 1952 Πλοῦτος
3449 1889 3511 1941 δὲ
3541 1887 3634 1939 καὶ

2039 1987 2186 2052 δόξα,
2228 1986 2362 2042 καθὸ
2410 1987 2506 2057 μὲν
2546 1988 2608 2040 οὐ
2648 1989 2792 2041 ποιεῖ
2820 1988 2945 2050 τοὺς
2979 1985 3204 2055 ἔχοντας
3230 1980 3497 2049 ἀγαθοὺς,
3538 1978 3633 2030 οὐκ

2041 2078 2156 2132 ἔστι
2186 2078 2296 2133 τῶν
2334 2079 2475 2132 κατὰ
2513 2077 2676 2148 φύσιν
2713 2077 2956 2147 ἀγαθῶν·
2994 2074 3129 2130 καθὸ
3161 2073 3222 2127 δὲ
3256 2071 3487 2143 εὕροιάν
3517 2086 3633 2123 τινα

2043 2172 2345 2245 παρέχεται
2376 2170 2534 2244 ἡμῶν
2562 2170 2640 2242 τῷ
2676 2170 2795 2241 βίῳ,
2830 2166 3168 2241 αἱρετώτερά
3190 2167 3311 2219 ἐστι
3344 2164 3458 2217 τῶν
3481 2165 3634 2217 ἐναν-

2042 2263 2196 2329 τίων,
2224 2262 2413 2325 πενίας
2435 2261 2531 2315 καὶ
2552 2259 2796 2331 ἀτιμίας.
2824 2258 3008 2313 Ταῦτα
3032 2257 3216 2329 μέντοι
3233 2257 3347 2319 τοῖς
3374 2255 3478 2325 μὲν
3497 2256 3635 2307 οἰκο-

2044 2354 2238 2424 νομίας
2259 2353 2444 2407 ἐνεκεν
2468 2351 2669 2405 δίδοται
2690 2348 2843 2422 παρά
2862 2349 2956 2403 τοῦ
2979 2348 3135 2413 Θεοῦ,
3157 2347 3234 2410 ὡς
3259 2345 3341 2417 τῷ
3363 2343 3632 2416 Ἀϐραὰμ,

2047 2448 2140 2501 καὶ
2157 2446 2235 2517 τῷ
2259 2443 2471 2511 Ἰακὼϐ,
2490 2444 2586 2498 καὶ
2607 2446 2719 2506 τοῖς
2742 2441 3026 2505 τοιούτοις.
3048 2440 3175 2503 Τοῖς
3198 2439 3257 2492 δὲ
3281 2435 3636 2507 φαυλοτέρας

2050 2538 2348 2611 πρόκλησίς
2373 2539 2489 2590 ἐστι
2516 2535 2608 2589 τοῦ
2641 2532 2993 2605 βελτιωθῆναι
3021 2530 3163 2585 κατά
3188 2529 3282 2583 τὸν
3305 2528 3537 2601 τρόπον,
3565 2525 3636 2588 ὡς

2049 2632 2077 2685 ὃ
2101 2648 2165 2701 γε
2197 2631 2336 2703 μετὰ
2366 2628 2634 2699 τοσαύτην
2677 2629 2740 2680 ἐκ
2781 2624 2916 2678 Θεοῦ
2961 2623 3207 2689 δεξίωσιν
3253 2620 3539 2692 ἐπιμένων
3572 2621 3635 2688 τῇ

2050 2721 2255 2793 ἀδικίᾳ,
2277 2721 2684 2792 ἀναπιρρἡως
2711 2717 2904 2771 ἑαυτὸν
2936 2715 3188 2770 ὑπόδικον
3215 2715 3283 2784 τῇ
3316 2710 3636 2782 κατακρίσει

2050 2815 2395 2888 καθίστησιν.
2440 2814 2499 2867 Ὁ
2543 2813 2727 2884 μέντοι
2773 2811 3000 2873 δίκαιος,
3044 2806 3169 2861 οὔτε
3210 2805 3483 2878 παρόντος
3526 2804 3638 2855 ἐπι-

2054 2909 2347 2981 στρέφεται
2374 2904 2470 2959 τοῦ
2500 2904 2762 2968 πλούτου,
2798 2900 2923 2956 οὕτε
2956 2899 3030 2973 μὴ
3068 2898 3337 2971 παρόντος
3371 2893 3634 2966 ἐπιζητεῖ·

365 2989 552 3060 justus
574 2996 678 3053 est,
711 3005 888 3059 neque
915 2989 982 3043 ad
1015 2989 1257 3053 divitias,
1290 3004 1416 3044 cum
1452 2990 1674 3053 adsunt,
1702 2989 1953 3060 adjungit

2062 3001 2116 3052 οὐ
2145 2998 2255 3068 γάρ
2287 2993 2686 3057 ἀπολαυστικός
2721 2993 2838 3045 ἐστι
2867 2987 2976 3043 τῶν
3005 2985 3327 3057 δεδομένων,
3356 2982 3473 3036 ἀλλ’
3503 2982 3641 3034 οἰκο-

372 3081 653 3147 animum;
685 3096 863 3150 neque
896 3096 1009 3145 eas,
1041 3095 1167 3134 cum
1199 3080 1420 3144 absunt,
1463 3080 1702 3150 exquirit
1728 3098 1742 3147 ;
1778 3079 1954 3150 siqui-

2062 3090 2297 3161 νομικός’
2355 3087 2530 3151 οὐδεὶς
2567 3085 2626 3139 δέ
2659 3083 2769 3139 τῶν
2801 3078 2861 3136 εὖ
2892 3077 3231 3151 φρονούντων
3265 3073 3549 3144 ἐπιτρέχει
3576 3073 3641 3143 τῇ

373 3172 496 3227 dem
526 3187 637 3225 non
663 3170 865 3225 fruitur
887 3171 1244 3244 concreditis,
1266 3171 1361 3226 sed
1384 3186 1573 3225 earum
1599 3171 1955 3226 administra-

2062 3181 2283 3254 ἀσχολίᾳ
2316 3180 2416 3251 τῆς
2455 3177 2566 3232 τῶν
2617 3173 2912 3247 ἀλλοτρίων
2946 3169 3226 3240 διανομῆς,
3262 3166 3358 3220 ἐὰν
3401 3165 3483 3236 μὴ
3516 3162 3641 3235 πρὸς

375 3274 464 3320 tor
495 3273 599 3320 εει.
633 3262 804 3321 Nemo
839 3273 1018 3320 autem
1065 3264 1308 3336 prudens
1354 3265 1633 3335 negotium
1682 3264 1854 3319 ambit
1900 3264 1955 3317 in

376 3358 572 3412 alienis
598 3357 763 3412 rebus
786 3357 1212 3423 distribuendis,
1263 3356 1371 3411 nisi
1403 3357 1708 3427 respexerit
1737 3356 1804 3411 ad
1836 3356 1957 3411 lau-

378 3450 503 3505 dem
538 3450 708 3520 vulgi,
739 3448 829 3504 cui
863 3449 1117 3505 homines
1150 3449 1205 3502 in
1237 3448 1421 3518 aliqua
1451 3448 1784 3502 auctoritate
1823 3461 1961 3501 con-

380 3543 559 3598 stituti
590 3541 944 3597 admirationi
968 3549 1098 3595 sunt
1131 3557 1195 3596 ac
1220 3540 1577 3595 aemulationi.
1612 3540 1688 3610 (5)
1720 3537 1877 3605 Quod
1914 3537 1962 3594 si

380 3636 439 3690 in
462 3635 813 3706 despicienda
842 3649 1076 3706 corpore
1096 3634 1379 3694 exercitati
1409 3647 1679 3699 essemus,
1703 3633 1793 3687 vix
1816 3631 1964 3686 aliud

382 3729 685 3799 quidquam
719 3728 1086 3783 humanarum
1122 3743 1305 3782 rerum
1348 3726 1772 3781 admiraremur.
1821 3723 1965 3792 Quid

383 3814 655 3885 enimjam
687 3813 869 3878 nobis,
904 3814 952 3869 si
980 3812 1230 3885 corporis
1256 3811 1563 3881 voluptates
1590 3808 1965 3871 fastidiamus,

385 3919 526 3973 opus
550 3905 622 3959 sit
642 3903 871 3969 divitiis,
894 3903 1148 3974 equidem
1178 3916 1287 3957 non
1310 3902 1507 3968 video;
1534 3901 1643 3956 nisi
1660 3899 1969 3970 jucundum

390 3995 462 4052 sit
491 4003 546 4050 et
574 4004 790 4067 gratum
822 3995 1105 4052 thesauris
1136 3993 1378 4050 defossis
1408 4008 1563 4048 more
1588 3990 1969 4047 fabulosarum

389 4089 691 4143 draconum
726 4087 1031 4159 invigilare.

463 4179 516 4232 8.
548 4176 625 4249 (4)
656 4178 713 4232 ld
748 4178 933 4248 itaque
955 4179 1292 4249 praecipuum
1320 4182 1425 4242 est,
1470 4182 1524 4231 et
1554 4175 1713 4245 cujus
1738 4173 1974 4228 maxime

394 4286 586 4325 curam
612 4286 803 4342 gerere
828 4270 1177 4326 Christianus
1224 4270 1402 4333 debet,
1459 4275 1517 4322 ut
1553 4266 1763 4323 vitiosis
1805 4265 1969 4321 ali'eco

396 4363 544 4418 tibus
574 4362 667 4432 qui
715 4362 852 4416 varii
890 4369 1021 4417 sunt
1059 4376 1123 4415 ac
1165 4361 1390 4424 diversi,
1424 4359 1775 4427 animamque
1822 4355 1979 4411 coin-

2056 3273 2155 3345 τὴν
2183 3273 2292 3327 τῶν
2325 3269 2537 3324 πολλῶν
2569 3268 2854 3338 ἀποϐλέπῃ
2886 3264 3063 3332 δόξαν,
3095 3261 3146 3316 οἳ
3181 3257 3526 3331 θαυμάζουσι
3556 3255 3643 3345 καί

2061 3344 2281 3436 ζηλοῦσι
2318 3362 2445 3424 τοὺς
2479 3362 2537 3413 ἐν
2567 3356 2784 3429 ἐξουσία
2817 3356 2925 3410 τινὶ
2968 3351 3340 3414 καθεστῶτας.
3376 3349 3441 3402 Εἰ
3470 3347 3529 3400 δέ
3556 3344 3642 3400 τοῦ

2063 3435 2314 3525 σώματος
2336 3449 2610 3522 ύπερορᾷν
2641 3446 3057 3518 μελετήσαιμεν,
3089 3440 3253 3511 σχολῇ
3278 3440 3332 3506 γ’
3356 3436 3425 3491 ἂν
3448 3435 3576 3491 ἄλλο
3594 3451 3643 3487 τι

2061 3546 2172 3600 τῶν
2207 3542 2561 3616 ἀνθρωπίνων
2601 3537 3005 3610 θαυμάσαιμεν,
3046 3533 3112 3586 Τί
3154 3532 3263 3603 γὰρ
3303 3531 3390 3584 ὅτι
3437 3526 3647 3601 χρησώ-

2069 3636 2208 3710 μεθα
2252 3634 2328 3706 (5)
2372 3632 2449 3704 τῷ
2491 3630 2736 3700 πλούτῳ,
2780 3628 2878 3691 τὰς
2913 3625 3000 3680 διὰ
3035 3623 3125 3678 τοῦ
3163 3627 3419 3694 σώματος
3465 3618 3645 3690 ἡδονὰς

2067 3726 2444 3800 ἀτιμάζοντες,
2486 3721 2597 3792 ἐγὼ
2641 3721 2739 3793 μὲν
2782 3720 2881 3789 οὐχ
2923 3717 3053 3790 ὁρᾶν
3098 3714 3235 3786 πλὴν
3277 3715 3325 3767 εί
3366 3710 3477 3784 μὴ,
3515 3710 3644 3764 κατὰ

2068 3821 2195 3881 τοὺς
2237 3820 2295 3870 ἐν
2339 3818 2454 3878 τοῖς
2494 3812 2683 3883 μύθοις
2732 3809 3051 3883 δράκοντας,
3091 3806 3288 3878 ⁴ἡδονήν
3340 3821 3466 3858 τινα
3502 3802 3644 3874 φέρει

2071 3910 2366 3982 θησαυροῖς
2390 3902 2899 3977 κατορωρυγμένοις
2927 3900 3317 3971 ἐπαγρυπνεῖν.

2145 4177 2200 4233 8.
2237 4175 2312 4230 Τὸ
2358 4173 2457 4245 μὲν
2497 4164 2589 4225 οὖν
2632 4165 3041 4241 προηγούμενόν
3086 4166 3256 4230 ἐστιν,
3306 4155 3370 4216 οὗ
3423 4160 3645 4232 μάλιστα

2077 4271 2344 4344 προσήκει
2366 4266 2457 4319 τὸν
2490 4264 2812 4334 Χριστιανὸν
2841 4255 3217 4329 ἐπιμελεῖσθαι
3239 4254 3342 4324 (6),
3366 4252 3647 4344 γυμνωθῆ-

2080 4343 2167 4420 ναι
2192 4365 2261 4417 τὰ
2283 4359 2428 4416 κατά
2447 4358 2545 4429 τὴν
2573 4355 2773 4409 κακίαν
2805 4351 2952 4423 πάθη
2980 4350 3048 4403 τὰ
3072 4348 3293 4402 ποικίλα
3328 4364 3391 4400 τε
3424 4346 3521 4400 καὶ
3540 4343 3647 4397 διά·

396 4454 652 4526 quinant,
680 4453 1010 4508 denudetur.
1050 4451 1259 4507 Deinde
1288 4466 1420 4507 vero
1442 4457 1676 4521 oportet,
1705 4456 1764 4502 ut
1791 4447 1955 4518 quiat

2082 4475 2245 4532 φορα,
2273 4457 2341 4510 δι’
2382 4448 2457 4507 ὧν
2502 4448 2785 4522 μολύνεται
2822 4447 2855 4516 ή
2896 4443 3063 4514 ψυχή.
3099 4439 3222 4513 Χρὴ
3264 4440 3323 4493 δὲ
3365 4438 3509 4492 κατά
3539 4434 3648 4532 Geti-

399 4546 687 4602 sublimem
737 4545 1043 4600 secundum
1092 4543 1264 4600 Deum
1307 4543 1474 4598 vitam
1530 4541 1792 4611 respicit,
1845 4554 1977 4609 opes

397 4653 532 4693 suas
579 4651 646 4691 ac
675 4635 968 4692 facultates
998 4635 1377 4706 derelinquat:
1419 4635 1547 4707 quia
1585 4649 1770 4688 rerum
1802 4640 1978 4687 terre-

400 4741 598 4782 narum
623 4741 757 4783 cura
780 4742 847 4781 ac
879 4726 1196 4783 sollicitudo
1226 4741 1479 4797 magnam
1519 4728 1575 4779 in
1610 4725 1790 4778 animo
1819 4723 1980 4779 aber-

401 4819 674 4874 rationem
703 4828 983 4890 generant.
1016 4817 1156 4873 Cum
1206 4817 1370 4887 igitur
1402 4816 1586 4886 plures
1619 4814 1687 4868 ad
1728 4812 1979 4868 eumdem

403 4910 601 4967 salutis
639 4924 867 4980 scepum
900 4909 1118 4974 intenti,
1144 4920 1491 4961 communem
1522 4906 1666 4960 inter
1713 4919 1773 4959 se
1810 4904 1977 4958 vitam

405 5000 644 5070 amplexi
672 4999 895 5065 fuerint,
928 4999 985 5054 id
1021 5001 1163 5054 inter
1191 4999 1342 5068 ipsos
1372 5004 1499 5052 ante
1530 4995 1714 5051 omnia
1743 4995 1986 5051 obtineat

406 5107 638 5147 necesse
660 5098 766 5157 est,
794 5099 853 5146 ut
887 5106 1059 5145 unum
1089 5090 1143 5145 in
1174 5088 1433 5145 omnibus
1463 5088 1535 5144 sit
1556 5101 1675 5151 cor,
1700 5096 1756 5143 et
1789 5086 1983 5141 volun-

408 5191 495 5241 tas
534 5199 667 5251 una,
711 5197 993 5255 unumque
1029 5181 1371 5238 desiderium
1426 5188 1593 5251 atque
1636 5187 1698 5234 ut
1738 5177 1986 5250 praecipit

510 5418 563 5485 1)
589 5418 670 5473 Ex
696 5418 846 5474 hom.
879 5419 936 5473 in
953 5415 1092 5488 psal.
1121 5431 1324 5488 xxxi",
1352 5416 1474 5472 147.

506 5489 564 5563 ἓ)
602 5488 678 5563 ξι
718 5504 806 5560 ep.
841 5486 1095 5563 ccxxx“,

508 5554 564 5631 ὅ)
594 5557 681 5631 Ex
710 5554 874 5614 sérm.
905 5558 980 5613 De
1002 5554 1403 5631 legendisjjbris
1442 5564 1604 5627 gent.,
1641 5554 1761 5611 182.

511 5626 567 5689 ι’)
593 5628 675 5681 Ex
707 5643 872 5684 εει-ιη.
903 5626 1160 5689 ascetico,
1190 5626 1315 5682 525.

511 5633 545 5683 4
593 5633 675 5681 Ex
707 5643 872 5684 εει-ιη.
903 5633 1160 5689 ascetico,
1190 5633 1315 5682 525.

489 5633 567 5770 ίδί
599 5699 730 5770 Ὄζι
757 5697 1133 5770 χρησώμεθα,
1170 5695 1357 5770 Basilii
1401 5703 1694 5770 contextus
1711 5694 1987 5770 Prii“.

420 5764 645 5845 σύμεθα.
691 5764 913 5840 Legitur
960 5764 1294 5841 χρησόμεθα,
1336 5768 1392 5824 in
1437 5767 1557 5826 cod.
1603 5766 1759 5828 1992.
1809 5764 1988 5839 supra

2083 4528 2140 4604 τε
2151 4528 2240 4621 ρον
2284 4546 2473 4614 λόγον,
2527 4540 2619 4594 καὶ
2669 4537 2769 4610 τὴν
2810 4535 2920 4589 τῶν
2973 4532 3325 4605 ὑπαρχόντων
3352 4619 3364 4621 _

2084 4615 2515 4707 κατορθωθῆναι,
2561 4627 2638 4697 τῷ
2685 4625 2823 4697 πρὸς
2857 4625 2948 4678 τὸν
2988 4621 3129 4676 κατά
3167 4621 3301 4674 Θεὸν
3340 4618 3546 4691 ὑψηλὸν
3581 4615 3650 4686 (7)

2087 4726 2449 4783 ἀποϐλέποντι
2490 4720 2622 4791 βίον·
2657 4717 2789 4771 διότι
2818 4714 2988 4768 πολὺν
3023 4712 3251 4784 παρέχει
3280 4708 3651 4779 περισπασμὸν

2085 4823 2152 4892 τῇ
2186 4819 2331 4891 ψυχῇ
2371 4815 2405 4886 ἡ
2442 4813 2551 4867 τῶν
2589 4808 2791 4864 ὑλικῶν
2837 4805 3176 4878 πραγμάτων
3215 4802 3441 4873 φροντίς
3480 4817 3540 4852 τε

2086 4888 2396 4981 ἐπιμέλεια.
2446 4904 2614 4956 Ὅταν
2646 4896 2741 4954 οὖν
2780 4896 2995 4959 πλείους
3032 4894 3162 4965 περὶ
3210 4893 3304 4946 τὸν
3355 4892 3520 4945 αὐτὸν
3556 4888 3655 4959 βλέ-

2088 5018 2280 5064 ποντες
2324 5001 2424 5068 τῆς
2471 4992 2744 5065 σωτηρίας
2808 4988 3035 5051 σκοπὸν,
3085 4985 3184 5057 τὴν
3246 4986 3366 5055 μετ’
3425 4982 3655 5053 ἀλλήλων

2090 5090 2234 5159 ζωὴν
2251 5082 2672 5157 καταδέξωνται,
2705 5077 2811 5151 χρὴ
2836 5077 2992 5130 τοῦτο
3021 5075 3128 5147 πρὸ
3156 5073 3376 5128 πάντων
3408 5075 3469 5128 ἐν
3490 5072 3658 5133 αὐτοῖς

2091 5177 2453 5251 κρατηθῆναι,
2503 5173 2565 5226 τὸ
2620 5171 2747 5242 μίαν
2798 5171 2856 5223 ἐν
2904 5170 3037 5223 πᾶσι
3093 5165 3317 5239 καρδίαν
3367 5162 3531 5232 εἶναι,
3575 5164 3660 5218 καὶ

2087 5414 2375 5464 contextus
2405 5404 2602 5477 καὶτῷ
2651 5402 2807 5477 Ἰὼϐ.-
2852 5426 2863 5431 α
3006 5469 3019 5477 _
3181 5465 3197 5477 _
3335 5473 3346 5477 _
3386 5462 3400 5475 ,

2160 5460 2740 5550 ξϐᾗῖέὶτιλιὲλεῗσθαι.
2764 5471 2889 5550 Hoc
2911 5465 3355 5550 verbumndeerat
3386 5462 3450 5550 in
3645 5474 3661 5550 ξ

2091 5535 2186 5605 sed
2210 5535 2334 5605 cum
2362 5535 2590 5619 prorsus
2615 5542 2988 5601 necessarium
3005 5539 3096 5602 sit,
3118 5535 3251 5592 illud
3268 5535 3659 5603 desumpsimus

2089 5636 2155 5676 ex
2189 5627 2468 5674 contextu.

2163 5690 2241 5758 (7)
2274 5688 2386 5743 Τὸν
2409 5689 2561 5742 κατὰ
2589 5683 2738 5758 Θεὸν
2767 5682 3032 5753 ὑψηλόν.
3055 5677 3337 5758 _Cod_icu_m
3368 5675 3510 5758 alter
3541 5666 3665 5741 πρὸς

2093 5743 2236 5818 esid»?
2267 5758 2600 5833 καιῡψηλάν.
2635 5743 2939 5816 εοηιεὲιίιε
2977 5751 3111 5826 πρὸς
3145 5749 3237 5805 τὸν
3270 5743 3495 5821 ὑψηλόν.
