3874 6224
208 333 342 389 1181

1330 347 1561 406 SEBMU
1598 350 1687 405 Vl.
1727 382 1798 393 —
1831 352 1921 407 DE
1957 354 2309 413 AVARITIA.

3321 368 3464 422 1182

204 452 417 556 θέλημα
442 452 522 556 ἐν’,
552 457 658 556 καὶ.
682 458 812 529 μίαν
838 461 1156 535 ἐπιθυμίαν,
1187 469 1279 521 καὶ
1301 471 1483 535 καθὼς
1508 472 1790 543 νομοθετεί

1894 477 2206 547 Apostolus,
2234 496 2399 534 unum
2429 481 2690 537 elliciatur
2718 498 2918 556 corpus
2944 501 3010 542 ex
3041 485 3276 544 diversis
3298 505 3464 545 mem-

202 544 235 596 6
266 545 606 613 ’Δπόστολος,
638 548 695 605 ἓν
723 552 972 619 γενέσθαι
1005 555 1164 627 σῶμα
1198 561 1262 612 ἐκ
1297 559 1567 634 διαφόρων
1609 562 1787 633 μελῶν

206 635 689 727 συνηθροισμένον.
724 643 893 698 Τοῦτο
912 644 968 698 δὲ
1001 647 1101 701 οὐκ
1131 648 1276 704 ἐστιν
1305 652 1479 716 ἀλλως
1506 654 1785 727 κατορθω-

205 721 390 794 θῆναι,
418 727 465 779 εί
504 728 580 798 μὴ
612 730 788 785 ὲκετνο
811 736 1127 805 κρατήσειε,
1160 739 1222 792 τὸ
1252 740 1329 811 μὴ
1356 721 1786 814 ὲπονομάζέσθαί

203 829 314 907 τινι
336 818 789 892 ἀποτεταγμένως
821 828 955 897 μήτε
980 829 1214 898 ίμάτιον,
1240 833 1375 903 μήτε
1403 835 1614 900 σκεῦος,
1644 837 1785 907 μήτε

205 906 339 961 ἄλλο
365 926 418 963 τι
447 912 556 965 τῶν
585 916 665 977 είς
696 915 793 987 τὴν
821 918 1006 991 κοινὴν
1030 921 1174 993 ζωὴν
1201 906 1662 995 χρησιμευόντωνέ
1700 929 1786 982 ἵνα

205 998 439 1055 ἕκαστον
462 1002 667 1058 τούτων
686 1006 784 1078 τῆς
811 1009 999 1079 χρείας
1019 1008 1076 1083 ᾖ,
1103 1015 1290 1085 καὶμὴ
1310 1015 1404 1069 τοῦ
1424 1017 1785 1089 κεκτημένου.

203 1092 322 1147 Καὶ
365 1094 556 1169 ὥσπερ
588 1098 930 1170 ἀνάρμοστόν
968 1104 1085 1158 ἐστι
1120 1104 1198 1177 τῷ
1238 1108 1443 1178 μείζονι
1484 1109 1696 1182 σώματι
1725 1111 1787 1165 τὺ

208 1184 410 1258 μικρὸν
445 1188 678 1260 ίμάτιον,
702 1192 736 1263 ἢ
763 1192 841 1263 τῷ
871 1196 1179 1269 μικροτέρῳ
1203 1198 1265 1251 τὸ
1295 1200 1646 1273 τελειότερον,
1669 1203 1787 1257 ἀλλ’

204 1278 428 1351 ἑκάστῳ
461 1281 523 1335 τὸ
561 1282 872 1355 σύμμετρόν
903 1287 1020 1341 ἐστι
1060 1289 1155 1342 καὶ
1189 1291 1467 1361 ὲπωφελὲς
1500 1293 1597 1346 καὶ
1625 1294 1787 1366 εύάρο

205 1384 428 1438 μοστονο
462 1369 635 1437 οὕτως
667 1373 762 1427 καὶ
800 1375 1035 1430 ἐνταῦθα
1070 1379 1103 1448 ὴ
1147 1378 1325 1450 κλίνη,
1358 1379 1428 1434 τά
1470 1380 1784 1453 στρώματα,

201 1460 269 1514 τὸ
306 1460 509 1535 θερμὸν
548 1465 922 1537 περιϐόλαιον,
961 1470 1024 1522 τὸ
1066 1471 1318 1543 ὑπόδημα
1350 1472 1447 1527 τοῦ
1476 1474 1619 1528 πάνυ
1654 1477 1787 1547 χρῄ-

202 1554 412 1620 ζοντος,
450 1556 573 1627 οὐχὶ
608 1558 701 1611 τοῦ
743 1560 1080 1631 κεκτημένου
1119 1558 1257 1617 εἶναι
1287 1564 1509 1634 ὀφείλει.
1547 1566 1658 1620 Καὶ
1689 1584 1789 1621 κα-

203 1642 388 1718 θάπερ
413 1646 490 1718 τῷ
518 1649 794 1721 φαρμάκῳ
815 1653 844 1705 6
871 1654 1314 1723 τραυματισθείς,
1336 1656 1435 1727 οὐχ
1467 1658 1496 1709 6
1525 1657 1787 1727 ὑγιαίνων

203 1735 496 1809 κέχρηται,
526 1737 669 1793 οὕτω
689 1742 783 1794 καὶ
804 1741 913 1796 τῶν
937 1744 1073 1815 πρὸς
1094 1744 1193 1817 τὴν
1212 1745 1395 1801 ἀνεσιν
1416 1748 1510 1801 τοῦ
1536 1748 1788 1819 σώματος

201 1829 640 1900 ὲπινοουμένων,
689 1834 788 1904 οὐχ
834 1837 863 1888 6
903 1837 1156 1908 τρυφῶν,
1202 1838 1315 1893 ἀλλ’
1357 1841 1387 1893 6
1429 1841 1643 1913 χρῄζων
1685 1842 1787 1913 τῆς
1815 1830 1860 1884 Β

202 1919 447 1985 ἀνέσεως
483 1921 745 1993 ἀπολαύει
782 1925 1006 1991 δικαίως
1042 1928 1140 1999 (1),
1174 1930 1233 1983 ὲν
1262 1931 1483 2003 Χριστῷ
1505 1933 1679 2004 Ἰησοῦ
1706 1932 1785 2005 τῷ

201 2010 399 2083 Κυρίῳ
426 2014 600 2085 ήμῶν,
620 2007 665 2083 ᾧ
691 2020 724 2087 ἡ
746 2015 874 2082 δόξα
893 2020 986 2073 καὶ
1010 2020 1072 2073 τὸ
1096 2021 1296 2094 κράτος
1324 2024 1406 2088 είς
1437 2024 1563 2090 τοὺς
1582 2023 1787 2089 αἰῶνας

200 2103 317 2160 τῶν
354 2104 586 2162 αίώνων.
622 2109 817 2181 Ἀμήν.

626 2222 813 2276 ΠΕΡΙ
856 2224 1360 2282 ΠΛΕΟΝΕΞΙΑΣ.

816 2335 1035 2391 ΑοΓοΣ
1073 2340 1164 2407 εῖν.

283 2443 337 2497 1.
387 2441 558 2497 Ὅταν
593 2445 671 2509 είς
712 2446 890 2502 οἰκίαν
927 2449 1120 2521 ἀνδρὸς
1161 2452 1522 2525 ἀπειροκάλου
1548 2456 1624 2529 (2)
1669 2459 1786 2511 είσ-

206 2532 372 2599 έλθω,
397 2535 492 2589 καὶ
525 2534 618 2589 ῐδω
645 2536 811 2608 αὐτὴν
842 2541 1116 2605 παντοίοις
1143 2546 1519 2616 γεγανυμένην
1544 2548 1781 2615 ἄνθεσιν,

205 2619 326 2678 οἶδα
355 2626 437 2679 ὅτι
477 2620 631 2692 οὗτος
665 2629 816 2684 οὐδὲν
844 2630 955 2686 τῶν
993 2634 1285 2711 ὁρωμένων
1333 2637 1656 2711 τιμιώτερον
1693 2641 1782 2694 κέ-

205 2733 429 2788 κτηται,
450 2716 586 2773 ἀλλά
605 2718 673 2773 τὰ
706 2721 802 2791 μὲν
828 2722 1010 2795 ἀψυχα
1031 2708 1381 2793 καλλωπίζει,
1403 2730 1501 2800 τὴν
1523 2708 1582 2784 δέ
1608 2731 1784 2804 ψυχὴν

205 2811 523 2883 ἀκόσμητον
570 2811 703 2883 ἔχει.
742 2814 951 2869 ,Καίτοι
1005 2818 1188 2889 μυρίοι
1221 2821 1480 2888 ἐφεστᾶσι
1531 2825 1597 2894 τῇ
1644 2822 1786 2896 θύρᾳ

205 2906 438 2977 πτωχοὶ,
465 2907 646 2961 πᾶσαν
667 2906 904 2981 ἐλεεινὴν
936 2910 1189 2980 ἀφιέντες
1218 2914 1403 2983 φωνήν
1423 2931 1436 2944 ’
1464 2916 1493 2967 6
1514 2917 1571 2969 δὲ
1605 2918 1787 2988 ἀρνεῖ-

202 3014 300 3051 ται
331 2997 431 3069 τὴν
457 2997 624 3063 δόσιν,
670 2998 933 3054 ἀδύνατον
973 2997 1113 3056 εἶναι
1150 3004 1324 3073 λέγων
1365 3008 1629 3079 ἐπαρκεῖν
1672 3012 1786 3072 τοῖς

1889 568 2005 623 bris
2031 580 2475 641 coagmentatum
2507 576 2573 628 ".
2613 574 2727 630 Hoc
2754 585 2934 632 autem
2960 578 3119 633 aliter
3145 580 3330 649 perﬁci
3352 597 3462 636 non
3510 630 3518 640 .

1888 669 2088 730 potest,
2121 662 2290 733 (.98
2332 665 2440 722 nisi
2487 668 2790 723 obtinuerit
2822 669 2939 724 hate
2988 673 3350 738 consuetudo,
3403 683 3463 729 ut

1888 752 2025 805 nihil
2053 755 2377 809 nominatim
2411 772 2475 812 ac
2497 760 2849 828 peculiariter
2876 762 3131 832 cuiquam
3165 764 3460 831 tribuatur,

1887 860 2066 915 neque
2114 849 2524 919 vestimentum,
2582 870 2760 925 neque
2797 873 2911 920 vas.
2957 875 3136 929 neque
3178 862 3461 931 quidpiam

1888 936 2037 990 aliud
2068 952 2135 992 ex
2166 938 2233 995 iis
2264 956 2384 1011 quae
2409 944 2729 1001 conducunt
2749 948 2875 1005 vita:
2903 952 3215 1017 communi;
3250 961 3308 1007 ut
3345 954 3465 1009 sin-

1888 1027 2014 1096 gula
2044 1028 2237 1085 usibus
2265 1037 2617 1100 necessariis,
2669 1054 2777 1093 non
2825 1049 3006 1096 autem
3048 1046 3463 1112 possessoribus

1887 1116 2251 1175 destinentur.
2281 1119 2347 1173 Et
2375 1123 2537 1177 sicuti
2571 1127 2953 1184 vestimentum
2982 1146 3211 1201 parvum
3242 1135 3465 1204 corpori

1886 1206 2104 1277 majori,
2145 1217 2240 1262 aut
2273 1211 2451 1280 majus
2499 1229 2668 1284 parvo
2715 1233 2824 1273 non
2861 1223 3140 1287 convenit,
3177 1223 3271 1278 sed
3301 1218 3469 1293 quid-5

1887 1299 2019 1369 quid
2040 1300 2242 1371 cuique
2265 1307 2740 1362 accommodatum
2767 1311 2942 1376 est,id
2974 1314 3104 1368 utile
3134 1323 3282 1369 estet
3310 1331 3465 1371 com-

1886 1390 2140 1447 modum:
2172 1394 2249 1449 ita
2273 1397 2437 1451 etiam
2471 1399 2576 1452 alia
2608 1402 2815 1469 omnia,
2848 1404 3043 1469 lectus,
3073 1409 3340 1478 stragula,
3371 1424 3466 1462 ca-

1887 1480 2060 1536 lidum
2090 1485 2503 1556 vestimentum,
2537 1489 2696 1545 valde
2740 1492 3035 1564 indigentis
3076 1513 3199 1552 esse
3241 1499 3463 1565 debent,

1886 1587 1998 1628 non
2021 1575 2373 1644 possidentis.
2398 1577 2871 1645 Quemadmodum
2894 1587 3039 1641 enim
3068 1590 3465 1646 medicamento

1888 1666 1982 1735 qui
2001 1667 2314 1726 vulneratus
2338 1678 2443 1736 est,
2475 1688 2585 1727 non
2606 1674 2700 1744 qui
2730 1691 2921 1741 sanus,
2955 1680 3160 1734 utitur:
3193 1682 3273 1736 sic
3297 1683 3464 1737 etiam

1887 1761 1971 1813 vir
2002 1775 2123 1831 quae
2164 1763 2233 1817 ad
2274 1765 2669 1822 sublevandam
2717 1784 2917 1840 corpus
2960 1775 3264 1844 excogitata
3312 1786 3463 1842 sunt,

1887 1865 1996 1905 non
2026 1853 2120 1923 qui
2146 1853 2381 1910 delicate
2421 1857 2572 1922 vivit,
2602 1858 2698 1913 sed
2735 1860 2782 1914 is
2810 1861 2900 1914 cui
2923 1862 3166 1918 levamen
3189 1881 3328 1936 opus
3355 1876 3462 1933 est,

1887 1942 2082 1997 merito
2110 1945 2432 2014 perfruitur,
2466 1948 2522 2002 in
2563 1949 2787 2005 Christo
2823 1949 2953 2007 Jesu
2990 1952 3220 2010 Domino
3251 1965 3464 2025 nostro,

1887 2032 1976 2088 cui
2007 2033 2180 2105 gloria
2210 2043 2263 2092 et
2289 2046 2538 2108 potestas
2574 2040 2631 2093 in
2660 2042 2859 2097 saecula
2885 2044 3232 2101 saeculorum.
3269 2046 3463 2104 Amen.

2414 2236 2517 2292 DE
2551 2238 2591 2292 Α
2611 2237 2932 2296 γΑιιιτιΑ.

2492 2349 2727 2406 SERMO
2782 2350 2869 2406 Vl.

1957 2463 2009 2519 1.
2055 2463 2134 2535 (4)
2181 2463 2413 2530 Quando
2451 2465 2506 2519 in
2543 2467 2769 2524 domum
2810 2471 2978 2541 inepti
3023 2468 3125 2524 viri
3168 2468 3467 2538 ingredior,

1886 2552 2154 2624 videoque
2186 2555 2359 2623 ipsam
2390 2557 2697 2627 omnigenis
2725 2561 3064 2616 renidentem
3107 2563 3467 2626 ornamentis,

1886 2645 2130 2717 intelligo
2149 2662 2274 2701 eum
2314 2647 2453 2701 nihil
2480 2647 2548 2702 iis
2580 2666 2701 2718 quae
2733 2652 2992 2706 videntur
3021 2652 3314 2721 pretiosius
3343 2666 3471 2721 pos-

1886 2736 2087 2800 sidere,
2126 2735 2222 2791 sed
2267 2751 2470 2791 ornare
2515 2738 2808 2809 diligenter
2846 2741 3170 2803 inanimata,
3224 2738 3468 2792 animam

1885 2843 2017 2882 vero
2076 2828 2340 2883 incultam
2398 2830 2729 2901 relinquere.
2805 2831 3129 2904 Quanquam
3195 2830 3471 2887 innumeri

1887 2928 2035 2975 stant
2068 2935 2169 2991 pro
2195 2919 2407 2976 foribus
2448 2937 2717 2992 pauperes
2759 2925 2964 2978 nullam
3007 2939 3117 2979 non
3155 2925 3471 2980 emittentes

1886 3026 2074 3066 vocem
2106 3011 2513 3078 miserabilem;
2549 3024 2711 3083 negat
2742 3013 2832 3067 ille
2875 3028 2934 3068 se
2969 3013 3250 3075 daturum,
3302 3027 3473 3081 seque

205 3091 442 3146 αἰτοῦσι.
476 3093 589 3146 Καὶ
623 3095 691 3165 τῇ
738 3095 838 3166 μὲν
872 3093 1095 3168 γλώσσῃ
1123 3096 1434 3170 ἐξόμνυται,
1462 3100 1566 3154 ὑπὸ
1600 3101 1657 3155 δὲ
1688 3103 1785 3173 τῆς

1894 3101 1965 3155 ait
1988 3100 2240 3157 suﬂicere
2262 3118 2370 3157 non
2396 3118 2557 3174 posse
2580 3104 2921 3175 rogantibus.
2948 3102 3015 3157 Et
3038 3104 3220 3175 lingua
3249 3103 3471 3173 quidem

205 3184 389 3256 χειρὸς
407 3182 688 3256 ἐλέγχεται
707 3202 721 3217 ο
756 3186 1015 3241 σιωπῶσα
1045 3187 1154 3259 γὰρ
1182 3190 1215 3260 ἡ
1253 3191 1373 3263 χεὶρ
1402 3192 1501 3263 τὴν
1531 3192 1786 3261 ψευδολο-

1894 3190 2066 3259 ejurat
2094 3206 2205 3245 non
2243 3207 2424 3262 posse,
2465 3192 2560 3248 sed
2596 3209 2627 3247 a
2668 3209 2834 3249 manu
2870 3197 3141 3267 arguitur.
3182 3196 3279 3249 llla
3320 3195 3470 3249 enim

196 3275 336 3345 ’γίαν
380 3277 665 3348 κηρύσσει,
696 3281 1245 3353 περιαστραπτομένη
1287 3284 1392 3337 ὑπὸ
1436 3285 1535 3355 τῆς
1572 3286 1663 3338 ἐπὶ
1690 3285 1785 3338 τοῦ

204 3364 496 3419 δακτυλίου
533 3366 842 3439 σφενδόνης.
879 3366 1065 3422 Ἀθλιε
1099 3369 1193 3422 καὶ
1224 3369 1560 3442 ταλαίπωρε,
1589 3370 1788 3435 πόσους

206 3457 433 3513 δύναται
462 3452 673 3523 εἶς’σου
712 3458 997 3524 δακτύλιος
1032 3461 1211 3530 χρεῶν
1250 3461 1555 3516 ἀπολῦσαι·
1591 3461 1789 3526 πόσους

207 3549 397 3615 οἴκους
438 3552 880 3615 καταπίπτοντας
902 3552 1243 3624 ἀνορθῶσαιί
1286 3554 1403 3608 Μία
1441 3572 1533 3608 σου
1559 3554 1789 3618 κιϐωτὸς

206 3644 322 3701 τῶν
346 3645 572 3717 ἱματίων
599 3645 817 3701 δύναται
837 3646 1006 3719 δῆμον
1030 3648 1321 3719 ὁλόκληρον
1348 3646 1606 3720 ῥιγοῦντα
1631 3664 1789 3720 περιο

209 3736 425 3791 ϐαλεῖνο
461 3737 576 3792 ἀλλ’
606 3738 897 3809 ὑπομένεις
922 3738 1203 3810 ἄπρακτον
1225 3739 1551 3811 ἀποπέμψαι
1571 3739 1663 3792 τὸν
1694 3739 1792 3792 πέ-

208 3846 372 3900 νητα,
410 3830 486 3907 μὴ
516 3829 849 3900 φοϐούμενος
873 3831 935 3884 τὸ
966 3830 1173 3884 δίκαιον
1202 3832 1303 3903 τῆς
1330 3832 1655 3896 ἀντιδόσεως
1693 3831 1790 3885 τοῦ

207 3919 425 3995 κριτοῦ.
446 3923 561 3977 Ούκ
579 3923 838 3994 ὴλέησας,
873 3924 972 3978 οὐκ
994 3922 1295 3998 ὲλεηθήσῃ·
1323 3925 1425 3979 οὐκ
1451 3924 1670 3996 ἧνοιξας
1693 3924 1792 3997 τὴν

207 4010 840 4088 οἱκίαν,ἀποπεμφθήσῃ
868 4014 967 4086 τῆς
1001 4014 1278 4085 βασιλείας
1301 4031 1315 4045 ’
1342 4015 1443 4069 οὐκ
1465 4015 1674 4078 ἔδωκας
1700 4015 1792 4070 τὸν

210 4101 401 4172 ἄρτον,
422 4100 485 4155 οὗ
512 4102 660 4178 λήψῃ
689 4102 787 4177 τὴν
817 4101 1034 4157 αἰώνιον
1065 4104 1231 4175 ζωήν.
1274 4104 1434 4159 Ἀλλά
1468 4106 1677 4177 πένητα
1708 4106 1794 4159 λέ-

209 4208 335 4261 γεις
364 4193 610 4247 σεαυτόν.
639 4193 809 4263 Κάγὼ
841 4195 1191 4266 συντίθεμαι·
1228 4198 1400 4268 πένης
1425 4198 1534 4267 γάρ
1566 4201 1733 4262 ἐστιν,
1765 4201 1794 4252 6

211 4284 429 4345 πολλῶν
460 4286 664 4357 ἐνδεής.
700 4286 916 4340 Πολλῶν
948 4287 1005 4339 δὲ
1033 4288 1176 4357 ὑμᾶς
1207 4287 1404 4352 ἐνδεεῖς
1438 4292 1582 4342 ποιεῖ
1607 4290 1668 4342 τὸ
1695 4291 1794 4361 τῆς

214 4373 517 4448 ἐπιθυμίας
546 4377 860 4449 ἀκόρεστον.
885 4376 1011 4440 Τοῖς
1040 4377 1175 4431 δέκα
1199 4377 1479 4443 ταλάντοις
1498 4380 1633 4435 ἄλλα
1662 4381 1795 4434 δέκα

213 4466 457 4523 τάλαντα
499 4468 945 4540 προστεθεικέναι
987 4467 1346 4534 σπουδάζετε’
1380 4472 1595 4525 ὲπειδάν
1624 4473 1794 4526 εἴκοσι

215 4560 466 4629 γένηται,
509 4525 646 4614 ἀλλα
686 4559 926 4614 τοσαῦτα
974 4525 1307 4631 ἐπιζητείτε,
1360 4562 1453 4631 καὶ
1483 4564 1572 4617 ἀεὶ
1599 4563 1676 4634 (5)
1732 4525 1795 4616 τδ
1824 4525 1872 4583 D

217 4650 667 4727 προστιθέμενον,
692 4653 812 4723 οὐχὶ
838 4651 937 4724 τὴν
967 4652 1142 4725 ὁρμὴν
1172 4654 1403 4723 ἵστησιν,
1429 4653 1542 4706 ἀλλ’
1564 4654 1797 4724 ἀναφλέ-

216 4761 309 4814 γει
336 4745 435 4823 τὴν
466 4743 663 4815 ὄρεξιν.
693 4744 908 4816 Ὠσπερ
942 4744 1050 4816 γὰρ
1086 4748 1201 4809 τοῖς
1246 4744 1535 4816 μεθύουσιν
1574 4746 1796 4818 ἀφορμὴ

215 4836 314 4891 τοῦ
350 4837 524 4897 πίνειν
552 4837 586 4907 η
617 4834 902 4907 προσθήκη
933 4834 1037 4898 ,τοῦ
1076 4836 1218 4889 οίνου
1251 4837 1481 4905 γίνεται,
1521 4835 1662 4891 οὕτω
1704 4840 1800 4892 καὶ

217 4932 270 4986 οἱ
314 4930 628 4991 νεόπλουτοι
678 4929 851 4984 πολλά
892 4930 1260 5001 κτησάμενοι,
1304 4930 1562 4985 πλειόνων
1604 4930 1797 4985 ἐπιθυ.

223 5024 411 5098 μοῦσι,
441 5023 520 5097 τῷ
565 5026 653 5079 ἀεὶ
699 5023 1110 5096 προστιθεμένῳ
1151 5026 1249 5095 τὴν
1284 5024 1439 5078 νόσον
1481 5025 1794 5095 τρέφοντες.

220 5118 319 5171 καὶ
350 5117 741 5189 περιτρέπεται
768 5116 951 5182 αὐτοῖς
984 5117 1018 5191 ἡ
1051 5115 1256 5188 σπουδὴ
1292 5116 1429 5188 πρὸς
1450 5115 1510 5169 τὸ
1532 5117 1792 5170 ἐναντίον.

221 5213 300 5266 ού
329 5211 440 5283 γὰρ
468 5211 751 5289 εὐφραίνει
774 5211 973 5274 αὐτοὺς
995 5209 1065 5263 τά
1094 5210 1365 5281 προσόντα
1391 5209 1629 5264 τοσαῦτα
1648 5212 1797 5274 ὄντα,

222 5303 348 5357 ὅσον
379 5303 542 5356 λυπεῖ
569 5300 640 5358 τὰ
688 5299 968 5367 ἐνδέοντα,
1001 5298 1146 5371 ἅπερ
1186 5297 1253 5352 ἂν
1304 5297 1489 5361 αὐτοῖς
1531 5295 1800 5351 ἐλλείπειν

297 5461 343 5493 ⁸⁷
370 5458 394 5512 ι
425 5457 552 5514 Cor.
580 5473 681 5523 xu,
708 5456 795 5516 12.

300 5551 379 5625 (1)
409 5546 673 5632 genitam.
693 5548 874 5603 Minus
900 5545 1186 5603 commode
1202 5544 1354 5601 deest
1381 5557 1445 5599 ea
1470 5557 1576 5599 vox
1600 5543 1657 5602 in
1682 5557 1809 5598 con-

230 5621 384 5680 textu
414 5621 621 5677 Basilii.

303 5693 382 5762 (2)
422 5688 885 5762 Ἀπειροκάλου,
924 5687 1090 5762 Addit
1150 5684 1336 5744 Basilii
1377 5689 1668 5742 contextus
1714 5682 1809 5741 καὶ

234 5758 593 5821 οὼιπλούτου.
608 5769 658 5816 et
687 5777 803 5817 sero
831 5758 1031 5816 divitis.

1888 3284 2013 3339 silet
2038 3285 2284 3354 quidem.
2312 3284 2407 3341 sed
2441 3287 2786 3342 mendacium
2818 3290 3105 3359 praedicat,
3131 3289 3323 3343 annuli
3349 3287 3472 3359 pala

1888 3389 2208 3430 coruscans.
2248 3373 2292 3429 Ο
2347 3374 2539 3429 infelix
2562 3383 2725 3446 atque
2748 3378 2935 3443 miser,
2959 3385 3092 3447 quot
3117 3385 3298 3447 potest
3328 3391 3472 3430 unus

1889 3472 2017 3520 tuus
2044 3465 2283 3520 annulus
2314 3480 2424 3520 aere
2454 3467 2630 3521 alieno
2659 3467 2930 3523 liberare!
2963 3475 3097 3538 quot
3122 3468 3314 3522 domos
3349 3482 3474 3521 cor-

1889 3564 2111 3612 ruentes
2144 3556 2384 3625 erigere!
2417 3556 2558 3610 Area
2592 3566 2684 3611 tua
2710 3558 2968 3612 vestiaria
2995 3559 3078 3613 vel
3110 3559 3269 3611 unica
3294 3565 3475 3628 potest

1891 3654 2064 3702 totum
2093 3648 2352 3717 p0pulum
2379 3645 2585 3716 frigore
2613 3648 2880 3717 rigentem
2906 3650 3177 3715 amiccre;
3202 3656 3256 3703 et
3284 3657 3472 3703 tamen

1891 3741 2134 3797 sustines
2167 3754 2460 3810 pauperem
2497 3754 2609 3792 non
2636 3740 2899 3793 donatum
2941 3740 3238 3805 dimittere,
3264 3739 3470 3808 justam

1888 3832 2097 3903 judicis
2134 3833 2435 3887 vindictam
2470 3846 2580 3885 non
2620 3830 3006 3888 reformidans.
3046 3830 3167 3887 Non
3210 3832 3472 3886 misertus

1891 3940 1970 3987 es,
2002 3939 2115 3978 non
2164 3937 2501 3993 consequere
2547 3920 2980 3979 misericordiam
3008 3937 3157 3977 :nun
3204 3920 3473 3991 aperuisti

1892 4015 2137 4081 domum,
2184 4031 2216 4070 a
2256 4030 2421 4086 regno
2464 4013 2774 4070 excluderis
2800 4028 3040 4084 :‘panem
3092 4028 3203 4067 non
3248 4011 3472 4078 dedisti,

1894 4124 2003 4163 non
2050 4107 2290 4179 accipies
2319 4107 2485 4161 vitam
2527 4114 2809 4161 aeternam.
2866 4103 2972 4159 Sed
3010 4119 3304 4175 pauperem
3336 4102 3475 4158 dicis

1896 4200 2171 4268 teipsum;
2220 4207 2275 4253 et
2313 4214 2415 4269 ego
2463 4198 2758 4254 assentior.
2803 4195 3014 4267 Pauper
3045 4196 3192 4251 enim
3228 4204 3331 4256 est,
3380 4193 3473 4263 qui

1894 4289 2087 4343 multis
2135 4288 2362 4357 indiget.
2420 4286 2531 4343 Vos
2586 4297 2766 4342 autem
2814 4286 3147 4342 insatiabilis
3200 4284 3476 4355 cupiditas

1895 4379 2192 4433 multorum
2236 4378 2452 4447 indigos
2499 4378 2686 4433 ellieit.
2739 4376 2984 4432 Talentis
3030 4375 3244 4441 decem,
3287 4375 3475 4429 decem

1896 4470 2003 4524 alia
2050 4470 2293 4540 adjicere
2342 4470 2661 4524 conamini:
2697 4469 2893 4540 viginti
2942 4467 3188 4533 coactis,
3250 4466 3479 4521 totidem

1897 4563 2167 4633 quaeritis,
2216 4577 2395 4632 neque
2449 4561 2816 4631 appetentiam
2864 4561 3024 4616 sistet
3071 4558 3218 4630 quod
3264 4572 3481 4627 semper

1899 4654 2144 4720 additur,
2180 4656 2291 4711 imo
2339 4654 2592 4711 accendit
2640 4654 2958 4725 appetitum.
3008 4650 3479 4719 Quemadmodum

1900 4748 2048 4805 enim
2083 4748 2252 4804 ebriis
2283 4748 2398 4803 vini
2450 4748 2697 4804 accessio
2736 4745 2956 4801 bibendi
2996 4745 3055 4799 lit
3104 4744 3323 4799 occasio
3356 4762 3369 4797 :
3398 4742 3481 4797 sic

1902 4842 2066 4896 etiam
2114 4856 2307 4897 recens
2344 4840 2504 4896 ditati
2542 4839 2636 4895 ubi
2684 4838 2856 4893 multa
2902 4836 3282 4907 acquisierint,
3324 4833 3482 4902 plura

1903 4933 2328 5003 concupiscunt,
2352 4948 2571 5003 semper
2589 4930 2841 4987 addendo
2867 4930 3116 4983 morbum
3147 4927 3479 4988 nutrientes,

1901 5025 2094 5095 eisque
2127 5039 2289 5080 suum
2323 5023 2565 5079 studium
2603 5021 2751 5077 cedit
2787 5022 2845 5076 in
2892 5019 3251 5075 contrarium.
3294 5016 3484 5086 Neque

1903 5116 2049 5170 enim
2076 5116 2369 5185 praesentia
2398 5116 2543 5170 bona
2575 5130 2699 5170 cum
2742 5119 2895 5167 tanta
2925 5112 3057 5175 sint,
3100 5118 3310 5165 tantum
3356 5108 3483 5163 illos

1903 5206 2233 5269 exhilarant,
2275 5215 2545 5277 quantum
2591 5207 2926 5261 contristant
2955 5219 3078 5275 quae
3125 5202 3345 5264 desunt,
3392 5214 3479 5261 ea,

1906 5299 2152 5369 inquam,
2187 5313 2310 5369 quae
2336 5297 2445 5353 sibi
2490 5296 2684 5354 deesse
2717 5303 2931 5367 putant.
2975 5294 3114 5350 Nam
3143 5308 3268 5349 cum
3312 5290 3479 5347 laetari

1977 5538 2056 5612 (5)
2081 5539 2193 5595 Καὶ
2216 5538 2347 5612 ἀει.
2386 5534 3002 5612 {oculamaddidimus
3037 5548 3103 5612 ex
3139 5537 3484 5612 contextu'et

1906 5599 2155 5669 codicum
2182 5609 2376 5664 altero.
2405 5608 2553 5662 Idem
2581 5606 2749 5661 codex
2786 5606 2945 5675 paulo
2973 5611 3099 5660 ante
3124 5603 3218 5658 καὶ
3244 5599 3481 5656 ἐπειδάν.

1978 5683 2055 5742 ιι)
2082 5681 2161 5738 Ex
2191 5679 2339 5737 hom.
2380 5679 2437 5734 in
2469 5677 2693 5745 Divites,
2724 5676 2813 5732 56.
