3874 6224
374 336 511 391 1183

1255 337 1625 396 APPENDIX.
1666 371 1736 380 —-
1775 339 2126 398 SYHEONIS
2169 338 2713 397 METAPHBASTA‘E

3503 343 3636 399 “84

373 456 522 523 ipsos
551 469 649 524 par
675 461 846 517 esset,
879 469 944 509 ac
971 454 1204 527 gratiam
1235 457 1459 525 habere,
1484 460 1632 530 quod
1671 471 1783 514 tam
1813 463 1953 516 iuul-
1982 514 1986 524 ,

2079 463 2387 517 ιπόθωνται.
2407 463 2539 516 Δέον
2563 462 2673 534 γὰρ
2699 462 2902 527 αὐτοὺς
2933 460 3325 534 εὐφραίνεσθαι
3357 461 3455 515 καὶ
3483 463 3638 533 χάριν

371 548 442 599 tis
492 553 623 600 sunt
661 546 1042 616 opulentiores
1076 565 1089 601 :
1121 558 1316 603 contra
1349 565 1495 620 πετο
1529 551 1714 606 ierunt
1753 567 1819 608 ac
1859 555 1960 607 do-

371 637 486 691 lent
522 654 582 694 se
613 637 754 694 forte
793 639 862 693 ab
897 655 1007 694 uno
1050 647 1146 694 aut
1190 640 1368 697 altero
1398 643 1755 713 locupletiore
1797 661 1961 714 δυρο-

373 732 506 786 rari.
553 731 630 802 (Ι)
667 729 852 802 Neque
895 748 992 787 eos
1047 734 1142 803 qui
1193 749 1253 789 se
1300 734 1438 806 ipsis
1489 735 1782 794 inferiores
1830 745 1959 792 Sunt

375 837 783 894 enumerantes,
815 843 916 897 pro
963 827 1029 883 iis
1070 843 1190 897 quae
1240 829 1462 898 habent,
1507 833 1714 902 gratias
1752 833 1962 902 persol-

372 925 510 971 vunt
553 918 796 988 largitori
839 918 1127 973 beneﬁco:
1173 919 1342 991 499
1383 922 1493 976 imo
1541 923 1681 976 facta
1727 940 1851 978 cum
1894 941 1960 978 eo

375 1009 525 1081 quod
552 1011 904 1080 praestantius
953 1018 1039 1066 est
1073 1014 1512 1082 comparatione,
1552 1027 1818 1086 quantum
1865 1033 1963 1070 su-

373 1110 634 1172 perentur
658 1112 996 1173 reputantes,
1046 1103 1121 1156 ita
1167 1114 1403 1161 moerent
1449 1120 1503 1163 et
1547 1117 1960 1178 conqueruntur

375 1194 536 1248 bonis
601 1194 795 1250 alienis
857 1197 1086 1265 privati,
1148 1214 1213 1254 ac
1283 1202 1330 1255 si
1392 1202 1509 1256 suis
1570 1203 1955 1270 spoliareutur.

377 1285 456 1357 (Ξ)
488 1285 621 1339 Nam
654 1289 748 1358 qui
793 1291 1140 1346 necessarios
1172 1293 1438 1347 terminos
1481 1309 1790 1360 excessere,
1832 1310 1959 1348 cum

370 1375 484 1447 jam
529 1377 655 1442 sibi,
689 1394 842 1434 more
872 1395 1062 1434 eorum
1097 1384 1189 1452 qui
1230 1383 1286 1437 in
1327 1383 1544 1439 declive
1573 1385 1846 1449 feruntur,
1879 1387 1963 1441 ni-

374 1469 454 1523 hil
489 1469 706 1522 {irinum
762 1479 1038 1541 suppetat,
1078 1475 1145 1528 ad
1192 1476 1338 1544 quod
1389 1492 1448 1531 se
1491 1477 1786 1547 recipiant,
1829 1494 1963 1533 nus-

376 1575 540 1630 quam
573 1562 806 1618 ulterius
854 1564 1031 1635 abripi
1078 1566 1448 1622 intermittunt
1482 1587 1496 1622 :
1529 1571 1626 1624 sed
1655 1585 1764 1640 quo
1806 1573 1962 1641 plura

377 1655 772 1722 compararim,
799 1669 864 1708 eo
897 1657 1070 1725 magis
1100 1672 1241 1726 opus
1277 1659 1558 1714 habebunt
1588 1663 1834 1731 paribus.
1869 1675 1964 1718 aut

379 1744 545 1798 etiam
585 1746 942 1814 amplioribus
984 1747 1053 1802 ad
1095 1749 1452 1819 cupiditatem
1488 1755 1833 1822 explendam,
1875 1773 1962 1810 se-

379 1837 618 1889 cundum
659 1835 991 1893 Execestidae
1023 1840 1192 1894 tilium
1231 1841 1511 1908 Solonem,
1549 1846 1642 1916 qui
1678 1847 1752 1900 ait
1783 1867 1798 1901 :

449 1946 770 2004 Diuitiarum
798 1949 998 2004 homini
1031 1952 1156 2020 ﬁnis
1198 1971 1305 2006 non
1337 1956 1572 2008 constitit
1597 1956 1760 2009 ullus.

378 2106 436 2160 In
466 2107 553 2163 his
585 2108 750 2163 etiam
786 2107 1104 2180 Theognide
1135 2111 1400 2182 magistro
1432 2113 1696 2168 utendum
1731 2122 1834 2178 est,
1872 2115 1966 2184 qui

380 2198 514 2253 dicit
547 2219 561 2255 :

453 2312 730 2385 Nonramo
756 2313 995 2375 divitias,
1030 2332 1133 2368 non
1168 2324 1288 2385 opto
1318 2331 1335 2368 :
1361 2315 1453 2368 sed
1485 2316 1614 2368 mihi
1641 2333 1802 2385 parvo

571 2384 750 2439 Vivere
789 2388 1081 2455 contingat,
1108 2384 1283 2454 nilque
1311 2387 1494 2439 timere
1520 2384 1668 2440 mali.

449 2495 563 2568 Ego
592 2506 773 2553 autem
811 2497 1070 2568 Diogenis
1110 2497 1356 2551 admiror
1389 2499 1636 2551 omnium
1673 2499 1834 2552 simul
1866 2499 1967 2553 liu-

379 2604 665 2643 manarum
711 2605 894 2644 rerum
931 2597 1329 2658 contemptum,
1492 2606 1553 2644 SB
1598 2606 1723 2660 rege
1770 2606 1968 2662 1113300

384 2681 759 2752 pronuntiavit
811 2682 1088 2747 ditiorem,
1143 2681 1287 2752 quod
1347 2683 1401 2734 in
1458 2681 1566 2734 vita
1621 2680 1967 2749 paucioribus

379 2789 544 2843 quam
595 2773 686 2828 ille
733 2781 938 2844 egeret.
975 2774 1170 2828 Avaris
1219 2783 1424 2837 autem,
1471 2773 1577 2828 nisi
1611 2771 1792 2842 Pythii
1831 2773 1968 2844 Mysi

381 2865 564 2920 adsint
589 2866 815 2929 talenta,
849 2865 953 2920 nisi
990 2865 1102 2920 sint
1136 2872 1297 2919 terra:
1321 2872 1400 2918 tot
1425 2873 1478 2919 et
1503 2871 1584 2918 tot
1609 2863 1826 2934 jugera,
1858 2864 1966 2918 nisi

381 2972 642 3027 pecorum
687 2973 878 3028 greges
914 2958 1209 3026 innumeri,
1251 2956 1488 3013 sufﬁciet
1546 2957 1704 3011 nihil.
1741 2957 1818 3028 (5)
1859 2954 1966 3012 Sed

380 3049 841 3119 quemadmodum
899 3051 938 3105 ii
993 3051 1087 3121 qui
1136 3050 1313 3104 scalas
1360 3050 1770 3115 conscendunt,
1829 3049 1966 3120 pede

2061 554 2226 626 ἐχειν,
2260 554 2532 609 τοσούτων
2576 555 2737 619 ὄντας
2787 555 3236 627 εὐπορωτέρους·
3273 554 3325 608 σί
3355 553 3417 607 δὲ
3451 554 3643 623 δυσφο-

2065 645 2237 718 ροῦσι,
2273 647 2368 700 κα)⁸
2401 645 2714 710 ὀδυνῶνται,
2758 647 2843 700 ὅτι
2875 647 2995 710 ἑνός
3029 663 3136 700 που
3170 646 3206 716 ἢ
3247 646 3504 717 δευτέρου
3536 647 3643 700 τῶν

2061 735 2583 808 ὑπερπλουτούντων
2615 737 3108 808 ἀπολιμπάνονται.
3139 737 3252 791 Καὶ
3271 738 3334 790 οὐ
3363 739 3495 802 τοὺς
3520 739 3644 790 ὑπο-

2058 828 2376 900 δεεστέρους
2398 829 2894 902 ἀπαριθμούμενοι,
2914 831 3014 901 τὴν
3037 831 3179 902 ὑπὲρ
3199 824 3274 885 ὧν
3290 831 3476 901 έχουσι
3491 832 3646 902 χάριν

2061 919 2438 992 ἀποπληροῦσι
2458 921 2535 992 τῷ
2562 921 2825 995 εὐεργέτῃ
2846 937 2860 952 ⁶
2884 921 3023 975 ἀλλά
3051 925 3115 993 τῇ
3148 923 3285 995 πρὸς
3302 923 3365 976 τὸ
3386 923 3645 994 ὑπερέχον

2062 1010 2365 1082 συγκρίσει·
2399 1012 2524 1066 ὅσον
2540 1012 2924 1066 ἀπολείπονται
2949 1013 3308 1085 λογιζόμενοι,
3326 1015 3409 1077 ὡς
3433 1014 3646 1067 οἰκείων

2063 1101 2415 1173 στερούμενοι
2437 1101 2547 1155 τῶν
2583 1102 2794 1174 ἑτέροις
2821 1105 3154 1175 προσόντων,
3189 1104 3366 1168 οὕτως
3393 1105 3647 1159 ἀνιῶνται

2061 1171 2174 1248 καὶὴ
2189 1171 2662 1266 καταμέμφονται.
2679 1171 2744 1248 δί
2762 1171 2878 1268 γὰρ
2898 1195 3008 1249 τῶν
3030 1196 3347 1264 ἀναγκαίων
3372 1197 3520 1269 ὅρων
3548 1171 3665 1260 ἔξιθ’

2060 1285 2363 1356 γενόμενοι,
2383 1285 2782 1357 παραπλησίως
2796 1289 2908 1350 τοῖς
2936 1286 3080 1340 κατὰ
3105 1286 3200 1340 τοῦ
3226 1287 3473 1358 πρανοῦς
3487 1303 3646 1356 φεμ)-

2064 1377 2266 1448 μένοις,
2291 1377 2428 1448 πρὸς
2449 1377 2604 1431 οὐδὲν
2635 1377 2899 1448 στάσιμον
2931 1377 3146 1450 ἔχοντες
3169 1379 3464 1449 άποῦῆναι,
3494 1379 3648 1431 οὐδα-

2065 1467 2169 1538 μοῦ
2199 1469 2298 1539 τῆς
2323 1470 2409 1533 είς
2444 1469 2507 1522 τὸ
2537 1470 2726 1541 πρόσω
2758 1471 2932 1541 φορᾶς
2979 1469 3222 1525 ἵστανται
3241 1488 3255 1501 ·
3289 1471 3408 1524 ἀλλ’
3434 1472 3650 1542 ὅσῳπερ

2061 1555 2128 1609 ἂν
2150 1556 2323 1610 πλείω
2352 1558 2918 1630 προσπεριϐάλωνται,
2947 1559 3044 1612 τοῦ
3085 1560 3202 1612 ἴσου
3223 1558 3461 1625 δέονται,
3495 1559 3530 1628 ῆ
3563 1560 3650 1612 καὶ

2064 1648 2311 1714 πλείονος
2345 1651 2481 1721 πρὸς
2513 1649 2612 1722 τὴν
2645 1650 2746 1721 τῆς
2779 1650 3074 1721 ἐπιθυμίας
3108 1651 3483 1724 ἐκπλήρωσιν,
3515 1649 3653 1703 κατά

2061 1741 2153 1795 τὸν
2186 1742 2564 1815 Ἐξηκεστίδου
2590 1742 2826 1808 Σόλωνα,
2859 1744 2920 1807 ὃς
2951 1759 3120 1813 φησι·

2070 1945 2347 1998 Πλούτου
2392 1943 2445 1997 δ’
2494 1943 2675 2000 οὐδὲν
2721 1945 2904 2014 τέρμα
2951 1944 3370 2086 πεφασμένον[
3395 1943 3652 2024 agdth

3373 2032 3583 2068 κειται.

3373 2032 3562 2068 κειται
3569 2053 3583 2066 .

2069 2102 2161 2171 Τῷ
2207 2103 2265 2156 δὲ
2299 2102 2546 2173 Θεόγνιδι
2595 2104 2732 2176 πρὸς
2775 2104 2950 2158 ταῦτα
2994 2104 3302 2175 διδασκάλῳ
3351 2105 3648 2176 χρηστέον,

2069 2189 2279 2259 λέγοντι
2302 2208 2315 2221 ·

2073 2305 2196 2357 Οὺκ
2225 2303 2436 2376 ἔραμαι
2464 2304 2771 2376 πλουτεῖν,
2801 2305 2924 2359 οὔτ’
2939 2305 3188 2375 εὔχομαι
3207 2323 3222 2337 ο
3255 2306 3420 2361 ἀλλὰ
3439 2324 3544 2375 μοι
3563 2307 3648 2376 εἴη

2210 2374 2338 2443 Ζῇν
2362 2375 2480 2429 ἀπὸ
2507 2377 2625 2430 τῶν
2645 2377 2866 2444 ὀλίγων
2883 2374 3301 2446 μηδὲν-ἔχοντι
3333 2374 3551 2434 κακόν.

2148 2484 2296 2554 Ἐγὼ
2340 2485 2398 2539 δὲ
2430 2487 2524 2539 καὶ
2564 2486 2847 2555 Διογένους
2892 2487 3103 2558 ἄγαμαι
3135 2487 3237 2558 τὴν
3267 2488 3491 2542 πάντων
3523 2488 3650 2560 ὁμοῦ

2067 2578 2178 2630 τῶν
2215 2577 2572 2648 ἀνθρωπίνων
2607 2579 2904 2650 ὑπεροψίαν
2936 2579 2993 2644 ὃς
3015 2597 3080 2648 γε
3117 2581 3212 2633 καὶ
3259 2581 3532 2651 βασιλέως
3561 2581 3649 2635 τοῦ

2073 2667 2309 2737 μεγάλου
2353 2668 2546 2722 ἐαυτὸν
2590 2669 2839 2740 ἀπέφηνε
2868 2669 3289 2741 πλουσιώτερον,
3318 2672 3402 2742 τῷ
3434 2672 3649 2726 ἐλαττό-

2070 2775 2176 2812 νων
2211 2758 2243 2829 ἢ
2288 2760 2497 2822 ἐκεῖνος
2530 2759 2671 2813 κατά
2715 2759 2804 2813 τὸν
2859 2759 2971 2830 βίον
3016 2761 3392 2832 προσδεῖσθαι.
3433 2764 3562 2826 Τοῖς
3598 2764 3652 2816 δὲ

2070 2848 2455 2914 πλεονέκταις,
2499 2853 2548 2903 εί
2582 2849 2656 2922 μὴ
2697 2850 2764 2904 τὰ
2807 2851 3006 2904 Πυθίου
3045 2850 3140 2905 τοῦ
3185 2853 3380 2907 Μυσοῦ
3429 2854 3649 2925 προσείη

2069 2942 2329 3004 τάλαντα,
2365 2943 2457 2995 καὶ
2484 2942 2696 3015 πλέθρα
2725 2945 2828 3014 γῆς
2860 2941 2993 2996 τόσα
3016 2944 3111 2997 καὶ
3145 2943 3303 3008 τόσα,
3335 2945 3431 2998 καὶ
3465 2945 3653 3015 βοσκη-

2074 3033 2259 3102 μάτων
2284 3031 2442 3103 ὲσμοὶ
2480 3033 2703 3097 πλείους
2737 3035 2769 3107 ἢ
2803 3034 3130 3106 ἀριθμῆσαι,
3161 3035 3314 3088 οὐδὲν
3347 3034 3648 3107 ἐξαρκέσει.

383 3157 603 3212 semper
644 3142 712 3196 ad
767 3145 1105 3214 superiorem
1142 3143 1374 3214 gradum
1427 3152 1613 3198 erecto
1661 3159 1769 3198 non
1811 3145 1966 3214 prius

2083 3123 2224 3177 Ἀλλ’
2245 3123 2435 3197 ὥσπερ
2460 3127 2510 3178 οἱ
2538 3126 2638 3190 τὰς
2670 3125 2948 3198 κλίμακας
2973 3127 3383 3191 ἀναϐαίνοντες,
3407 3130 3499 3182 ἀεὶ
3527 3130 3652 3200 πρὸς

383 3235 804 3303 conquiescunt,
829 3251 992 3305 quam
1023 3233 1087 3287 ad
1117 3249 1390 3288 summum
1417 3233 1737 3304 perveniant
1763 3253 1775 3288 :
1807 3234 1887 3288 sic
1914 3241 1968 3288 et

2079 3217 2169 3288 τὴν
2201 3216 2606 3289 ὑπερκειμένην
2630 3217 2704 3289 (5)
2733 3217 2966 3289 βαθμίδα
2996 3217 3055 3271 τὸ
3100 3217 3248 3288 ἴχνος
3294 3220 3568 3290 αἴροντες,
3597 3218 3652 3270 οὐ

385 3327 440 3380 hi
471 3328 692 3396 quando
721 3325 870 3380 hunc
900 3326 1122 3381 divitem
1161 3326 1423 3388 assecuti,
1464 3323 1758 3380 coniestim
1782 3324 1968 3380 ditiori

387 3417 572 3472 adhuc
601 3433 764 3488 pares
793 3417 906 3472 ﬁeri
933 3425 1208 3472 conantur
1240 3436 1251 3471 :
1282 3425 1336 3472 et
1365 3418 1456 3472 ubi
1485 3433 1610 3473 eum
1646 3433 1863 3489 quoque
1890 3424 1972 3470 at-

385 3510 629 3580 tigerint,
653 3509 896 3565 studium
929 3525 1090 3564 suum
1113 3511 1178 3564 ad
1203 3510 1370 3565 alium
1395 3510 1757 3574 transferunt,
1785 3519 1841 3565 et
1863 3526 1972 3566 non

385 3613 604 3658 cessant
637 3604 707 3657 ab
758 3600 1061 3672 appetenda
1102 3604 1369 3672 potentia,
1422 3602 1597 3659 donec
1639 3603 1693 3658 in
1739 3603 1974 3659 sublime

385 3696 582 3762 evecti,
616 3697 727 3751 alto
767 3711 901 3752 casu
933 3693 1144 3766 seipsos
1179 3695 1546 3752 contundant.

458 3964 514 4021 2.
556 3963 634 4036 (ί)
661 3963 839 4035 Atque
866 3970 928 4019 ut
957 3963 1050 4034 qui
1079 3977 1192 4032 prae
1216 3961 1436 4017 insania
1466 3968 1647 4017 mente
1671 3960 1802 4016 moti
1825 3970 1972 4028 sunt,

388 4071 481 4112 res
506 4055 654 4125 ipsas
682 4070 793 4109 non
820 4054 1133 4120 intuentur;
1165 4053 1262 4108 sed
1293 4069 1356 4107 ea
1387 4068 1456 4108 ex
1483 4052 1686 4122 quibus
1725 4050 1973 4106 alliciun-

388 4157 482 4203 tur
506 4165 518 4202 :
550 4146 631 4204 sic
661 4162 951 4201 avarorum
975 4145 1218 4209 animus,
1241 4145 1493 4224 pecunia:
1517 4145 1777 4199 aviditate
1803 4144 1975 4198 obru-

390 4249 504 4303 tus,
539 4246 741 4293 cuncta
772 4252 991 4302 aurum,
1029 4245 1232 4291 cuncta
1260 4245 1544 4307 argentum
1579 4235 1763 4289 videt:
1793 4247 1857 4288 ac
1891 4234 1977 4288 lu~

391 4332 618 4390 bentius
647 4346 842 4384 aurum
877 4344 1040 4400 quam
1079 4329 1251 4384 solem
1284 4328 1586 4382 intueatur.
1611 4326 1760 4381 Verti
1793 4325 1978 4381 omnia

392 4427 448 4482 in
488 4423 611 4479 auri
639 4430 892 4478 naturam
926 4429 1170 4492 exoptat,
1211 4421 1458 4490 atquein
1497 4420 1551 4474 id
1584 4418 1846 4474 incumbit
1879 4433 1978 4487 pro

2071 3307 2337 3378 πρότερον
2388 3306 2735 3376 ἀφίστανται,
2769 3308 2900 3379 πρὶν
2936 3308 3002 3362 ἂν
3033 3307 3134 3377 τῆς
3182 3307 3362 3380 ἄκρας
3415 3309 3652 3376 ἀφίκοιν-

2069 3413 2160 3451 ται
2207 3398 2313 3469 (6)·
2354 3396 2498 3452 οὕτω
2542 3399 2636 3452 καὶ
2663 3390 2832 3463 οὗτοι,
2861 3399 2989 3453 ὅταν
3028 3399 3222 3453 τοῦτον
3269 3400 3363 3454 τὸν
3404 3401 3654 3453 πλούσιον

2072 3490 2481 3555 καταλάϐωσιν,
2521 3491 2682 3555 εὐθὺς
2724 3491 2802 3563 τῷ
2849 3492 3233 3565 πλουσιωτέρῳ
3274 3494 3654 3565 παρισωθῆναι

2073 3581 2455 3650 φιλονεικοῦσι·
2480 3581 2582 3636 κᾶν
2607 3583 2693 3636 ἐπ’
2715 3584 2922 3638 ἐκεῖνον
2943 3584 3246 3654 φθάσωσιν,
3268 3587 3361 3638 ἐπὶ
3382 3585 3476 3640 τὸν
3509 3586 3655 3641 ἄλλον

2072 3672 2170 3744 τὴν
2197 3673 2430 3746 σπουδὴν
2461 3675 2848 3746 μεταφέρουσι,
2875 3677 2970 3730 καὶ
2993 3677 3055 3729 ού
3089 3677 3355 3732 παύονται
3387 3678 3490 3748 τῆς
3524 3682 3655 3732 κατά

2073 3763 2170 3836 τὴν
2197 3764 2513 3820 δυναστείαν
2557 3767 2880 3839 ὁρμῆς,ἐως
2929 3768 2996 3823 ἂν
3029 3768 3357 3839 ὑψωθέντες,
3411 3771 3524 3824 ἀπὸ
3567 3788 3656 3839 με-

2071 3857 2277 3928 τεώρου
2309 3857 2404 3912 τοῦ
2437 3859 2728 3930 πτώματος
2757 3862 2984 3926 ἑαυτοὺς
3017 3861 3428 3934 καταρρήξωσι.

2146 3949 2202 4004 2.
2239 3951 2351 4003 Καὶ
2396 3948 2586 4021 ὥσπερ
2616 3953 2665 4004 oi
2714 3951 2820 4005 ὑπὸ
2873 3951 3074 4023 μανίας
3120 3953 3435 4023 παράφοροι
3489 3953 3552 4007 ού
3593 3953 3658 4006 τὰ

2075 4042 2377 4112 πράγματα
2417 4041 2707 4112 βλέπουσιν
2728 4083 2743 4107 ,
2787 4042 2924 4097 άλλά
2957 4042 3118 4096 τά·ἐκ
3160 4041 3256 4095 τοῦ
3289 4043 3500 4106 πάθους
3534 4060 3657 4114 φαν-

2075 4132 2360 4197 τάζονταιο
2398 4132 2572 4197 οὕτως
2622 4135 2655 4205 ἡ
2695 4133 2792 4187 τοῦ
2827 4134 3154 4188 πλεονέκτου
3211 4133 3358 4206 ψυχὴ
3397 4137 3464 4206 τῇ
3519 4135 3656 4204 φιλο-

2077 4226 2359 4298 χρηματίᾳ
2390 4225 2806 4296 καταχωσθεῖσα
2846 4226 2948 4298 (7),
2982 4227 3160 4281 πάντα
3194 4227 3396 4298 χρυσὸν
3415 4267 3429 4291 ,
3484 4227 3655 4280 πάντα

2077 4317 2318 4392 ἄργυρον
2353 4317 2564 4389 βλέπει.
2596 4316 2781 4371 Ἥδιον
2808 4316 2875 4371 ἂν
2907 4318 2995 4392 ἴδῃ
3021 4317 3098 4388 (8)
3130 4317 3224 4370 τὸν
3253 4316 3476 4388 χρυσὸν,
3509 4318 3542 4388 ἢ
3570 4317 3657 4370 τὸν

2077 4411 2248 4480 ἥλιον.
2265 4409 2495 4482 Εὖχεται
2516 4411 2694 4465 πάντα
2715 4409 2853 4482 πρὸς
2867 4409 2964 4481 τὴν
2979 4408 3074 4462 τοῦ
3090 4407 3294 4481 χρυσοῦ
3317 4406 3484 4476 φύσιν
3507 4425 3656 4478 μετα-

391 4511 557 4566 virili.
583 4509 726 4576 Quid
752 4510 898 4563 enim
933 4524 1045 4563 non
1087 4510 1312 4564 molitur
1344 4516 1564 4580 propter
1590 4523 1785 4562 aurum
1802 4507 1827 4562 τ
1847 4507 1979 4561 Fru-

2080 4503 2365 4574 6ληθῆναι,
2397 4504 2493 4557 καὶ
2511 4504 2716 4556 ἐπινοεῖ
2737 4501 2919 4573 μέντοι
2945 4501 3066 4554 καθ’
3086 4502 3210 4554 ὅσον
3239 4495 3352 4553 οἷόν
3379 4517 3461 4553 τε.
3497 4499 3655 4552 Ποίαν

394 4611 639 4659 mentum
682 4601 742 4655 tit
765 4601 844 4655 illi
874 4616 1090 4664 aurum,
1117 4602 1304 4656 vinum
1331 4601 1388 4656 in
1421 4616 1616 4656 aurum
1645 4600 1976 4669 concrescit,

391 4697 533 4751 lanae
579 4696 658 4751 illi
702 4694 758 4748 in
808 4709 1002 4748 aurum
1039 4700 1366 4760 vertuntur;
1401 4702 1714 4748 mercatura
1767 4693 1972 4757 omnis,

395 4789 576 4844 omnis
601 4787 826 4844 solertia
851 4785 996 4858 parit
1025 4785 1104 4840 illi
1128 4800 1346 4839 aurum.
1373 4783 1554 4853 Ipsum
1581 4799 1775 4837 aurum
1808 4798 1977 4854 gene-

393 4887 482 4934 rat
534 4879 934 4950 semetipsum,
982 4876 1111 4932 dum
1161 4892 1260 4946 per
1305 4875 1496 4930 fenora
1543 4876 1976 4945 multiplicatur;

393 4987 574 5042 neque
614 4972 758 5025 ullus
797 4970 924 5025 ﬁnis
975 4969 1249 5039 reperitur
1287 4967 1629 5037 cupiditatis.
1672 4967 1749 5023 Ac
1794 4968 1978 5038 pueris

395 5065 618 5136 quidem
653 5063 862 5136 gulosis
901 5061 1226 5132 plerumque
1257 5059 1633 5127 concedimus,
1670 5068 1728 5115 ut
1758 5060 1826 5116 iis
1858 5075 1978 5130 quae

398 5159 647 5228 cupiunt,
680 5171 804 5213 sese
833 5154 1049 5210 abunde
1079 5154 1356 5225 expleant,
1381 5160 1441 5207 ut
1462 5140 1559 5224 per
1594 5153 1858 5222 majorem
1887 5167 1978 5207 sa-

399 5247 682 5301 turitatem
734 5243 1016 5300 fastidium
1072 5244 1211 5314 ipsis
1268 5242 1545 5298 aﬂ‘eratur.
1595 5241 1809 5299 Avarus
1867 5257 1977 5297 non

499 5355 547 5425 Ι)
575 5353 654 5425 Ex
689 5354 835 5408 hom.
861 5354 1103 5425 in_mart.
1135 5351 1410 5425 Julittani,
1442 5351 1531 5406 59.

493 5421 548 5491 2)
582 5424 660 5479 Ex
693 5439 858 5479 serm.
896 5423 973 5477 De
1001 5423 1230 5492 legendis
1258 5423 1408 5476 libris
1434 5431 1598 5492 gent.,
1639 5421 1745 5476 185

497 5495 553 5561 5)
592 5494 672 5549 Ex
697 5495 846 5549 hom.
877 5495 932 5547 in
976 5493 1189 5558 divites,
1219 5492 1308 5548 57.

497 5565 553 5631 4)
584 5563 663 5619 Ex
698 5567 844 5619 hom.
876 5564 933 5618 in
958 5563 1090 5619 illud
1123 5563 1304 5628 Lucae,
1330 5562 1636 5626 Destruam,
1667 5562 1756 5616 47.

479 5631 1070 5708 (sifrnepxetgérnr.
1118 5633 1210 5689 Sic
1261 5641 1548 5688 contextus
1594 5631 1796 5688 Basilii.
1837 5631 1981 5691 Editi

409 5703 586 5767 nostri
622 5703 1006 5773 ὑποκειμένην.

484 5775 560 5849 (ο)
611 5771 968 5842 Ἆφίκωνταὶ.
994 5771 1157 5829 Forte
1179 5773 1488 5842 ἐφίκωνται.
1529 5771 1681 5827 Eon.

2079 4595 2191 4666 γὰρ
2244 4594 2490 4666 μηχανὴν
2519 4595 2608 4648 διὰ
2639 4594 2840 4665 χρυσὸν
2865 4593 2928 4647 οὐ
2971 4595 3142 4658 κινεί;
3178 4593 3237 4646 '0
3279 4595 3424 4655 σῖτος
3463 4591 3654 4662 χρυσὸς

2079 4687 2228 4759 αὐτῷ
2256 4688 2501 4756 γίνεται·
2535 4689 2563 4740 ὁ
2599 4682 2742 4749 οἶνος
2768 4687 2848 4750 είς
2879 4685 3081 4757 χρυσὸν
3114 4685 3558 4755 μεταπήγνυταιο
3589 4681 3652 4734 τά

2075 4779 2204 4852 ’ἐρισι
2236 4779 2384 4850 αύτῷ
2423 4776 2832 4850 ἀποχρυσοῠται
2851 4793 2865 4808 ο
2900 4779 3052 4830 πᾶσα
3083 4777 3347 4849 ἐμπορία,
3371 4778 3519 4829 πᾶσα
3545 4772 3652 4828 ἐπί·

2078 4887 2198 4924 νοια
2245 4869 2447 4941 χρυσὸν
2494 4868 2642 4939 αύτῷ
2693 4867 2962 4938 προσάγει
3010 4867 3108 4938 (9).
3162 4866 3336 4930 Αὐτὸς
3397 4866 3584 4918 ἑαυτὸν
3627 4862 3652 4914 ύ

2079 4961 2280 5034 χρυσὸς
2305 4963 2598 5033 ἀπογεννᾷ,
2625 4960 3201 5031 πολυπλασιαζόμενος
3229 4962 3286 5014 ἐν
3309 4958 3650 5030 δανείσμαα·

2081 5053 2174 5106 καὶ
2205 5051 2356 5116 τέλος
2387 5053 2488 5122 τῆς
2521 5051 2816 5124 ἐπιθυμίας
2844 5052 2946 5105 οὐκ
2978 5051 3378 5123 ἐξευρίσκεται.
3405 5050 3527 5103 Τῶν
3560 5051 3651 5118 μὲν

2080 5145 2189 5218 γὰρ
2219 5146 2426 5200 παίδων
2459 5148 2571 5208 τοῖς
2598 5144 2802 5216 λίχνοις
2832 5143 3069 5213 ἀφειδῶς
3099 5143 3360 5206 πολλάκις
3390 5141 3653 5212 ἐνδίδομετ

2079 5235 2188 5290 τῶν
2222 5236 2702 5306 περισπουδάστων
2727 5235 2839 5308 (10)
2872 5233 3439 5307 ύπερεμπίμπλασθαι
3465 5273 3482 5300 ,
3525 5232 3653 5285 ὥστε

2152 5349 2229 5419 (7)
2259 5350 2746 5418 Καταχωσθεῖσα.
2776 5349 3075 5406 Contextus
3113 5347 3534 5418 xaraqeﬂsica.

2153 5421 2229 5494 (8)
2258 5420 2410 5490 Ἴδῃ.
2437 5420 2600 5494 Forte
2628 5420 2748 5494 ἔδοι.
2777 5422 2938 5494 Eutr.
3067 5489 3081 5494 _
3311 5487 3351 5494 _
3662 5483 3671 5494 _

2154 5492 2230 5562 (9)
2262 5487 2581 5562 Προσάγει.
2622 5491 2715 5562 Sic
2747 5492 3000 5547 codicum
3035 5489 3171 5546 alter
3212 5496 3270 5545 et
3311 5487 3504 5544 Basilii
3530 5501 3658 5543 con-

2083 5561 2289 5617 textus.
2325 5561 2464 5632 E_diti
2499 5561 2751 5632 προάγει.

2154 5633 2266 5702 (l0)
2301 5630 2422 5686 Τῶν
2449 5626 3003 5702 περέοῖπουδάστων.
3032 5628 3121 5702 Sic
3138 5629 3279 5702 idem
3298 5627 3471 5685 codex
3485 5637 3538 5685 et
3563 5626 3657 5681 Ba-

2084 5700 2190 5762 silii
2215 5700 2525 5761 cbntextus.
2551 5700 2697 5758 Editi
2724 5702 2800 5773 τῷ
2829 5700 3298 5775 περισπουδάστῳ.
