3874 6224
230 355 372 410 H85

1283 352 1515 410 διεπιΜο
1553 353 1648 408 η.
1690 382 1759 393 -
1798 353 1886 407 DE
1929 351 2280 436 AVARITIA.

3342 357 3479 413 1186

229 473 308 544 τῷ
353 469 742 541 ὑπερὸάλλοντι
785 468 932 540 κόρῳ
963 468 1064 539 τὴν
1100 467 1449 539 ἀποστροφὴν
1480 467 1797 539 ἐμποιῆσαι.

1912 466 2036 519 item
2074 485 2085 519 :
2119 465 2215 520 sed
2252 479 2364 535 quo
2404 465 2653 536 pluribus
2683 465 2962 536 impletur,
2994 466 3097 522 hoc
3130 469 3289 537 plura
3332 471 3479 529 desi-

241 565 301 616 Ὀ
328 562 385 614 δὲ
425 559 791 631 πλεονέκτης,
841 561 940 630 οὐχ
983 557 1190 622 οὕτως’
1223 559 1337 612 ἀλλ’
1384 560 1495 626 ὅσῳ
1541 558 1801 611 πλειόνων

227 655 573 725 ἐμφορεῖται,
613 651 872 705 πλειόνων
921 650 1147 719 ἐφίεται.
1181 651 1254 703 Τὸ
1303 651 1401 721 μὲν
1445 650 1555 722 πῦρ
1586 649 1802 703 ἐπειδὰν

227 745 629 816 καταπρήσεως
663 742 888 814 ἅψηται,
932 740 1148 795 σπεύδει
1183 743 1360 796 πᾶσαν
1407 741 1801 813 ὲπινεμηθῆναι

227 835 333 906 τὴν
362 833 494 903 ὓλην
515 849 528 862 ·
569 833 664 886 καὶ
688 832 866 895 οὐδεὶς
897 830 1046 902 αὐτῷ
1073 832 1149 899 (1)
1184 831 1380 900 στῆσαι
1401 829 1643 890 δύναται,
1674 832 1804 901 πρὶν

228 926 298 980 ἂν
335 925 589 998 ἐπιλείπῃ
626 927 659 996 ή
704 923 826 994 ὕλη.
875 922 978 976 Τὸν
1010 923 1066 977 δὲ
1111 921 1439 993 πλεονέκτην
1486 923 1537 976 τί
1581 921 1802 976 δύναται

231 1021 510 1089 ὲπισχεῖν;
544 1015 723 1088 Πυρός
755 1017 869 1068 ἐστι
900 1013 1297 1086 χαλεπώτερος,
1331 1015 1508 1068 πάντα
1541 1014 1628 1068 διὰ
1675 1031 1801 1066 συν-

229 1111 416 1182 εχείας
466 1108 783 1179 νεμόμενος.
835 1106 1034 1160 Ἐλαΰε
1089 1104 1156 1158 τὰ
1199 1105 1292 1158 τοῦ
1342 1105 1594 1178 πλησίον·
1646 1105 1804 1169 ἄλλος

229 1203 474 1273 ἀνεφάνη
508 1199 723 1269 γείτων,
757 1199 945 1252 καὶτὰ
987 1197 1198 1251 ἐκείνου
1252 1196 1699 1269 ἐξιδιοποιήσατο.
1728 1198 1803 1250 Οὐ

229 1298 348 1359 τοῖς
373 1292 600 1348 κατόπιν
633 1290 910 1362 προσέχει,
939 1291 1020 1342 ὅτι
1050 1288 1252 1342 πολλά’
1282 1288 1422 1342 ἀλλά
1450 1292 1562 1352 τοῖς
1594 1287 1807 1342 λείπου-

234 1403 342 1451 σιν,
378 1387 462 1438 ὅτι
509 1383 758 1452 γείτονας
790 1381 1072 1448 κέκτηται.
1104 1380 1217 1432 Οὐκ
1255 1379 1534 1450 εὐφραίνει
1558 1377 1626 1431 τὰ
1669 1395 1804 1448 κτη-

233 1478 430 1531 θέντα’
452 1475 596 1530 ἀλλὰ
631 1473 792 1525 λυπεῖ
821 1471 890 1525 τὰ
934 1469 1227 1541 λειπόμενα
1249 1486 1264 1500 ⁸
1298 1471 1358 1524 ού
1406 1473 1469 1541 τῇ
1511 1469 1806 1524 ἀπολαύσει

229 1565 344 1618 τῶν
365 1562 737 1634 συναχθέντων
769 1559 1045 1629 προσέχει,
1072 1557 1186 1611 ἀλλ’
1213 1557 1404 1611 ἑαυτὸν
1431 1559 1708 1628 ἐκδαπανᾷ
1738 1559 1804 1628 τῇ

229 1655 501 1726 ἐπιθυμίᾳ
526 1653 626 1722 τῆς
658 1650 751 1705 τοῦ
786 1649 1029 1714 πλείονος
1057 1649 1322 1720 κτήσεως.
1354 1645 1486 1702 Εἶτα
1511 1647 1807 1720 ἀγρυπνίαι

232 1745 515 1810 ἐντεῦθεν,
553 1745 610 1796 at
642 1744 933 1814 μέριμναι,
983 1741 1041 1795 αἱ
1098 1741 1398 1814 φροντίδες.
1455 1741 1520 1794 Τί
1565 1741 1803 1811 ποιήσω;

1902 557 2077 612 derat.
2130 555 2207 627 (ι)
2249 556 2393 627 Ignis
2433 563 2724 628 postquam
2785 573 3056 615 accensus
3095 570 3214 626 est,
3255 559 3482 619 festinat

1902 647 2184 701 materiam
2219 661 2437 702 omnem
2471 646 2765 718 depascere
2799 667 2814 702 :
2846 664 2948 704 nec
2976 650 3270 720 quisquam
3298 652 3482 721 prius-

1902 753 2070 808 quam
2097 741 2324 794 materia
2348 739 2587 802 deliciat,
2623 757 2747 796 eum
2791 741 2987 797 sistere
3011 750 3209 812 potest.
3242 741 3480 799 Avarum

1903 838 2083 883 autem
2131 829 2262 899 quid
2306 837 2484 900 potest
2531 831 2827 888 cohibere?
2864 831 2992 904 Igne
3031 834 3150 904 ipso
3192 842 3278 889 est
3321 850 3484 906 aspe-

1903 920 2040 986 rior,
2075 922 2256 976 omnia
2285 925 2631 978 continenter
2672 923 2997 995 depascens.
3035 925 3332 997 Usurpavit
3360 941 3484 998 qua:

1904 1010 2140 1078 proximi
2185 1021 2347 1078 sunt;
2381 1014 2524 1069 alius
2562 1015 2762 1084 prodiit
2815 1016 3052 1079 vicinus.
3098 1018 3221 1083 ejus
3265 1033 3486 1088 quoque

1904 1099 2049 1153 bona
2095 1101 2198 1156 sibi
2240 1104 2576 1172 assumpsit:
2608 1103 2769 1174 500
2794 1121 2902 1159 non
2952 1106 3184 1162 attendit
3244 1107 3314 1163 iis
3359 1122 3486 1178 qua:

1905 1193 2061 1260 prius
2091 1202 2244 1261 parta
2277 1192 2519 1256 fuerunt,
2551 1197 2696 1264 quod
2729 1197 2898 1250 multa
2929 1206 3058 1252 sunt
3091 1217 3104 1252 :
3133 1198 3228 1252 sed
3266 1199 3335 1253 iis
3363 1215 3488 1268 quc

1905 1284 2127 1348 desunt,
2156 1284 2302 1354 quod
2327 1285 2537 1340 vicinos
2571 1286 2752 1342 habet.
2785 1289 2904 1343 Non
2935 1290 3152 1344 laetatur
3174 1294 3484 1360 possessis:

1907 1378 2004 1432 sed
2049 1378 2116 1432 de
2163 1378 2231 1432 iis
2277 1391 2398 1446 quae
2447 1378 2667 1438 desunt.
2713 1379 2904 1436 dolet:
2939 1398 3116 1452 neque
3149 1383 3217 1438 ad
3256 1400 3320 1440 ea
3363 1401 3486 1456 qua

1905 1467 2186 1537 congessit
2221 1467 2552 1538 perfruenda
2603 1470 2844 1524 animum
2895 1475 3136 1542 appellit,
3181 1476 3274 1530 sed
3319 1490 3483 1545 opum

1906 1561 2234 1629 ampliorum
2268 1560 2541 1616 desiderio
2584 1562 2824 1616 absumit
2863 1565 3240 1635 semetipsum.
3279 1565 3486 1622 Deinde

1909 1652 2037 1706 hinc
2087 1652 2306 1723 vigilias.
2357 1667 2523 1717 curae,
2581 1653 3003 1710 sollicitudines.
3051 1655 3196 1720 Quid
3248 1656 3488 1712 faciam?

1915 1743 2135 1796 Diruam
2171 1743 2360 1796 horrea
2402 1755 2620 1806 mea,“
2650 1743 2911 1810 ampliora
2941 1744 3238 1814 aediﬁcabo.
3290 1745 3484 1814 Stulta,

229 1835 480 1894 Καθελῶ
503 1854 623 1907 μου
650 1836 757 1902 τὰς
789 1833 1124 1901 ἀποθήκας,
1159 1833 1258 1887 καί
1282 1833 1556 1903 μείζονας
1580 1833 1807 1887 οἰκοδο-

1912 1837 2005 1890 hac
2038 1844 2186 1889 nocte
2214 1836 2450 1889 animam
2485 1846 2631 1889 tuam
2672 1846 2909 1904 repetunt
2953 1855 2986 1891 a
3033 1847 3080 1892 te
3117 1855 3139 1891 :
3165 1855 3282 1908 quae
3309 1849 3487 1894 autem

230 1933 428 2000 μήσω.
447 1933 682 1999 ’Λεία-ρον,
707 1930 777 1983 ἐν
803 1929 989 1996 ταύτῃ
1015 1926 1090 1996 τῇ
1115 1927 1288 1981 νυκτί
1309 1927 1628 1981 ἀπαιτοῦσι
1651 1927 1810 1994 παρὰ

229 2025 353 2078 τ’οὗ
399 2023 514 2091 τὴν
547 2022 788 2091 ψυχήνυ
836 2019 876 2074 d
919 2020 988 2073 δὲ
1029 2020 1393 2089 ἡτοίμασας,
1441 2018 1559 2071 τίνι
1597 2001 1807 2082 sciat;

228 2113 455 2178 Μείζων
483 2115 581 2185 τῆς
603 2113 826 2167 αἰωνίου
855 2111 1132 2175 κολάσεως
1161 2113 1190 2164 ὁ
1219 2110 1393 2179 γέλως
1416 2110 1516 2180 τῆς
1534 2109 1806 2173 ἀϐουλίας.

245 2208 309 2260 '0
340 2207 450 2277 γὰρ
485 2206 602 2276 μετ’
633 2203 812 2272 ὀλίγον
841 2202 1189 2274 ἀνάρπαστος
1215 2199 1446 2269 ἄγεσθαι
1469 2199 1542 2270 (2)
1578 2198 1809 2270 μέλλων,

231 2292 327 2350 οἷα
364 2294 713 2366 βουλεύεταις
763 2289 1008 2347 Καθελῶ
1037 2309 1158 2361 μου
1195 2289 1662 2366 τὰςιὰποθήκας.
1696 2292 1811 2343 Και

231 2386 345 2450 λῶς
372 2389 566 2449 ποιεῖς,
601 2384 768 2455 φαίην
798 2384 863 2437 ἂν
908 2383 1084 2453 ἔγωγε
1133 2381 1268 2453 πρὸς
1315 2380 1510 2433 αὐτόν·
1545 2379 1670 2444 ἀξια
1702 2379 1811 2451 γὰρ

233 2475 612 2545 καθαιρέσεως
661 2473 730 2527 τὰ
772 2476 996 2544 ταμιεῖα
1038 2473 1137 2542 τῆς
1179 2469 1410 2532 ἀδικίας.
1448 2469 1811 2524 Κατάσκαπτε

231 2569 357 2630 ταῖς
411 2564 606 2618 ἑαυτοῦ
650 2565 858 2636 χερσὶν,
891 2563 928 2618 ἀ
969 2563 1156 2626 κακῶς
1197 2561 1586 2633 ᾠκοδόμησας·
1621 2560 1713 2614 λύε
1745 2561 1814 2615 τὰ

233 2659 572 2730 σιτοδοχεῖα,
618 2657 742 2712 ὅθεν
791 2657 965 2720 οὐδεὶς
1007 2655 1224 2725 ἀπῆλθέ
1279 2670 1413 2708 ποτε
1460 2652 1814 2724 παραμυθίας

230 2749 444 2822 τυχών·
491 2750 756 2820 ἀφάνισον
787 2750 966 2803 πάντα
1005 2741 1177 2812 οἷκον,
1226 2745 1537 2810 πλεονεξίας
1578 2745 1812 2816 φύλακα,

230 2839 614 2895 ἀποσκεύασον
649 2841 906 2913 ὀρόφους,
940 2839 1158 2910 περίελε
1187 2837 1397 2909 τοίχους
1417 2877 1432 2902 ,
1483 2837 1651 2902 δεῖξον
1679 2837 1814 2908 ἡλίῳ

231 2933 329 2986 τὸν
368 2932 712 3005 εύρωτιῶντα
748 2935 910 2997 σῖτον,
942 2931 1177 2999 ἐξάγαγε
1220 2931 1286 2983 ὲκ
1317 2929 1563 3001 φυλακῆς
1601 2929 1691 2984 τὸν
1731 2929 1815 2982 δέ·

235 3041 396 3095 σμιον
424 3022 670 3088 πλοῦτον,
702 3022 1067 3094 Θριάμϐευσον
1087 3022 1153 3074 τὰ
1181 3019 1432 3074 σκοτεινὰ
1452 3021 1547 3073 τοῦ
1582 3021 1816 3090 μαμωνᾶ

232 3116 579 3186 καταγώγια.
621 3114 866 3170 Καθελῶ
893 3133 1014 3184 μου
1046 3113 1153 3180 τὰς
1183 3114 1522 3179 ἀποθήκας,
1556 3111 1656 3166 καὶ
1688 3112 1814 3180 μεί-

233 3208 410 3274 ζονας
456 3207 848 3277 οἰκοδομήσω.
908 3206 1034 3258 Ἐὰν
1084 3205 1142 3256 δὲ
1190 3203 1287 3257 καὶ
1338 3202 1543 3265 ταύτας
1599 3203 1812 3272 ἐμπλή-

234 3317 338 3371 σῃς
365 3301 462 3371 (5),
503 3299 558 3351 τί
591 3315 723 3351 ποτε
757 3297 873 3366 ἄρα
907 3295 1267 3367 διανοηθήσῃ;
1299 3289 1442 3365 ἦπου
1485 3293 1648 3348 πάλιν
1683 3293 1814 3346 καθ-

1906 1928 2150 1996 parasti,
2204 1927 2354 1996 cujus
2393 1928 2653 1982 erant”?
2711 1928 2786 1999 (5)
2837 1927 2961 1983 Haec
3011 1931 3198 1984 irrisio
3242 1932 3488 1988 stultitiae

1903 2026 2130 2088 superat
2158 2019 2488 2090 supplicium
2527 2026 2812 2074 aeternum.
2848 2021 2949 2087 Qui
2975 2023 3119 2076 enim
3159 2023 3321 2093 paulo
3361 2035 3487 2094 post

1908 2112 2209 2183 rapiendus
2237 2121 2321 2168 est
2354 2119 2409 2167 et
2431 2112 2812 2177 abducendus,
2847 2113 3029 2182 qualia
3062 2113 3115 2167 in
3143 2115 3330 2170 animo
3359 2131 3486 2171 ver-

1909 2211 1996 2256 sat
2025 2201 2286 2256 consilia?
2316 2200 2599 2256 Destruam
2627 2200 2821 2255 horrea
2846 2217 2980 2255 mea.
3011 2199 3177 2258 Recte
3202 2202 3363 2267 facis,
3383 2220 3488 2276 ego

1911 2294 2029 2363 ipse
2061 2295 2110 2348 ei
2141 2293 2396 2348 dixerim.
2429 2292 2597 2364 Digna
2623 2295 2768 2348 enim
2795 2303 2926 2350 sunt
2959 2310 3081 2364 quae
3108 2294 3487 2361 destruantur,

1910 2383 2216 2452 iniquitatis
2268 2383 2484 2437 horrea.
2533 2381 2667 2437 Tuis
2717 2382 2834 2452 ipse
2880 2382 3132 2438 manibus
3169 2382 3328 2438 dirue
3368 2398 3490 2453 qua:

1911 2475 2054 2530 male
2098 2474 2403 2529 mdilicasti.
2457 2474 2616 2530 Solve
2663 2473 3052 2530 frumentarias
3102 2491 3299 2545 penus,
3342 2476 3491 2532 unde

1912 2581 2078 2622 nemo
2114 2581 2352 2636 unquam
2387 2567 2653 2621 allevatus
2688 2568 2839 2622 exiit.
2886 2566 3112 2622 Destrue
3143 2584 3359 2624 omnem
3388 2569 3491 2624 do-

1908 2673 2064 2712 mum
2115 2658 2361 2712 avaritiae
2421 2659 2728 2723 custodem,
2771 2666 2956 2714 everte
3004 2667 3169 2724 tecta,
3221 2661 3488 2714 demoline

1913 2764 2124 2813 muros,
2167 2749 2394 2804 ostende
2427 2749 2530 2803 soli
2564 2748 2899 2803 frumentum
2939 2750 3240 2816 cariosum,
3272 2750 3414 2805 educ
3459 2765 3493 2806 e

1914 2855 2136 2894 carcere
2161 2841 2371 2896 vinctas
2392 2855 2544 2910 opes,
2573 2841 2785 2911 produc
2813 2842 2868 2896 in
2896 2841 3176 2910 publicum
3201 2842 3491 2897 tenebrosa

1915 2944 2240 2983 mammona:
2261 2930 2540 2984 conclavia
2571 2948 2586 2984 :
2617 2929 2900 2983 Destruam
2925 2929 3113 2983 horrea
3140 2946 3274 2994 mea,
3299 2937 3348 2982 et
3377 2946 3493 2982 ma-

1907 3019 2036 3087 jora
2081 3019 2380 3089 wdiﬁcabo.
2431 3019 2585 3086 Quod
2635 3022 2681 3075 si
2741 3021 2855 3075 haec
2899 3035 3117 3090 quoque
3161 3020 3491 3089 impleveris,

1914 3109 2044 3178 quid
2079 3117 2191 3161 tum
2221 3109 2595 3179 excogitabis?
2622 3123 2888 3163 rursusne
2917 3109 3193 3174 destrues,
3220 3117 3274 3161 et
3297 3123 3494 3162 rursus

1917 3201 2246 3256 :ediiicabis?
2283 3201 2425 3268 Quid
2452 3202 2698 3266 stultius,
2727 3217 2888 3270 quam
2913 3183 3168 3254 laborare
3200 3207 3490 3269 perpetuo,

1915 3293 2188 3348 aedificare
2215 3292 2528 3363 diligenter,
2563 3302 2615 3347 et
2645 3293 2936 3363 diligenter
2957 3291 3284 3346 destruere?

231 3397 522 3467 αιρήσεις,
569 3394 664 3448 καὶ
727 3393 892 3447 πάλιν
931 3391 1344 3461 οίκοδομήσεις;
1391 3389 1506 3442 Καὶ
1548 3389 1600 3442 τί
1673 3389 1880 3443 τούτων
1917 3389 2307 3461 ἀνοητότερον,
2358 3389 2640 3461 ἀπέραντα
2693 3387 2950 3460 μοχθεῖν.
3001 3385 3304 3456 οἰκοδομεῖν
3359 3381 3492 3453 μετὰ

234 3488 492 3558 σπουδῆς,
534 3487 627 3540 καὶ
653 3486 791 3557 μετὰ
831 3485 1067 3554 σπουδῆς
1099 3483 1418 3555 καθαιρεῖν;

307 3585 358 3638 5.
403 3583 520 3637 Κᾶν
569 3583 667 3653 μὲν
713 3580 975 3652 ἀκούσῃς,
1011 3577 1307 3645 Πώλησόν
1339 3594 1454 3632 σου
1501 3577 1575 3631 τὰ
1618 3577 1808 3645 ὖπάρ-

232 3692 454 3748 κοντα,
502 3674 602 3727 καὶ
645 3672 752 3739 δὸς
789 3671 1046 3742 πτωχοῖς
1069 3712 1084 3736 ,
1122 3670 1208 3723 ἵνα
1241 3669 1369 3742 ἔχῃς
1420 3669 1628 3737 ἐφόδιον
1675 3671 1808 3740 πρὸς

230 3769 336 3840 τὴν
372 3767 586 3821 αἰώνιον
631 3766 949 3829 ἀπόλαυσιν,
984 3763 1199 3834 ἀπέρχῃ
1247 3761 1620 3832 λυπούμενοςο
1656 3761 1720 3815 ἂν
1750 3763 1807 3815 δὲ

234 3861 498 3934 ἀκούσῃς,
539 3861 636 3923 Δὸς
670 3859 930 3929 χρήματα
958 3855 1174 3925 γυναιξὶ
1203 3851 1510 3924 χλιδώσαις,
1545 3853 1633 3916 δὸς
1669 3852 1810 3905 λιθο-

234 3952 399 4019 ξόοις,
437 3951 671 4014 τέκτοσι,
703 3949 1072 4020 ψηφοθέταις,
1114 3945 1424 4016 ζωγράφοις
1445 3986 1458 4010 ,
1492 3944 1702 4014 χαίρεις
1736 3943 1810 4006 ὡς

233 4041 302 4112 δή
332 4059 384 4095 τι
413 4041 710 4112 χρημάτων
730 4038 1052 4110 τιμιώτερον
1086 4034 1522 4105 κατακτὼμενος.
1547 4035 1658 4103 Οὐχ
1681 4035 1812 4104 ὁρᾷς

232 4135 365 4196 τοὺς
402 4132 616 4202 τοίχους
662 4131 886 4193 τούτους
916 4129 1044 4191 τοὺς
1087 4127 1194 4180 ὑπὸ
1236 4126 1327 4180 τοῦ
1369 4125 1564 4200 χρόνου
1611 4127 1811 4195 κατα.ρο

238 4220 489 4295 ῥυέντας,
533 4213 609 4272 ὦν
641 4219 710 4272 τὰ
744 4217 973 4287 λείψανα
1023 4215 1212 4286 ὥσπερ
1260 4213 1512 4267 σκόπελοί
1537 4229 1684 4277 τινες
1726 4212 1812 4267 διὰ

233 4310 340 4382 τῆς
385 4311 587 4374 πόλεως
636 4309 816 4379 πάσης
850 4308 1137 4378 ἀνέχουσι;
1171 4305 1334 4358 Πόσοι
1372 4302 1514 4378 ἦσαν
1545 4305 1687 4358 κατὰ
1713 4304 1812 4375 τὴν

237 4402 396 4455 πόλιν
424 4401 656 4472 πένητες
683 4399 888 4454 τούτων
931 4398 1313 4472 ἐγειρομένων,
1342 4396 1391 4450 οἳ
1430 4396 1517 4450 διὰ
1545 4396 1645 4467 τὴν
1682 4395 1811 4465 περὶ

1979 3575 2035 3628 5.
2080 3573 2156 3644 (6)
2190 3573 2347 3640 Quod
2377 3571 2427 3627 si
2461 3570 2704 3625 audieris
2735 3587 2747 3622 :
2789 3567 2960 3622 Vende
2987 3584 3106 3638 qua:
3139 3566 3320 3628 habes,
3351 3574 3403 3619 et
3424 3565 3494 3620 da

1909 3663 2227 3732 pauperibus
2253 3662 2318 3726 ⁸⁸,
2354 3668 2413 3715 ut
2443 3660 2646 3713 habeas
2682 3659 2940 3712 viaticum
2980 3658 3047 3711 ad
3077 3667 3338 3710 :eternam
3371 3655 3494 3710 feli-

1909 3755 2150 3814 citatem,
2206 3751 2326 3806 abis
2371 3749 2544 3804 tristis
2579 3767 2591 3802 :
2623 3749 2668 3802 si
2712 3763 2842 3802 vero
2876 3746 3159 3800 audieris:
3194 3746 3268 3798 Da
3315 3761 3484 3814 pecu-

1910 3844 2034 3898 nias
2081 3842 2407 3896 mulieribus
2438 3838 2734 3893 luxuriosis
2757 3877 2772 3901 ,
2804 3837 2872 3891 da
2908 3836 3179 3906 lapicidis,
3218 3834 3389 3889 fabris
3427 3834 3496 3888 li-

1911 3935 2138 4007 gnariis,
2169 3933 2485 3988 hominibus
2515 3932 2759 3987 calculos
2790 3929 3126 3991 locantibus,
3165 3926 3490 3996 pictoribus,

1914 4038 2044 4084 tunc
2077 4029 2304 4099 perinde
2329 4028 2534 4098 gaudes
2569 4041 2634 4080 ac
2674 4024 2721 4080 si
2755 4023 3055 4094 quidquam
3092 4019 3344 4090 pecuniis
3368 4034 3494 4088 pre-

1912 4121 2107 4176 tiosius
2141 4120 2413 4189 acquiras.
2464 4116 2582 4170 Non
2613 4115 2767 4170 vides
2816 4111 3020 4167 moenia
3062 4109 3177 4163 haec
3225 4107 3496 4177 temporis

1912 4209 2275 4264 diuturnitate
2314 4209 2577 4276 collapsa,
2617 4219 2853 4276 quorum
2898 4198 3143 4270 reliquiae
3185 4197 3334 4251 velut
3367 4211 3493 4252 sco-

1912 4300 2023 4370 puli
2057 4298 2278 4368 quidam
2310 4311 2405 4366 per
2441 4303 2608 4348 totam
2632 4293 2822 4348 urbem
2851 4287 3134 4345 eminent?
3171 4287 3335 4353 Quot,
3367 4299 3494 4339 cum

1913 4396 2349 4450 exstruerentur,
2383 4393 2541 4441 erant
2569 4386 2622 4438 in
2651 4384 2787 4437 urbe
2816 4395 3105 4452 pauperes,
3144 4380 3238 4449 qui
3274 4377 3347 4432 ob
3375 4377 3495 4430 col-

236 4494 412 4547 ταῦτα
440 4493 674 4562 σπουδὴν
700 4491 807 4545 ὑπὸ
837 4491 951 4544 τῶν
977 4492 1096 4543 τότε
1127 4488 1399 4542 πλουσίων
1421 4485 1809 4558 παρεωρῶντο;

1919 4479 2085 4532 latum
2118 4479 2171 4532 in
2211 4491 2274 4531 ea
2310 4475 2552 4530 studium
2593 4489 2622 4526 a
2649 4473 2912 4527 divitibus
2943 4469 3065 4538 ejus
3098 4466 3365 4538 temporis
3403 4480 3494 4542 ne;

239 4583 354 4638 Ποῦ
387 4584 566 4636 τοίνυν
595 4584 628 4653 ἡ
655 4580 888 4653 λαμπρὰ
912 4580 1021 4634 τῶν
1051 4580 1226 4652 ἔργων
1250 4577 1559 4647 κατασκευή
1582 4594 1596 4642 ;
1629 4575 1732 4629 ποῦ
1759 4575 1816 4629 δὲ

239 4679 268 4730 ὁ
295 4676 390 4730 ἐπὶ
408 4678 474 4746 τῇ
501 4673 706 4728 τούτων
742 4673 1111 4745 μεγαλουργίᾳ
1135 4671 1498 4744 ζηλούμενοςς
1523 4670 1596 4723 υύ
1615 4667 1686 4722 τὰ
1718 4668 1816 4740 μὲν

242 4766 574 4837 συγκέχυται
621 4766 716 4819 καὶ
763 4765 1080 4835 ἠφάνισται,
1111 4765 1295 4836 ὥσπερ
1334 4763 1403 4817 τὰ
1431 4761 1574 4816 κατά
1598 4759 1816 4814 παιδιὰν

243 4863 303 4913 ὲν
347 4863 468 4923 ταῖς
506 4858 754 4931 ψάμμοις
805 4858 912 4912 ὑπὸ
944 4857 1053 4911 τῶν
1098 4858 1304 4912 παίδων
1339 4854 1813 4925 φιλοτεχνούμενα,

239 4953 271 5004 ὁ
304 4950 362 5004 δὲ
404 4953 462 5004 ὲν
497 4950 578 5021 τῷ
617 4950 721 5025 ἀδῃ
751 4953 949 5014 κεῖται,
978 4951 1070 5003 ἐπὶ
1100 4953 1166 5021 τῇ
1201 4948 1401 5018 σπουδῇ
1433 4947 1540 5000 τῶν
1575 4945 1816 5016 ματαίων

248 5043 756 5115 μεταμελούμενος;
789 5043 1048 5113 Μεγάλην
1075 5042 1163 5112 ἔχε
1183 5042 1284 5111 τὴν
1316 5040 1514 5110 ψυχὴν,
1539 5037 1814 5109 ἄνθρωπε.

245 5135 428 5204 Τοῖχοι
459 5133 518 5188 δὲ
550 5133 648 5187 καὶ
696 5133 886 5205 μικροὶ
918 5133 1013 5186 καὶ
1039 5131 1282 5202 μείζονες
1310 5129 1408 5200 τὴν
1429 5128 1596 5198 αὐτὴν
1629 5125 1816 5198 χρείαν

245 5224 513 5298 πληροῦσι
548 5227 660 5289 τοῖς
703 5224 935 5296 ἔχουσιν.
975 5224 1160 5294 Ἔχεις
1199 5220 1504 5292 ἀποθήκας,
1533 5217 1630 5272 ἐὰν
1658 5216 1816 5288 θέλῃς

323 5381 366 5412 ⁸⁸
403 5379 534 5436 Luc.
571 5395 670 5446 xu,
709 5379 897 5435 18-20.
997 5379 1042 5410 θ’
1084 5375 1274 5431 Matth.
1327 5391 1441 5438 xtx,
1468 5373 1559 5426 2|.

321 5538 397 5609 (ι)
423 5538 610 5604 Αὐτῷ.
644 5536 950 5608 Legendum
980 5534 1194 5609 videtur
1218 5533 1380 5609 αὐτόΖ
1396 5531 1552 5584 Εοιτ.

428 5601 1010 5678 ἈπσθωΪΟυάίωω
1037 5606 1172 5658 alter
1197 5601 1464 5678 γενέσθαι.

321 5673 400 5748 (δ)
441 5673 813 5747 Ἑμπλήσῃς.
847 5677 940 5733 Sic
969 5683 1196 5745 uterque
1233 5673 1401 5730 codex
1431 5680 1483 5728 et
1506 5674 1809 5726 contextus.

253 5749 396 5807 Editi
424 5748 741 5820 ἐμπλήσεις.

1922 4570 2306 4642 gligebantur?
2359 4569 2462 4624 Ubi
2517 4567 2683 4638 igitur
2733 4562 3022 4634 splendida
3071 4574 3298 4629 Operum
3346 4566 3493 4614 stru-

1919 4663 2114 4717 ctura?
2144 4664 2233 4718 ubi
2268 4663 2376 4725 ille,
2421 4660 2514 4730 qui
2554 4670 2884 4728 magnopere
2929 4652 3253 4707 laudabatur
3283 4650 3354 4705 ob
3403 4664 3496 4702 co-

1920 4767 2040 4807 rum
2088 4747 2589 4824 magniﬁcentiam?
2620 4745 2810 4800 Nonne
2843 4744 2956 4797 haec
2982 4740 3200 4811 quidem
3242 4737 3494 4808 prolapsa

1919 4855 1973 4901 et
2005 4844 2228 4906 abolita,
2258 4853 2318 4896 ut
2349 4856 2435 4908 ea,
2468 4855 2590 4910 qua:
2620 4839 2676 4892 in
2707 4851 2874 4890 arena
2913 4849 2943 4887 a
2972 4832 3160 4904 pueris
3181 4829 3495 4884 ludentibus

1920 4945 2300 5000 exstruuntur,
2342 4935 2494 4988 illum
2534 4937 2715 4984 autem
2765 4927 2820 4980 in
2858 4923 3073 4980 inferno
3094 4922 3366 4991 iacentem
3399 4917 3473 4970 im

1922 5029 2078 5100 pensi
2109 5028 2276 5083 rebus
2312 5026 2468 5080 vanis
2511 5021 2677 5079 studii
2711 5016 2984 5090 paenitet?
3013 5011 3104 5070 Sis
3143 5011 3326 5066 animo
3371 5023 3493 5100 ma-

1921 5099 2050 5192 gno,
2099 5136 2132 5175 ο
2159 5121 2338 5173 homo.
2375 5116 2512 5171 Muri
2542 5126 2655 5170 tum
2698 5112 2850 5183 parvi
2882 5117 2995 5162 tum
3030 5102 3210 5174 magni
3243 5099 3494 5156 eumdem

1922 5213 2334 5286 possidentibus
2359 5223 2518 5265 usum
2552 5213 2837 5278 praestant.
2875 5201 2952 5272 (7)
2986 5199 3163 5254 Habes
3192 5197 3408 5258 horrea,
3445 5193 3494 5249 si

1995 5521 2073 5592 (Δ)
2108 5519 2184 5592 Ex
2214 5517 2359 5592 hom.
2387 5515 2535 5592 dicta
2573 5505 3034 5592 ίῙι-ιηεὶείελῖἰθο.

2217 5589 2357 5660 hom.
2387 5585 2437 5660 in
2476 5581 2605 5660 illud
2637 5580 2812 5660 Lucae,
2849 5578 3150 5638 Destruam,
3173 5571 3268 5628 48.

2208 5651 2704 5731 ⁸Ιιυιιιςὶιι.ιᾴέυριέεδ,
2739 5649 2826 5702 55.

2106 5729 2180 5782 Ex
2208 5727 2354 5782 hom.
2387 5723 2597 5778 inillud
2620 5711 2796 5781 Lurze,
2830 5716 3131 5778 Destruam,
3164 5711 3250 5767 49.
