3874 6224
415 339 549 393 H87

1276 337 1640 395 APPENDIX.
1659 368 1731 380 --
1747 335 2095 394 SYMEONIS
2132 337 2671 395 METAPHRASTE

3514 339 3654 395 “88

411 462 519 522 vis,
547 456 743 512 domos
772 471 1098 528 pauperum.
1128 457 1456 513 Thesauriza
1488 458 1583 512 tibi
1605 459 1910 515 thesaurum
1933 460 1981 513 in

2092 458 2189 522 τὰς
2208 459 2386 522 οίκίας
2412 459 2489 530 (5)
2535 457 2646 512 τῶν
2690 458 2958 531 πενήτων.
3001 457 3387 527 Onam}pr
3423 455 3654 522 σεαυτῷ

409 549 631 605 caelo".
672 550 804 616 Quae
842 550 957 605 illic
981 550 1378 616 reconduntur,
1421 565 1486 605 ea
1528 566 1638 605 non
1681 549 1991 621 depascun-

410 645 503 692 tur
533 639 713 705 tineae,
756 655 867 695 non
898 640 1146 695 corrodit
1181 641 1382 707 caries,
1406 656 1514 696 non
1538 642 1872 712 praedantur
1901 641 1991 696 fu-

414 745 523 785 res.
552 729 621 783 At
651 734 840 800 egenis
886 731 1195 803 impertiar,
1225 747 1353 787 cum
1379 732 1623 788 secunda
1661 733 1856 788 horrea
1894 734 1991 787 im-

413 819 654 888 plevero.
689 819 934 891 Longum
971 820 1073 875 tibi
1099 821 1227 876 vita
1256 830 1475 891 tempus
1513 820 1814 892 praefixisti.
1845 820 1992 877 Cave

414 917 467 963 te
494 910 761 978 praefinita
791 910 910 965 dies
959 909 1227 967 festinans
1257 919 1567 983 praevertat.
1604 912 1739 965 Nam
1780 912 1992 982 pollici-

412 1001 549 1054 tatio
580 1001 771 1055 isthmc
817 1002 1077 1072 nequitiae
1122 1010 1504 1073 argumentum
1540 1011 1646 1068 est,
1684 1017 1794 1057 non
1834 1003 1990 1058 beni-

411 1091 659 1160 gnitatis.
693 1090 981 1148 Polliceris
1026 1093 1195 1157 enim,
1225 1109 1335 1147 non
1366 1102 1427 1147 ut
1459 1092 1527 1148 de
1557 1100 1767 1164 postea,
1808 1094 1902 1149 sed
1931 1104 1990 1148 ut

411 1197 654 1252 pmsens
678 1184 1025 1239 submoveas.
1052 1183 1207 1239 Nunc
1237 1200 1361 1240 cum
1388 1185 1572 1247 liceat,
1605 1185 1738 1254 quid
1765 1184 1991 1255 impedit

410 1274 708 1342 quominus
753 1275 1027 1345 largiare?
1073 1275 1265 1330 Nonne
1309 1274 1464 1330 adest
1510 1275 1764 1347 indigus?
1810 1291 1991 1332 nonne

410 1364 571 1433 plena
605 1373 733 1420 sunt
755 1366 995 1422 horrea?
1025 1382 1092 1420 an
1116 1381 1227 1422 non
1258 1374 1449 1437 parata
1489 1368 1743 1423 merces?
1771 1383 1842 1422 an
1878 1384 1989 1424 non

409 1455 619 1510 clarum
668 1465 999 1529 praeceptum
1050 1470 1133 1513 est
1186 1466 1241 1512 et
1285 1458 1682 1528 perspicuum?
1724 1458 1990 1516 Esuriens

409 1548 769 1613 contabescit,
819 1551 1001 1606 nudus
1050 1552 1230 1620 riget:
1262 1552 1636 1621 strangulatur
1663 1552 1819 1622 501
1860 1552 1908 1607 is
1958 1567 1990 1607 a

409 1653 520 1706 quo
543 1639 786 1693 debitum
814 1643 1084 1712 exigitur;
1114 1651 1167 1697 et
1196 1651 1253 1695 tu
1279 1643 1685 1713 eleemosynam
1718 1641 1904 1699 differs
1931 1644 1989 1698 in

410 1730 753 1785 crastinum?
779 1732 921 1786 Audi
969 1732 1317 1788 Salomonem
1348 1752 1361 1786 :
1394 1730 1478 1787 Ne
1508 1732 1708 1787 dixeris
1738 1750 1757 1786 :
1789 1734 1890 1788 Abi
1925 1751 1989 1788 ac

2089 550 2400 619 θησαυρὸν
2424 550 2494 603 ἑν
2517 549 2767 619 οὐρανῷ.
2781 550 2865 604 Ta
2884 551 3000 604 ἐκεῖ
3019 551 3391 621 ἀποτιθέμενα
3407 551 3469 603 οὐ
3499 550 3657 620 σῆτες

2092 640 2550 710 μεταδόσκονται,
2578 642 2640 694 οὐ
2674 640 2920 713 σηπεδὼν
2966 642 3282 712 ἐπινέμεται
3300 681 3316 707 ,
3362 642 3426 695 οὐ
3466 640 3659 712 λῃσταὶ

2087 731 2519 785 διακλέπτουσιν.
2567 731 2728 786 Ἀλλὰ
2757 732 2879 785 τότε
2904 731 3195 803 μεταδώσω
3225 735 3340 795 τοῖς
3364 731 3655 801 δεομένοις,

2087 824 2215 879 ὅταν
2266 823 2366 887 τάς
2415 824 2673 897 δευτέρας
2715 824 3000 895 ἀποθήκας
3050 823 3345 896 πληρώσω.
3397 825 3656 894 Μακροὺς

2091 912 2302 984 σεαυτῷ
2329 915 2457 977 τοὺς
2488 914 2715 984 χρόνους
2748 914 2851 983 τῆς
2879 913 3022 986 ζωῆς
3045 914 3253 986 ἔπηξας
3274 931 3288 944 ·
3323 915 3421 968 καὶ⁸
3445 914 3655 979 σκόπει,

2093 1008 2167 1077 μή
2197 1023 2256 1059 σε
2280 1006 2672 1080 προκαταλάδῃ
2701 1009 2730 1060 6
2752 1006 2892 1060 κατά
2911 1008 3247 1079 προθεσμίαν
3273 1008 3529 1076 ἐπίγων.
3558 1004 3657 1059 Καὶ

2089 1098 2197 1172 γάρ
2234 1099 2267 1170 ἠ
2298 1098 2598 1167 ἐπαγγελία
2630 1101 2692 1152 οὐ
2728 1100 3093 1171 χρηστότητός
3122 1102 3271 1153 ἐστιν
3313 1100 3456 1153 ἀλλά
3496 1117 3643 1171 πονηρ

2092 1187 2214 1259 ρίας
2247 1187 2541 1252 ἀπόδειξις.
2578 1187 2915 1259 Ἐπαγγέλλῃ
2952 1187 3081 1257 γὰρ,
3105 1187 3203 1257 οὐχ
3236 1189 3325 1240 ἵνα
3370 1186 3479 1258 δῷς
3525 1187 3655 1255 μετά

2088 1281 2282 1343 ταῦτα,
2311 1279 2425 1333 ἀλλ’
2460 1280 2547 1333 ἵνα
2569 1279 2630 1333 τὸ
2660 1280 2832 1350 παρὸν
2860 1278 3180 1352 διακρούσῃ.
3215 1279 3371 1332 Ἐπεὶ
3396 1278 3496 1332 νῦν
3522 1279 3577 1331 τί
3602 1280 3653 1331 τὲ

2088 1371 2298 1426 κωλύον
2326 1372 2425 1443 τὴν
2453 1371 2770 1442 μετάδοσιν;
2801 1372 2877 1425 Ού
2921 1371 3183 1443 πάρεστιν
3219 1373 3251 1424 6
3292 1371 3514 1441 ἐνδεής
3544 1371 3655 1440 οὐχὶ

2090 1463 2317 1535 πλήρεις
2362 1464 2419 1516 αἱ
2458 1461 2761 1532 ἀποθῆκαι;
2817 1463 2915 1533 οὐχ
2963 1464 2993 1515 6
3044 1462 3230 1533 μισθὸς
3277 1462 3535 1533 ἕτοιμος
3568 1464 3655 1532 οὐ)

2089 1557 2123 1626 ή
2156 1554 2342 1625 ἐντολὴ
2379 1555 2692 1626 τηλαυγής;
2750 1554 2807 1606 '0
2838 1553 3039 1607 πεινῶν
3068 1555 3326 1625 τήκεται,
3383 1556 3413 1607 6
3448 1570 3634 1624 γυμνη

2086 1647 2260 1700 τεύων
2298 1647 2602 1717 πήγνυται,
2648 1646 2677 1698 6
2730 1645 3128 1716 ἀπαιτούμενος
3181 1645 3527 1715 ἀπάγχεται·
3572 1647 3657 1699 καὶ

2091 1739 2155 1791 σὺ
2222 1738 2324 1810 τὴν
2383 1738 2752 1810 ἐλεημοσύνην
2806 1740 2887 1802 είς
2941 1738 3041 1810 τὴν
3096 1737 3286 1810 αὔριον
3343 1737 3656 1812 ἀναϐάλλῃ.

410 1831 684 1887 reuertere,
719 1832 769 1877 et
812 1840 935 1878 cras
969 1824 1129 1890 dabo,
1172 1840 1289 1877 cum
1322 1823 1475 1878 hodie
1521 1825 1822 1894 benefacere
1865 1842 1981 1896 pos‘

2093 1832 2289 1884 ’Ἄκουε
2327 1828 2671 1903 Σολομῶντος
2688 1849 2703 1862 ·
2730 1831 2828 1900 Μὴ
2857 1830 3037 1899 stunc
3055 1844 3070 1859 °
3106 1829 3493 1915 Ἐπανελθὼν
3521 1830 3648 1883 ἐπάν

409 1915 485 1967 δίε
508 1914 556 1945 τί
595 1931 612 1969 :
663 1916 880 1984 ignoras
938 1917 1079 1970 enim
1129 1916 1255 1987 quid
1301 1919 1473 1986 pariet
1521 1918 1633 1972 dies
1681 1935 1896 1988 sequens
1918 1920 1984 1973 τ’.

412 2007 487 2076 (l)
510 2005 799 2075 Praeterea,
828 2024 1021 2062 aurum
1057 2024 1183 2063 cum
1220 2008 1341 2074 das,
1373 2017 1428 2064 et
1456 2010 1594 2064 emis
1624 2024 1848 2080 equum,
1876 2026 1989 2067 non

409 2110 610 2153 maeres
640 2116 654 2151 :
688 2112 814 2152 cum
866 2114 996 2154 vero
1031 2100 1275 2170 peritura
1321 2099 1593 2170 impertis,
1643 2115 1708 2155 ac
1759 2116 1987 2172 regnum

410 2188 675 2241 caelorum
706 2189 935 2259 accipis,
983 2192 1257 2261 lacrymas
1289 2190 1545 2256 effundis,
1590 2198 1645 2248 et
1675 2192 1862 2262 rejicis
1897 2208 1990 2248 ro.

409 2289 649 2349 gantem,
681 2295 745 2336 ac
775 2281 907 2337 dare
941 2298 1186 2351 recusas,
1222 2292 1511 2340 sexcentas
1536 2285 1635 2340 tibi
1670 2294 1989 2356 sumptuum

409 2383 605 2426 causas
657 2374 1104 2430 comminiscens.
1157 2374 1301 2441 Quid
1372 2375 1732 2445 respondebis
1774 2376 1991 2445 judici?

409 2462 504 2531 qui
529 2461 767 2532 parietes
794 2465 984 2529 vestis,
1012 2466 1284 2521 hominem
1308 2481 1417 2521 non
1451 2467 1664 2523 vestis?
1686 2469 1779 2538 qui
1809 2483 1987 2538 equos

411 2566 601 2617 ornas,
650 2552 872 2609 fratrem
922 2557 977 2609 in
1027 2557 1283 2613 sordibus
1308 2557 1582 2627 jacentem
1633 2560 1991 2629 aspernaris?

411 2646 507 2716 qui
539 2654 853 2716 putrescere
914 2648 1052 2706 sinis
1098 2649 1432 2705 frumentum
1459 2692 1475 2718 ,
1524 2653 1832 2709 esurientes
1880 2669 1990 2709 non

410 2739 548 2794 alis?
574 2741 668 2811 qui
696 2740 906 2797 defodis
931 2756 1150 2811 aurum,
1181 2756 1506 2814 oppressum
1532 2746 1882 2802 contemnis?

480 2983 532 3037 ι.
560 2983 635 3056 (2)
668 2983 951 3051 Quomodo
979 2987 1077 3041 tibi
1112 2988 1371 3057 pauperis
1405 2988 1746 3044 calamitates
1778 3004 1983 3060 ponam

412 3072 487 3127 ob
536 3076 765 3130 oculos?
806 3075 901 3131 llle
945 3092 1007 3130 re
1059 3076 1315 3130 familiari
1353 3077 1776 3146 circumspecta,
1839 3079 1990 3135 videt

2085 1941 2255 1992 νηκε,
2298 1926 2396 1979 καὶ
2425 1926 2636 1994 αὔριον
2673 1925 2865 1991 δώσω,
2893 1923 3156 1979 δυνατοῦ
3202 1939 3321 1979 σου
3370 1924 3553 1991 ὄντος
3591 1918 3657 1978 εὖ

2087 2017 2280 2072 ποιεῖν
2303 2035 2318 2049 ·
2342 2021 2414 2074 οὐ
2445 2019 2556 2089 γὰρ
2587 2015 2753 2086 οἶδας
2780 2019 2836 2071 τι
2870 2017 3099 2083 τέξεται
3131 2017 3171 2085 ἠ
3195 2016 3478 2072 ἐπιοῦσα.
3507 2013 3655 2086 Εἶτα,

2087 2109 2286 2181 χρυσὸν
2317 2111 2415 2179 μὲν
2441 2110 2650 2176 διδοὺς,
2692 2109 2786 2163 καὶ
2831 2109 2997 2163 ἵππον
3038 2109 3315 2180 κτώμενος
3335 2150 3351 2175 ,
3386 2108 3490 2162 οὐκ
3532 2108 3652 2163 abu-

2093 2203 2243 2272 μεῖς·
2287 2200 2503 2274 φθαρτά
2560 2201 2620 2254 δὲ
2666 2201 2990 2273 προέμενος,
3041 2200 3137 2254 καὶ
3180 2200 3459 2271 βασιλείαν
3505 2201 3653 2272 ούραο

2087 2293 2194 2348 νῶν
2232 2292 2557 2365 λαμϐάνων,
2594 2292 2890 2364 δακρύεις,
2924 2292 3019 2347 καὶ
3048 2293 3186 2364 ἀρνῇ
3229 2292 3322 2346 τὸν
3364 2292 3653 2356 αἰτοῦντα,

2089 2384 2185 2438 καὶ
2222 2382 2505 2446 ἀνανεύεις
2541 2382 2639 2454 τὴν
2670 2382 2840 2448 δόσιν,
2884 2383 3085 2455 μυρίας
3121 2383 3428 2454 προφάσεις
3452 2382 3653 2436 ἀναλω-

2093 2472 2277 2544 μάτων
2323 2471 2572 2526 ἐπινοῶν.
2623 2472 2687 2524 Τί
2732 2470 3074 2543 ἀποκριθήσῃ
3107 2471 3187 2541 τῷ
3227 2473 3430 2542 κριτῇ;
3462 2473 3495 2524 6
3536 2471 3653 2534 τοὺς

2087 2563 2301 2634 τοίχους
2343 2563 2644 2635 ὰμφιεννὺς
2670 2603 2685 2629 ,
2730 2562 3013 2635 ἄνθρωπον
3040 2564 3144 2616 οὐκ
3187 2562 3431 2628 ἐνδύεις;
3465 2564 3497 2614 6
3537 2564 3651 2626 τοὺς

2089 2657 2289 2720 ἵππους
2317 2655 2557 2727 κοσμῶν,
2574 2656 2663 2709 τὸν
2685 2654 2910 2724 ἀδελφὸν
2934 2653 3344 2725 ἀσχημονοῦντα
3365 2655 3651 2724 περιορᾷς-ς

2087 2750 2117 2802 6
2144 2749 2478 2819 κατασήπων
2499 2746 2591 2801 τὸν
2619 2747 2925 2812 σῖτον,τοὺς
2948 2745 3247 2808 πεινῶντας
3273 2746 3332 2799 ού
3363 2745 3608 2814 τρέφειςς
3624 2744 3650 2794 6

2119 2839 2178 2893 ὸν
2204 2841 2401 2911 χρυσὸν
2415 2838 2785 2911 κατορύσσων,
2812 2837 2908 2891 τοῦ
2931 2836 3232 2909 ἀγχομένου
3253 2853 3397 2890 κατα
3411 2838 3649 2906 φρονεξς

2158 2992 2212 3046 4.
2243 2991 2368 3056 Πῶς
2398 3008 2479 3044 σοι
2518 2991 2609 3043 ὑπ’
2637 2989 2759 3059 ὄψιν
2791 2989 2981 3059 ἀγάγω
3004 2988 3075 3041 τά
3099 2989 3244 3059 πάθη
3272 2987 3369 3042 τοῦ
3398 2988 3649 3058 πένητοςς

2102 3082 2339 3146 Ἐκεῖνος
2368 3081 2840 3164 περισκεψάμενος
2865 3081 2933 3133 τά
2966 3080 3133 3143 ἔνδον,
3176 3081 3299 3150 ὁρᾷ,
3329 3080 3416 3133 ὄτι
3464 3081 3650 3151 χρυσὸς

411 3180 606 3219 aurum
636 3167 743 3222 sibi
792 3182 895 3221 nec
928 3168 1144 3235 adesse,
1173 3184 1274 3223 nec
1306 3184 1547 3239 unquam
1594 3162 1861 3237 adfuisse,
1890 3173 1981 3227 sed

2092 3174 2190 3245 μὲν
2222 3172 2370 3244 αὐτῷ
2416 3172 2537 3227 οὗτε
2575 3162 2743 3239 ἐστὶν,
2778 3171 2902 3225 οὔτε
2953 3172 3244 3241 γεγένηται
3286 3172 3367 3244 (4)
3408 3170 3648 3226 πώποτε·

410 3272 541 3313 vasa
584 3271 648 3312 ac
688 3268 890 3324 vestes,
939 3261 1117 3329 qualis
1162 3276 1283 3315 esse
1329 3262 1470 3316 solet
1517 3278 1822 3333 pauperum
1857 3280 1987 3335 pos-

409 3351 609 3413 sessio,
662 3351 847 3404 omnia
898 3352 1091 3421 paucis
1145 3354 1322 3408 obolis
1371 3354 1717 3409 aestimanda.
1765 3355 1986 3426 Ecquid

408 3442 625 3512 igitur?
667 3439 808 3495 Tum
857 3442 1077 3496 demum
1113 3448 1282 3499 miser
1312 3447 1584 3500 convertit
1610 3447 1800 3503 oculos
1830 3449 1888 3503 in
1918 3450 1986 3503 li-

408 3532 591 3597 beros,
636 3541 696 3586 ut
732 3534 789 3586 in
832 3534 1012 3587 forum
1043 3534 1273 3598 ducens,
1306 3536 1499 3591 mortis
1528 3537 1770 3591 inveniat
1799 3554 1977 3595 reme-

409 3623 584 3678 dium.
621 3623 722 3679 Hic
768 3624 1013 3694 urgentis
1050 3623 1210 3680 famis
1255 3640 1489 3696 pugnam
1526 3626 1863 3690 consideres,
1896 3644 1988 3683 ve-

408 3716 526 3779 lim,
552 3726 605 3770 et
637 3716 852 3786 paterni
881 3715 1110 3770 amoris.
1144 3714 1339 3771 Fames
1369 3716 1590 3785 quidem
1622 3718 1986 3771 miserrimam

407 3815 638 3861 mortem
674 3808 936 3873 minatur,
984 3814 1176 3861 natura
1212 3823 1340 3861 vero
1388 3808 1650 3871 retrahit,
1686 3809 1988 3879 suadetque

409 3907 472 3953 ut
505 3915 615 3954 una
649 3915 771 3954 cum
805 3900 993 3956 liberis
1043 3901 1309 3953 moriatur
1345 3919 1358 3955 :
1407 3909 1461 3954 et
1509 3915 1653 3969 saepe
1692 3901 1985 3970 impulsus,

405 3999 463 4046 et
505 4006 650 4061 saepe
682 3999 964 4055 retentus,
1018 3992 1235 4045 tandem
1272 3992 1603 4054 succumbit,
1661 3993 1988 4065 necessitate

406 4085 665 4153 egestatis
697 4091 943 4139 coactus.
989 4081 1094 4138 Sed
1126 4100 1247 4153 quae
1291 4084 1342 4136 in
1373 4085 1558 4137 animo
1595 4084 1828 4138 consilia
1861 4098 1986 4137 ver-

406 4183 493 4228 sat
546 4176 748 4245 pater?
800 4176 972 4241 Quem
1021 4177 1258 4245 primum
1310 4175 1640 4230 divendam?
1692 4190 1983 4246 quemnam

408 4263 670 4320 frumenti
712 4266 965 4320 venditor
1009 4266 1290 4320 lubentius
1335 4267 1679 4335 conspiciet?
1711 4266 1981 4320 Accedam

407 4353 475 4408 ad
525 4356 824 4410 maximum
867 4357 1044 4411 natu?
1095 4357 1161 4410 At
1195 4357 1374 4412 aetatis
1406 4358 1532 4427 jura
1571 4373 1847 4413 revereor.
1897 4357 1984 4411 An

408 4446 478 4500 ad
526 4447 812 4501 minimum
864 4448 1037 4502 natu?
1079 4455 1135 4501 at
1186 4464 1273 4503 me
1316 4448 1537 4503 miseret
1584 4449 1731 4504 illius
1785 4449 1980 4511 anatis,

407 4540 749 4597 calamitates
780 4543 1012 4596 necdum
1060 4542 1435 4612 intelligentis.
1489 4541 1589 4597 Hic
1635 4543 1840 4596 claram
1880 4558 1980 4598 ex-

408 4632 556 4685 hibet
585 4641 870 4700 parentum
901 4632 1131 4704 effigiem
1174 4652 1186 4686 :
1221 4635 1313 4688 ille
1344 4634 1575 4688 idoneus
1600 4642 1685 4688 est
1713 4634 1777 4687 ad
1811 4633 1978 4689 disci-

410 4724 585 4794 plinas
632 4724 945 4780 discendas.
987 4723 1127 4789 Heu,
1159 4726 1377 4780 consilii
1421 4725 1703 4794 inopiam!
1741 4724 1861 4790 Quo
1892 4742 1977 4782 me

411 4816 652 4869 vertam?
702 4816 757 4869 in
796 4832 958 4886 quem
1007 4816 1202 4871 horum
1254 4816 1589 4887 impingam?
1623 4817 1835 4885 qualem
1880 4818 1975 4873 be-

411 4908 530 4961 stiae
551 4908 794 4961 animum
825 4909 1086 4963 induam?
1112 4909 1386 4979 quomodo
1416 4920 1625 4963 natura:
1652 4909 1979 4965 obliviscar?

384 4997 611 5054 Omnes
657 5000 703 5054 si
757 5016 941 5067 servo,
991 5001 1135 5057 fame
1192 5003 1393 5057 videbo
1451 5002 1705 5057 consumi
1764 5018 1977 5059 omnes.

411 5089 587 5145 Unum
640 5093 688 5147 si
726 5095 1046 5159 vendidero,
1080 5095 1280 5165 quibus
1310 5096 1783 5166 oculis-reliquos
1829 5099 1978 5166 aspi-

475 5269 523 5301 ⁷ο
554 5267 742 5324 Matth.
781 5285 857 5333 vi,
888 5269 978 5324 20.
1053 5272 1095 5301 ⁷¹
1128 5269 1288 5326 Prov.
1311 5287 1395 5334 In,
1426 5272 1517 5326 28.

484 5426 558 5500 (1)
593 5429 674 5500 Ex
710 5429 858 5484 hom.
887 5431 946 5500 in
979 5429 1198 5497 Divites,
1240 5432 1329 5488 55.

479 5499 551 5568 (‘2)
588 5499 663 5551 Ex
700 5500 845 5552 hom.
881 5499 937 5552 in
965 5500 1096 5554 illud
1126 5501 1304 5565 Lucae,
1333 5501 1634 5565 Destruam,
1666 5504 1757 5560 46.

480 5568 701 5644 (5)1765:
723 5568 1103 5644 οἰκίας-..-ςέάὶιί
1138 5572 1233 5635 τὰς
1262 5573 1488 5637 κοιλίας,
1540 5583 1738 5628 ventres
1784 5591 1981 5644 paupe-

409 5636 547 5690 rum.
580 5637 769 5691 Melius
802 5636 986 5692 Basilii
1022 5648 1309 5697 contextus
1342 5657 1404 5697 ac
1435 5636 1604 5697 uestri
1633 5636 1872 5701 codices.

480 5705 557 5777 (4)
586 5709 635 5760 Γ
636 5704 927 5775 εγένηται.
961 5707 1178 5764 Legitur
1208 5713 1260 5765 in
1307 5721 1561 5768 contextu
1591 5712 1778 5769 Basilii
1821 5715 1980 5783 γενή-

2092 3264 2260 3337 σκεύη
2286 3265 2344 3318 δέ
2371 3266 2465 3319 καὶ
2494 3264 2681 3336 ἐσθὴς,
2709 3264 2934 3319 τοιαῦτα
2962 3267 3120 3318 ὁποῖα
3162 3264 3229 3318 ἂν
3258 3265 3488 3336 γένηται
3516 3282 3652 3319 πτω-

2088 3356 2200 3427 χῶν
2235 3359 2492 3427 κτήματα
2522 3356 2620 3428 (5),
2655 3356 2851 3425 ὀλίγων
2876 3356 2944 3409 τά
2976 3357 3151 3410 πάντα
3181 3356 3388 3411 ὀϐολῶν
3418 3358 3565 3424 ἀξια.
3593 3359 3651 3411 Τί

2088 3444 2214 3513 οὖν;
2251 3449 2375 3501 Ἐπὶ
2420 3450 2545 3512 τοὺς
2592 3450 2788 3514 παῖδας
2835 3449 3023 3503 λοιπὸν
3073 3452 3102 3503 6
3156 3449 3340 3514 ἀθλιος
3397 3452 3523 3521 ἄγει
3570 3453 3653 3505 τὸν

2087 3540 2384 3610 ὀφθαλμὸν,
2419 3541 2560 3594 ὥστε
2597 3541 2820 3610 ἀγαγὼν
2850 3544 2930 3606 εἰς
2960 3543 3022 3595 τὸ
3056 3546 3380 3614 πρατήριον,
3412 3544 3653 3597 ἐντεῦθεν

2088 3630 2351 3703 εὕρασθαι
2384 3631 2476 3684 τοῦ
2512 3632 2745 3686 θανάτου
2775 3632 3148 3703 παραμυθίαν.
3182 3634 3398 3702 Νόησον
3426 3634 3651 3688 ἐνταῦθα

2091 3725 2271 3794 μάχην
2293 3724 2539 3795 ἀνάγκης
2553 3724 2711 3796 λιμοῦ
2738 3726 2832 3779 καὶ
2854 3725 3144 3790 διαθέσεως
3168 3729 3466 3799 πατρικῆς.
3483 3729 3547 3782 Ἦ
3561 3730 3651 3798 μὲν

2086 3814 2178 3866 τὸν
2203 3816 2468 3867 οἴκτιστον
2508 3813 2733 3868 θάνατον
2770 3815 3002 3879 ἀπειλεῖ,
3037 3817 3148 3888 ήδέ
3190 3818 3352 3886 φύσις
3389 3818 3649 3880 ἀνθέλκει,

2089 3905 2477 3959 συναποθανεῖν
2529 3909 2643 3970 τοῖς
2698 3908 2907 3972 τέκνοις
2942 3908 3201 3962 πείθουσα
3225 3926 3238 3937 ·
3276 3911 3373 3963 καὶ
3401 3911 3651 3973 πολλάκις

2086 3998 2354 4067 ὁρμήσας,
2398 3997 2492 4050 καὶ
2519 3998 2779 4062 πολλάκις
2807 4001 3122 4064 ἀνακοπεὶς,
3157 4000 3466 4056 τελευταῖον
3495 4005 3649 4074 ἐκρα-

2085 4087 2247 4157 τήθη,
2275 4086 2380 4139 ύπὸ
2407 4087 2507 4155 τῆς
2526 4088 2831 4156 ἀναγκαίας
2857 4090 3042 4161 χρείας
3070 4092 3406 4157 ἐκϐιασθείς.
3432 4095 3544 4147 Καὶ
3569 4089 3649 4146 οἷα

2089 4174 2402 4244 βουλεύεται
2416 4179 2445 4230 6
2460 4179 2672 4249 πατήρ;
2698 4180 2831 4232 Τίνα
2849 4179 3055 4234 τούτων
3077 4182 3506 4255 ἀπεμπωλήσως
3536 4185 3648 4238 τίνα

2085 4266 2142 4320 δὲ
2173 4266 2345 4338 ἡδέως
2376 4270 2404 4322 6
2428 4269 2731 4341 σιτοπώλης
2757 4270 2982 4340 Metui;
3020 4274 3144 4326 Ἐπὶ
3168 4274 3262 4327 τὸν
3284 4275 3646 4346 πρεσϐύτατον

2086 4357 2258 4425 Elea);
2299 4359 2437 4413 ἀλλὰ
2475 4361 2829 4433 δυσωποῦμαι
2871 4364 3033 4418 αὑτοῦ
3071 4365 3138 4418 τά
3173 4369 3463 4437 πρεσϐεῖα.
3499 4366 3645 4421 Ἀλλὰ

2083 4449 2176 4502 τὸν
2209 4449 2359 4514 νέονς
2390 4451 2505 4503 ἀλλ’
2538 4453 2674 4505 ἐλεῶ
2713 4455 2813 4525 τήν
2840 4455 3057 4526 ήλικίαν
3084 4458 3517 4528 ἀναισθητοῦσαν
3548 4461 3645 4512 τῶν

2087 4540 2400 4611 συμφορῶν.
2449 4536 2613 4608 Οὗτος
2660 4546 2909 4615 ἐναργεῖς
2956 4547 3115 4611 σώζει
3158 4548 3267 4601 τῶν
3296 4551 3497 4617 γονέων
3528 4552 3643 4612 τοὺς

2083 4637 2463 4705 χαρακτῆρας·
2510 4637 2717 4701 ἐκεῖνος
2755 4639 3076 4709 ἐπιτηδείως
3114 4640 3227 4711 ἔχει
3276 4643 3415 4713 πρὸς
3450 4643 3520 4696 τὰ
3549 4660 3643 4713 μα-

2084 4724 2149 4795 θή
2159 4742 2322 4796 ματα.
2339 4726 2443 4779 Φεῦ
2460 4729 2557 4797 τῆς
2568 4728 2878 4798 ἀμηχανίας
2896 4731 2909 4783 !
2928 4730 3021 4794 Τίς
3033 4731 3275 4802 γένωμαι
3295 4749 3309 4797 ;
3325 4735 3432 4786 τίνι
3451 4734 3641 4787 τούτων

2086 4817 2477 4889 προσκρούσω;
2532 4819 2690 4873 ποίαν
2732 4819 2921 4892 θηρίου
2973 4821 3153 4893 ψυχὴν
3198 4823 3491 4887 ἀναλάὂως
3536 4825 3642 4887 πῶς

2085 4909 2184 4978 τῆς
2235 4910 2447 4978 φύσεως
2499 4910 2881 4982 ἐπιλάθωμαι;
2928 4913 3052 4966 Ἐἀν
3109 4914 3328 4968 πάντων
3378 4916 3642 4985 ἀντία-χω-

2088 5018 2185 5070 μαι
2226 5002 2324 5071 (6),
2380 5002 2588 5066 πάντας
2635 5003 2835 5074 ὂψομαι
2873 5004 3296 5075 δαπανωμένους
3344 5007 3423 5078 τῷ
3471 5008 3639 5061 πάθει.

2099 5092 2221 5145 Ἐὰν
2272 5094 2367 5147 ἕνα
2414 5097 2702 5166 πρόωμαι,
2751 5098 2924 5161 ποίοις
2958 5099 3257 5168 ὀιρθαλμοῖ⁸
3301 5102 3430 5164 τοὺς
3470 5100 3641 5153 λειπο-

1630 5275 1674 5304 "
1718 5271 1880 5327 Prov.
1915 5288 2084 5339 xxvn,
2136 5275 2188 5327 f.

2082 5451 2382 5508 astat,__nec
2412 5453 2642 5507 unquam
2670 5439 2999 5508 adfuturum.

2149 5506 2225 5576 (5)
2249 5505 2549 5581 κτήματα.
2582 5505 2764 5581 Deest
2804 5525 3004 5581 ea_vox
3044 5511 3098 5564 in
3151 5517 3386 5581 atroque
3441 5511 3637 5575 codice,

2076 5591 2308 5648 quorum
2344 5580 2480 5648 alter
2498 5578 2670 5648 (habet
2701 5579 2924 5648 πτωχῷ.

2147 5646 2224 5715 (6)
2269 5645 2408 5721 Ἐὰν
2427 5647 2666 5701 πάντων
2689 5632 3074 5721 ἀντίὲχωμαι.
3098 5649 3224 5707 Haec
3250 5651 3433 5706 addita
3464 5666 3530 5708 ex
3552 5665 3639 5708 co-

2076 5714 2257 5771 dicum
2292 5718 2461 5772 altero
2491 5725 2845 5775 et'contcxtu.
