3874 6224
247 332 381 387 1189

1301 318 1533 378 SERMO
1570 315 1662 371 Vl.
1702 342 1771 355 —-
1794 311 1889 365 DE
1926 305 2278 363 AVARITIA.

3343 298 3485 353 1190

242 450 432 522 μένους
466 448 732 521 προσίδω,
783 447 1023 511 ὐποπτος
1060 445 1244 504 αὐτοῖς
1286 442 1387 512 ’ήδη
1433 436 1798 510 γεγενημένος
1829 477 1835 489 .

1938 427 2064 490 iam,
2100 425 2212 479 illis
2250 422 2362 492 jam
2400 419 2639 492 perﬁdiae
2675 432 2741 473 ac
2783 414 3109 487 proditionis
3139 414 3360 469 nomine
3389 428 3486 467 su-

242 543 317 604 εἰς
343 540 628 605 ἀπιστίανς
652 537 779 603 Πῶς
805 539 1012 608 οἰκήσω
1042 536 1142 607 τὴν
1168 525 1362 597 οἰκίαν,
1393 528 1613 603 ἐμαυτῷ
1641 545 1809 582 κατα-

242 632 512 695 σκευάσας
566 632 665 702 τὴν
705 630 996 696 ἀπαιδίαν;
1028 627 1148 692 πῶς
1188 626 1281 680 ὲπὶ
1325 622 1601 697 τράπεζαν
1647 620 1806 683 ἔλθω,

242 723 304 775 ὲκ
345 721 601 793 τοιαύτης
642 721 964 791 προφάσεως
998 719 1098 787 τὴν
1128 715 1384 787 εὐπορίαν
1411 715 1670 784 ἑχουσαν;
1705 710 1810 764 Καὶ

242 812 267 864 6
292 811 392 882 μὲν
425 811 561 882 μετά
585 810 792 881 μυρίων
815 807 1064 879 δακρύων
1088 807 1180 862 τὸν
1204 806 1455 876 φίλτατον
1476 802 1584 856 τῶν
1606 800 1810 854 παίδων

243 899 660 971 ἀπεμπωλήσων
686 899 938 970 ἔρχεται·
973 898 1032 950 σὲ
1065 896 1123 949 δὲ
1163 896 1225 949 οὐ
1257 897 1498 966 κάμπτει
1525 893 1586 946 τὸ
1617 889 1808 954 πάθος,

244 993 305 1045 οὐ
336 990 593 1062 λογισμὸν
616 990 911 1061 λαμϐάνεις
930 989 1030 1060 τῆς
1057 988 1289 1059 φύσεως.
1320 986 1457 1039 ⁹Αλλ’
1479 988 1508 1038 ὁ
1538 984 1632 1056 μὲν
1656 981 1813 1053 λιμδς

244 1080 457 1150 συνέχει
490 1080 580 1134 τὸν
624 1080 827 1145 ἄθλιον,
861 1081 925 1132 σὺ
967 1079 1025 1132 δὲ
1080 1078 1353 1149 ἀναϐάλλῃ
1386 1076 1481 1131 καὶ
1527 1073 1810 1148 εἰρωνεύῃ,

247 1171 594 1243 μακροτέραν
621 1171 769 1241 αὐτῷ
792 1169 1213 1235 κατασκευάζων
1243 1170 1342 1242 τὴν
1369 1167 1672 1240 συμφοράν.
1702 1166 1814 1218 Καὶ

246 1261 273 1313 6
302 1259 402 1331 μὲν
428 1258 498 1313 τὰ
536 1260 818 1330 σπλάγχνα
851 1259 1196 1331 προτείνεται
1224 1258 1389 1330 τιμὴν
1419 1257 1529 1311 τῶν
1562 1256 1807 1329 τροφῶν·

247 1350 345 1406 σοῦ
373 1351 429 1404 δὲ
463 1351 525 1404 οὐ
556 1351 713 1421 μόνον
738 1351 838 1404 οὐκ
868 1352 1153 1422 ἀποναρκᾷ
1182 1351 1216 1420 ή
1246 1350 1387 1421 χεὶρ,
1420 1351 1484 1402 ὲκ
1502 1347 1610 1400 τῶν
1639 1347 1815 1402 τοιού-

249 1457 357 1493 των
405 1438 695 1516 συμφορῶν
736 1439 1099 1511 ὑποδεχομένη
1161 1440 1483 1509 τιμήματα·
1533 1438 1671 1493 ἀλλά
1722 1439 1817 1493 καὶ

251 1529 583 1600 ζυγομαχεῖς
629 1532 759 1601 περὶ
802 1530 896 1584 τοῦ
937 1530 1209 1596 πλείονοςο
1262 1531 1357 1585 καὶ
1396 1531 1545 1594 ὅπως
1581 1529 1647 1585 ἂν
1683 1530 1817 1584 πολὺ

252 1620 434 1674 λαϐὼν
466 1620 685 1675 ἔλαττον
720 1621 862 1694 δώῃς
904 1622 1244 1691 φιλονεικεῖς.
1280 1622 1615 1695 πανταχόθεν
1657 1621 1819 1694 βαρύ-

252 1732 358 1777 νων
384 1714 485 1787 τὴν
520 1714 802 1786 συμφορὰν
832 1713 909 1787 τῷ
928 1713 1119 1787 ἀθλίῳ.

324 1890 379 1944 5.
425 1888 535 1960 Τὴν
564 1888 853 1959 Σελευκίδα
892 1891 953 1945 τὸ
1002 1891 1206 1962 ὄρνεον,
1255 1892 1342 1944 ἐπ’
1384 1890 1671 1963 εὐεργεσίᾳ
1714 1888 1822 1943 τῶν

258 1979 561 2053 ἀνθρώπων
582 2021 596 2046 ,
655 1982 947 2055 ἀκόρεστον
995 1978 1134 2035 εἶναι
1175 1985 1203 2034 6
1248 1981 1469 2053 κτίστης
1525 1980 1632 2034 τῶν
1686 1979 1823 2032 ὅλων

259 2074 644 2144 ἐμηχανήσατο
668 2089 682 2103 ⁸
721 2073 786 2125 σύ
826 2073 883 2126 δὲ
929 2073 1023 2126 ἐπὶ
1053 2072 1226 2146 βλάϐῃ
1256 2072 1365 2125 τῶν
1399 2072 1609 2126 πολλῶν
1632 2071 1827 2142 ἀκόρε-

258 2181 388 2218 στον
413 2164 637 2218 σεαυτοῦ
664 2164 760 2232 τὴν
784 2163 956 2235 ψυχὴν
982 2164 1404 2229 κατεσκεύασας.
1443 2164 1825 2235 Ἀλληλοφάγοι

258 2255 372 2309 τῶν
400 2256 594 2327 ίχθύων
632 2256 682 2308 οί
710 2255 969 2320 πλεῖστοι,
1000 2256 1094 2309 καὶ
1119 2258 1147 2309 6
1178 2256 1499 2327 μικρότερος
1525 2254 1655 2326 παρ’
1686 2253 1828 2307 ὲκεί-

261 2363 373 2410 νοις
402 2346 598 2418 βρῶμά
632 2348 756 2409 ,ἐστι
794 2345 887 2399 τοῦ
922 2348 1185 2418 μείζονος.
1211 2348 1327 2402 Κάν
1360 2364 1488 2400 ποτε
1521 2346 1699 2417 συμϐῇ
1736 2345 1827 2398 τὸν

262 2438 357 2493 τοῦ
386 2439 663 2500 ἐλάττονος
709 2440 1055 2510 κρατήσαντα
1085 2438 1270 2510 ἐτέρου
1300 2437 1552 2508 γενέσθαι
1582 2438 1824 2510 θήραμα,

263 2529 372 2584 ὗπὸ
405 2531 505 2600 τὴν
554 2530 680 2601 μίαν
734 2529 956 2598 ἄγονται
999 2530 1239 2601 γαστέρα
1273 2529 1367 2582 τοῦ
1410 2528 1737 2587 τελευταίου.
1763 2527 1828 2581 Τί

264 2615 357 2676 υῦν
383 2623 543 2691 ἡμεῖς
568 2621 842 2693 ἄνθρωποι
865 2622 941 2694 (1)
971 2621 1096 2674 ἄλλο
1123 2638 1175 2674 τι
1198 2621 1455 2693 ποιοῦμεν
1479 2622 1538 2673 ὲν
1563 2624 1629 2691 τῇ
1661 2637 1829 2674 κατα-

264 2711 552 2782 δυναστείᾳ
584 2710 691 2764 τῶν
716 2711 1149 2783 ὑποδεεστέρων;
1174 2712 1228 2764 τί
1254 2711 1498 2782 διαφέρει
1531 2709 1624 2762 τοῦ
1649 2709 1832 2763 τελευ-

265 2803 420 2857 ταίου
450 2803 626 2873 ἰχθύος
657 2806 684 2856 6
716 2806 782 2875 τῇ
809 2804 1099 2874 λαιμάργῳ
1142 2801 1490 2874 φιλοπλουτίᾳ
1517 2805 1629 2866 τοῖς
1657 2801 1832 2873 ἀπλη-

268 2893 463 2966 ρώτοις
495 2894 594 2963 τῆς
623 2893 933 2959 πλεονεξίας
983 2894 1147 2948 αὐτοῦ
1194 2894 1414 2958 κόλποις
1464 2892 1831 2964 ἀποκρύπτων

269 2986 394 3049 τοὺς
440 2985 715 3053 ἀσθενεῖς;
767 2988 1003 3051 Ἐκεῖνος
1046 2983 1159 3058 εἶχε
1191 2986 1260 3040 τὰ
1306 2985 1400 3040 τοῦ
1454 2987 1719 3057 πένητος’
1766 2986 1830 3039 σὺ

269 3077 456 3130 τοῦτον
482 3077 662 3131 λαϐὼν
695 3079 859 3150 μέρος
886 3080 1125 3150 ἐποιήσω
1151 3081 1248 3150 τῆς
1279 3078 1594 3148 περιουσίας
1618 3076 1829 3131 ἑαυτοῦ.

1912 514 2180 589 spectas?
2205 511 2490 580 Quomodo
2516 508 2776 565 habitabo
2805 507 3054 569 domum,
3083 503 3180 574 qui
3209 503 3344 556 mihi
3370 502 3489 572 ipse

1915 612 2018 666 sim
2047 617 2242 663 auctor
2287 604 2591 662 orbitatis?
2621 601 2908 669 Quomodo
2939 598 3196 653 accedam
3237 595 3304 650 ad
3334 609 3488 648 men-

1916 717 2062 765 sam,
2098 700 2261 770 cujus
2308 695 2651 754 abundantia
2693 708 2915 750 causam
2971 689 3246 761 ejusmodi
3292 686 3489 741 habet?

1917 792 2099 863 Atque
2156 792 2250 847 ille
2292 790 2514 861 quidem
2560 786 2867 841 innumeris
2905 799 3030 839 cum
3070 779 3330 852 lacrymis
3377 778 3489 832 abit

1917 883 2307 940 cbarissimum
2361 881 2601 936 ﬁliorum
2650 877 2976 933 venditurus
3039 893 3053 928 :
3107 880 3162 928 te
3210 887 3338 927 vero
3380 884 3488 925 non

1916 974 2085 1031 ﬂectit
2114 975 2421 1038 calamitas,
2455 987 2631 1042 neque
2674 971 2919 1024 animum
2962 976 3113 1022 tuum
3146 964 3296 1022 subit
3323 971 3487 1017 natu-

1917 1083 1996 1123 rae
2030 1068 2312 1138 cogitatio.
2345 1065 2512 1135 Atqui
2562 1064 2737 1118 fames
2773 1062 3035 1117 miserum
3081 1059 3234 1113 illum
3270 1056 3489 1122 premit,

1886 1180 1889 1185 ·
1919 1166 1980 1213 ιιι
2014 1170 2146 1211 vero
2182 1155 2465 1211 cunctaris
2499 1169 2562 1208 ac
2607 1153 2815 1215 illudis,
2871 1151 3235 1206 calamitatem
3267 1148 3316 1203 ei
3368 1145 3490 1202 red-

1921 1252 2058 1306 dens
2102 1249 2425 1319 longiorem.
2473 1242 2538 1301 Et
2582 1248 2673 1303 ille
2703 1247 2924 1316 quidem
2971 1245 3185 1299 viscera
3231 1257 3331 1297 sua
3365 1256 3491 1312 pre-

1922 1345 2062 1397 tium
2106 1342 2491 1396 alimentorum
2543 1338 2813 1410 porrigit;
2866 1347 2955 1391 tua
3000 1351 3131 1391 vero
3173 1348 3369 1388 manus
3422 1346 3491 1386 ex

1926 1433 2203 1505 ejusmodi
2243 1431 2652 1486 calamitatibus
2686 1430 2859 1498 pretia
2897 1430 3162 1489 referens,
3192 1441 3302 1479 non
3329 1423 3493 1476 modo

1924 1538 2035 1577 non
2076 1530 2281 1592 stupet,
2331 1522 2426 1577 sed
2470 1522 2537 1576 de
2573 1521 2749 1591 pretio
2781 1520 2944 1575 etiam
2990 1516 3302 1581 contendis,
3333 1512 3491 1585 quasi

1925 1617 2048 1685 plus
2098 1614 2234 1669 satis
2286 1612 2505 1673 oil‘eras,
2546 1620 2711 1682 atque
2749 1610 2990 1667 studium
3031 1610 3086 1663 in
3112 1624 3177 1662 eo
3217 1606 3397 1677 ponis,
3436 1610 3492 1659 ut

1927 1708 2051 1777 plus
2081 1706 2378 1775 accipiens,
2413 1705 2599 1759 minus
2640 1704 2759 1769 des,
2800 1703 3003 1759 misero
3033 1699 3306 1756 undelibet
3334 1711 3493 1751 accu-

1855 1791 1898 1846 B
1928 1799 2145 1853 mulans
2168 1797 2560 1852 calamitatem.

1999 1888 2054 1943 5.
2087 1887 2161 1958 (4)
2201 1887 2369 1942 Avem
2404 1886 2744 1942 Seleucidem
2774 1883 3157 1939 universorum
3188 1878 3371 1951 opifex
3400 1878 3494 1932 ho-

1929 1979 2140 2033 minum
2185 1979 2361 2049 gratia
2416 1978 2664 2035 condidit
2716 1975 3126 2040 insatiabilem;
3165 1978 3221 2027 tu
3258 1984 3390 2025 vero
3441 1969 3497 2022 in

1932 2072 2230 2124 multorum
2254 2070 2567 2141 ~perniciem
2615 2069 2859 2123 animum
2906 2073 3061 2120 tuum
3105 2063 3494 2134 inexplebilem

1932 2161 2183 2217 effecisti.
2232 2161 2307 2231 (5)
2349 2161 2589 2215 Piscium
2640 2160 2861 2230 plurimi
2903 2167 3099 2213 vorant
3139 2173 3199 2212 se
3242 2155 3497 2217 invicem,

1933 2251 2224 2320 minorque
2274 2250 2416 2320 apud
2460 2250 2584 2304 illos
2638 2249 2958 2304 alimentum
3006 2244 3381 2315 est‘majoris.
3434 2243 3497 2297 Et

1935 2342 1982 2396 si
2029 2356 2271 2411 unquam
2313 2340 2636 2411 contigerit,
2684 2347 2747 2393 ut
2790 2340 2839 2395 is
2883 2339 2976 2409 qui
3025 2338 3184 2410 502
3233 2337 3498 2390 minorem

1935 2446 2316 2508 superaverat,
2366 2435 2595 2489 alterius
2639 2432 2734 2486 ﬁat
2776 2433 2958 2502 praeda
2995 2449 3008 2484 :
3043 2428 3204 2484 a'mbo
3240 2429 3297 2483 in
3330 2440 3499 2482 unum

1935 2536 1989 2585 et
2014 2528 2266 2584 eumdem
2296 2526 2620 2597 posterioris
2649 2534 2895 2580 ventrem
2925 2521 3328 2593 ingrediuntur.
3361 2517 3500 2585 Quid

1936 2620 2104 2689 igitur
2137 2619 2282 2672 aliud
2313 2632 2426 2685 .nos
2472 2616 2723 2671 homines
2766 2615 3002 2685 agimus,
3037 2611 3166 2665 dum
3215 2607 3501 2681 tyrannide

1937 2723 1990 2766 et
2042 2709 2287 2780 potentia
2346 2708 2713 2779 opprimimus
2757 2704 3091 2761 inferiores?
3140 2703 3282 2770 Quid
3324 2719 3355 2755 a
3410 2716 3500 2771 po-

1937 2813 2142 2859 stremo
2165 2803 2314 2872 pisce
2355 2800 2532 2856 diﬁ'ert
2577 2802 2645 2865 is,
2691 2800 2784 2870 qui
2814 2814 2926 2868 prae
2974 2799 3160 2851 voraci
3192 2796 3503 2851 divitiarum

1938 2893 2239 2963 cupiditate
2280 2892 2336 2946 in
2383 2891 2806 2961 inexplebilibus
2856 2889 3097 2944 avaritia:
3133 2902 3246 2944 suae
3292 2887 3504 2942 sinibus

1940 2984 2246 3038 imbecilles
2325 2981 2649 3037 abscondit?
2721 2979 2816 3035 Ille
2882 2979 3198 3053 possidebat
3255 2978 3506 3048 pauperis

1939 3078 2082 3132 bona
2127 3094 2141 3130 :
2193 3084 2252 3130 tu
2291 3075 2470 3145 ipsum
2515 3073 2917 3144 apprehensum
2963 3072 3142 3127 fecisti
3189 3079 3296 3125 tuae
3335 3071 3507 3141 ipsius

280 3167 505 3222 Ἀδίκων
538 3143 864 3240 ἀδικῶτερος
909 3143 1147 3241 ἐφάνης,
1191 3143 1283 3224 καὶ
1315 3143 1835 3241 πλεονεκτικιῦτερος

1939 3169 2230 3238 opulentiae
2282 3143 2514 3238 partem.
2554 3143 2792 3237 ilnjustis
2843 3166 3209 3234 injustioretn,
3241 3171 3297 3219 et
3327 3166 3509 3234 rapaci

276 3256 618 3316 πλεονέκτου.
651 3260 812 3331 Ὅρα,
849 3262 921 3331 μὴ
948 3261 1009 3314 τὸ
1037 3262 1167 3314 αὐτό
1199 3279 1257 3313 σε
1296 3261 1469 3331 πέρας
1497 3260 1606 3314 τῶν
1642 3260 1836 3331 ἰχθύων

273 3346 591 3417 ὲκδέξηται,
641 3350 936 3422 ἀγκιστρόν
976 3369 1115 3415 που,
1162 3352 1195 3423 ἢ
1252 3351 1485 3421 κύρτος,
1530 3353 1563 3423 ἢ
1601 3351 1834 3404 δίκτυον.

274 3438 498 3502 Πάντως
523 3439 630 3511 γάρ
656 3443 749 3495 καὶ
778 3445 939 3512 ἡμεῖς
969 3442 1135 3496 πολλὰ
1163 3442 1271 3496 τῶν
1303 3443 1502 3496 ἀδίκων
1533 3442 1841 3508 διεξελθόν-

280 3546 402 3593 τες,
452 3531 550 3601 τὴν
595 3532 907 3587 τελευταίαν
943 3534 1210 3606 τιμωρίαν
1258 3535 1358 3588 οὐκ
1401 3530 1837 3603 ἀποδρασόμεθα.

286 3620 386 3673 Ἐκ
431 3622 738 3688 πλεονεξίας
787 3641 868 3678 σοι
917 3626 1205 3679 κατέλιπεν
1244 3627 1272 3678 ὀ
1319 3624 1501 3695 πατὴρ
1548 3624 1801 3694 κτήματα
1824 3640 1838 3653 ·

276 3711 474 3777 ἀπάδος
500 3715 578 3786 τῷ
605 3717 938 3789 ἠδικημένῳ,
960 3721 1033 3790 μὴ
1059 3719 1133 3781 ὼς
1157 3718 1299 3772 ἰδίων
1323 3714 1604 3770 ἀντιποιοῦ
1622 3732 1635 3745 ·
1664 3716 1844 3786 ἀμαρ-

276 3803 401 3866 τίας
434 3807 551 3858 ἐστὶ
582 3807 932 3880 κληρονομία.
973 3811 1198 3873 Ἀδίκως
1245 3807 1787 3875 καταδουλωσάμενος
1815 3807 1844 3859 6

277 3894 465 3965 πατὴρ
504 3896 683 3966 ἀφῆκέ
728 3913 809 3951 σοι
852 3898 1067 3952 δοῦλοψ
1100 3899 1187 3962 δὸς
1216 3898 1364 3969 αὐτῷ
1398 3899 1462 3951 σὺ
1491 3898 1588 3967 τὴν
1626 3895 1844 3948 ἐλευθε-

279 3985 428 4055 ρίαν,
464 3985 550 4039 ἵνα
577 3988 813 4060 κάκείνῳ
840 3989 1172 4060 κουφοτέραν
1204 3991 1438 4060 ποιήσῃς
1468 3988 1567 4059 τὴν
1594 3986 1843 4057 βάσανον,

280 4076 376 4128 καὶ
404 4078 614 4149 σεαυτῷ
638 4079 737 4150 τὴν
763 4080 1074 4153 ἐλευθερίαν
1109 4080 1555 4153 παρασκευάσῃς.
1597 4080 1688 4147 Μὴ
1716 4096 1849 4151 προ-

280 4163 513 4232 φασίζου
542 4167 666 4228 τοὺς
694 4168 911 4232 παῖδας.
943 4169 1136 4233 Παϊδές
1163 4171 1268 4222 εισι
1293 4186 1307 4234 ;
1330 4169 1640 4241 ’θησαύριζε
1667 4169 1849 4231 αὐτοῖς

283 4254 559 4328 Θησαυρὸν
601 4258 845 4315 αἰώνιον.
901 4261 1212 4315 Κατάλειπε
1242 4262 1423 4326 αὐτοῖς
1469 4264 1687 4333 μνήμην
1712 4263 1851 4331 ἀγα-

285 4345 406 4418 θὴν,
441 4348 474 4420 ἢ
507 4349 735 4403 πλοῦτον
769 4351 845 4423 (2)
872 4352 1069 4406 πολύν’
1106 4353 1312 4417 πάντας
1349 4354 1571 4425 ποίησαι
1606 4352 1699 4407 τοῦ
1724 4371 1851 4407 παι-

286 4437 373 4502 δὸς
408 4438 504 4492 τοῦ
540 4440 632 4494 σοῦ
673 4443 913 4508 πατέρας
940 4444 1028 4498 διὰ
1068 4446 1167 4515 τῆς
1212 4446 1423 4508 εὐνοίας
1449 4446 1546 4515 (5).
1611 4445 1849 4514 Ἀνάγκη

288 4528 349 4581 σέ
382 4546 511 4582 ποτε
544 4533 798 4586 ἀπελθεῖν
824 4536 918 4588 τοῦ
948 4535 1095 4605 βίου·
1124 4535 1241 4589 εἶτα
1271 4537 1361 4590 τὸν
1388 4537 1478 4591 σδν
1505 4537 1668 4590 παῖδα
1696 4538 1753 4589 ὲν
1783 4539 1849 4606 τῇ

289 4617 554 4691 ἅφηλικίᾳ
594 4622 973 4692 καταλείψεις,
1016 4625 1124 4679 τῶν
1176 4624 1533 4696 προεστώτων
1581 4623 1850 4693 δεόμενον.

299 4708 427 4763 Ἐὰν
459 4711 554 4781 μὲν
584 4713 747 4777 καλὸς
774 4716 868 4769 καὶ
913 4717 1113 4784 ἀγαθὸς
1147 4712 1233 4791 ᾗς,
1267 4716 1495 4779 ἕκαστος
1524 4717 1617 4770 τὸν
1649 4716 1740 4769 σὸν
1767 4714 1857 4768 ἐκ·

299 4817 446 4871 γονον
475 4801 661 4876 ῶσπερ
711 4806 840 4860 ῐδιον
887 4806 1174 4879 ἐκθρέψειο
1217 4809 1553 4879 μεμνήσεται
1596 4806 1724 4879 γάρ,
1775 4807 1857 4859 ὅτι

291 4894 388 4948 καὶ
414 4896 479 4948 σύ
520 4897 769 4967 ὀρφανῶν
811 4899 992 4971 πατὴρ
1020 4900 1228 4965 ἐγένου,
1276 4899 1401 4953 Ἐὰν
1430 4899 1488 4952 δὲ
1534 4900 1592 4952 έν
1628 4897 1861 4969 πονηρίᾳ

293 4987 487 5057 ζήσας,
516 4991 609 5044 καὶ
642 4990 870 5054 πολλοὺς
890 4991 1156 5062 λυπήσας,
1191 4992 1284 5045 καὶ
1316 4991 1516 5054 παντὸς
1545 4989 1732 5061 θηρίου
1772 5007 1861 5060 χα-

294 5078 604 5152 λεπώτερος
636 5082 925 5152 γενόμενος
957 5086 1072 5145 τοῖς
1109 5083 1563 5152 συντυγχάνουσιν
1582 5121 1597 5145 ,
1633 5080 1860 5146 ὑπεξέλ-

295 5171 410 5234 θοις
462 5171 557 5226 τοῦ
599 5172 712 5242 βίου
740 5213 755 5237 ,
803 5173 1094 5236 κατέλιπες
1144 5174 1234 5226 τὸν
1286 5173 1375 5225 σὸν
1417 5172 1638 5241 ἔκγονον
1687 5171 1862 5233 κοινὸν

296 5260 489 5331 ἐχθρὸν
525 5262 632 5315 τῶν
664 5262 900 5327 ζώντων.
933 5263 1140 5330 ’Ὠσπερ
1176 5264 1284 5332 γὰρ
1311 5264 1499 5316 τέκνον
1544 5263 1803 5334 σκορπίου
1836 5266 1864 5318 6

260 5392 264 5396 Α
302 5467 335 5470 _
362 5398 444 5470 (l)
476 5399 820 5470 :ArOpmroi.
856 5398 947 5455 Sic
978 5407 1209 5470 uterque
1250 5398 1422 5455 codex
1460 5409 1515 5454 et
1556 5405 1862 5456 contextus.

299 5461 393 5522 Edi
402 5461 438 5521 ti
471 5461 516 5520 ὧ
544 5461 639 5523 ἀνθ
647 5487 839 5539 ρωποι.

373 5539 448 5610 (2)
489 5541 561 5593 Ἢ
609 5536 895 5593 πλοῦτον.
934 5536 1078 5592 Editi
1116 5539 1174 5592 οὐ
1211 5539 1455 5595 πλοῦτον,
1500 5537 1635 5594 Cum
1681 5538 1866 5595 Basilii

301 5620 563 5663 contextu
598 5610 867 5663 consentit
898 5618 1123 5678 uterque
1147 5610 1336 5663 codex.

375 5678 451 5750 (ὃ)
484 5679 587 5732 Διὰ
631 5679 742 5746 τῆς
780 5677 1051 5745 εὐνοίας(
1085 5679 1137 5750 In
1172 5686 1441 5750 contextu
1491 5677 1674 5750 Basilii
1734 5680 1868 5735 satis

302 5747 587 5805 commode
612 5750 957 5803 enteutlalutn
997 5757 1079 5805 est
1111 5747 1195 5802 διὰ
1225 5750 1324 5806 τῆς
1361 5747 1624 5807 εὐποιίας.
1655 5749 1865 5806 benefa-

1940 3260 2281 3330 rapaciorcm
2326 3269 2380 3315 te
2423 3259 2740 3315 ostendisti.
2788 3258 2934 3313 Cave
2981 3260 3221 3329 excipiat
3271 3267 3325 3312 te
3368 3258 3510 3313 idem

1943 3350 2089 3414 ﬁnis,
2130 3352 2225 3422 qui
2261 3351 2439 3421 pisces
2474 3369 2486 3405 :
2520 3351 2716 3405 bamus
2748 3350 3021 3417 videlicet,
3056 3363 3145 3405 aut
3196 3366 3380 3415 nassa,
3418 3360 3512 3406 aut

1941 3450 2078 3496 rete.
2099 3441 2335 3497 Omnino
2370 3441 2515 3497 enim
2543 3452 2597 3496 et
2630 3457 2753 3505 nos,
2787 3443 2834 3497 si
2861 3445 3092 3496 multum
3125 3443 3512 3500 admiserimus

1944 3533 2274 3602 iniquitatis,
2305 3533 2551 3587 ultimam
2576 3550 2687 3587 non
2707 3532 3027 3603 effugiemus
3058 3550 3297 3603 pinnam.
3326 3538 3346 3558 ‘
3374 3534 3514 3592 Pos-

1943 3626 2219 3681 sessiones
2261 3641 2360 3695 per
2399 3625 2647 3695 rapinam
2697 3634 2883 3695 partas
2920 3626 3018 3679 tibi
3058 3626 3278 3696 reliquit
3307 3636 3462 3697 pater
3495 3643 3510 3680 :

1943 3716 2110 3772 redde
2136 3724 2191 3770 tu
2220 3717 2421 3787 injuria
2461 3717 2674 3782 aﬁ‘ecto,
2706 3733 2777 3771 ne
2806 3726 2865 3769 tu
2906 3718 3004 3772 tibi
3034 3734 3126 3773 eas
3166 3725 3227 3773 ut
3266 3720 3516 3789 proprias

1942 3809 2158 3865 vindica
2187 3827 2201 3873 ;
2238 3809 2447 3878 peccati
2474 3817 2559 3863 est
2594 3809 2905 3864 haereditas.
2940 3807 3145 3877 lnjuste
3180 3810 3235 3864 in
3273 3811 3515 3866 servitu-

1944 3905 2053 3954 tem
2095 3899 2381 3954 redactum
2418 3899 2515 3954 tibi
2551 3914 2768 3955 servum
2810 3899 3030 3970 reliquit
3068 3907 3220 3969 pater
3251 3918 3265 3956 :
3298 3916 3422 3955 eum
3455 3911 3515 3955 tu

1945 3989 2196 4045 libertate
2228 3990 2394 4056 dona,
2432 3998 2493 4044 ut
2527 3998 2581 4046 et
2620 3990 2696 4044 illi
2726 3988 2929 4046 eﬂicias
2978 3990 3182 4044 leviora
3220 4001 3514 4059 tormenta,

1946 4082 2158 4152 tibique
2192 4082 2500 4138 libertatem
2539 4098 2721 4153 pares.
2769 4082 2847 4154 (6)
2878 4081 2957 4137 Ne
3004 4083 3255 4139 causeris
3285 4084 3513 4140 liberos.

1951 4172 2093 4228 Sunt
2124 4175 2219 4229 tibi
2251 4176 2448 4230 liberi?
2487 4176 2684 4246 collige
2718 4174 2853 4244 ipsis
2882 4175 3202 4230 thesaurum
3228 4184 3517 4234 aeternum.

1948 4263 2217 4336 Relinque
2255 4267 2365 4323 illis
2399 4266 2834 4322 recordationem
2865 4267 3085 4335 bonam,
3137 4269 3311 4338 magis
3353 4285 3519 4338 quam

1950 4356 2172 4413 divitias
2219 4359 2441 4414 multas.
2486 4358 2595 4414 Fac
2638 4359 3040 4424 benevolentia,
3085 4367 3146 4414 ut
3196 4373 3388 4415 omnes
3425 4361 3522 4416 ﬁlii

1882 4480 1926 4535 Β
1953 4446 2177 4505 ιιιὶέῑιιι
2214 4458 2418 4520 patres.
2453 4450 2764 4520 Aliquando
2795 4451 2863 4507 de
2891 4455 3002 4507 vita
3033 4453 3266 4508 decedas
3297 4469 3523 4510 necesse

1953 4547 2082 4607 est;
2116 4540 2311 4597 deinde
2346 4542 2514 4596 ﬁlittm
2550 4552 2702 4597 tuum
2742 4545 2799 4599 in
2840 4544 3127 4599 immatura
3157 4553 3316 4602 aetate
3353 4547 3523 4602 relin-

1954 4647 2091 4700 ques
2122 4632 2300 4687 adhuc
2343 4635 2622 4690 tutoribus
2655 4643 2925 4705 egentem.
2968 4635 3124 4702 Quod
3173 4637 3219 4692 si
3255 4638 3523 4694 honestus

1959 4722 2127 4777 fueris
2159 4732 2213 4777 et
2246 4725 2444 4791 bonus,
2471 4727 2850 4796 unusquisque
2890 4724 3056 4779 ﬁlium
3087 4736 3241 4781 tuum
3274 4736 3333 4781 ιιι
3363 4743 3523 4783 suum

1958 4814 2237 4879 enutriet;
2302 4831 2432 4869 nam
2478 4816 2558 4871 eis
2619 4817 2674 4870 in
2740 4824 2976 4872 mentem
3044 4817 3227 4872 veniet
3269 4816 3439 4873 fuisse
3473 4826 3526 4872 te

1958 4919 2177 4975 quoque
2225 4906 2597 4975 orpltanorum
2638 4916 2844 4977 patrem
2879 4926 2894 4977 ;
2950 4909 3034 4963 sin
3086 4917 3268 4964 autem
3310 4918 3527 4980 postea-

1961 5011 2124 5079 qpam
2160 4997 2213 5050 in
2266 4998 2476 5052 malitia
2512 4999 2738 5061 vixeris,
2772 5001 3086 5070 multosque
3114 5001 3362 5057 aﬁ‘eceris
3390 5017 3527 5057 moc-

1962 5102 2109 5151 rore,
2138 5099 2193 5142 et
2223 5087 2279 5141 in
2311 5103 2407 5143 eos
2436 5088 2529 5155 qui
2561 5097 2739 5143 tecum
2770 5091 3203 5161 congrediuntur
3229 5091 3342 5147 fera
3377 5094 3527 5148 omni

1964 5174 2136 5229 fueris
2167 5176 2437 5239 acerbior,
2482 5177 2555 5230 ila
2582 5177 2801 5231 demum
2827 5180 3031 5249 migras
3060 5179 3128 5235 de
3164 5181 3275 5236 vita
3309 5200 3323 5248 ;
3359 5182 3525 5238 ﬁlium

1965 5275 2118 5322 tuum
2179 5268 2449 5339 reliquisti
2527 5286 2873 5327 communem
2934 5275 3231 5330 viventium
3297 5275 3527 5330 hostem.

1967 5404 2175 5466 ciendo,
2209 5406 2457 5473 quamvis
2481 5406 2589 5458 duo
2630 5414 2838 5482 tantum
2877 5408 3094 5482 codices
3133 5410 3270 5464 hanc
3297 5412 3534 5482 scriptu-

1966 5491 2083 5528 ram
2112 5485 2431 5538 agnoscant.
2468 5478 2644 5529 caateri
2672 5493 2793 5529 cum
2826 5478 2986 5534 editis
3012 5483 3375 5537 consentiant.

2042 5544 2120 5613 (4)
2154 5544 2230 5598 Ex
2263 5546 2404 5597 hom.
2436 5546 2488 5597 in
2522 5547 2727 5603 divites.
2759 5548 2846 5600 57.

2152 5615 2224 5668 Ex
2262 5615 2406 5668 Ιιοιιι.
2437 5631 2508 5666 vit
2539 5618 2589 5668 in
2626 5615 2901 5678 I‘lexaemu
2934 5617 3002 5671 65

2043 5688 2119 5756 (ti)
2160 5685 2235 5739 Ex
2270 5685 2414 5740 hum.
2444 5685 2587 5740 dicta
2618 5687 2670 5740 in
2704 5685 2932 5747 Lacizis,
2957 5688 3080 5743 59!.
