3874 6224
411 341 534 396 “9|

1275 335 1644 390 APPENDIX.
1662 354 1731 376 -δ
1748 333 2099 392 ΒΫΜΕΟΝΙΒ
2139 331 2684 391 ΜΕΤΑΡιιιιΑει-Αι

3541 329 3672 388 1199

408 450 876 520 Quemadmodum
907 451 1053 506 enim
1087 449 1182 520 qui
1214 447 1416 518 scorpii
1447 455 1638 502 natum
1675 461 1985 518 conspexe-

2099 446 2430 518 θεασάμενος
2474 445 2756 515 φοϐεῖται,
2822 445 2898 517 μή
2934 462 3063 502 ποτε
3111 445 3194 510 είς
3255 445 3478 517 ἠλικίαν
3526 445 3675 500 ἐλθὸν

405 547 500 608 rit,
546 544 703 598 timet
758 557 825 597 ne
867 541 1088 612 quando
1138 548 1299 594 aetate
1363 538 1680 609 provectior
1735 538 1988 594 imitetur

405 643 615 704 patrem
653 648 666 683 :
703 631 778 688 ita
824 633 988 688 etiam
1040 631 1151 685 tuis
1210 630 1400 684 liberis
1449 638 1690 701 paternae
1731 629 1990 699 nequitia:

406 723 740 788 bmredibus,
797 725 1119 794 priusquam
1189 721 1256 776 ad
1311 719 1528 777 aetatem
1592 722 1987 792 pervenerint,

407 827 694 873 struentur
728 816 797 870 ab
825 816 1084 870 omnibus
1117 813 1354 870 insidiae.
1398 814 1474 885 (1)
1502 811 1638 868 Nam
1675 821 1734 867 ut
1764 813 1991 868 ﬂumina

407 923 471 961 ex
505 917 673 977 parvo
705 907 862 961 initio
895 905 1167 974 profecta,
1199 903 1398 959 deinde
1441 918 1538 972 per
1570 917 1666 958 eas
1706 918 1828 972 quae
1856 917 1992 972 pau-

407 999 554 1052 latim
576 998 710 1052 liunt
729 998 1076 1053 accessiones
1092 997 1511 1052 intolerabiliter
1524 1007 1705 1059 aucta,
1726 993 1990 1066 quidquid

407 1089 626 1145 obsistit
656 1098 708 1144 et
741 1089 1022 1158 objicitur,
1056 1089 1109 1144 id
1135 1089 1374 1144 violento
1419 1088 1625 1158 impetu
1653 1102 1838 1142 secum
1879 1095 1995 1140 tra-

407 1179 571 1247 hunt;
594 1181 665 1233 ita
687 1181 850 1234 etiam
875 1180 1072 1235 divites
1093 1195 1156 1235 ex
1180 1195 1349 1250 parva
1373 1180 1615 1249 potentia
1642 1179 1991 1250 prodeuntes,

407 1270 499 1324 ubi
527 1286 594 1324 ex
629 1271 698 1326 iis
730 1286 870 1340 quos
909 1271 1019 1340 jam
1069 1273 1314 1340 potentia
1350 1285 1451 1326 sua
1484 1285 1809 1340 oppressere
1848 1270 1986 1325 infe—

408 1361 589 1416 rendae
637 1362 852 1430 injuria:
885 1361 1203 1417 facultatem
1241 1363 1564 1432 ampliorem
1610 1362 1792 1432 adepti
1836 1370 1990 1426 sunt,

407 1464 536 1508 tunc
575 1455 820 1523 reliquos
855 1469 962 1507 una
991 1469 1116 1508 cum
1154 1454 1222 1508 iis
1253 1469 1394 1522 quos
1429 1454 1582 1523 prius
1614 1453 1817 1524 injuria
1861 1452 1992 1508 alle-

407 1561 551 1613 cere,
588 1547 844 1616 redigunt
877 1548 930 1599 in
959 1547 1303 1611 servitutem,
1335 1547 1505 1617 ﬁtque
1536 1547 1673 1616 ipsis
1707 1546 1994 1616 potestatis

408 1636 807 1692 incrementum
849 1637 1170 1708 magnitudo
1201 1639 1482 1707 nequitiae,
1518 1653 1643 1692 cum
1689 1639 1994 1708 unusquis-

409 1745 514 1798 que
543 1743 736 1783 eorum
777 1727 871 1796 qui
897 1727 1009 1796 jam
1044 1727 1249 1796 injuria
1283 1727 1465 1782 aﬂ‘ecti
1490 1735 1640 1792 sunt,
1674 1729 1850 1797 magis
1880 1727 1994 1782 sol-

2091 539 2406 610 μιμὴσηται
2458 538 2551 590 τὸν
2595 537 2843 609 πατέρα·
2890 536 3032 592 οὕτω
3084 538 3179 592 καὶ
3226 537 3301 590 τὰ
3349 538 3422 592 σὰ
3482 538 3675 609 ἔκγονα

2088 629 2353 702 πονηρίας
2401 630 2674 702 πατρικῆς
2703 626 2843 684 εἶναι
2885 630 3198 703 κληρονόμα
3236 632 3675 704 ὑποπτευόμενα,

2090 722 2220 794 πρὶν
2263 723 2342 785 είς
2369 721 2588 792 ἡλικίαν
2635 721 2846 786 ἐλθεῖν,
2898 721 3052 794 παρὰ
3085 723 3306 776 πάντων
3359 724 3675 777 ἐπιϐουλευο

2090 812 2334 883 θήσεται.
2377 812 2466 875 Ὦς
2497 812 2607 883 γὰρ
2645 814 2692 866 oi
2729 814 2964 883 ποταμοὶ
2997 815 3060 866 ὲκ
3088 816 3293 885 μικρᾶς
3324 816 3428 886 τῆς
3455 815 3674 886 πρώτης

2093 904 2268 975 ἀρχῆς
2305 903 2659 975 ὁρμηθέντες,
2685 898 2804 958 εἶτα
2828 907 2948 968 ταῖς
2975 908 3094 958 κατ’
3127 907 3309 975 ὀλίγον
3332 908 3676 979 προσθήκαις

2091 995 2461 1050 ἀνυπόστατον
2514 995 2886 1067 λαμϐάνοντες
2929 997 3029 1068 τὴν
3083 997 3356 1070 αὔξησιν,
3406 998 3486 1069 τῷ
3521 998 3678 1069 βιαίῳ

2091 1088 2189 1159 τῆς
2228 1089 2400 1159 φορᾶς
2445 1087 2508 1140 τὸ
2560 1087 2912 1158 ἐνιστάμενον
2965 1091 3379 1161 παρασύρουσιν
3403 1107 3418 1119 ⁸
3449 1089 3596 1144 οὕτω
3616 1091 3677 1157 δὴ

2093 1180 2187 1234 καὶ
2211 1181 2262 1233 oi
2295 1180 2538 1234 πλούσιοι
2565 1182 2628 1233 ὲκ
2663 1184 2864 1254 μικρᾶς
2885 1182 3166 1252 δυνάμεως
3195 1183 3558 1254 προελθόντες
3583 1182 3676 1253 (6),

2093 1269 2190 1323 καὶ
2215 1271 2278 1322 ὲκ
2305 1269 2414 1323 τῶν
2452 1271 2552 1341 ἤδη
2591 1270 3192 1325 καταδυναπευθέντων
3223 1273 3326 1343 τὴν
3371 1272 3467 1326 τοῦ
3499 1273 3676 1326 πλεῖον

2094 1362 2301 1415 ἀδικεῖν
2360 1360 2588 1432 δύναμιν
2642 1361 3170 1433 προσλαμϐάνοντες,
3220 1366 3336 1434 τοῖς
3376 1365 3674 1434 προηδικη-

2097 1451 2283 1521 μένοις
2310 1454 2436 1513 τοὺς
2465 1450 2820 1520 λειπομένους
2849 1450 3321 1518 καταδουλοῦνται,
3348 1455 3446 1509 καὶ
3472 1455 3675 1521 γίνεται

2093 1542 2278 1605 αὐτοῖς
2305 1541 2592 1612 δυνάμεως
2623 1541 2850 1612 αὔξησις
2877 1544 2910 1613 ἡ
2943 1545 3228 1614 περιουσία
3259 1545 3360 1614 τῆς
3388 1547 3674 1618 πονηρίας,

2096 1633 2318 1688 πλείονα
2347 1633 2503 1701 λόγον
2533 1635 2764 1687 ἑκάστου
2809 1633 2920 1688 τῶν
2956 1635 3302 1706 ἠδικημένων
3342 1636 3567 1706 ἔχοντος
3605 1638 3673 1708 μὶ-

2097 1723 2434 1795 προσπαθεῖν
2459 1741 2512 1777 τι
2546 1724 2736 1790 κακὸν,
2767 1724 2802 1797 ἢ
2838 1725 2994 1798 δίκην
3025 1725 3210 1783 λαϐεῖν
3242 1726 3388 1797 ὑπὲρ
3407 1727 3522 1782 τῶν
3547 1728 3666 1798 φθα-

409 1820 593 1874 licitus
625 1819 717 1881 sit,
748 1834 815 1873 ne
846 1818 976 1888 quid
1007 1819 1135 1872 mali
1169 1819 1403 1875 ulterius
1437 1823 1701 1888 patiatur,
1739 1834 1902 1888 quam
1934 1826 1993 1874 ut
2024 1815 2066 1869 B
2097 1815 2329 1869 σάντων.

409 1909 474 1963 de
504 1909 573 1964 iis
604 1924 726 1978 qua:
754 1923 1049 1978 perpessus
1085 1917 1190 1970 est,
1231 1908 1528 1961 vindictam
1561 1914 1766 1962 sumat.

475 2002 530 2058 6.
570 2002 653 2071 (2)
688 2001 766 2056 Ne
807 2001 973 2072 igitur
1017 2001 1387 2071 concupiscas
1421 2015 1583 2072 agros
1617 1997 1878 2068 proximi.
1914 1995 1994 2052 Ne

411 2095 619 2149 sulcum
683 2094 838 2151 sulco
889 2093 1191 2162 adjiciens.
1254 2108 1445 2164 agrum
1506 2101 1658 2146 tuum
1726 2091 1991 2161 paulatim

409 2185 700 2256 adaugeas.
765 2183 1046 2250 Quantum
1107 2183 1254 2238 enim
1313 2197 1379 2237 ex
1435 2181 1614 2236 aliena
1675 2179 1994 2234 accessione

411 2283 608 2330 terram
667 2275 1020 2342 dilataveris,
1082 2283 1238 2330 tanto
1304 2273 1483 2344 majus
1548 2283 1832 2344 peccatum
1892 2271 1991 2326 tibi

410 2367 665 2423 accersis.
700 2366 767 2420 Et
799 2374 947 2421 terra
985 2368 1205 2438 quidem
1228 2383 1351 2438 quas
1384 2365 1482 2420 tibi
1512 2365 1776 2435 paulatim
1810 2379 1994 2419 acces-

410 2467 575 2528 serat,
607 2467 660 2514 et
692 2474 789 2530 per
821 2460 1113 2515 avaritiam
1153 2467 1311 2529 parta
1343 2457 1559 2520 fuerat,
1603 2457 1693 2512 hic
1722 2464 1988 2520 remanet,

411 2564 509 2604 nec
543 2551 780 2620 amplius
813 2557 902 2604 tua
930 2556 1036 2613 est,
1063 2550 1157 2604 sed
1191 2548 1496 2612 hacredum,
1523 2563 1586 2601 ac
1611 2547 1828 2616 iniquas
1862 2561 1993 2616 opes

411 2641 676 2710 relinquis
729 2640 1060 2696 successori.
1124 2638 1289 2694 Terra
1350 2639 1403 2692 in
1443 2647 1696 2691 wternum
1751 2647 1857 2692 stat
1898 2637 1989 2690 ⁷⁸ι

412 2742 691 2802 peccatum
724 2746 857 2786 vero
907 2738 1170 2800 sequetur
1213 2729 1372 2800 503
1409 2737 1470 2783 ut
1519 2728 1749 2790 umbra,
1796 2727 1994 2782 anima:

412 2825 558 2878 omni
601 2824 905 2880 adhaerens.
961 2821 1436 2890 Quemadmodum
1483 2822 1629 2876 enim
1662 2820 1852 2874 umbra
1905 2819 2014 2873 εει-³·

412 2917 597 2987 quitur
645 2932 844 2986 corpus
892 2934 906 2970 :
955 2916 1028 2970 ita
1059 2923 1114 2969 et
1166 2924 1452 2984 peccatum
1486 2913 1681 2967 animae
1730 2911 1988 2966 adhaeret.

413 3008 490 3080 (3)
508 3008 772 3062 Praeterea
789 3009 1102 3077 quicunque
1121 3004 1403 3074 usurpatis
1423 3005 1798 3074 proximorum
1822 3003 1990 3074 agris,

413 3103 618 3156 limites
647 3101 1060 3171 possessionum
1105 3115 1333 3154 suarum
1369 3100 1497 3170 plus
1544 3113 1701 3169 aequo
1734 3099 1992 3153 extende-

2163 1999 2214 2054 6.
2240 1997 2332 2070 Μὴ
2355 1998 2533 2052 τοίνυν
2565 1999 2913 2071 ἐπιθυμήσῃς
2945 1999 3046 2070 τῆς
3079 1999 3172 2053 τοῦ
3212 1999 3445 2071 πλησίον
3475 1999 3655 2072 χώρας

2090 2091 2181 2162 Μὴ
2217 2089 2428 2144 αὔλακα
2455 2090 2652 2144 αὔλακι
2689 2090 3029 2162 προστιθεὶς.
3062 2091 3206 2145 κατά
3235 2092 3440 2163 μικρὸν
3480 2095 3668 2160 αὒξανε

2091 2180 2188 2250 τὴν
2222 2179 2322 2251 γῆν
2362 2180 2461 2250 (7).
2501 2181 2666 2234 Ὅσον
2689 2182 2800 2252 γὰρ
2840 2181 3129 2245 πλατύνεις
3165 2183 3229 2235 ἐκ
3261 2182 3368 2253 τῆς
3390 2184 3666 2256 ἀλλοτρίας

2091 2271 2411 2343 προσθήκης
2457 2273 2556 2344 τὴν
2604 2274 2728 2343 γῆν,
2775 2273 3013 2345 τοσούτῳ
3063 2275 3416 2346 μακροτέραν
3457 2293 3544 2329 σοι
3584 2278 3664 2346 τίει.

2089 2365 2365 2437 ἁμαρτίαν
2423 2364 2875 2430 κατασκευάζεις.
2927 2365 3030 2420 Καὶ
3074 2368 3106 2436 ἡ
3165 2367 3266 2436 μὲν
3308 2367 3385 2437 γῆ
3441 2367 3670 2420 ἐνταῦθα

2093 2459 2422 2530 παραμένει,
2457 2458 2600 2512 κατὰ
2647 2459 2844 2530 μικρόν
2873 2476 2957 2514 σοι
2985 2459 3437 2530 προχωρηθεῖσα,
3471 2462 3569 2513 καὶ
3591 2460 3673 2513 διὰ

2090 2554 2191 2624 τῆς
2220 2552 2533 2618 πλεονεξίας
2562 2552 2851 2624 γενομένη,
2883 2552 2982 2606 οὑκ
3023 2552 3101 2606 ἔτι
3129 2551 3216 2624 σὴ,
3239 2551 3380 2605 ἀλλὰ
3405 2551 3518 2606 τῶν
3545 2556 3673 2622 μετὰ

2094 2645 2172 2709 σὲ,
2197 2645 2292 2697 καὶ
2312 2643 2492 2712 ἀφίεις
2516 2643 2702 2696 ἄδικον
2729 2642 2808 2713 τῷ
2835 2642 3201 2714 διαδεχομένῳ
3224 2645 3317 2698 τὸν
3352 2643 3489 2714 βίον.
3522 2641 3583 2699 Ἠ
3601 2644 3668 2714 τῆ

2090 2736 2349 2804 ἕστηκεν
2367 2738 2454 2802 εἰς
2483 2735 2589 2789 τὸν
2616 2735 2807 2790 αἰῶνα
2826 2751 2840 2764 ·
2875 2737 2908 2806 ὴ
2939 2735 2996 2788 δὲ
3039 2736 3285 2807 ἁμαρτία
3319 2737 3672 2808 ἀκολουθήσει

2090 2825 2167 2888 ὡς
2228 2825 2376 2890 σκιὰ,
2431 2826 2578 2897 πάσῃ
2634 2825 2878 2896 ἑπομένη
2921 2826 2995 2895 (8)
3044 2825 3211 2897 ψυχῇ.
3258 2827 3475 2897 Ὠσπερ
3505 2827 3670 2896 γὰρὴ

2094 2913 2223 2967 σκιὰ
2280 2913 2358 2985 τῷ
2407 2914 2619 2985 σώματι
2666 2915 2878 2979 ἕπεται,
2939 2914 3081 2969 οὕτω
3135 2918 3230 2969 καὶ
3266 2919 3298 2986 ἡ
3331 2918 3669 2988 ἁμαρτίατῇ

2091 3006 2235 3078 ψυχῇ
2261 3006 2640 3077 συμπέφυκεν.
2679 3007 2890 3071 Ἀλλως
2919 3024 2980 3059 τε
3001 3009 3111 3061 ὅσοι
3153 3007 3294 3078 μετὰ
3327 3008 3670 3080 παρορισμοῦ

2093 3095 2201 3149 τῶν
2227 3097 2474 3168 πλησίον,
2513 3098 2638 3160 τοὺς
2667 3097 2828 3168 ὅρους
2850 3097 2958 3150 τῶν
2986 3096 3199 3151 οἰκείων
3229 3099 3480 3168 κτήσεων
3513 3101 3673 3169 ὑπερ-

413 3200 562 3253 runt,
596 3205 662 3244 eo
695 3189 843 3259 quod
871 3191 1251 3259 possessiones
1278 3189 1381 3242 illa:
1411 3204 1519 3242 non
1549 3189 1671 3244 sine
1697 3189 1992 3258 gemitibus

2099 3187 2385 3253 εξέτειναν,
2438 3187 2526 3240 διὰ
2583 3188 2643 3240 τὸ
2692 3188 2800 3240 ἀπὸ
2833 3186 3136 3257 στεναγμοῦ
3171 3188 3282 3241 τῶν
3325 3189 3670 3260 ἠδικημένων

414 3298 601 3339 eorum
635 3280 729 3351 qui
761 3281 961 3350 injuria
996 3280 1396 3344 adiciebantur,
1436 3280 1654 3335 fuerant
1688 3281 1992 3349 acquisita,

415 3374 544 3430 facti
585 3381 715 3427 sunt
761 3387 790 3425 a
826 3371 1013 3425 divina
1068 3371 1447 3425 benedictione
1482 3371 1670 3426 alieni.
1720 3371 1874 3426 Unde
1903 3373 1995 3426 ubi

414 3466 599 3522 decem
640 3465 804 3519 boum
842 3464 995 3534 juga,
1052 3471 1109 3516 ut
1153 3473 1237 3518 est
1279 3465 1422 3534 apud
1457 3463 1651 3518 Isaiam
1686 3464 1764 3528 ⁷⁵,
1804 3479 1994 3519 arave-

415 3565 560 3621 raut,
608 3558 700 3610 vix
739 3557 1030 3627 laguncula
1058 3571 1170 3609 una
1202 3557 1654 3620 vindemiabilur,
1685 3563 1740 3611 et
1772 3557 1861 3612 ubi
1899 3573 1992 3619 sex

417 3649 620 3702 artabaa
663 3647 880 3703 fuerant
929 3649 1231 3710 seminataz,
1261 3649 1352 3701 vix
1385 3657 1498 3704 tres
1528 3647 1806 3703 fructuum
1838 3665 1994 3703 men-

416 3757 563 3797 surae
609 3741 954 3812 colligentur.
993 3739 1070 3810 (4)
1106 3739 1281 3796 Malus
1328 3741 1382 3794 in
1435 3741 1605 3805 urbe,
1651 3742 1828 3796 malus
1880 3740 1998 3794 ruri

416 3835 632 3888 vicinus
661 3841 744 3889 est
772 3849 961 3902 rapax.
999 3831 1158 3887 Novit
1189 3817 1338 3887 mare
1373 3834 1637 3890 terminos
1669 3849 1801 3890 suos
1834 3853 1847 3888 :
1885 3849 1994 3888 nox

418 3926 674 3994 antiquos
721 3924 925 3980 limites
958 3924 1064 3980 sibi
1111 3925 1465 3995 praescriptos
1494 3941 1607 3980 non
1655 3927 1996 3997 transgredi-

419 4027 530 4072 tur.
569 4018 642 4070 At
667 4032 800 4071 vero
833 4017 998 4073 homo
1029 4033 1199 4087 rapax
1229 4034 1338 4072 non
1369 4026 1587 4073 veretur
1617 4026 1850 4089 tempus,
1885 4033 1996 4072 non

419 4109 673 4178 agnoscit
715 4113 1033 4172 terminum,
1067 4110 1434 4165 successionis
1459 4111 1636 4165 ordini
1669 4127 1778 4164 non
1811 4110 1954 4166 cedit
1981 4127 1995 4163 :

425 4200 515 4254 sed
561 4200 703 4270 ignis
734 4199 840 4253 vim
875 4201 1141 4264 imitatur,
1174 4203 1383 4256 invadit
1423 4205 1638 4267 omnia,
1669 4203 1850 4256 omnia
1898 4204 1996 4258 de-

425 4294 687 4362 pascitur.
738 4293 1092 4364 Qutccunque
1132 4295 1281 4350 videt
1308 4297 1532 4358 oculus,
1561 4313 1625 4351 ea
1656 4297 1999 4366 concupiscit

425 4400 610 4455 rapax.
669 4383 792 4438 Non
853 4384 1147 4455 temptabitur
1199 4387 1380 4442 ocnlus
1433 4387 1653 4442 videndo
1692 4390 1771 4452 ⁷⁵,
1821 4403 1998 4458 neque

426 4491 590 4546 rapax
636 4475 924 4530 satiabitur
973 4478 1314 4547 accipiendo.
1370 4477 1625 4534 lnfernus
1678 4494 1786 4533 non
1835 4478 1994 4542 dixit,

424 4567 741 4634 Suilii-it",
789 4585 963 4639 neque
1021 4586 1187 4640 rapax
1241 4585 1480 4641 unquam
1533 4573 1707 4634 dixit,
1766 4570 1995 4625 Sullicit.

425 4658 500 4731 (5)
517 4658 585 4713 At
610 4675 738 4714 vero
769 4660 896 4730 quid
934 4661 1059 4715 inde
1092 4663 1266 4716 lucri?
1298 4662 1702 4732 Vigiliar,cur:e,
1730 4663 1996 4718 sollicitu-

425 4753 597 4807 dines.
623 4749 796 4806 Judcx
818 4759 1186 4822 exspectatur,
1222 4762 1276 4809 et
1318 4755 1435 4824 ipse
1466 4755 1889 4824 circumspectat
1926 4769 1997 4809 ne

2100 3278 2539 3351 συμπεπορίσθαι
2587 3279 2688 3343 τὰς
2735 3281 2992 3351 κτήσεις,
3039 3280 3314 3351 ἀλλότριοι
3373 3282 3476 3350 τῆς
3533 3281 3670 3343 θείας

2097 3369 2494 3440 ἀπεδείχθησαν
2523 3368 2776 3437 εὐλογίας
2794 3381 2810 3396 '
2844 3368 2985 3422 ὥστε
3012 3368 3140 3422 ἔνθα
3165 3368 3335 3438 ζεύγη
3370 3369 3506 3422 δέκα
3540 3368 3671 3440 βοιῖιν

2097 3461 2410 3532 εἰργάσατο,
2455 3459 2597 3514 κατὰ
2652 3461 2746 3513 τὸν
2803 3462 3052 3525 Ἡσαΐαν,
3098 3461 3258 3531 μόγις
3305 3461 3579 3532 κεράμιον
3619 3461 3671 3513 ἰν

2095 3553 2469 3624 τρυγηθῆναι·
2521 3552 2617 3605 καὶ
2655 3551 2787 3605 ἔνθα
2833 3553 2891 3620 ἒξ
2935 3553 3172 3624 ἁτράϐαι
3222 3553 3669 3624 κατεσπάρησαν.

2095 3644 2222 3715 τρία
2250 3647 2422 3715 μέτρα
2456 3643 2784 3712 συνάγεσθαι
2807 3643 2897 3698 τὸν
2922 3645 3150 3716 καρπόν.
3171 3645 3417 3716 Πονηρὸς
3448 3647 3511 3697 ὲν
3531 3645 3673 3698 πόλει

2098 3736 2363 3801 σύνοικος,
2418 3737 2654 3808 πονηρὸς
2702 3741 2759 3791 ὲν
2793 3739 2982 3809 ἀγροῖς
3013 3741 3042 3792 ὁ
3079 3737 3436 3808 πλεονέκτης.
3486 3739 3553 3791 Ἠ
3579 3737 3669 3790 θά-

2095 3826 2268 3881 λασσα
2320 3826 2427 3882 οἶδε
2476 3828 2545 3882 τὰ
2600 3829 2723 3900 ὅρια
2768 3832 3036 3901 αὐτῆςοὴ
3079 3829 3174 3897 νὺξ
3222 3831 3322 3900 οὐχ
3356 3831 3668 3904 ὑπερϐαίνει

2095 3921 2375 3992 ὁροθεσίας
2426 3923 2678 3992 ἀρχαίας.
2739 3923 2797 3975 '0
2855 3922 3185 3993 πλεονέκτης
3216 3922 3276 3975 δὲ
3314 3924 3418 3976 οὐκ
3449 3924 3667 3976 αἰδεῖται

2097 4015 2306 4086 χρόνον,
2343 4015 2404 4068 οὐ
2461 4015 2716 4087 γνωρίζει
2767 4016 2913 4085 ὅρον,
2956 4015 3017 4068 οὐ
3060 4018 3333 4086 συγχωρεῖ
3377 4015 3670 4084 ἀκολουθίῳ

2095 4109 2346 4180 διαδοχῆς
2370 4123 2383 4136 °
2415 4107 2550 4162 ἀλλὰ
2576 4111 2822 4178 μιμεῖται
2851 4108 2946 4162 τοῦ
2982 4109 3152 4178 πυρὸς
3182 4108 3284 4180 τὴν
3323 4109 3468 4179 βίαν,
3504 4109 3666 4162 πάντα

2097 4200 2506 4271 ἐπιλαμϐάνων,
2543 4200 2636 4252 κα)¹
2687 4200 2866 4253 πάντα
2885 4200 3326 4270 κὲπινεμόμενος.
3380 4202 3525 4254 Ὅσα
3557 4202 3665 4253 ἐπι-

2097 4294 2288 4346 ϐλέπει
2317 4295 2345 4346 ὀ
2371 4292 2669 4362 ὀφθαλμὸς,
2696 4292 2966 4345 τοσούτων
2988 4291 3248 4363 ἐπιθυμεῖ
3272 4296 3300 4347 ὁ
3323 4293 3662 4364 πλεονέκτης.

2103 4389 2185 4440 Οὐ
2237 4385 2658 4454 πλησθήσεται
2696 4387 2729 4438 ό
2782 4386 3090 4455 ὀφθαλμὸς
3132 4385 3238 4440 τοῦ
3281 4387 3450 4454 ὀρᾷν,
3489 4387 3580 4441 καὶ
3609 4387 3662 4438 οὐ

2101 4478 2492 4551 κορεσθήσεται
2535 4477 2865 4549 φιλάργυρος
2915 4477 3009 4531 τοῦ
3065 4479 3384 4549 λαμϐάνειν.
3445 4481 3508 4534 ’0
3547 4479 3663 4551 ᾅδης

2099 4570 2198 4621 οὐκ
2255 4566 2426 4631 εἶπεν,
2483 4569 2700 4640 Ἀρκεῖ,
2757 4568 2864 4621 οὐδ’
2903 4571 2932 4621 ὁ
2979 4569 3306 4639 πλεονέκτης
3350 4566 3473 4624 εἷπὲ
3513 4585 3662 4623 ποτε·

2113 4662 2314 4732 Ἀρκεῖ.
2356 4661 2429 4713 Τὸ
2459 4661 2514 4714 δὲ
2553 4660 2799 4713 ἐντεῦθεν
2835 4659 3022 4730 κέρδος
3049 4660 3135 4720 τίς
3188 4661 3534 4730 Ἀγρυπνίαι.
3581 4660 3662 4730 μέ·

2105 4769 2314 4823 ριμναι,
2351 4752 2651 4824 φροντίδες.
2685 4751 2956 4823 Δικαστὴς
2983 4752 3374 4824 προσδοκᾶται,
3401 4755 3496 4807 καὶ
3523 4749 3660 4815 οὗτος

496 4907 542 4939 ’⁸
577 4907 755 4964 Eccle.
801 4926 842 4973 ι,
872 4908 926 4962 ι.
1004 4909 1051 4939 ⁷⁸
1095 4905 1198 4962 lsa.
1247 4924 1300 4971 v,
1338 4907 1425 4960 10.
1501 4907 1547 4939 ’³
1573 4907 1750 4964 Eccle.
1788 4923 1826 4972 ι,
1859 4909 1910 4964 8.
1992 4911 1994 4924 ¹

2099 4911 2231 4965 ἰυν.
2268 4927 2439 4976 xxvtl,
2475 4912 2580 4978 27;
2613 4929 2744 4975 xxx,
2779 4913 2866 4967 16.

495 5085 570 5158 (1)
603 5085 682 5158 ξι
722 5087 869 5142 Ιιοιη.
896 5086 1178 5148 indivites,
1215 5088 1302 5142 57.

495 5156 571 5226 (2)
603 5156 682 5210 Ex
707 5158 853 5213 hom.
882 5159 938 5212 in
973 5158 1202 5219 Lacizia,
1231 5157 1354 5213 590.

497 5228 574 5296 (5)
609 5227 688 5282 Ex
714 5239 1007 5283 comment.
1035 5229 1089 5281 in
1118 5227 1256 5290 Isa..
1285 5226 1410 5282 486.
1453 5275 1458 5280 .

499 5299 575 5365 (4)
615 5296 695 5350 Ex
720 5300 866 5355 hom.
891 5300 946 5352 in
985 5299 1192 5360 divites,
1232 5300 1320 5354 57.

498 5368 575 5435 (5)
615 5370 692 5422 Ex
722 5370 868 5426 hom.
898 5369 1043 5423 dicta
1066 5371 1119 5422 in
1157 5368 1387 5432 Lacizis,
1413 5369 1538 5425 591.

501 5438 598 5509 (6)-
614 5442 677 5492 Ol
710 5441 990 5494 πλούσιοι
1018 5439 1087 5493 ἐκ
1119 5439 1334 5508 μικρᾶς
1354 5439 1659 5509 δυνάμεως
1687 5440 2002 5508 προελθόν-

433 5523 545 5573 τες.
573 5507 680 5562 Pro
712 5511 796 5564 his
821 5513 1044 5564 vocibus
1075 5507 1268 5579 legitur
1289 5513 1342 5564 in
1370 5507 1624 5565 contextu
1653 5513 1700 5562 οἱ
1728 5507 1832 5562 ἐπὶ
1859 5511 2002 5579 μέγα

439 5579 529 5646 τῆς
559 5579 837 5652 δυνάμεως
876 5579 1247 5652 προελθόντες,
1295 5581 1384 5652 qui
1413 5579 1481 5652 ad
1520 5595 1766 5652 magnum
1815 5590 2000 5652 poten-

435 5652 564 5702 tiam
587 5651 814 5718 provecti
846 5650 985 5704 sunt.
1027 5651 1130 5704 Sed
1159 5650 1346 5704 nostra
1375 5651 1646 5720 scriptura
1681 5651 1837 5719 longe
1859 5650 2004 5702 vide-

435 5726 523 5772 tur
555 5721 909 5787 praeferenda,
935 5737 998 5776 ac
1027 5735 1149 5774 cum
1179 5721 1348 5776 altero
1381 5722 1806 5789 comparationis
1837 5734 2004 5774 mem-

2105 5093 2206 5147 bro
2242 5093 2438 5148 melius
2470 5095 2720 5162 quadrat.
2755 5093 2891 5150 Cum
2925 5111 2988 5152 ea
3021 5096 3292 5151 consentit
3328 5095 3662 5152 Coloertinus

2106 5162 2302 5239 codex,
2339 5163 2444 5239 nisi
2484 5163 2630 5234 quod
2661 5164 2824 5220 habet
2865 5167 2932 5219 ὲκ
2967 5167 3201 5239 μακρᾶς,
3243 5167 3392 5238 quod
3433 5175 3663 5223 erratu

2104 5242 2189 5288 est
2227 5232 2592 5287 librariorum.

2175 5302 2254 5378 ('_7)
2277 5302 2395 5378 Τὴν
2411 5303 2547 5378 γῆν.
2571 5303 2751 5378 Minus
2772 5305 3054 5378 commode
3072 5307 3124 5360 in
3145 5313 3404 5378 contextu
3428 5306 3530 5378 τὴν
3555 5306 3664 5378 σήν,

2173 5375 2250 5444 (8)
2279 5373 2452 5442 Πάσῃ
2469 5374 2752 5444 ἑπομένη.
2775 5373 2865 5428 Sic
2885 5376 3097 5432 videtur
3111 5373 3510 5432 emendandum
3533 5373 3665 5445 quod

2091 5445 2384 5513 legebatur
2415 5445 2495 5518 in_
2517 5453 2776 5518 contextu
2805 5447 2938 5498 πᾶσι
2969 5447 3345 5518 παρεπομένη.
3373 5446 3506 5512 Quae
3545 5445 3664 5518 sctit

2102 5523 2262 5586 ptura
2293 5530 2415 5568 cum
2450 5515 2579 5568 vitio
2609 5531 2719 5568 nou
2763 5526 2993 5578 careret,
3032 5514 3159 5571 inde
3193 5514 3404 5570 factum
3449 5528 3508 5570 ut
3545 5514 3665 5586 illud

2105 5584 2240 5656 πᾶσι
2273 5586 2326 5638 in
2355 5586 2631 5640 nonnullis
2653 5586 2936 5640 codicibus
2967 5602 3098 5641 mss.
3129 5595 3548 5656 expungeretur.
3585 5584 3663 5638 Est

2105 5655 2269 5710 etiam
2304 5662 2632 5726 expunctum
2666 5657 2720 5710 in
2749 5656 2849 5711 hac
2879 5658 3176 5712 novissima
3203 5655 3461 5712 editione.
