3874 6224
169 394 310 451 1195
1306 395 1539 453 SERMO
1580 397 1668 454 Vl.

1945 396 2299 452 AVARITIA.
3296 401 3436 457 1194

166 516 518 586 περισκοπεῖ,
561 513 633 586 μὴ
673 515 753 577 εἰς
791 515 1119 585 δικαστήρια
1151 520 1463 588 παρασυρῇ.
1492 515 1691 569 Βουλεύ

1904 515 1920 568 l
1968 515 2236 585 judicium
2292 514 2661 586 pertrahatur.
2716 514 2990 571 Deliberat
3040 521 3246 581 noctu,
3295 533 3434 588 quos

162 625 257 659 ται
302 608 359 660 ἐν
410 608 588 669 νυκτὶ,
621 606 774 669 τίνας
826 606 934 658 τῶν
977 606 1191 678 πικρῶν
1234 610 1547 680 συνηγόρων
1580 626 1690 680 παρ

1906 609 2232 664 marulentos
2280 616 2541 681 patronos
2585 608 2875 673 subornet,
2917 613 2977 663 ut
3024 606 3160 662 falsa
3191 608 3436 663 testimo-

165 698 447 760 σκευάσει,
484 697 572 751 ἵνα
609 696 824 766 ψευδεῖς
852 699 1161 768 μαρτυρίας
1187 700 1262 768 (l)
1304 698 1692 770 ἐκμισθὼσητα

1905 700 1947 753 ia
1994 699 2244 754 mercede
2282 700 2537 765 redimat,
2576 699 2853 771 quomodo
2882 714 3005 754 eum
3032 698 3124 771 qui
3155 698 3435 755 desolatus

163 791 285 855 πῶς
334 791 751 860 ὲκπολιορκήσει
780 790 871 842 τὸν
900 793 958 843 ἐν
1000 794 1064 863 τῇ
1101 791 1327 863 ἐρημία,
1377 791 1492 855 πῶς
1523 793 1691 845 καταδ

1905 798 1942 844 ιι
1982 797 2285 861 expugnet,
2317 791 2595 861 quomodo
2622 806 2746 846 eum
2777 792 3050 861 opprimat
3078 791 3340 861 potentia,
3372 805 3435 844 ac

161 881 454 963 ναστεὺεῖει
491 882 703 947 τούτου,
750 883 843 936 καὶ
893 885 951 935 ἐν
1001 882 1335 955 δικαστηρίῳ
1366 884 1463 955 τὴν
1501 884 1687 956 ἀληθει

1906 897 1916 931 ι
1949 880 2069 950 ipso
2115 881 2327 951 judicio
2377 884 2652 937 occultata
2685 883 2942 945 veritate,
2976 890 3029 936 et
3055 882 3297 950 judicem
3318 881 3436 973 ,ιιι-

165 975 394 1045 ιιλέψας,
454 976 798 1046 ἀμφοτέρους
856 976 1148 1040 ἀναλώσει,
1206 978 1301 1030 καὶ
1348 976 1439 1030 τὸν
1497 978 1695 1031 δικαστί

1904 986 2016 1035 :ns,
2064 978 2119 1026 et
2161 971 2361 1043 injuria
2408 973 2660 1029 affectum
2717 975 2878 1029 bonis
2923 974 3189 1044 spolians,
3223 984 3434 1027 utrum-

164 1068 721 1140 παρακρουσάμενος,
747 1067 943 1122 καὶτὸν
978 1067 1303 1141 ἀδικηθέντα
1331 1068 1405 1141 (9.)
1433 1068 1689 1123 πλεονεκτ

1904 1081 1964 1119 ue
1994 1068 2180 1119 voret.‘
2204 1063 2475 1120 Pecunias
2501 1066 2638 1120 alias
2673 1064 2953 1136 profertin
2984 1064 3223 1120 medium
3249 1104 3265 1129 ,
3297 1064 3434 1119 alias

164 1177 287 1223 σας.
320 1159 423 1213 Τὸν
460 1159 708 1223 πλοῦτον,
741 1160 830 1212 τὸν
878 1160 978 1231 μὲν
1032 1161 1363 1231 δημοσιεύει,
1406 1163 1495 1216 τὸν
1535 1162 1589 1215 δὲ
1624 1181 1692 1216 κα

1904 1156 2106 1211 efossas
2164 1156 2347 1221 habet,
2406 1158 2472 1211 ad
2526 1172 2652 1228 Spes
2699 1159 2939 1214 incertas
2997 1171 3305 1228 seponens,
3366 1156 3434 1209 ad

163 1252 490 1323 ωρυγμένον
543 1250 656 1322 ἔχει
690 1252 824 1323 πρὸς
858 1252 1079 1316 ἐλπίδας
1108 1253 1205 1317 τὰς
1231 1254 1457 1325 ἀδήλους
1498 1256 1691 1309 ἀποτιθ

1903 1265 2007 1317 aes,
2066 1251 2329 1319 inquam,
2394 1266 2515 1320 qua:
2571 1266 2697 1322 spes
2740 1267 3085 1323 nequaquam
3129 1258 3276 1307 sunt.
3340 1249 3433 1303 Et-

166 1360 355 1413 μενος,
387 1342 609 1405 ἐλπίδας
627 1341 725 1405 τὰς
750 1344 849 1395 οὐκ
880 1342 1118 1407 ἐλπίδας.
1150 1344 1210 1396 Εἰ
1237 1343 1345 1415 γὰρ
1376 1344 1510 1418 πρὸς
1533 1344 1696 1398 ἐλπίδι

1898 1342 2004 1395 nim
2072 1340 2121 1396 si
2192 1343 2259 1396 ad
2328 1357 2453 1412 spes
2520 1342 2981 1411 reconderentur,
3050 1344 3105 1399 in
3171 1352 3428 1399 aeternam

159 1430 233 1505 ἦν
252 1437 286 1506 ἡ
322 1434 600 1500 ἀπόθεσις,
630 1437 764 1508 πρὸς
784 1439 882 1509 τὴν
917 1436 1141 1491 αἰωνίαν
1166 1437 1354 1489 ἐλπίδα
1378 1438 1595 1507 ἐγένετο
1624 1438 1687 1491 ἂν

1902 1452 2009 1506 pem
2078 1435 2232 1491 fieret
2296 1436 2385 1490 illa
2447 1435 2795 1506 praeparatio.
2863 1436 3020 1492 Nunc
3088 1443 3268 1491 autem
3330 1434 3432 1491 sub

164 1529 514 1600 παρασκευή.
538 1528 677 1581 Νυνὶ
703 1528 757 1580 δὲ
779 1528 1117 1598 ὑποκρύπτει
1142 1531 1206 1599 τῇ
1227 1529 1381 1602 κλίνῃ
1412 1530 1502 1582 τὸν
1525 1530 1692 1583 πλοῦτ

1899 1536 1998 1582 :cto
2049 1527 2270 1583 divitias
2327 1528 2568 1583 incertas
2622 1526 2942 1592 abscondit,
2987 1535 3276 1583 venturum
3336 1526 3429 1580 da-

162 1619 257 1671 τὸν
310 1619 522 1691 ἄδηλον,
583 1620 680 1691 τὴν
721 1620 1097 1692 ἐπερχομένην
1138 1618 1342 1691 ζημίαν
1388 1622 1692 1692 ἀποπρέωε

1903 1636 2045 1675 mum
2111 1628 2359 1675 avertere
2415 1636 2474 1676 se
2532 1628 2707 1675 ratus.
2781 1618 2889 1675 Sed
2938 1635 3009 1675 an
3076 1628 3304 1676 ventura
3360 1621 3433 1676 sit

162 1713 433 1783 οἰόμενος.
481 1713 620 1767 Ἀλλ’
650 1717 699 1767 εἰ
751 1714 850 1786 μὲν
882 1713 1000 1784 ἥξει
1055 1714 1186 1767 ποτὲ
1229 1716 1262 1785 ἡ
1304 1714 1483 1786 χρεία,
1524 1712 1692 1786 ἀδηλοε

1899 1727 2097 1784 nquam
2134 1712 2319 1768 utendi
2368 1713 2669 1768 necessitas
2689 1754 2704 1779 ,
2740 1713 3048 1781 incertum;
3080 1723 3269 1769 contra
3290 1751 3305 1778 ,
3335 1728 3429 1768 ve-

161 1804 286 1875 ἤξει
323 1806 508 1877 μέντοι
537 1806 743 1877 καιρὸς,
782 1798 905 1873 ὲνῷ
942 1804 1472 1877 μεταμεληθήσεται,
1508 1804 1584 1878 μὴ
1608 1806 1691 1859 οἰκ

1898 1804 1968 1857 iet
1995 1810 2230 1874 tempus,
2265 1804 2318 1857 in
2342 1817 2452 1873 quo
2482 1803 2743 1872 pecunias
2786 1817 2899 1859 non
2942 1802 3289 1859 distribuisse
3316 1816 3428 1873 pae-

163 1897 414 1969 νομήσας
444 1897 537 1950 τὸν
586 1896 835 1951 πλοῦτον.
864 1897 1035 1951 Τοῦτο
1070 1896 1357 1969 πρόδηλον,
1398 1896 1553 1966 κάγώ
1573 1898 1687 1969 εἰμι

1901 1896 2060 1951 tebit.
2114 1895 2229 1950 Hoc
2279 1903 2489 1951 certum
2537 1902 2657 1960 est,
2707 1903 2764 1952 et
2805 1894 3199 1962 indubitatum,
3240 1904 3295 1953 et
3331 1911 3431 1970 egra

163 1989 538 2062 ἐγγυώμενος.
562 1988 627 2042 Τί
655 1992 851 2053 ποιεῖς,
885 1989 1035 2041 ἄθλιε
1061 2005 1074 2051 ;
1105 1990 1182 2060 Τῇ
1219 1991 1289 2061 γῇ
1330 1988 1637 2060 παραδίδως
1663 2006 1693 2041 τ

1904 2002 2090 2042 mnsor
2132 2003 2273 2042 sum.
2309 1986 2383 2058 (6)
2416 1985 2558 2052 Quid
2591 1986 2731 2057 agis,
2766 1988 2966 2044 miser?
3009 1987 3169 2043 Humi
3212 1989 3434 2047 thesau-

164 2080 465 2151 θησαυρόν.
498 2080 634 2134 Πότε
670 2081 849 2151 χρήσῃ
895 2084 1009 2144 τοῖς
1048 2081 1320 2153 παροῦσι;
1353 2080 1483 2134 πότε
1516 2080 1692 2134 ἀπολα

1902 2094 1979 2133 tm
2038 2078 2290 2133 mandas.
2356 2076 2719 2144 Quandonam
2774 2081 2948 2136 uteris
3021 2082 3432 2151 prasentibus?

164 2190 282 2236 σεις
309 2172 510 2237 αὐτῶν,
552 2172 639 2226 ἀεὶ
673 2174 784 2234 τοῖς
828 2172 1009 2235 πόνοις
1042 2173 1139 2243 τῆς
1184 2174 1427 2245 κτήσεως
1459 2171 1692 2243 συνεχόμ

1901 2163 2076 2219 nando
2105 2162 2192 2221 his
2225 2163 2425 2221 frueris
2474 2182 2690 2238 semper
2724 2168 3050 2239 acquirendi
3101 2171 3289 2226 labore
3336 2171 3431 2228 de-

162 2280 289 2329 νος;
314 2263 389 2316 Οὐ
419 2262 727 2335 προφασίζῃ
754 2261 943 2333 μυρία,
963 2262 1049 2313 ἵνα
1075 2261 1244 2334 λάὅῃς
1273 2260 1341 2313 τὰ
1371 2258 1464 2312 τοῦ
1492 2257 1689 2330 πλησίο

1899 2256 2084 2309 :ntus?
2130 2248 2310 2311 annon
2352 2257 2641 2314 innumera
2672 2260 2943 2325 causaris,
2968 2269 3028 2315 ut
3058 2277 3174 2317 rem
3197 2263 3429 2334 proximi

175 2356 493 2407 Ἐπισκοτεῖ
515 2372 624 2426 μοι,
649 2355 802 2424 φησὶ,
832 2351 925 2405 τοῦ
949 2352 1186 2420 γείτονος
1215 2354 1248 2423 ἡ
1286 2352 1429 2405 οἰκία
1447 2368 1459 2381 ’
1491 2349 1705 2423 θορύϐοι

1900 2346 2129 2416 surpes?
2173 2346 2335 2413 Mihi,
2384 2351 2601 2420 inquit,
2651 2350 2910 2407 tenebras
2955 2350 3189 2407 offundit
3234 2353 3430 2408 domus

162 2446 396 2515 ἐνίησιν,
435 2445 469 2514 ἦ
498 2446 556 2497 τὸ
595 2442 1055 2514 ἀποπλανώμενον
1088 2442 1422 2512 ὑποδέχεται.
1469 2443 1530 2494 ΕΞ
1570 2440 1691 2494 ἐπιο

1902 2440 2045 2506 icini,
2089 2441 2278 2497 turbas
2308 2442 2541 2510 excitat,
2573 2451 2668 2498 aut
2694 2459 2918 2501 errones
2959 2434 3211 2519 suscipit.
3248 2444 3432 2515 Sijdo-

166 2539 294 2606 μείς
326 2535 427 2605 τῆς
455 2536 548 2589 τοῦ
588 2536 830 2604 γείτονος
863 2535 1064 2599 οἰκίας,
1095 2534 1290 2602 γείτων
1323 2533 1379 2586 δέ
1418 2551 1497 2585 σοι
1538 2533 1696 2587 πάντ(

1901 2549 2004 2587 lum
2049 2534 2211 2588 vicini
2258 2536 2574 2601 desideras,
2627 2553 2730 2593 nec
2778 2538 2877 2594 tibi
2929 2556 3169 2611 unquam
3218 2540 3431 2596 vicinus

162 2629 223 2681 οὐ
252 2628 449 2698 λείψει,
483 2628 700 2698 ἀνάγκη
746 2645 804 2679 σε
835 2627 1076 2697 δηλονότι
1120 2626 1211 2678 ἐπὶ
1229 2625 1296 2677 τὰ
1320 2625 1520 2695 ἔσχατα
1553 2624 1692 2694 φθάσ

1902 2624 2149 2681 afuturus
2174 2633 2280 2691 est,
2310 2642 2539 2683 necesse
2562 2635 2647 2683 est
2673 2628 2947 2695 videlicet,
2979 2639 3039 2685 ut
3063 2631 3131 2686 ad
3156 2639 3432 2689 extremos

162 2720 268 2789 τῆς
324 2719 444 2773 καθ’
488 2720 636 2791 ἡμᾶς
681 2719 1027 2790 οἰκουμένης.
1067 2718 1129 2771 Εἰ
1174 2718 1228 2771 δὲ
1270 2716 1426 2771 τοῦτο
1453 2718 1692 2789 ἀμήχανε

1902 2715 2009 2771 rbis
2055 2718 2231 2772 nostri
2276 2719 2545 2775 terminos
2578 2728 2632 2775 te
2661 2721 2935 2778 conferas.
2970 2723 3046 2795 (7)
3081 2723 3234 2790 Quod
3280 2724 3330 2780 si
3376 2725 3432 2780 id

163 2813 275 2865 ἀπὸ
307 2813 407 2883 τῆς
457 2810 679 2884 πρώτης
720 2812 929 2874 ἐννοίας
967 2811 1173 2865 παῦσον
1213 2809 1440 2863 σεαυτοῦ
1480 2811 1578 2881 τὴν
1618 2827 1693 2881 πρ

1901 2807 1979 2861 eri
2025 2808 2241 2878 nequit,
2286 2823 2315 2863 a
2353 2809 2529 2880 prima
2570 2810 2908 2880 cogitatione
2940 2814 3135 2871 cohibe
3176 2823 3331 2871 tuum
3363 2816 3431 2870 ad

162 2905 225 2958 τὸ
257 2904 427 2958 κακὸν
455 2904 653 2975 ὁρμὴν,
708 2898 752 2955 ὧ
810 2902 1091 2974 ἄνθρωπε,
1123 2900 1460 2974 ἀρκούμενος
1500 2897 1580 2965 οἷς
1623 2918 1692 2953 πα

1904 2900 2066 2954 talum
2109 2902 2412 2971 impetum,
2454 2918 2487 2958 ο
2519 2902 2720 2968 homo,
2750 2904 2837 2960 his
2865 2921 2988 2976 quae
3033 2914 3195 2963 antea
3242 2923 3434 2979 posse-

163 2997 382 3061 έλαὸες,
408 2996 681 3066 ἐπιμένων
720 2990 801 3059 οἷς
841 2995 986 3065 ἔχεις
1012 3011 1025 3024 ·
1064 2994 1242 3061 εἰδὼς,
1279 2996 1360 3048 ὄτι
1402 2994 1498 3048 καὶ
1549 2993 1693 3065 μεγέε

1905 2990 1989 3044 isti
2025 3000 2340 3058 contentus,
2366 3003 2632 3065 stansque
2659 2994 2748 3051 his
2771 3012 2892 3067 quae
2918 2997 3088 3055 habes
3114 3018 3126 3052 :
3151 3013 3262 3055 non
3288 3000 3435 3070 igna-

163 3088 378 3151 οίκιῶν,
414 3088 501 3143 διὰ
532 3088 592 3140 τὸ
632 3086 690 3155 ἐξ
721 3087 932 3151 ἀδικίας
978 3089 1262 3159 συστῆναι,
1298 3086 1482 3159 ἐρημά
1512 3087 1626 3139 ἐστι
1648 3085 1693 3136 τί

1903 3098 1992 3148 as,
2033 3083 2230 3138 mdium
2263 3086 2706 3157 magnitudines,
2747 3103 2814 3143 eo
2844 3089 2992 3161 quod
3033 3107 3100 3147 ex
3143 3090 3433 3163 iniquitate

164 3181 491 3251 οἰκητόρων,
546 3179 640 3233 καὶ
688 3179 890 3249 πλῆθος
928 3178 1112 3250 χώρας
1145 3181 1209 3232 ἐκ
1247 3175 1557 3243 πλεονεξίας
1602 3192 1694 3247 περ

1903 3181 2193 3230 anstructze
2237 3183 2458 3241 essent,
2496 3177 2902 3238 habitatoribus
2944 3196 3146 3239 vacuas
3176 3198 3333 3248 esse,
3380 3192 3433 3240 et

164 3250 373 3345 ληφθὲν
408 3272 481 3342 (5)
510 3271 701 3340 ἄγονον
746 3271 1005 3333 πολλάκις
1038 3270 1144 3323 τῶν
1181 3268 1405 3343 καρπῶν
1436 3266 1691 3338 ἀπεδείχθ

1900 3281 2109 3338 igerum
2175 3268 2609 3326 multitudinem»
2657 3286 2737 3327 ex
2784 3273 2996 3346 rapinis
3060 3284 3430 3346 comparatam

165 3363 550 3439 Προλαμὸάνει
608 3366 717 3436 γάρ
768 3363 1028 3427 πολλάκις
1075 3362 1171 3433 τὴν
1231 3362 1530 3433 μέλλουσαν
1570 3359 1695 3431 κρίσ

1903 3373 2000 3429 ape
2033 3357 2383 3415 infecundam
2431 3360 2590 3417 efﬁci.
2638 3362 2947 3421 Antevertit
2995 3366 3139 3422 enim
3178 3381 3433 3438 saepenu-

165 3462 199 3531 ἡ
227 3459 347 3513 θεία
389 3459 532 3529 δίκη,
566 3458 659 3512 καὶ
687 3457 786 3529 ἤδη
819 3457 917 3520 τάς
956 3456 1157 3519 ἀδίκως
1200 3452 1636 3525 περιωρισμὲνας
1672 3469 1695 3505 ο

1901 3465 2008 3506 πει-ο
2052 3450 2299 3507 futurum
2345 3453 2615 3523 judicium
2649 3455 2837 3511 divina
2876 3457 3045 3522 ultio,
3086 3472 3149 3513 ac
3179 3459 3431 3515 terminis

164 3553 296 3614 κίας
322 3552 399 3613 εἰς
428 3549 698 3620 ἄχρηστον
741 3548 1107 3618 περιίστησιν,
1143 3544 1253 3599 ἀπὸ
1289 3545 1385 3616 τῆς
1408 3543 1694 3616 πολυανθρι

1901 3544 2078 3613 ljustis
2108 3545 2559 3616 circumscriptas
2589 3550 2783 3605 domos
2809 3550 2944 3605 nulli
2967 3552 3079 3619 jam
3112 3559 3270 3622 aptas
3303 3557 3431 3607 usui

170 3660 277 3696 που
324 3642 591 3713 οἰκήσεως
646 3639 871 3709 καὶτῆς
916 3638 1177 3709 λαμπρᾶς
1229 3635 1480 3706 εὐθηνίας
1513 3636 1700 3706 ἐρήμοι

1899 3634 2142 3705 :linquit,
2178 3650 2244 3691 ex
2285 3651 2480 3707 magna
2520 3638 2802 3693 hominum
2834 3640 2997 3713 505.
3034 3642 3338 3714 frequentia
3368 3659 3429 3699 ac

165 3735 280 3788 τῶν
303 3734 603 3805 οἰκητόρων
632 3731 882 3786 ποιοῦσα.
924 3731 983 3782 'U
1015 3730 1124 3801 γάρ
1152 3728 1260 3781 τῶν
1290 3728 1584 3801 ἀλλοτρίων
1612 3726 1695 3798 ἐρί

1897 3725 2143 3795 plendido
2180 3737 2446 3797 apparatu
2480 3743 2684 3785 vacuas
2720 3731 3124 3816 habitatoribus
3153 3738 3427 3809 redigens.

171 3828 291 3901 μετ’
318 3826 380 3878 οὐ
416 3824 548 3879 πολὺ
606 3823 886 3895 θρηνήσει,
933 3821 1043 3875 τῶν
1081 3821 1228 3875 ἰδίων
1259 3819 1701 3891 ἀποστερούμενο

1901 3833 1987 3872 am
2003 3818 2095 3888 qui
2115 3817 2289 3873 aliena
2308 3821 2478 3887 cupit,
2499 3836 2608 3874 non
2628 3822 2800 3878 multo
2814 3834 2939 3893 post
2955 3825 3179 3896 lugebit,
3194 3832 3430 3900 propriis

167 3920 235 3971 Τί
269 3918 359 3971 τὸν
388 3914 667 3970 Ναυουθαὶ
721 3915 811 3967 τὸν
845 3913 1214 3985 Ἰεζραηλίτην
1261 3912 1613 3980 ἀπέκτεινεντ
1655 3913 1697 3964 οε

1899 3911 1972 3967 .tis
2017 3910 2289 3982 privatus.
2323 3910 2401 3983 (8)
2442 3911 2583 3978 Quid
2617 3912 2830 3973 Naboth
2877 3913 3221 3973 Jezraelitam
3260 3921 3429 3977 inter-

165 4014 200 4084 ἡ
228 4011 324 4065 τοῦ
363 4008 565 4082 Ἀχαάίό
591 4008 667 4081 (4)
699 4006 963 4078 ἐπιθυμία
998 4005 1094 4059 τοῦ
1131 4005 1487 4076 ἀμπελῶνος;

1900 4003 2032 4056 mit?
2060 4002 2252 4059 Nonne
2292 4005 2564 4076 cupiditas
2592 4006 2815 4062 Achaab
2848 4008 3016 4064 vitem
3048 4009 3197 4066 illius
3228 4025 3430 4067 concu-

766 4152 767 4155 η
1853 4092 2119 4163 piscentis
2140 4093 2164 4147 ?

240 4193 298 4249 7.
326 4191 610 4263 Μνήσθητι
664 4193 765 4262 τῆς
798 4191 1007 4262 ἡμέρας
1069 4187 1305 4258 ἐκείνης,
1334 4186 1393 4238 ἐν
1512 4186 1753 4239 Ἀποκα-

1924 4185 1976 4240 7.
2019 4187 2096 4255 (9)
2133 4184 2447 4241 Recordare
2480 4186 2627 4242 illius
2658 4188 2785 4255 diei,
2821 4190 2877 4244 in
2907 4205 3016 4260 quo
3043 4190 3322 4247 Revolutur
3344 4196 3427 4248 ira

163 4285 458 4337 λύπτετιιι
488 4281 632 4351 ὀργὴ
655 4281 756 4335 ἀπ’
784 4272 1066 4351 οὑραφζόῦ.
1098 4276 1382 4348 Μνήσοητι
1413 4276 1513 4345 τῆς
1541 4273 1693 4339 ἐνδόξ‹

1897 4289 1917 4328 ε
1945 4273 2072 4327 caelo
2097 4274 2179 4342 7';
2213 4275 2397 4329 veniat
2426 4276 2524 4330 tibi
2555 4276 2610 4330 in
2643 4286 2881 4335 mentem
2912 4281 3188 4351 gloriosus
3224 4285 3427 4340 adven-

164 4376 263 4430 τοῦ
316 4375 553 4447 Χριστοῦ
610 4372 1066 4445 παρουσίας,’ὅτε
1105 4369 1523 4439 ἀναστήσονται,
1566 4368 1615 4420 οἱ
1656 4385 1694 4437 μ

1897 4381 1942 4419 IS
1979 4364 2187 4421 Christi
2216 4383 2232 4429 ;
2266 4381 2389 4420 cum
2421 4368 2517 4437 qui
2567 4368 2710 4424 bona
2758 4373 3010 4442 egerint,
3052 4385 3340 4447 resurgent
3371 4378 3427 4432 in

166 4470 238 4523 τὰ
289 4468 469 4536 ἀγαθά
521 4450 844 4539 πράξαντες,
889 4453 967 4528 εἷς
1015 4462 1314 4516 ἀνάστασιν
1354 4457 1521 4528 ζωῆς,
1588 4460 1637 4511 οἰ
1694 4484 1696 4500 ι

1893 4459 2315 4513 esurrectionem
2367 4458 2524 4525 vitaz;
2558 4463 2650 4531 qui
2697 4477 2825 4520 vero
2862 4467 3040 4533 mala,
3077 4468 3132 4522 in
3178 4483 3423 4523 resurre-

166 4561 238 4615 τά
291 4559 493 4630 φαῦλα,
525 4561 604 4623 εἰς
633 4560 930 4613 ἀνάστασιν
970 4555 1224 4627 κρίσεως.
1274 4553 1486 4605 Ἐκεῖνα
1516 4550 1696 4604 λυπείτ

1895 4550 2095 4605 tionem
2145 4550 2433 4621 iudicii“.
2484 4551 2612 4609 Haec
2663 4565 2717 4610 te
2751 4558 2977 4614 tristitia
3001 4560 3272 4627 afﬁciant,
3315 4577 3425 4616 non

167 4671 252 4715 σε,
320 4653 413 4705 καὶ
477 4652 551 4723 μὴ
585 4650 821 4703 λυπείτω
868 4666 927 4702 σε
982 4649 1015 4718 ἡ
1057 4646 1151 4699 τοῦ
1215 4643 1349 4697 Θεοῦ
1382 4642 1590 4714 ἐντολή.
1619 4641 1697 4697 Πῦ

1892 4643 2145 4698 mlestum
2170 4643 2267 4699 tibi
2293 4644 2365 4700 sit
2393 4655 2726 4719 praeceptum
2757 4648 2872 4706 Dei.
2906 4650 3188 4718 Quomodo
3211 4653 3422 4709 ﬂectant

166 4763 229 4798 σε
283 4745 621 4814 δυσωπήσω;
662 4743 714 4795 τί
769 4739 1098 4811 φθέγξομαις
1159 4735 1444 4800 Βασιλείας
1481 4735 1582 4788 οὐκ
1637 4734 1696 4787 ἐπ

1893 4737 1945 4792 ιῖ
1979 4736 2111 4808 quid
2141 4738 2362 4793 dicam?
2391 4737 2562 4811 Regni
2604 4755 2714 4797 non
2740 4744 2944 4799 teneris
2986 4742 3280 4808 desiderio,
3315 4762 3423 4817 non

165 4839 382 4908 θυμεῑς,
420 4836 642 4904 γέενναν
686 4836 746 4887 οὐ
799 4834 971 4903 φοϐῇο
1037 4830 1200 4883 πόθεν
1257 4829 1451 4900 εὑρεθῇ
1497 4828 1638 4890 ἴασις
1681 4844 1695 4878 1

1890 4846 2014 4887 mes
2066 4831 2404 4899 gehennam,
2445 4832 2589 4888 unde
2641 4834 2850 4889 sanitas
2876 4836 3071 4891 animae
3100 4844 3205 4893 tua:
3230 4838 3420 4893 conci-

160 4933 313 5001 ψυχῇ
353 4946 480 4992 dou;
516 4930 577 4982 Εἰ
628 4928 736 4999 γὰρ
766 4926 836 4979 τὰ
869 4922 1074 4996 φρικτὰ
1111 4924 1171 4976 οὐ
1213 4923 1369 4992 φοϐεῖ
1401 4921 1499 4991 (5),
1530 4920 1599 4973 τά
1623 4937 1690 4990 φα

1892 4917 2109 4972 abitur?
2137 4916 2351 4975 Etenim
2403 4920 2449 4976 si
2482 4935 2590 4974 non
2623 4929 2827 4977 terrent
2871 4923 3142 4981 horrenda
3163 4967 3178 4992 ,
3212 4929 3258 4983 si
3303 4927 3420 4982 laeta

162 5024 267 5096 δρά
314 5023 378 5075 οὑ
440 5021 829 5093 πῳτρέπεται,
882 5015 1054 5101 λιθίνη
1122 5014 1320 5085 καρδία
1362 5010 1692 5082 διαλεγόμεθ‹

1890 5024 1914 5064 c
1952 5009 2147 5063 hilaria
2186 5025 2295 5065 non
2328 5012 2708 5077 exstimulant,
2746 5014 3020 5085 lapideum
3058 5033 3156 5073 cor
3188 5020 3420 5090 alloqui-

234 5182 278 5214 "
312 5179 470 5233 Rom.
513 5195 552 5244 ι,
587 5180 671 5233 18.
724 5177 794 5246 [³⁸
825 5164 983 5230 Joan.
1016 5191 1070 5239 ν,
1109 5173 1203 5229 29.

1824 5314 1831 5331 ι

240 5339 318 5405 (Ι)
350 5336 708 5405 Μαρτυρίας.
740 5333 1002 5389 Codicum
1050 5331 1188 5384 alter
1237 5331 1536 5400 μάρτυρας,
1573 5326 1696 5395 [alat

166 5419 345 5463 testes.
1006 5448 1018 5459 ,

1883 5326 2011 5450 ἰ
2034 5326 2272 5396 Ἀχαὰσ.
2303 5325 2395 5383 Sic
2424 5335 2715 5385 contextus
2727 5332 3041 5387 etcodicum
3068 5334 3225 5391 alter.
3251 5335 3413 5401 Editi,

237 5448 475 5549 Τὸν
509 5474 886 5542 ἀδικηθέντα.
927 5448 1225 5533 Coittextus
1256 5468 1346 5522 τὸν
1391 5469 1605 5539 νήπιον,
1661 5467 1747 5519 in-

2131 5467 2340 5550 _5905€Z_-
2373 5465 2724 5550 Sli‘cttterque
2758 5474 2949 5528 codex.
2991 5472 3134 5529 Editi
3164 5474 3224 5527 οὗ
3255 5475 3416 5547 φοϐῇ.

167 5537 389 5619 furiam.
794 5614 844 5619 ω
1015 5616 1041 5619 μ
1264 5609 1297 5619 μ
1680 5618 1683 5619 ν
2026 5538 2103 5619 Ex
2131 5537 2278 5593 hom.
2312 5539 2366 5591 in
2389 5537 2595 5619 divites:
2620 5537 2708 5596 57.

239 5620 315 5688 (ὅ)
351 5615 742 5685 Περιληφθέν.
790 5614 883 5670 Sic
926 5616 1176 5669 codicum
1230 5609 1385 5663 alter.
1418 5605 1560 5661 Editi
1592 5618 1746 5689 περι·

239 5690 385 5741 ηθέν.
425 5687 592 5741 Paulo
625 5692 747 5741 Dost
775 5686 1018 5741 eiusdem
1062 5682 1271 5736 codicis
1302 5694 1402 5741 ope
1433 5677 1744 5731 emendavt-

1294 5617 1385 5662 Ler.
1418 5605 1560 5661 Editi
1592 5618 1746 5689 περι·
2035 5607 2114 5663 Ex
2146 5609 2527 5690 comment._in
2558 5607 2672 5663 Isa.
2703 5610 2824 5669 486.

1302 5694 1402 5741 ope
1433 5677 1744 5731 emendavn-
1944 5677 1976 5730 8
2036 5678 2115 5732 Ex
2138 5679 2285 5733 hom.
2322 5693 2377 5732 ιη
2398 5677 2603 5741 divites,
2636 5680 2725 5737 57.

168 5677 385 5759 βληθέν.
412 5677 592 5759 Paulo
625 5692 747 5759 post
775 5686 1018 5759 ejusdem
1062 5682 1271 5759 codicis
1302 5694 1402 5759 ope
1433 5677 1744 5759 emendavi-
2030 5678 2293 5759 Egbert};
2322 5678 2377 5732 in
2398 5677 2603 5746 divites,
2636 5680 2725 5737 57.

169 5746 293 5814 mu's
327 5758 517 5811 vitium
550 5746 780 5822 vulgata:
806 5746 893 5812 εἰς
937 5753 1189 5825 χρηστόν.
1232 5749 1534 5825 Contextus
1580 5748 1699 5817 paul

806 5746 893 5812 εἰς
937 5753 1189 5825 χρηστόν.
1232 5749 1534 5825 Contexms
1580 5748 1743 5817 paulo
1923 5748 1999 5821 (9)
2030 5748 2190 5816 lbid.,
2228 5746 2317 5802 58.

173 5838 297 5899 post
326 5818 748 5898 πεπορισμένας,
780 5818 1335 5892 injusié'c'omparatas
1358 5818 1592 5892 domos.‘

444 5922 714 5982 PATROL.
749 5919 866 5982 Gn.
902 5916 1169 5980 XXXII.
3103 5906 3182 5969 38
