3874 6224
460 342 593 396 H95

1375 340 1827 397 APPENDIX.—
1862 337 2218 396 SYMEONIS
2256 338 2799 396 METAPHRASTE

3591 338 3709 394 “96

459 471 599 510 mur.
632 453 706 526 (l)
740 454 917 510 Velim
947 462 1000 510 te
1035 452 1102 509 ab
1133 453 1420 525 injustitiae
1445 456 1702 526 operibus
1748 455 2030 526 paululum

2158 455 2478 527 Ἐϐουλόμην
2529 472 2590 509 σε
2646 455 2840 527 μικρὸν
2892 451 3234 507 ἀναπνεῦσαι
3276 451 3389 505 τῶν
3424 449 3601 524 ἔργων
3622 452 3707 520 τῆς

458 551 764 621 respirare,
815 566 848 605 ο
891 564 1090 614 avare,
1135 558 1191 603 et
1235 548 1663 620 cogitatiOnibus
1711 549 1819 603 tuis
1861 549 2033 603 otium

458 626 623 701 dare,
656 650 836 695 tecum
873 646 930 693 ut
974 646 1195 709 reputes
1249 639 1316 694 ad
1372 654 1534 709 quem
1579 639 1741 694 ﬁnem
1792 638 2037 695 studium

458 732 728 801 ejusmodi
759 747 943 788 rerum
970 731 1181 787 tendat.
1215 731 1396 788 Habes
1419 740 1501 787 tot
1524 731 1718 803 jugera
1743 740 1903 788 terra
1921 745 2038 785 ara-

460 824 622 890 bilis,
656 824 881 880 totidem
914 830 1074 878 terra:
1120 823 1409 879 arboribus
1462 825 1691 878 consitae
1715 863 1729 887 ,
1784 829 1998 878 montes
2020 862 2034 887 ,

461 912 719 987 cafhpos,
761 918 966 983 saltus,
1013 916 1243 978 ﬂuvios.
1279 924 1456 987 prata.
1510 915 1654 982 Quid
1702 916 1868 987 igitur
1914 921 2038 985 post

460 1006 826 1064 lizeclNonne
856 1017 966 1065 tres
995 1016 1156 1064 terrae
1190 1010 1362 1064 cubiti
1396 1018 1448 1065 te
1473 1008 1833 1078 exspectant?
1857 1022 2039 1061 nonne

462 1115 761 1171 paucorum
794 1101 1036 1170 lapidum
1071 1116 1212 1157 onus
1245 1101 1446 1156 misero
1472 1103 1687 1170 corpori
1718 1099 2040 1155 custodien-

460 1191 531 1246 do
559 1191 663 1246 erit
695 1192 869 1248 satis?
897 1192 981 1247 Ob
1017 1208 1180 1263 quam
1212 1208 1328 1247 rem
1354 1192 1539 1262 inique
1579 1192 1733 1262 agis?
1762 1192 1894 1261 quid
1926 1207 2042 1244 ma-

463 1282 628 1338 nibus
668 1281 1073 1338 infructuosam
1105 1283 1447 1337 sterilitatem
1480 1291 1643 1352 atque
1679 1282 2042 1352 inexstinguio

459 1373 557 1428 bili
601 1380 973 1445 perpetuoque
1027 1374 1139 1445 igni
1186 1374 1473 1430 materiam
1525 1375 1857 1430 coacervas?
1901 1372 2041 1428 Num

463 1465 681 1521 tandem
727 1466 1024 1534 resipisces
1056 1466 1126 1521 ab
1161 1466 1264 1520 hac
1308 1465 1612 1521 ebrietate?
1648 1480 1779 1519 num
1811 1465 2044 1535 recipies

463 1562 518 1609 te
548 1555 617 1610 ad
659 1556 930 1610 saniorem
974 1556 1248 1610 mentem?
1279 1571 1409 1608 num
1437 1553 1506 1608 ad
1544 1562 1597 1608 te
1635 1554 1880 1610 redibis?
1912 1569 2043 1608 num

462 1645 666 1701 Christi
706 1645 975 1717 judicium
1007 1645 1100 1700 tibi
1146 1662 1316 1716 pones
1346 1647 1416 1701 ob
1448 1646 1675 1702 oculos?
1704 1645 1877 1713 Quam
1911 1646 2045 1699 alla-

2137 548 2374 614 ἀδικίας,
2398 542 2443 602 ὦ
2466 548 2782 613 πλεονέκται,
2821 550 2915 601 καὶ
2948 546 3127 600 δοῦναι
3160 545 3361 616 σχολὴν
3388 546 3504 606 τοῖς
3535 542 3706 596 ἑαυτοῦ

2137 640 2436 710 λογισμοῖς,
2469 639 2609 693 ὥστε
2663 639 3055 711 ἐνθυμηθῆναι,
3100 639 3239 710 πρὸς
3284 640 3442 690 ποῶν
3486 635 3706 706 πέραςὴ

2140 732 2344 803 σπουδὴ
2395 732 2504 785 τῶν
2546 731 2846 810 γινομένων
2894 730 3253 783 συντέτακται
3286 729 3391 797 (5).
3425 727 3607 797 Ἔχεις
3624 727 3710 796 γῆς

2140 824 2411 894 ἀροσίμης
2451 823 2663 894 πλέθρα
2694 823 2825 875 τόσα
2850 822 2943 876 καὶ
2993 821 3144 885 τόσα,
3172 820 3281 889 γῆς
3314 819 3710 889 πεφυτευμένης

2140 914 2375 969 τοσαῦτα
2391 916 2573 989 ἕτερα,
2592 916 2713 987 ὄρη,
2739 914 2916 977 πεδία,
2933 915 3130 979 νάπας,
3156 915 3471 983 ποταμοὺς,
3494 911 3709 974 λιὸάδις.

2142 1006 2207 1058 Τί
2231 1003 2323 1061 οὖν
2353 1007 2489 1078 μετὰ
2513 1006 2714 1071 tanta;
2746 1008 2880 1077 Οὐχὶ
2910 1010 3059 1078 τρεῖς
3095 1023 3154 1060 σε
3188 1007 3396 1077 πήχεις
3433 1005 3711 1074 ἀναμένω-

2146 1114 2264 1163 σιν;
2296 1099 2415 1168 οὐχὶ
2454 1098 2615 1151 λίθων
2651 1098 2845 1166 ὀλίγων
2870 1097 3035 1168 βάρος
3055 1097 3284 1168 ἀρκέσει
3318 1097 3467 1169 πρὸς
3496 1097 3715 1168 φυλακὴν

2143 1192 2208 1260 τῇ
2244 1191 2492 1260 δυστήνῳ
2525 1191 2717 1260 σαρκί;
2760 1191 2931 1261 ’Υπὲρ
2957 1190 3102 1253 τίνος
3135 1191 3519 1258 παρανομεῖς;
3542 1189 3591 1239 τί
3614 1206 3715 1241 συν-

2145 1281 2297 1348 άγεις
2343 1281 2529 1351 χερσὶν
2569 1281 2867 1351 ἀκαρπίαν,
2912 1282 3006 1336 καὶ
3047 1282 3181 1353 ὓλην
3218 1280 3301 1352 τῷ
3330 1281 3546 1350 αἰωνίῳ
3570 1281 3714 1349 mgf;

2145 1374 2219 1426 Ού
2246 1372 2437 1442 νήφεις
2474 1373 2602 1426 ποτὲ
2631 1374 2738 1426 ἀπὸ
2766 1374 2866 1444 τῆς
2901 1373 3069 1443 μέθης
3100 1374 3309 1445 ταύτης
3336 1391 3351 1439 ;
3375 1373 3483 1443 οὐχ
3505 1374 3717 1440 ὕγιανεῖς

2144 1471 2270 1528 τοὺς
2299 1465 2626 1536 λογισμούςς
2661 1467 2759 1537 οὐχ
2792 1465 2984 1519 ἑαυτοῦ
3018 1468 3260 1539 γενήσῃς
3297 1466 3363 1518 οὐ
3393 1464 3509 1535 πρὸ
3541 1465 3718 1533 delia}.-

2150 1556 2268 1628 μῶν
2293 1557 2436 1629 λήψῃ
2460 1557 2622 1611 τὸτοῦ
2648 1558 2887 1629 Χριστοῦ
2913 1557 3285 1629 δικαστήριον;
3303 1556 3372 1608 Τί
3396 1555 3718 1625 ἀπολογήσῃ,

2147 1651 2367 1705 ἐπειδάν
2430 1668 2489 1703 σε
2522 1651 2705 1723 κύκλῳ
2747 1651 3102 1723 περιστάντες
3126 1652 3180 1703 οἱ
3210 1649 3545 1720 ἠδικημένοι
3579 1666 3723 1701 κατα-

466 1748 625 1794 turus
651 1752 711 1794 es
746 1739 1189 1803 excusationem,
1230 1754 1354 1793 cum
1405 1738 1444 1792 ii
1485 1739 1578 1809 qui
1628 1738 1826 1807 injuria
1868 1737 2045 1793 allecti

2158 1742 2314 1797 δοῶσί
2370 1761 2463 1796 σου
2512 1745 2605 1797 ἐπὶ
2649 1742 2743 1797 τοῦ
2800 1744 3011 1797 δικαίου
3073 1743 3309 1814 κριτοῦ;
3343 1744 3414 1796 Τί
3459 1746 3720 1814 ποιήσειςς

459 1832 687 1897 fuerint,
712 1832 825 1901 jam
858 1839 909 1885 te
939 1831 1385 1891 circumstantes.
1418 1831 1713 1887 adversum
1758 1842 1809 1886 te
1837 1832 2044 1885 clama-

2158 1837 2337 1901 ποίους
2371 1838 2701 1910 συνηγόρους
2729 1836 2977 1909 μισθώσῃ
2999 1856 3013 1902 ;
3035 1810 3221 1900 ποίους
3250 1837 3550 1908 μάρτυρας

460 1925 603 1980 bunt
630 1939 814 1980 coram
858 1938 1014 1994 aequo
1057 1923 1462 1993 judice?.Quid
1507 1939 1637 1994 ergo
1673 1923 1877 1979 facies?
1907 1941 2046 1994 quos

2158 1932 2402 2001 στήσεις;
2443 1930 2562 1995 πῶς
2599 1931 2963 2003 παραπείσεις
2997 1930 3088 1984 τὸν
3119 1931 3571 2003 ἀπαραλόγιστον
3595 1933 3725 1986 δικα-

464 2017 742 2072 conduces
794 2015 1094 2086 patronos?
1122 2032 1263 2085 quos
1311 2023 1483 2071 testes
1530 2015 1741 2072 duces?
1771 2016 2046 2086 quomodo

2158 2023 2325 2093 στήνς
2375 2024 2489 2075 Οὐκ
2527 2022 2607 2076 ἔνι
2644 2023 2828 2094 ῥήτωρ
2861 2024 2996 2087 ἐκεῖ,
3046 2024 3147 2076 οὐκ
3193 2023 3272 2075 ἔνι
3308 2022 3614 2095 πιθανότης
3640 2026 3727 2094 9:;-

464 2110 663 2166 illudes
688 2108 884 2180 judici,
909 2108 1005 2180 qui
1034 2108 1200 2164 nullis
1228 2108 1441 2164 artibus
1471 2107 1648 2179 decipi
1682 2106 2049 2179 potestiNul-

462 2202 551 2257 ius
581 2201 654 2256 ibi
688 2201 843 2256 adest
882 2201 1086 2267 rhetor,
1118 2215 1227 2253 non
1254 2206 1379 2256 sunt
1409 2200 1576 2255 verba
1622 2200 1894 2264 suasoria,
1926 2215 2049 2270 quae

460 2295 634 2365 judici
659 2294 942 2350 veritatem
987 2289 1247 2349 suilurari
1296 2290 1509 2361 possint
1549 2309 1563 2346 :
1598 2306 1709 2346 non
1743 2299 2050 2362 sequuntur

465 2387 811 2452 adulatores,
866 2401 977 2441 non
1026 2384 1303 2456 pecuniae,
1354 2399 1466 2438 non
1516 2383 1698 2440 fastus
1734 2384 2045 2456 dignitatis.

463 2480 726 2535 Desertus
777 2475 847 2533 ab
902 2477 1130 2538 amicis,
1184 2474 1488 2532 destitutus
1527 2475 1876 2541 fautoribus,
1928 2477 2049 2532 sine

462 2574 792 2645 patrocinio,
831 2572 970 2627 citra
1000 2571 1399 2635 defensionem,
1430 2571 1643 2641 pudore
1682 2569 1929 2626 sull'usus
1957 2584 2047 2626 re-

464 2666 764 2738 linqueris.
810 2665 1021 2728 tristis,
1066 2671 1336 2728 moestus,
1382 2663 1701 2727 solitarius,
1747 2648 1947 2719 fiducia
1983 2677 2049 2719 ac

464 2760 716 2815 libertate
763 2756 1024 2829 loquendi
1072 2771 1292 2813 carens.
1348 2755 1690 2827 Quocunque
1722 2756 1867 2812 enim
1911 2769 2048 2810 conv

463 2859 644 2908 vertes
679 2851 871 2907 oculos
892 2891 907 2915 ,
936 2850 1084 2905 clara
1119 2856 1173 2904 et
1201 2854 1390 2920 aperta
1439 2848 1749 2920 conspicies
1779 2848 2049 2903 scelerum

465 2954 815 3019 argumenta;
834 2946 962 3002 hinc
980 2945 1174 3017 pupilli
1202 2944 1496 3016 lacrymas,
1518 2943 1668 2998 illinc
1687 2942 1861 2997 vidua:
1883 2941 2050 3013 gemi-

468 3047 606 3102 tum,
640 3037 862 3093 aliunde
890 3053 1098 3109 egenos
1130 3036 1228 3092 abs
1257 3043 1310 3090 te
1339 3038 1539 3106 pugnis
1569 3035 1820 3098 obtusos,
1857 3047 2048 3089 servos

466 3145 606 3203 quos
636 3129 908 3194 cecidisti,
957 3130 1172 3186 vicinos
1215 3143 1356 3200 quos
1390 3127 1459 3182 ad
1484 3126 1825 3181 iracundiam
1850 3141 2051 3196 provo-
2075 3154 2117 3213 ο

466 3224 627 3278 casti.
670 3221 956 3294 lnsurgent
1003 3221 1294 3295 adversum
1339 3229 1392 3275 te
1437 3220 1624 3275 omnia
1667 3238 1680 3273 ε
1725 3227 1779 3274 te
1826 3227 2048 3273 tuarum

469 3314 745 3369 actionum
791 3313 1057 3368 malarum
1093 3312 1297 3368 chorus
1330 3326 1532 3382 pravus
1564 3310 1813 3380 Stipabit.
1849 3308 2048 3364 Nullus

467 3413 552 3462 est
603 3406 681 3461 ibi
736 3405 969 3476 negandi
1017 3404 1213 3470 locus,
1268 3406 1364 3460 sed
1414 3405 1705 3457 obturatur
1762 3417 1925 3458 omne
1988 3416 2052 3459 os

468 3496 780 3568 impudens.
834 3495 970 3551 Nam
1003 3497 1121 3568 ipsa
1155 3496 1530 3553 testimonium
1576 3495 1632 3550 in
1681 3510 2051 3565 unumquemo

464 3603 576 3658 que
618 3587 800 3644 ferunt
833 3602 998 3658 opera
1020 3626 1035 3651 ,
1070 3602 1180 3642 non
1212 3586 1436 3657 quidem
1480 3600 1670 3641 vocem
1715 3586 2051 3652 emittentia,

412 3742 421 3753 _
468 3678 567 3735 sed
607 3678 735 3732 talia
780 3678 1097 3749 apparentia
1118 3719 1132 3746 ,
1165 3678 1351 3750 qualia
1380 3693 1410 3731 a
1440 3677 1601 3732 nobis
1634 3688 1856 3748 peracta
1896 3686 2045 3734 sunt.

464 3771 769 3844 aniamus
819 3772 984 3843 igitur
1038 3773 1166 3833 totis
1217 3772 1428 3840 viribus
1477 3772 1866 3843 gravissimum
1918 3787 2040 3827 ava-

469 3862 612 3917 ritiae
666 3863 859 3918 vitium
901 3881 912 3916 :
956 3861 1266 3933 fugiamus,
1305 3861 1568 3931 inquam,
1616 3868 1677 3916 ut
1731 3868 1785 3917 et
1838 3861 2045 3916 indicta

471 3952 630 4009 nobis
651 3954 914 4024 supplicia
936 3955 1189 4021 vitemus,
1209 3961 1264 4010 et
1288 3963 1620 4010 aeternorum
1639 3956 1905 4010 bonorum
1919 3970 2046 4024 par-

478 4043 664 4114 ticipes
693 4042 1012 4113 efﬁciamur,
1041 4046 1099 4099 in
1141 4045 1366 4100 Christo
1396 4042 1529 4101 Jesu
1568 4044 1797 4101 Domino
1828 4055 2042 4113 nqstro,

478 4134 559 4189 aui
578 4135 770 4206 gloria,
801 4144 855 4190 et
875 4146 1145 4207 potestas,
1176 4152 1301 4193 cum
1322 4137 1593 4208 principio
1623 4146 1845 4193 carente
1864 4137 2046 4205 Patre,

480 4240 537 4279 ac
559 4225 911 4283 sanetissimo
933 4234 987 4280 et
1006 4226 1320 4283 viviﬁcante
1353 4226 1585 4297 Spiritu,
1617 4243 1788 4291 nunc,
1818 4235 1873 4283 et
1906 4242 2051 4283 sem-

464 4330 589 4382 per,
623 4322 677 4370 et
709 4316 766 4373 in
800 4315 1012 4371 inﬁnita
1042 4319 1242 4372 suacula
1297 4320 1648 4374 saeculorum.
1703 4318 1902 4374 Amen.

908 4428 1072 4499 505
1112 4428 1212 4482 DE
1248 4428 1606 4486 peccuo.

1062 4539 1296 4596 SERMO
1333 4541 1450 4598 Vll.

546 4654 598 4710 l.
637 4651 715 4727 (ἢ)
749 4653 1001 4727 Magnum
1029 4670 1093 4709 ac
1118 4656 1334 4710 varium
1360 4655 1563 4711 bellum
1596 4654 1779 4715 nobis.
1810 4652 2052 4709 dilectis-

479 4751 623 4816 simi,
662 4749 907 4820 quotidie
940 4747 1104 4803 infert
1137 4749 1313 4805 hostis
1340 4749 1615 4804 veritatis.
1648 4746 1817 4803 Infert
1842 4756 2048 4810 autem,

479 4844 558 4896 uti
592 4841 766 4908 scitis,
792 4841 923 4896 dum
951 4841 1279 4911 cupiditates
1311 4849 1529 4896 nostras
1553 4841 1735 4911 jacula
1758 4839 2050 4895 adversum

464 4948 578 4990 .nos
610 4932 805 4997 efﬁcit,
836 4948 1161 5003 semperque
1185 4933 1331 4988 vires
1371 4947 1401 4986 a
1431 4932 1591 4989 nobis
1627 4931 1694 4986 ad
1720 4948 1821 4988 nos
1855 4931 2054 4986 laeden-

479 5027 579 5082 dos
603 5033 905 5081 mutuatur.
943 5023 1010 5077 Et
1047 5014 1506 5094 quemadmodum
1533 5023 1766 5093 improbi
1804 5023 2052 5078 homines

480 5134 545 5173 ac
585 5132 849 5188 rapaces,
896 5131 1129 5187 quorum
1180 5131 1344 5185 opera
1373 5130 1438 5170 ac
1471 5117 1810 5187 propositum
1856 5120 1942 5169 est
1985 5129 2052 5167 ex

479 5210 676 5267 alienis
710 5209 999 5273 ditescere,
1033 5207 1127 5264 sed
1159 5209 1360 5279 quibus
1391 5222 1500 5263 non
1537 5210 1782 5278 suppetit
1807 5207 2052 5277 potentia

478 5311 537 5357 ut
572 5303 895 5360 violentiam
947 5309 1192 5373 apertam
1240 5310 1564 5368 exerceant,
1611 5302 1730 5357 'vias
1793 5300 2056 5357 insidiose

440 5483 447 5491 -
550 5461 626 5529 (l)
660 5460 738 5515 Ex
764 5461 915 5516 hom.
947 5461 1001 5515 in
1035 5460 1243 5527 divites,
1270 5463 1358 5518 57.

550 5527 626 5599 (.2)
668 5531 742 5585 Ex
782 5531 927 5586 hom.
982 5547 1094 5597 xm,
1143 5531 1295 5597 Quod
1347 5530 1629 5585 mundanis
1680 5527 2055 5583 adhwrendum

478 5615 583 5653 non
611 5601 702 5660 sit,
737 5601 858 5655 16⁸5.

551 5667 628 5739 (ὃ)
665 5671 1080 5743 Συντέτακται.
1114 5672 1415 5729 Contextus
1444 5672 1784 5741 συντέταται,
1812 5680 1869 5728 et
1895 5672 2057 5743 paulo

476 5748 631 5808 νει,
664 5740 1021 5810 ἀναμένουσιν
1050 5744 1099 5794 οἱ
1128 5744 1339 5806 πάντες.

2154 2114 2362 2183 μάτων,
2394 2114 2588 2183 κλέψαι
2621 2113 2896 2184 δυναμένη
2921 2113 3015 2167 τοῦ
3037 2114 3297 2167 δικαστοῦ
3320 2112 3723 2186 ’τί-ἶν’άὶήθειαψ

2148 2205 2249 2259 οὐκ
2281 2204 2664 2259 ἀκολουθοῦσιν
2694 2206 2744 2256 oi
2774 2204 3024 2268 κόλακες.
3060 2207 3122 2257 οὐ
3159 2204 3229 2257 τὰ
3276 2205 3572 2275 χρήματα,
3597 2205 3724 2273 ούχό

2148 2296 2312 2365 ὄγκος
2364 2295 2464 2349 τοῦ
2503 2295 2831 2365 ἀξιώματος.
2868 2297 3113 2365 Ἔρημός
3156 2293 3349 2363 φίλων,
3379 2294 3595 2366 ἕρημος
3617 2293 3724 2364 βοη-

2150 2389 2279 2455 θῶν,
2308 2390 2734 2461 ἀσυνηγόρητος,
2764 2388 3167 2458 ἀναπολόγητος
3201 2387 3302 2457 (4),
3336 2387 3721 2459 κατῃσχυμμὲ-

2149 2500 2238 2546 νος
2273 2482 2674 2553 ἀπολειφθήσῃ,
2728 2480 3073 2552 σκυθρωπὸς,
3103 2479 3379 2549 κατηφὴς,
3414 2479 3723 2550 μεμονωμέ-

2149 2592 2258 2639 νος,
2286 2574 2750 2647 ἀπαρρησίαστος.
2795 2575 2972 2628 Ὅπου
3016 2572 3122 2643 γὰρ
3165 2570 3231 2625 ἂν
3266 2571 3622 2643 περιαγάγῃς
3649 2570 3723 2623 τὸν

2148 2666 2447 2737 ὀφθαλμὸν,
2482 2668 2731 2737 ἐναργεῖς
2761 2665 2881 2734 ὄψει
2906 2665 3012 2718 τῶν
3035 2665 3220 2719 κακῶν
3254 2663 3358 2725 τὰς
3390 2662 3723 2725 εἰκόναςοξν-

2150 2758 2241 2812 θεν
2280 2758 2373 2812 τοῦ
2412 2757 2647 2829 ὀρφανοῦ
2687 2758 2757 2811 τὰ
2797 2757 3030 2828 δάκρυα,
3065 2757 3277 2810 ἐκεῖθεν
3318 2756 3425 2825 τῆς
3455 2753 3723 2826 χήραςτὸν

2152 2851 2476 2921 στεναγμὸν,
2524 2849 2788 2921 ἑτέρωθεν
2826 2851 2955 2913 τοὺς
2991 2847 3596 2910 κατακονδυλισθέντας
3637 2848 3725 2899 ύπδ

2152 2941 2246 2995 σοῦ
2307 2942 2566 3011 πένητας,
2595 2940 2722 3003 τοὺς
2758 2940 2975 3002 οἰκέτας
3005 2938 3079 3007 (5)
3116 2937 3210 3001 οὓς
3244 2937 3593 3003 κατέξαινες,
3618 2937 3725 2997 τοὺς

2150 3032 2397 3101 γείτονας
2430 3030 2523 3094 οὓς
2551 3028 2916 3102 παρὼργιζες.
2954 3030 3136 3083 Πάντα
3172 3045 3254 3082 σοι
3281 3029 3725 3099 ἐπαναστήσεται,

2152 3126 2248 3179 καὶ
2304 3125 2539 3195 πονηρὸς
2570 3124 2730 3196 χορὸς
2762 3123 2868 3176 τῶν
2921 3122 3105 3178 κακῶν
3146 3139 3242 3175 σου
3288 3122 3552 3193 πράξεων
3591 3138 3725 3191 περι-

2153 3217 2478 3289 στοιχίσεταί
2544 3233 2623 3270 σε.
2683 3218 2797 3270 Οὐκ
2864 3215 3011 3269 ἔστιν
3070 3216 3300 3286 ἄρνησις
3366 3217 3490 3267 ἐκεῖ
3523 3253 3540 3275 ,
3611 3213 3727 3266 ἀλλὰ

2152 3309 2525 3380 ὲμφράσσεται
2569 3307 2644 3377 (6)
2681 3309 2788 3360 πᾶν
2830 3306 3003 3377 στόμα
3036 3305 3418 3375 ἀναίσχυντον.
3458 3305 3613 3357 asc:
3636 3306 3727 3373 γὰρ

2153 3404 2381 3458 ἑκάστου
2446 3404 2863 3473 καταμαρτυρεῖ
2914 3400 2983 3453 τὰ
3041 3398 3384 3472 πράγματα,
3439 3400 3505 3452 ού
3566 3399 3729 3467 φωνὴν

2155 3494 2400 3565 ἀφιέντα,
2429 3493 2564 3547 ἁλλὰ
2596 3492 2821 3546 τοιαῦτα
2843 3492 3144 3562 φαινόμενα
3173 3485 3262 3544 οἷα
3291 3492 3384 3558 ὑφ’
3419 3492 3583 3560 ἡμῶν
3617 3508 3731 3544 κατ·

2155 3590 2501 3641 εσκεύασται.
2542 3587 2806 3657 Φύγωμεν
2855 3584 3143 3656 τοιγαροῦν
3177 3585 3237 3637 τὸ
3291 3586 3394 3654 τῆς
3433 3583 3728 3647 πλεονεξίας

2156 3679 2540 3752 χαλεπώτατον
2569 3679 2761 3742 πάθος,
2792 3680 2892 3749 ὅση
2925 3678 3157 3749 δύναμις
3178 3694 3193 3706 ·
3217 3676 3513 3746 φύγωμεν,
3545 3677 3629 3728 ἵνα
3654 3676 3728 3727 καὶ

2155 3772 2254 3843 τὴν
2287 3771 2683 3841 ἀπειλουμένην
2725 3771 2855 3840 ἡμῖν
2900 3770 3169 3840 τιμωρίαν
3198 3767 3492 3837 φύγωμεν,
3527 3768 3620 3821 καὶ
3639 3765 3727 3818 τῶν

2158 3863 2389 3917 αἰωνίων
2441 3861 2661 3931 ἀγαθῶν
2699 3861 3044 3931 ὲπιτύχωμεν
3091 3861 3149 3912 ἐν
3188 3859 3420 3930 Χριστῷ
3454 3858 3630 3931 Ἰησοῦ
3665 3856 3728 3925 τῷ

2152 3952 2343 4025 Κυρίῳ
2371 3952 2552 4023 ἡμῶν,
2579 3945 2678 4023 ᾦὴ
2706 3951 2833 4016 δόξα
2850 3952 2943 4003 καὶ
2958 3950 3018 4003 τὸ
3046 3949 3270 4021 κράτος,
3299 3951 3402 4003 σὺν
3424 3950 3504 4020 τῷ
3530 3951 3727 4019 ἀνάρχῳ

2152 4044 2316 4098 αὐτοῦ
2375 4044 2569 4114 Πατρὶ,
2628 4043 2723 4097 καλ⁵
2760 4042 2838 4113 τῷ
2869 4042 3122 4111 παναγίῳ
3167 4042 3267 4095 καὶ
3297 4041 3554 4112 ζωοποιεῖ)
3582 4041 3725 4094 Πνεῦ-

2156 4155 2305 4207 ματι,
2353 4136 2467 4201 νῦν,
2493 4138 2588 4191 καὶ
2620 4135 2726 4197 ἀεὶ,
2747 4138 2842 4189 καὶ
2867 4137 2946 4199 εἰς
2970 4136 3098 4198 τοὺς
3123 4133 3528 4207 ἀτελευτήτους
3554 4134 3726 4193 αἰῶνας

2152 4227 2262 4280 τῶν
2297 4227 2529 4281 αἰώνων.
2577 4226 2769 4296 Ἀμήν.

2653 4432 2828 4486 ΠΕΡΙ
2849 4430 3243 4484 ΑΜΑΡῚῚΑΣ.

2781 4544 3000 4598 ΛΟΓΟΣ
3045 4546 3115 4598 Ζ’.

2231 4656 2281 4709 i.
2306 4654 2501 4718 Πολὺν,
2541 4657 2835 4726 ἀγαπητοὶ,
2859 4658 2954 4710 καὶ
2986 4657 3228 4711 ποικίλον
3252 4660 3339 4727 ἐφ’
3381 4660 3595 4731 ἡμέραν
3614 4660 3724 4728 ἡμῖν

2158 4749 2187 4800 ό
2213 4749 2310 4818 τῆς
2332 4747 2591 4818 ἀληθείας
2627 4748 2822 4820 ἐχθρὸς
2858 4750 3126 4820 προσάγει
3160 4751 3252 4803 τὸν
3282 4750 3545 4821 πόλεμον.
3574 4752 3726 4820 Πρω-

2162 4841 2282 4909 άγει
2302 4841 2381 4905 δὲ,
2416 4841 2491 4904 ὡς
2518 4842 2652 4902 ίστε,
2682 4841 2780 4904 τὰς
2809 4842 3086 4913 ἡμετέρας
3110 4840 3414 4912 ἐπιθυμίας
3440 4842 3565 4896 καθ’
3588 4839 3728 4911 ἡμῶν

2164 4932 2292 5004 βέλη
2353 4932 2691 5003 ποιούμενος,
2749 4934 2843 4986 καὶ
2896 4937 3025 5007 παρ’
3058 4934 3215 5005 ἡμῶν
3268 4939 3349 4999 εἰς
3390 4938 3453 4990 τὸ
3490 4937 3731 5006 βλάπτειν

2162 5026 2309 5095 ἡμᾶς
2357 5025 2445 5077 ἀεὶ
2482 5024 2774 5094 λαμϐάνων
2801 5025 2971 5096 ἰσχύν.
3002 5028 3111 5080 Καὶ
3148 5027 3408 5100 καθάπερ
3433 5032 3484 5082 οἱ
3522 5026 3731 5100 πονηροὶ

2163 5117 2254 5170 καὶ
2289 5116 2661 5170 πλεονεκτικοὶ
2703 5118 2809 5170 τῶν
2845 5116 3170 5188 ἀνθρώπων,
3205 5113 3287 5182 οἷς
3315 5118 3483 5190 ἔργον
3513 5121 3611 5191 μέν
3630 5123 3733 5171 ἐστι

2163 5209 2257 5262 καὶ
2288 5209 2604 5280 προαίρεσις
2636 5210 2700 5261 ἐκ
2744 5207 2853 5260 τῶν
2886 5207 3183 5279 ἀλλοτρίων
3219 5208 3499 5269 πλουτεῖν,
3523 5210 3737 5276 δύναμις

2161 5301 2218 5356 δὲ
2237 5302 2297 5354 οὐ
2329 5300 2588 5373 πάρεστιν
2617 5300 2758 5354 ῶστε
2786 5302 2922 5371 μετὰ
2945 5300 3258 5372 παρρησίας
3285 5301 3597 5371 βιάζεσθαι,
3624 5300 3737 5359 ταῖς

2235 5459 2310 5529 (4)
2362 5461 2860 5528 Ἀναπολότητοᾳ
2893 5459 2983 5514 Sic
3012 5459 3199 5516 Basilii
3249 5466 3566 5516 contextus.
3606 5456 3735 5513 Ediu

2163 5530 2449 5601 habebant
2470 5531 2905 5601 ἀπαραλόγητος.

2234 5601 2312 5674 (5)
2358 5600 2503 5674 Τοὺς
2536 5599 2789 5674 alatisac.
2821 5600 2934 5674 Hoc
2968 5601 3207 5674 additum
3241 5617 3308 5656 ex
3333 5608 3645 5674 contextu:
3666 5668 3697 5674 __
3725 5665 3739 5674 ,

2239 5670 2317 5739 (6)
2356 5669 2817 5740 Ἐμφράσσεται.
2866 5671 2961 5728 Sic
3009 5672 3193 5731 Basilii
3243 5682 3559 5728 contextus.
3606 5668 3741 5723 Editi

2165 5743 2342 5799 nostri
2379 5741 2664 5811 φράσεται.
