3874 6224
246 426 383 483 1197
1368 437 1603 495 εειιιιο
1644 438 1752 496 ιιι.

1902 442 1989 497 DE
2029 443 2362 504 PECCATO.
3358 463 3497 524 1198

237 540 705 615 ὀδοῖςέςρεορεύειν
729 544 953 599 εἰώθασι
972 564 986 577 ε
1013 548 1107 601 καὶ
1136 566 1184 601 ει
1212 550 1361 604 ιοωσί
1387 570 1439 605 τι
1465 554 1665 627 χωρίον
1691 570 1786 626 περ

1891 570 2190 626 occupare
2240 558 2456 626 solent;
2506 570 2561 617 et
2613 565 2657 620 si
2707 566 2940 623 viderint
2982 585 3128 626 circa
3169 588 3263 630 eas
3310 592 3490 633 .ocum

237 634 430 700 αὐτὰς,
462 636 494 707 ἢ
538 636 774 709 φάραγξι
810 638 1050 710 βαθείαις
1087 641 1401 714 διερρωγὸς,
1444 646 1476 717 ἢ
1509 646 1689 715 φυτῶν
1714 663 1786 699 πυ

1915 651 2257 719 quempiam,
2296 661 2390 706 aut
2421 656 2652 721 vallibus
2683 658 2973 729 profundis
3002 675 3362 737 praeruptum,
3394 682 3491 726 aut

235 725 455 798 κνότητι
488 727 728 791 σύσκιον,
760 733 841 798 εἰς
872 731 1030 785 τοῦτο
1048 734 1455 806 καταδυόμενοι,
1495 738 1590 792 καὶ
1619 739 1718 810 τὴν
1749 741 1786 791 ἐι

1915 740 2172 796 arborum
2213 745 2480 802 densitate
2517 749 2875 817 umbrosum,
2918 770 2984 810 eo
3020 757 3349 828 recipientes
3395 778 3487 827 se,

235 815 434 870 ποὶὲιοῦ
493 820 723 891 πρόοψιν
774 820 883 875 τῶν
931 823 1355 895 ὁδοιπορούντων
1393 829 1655 893 τοιούτοις
1682 830 1813 882 ὑπο-

234 914 557 986 τεμνόμενοι
601 919 1079 992 προκαλύμμασιν,
1118 923 1328 996 ἀθρόως
1354 927 1689 998 ἐπιπηδῶσιν
1716 930 1812 982 αύ-

236 1008 372 1069 τοῖς,
437 1006 579 1061 ὥστε
639 1010 714 1082 μὴ
758 1011 1050 1084 δυνηθῆναί
1093 1032 1243 1080 τινας
1280 1019 1407 1082 τοὺς
1441 1019 1533 1073 τοῦ
1567 1021 1808 1075 κινδύνου

232 1092 464 1165 βρόχους
511 1097 660 1162 ίδεῖν,
707 1100 835 1171 πρὶν
867 1104 945 1166 εἰς
993 1105 1212 1168 τούτους
1262 1109 1552 1178 ἐμπεσεῖν·
1583 1110 1753 1175 οὕτως
1781 1115 1809 1166 ὁ

229 1183 507 1259 δυσμενὴς
553 1189 761 1244 ἄνωθεν
804 1194 936 1264 ἡμῖν
982 1197 1077 1249 καὶ
1134 1196 1389 1269 πολέμιος
1416 1201 1678 1269 διάϐολος,
1708 1203 1808 1268 τὰς

227 1278 340 1333 τῶν
372 1283 652 1352 κοσμικῶν
666 1282 912 1354 τέρψεων
938 1286 1253 1359 ὑποτρέχων
1272 1291 1450 1357 σκιὰς,
1479 1292 1534 1346 αῖ
1560 1296 1687 1366 περὶ
1707 1296 1805 1368 τὴν

224 1370 347 1423 ὁδὸν
378 1371 472 1425 τοῦ
507 1372 943 1444 βίου-πεφύκασι
986 1379 1155 1434 δειναὶ
1206 1382 1412 1454 κρύψαι
1461 1386 1684 1459 λῃστὴν,
1712 1389 1805 1442 καὶ

226 1463 320 1515 τὸν
369 1465 784 1521 ἐπιϐουλεύοντα
843 1473 1062 1542 ποιῆσαι
1103 1472 1305 1537 λαϐεῖν,
1357 1476 1606 1531 ἐντεῦθεν
1635 1480 1803 1553 ἀπρο-

223 1551 407 1617 όπτως
425 1555 523 1618 τὰς
541 1556 639 1627 τῆς
669 1558 943 1624 ἀπωλείας
965 1562 1040 1631 (1)
1060 1563 1379 1637 ύποσπείρει
1402 1569 1633 1636 παγίδας
1647 1573 1678 1640 ἡ
1689 1551 1800 1640 μῖν.

293 1666 349 1720 2.
396 1667 533 1721 Ἀλλ’
572 1668 761 1743 ὥσπερ
801 1675 848 1726 οἱ
874 1674 981 1727 τῶν
1008 1675 1211 1731 πόλεων
1260 1680 1533 1750 περίϐολοι
1558 1725 1574 1748 ,
1618 1684 1802 1757 κύκλῳ

223 1760 359 1812 πᾶσι
423 1762 834 1833 περικείμενοι,
899 1766 1162 1822 πάντοθεν
1218 1770 1318 1834 τὰς
1369 1771 1476 1826 τῶν
1529 1773 1801 1845 πολεμίων

222 1851 531 1922 προσϐολάς
560 1855 914 1926 ἀπείργουσιν
939 1876 953 1890 ·
984 1859 1127 1915 οὕτω
1157 1863 1249 1916 καὶ
1280 1866 1309 1916 ὁ
1336 1866 1623 1934 φυλάσσων
1645 1872 1800 1941 ἡμᾶς

1912 837 1967 883 et
1995 832 2212 889 eminus
2262 838 2631 908 prospiciendi
2683 843 2984 903 viatoribus
3032 848 3346 908 facultatem
3399 855 3486 911 bis

1911 925 2270 991 praecidentes
2329 930 2750 1002 integumentis,
2795 952 2861 992 ex
2907 940 3205 1011 improviso
3256 945 3310 999 in
3361 945 3486 1002 illos

1910 1015 2186 1081 insiliunt,
2217 1020 2292 1075 ita
2320 1032 2375 1076 ut
2403 1039 2566 1079 nemo
2589 1030 2762 1096 possit
2792 1033 3018 1102 periculi
3046 1036 3273 1107 laqueos
3295 1041 3484 1098 videre

1910 1115 2201 1179 antequam
2240 1111 2295 1167 in
2331 1130 2428 1172 eos
2477 1117 2683 1175 incidat
2723 1140 2737 1176 :
2787 1125 2869 1179 sic
2911 1127 3161 1187 infensus
3209 1135 3369 1192 nobis
3412 1139 3483 1193 ab

1908 1199 2067 1255 initio
2095 1210 2148 1257 et
2177 1204 2528 1267 adversarius
2574 1213 2847 1283 diabolus,
2884 1222 3219 1294 voluptatum
3248 1233 3483 1286 munda-

1910 1306 2102 1351 narum
2135 1296 2357 1354 umbras
2387 1302 2633 1368 subiens,
2666 1324 2788 1378 qua:
2811 1312 2958 1367 circa
2989 1315 3154 1386 hujus
3185 1320 3310 1375 vitae
3337 1321 3480 1377 viam

1908 1383 1974 1438 ad
2020 1388 2410 1446 occultandum
2461 1397 2769 1464 praedonem
2817 1410 2871 1455 et
2894 1405 2962 1459 ad
3004 1407 3214 1467 dandas
3254 1412 3482 1470 insidia-

1904 1476 2011 1529 tori
2061 1477 2301 1536 latebras
2350 1483 2560 1541 idoneaa
2612 1504 2735 1545 esse
2768 1494 2969 1560 solent,
3022 1499 3149 1557 inde
3197 1503 3479 1576 inopinato

1904 1566 2161 1627 interitus
2200 1572 2428 1645 laqueos
2459 1580 2621 1638 nobis
2648 1585 2871 1655 subjicit

1952 1679 2028 1737 '2.
2059 1685 2137 1757 (ὅ)
2171 1687 2278 1745 Sed
2315 1697 2775 1761 quemadmodum
2812 1705 3028 1761 urbium
3076 1712 3217 1766 muri
3265 1714 3321 1769 in
3368 1717 3479 1771 cir-

1903 1777 2053 1830 cuitu
2112 1782 2261 1836 ornni
2317 1798 2383 1838 ex
2441 1795 2592 1855 parte
2662 1793 3062 1864 circumducti,
3115 1807 3477 1880 undecunque

1903 1867 2143 1926 hostium
2189 1878 2434 1934 assultus
2482 1892 2669 1938 arcent
2706 1905 2717 1940 :
2750 1888 2831 1943 sic
2874 1898 2928 1945 et
2967 1898 3232 1954 custodiae
3272 1867 3475 1960 nostra

219 1943 454 2011 ἄγγελος
474 1946 569 1999 καὶ
607 1949 939 2021 προτειχίζει
980 1953 1045 2006 ἐκ
1072 1953 1181 2007 τῶν
1210 1932 1538 2028 ἔμπροσθεν,
1563 1932 1786 2015 καῖ’δπιξ

223 2034 551 2061 ,οωμπωην
643 2038 731 2061 --μι
800 2041 911 2061 M
988 2042 1045 2061 γει
1117 2046 1130 2061 .
1259 2045 1271 2061 .
1363 2047 1387 2061 ..
1525 2051 1538 2061 .
1607 2052 1641 2061 ..

2382 1932 2429 1934 η-
2485 1932 2535 1936 γ--
2552 1932 2668 1938 --ην
2706 1932 2717 1940 υ
2750 1932 2831 1943 ..ν-ν
2875 1932 2928 1945 νυ
2968 1932 3232 1954 ι-υοιιυυιαῖ
3272 1932 3471 1960 austra

1902 1959 2125 2029 angelus
2158 1972 2212 2017 et
2241 1970 2531 2036 praemunit
2562 1989 2593 2027 a
2627 1973 2822 2043 fronte,
2852 1992 2905 2035 et
2942 1997 2973 2037 a
3016 1995 3170 2057 tergo
3209 1993 3471 2061 custodit,

221 2034 586 2105 σθοφυλακεῖ,
643 2038 736 2091 καὶ
795 2041 915 2094 οὐδὲ
982 2042 1048 2096 τὰ
1111 2045 1452 2117 ἑκατέρωθεν
1513 2051 1798 2120 ἀφύλακτα

217 2127 574 2183 καταλύοιεν
623 2131 737 2184 ἀλλ’
787 2134 874 2186 ἀεὶ
950 2137 1275 2208 παρεδρεύει
1327 2143 1440 2204 τοῖς
1500 2161 1795 2200 πεπιστευ-

217 2219 370 2272 κόσιν
401 2222 495 2273 ἐπὶ
538 2222 630 2275 τὸν
675 2224 902 2296 Κύριον,
943 2227 1036 2280 ἐὰν
1076 2230 1149 2298 μή
1188 2248 1316 2284 ποτε
1345 2233 1506 2287 αὐτὸν
1545 2237 1706 2307 ἡμεῖς
1732 2241 1797 2292 ἐκ

214 2311 324 2363 τῶν
350 2312 600 2384 πονηρῶν
650 2314 827 2385 ἔργων
861 2317 937 2388 (2)
984 2320 1390 2395 ἁποδιώξωμεν.
1439 2327 1527 2391 Ὠς
1563 2330 1674 2401 γὰρ
1697 2330 1796 2395 τὰς

218 2402 479 2473 μελίσσας
541 2408 744 2472 καπνὸς
796 2411 1121 2479 φυγαδεύει,
1188 2415 1282 2469 καὶ
1323 2417 1422 2480 τὰς
1466 2422 1794 2493 περιστερὰς

213 2493 509 2550 ἀπελαύνει
555 2496 791 2553 δυσωδία
813 2513 829 2530 ⁸
874 2500 1015 2555 οὕτω
1051 2504 1256 2559 καὶτὸν
1285 2507 1500 2577 φύλακα
1525 2511 1622 2583 τῆς
1650 2511 1795 2585 ζωῆς

213 2586 374 2657 ἡμῶν
408 2587 639 2659 ἄγγελον
668 2592 701 2661 ἡ
733 2592 1073 2668 πολύδακρυς
1110 2600 1204 2653 καὶ
1228 2600 1472 2673 δυσώδης
1502 2604 1792 2677 ἀφίστησιν

212 2677 483 2749 ἁμαρτία.

282 2768 335 2821 5.
371 2768 550 2842 Εύχῆς
573 2773 671 2843 μὲν
693 2768 784 2828 οὖν
815 2774 982 2844 ἀξιον,
1022 2780 1097 2850 μὴ
1133 2781 1512 2854 προσάψασθαι
1558 2788 1652 2841 τοῦ
1694 2807 1792 2843 κα·-

210 2859 309 2913 κοῦ
337 2875 351 2888 ⁶
394 2860 644 2932 δεύτερος
687 2864 745 2917 δὲ
788 2866 976 2932 πλοῦς,
1040 2869 1204 2936 εὐθὺς
1255 2874 1394 2944 μετά
1440 2877 1537 2950 τὴν
1594 2882 1789 2951 πεῖραν

209 2950 402 3023 ὦσι-πρ
434 2952 638 3006 ἰοϐόλου
689 2955 904 3029 πληγὴν
949 2960 1305 3031 ἀποφεύγειν.
1345 2960 1479 3023 οἶδα
1505 2969 1615 3041 γάρ
1636 2950 1790 3036 τινας

207 3045 267 3096 ἐν
297 3045 513 3116 νεότητι
536 3045 670 3117 πρὸς
716 3050 786 3103 τὰ
818 3051 919 3121 τῆς
948 3053 1149 3123 σαρκὸς
1182 3054 1330 3128 πάθη
1362 3059 1789 3133 κατολισθήσαν-

205 3152 326 3199 τας,
382 3137 476 3189 καὶ
525 3139 687 3209 μέχρι
745 3141 936 3206 πολιᾶς
993 3145 1168 3216 αὐτῆς
1225 3147 1314 3202 διὰ
1355 3149 1641 3221 συνήθειαν
1693 3152 1787 3207 τοῦ

205 3225 401 3289 κακοῦ,
445 3229 566 3291 ταῖς
617 3231 910 3303 ἁμαρτίαις
951 3238 1413 3308 παραμείναντας.
1445 3244 1655 3317 ’Ὠσπερ
1679 3246 1750 3314 γά

204 3320 253 3371 oi
294 3319 354 3370 ἐν
398 3317 641 3391 βορϐόρῳ
693 3320 1097 3389 κυλινδούμενοι
1137 3331 1307 3403 χοῖροι
1354 3332 1442 3385 ἀεὶ
1474 3317 1787 3405 προσπλάτζ

204 3425 391 3462 τουσιν
436 3412 648 3475 ἑαυτοῖς
688 3414 780 3468 τὸν
833 3417 1024 3486 πηλὸν,
1076 3418 1248 3485 οὕτως
1297 3414 1443 3478 οὗτοι
1488 3424 1549 3477 τὸ
1593 3425 1658 3479 ἐκ
1686 3426 1788 3497 τῆς

206 3501 400 3573 ἡδονῆς
435 3498 620 3575 αἶσχος
670 3506 794 3562 καθ’
845 3510 1082 3584 ἑκάστην
1135 3514 1347 3586 ἡμέραν
1392 3519 1783 3589 προσαναμάσς

208 3611 412 3649 σονται.
475 3596 538 3648 Ἠ
585 3597 695 3669 γὰρ
751 3600 1028 3672 ἁμαρτία,
1068 3604 1174 3669 ἕως
1214 3607 1311 3676 μὲν
1353 3606 1620 3675 ὼδίνεται,
1672 3608 1784 3681 ἔχει

204 3687 329 3741 τινὰ
374 3687 668 3761 αἰσχύνην·
697 3692 917 3746 ἐπειδὰν
957 3695 1015 3748 δέ
1048 3696 1297 3769 τελεσθῇ,
1338 3699 1459 3753 τότε
1498 3701 1785 3771 ἀναισχυν-

203 3777 455 3849 τοτέρους
521 3783 664 3832 ποιεῖ
724 3783 850 3847 τοὺς
915 3785 1314 3857 ἐργαζομένους
1380 3788 1570 3860 αὐτήν.
1638 3789 1783 3854 Ἕως

209 3866 309 3936 μὲν
342 3863 434 3920 οὖν
471 3869 643 3941 μικρά
683 3872 1068 3946 ἁμαρτάνομεν
1114 3878 1206 3930 καὶ
1246 3877 1418 3947 ὀλίγα,
1469 3878 1657 3952 ὥσπερ
1714 3881 1783 3935 τά

205 3956 352 4026 φυτά
413 3959 516 4013 ὑπὸ
578 3963 810 4034 πραείας
849 3964 1022 4036 αὔρας
1073 3968 1538 4041 περιδονούμενοι,
1596 3972 1780 4044 ἡρέμα

206 4065 324 4112 πως
374 4051 739 4122 σαλευόμεθα’
773 4056 993 4111 ἐπειδὰν
1039 4057 1096 4110 δὲ
1148 4060 1317 4114 πλείω
1347 4062 1440 4115 καὶ
1480 4063 1702 4134 μείζονα

205 4139 273 4194 τά
327 4142 490 4208 κακὰ,
554 4144 696 4199 κατὰ
742 4146 840 4218 τὴν
880 4149 1169 4219 ἀναλογίαν
1214 4152 1313 4222 τῆς
1376 4153 1481 4206 τῶν
1526 4155 1777 4226 ἁμαρτη-

208 4232 396 4302 μάτων
450 4235 729 4308 αὐξήσεως
758 4239 854 4292 καὶ
889 4243 918 4293 ὁ
952 4241 1110 4305 σάλος
1144 4245 1508 4299 ἐπιτείνεσθαι
1543 4246 1774 4315 πέφυκε.

204 4323 318 4377 Καὶ
340 4325 388 4376 oi
423 4325 521 4395 μὲν
573 4328 667 4381 ἐπὶ
707 4328 867 4382 πλέον
907 4332 1220 4388 σαλεύονται
1244 4352 1257 4366 ο
1290 4338 1338 4389 οί
1383 4336 1439 4390 δὲ
1483 4338 1643 4410 μέχρι
1681 4338 1775 4393 τοῦ

203 4416 298 4469 καὶ
342 4416 652 4489 αύτόρῤιζοι
711 4421 1114 4493 ἀνατραπέντες
1163 4427 1565 4500 καταϐληθῆναι
1589 4470 1604 4492 ,
1648 4432 1776 4485 ὅταν

202 4504 464 4571 λαίλαπος
507 4509 687 4579 πάσης
730 4509 1032 4584 βιαιότερον
1073 4515 1140 4568 τὰ
1181 4518 1525 4588 πνευματικά
1551 4520 1650 4591 τῆς
1679 4538 1775 4573 πο-

203 4596 395 4667 νηρίας
439 4597 536 4662 τὰς
561 4601 722 4654 οἱονεὶ
756 4602 911 4671 ῥίζας
947 4604 1045 4676 τῆς
1069 4604 1266 4677 ψυχῆς,
1301 4606 1776 4685 αἷςκέπεστήρικτο
1806 4617 1852 4672 D

200 4691 266 4759 τῇ
335 4688 515 4743 πίστει
562 4694 629 4763 τῇ
687 4693 825 4747 κατὰ
892 4695 1047 4760 Θεὸν,
1093 4700 1513 4775 ἀπορρήξῃ.Τῴ
1537 4707 1633 4776 μὲν
1667 4706 1774 4780 γὰρ

200 4780 474 4844 ἀκουσίως
500 4780 595 4834 τοῦ
609 4786 978 4856 προσήκοντος
1007 4790 1306 4863 ἁμαρτόντι
1340 4794 1442 4848 κάν
1475 4798 1774 4870 συγγνώμη

199 4888 283 4960 τις
311 4870 439 4935 ἴσως
484 4874 634 4945 παρά
679 4877 772 4930 τοῦ
810 4877 943 4933 Θεοῦ
976 4882 1184 4949 γένοιτο
1207 4899 1220 4913 ·
1252 4885 1331 4956 τῷ
1358 4887 1414 4940 δὲ
1465 4887 1777 4961 ἐξεπίτηδες

199 4939 266 5017 τῖὶ
312 4965 478 5036 χείρω
531 4939 876 5042 προελομένῳ
918 4939 1141 5045 οὐδεμία
1187 4939 1532 5051 παραίτησιέ
1589 4939 1774 5054 τίδ’μῆ

199 5055 321 5126 οὐχὶ
346 5056 725 5115 πολλαπλασίω
744 5062 840 5134 τὴν
858 5065 1075 5120 κόλασιν
1107 5070 1378 5141 ὑποσχεῖν.
1404 5073 1513 5125 Καὶ
1532 5075 1641 5148 γὰρ
1664 5075 1773 5130 τῶν

198 5144 667 5217 ἁμαρτανομένων
697 5151 764 5206 τά
793 5155 891 5225 μὲν
913 5158 1143 5212 ἀκούσιά
1166 5163 1301 5227 ἐστι,
1329 5162 1399 5216 τὰ
1423 5162 1479 5218 δέ
1508 5144 1774 5234 άπόγγνὼ-

202 5252 309 5305 μης
352 5241 596 5310 πονηρᾶς
650 5243 1042 5317 ἁμαρτάνεται.
1081 5252 1289 5318 Ἀλλως
1320 5250 1413 5308 οὖν
1442 5255 1511 5310 τὰ
1539 5259 1772 5314 ἀκούσια

196 5329 453 5399 τυγχάνει
512 5336 862 5409 συγγνώμης,
925 5343 1018 5397 καὶ
1070 5345 1244 5413 ἄλλως
1284 5347 1353 5401 τὰ
1394 5350 1460 5401 ἐκ
1492 5350 1772 5423 μοχθηρᾶς

269 5509 346 5581 (l)
384 5509 838 5597 Τῆς-ἀπωλείας.
881 5521 973 5577 Sic
1003 5523 1187 5597 Basilii
1216 5536 1526 5597 contextus,
1572 5534 1769 5593 melius

195 5595 359 5673 qlia":
384 5584 714 5673 editi'nostri
749 5590 850 5660 τῆς
878 5595 1168 5666 σωτηρίας.
1198 5598 1379 5655 Codex
1403 5584 1768 5673 Regius—{965

195 5649 621 5723 τῆς,ἁμαρτίαςο

268 5719 344 5798 (2)
369 5719 483 5776 "E'x
513 5722 630 5778 τῶν
681 5729 973 5798 πονηρῶν.
1018 5732 1162 5792 idem
1197 5740 1369 5797 codex
1407 5743 1493 5800 διὰ
1531 5746 1638 5801 τῶν
1669 5765 1765 5802 πο-

195 5802 396 5860 νηρωνο

267 5858 342 5930 (5)
382 5859 461 5917 Ex
487 5863 635 5921 hom.
661 5867 715 5922 in
743 5873 878 5940 psal.
916 5893 1109 5943 χχχιιι,
1149 5879 1268 5937 148.

1896 2063 2001 2103 nec
2051 2053 2350 2124 quidquam
2419 2062 2678 2134 utrinque
2724 2053 3127 2130 incustoditum.
3156 2053 3470 2153 relinquit;

1896 2141 1991 2194 scd
2043 2158 2256 2216 semper
2298 2152 2559 2211 excubias
2605 2171 2804 2228 agens,
2850 2162 3077 2222 Domino
3124 2172 3471 2234 credentibus

1896 2234 2135 2299 assidet,
2179 2239 2285 2294 nisi
2340 2258 2442 2300 nos
2491 2246 2645 2303 illum
2703 2254 2971 2323 operibus
3025 2263 3212 2330 pravis
3276 2267 3469 2340 abiga-

1893 2339 2038 2382 mus.
2079 2327 2552 2394 Quemadmodum
2593 2341 2740 2397 enim
2788 2345 2974 2404 fumus
3023 2327 3155 2422 apes
3208 2327 3470 2429 fugatret

1892 2415 2036 2473 fetor
2061 2422 2349 2481 columbas
2380 2432 2643 2499 expellit:
2685 2435 2767 2491 sic
2811 2442 3064 2527 angelum
3099 2448 3224 2503 vita:
3265 2415 3469 2509 nostra!

1891 2513 2177 2570 custodem
2205 2517 2558 2592 lacrymabile
2588 2541 2653 2583 ac
2681 2535 3000 2601 graveolens
3026 2513 3323 2601 'oeccatum
3350 2547 3467 2604 abi-

1891 2602 1987 2674 git.

1960 2801 2012 2909 5'.
2056 2804 2133 2875 (4)
2170 2804 2481 2909 thandum
2506 2816 2675 2887 igitur
2709 2820 2909 2891 fuerit,
2942 2837 2999 2884 ut
3031 2846 3101 2888 ne
3130 2816 3462 2909 attingamus

1890 2895 2116 2950 malum.
2159 2899 2417 2958 Attamen
2462 2911 2706 2965 secunda
2745 2927 2996 2985 superest
3040 2895 3352 2997 navigatio,
3402 2895 3464 2987 ut

1888 2984 2073 3039 statim
2105 2998 2231 3058 post
2260 2995 2657 3064 experientiam
2687 2984 2829 3059 illud
2858 3015 3117 3082 tanquam
3157 2984 3351 3074 bestias
3369 2984 3465 3077 νέζ

1887 3085 2103 3135 ηεηοιαι
2146 3083 2363 3155 plagam
2408 3089 2769 3153 declinemus.
2818 3099 2953 3157 Novi
2988 3100 3134 3160 enim
3168 3112 3459 3181 quosdam,

1888 3169 1984 3237 qui
2020 3169 2077 3225 in
2117 3172 2405 3242 juventute
2432 3181 2502 3236 ad
2530 3188 2715 3242 carnis
2752 3190 2885 3246 vitia
2919 3193 3149 3267 delapsi,
3184 3169 3367 3274 iisque
3393 3169 3463 3263 ad

1755 3264 1788 3319 ρ
1813 3275 1856 3335 c
1891 3259 2066 3330 ipsam
2102 3266 2359 3324 canitiem
2395 3271 2450 3327 in
2482 3289 2724 3345 peccatis
2752 3295 2975 3354 pr0pter
3005 3259 3133 3347 ntali
3164 3259 3464 3357 consuetu-

1888 3352 2070 3410 dinem
2102 3371 2610 3426 perseveraverunt.
2640 3352 3111 3437 Quemadmodum
3132 3385 3279 3440 enim
3309 3405 3456 3457 sues,

1887 3445 1981 3514 qui
2018 3461 2140 3504 sese
2174 3451 2230 3504 iu
2272 3467 2432 3509 coeno
2465 3456 2783 3530 obvolvunt,
2814 3482 3032 3539 semper
3063 3477 3237 3546 magis
3265 3494 3330 3535 ac
3351 3498 3460 3538 ma-

1886 3534 1970 3604 gis
1998 3536 2116 3593 luto
2142 3553 2514 3614 asperguntur
2551 3568 2564 3603 :
2603 3551 2685 3607 sic
2712 3554 2750 3608 ii
2778 3534 3025 3626 quotidie
3046 3534 3223 3638 magis
3253 3534 3323 3626 ac
3341 3534 3459 3630 ma-

1885 3625 1970 3695 gis
2021 3629 2315 3700 voluptatis
2358 3635 2596 3696 dedecus
2645 3625 2978 3706 contrahunt
3034 3625 3457 3729 (5).vPeccatt—tiu

1883 3719 2052 3786 enim,
2083 3723 2327 3790 quandiu
2370 3731 2627 3797 parturit,
2660 3737 2922 3805 pudorem
2967 3719 3257 3814 quemdam
3302 3755 3459 3813 incu-

1884 3811 1948 3864 tit
1979 3828 1993 3864 :
2029 3812 2119 3867 ubi
2154 3823 2336 3870 autem
2367 3818 2673 3888 perfectum
2710 3836 2814 3893 est,
2861 3811 2998 3888 tum—
3024 3811 3458 3910 impudentiores

1882 3915 1977 3955 eos
2028 3901 2163 3957 facit
2207 3906 2302 3976 qui
2346 3912 2758 3971 commiserunt.
2789 3919 2865 3991 (6)
2896 3921 3035 3980 Dum
3080 3901 3246 4000 igitur
3288 3901 3457 4006 parva

1881 4009 2176 4064 peccamus
2204 4006 2259 4054 et
2296 4015 2504 4070 pauca,
2539 4005 2737 4065 leniter
2772 4015 3177 4083 quodammodo
3208 4005 3457 4088 commo-

1884 4103 2095 4155 vemur,
2128 4092 2278 4147 velut
2317 4095 2518 4164 plantae
2547 4115 2669 4170 quae
2712 4117 2743 4157 a
2786 4106 2896 4161 leni
2941 4125 3076 4166 aura
3124 4118 3447 4188 agitantur:

1881 4182 1975 4237 ubi
2008 4200 2138 4240 vero
2166 4187 2323 4256 plura
2347 4190 2666 4263 maioraque
2688 4194 2894 4255 fuerint
2917 4205 3058 4261 mala
3078 4251 3093 4275 ,
3119 4182 3219 4279 pro
3238 4216 3453 4275 ratione

1879 4273 2201 4333 incrementi
2266 4292 2616 4351 peccatorum
2689 4290 2856 4347 etiam
2919 4302 3213 4357 commotio
3266 4313 3452 4380 augeri

1878 4370 2035 4424 solet.
2085 4369 2152 4424 Et
2200 4373 2292 4425 alii
2327 4376 2547 4445 quidem
2593 4382 2825 4439 multum
2868 4402 3308 4468 commoventur;
3340 4369 3451 4459 valii

1877 4477 2007 4516 vero
2032 4478 2204 4534 usque
2231 4466 2389 4536 adeo,
2418 4478 2478 4524 ut
2499 4472 2662 4529 etiam
2694 4478 2958 4538 radicitus
2988 4490 3164 4544 eversi
3192 4466 3448 4564 dejician.

1875 4562 1986 4619 tur,
2022 4570 2146 4610 cum
2182 4560 2488 4629 spiritualia
2520 4568 2777 4636 nequitiae
2804 4575 2961 4642 quasi
2995 4578 3208 4638 radices
3233 4560 3446 4654 animae,

1877 4644 2078 4713 quibus
2112 4662 2208 4717 per
2235 4648 2395 4705 fidem
2428 4652 2484 4707 in
2517 4653 2687 4710 Deum
2722 4660 2957 4717 subnixa
2990 4676 3130 4733 erat,
3156 4675 3305 4729 omni
3334 4644 3442 4733 tur-

1876 4735 2004 4790 bine
2037 4738 2332 4798 violentius
2385 4744 2724 4816 abruperint.
2771 4750 2876 4817 Qui
2926 4757 3071 4811 enim
3127 4760 3331 4822 invitus
3379 4770 3443 4826 al"

1876 4827 2053 4885 officio
2102 4831 2376 4901 discedit,
2431 4836 2594 4911 506
2633 4840 2710 4913 (7)
2744 4842 2886 4900 forte
2942 4850 3157 4906 veniam
3209 4857 3442 4929 aliquam

1876 4920 2143 4977 obtinebit
2193 4940 2223 4978 a
2270 4924 2430 4982 Deo:
2470 4931 2563 4999 qui
2613 4947 2744 4988 vero
2789 4934 2954 4993 fuerit
3002 4946 3256 5002 consulto
3299 4920 3439 5007 inata

1875 5012 2188 5083 amplexus,
2241 5017 2660 5087 implacabiliter
2708 5026 2975 5095 supplicia
3031 5031 3190 5105 longe
3237 5039 3438 5109 majora

1874 5105 2132 5175 perferet.
2165 5107 2244 5179 (8)
2283 5108 2513 5166 Peccata
2556 5114 2701 5168 enim
2740 5117 2846 5170 alia
2893 5128 3020 5173 sunt
3052 5105 3436 5186 involuntaria.

1872 5197 1979 5250 alia
2031 5213 2062 5253 a
2102 5214 2272 5269 pravo
2306 5203 2492 5259 animo
2528 5207 2803 5264 oriuntur.
2849 5208 3021 5268 Aliter
3052 5218 3242 5288 utique
3285 5222 3436 5278 datu:

1871 5289 2029 5343 venia
2057 5291 2444 5351 involuntariis
2475 5315 2488 5350 :
2525 5298 2686 5353 aliter
2716 5315 2780 5355 ea
2811 5316 2933 5372 quae
2956 5319 3024 5359 ex
3054 5321 3220 5377 prava
3249 5313 3433 5368 volun.

1870 5386 1981 5436 tate
2026 5381 2195 5448 fiunt,
2232 5387 2689 5444 condemnantur.
2736 5390 3019 5464 Siquidem
3058 5415 3200 5457 unus
3243 5403 3431 5475 aliquit

1938 5538 2013 5609 (4)
2046 5538 2120 5593 Ex
2163 5541 2311 5596 bom.
2341 5544 2395 5597 in
2423 5538 2561 5611 psal.
2587 5563 2624 5610 ι,
2655 5547 2745 5603 96.

1960 5612 2014 5684 ξ)
2048 5611 2291 5684 yterque
2317 5613 2487 5669 codex
2521 5617 2726 5673 indicat
2750 5635 2915 5676 serm.
2943 5626 3109 5684 etliic.

1959 5680 2013 5755 (ἰ)
2045 5681 2126 5755 l_'3x
2157 5680 2305 5739 hom.
2331 5684 2386 5739 in
2409 5687 2549 5755 psal.
2582 5702 2695 5753 ιιι,
2728 5688 2863 5746 194.’

2045 5751 2123 5829 ξιτ
2151 5769 2315 5829 serm.
2352 5751 2428 5829 pe
2459 5751 2687 5828 legendis
2720 5760 2870 5818 libris
2896 5775 3038 5829 gent.
3076 5767 3201 5829 181.

1936 5822 2011 5894 (8)
2050 5823 2130 5878 Ex
2160 5824 2309 5883 hom.
2351 5827 2405 5881 in
2432 5822 2658 5899 princip.
2693 5831 2852 5888 Prov.
2890 5822 3011 5891 104.
