3874 6224
467 338 598 393 1199

1347 337 1702 392 Al‘PENDK.
1736 370 1804 379 ——-
1847 337 2191 396 SYNIEONIS
2231 339 2771 396 METAPHRASTIE

3520 341 3622 395 1900

465 448 738 521 peccavit,
787 462 950 518 prave
1001 448 1070 503 ab
1128 447 1285 502 initio
1327 449 1628 512 educatus;
1677 453 1874 521 quippe
1921 461 1972 505 et
2010 470 2031 505 ιι

2145 457 2515 527 προαιρέσεως
2565 455 2970 527 κατακρίνεται.
3016 452 3074 505 ’0
3110 453 3204 522 μὲν
3230 452 3329 521 γάρ
3355 468 3426 511 τις
3442 453 3625 523 ἥμαρτε,

464 539 782 611 parentibus
836 539 1058 608 iujustis
1089 549 1411 609 procreatus
1455 540 1700 595 introivit
1737 543 1791 595 in
1843 542 2039 609 vitam,

462 640 517 685 et
530 632 672 684 inter
687 631 852 685 verba
871 629 1125 699 factaque
1143 629 1328 699 iniqua
1353 631 1597 686 nutritus
1613 631 1714 685 1ὐίι
1732 651 1743 685 :
1765 631 1898 687 alter
1913 646 2042 686 vero

464 721 635 775 multa
684 721 894 775 habens
950 722 1173 777 virtutis
1226 721 1614 786 incitamenta,
1665 722 2040 778 educationem

466 812 952 876 honestissimam,
1010 813 1441 867 admonitionem
1497 820 1818 883 parentum,
1872 815 2043 885 magi-

466 914 706 962 strorum
754 906 1133 975 disciplinam,
1169 905 1501 959 auditionem
1548 905 1876 960 diviniorum
1927 922 2042 960 ser-

466 984 710 1063 monum,
742 999 1067 1068 castigatam
1099 997 1550 1067 moderatamque
1589 997 1825 1064 diaetam,
1847 1007 1901 1053 et
1935 999 2041 1053 alia

463 1091 663 1163 quibus
711 1090 896 1144 anima
926 1090 994 1144 ad
1038 1090 1296 1144 virtutem
1348 1089 1692 1155 instituitur,
1736 1097 1925 1159 postea
1960 1098 2043 1144 ta-

461 1199 587 1239 men
613 1182 872 1253 delapsus
898 1191 980 1239 est
1007 1192 1061 1237 et
1089 1182 1284 1252 ipsein
1321 1183 1464 1236 idem
1499 1191 1780 1253 peccatum
1810 1200 1824 1249 ;
1859 1198 2041 1238 nonne

461 1288 591 1347 ergo
639 1274 763 1344 jure
799 1288 863 1327 ac
894 1273 1089 1328 merito
1140 1274 1233 1342 qui
1284 1272 1553 1341 ejusmodi
1601 1279 1720 1334 est,
1773 1272 2040 1342 supplicio

463 1367 700 1438 graviori
724 1365 1016 1437 punietur?
1035 1364 1168 1418 Nam
1194 1364 1281 1418 ille
1302 1363 1522 1433 quidem
1548 1363 1619 1418 ob
1641 1363 1756 1417 sola
1792 1363 2038 1433 inspersa

462 1460 660 1514 animis
705 1459 913 1513 nostris
967 1457 1234 1513 salutaria
1271 1454 1516 1510 subsidia
1566 1454 1939 1516 accusabitur,
1980 1465 2041 1508 ut

461 1552 543 1606 eis
593 1566 702 1605 non
739 1549 906 1619 probe
944 1564 1122 1613 usus;
1166 1546 1261 1601 sed
1295 1546 1385 1600 hic
1421 1546 1765 1617 insuper,‘ut
1794 1546 2042 1617 proditor

460 1643 640 1698 omnis
689 1641 792 1698 sibi
841 1639 1092 1695 concessi
1138 1638 1461 1708 adjumcnti,
1492 1651 1557 1691 ac
1607 1638 1934 1708 negligentia
1982 1636 2040 1691 in

461 1749 684 1804 pravam
712 1733 877 1788 vitam
910 1732 1193 1802 abreptus.

529 1934 583 1990 4.
614 1934 691 2005 (l)
720 1932 981 2001 Qumnam
1012 1932 1178 2002 igitur
1203 1938 1428 2001 peccata
1453 1929 1669 1985 veniam
1696 1927 1837 1998 apud
1866 1927 2034 1981 Deum

459 2028 705 2085 obtinere
732 2033 985 2098 possunt,
1020 2034 1073 2079 et
1102 2024 1172 2078 ob
1200 2038 1323 2093 quas
1355 2030 1409 2076 et
1436 2023 1506 2076 ob
1537 2021 1720 2092 qualia
1749 2020 1944 2075 delicta
1980 2020 2037 2072 ﬁt

459 2121 585 2191 quis
615 2119 973 2175 contumaciae
1015 2116 1228 2187 judicio
1255 2116 1572 2171 obnoxius?
1601 2115 1785 2185 Neque
1817 2115 1871 2167 in
1902 2113 2039 2167 mul-

459 2213 692 2268 titudine
725 2226 902 2282 neque
935 2210 990 2264 in
1028 2208 1399 2280 magnitudine
1432 2216 1818 2277 peccatorum,
1851 2205 1947 2260 sed
1982 2205 2036 2257 in

461 2318 567 2357 una
590 2299 969 2355 tantummodo
992 2299 1373 2367 cujuscunque
1397 2296 1616 2350 tandem
1652 2295 1905 2364 praecepti
1929 2295 2038 2347 vio-

460 2391 691 2453 latione,
744 2388 1144 2443 contumaciam
1190 2388 1451 2441 adversus
1494 2385 1661 2440 Deum
1712 2385 1858 2439 clare
1889 2383 2037 2454 judi-

459 2485 613 2546 cari,
667 2495 1123 2550 communemque
1171 2480 1499 2534 sententiam
1550 2492 1579 2529 a
1637 2476 1744 2531 Deo
1799 2476 1928 2530 ferri
1981 2475 2037 2529 in

458 2593 675 2633 omnem
702 2575 1128 2630 inobcdientiam
1157 2573 1490 2635 invenimus,
1514 2568 1828 2639 Scripturas
1850 2584 2035 2625 sacras

459 2670 588 2725 dum
647 2669 968 2724 evolvimus.
1028 2664 1206 2734 Atque
1263 2665 1318 2716 in
1377 2660 1559 2716 Veteri
1622 2661 1838 2730 quidem
1917 2660 2036 2729 lego

459 2761 789 2817 horrendum
849 2761 999 2813 illum
1070 2758 1243 2826 ipsius
1303 2753 1484 2809 Achar
1539 2754 1743 2807 exitum
1793 2752 1875 2814 ⁷⁸,
1941 2756 2036 2803 aut

463 2853 584 2922 ejus
633 2852 724 2920 qui
779 2850 1016 2903 Sabbato
1048 2848 1190 2916 ligna
1241 2845 1535 2913 collegerat
1569 2842 1649 2904 ⁸ο,
1700 2843 2033 2896 historiam:

462 2959 696 3015 quorum
747 2950 939 2996 neuter
982 2952 1221 3008 unquam
1271 2935 1415 2989 aliud
1464 2936 1519 2988 in
1573 2933 1741 2987 Deum
1779 2948 2035 3002 peccasse

458 3044 553 3089 aut
588 3035 642 3088 in
676 3033 969 3095 hominem,
1001 3034 1113 3084 sive
1145 3042 1402 3096 magnum
1446 3026 1560 3079 sive
1591 3039 1815 3093 parvum
1845 3022 2036 3091 depre-

458 3125 731 3179 henditur.
769 3120 875 3176 Sed
924 3122 1061 3175 alter
1116 3119 1336 3189 quidem
1368 3118 1439 3172 ob
1467 3117 1641 3171 solam
1690 3130 1754 3168 ac
1801 3116 2032 3182 primam

2143 544 2394 614 πονηρῶς
2433 544 2493 596 τὸ
2539 543 2597 608 ἐξ
2649 544 2822 614 ἀρχῆς
2876 542 3243 615 τεθραμμένος
3267 557 3279 569 ·
3323 541 3405 592 καὶ
3435 541 3520 611 γὰρ
3557 544 3628 595 καί

2144 636 2246 689 ὑπὸ
2277 636 2476 703 γονέων
2506 635 2705 689 ἀδίκων
2763 636 2843 697 εἰς
2885 633 2974 686 τὸν
3006 633 3118 702 βίον
3145 632 3406 703 παρήχθη,
3436 633 3513 685 καὶ
3539 650 3630 686 aw-

2142 726 2351 799 ετράφη
2379 726 2473 779 καὶ
2513 726 2720 798 ῥήμασι
2743 726 2833 778 καὶ
2868 724 3098 795 πράξεσι
3132 724 3461 794 παρανόμοις.
3487 723 3630 787 ’Δλλος

2141 816 2197 869 δὲ
2232 816 2399 870 πολλὰ
2429 815 2565 886 ἔχων
2609 816 2678 868 τὰ
2726 815 3142 887 προκαλούμενα
3178 814 3331 867 αὑτὸν
3364 816 3433 877 εἰς
3461 816 3629 886 ἀρετὴν,

2142 908 2449 979 ἀνατροφὴν
2510 908 2843 978 σεμνοτάτην
2866 946 2879 969 ,
2932 906 3244 975 νουθέτησιν
3285 906 3480 973 γονέων,
3527 907 3633 959 διδα-

2144 999 2456 1069 σκάλων(5)
2508 1000 2819 1069 ἀκρίϐειαν,
2876 999 3135 1068 ἀκρόασιν
3186 997 3351 1065 λόγων
3392 996 3633 1067 θειοτέρων,

2140 1091 2349 1144 δίαιταν
2373 1090 2841 1161 κατεσταλμένην,
2872 1090 3041 1144 τᾶλλα
3072 1084 3153 1152 οἷς
3181 1089 3322 1159 ψυχὴ
3346 1089 3637 1156 παιδαγωγεί-

2139 1201 2228 1236 ται
2286 1183 2423 1255 πρὸς
2468 1184 2704 1254 ἀρετήν’
2759 1178 2876 1235 εἶτα
2944 1182 3037 1235 καὶ
3089 1182 3251 1244 αὐτὸς
3292 1185 3366 1245 είς
3400 1182 3486 1252 τὴν
3513 1182 3637 1251 αὐτὴν

2142 1276 2415 1345 ἁμαρτίαν
2455 1273 2747 1329 emensos.
2810 1274 2936 1338 Πῶς
2990 1270 3083 1327 οὖν
3125 1274 3247 1343 οὐχὶ
3296 1272 3561 1343 βαρυτέρας
3581 1272 3639 1324 δι-

2140 1368 2310 1429 καίως
2342 1368 2370 1420 ὁ
2394 1366 2632 1429 τοιοῦτος
2661 1366 2759 1435 τῆς
2774 1364 3045 1437 τιμωρίας
3078 1365 3455 1433 ἁξιωθήσεταις
3496 1364 3542 1415 ὐ
3569 1363 3641 1432 μὲν

2139 1458 2248 1531 γὰρ
2282 1458 2373 1511 ἐπὶ
2391 1458 2580 1528 μόναις
2602 1460 2718 1521 ταῖς
2751 1457 3230 1529 κατεσπαρμέναις
3259 1458 3316 1508 ὲν
3330 1459 3438 1519 ταῖς
3465 1455 3642 1516 ἐννοίαις

2140 1547 2293 1618 ἡμῶν
2327 1547 2610 1618 σωτηρίοις
2637 1548 2910 1619 ἀφορμαῖς
2936 1546 3348 1616 ἐγκληθήσεται,
3379 1545 3447 1607 ὡς
3473 1546 3524 1597 οὐ
3544 1562 3642 1615 χρη-

2141 1638 2371 1709 σάμενος
2399 1640 2588 1702 αὑταῖς
2629 1638 2795 1707 ὑγιῶς
2821 1656 2833 1668 ·
2870 1640 2898 1690 ό
2924 1638 2981 1691 δὲ
3010 1638 3146 1710 πρὸς
3180 1637 3352 1707 τούτῳ
3373 1638 3463 1707 (4),
3491 1639 3567 1689 καὶ
3591 1636 3644 1698 ὡς

2142 1729 2494 1802 προδεδωκὼς
2548 1732 2728 1784 πᾶσαν
2761 1730 2862 1801 τὴν
2909 1730 3197 1800 δεδομένην
3239 1727 3383 1798 αὐτῷ
3415 1728 3643 1798 συνεργίαν

2064 1812 2114 1872 Β
2143 1822 2237 1875 καὶ
2262 1820 2327 1874 δι’
2353 1821 2682 1893 ἀπροσεξίαν
2706 1823 2785 1885 είς
2820 1821 2910 1875 τὸν
2942 1822 3177 1893 πονηρὸν
3203 1821 3318 1892 βίον
3355 1820 3644 1891 κατασυρείς.

2208 1934 2262 1987 Δ».
2288 1935 2425 1988 Ποῖα
2483 1930 2576 1989 οὖν
2622 1935 2728 1988 τῶν
2765 1936 3177 2008 ἁμαρτημάτων
3207 1935 3516 2006 συγγνώμην
3542 1934 3647 2004 ἔχειν

2137 2023 2360 2077 δύναται
2405 2025 2555 2094 παρὰ
2604 2025 2679 2096 τῷ
2699 2026 2856 2097 Θεῷ;
2890 2028 3031 2080 πόσα
3059 2027 3115 2079 δὲ
3151 2028 3245 2080 καὶ
3291 2028 3483 2098 πηλίκα
3513 2029 3651 2096 ἁμαρ-

2136 2115 2307 2184 τήσας
2331 2131 2433 2178 τις,
2471 2115 2771 2180 ὑπεύθυνος
2820 2117 3028 2187 γίνεται
3056 2118 3133 2188 τῷ
3167 2119 3395 2191 κρίματι
3425 2116 3509 2189 τῆς
3529 2121 3647 2171 ἀπει-

2139 2203 2320 2270 θείας;
2351 2205 2487 2259 Οὔτε
2512 2207 2570 2260 ἐν
2604 2206 2679 2278 τῷ
2712 2207 2905 2279 πλήθει
2932 2209 3040 2261 τῶν
3071 2210 3537 2282 ἁμαρτανομένων,
3561 2209 3650 2264 οὔτε

2137 2296 2196 2348 ἐν
2246 2295 2323 2366 τῷ
2373 2296 2591 2367 μεγέθει
2629 2298 2738 2352 τῶν
2788 2300 3221 2369 ἁμαρτημάτων,
3255 2304 3314 2354 ὲν
3359 2303 3483 2374 μόνῃ
3525 2301 3571 2354 δὲ
3603 2305 3648 2371 τῇ

2139 2389 2446 2460 παραϐάσει
2501 2391 2806 2444 οὑτινοσοῦν
2841 2394 3263 2464 προστάγματος
3312 2396 3487 2465 σαφῶς
3518 2396 3651 2466 κρίνο-

2141 2497 2239 2550 μεν
2274 2480 2351 2549 (5)
2395 2482 2491 2551 τὴν
2520 2482 2657 2552 πρὸς
2702 2482 2832 2536 Θεὸν
2866 2485 3162 2549 ἀπείθειαν,
3224 2488 3321 2540 καὶ
3356 2489 3516 2539 κοινὸν
3550 2489 3651 2539 κατὰ

2139 2573 2318 2643 πάσης
2350 2576 2632 2645 παρακοῆς
2663 2576 2756 2630 τοῦ
2790 2577 2925 2631 Θεοῦ
2950 2579 3008 2631 τὸ
3038 2582 3211 2650 κρῖμα
3242 2580 3653 2651 εὑρίσκομεν.τὰς

2137 2664 2287 2727 θείας
2328 2666 2684 2731 ἀναλαϐόντες
2744 2669 2783 2720 Γ
2789 2669 2981 2740 ραφάς.
3026 2671 3111 2724 Ἐν
3158 2673 3262 2742 μὲν
3308 2676 3373 2743 τῇ
3415 2671 3654 2742 Παλαιᾷτὸ

2137 2756 2366 2826 φοϐερὸν
2416 2759 2588 2831 ἐκεῖνο
2619 2757 2713 2812 τοῦ
2752 2760 2929 2831 Ἀχαρ
2966 2761 3429 2828 ἀναγινώσκοντες
3464 2760 3651 2829 τέλος,ἦ

2135 2845 2233 2912 τὴν
2259 2845 2398 2899 κατὰ
2426 2848 2515 2899 τὸν
2536 2849 2594 2899 ἐν
2619 2849 2878 2919 Σαϐϐάτῳ
2900 2850 3031 2916 ξύλα
3058 2852 3395 2917 ἁναλέξαντα
3432 2854 3652 2924 ἱστορίαν·

2136 2929 2211 2986 ὦν
2239 2933 2496 3004 ἑκάτερος
2531 2937 2681 2990 οὐδὲν
2702 2938 2954 2993 οὐδέποτε
2977 2941 3104 2995 ἄλλο
3135 2944 3238 2996 οὐκ
3260 2946 3339 3007 εἰς
3371 2945 3490 2997 Θεὸν
3519 2947 3655 3015 ἡμαρ-

2134 3023 2334 3094 τηκὼς,
2369 3026 2468 3079 οὐκ
2497 3026 2779 3099 ἄνθρωπον
2812 3031 3185 3102 ἠδικηκὼς,οὑ
3223 3036 3389 3105 μέγα,
3423 3038 3480 3089 οὗ
3508 3038 3653 3107 μικρῦν

2135 3114 2292 3179 ὅλως,
2354 3117 2685 3189 εὑρίσκεται.
2745 3120 2885 3174 Ἀλλ’
2913 3125 2942 3176 ὁ
2970 3125 3066 3193 μὲν
3099 3127 3193 3179 ἐπὶ
3221 3129 3361 3200 μόνῃ
3395 3128 3483 3181 καὶ
3510 3127 3652 3199 πρώτῃ

459 3215 729 3285 lignorum
774 3212 1154 3267 collectionem
1202 3208 1546 3263 inevitabiles
1588 3220 1781 3276 pceuas
1814 3206 1934 3266 luit,
1965 3221 2031 3259 ne

2137 3206 2244 3258 τῶν
2284 3205 2452 3270 ξύλων
2502 3208 2731 3280 συλλογῇ
2782 3212 3151 3284 ἀπαραίτητον
3178 3215 3371 3270 δίδωσι
3396 3218 3485 3288 τὴν
3519 3218 3652 3285 δίκην.

459 3303 792 3373 poenitentiae
834 3300 1053 3372 quidem
1108 3300 1332 3353 invento
1382 3298 1537 3360 loco,
1588 3296 2031 3366 quandoquidem

458 3394 552 3451 Dei
610 3393 771 3463 jussu
825 3391 1117 3446 confestim
1171 3405 1202 3442 a
1252 3400 1450 3444 cuncto
1503 3390 1705 3458 populo
1758 3387 2032 3457 lapidibus

457 3487 725 3542 obruitur.
756 3486 908 3539 Alter
929 3498 1079 3545 vero,
1110 3481 1255 3552 quod
1280 3482 1456 3563 solum
1486 3481 1801 3537 sustulisset
1826 3477 2032 3548 aliquid

457 3595 520 3634 ex
562 3578 807 3635 donariis
835 3586 889 3632 et
927 3577 1268 3640 muneribus,
1305 3576 1482 3646 iisque
1512 3575 1754 3630 nondum
1789 3575 1842 3628 in
1872 3589 2033 3645 syna-

435 3683 648 3740 .gogam
678 3668 1002 3737 exportatis,
1030 3666 1265 3739 necdum
1298 3665 1367 3719 ab
1404 3665 1475 3720 iis
1507 3665 1599 3733 qui
1634 3663 1700 3717 ad
1733 3664 1859 3716 talia
1894 3662 2032 3716 reci-

455 3759 654 3830 pienda
698 3758 1140 3819 destinabantur,
1186 3757 1515 3824 assumptis,
1544 3771 1653 3809 non
1685 3754 1786 3808 sibi
1836 3755 2027 3816 modo,

457 3850 554 3908 sed
586 3850 742 3904 uxori
782 3852 946 3905 etiam
980 3858 1034 3904 et
1059 3848 1247 3904 liberis
1273 3848 1424 3901 exitii
1452 3856 1614 3916 atque
1647 3846 1903 3916 perniciei
1935 3861 2030 3898 au-

456 3949 577 3998 ctor
602 3939 725 4002 fuit,
757 3950 1126 4009 praetereaque
1154 3945 1209 3993 et
1235 3937 1341 4007 ipsi
1376 3936 1731 3991 tabernaculo
1762 3949 1867 3989 una
1905 3950 2028 3988 eum

456 4033 574 4089 suis
618 4032 895 4087 omnibus.
941 4029 1173 4099 Jamque
1214 4030 1422 4099 peccati
1454 4028 1731 4089 vindicta,
1787 4027 1927 4097 ignis
1973 4026 2027 4080 in

455 4124 712 4187 modum,
761 4123 1021 4192 populum
1054 4136 1269 4176 omnem
1307 4120 1627 4189 populatura
1656 4128 1805 4180 erat,
1842 4117 2025 4187 idque,

456 4231 581 4272 cum
624 4230 801 4283 neque
839 4228 955 4268 rem
1001 4219 1227 4271 nosset,
1272 4226 1450 4281 neque
1479 4211 1728 4280 peccanti
1770 4211 2027 4265 conscius

454 4316 621 4370 esset,
649 4305 756 4361 nisi
783 4304 969 4360 statim
998 4303 1067 4357 ob
1097 4303 1342 4357 virorum
1379 4300 1791 4369 interfectorum
1817 4301 2026 4356 cladem

454 4398 725 4453 contritus
778 4396 1013 4466 p0pulus
1063 4393 1292 4457 fuisset,
1348 4394 1484 4447 iram
1520 4392 1617 4449 Dei
1649 4395 1913 4457 sentiens,
1961 4406 2026 4446 ac

450 4488 616 4546 Jesus
665 4489 817 4543 Nave
874 4485 1021 4541 ﬁlius
1064 4487 1289 4556 pulvere
1319 4501 1652 4555 conspersus
1703 4486 2024 4554 procidisset

453 4597 560 4637 una
591 4596 715 4636 cum
739 4579 1070 4642 senioribus,
1102 4578 1291 4647 sicque
1322 4593 1451 4637 reus
1479 4594 1575 4644 per
1600 4586 1800 4633 sortem
1829 4577 2022 4646 depre-

449 4672 677 4735 hensus,
707 4688 801 4726 eas
820 4687 957 4740 quas
978 4670 1089 4725 dixi
1127 4685 1316 4739 poenas
1341 4668 1604 4725 dedisset.
1625 4669 1701 4737 (2)
1725 4667 1864 4733 Quid
1891 4684 2020 4723 vero

452 4765 621 4820 Maria
646 4764 848 4837 Moysis
878 4763 1073 4821 soror?
1095 4763 1189 4817 Illa
1221 4777 1345 4816 cum
1380 4762 1557 4815 solum
1590 4761 1797 4830 aliquid
1828 4770 2015 4814 contra

450 4857 687 4928 Moysen]
732 4855 1090 4926 improbando
1139 4854 1399 4916 dixisset,
1454 4852 1619 4923 idque
1669 4854 1845 4921 ipsum
1895 4869 2021 4908 vere

451 4952 710 5021 (uxorem
740 4950 907 5012 enim,
937 4948 1136 5018 inquit,
1165 4944 1563 5015 [Ethiopissam
1592 4946 1697 5000 sibi
1723 4945 2017 5015 adjunxit),

452 5050 661 5099 tantam
692 5047 915 5112 experta
945 5048 1030 5096 est
1070 5038 1163 5095 Dei
1196 5037 1653 5107 indignationem,
1687 5045 1747 5092 ut
1791 5053 1858 5092 ne
1902 5039 2020 5107 ipso

452 5129 672 5202 quidem
688 5129 871 5200 Moyse
892 5137 1149 5199 precante
1178 5127 1384 5197 peccati
1406 5142 1567 5197 poena
1584 5127 1688 5197 ipsi
1716 5128 2019 5183 remittere-

453 5234 540 5278 tur
554 5223 620 5278 ⁸³.
638 5219 745 5277 Sed
762 5223 995 5277 istorum
1012 5219 1144 5291 quid
1157 5218 1473 5275 meminisse
1490 5234 1714 5274 necesse
1732 5225 1837 5283 est,
1858 5217 2017 5288 507

2133 3297 2251 3350 οὐδὲ
2285 3300 2570 3369 μετανοίας
2597 3302 2760 3354 τόπον
2788 3303 2961 3373 εὑρών
2982 3321 2997 3335 °
3024 3307 3412 3377 προστάγματι
3444 3309 3540 3379 γὰρ
3554 3308 3652 3360 Θεοῦ

2134 3389 2283 3459 παρὰ
2325 3393 2520 3455 παντὸς
2556 3394 2649 3446 τοῦ
2685 3395 2816 3448 λαοῦ
2858 3399 3196 3470 παραχρῆμα
3230 3402 3578 3458 λιθοϐολεῖται.
3614 3404 3655 3453 ’0

2132 3479 2209 3544 δὲ,
2242 3482 2326 3534 ὅτι
2363 3484 2521 3552 μόνον
2549 3486 2795 3555 ὑφείλετό
2824 3506 2875 3541 τι
2906 3490 3013 3543 τῶν
3046 3491 3437 3565 ἀναθημάτων,
3468 3495 3595 3548 οῦπω
3616 3494 3653 3544 δὲ

2133 3573 2542 3644 εἰσενεχθέντων
2607 3582 2689 3642 είς
2742 3579 2840 3649 τὴν
2891 3582 3232 3655 συναγωγὴν,
3296 3587 3419 3640 οὐδὲ
3475 3586 3654 3658 apocris-

2131 3663 2367 3733 χθέντων
2439 3668 2543 3721 ὑπὸ
2615 3669 2723 3723 τῶν
2780 3672 3224 3744 ἐπιτεταγμένων
3297 3678 3368 3731 τὰ
3433 3679 3652 3732 τοιαῦτα.

2132 3753 2303 3816 αἴτιος
2329 3755 2623 3821 ἀπωλείας,
2668 3761 2764 3830 οὐχ
2790 3763 2964 3833 ἑαυτῷ
2999 3764 3163 3834 μόνῳ,
3200 3766 3344 3819 ἀλλὰ
3370 3770 3461 3822 καὶ
3487 3768 3651 3839 γαμετῇ

2131 3846 2224 3897 καὶ
2252 3847 2484 3913 τέκνοις,
2519 3851 2656 3921 πρὸς
2681 3851 2738 3904 δὲ
2782 3855 2875 3906 καὶ
2915 3857 3052 3929 αὐτῇ
3078 3862 3276 3930 σκηνῇ,
3310 3862 3407 3914 σὺν
3434 3864 3552 3914 πᾶσι
3572 3865 3653 3920 τοῖς

2133 3936 2284 4001 ἰδίοις
2313 3939 2547 4007 ἐγένετο,
2583 3943 2812 4013 Ἔμελλε
2845 3945 2901 3998 δὲ
2951 3947 3047 4017 ἤδη
3094 3948 3291 4005 θᾶττον
3335 3954 3429 4006 καὶ
3459 3954 3538 4005 τὸν
3560 3951 3655 4004 λαὸν

2130 4025 2362 4093 ἅπαντα,
2385 4030 2557 4100 πυρὸς
2579 4034 2797 4101 τρόπον,
2826 4037 3177 4106 ἐπινέμεσθαι
3203 4038 3306 4109 τῆς
3339 4042 3588 4113 ἁμαρτίας
3615 4042 3656 4092 τί)

2130 4120 2317 4183 κακὸν,
2344 4123 2438 4174 καὶ
2474 4122 2667 4189 ταῦτα,
2700 4124 2824 4178 οὔτε
2854 4128 3033 4182 εἰδότα
3054 4130 3113 4202 τὸ
3143 4134 3397 4201 γεγονὸς,
3424 4134 3536 4189 οὔτε
3567 4152 3657 4188 aov-

2129 4211 2406 4275 εγνωκότα
2456 4210 2534 4282 τῷ
2585 4214 2989 4285 ἁμαρτήσαντι,
3049 4220 3098 4271 εί
3148 4222 3224 4292 μὴ
3274 4226 3484 4293 ταχέως
3505 4226 3559 4277 ἐκ

2129 4301 2387 4365 πτώσεως
2414 4302 2522 4357 τῶν
2554 4306 2946 4376 ἀναιρεθέντων
2989 4310 3198 4382 ἀνδρῶν
3233 4316 3519 4388 συνετρίϐη
3543 4316 3657 4385 μὲνό

2127 4392 2253 4457 λαὸς
2292 4394 2612 4465 αἰσθόμενος
2643 4398 2740 4467 τῆς
2772 4399 2944 4469 ὀργῆς
2975 4401 3066 4454 τοῦ
3100 4402 3257 4465 Θεοῦ.
3300 4406 3464 4460 ἔπεσε
3491 4408 3541 4459 δὲ
3572 4407 3657 4474 ἄρα

2126 4487 2239 4547 τοῖς
2273 4485 2665 4558 πρεσϐυτέροις
2687 4491 3140 4562 καταπασάμενος
3163 4493 3293 4564 χοῦν
3328 4497 3526 4568 Ἰησοῦς
3548 4494 3655 4547 6τοῦ

2126 4578 2281 4649 Ναυῆ
2302 4595 2315 4606 ·
2344 4580 2434 4631 καὶ
2470 4578 2612 4633 οὕτω
2660 4580 2747 4634 διὰ
2793 4583 2991 4655 κλήρου
3020 4588 3298 4657 φωραθεὶς
3325 4592 3355 4643 ὁ
3387 4591 3557 4659 ἔνοχος
3586 4589 3657 4656 τὴν

2127 4672 2422 4742 εἰρημένην
2450 4672 2647 4728 δέδωκε
2665 4674 2919 4745 δίκην.Τί
2946 4677 2999 4730 δὲ
3028 4678 3213 4750 Μαρία
3241 4684 3273 4750 ἡ
3310 4682 3510 4752 ἀδελφὴ
3533 4683 3655 4735 Mur?-

2129 4762 2304 4829 σέως;
2338 4763 2484 4836 Αὕτη
2510 4767 2650 4819 κατὰ
2695 4768 2971 4832 Μωῡσέως
2993 4771 3178 4843 ἐπειδὴ
3218 4769 3345 4827 εἶπέ
3377 4793 3430 4827 τι
3459 4777 3598 4846 μόνον
3616 4776 3658 4825 ἐν

2128 4855 2523 4924 καταγνώσεως
2554 4860 2729 4930 μέρει,
2756 4862 2847 4913 καὶ
2870 4861 3020 4914 τοῦτο
3053 4864 3252 4935 ἀληθὲς
3284 4869 3536 4935 (γυναῖκα
3556 4866 3654 4936 γὰρ,

2085 4939 2101 4955 ’
2128 4948 2313 5016 φησιν,
2372 4950 2724 5005 Αἰθιόπισσαν
2764 4952 2954 5005 ἐλαϐεν
2995 4955 3216 5025 ἑαυτῷ),
3249 4960 3521 5030 τοσαύτης
3544 4961 3659 5011 snsi-

2129 5039 2265 5109 ράθη
2315 5041 2413 5110 τῆς
2468 5041 2560 5095 τοῦ
2612 5043 2746 5096 Θεοῦ
2777 5046 3219 5117 ἀγανακτήσεως,
3251 5050 3331 5111 ὠς
3369 5050 3501 5119 μηδὲ
3527 5047 3657 5101 αὐτοῦ

2124 5129 2218 5182 τοῦ
2244 5131 2522 5194 Μωῡσέως
2567 5132 2899 5197 ἱκετεύοντος
2945 5138 3371 5210 συγχωρηθῆναι
3413 5140 3543 5209 αὐτῇ
3586 5139 3660 5203 τῆς

2126 5220 2399 5289 ἁμαρτίας
2436 5221 2495 5272 τὸ
2537 5222 2828 5291 ἐπιτίμιον.
2860 5223 2969 5276 Καὶ
2996 5225 3049 5276 τί
3082 5224 3166 5277 δεῖ
3196 5228 3326 5296 περὶ
3363 5227 3562 5279 τούτων
3593 5222 3658 5272 λέ-

519 5377 565 5409 ⁷⁹
593 5375 706 5432 Jos.
751 5391 848 5441 vn,
879 5372 969 5429 25.
1006 5432 1015 5441 ,
1045 5372 1091 5405 ⁸⁸
1132 5370 1292 5427 Num.
1326 5389 1414 5437 xv,
1448 5372 1539 5427 56.
1612 5373 1656 5403 ⁸¹
1700 5342 1861 5425 Num.
1897 5389 1995 5436 xu,
2037 5371 2105 5425 l7
2134 5387 2253 5442 sqq.

621 5530 698 5612 Ex
724 5529 998 5612 Prommio
1029 5528 1103 5582 De
1136 5528 1334 5595 iudicio
1361 5526 1479 5592 Dei,
1532 5526 1655 5580 9.17.

625 5601 1042 5721 Ιὲίὲασκάαων.
1074 5680 1225 5722 nanc
1253 5683 1438 5724 vocem
1468 5665 1772 5721 addidimus
1795 5681 1857 5721 cx
1889 5681 2013 5720 con-

452 5744 605 5791 textu
628 5746 681 5792 et
708 5738 958 5791 codicum
988 5737 1177 5792 altero.

2193 5525 2265 5596 (4)
2297 5527 2452 5594 Πρὸς
2482 5530 2687 5594 τούτῳ.
2743 5532 2833 5586 Sic
2875 5534 3014 5590 idem
3070 5535 3241 5591 codex
3272 5543 3328 5592 et
3380 5545 3657 5592 contextus.

2117 5596 2257 5650 Editi
2289 5597 2424 5666 πρὸς
2453 5599 2628 5653 τοῦτο.

2190 5666 2267 5736 (5)
2301 5669 2610 5749 Ιςρίνομεν.
2651 5669 2956 5741 Legendum
3001 5673 3217 5732 videtur
3246 5684 3298 5730 ut
3346 5677 3403 5732 in
3431 5678 3662 5732 contextu

2124 5753 2157 5788 κ
2165 5753 2466 5806 ρινομενην.
