3874 6224
248 313 377 369 ιεοι

1373 312 1604 368 SERMO
1655 330 1755 368 HI.
1794 343 1859 354 —
1900 311 1988 366 DE
2024 312 2359 368 PECCATO.

3331 314 3482 371 ηοξ

241 447 381 497 γειν,
444 427 604 480 αὐτὸν
647 425 833 479 τοῦτον
867 426 1101 495 ἀφέντας
1135 427 1391 491 Muris-5'1,
1418 427 1510 480 τὸν
1541 426 1633 480 τοῦ
1677 427 1811 481 Θεοῦ

1919 410 2034 496 ipso
2072 424 2256 495 Moyse
2293 424 2588 494 praeterito,
2624 423 2719 479 Dei
2748 424 2975 489 famulo,
3006 441 3200 496 magno
3229 427 3319 481 illo
3348 430 3488 494 viro,

241 518 566 589 θεράποντα,
600 517 691 569 τὸν
724 516 895 586 μέγαν
916 520 1142 579 ἐκεῖνον,
1173 517 1261 568 τὸν
1297 516 1562 587 τοσαύτης
1594 515 1691 587 μὲν
1720 516 1813 568 καὶ

238 612 573 683 τηλικαύτης
595 610 890 676 ἀξιωθέντα
908 610 1037 679 παρ’
1071 608 1232 662 αὐτοῦ
1258 610 1441 679 τιμῆς,
1458 608 1598 661 οὕτω
1627 609 1683 660 δὲ
1712 608 1815 661 ὑπὸ

238 702 405 756 αὐτοῦ
471 701 905 775 μαρτυρηθέντα,
955 700 1027 764 ὡς
1068 699 1316 764 ἀκοῦσαι,
1356 696 1496 752 Οἶδά
1542 716 1615 753 σε
1657 699 1814 766 παρὰ

238 794 494 859 πάντας,
540 794 635 846 καὶ
677 793 936 859 εὕρηκας
985 792 1159 859 χάριν
1187 790 1441 843 ἐνώπιόν
1461 807 1613 860 μου;
1648 786 1814 853 Οὗτος

240 883 353 952 γὰρ
387 884 477 936 ἐπὶ
515 881 609 935 τοῦ
662 882 853 945 ὓδατος
888 881 987 951 τῆς
1033 880 1358 948 ἀντιλογίας,
1388 881 1598 943 οὐδενὸς
1627 881 1812 933 ἕνεκεν

239 974 448 1044 ἐτέρου,
488 975 520 1043 ἦ
583 974 668 1026 ἵνα
713 974 869 1043 μόνον
919 972 1046 1044 εἴπῃ
1098 970 1176 1042 τῷ
1226 972 1337 1043 λαῷ
1381 973 1699 1042 γογγύζοντι
1745 974 1811 1027 δι’

239 1064 472 1135 ἀπορίαν
517 1062 727 1127 ὓδατος,
753 1064 848 1131 Μὴ
876 1064 943 1116 ἐκ
987 1064 1204 1130 ταύτης
1236 1062 1345 1131 τῆς
1381 1063 1598 1133 πέτρας
1622 1063 1814 1129 ἐξάξω

239 1155 384 1224 ὑμῖν
441 1155 633 1222 ὕδωρς
676 1155 867 1207 τούτου
936 1155 1095 1225 μόνου
1158 1155 1344 1207 ἕνεκεν
1380 1155 1541 1219 εὐθὺς
1586 1157 1812 1226 ἀπειλὴν

239 1247 393 1315 παρά
426 1246 518 1299 τοῦ
550 1245 684 1298 Θεοῦ
719 1245 952 1316 δέχεται,
990 1247 1067 1307 είς
1097 1246 1196 1316 τὴν
1223 1245 1326 1314 γῆν
1356 1247 1454 1317 τῆς
1483 1246 1813 1315 ἐπαγγελίας

236 1340 341 1390 οῦκ
365 1336 782 1397 εἰσελεύσεσθαι,
806 1337 927 1406 ἥτις
959 1332 1025 1406 ἦν
1058 1336 1178 1389 τότε
1207 1336 1313 1389 τῶν
1354 1338 1489 1407 πρὸς
1532 1337 1814 1401 Ἰουδαίους

236 1423 582 1492 ἐπαγγελιῶν
639 1424 698 1476 τὸ
756 1424 1071 1494 κεφάλαιον.
1130 1424 1298 1479 Ὅταν
1348 1424 1441 1479 οὖν
1491 1426 1584 1478 ἴδω
1626 1425 1813 1478 τοῦτον

239 1514 684 1587 παρακαλοῦντα,
745 1518 838 1570 καὶ
887 1516 960 1588 μὴ
994 1517 1444 1588 συγχωρούμενον
1470 1536 1482 1547 ·
1535 1519 1661 1571 ὅταν
1722 1519 1814 1572 ἴδω

241 1608 512 1678 μηδεμιᾶς
542 1607 869 1678 συγγνώμης
903 1609 992 1662 διὰ
1034 1610 1100 1662 τὰ
1139 1610 1373 1663 τοσαῦτα
1418 1610 1814 1683 κατορθώματα

237 1702 334 1753 ἐπὶ
368 1700 444 1772 τῷ
496 1699 687 1771 βραχεῖ
732 1702 924 1772 ὲκείνῳ
961 1702 1380 1774 καταξιούμενον
1421 1707 1625 1776 Ιδήματι
1648 1724 1660 1736 ’
1693 1705 1814 1776 οὐχ).

1912 523 1994 569 tot
2038 531 2101 570 ac
2130 516 2296 570 tantis
2329 515 2630 573 honoribus
2663 531 2694 569 a
2730 515 2836 570 Deo
2887 516 3180 586 insignito,
3211 526 3263 571 et
3316 519 3488 587 ipsius

1914 607 2232 662 testimonio
2278 609 2353 661 ita
2402 607 2800 677 comprobato,
2842 614 2899 661 ut
2954 609 3233 662 audierit:
3272 607 3409 662 Novi
3444 619 3491 661 te

1912 714 2022 766 pra:
2051 699 2314 764 omnibus,
2344 710 2392 753 et
2428 700 2669 753 invenisti
2698 700 2930 769 gratiam
2960 717 3139 754 coram
3171 718 3251 777 me
3275 701 3358 753 "'?
3389 700 3489 755 Hic

1913 792 2056 845 enim
2090 792 2153 846 ad
2179 807 2350 861 aquas
2380 791 2856 851 contradictionis.
2890 792 3038 845 nulla
3065 793 3170 845 alia
3204 793 3269 846 de
3301 807 3489 856 causa,

1915 881 2018 935 nisi
2066 880 2213 953 quod
2266 881 2648 936 tantummodo
2682 882 2883 953 populo
2918 884 2988 937 ob
3022 897 3173 951 aqua:
3204 885 3488 953 penuriam

1914 975 2280 1027 murmuranti
2313 975 2545 1037 dixerat,
2578 971 2723 1025 Num
2751 989 2816 1027 ea:
2845 977 2941 1026 hac
2971 985 3119 1043 petra
3148 974 3365 1047 educam
3400 992 3489 1029 vo-

1915 1061 1993 1117 bis
2026 1080 2214 1133 aquam
2230 1063 2312 1117 ⁸⁸2
2339 1065 2437 1117 hac
2466 1065 2581 1118 sola
2605 1064 2670 1119 de
2693 1080 2864 1127 causa.
2883 1069 3065 1121 statim
3088 1083 3117 1120 a
3139 1067 3247 1123 Deo
3272 1069 3492 1124 commi-

1915 1157 2190 1210 nationem
2234 1158 2468 1225 accepit,
2501 1156 2617 1211 fore
2655 1166 2711 1210 ut
2743 1173 2850 1211 non
2887 1159 3267 1230 ingrederetur
3294 1162 3349 1215 in
3382 1172 3482 1217 ter-

1913 1263 2029 1301 ram
2065 1248 2469 1319 promissionis,
2510 1264 2634 1319 qua:
2664 1252 2930 1315 omnium,
2977 1267 3098 1321 qua:
3125 1250 3328 1308 Judaais
3358 1270 3487 1323 pro-

1882 1368 1885 1371 -
1913 1339 2081 1393 missa
2116 1338 2355 1403 fuerant,
2394 1348 2523 1392 tunc
2552 1355 2766 1394 summa
2795 1351 2935 1396 erat.
2966 1342 3102 1397 Cum
3135 1343 3302 1413 igitur
3332 1346 3488 1400 video

1915 1428 2064 1484 hunc
2102 1438 2385 1500 rogantem
2406 1472 2420 1495 ,
2462 1439 2516 1486 et
2543 1433 2755 1486 veniam
2803 1448 2912 1487 non
2947 1433 3283 1489 obtinentem
3315 1454 3331 1502 ;
3364 1452 3486 1490 cum

1913 1520 2073 1575 video
2116 1521 2321 1575 nullam
2372 1523 2451 1576 illi
2502 1532 2580 1578 tot
2623 1538 2688 1577 ac
2742 1532 2891 1578 tanta
2940 1536 3086 1581 recte
3128 1526 3271 1581 facta
3308 1528 3490 1585 brevis

1914 1612 2078 1681 hujus
2135 1611 2287 1665 verbi
2348 1612 2562 1667 veniam
2627 1615 2994 1684 impetrasse;
3055 1632 3239 1672 nonne
3299 1634 3487 1674 revera

1917 1703 2219 1759 secundum
2267 1702 2589 1771 Apostolum
2660 1706 3002 1761 severitatem
3064 1705 3157 1761 Dei
3202 1723 3368 1762 cerno
3407 1709 3491 1763 “1'

235 1795 407 1858 ὅντως
453 1794 562 1866 ὁρῶ
593 1793 726 1847 Θεοῦ
775 1796 1097 1865 ἀποτομίαν,
1152 1797 1289 1848 κατά
1325 1797 1416 1850 τὸν
1471 1798 1815 1865 Ἀπόστολον;

1921 1811 2103 1850 nonne
2132 1796 2205 1849 ita
2230 1794 2575 1864 persuadebo
2601 1797 2735 1850 mihi
2765 1797 2926 1867 plane
2951 1813 3136 1852 verum
3168 1814 3291 1854 esse
3313 1799 3443 1854 illud
3474 1819 3487 1853 :

235 1888 360 1957 οὐχ).
389 1887 608 1939 κάκεῖνο
645 1887 845 1956 ἀληθὲς
878 1883 1017 1941 εἶναι
1048 1888 1437 1959 πεισθήσομαι,
1462 1890 1543 1954 τὸ,
1567 1892 1635 1944 El
1668 1895 1700 1945 ό
1733 1891 1813 1945 δι’·

236 1993 408 2043 καιος
429 1979 606 2046 μόλις
626 1977 885 2042 σώζεται,
907 1983 937 2032 ὀ
959 1980 1185 2048 ἀσεϐὴς
1210 1981 1305 2033 καὶ
1329 1981 1673 2050 ἁμαρτωλὸς
1693 1983 1810 2036 ποῦ

235 2068 507 2136 φανεῖτταὶ
535 2084 553 2131 ;
581 2068 689 2122 Καὶ
722 2070 772 2121 τί
798 2069 973 2122 ταῦτα
1015 2069 1189 2137 λέγω;
1233 2072 1379 2124 Ἠλεὶ
1408 2074 1435 2125 ό
1462 2075 1642 2144 ἱερεὺς
1673 2075 1811 2146 ὑπὲρ

234 2161 333 2213 τοῦ
367 2160 492 2212 ἰδίου
519 2160 634 2230 βίου
679 2162 838 2232 μηδὲν
868 2163 1282 2235 ἐγκαλούμενος,
1318 2166 1399 2217 ὅτι
1432 2167 1505 2237 μὴ
1539 2169 1649 2230 τοῖς
1678 2168 1814 2230 υἱοῖς

236 2254 505 2323 ἐπεξῆλθε
555 2254 928 2327 σφοδρότερον,
982 2255 1235 2324 τοιαύτην
1268 2256 1515 2326 ἐκίνησεν
1545 2257 1713 2329 ὀργὴν
1745 2262 1811 2330 τῇ

241 2347 594 2418 μακροθυμία
623 2348 716 2400 τοῦ
757 2348 910 2410 Θεοῦ,
949 2348 1087 2401 ὥστε
1123 2349 1538 2403 ἐπαναστάντων
1580 2351 1811 2420 ἀλλοφύ-

236 2437 368 2500 λων,
398 2439 524 2501 τοὺς
545 2438 641 2509 μὲν
668 2439 815 2501 υἱοὺς
842 2439 1002 2491 αὐτοῦ
1034 2440 1274 2502 ἐκείνους
1298 2440 1642 2511 ἀναιρεθῆναι
1672 2442 1813 2495 κατά

236 2530 332 2581 τὸν
360 2529 589 2600 πόλεμον
636 2532 693 2583 ἐν
723 2532 819 2601 μιᾷ
848 2530 1050 2602 ἡμέρᾳ,
1096 2530 1396 2600 ἡττηθῆναι
1434 2532 1488 2583 δὲ
1527 2531 1813 2600 σύμπαντα

238 2620 331 2672 τδν
369 2619 516 2683 λαὸν,
575 2620 899 2673 καὶτούτων
957 2623 1143 2673 πεσεῖν
1191 2622 1427 2682 ἱκανοὺς,
1464 2620 1715 2689 γενέσθαι
1756 2621 1812 2674 δὲ

239 2711 335 2761 καί
364 2710 491 2779 περὶ
519 2710 617 2779 τὴν
646 2710 874 2762 κιϐωτὸν
907 2711 1003 2780 τῆς
1032 2711 1191 2779 ἁγίας
1227 2710 1322 2763 τοῦ
1350 2710 1484 2763 Θεοῦ
1527 2710 1810 2783 διαθήκης,

236 2795 277 2848 a
332 2797 467 2866 μήτε
531 2796 773 2868 ἠκούσθη
830 2798 961 2850 ποτε
1025 2798 1321 2871 πρότερον·
1371 2799 1533 2861 ὥστε,
1578 2795 1646 2871 ἦς
1690 2799 1812 2853 οὕτε

253 2888 634 2958 Ἰσραηλίταις,
666 2889 787 2941 οὔτε
825 2891 931 2961 μὴν
963 2891 1143 2953 αὐτοῖς
1175 2893 1287 2953 τοῖς
1326 2890 1560 2962 ἱερεῦσιν
1588 2891 1811 2956 ἅπασιν,

238 2985 364 3037 οὐδὲ
399 2983 647 3045 πάντοτε,
709 2980 974 3035 ἅπτεσθαι
1021 2980 1239 3051 θεμιτὸν
1265 2976 1354 3051 ἦν,
1390 2981 1509 3033 οὐδὲ
1533 2980 1694 3045 τόπος
1718 2982 1814 3033 αῦ-

238 3076 342 3144 τὴν
369 3073 386 3141 ί
397 3076 441 3144 1)
473 3076 501 3126 ὁ
545 3073 719 3144 τυχὼν
753 3074 1061 3143 ὑπεδέχετο,
1096 3072 1297 3143 ταύτην
1325 3073 1429 3125 ὑπὸ
1455 3073 1653 3145 χειρῶν
1688 3074 1814 3126 ἀσε-

1919 1886 1978 1942 Si
1996 1888 2185 1957 justus
2234 1888 2320 1941 vim
2365 1887 2542 1941 salvus
2570 1889 2809 1958 eﬂicitur,
2842 1890 3032 1958 impius
3060 1900 3108 1944 et
3140 1901 3380 1958 peccator
3403 1893 3492 1946 ubi

1916 1980 2117 2048 parebit
2149 1979 2235 2032 "?
2270 1978 2334 2032 Et
2385 1978 2515 2049 quid
2557 1980 2669 2033 haec
2699 1982 3109 2036 commemoro?
3144 1982 3261 2038 Heli
3308 1999 3494 2039 sacer-

1917 2072 2051 2134 dos,
2098 2071 2224 2125 vitae
2267 2071 2472 2140 alioqui
2511 2072 2894 2141 integerrima},
2925 2082 3217 2143 propterea
3258 2074 3403 2145 quod
3435 2077 3490 2130 in

1920 2162 2058 2217 filios
2091 2178 2220 2218 suos
2249 2163 2628 2218 vehementius
2658 2178 2768 2217 non
2816 2163 3190 2229 inveheretur,
3218 2173 3368 2221 tanta
3408 2167 3491 2221 ira

1917 2246 2012 2308 Dei
2042 2254 2319 2308 lenitatem
2350 2252 2625 2319 incendit,
2662 2263 2743 2318 ut,
2775 2256 3109 2326 alienigenis.
3135 2256 3490 2327 irruptionem

1918 2340 2267 2404 facientibus,
2299 2343 2377 2397 illi
2414 2343 2517 2413 ipsi
2541 2344 2661 2413 ejus
2689 2342 2785 2398 lilii
2816 2361 2922 2399 una
2954 2345 3043 2401 die
3069 2347 3123 2401 in
3155 2347 3296 2402 bello
3321 2348 3485 2402 inter-

1920 2434 2237 2500 ﬁcerentur,
2272 2443 2737 2506 superare-torque
2769 2437 3061 2494 universus
3088 2441 3347 2510 pepulus,
3381 2456 3492 2494 non

1910 2526 2109 2605 paucis
2154 2541 2221 2580 ex
2270 2541 2337 2581 eo
2386 2525 2734 2590 cadentibus,
2772 2527 2882 2580 imo
2920 2528 3084 2582 etiam
3125 2529 3274 2584 circa
3306 2544 3490 2584 arcam

1919 2616 2095 2671 sancti
2125 2614 2350 2670 foederis
2397 2612 2493 2669 Dei
2535 2616 2759 2681 ﬁerent,
2806 2632 2928 2687 quae
2958 2633 3028 2672 ne
3053 2618 3238 2673 audita
3272 2620 3490 2691 quidem

1919 2724 2156 2779 unquam
2206 2716 2365 2764 antea
2399 2708 2617 2763 fuerant
2659 2728 2673 2764 :
2718 2709 2799 2764 sic
2849 2717 2908 2763 ut
2957 2726 3084 2764 arca
3119 2726 3282 2781 quam
3316 2727 3494 2781 neque

1918 2800 2203 2866 lsraelitis,
2241 2816 2416 2871 neque
2444 2801 2580 2871 ipsis
2608 2801 2988 2857 sacerdotibus
3017 2803 3294 2866 omnibus,
3317 2820 3494 2874 neque

1922 2892 2118 2963 quovis
2148 2899 2393 2962 tempore
2425 2892 2747 2962 contingere
2778 2893 2998 2956 licebat,
3031 2909 3262 2964 quaeque
3290 2910 3401 2949 non
3438 2898 3491 2948 in

1918 2984 2113 3054 quovis
2161 2985 2280 3037 loco
2323 2983 2735 3050 asservabatur,
2786 2983 2895 3038 alio
2943 2984 3165 3038 aliunde
3209 2992 3493 3054 exportata

1921 3077 1992 3132 sit
2016 3076 2084 3129 ab
2112 3076 2293 3144 impiis
2322 3076 2596 3141 manibus,
2624 3086 2677 3131 et
2708 3090 2808 3144 pro
2834 3076 3144 3130 Sanctuario
3175 3077 3229 3130 in
3267 3076 3496 3131 simula-

241 3164 355 3217 ῦῶν
377 3164 561 3219 ἄλλοτε
612 3163 900 3235 ἀλλαχόθεν
945 3162 1406 3234 μετακομίσεσθαι
1439 3163 1536 3233 (2),
1569 3163 1660 3215 καὶ
1694 3163 1813 3215 ἀντὶ

1919 3184 2133 3223 crorum
2166 3168 2411 3222 delubris
2448 3169 2714 3222 collocata
2763 3167 2948 3222 fuerit.
3001 3167 3075 3221 Ex
3123 3169 3326 3239 quibus
3362 3185 3494 3224 con-

238 3258 353 3311 τῶν
384 3259 583 3327 ἀγίων,
605 3258 836 3311 εἰδώλων
870 3260 1015 3320 ναοῖς
1049 3255 1421 3310 ἀποτίθεσθαι.
1473 3256 1586 3326 Ἐφ’
1616 3252 1694 3320 οἷς
1722 3256 1815 3309 πό-

244 3366 338 3400 σον
368 3348 488 3401 τινά
519 3348 827 3401 συνέϐαινεν
844 3344 981 3400 εἶναι
1009 3347 1103 3399 καὶ
1128 3349 1246 3400 κατ’
1287 3346 1448 3401 αὐτοῦ
1480 3346 1574 3398 τοῦ
1622 3348 1817 3417 ὀνόμα-

237 3458 335 3502 τος
370 3439 461 3493 τοῦ
497 3439 632 3492 Θεοῦ
677 3441 886 3509 γέλωτα
924 3441 1016 3491 καὶ
1045 3438 1240 3509 χλεύην
1268 3439 1416 3508 παρά
1444 3442 1555 3500 τοῖς
1590 3438 1817 3505 ἀλλοφύ-

240 3534 376 3595 λοις,
408 3532 761 3602 στοχάζεσθαι
809 3533 1091 3604 πάρεστιν.
1145 3532 1264 3584 Ἐπὶ
1287 3531 1496 3594 τούτοις
1531 3533 1623 3583 καὶ
1656 3532 1817 3593 αὐτὸς

240 3627 273 3676 ὁ
318 3625 465 3677 Ἠλεὶ
490 3626 631 3678 τέλει
669 3625 1009 3697 χρησάμενος
1054 3624 1406 3697 οἰκτροτάτῳ,
1439 3623 1668 3694 ἀπειλὴν
1708 3622 1819 3675 ἐδέ-

244 3716 374 3781 ξατο
402 3716 496 3770 τοῦ
522 3720 614 3771 καὶ
649 3719 708 3770 τὸ
733 3718 953 3789 σπέρμα
988 3716 1153 3769 αὑτοῦ
1196 3714 1692 3786 ἀποκινηθήσεσθαι
1721 3715 1815 3767 τοῦ

244 3810 524 3879 ἱερατικοῦ
579 3809 914 3880 ἀξιώματος
944 3811 1077 3878 ὅπερ
1103 3810 1196 3861 καὶ
1227 3807 1437 3877 γέγονε.
1485 3806 1698 3872 Καίτοι,
1724 3806 1817 3859 τοῦ

248 3901 349 3970 μὲν
407 3900 534 3953 ἰδίου
589 3900 702 3970 βίον
757 3900 962 3960 ἕνεκεν,
1016 3900 1166 3952 οὐδὲν
1211 3897 1406 3969 ᾐτιάθη
1453 3894 1820 3967 όπρεσϐύτης

246 3993 397 4046 ποτέ.
464 3993 572 4051 Καί
606 3994 786 4056 αὐτοῖς
841 3992 897 4044 δὲ
941 3996 1052 4054 τοῖς
1086 3994 1220 4054 υἱοῖς
1263 3991 1361 4060 οὐχ
1402 3989 1695 4059 ὑπέμεινεν
1725 3989 1819 4057 ὲιρ-

245 4086 538 4154 ἠσυχάσαι⁸
566 4083 704 4136 ἀλλὰ
733 4083 904 4136 πολλά
938 4083 1034 4154 μὲν
1062 4083 1313 4154 παρῄνει,
1355 4083 1482 4152 περί
1508 4080 1600 4134 τοῦ
1627 4081 1819 4151 μηκέτι

242 4180 357 4239 τοῖς
392 4177 596 4246 ὁμοίοις
640 4175 917 4246 ἐμμένειν,
959 4174 1053 4240 Μὴ
1090 4173 1292 4238 τέκνα,
1328 4173 1522 4243 λέγων,
1555 4172 1639 4243 μή
1666 4191 1678 4204 ·
1710 4175 1820 4227 οὐκ

243 4267 458 4337 ἀγαθαί
488 4269 546 4319 (ιὶ
570 4267 765 4327 ἀκοαὶ,
791 4264 863 4332 ι’ὶς
886 4265 998 4335 ἐγὼ
1026 4266 1223 4319 ἀκούω
1241 4265 1373 4333 περὶ
1405 4263 1589 4333 ὑμῶν.
1633 4264 1820 4334 Ὅμως

245 4359 541 4430 ἐπειδήπερ
572 4359 691 4427 οὐχὶ
729 4358 819 4411 τὸν
858 4357 1134 4428 πρέποντα
1166 4355 1326 4424 ζῆλον
1367 4357 1486 4408 κατ’
1520 4354 1696 4407 αὐτῶν
1724 4355 1822 4406 ὲπ-

232 4449 503 4519 εδείξατο,
537 4448 711 4519 ἑαυτῷ
733 4466 792 4501 τε
845 4449 1135 4510 κάκείνοις,
1159 4449 1252 4499 καὶ
1278 4446 1354 4517 τῷ
1390 4445 1522 4516 λαῷ,
1553 4444 1821 4514 τοσαύτην

1912 3258 2120 3329 jectare
2165 3258 2248 3312 fas
2300 3270 2419 3323 est,
2471 3268 2680 3328 quanto
2739 3260 2872 3313 risui
2924 3260 3277 3331 ludibrioque
3315 3262 3491 3332 ipsum

1916 3334 2079 3404 etiam
2117 3347 2211 3404 Dei
2242 3364 2443 3404 nomen
2480 3348 2798 3418 alienigena:
2829 3349 2903 3402 illi
2938 3349 3248 3405 habuerint.
3271 3350 3353 3405 Ad
3381 3352 3495 3407 haec

1917 3452 1971 3497 et
2007 3444 2121 3512 ipse
2151 3439 2270 3497 Heli
2304 3443 2618 3498 miserrimo
2643 3443 2790 3497 exitu
2814 3444 2979 3496 vitam
3008 3443 3167 3508 ﬁniit,
3192 3445 3352 3514 eique
3394 3445 3492 3497 nii-

1918 3543 2078 3588 natns
2108 3541 2193 3588 est
2231 3534 2490 3588 Dominus
2515 3533 2629 3589 fore
2663 3542 2719 3588 ut
2748 3549 2935 3589 semen
2962 3534 3083 3603 ejus
3107 3551 3136 3587 a
3170 3535 3492 3591 sacerdotali

1919 3621 2184 3693 dignitate
2213 3625 2633 3679 submoveretur
2661 3643 2673 3679 :
2706 3624 2852 3694 quod
2884 3635 2937 3679 et
2963 3626 3193 3695 contigit
3222 3644 3235 3680 :
3269 3634 3397 3679 tann
3418 3628 3489 3680 tsi

1921 3728 2083 3768 senex
2119 3715 2188 3768 oh
2220 3730 2349 3769 suos
2377 3715 2551 3785 ipsius
2586 3730 2768 3770 mores
2808 3716 2959 3770 nullo
2988 3731 3226 3786 unquam
3264 3718 3494 3770 crimine

1920 3817 2212 3860 accusatus
2246 3815 2346 3861 est.
2380 3806 2493 3860 lmo
2541 3807 2700 3861 etiam
2752 3822 2930 3878 neque
2980 3807 3214 3861 filiorum
3266 3823 3491 3863 suorum

1922 3896 2126 3969 ﬂagitia
2158 3899 2353 3952 tacitus
2389 3899 2656 3953 sustinuit
2684 3918 2695 3951 :
2727 3898 2819 3953 sed
2857 3902 3085 3954 multum
3113 3899 3490 3961 admonuerat,

1926 3998 1985 4043 ut
2025 4005 2094 4043 ne
2123 3990 2358 4060 amplius
2384 3991 2438 4044 in
2468 3990 2745 4060 ejusmodi
2786 3991 3027 4060 peccatis
3058 3999 3489 4061 perseverarent.

1922 4083 2115 4137 Aiebat
2160 4084 2302 4137 enim
2340 4102 2351 4136 :
2387 4082 2560 4147 Absit,
2594 4084 2732 4153 ﬁlii!
2761 4102 2864 4138 non
2896 4094 3018 4137 sunt
3067 4085 3187 4137 boni
3233 4101 3491 4149 rumores,

1923 4191 2052 4246 quos
2083 4174 2243 4227 audio
2273 4175 2335 4228 de
2361 4174 2502 4228 vobis
2522 4176 2587 4229 ⁸⁸.
2615 4174 2882 4241 Quoniam
2904 4185 3082 4230 tamen
3103 4178 3245 4247 quod
3262 4192 3359 4247 par
3379 4186 3494 4231 erat

1925 4265 2091 4318 animi
2121 4266 2362 4318 studium
2403 4265 2459 4318 in
2491 4265 2640 4334 ipsos
2681 4280 2793 4319 non
2828 4266 3092 4328 ostendit.
3134 4265 3239 4320 sibi
3271 4281 3335 4321 ac
3380 4266 3496 4320 illis

1923 4355 2138 4424 ipsique
2182 4356 2379 4425 populo
2427 4363 2634 4408 tantam
2689 4355 2826 4408 iram
2876 4354 2969 4408 Dei
3015 4355 3282 4410 accendit.
3316 4356 3391 4425 (5)
3430 4355 3497 4409 Et

1926 4445 2143 4500 videtur
2169 4445 2389 4516 quidem
2421 4447 2728 4517 ohjurgatio
2760 4446 2920 4501 linem
2951 4446 3153 4502 habere
3186 4447 3501 4516 peccatoris

242 4543 343 4613 τὴν
389 4541 481 4594 τοῦ
537 4541 667 4594 Θεοῦ
725 4540 927 4611 ἀνῆψεν
968 4540 1158 4612 ὀργήν.
1204 4540 1395 4592 Καίτοι
1450 4538 1625 4591 ἔοικεν
1656 4538 1684 4589 ὁ
1721 4536 1815 4607 μὲν

1927 4540 2342 4600 correctionem,
2379 4537 2735 4607 opprobrium
2769 4553 2898 4593 vero
2943 4541 3011 4591 ad
3049 4538 3187 4608 lapsi
3217 4537 3498 4593 confusio-

245 4636 466 4705 ἐλεγχος
493 4635 641 4698 τέλος
670 4635 810 4706 ἔχειν
832 4635 929 4707 τὴν
957 4635 1239 4706 διόρθωσιν
1266 4634 1357 4688 τοῦ
1376 4633 1779 4705 ἁμαρτάνοντος
1802 4650 1814 4663 ο

244 4729 274 4779 ὁ
302 4727 359 4780 δὲ
403 4728 706 4798 ὀνειδισμὸς
738 4728 831 4780 ἐπὶ
879 4726 1230 4798 ἀσχημοσύνῃ
1264 4727 1357 4780 τοῦ
1390 4724 1707 4787 ἐπταικότος
1737 4724 1820 4791 γί-

243 4817 452 4871 νεσθαι.
512 4820 572 4871 lii
599 4819 706 4890 γὰρ
741 4819 836 4872 καὶ
869 4819 935 4870 τὰ
967 4817 1193 4870 πλεῖστα
1227 4816 1646 4887 κατωρθωκέναι
1675 4815 1823 4866 δοκεῖ

243 4926 352 4971 τις,
397 4907 593 4976 ὀλίγων
631 4908 688 4960 δέ
737 4926 863 4970 που,
901 4908 932 4978 ἢ
964 4909 1057 4961 καὶ
1094 4909 1222 4978 μιᾶς
1255 4905 1569 4976 ἡστινοσοῦν
1604 4903 1821 4972 ἐντολῆς

244 5002 530 5072 ἀμελήσει,
545 5000 575 5071 ἣ
593 5000 669 5070 τῷ
682 5001 786 5071 πλη
796 5020 832 5071 μ
840 5001 974 5072 μελή
983 5018 1131 5054 σαντι
1146 4999 1449 5070 ἀδιαφόρως
1463 5000 1565 5068 ἐφη
1574 4996 1817 5066 συχόισει,

244 5093 341 5147 καὶ
378 5094 451 5163 μὴ
477 5091 634 5161 ζῆλον
662 5092 865 5161 ἀγαθὸν
898 5093 1036 5147 κατά
1060 5093 1121 5145 τὸ
1143 5094 1316 5162 κρῖμα
1339 5090 1435 5142 τοῦ
1458 5088 1592 5143 Θεοῦ
1623 5087 1819 5139 ἐπιδεί-

242 5186 414 5252 ξεται,
445 5186 537 5237 ἐπὶ
554 5185 725 5258 ταύτῃ
745 5186 880 5258 μόνῃ
898 5186 1118 5248 δικαίως
1145 5185 1347 5254 ὑφέξει.
1370 5182 1489 5236 Κᾶν
1510 5181 1569 5245 ιξ
1599 5180 1819 5248 ἀγνοίας

244 5277 396 5350 πάθῃ
426 5294 481 5329 τι
508 5276 765 5337 τοιοῦτον,
792 5278 913 5330 οὐδὲ
938 5276 1112 5333 οὕτως
1139 5274 1484 5347 ἀτιμώρητος
1521 5270 1816 5337 διαφεύγει.

311 5393 358 5423 ⁸⁸
392 5392 564 5446 Exou.
600 5409 798 5447 xxxrn.
835 5394 921 5447 1'2.
997 5394 1042 5425 ³³
1067 5392 1226 5446 Num.
1270 5408 1363 5454 xx,
1395 5397 1481 5446 ιυ.

317 5508 396 5574 (1)
431 5509 616 5576 Τόπος
641 5512 853 5575 αὐτην.
888 5510 979 5565 Sic
1015 5526 1114 5579 ope
1166 5518 1455 5564 contextus
1501 5519 1555 5564 et.
1589 5510 1814 5579 alterius

244 5579 501 5630 codicum
543 5579 954 5633 eitieiidaviinus
998 5578 1216 5648 pravam
1267 5581 1549 5633 lectionem
1589 5581 1649 5632 τὸ
1682 5578 1815 5647 πρὸς

244 5649 437 5716 αὑτήν.
481 5648 699 5701 Ibidem.
732 5665 835 5718 ope
882 5657 1167 5703 contextus
1218 5651 1627 5705 emendavimus
1673 5649 1818 5718 quod

243 5725 364 5775 erat
398 5718 537 5783 apud
576 5718 916 5787 SymCOnem,
949 5720 1221 5776 οὐδέποτε.

1560 5391 1607 5421 ³⁸
1635 5387 1791 5443 Rom.
1833 5406 1908 5452 XI,
1944 5390 2032 5443 9‘2.

1993 5507 2068 5574 (‘2)
2092 5505 2622 5573 Μετακομίσεσθαι.
2645 5504 2807 5557 Forte
2830 5501 3311 5574 μετακομίζεσθαι.
3331 5500 3486 5557 Enn.
3570 5548 3575 5551 _

1922 4645 2045 4684 nem
2094 4630 2304 4684 inferri.
2338 4629 2414 4699 (4)
2456 4628 2667 4684 Etenim
2699 4631 2913 4685 etiamsi
2938 4630 3184 4684 videatur
3222 4630 3493 4701 quispiam

1925 4722 2183 4793 praeclare
2206 4720 2474 4790 permulta
2499 4720 2716 4785 fecisse,
2748 4733 3048 4791 paucorum
3070 4733 3199 4774 vero
3223 4718 3307 4773 vel
3328 4718 3495 4773 etiam

1928 4815 2092 4867 unius
2117 4812 2407 4881 cujuslibet
2437 4813 2689 4882 pra'cepti
2723 4812 3005 4881 negligens
3038 4810 3224 4877 fuerit,
3256 4819 3350 4865 aut
3398 4810 3495 4865 de-

1925 4905 2196 4974 linquenti
2241 4903 2610 4958 indifferenter
2660 4904 3022 4977 acquieverit,
3061 4918 3235 4974 neque
3263 4903 3494 4973 diligens

1927 4996 2166 5050 studium
2192 4996 2495 5051 secundum
2533 4996 2625 5051 Dei
2652 4996 2918 5066 judicium
2947 4996 3281 5063 adhibuerit,
3309 4995 3494 5064 justas

1928 5087 2032 5140 hoc
2060 5087 2234 5140 solum
2272 5087 2489 5141 nomine
2530 5101 2722 5157 pinnas
2766 5088 2896 5141 luet.
2929 5086 3085 5152 Quod
3118 5087 3164 5141 si
3192 5086 3356 5141 etiam
3389 5086 3492 5138 im-

1925 5179 2170 5249 prudens
2212 5179 2318 5232 tale
2356 5179 2484 5247 quid
2523 5188 2731 5248 peccet,
2766 5194 2943 5249 neque
2970 5195 3037 5234 eo
3065 5188 3326 5249 praetextu
3362 5191 3492 5248 sup-

1906 5261 2146 5339 °plicium
2173 5270 2408 5340 eﬂugict.

2106 5389 2150 5419 ⁸⁸
2187 5387 2207 5442 ι
2242 5386 2359 5441 Pet.
2390 5402 2465 5451 iv,
2496 5385 2584 5440 48.
2659 5386 2705 5418 ⁸⁸
2739 5383 2759 5438 Ι
2790 5385 2922 5457 Reg.
2952 5402 3013 5452 ll,
3049 5385 3142 5439 Ἡ.

1997 5573 2071 5644 (5⁷)
2101 5576 2176 5627 Ex
2212 5577 2354 5628 hom.
2393 5576 2445 5626 in
2479 5591 2557 5639 ps.
2586 5590 2697 5637 xw,
2735 5573 2856 5626 555.

2005 5648 2080 5717 (ἀ)
2118 5645 2270 5700 Unus
2300 5646 2467 5699 codex
2502 5646 2699 5698 indicat
2722 5659 2885 5699 scrm.
2925 5653 3071 5697 ascet
