3874 6224
364 282 500 337 1203

1297 284 1659 343 ΑΡΡΕΝΟΙΧ.
1682 318 1753 333 -—
1792 288 2139 347 SYMEONIS
2177 292 2713 351 METAPHRAS'UE

3476 301 3500 354 1
3515 301 3613 356 ιρι

431 397 486 450 5.
542 395 618 466 (l)
679 387 810 465 Ejus
846 395 1065 466 quidem
1108 400 1323 469 generis
1358 401 1566 471 judicia
1601 404 1834 470 plurima
1878 406 1933 461 in

2111 411 2163 465 5.
2194 412 2428 466 Τοιαῦτα
2464 414 2562 483 μὲν
2593 408 2685 467 οὖν
2709 415 2791 467 ὅτι
2818 414 3044 468 πλεῖστα
3072 414 3211 468 κατὰ
3244 431 3341 483 την
3373 414 3613 470 “ahala

367 485 546 542 Veteri
575 486 928 543 Testamento
957 490 1222 547 adversus
1247 507 1464 549 omnem
1505 495 1934 552 inobedientiam

361 578 706 649 reperimus;
743 595 843 635 nec
868 596 999 636 vero
1028 581 1116 636 bis
1146 585 1430 654 pauciora,
1464 584 1678 642 Novum
1704 589 1935 659 legendo

360 671 491 723 dum
556 672 838 742 pergimus
871 711 887 737 ,
957 674 1053 729 sed
1117 684 1171 730 et
1243 677 1419 732 multo
1446 678 1535 733 hic
1605 682 1935 737 severiorem

362 760 823 830 deprehendimus
896 764 1092 833 judicii
1164 768 1564 835 acerbitatem,
1639 778 1700 825 ut
1768 772 1932 836 illud,

364 848 558 905 Servus
603 852 695 922 qui
741 856 979 923 cognovit
1027 855 1348 911 voluntatem
1390 856 1555 930 508
1600 859 1800 914 domini
1853 862 1937 915 sui

362 956 412 999 et
451 963 556 1000 non
593 947 756 1016 fecit.
799 948 1070 1017 vapulabit
1116 952 1342 1017 multis;
1382 956 1471 1024 qui
1495 964 1669 1009 autem
1702 972 1804 1009 non
1848 973 1935 1008 co-

364 1038 578 1105 gnovit,
637 1048 687 1091 et
733 1038 856 1107 fecit
887 1041 1049 1107 digna
1095 1040 1303 1111 plagis,
1363 1044 1629 1111 vapulabit
1667 1046 1932 1113 paucis".

364 1127 616 1185 Christus
639 1131 886 1200 profecto
916 1148 1019 1187 nec
1049 1148 1174 1188 eum
1219 1135 1310 1204 qui
1353 1136 1598 1204 peccarit
1623 1137 1936 1207 imprudens

365 1234 395 1270 a
447 1220 626 1289 pinnis
666 1220 898 1287 liberat,
957 1230 1012 1277 et
1046 1223 1102 1277 in
1164 1239 1259 1279 eos
1291 1225 1386 1293 qui
1435 1226 1734 1295 prudentes
1763 1228 1938 1282 delin-

365 1321 573 1377 quunt,
619 1311 1054 1368 vehementiores
1088 1315 1265 1371 minas
1305 1317 1556 1373 intendit.
1593 1316 1655 1370 Et
1692 1334 1934 1384 rursum,

367 1400 566 1457 leum
590 1444 604 1467 ,
663 1405 842 1475 inquit
870 1445 885 1469 ,
934 1416 985 1460 et
1016 1420 1160 1461 terra
1201 1408 1544 1474 transibunt,
1576 1410 1727 1465 verba
1761 1421 1938 1466 autem

367 1509 482 1547 mea
528 1511 629 1547 non
660 1496 1005 1562 prwteribunt
1034 1498 1100 1552 ⁸⁸.
1158 1498 1358 1554 Beatus
1391 1516 1610 1571 quoque
1657 1504 1938 1572 apostolus

368 1586 569 1644 Paulus
607 1590 720 1655 ait,
776 1589 1018 1647 Consilia
1070 1592 1395 1650 destruentes
1419 1636 1435 1661 ,
1471 1606 1520 1650 et
1556 1615 1762 1652 omnem
1808 1599 1937 1653 alli-

369 1677 602 1732 ludinem
663 1681 996 1736 extollentem
1045 1699 1100 1736 se
1164 1684 1414 1740 adversus
1472 1688 1746 1740 scientiam
1802 1687 1934 1754 Dei,

2036 504 2313 576 Διαθήκην
2341 505 2668 575 εὑρίσκομεν
2702 505 2840 558 κατὰ
2873 505 3051 575 πάσης
3081 507 3366 577 παρακοῆς
3392 507 3459 558 τὰ
3490 507 3611 577 κρί-

2040 612 2216 666 ματα·
2257 595 2355 665 οὺχ
2384 591 2546 667 ἦττον
2582 595 2639 648 δὲ
2669 596 2874 649 τούτων
2915 599 2972 648 ἐν
3000 599 3066 667 τῇ
3096 597 3273 666 Καινῇ
3298 597 3611 667 ἐρχόμενος,

2034 686 2171 740 ἀλλὰ
2216 686 2310 741 καὶ
2356 686 2535 758 πολλῷ
2581 687 2752 741 πλείω
2777 687 3179 759 καταμανθάνω
3222 688 3317 741 τοῦ
3346 689 3612 758 κρίματος

2036 779 2133 847 τὴν
2164 779 2519 849 σφοδρότητα,
2552 773 2694 831 οἷον·
2731 781 2785 831 Ὀ
2814 779 3035 846 δοῦλος
3061 784 3094 833 ό
3129 779 3314 849 γνοὺς
3339 778 3406 832 τὸ
3438 779 3613 845 θέλη-

2032 887 2118 939 μα
2141 868 2248 923 τοῦ
2274 872 2483 938 κυρίου
2518 869 2706 925 αὐτοῦ
2726 910 2741 935 ,
2776 869 2875 922 καὶ
2907 869 2993 938 μὴ
3029 870 3325 934 ποιήσας,
3356 868 3613 937 δαρήσε-

2038 976 2132 1011 ται
2184 958 2419 1024 πολλάς
2441 976 2455 991 ·
2498 963 2532 1014 ὁ
2567 958 2636 1012 δὲ
2666 959 2753 1028 μὴ
2805 960 2988 1030 γνοὺς
3012 1000 3027 1023 ,
3068 958 3330 1025 ποιήσας
3366 958 3437 1012 δὲ
3473 959 3616 1022 ἀξια

2040 1044 2290 1116 πληγῶν
2311 1087 2325 1110 ,
2360 1045 2685 1114 δαρήσεται
2713 1049 2920 1117 ὀλίγας
2942 1067 2954 1079 ο
2991 1049 3084 1102 καὶ
3115 1050 3255 1113 ὅλως
3280 1051 3382 1103 οὐκ
3409 1048 3614 1102 ἀπολύ-

2041 1152 2231 1199 σαντος
2262 1138 2359 1207 μὲν
2381 1136 2475 1190 τοῦ
2503 1138 2739 1210 Χριστοῦ
2765 1137 2889 1191 οὔτε
2917 1139 3008 1192 τὸν
3036 1140 3157 1192 κατ’
3181 1141 3407 1208 ἄγνοιαν
3434 1141 3616 1210 ἡμαρ-

2036 1227 2239 1297 τηκότα
2282 1229 2381 1298 τῆς
2412 1229 2683 1299 τιμωρίας
2705 1269 2720 1292 ,
2768 1229 3121 1303 σφοδρότερον
3150 1230 3205 1283 δὲ
3244 1229 3391 1284 κατὰ
3417 1230 3530 1283 τῶν
3558 1232 3615 1281 ἐν

2037 1320 2236 1386 γνώσει
2264 1320 2361 1391 τὴν
2394 1321 2622 1392 ἀπειλὴν
2652 1322 3036 1386 ἐπιτείναντος.
3062 1323 3169 1376 Καὶ
3204 1323 3393 1387 πάλιν,
3432 1324 3496 1375 '0
3521 1327 3618 1376 οὐ·

2030 1409 2219 1477 ριινὸς
2252 1451 2266 1474 ,
2323 1413 2501 1481 φησὶ,
2559 1414 2657 1466 καὶ
2707 1414 2744 1479 ἡ
2800 1411 2876 1482 γῆ
2920 1414 3393 1481 παρελεύσεται,
3449 1416 3508 1467 οἱ
3551 1411 3620 1465 δὲ

2037 1504 2202 1570 λόγοι
2225 1520 2344 1570 μου
2373 1504 2445 1556 σὺ
2482 1502 2568 1572 μὴ
2599 1501 2955 1572 παρέλθωσι.
2990 1503 3099 1556 Καὶ
3123 1502 3152 1554 6
3179 1502 3450 1573 μακάριος
3482 1501 3617 1553 ἁπτός

2041 1595 2225 1657 στολος
2279 1593 2485 1657 nam;
2539 1611 2670 1666 φησι
2697 1612 2710 1625 ’
2761 1593 3099 1664 Λογισμοὺς
3160 1592 3619 1662 καθαιροῦντες,

2044 1687 2141 1739 καὶ
2173 1685 2295 1739 πᾶν
2341 1686 2556 1754 ὕψωμα
2583 1686 2975 1754 ἐπαιρόμενον
3006 1686 3156 1738 κατὰ
3195 1684 3309 1752 τῆς
3336 1684 3620 1757 τνάκτεως

367 1782 416 1824 et
467 1773 522 1824 in
569 1774 928 1842 captivitatem
982 1775 1271 1846 redigentes
1333 1794 1536 1832 omnem
1613 1780 1936 1834 intellrctum

2044 1777 2144 1831 τοῦ
2193 1777 2340 1830 Θεοῦ
2365 1816 2379 1839 ,
2433 1778 2529 1830 καὶ
2568 1774 3098 1846 αἰχμαλωτίζοντες
3147 1775 3269 1829 πᾶν
3305 1777 3506 1844 νόημα
3530 1779 3619 1841 εις

367 1862 422 1914 in
467 1860 767 1932 obsequium
805 1862 1098 1920 Christi".
1152 1865 1229 1936 (2)
1280 1864 1509 1922 Omnem
1544 1868 1884 1922 altitudinem
1922 1908 1937 1931 ,

367 1967 697 2025 omnemque
750 1956 1109 2022 intellectum,
1164 1970 1272 2009 non
1308 1956 1476 2023 hunc,
1512 1957 1593 2013 vel
1649 1958 1822 2011 illum.
1870 1957 1938 2011 Et

367 2045 422 2098 in
474 2054 717 2114 promptu
771 2045 1016 2100 habentes
1082 2047 1269 2101 ulcisci
1358 2062 1562 2100 omnem
1638 2046 1942 2101 inobedien-

370 2136 500 2190 tiam
527 2137 592 2190 ⁹⁰.
631 2135 698 2190 Ει
732 2136 859 2192 alibi
916 2152 1138 2191 rursum
1172 2157 1185 2192 :
1243 2136 1347 2203 Qui
1374 2139 1511 2191 talia
1545 2147 1708 2208 agunt
1745 2178 1760 2200 ,
1795 2138 1942 2209 digni

367 2234 491 2280 sunt
543 2237 711 2282 morte
734 2228 779 2275 ."
814 2245 830 2295 ;
862 2236 916 2282 et
952 2243 1175 2284 rursum
1220 2246 1232 2280 :
1286 2228 1392 2295 Qui
1419 2230 1475 2283 in
1520 2229 1626 2299 lege
1667 2230 1941 2300 gloriaris,

366 2333 457 2386 per
479 2321 969 2388 praevaricationem
998 2320 1124 2392 legis
1152 2320 1318 2376 Deum
1350 2321 1636 2377 inhonorus
1657 2325 1723 2376 ⁹².
1756 2321 1943 2393 Itaque

368 2411 666 2482 nihilapud
693 2412 863 2470 Deum
893 2414 1222 2485 impunitum
1252 2414 1606 2484 relinquitur.
1634 2413 1739 2469 Sed
1758 2416 1802 2470 si
1829 2415 1943 2471 haec

367 2503 531 2558 verba
566 2512 695 2559 sunt
736 2505 910 2560 solum
941 2507 1060 2562 sine
1104 2522 1192 2573 re;
1245 2522 1374 2562 ecce
1399 2506 1494 2577 qui
1532 2506 1779 2561 Corinthi
1813 2522 1945 2561 uxo-

368 2607 482 2646 rem
512 2594 682 2661 patris
699 2593 1063 2666 habebat,qui
1100 2611 1224 2651 cum
1259 2596 1364 2651 hoc
1398 2610 1508 2651 uno
1539 2603 1789 2667 excepto.
1817 2597 1945 2650 nul-

368 2683 475 2737 lius
501 2685 727 2740 alterius
749 2684 937 2758 llagitii
959 2687 1391 2754 insimularetur,
1417 2696 1597 2743 tamen
1630 2703 1738 2742 non
1768 2688 1945 2743 solum

368 2773 485 2843 ipse
505 2775 736 2829 traditur
757 2773 971 2832 Satanae
982 2777 1049 2831 ad
1070 2777 1565 2848 carnisginteritum.
1581 2776 1753 2831 donec
1768 2776 1946 2848 dignis

371 2867 700 2933 poenitentia:
720 2866 985 2923 fructibus
1006 2868 1347 2924 emendasset
1369 2875 1674 2938 peccatum,
1699 2868 1794 2924 sed
1827 2869 1948 2923 uni-

370 2971 579 3011 versam
596 2958 759 3013 simul
772 2957 1239 3030 Ecclesiam,quod
1255 2959 1306 3014 id
1322 2960 1503 3015 scelus
1520 2960 1634 3014 ulta
1655 2975 1762 3014 non
1782 2966 1947 3025 esset,

372 3047 426 3101 in
439 3048 552 3104 haec
565 3049 788 3118 conjicit
809 3048 1320 3121 vituperia.(3)Quid
1333 3064 1458 3105 vero
1470 3050 1710 3106 Ananias
1728 3050 1834 3115 ille,
1850 3066 1947 3105 cu-

366 3141 459 3207 jus
480 3141 682 3196 mentio
694 3148 777 3197 est
802 3142 855 3194 in
885 3142 1034 3196 Actis
1058 3143 1081 3195 ‘l
1105 3141 1386 3208 Quodnam
1415 3140 1561 3195 aliud
1587 3140 1787 3194 malum
1816 3157 1941 3210 per-

375 3240 615 3298 petrasse
646 3232 938 3296 invenitur,
975 3240 1171 3303 praeter
1203 3233 1337 3287 illud
1379 3232 1605 3303 ipsum?
1650 3231 1752 3286 Ubi
1782 3234 1946 3303 igitur

298 3363 306 3369 .
373 3327 597 3391 apparet
630 3361 645 3383 ,
687 3322 865 3392 ipsum
902 3324 982 3377 ira
1016 3333 1166 3378 tanta
1188 3324 1412 3395 dignum
1448 3325 1616 3381 fuisse
1642 3326 1665 3379 ?
1694 3326 1946 3381 Divendi-

372 3417 444 3469 tis
499 3415 614 3469 suis
678 3414 1052 3482 facultatibus,
1093 3420 1354 3488 pecunias
1413 3420 1607 3475 detulit
1659 3420 1727 3474 ad
1781 3421 1945 3491 pedes

373 3509 749 3577 apostolorum
794 3506 942 3563 :sed
989 3515 1210 3573 tamen,
1277 3507 1423 3578 quod
1488 3509 1724 3581 aliquam
1785 3511 1945 3583 pretii

375 3608 581 3668 partem
639 3600 1015 3671 seposuisset,
1065 3608 1352 3670 propterea
1408 3600 1597 3657 eadem
1663 3600 1796 3655 hora
1836 3617 1944 3655 una

373 3707 497 3745 eum
546 3705 718 3746 uxore
772 3700 942 3745 morte
978 3691 1269 3761 plectitur,
1312 3707 1489 3762 neque
1529 3693 1581 3747 id
1613 3700 1944 3749 consecutus

372 3790 433 3836 ut
480 3781 548 3837 de
594 3782 801 3853 agenda
834 3783 905 3838 ob
943 3783 1243 3839 admissum
1296 3793 1577 3853 peccatum
1622 3785 1943 3855 pmnitentia

372 3874 667 3944 quidquam
714 3875 966 3938 audiret,
1007 3890 1107 3930 nec
1154 3876 1347 3930 saltem
1404 3877 1627 3930 invento
1678 3886 1940 3946 tempore,

371 3983 482 4038 quo
519 3970 590 4024 ob
623 3970 804 4024 scelus
839 3968 1133 4038 compungi
1166 3977 1387 4038 posset,
1441 3982 1544 4023 nec
1599 3977 1825 4038 accepto
1876 3967 1944 4021 a:l

372 4060 638 4132 agendam
671 4059 1046 4130 paenitentiam
1083 4058 1349 4130 praeﬁnito
1378 4060 1574 4129 spatio.
1614 4059 1786 4114 Porro
1819 4060 1944 4115 talis

372 4169 436 4206 ac
478 4152 617 4206 tanti
659 4151 853 4221 judieii
891 4158 1113 4206 exactor
1144 4191 1159 4217 ,
1193 4158 1465 4221 tantaeque
1491 4149 1588 4205 Dei
1616 4152 1670 4205 in
1706 4166 1942 4222 peccari-

371 4253 482 4301 tem
531 4245 625 4299 ira:
682 4246 932 4300 minister
961 4287 975 4311 ,
1031 4245 1225 4301 beatus
1284 4245 1374 4300 ille
1418 4243 1656 4309 Petrus,
1688 4245 1943 4299 omnibus

371 4336 655 4406 discipulis
683 4336 960 4405 praelatus,
988 4335 1077 4389 cui
1107 4335 1208 4390 soli
1234 4335 1443 4404 majora
1469 4334 1593 4389 data
1625 4350 1788 4406 quam
1818 4336 1942 4391 aliis

2040 1869 2152 1936 τὴν
2184 1868 2462 1935 ὑπακοὴν
2502 1868 2606 1922 τοῦ
2660 1867 2939 1936 Χριστοῦ.
2979 1869 3090 1921 Πᾶν
3133 1867 3336 1939 ὕψωμα
3371 1869 3470 1921 καὶ
3510 1869 3620 1921 πᾶν

2040 1960 2243 2030 νόημα,
2282 1960 2402 2029 οὐχὶ
2430 1958 2588 2012 τοῦτο
2606 2000 2621 2023 ,
2653 1959 2685 2029 ἢ
2736 1961 2929 2011 ἐκεῖνο.
2966 1959 3072 2013 Καὶ
3100 1959 3169 2011 ἐν
3194 1961 3413 2026 ἐτοιζιιφ
3443 1958 3617 2028 ἕχον-

2040 2068 2140 2117 τες
2163 2048 2476 2118 ἐκδικῆσαι
2502 2048 2709 2103 πᾶσαν
2736 2047 3066 2117 παρακοήν.
3101 2049 3211 2102 Καὶ
3243 2048 3483 2118 ἀλλαχοῦ
3522 2048 3619 2101 πά-

2041 2143 2155 2197 λιν·
2193 2145 2257 2196 Οἱ
2306 2142 2378 2195 τὰ
2421 2140 2659 2195 τοιαῦτα
2709 2141 3119 2208 πράσσοντες,
3154 2140 3310 2205 ἇξιοι
3352 2138 3615 2194 θανάτου

2041 2229 2201 2283 εἰσίν
2218 2245 2233 2259 ο
2268 2229 2361 2282 καὶ
2388 2228 2547 2283 πάλιν
2565 2245 2578 2258 ο
2619 2231 2714 2294 Ὂς
2742 2230 2811 2281 ἐν
2836 2230 2996 2299 νόμῳ
3027 2228 3353 2298 καυχᾶσαι.
3381 2228 3483 2281 διὰ
3510 2227 3616 2295 τῆς

2042 2316 2433 2386 παραϐάσεως
2463 2318 2569 2372 τοῦ
2592 2321 2779 2388 νόμου
2804 2318 2913 2372 τὸν
2938 2319 3084 2373 Θεὸν
3111 2319 3428 2389 ἀτιμὰὣις.
3453 2320 3613 2372 Ὥστε

2043 2413 2194 2467 οὐδὲν
2249 2413 2596 2483 ἀνεκδίκητον
2643 2413 2861 2482 ἀφίεται
2918 2414 3067 2485 παρὰ
3110 2413 3189 2484 τῷ
3242 2414 3382 2484 Θεῷ.
3442 2415 3509 2466 El
3560 2414 3616 2466 δὲ

2043 2502 2216 2556 ταῦτα
2255 2503 2403 2571 λόγοι
2454 2503 2613 2572 μόνον
2640 2543 2655 2567 ,
2689 2502 2782 2555 καὶ
2818 2504 2880 2555 οὑ
2921 2505 3254 2575 πράγματα·
3297 2503 3408 2556 ἰδοὺ
3441 2504 3473 2554 6

2044 2597 2275 2663 γυναῖκα
2317 2592 2411 2646 τοῦ
2446 2594 2653 2671 πατρὸς
2679 2594 2735 2647 ὲν
2768 2594 3016 2665 Κορίνθῳ
3044 2592 3180 2663 ἔχων
3200 2632 3214 2657 ,
3249 2592 3403 2646 οὐδὲν
3430 2592 3615 2662 ἕτερον

2046 2684 2367 2757 ἐγκληθεὶς,
2421 2686 2514 2739 ἐπὶ
2566 2685 2741 2756 τούτῳ
2790 2687 2935 2757 μόνῳ
2970 2686 3030 2739 οὐ
3089 2685 3249 2755 μόνον
3298 2685 3469 2747 αὐτὸς
3514 2702 3617 2737 πα·

2050 2778 2318 2851 ραδίδοται
2351 2777 2430 2847 τῷ
2470 2780 2681 2849 Σατανᾷ
2709 2779 2789 2841 εἰς
2814 2777 3031 2849 ὀλεθρον
3066 2776 3166 2846 τῆς
3198 2776 3404 2847 σαρκὸς
3422 2817 3437 2840 ,
3460 2776 3615 2847 ἄχρις

2048 2868 2114 2922 ἂν
2157 2870 2269 2931 τοῖς
2296 2867 2465 2934 ἀξίοις
2514 2870 2746 2939 καρποῖς
2790 2868 2889 2938 τῆς
2927 2866 3209 2938 μετανοίας
3255 2867 3612 2938 διορθώσηται

2047 2956 2108 3010 τὸ
2138 2956 2544 3028 πλημμέλημα,
2594 2956 2728 3009 ἀλλά
2767 2958 2860 3009 καὶ
2892 2957 3036 3009 πᾶσα
3063 2955 3195 3026 ὁμοῦ
3233 2956 3266 3027 ἡ
3296 2956 3610 3024 Ἐκκλησία,

2049 3050 2170 3102 ἐπεὶ
2201 3049 2273 3121 μὴ
2313 3048 2573 3121 ἐπεξῆλθε
2619 3047 2698 3118 τῷ
2736 3049 3133 3119 ἁμαρτήματι,
3186 3049 3414 3112 ἐκείνοις
3462 3066 3611 3119 περι-

2046 3137 2296 3192 6άλλεται
2320 3138 2447 3206 ετοίς
2490 3138 2800 3208 ἐγκλήμασι
2841 3138 2938 3207 (4).
2982 3138 3046 3190 Τί
3087 3138 3146 3190 δὲ
3199 3140 3451 3202 Ἀνανίας
3486 3141 3515 3191 6
3556 3141 3613 3190 ἐν

2043 3233 2162 3294 ταῖς
2201 3231 2472 3303 Πράξεσι;
2522 3232 2575 3282 τί
2613 3230 2740 3283 ἄλλο
2786 3231 2954 3284 κακὸν
3000 3231 3319 3301 πεποιηκὼς
3365 3231 3608 3302 εὑρίσκε-

2042 3339 2165 3385 ται,
2199 3322 2232 3393 ἢ
2281 3325 2455 3376 ἐκεῖνο
2486 3324 2652 3389 arb-:6;
2685 3323 2793 3376 Ποῦ
2836 3323 2932 3376 νῦν
2963 3322 3229 3394 τοσαύτης
3269 3312 3441 3394 ὁρτῆς
3472 3323 3616 3388 ἄξιον

2046 3412 2326 3482 φαίνεται;
2360 3413 2517 3465 Ἴδιον
2553 3415 2737 3483 κτῆμα
2786 3414 3073 3485 πωλήσας,
3124 3414 3323 3484 ἤνεγκε
3369 3415 3436 3467 τὰ
3490 3420 3618 3486 χρή-

2049 3520 2193 3573 ματα
2252 3502 2423 3557 θεῖναι
2483 3504 2634 3575 παρὰ
2694 3506 2819 3567 τοὺς
2877 3505 3038 3567 πόδας
3092 3504 3203 3557 τῶν
3264 3505 3615 3565 ἀποστόλων.

2045 3597 2437 3666 νοσφισάμενος
2472 3596 2578 3649 ἀπὸ
2626 3597 2723 3667 τῆς
2759 3598 2922 3668 τιμῆς
2946 3637 2961 3659 ,
3001 3598 3094 3650 καὶ
3144 3598 3237 3650 ἐπὶ
3282 3598 3460 3667 τούτῳ
3491 3599 3615 3667 παρ’

2044 3686 2211 3758 αὐτὴν
2240 3686 2336 3758 τὴν
2383 3687 2531 3760 ὤραν
2564 3688 2678 3757 ἅμα
2710 3690 2776 3759 τῇ
2818 3690 3039 3757 γυναικὶ
3080 3689 3296 3760 θανάτῳ
3326 3689 3619 3743 καταδικά-

2046 3776 2198 3841 ζεται
2227 3821 2242 3843 ,
2286 3779 2404 3832 οὐδὲ
2455 3781 2581 3842 τοὺς
2637 3779 2765 3850 περὶ
2824 3781 3108 3850 μετανοίας
3158 3780 3351 3849 λόγους
3404 3783 3499 3833 ἐπὶ
3544 3781 3617 3850 τῷ

2046 3872 2402 3943 ἁμαρτήματι
2455 3872 2642 3939 μαθεῖν
2689 3873 3080 3940 καταξιωθεὶς,
3128 3874 3189 3925 οὗ
3247 3872 3340 3926 τοῦ
3388 3890 3619 3925 κατα-δυο

2044 3964 2205 4033 γῆναι
2249 3962 2380 4031 γοῦν
2428 3965 2520 4016 ἐπὶ
2550 3963 2723 4035 τούτῳ
2761 3965 2951 4036 καιρὸν
2989 3964 3198 4034 εὑρὼν,
3229 3965 3291 4017 οὐ
3325 3964 3418 4017 τοῦ
3456 3982 3619 4035 μετα-

2044 4055 2233 4124 νοῆσαι
2267 4053 2600 4127 προθεσμίαν
2632 4054 2831 4111 λαϐὼν.
2877 4057 2934 4110 Ὀ
2980 4056 3037 4109 δὲ
3074 4054 3170 4109 τοῦ
3222 4055 3469 4108 τοιούτου
3524 4056 3619 4108 καὶ

1991 4187 1999 4196 .
2044 4147 2362 4218 τηλικούτου
2423 4148 2688 4219 κρίματος
2723 4149 3041 4222 ὑπηρέτης,
3093 4151 3121 4202 6
3177 4148 3447 4219 μακάριος
3503 4150 3620 4203 Πέ-

2042 4258 2204 4312 τρος,
2243 4242 2271 4294 6
2300 4240 2515 4293 πάντων
2564 4241 2661 4311 μὲν
2690 4241 2796 4295 τῶν
2829 4240 3084 4313 μαθητῶν
3123 4241 3481 4313 προκριθεὶς,
3526 4244 3619 4312 μό-

2044 4352 2131 4397 νος
2182 4334 2238 4387 δὲ
2287 4334 2455 4387 πλείω
2495 4334 2603 4387 τῶν
2643 4333 2816 4387 ἄλλων
2850 4334 3220 4408 μαρτυρηθεὶς
3252 4335 3349 4387 καὶ
3385 4352 3618 4405 μακαρι-

373 4436 503 4483 sunt
539 4428 850 4483 testimonia
883 4466 900 4492 ,
941 4428 1035 4501 qui
1074 4428 1400 4498 praedicatus
1449 4437 1535 4485 est
1582 4430 1772 4485 beatus
1804 4469 1820 4494 ,
1853 4430 1940 4483 cui

2047 4425 2192 4489 σθεὶς
2214 4466 2228 4489 ,
2268 4428 2296 4478 6
2328 4425 2427 4489 τὰς
2454 4425 2601 4489 κλεῖς
2628 4427 2727 4496 τῆς
2773 4425 3047 4496 βασιλείας
3077 4425 3187 4478 τῶν
3232 4426 3481 4497 οὐρανῶν
3532 4443 3620 4479 πι-

373 4522 556 4576 clavcs
586 4519 738 4590 regni
769 4520 1032 4574 caelorum
1062 4521 1393 4577 concreditae
1432 4528 1582 4583 sunt,
1623 4535 1746 4574 eum
1792 4521 1940 4575 audit

2045 4516 2319 4580 στευθεὶς,
2371 4517 2498 4568 ὅταν
2527 4515 2699 4588 ἀκούῃ
2747 4515 2898 4585 παρὰ
2938 4515 3033 4568 τοῦ
3081 4515 3328 4586 Κυρίου,
3369 4517 3507 4569 Ἐὰν
3530 4517 3615 4585 μὴ

372 4629 404 4665 a
465 4611 714 4677 Domino,
768 4609 827 4666 Si
866 4628 969 4666 non
1004 4611 1176 4666 lavero
1223 4622 1271 4666 te
1295 4651 1311 4677 ,
1359 4630 1463 4668 non
1493 4611 1704 4666 habebis
1741 4623 1940 4679 partem

2044 4608 2199 4675 νίψω
2235 4620 2309 4660 σε
2333 4647 2346 4671 ,
2383 4608 2493 4660 οὐκ
2521 4607 2680 4676 ἔχεις
2706 4606 2887 4677 μέρος
2908 4608 3035 4675 μετ’
3075 4606 3221 4675 ἐμοῦ
3245 4647 3260 4669 ,
3317 4607 3476 4660 ποίαν
3512 4609 3619 4678 ἄρα

372 4721 576 4759 mecum
608 4705 673 4770 ⁸⁸,
714 4705 874 4774 quale
900 4719 1018 4769 cor,
1047 4719 1234 4774 quaeso
1260 4744 1275 4770 ,
1310 4711 1366 4760 et
1402 4703 1755 4774 quantumvis
1803 4704 1940 4773 lapi-

2044 4700 2137 4753 καὶ
2164 4699 2262 4771 τὴν
2294 4697 2541 4753 ὁπωσοῦν
2560 4699 2766 4771 λιθίνην
2797 4699 3023 4771 καρδίαν
3055 4700 3114 4751 οὐ
3140 4700 3456 4771 δυσωπήσει
3486 4699 3619 4769 πρὸς

373 4798 531 4852 deum
592 4797 659 4851 ad
724 4807 926 4851 metum
981 4796 1318 4864 judiciorum
1377 4794 1472 4850 Dei
1533 4810 1643 4849 non
1710 4794 1940 4849 incitet?

2044 4790 2207 4860 φόϐον
2244 4789 2350 4842 τῶν
2396 4789 2491 4843 τοῦ
2537 4790 2671 4843 Θεοῦ
2728 4791 3047 4861 κριμάτων;
3103 4790 3198 4845 καὶ
3235 4790 3451 4853 ταῦτα,
3499 4791 3615 4843 οὐδὲ

375 4886 673 4955 praesertim
730 4900 856 4939 cum
910 4886 1116 4941 nullius
1167 4882 1428 4955 peccati,
1483 4882 1755 4937 nulliusve
1810 4896 1944 4935 con-

374 4989 613 5050 temptus
671 4978 1121 5048 signiﬁcationem
1181 4979 1346 5032 ullam
1379 4976 1665 5039 dedisset,
1697 4976 1808 5029 imo
1847 4990 1943 5044 po-

374 5074 480 5129 tius
524 5071 743 5143 egregio
797 5070 1006 5125 honore
1065 5069 1353 5124 Dominum
1423 5066 1695 5149 aliecisset
1745 5082 1938 5131 suum;

2051 4882 2178 4950 μιᾶς
2217 4880 2314 4951 μὲν
2338 4881 2607 4951 ἁμαρτίας
2634 4920 2648 4940 ,
2682 4881 2803 4933 οὐδὲ
2853 4882 2981 4950 μιᾶς
3015 4881 3476 4952 καταφρονήσεως
3525 4879 3619 4947 ἑμ-

2048 4989 2210 5041 φασιν
2247 4972 2371 5035 δοὺς
2395 5011 2408 5032 ,
2449 4974 2581 5042 τιμῇ
2621 4970 2676 5022 δὲ
2715 4970 2913 5041 μᾶλλον
2935 4972 2999 5040 τῇ
3043 4971 3172 5040 περὶ
3215 4970 3307 5022 τὸν
3344 4970 3617 5036 Δεσπότην

2049 5062 2462 5133 ὑπερϐαλλούσῃ
2488 5062 2562 5130 (ὅ)
2597 5061 2939 5133 χρησάμενος
2957 5101 2971 5125 ,
2999 5062 3092 5114 καὶ
3112 5060 3211 5131 τὴν
3230 5062 3621 5132 ,προσήκουσαν

2210 5219 2256 5250 ⁹⁰
2286 5219 2414 5272 ibid.
2453 5218 2504 5271 ϐ.
2612 5219 2654 5250 ⁹¹
2680 5218 2835 5271 Rom.
2880 5232 2917 5279 l,
2961 5216 3050 5270 52.
3160 5216 3206 5248 ”
3248 5215 3407 5271 Rom.
3444 5218 3616 5280 11,23.

441 5231 484 5261 ⁸⁷
504 5229 632 5284 Luc.
657 5243 756 5292 xu,
785 5226 874 5280 47.

373 5300 415 5331 ⁸³
439 5299 595 5354 Jnan.
634 5314 753 5356 xm.
801 5297 855 5351 8.

976 5226 1024 5259 ⁸⁸
1052 5225 1238 5280 Matth.
1271 5237 1418 5287 xx:v,
1450 5223 1538 5278 55.
1639 5223 1682 5253 ⁸³
1715 5221 1753 5275 Η
1783 5221 1910 5282 Cor,
1949 5236 2001 5303 ιε,
2047 5220 2098 5273 5.

444 5448 519 5515 (1)
546 5448 622 5501 Ex
654 5447 927 5501 Prommio
953 5445 1027 5499 De
1047 5446 1250 5515 judicio
1285 5445 1397 5506 Dei,
1427 5444 1530 5497 3l9

439 5519 519 5592 ιι)
551 5518 683 5592 ψεαρ
712 5517 837 5592 2.20-

444 5586 521 5648 '(5l
554 5588 692 5641 Ιὺισι.
726 5586 823 5641 ναι
840 5628 852 5639 .

447 5658 521 5726 (4)
567 5655 695 5721 Τοῖς
721 5654 1073 5725 ἐγκλήμασι.
1106 5654 1440 5711 Bcferuntur
1467 5653 1520 5709 in
1549 5658 1802 5710 contextu
1836 5651 1939 5706 illa:

2049 5439 2480 5502 criminationes,
2516 5454 2728 5508 nen‘lpe,
2770 5437 2911 5504 Quid
2947 5437 3127 5500 vultis,
3153 5438 3207 5490 in
3237 5437 3385 5506 virga
3420 5438 3619 5489 veniam

2050 5510 2119 5562 ad
2152 5511 2282 5563 vos?
2305 5518 2409 5562 etc.
2790 5566 2795 5570 .

2122 5578 2197 5646 (3)
2240 5579 2754 5649 'mspsauocan.
2802 5576 2954 5634 Hanc
3008 5591 3194 5633 vocem
3244 5592 3311 5632 ex
3363 5584 3618 5632 contextu

2047 5649 2473 5718 desumpsimus.
