3874 6224
190 322 331 379 1205

1315 322 1545 379 SERMO
1578 322 1690 379 VII.
1732 355 1803 367 —
1844 323 1931 378 DE
1973 321 2309 387 PECCATO.

3301 331 3438 387 {206

182 442 357 513 δούλῳ
395 442 487 496 καὶ
529 441 739 512 μαθητῇ
791 440 1076 494 εὐλάϐειαν
1128 442 1548 512 ἐπιδειξάμενος.
1617 441 1755 495 Ἰδὼν

1865 457 1928 500 ac
1979 447 2390 502 convenientem
2445 461 2606 502 servo
2657 455 2712 502 et
2751 445 3024 517 άίιιοίρυιο
3072 451 3437 504 reverentiam

181 549 222 600 γ
266 550 297 603 ρ
330 533 417 585 τὸν
447 533 640 586 ἑαυτοῦ
674 534 768 586 καὶ
798 532 1012 584 πάντων
1037 530 1237 601 Κύριον
1264 572 1276 594 ,
1319 532 1411 584 καὶ
1457 532 1588 584 Θεὸν
1615 573 1627 590 .
1667 535 1760 584 καὶ

184 622 448 691 βασιλέα,
489 622 583 676 καὶ
615 623 875 693 Σωτῆρα,
923 625 1015 675 καὶ
1041 620 1176 692 ὁμοῦ
1213 621 1283 674 τά
1330 623 1529 685 πάντα,
1569 625 1624 674 ὲν
1658 624 1760 675 ὑπ-

180 715 381 784 ηρέτου
413 716 649 786 σχήματι
681 713 1083 783 διαζωσάμενον
1106 713 1167 765 τὸ
1180 712 1402 776 λέντιον,
1424 716 1516 767 καὶ
1548 716 1758 767 νίπτειν

180 807 308 870 τοὺς
337 807 502 869 πόδας
529 805 693 859 αὐτοῦ
730 805 1068 876 βουλόμενον,
1108 804 1267 867 εὐθὺς
1296 804 1483 874 ὥσπερ
1520 807 1599 868 εἰς
1629 822 1753 857 συν-

178 897 443 967 αίσθησιν
488 896 658 950 ἐλθὼν
705 900 805 969 τῆς
857 896 1059 958 οἰκείας
1112 893 1490 966 ἀναξιότητος,
1549 897 1642 948 καὶ
1694 896 1755 947 τὸ

178 988 401 1059 ἀξίωμα
427 988 519 1040 τοῦ
554 988 989 1059 προσερχομένου
1019 985 1386 1054 καταπλαγεὶς
1407 1026 1421 1050 ,
1463 988 1715 1057 ὲξεϐόησε
1739 1006 1751 1018 ·

179 1084 397 1151 Κύριε,
436 1084 517 1137 σύ
555 1100 675 1151 μου
716 1083 945 1147 νίπτεις
974 1081 1115 1148 τοὺς
1163 1082 1388 1146 adduc;
1431 1083 1524 1135 καὶ
1558 1082 1749 1135 πάλινο

183 1175 270 1227 οὐ
291 1171 376 1242 μή
397 1191 516 1241 μου
540 1174 727 1240 νίψῃς
754 1172 897 1238 τοὺς
926 1172 1114 1239 πόδας
1142 1176 1229 1238 εἰς
1259 1174 1364 1226 τὸν
1387 1173 1589 1229 αἰῶνα.
1633 1174 1754 1226 Ἐπὶ

177 1263 359 1334 τούτῳ
389 1264 487 1335 τὴν
542 1264 807 1332 τοσαύτην
852 1264 1126 1335 ἐκδέχεται
1162 1264 1390 1337 ἀπειλὴν
1414 1306 1428 1329 ,
1470 1266 1544 1330 ὡς
1581 1268 1627 1319 εί
1680 1268 1753 1337 μὴ

176 1353 384 1423 ἔφθασε
438 1358 504 1425 τῇ
557 1355 817 1425 ταχύτητι
865 1356 957 1408 καὶ
1000 1357 1317 1428 σφοδρότητι
1374 1358 1469 1428 τῆς
1510 1357 1756 1428 ὑπακοῆς

177 1444 615 1516 διορθωσάμενος
655 1447 753 1517 τὴν
788 1447 1093 1516 ἀντιλογίαν
1120 1489 1134 1512 ,
1185 1449 1334 1501 οὐδὲν
1374 1450 1439 1502 ἂν
1470 1448 1617 1520 αὐτῷ
1647 1449 1755 1502 τῶν

179 1538 336 1610 παρὰ
378 1537 471 1591 τοῦ
524 1538 727 1609 Κυρίου
783 1541 1142 1611 μακαρισμῶν
1185 1559 1242 1594 τε
1284 1543 1376 1595 καὶ
1406 1541 1620 1612 δωρεῶν
1661 1544 1755 1596 καὶ

176 1630 560 1699 ἐπαγγελιῶν,
594 1632 713 1685 οὐδὲ
746 1633 882 1703 αὐτὴ
921 1636 952 1702 ἡ
993 1633 1085 1685 τού
1121 1633 1197 1705 (i)
1227 1633 1360 1687 Θεοῦ
1405 1635 1498 1688 καὶ
1543 1635 1753 1705 Πατρὸς

175 1725 283 1794 τῆς
318 1723 572 1796 τοιαύτης
615 1726 707 1777 καὶ
759 1725 1028 1797 τοσαύτης
1066 1729 1146 1790 εἰς
1177 1728 1267 1780 τὸν
1323 1730 1583 1801 μονογενῆ
1625 1730 1752 1783 Υίὺν

174 1817 431 1881 εὐδοκίας
476 1818 813 1888 ἀποκάλυψις
849 1821 1049 1891 ἤρκεσε
1100 1820 1601 1892 παραμυθήσασθαι
1653 1822 1751 1894 τὴν

177 1924 256 1960 πα
267 1907 464 1978 ροῦσαν
498 1910 800 1964 ἀπείθειαν.

249 1999 305 2052 6.
354 1999 514 2054 Ἀλλὰ
539 2001 709 2054 ταῦτα
748 2003 846 2073 μὲν
868 2004 960 2056 ἐὰν
987 2004 1122 2057 θέλω
1148 2004 1468 2073 καταλέγειν
1490 2049 1504 2071 ,
1535 2007 1635 2059 ὅσα
1664 2008 1753 2058 εύ-

181 2090 357 2162 ρίσκω
387 2086 451 2146 έδέ
475 2110 535 2146 τε
564 2093 663 2164 τῆς
695 2095 932 2159 Παλαιᾶς
963 2098 1054 2150 καὶ
1086 2098 1292 2167 Καινῆς
1316 2099 1610 2171 Διαθήκης,
1634 2103 1753 2154 ἐπι-

177 2180 355 2251 λείψει
394 2200 460 2251 με
511 2183 651 2254 τάχα
683 2184 1036 2256 διηγούμενον
1070 2188 1098 2237 6
1126 2187 1336 2257 χρόνος.
1396 2187 1541 2259 Πλὴν
1581 2191 1755 2244 ἐκεῖνο

182 2272 348 2340 μόνον
376 2272 510 2343 πρὸς
542 2274 603 2327 τὸ
634 2275 806 2345 παρὸν
843 2276 1210 2346 μνημονεῦσαι
1249 2279 1544 2346 ἀναγκαῖον
1568 2321 1581 2343 ,
1615 2282 1674 2334 τὸ
1695 2283 1754 2335 ὲν

176 2365 247 2432 τῇ
310 2363 518 2436 μεγάλῃ
569 2365 661 2418 καὶ
698 2365 902 2437 φοϐερᾷ
952 2370 1052 2437 τῆς
1108 2368 1338 2438 κρίσεως
1382 2370 1566 2440 ἡμέρᾳ
1618 2372 1752 2442 πρὸς

177 2454 311 2516 τοὺς
338 2454 396 2518 ἐξ
423 2455 723 2526 ἀριστερῶν
755 2457 846 2510 τοῦ
876 2459 1080 2530 Κυρίου
1114 2460 1271 2530 ἡμῶν
1311 2459 1485 2531 Ἰησοῦ
1518 2463 1751 2533 Χριστοῦ

181 2544 510 2612 ἱσταμένους
563 2546 750 2616 λεχθὲν
810 2549 940 2620 παρ’
998 2549 1159 2603 αὑτοῦ
1204 2567 1218 2580 ο
1259 2553 1589 2618 Πορεύεσθε
1652 2555 1752 2607 ἀπ’

176 2631 350 2701 ἐμοῦ,
385 2638 439 2687 οι
472 2636 891 2705 κατηραμένοι,
920 2641 1007 2705 εις
1039 2639 1105 2692 τὸ
1133 2639 1251 2708 πῦρ
1281 2640 1345 2694 τὸ
1377 2640 1615 2696 αἰώνιον
1639 2684 1654 2711 ,
1688 2643 1753 2697 τὸ

178 2725 630 2795 ἡτοιμασμένον
657 2726 738 2793 τῷ
762 2728 1015 2796 διαϐόλῳ
1032 2771 1046 2793 ,
1074 2731 1169 2784 καὶ
1196 2731 1322 2797 τοῖς
1350 2733 1626 2804 ἀγγέλοις
1649 2738 1754 2788 αὺ-

176 2816 290 2871 τοῦ
311 2836 324 2849 ·
354 2819 451 2890 οὐχ
492 2821 574 2872 ὅτι
617 2819 942 2888 ἐφονεύσατε
965 2864 979 2886 ,
1012 2823 1043 2893 ἢ
1077 2823 1439 2894 ἐπορνεύσατε
1465 2865 1481 2890 ,
1525 2825 1558 2896 ἢ
1589 2825 1753 2896 ἐψεύ-

179 2909 352 2964 σασθε
371 2949 385 2973 ,
422 2913 454 2983 ἧ
479 2929 600 2967 τινα
625 2913 918 2984 ἠδικήσατε
938 2955 953 2979 ,
985 2915 1017 2986 ἢ
1062 2915 1189 2970 ἄλλο
1228 2934 1280 2969 τι
1318 2918 1425 2971 τῶν
1451 2905 1753 2991 ἀπηγορευ-

180 3003 363 3073 μένων
386 3045 400 3068 ,
451 3005 552 3058 κᾶν
598 3006 657 3059 τὸ
711 3005 1045 3078 βραχύτατον
1079 3008 1241 3076 γοῦν,
1289 3009 1561 3081 ἐπράξατε
1587 3051 1602 3076 ,
1636 3010 1749 3064 ἁλλ’

1862 535 2215 592 declarasset.
2271 538 2406 592 Cum
2447 543 2595 596 enim
2645 538 2874 594 vidisset
2912 554 3071 595 suum
3120 550 3173 595 et
3219 542 3438 597 univer-

1862 641 2048 680 sorum
2108 627 2399 683 Dominum
2437 645 2500 685 ac
2529 628 2699 683 Deum
2740 670 2754 693 ,
2821 637 2875 684 et
2909 644 3089 698 regem
3116 672 3130 695 ,
3162 637 3217 685 et
3249 646 3437 686 serva-

1859 725 2034 773 torem
2098 721 2371 792 simulque
2416 721 2599 776 omnia
2632 762 2646 786 ,
2680 721 2736 775 in
2772 722 3011 777 ministri
3047 722 3236 777 habitu
3265 722 3435 778 linteo

1858 809 2101 863 cinctum
2132 851 2147 875 ,
2195 818 2250 865 et
2305 811 2470 881 pedes
2533 811 2708 881 ipsius
2764 811 2949 866 lavare
2986 811 3278 878 volentem,
3308 826 3431 865 mox

1858 908 1916 952 ut
1957 901 2215 956 conscius
2265 901 2609 971 indignitatis
2661 917 2774 957 suae
2804 944 2819 968 ,
2877 910 2931 957 et
2981 899 3052 955 ob
3121 900 3433 956 accedentis

1858 991 2179 1063 dignitatem
2217 993 2508 1057 attonitus,
2542 990 2865 1046 exclamavit
2889 1007 2902 1042 :
2924 989 3167 1054 Domine,
3199 997 3256 1042 tu
3304 987 3433 1041 mihi

1857 1086 2004 1139 lavas
2044 1083 2195 1154 pedes
2218 1084 2310 1137 “‘i
2354 1092 2409 1139 et
2450 1086 2647 1140 iterum
2697 1100 2711 1136 :
2767 1081 2891 1138 Non
2930 1082 3131 1138 lavabis
3160 1080 3289 1137 mihi
3340 1096 3431 1152 pe-

1859 1180 1950 1233 des
1987 1180 2044 1232 in
2081 1186 2335 1232 wternum
2357 1178 2426 1230 ".
2490 1176 2604 1231 Hac
2638 1176 2706 1232 de
2749 1191 2917 1232 causa
2971 1183 3139 1229 tantae
3168 1175 3219 1230 ei
3251 1174 3430 1228 inten-

1856 1271 2063 1326 duntur
2117 1269 2316 1334 minae,
2366 1276 2426 1322 ut
2509 1269 2615 1324 nisi
2667 1268 2830 1324 celeri
2889 1282 2953 1322 ac
3018 1265 3227 1323 fervida
3299 1265 3429 1320 obc-

1856 1363 2060 1419 dientia
2143 1361 2493 1417 emendasset
2547 1359 3084 1422 contradictionem,
3139 1372 3250 1412 non
3317 1354 3429 1411 Do-

1857 1456 1991 1511 mini
2053 1453 2368 1511 testimonia
2401 1454 2623 1507 beatum
2676 1466 2801 1506 eum
2851 1449 3257 1520 ~praedicantia,
3316 1460 3428 1502 non

1855 1548 1998 1604 dona
2031 1590 2045 1615 ,
2097 1563 2207 1604 non
2237 1546 2510 1617 promissa
2537 1585 2552 1609 ,
2590 1558 2768 1614 neque
2799 1545 2962 1597 etiam
2993 1549 3217 1611 accepta
3246 1554 3276 1593 a
3315 1538 3428 1595 Deo

1853 1648 1908 1702 et
1954 1639 2115 1695 Patre
2158 1639 2282 1694 talis
2312 1653 2376 1692 ac
2426 1646 2597 1691 tanta:
2622 1637 2676 1689 in
2718 1634 2917 1689 Filium
2969 1633 3300 1703 unigenitum
3334 1632 3428 1687 be-

1855 1730 2180 1786 nevolentiae
2207 1727 2491 1791 revelatio,
2527 1725 2690 1797 509
2726 1725 2869 1779 hanc
2895 1722 3319 1779 inobedientiam
3340 1736 3428 1777 sa-

1858 1837 1989 1878 nare
2006 1821 2297 1892 potuisset.

1920 1999 1972 2053 6.
2014 1995 2117 2053 Sed
2146 1996 2193 2053 sl
2238 1994 2421 2050 omnia
2451 2006 2742 2049 recensere
2772 1991 2932 2046 velim
2955 2032 2970 2057 ,
3004 2005 3127 2061 quae
3152 1990 3207 2044 in
3243 1988 3426 2046 Veteri

1852 2105 1916 2144 ac
1944 2088 2098 2145 Novo
2129 2089 2481 2143 Testamento
2511 2082 2806 2139 nanciscor
2827 2121 2843 2144 ,
2895 2078 3136 2137 fortasse
3191 2095 3424 2137 narran-

1852 2190 1961 2239 tem
2023 2196 2110 2235 me
2155 2188 2370 2248 tempus
2428 2174 2662 2230 deﬁciet.
2726 2174 2802 2246 (‘5)
2838 2171 2995 2229 Nunc
3035 2173 3168 2228 illud
3214 2180 3424 2228 tantum

1853 2269 2394 2331 commemorandum
2426 2275 2544 2333 est,
2576 2267 2722 2337 quod
2754 2267 2809 2321 in
2862 2281 3058 2337 magna
3088 2280 3151 2320 ac
3195 2265 3425 2322 bon-ren-

1853 2368 1921 2421 da
1964 2365 2158 2435 judicii
2198 2363 2286 2417 die
2316 2361 2580 2415 Dominus
2616 2369 2803 2415 noster
2835 2357 2995 2415 Jesus
3023 2357 3276 2415 Christus
3312 2359 3422 2425 his,

1854 2461 1947 2529 qui
1975 2459 2043 2513 ad
2073 2459 2262 2511 laevam
2307 2456 2482 2525 ipsius
2530 2452 2756 2507 stabunt
2787 2453 3036 2508 dicturus
3079 2460 3164 2507 est
3196 2471 3211 2507 :
3245 2449 3427 2507 Disce-

1854 2551 1962 2605 dite
1991 2567 2023 2602 a
2054 2565 2153 2611 me,
2211 2545 2482 2601 maledicti
2513 2587 2527 2611 ,
2560 2545 2616 2597 in
2658 2546 2830 2614 ignem
2866 2552 3121 2598 ceternum
3145 2584 3161 2611 ,
3192 2545 3283 2614 qui
3330 2560 3430 2613 pac-

1854 2653 2004 2696 ratus
2030 2650 2106 2694 est
2136 2638 2369 2700 diabolo,
2419 2646 2470 2691 et
2518 2635 2714 2707 angelis
2751 2635 2867 2703 eius
2900 2635 2986 2687 ’σε
3019 2648 3127 2689 non
3161 2635 3290 2705 quia
3334 2650 3430 2690 oc-

1854 2734 2087 2798 cidistis,
2123 2740 2217 2787 aut
2239 2730 2507 2785 Jornicati
2532 2731 2666 2785 estis
2689 2770 2703 2794 ,
2758 2735 2851 2782 aut
2901 2728 3249 2783 mendacium
3281 2728 3427 2784 dixi-

1854 2826 1998 2889 stis,
2057 2831 2151 2878 aut
2203 2821 2437 2891 cuipiam
2492 2820 2758 2876 intulistis
2809 2818 3108 2889 injuriam,
3156 2826 3249 2873 aut
3279 2819 3428 2874 aliud

1852 2918 2150 2990 quidquam
2202 2915 2397 2970 saltem
2447 2912 2876 2967 minutissimum
2916 2928 2982 2968 ex
3029 2912 3101 2967 iis
3129 2926 3252 2982 quae
3299 2926 3431 2981 pro-

1852 3011 2023 3065 hibita
2066 3015 2230 3072 sunt,
2284 3006 2494 3062 fecistis
2536 3025 2550 3060 :
2607 3006 2701 3062 sed
2735 3007 2868 3076 quia
2926 3005 3070 3060 bona
3120 3019 3289 3075 opera
3331 3019 3433 3059 ne-

176 3096 265 3148 ὃτι
299 3095 406 3148 τῶν
433 3096 650 3165 ἀγαθῶν
679 3097 853 3169 ἔργων
885 3098 1214 3170 ἠμελήσατε.
1263 3101 1581 3156 Ἐπείνασα
1616 3102 1748 3172 γὰρ,

1859 3102 2120 3176 glexistis.
2152 3100 2366 3155 Esurivi
2397 3101 2554 3167 enim,
2592 3099 2789 3168 inquit,
2825 3107 3001 3152 etnon
3024 3097 3248 3153 dedistis
3300 3097 3431 3152 mihi

176 3187 347 3257 φησὶ,
377 3189 471 3242 καὶ
503 3191 614 3243 οὐκ
636 3187 893 3243 ἐδώκατέ
913 3208 1013 3260 μοι
1039 3191 1253 3260 φαγεῖν
1275 3208 1288 3223 ’
1317 3192 1617 3261 ἐδίψησα,
1655 3192 1754 3248 καὶ

175 3282 295 3333 οὐκ
333 3280 651 3334 ἐποτίσατέ
677 3298 755 3349 με
778 3300 790 3312 ι
823 3283 1088 3350 ἀσθενὴς
1117 3283 1214 3338 καὶ
1242 3285 1314 3337 ἐν
1342 3284 1588 3354 φυλακῇ
1605 3328 1620 3351 ,
1655 3286 1753 3340 καὶ

175 3373 295 3425 οὐκ
333 3372 753 3441 ἐπεσκέψασθέ
777 3390 871 3443 με.
910 3375 966 3427 Ὀ
990 3375 1166 3429 τοίνυν
1203 3376 1276 3446 μὴ
1308 3375 1752 3448 ἐκθηλυνόμενος,

180 3460 321 3534 μηδὲ
361 3466 884 3537 κατακαμπτόμενος
913 3466 1016 3518 ὑπὸ
1062 3467 1159 3537 τῆς
1190 3469 1540 3538 ἐγκρατείας,
1577 3471 1755 3523 πᾶσαν

178 3554 362 3626 φυγὴν
400 3555 476 3626 (2)
527 3557 938 3628 ἁμαρτημάτων
971 3556 1358 3629 κατώρθωσεν
1400 3560 1448 3611 εί
1475 3558 1531 3611 δὲ
1558 3557 1628 3611 τὰ
1657 3558 1755 3629 μὲν

178 3648 408 3702 πλεῖστα
432 3649 630 3719 ἔφυγεν
655 3688 670 3713 ,
722 3651 810 3718 ὑφ’
843 3651 971 3714 ἐνὸς
993 3651 1048 3704 δὲ
1078 3654 1391 3722 κρατεῖται,
1420 3651 1519 3703 οὐκ
1553 3652 1755 3722 ἐγκρα-

174 3745 281 3814 τὴς
334 3747 363 3798 6
413 3743 690 3808 τοιοῦτος,
747 3745 820 3807 ὡς
878 3744 1002 3797 οὔτε
1058 3745 1215 3815 ὑγιὴς
1261 3746 1289 3797 6
1337 3744 1414 3798 ἐνὶ
1462 3742 1757 3815 σωματικῷ

179 3836 348 3889 πάθει
387 3836 884 3908 παρενοχλούμενος
907 3852 919 3866 ’
949 3834 1071 3889 οὔτε
1120 3834 1403 3906 ἐλεύθερος
1440 3837 1468 3888 6
1521 3835 1610 3904 ὑφ’
1641 3836 1758 3899 ἐνὸς

181 3928 279 3981 καὶ
303 3926 397 3981 τοῦ
426 3928 679 3999 τυχόντος
708 3927 1117 3999 κυριευὸμενος.
1150 3927 1277 3989 Τοῖς
1309 3926 1410 3996 μὲν
1434 3922 1525 3979 οὖν
1564 3925 1759 3996 ίάσιμα

178 4021 587 4091 ἁμαρτάνουσιν
631 4019 845 4073 ἀπειλεί
896 4021 925 4072 6
976 4019 1171 4087 λόγος,
1227 4018 1650 4071 ἐπισκέπτεσθαι
1701 4021 1758 4071 ὲν

181 4112 367 4183 ῥάϐδῳ
397 4112 496 4174 τάς
526 4112 753 4181 ἀνομίας
787 4109 966 4164 αὐτῶν
991 4150 1005 4174 ,
1061 4110 1153 4163 καὶ
1184 4111 1243 4162 ὲν
1275 4109 1491 4180 μάστιξι
1517 4109 1617 4170 τὰς
1647 4110 1760 4162 est-

180 4201 308 4263 κίας
335 4200 547 4253 αὐτῶν·
582 4203 692 4263 τοῖς
734 4200 791 4252 δὲ
829 4199 1063 4262 ἀνιάτως
1115 4198 1298 4270 ἔχουσι
1347 4199 1527 4268 λέγει·
1580 4202 1641 4254 Τί
1671 4200 1759 4253 ἔτι

179 4293 477 4361 πληγῆτε,
508 4292 684 4355 πάσας
708 4289 1138 4361 διεξεληλυθότες
1162 4290 1259 4354 τὰς
1294 4291 1533 4361 πληγάς;
1566 4291 1760 4346 Πασῶν

180 4386 624 4455 κατεφφνήσατε
658 4384 767 4436 τῶν
807 4383 1244 4453 ἐπιστρεπτικῶν
1283 4386 1559 4455 μαστίγων
1584 4425 1598 4450 ,
1632 4402 1757 4439 συν-

1854 3192 2179 3248 manducare
2219 3208 2237 3246 :
2287 3192 2430 3246 sitivi
2455 3231 2469 3255 ,
2517 3201 2568 3244 et
2625 3207 2729 3244 non
2771 3189 2992 3244 dedistis
3038 3190 3167 3244 mihi
3197 3198 3378 3258 potum
3411 3206 3430 3244 :

1854 3287 2099 3357 inﬁrmus
2149 3294 2199 3340 et
2229 3286 2284 3339 in
2337 3299 2566 3347 carcere,
2606 3292 2655 3337 et
2688 3298 2791 3337 non
2831 3284 3088 3338 visitastis
3128 3299 3209 3337 me
3232 3283 3300 3338 π.
3328 3281 3432 3348 Qui

1855 3379 2022 3450 igitur
2072 3376 2301 3432 mollitie
2347 3392 2454 3431 non
2510 3373 2707 3430 difﬂuit
2735 3415 2749 3440 ,
2812 3382 2867 3430 et
2916 3390 2947 3429 a
2996 3373 3335 3429 continentia
3369 3388 3434 3427 ac

1856 3469 2215 3539 temperantia
2242 3468 2464 3522 minime
2493 3465 2754 3532 deﬂectit,
2809 3465 2855 3519 is
2896 3479 3006 3521 non
3037 3479 3254 3519 omnem
3308 3477 3432 3532 pec-

1856 3560 1964 3615 cati
2014 3560 2197 3630 fugam
2250 3565 2580 3633 consecutus
2612 3566 2695 3612 est
2743 3572 2756 3607 :
2818 3557 2913 3611 sed
2949 3557 2995 3611 si
3028 3556 3263 3625 plurima
3310 3554 3435 3623 qui-

1856 3653 1979 3708 dem
2027 3651 2245 3720 eﬂ‘ugit,
2312 3650 2383 3705 ab
2435 3665 2546 3704 uno
2602 3662 2735 3704 vero
2787 3655 3079 3717 superatus
3128 3653 3263 3712 est,
3322 3659 3435 3699 non

1858 3750 2168 3810 temperans
2235 3740 2327 3795 ille
2362 3747 2447 3793 est
2471 3778 2487 3804 ,
2520 3746 2580 3792 ut
2610 3751 2792 3813 neque.
2824 3751 2994 3793 sanus
3029 3736 3122 3805 qui
3152 3735 3239 3790 vel
3267 3734 3435 3789 unico

1858 3834 2105 3905 corporis
2161 3832 2354 3887 morbo
2402 3831 2676 3902 agitatur:
2716 3844 2893 3900 neque
2958 3828 3137 3892 liber,
3196 3827 3290 3896 qui
3337 3826 3435 3880 uni

1858 3927 2172 3996 quicunque
2217 3924 2306 3979 ille
2363 3925 2435 3979 sit
2485 3922 2708 3977 domino
2749 3929 2922 3992 paret.
2970 3920 3044 3992 (4)
3080 3918 3177 3974 His
3212 3916 3432 3989 quidem

1858 4033 2094 4089 quorum
2171 4016 2442 4071 sanabilia
2526 4023 2656 4070 sunt
2734 4020 2998 4084 peccata,
3052 4011 3437 4067 intermittatur

1862 4112 2147 4183 Scriptura
2201 4108 2316 4165 fore
2343 4149 2358 4173 ,
2393 4116 2454 4162 ut
2497 4106 2678 4163 visitet
2722 4104 2989 4159 Dominus
3008 4117 3200 4159 eorum
3232 4101 3437 4172 iniqui-

1861 4213 1999 4260 tates
2048 4205 2102 4257 in
2156 4203 2350 4273 virga,
2408 4208 2462 4256 et
2495 4213 2684 4254 eorum
2743 4196 3050 4266 injustitias
3083 4197 3137 4250 in
3190 4194 3432 4250 verberi-

1862 4293 1964 4348 bus
1989 4292 2086 4358 ⁹⁷·;
2137 4291 2232 4346 sed
2291 4289 2378 4344 his
2409 4289 2503 4360 qui
2539 4286 2914 4343 insatiabiliter
2960 4291 3324 4357 peccaverunt
3355 4284 3440 4341 di-

1863 4388 1936 4441 cit
1986 4401 1997 4436 :
2051 4384 2191 4450 Quid
2244 4383 2416 4437 adhuc
2464 4381 2834 4453 percutiamini
2860 4379 2908 4413 ⁶⁸
2944 4418 2961 4445 ,
3006 4380 3195 4451 plagas
3245 4393 3437 4434 omnes

179 4477 423 4548 τριμμὺς
477 4477 619 4547 ὑμᾶς
675 4476 846 4546 μένει.
901 4476 1018 4529 Τῶν
1068 4477 1124 4529 δὲ
1177 4478 1577 4548 περιστατικῶς
1625 4494 1755 4548 συμ-

1864 4473 2131 4544 experti?
2192 4471 2388 4527 Omnia
2444 4470 2859 4541 contempsistis
2905 4469 3109 4525 inﬂicta
3153 4469 3219 4525 ad
3251 4483 3439 4525 emen-

180 4569 479 4624 σαινόντων
529 4569 650 4622 τινὰ
705 4569 803 4639 μὲν
841 4569 1252 4639 ἁμαρτημάτων
1297 4570 1456 4622 ’ἑνεκα
1506 4570 1753 4637 γίνεται’

178 4663 307 4717 τινὰ
338 4662 395 4715 δὲ
422 4663 501 4724 εἰς
525 4661 807 4732 διόρθωσιν
835 4661 929 4713 τοῦ
974 4660 1140 4731 ἤθους
1168 4660 1275 4713 τῶν
1307 4660 1717 4732 πειραζομένων
1741 4677 1755 4691 ·

178 4755 320 4811 ἄλλα
364 4754 421 4806 δὲ
456 4753 596 4824 ὑπὲρ
628 4751 720 4805 τού
768 4751 1082 4821 ὲκτριὸῆναι
1112 4752 1236 4815 τοὺς
1284 4752 1758 4823 ἀπεγνωσμένους,

178 4849 258 4912 ὡς
313 4846 405 4899 ἐπὶ
449 4845 544 4898 τοῦ
592 4844 808 4918 Φαραώ.
870 4845 1091 4908 Τούτοις
1140 4844 1248 4915 γάρ
1298 4844 1480 4897 οὐκέτι
1534 4844 1757 4913 πληγαὶ,

177 4936 305 4991 οὐδὲ
346 4938 641 5006 μάστιγες,
693 4936 805 4989 ἀλλ’
833 4935 1135 5005 άφανισμὸς
1188 4935 1512 4990 ἀπειλεῖται.
1574 4937 1635 4990 Τί
1676 4935 1761 4989 ἔτι

179 5024 488 5095 πληγῆτε,
521 5019 595 5079 ὧν
648 5026 741 5080 καὶ
779 5026 847 5079 τὰ
886 5025 1111 5097 σώματα
1162 5025 1255 5077 καλ⁹
1287 5027 1339 5078 αἱ
1377 5025 1547 5095 ψυχαὶ
1586 5043 1762 5095 μεμαο

181 5116 508 5183 στίγωνται,
543 5118 637 5170 καὶ¹
676 5116 913 5186 οὐδαμοῦ
954 5119 987 5188 ἡ
1020 5115 1340 5186 διόρθωσις;
1395 5115 1507 5167 ἔστι
1539 5115 1594 5167 δὲ
1629 5115 1759 5168 πολ-

178 5210 339 5273 λάκις
371 5209 465 5261 καὶ
487 5211 520 5278 ἡ
547 5208 701 5272 νόσος
732 5209 1004 5280 ὠφέλιμος
1029 5249 1044 5273 ,
1080 5210 1207 5261 ὅταν
1239 5208 1606 5276 παιδαγωγεῖν
1639 5207 1761 5278 μέλ-

258 5364 306 5396 ⁹¹⁵
338 5363 497 5420 Joan.
540 5380 661 5433 xm,
681 5364 733 5419 6.
809 5365 856 5397 ⁸⁸
903 5364 1033 5419 ibid.
1066 5364 1118 5419 8.
1195 5364 1241 5396 ⁹⁶
1272 5362 1460 5418 Matth.
1495 5378 1625 5425 xxv,
1658 5363 1747 5416 Η.

1859 5362 1869 5392 ί
1897 5361 2029 5415 ibid.
2063 5359 2152 5414 42.

358 5521 522 5604 Αρτὴ
612 5522 739 5602 τοῦ.
785 5521 877 5577 Sic
902 5522 1078 5577 nostri
1118 5521 1336 5577 codices
1364 5529 1418 5577 et
1448 5526 1760 5574 contextus.

184 5591 334 5649 Ealiti
362 5591 501 5662 αὐτὴ
530 5593 714 5646 αὐτοῦ.

259 5662 338 5733 (2)
371 5659 587 5717 Πᾶσαν
616 5662 838 5731 φυγήν.
877 5661 1182 5733 Legendum
1240 5662 1313 5732 μὴ
1348 5662 1533 5733 ,πᾶσαν
1558 5659 1764 5733 φυγήν,

187 5732 240 5790 si
270 5733 595 5788 sententiam
622 5734 846 5789 sibinon
869 5732 1471 5803 repugnantemhabere
1488 5732 1755 5786 volumus.

1864 4566 2101 4622 dandum
2132 4563 2339 4635 ﬂagella
2363 4605 2380 4631 ,
2430 4562 2693 4617 contritio
2743 4576 2839 4616 vos
2872 4567 3078 4635 manet.
3123 4559 3201 4613 Ex
3246 4560 3312 4614 iis
3340 4573 3440 4613 au-

1864 4665 1971 4713 tem
2008 4654 2415 4710 calamitatibus
2443 4668 2564 4724 qua:
2590 4651 2869 4716 eveniunt,
2903 4649 3022 4705 alia:
3050 4649 3267 4720 quidem
3291 4649 3439 4703 acci-

1866 4749 2003 4803 dunt
2033 4747 2099 4801 ad
2140 4744 2415 4816 punienda
2467 4751 2693 4814 peccata
2720 4783 2736 4808 ,
2774 4743 2894 4798 alite
2937 4740 3006 4796 ad
3038 4755 3221 4795 mores
3245 4754 3436 4795 eorum

1868 4840 1962 4908 qui
1997 4845 2276 4892 tentantur
2303 4834 2698 4896 emendandos,
2734 4832 2855 4887 alia;
2899 4832 2965 4887 ad
2997 4846 3094 4887 eos
3122 4832 3216 4900 qui
3245 4830 3441 4901 despe-

1867 4938 2061 4985 rantur
2098 4927 2433 4992 atterendos,
2480 4934 2540 4981 ut
2590 4924 2645 4979 in
2678 4924 2984 4979 Pharaone.
3012 4922 3110 4979 His
3149 4922 3292 4978 enim
3327 4937 3438 4976 non

1861 5023 1974 5092 jam
2012 5023 2197 5092 plagas
2249 5028 2344 5075 aut
2383 5019 2593 5090 ﬂagella
2619 5057 2635 5082 ,
2695 5016 2791 5071 sed
2836 5004 3117 5070 interitum
3174 5014 3434 5068 minatur.

1869 5113 2008 5182 Quid
2040 5113 2207 5166 adhuc
2232 5110 2603 5181 percutiamini
2650 5125 2738 5163 vos
2766 5147 2780 5172 ,
2825 5121 3060 5178 quorum
3099 5119 3334 5175 corpora
3384 5112 3439 5159 et

1869 5207 2060 5259 animm
2109 5202 2293 5275 ﬂagris
2340 5202 2562 5256 concisa
2609 5206 2778 5263 sunt,
2817 5214 2919 5253 nec
2976 5212 3207 5268 usquam
3242 5210 3440 5265 emen—

2241 5358 2310 5389 "‘
2352 5355 2501 5411 Psal.
2545 5367 2812 5419 Lxxan,
2855 5352 2944 5408 53.
3021 5351 3067 5384 ’⁸
3103 5353 3208 5407 lsa.
3240 5364 3278 5417 ι,
3311 5349 3363 5403 5.

1863 5517 2067 5572 ibidem
2096 5515 2383 5586 legendum
2410 5514 2518 5586 ἀπὸ
2546 5512 2664 5586 τῆς,
2683 5509 3028 5586 ἐγκρατείαςἐ

1958 5589 2010 5656 5)
2041 5586 2117 5641 Ex
2148 5579 2416 5641 Prommio
2442 5583 2519 5656 De
2540 5579 2749 5656 judicio
2766 5579 2898 5656 Allei,
2928 5579 3055 5636 222.

1958 5589 2010 5656 3)
2041 5589 2117 5641 Ex
2148 5589 2416 5641 Prommio
2442 5589 2519 5637 De
2540 5589 2746 5651 judicio
2778 5589 2847 5636 De

1936 5589 2016 5728 ξι)
2053 5656 2129 5710 Ex
2160 5663 2451 5713 comment.
2483 5654 2539 5708 in
2573 5651 2689 5708 lsa.
2722 5653 2847 5708 589.
