3874 6224
416 276 550 332 12οἳ

1304 277 1666 332 ΑΡΡΕΝΒιλ.
1709 309 1776 320 --
1817 278 2162 334 SYMEONIS
2200 277 2734 334 ΜΕΤΑΡΗΒΔΒΤΑΕ

3529 277 3664 334 1203

413 391 599 448 datio!
650 387 728 462 (l)
762 388 875 444 Erit
921 391 1068 446 enim
1105 393 1254 447 utilis
1293 409 1672 463 saepenumero
1727 395 1813 450 vel
1841 411 1986 450 mor-

2093 394 2157 468 λῃ
2201 395 2293 447 τὸν
2327 395 2711 466 ἁμαρτάνοντα
2738 411 2750 424 ·
2801 395 2893 448 καὶ
2945 396 2978 464 ἡ
3017 395 3179 462 ὑγεία
3215 391 3486 464 βλαϐερὰ,
3536 395 3665 448 ὅταν

413 484 538 549 bus,
557 497 684 537 cum
713 481 964 538 videlicet
997 491 1313 552 peccantem
1351 485 1672 542 refrenabit.
1713 486 1778 541 Et
1809 503 1988 543 nocua

412 586 497 632 est
551 575 764 632 sanitas
824 589 947 630 cum
1031 577 1242 646 peccati
1305 579 1734 634 instrumentum
1782 581 1842 636 ﬁt
1900 598 1988 636 re-

411 675 500 724 cte
551 667 773 722 valenti.
835 665 928 722 Sic
979 676 1035 722 et
1101 670 1350 740 pecunia:
1419 672 1701 728 nonnullis
1753 672 1866 743 jam
1920 672 1986 729 ad

411 759 694 814 libidinem
767 760 1184 827 inservierunt;
1247 772 1548 834 paupertas
1615 780 1749 821 vero
1817 766 1988 836 pluri-

411 867 533 907 mos
573 851 640 906 ad
702 851 838 906 vitia
885 867 1217 925 magnopere
1256 857 1662 928 propendentes
1701 861 1987 928 repressit.

409 941 604 1014 Neque
627 944 797 1014 igitur
835 943 1015 1016 fugias
1041 961 1162 1015 quae
1199 963 1310 1002 non
1349 960 1561 1019 oportet
1595 967 1609 1014 ;
1663 968 1765 1006 nec
1797 953 1992 1008 conlu-

409 1035 529 1103 gias
584 1035 652 1090 ad
685 1050 848 1106 quem
882 1051 993 1092 non
1027 1046 1244 1109 oportet
1278 1056 1292 1092 :
1331 1041 1427 1097 sed
1459 1057 1628 1096 unum
1657 1043 1753 1098 tibi
1787 1043 1992 1114 fugien-

410 1126 540 1178 dum
575 1126 650 1181 sit
697 1135 1019 1196 peccatum,
1055 1141 1108 1186 et
1157 1148 1326 1187 unum
1393 1149 1460 1188 ex
1495 1135 1656 1190 malis
1718 1136 1989 1206 refugium

409 1216 572 1272 Deus.

476 1308 530 1362 7.
582 1308 660 1378 (2)
696 1307 847 1364 Multi
878 1312 1097 1380 quidem
1129 1315 1372 1382 priorum
1407 1327 1754 1385 peccatorum
1797 1318 1991 1372 oblivie

411 1405 644 1452 scuntur
673 1439 689 1464 ,
750 1400 955 1453 nullam
1007 1415 1197 1456 eorum
1241 1401 1506 1456 habentes
1553 1403 1868 1466 rationem,
1923 1417 1988 1458 ac

413 1505 478 1543 ea
535 1497 996 1556 contemnentes,
1058 1493 1219 1562 quasi
1272 1493 1424 1546 nulla
1469 1493 1654 1548 futura
1702 1495 1775 1550 sit
1832 1493 1985 1548 ultio.

412 1581 518 1646 Qui
577 1597 709 1637 vero
744 1581 1017 1652 judicium
1075 1581 1170 1637 Dei
1218 1583 1425 1653 jugiter
1457 1583 1622 1638 habet
1651 1583 1722 1638 ob
1751 1585 1942 1639 oculos
1972 1622 1988 1646 ,

411 1673 699 1744 ereditque
733 1683 887 1729 certo
917 1674 1035 1730 fore
1061 1714 1075 1740 ,
1109 1681 1168 1728 ut
1200 1690 1390 1729 omnes
1431 1689 1617 1730 coram
1653 1675 1857 1731 Christi
1890 1676 1987 1730 tri-

399 1752 600 1817 Ibunali
638 1765 926 1829 sistamur,
963 1771 1022 1819 ut
1060 1773 1304 1834 reportet
1339 1767 1722 1836 unusquisque
1751 1783 1814 1822 ea
1861 1783 1983 1838 qua:

409 1857 548 1909 ﬁunt
582 1869 677 1925 per
706 1871 911 1927 corpus
931 1897 946 1920 ,
985 1857 1144 1927 juxta
1175 1856 1230 1914 id
1257 1857 1402 1928 quod
1433 1857 1583 1924 fecit,
1608 1858 1725 1914 sive
1755 1859 1980 1924 bonum,

410 1950 526 2003 sive
563 1948 768 2003 malum
786 1947 864 2013 ",
897 1949 946 2004 is
977 1949 1030 2002 in
1065 1949 1341 2004 anxietate
1374 1964 1592 2020 semper
1627 1961 1898 2016 versatur,
1929 1959 1984 2006 et

407 2039 558 2096 hunc
623 2040 818 2095 animae
853 2056 967 2097 sua:
1017 2039 1259 2098 dolorem
1307 2056 1506 2099 sanare
1551 2044 1783 2098 studens
1817 2082 1834 2108 ,
1888 2059 1984 2114 per

409 2144 540 2186 suas
578 2130 645 2186 ad
701 2129 870 2186 Deum
932 2133 1313 2189 confessiones
1347 2149 1405 2188 se
1453 2135 1568 2204 ipse
1605 2143 1855 2202 accusat,
1889 2152 1984 2191 ex-

407 2221 586 2292 emplo
636 2221 785 2278 illius
847 2223 940 2293 qui
993 2223 1070 2278 ait
1128 2243 1140 2277 :
1193 2224 1364 2279 Dolor
1418 2243 1563 2282 meus
1607 2229 1661 2281 in
1704 2239 1984 2299 conspectu

407 2329 522 2369 meo
549 2331 751 2384 semper
777 2317 816 2369 ’.
851 2315 928 2387 (3)
959 2315 1109 2372 Multi
1137 2333 1265 2374 vero
1286 2319 1388 2374 etsi
1431 2334 1460 2372 a
1519 2321 1702 2390 pravis
1724 2322 1983 2392 operibus

406 2417 794 2477 recesserunt,
842 2410 970 2465 dum
1009 2409 1172 2482 510
1201 2413 1382 2482 priora
1423 2413 1566 2470 facta
1606 2415 1986 2472 recordatione

403 2508 738 2569 percurrunt
767 2540 782 2565 ,
846 2516 942 2571 per
985 2516 1105 2556 eam
1163 2518 1308 2572 saepe
1363 2506 1654 2575 quiescens
1719 2515 1984 2562 renovant

407 2601 712 2661 peccatum.
745 2593 821 2665 (4)
847 2593 1078 2649 Silentio
1108 2597 1256 2650 enim
1289 2599 1470 2667 sopita
1510 2598 1853 2670 improbitas,
1902 2599 1984 2652 la-

406 2692 530 2743 tens
571 2693 658 2742 est
687 2687 912 2742 morbus
939 2687 996 2741 in
1033 2686 1236 2742 anima.
1277 2689 1640 2760 (5)Caetermn
1665 2707 1854 2746 eorum
1887 2694 1983 2764 qui

351 2843 356 2846 _
405 2787 636 2846 peccant
687 2776 941 2836 dimissio
987 2779 1044 2835 ﬁt
1087 2795 1184 2850 per
1238 2781 1678 2839 derelictionem.
1737 2783 1984 2852 Quorum

407 2875 587 2924 autem
641 2885 830 2948 curam
857 2873 998 2942 gerit
1030 2913 1044 2939 ,
1081 2874 1150 2930 de
1191 2873 1260 2932 iis
1289 2875 1367 2928 ait
1391 2874 1677 2946 Scriptura
1722 2894 1734 2929 :
1776 2877 1899 2934 Non
1939 2890 1986 2935 te

406 2958 684 3048 deseram,
731 2955 897 3032 neque
935 2972 982 3018 te
1029 2963 1336 3035 derelinquo
1385 2968 1404 2997 ³
1448 2982 1459 3016 :
1510 2983 1540 3022 e
1591 2969 1876 3024 contrario
1917 2969 1986 3026 de

405 3049 607 3152 quibus
657 3067 886 3122 prorsus
923 3055 1177 3126 desperat
1203 3096 1219 3122 ,
1250 3058 1352 3114 hos
1381 3058 1448 3112 ad
1482 3061 1667 3115 carnis
1697 3069 1750 3118 et
1779 3061 1986 3132 cogita-
2011 3099 2054 3158 ο

407 3141 617 3197 tionum
649 3158 873 3200 suarum
904 3145 1175 3202 desideria
1206 3149 1474 3218 explenda
1505 3151 1706 3208 liberos
1735 3151 1982 3218 dimiltit,

404 3234 550 3302 quod
581 3235 663 3290 eis
693 3239 983 3306 profutura
1015 3254 1124 3294 non
1157 3244 1230 3296 sit
1255 3241 1682 3299 animadversio.
1743 3245 1816 3315 (6)
1839 3245 1986 3313 Quo-

406 3331 554 3384 niam
635 3332 781 3386 enim
841 3333 948 3388 hoc
1005 3341 1294 3404 peccatum
1355 3337 1622 3402 vulnere,
1674 3339 1850 3396 livore
1920 3356 1986 3397 ac

407 3423 565 3494 plaga
607 3433 846 3480 tumente
873 3426 1031 3496 pejus
1076 3435 1196 3493 est;
1233 3443 1344 3484 non
1373 3437 1459 3486 est
1490 3431 1762 3502 malagma
1807 3433 1984 3504 impo-

405 3528 537 3572 nere
595 3524 856 3588 tanquam
919 3519 988 3574 ad
1037 3519 1250 3592 plagam
1283 3562 1296 3588 ,
1349 3537 1527 3593 neque
1567 3523 1771 3588 oleum,
1825 3535 1884 3578 ut
1916 3525 1984 3580 ad

405 3611 634 3666 vulnera
667 3628 681 3664 :
715 3627 818 3667 nec
855 3611 968 3684 jam
999 3627 1140 3686 Opus
1167 3621 1250 3671 est
1279 3616 1431 3672 hisce
1462 3617 1717 3674 remediis
1743 3633 1755 3668 :
1787 3621 1986 3690 quippe

405 3704 617 3775 majora
665 3712 838 3771 sunt,
897 3705 1106 3775 inquit,
1156 3716 1521 3779 symptomata
1551 3724 1713 3780 quam
1745 3719 1803 3765 ut
1837 3710 1986 3767 hisce

407 3797 823 3856 medicamentis
850 3801 1068 3856 cedant.
1123 3799 1190 3854 Et
1226 3802 1355 3872 quia
1390 3809 1503 3856 tota
1543 3817 1679 3872 gens
1707 3805 1984 3873 peccatrix

407 3896 492 3942 est
516 3927 530 3953 ,
596 3891 940 3963 populusque
998 3893 1180 3950 omnis
1210 3894 1449 3964 peccatis
1480 3896 1698 3964 plenus,
1731 3897 1802 3951 ob
1831 3896 1886 3950 id
1916 3895 1985 3951 ad

407 3996 600 4038 omnes
636 3998 1014 4054 saepenumero
1037 3986 1285 4055 pervenit
1309 3987 1663 4058 supplicium.
1708 3988 1778 4042 Et
1836 4007 1986 4044 omne

411 4093 502 4130 cor
525 4087 705 4131 maeret
727 4078 769 4141 ³,
808 4077 936 4132 dum
972 4081 1030 4134 in
1065 4080 1435 4151 captivitatem
1488 4081 1783 4137 abducitur
1813 4097 1986 4153 popu-

409 4169 496 4224 lus
552 4169 624 4224 ob
655 4179 898 4239 peccata.
937 4169 1412 4238 Quemadmodum
1465 4174 1634 4244 igitur
1677 4176 1942 4232 sectionis
1967 4215 1982 4240 ,

410 4267 505 4314 aut
553 4263 785 4317 cauterii
829 4277 1055 4320 causam
1105 4281 1212 4320 non
1269 4268 1506 4323 sustinet
1559 4269 1843 4333 medicus,
1889 4267 1986 4324 sed

409 4353 635 4409 morbus
678 4355 946 4411 :‘sicet
993 4357 1272 4413 civitatum
1339 4361 1654 4417 eversiones
1704 4363 1774 4416 ab
1822 4363 1986 4416 innu-

409 4459 560 4500 mera
590 4454 948 4516 peccatorum
972 4451 1322 4508 multitudine
1355 4461 1578 4517 exortae,
1609 4468 1828 4509 omnem
1852 4470 1984 4523 que-

409 4537 578 4592 relam
605 4554 634 4592 a
667 4537 775 4594 Deo
799 4542 1144 4610 pronulsam.

480 4785 534 4840 8.
567 4787 645 4852 (7)
680 4786 950 4840 invadunt
977 4785 1124 4840 enim
1161 4794 1382 4857 propter
1415 4801 1621 4852 paucos
1667 4785 1721 4840 in
1763 4801 1982 4840 omnem

410 4877 669 4947 populum
724 4879 865 4931 mala
895 4919 909 4940 ,
945 4893 1011 4932 ac
1047 4878 1308 4950 ﬂagitium
1351 4878 1512 4934 unius
1563 4878 1707 4949 plebi
1741 4877 1840 4932 toti
1883 4893 1983 4931 no-

413 4976 518 5023 cet.
565 4970 746 5024 Achar
772 4971 1120 5040 sacrilegium
1157 4971 1433 5026 commisit
1455 4970 1509 5037 ⁸,
1553 4980 1607 5026 et
1636 4979 1784 5026 totus
1815 4973 1981 5024 casti-

481 5153 524 5181 ε⁴⁹
559 5151 598 5203 ll
625 5155 750 5206 Cor.
777 5169 828 5216 v,
869 5154 948 5205 l0.
1028 5153 1042 5182 ¹
1085 5151 1226 5205 Psal.
1263 5166 1478 5214 xxxvii,
1507 5153 1592 5206 18.
1671 5155 1689 5183 ¹
1726 5150 1842 5206 Jos.
1881 5168 1917 5214 I,
1956 5149 2014 5204 ὃ..

486 5328 564 5393 (1)
605 5327 678 5382 Ex
705 5329 853 5382 hom.
889 5329 1198 5393 inps.x1.v,
1238 5328 1359 5382 171.

489 5399 564 5470 (:2)
598 5398 680 5470 Ex
721 5398 882 5470 hom.
904 5399 959 5451 in
987 5400 1126 5470 μοι.
1159 5415 1366 5461 xxxv",
1394 5398 1516 5451 370.
1635 5462 1641 5470 ι

489 5468 563 5536 (3)
597 5467 751 5522 Unus
787 5469 954 5522 codex
996 5469 1197 5523 indicat
1251 5478 1542 5524 comment.
1586 5467 1641 5522 in
1670 5469 1775 5524 lsa.

489 5536 564 5608 (4)
597 5536 833 5608 ριοινιιιιο
860 5543 1030 5592 codex
1063 5539 1266 5608 indicat
1291 5555 1453 5593 serui.
1488 5542 1649 5594 ethic.

488 5606 562 5671 (5)
596 5606 672 5659 Ex
700 5606 992 5662 comment.
1030 5610 1082 5661 in
1115 5607 1228 5661 Isa.
1258 5609 1380 5661 482.

490 5679 562 5738 (Ol
599 5677 671 5730 Ε-ιι
709 5685 998 5734 comment.
1031 5679 1082 5732 in
1114 5677 1225 5733 Isa.
1259 5678 1382 5734 590'.

2087 486 2299 554 ἐφόδιον
2332 486 2548 556 γίνηται
2581 485 2717 557 πρὸς
2748 487 3021 556 ἁμαρτίαν
3051 485 3129 556 τῷ
3163 485 3358 556 ἔχοντι.
3387 484 3546 538 οὕτω
3573 488 3668 538 καὶ

2087 576 2156 630 τὰ
2177 578 2433 648 χρήματα
2480 577 2579 649 ήδη
2647 577 2788 629 τισὶν
2839 577 3114 646 ὑπηρεσία
3173 576 3310 648 πρὸς
3373 575 3667 632 ἀκολασίαν

2088 669 2303 736 ἐγένετο
2322 707 2336 732 ,
2365 669 2459 722 κα).
2485 669 2646 722 πενία
2691 667 2918 733 πολλοὺς
2962 669 3300 740 ἐσωφρόνισε
3325 667 3440 721 τῶν
3478 669 3668 739 ὡρμη-

2093 761 2267 830 μένων
2306 761 2508 825 κακῶς.
2568 763 2719 832 Μήτε
2767 757 2860 814 οὖν
2909 760 3089 834 φύγῃς
3136 761 3173 815 ἃ
3225 761 3303 832 μὴ
3351 761 3478 826 δεῖ,
3533 762 3667 832 μήτε

2091 851 2410 924 προσφύγης
2570 854 2645 924 μὴ
2698 853 2780 906 δεῖ
2832 852 2908 924 (8)
2935 869 2950 884 °
3021 853 3135 908 ἀλλ’
3189 855 3245 906 ἓν
3297 871 3382 907 σοι
3437 853 3668 922 φευκτὸν

2091 943 2238 1012 ἤτω,
2282 947 2314 1015 ὴ
2349 944 2594 1017 ἁμαρτία
2653 944 2746 997 καὶ
2775 945 2872 1014 μία
2913 946 3200 1014 καταφυγὴ
3233 948 3298 999 ὲκ
3322 946 3435 998 τῶν
3459 945 3668 1010 κακῶν,

2089 1037 2118 1088 ὁ
2164 1036 2314 1098 Θεός.

2165 1298 2214 1350 7.
2262 1299 2325 1350 Οἱ
2376 1297 2559 1368 μέντοι.
2611 1296 2793 1350 πολλοὶ
2835 1295 2942 1350 τῶν
2993 1297 3296 1368 ἀνθρώπων
3354 1301 3458 1351 καὶ
3500 1299 3672 1368 λήθην

2093 1386 2370 1441 ποιοῦνται
2421 1387 2530 1440 τῶν
2593 1389 2872 1460 προτέρων
2926 1388 3342 1460 ἁμαρτημάτων
3373 1431 3390 1450 ,
3453 1389 3671 1458 ἀδιαφο-

2095 1480 2310 1552 ροῦντες
2341 1481 2426 1532 ἐπ’
2455 1479 2638 1542 αὐτοῖς
2685 1479 2778 1532 καὶ
2827 1479 3334 1550 καταφρονοῦντες,
3378 1481 3458 1542 ὡς
3517 1479 3672 1550 μηδε-

2095 1571 2222 1640 μιᾶς
2254 1569 2586 1640 ἐκδικήσεως
2619 1569 3007 1640 γενησομένης.
3051 1570 3108 1623 ’0
3133 1570 3190 1622 δὲ
3219 1570 3281 1623 τὸ
3318 1569 3672 1642 δικαστήριον

2091 1662 2184 1716 τοῦ
2231 1661 2365 1716 Θεοῦ
2400 1661 2506 1732 πρὸ
2555 1661 2848 1732 ὀφθαλμῶν
2877 1661 2965 1715 διὰ
2995 1662 3194 1724 παντὸς
3226 1663 3366 1732 ἔχων
3387 1703 3402 1726 ,
3455 1663 3553 1716 καὶ
3581 1679 3672 1716 πε-

2014 1749 2054 1804 Β
2085 1754 2408 1826 πεισμένος,
2463 1756 2544 1808 ὅτι
2589 1755 2789 1817 πάντες
2833 1755 3296 1824 παραστησόμεθα
3339 1753 3424 1824 τῷ
3464 1753 3672 1824 βήματι

2083 1845 2177 1898 τοῦ
2205 1845 2478 1915 Χριστοῦ,
2537 1846 2624 1899 ἵνα
2680 1845 2972 1915 κομίσηται
3025 1844 3254 1908 ἕκαστος
3314 1844 3385 1898 τὰ
3441 1845 3536 1900 διὰ
3580 1847 3670 1900 τοῦ

2087 1939 2338 2009 σώματος
2369 1937 2505 2007 πρὸς
2535 1937 2570 1991 ἃ
2599 1936 2852 2008 ἔπραξεν,
2883 1937 2993 1989 εἴτε
3025 1936 3224 2005 ἀγαθὸν
3245 1979 3262 2004 ,
3297 1935 3413 1990 εἴτε
3445 1937 3667 2006 φαῦλον,

2085 2031 2143 2082 ὲν
2190 2029 2398 2100 ἀγωνίᾳ
2451 2028 2754 2100 καθέστηκε
2806 2029 3068 2090 πάντοτε,
3119 2029 3216 2082 καὶ
3258 2029 3362 2100 τὴν
3399 2029 3671 2102 ἀλγηδόνα

2084 2123 2150 2193 τῇ
2181 2119 2374 2174 ἑαυτοῦ
2404 2120 2546 2191 ψυχῇ
2580 2122 2783 2191 ταύτην
2811 2120 3059 2174 ἵστασθαι
3091 2121 3166 2189 (9)
3201 2121 3514 2191 φροντίζων
3533 2161 3549 2186 ,
3578 2123 3668 2176 αὖ·

2083 2214 2176 2277 τὸς
2228 2213 2421 2266 ἑαυτοῦ
2469 2215 2763 2284 κατηγορεῖ
2812 2213 2898 2266 διὰ
2943 2211 3050 2265 τῶν
3097 2212 3232 2284 πρὸς
3277 2211 3373 2266 τὸν
3425 2213 3560 2266 θεὸν
3589 2213 3668 2278 ἐξ·

2083 2305 2458 2377 ομολογήσεων
2480 2345 2493 2368 ,
2530 2303 2670 2358 κατὰ
2713 2305 2801 2356 τὸν
2849 2303 3104 2372 λέγοντα·
3148 2305 3211 2357 Ἠ
3235 2301 3525 2375 ἀλγηδών·
3553 2321 3667 2372 μου

2083 2395 2339 2450 ἐνώπιόν
2367 2415 2486 2466 μου
2531 2397 2658 2449 ἐστὶ
2692 2395 2788 2449 διὰ
2817 2396 3060 2459 παντός.
3096 2394 3290 2447 Πολλοὶ
3326 2395 3384 2448 δὲ
3421 2395 3515 2447 καὶ
3555 2395 3666 2447 ἐπι-

2091 2489 2414 2560 στρέψαντες
2453 2490 2560 2542 ἁπὸ
2607 2487 2854 2559 πονηρῶν
2915 2487 3124 2558 ἔργων,
3158 2487 3324 2541 οἱονεὶ
3376 2487 3479 2550 τὰς
3540 2487 3665 2556 μνή-

2093 2597 2200 2650 μας
2247 2577 2358 2632 τῶν
2398 2575 2641 2632 παλαιῶν
2695 2578 2870 2648 ἔργων
2916 2579 3392 2650 παρακατέχοντες
3418 2619 3433 2640 ,
3467 2579 3536 2631 δι’
3573 2579 3664 2630 r5-

2089 2671 2196 2724 τῶν
2249 2671 2508 2734 πολλάκις
2548 2669 2894 2724 ἀνανεοῦνται
2927 2671 3024 2742 τὴν
3058 2671 3447 2742 ήσυχάζουσαν
3495 2673 3664 2741 ἀμαρ-

2087 2765 2226 2818 τίαν.
2265 2763 2450 2818 Κακία
2498 2764 2608 2834 γὰρ
2661 2763 3031 2832 σιωπηθεῶα,
3075 2764 3228 2828 νόσος
3258 2763 3494 2827 ὑποῦλός
3523 2765 3662 2816 ἐστιν

2085 2859 2142 2910 ὲν
2191 2859 2258 2928 τῇ
2307 2855 2472 2928 ψυχῇ.
2521 2857 2586 2909 Ἦ
2634 2856 2693 2910 δὲ
2745 2858 2926 2920 ἄνεσις
2979 2855 3088 2910 τῶν
3138 2855 3489 2928 ἁμαρτωλῶν
3527 2857 3660 2908 κατὰ

2085 2926 2466 3018 ἐγκατάλειῷιν
2522 2947 2748 3016 γίνεται.
2809 2943 2908 3000 Ὦν
2973 2949 3072 3018 μὲν
3123 2947 3232 3019 γὰρ
3291 2950 3600 3020 προνοεῖται
3631 2949 3662 3000 ὁ

2086 3041 2242 3110 λόγος
2261 3081 2274 3106 ,
2304 3058 2495 3113 φησιν·
2529 3043 2612 3095 Οὐ
2629 3041 2713 3110 μή
2750 3059 2822 3095 σε
2848 3039 3003 3107 ἀνῶ,
3035 3039 3160 3094 οὐδ’
3181 3042 3254 3094 οὐ
3277 3041 3365 3109 μή
3401 3055 3476 3093 σε
3499 3039 3660 3108 ἐγκα-

2088 3133 2348 3187 ταλείπω
2368 3149 2381 3163 ο
2416 3125 2490 3185 ὧν
2532 3131 2577 3185 δ’
2609 3131 2675 3186 ἂν
2716 3131 2994 3196 παντελῶς
3033 3130 3256 3201 ἀπογνῷ
3275 3172 3290 3195 ,
3321 3130 3545 3194 τούτους
3575 3131 3658 3182 ἀν-

2087 3221 2240 3285 ἐτους
2277 3221 2470 3293 ἀφίησι
2504 3224 2676 3274 ποιεῖν
2731 3220 2798 3274 τὰ
2830 3221 3112 3291 θελήματα
3159 3222 3259 3292 τῆς
3297 3221 3505 3291 σαρκὸς
3528 3261 3542 3284 ,
3574 3221 3654 3272 au"

2085 3315 2192 3368 τῶν
2213 3313 2461 3367 διανοιῶν
2490 3313 2667 3367 αὐτῶν
2687 3354 2702 3376 ,
2730 3312 2804 3376 ὡς
2833 3313 2933 3382 τῆς
2973 3313 3326 3383 παιδευτικῆς
3355 3311 3652 3380 ἀνωφελοῦς

2087 3408 2269 3470 αὐτοῖς
2326 3407 2610 3476 ἐσομένης.
2662 3406 2770 3458 Καὶ
2813 3406 2922 3476 γὰρ
2974 3406 3097 3458 ἐπεὶ
3135 3405 3274 3477 ὑπὲρ
3311 3405 3539 3476 τραῦμα
3572 3405 3652 3458 κατ

2088 3499 2331 3569 μώλωπα
2395 3499 2489 3552 καὶ
2547 3498 2762 3570 πληγὴν
2820 3498 3258 3568 φλεγμαίνουσαν
3317 3501 3351 3570 ἡ
3423 3499 3654 3568 ἁμαρτία

2086 3594 2271 3655 ἐστὶν,
2317 3592 2417 3645 οὐκ
2465 3590 2581 3643 ἔστι
2635 3591 2900 3662 μάλαγμα
2945 3589 3216 3644 ἐπιθεῖναι
3265 3589 3343 3654 ῶς
3383 3591 3522 3660 πρὶς
3569 3590 3653 3659 ﬁgi

2085 3683 2335 3755 πληγὴν,
2369 3682 2490 3737 οὐδὲ
2528 3682 2706 3737 ἔλαιον
2754 3682 2830 3746 ὼς
2882 3682 3020 3754 πρὸς
3067 3681 3135 3735 τὰ
3183 3681 3512 3752 τραύματα·
3549 3680 3654 3734 οὗᾶ

2085 3778 2242 3848 χρεία
2273 3776 2372 3846 τῆς
2400 3777 2506 3829 ἀπὸ
2538 3775 2742 3828 τούτων
2765 3773 3017 3844 βοηθείας
3035 3791 3047 3804 ·
3089 3771 3311 3842 μείζονα
3335 3776 3476 3844 γὰρ,
3510 3773 3654 3842 φησιἡ

2085 3869 2152 3922 τὰ
2177 3867 2614 3939 συμπτώματαῆ
2645 3866 2784 3920 ὥστε
2821 3865 3030 3929 τούτοις
3069 3863 3332 3918 ἐνδοῦναι.
3367 3865 3481 3918 Καὶ
3515 3865 3654 3918 ἐξι-

2083 3961 2146 4032 δὴ
2179 3960 2292 4030 (10)
2319 3961 2436 4013 ὅλον
2462 3961 2524 4012 τὸ
2575 3959 2724 4023 ἔθνος
2777 3957 3099 4030 ἁμαρτωλὸν
3121 3997 3136 4021 ,
3173 3957 3269 4010 καὶ
3320 3958 3432 4020 πᾶς
3465 3959 3494 4010 ὁ
3539 3955 3654 4018 λαός

2085 4050 2298 4120 πλήρης
2325 4048 2562 4118 ἀνομιῶν
2585 4090 2600 4110 ,
2629 4049 2716 4102 διὰ
2742 4047 2900 4101 τοῦτο
2935 4047 3090 4117 καΐή
3128 4045 3352 4107 κόλασις
3392 4047 3485 4100 ἐπὶ
3531 4046 3650 4100 πάν-

2084 4161 2182 4206 τας
2235 4141 2492 4204 πολλάκις
2543 4140 2766 4210 ἕφθασε.
2832 4141 2940 4193 Καὶ
2993 4140 3143 4192 πᾶσα
3197 4139 3398 4210 καρδία
3448 4138 3654 4212 λυπηρὰ

2085 4235 2306 4303 γέγονεν
2327 4277 2338 4299 ,
2369 4235 2448 4298 είς
2482 4233 2856 4304 αἰχμαλωσίαν
2889 4231 3156 4303 ἀγομένου
3185 4229 3281 4284 τοῦ
3311 4230 3446 4284 λαοῦ
3478 4231 3570 4284 διὰ
3595 4230 3649 4282 τέ

2087 4328 2474 4398 ἁμαρτήματα.
2513 4325 2720 4397 Ὥσπερ
2763 4321 2854 4378 οὖν
2909 4325 3010 4393 τῆς
3052 4323 3258 4394 τομῆς,
3311 4322 3345 4392 ἢ
3393 4321 3490 4376 τοῦ
3536 4340 3646 4375 παν

2013 4435 2060 4496 D
2085 4417 2251 4489 τῆρος
2270 4458 2284 4482 ,
2325 4417 2422 4486 οὐχ
2467 4419 2494 4468 ὁ
2531 4416 2713 4486 ἰατρὸς
2735 4417 2904 4478 αἴτιος
2928 4454 2942 4479 ,
2973 4414 3085 4466 ἀλλ’
3113 4417 3145 4484 ἡ
3178 4413 3333 4477 νόσος
3359 4431 3370 4442 ·
3399 4414 3544 4466 οὕτω
3571 4413 3648 4464 xi

2084 4511 2134 4562 οἱ
2184 4507 2290 4560 τῶν
2339 4507 2544 4558 πόλεων
2601 4505 2894 4576 ἀφανισμοὶ
2923 4545 2935 4564 ,
2975 4506 3038 4556 ἐκ
3089 4504 3186 4573 τῆς
3241 4502 3516 4574 ἀμετρίας
3558 4501 3650 4553 τῶν

2087 4600 2552 4671 ἁμαρτανομένων
2581 4598 2677 4668 τὴν
2709 4596 2881 4668 ἀρχὴν
2929 4596 3143 4666 ἔχοντες
3163 4634 3177 4657 ,
3210 4593 3302 4646 τὸν
3343 4595 3478 4646 Θείν
3528 4593 3633 4646 ξιπὰ

2089 4712 2186 4764 σης
2217 4692 2474 4763 μέμψεως
2502 4691 2848 4744 ἀπολύουσιν.

2156 4787 2206 4838 8.
2247 4788 2502 4857 Ἔρχεται
2531 4789 2639 4856 γαρ
2671 4791 2764 4838 καὶ
2797 4785 2864 4837 δι’
2898 4783 3108 4850 ὀλίγους
3134 4781 3304 4846 κακὰ,
3336 4781 3432 4833 καὶ
3468 4779 3643 4850 μοχθη-

2092 4877 2209 4948 ρίας
2257 4877 2398 4930 τινος
2438 4875 2834 4945 παραπήλαυσε
2883 4873 3073 4942 δῆμος.
3113 4872 3292 4938 Ἀχαρ
3325 4869 3644 4941 ἱεροσύλησε,

2208 4970 2229 4982 ιο

2089 4971 2180 5021 καὶ
2205 4969 2298 5040 ὅλη
2340 4967 2700 5038 ἡπαραταξις
2737 4965 3076 5036 ὲμαστίζετο.
3134 4965 3192 5014 ’0
3234 4963 3455 5034 Ζαμδρὶ
3507 4961 3640 5015 πάλιι

2086 5147 2105 5180 ³
2145 5148 2246 5203 lsa.
2283 5165 2320 5210 ι,
2367 5148 2418 5201 5.
2496 5148 2515 5176 ⁸
2547 5145 2661 5200 Jos.
2705 5160 2800 5208 vn,
2842 5143 2890 5196 -l.

2162 5323 2236 5394 (7)
2269 5322 2342 5394 [lx
2379 5322 2524 5394 hom.
2561 5321 2615 5394 in
2643 5321 2834 5394 [amem
2862 5330 2909 5374 et
2932 5322 3106 5394 siccil.
3139 5321 3228 5394 [36.

2160 5385 2237 5461 (8i
2279 5388 2352 5460 ᾯ
2375 5390 2462 5460 μὴ
2490 5390 2596 5442 δεῖ.
2633 5385 2894 5462 codicum
2915 5393 3084 5462 alter.
3116 5385 3200 5455 οἷς
3238 5391 3316 5462 μὴ
3349 5390 3451 5462 δεῖ.

2159 5455 2238 5534 (9)
2278 5455 2615 5534 Ἶσὶαοθαι.
2673 5461 2864 5534 illelius
2911 5461 2966 5514 in
3028 5455 3326 5531 contegiu',
3380 5455 3640 5512 ἰάσασθαι.

2088 5530 2382 5609 Ibidemst
2414 5530 2914 5609 rﬁ‘éaufoﬁkiavxi;
2993 5605 3004 5609 _
3205 5530 3214 5531 ί
3278 5596 3319 5609 .,
3398 5598 3430 5609 ..

2159 5605 2271 5672 (10)
2299 5671 2308 5672 ί
2331 5595 2576 5672 Επειδὴ,
2601 5600 2692 5655 Sic
2724 5595 3130 5658 elli'cildavimus
3160 5615 3260 5670 0pc
3278 5596 3432 5669 Regii
3456 5595 3647 5654 codicis

2089 5670 2432 5738 i992._Edili,
2465 5670 2584 5724 ἐπεὶ
2615 5674 2708 5742 μή.
