3874 6224
212 318 238 373 1
255 318 350 373 εον

1337 322 1571 379 SERMO
1614 321 1724 378 VII.
1766 354 1832 364 —
1874 322 1962 377 DE
2003 322 2337 381 PECCATO.

3325 322 3463 378 i2i0

208 437 291 496 εἰς
335 434 435 497 τάς
480 434 863 498 Μαδιανίτιδας
914 436 1233 509 ὲξεπὸρνευε
1261 479 1275 502 ,
1332 442 1425 494 καὶ
1474 444 1502 495 ὁ
1566 442 1779 514 Ἰσραὴλ

1891 451 2040 512 gatus
2076 450 2157 497 est
2199 441 2495 497 exercitus.
2523 439 2745 495 Zambri
2777 437 3167 494 Madianitidas
3187 450 3462 495 scortatus

208 525 436 577 ἔπιπτεν
484 528 563 588 εἰς
599 527 773 598 δίκην.
814 528 922 581 Καὶ
953 529 1202 603 καθάπερ
1240 534 1269 584 ὁ
1302 530 1516 600 λοιμὸς,
1563 534 1785 586 ἐπειδάν

209 615 329 679 ἐνὸς
379 616 666 687 ἀνθρώπου
713 618 745 688 ἦ
798 621 1027 689 κτήνους
1072 621 1306 691 ἅψηται.
1366 625 1505 677 κατὰ
1550 624 1784 678 διάδοσιν

208 709 304 759 ἐπὶ
339 708 545 771 πάντας
578 710 704 773 τοὺς
752 712 1069 779 ὲγγίζοντας
1107 714 1455 785 διανέμεσθαι
1499 717 1741 785 πέφυκεν
1768 734 1781 747 ·

207 799 352 852 οὕτω
395 800 490 853 καὶ
537 803 584 854 oi
619 803 847 872 ἐργάται
892 805 990 874 τῆς
1045 806 1309 876 ἀνομίας,
1338 806 1400 858 τὸ
1440 806 1568 859 ἴδιον
1618 807 1785 860 κακὸν

208 891 304 943 ἐπὶ
346 892 551 955 πάντας
585 895 736 962 ἄγειν
766 895 1127 960 φιλονεικοῦσι
1154 939 1167 960 ,
1198 898 1421 962 πολλοὺς
1444 902 1653 963 ἑαυτοῖς
1684 916 1787 953 πα-

211 982 547 1053 ραπλησίους
600 985 851 1053 γενέσθαι
903 986 1390 1059 φιλοτιμούμενοι,
1449 990 1534 1042 ἵνα
1594 992 1652 1043 ὲν
1715 992 1782 1061 τῇ

210 1076 468 1147 κοινωνίᾳ
505 1075 614 1130 τῶν
673 1078 857 1131 κακῶν
907 1079 1239 1148 διαφεύγωσι
1292 1080 1359 1134 τά
1409 1082 1579 1153 ὀνείδη
1614 1100 1627 1112 ο
1692 1084 1786 1134 καὶ

211 1166 370 1232 ἄλλος
403 1168 545 1239 ἄλλῳ
571 1170 667 1240 τῆς
703 1170 860 1224 νόσου
889 1172 1288 1241 μεταδιδόντες,
1323 1172 1667 1227 συννοσοῦσιν
1702 1174 1785 1226 ἀλ-

210 1260 397 1332 λήλοις
437 1263 530 1316 καὶ
574 1262 1016 1317 συναπόλλυνται.
1051 1263 1188 1317 Οὔτε
1221 1264 1329 1337 γὰρ
1363 1265 1503 1336 πῦρ,
1558 1268 1786 1318 εὐκατα-

211 1356 458 1425 πρήστου
486 1353 616 1424 ὕλης
644 1354 949 1424 ἁψάμενον,
977 1355 1199 1408 δυνατὸν
1232 1357 1305 1427 μὴ
1334 1358 1453 1427 οὐχὶ
1482 1358 1574 1410 ἐπὶ
1606 1359 1784 1410 πᾶσαν

208 1443 380 1515 αὐτὴν
407 1444 685 1514 διαϐῆναι,
721 1445 893 1509 ἄλλως
929 1463 989 1498 τε
1041 1445 1143 1499 κᾶν
1196 1447 1423 1519 ἐπιτύχῃ
1480 1448 1785 1517 πνεύματος

208 1535 473 1605 ὲπιφόρου
503 1535 603 1605 τὴν
637 1536 809 1604 φλόγα
839 1536 1273 1607 διακομίζοντος·
1309 1536 1431 1590 οὔτε
1471 1539 1567 1608 τὴν
1613 1540 1787 1610 ἀμαρ-

208 1625 333 1677 τίαν
352 1664 367 1687 ,
404 1625 521 1689 ἐνὸς
550 1626 835 1697 ἁψαμένην
855 1666 869 1689 ,
905 1626 978 1696 μὴ
1011 1628 1128 1695 οὐχὶ
1156 1626 1363 1689 πάντας
1386 1629 1509 1691 τοὺς
1544 1627 1786 1696 ἐγγίζονο

208 1736 309 1782 τας
336 1718 592 1785 διελθεῖν,
624 1720 963 1786 ὲξαπτόντων
990 1720 1156 1791 αὐτὴν
1190 1720 1298 1772 τῶν
1336 1720 1657 1790 πνευμάτων
1687 1723 1784 1793 τῆς

208 1825 346 1879 πονη
355 1809 495 1880 ρίας.

278 1898 333 1952 9.
364 1901 430 1951 Δί
460 1899 556 1969 μὲν
581 1898 689 1970 γάρ
718 1898 805 1953 διὰ
827 1899 920 1953 τοῦ
948 1897 1194 1972 σώματος
1222 1899 1447 1972 πράξεις
1475 1902 1567 1954 καὶ
1590 1902 1783 1972 χρόνου

204 1990 457 2055 δέονται,
489 1993 583 2045 καὶ
622 1993 941 2064 εὐκαιρίας,
981 1995 1076 2046 καὶ
1118 1996 1415 2064 καμάτων,
1465 1996 1557 2047 καὶ
1598 2012 1785 2065 συνερ-

208 2084 324 2152 γῶν
348 2126 363 2149 ,
411 2086 504 2138 καὶ
555 2085 656 2154 τῆς
688 2084 882 2155 λοιπῆς
914 2085 1195 2156 χορηγίας.
1227 2088 1295 2138 Αἱ
1337 2087 1393 2139 δὲ
1423 2086 1524 2156 τῆς
1550 2087 1784 2151 διανοίας

205 2178 454 2246 κινήσεις
488 2177 731 2248 ἀχρόνως
781 2176 1165 2248 ὲνεργοῦνται,
1225 2178 1443 2240 ἀκόπως
1480 2177 1787 2230 ἐπιτελοῦν-

203 2284 336 2333 ται,
388 2270 865 2340 ἀπραγματεύτως
918 2269 1308 2332 συνίστανται,
1361 2270 1541 2322 πάντα
1598 2270 1785 2340 καιρὸν

203 2359 513 2430 ἐπιτήδειον
546 2360 747 2430 ἔχουσι.
792 2360 900 2413 Καί
949 2359 1054 2412 πού
1110 2378 1194 2423 τις
1235 2360 1344 2414 τῶν
1395 2360 1639 2425 σοϐαρῶν
1694 2364 1787 2415 καὶ

205 2452 683 2524 κατοφρυωμὲνων
729 2455 820 2506 ἐπὶ
858 2454 1181 2525 σεμνότητι,
1238 2453 1463 2524 πλάσμα
1503 2454 1785 2527 σωφροσύ-

204 2563 309 2617 νης
357 2546 553 2613 ἔξωθεν
614 2545 1024 2615 περικείμενος,
1083 2547 1141 2599 ὲν
1193 2546 1378 2616 μέσοις
1427 2545 1787 2619 καθεζόμενος

205 2639 467 2700 πολλάκις
500 2640 610 2701 τοῖς
660 2637 746 2691 ἐπ’
780 2637 948 2707 ἀρετῇ
998 2637 1158 2690 αὐτὸν
1195 2638 1589 2709 μακαρίζουσιν
1614 2678 1627 2701 ,
1683 2628 1789 2692 άπὲ

203 2729 414 2801 έδραμε
461 2733 527 2800 τῇ
562 2729 768 2799 διανοίᾳ
797 2729 932 2798 πρὸς
957 2728 1048 2781 τὸν
1082 2730 1180 2799 τῆς
1214 2729 1487 2799 ἁμαρτίας
1511 2730 1671 2782 τόπον
1711 2731 1785 2798 (ί)

205 2827 265 2876 ἐν
298 2822 378 2893 τῷ
408 2824 605 2890 ἀφανεῖ
655 2820 752 2889 τῆς
789 2818 1015 2889 καρδίας
1060 2820 1340 2890 κινήματι.
1396 2814 1517 2871 Εἷδε
1553 2822 1617 2890 τῇ
1657 2837 1789 2889 φαν-

202 2917 371 2987 τασίᾳ
398 2915 466 2968 τά
501 2914 943 2983 σπουδαζόμενα,
979 2910 1365 2965 άνετυπώσατό
1410 2927 1533 2964 τινα
1574 2912 1788 2981 ὁμιλίαν

204 3014 308 3065 οὐκ
344 3008 591 3081 εὐπρεπῆ
613 3047 627 3071 ,
658 3009 751 3060 καλ⁸
783 3006 920 3068 ὅλως
952 3006 1010 3059 ὲν
1052 3004 1128 3075 τῷ
1167 3004 1382 3075 κρυφίῳ
1433 3005 1533 3073 τῆς
1567 3006 1789 3075 καρδίας

1884 544 1970 591 est
1997 536 2019 567 ⁸
2046 576 2060 598 .
2120 543 2175 590 et
2237 534 2403 590 Israel
2460 548 2650 603 poenas
2700 532 2869 588 dedit.
2910 530 2987 602 (2)
3020 532 3096 585 Ac
3138 540 3194 584 ut
3247 533 3416 601 pestis
3447 574 3462 597 ,

1886 627 1975 681 ubi
2009 643 2173 680 unum
2207 626 2514 691 hominem,
2551 635 2643 678 aut
2678 623 2993 692 jumentum
3031 623 3229 692 attigit,
3270 630 3462 674 conta-

1885 719 1973 787 gio
2031 718 2086 770 in
2136 717 2412 786 proximos
2467 730 2717 785 quosque
2785 728 3006 783 serpere
3064 712 3256 767 solet:
3303 714 3381 766 sic
3411 720 3463 766 et

1887 809 2193 877 iniquitatis
2244 807 2479 877 operarii
2560 805 2841 877 proprium
2888 804 3088 857 malum
3160 803 3214 857 in
3271 818 3463 857 omnes

1885 900 2271 953 transfundere
2329 906 2637 962 conantur,
2712 898 3026 965 multosque
3085 895 3190 950 sibi
3253 896 3463 952 similes

1886 989 2004 1043 ﬁeri
2060 1005 2392 1059 magnopere
2443 989 2709 1059 cupiunt,
2759 996 2819 1041 ut
2873 988 2925 1040 in
2962 986 3215 1040 vitiorum
3282 986 3461 1042 socie-

1887 1090 1998 1136 tate
2030 1080 2312 1135 inf.uuiam
2368 1083 2579 1145 vitent;
2638 1091 2802 1151 atque
2860 1082 2996 1133 alter
3027 1079 3181 1131 alteri
3213 1077 3464 1131 morbum

1884 1174 2280 1244 impertientes,
2325 1182 2594 1243 aegrotant
2641 1173 2852 1236 simul,
2885 1170 3160 1239 simulque
3213 1176 3461 1237 pereunt.

1886 1265 2019 1318 Nam
2055 1281 2232 1334 neque
2293 1265 2433 1333 ignis
2461 1307 2475 1330 ,
2511 1264 2797 1319 materiam
2829 1260 3193 1330 suscipiendae
3236 1258 3464 1312 ﬂamma!

1884 1358 2135 1412 idoneam
2190 1366 2423 1421 nactus,
2482 1356 2725 1409 cohiberi
2753 1363 2963 1424 potest,
3011 1352 3303 1422 quominus
3339 1349 3463 1403 uui-

1884 1465 2099 1505 versam
2141 1449 2444 1519 pervadat,
2498 1447 2775 1509 maxime,
2824 1446 2871 1501 si
2925 1447 3218 1501 vehemens
3266 1450 3467 1498 ventus

1885 1543 2157 1595 flammam
2211 1541 2469 1611 perveliat
2515 1557 2527 1593 :
2592 1555 2769 1607 neque
2819 1540 2934 1592 tiei'i
2996 1543 3299 1607 potest,ut
3338 1551 3464 1606 pec-

1885 1644 2067 1688 catum
2103 1674 2116 1697 ,
2168 1633 2316 1703 quod
2375 1648 2545 1689 unum
2604 1633 2841 1701 aliquem
2900 1630 3177 1701 attigerit,
3230 1629 3297 1683 ad
3349 1645 3465 1684 0m—

1887 1743 1985 1781 ncs
2018 1727 2227 1780 vicinos
2263 1740 2372 1779 non
2403 1732 2690 1791 transeat,
2746 1725 2793 1779 si
2825 1723 3083 1794 nequitiae
3124 1722 3352 1791 spiritus
3399 1721 3468 1775 il-

1818 1788 1858 1843 Β
1887 1819 1979 1873 lud
2004 1818 2330 1872 accendant.

1957 1908 2010 1963 9.
2060 1909 2137 1979 (ὃ)
2174 1907 2389 1961 Etenim
2451 1921 2730 1976 corporeae
2794 1904 3046 1960 actiones
3098 1912 3154 1959 et
3222 1912 3467 1973 tempore

1886 1998 2132 2066 indigent
2163 2038 2177 2061 ,
2216 2006 2269 2050 et
2296 2004 2739 2067 opportunitate,
2768 2007 2822 2050 et
2856 1997 3074 2057 labore,
3108 2004 3163 2049 et
3200 1995 3469 2064 adjutori—

1886 2088 2010 2151 bus,
2047 2088 2283 2157 denique
2332 2089 2548 2158 reliquo
2587 2097 2918 2142 commeatu.
2972 2089 3015 2142 E
3073 2089 3315 2152 diverso,
3371 2103 3467 2143 co-

1886 2182 2166 2251 gitationis
2237 2188 2423 2234 motus
2483 2180 2622 2233 citra
2680 2180 2946 2248 temporis
3017 2194 3225 2233 moram
3286 2180 3465 2244 ﬁunt,

1886 2273 2247 2342 perficiuntur
2308 2272 2449 2325 citra
2509 2270 2927 2334 lassitudinem,
2991 2270 3130 2323 citra
3185 2270 3465 2339 negotium

1888 2364 2055 2417 ullqu
2088 2363 2420 2427 consistunt,
2467 2362 2721 2417 idoneum
2751 2362 2885 2431 ipsis
2918 2370 3003 2416 est
3040 2369 3258 2432 tempus
3284 2377 3465 2418 oume.

1888 2448 1954 2502 Et
2031 2464 2165 2504 sane
2231 2465 2627 2519 nonnunquam
2708 2452 2989 2505 invenitur
3057 2454 3147 2521 qui
3203 2467 3468 2523 arrogans

1887 2543 1982 2605 sit,
2018 2543 2409 2611 superbiatque
2441 2542 2510 2596 de
2539 2543 2808 2611 gravitate
2837 2553 2891 2597 et
2935 2544 3192 2598 castitate
3217 2583 3234 2608 ,
3261 2545 3469 2613 quique

1886 2635 2233 2690 extrinsecus
2287 2651 2399 2705 prae
2455 2652 2514 2690 se
2561 2636 2743 2690 ferens
2799 2637 3173 2705 temperantia:
3217 2637 3465 2702 larvam,

1888 2740 1953 2779 ac
2006 2726 2325 2795 plerumque
2392 2727 2534 2780 inter
2563 2742 2690 2789 eos,
2734 2728 2826 2796 qui
2889 2728 3071 2797 ipsum
3109 2731 3181 2782 ob
3209 2729 3467 2783 virtutem

1886 2817 2107 2872 beatum
2160 2819 2459 2888 przedicant
2495 2860 2510 2883 ,
2543 2819 2802 2874 desidens
2834 2821 3071 2885 medius,
3119 2837 3242 2876 mox
3285 2828 3466 2875 tamen

1888 2909 2221 2978 cogitatione
2269 2924 2366 2978 per
2418 2910 2700 2964 occultum
2758 2911 2942 2965 cordis
2981 2919 3189 2965 motum
3236 2911 3303 2964 ad
3345 2926 3471 2980 pec-

1889 3003 1995 3054 cati
2027 3002 2203 3054 locum
2234 3009 2509 3055 accurrat.
2547 2999 2703 3056 Videt
2733 3005 2916 3057 animo
2948 3004 3244 3073 concupita
3269 3045 3287 3070 ,
3327 3018 3472 3057 com-

203 3102 555 3173 ἐργαστηρίῳ
611 3098 818 3170 ἐναργῆ
885 3099 983 3169 τὴν
1040 3097 1234 3168 ἡδονὴν
1275 3096 1451 3167 ἑαυτῷ
1490 3096 1786 3169 ξω“ίραφή’

1891 3093 2201 3148 miniscitur
2275 3107 2631 3163 congressum
2716 3096 3027 3165 quempiam
3114 3096 3468 3161 indecorum,

206 3212 344 3260 σας,
380 3193 693 3263 ἀμάρτυρον
728 3189 834 3242 ἔσω
885 3190 986 3259 τὴν
1034 3189 1307 3260 ἀμαρτίαν
1349 3190 1661 3259 εἰργάσατο.
1716 3188 1789 3241 Τὸ

205 3288 319 3359 γὰρ
372 3286 619 3338 πλεῖστον
664 3283 765 3352 τῆς
807 3281 1077 3352 ἁμαρτίας
1131 3283 1189 3333 ὲν
1218 3282 1281 3351 τῇ
1312 3280 1457 3351 ὁρμῇ
1491 3280 1787 3351 πληροῦται

204 3380 273 3447 τῇ
326 3374 469 3429 κατὰ
501 3374 759 3446 πρόθεσιν
781 3390 795 3405 ο
830 3373 962 3426 διότι
995 3374 1051 3426 αἱ
1099 3372 1198 3443 μὲν
1229 3373 1322 3426 τοῦ
1357 3373 1605 3443 σώματος
1648 3374 1789 3443 πρά·

208 3468 321 3533 ξεις
346 3469 449 3521 ὑπὸ
487 3467 696 3520 πολλῶν
731 3465 1143 3530 διακόπτονται,
1194 3469 1222 3519 ὁ
1258 3466 1315 3519 δὲ
1357 3465 1499 3520 κατά
1531 3466 1788 3538 πρόθεσιν

208 3561 542 3633 ἁμαρτάνων
585 3558 665 3630 τῷ
714 3559 870 3628 τάχει
912 3557 1021 3611 τῶν
1065 3558 1352 3628 νοημάτων
1401 3558 1790 3630 συναπαρτιζο-

211 3656 384 3726 μένην
416 3653 529 3724 ἔχει
562 3653 662 3722 τὴν
700 3651 996 3721 ἁμαρτίαν.
1047 3650 1134 3713 Ὠς
1187 3650 1357 3721 γὰρὴ
1395 3650 1522 3703 σκιά
1562 3650 1639 3721 τῷ
1683 3649 1788 3703 σώ-

213 3765 384 3818 ματι,
419 3745 562 3799 οὕτω
610 3748 730 3807 ταῖς
774 3743 976 3813 ψυχαῖς
1011 3744 1067 3795 αἱ
1120 3742 1384 3813 ἁμαρτίαι
1433 3743 1787 3813 παρὲπονται,

206 3842 463 3910 ἐναργεῖς
492 3841 591 3900 τας
618 3835 844 3908 πράξεις
872 3833 1315 3899 ὲξεικονίζουσαι.
1345 3835 1388 3886 Τ
1391 3834 1538 3886 ελεία
1568 3835 1665 3905 μὲν
1697 3831 1789 3889 οὖν

210 3932 416 3996 κακία,
459 3931 520 3983 τὸ
565 3930 660 3982 καὶ
713 3927 907 3999 γνώμῃ
958 3927 1052 3980 καὶ
1109 3924 1369 3996 πράξεσιν
1417 3926 1787 3999 ἁμαρτάνειν⁹

208 4027 382 4096 ἣμισυ
411 4024 466 4076 δὲ
506 4021 601 4075 τοῦ
646 4020 815 4074 κακοῦ
837 4059 850 4083 ,
893 4019 987 4071 ἐπὶ
1035 4020 1134 4089 τῆς
1185 4019 1361 4089 ὁρμῆς
1387 4020 1485 4087 τῆς
1514 4019 1655 4072 κατὰ
1680 4021 1791 4073 διά-

210 4134 362 4171 νοιαν
414 4115 601 4183 στῆναι
635 4113 733 4182 τὴν
763 4111 1058 4182 ἁμαρτίαν.
1112 4110 1185 4162 Οὐ
1234 4110 1406 4180 πάντη
1440 4107 1531 4162 οὖν
1584 4109 1790 4181 ἀτιμῶ-

212 4226 376 4281 ρητος
407 4210 435 4259 ὁ
486 4206 622 4259 κατά
666 4204 906 4257 διάνοιαν
961 4202 1287 4272 ἁμαρτάνων
1314 4219 1326 4230 ·
1381 4202 1496 4255 ἀλλ’
1540 4204 1661 4255 ὅσον
1705 4204 1791 4256 ἐλ-

210 4302 387 4355 λείπει
425 4298 517 4352 τοῦ
553 4297 723 4351 κακοῦ
746 4338 761 4358 ,
790 4294 1041 4348 τοσοῦτον
1073 4293 1222 4364 αὐτῷ
1254 4293 1362 4347 τῶν
1416 4295 1591 4349 πόνων
1633 4297 1794 4364 ὑφαι-

213 4392 524 4465 ρεθήσεται.
557 4390 660 4442 Τὸν
697 4388 879 4459 μέντοι
910 4385 1319 4457 παραδεχθέντα
1357 4388 1437 4449 είς
1486 4386 1585 4456 τὴν
1636 4388 1789 4440 ἀδελ-

1891 3198 1955 3237 ac
2001 3185 2236 3254 denique
2293 3186 2350 3239 in
2407 3186 2594 3240 abdita
2645 3189 2831 3243 cordis
2879 3186 3128 3252 olﬁcina,
3166 3189 3371 3243 claram
3415 3190 3471 3241 in

1891 3278 2075 3346 seipso
2117 3280 2411 3346 voluptatis
2461 3279 2698 3347 speciem
2750 3280 3051 3351 depingens
3080 3323 3094 3347 ,
3164 3281 3314 3335 intus
3344 3294 3472 3349 pec-

1890 3379 2073 3422 catum
2121 3369 2242 3423 sine
2297 3370 2530 3424 testibus
2580 3379 2876 3440 perpetrat.
2925 3371 3146 3428 Peccati
3175 3375 3321 3428 enim
3354 3385 3471 3425 ma-

1891 3458 2036 3512 xima
2095 3475 2222 3528 pars
2263 3461 2320 3514 in
2373 3462 2674 3516 voluntatis
2724 3465 3061 3532 appetitione
3116 3466 3467 3529 absolvitur;

1891 3560 2178 3621 propterea
2226 3554 2371 3623 quod
2422 3558 2674 3625 corporis
2732 3559 2980 3614 actiones
3012 3558 3224 3629 a511
3283 3559 3471 3613 multis

1891 3647 2349 3715 iuterpellantur:
2384 3648 2477 3715 qui
2538 3664 2665 3701 vero
2695 3658 2887 3717 peccat
2941 3650 3247 3718 voluntate,
3284 3649 3470 3705 statim

1891 3737 2057 3791 celeri
2143 3738 2537 3807 c0gitationum
2622 3748 2776 3793 motu
2854 3752 3137 3809 peccatum
3212 3739 3468 3810 explevit.

1892 3830 1968 3899 (4)
2016 3828 2082 3882 Ut
2139 3831 2284 3883 enim
2348 3831 2545 3884 umbra
2584 3846 2823 3901 corpus,
2881 3832 2962 3888 sic
3004 3839 3227 3902 peccata
3260 3831 3471 3887 animas

1891 3922 2226 3974 comitantur
2249 3964 2263 3986 ,
2290 3931 2569 3992 gestorqu
2610 3923 2898 3993 imaginem
2926 3923 3129 3977 claram
3152 3923 3469 3992 exprimen-

1892 4013 1986 4065 tia.
2043 4012 2117 4081 (ὅ)
2166 4013 2262 4066 Est
2293 4015 2438 4068 enim
2493 4014 2735 4084 perfecta
2768 4015 3008 4081 malitia,
3070 4029 3197 4068 cum
3251 4014 3376 4083 quis
3414 4022 3470 4071 et

1892 4107 2176 4159 voluntate
2202 4115 2392 4174 peccat
2438 4122 2490 4161 et
2524 4109 2681 4162 factis
2720 4123 2733 4159 :
2777 4106 3003 4161 dimidia
3036 4122 3165 4162 vero
3192 4107 3315 4160 mali
3344 4122 3470 4177 pars

1891 4205 2010 4261 est,
2058 4214 2182 4250 cum
2246 4209 2526 4267 peccatum
2587 4200 2642 4253 in
2706 4199 2876 4253 animi
2942 4198 3220 4268 proposito
3267 4207 3470 4252 manet.

1892 4287 2079 4357 Itaque
2111 4291 2203 4359 qui
2253 4292 2583 4360 cogitatione
2607 4299 2814 4360 peccat,
2859 4305 2965 4346 non
2997 4292 3220 4345 omnino
3255 4305 3472 4345 reman-

1894 4395 2059 4435 surus
2112 4388 2196 4434 est
2250 4381 2458 4435 inultus
2488 4397 2507 4435 :
2541 4383 2635 4437 sed
2679 4389 2947 4453 quantum
2994 4380 3175 4436 deficit
3223 4395 3254 4435 a
3301 4380 3469 4459 .malo,

211 4485 424 4552 φότητα
442 4521 457 4543 ,
488 4478 607 4533 εἶτα
635 4479 731 4549 τὴν
760 4477 1048 4547 ὁμολογίαν
1093 4476 1439 4544 ἀθετήσαντα
1463 4515 1478 4538 ,
1509 4473 1651 4528 οὕτω
1683 4476 1787 4547 χρὴ

1895 4481 2106 4526 tantum
2158 4474 2206 4527 ei
2235 4489 2517 4542 pinnarum
2557 4477 2889 4531 remittetur.
2929 4474 3009 4546 (6)
3045 4475 3248 4544 Utique
3275 4473 3470 4528 horum

210 4574 444 4646 ὁρᾶσθαι
467 4612 481 4636 ,
509 4571 583 4635 ὡς
611 4572 690 4633 εἰς
723 4568 855 4622 Θεδν
884 4566 1260 4637 ἐξαμαρτόντα
1282 4607 1295 4625 ,
1327 4565 1409 4631 ἐφ’
1455 4558 1515 4618 οὗ
1540 4610 1553 4631 ,
1586 4567 1678 4619 καὶ
1713 4569 1790 4631 είς

211 4669 274 4720 ὃν
303 4667 400 4737 τὴν
437 4664 726 4734 ὁμολογίαν
770 4660 880 4714 τῶν
929 4659 1210 4728 συνθηκῶν
1240 4658 1514 4711 κατέθετο.
1559 4658 1693 4711 Ἐὰν
1724 4658 1792 4711 δέ

210 4763 302 4825 εἰς
336 4757 484 4811 Θεὸν
516 4753 831 4824 ἁμαρτήσῃ
860 4769 947 4815 τις
969 4791 983 4812 ,
1016 4751 1176 4820 φησὶ,
1209 4748 1305 4800 καὶ
1344 4750 1435 4813 τίς
1467 4749 1792 4815 προσεύξε-

211 4868 308 4903 ται
343 4848 475 4916 περὶ
510 4845 738 4907 ιιὺιοῦ;
792 4845 850 4896 '0
893 4843 1001 4913 γὰρ
1049 4843 1266 4904 ἀναθεὶς
1313 4842 1501 4894 ἑαυτὸν
1533 4843 1611 4912 τῷ
1650 4841 1789 4913 Θεῷ,

213 4940 335 4997 εἶτα
373 4944 509 5014 πρὸς
555 4941 712 4995 ἄλλον
756 4939 867 5008 βίον
904 4937 1295 5007 ἀποπηδήσας,
1334 4934 1607 5006 ἱερόσυλος
1635 4936 1791 5003 γέγο-

212 5050 345 5093 νεν,
402 5031 563 5092 αὐτὸς
626 5029 815 5081 ἑαυτὸν
860 5025 1186 5094 διακλέψας,
1236 5024 1332 5077 καὶ
1374 5024 1703 5094 ἀφελόμενος
1734 5024 1795 5077 τὸ

212 5124 310 5178 τοῦ
350 5123 485 5176 Θεοῦ
512 5122 788 5192 ἀνάθημα.
825 5115 919 5182 Οἷς
949 5118 1170 5186 εὖ).ογόν
1210 5118 1358 5177 ἐστι,
1398 5116 1595 5187 μηκέτι
1624 5116 1794 5188 Θύραν

214 5218 323 5269 τῶν
355 5214 598 5283 ἀδελφῶν
644 5213 978 5280 ἀνοίγεσθαι,
1016 5210 1149 5281 μηδὲ
1196 5211 1243 5261 εἰ
1294 5207 1434 5261 κατὰ
1466 5208 1624 5278 ψιλὴν
1658 5209 1796 5280 πάρ-

343 5370 503 5423 Num.
538 5385 662 5425 xxv.
697 5370 749 5421 ϐ.
829 5366 886 5417 ⁸1
925 5365 1053 5435 lleg.
1087 5381 1147 5428 Il,
1177 5364 1264 5417 9.5.

295 5527 368 5593 (Ι)
404 5525 611 5580 Τόπον.
636 5523 726 5576 Sic
755 5531 1040 5576 contextus
1064 5525 1117 5572 et
1148 5524 1373 5586 uterque
1402 5517 1594 5573 codex.
1622 5515 1787 5585 Eiliti,

218 5614 263 5656 τ,-
276 5614 407 5649 ιπον.

294 5667 370 5731 (Ξ)
400 5666 473 5719 Ει
506 5665 649 5718 hom.
685 5664 740 5716 in
772 5661 908 5729 psal.
947 5675 981 5719 ι,
1010 5658 1095 5711 96.

301 5728 375 5806 (3)
403 5736 481 5791 EX
511 5737 662 5791 hom.
689 5736 743 5788 in
773 5728 926 5797 illud,
963 5729 1183 5783 Attende
1207 5728 1301 5782 tibi
1342 5729 1458 5795 ipsi,
1491 5728 1573 5783 17.

1898 4570 2310 4637 unuSquisque,
2375 4568 2468 4637 qui
2506 4568 2647 4622 inter
2695 4567 2896 4623 fratres
2952 4566 3231 4622 admissus
3258 4564 3422 4620 fuerit
3452 4605 3469 4628 ,

1897 4670 2197 4729 posteaque
2244 4660 2637 4731 professionem
2696 4675 2849 4716 suam
2886 4660 3210 4722 resciderit,
3248 4657 3472 4729 perinde

1898 4754 2070 4823 aspici
2134 4756 2334 4819 debet,
2368 4765 2423 4808 ut
2460 4755 2556 4825 qui
2610 4756 2664 4808 in
2700 4754 2867 4809 Deum
2905 4754 3253 4823 peccaverit,
3285 4765 3473 4807 coram

1898 4860 2050 4912 quo,
2115 4853 2168 4898 et
2226 4847 2280 4898 in
2347 4860 2458 4915 quo
2542 4854 2821 4915 pactorum
2905 4844 3306 4899 confessionem
3377 4842 3472 4898 de-

1900 4936 2101 5005 posuit.
2169 4936 2229 4989 Si
2276 4952 2432 5001 vero,
2491 4936 2707 5005 inquit,
2762 4937 2816 4988 in
2862 4933 3025 4988 Deum
3081 4937 3195 5004 quis
3232 4948 3473 5003 peccave-

1901 5027 2005 5090 rit,
2062 5036 2111 5079 et
2174 5029 2292 5095 quis
2356 5028 2532 5082 orabit
2573 5044 2668 5097 pro
2710 5027 2859 5082 eo“?
2903 5026 3006 5092 Qui
3037 5027 3180 5081 enim
3232 5026 3472 5096 seipsum

1901 5118 2103 5171 dicavit
2152 5117 2263 5172 Deo
2284 5160 2296 5182 ,
2335 5128 2387 5173 et
2416 5120 2613 5174 deinde
2658 5121 2726 5173 ad
2756 5119 2902 5173 aliud
2933 5119 3057 5173 vius
3090 5133 3262 5189 genus
3292 5127 3474 5175 trans-

1901 5210 2011 5275 iit,
2064 5210 2241 5266 factus
2288 5220 2374 5267 est
2424 5213 2764 5283 sacrilegus,
2812 5227 2936 5266 cum
2991 5215 3105 5281 ipse
3164 5212 3249 5267 sui
3300 5212 3475 5283 ipsius

1978 5524 2055 5594 (4)
2090 5523 2162 5578 Ex
2195 5524 2342 5578 hom.
2374 5526 2425 5577 in
2455 5525 2660 5588 divites,
2695 5526 2761 5579 δή

1973 5594 2048 5661 (5)
2087 5594 2157 5647 Ex
2196 5607 2486 5649 comment.
2518 5597 2569 5647 in
2608 5595 2715 5648 Iw.
2753 5596 2876 5649 459.

1972 5667 2048 5735 μὶ)
2084 5663 2158 5718 Ex
2200 5664 2403 5724 “caulis
2444 5667 2609 5721 fusius
2649 5671 2906 5731 tractatis,
2945 5665 3061 5720 355.
