3874 6224
160 319 301 374 Η.ίό

1295 306 1526 362 SERMO
1567 306 1680 363 VII.
1722 337 1789 349 —
1826 306 1913 361 DE
1951 305 2286 363 PECCATO.

3279 309 3417 365 1214

158 441 195 513 ἢ
244 440 314 494 τὰ
364 439 430 492 ὲκ
471 436 565 492 τοῦ
621 432 813 506 μισθοῦ
860 432 1027 505 κέρδη
1077 430 1382 495 διωκοντες,
1429 430 1615 483 ἕνεκεν
1648 430 1746 499 τῆς

1860 439 1953 494 tes,
1976 428 2047 484 ob
2080 439 2322 484 nostram
2350 427 2598 497 ipsorum
2628 425 2920 482 utilitatem
2950 425 3206 482 mandata
3234 428 3418 498 exple-

159 524 371 582 ἑαυτῶν
396 523 661 595 ὡφελείας
696 522 1008 594 πληροῦμεν
1039 519 1107 573 τὰ
1142 520 1611 591 προστεταγμένα,
1650 520 1744 572 καὶ

158 619 305 672 κατὰ
329 616 487 669 τοῦτο
516 617 912 688 προσεοίκαμεν
959 613 1071 675 τοῖς
1117 610 1381 681 μισθίοις·
1433 610 1466 680 ἢ
1512 609 1578 663 δι’
1614 609 1745 663 αὐτὸ

158 709 222 760 ab
256 707 441 771 καλὸν,
466 707 560 759 καὶ
595 705 693 776 τὴν
726 703 860 774 πρὸς
900 703 989 757 τὸν
1014 702 1282 755 δεδωκότα
1312 703 1444 772 ἡμῖν
1470 700 1560 753 τὸν
1585 699 1745 770 νόμον

160 799 404 868 ἀγάπην,
433 796 716 868 χαίροντες
740 795 822 847 ὅτι
848 792 1020 857 οὕτως
1059 792 1253 864 ἐνδόξῳ
1286 794 1379 845 καὶ
1408 790 1598 861 ἀγαθῴ
1627 790 1745 860 Θεῷ

161 890 437 945 δουλεύειν
462 886 877 959 κατηξιώθημεν
898 901 910 914 ·
936 886 1031 938 καὶ
1061 884 1226 954 ἐσμὲν
1259 883 1431 946 οὕτως
1469 885 1524 935 ὲν
1544 885 1609 954 τῇ
1638 881 1744 934 τῶν

164 980 300 1034 υίῶν
326 978 578 1034 διαθέσει.
616 974 754 1029 Οὔτε
805 970 896 1028 οὖν
919 975 947 1026 ὁ
968 975 1023 1025 ὲν
1053 972 1201 1041 φόϐῳ
1239 970 1339 1034 τὰς
1362 968 1575 1032 ἐντολὰς
1616 985 1744 1022 κατ-

164 1070 365 1142 ορθῶν,
408 1069 502 1123 καὶ
533 1069 620 1121 ἀεὶ
659 1066 722 1119 τὸ
767 1066 865 1136 τῆς
912 1062 1182 1134 ῥᾳθυμίας
1219 1061 1489 1131 ἐπιτίμιον
1538 1056 1745 1130 ὑφορώ-

168 1179 352 1235 μενος,
385 1160 455 1213 re
497 1158 593 1229 μὲν
636 1158 851 1228 ποιήσει
898 1154 1005 1208 τῶν
1046 1152 1536 1225 προστεταγμένων
1575 1148 1743 1220 αὐτῷ,

162 1256 233 1308 τὰ
270 1254 328 1307 δὲ
369 1252 700 1323 παρόψεταιο
744 1247 880 1302 ἀλλά
924 1251 1022 1317 τὴν
1059 1246 1151 1299 ἐπὶ
1196 1246 1344 1315 πάσῃ
1375 1245 1623 1314 παρακςῇ
1658 1244 1747 1294 ἐκ-

161 1348 376 1419 δίκησιν
404 1343 604 1415 ὁμοίως
642 1341 876 1411 φοϐερὰν
906 1337 1083 1408 ἐαυτῷ
1115 1337 1446 1406 ὑπολήψεται
1465 1353 1479 1366 υ
1528 1335 1623 1388 καὶ
1659 1334 1747 1387 διὰ

162 1439 326 1492 τοῦτο
371 1433 766 1506 μακαρίζεται,
811 1432 889 1494 ὡς
934 1430 1084 1483 οὐδὲν
1130 1426 1449 1499 αἱρούμενος
1502 1425 1747 1496 παριδεῖν

161 1530 275 1584 τῶν
301 1528 528 1582 δεόντων
559 1522 881 1592 (Μακάριος
912 1522 1042 1591 γὰρ,
1075 1520 1257 1591 φησιν,
1280 1517 1435 1586 ἀνὴρ
1465 1519 1497 1570 ὁ
1530 1517 1746 1586 φοϐού-

156 1637 345 1691 μενος
376 1618 481 1671 τὸν
511 1618 762 1684 Κύριον·
799 1612 886 1666 διὰ
937 1612 1024 1674 τίς
1069 1609 1159 1663 ὅτι
1206 1609 1277 1662 ἐν
1312 1607 1441 1673 ταῖς
1472 1605 1747 1668 ἐντολαῖς

161 1711 352 1766 αὑτοῦ
403 1709 647 1775 θελήσει
698 1706 975 1776 σφόδρα).
1037 1703 1174 1756 Ἀλλ’
1228 1701 1348 1755 οὐδὲ
1405 1703 1433 1753 ὁ
1482 1697 1745 1770 μισθωτὸς

164 1800 480 1873 παραῦἧναί
538 1817 591 1852 τι
638 1797 745 1852 τῶν
787 1795 1222 1867 διατεταγμένων
1264 1794 1568 1864 αἱρήσεται.
1618 1788 1745 1851 Πῶς
1781 1780 1819 1831 Β

160 1890 276 1961 γὰρ
312 1890 595 1960 κομίσεται
632 1889 724 1942 τὸν
766 1887 954 1958 μισθὸν
998 1886 1098 1955 τῆς
1144 1884 1422 1956 ἐργασίας,
1462 1880 1535 1952 μὴ
1567 1880 1742 1933 πάντα

164 1978 463 2052 πληρώσας
498 1979 566 2033 τὰ
604 1976 1114 2051 συμπεφωνημένας
1165 1975 1274 2028 Καὶ
1311 1972 1419 2043 γὰρ
1454 1971 1550 2025 ὲάν
1589 1970 1647 2023 ἓν
1689 1987 1741 2023 τι

163 2073 329 2146 λείπῃ
362 2073 469 2126 τῶν
503 2072 835 2140 ἀναγκαίων.
870 2070 1140 2141 ἄχρηστον
1167 2067 1228 2120 τὸ
1260 2065 1416 2136 ἔργον
1444 2063 1522 2135 τῷ
1554 2080 1745 2133 κεκτη-

171 2165 319 2236 μένῳ
348 2163 668 2234 κατέστησε.
694 2161 789 2226 Τίς
821 2156 933 2223 οῦν,
972 2159 1236 2245 μενούσης
1263 2159 1338 2228 (1)
1368 2155 1447 2209 ἔτι
1493 2155 1591 2226 τῆς
1619 2154 1746 2245 pia.

167 2256 293 2324 6ης,
342 2253 530 2323 μισθὸν
574 2251 823 2304 ὑποτελεῖ
869 2249 947 2320 τῷ
998 2241 1349 2319 ἀδικήσαντις
1395 2245 1586 2317 Τρίτον
1618 2241 1744 2316 ἦνή

163 2343 312 2397 κατά
360 2343 580 2412 ἀγάπην
619 2338 909 2412 ὑπηρεσία.
948 2338 1045 2401 Τίς
1087 2333 1182 2390 οὖν
1220 2335 1335 2399 υίὸς
1373 2334 1574 2389 σκοπὸν
1609 2333 1747 2404 ἔχων

164 2436 269 2507 τὴν
300 2434 394 2488 τοῦ
425 2434 628 2506 πατρδις
664 2432 1041 2504 εὐαρέστησιν,
1085 2430 1179 2482 ἐπὶ
1225 2431 1336 2491 τοῖς
1368 2427 1608 2498 μείζοσιν
1649 2425 1747 2477 αὐ-

163 2529 259 2582 τὸν
286 2526 612 2597 εὐφραίνων,
638 2524 745 2578 τῶν
771 2524 1111 2596 μικροτάτων
1140 2521 1322 2574 ἕνεκεν
1365 2518 1550 2571 λυπεῖν
1587 2517 1745 2588 αἱρή-

170 2636 362 2685 σεται;
394 2621 458 2672 Ol
490 2618 666 2672 τοίνυν
686 2617 787 2681 τὰς
814 2616 1069 2677 πλείστας
1098 2612 1205 2666 τῶν
1229 2610 1455 2665 ἐντολῶν
1484 2608 1748 2682 παραϐαί-

170 2731 376 2777 νοντες,
410 2715 466 2765 ὲν
499 2712 636 2781 ποίῳ
671 2712 821 2782 μέρει
850 2708 1107 2778 τετάχθαι
1148 2705 1458 2777 βούλονται;
1494 2704 1630 2775 μήτε
1674 2703 1750 2768 ὡς

169 2806 351 2877 Πατρὶ
388 2802 780 2874 ὑπηρετοῦντες
811 2799 889 2872 τῷ
913 2800 1051 2871 Θεῷ,
1100 2799 1235 2869 μήτε
1278 2795 1353 2858 ὡς
1407 2794 1615 2865 μεγάλα
1660 2795 1752 2846 ὲπ-

172 2897 558 2968 αγγελλομένῳ
610 2895 950 2957 πειθόμενοι,
1016 2894 1152 2963 μήτε
1203 2890 1279 2953 ῶς
1338 2888 1583 2959 Δεσπότῃ
1631 2886 1748 2940 δου-

170 2986 441 3040 λεύοντες.

251 3110 340 3163 12.
369 3108 491 3172 Πῶς
523 3107 579 3160 δὲ
603 3107 694 3160 τὸν
724 3106 849 3160 καθ’
876 3104 1068 3175 ἡδονὴν
1099 3103 1215 3173 βίον
1257 3101 1350 3156 τοῦ
1392 3102 1509 3155 κατ’
1535 3098 1752 3171 ἐντολὴν
1782 3138 1825 3195 c

176 3201 632 3272 προτιμήσαντες,
660 3198 806 3267 ζωῆς
836 3195 1232 3267 μακαριότητα,
1262 3194 1356 3247 καὶ
1398 3192 1756 3247 ἰσοπολιτείαν

172 3294 284 3349 τίς
332 3293 532 3361 ἁγίων,
577 3292 670 3344 καὶ
708 3290 805 3353 τὰς
857 3289 971 3359 μετ’
1017 3287 1262 3355 ἀγγέλων
1313 3286 1648 3357 εὐφροσύνας
1700 3284 1760 3337 ὲν

178 3388 455 3459 προσώπῳ
496 3383 731 3455 Χριστοῦ
783 3383 994 3444 ἑαυτοῖς
1033 3379 1390 3450 ὑποθώμεθα;
1425 3378 1637 3449 Νηπίας
1674 3378 1761 3430 ὅν-

175 3495 288 3542 τως
340 3477 534 3548 φρενὸς
583 3474 652 3528 τὰ
698 3474 921 3528 τοιαῦτα
980 3473 1361 3542 φωτάσματα.
1410 3471 1534 3534 Πῶς
1567 3471 1761 3541 ἔσομαι

184 3569 325 3640 μετὰ
365 3567 505 3632 Ἰὼϐ,
545 3569 574 3620 ὁ
611 3566 746 3637 μηδὲ
789 3566 887 3634 τὴν
933 3563 1201 3634 τυχοῦσαν
1245 3562 1423 3631 θλίψιν
1457 3564 1573 3634 μετ’
1594 3564 1761 3633 εὐχα-

182 3658 399 3732 ριστίας
429 3657 744 3728 δεξάμενος;
778 3655 902 3720 Πῶς
930 3656 1067 3726 μετὰ
1108 3656 1290 3716 Δαϐὶδ,
1329 3656 1357 3707 ὁ
1405 3655 1478 3725 μὴ
1514 3655 1649 3725 πρὸς
1669 3653 1762 3707 τὸν

182 3748 444 3819 πολέμιον
471 3746 834 3818 μακροθύμως
874 3746 1173 3810 διατεθείς;
1218 3745 1342 3809 Πῶς
1378 3744 1516 3815 μετὰ
1544 3744 1761 3816 Δανιὴλ,

179 3843 214 3894 ὁ
243 3840 318 3910 μὴ
360 3840 473 3909 μετ’
517 3837 842 3909 ἐγκρατείας
885 3837 1160 3909 διηνεκοῦς
1209 3837 1302 3890 καὶ
1347 3837 1582 3908 δεήσεως
1617 3836 1766 3905 φιλο-

183 3932 350 3985 πόνου
377 3930 465 3984 τὸν
496 3930 627 3983 Θεὸν
652 3928 993 4001 ἐκζητήσαςς
1049 3930 1173 3993 Πῶς
1220 3928 1337 4000 μεθ’
1388 3929 1618 3982 ἑκάστου
1659 3928 1765 3981 τῶν

184 4025 381 4093 ἁγίων,
418 4023 448 4075 ὁ
495 4023 569 4096 μὴ
597 4026 709 4085 τοῖς
742 4023 941 4092 ἴχνεσιν
999 4021 1175 4075 αὐτῶν
1213 4021 1632 4092 περιπατήσας;
1670 4020 1766 4084 Τίς

182 4115 361 4178 οὕτως
408 4114 630 4185 ἄκριτος
679 4113 1007 4184 ἀθλοθέτης,
1069 4114 1144 4177 ὡς
1193 4113 1301 4166 τῶν
1360 4113 1488 4167 ἴσων
1538 4112 1766 4179 ἀξιῶσαι

185 4207 470 4278 στεφάνων
500 4206 588 4261 τὸν
615 4206 861 4277 νικητὴν,
904 4208 999 4260 καὶ
1040 4206 1131 4260 τὸν
1161 4206 1324 4277 μηδὲν
1364 4206 1765 4276 ἡγωνισμένονς

184 4300 288 4362 Τίς
335 4297 637 4369 στρατηγὸς
677 4299 757 4360 εἰς
805 4298 904 4369 τὴν
952 4297 1142 4368 μερίδα
1185 4296 1294 4350 τῶν
1329 4297 1540 4351 σκύλων
1568 4297 1626 4363 ἐξ
1655 4296 1767 4350 ἴσου

185 4387 323 4443 ποτὲ
369 4390 482 4451 τοῖς
529 4386 835 4456 νενικηκόσι
886 4386 1012 4449 τοὺς
1061 4385 1193 4456 μηδὲ
1237 4384 1505 4454 φανέντας
1538 4386 1631 4437 ἐπὶ
1671 4386 1768 4455 τῆς

1845 535 1992 585 mus,
2024 528 2078 575 et
2120 520 2226 574 hoc
2270 526 2434 590 pacto
2474 520 2833 575 mercenariis
2871 519 3132 575 ellicimur
3172 518 3414 588 similes;

1846 620 1939 666 aut
1961 612 2031 667 ob
2056 612 2237 681 ipsum
2262 612 2577 677 honestum,
2599 619 2655 666 et
2681 626 2925 667 amorem
2953 611 3103 666 illius
3122 610 3217 680 qui
3245 611 3415 682 legem

1845 704 2007 758 nobis
2055 704 2227 767 dedit,
2261 703 2565 774 gaudentes
2610 703 2754 773 quod
2804 702 2956 774 digni
3006 704 3180 759 simus
3221 703 3412 769 habiti,

1845 796 1940 865 qui
1985 804 2092 848 tam
2142 796 2384 866 glorioso
2430 810 2495 849 ac
2527 796 2674 850 bono
2726 795 2837 850 Deo
2868 795 3208 863 serviamus;
3241 802 3296 850 et
3343 796 3418 849 ita

1845 887 2065 941 demum
2100 895 2157 941 ut
2193 886 2288 941 lilii
2314 887 2602 942 allicimur.
2634 886 2822 958 Neque
2858 882 3025 958 igitur
3053 886 3102 943 is
3130 886 3223 956 qui
3257 887 3314 941 in
3345 887 3418 940 ti-

1847 992 1999 1031 more
2034 977 2244 1047 perﬁcit
2282 978 2560 1042 mandata,
2597 992 2922 1048 semperque
2950 977 3173 1034 desidia
3201 990 3420 1048 ptenam

1847 1076 2087 1128 veretur,
2132 1068 2238 1122 alia
2285 1067 2504 1138 quidem
2551 1084 2672 1139 quae
2718 1069 2824 1124 sibi
2868 1077 3138 1139 praecepta
3189 1067 3416 1132 fuerint,

1846 1169 2198 1228 exsequetur,
2237 1161 2342 1214 alia
2375 1176 2506 1214 vero
2537 1161 2774 1230 negliget
2806 1178 2819 1211 :
2863 1159 2959 1215 sed
2999 1160 3182 1215 omnis
3226 1161 3419 1215 inobe-

1846 1254 2068 1308 dicntite
2100 1253 2399 1307 vindictam
2435 1252 2539 1308 sibi
2574 1267 2640 1306 ex
2672 1267 2829 1321 {equo
2866 1251 3210 1308 metuendam
3241 1252 3422 1321 suspi-

1846 1345 2078 1401 cabitur.
2127 1343 2194 1397 Et
2243 1344 2453 1398 idcirco
2499 1343 2691 1399 beatus
2718 1343 3047 1413 praedicatur
3078 1344 3173 1413 qui
3212 1345 3422 1400 scilicet

1846 1438 1982 1491 nihil
2018 1451 2208 1491 eorum
2248 1450 2370 1505 qua:
2417 1435 2483 1489 ad
2532 1435 2777 1490 ofﬁcium
2827 1436 3153 1505 pertineant,
3191 1444 3421 1504 praeter—

1847 1527 2063 1580 mittere
2094 1524 2245 1579 velit.
2275 1523 2475 1578 Beatus
2506 1524 2646 1577 enim
2671 1522 2768 1585 vir,
2804 1522 2900 1586 ait,
2930 1523 3019 1590 qui
3059 1521 3205 1574 timet
3239 1520 3422 1574 Domi-

1846 1636 1970 1672 num
2002 1621 2068 1672 “.
2111 1617 2283 1684 Quam
2331 1618 2403 1672 ob
2447 1617 2706 1672 causam?
2750 1617 2875 1688 quia
2916 1617 2972 1669 in
3014 1614 3279 1669 mandatis
3308 1616 3423 1685 ejus

1847 1710 1981 1764 volet
2008 1711 2164 1764 nimis
2189 1710 2254 1762 ¹².
2283 1707 2392 1762 Sed
2417 1724 2595 1778 neque
2617 1709 2992 1763 mercenarius
3015 1707 3236 1777 quidem
3265 1707 3426 1777 quid-

1850 1819 2013 1873 quam
2032 1817 2224 1856 eorum
2244 1817 2365 1872 quae
2381 1806 2702 1871 praescripta
2722 1801 2853 1864 sint,
2879 1801 3084 1856 violare
3100 1801 3263 1855 volet.
3288 1801 3427 1866 Quo-

1850 1895 2014 1949 modo
2043 1895 2189 1948 enim
2208 1907 2392 1963 Operae
2419 1893 2728 1947 mercedem
2754 1893 2976 1959 referet,
3000 1893 3046 1948 si
3065 1901 3224 1963 pacta
3240 1892 3426 1948 omnia

1851 2000 1959 2037 non
1993 1983 2334 2039 servaverit?
2367 1980 2579 2037 Etenim
2607 1983 2652 2036 si
2687 1983 2771 2036 vel
2802 1998 2971 2036 unum
2996 1984 3153 2037 exiis
3182 1997 3304 2052 qua:
3336 1997 3430 2036 ne-

1850 2077 2095 2130 cessaria
2119 2075 2449 2138 exstiterint,
2477 2074 2734 2137 defuerit,
2754 2074 2948 2129 inutile
2963 2089 3103 2145 Opus
3124 2075 3428 2143 possessori

1853 2165 2107 2220 reddidit.
2143 2164 2345 2234 Ecquis
2383 2164 2570 2235 igitur,
2607 2172 2860 2219 manente
2898 2163 3249 2230 detrimento,
3287 2180 3431 2220 mer-

1852 2257 2038 2311 cedem
2069 2258 2347 2327 persolvat
2391 2255 2608 2325 injurite
2639 2255 2857 2309 actori?
2901 2254 3143 2310 Tertium
3185 2257 3433 2312 ministe-

1853 2349 1997 2403 rium
2042 2356 2160 2403 erat
2205 2348 2277 2403 ob
2330 2347 2653 2402 charitatem
2704 2347 3028 2418 praestitum.
3080 2346 3218 2414 Quis
3265 2349 3434 2418 igitur

1855 2439 2019 2505 filius,
2044 2455 2166 2494 cum
2192 2440 2241 2494 ei
2265 2455 2465 2511 scopus
2491 2440 2584 2503 sit,
2612 2447 2669 2493 ut
2695 2441 3034 2510 complaceat
3064 2440 3227 2510 patri,
3252 2440 3434 2510 ipsum

1858 2537 1911 2591 in
1942 2538 2106 2590 rebus
2136 2534 2433 2605 majoribus
2452 2534 2639 2588 laetitia
2659 2533 2930 2597 alliciens,
2953 2533 3232 2588 tristitiam
3250 2533 3321 2589 ob
3345 2549 3434 2588 res

1855 2627 2066 2683 minimi
2096 2628 2355 2683 momenti
2379 2627 2573 2682 allerre
2596 2626 2779 2681 volet?
2801 2625 2906 2692 Qui
2935 2627 3102 2697 igitur
3130 2627 3427 2681 maximam

1854 2719 2062 2773 violant
2092 2718 2479 2775 mandatorum
2516 2727 2749 2787 partem,
2777 2733 2888 2788 quo
2915 2718 2970 2772 in
2999 2733 3232 2773 numero
3265 2718 3431 2773 collo-

1856 2813 1972 2867 cari
1995 2811 2262 2880 cupiunt?
2290 2825 2413 2864 cum
2439 2826 2612 2881 neque
2635 2822 2696 2865 ut
2724 2808 2874 2865 Patri
2894 2811 3271 2881 obsequantur
3301 2809 3433 2875 Deo,

1857 2918 2034 2973 neque
2061 2910 2122 2956 ut
2151 2918 2345 2974 magna
2380 2903 2661 2974 pollicenti
2685 2913 2931 2973 pareant.
2968 2917 3146 2973 neque
3167 2909 3227 2957 ut
3250 2900 3437 2957 Domi-

1858 3011 1931 3050 no
1969 2996 2232 3051 serviant.

1931 3088 2019 3151 12.
2045 3087 2330 3156 Quomodo
2355 3089 2402 3143 si
2425 3089 2592 3143 vitam
2614 3090 2975 3159 voluptariam
3000 3091 3124 3145 vitae
3144 3104 3266 3160 quae
3282 3089 3439 3159 juxta

1861 3181 2119 3236 mandata
2155 3182 2395 3252 degitur,
2426 3188 2849 3249 anteponamus,
2872 3183 2998 3236 vitae
3020 3181 3438 3246 beatitudinem,

1859 3284 1915 3331 et
1944 3274 2185 3331 civitatis
2219 3289 2343 3328 cum
2370 3273 2580 3329 sanctis
2599 3272 2695 3342 jus
2725 3274 2956 3344 aequale,
2987 3280 3042 3327 et
3081 3288 3205 3327 cum
3233 3272 3442 3343 angelis

1862 3367 2060 3439 gaudia
2082 3367 2136 3421 in
2158 3365 2362 3421 Christi
2392 3374 2691 3435 conspectu
2724 3365 2883 3420 nobis
2908 3364 3274 3436 pollicemur?
3301 3363 3443 3418 Sunt

1863 3460 2031 3514 animi
2065 3473 2191 3514 vere
2221 3458 2406 3513 stolidi
2439 3458 2567 3512 talia
2610 3466 2943 3512 commenta.
2991 3456 3276 3524 Quomodo
3315 3472 3441 3511 cum

1861 3549 1966 3605 Job
1996 3565 2122 3616 ero,
2168 3550 2264 3619 qui
2307 3564 2376 3605 ne
2418 3548 2753 3603 levissimam
2804 3547 3024 3617 quidem
3075 3547 3442 3602 calamitatem

1864 3658 1988 3698 cum
2025 3642 2324 3713 gratiarum
2355 3642 2573 3696 actione
2602 3640 2918 3709 pertulerim
2939 3640 2964 3692 ?
2992 3638 3282 3706 Quomodo
3312 3654 3442 3693 cutn

1866 3732 2091 3796 Davide,
2119 3732 2215 3801 qui
2248 3732 2446 3786 leniter
2476 3746 2561 3785 me
2591 3744 2700 3783 non
2733 3729 2997 3801 gesserim
3029 3744 3155 3783 cum
3187 3729 3445 3782 adversav-

1865 3823 1988 3878 rio?
2016 3821 2301 3890 Quomodo
2339 3836 2463 3876 cum
2495 3820 2737 3882 Daniele,
2780 3821 2874 3889 qui
2908 3818 3129 3874 assidua
3159 3818 3444 3873 abstinen-

1866 3916 1943 3969 tia
1994 3922 2044 3971 et
2075 3914 2284 3983 ,sedula
2326 3914 2656 3983 precatione
2698 3910 2869 3966 Deum
2916 3926 3025 3965 non
3055 3910 3446 3980 exquisierim?

1868 4007 2155 4075 Quomodo
2189 4022 2312 4062 cum
2344 4005 2577 4076 singulis
2607 4005 2899 4075 quibusvis
2933 4004 3167 4066 sanctis,
3198 4002 3292 4072 qui
3323 4002 3444 4055 illo-

1868 4117 1990 4155 rum
2033 4100 2262 4170 vestigia
2310 4110 2532 4154 secutus
2576 4112 2687 4152 non
2735 4096 2877 4152 sim?
2908 4096 3043 4163 Quis
3080 4093 3444 4153 certaminum

1870 4195 2075 4249 arbiter
2102 4194 2175 4247 ita
2204 4192 2402 4262 judicii
2437 4206 2637 4261 expers
2683 4196 2788 4254 est,
2835 4196 2894 4243 ut
2937 4189 3197 4242 victorem
3228 4192 3284 4241 et
3319 4200 3444 4240 eum

1870 4288 1965 4357 qui
2006 4301 2116 4340 non
2168 4282 2488 4345 decertavit,
2539 4281 2764 4352 paribus
2814 4280 3037 4335 coronis
3084 4278 3280 4349 dignos
3326 4292 3449 4332 esse

1872 4378 2136 4434 censeat?
2163 4375 2299 4443 Quis
2334 4376 2636 4445 imperator
2676 4374 2745 4428 iis
2774 4373 2868 4442 qui
2898 4372 3146 4437 vicerint,
3181 4377 3236 4426 et
3261 4370 3327 4425 iis
3355 4366 3469 4440 qui'

188 4479 372 4550 μάχης
403 4477 691 4542 ὲκὰλεσεν;
740 4476 967 4545 Ἀγαθὸς
1005 4478 1034 4529 ὁ
1073 4476 1226 4539 Θεὸς,
1249 4476 1385 4529 ἀλλά
1418 4478 1509 4529 καὶ
1541 4475 1756 4538 δίκαιος.

1875 4488 1941 4526 ne
1974 4468 2382 4539 comparuerint
2419 4466 2640 4536 quidem
2685 4465 2739 4518 in
2789 4478 2989 4534 pugna,
3032 4461 3315 4516 distribuit
3347 4476 3451 4513 un—

187 4570 412 4625 Δικαίου
450 4569 527 4633 δὲ,
575 4571 609 4640 η
649 4569 785 4641 πρὸς
825 4569 982 4633 ἀξίαν
1027 4568 1313 4632 ἀντίδοσις,
1360 4568 1539 4630 καθὼς
1566 4568 1769 4637 γέγρα-

188 4680 353 4716 πται’
403 4661 758 4732 Ἀγάθυνον,
808 4662 1004 4729 Κύριε,
1056 4661 1179 4725 τοῖς
1215 4660 1479 4730 ἀγαθοῖς.
1523 4660 1667 4725 Τοὺς
1703 4659 1772 4712 δὲ

187 4752 588 4817 ἑκκλίνοντας
608 4753 695 4817 εὶς
724 4752 830 4816 τὰς
856 4751 1279 4819 στραγγαλιὰς,
1306 4750 1521 4816 ἀπάξει
1555 4751 1772 4819 Κύριος

182 4843 339 4914 μετὰ
387 4842 505 4896 τῶν
547 4841 950 4912 ἐργαζομένων
995 4841 1110 4909 τὴν
1151 4843 1425 4911 ἀνομίαν.
1471 4844 1770 4914 Ἐλεήμων.

190 4933 331 4988 ἀλλά
361 4934 454 4987 καὶ
486 4934 701 5003 κριτής.
745 4934 958 5003 Ἀγαπᾷ
987 4932 1095 5004 γὰρ
1127 4932 1492 5005 ἐλεημοσύνην
1520 4934 1615 4987 καὶ
1657 4933 1776 5004 κρί-

194 5044 280 5079 σιν
314 5028 344 5079 ὁ
366 5024 589 5097 Κύριος.
622 5024 863 5095 Ἔμαθες
888 5027 979 5078 ἐπὶ
1005 5025 1156 5088 τίνας
1178 5025 1238 5077 τὸ
1262 5024 1441 5090 ἔλεοςς
1465 5024 1772 5094 Μακάριοι,

194 5117 365 5186 φησὶν
390 5155 405 5180 ,
455 5120 507 5170 οἱ
559 5116 883 5185 ἐλεήμονες
906 5156 920 5180 ,
966 5116 1055 5169 ὅτι
1097 5115 1265 5169 αὐτοὶ
1322 5115 1771 5182 ἐλεηθήσονται.

207 5211 395 5282 Ὁρᾷς,
449 5209 565 5271 πῶς
619 5209 956 5280 κεκριμένως
1016 5208 1281 5280 κέχρηται
1322 5206 1399 5277 τῷ
1438 5206 1603 5278 ἐλέῳ,
1653 5207 1776 5260 οὔτε

1875 4578 2039 4634 quam
2088 4560 2350 4631 aequalem
2399 4557 2700 4629 spoliorum
2736 4553 2988 4626 partetn?
3043 4552 3182 4607 Deus
3227 4551 3447 4622 quidem

1876 4657 2055 4711 bonus
2084 4663 2190 4718 cst,
2221 4654 2313 4708 sed
2342 4661 2425 4707 est
2452 4664 2671 4721 quoque
2701 4648 2906 4718 justus.
2948 4644 3092 4700 Justi
3136 4652 3317 4699 autem
3365 4650 3451 4699 est

1876 4760 2229 4817 remunerare
2262 4759 2360 4814 pro
2394 4743 2611 4802 merito,
2651 4741 2795 4795 sicut
2838 4737 3105 4807 scriptum
3142 4742 3252 4791 est:
3289 4735 3453 4790 Bene-

1879 4838 1988 4907 fac,
2028 4835 2272 4899 Domine,
2305 4832 2478 4885 bouis.
2516 4829 2853 4883 Declinantes
2878 4835 3053 4878 autem
3082 4824 3138 4877 in
3174 4821 3453 4892 obligatio-

1881 4946 1994 4992 nes,
2053 4926 2276 4980 adducet
2325 4922 2584 4977 Dominus
2638 4935 2753 4974 cum
2789 4915 3148 4986 toperantibus
3196 4914 3453 4983 iniquita-

1884 5032 1985 5075 tem
2017 5019 2081 5070 ¹³.
2111 5016 2426 5072 Misericors
2452 5012 2672 5082 quidem
2698 5016 2801 5072 cst,
2841 5008 2934 5063 sed
2968 5016 3021 5061 et
3051 5005 3234 5076 iudex.
3267 5003 3453 5073 Diligit

1882 5112 2043 5172 enim,
2072 5106 2269 5177 inquit,
2297 5101 2716 5158 misericordiam
2737 5109 2785 5153 et
2813 5097 3075 5167 judicium
3105 5095 3361 5148 Dominus
3388 5093 3451 5146 “.

1886 5198 2208 5254 Didicistine
2236 5195 2458 5266 quinam
2485 5194 2618 5258 siut,
2651 5190 2811 5261 513
2840 5202 3071 5260 quorum
3095 5185 3456 5241 misereatur?

195 5303 439 5373 ἀκρίτοις
495 5298 845 5364 ἐλεῶν,⁷οὐτε
895 5301 1137 5370 ἀνηλεῶς
1192 5300 1426 5370 κρίνων;
1479 5297 1756 5368 Ἐλεήμωι

1890 5297 2067 5360 Beati,
2098 5293 2296 5364 inquit,
2328 5289 2711 5351 misericordes,
2739 5286 2986 5357 quoniam
3016 5284 3119 5352 ipsi
3159 5282 3447 5337 misericor-

270 5459 309 5487 “
341 5455 488 5511 Psal.
524 5472 635 5522 CXI,
670 5459 720 5512 l.
799 5459 841 5487 "
870 5456 1001 5511 ibid.

1081 5457 1124 5487 “
1171 5454 1315 5511 Psal.
1352 5470 1528 5509 cxxtv.
1564 5453 1677 5507 4-5.
1761 5453 1805 5485 ’⁸
1847 5452 1991 5507 Psal.
2029 5465 2201 5513 xxxii,
2237 5448 2290 5501 5.

272 5638 350 5704 (1)
389 5637 728 5704 Merodo'nq.
772 5634 950 5688 Minus
996 5632 1281 5687 commode
1309 5632 1465 5689 deest
1491 5647 1554 5688 ea
1587 5646 1693 5687 vox
1724 5630 1779 5686 in
1818 5636 2078 5687 contextu
2111 5625 2316 5684 Basilii.
2345 5622 2547 5681 Ibidem
2612 5619 2844 5693 legimus
2881 5624 2936 5673 ut
2976 5614 3031 5671 in
3062 5619 3320 5671 contextu
3379 5607 3458 5683 τῷ

199 5708 545 5778 κεκτημένῳ.
575 5706 740 5774 Editi,
772 5707 877 5759 τῶν
910 5705 1277 5777 κεκτημένων.
