3874 6224
417 309 554 366 1915
1283 311 1642 368 APPENDIX.
1664 345 1734 356 -—
1774 317 2007 374 SYiiEOL

2147 319 2684 374 METAPHRASTIE
3543 318 3682 373 i2l6

415 421 560 474 diam
590 433 972 502 consequentur
1007 426 1069 478 ³⁵.
1100 423 1262 481 Vides
1294 443 1456 496 quam
1498 430 1845 486 considerate
1874 442 1995 487 uta-

2110 435 2205 506 γὰρ
2245 439 2276 488 o’
2319 437 2534 504 Κύριος
2585 434 2684 489 καὶ
2734 435 2980 500 δίκαιος.
3037 434 3128 505 Mi;
3175 429 3268 486 οῦν
3319 431 3380 494 ἐξ
3425 433 3684 500 ἡμιαείας

419 525 510 566 tur
535 514 957 570 misericordia?
994 515 1179 588 Neque
1208 519 1346 574 citra
1373 519 1644 590 judicium
1680 525 1994 581 misericors

2110 526 2188 580 τὸν
2235 527 2436 598 Κύριον
2482 527 2870 599 γνωρίζωμεν,
2923 525 3057 598 μηδὲ
3099 523 3355 596 ἀφορμὴν
3411 523 3686 594 ῥᾳθυμίας

417 611 524 668 est,
558 617 738 674 neque
767 605 982 675 judicat
1015 609 1154 666 citra
1188 611 1645 668 misericordiam.
1691 612 1994 670 Misericors

2110 620 2196 689 τὴν
2245 621 2410 674 αὐτοῦ
2460 617 2866 692 φιλανθρωπίαν
2933 617 3318 689 λαμϐάνωμεν.
3374 613 3476 667 Διά
3528 611 3687 666 τοῦτο

417 697 566 750 enim
617 697 875 753 Dominus
929 711 979 754 et
1023 700 1206 770 justus
1237 705 1300 756 ”.
1355 702 1433 758 Ne
1481 704 1650 775 igitur
1679 705 1902 760 dimidia
1931 722 1997 760 ex

420 797 574 857 parte
622 788 911 845 Dominum
951 809 1370 864 cognoscamus,
1408 811 1588 866 neque
1621 796 1798 864 ipsius
1843 796 1994 850 beni—

421 877 604 944 gnitas
634 878 860 950 ignavia:
881 881 1040 937 nobis
1063 885 1284 939 occasio
1305 887 1395 940 sit.
1429 884 1552 940 Ideo
1585 887 1847 948 tonitrua,
1879 887 1999 940 ideo

423 967 676 1035 fulmina,
714 978 774 1024 ut
807 987 876 1026 ne
904 984 1288 1030 contemnatur
1318 977 1555 1032 bonitas.
1590 976 1695 1042 Qui
1742 977 1910 1032 el'lieit
1940 984 2000 1030 ut

423 1061 507 1116 sol
531 1063 741 1117 oriatur
772 1067 835 1128 ”,
886 1066 1005 1136 ipse
1052 1069 1216 1123 etiam
1261 1072 1506 1124 caecitate
1557 1071 1750 1124 multat
1783 1070 1846 1124 η.
1895 1069 2000 1136 Qui

423 1153 656 1208 imbrem
707 1156 800 1210 dat
837 1157 902 1221 1⁸,
943 1159 1108 1212 etiam
1139 1160 1318 1229 ignem
1349 1160 1488 1230 pluit
1531 1161 1598 1216 '°.
1634 1162 1730 1215 Illa
1764 1160 2002 1216 clemen-

425 1243 580 1308 tiam,
629 1245 744 1300 hzee
785 1250 1133 1303 severitatem
1183 1249 1446 1304 indicant.
1494 1249 1602 1303 Aut
1655 1256 1880 1319 propter
1908 1249 2002 1302 illa

424 1339 754 1408 diligamus,
790 1349 885 1396 aut
933 1351 1154 1412 prepter
1183 1343 1298 1398 haec
1347 1343 1674 1406 timeamus,
1725 1359 1796 1398 ne
1843 1343 2000 1397 nobis

423 1445 643 1500 quoque
672 1433 925 1489 dicatur:
960 1435 1041 1488 An
1067 1435 1285 1489 divitias
1319 1435 1572 1488 bonitatis
1603 1435 1719 1502 ejus
1745 1445 1794 1488 et
1819 1435 2004 1504 longa-

423 1521 686 1576 nimitatis
717 1526 1030 1588 contemnis,
1057 1527 1309 1594 ignorans
1332 1523 1472 1594 quod
1499 1526 1795 1594 benignitas
1816 1523 1914 1578 Dei
1934 1522 2002 1578 ad

421 1620 784 1686 paenitentiam
803 1631 851 1675 te
863 1621 1004 1675 ducit
1023 1625 1046 1677 ?
1064 1621 1361 1677 Secundum
1376 1632 1551 1676 autem
1562 1622 1817 1676 duritiam
1833 1633 2002 1686 tuam,

425 1723 474 1764 et
524 1712 850 1780 impaenitens
909 1730 1020 1777 cor,
1081 1714 1412 1768 thesaurizas
1475 1715 1570 1768 tibi
1631 1718 1768 1768 iram
1813 1717 1868 1768 in
1919 1713 2005 1767 die

2101 709 2340 784 βρονταὶ,
2391 713 2481 766 διὰ
2525 712 2683 766 τοῦτο
2733 711 3000 782 κεραυνοὶ,
3037 709 3124 762 ἵνα
3165 707 3241 780 μὴ
3270 703 3684 775 καταφρονῆται

2101 803 2133 872 ὴ
2181 803 2469 873 ἀγαθότης.
2511 803 2572 856 Ὀ
2611 803 2702 855 τὸν
2744 803 2894 872 ἣλιον
2939 800 3265 864 ἀνατέλλων,
3301 800 3399 850 καὶ
3421 795 3684 863 ἀῇεψὶαν

2100 894 2468 959 καταδικάζει.
2523 895 2582 948 '0
2607 895 2698 949 τὸν
2726 895 2928 966 ὄμϐρον
2968 894 3163 958 διδοὺς,
3198 891 3294 945 καὶ
3329 891 3393 943 τὸ
3419 889 3535 958 πῦρ
3566 887 3686 957 βρέ-

2100 1003 2206 1057 χει.
2247 988 2458 1040 Ἐκεῖνα
2511 989 2609 1057 τῆς
2657 988 3049 1058 χρηστότητος,
3099 983 3272 1037 ταῦτα
3335 981 3438 1050 τῆς
3473 972 3682 1032 ἀποτο-

2105 1079 2252 1148 μίας.
2281 1079 2352 1131 ’Ἡ
2382 1077 2448 1131 δι’
2481 1081 2664 1132 ἐκεῖνα
2693 1079 3086 1148 ἁγαπήσωμεν,
3121 1077 3154 1146 ἢ
3193 1073 3282 1126 διὰ
3311 1071 3491 1126 ταῦτα
3522 1067 3682 1138 $951;-

2101 1167 2282 1238 θῶμεν
2314 1167 2412 1239 (5),
2443 1168 2528 1221 ἵνα
2571 1167 2646 1238 μὴ
2691 1167 2828 1238 ῥηθῇ
2861 1168 2954 1220 καὶ
2987 1169 3148 1237 ἡμῖν·
3185 1167 3253 1219 Ἠ
3273 1162 3385 1217 τοῦ
3417 1161 3686 1214 πλούτου

2100 1257 2210 1326 τῆς
2255 1260 2663 1328 χρηστότητος
2709 1258 2895 1312 αὑτοῦ
2951 1259 3051 1310 καὶ
3115 1254 3223 1323 τῆς
3267 1251 3688 1324 μακροθυμίας

2101 1347 2514 1416 καταφρονεῖς,
2543 1347 2798 1418 ἀγνοῶν,
2839 1347 2927 1400 ὅτι
2972 1347 3039 1400 τὸ
3087 1345 3359 1414 χρηστὸν
3387 1341 3504 1396 τοῦ
3542 1340 3688 1395 Θεοῦ

2101 1441 2189 1505 εὶς
2215 1438 2538 1508 μετάνοιάν
2569 1457 2643 1494 σε
2669 1440 2833 1510 c'iy-et;
2865 1439 3028 1492 Κατὰ
3062 1438 3132 1492 δὲ
3161 1437 3278 1504 τὴν
3301 1431 3689 1502 σκληρότητὰ

2103 1546 2240 1592 σου,
2272 1533 2369 1585 καὶ
2403 1533 2810 1601 ἀμετανόητον
2853 1531 3126 1599 καρδίαν,
3171 1525 3558 1595 θησαυρίζεις
3588 1539 3684 1577 σε-

2103 1621 2264 1687 αυτῷ
2296 1622 2482 1692 ὁργὶιν
2506 1625 2576 1676 ἐν
2606 1623 2790 1692 ἡμέρῃ
2825 1620 3027 1692 ὀργῆς.
3062 1621 3126 1674 Τί
3164 1620 3223 1673 δέ
3273 1638 3367 1690 μοι
3404 1618 3470 1671 τὸ
3502 1615 3688 1686 ὄφελος

2105 1713 2214 1766 τῶν
2251 1713 2425 1767 ἄλλων
2459 1715 2928 1788 κατορθωμάτων,
2971 1717 3020 1766 εἰ
3067 1714 3339 1784 μέλλοιμι,
3380 1710 3570 1781 μωρὸν
3612 1711 3686 1768 εἰ·

425 1803 523 1856 ira:
555 1803 620 1857 ἰ.
652 1803 729 1874 (1)
764 1803 971 1874 Ecquid
991 1805 1120 1858 mihi
1139 1805 1436 1874 proderunt
1459 1813 1652 1860 etetera
1672 1814 1818 1862 recte
1835 1806 1998 1870 laeta,

2110 1803 2226 1858 πὼν
2260 1805 2349 1859 τὸν
2377 1807 2625 1876 ἀδελφὸν,
2644 1807 2826 1878 ἔνοχος
2853 1805 3102 1874 γενέσθαι
3129 1807 3195 1876 τῇ
3227 1805 3424 1876 γεέννῃ
3445 1819 3459 1868 ;
3483 1801 3549 1854 ΤΕ
3583 1801 3689 1871 γὰρ

428 1896 472 1949 si
503 1903 786 1964 propterea
821 1896 968 1966 quod
1003 1896 1223 1952 fratrem
1259 1897 1465 1952 fatuum
1497 1897 1866 1968 appellavero,
1898 1900 2000 1953 sim

427 1985 689 2056 gehennae
713 1987 1097 2042 addicendus‘.’
1123 1988 1294 2054 Quam
1329 1991 1475 2043 enim
1505 1991 1794 2043 utilitatem
1827 1991 2002 2060 perci-

427 2077 507 2146 pit
531 2077 622 2147 qui
658 2092 689 2130 a
740 2079 930 2132 multis
977 2079 1114 2132 liber
1145 2085 1250 2144 est,
1282 2079 1327 2132 si
1364 2080 1448 2133 vel
1493 2095 1605 2133 uno
1635 2080 1897 2148 redigitur
1947 2080 2002 2134 in

427 2169 792 2222 servitutem?
825 2168 933 2234 Qui
971 2171 1139 2235 enim,
1170 2169 1370 2240 inquit,
1407 2171 1537 2240 facit
1566 2180 1856 2238 peccatum,
1887 2187 2000 2224 ser-
2029 2159 2036 2165 ’

427 2275 518 2314 vus
542 2268 618 2313 est
637 2261 838 2327 peccati
853 2263 918 2314 ".
945 2261 1084 2326 Quid
1100 2261 1264 2314 etiam
1283 2262 1537 2331 cuiquam
1559 2261 1781 2331 prodest
1801 2263 2002 2316 multo-

427 2366 551 2406 rum
605 2354 922 2408 morborum
970 2367 1094 2408 esse
1135 2362 1441 2423 expertem,
1489 2354 1536 2408 si
1583 2355 1760 2424 ipsius
1801 2369 2003 2424 corpus

429 2447 512 2500 vel
545 2445 614 2498 ab
647 2461 758 2499 uno
797 2445 990 2499 morbo
1033 2445 1452 2515 corrumpitur?
1475 2445 1550 2518 (9.)
1581 2445 1684 2511 Qui
1733 2446 1878 2499 enim
1908 2461 2003 2499 vo-

431 2537 695 2590 luntatem
730 2533 824 2588 Dei
855 2533 1010 2601 facit,
1041 2533 1138 2588 sed
1171 2550 1276 2587 non
1311 2543 1368 2588 ut
1397 2535 1513 2588 vult
1543 2534 1706 2601 Deus,
1741 2551 1917 2603 neque
1947 2537 2003 2587 in

431 2623 624 2679 affectu
651 2625 855 2680 amoris
871 2639 998 2694 erga
1027 2623 1192 2677 Deum
1223 2623 1274 2676 id
1305 2622 1456 2688 facit,
1477 2625 1669 2680 inutile
1694 2625 1853 2679 habet
1876 2641 2006 2694 ope-

428 2717 510 2772 ris
537 2714 812 2770 studium:
848 2728 972 2766 nam
1005 2717 1099 2776 ait,
1131 2715 1297 2766 Amen
1336 2714 1455 2767 dico
1497 2712 1660 2776 vobis,
1699 2715 1824 2784 quia
1863 2728 2006 2766 rece-

432 2816 620 2863 nerunt
649 2805 932 2860 mercedem
957 2821 1110 2858 suam
1139 2805 1202 2856 ³³.
1229 2804 1304 2874 ('5)
1339 2803 1523 2874 Itaque
1549 2805 1738 2874 primae
1766 2813 1872 2858 tute
1895 2805 2004 2857 ori-

432 2901 576 2972 ginis
607 2902 652 2954 si
681 2914 890 2954 metuar
925 2913 1032 2951 non
1084 2913 1166 2960 es,
1201 2913 1234 2949 υ
1282 2898 1465 2959 homo,
1496 2913 1560 2950 ex
1592 2897 1870 2966 persoluto
1905 2910 2007 2966 pro

433 3006 486 3048 te
521 2995 696 3063 pretio
727 2994 968 3062 aliquam
1006 2990 1292 3060 dignitatis
1334 2997 1440 3043 tua:
1472 2991 1752 3045 notionem
1794 2994 2004 3060 accipe,

433 3085 498 3141 ad
523 3085 756 3155 pretium
787 3084 920 3136 illud
947 3098 1058 3152 quo
1083 3091 1455 3138 commutatus
1479 3096 1538 3136 es
1567 3082 1796 3152 respire,
1829 3091 2006 3136 tuam-

2034 3135 2082 3198 C

2103 1895 2292 1964 ὄφελος
2322 1898 2420 1966 τῆς
2449 1898 2556 1951 ἀπὸ
2592 1897 2699 1951 τῶν
2729 1897 2940 1951 πολλῶν
2985 1895 3296 1966 ἐλευθερίας
3329 1894 3406 1964 τῷ
3453 1893 3547 1960 ὑφ’
3573 1891 3688 1954 ἐνὶῖ

2104 1989 2458 2060 κρατουμένῳ
2515 1992 2594 2054 εἰς
2635 1989 2914 2056 δουλείαν;
2959 1992 3014 2042 Ὀ
3070 1989 3180 2060 γὰρ
3240 1987 3468 2050 ποιῶν,
3525 1984 3684 2055 φησὶ.

2102 2080 2219 2149 τὴν
2251 2081 2561 2150 ἁμαρτίαν,
2606 2081 2826 2148 δοῦλός
2872 2083 3003 2136 ἐστι
3044 2080 3155 2149 τῆς
3186 2079 3500 2148 ἁμαρτίας.
3535 2077 3602 2130 ΤΞ

2104 2173 2292 2245 κέρδος
2323 2175 2423 2245 τῆς
2449 2177 2508 2227 έν
2543 2174 2756 2238 πολλοῖς
2797 2175 3063 2237 ἀπαθείας
3095 2173 3172 2244 τῷ
3201 2174 3292 2242 ὑφ’
3327 2171 3452 2235 eve;
3485 2169 3681 2229 πάθους

2103 2263 2442 2334 φθειρομένῳ
2479 2264 2540 2316 τὸ
2587 2263 2780 2333 crispa;
2821 2265 2879 2316 ’0
2908 2263 3015 2334 γὰρ
3050 2263 3112 2315 τὸ
3157 2261 3369 2333 θέλημα
3408 2258 3509 2312 τοῦ
3550 2257 3681 2310 Θεοῦ

2102 2353 2489 2422 ἐργαζόμενος,
2523 2352 2597 2423 μὴ
2621 2351 2801 2416 καθὼς
2825 2353 2882 2405 δὲ
2913 2352 3056 2404 θέλει
3086 2354 3114 2404 6
3139 2351 3290 2414 Θεὸς,
3327 2348 3467 2420 μηδὲ
3495 2350 3554 2400 ἑν
3581 2347 3682 2400 δια-

2105 2444 2248 2497 θέσει
2277 2444 2374 2515 τῆς
2409 2444 2543 2514 πρὸς
2575 2445 2707 2498 Θεὸν
2755 2446 2974 2514 ἀγάπης
3015 2443 3172 2496 τοῦτο
3203 2440 3391 2504 ποιῶν,
3427 2440 3680 2508 ἀνόνητον

2103 2536 2216 2607 ἔχει
2273 2537 2372 2607 τὴν
2418 2536 2610 2590 τούτου
2659 2537 2914 2608 σπουδήν.
2961 2535 3134 2606 Ἀμὴν
3167 2536 3274 2604 γὰρ
3325 2534 3484 2602 λέγω
3523 2531 3676 2601 ὑμῖν.

2105 2631 2290 2700 φησιν,
2323 2629 2413 2682 ὅτι
2454 2629 2752 2700 ἀπέχουσι
2791 2634 2897 2682 τὸν
2933 2630 3155 2699 μισθὸν
3189 2625 3408 2681 αὐτῶν.
3453 2625 3680 2694 Τοιγαρ-

2106 2721 2218 2783 οῦν,
2257 2723 2305 2773 εἰ
2343 2721 2416 2793 μὴ
2445 2723 2542 2792 τῆς
2580 2719 2801 2792 πρώτης
2835 2719 3057 2774 σεαυτοῦ
3085 2718 3372 2788 γενέσεως,
3405 2716 3678 2788 ἄνθρωπε,

2110 2815 2403 2883 μέμνησαι,
2470 2813 2534 2864 ἐκ
2580 2812 2680 2882 τῆς
2731 2811 3160 2882 καταϐληθείσης
3207 2809 3348 2880 ὑπὲρ
3387 2809 3484 2860 σοῦ
3521 2807 3679 2876 τιμῆς

2107 2905 2236 2957 λάϐε
2274 2905 2396 2957 τινὰ
2434 2902 2528 2956 τοῦ
2581 2901 2889 2974 ἀξιώματος
2939 2903 3176 2958 ἔννοιανο
3232 2900 3544 2970 ἀπόϐλεψον
3593 2916 3678 2952 σου

2109 2995 2246 3064 πρὸς
2275 2994 2334 3046 τὸ
2367 2993 2739 3065 ἀντάλλαγμα,
2774 2995 2867 3048 καὶ
2916 2994 3080 3063 γνῶθι
3117 2993 3345 3048 σεαυτοῦ
3377 2993 3480 3062 τὴν
3508 2991 3677 3055 ἀξίαν.

2111 3083 2200 3154 Τῷ
2245 3085 2594 3156 πολυτιμήτῳ
2645 3085 2838 3156 αἵματι
2887 3085 2980 3138 τοῦ
3031 3085 3166 3138 Θεοῦ
3207 3083 3558 3155 ὴγοράαθης·
3611 3083 3678 3152 μὴ

433 3191 540 3244 qm:
577 3188 814 3244 agnosce
851 3173 1192 3244 dignitatem.
1231 3173 1456 3242 Emptus
1503 3189 1564 3228 es
1608 3174 2006 3243 pretiosissimo

2110 3177 2259 3245 γίνου
2293 3177 2474 3240 δοῦλος
2506 3178 2604 3249 τῆς
2647 3178 2940 3248 ἁμαρτίας.
2981 3177 3144 3241 Σύνες
3193 3174 3426 3229 σεαυτοῦ
3467 3175 3568 3243 τῆς
3609 3191 3680 3226 τι.

435 3266 530 3320 Dei
561 3265 856 3334 sanguine,
890 3265 1099 3334 peccati
1124 3280 1192 3319 ne
1223 3264 1320 3318 (ias
1345 3280 1560 3319 servus.
1593 3263 1838 3335 lntellige
1858 3277 2005 3320 tuam

436 3356 831 3426 prastantiam,
857 3368 918 3407 ut
943 3369 1010 3408 ne
1037 3353 1305 3424 jumentis
1329 3353 1716 3424 insipientibus
1737 3356 2008 3411 assimile-

437 3451 536 3505 ris.
565 3447 853 3515 Quomodo
881 3447 1026 3502 enim
1065 3462 1184 3510 vos,
1219 3447 1312 3516 qui
1344 3447 1534 3503 stultis
1570 3448 2010 3518 perniciosisque

437 3541 898 3612 concupiscentiis
934 3541 1154 3595 servitis
1181 3540 1326 3595 velut.
1363 3541 1658 3610 mancipia,
1701 3542 1875 3598 servis
1907 3543 2010 3596 im-

439 3637 700 3709 perabitis
715 3635 756 3690 ?‘
786 3635 1073 3702 Qumuodo
1102 3637 1305 3691 liberos
1334 3647 1551 3692 vestros
1583 3648 1732 3692 recte
1753 3639 2011 3694 institue-

439 3734 532 3792 tis,
561 3729 655 3800 qui
685 3735 962 3800 expertem
998 3729 1305 3796 disciplina}
1331 3737 1385 3784 et
1410 3729 1623 3784 ordinis
1649 3732 1813 3784 vitam
1859 3732 2011 3802 degi-

440 3823 546 3880 tis?
583 3821 650 3876 Ut
695 3823 834 3876 enim
869 3821 996 3874 mihi
1029 3819 1284 3874 incumbit
1326 3823 1632 3885 necessitas,
1675 3830 1726 3876 ct
1769 3839 1844 3877 vo:
1883 3823 2012 3877 mihi

362 3905 368 3911 ’
438 3928 540 3980 est,
565 3923 623 3970 ut
645 3915 722 3970 ait
746 3914 1066 3981 Apostolus,
1101 3915 1204 3967 nisi
1232 3915 1649 3984 eratigeiizarero
1673 3915 1740 3980 ",
1771 3923 1822 3970 ct
1849 3917 2012 3984 justi-

441 4011 571 4064 tiam
594 4005 689 4062 Dei
717 4015 878 4061 nocte
898 4007 1095 4074 dieque
1117 4005 1273 4060 vobis
1296 4009 1712 4062 auuuntiavero.
1747 4007 1822 4060 lta
1847 4009 2010 4062 etiam

439 4099 596 4154 vobis
631 4113 727 4167 par
765 4097 1096 4166 periculum,
1141 4096 1186 4151 si
1225 4097 1306 4150 vel
1341 4096 1564 4152 desidiae
1597 4113 1694 4152 vos
1727 4098 2011 4163 dederitis,

442 4191 528 4246 vel
559 4191 785 4244 remisse
825 4197 879 4243 et
921 4189 1195 4244 dissolute
1231 4189 1286 4242 in
1324 4189 1393 4243 iis
1429 4205 1551 4259 qua:
1599 4191 1756 4246 vobis
1789 4193 2014 4245 tradunt-

443 4291 535 4335 tur
565 4290 678 4334 tum
715 4279 1040 4341 retinendis,
1070 4289 1184 4332 tum
1234 4293 1400 4348 opere
1440 4281 1778 4350 complendis
1827 4297 2011 4338 verse-

443 4377 598 4430 mini.
645 4373 824 4430 Sermo
855 4373 998 4429 enim
1028 4391 1178 4444 quem
1210 4374 1416 4428 locutus
1455 4391 1592 4436 sum,
1621 4376 1698 4428 ait
1729 4376 2010 4442 Dominus,

2113 3269 2238 3340 μῆς.
2291 3268 2377 3320 ἵνα
2433 3269 2506 3339 μὴ
2559 3267 2932 3339 παρεικασθῇς
2979 3271 3090 3331 τοῖς
3135 3269 3384 3339 ἀνοήτοις
3445 3271 3678 3336 κτήνεσι.

2113 3359 2236 3422 Πῶς
2282 3359 2388 3431 γὰρ
2433 3360 2541 3412 τῶν
2594 3360 2821 3412 οἰκετῶν
2869 3359 3082 3431 ἄρξετε,
3143 3359 3299 3412 αὐτοὶ
3347 3357 3680 3419 δουλεύοντες

2111 3453 2426 3524 ἐπιθυμίαις
2469 3455 2711 3522 ἀνοήτοις
2743 3453 2837 3505 καὶ
2881 3451 3188 3524 βλαϐεραῖς,
3233 3452 3312 3516 ὡς
3349 3451 3679 3524 bim-imae;

2111 3543 2236 3604 Πῶς
2269 3544 2396 3606 τοὺς
2425 3543 2619 3606 παῖδας
2646 3543 3014 3614 νουθετήσετε,
3041 3544 3398 3614 ἀνουθέτητον
3426 3545 3572 3614 ζωὴν
3599 3544 3684 3597 καὶ

2111 3633 2431 3688 ἀδιάτακτον
2462 3635 2696 3701 ζῶντες;
2727 3637 2950 3703 Ὥσπερ
2976 3636 3084 3705 γὰρ
3126 3635 3255 3706 ἐμοὶ
3293 3635 3534 3705 ἀνάγκη
3562 3636 3680 3688 est.

2112 3742 2318 3792 κειται,
2367 3727 2464 3780 καὶ
2501 3731 2638 3781 οὐαί
2663 3745 2767 3797 μοι
2802 3729 2996 3791 ἐστὶν,
3049 3728 3158 3780 ἐὰν
3179 3727 3268 3799 μὴ
3312 3727 3685 3798 εὐαγγελίζω-

2107 3835 2234 3887 μαι,
2258 3819 2350 3871 καὶ
2383 3819 2698 3888 ἀναγγέλλω
2729 3819 2797 3872 τά
2827 3818 3169 3888 δικαιώματα
3199 3818 3294 3872 τοῦ
3327 3818 3469 3872 Θεοῦ
3505 3820 3684 3881 vum;

2113 3916 2170 3960 τε
2201 3909 2294 3962 καὶ
2317 3910 2550 3980 ἡμέρας,
2582 3909 2721 3962 κατά
2753 3909 2842 3962 τὸν
2881 3908 3228 3962 Ἀπόστολον·
3263 3907 3408 3961 οῦτω
3445 3909 3541 3962 καὶ
3565 3909 3683 3978 ὑμῖν

2115 3998 2228 4062 ἶσος
2269 4002 2298 4053 6
2338 3998 2506 4068 ἁγὼν,
2551 4000 3093 4072 ἀποῤῥᾳθυμήσασιν,
3143 3999 3174 4070 ἦ
3219 3999 3430 4062 ἀπόνως
3473 4002 3566 4052 καὶ
3602 4002 3684 4052 ἑκ-

2113 4091 2418 4162 λελυμένως
2459 4093 2595 4164 πρός
2627 4109 2686 4146 τε
2731 4094 2829 4164 τὴν
2877 4093 3124 4163 φυλακὴν
3162 4092 3273 4145 τῶν
3320 4093 3684 4164 παραδεδομέ-

2115 4201 2221 4236 νων
2269 4185 2362 4237 καὶ
2405 4185 2502 4254 τὴν
2539 4184 2628 4238 διὰ
2667 4185 2776 4238 τῶν
2819 4185 2996 4257 ἔργων
3039 4185 3322 4257 πλήρωσιν
3349 4183 3682 4238 διατεθεῖσα.

2127 4276 2180 4326 '0
2211 4278 2392 4346 λόγος
2421 4278 2528 4347 γὰρ
2558 4276 2630 4329 ὃν
2653 4276 2951 4344 ἐλάλησα,
2970 4279 3134 4347 φησὶν
3151 4280 3180 4330 6
3213 4276 3441 4348 Κύριος,
3466 4275 3684 4340 ἐκεῖνος

2117 4366 2309 4433 κρινεῖ
2334 4367 2442 4420 τὸν
2485 4369 2720 4436 κόσμον
2755 4368 2826 4420 ἐν
2857 4366 2931 4436 τῇ
2953 4367 3183 4438 ἐσχάτῃ
3213 4368 3426 4437 ἡμέρᾳ.
3461 4369 3572 4422 Ἀεὶ
3593 4369 3682 4438 μὲν

447 4465 536 4521 ille
549 4463 813 4535 judicabit
841 4461 1092 4516 mundum
1122 4463 1178 4516 in
1210 4473 1445 4516 extrema
1471 4462 1555 4516 die
1579 4465 1648 4517 ³⁸.
1685 4463 1758 4534 (4)
1791 4463 2007 4536 Semper

2118 4459 2225 4528 γὰρ
2257 4456 2538 4528 ἐπιθυμῶν
2566 4459 2659 4512 τοῦ
2691 4457 2879 4525 καλοῦ,
2921 4459 3007 4512 ἀεὶ
3057 4459 3114 4512 δὲ
3165 4459 3560 4529 ἀποτυγχάνων
3595 4459 3682 4512 αὒ-

445 4559 590 4612 cnim
630 4553 774 4626 quod
809 4553 1009 4607 bonum
1050 4562 1137 4608 est
1178 4554 1428 4624 cupiens,
1469 4555 1539 4608 ab
1584 4569 1758 4626 quue
1801 4571 2016 4627 semper

447 4651 732 4710 aberrans,
767 4646 972 4700 nullam
1017 4645 1176 4698 aliam
1224 4659 1446 4714 possum
1479 4661 1670 4700 eorum
1711 4661 1833 4716 quae
1881 4647 2016 4702 liunt

447 4754 668 4793 causam
698 4737 962 4798 invenire,
1007 4735 1111 4790 nisi
1143 4739 1284 4805 quod
1335 4752 1661 4806 persuasum
1690 4737 1888 4802 habeo,
1931 4756 2017 4794 me

446 4840 692 4887 veterum
729 4837 1080 4899 peccatorum
1128 4843 1320 4898 pmuas
1370 4830 1704 4899 persolvere.
1743 4829 1814 4883 Ut
1850 4831 2018 4902 igitur

449 4927 687 4983 scientes
745 4921 973 4978 adversa
1022 4920 1200 4976 fronte
1253 4923 1413 4977 nobis
1467 4922 1667 4977 divinae
1721 4923 2018 4994 Scriptum

450 5030 754 5077 sermones,
790 5029 887 5083 pro
917 5012 1178 5066 tribunali
1211 5011 1414 5066 Christi
1449 5013 1764 5081 oppositum
1800 5014 1902 5080 iri;
1943 5017 2016 5068 ita

447 5120 501 5166 et
541 5110 610 5163 iis
649 5120 770 5176 quae
807 5104 1084 5165 dicuntur,
1126 5117 1337 5156 summa
1365 5116 1490 5156 cum
1521 5103 1799 5172 vigilantia
1833 5109 2010 5158 atten-

448 5205 663 5262 damus,
691 5207 744 5253 et
779 5196 846 5251 ad
876 5211 1012 5265 opus
1042 5193 1343 5264 perducere
1373 5193 1558 5248 divina
1588 5202 1856 5264 praicepta
1886 5209 2010 5249 cum

515 5365 562 5426 3'
601 5359 786 5415 Matth.
820 5374 873 5421 ν,
900 5357 950 5410 '7.
1029 5357 1073 5387 ¹⁶
1097 5353 1244 5426 Psal.
1277 5371 1424 5420 cxw,
1450 5354 1507 5426 5.7
1581 5356 1623 5386 ”
1661 5355 1848 5408 Matth.
1883 5371 1934 5416 v,
1964 5355 2052 5408 45.

449 5435 490 5463 ¹¹
517 5425 684 5486 ίιιυηι.
719 5446 781 5494 ιι,
805 5429 857 5490 4,
887 5429 943 5482 5.
1021 5428 1065 5456 ²¹
1093 5425 1251 5480 Joan.
1288 5443 1406 5488 vui,
1449 5425 1535 5478 54.
1612 5427 1658 5458 “
1692 5426 1879 5480 Matth.
1909 5441 1979 5489 τι,
2005 5426 2058 5478 ‘2.

525 5615 601 5752 gi)‘
637 5611 962 5736 ll'i’titdiiegulis
991 5611 1160 5680 fusius
1201 5613 1466 5676 tractatis,
1493 5615 1614 5667 5'29.

529 5749 606 5822 ('5)
637 5749 712 5804 Ex
748 5751 895 5805 hom.
930 5751 984 5804 in
1017 5751 1155 5819 psal.
1190 5767 1378 5818 sum,
1414 5751 1531 5808 185.

2116 4547 2230 4607 τοῦ,
2258 4548 2357 4602 οὐκ
2395 4548 2558 4618 ἄλλην
2588 4549 2707 4603 τινὰ
2745 4550 2922 4603 αἰτίαν
2957 4549 3064 4620 ἔχω
3099 4550 3210 4612 τοῖς
3239 4549 3548 4619 γινομένοις
3575 4549 3683 4601 ἐπι-

2115 4645 2276 4707 νοεῖν,
2304 4641 2441 4712 πλήν
2463 4659 2525 4710 γε
2552 4641 2614 4712 δὴ
2644 4641 2737 4694 τοῦ
2767 4642 3054 4696 πεπεῖσθαι
3089 4641 3339 4695 παλαιῶν
3364 4640 3683 4712 ἁμαρτημᾶο

2115 4751 2224 4787 των
2253 4733 2549 4786 ὲκτιννύειν
2585 4733 2758 4796 δίκας.
2801 4734 2890 4796 Ὠς
2923 4729 3016 4787 οῦν
3043 4733 3260 4796 εἰδότες,
3291 4735 3376 4786 ὅτι
3409 4733 3686 4804 ἀντιπρόσ-

2117 4843 2256 4878 ωποι
2287 4827 2419 4896 ἡμῖν
2453 4826 2500 4876 οἱ
2527 4824 2624 4894 τῆς
2667 4824 3022 4877 θεοπνεύστου
3055 4824 3274 4896 Γραφῖγς
3294 4824 3448 4894 λόγοι
3475 4825 3684 4893 στήτω-

2115 4937 2204 4972 ται
2239 4919 2328 4970 ἐπὶ
2371 4917 2461 4970 τοῦ
2493 4917 2734 4987 βήματος
2774 4915 2866 4969 τοῦ
2907 4915 3174 4988 Χριστοῦ·
3206 4915 3350 4969 οὕτω
3386 4917 3486 4969 καὶ
3531 4931 3684 4986 προε-

2117 5011 2300 5082 χῶμεν
2357 5010 2633 5078 νηφόντως
2692 5011 2803 5071 τοῖς
2850 5009 3197 5080 λεγομένοις,
3253 5009 3350 5062 καὶ
3397 5012 3483 5074 εἰς
3535 5011 3682 5082 ἔργον

2120 5104 2452 5174 προαγαγεῖν
2487 5101 2557 5155 τὰ
2601 5101 2719 5155 θεῖα
2757 5101 3058 5172 διδάγματα
3091 5101 3400 5166 σπουδαίως
3433 5103 3684 5173 ἐπειχθεὶ-

2123 5211 2243 5264 μεν,
2281 5195 2360 5246 ὅτι
2411 5192 2511 5244 οὐκ
2555 5191 2776 5254 οἴδαμεν
2825 5189 2952 5260 ποίᾳ
2997 5191 3182 5262 ἡμέρᾳ
3213 5191 3246 5261 ἢ
3285 5190 3408 5264 ὥρα
3434 5195 3466 5246 6
3495 5191 3682 5262 Κύρεος

2119 5356 2160 5385 ’⁸
2194 5356 2260 5427 ιν
2283 5356 2413 5427 Reg.
2457 5373 2530 5414 vr.
2567 5357 2652 5410 18.
2732 5359 2772 5388 ³⁸
2805 5354 2971 5410 Zach.
3003 5369 3056 5416 ι,
3085 5353 3258 5427 l.__”
3284 5349 3424 5410 Gen.
3459 5371 3567 5414 xu,
3599 5353 3679 5405 ει.

2137 5429 2182 5460 ³⁵
2213 5425 2231 5480 1
2259 5423 2386 5482 Cm".
2433 5443 2506 5490 ix,
2536 5427 2619 5480 16.
2698 5428 2742 5458 ³⁵
2791 5427 2948 5482 Joan.
2991 5439 3086 5490 xu,
3139 5423 3230 5478 ιθ.

2199 5611 2273 5680 (ι)
2308 5609 2380 5662 Ex
2411 5610 2570 5680 epist.
2605 5623 2714 5680 tax,

2313 5683 2384 5732 "H
2415 5673 2512 5730 διὰ
2540 5677 2721 5730 ταῦτα
2742 5673 3104 5744 φοϐηθῶμεν.
3151 5675 3273 5731 llaec
3306 5675 3489 5730 addita
3520 5688 3582 5728 ex
3613 5689 3690 5726 ro-

2131 5753 2310 5808 dicum
2343 5751 2512 5804 altero
2545 5759 2594 5802 ct
2619 5755 2892 5801 contextu.
