3874 6224
169 393 306 448 1217

1214 381 1443 439 SEltMO
1484 378 1621 436 Vill.
1660 409 1729 420 -—
1768 376 1857 431 DE
1896 374 2369 431 POENITENTIA.

3287 379 3424 434 1218

163 510 321 580 ἡμῶν
349 508 582 581 ἔρχεται.
626 506 780 577 Λῦτῷ
816 509 848 576 ἡ
900 503 1023 570 δόξα
1059 504 1151 557 καὶ
1190 504 1250 555 τὸ
1291 504 1487 574 κράτος
1518 503 1596 562 εἰς
1621 501 1746 561 τοὺς

1860 496 2033 552 studio
2064 510 2451 566 properemus;
2487 495 2615 566 quia
2654 510 2760 565 qna
2799 494 2885 551 die
2913 503 2969 549 et
2998 495 3131 548 liora
3162 493 3426 552 Dominus

162 600 367 664 αἰῶνας
396 599 501 652 τῶν
529 598 759 651 αἰώνων.
807 598 996 666 Ἀμήν.

622 876 803 927 ΠΕΡΙ
844 876 948 927 ME
959 877 1035 927 TA
1046 874 1212 926 ΝΟΙΑ
1223 875 1268 925 Σ

779 987 997 1039 ΛΟΓΟΣ
1036 987 1115 1039 H'.

239 1104 292 1159 l.
342 1103 526 1166 Διττός
568 1119 653 1172 μοι
700 1100 862 1171 φόϐος
901 1099 1167 1170 ἐνέσκηψε
1209 1101 1321 1162 τοῖς
1368 1100 1466 1167 τῆς
1505 1098 1741 1160 διανοίας

166 1194 388 1257 κόλποις
434 1195 497 1246 ὲκ
549 1193 650 1261 τῆς
707 1191 833 1263 περὶ
884 1191 944 1243 σὲ
989 1190 1317 1251 ὑποθέσεως.
1382 1190 1452 1241 Ἦ
1498 1190 1606 1259 γάρ
1659 1205 1742 1250 τις

167 1286 498 1357 ἀσυμπαθὴς
527 1285 723 1355 τρόπος
755 1280 1272 1353 προκαταρξάμενος
1316 1284 1395 1344 εἰς
1435 1280 1741 1351 μισανθρω-

167 1378 299 1440 πίας
347 1376 596 1445 ἔγκλημά
639 1392 704 1445 με
752 1373 1122 1445 περιρῤίπτει,
1163 1371 1195 1441 ἢ
1238 1368 1392 1435 αὖθις
1439 1370 1742 1440 συμπαθεῖν

164 1467 440 1531 ἐθέλοντα,
487 1467 580 1518 καὶ
625 1465 759 1535 πρὸς
796 1464 866 1517 τὰ
915 1462 1060 1533 πάθη
1113 1462 1523 1533 μαλακίζεσθαι,
1558 1462 1744 1524 κακῶς

162 1560 454 1626 διατίθησι.
517 1540 714 1627 Διόπερ
765 1558 858 1609 καὶ
909 1555 1285 1625 διαχαράττειν
1338 1554 1541 1624 μέλλων
1597 1554 1744 1605 τουτί

169 1667 273 1721 μου
323 1650 385 1702 τὸ
443 1651 696 1719 γράμμα,
726 1648 825 1718 τὴν
878 1648 976 1717 μὲν
1022 1650 1176 1718 χεῖρα
1208 1648 1497 1718 ναρκῶσαν
1522 1651 1634 1711 τοῖς
1667 1648 1747 1700 λο-

165 1747 387 1816 γισμοῖς
428 1745 724 1815 ὲνεύρωσα,
766 1744 826 1795 τὸ
866 1742 923 1795 δὲ
966 1741 1274 1812 πρόσωπον,
1304 1738 1651 1810 ἠπορημένον
1682 1739 1746 1790 ἐκ

1845 595 2036 641 noster
2066 594 2334 641 venturos
2386 586 2479 647 sit,
2532 584 2692 640 nobis
2743 585 2902 656 plane
2932 593 3015 639 est
3057 573 3325 638 incertum
3357 587 3425 640 “.

1843 676 1944 729 Cui
1984 675 2206 744 quidem
2239 676 2436 746 gloria,
2467 683 2521 729 et
2553 683 2818 745 potestas,
2864 676 2919 730 in
2952 676 3151 731 saecula
3194 675 3427 731 saeculo-

1845 782 1988 818 rum.
2014 766 2207 819 Amen.

2198 874 2362 947 514
2405 873 2500 928 DE
2538 874 3069 930 PLENITENTIA.

2429 988 2667 1043 SEBMO
2702 988 2840 1043 Vlll.

1921 1100 1971 1153 1.
2006 1099 2081 1168 (2)
2115 1099 2316 1169 Duplex
2351 1101 2514 1154 timor
2542 1103 2714 1156 subiit
2741 1101 2944 1157 mentis
2975 1115 3109 1156 mea:
3153 1102 3308 1156 sinus
3332 1109 3426 1154 tua

1845 1207 2034 1246 causa.
2090 1191 2198 1244 Aut
2254 1191 2400 1244 enim
2453 1206 2848 1261 prazoccupans
2896 1208 2981 1247 me
3031 1192 3428 1246 immisericors

1844 1280 2064 1350 quidam
2098 1279 2266 1332 animi
2295 1290 2478 1334 motus
2507 1283 2563 1334 in
2588 1284 2795 1336 crimen
2834 1283 3253 1338 inhumanitatis
3291 1297 3427 1336 con-

1841 1374 1991 1443 jicit,
2045 1379 2140 1425 aut
2182 1387 2379 1425 rursus
2421 1373 2670 1428 misereri
2712 1376 3011 1437 volentem,
3049 1376 3212 1429 etiam
3258 1382 3317 1429 ιιι
3344 1373 3425 1444 [ad

1849 1466 1980 1518 vitia
2017 1465 2420 1528 remollescam,
2457 1465 2601 1519 male
2644 1457 2934 1520 convertit.
2975 1466 3157 1532 Quare
3189 1477 3243 1521 et
3290 1475 3430 1521 hanc

1846 1569 2024 1609 meam
2070 1554 2361 1623 epistolam
2394 1562 2746 1617 exaraturus,
2785 1570 3011 1609 manum
3053 1556 3273 1627 quidem
3317 1565 3431 1610 tor-

1849 1654 2165 1716 pescentem
2211 1645 2729 1701 ratiocinationibus
2762 1647 3145 1715 corroboravi,
3176 1649 3268 1703 sed
3310 1650 3431 1701 vul-

1847 1745 1985 1804 tum,
2015 1753 2079 1792 ex
2121 1746 2385 1806 concepta
2418 1746 2644 1807 prepler
2679 1746 2732 1792 te
2763 1738 2987 1792 tristitia
3029 1740 3273 1803 anxium,
3311 1755 3431 1792 mn-

164 1838 265 1907 τῆς
299 1837 392 1890 ἐπὶ
436 1838 519 1889 σοὶ
568 1836 889 1905 κατηφείας,
936 1833 1223 1886 ἀλλοιῶσαι
1267 1832 1366 1884 οῦκ
1404 1833 1618 1901 ίσχυσα,
1652 1849 1742 1883 το-

1860 1843 1964 1884 .are
2012 1843 2122 1882 non
2164 1827 2355 1897 potui;
2405 1834 2564 1881 tanto
2612 1829 2745 1881 mihi
2798 1829 3027 1883 incusso
3071 1830 3311 1900 pudore,
3373 1840 3434 1883 ut

167 1929 373 1999 σαύτης
404 1944 492 1998 μοι
526 1925 877 1997 ἐπικειμένης
919 1924 1199 1994 αἰσχύνης,
1241 1923 1316 1985 ὡς
1356 1922 1449 1974 καὶ
1493 1921 1592 1992 τὴν
1648 1921 1741 1974 τοῦ

164 2018 434 2087 στόματος
481 2017 784 2088 σύμπτυξιν
829 2016 1166 2088 παραχρῆμα
1216 2014 1454 2076 πίπτειν,
1487 2012 1595 2066 τῶν
1637 2030 1746 2082 χει-

164 2108 305 2162 λέων
354 2125 456 2179 μου
508 2110 586 2171 είς
638 2106 912 2177 κλαυθμὸν
962 2106 1395 2176 ἐκτρεπομένων.
1450 2105 1636 2174 υῐμοιί
1694 2104 1746 2156 τί

163 2197 386 2268 ιίπω,ἢ
429 2198 480 2251 τί
528 2197 849 2267 λογίσωμαι,
880 2200 936 2251 ὲν
973 2196 1166 2267 τριῶῳ
1196 2195 1270 2265 (1)
1304 2195 1744 2265 ἀπειλημμένοςς

176 2290 308 2343 Ἐὰν
345 2289 483 2344 ἔλθω
527 2291 607 2353 είς
641 2290 860 2361 μνήμην
913 2289 1010 2359 τῆς
1058 2288 1323 2358 προτέρας
1370 2305 1463 2340 σου
1514 2286 1749 2358 ματαίας

165 2381 550 2453 ἀναστροφῆς,
607 2382 696 2435 ὅτε
751 2398 834 2434 σοι
889 2380 1173 2451 περιέρρει
1230 2379 1485 2442 πλοῦτος,
1546 2379 1637 2433 καὶ
1689 2379 1749 2432 τὸ

164 2474 508 2543 χαμαιρεπὲς
532 2472 796 2544 δοξάριον,
824 2472 1047 2543 φρίττω·
1074 2471 1236 2541 ἡνίκα
1266 2472 1448 2523 εἵπετό
1478 2488 1558 2524 σοι
1592 2471 1750 2524 κολά-

165 2578 281 2614 κων
321 2560 542 2631 πλῆθος,
572 2564 664 2615 καὶ
685 2563 893 2633 τρυφῆς
917 2561 1214 2625 ἀπόλαυσις
1244 2561 1573 2632 πρόσκαιρος
1615 2561 1753 2631 μετά

165 2654 479 2725 προφανοῦς
541 2655 785 2708 κινδύνου
852 2655 946 2707 καὶ
1001 2654 1199 2706 ἀδίκων
1265 2654 1474 2724 πόρων·
1525 2654 1618 2705 καὶ
1674 2652 1751 2722 πῆ

170 2747 272 2817 μὲν
311 2748 620 2817 ἀρχοντικοὶ
672 2746 826 2816 φόϐοι
864 2746 1193 2818 διερρίπιζόν
1235 2762 1325 2799 σου
1374 2746 1470 2815 τὴν
1516 2746 1613 2814 τῆς
1651 2762 1754 2798 σω-

163 2842 365 2912 τηρίας
396 2841 671 2905 ὑπόνοιαν,
712 2841 788 2910 πῆ
820 2839 875 2892 δὲ
907 2839 1179 2910 δημοσίων
1203 2837 1418 2908 Θόρυϐοι
1450 2838 1754 2891 διεσάλευόν

167 2953 268 2989 σου
292 2933 390 3004 τὴν
420 2933 625 2992 ἑστίαν,
652 2933 687 3002 ἥ
722 2949 779 2983 τε
809 2930 1008 3000 συνοχὴ
1039 2929 1146 2982 τῶν
1176 2928 1360 2982 κακῶν
1389 2928 1753 2999 ἀπεσφαίριζέ

168 3044 268 3080 σου
295 3026 385 3079 τὸν
420 3024 543 3077 νοῦν
578 3024 712 3095 πρὸς
736 3024 827 3075 τὸν
861 3021 1157 3092 δυνάμενον
1200 3038 1280 3073 σοι
1312 3020 1556 3090 βοηθεῖν
1592 3021 1756 3090 ἡνίκα

168 3118 317 3171 κατά
353 3117 547 3189 μικρὸν
582 3115 858 3187 ,ἐμελέτας
905 3112 1329 3185 περιϐλέπεσθαι
1379 3114 1467 3166 τὸν
1507 3113 1752 3183 Σωτῆρα,

1848 1922 1962 1976 oris
1989 1921 2155 1977 etiam
2189 1919 2384 1985 ﬂexus,
2421 1919 2583 1975 labiis
2609 1921 2748 1976 meis
2790 1922 2843 1975 in
2882 1923 3092 1977 luctum
3126 1925 3431 1984 conversis.

1849 2013 2036 2066 statim
2070 2012 2405 2073 concideret.
2444 2010 2541 2067 llei
2572 2013 2728 2078 mihi,
2761 2012 2894 2082 quid
2923 2013 3126 2077 dicam,
3169 2024 3264 2068 aut
3299 2015 3431 2085 quid

1848 2107 2080 2177 cogitem
2117 2104 2172 2159 in
2201 2105 2365 2160 trivio
2397 2106 2780 2162 constitutus?
2824 2105 2881 2161 Si
2922 2107 3055 2161 mihi
3094 2107 3295 2177 prioris
3328 2118 3435 2161 tua:

1848 2213 2005 2252 vanae
2034 2198 2255 2253 vivendi
2285 2199 2519 2253 rationis
2562 2200 2741 2254 veniat
2776 2200 2832 2254 in
2878 2209 3140 2265 mentem,
3169 2216 3294 2255 cum
3327 2201 3432 2255 cir-

1851 2288 2208 2345 cumﬂuerent
2248 2298 2302 2345 te
2349 2292 2589 2355 divitiae,
2627 2306 2691 2347 ac
2739 2292 2889 2346 humi
2935 2309 3133 2362 repens
3174 2294 3432 2364 glariola,

1851 2381 2087 2447 horreo;
2125 2397 2249 2436 cum
2281 2382 2629 2437 adulatorum
2677 2393 2728 2438 te
2770 2395 3092 2454 sequeretur
3119 2387 3431 2447 multitudo,

1852 2472 2227 2539 fruererisque
2276 2475 2426 2528 brevi
2470 2489 2534 2529 ac
2594 2477 2929 2545 temporaria
2966 2479 3279 2547 voluptate,
3325 2494 3435 2532 non

1853 2565 1974 2618 sine
2005 2565 2303 2619 manifesto
2342 2567 2591 2636 periculo
2625 2574 2679 2621 et
2712 2568 2903 2637 iniquo
2936 2578 3146 2636 quaestu
3177 2588 3188 2622 :
3224 2579 3277 2623 et
3313 2585 3438 2638 par-

1854 2660 1950 2711 tim
1989 2659 2211 2727 quidem
2246 2661 2666 2730 magistratuum
2698 2662 2865 2715 timor
2901 2670 2955 2716 te
2983 2662 3049 2716 de
3078 2664 3253 2718 salute
3283 2665 3437 2733 cogi-

1854 2754 2057 2802 tantem
2100 2750 2442 2818 exagitaret;
2492 2752 2691 2820 partim
2730 2767 2857 2805 vero
2895 2753 3235 2822 publicorum
3276 2771 3441 2825 nego-

1855 2839 2059 2891 tiorum
2119 2842 2392 2894 tumultus
2458 2854 2607 2894 tuam
2670 2842 3104 2898 interturbarent
3165 2845 3388 2899 domum
3423 2888 3437 2909 ,

1856 2939 2018 3000 atque
2048 2933 2315 2986 malorum
2351 2932 2656 3004 frequentia
2695 2942 2929 2990 mentem
2972 2947 3122 2991 tuam
3171 2939 3239 2992 ad
3289 2955 3437 3000 eum,

1857 3024 1951 3091 qui
1986 3024 2245 3092 opitulari
2280 3024 2377 3079 tibi
2418 3035 2650 3094 poterat,
2687 3036 3059 3097 retorqueret;
3092 3044 3215 3082 cum
3254 3031 3442 3099 paula-

1859 3116 1955 3166 tim
1983 3112 2330 3168 Snrvatorem
2357 3116 2783 3186 circumspicere
2817 3119 3180 3184 meditareris,
3218 3122 3443 3175 timores

168 3211 409 3280 φέροντα
443 3208 543 3279 μὲν
576 3208 711 3279 πρὸς
756 3207 1024 3276 ὠφέλειαν
1061 3209 1187 3271 τοὺς
1239 3206 1457 3275 φόϐους,
1494 3204 1753 3273 ῥυόμενον

1860 3205 2079 3272 quidem
2110 3205 2210 3259 tibi
2236 3206 2301 3259 ad
2336 3216 2483 3260 tuam
2516 3209 2803 3263 utilitatem
2837 3209 3185 3275 inferentem,
3212 3210 3448 3266 liberan-

166 3300 228 3354 δέ
261 3317 343 3364 σε,
385 3301 478 3352 καὶ
534 3298 822 3361 σκέποντα,
860 3295 1121 3359 παίζοντα
1172 3298 1291 3349 κατ’
1326 3292 1490 3347 αὑτοῦ
1538 3293 1595 3344 ἐν
1635 3293 1756 3353 ταῖς

167 3390 411 3453 ἀδείαις·
471 3389 632 3459 ἡνίκα
668 3389 974 3459 ὲγυμνάζου
1021 3388 1157 3458 πρὸς
1209 3386 1509 3458 μεταϐολὴν
1558 3382 1756 3454 σεμνοῦ

167 3484 399 3556 τρόπου,
430 3482 766 3546 σκυϐαλίζων
799 3481 897 3551 μέν
946 3498 1037 3533 σου
1066 3481 1164 3550 τὴν
1196 3478 1572 3532 πολυκίνδυνον
1603 3492 1727 3546 περι
1746 3504 1757 3509 -

168 3577 385 3640 ουσίαν,
418 3576 567 3629 οἴκου
606 3591 666 3627 τε
706 3574 1038 3644 θεραπείαν,
1091 3571 1186 3625 καὶ
1245 3570 1492 3624 συνοίκου
1543 3569 1759 3638 ὁμιλίαν

174 3668 651 3739 ἀπαρνησάμενος.
686 3665 845 3728 Ὅλος
902 3664 1211 3734 μετάρσιος,
1253 3660 1439 3731 ὥσπερ
1473 3660 1620 3726 ξένος
1665 3659 1761 3711 καί¹

178 3761 410 3832 ἀλήτης,
437 3760 640 3829 ἀγροὺς
673 3759 765 3810 καὶ
822 3756 1003 3819 πόλεις
1052 3753 1377 3825 ὲξαμείϐων,
1421 3753 1762 3822 κατέδραμες

176 3851 273 3904 ἐπὶ
295 3850 363 3903 τὰ
395 3849 760 3920 Ἰεροσόλυμα,
790 3848 915 3901 ἔνθα
946 3864 1025 3899 σοι
1055 3846 1149 3899 καὶ
1178 3846 1338 3907 αὐτὸς
1372 3843 1760 3914 συνδιατρίϐων

178 3940 518 4015 ἐμακάριζον
548 3943 657 3995 τῶν
688 3940 993 4011 ἀθλητικῶν
1019 3941 1217 4003 πόνων,
1256 3940 1344 3991 ὅτε
1391 3936 1763 4007 ὲϐδοματικοῖς

178 4034 406 4098 κύκλοις
435 4034 619 4103 νῆστις
649 4032 905 4086 διατελῶν
945 4031 1064 4101 Θεῷ
1095 4028 1591 4099 προσεφιλοσόφεις,
1626 4025 1761 4096 ὁμοῦ

180 4129 281 4183 καὶ
304 4128 404 4191 τὰς
429 4125 537 4179 τῶν
561 4124 860 4197 ἀνθρώπων
908 4125 1194 4194 συντυχίας
1223 4122 1367 4192 λόγῳ
1390 4120 1596 4190 τροπῆς
1628 4120 1762 4171 ὑπο-

182 4222 427 4289 φεύγων,
457 4218 551 4271 καὶ
590 4216 819 4287 ἡσυχίαν
860 4214 1036 4285 ἐαυτῷ
1080 4214 1417 4284 ἐφαρμόσας,
1450 4213 1576 4273 τοὺς
1610 4209 1761 4263 πολι-

178 4312 371 4373 τικοὺς
429 4308 688 4380 θορύϐους
722 4306 1042 4373 εὲξέκλινας.
1100 4306 1297 4374 Σάκκῳ
1356 4304 1411 4356 δὲ
1464 4303 1655 4373 τραχεῖ
1706 4300 1765 4353 τὸ

181 4401 350 4473 σῶμά
391 4416 485 4453 σου
521 4399 836 4460 διανύττων,
882 4398 973 4450 καὶ
1016 4395 1156 4465 ζώνῃ
1199 4396 1410 4465 σκληρᾷ
1458 4395 1555 4464 τὴν
1596 4393 1765 4460 ὀσφῦν

180 4490 585 4562 περισφίγγων,
635 4485 978 4558 καρτερικῶς
1028 4484 1096 4537 τὰ
1145 4486 1279 4538 ὀστᾶ
1339 4500 1432 4535 σου
1482 4481 1762 4543 διέθλιϐες.

1859 3303 1968 3350 tem
2000 3311 2129 3350 vero
2174 3312 2237 3349 ac
2283 3310 2651 3368 protegentem
2690 3310 2761 3360 te,
2796 3302 2887 3369 qui
2931 3302 3001 3363 ei,
3049 3302 3177 3355 dum
3230 3304 3283 3356 in
3328 3312 3446 3356 luto

1859 3402 2042 3451 esses,
2076 3387 2368 3454 illuseras;
2412 3404 2537 3441 cum
2575 3398 2629 3443 te
2671 3390 2738 3442 ad
2784 3392 3125 3446 innovandos
3156 3392 3447 3462 acquiren-

1860 3481 2072 3551 dosque
2092 3482 2356 3537 honestos
2383 3499 2564 3537 mores
2585 3498 2896 3548 exuceres,
2918 3488 3446 3555 periculosissimam

1861 3582 2009 3626 tuam
2040 3576 2376 3644 opulentiam
2424 3577 2582 3629 nihili
2630 3577 2877 3640 faciens,
2920 3580 3111 3649 reique
3161 3579 3448 3634 familiaris

1860 3679 2050 3718 curam
2095 3673 2149 3716 et
2202 3666 2397 3719 uxoris
2442 3670 2904 3722 consuetudinem
2950 3671 3251 3739 refugiens.
3303 3670 3447 3735 Quin

1862 3759 2026 3809 etiam
2057 3765 2203 3810 totus
2225 3757 2498 3823 sublimis,
2530 3760 2674 3812 velut
2701 3763 3024 3829 peregrinus
3052 3772 3105 3817 et
3130 3778 3276 3829 erro,
3300 3767 3449 3833 agris

1862 3854 1917 3899 et
1946 3845 2267 3900 civitatibus
2300 3851 2631 3919 peragratis,
2666 3853 2845 3921 petisti
2880 3851 3239 3926 Jerosolyma,
3276 3857 3366 3910 ubi
3396 3873 3447 3911 et

1863 3940 1983 4005 ipse
2030 3949 2210 3991 tecum
2259 3950 2633 3998 commoratus
2678 3944 2748 3997 ob
2797 3944 3083 4001 athleticos
3135 3955 3187 4000 te
3233 3947 3449 4003 labores

1864 4029 2086 4082 beatum
2123 4030 2515 4099 praedicabant.
2544 4049 2668 4087 cum
2705 4051 2806 4103 per
2844 4036 3184 4104 septenarios
3214 4039 3449 4093 circulos

1860 4120 2083 4189 jejunus
2113 4136 2476 4190 perseverans
2504 4122 2615 4179 Deo
2650 4127 3140 4197 philosophareris,
3177 4128 3451 4199 simulque

1864 4226 2197 4282 congressus
2224 4214 2497 4272 humanos
2529 4218 2695 4272 veluti
2729 4221 2779 4273 in
2815 4219 2995 4291 fugam
3032 4238 3333 4278 conversus
3362 4223 3452 4277 de-

1864 4304 2093 4367 vitares,
2125 4316 2289 4375 atque
2318 4309 2617 4377 tranquillo
2642 4312 2856 4365 vivendi
2891 4325 3089 4382 genere
3113 4314 3209 4368 tibi
3238 4327 3447 4383 parato,

1866 4398 2054 4452 civiles
2095 4401 2362 4455 tumultus
2396 4400 2724 4458 dcclinares.
2759 4402 3029 4459 Praeterea
3065 4421 3268 4476 corpus
3298 4416 3450 4461 tuum

1867 4489 2048 4543 cilicio
2086 4505 2287 4559 aspero
2320 4491 2632 4556 lancinans,
2680 4502 2734 4547 et
2777 4511 2912 4548 zona
2958 4495 3094 4550 dura
3141 4498 3454 4567 astringens

188 4580 438 4649 Λαγόνας
471 4578 528 4632 δὲ
557 4580 674 4641 ταῖς
712 4576 937 4638 ἐνδείαις
988 4574 1273 4626 κοιλαίνων
1311 4571 1471 4644 μέχρι
1518 4569 1626 4622 τῶν
1665 4587 1757 4623 νω-

1874 4583 2088 4637 lumbos
2120 4590 2268 4649 tuos,
2304 4584 2577 4653 patienter
2607 4601 2732 4640 ossa
2769 4593 2860 4640 tua
2891 4589 3186 4642 atterebas.
3224 4588 3366 4655 Quin
3399 4601 3453 4643 et

186 4672 381 4726 τιαίων
453 4670 633 4741 μερῶν
707 4668 1130 4738 ὑπεχαύνωσας’
1208 4664 1302 4717 καὶ
1374 4662 1611 4733 φασκίας
1673 4661 1769 4729 μὲν

189 4763 409 4833 ἁπαλῆς
437 4762 536 4830 τὴν
576 4761 769 4831 χρῆσιν
803 4760 1135 4829 ἀπηρνήσω·
1182 4756 1390 4808 ἔνδοθεν
1435 4753 1491 4805 δὲ
1534 4752 1632 4814 τὰς
1678 4750 1772 4802 λα-

189 4850 374 4926 πάρας
429 4853 619 4914 σικύας
665 4851 819 4921 δίκην
878 4848 1219 4919 ὑφελκύσας,
1273 4848 1383 4908 τοῖς
1441 4843 1772 4913 νεφριτικοίς

188 4944 412 5017 χωρίοις
464 4940 896 5013 προσκολλᾶσθαι
956 4938 1197 5004 tatam.
1246 4937 1413 5006 Ὅλην
1451 4935 1508 4988 δὲ
1542 4936 1638 5005 τὴν
1669 4933 1771 5002 τῆς

191 5039 398 5111 σαρκὸς
432 5037 662 5108 πιμελὴν
705 5034 1033 5098 ἐκκενώσας,
1066 5034 1192 5092 τοὺς
1238 5031 1344 5084 τῶν
1391 5028 1772 5098 ὑπογαστρίων

190 5129 419 5200 ὀχετοὺς
451 5126 713 5195 γενναίως
743 5125 1031 5197 ὲξήρανας,
1063 5123 1304 5196 γαστέρα
1343 5138 1401 5174 τε
1453 5120 1621 5189 αὐτὴν
1655 5120 1774 5180 ταῖς

191 5222 432 5284 ἀσιτίαις
478 5218 819 5290 συμπτύξας,
876 5217 943 5271 τὰ
994 5216 1317 5285 πλευρίτικά
1376 5213 1539 5285 μέρη,
1588 5211 1776 5283 ὥσπερ

190 5310 318 5364 τινὰ
352 5310 550 5379 στέγης
582 5310 791 5381 ἐξοχὴν,
837 5313 950 5372 τοῖς
993 5308 1087 5361 τοῦ
1129 5306 1374 5377 ὀμφαλοῦ
1414 5306 1635 5377 μέρεσιν
1681 5309 1778 5360 ἐπ-

196 5400 473 5461 εσκίαζες.
499 5402 608 5455 Καὶ
634 5399 1044 5471 συνεσταλμένῳ
1086 5400 1191 5469 ὅλῳ
1238 5399 1317 5470 τῷ
1356 5399 1591 5468 ὀργάνῳ,
1635 5397 1778 5451 κατὰ

270 5559 317 5590 ’⁸
348 5557 477 5613 Luc.
511 5575 608 5621 xu,
641 5557 711 5611 40

271 5713 353 5779 ﬂ)
397 5713 500 5767 Ἐν
534 5712 762 5779 τριόδῳ.
794 5710 885 5765 Sic
914 5726 1013 5781 ope
1042 5719 1331 5769 contextus
1360 5709 1768 5768 emendavimus

200 5784 351 5855 quod
385 5790 500 5838 erat
529 5783 581 5837 in
613 5784 793 5848 editis,
822 5785 880 5835 ἐν
912 5781 1137 5853 προόδῳ.

1877 4674 1969 4727 ilia
2020 4675 2202 4728 inedia
2238 4691 2573 4739 concavans,
2622 4694 2686 4733 ea
2733 4695 2907 4749 usque
2955 4679 3019 4731 ad
3068 4680 3219 4734 dorsi
3271 4694 3454 4750 partes

1878 4763 2000 4816 laxa
2030 4763 2285 4829 effecisti,
2320 4773 2484 4834 atque
2521 4768 2703 4822 fascia:
2739 4770 2920 4824 mollis
2954 4768 3160 4838 rejecto
3192 4786 3315 4831 usu,
3360 4774 3453 4826 ab-

1878 4851 2073 4906 domen
2103 4852 2434 4909 intrinsecus
2453 4857 2823 4912 cucurbitaein
2853 4874 3056 4913 morem
3088 4870 3452 4923 contractum,

1877 4943 2101 4999 renibus
2150 4944 2523 5002 adhaerescere
2583 4949 2838 5019 cogebas.
2890 4952 2971 5004 Ad
3014 4951 3149 5016 haec,
3194 4964 3454 5007 evacuato

1877 5035 2061 5089 carnis
2096 5042 2212 5089 toto
2256 5038 2435 5108 adipe,
2479 5041 2771 5095 exsiccasti
2824 5051 3048 5098 strenue
3096 5054 3307 5099 meatus
3354 5046 3455 5101 sub

1877 5133 2069 5180 ventre
2102 5127 2262 5193 sitos,
2293 5137 2348 5183 et
2378 5130 2499 5198 ipso
2522 5142 2711 5185 ventre
2740 5133 2921 5187 inedia
2955 5142 3256 5195 coarctato,
3288 5135 3454 5188 facie-

1878 5216 1976 5271 bas
2001 5226 2059 5271 ut
2086 5227 2312 5274 costatae
2344 5229 2547 5289 partes,
2583 5223 2711 5277 tecti
2746 5226 2901 5294 quasi
2935 5227 3179 5297 quaedam
3210 5227 3455 5280 eminen-

1879 5308 1953 5361 tia
2007 5310 2255 5362 umbram
2305 5310 2631 5367 inducerent
2683 5316 2932 5383 partibus
2974 5315 3237 5370 umbilici.
3284 5317 3456 5385 Atque

1881 5410 2167 5457 contracto
2208 5409 2326 5457 toto
2368 5418 2617 5474 organo,
2664 5410 2950 5464 nocturnis
2992 5407 3145 5463 horis
3191 5404 3455 5463 confitens

1952 5707 2028 5781 (2)
2063 5709 2140 5765 Ex
2171 5710 2332 5780 epist.
2364 5726 2489 5773 ην,
2524 5710 2647 5765 153.
