3874 6224
422 398 558 455 1219

1329 390 1782 449 APPENDIX.—
1823 390 2170 447 SYMEONIS
2221 391 2757 448 METAPHRAST/E

3542 392 3678 447 {220

421 511 571 574 Deo,
630 510 994 581 lacrymarum
1046 508 1180 564 rivis
1229 508 1414 562 barbae
1464 507 1605 576 pilos
1661 507 1996 563 madefactos

2104 507 2196 571 τὰς
2226 508 2545 579 νυκτερινὰς
2572 508 2719 581 ὧρας
2750 505 3278 577 ἁνθομολογούμενος
3300 505 3381 577 τῷ
3402 504 3539 576 Θεῷ,
3566 510 3679 570 τοῖς

418 601 835 671 οοωριοηεὶηε.
883 599 1023 667 Quid
1064 611 1245 654 autem
1287 615 1426 670 opus
1467 610 1551 656 est
1584 615 1872 655 recensere
1911 615 1998 654 me

420 694 678 763 singula?
705 692 1023 747 Memineris
1054 700 1189 763 quot
1237 701 1557 747 sanctorum
1590 707 1685 745 ora
1720 692 2000 761 exceperis

420 787 633 851 osculo,
667 794 803 855 quot
834 800 994 841 sacra
1027 800 1260 854 corpora
1288 785 1572 854 amplexus
1600 785 1700 847 sis,
1732 792 1867 854 quot
1898 784 2002 837 viri

420 893 619 932 manus
660 889 784 933 tuas
828 879 978 931 velut
1010 878 1364 932 intaminatas
1393 876 1649 939 foverint,
1688 884 1824 946 quot
1859 877 2002 931 servi

423 968 518 1024 Dei
551 971 699 1025 velut
725 978 1048 1027 venerantes
1072 968 1421 1040 confugerint
1442 970 1509 1024 ad
1532 985 1707 1042 genua
1735 978 1828 1024 tua
1849 985 2002 1023 com-

424 1061 748 1131 plectentes.

501 1152 661 1224 515
689 1153 743 1207 2·
777 1152 847 1207 Al
899 1152 1095 1207 horum
1128 1153 1253 1223 quis
1293 1153 1513 1208 tandem
1542 1153 1708 1207 ﬁnis?
1734 1153 2003 1207 Adulterii

426 1243 570 1297 fama
613 1245 851 1298 nuntiati
897 1245 1129 1309 crimen,
1164 1245 1365 1314 sagitta
1401 1245 1644 1299 velocius
1690 1245 2002 1314 pervolans,

426 1350 588 1391 aures
640 1344 862 1391 nostras
919 1337 1158 1396 sauciat.
1211 1338 1459 1391 acutiore
1515 1336 1741 1390 stimulo
1793 1335 2004 1389 viscera

426 1436 615 1482 nostra
650 1442 1046 1497 compungens.
1100 1426 1231 1493 Quae
1278 1435 1388 1480 tam
1441 1426 1739 1481 artificiosa
1786 1426 2007 1497 praesti-

426 1518 654 1588 giatoris
687 1518 928 1571 versutia
959 1517 1013 1571 in
1039 1525 1149 1570 tam
1177 1517 1549 1586 perniciosum
1577 1531 1769 1570 casum
1794 1523 1848 1570 te
1878 1530 2004 1569 (⁵οη-

423 1609 593 1678 jecit?
638 1624 887 1678 quamam
936 1608 1138 1662 diaboli
1186 1609 1408 1663 sinuosa
1455 1607 1593 1661 retia
1636 1616 1688 1661 te
1728 1607 2004 1661 constrin-

426 1701 629 1769 gentia,
662 1700 884 1754 virtutis
917 1715 1113 1754 nervos
1139 1699 1449 1754 immobiles
1477 1698 1873 1752 reddiderunt?
1895 1712 2004 1768 quo

426 1791 610 1845 abiere
649 1790 898 1843 laborum
936 1797 1153 1844 tuorum
1204 1789 1600 1843 narrationes?
1628 1786 1734 1843 Sed
1770 1787 2004 1842 fortasse

425 1895 639 1950 aequum
681 1896 787 1934 non
821 1887 905 1934 est
950 1881 1036 1935 his
1076 1879 1236 1934 fidem
1269 1879 1571 1933 adhibere?
1621 1880 1687 1933 Et
1729 1879 2002 1948 quomodo

426 1989 536 2027 non
564 1988 630 2026 ex
660 1971 965 2028 manifestis
992 1988 1055 2027 ea
1077 1973 1240 2026 etiam
1266 1972 1556 2026 credemus
1586 1987 1708 2042 quae
1734 1972 2001 2027 hactenus

426 2052 743 2121 absco‘ndita
773 2064 1037 2120 fuerunt?
1061 2064 1331 2135 siquidem
1359 2065 1569 2120 animas
1587 2080 1706 2135 quae
1737 2065 1805 2119 ad
1831 2063 2001 2119 Deum

424 2156 850 2227 confugiebant,
897 2158 1228 2226 juramentis
1275 2157 1565 2212 horrendis
1617 2155 1999 2219 ohstrinxisti,

425 2262 551 2301 cun
595 2254 775 2300 tamen
810 2247 1129 2299 nominatim
1159 2246 1423 2316 quidquid
1455 2246 1541 2300 his
1574 2246 1781 2301 voculis
1809 2257 1909 2311 est,
1948 2252 2002 2300 et

425 2353 531 2390 non
575 2339 810 2406 amplius
843 2344 952 2402 est,
986 2336 1205 2390 diabolo
1236 2338 1570 2391 attribuatur
1599 2338 1665 2392 ’⁷.
1698 2336 1884 2406 Itaque
1927 2336 2003 2389 si-

425 2430 539 2483 mul
579 2445 798 2501 quoque
837 2430 1053 2484 exitiosi
1083 2428 1311 2499 perjurii
1360 2427 1511 2483 fuisti
1552 2444 1806 2499 sponsor,
1840 2436 2002 2499 atque

427 2522 663 2575 instituti
683 2520 1242 2591 asceticicharactere
1270 2523 1323 2576 in
1348 2531 1718 2592 contemptum
1744 2522 1998 2586 adducto,

426 2610 494 2663 ad
534 2612 812 2680 apostolos
864 2626 1040 2681 usque
1092 2613 1381 2683 ipsumque
1418 2611 1709 2666 Dominum
1762 2611 2001 2668 dedecus

427 2718 493 2758 ac
553 2703 834 2757 infamiam
891 2704 1271 2758 transmisisti.
1327 2703 1681 2759 Dedecorasti
1731 2706 2002 2761 castitatis

427 2793 830 2864 gloriationem,
887 2794 1009 2849 labe
1047 2795 1333 2865 aspersisti
1391 2796 1745 2850 continentia:
1791 2803 1998 2862 votum,

427 2887 764 2957 captivorum
799 2886 929 2941 facti
956 2903 1147 2942 sumus
1175 2886 1460 2958 tragtedia,
1484 2903 1515 2941 a
1548 2887 1750 2943 Judaais
1778 2896 1832 2943 et
1868 2904 2000 2959 gen-

428 2977 617 3032 tilibus
646 2993 732 3031 res
764 2985 968 3032 nostrae
998 2979 1053 3031 in
1095 2993 1313 3033 scenam
1356 2986 1411 3032 et
1451 2987 1606 3033 actus
1634 2980 1997 3035 deducuntur.

429 3069 704 3125 Discidisti
751 3071 1144 3124 monachorum
1191 3070 1411 3124 studia:
1453 3070 1825 3142 diligentiores
1872 3086 2001 3126 cau-

427 3162 706 3230 tioresque
745 3162 801 3214 in
837 3169 1037 3216 metum
1073 3161 1528 3230 formidinemque
1568 3162 1875 3231 conjecisti,
1907 3162 2003 3216 ad-

2032 1931 2074 1985 B

2101 600 2208 653 τῶν
2234 600 2482 672 δακρύων
2511 601 2716 671 ὀχετοῖς
2759 600 3007 668 γενειάδα
3054 598 3327 671 ἐμϐροχον
3370 597 3681 667 καθωμᾶλι-

2101 689 2209 754 ζες.
2261 694 2369 745 Καὶ
2411 692 2463 745 τί
2504 710 2571 762 με
2615 693 2694 745 δεῖ
2742 692 3061 761 καταλέγειν
3102 692 3347 758 Exacta;
3398 690 3679 760 Μνήσθητι

2099 783 2200 835 ὅσα
2233 782 2401 849 ἁγίων
2433 782 2672 853 στόματα
2700 782 2961 853 φιλήματι
3012 782 3385 853 κατησπάσω·
3425 781 3528 834 ὅσα
3566 782 3680 851 ἱερά

2102 872 2331 943 σώματα
2359 873 2722 942 περιεπτύξω,
2762 874 2875 926 ὅσοι
2907 891 2997 926 σου
3024 874 3125 936 τὰς
3154 877 3348 944 χεῖρας
3375 872 3453 936 ὡς
3478 871 3680 943 ἀκράν-

2100 982 2225 1028 τους
2252 964 2615 1036 περιέθαλῖιον
2636 983 2649 995 ·
2681 967 2793 1018 ὅσοι
2821 964 2995 1018 δοῦλοι
3024 964 3180 1029 Θεοῦ,
3216 965 3409 1035 ῶσπερ
3444 964 3677 1033 λάτρεις,

2104 1057 2417 1129 ὑπέδραμον
2448 1060 2563 1121 τοῖς
2590 1056 2778 1126 γόνασί
2809 1074 2900 1110 σου
2928 1056 3406 1128 περιπλεκόμενοι.

2170 1150 2225 1204 2.
2256 1151 2366 1203 Καὶ
2410 1150 2611 1203 τούτων
2656 1151 2810 1213 τέλος
2857 1151 2939 1214 τίς
3001 1149 3272 1218 Μοιχικῆς
3331 1148 3528 1217 φήμης
3572 1147 3683 1199 δια-

2103 1240 2254 1313 ϐολὴ,
2287 1241 2472 1309 βέλους
2517 1241 2769 1313 ὀξύτερον
2816 1240 3160 1311 διιπταμένη,
3203 1238 3504 1310 τιτρώσκει
3529 1237 3683 1307 ἡμῶν

2101 1331 2199 1394 τὰς
2229 1331 2416 1395 ἀκοὰς,
2448 1331 2792 1403 ἀκμαιοτέρῳ
2835 1332 3045 1401 κέντρῳ
3087 1329 3156 1382 τὰ
3205 1328 3498 1397 σπλάγχνα
3528 1327 3682 1398 ἡμῶν

2102 1422 2472 1477 διανύττουσα.
2534 1424 2630 1487 Τίς
2675 1426 2707 1495 ἡ
2765 1423 2858 1476 τοῦ
2912 1426 3105 1496 γόητος
3146 1424 3385 1491 τοσαύτη
3440 1423 3682 1492 {nam

2105 1515 2343 1569 ποικιλία
2387 1517 2465 1579 είς
2507 1516 2757 1569 τοσοῦτόν
2807 1534 2865 1570 σε
2913 1519 3248 1588 περιήγαγεν
3285 1515 3536 1586 ὀλέθριον
3564 1515 3683 1566 σκέ-

2103 1604 2299 1675 λισμα;
2336 1608 2464 1659 ποῖα
2518 1606 2828 1660 πολύπλοκα
2871 1607 2964 1661 τοῦ
3007 1606 3252 1660 διαϐόλου
3295 1605 3496 1658 δίκτυα
3526 1620 3684 1674 περι-

2106 1697 2404 1764 σφίγξαντά
2449 1715 2527 1763 σε,
2569 1698 2667 1763 τὰς
2708 1700 2807 1770 τῆς
2847 1700 3047 1771 ἀρετῆς
3080 1699 3360 1768 ἐνεργείας
3391 1698 3683 1766 ἀκινήτους

2103 1787 2415 1858 ἀπήλεγξες
2461 1788 2563 1843 ποῦ
2595 1791 2784 1861 μοιτὰ
2828 1791 3139 1862 διηγήματα
3185 1789 3292 1841 τῶν
3345 1788 3458 1841 σῶν
3508 1789 3683 1839 πόνων

2103 1883 2307 1952 οἴχεται
2334 1899 2348 1947 ;
2379 1878 2524 1954 'Apa
2556 1884 2664 1953 γὰρ
2702 1882 2998 1951 ἀπιστῆσαι
3036 1880 3212 1946 ἄξιον;
3249 1881 3363 1934 Καὶ
3401 1880 3528 1942 πῶς
3567 1880 3682 1949 οὖχὶ

2103 1977 2166 2026 ἐκ
2193 1974 2299 2027 τῶν
2327 1974 2567 2044 ἐναργῶν
2611 1973 2706 2026 καὶ
2737 1973 2805 2026 τὰ
2826 1973 2964 2035 τέως
2995 1973 3175 2042 ἀφανῆ
3209 1975 3287 2035 είς
3328 1971 3515 2024 πίστιν
3539 1970 3683 2036 δεξό-

2104 2065 2282 2136 μεθα;
2320 2069 2366 2120 εἰ
2398 2066 2494 2130 τὰς
2522 2065 2599 2135 τῷ
2627 2065 2745 2136 Θεῷ
2779 2065 3198 2137 προσφυγούσας
3228 2063 3405 2134 ψυχὰς
3439 2065 3681 2133 φρικτοῖς

2099 2161 2279 2232 ὅρκοις
2310 2159 2685 2222 κατέκλεισας,
2717 2159 2875 2211 ὁπότε
2908 2158 3445 2229 παρατετηρημὲνως
3465 2155 3556 2209 τοῦ
3585 2155 3677 2207 ναὶ

2102 2253 2195 2306 καὶ
2225 2252 2319 2304 τοῦ
2348 2250 2418 2304 οῦ
2447 2251 2506 2305 τὸ
2541 2252 2794 2321 περισσὸν
2823 2251 2899 2321 τῷ
2945 2249 3175 2318 διαϐόλῳ
3219 2248 3677 2319 προσ-νενέμηται.

2114 2341 2275 2414 Ὁμοῦ
2320 2342 2497 2395 τοίνυν
2545 2342 2638 2395 καὶ
2690 2342 2995 2413 παρορκίας
3039 2340 3280 2413 ὀλεθρίου
3319 2339 3554 2409 γέγονας
3594 2338 3677 2405 ἐγ-

2100 2451 2249 2501 γυος,
2298 2434 2393 2488 καὶ
2430 2434 2696 2503 φαυλίσας
2740 2434 2838 2502 τῆς
2882 2434 3165 2503 ἀσκήσεως
3200 2432 3291 2485 τὸν
3332 2435 3674 2503 χαρακτῆρα,

2104 2526 2264 2597 μέχρι
2287 2526 2393 2579 τῶν
2431 2525 2742 2579 ἀποστόλων
2767 2525 2861 2578 καὶ
2894 2524 3057 2579 αὐτοῦ
3081 2524 3173 2578 τοῦ
3197 2526 3404 2598 Κυρίου
3439 2524 3669 2593 ἀνέπεμ·

2099 2616 2207 2685 φας
2256 2615 2317 2669 τδ
2357 2613 2559 2687 αἶσχος·
2612 2614 2969 2686 Κατῇτλυνας
3015 2616 3073 2669 τὸ
3124 2616 3224 2686 τῆς
3278 2616 3503 2684 ἁγνείας
3542 2617 3675 2669 καύ-

2100 2725 2287 2778 χημα.
2344 2709 2624 2779 ἐμωμήσω
2680 2710 2779 2780 τῆς
2826 2707 3176 2779 σωφροσύνης
3225 2708 3287 2761 τὸ
3331 2708 3674 2779 ἐπάγγελμα,

2101 2798 2397 2869 ἐγενόμεθα
2473 2796 2831 2869 αἰχμαλώτων
2898 2799 3177 2871 τραγῳδία
3202 2840 3218 2864 ,
3255 2798 3533 2862 Ἰουδαίοις
3587 2803 3675 2852 καὶ

2102 2889 2327 2961 Ἕλλησι
2355 2892 2843 2961 δραματουργείται
2875 2891 2942 2943 τὰ
2971 2890 3233 2962 ἡμέτερα.
3264 2891 3523 2961 Διέτεμες
3549 2890 3676 2961 φρό-

2100 2998 2249 3052 νημα
2285 2980 2553 3052 μοναχῶν,
2606 2984 2733 3045 τοὺς
2789 2982 3211 3055 ἀκριϐεστέρους
3255 2983 3339 3045 είς
3380 2982 3544 3050 φόϐον
3588 2984 3676 3034 καὶ

2099 3072 2298 3126 δειλίαν
2337 3073 2557 3144 ἤγαγες,
2591 3072 2963 3144 θαυμάζοντας
3012 3075 3091 3127 ἐτι
3143 3072 3235 3126 τοῦ
3278 3072 3528 3127 διαϐόλου
3582 3075 3675 3143 τὴν

2099 3161 2356 3233 δύναμιν·
2397 3165 2524 3227 τοὺς
2569 3165 2894 3234 ἀδιαφόρους
2931 3167 3009 3229 είς
3032 3165 3327 3229 ἀκολασίας
3363 3166 3526 3237 ζῆλον
3554 3183 3678 3237 μετ-

429 3253 537 3307 huc
574 3252 775 3307 diaboli
812 3261 1135 3322 potestatem
1172 3253 1545 3320 admirantes;
1582 3254 2000 3324 negligentior-es

2104 3253 2324 3324 έθηκαςο
2362 3254 2615 3320 Ἐλυσας,
2644 3257 2768 3310 ὅσον
2795 3257 2887 3308 ἐπὶ
2919 3258 3020 3315 σοι.
3067 3256 3127 3310 τὸ
3164 3258 3258 3311 τοῦ
3285 3257 3525 3329 Χριστοῦ
3550 3257 3678 3311 καύ-

429 3360 558 3401 vero
598 3345 665 3399 ad
706 3345 1047 3414 sequendum
1089 3343 1501 3398 incontinentize
1546 3345 1852 3415 exemplum
1888 3352 1999 3398 tra-

427 3438 654 3492 d..xisti.
703 3436 1038 3501 Dissolvisti,
1080 3443 1345 3505 quantum
1380 3437 1436 3489 in
1471 3445 1522 3491 te
1559 3435 1683 3501 fuit,
1717 3437 2001 3506 gloriatio-

428 3543 552 3582 nem
603 3525 833 3590 Christi,
880 3527 974 3597 qui
1017 3526 1190 3580 dixit:
1245 3524 1530 3595 Conﬁdile,
1566 3543 1659 3597 ego
1706 3529 1804 3581 vici
1850 3545 2001 3582 mun-

427 3620 555 3674 dum
589 3622 656 3684 ’⁸,
714 3619 939 3690 ejusque
992 3621 1317 3690 principem.
1379 3619 1661 3675 Craterem
1716 3621 2001 3678 dedecoris

427 3713 700 3767 miscuisti
722 3720 929 3781 patriae.
954 3711 1094 3766 Vere
1117 3712 1408 3781 implevisti
1435 3711 1814 3776 Proverbium,
1850 3713 2001 3767 Velut

427 3820 607 3858 cervus
642 3805 840 3874 sagitta
877 3804 1013 3857 ictus
1053 3805 1108 3855 in
1146 3804 1340 3870 jecore.
1387 3801 1494 3857 Sed
1534 3804 1664 3873 quid
1694 3804 1842 3874 jam?
1882 3803 1999 3858 Non

427 3895 625 3950 cecidit
654 3895 995 3949 fortitudinis
1023 3896 1219 3961 turris,
1255 3910 1289 3949 0
1322 3895 1488 3950 frater
1516 3914 1529 3949 :
1568 3911 1675 3949 non
1699 3897 2002 3951 obsordue-

427 3995 559 4041 runt
590 3987 949 4042 correctionis
974 4002 1037 4041 ac
1067 3987 1449 4042 conversionis
1477 3988 1746 4043 remedia:
1772 4004 1881 4043 non
1908 4004 2001 4042 oc-

427 4079 580 4132 clusa
608 4085 692 4132 est
720 4077 915 4132 civitas
945 4076 1201 4148 perfugii.
1231 4078 1310 4134 Ne
1340 4079 1395 4132 in
1430 4077 1704 4148 profundo
1731 4081 1997 4134 malorum

428 4185 772 4240 permaneas,
797 4186 898 4225 nec
927 4179 980 4226 te
1003 4172 1191 4227 tradas
1217 4173 1525 4226 homicidae.
1549 4171 1707 4227 Novit
1738 4174 1999 4230 Dominus

428 4263 597 4317 elisos
619 4263 850 4333 erigere.
874 4262 949 4318 Ne
966 4267 1158 4332 procul
1189 4264 1384 4336 fugias,
1416 4268 1509 4321 sed
1542 4266 1608 4320 ad
1632 4282 1732 4321 nos
1755 4282 1995 4322 recurre.

429 4352 665 4409 Besume
711 4355 909 4408 iterum
959 4356 1171 4413 labores
1212 4358 1508 4427 iuveniles,
1556 4360 1812 4414 secundis
1852 4366 1999 4414 recte

431 4443 590 4499 factis
619 4443 768 4497 humi
802 4452 1083 4514 tepentem
1116 4447 1510 4520 sordidamque
1541 4450 1872 4519 voluptatem
1904 4449 1999 4504 de—

429 4535 567 4590 lens.
603 4534 835 4604 Respice
877 4535 944 4589 ad
979 4537 1103 4592 linis
1129 4538 1296 4605 diem,
1338 4541 1409 4594 ita
1451 4541 1576 4595 vitae
1618 4549 1820 4595 nostrae
1860 4542 1995 4595 vici-

2103 3362 2274 3416 χημα,
2310 3347 2612 3415 Θαρσεῖτε,
2645 3347 2914 3416 λέγοντος,
2951 3348 3065 3417 ἐγὼ
3094 3351 3394 3416 νενίκησα
3432 3350 3544 3404 τὸν
3584 3355 3680 3404 κό-

2101 3454 2291 3507 σμον,
2369 3438 2463 3492 καὶ
2523 3440 2616 3493 τὸν
2671 3440 2857 3494 τούτου
2920 3441 3175 3513 ἄρχοντα.
3252 3442 3559 3514 Ἐκέρασας
3613 3447 3677 3514 τῇ

2105 3530 2317 3601 πατρίδι
2341 3532 2591 3603 κρατῆρα
2616 3532 2946 3603 δυσφημίας.
2977 3534 3183 3597 Ὄντως
3228 3535 3309 3598 εἰς
3348 3535 3511 3605 ἔργον
3542 3536 3680 3606 ἠγα-

2100 3638 2195 3689 γες
2242 3623 2338 3686 τὰς
2384 3624 2692 3695 Παροιμίας
2716 3640 2729 3653 ο
2774 3624 2865 3690 Ὠς
2892 3624 3122 3693 ἔλαφος
3159 3625 3469 3692 τοξευθεὶς
3495 3630 3583 3693 εις
3618 3627 3679 3680 τὸ

2099 3707 2280 3782 ἧπαρ.
2321 3713 2482 3766 Ἀλλὰ
2530 3715 2583 3767 τί
2629 3714 2758 3781 νῦν;
2809 3717 2883 3769 Οὐ
2938 3716 3224 3770 πέπτωκεν
3272 3718 3302 3769 ὁ
3352 3718 3456 3789 τῆς
3504 3718 3679 3789 iqﬁo;

2102 3805 2330 3878 πύργος,
2375 3807 2588 3878 ἀδελφὲ,
2633 3809 2733 3862 οὐκ
2780 3809 3048 3881 ἐμωμήθη
3091 3810 3159 3864 τὰ
3205 3812 3307 3880 τῆς
3348 3812 3678 3883 ἐπιστροφῆς

2102 3899 2387 3969 φάρμακα,
2413 3899 2510 3951 οὐκ
2546 3886 2877 3969 ἀπεκλείσθη
2930 3899 3024 3952 τοῦ
3070 3900 3405 3969 φευκτηρίου

2100 3991 2192 4062 Μὴ
2221 3992 2299 4060 τῷ
2329 3991 2480 4062 βάθει
2534 3992 2642 4045 τῶν
2676 3993 2860 4046 κακῶν
2900 3993 3292 4064 ἐναπομείνῃς·
3343 3993 3418 4064 μὴ
3474 3996 3677 4066 “tam

2104 4084 2324 4137 σεαυτὸν
2355 4084 2433 4156 τῷ
2485 4085 2933 4157 ἀνθρωποκτόνῳ.
2984 4082 3134 4140 Οἶδεν
3177 4085 3444 4158 ἀνορθοῦν
3487 4089 3679 4155 κατερ-

2103 4176 2406 4248 ραγμένους
2436 4178 2463 4230 ὁ
2496 4178 2719 4249 Κύριος.
2744 4177 2916 4247 Φεῦγε
2971 4181 3045 4249 μὴ
3093 4178 3333 4250 μακρὰν,
3378 4179 3518 4233 ἀλλὰ
3544 4178 3677 4251 πρὶς

2101 4268 2248 4337 ἡμᾶς
2286 4269 2580 4339 ἀνάδραμε.
2621 4269 2882 4322 Ἀνάλαόε
2918 4271 3077 4324 πάλιν
3124 4270 3406 4334 νεανικοὺς
3464 4270 3673 4333 πόνους,

2099 4358 2370 4431 δευτέροις
2395 4360 2781 4431 κατορθώμασι
2812 4361 3042 4415 διαλύων
3070 4361 3170 4432 τὴν
3212 4361 3553 4433 χαμαίζηλον
3587 4362 3674 4414 καὶ

2099 4450 2325 4520 γλοιώδη
2378 4451 2587 4522 ἡδονήν.
2636 4452 2950 4505 Ἀνάνευσον
3001 4453 3137 4524 πρὸς
3193 4453 3292 4523 τὴν
3350 4453 3448 4506 τοῦ
3497 4453 3674 4514 τέλους

2102 4539 2316 4610 ἡμέραν
2364 4538 2504 4591 οὕτω
2547 4541 2985 4610 προσεγγίσασαν
3043 4544 3110 4613 τῇ
3168 4542 3278 4612 ζωῇ
3339 4543 3532 4612 ἡμῶν,
3586 4543 3674 4595 καὶ.

426 4640 558 4680 num
602 4639 667 4679 ac
696 4626 1104 4697 propinquum;
1138 4635 1193 4683 et
1236 4645 1407 4684 nosce
1436 4631 1712 4700 quomodo
1746 4631 1858 4700 jam
1895 4631 1995 4684 Ju-

2104 4631 2296 4700 γνῶθι,
2351 4630 2469 4695 πῶς
2524 4631 2709 4685 λοιπὸν
2750 4633 3014 4687 Ἰουδαίων
3054 4635 3149 4687 καὶ
3183 4634 3453 4706 Ἑλλήνων
3498 4637 3672 4699 raros;

428 4720 669 4774 datorum
702 4726 756 4774 et
795 4722 1076 4791 gentilium
1118 4722 1212 4775 lilii
1261 4723 1327 4777 ad
1376 4723 1469 4777 Dei
1515 4725 1719 4777 cultum
1756 4724 1999 4793 compel-

430 4811 638 4876 luntur,
666 4825 766 4865 nec
790 4811 1015 4865 omnino
1041 4812 1279 4882 abneges
1305 4812 1491 4866 mundi
1521 4814 1901 4867 Servalorem:
1932 4828 2000 4868 ne

428 4910 481 4955 te
511 4901 746 4955 maxime
776 4902 1058 4957 horribilis
1098 4902 1188 4956 illa
1229 4905 1657 4973 comprehendat
1690 4906 1996 4961 sententia:

430 4988 552 5046 Non
584 4991 702 5043 novi
732 5006 842 5053 vos,
874 4991 1090 5061 quinam
1123 4992 1241 5045 sitis
1269 4994 1337 5046 ³³.

495 5084 546 5137 5.
581 5081 657 5154 (ι)
689 5081 862 5139 Unius
890 5083 993 5137 viri
1030 5092 1151 5139 erat
1183 5083 1778 5154 praedicatioJoannis,
1804 5097 1857 5143 et
1881 5104 1995 5142 om-

428 5189 526 5230 nes
563 5174 629 5228 ad
673 5175 1050 5243 paenitentiam
1089 5176 1295 5241 traxit;
1338 5185 1395 5230 tu
1431 5193 1561 5232 vero
1606 5181 1698 5247 qui
1740 5195 1836 5248 per
1867 5195 1994 5248 pro-

431 5267 621 5334 phetas
653 5265 868 5321 doceris
896 5285 908 5320 :
940 5265 1244 5330 Lavamim’,
1278 5267 1457 5321 mundi
1479 5279 1644 5324 estote
1669 5272 1747 5337 ³⁰;
1777 5272 1869 5340 qui
1899 5288 1996 5341 per

428 5355 673 5412 Psalmos
704 5358 1049 5420 admoneris,
1083 5358 1328 5413 Accedite
1360 5360 1428 5413 ad
1455 5378 1572 5415 eum
1592 5400 1611 5425 ,
1643 5373 1690 5416 et
1720 5363 1996 5418 illumina-

429 5449 554 5501 nu‘m'
577 5450 652 5504 "z
685 5450 778 5520 qui
811 5465 906 5519 per
937 5452 1217 5521 apostolos
1264 5450 1501 5507 faustum
1538 5454 1689 5508 illum
1739 5458 1992 5510 nuntium

2103 4722 2508 4777 συνελαύνονται
2559 4725 2695 4796 πρὸς
2742 4725 3073 4792 θεοσέϐειαν,
3102 4727 3196 4780 καὶ
3233 4730 3309 4798 μὴ
3344 4726 3671 4793 {imitatrix};

2099 4816 2390 4887 ἀπαρνήσῃ
2417 4815 2506 4868 τὸν
2526 4816 2619 4869 τοῦ
2653 4817 2857 4888 κόσμου
2903 4819 3159 4890 Σωτῆρα·
3203 4822 3275 4889 μή
3317 4838 3378 4873 σε
3407 4823 3443 4891 ἡ
3475 4838 3670 4891 gem-

2099 4905 2328 4978 δεστάτη
2372 4907 2556 4979 ἐκείνη
2598 4909 2877 4982 καταλάϐῃ
2918 4912 3209 4977 ἀπόφασις.
3255 4913 3338 4966 ὃτι
3383 4916 3508 4967 Οὐκ
3546 4910 3670 4967 οἶδα

2099 4996 2275 5065 ὑμᾶς,
2313 4999 2473 5066 τινες
2499 5000 2660 5054 ἐστέ.

2169 5092 2223 5146 5.
2252 5093 2398 5157 Ἐνὸς
2430 5093 2619 5165 ἀνδρὸς
2648 5090 2715 5166 ἦν
2750 5095 2990 5150 Ἰωάννου
3014 5096 3076 5149 τὸ
3105 5098 3393 5169 κήρυγμα,
3422 5101 3519 5153 καὶ
3546 5101 3669 5153 σπάνι

2100 5201 2198 5247 τας
2242 5179 2388 5238 εἷλκε
2438 5186 2573 5256 πρὸς
2616 5186 2716 5257 τὴν
2761 5188 3072 5256 μετάνοιαν·
3109 5190 3173 5243 σὺ
3214 5190 3291 5254 δὲ,
3339 5191 3429 5245 ὄιά
3472 5210 3671 5263 upon-

2102 5274 2210 5326 τῶν
2262 5275 2668 5347 διδασκόμενος·
2716 5280 3055 5343 Λούσασθε,
3104 5283 3353 5351 καθαροὶ
3395 5285 3672 5354 γένεσθε·

2102 5368 2193 5420 διὰ
2220 5369 2463 5440 Ψαλμῶν
2491 5371 2905 5443 νουθετούμενος
2924 5390 2938 5404 ·
2981 5374 3358 5441 Προσέλθετε
3400 5378 3553 5446 πρὸς
3578 5381 3672 5430 σὺν

2101 5460 2205 5513 τὸν
2235 5461 2333 5517 καὶ
2366 5463 2725 5533 φωτίσθητε·
2779 5465 2846 5519 δι’
2902 5467 3216 5521 ἀποστόλων
3266 5470 3670 5540 εὐαγγελιζόμε·

495 5607 540 5640 ³⁷
574 5609 760 5662 Matth.
800 5626 853 5673 ν,
886 5611 976 5666 57.
1052 5611 1097 5641 ³⁸
1123 5608 1280 5667 Joan.
1312 5627 1423 5675 ττι,
1458 5613 1547 5667 55.
1623 5616 1667 5646 ³³
1704 5614 1891 5670 Malth.
1922 5634 2000 5672 xx‘

2104 5619 2176 5674 12.
2252 5622 2296 5654 ³ο
2337 5622 2440 5678 lsa.
2499 5638 2538 5692 ι,
2575 5623 2660 5679 i6.
2738 5626 2780 5658 ³¹
2829 5624 2973 5683 Psal.
3018 5631 3273 5694 xuut,6

504 5761 577 5831 (ί)
614 5763 689 5815 Ex
727 5763 871 5818 hom.
916 5765 970 5818 in
1007 5773 1247 5820 sanctum
1275 5767 1558 5837 baptisma,
1590 5769 1712 5826 ιιι.
