3874 6224
242 319 267 371 1
277 318 372 372 εει

1298 311 1531 368 SERMO
1569 309 1708 366 Vlll.
1748 340 1819 352 —
1854 310 1945 365 DE
1980 308 2457 366 PCENITENTIA.

3349 306 3373 358 l
3382 301 3490 357 2‘22

242 455 362 502 νος·
422 433 880 504 Μετανοήσατε,
936 434 1034 489 καὶ
1105 433 1498 500 ,βαπτισθήτω
1564 434 1818 498 ἕκαστος

1936 432 2077 487 ludis
2103 450 2116 486 :
2149 431 2303 502 Agite
2331 427 2711 499 paenitentiam,
2741 432 2791 479 et
2816 422 3110 491 baptizetur
3139 420 3491 490 unusquisque

240 526 409 597 ὑμῶν
463 526 561 580 ἐπὶ
614 525 694 591 τῷ
742 528 985 595 ὀνόματι
1031 525 1137 578 τοῦ
1182 525 1404 593 Κυρίου
1478 524 1677 591 Ἰησοῦ
1731 526 1817 587 εἰς

241 616 462 686 ἄφεσιν
492 618 808 687 ἁμαρτιῶν,
839 617 936 672 καί
983 615 1258 684 λήψεσθε
1302 615 1416 682 τὴν
1456 615 1817 683 ἐπαγγελίαν

241 704 350 759 τοῦ
382 708 755 775 Πνεὺματος-
810 707 902 759 ὐπ’
949 703 1113 757 αὐτοῦ
1158 703 1253 756 τοῦ
1292 703 1497 773 Κυρίου
1540 703 1819 775 προσλαμ-

243 795 556 866 6ανόμενος,
606 796 881 865 λέγοντοςο
936 795 1113 849 Δεῦτε
1162 795 1311 862 πρὸς
1360 793 1432 858 μὲ
1490 793 1713 858 πάντες
1763 795 1819 846 oi

243 883 569 952 κοπιῶντες
605 887 704 940 καὶ
754 883 1246 954 πεφορτισμένοι,
1294 882 1455 953 κάγὼ
1488 883 1819 936 ἀναπαύσω

243 973 432 1044 ὑμᾶς·
480 977 675 1038 ὀκνεῖς,
725 975 821 1028 καὶ
876 971 1139 1043 βουλεύῃ,
1194 972 1288 1024 καὶ
1354 970 1677 1040 διαμέλλεις.
1726 970 1821 1022 Ἐκ

245 1065 439 1136 νηπίου
490 1064 579 1123 τὸν
632 1064 788 1133 λόγον
847 1062 1271 1133 κατηχούμενος,
1310 1060 1461 1114 οὐπω
1507 1059 1726 1112 συνέθου
1751 1061 1817 1129 τῇ

248 1158 513 1230 ἀληθείας
564 1157 797 1210 πάντοτε
854 1155 1160 1227 μανθάνων,
1211 1152 1425 1206 οὐδέπω
1474 1148 1636 1223 ἦλθες
1687 1152 1822 1223 πρὸς

245 1249 345 1321 τὴν
392 1248 715 1317 ἐπίγνωσιν;
772 1244 1076 1318 Πειραστὴς
1132 1243 1219 1298 διὰ
1271 1242 1420 1313 βίου,
1480 1242 1822 1306 κατάσκοπος

249 1339 412 1409 μέχρι
453 1339 675 1410 γήρως,
722 1337 851 1391 πότε
906 1338 1112 1408 γενήσῃ
1168 1335 1524 1406 Χριστιανό;;
1580 1336 1708 1388 πότε
1762 1351 1822 1387 σε

245 1430 584 1502 γνωρίσομεν
624 1430 699 1493 ὡς
724 1429 1016 1500 ἡμέτερον;
1048 1429 1251 1500 Πέρυσι
1284 1426 1377 1480 τὸν
1423 1428 1667 1500 παρόντα
1698 1445 1820 1481 και-

252 1521 343 1593 ρὸν
396 1522 638 1593 ἐξεδέχου
663 1561 678 1584 ,
731 1521 826 1575 νῦν
871 1520 1034 1574 πάλιν
1080 1521 1366 1592 ἀναμένεις
1425 1521 1514 1575 τὸν
1575 1520 1820 1574 ἐπιόντα.

251 1614 413 1683 Ὅρα,
456 1613 530 1684 μὴ
581 1611 809 1684 εὑρεθῇς
856 1612 1198 1683 μακροτέρας
1239 1612 1338 1682 τῆς
1376 1610 1519 1683 ζωῆς
1556 1611 1653 1674 τὰς
1690 1612 1823 1663 ὑπο-

250 1704 464 1775 σχέσεις
495 1703 833 1774 ποιούμενος.
867 1704 978 1755 Οὐκ
1004 1699 1150 1769 οἶδας
1180 1703 1234 1755 τί
1263 1704 1474 1770 τέξεται
1503 1705 1534 1773 ἡ
1562 1702 1819 1756 ἐπιοῦσα·

1918 534 2144 579 vestrum
2176 525 2230 577 in
2260 523 2465 577 nomine
2500 519 2710 574 Domini
2739 517 2868 573 Jesu
2897 518 2951 571 in
2982 516 3347 570 remissionem
3372 528 3490 582 pec-

1917 626 2177 679 catorum,
2210 625 2261 669 et
2291 612 2559 683 accipietis
2590 609 2995 678 promissionem
3029 604 3256 674 Spiritus
3284 604 3357 669 ³²;
3399 603 3488 673 qui

1919 709 1988 763 ab
2026 708 2146 777 ipso
2190 706 2420 761 Domino
2466 703 2740 765 invitaris,
2784 701 3037 756 dicente:
3085 696 3265 752 Venite
3307 695 3376 748 ad
3412 711 3494 748 me

1919 816 2097 854 omnes
2147 800 2237 869 qui
2292 797 2570 859 laboratis,
2601 803 2650 850 et
2690 792 2894 847 onerati
2936 790 3084 853 estis,
3161 796 3211 842 et
3248 803 3341 857 ego
3371 786 3494 854 refi-

1919 893 2057 945 ciam
2092 907 2178 945 vos
2204 890 2277 956 83;
2319 889 2494 944 haeres
2532 896 2738 952 tamen,
2766 883 3150 951 deliberasque
3181 886 3235 934 et
3267 884 3492 932 cuncta-

1919 982 2019 1037 ris.
2062 982 2105 1033 A
2159 994 2332 1050 puero
2383 978 2508 1033 ﬁdei
2558 974 2885 1031 rudimentis
2935 972 3200 1034 imbutus,
3251 967 3492 1024 nondum

1921 1073 2204 1129 assensisti
2279 1070 2535 1125 veritati?
2610 1081 2826 1137 semper
2898 1064 3173 1127 ediscens,
3252 1060 3493 1116 nondum

1921 1163 2221 1235 pervenisti
2256 1162 2323 1215 ad
2352 1158 2770 1231 cognitionem?
2802 1157 2909 1211 Per
2952 1169 3168 1210 omnem
3203 1154 3371 1207 vitam
3399 1167 3495 1207 ex-

1922 1258 2191 1328 plorator,
2228 1254 2297 1308 ad
2328 1260 2662 1307 senectutem
2700 1264 2876 1319 usque
2904 1248 3236 1317 speculator,
3270 1243 3495 1315 quando

1926 1345 2146 1400 tandem
2174 1345 2272 1398 fies
2302 1341 2690 1397 Christianus?
2721 1338 2940 1409 quando
2967 1352 3330 1409 aguoscemus
3360 1344 3412 1391 te
3438 1343 3495 1387 ut

1924 1435 2210 1491 nostrum?
2235 1434 2395 1488 Anno
2415 1432 2699 1503 superiore
2723 1432 2826 1485 hoc
2849 1439 2954 1485 tem
2965 1445 3065 1499 pus
3088 1428 3495 1500 praestolabare,

1924 1538 2072 1577 nunc
2110 1538 2306 1578 rursus
2336 1530 2626 1591 exspectas
2672 1528 2982 1574 venturum.
3011 1517 3155 1574 Cave
3199 1517 3503 1588 deprehen-

1925 1613 2075 1668 daris
2125 1614 2394 1684 promissa
2444 1612 2625 1668 facere
2668 1613 2776 1666 vita
2808 1610 3079 1680 longiora.
3116 1610 3339 1680 Ignoras
3366 1608 3500 1679 quid

1927 1722 2165 1777 sequens
2195 1706 2314 1760 dies
2349 1704 2512 1776 516
2548 1710 2811 1773 parturus
2845 1702 2952 1768 sit;
2993 1716 3061 1755 ne
3090 1702 3352 1770 promitte
3379 1715 3501 1770 qua:

252 1796 328 1868 μὴ
372 1796 707 1865 ἐπαγγέλλου
752 1795 824 1848 τά
868 1795 941 1866 μὴ
981 1796 1067 1849 σά.
1106 1796 1228 1849 Ἐπὶ
1260 1795 1404 1866 ζωήν
1440 1812 1499 1848 σε
1532 1794 1823 1864 καλοῦμεν,

1936 1807 2017 1853 tua
2047 1813 2160 1852 non
2201 1807 2350 1852 sunt.
2390 1796 2471 1850 Ad
2517 1796 2681 1849 vitam
2713 1801 2788 1855 te,
2827 1794 3013 1858 homo,
3046 1807 3343 1853 vocamus;
3369 1792 3501 1861 quid

247 1886 534 1959 ἄνθρωπεο
579 1888 631 1941 τί
680 1887 1012 1957 ἀποφεύγεις
1071 1889 1169 1959 τὴν
1215 1888 1432 1958 κλῆσιν;
1479 1889 1566 1940 ἐπ’
1607 1886 1827 1954 ἀγαθῶν

251 1979 572 2047 μετουσίανο
620 1979 674 2031 τί
735 1979 1082 2050 ὑπερϐαίνεις
1130 1980 1227 2050 τὴν
1286 1980 1523 2050 δωρεάν;
1574 1978 1829 2033 Βασιλεία

248 2068 494 2139 οὐρανῶν
519 2069 762 2141 ἧνοικται
782 2086 795 2098 ⁸
836 2069 866 2120 ὁ
894 2067 1074 2121 καλῶν
1111 2067 1344 2140 ἀψευδής
1364 2084 1376 2097 ·
1421 2070 1454 2140 ἡ
1503 2068 1620 2131 ὁδὸς
1649 2067 1826 2138 ῥᾳδία,

246 2160 313 2213 οὐ
347 2162 560 2231 χρόνου,
611 2162 673 2214 οὐ
727 2161 989 2231 δαπάνης,
1038 2162 1098 2215 οὐ
1144 2161 1524 2231 πραγματείας
1563 2157 1829 2230 χρεία·τί

255 2252 504 2324 μέλλεις;
545 2253 599 2305 τί
649 2253 876 2325 ἀναδύῃ,
905 2255 958 2307 τί
989 2253 1126 2325 φοϐῇ
1169 2253 1259 2306 τὸν
1303 2251 1488 2321 ζυγὸν,
1523 2251 1710 2324 ὥσπερ
1738 2250 1831 2305 δά-

256 2342 417 2413 μαλίς
443 2360 527 2406 τις
575 2343 963 2415 ἀπειρόζυγοςς
999 2345 1073 2398 Οὐ
1099 2343 1274 2414 τρίϐει
1302 2344 1391 2396 τὸν
1439 2344 1660 2413 αὐχένα,
1695 2342 1831 2396 ἀλλά

250 2433 482 2500 δοξάζει.
520 2435 593 2488 Οὐ
620 2435 729 2506 γὰρ
763 2437 1040 2508 δεσμεῖται
1088 2437 1120 2507 ἡ
1172 2435 1371 2507 ζεύγλη
1420 2437 1547 2507 περὶ
1582 2436 1673 2489 τὸν
1699 2435 1831 2509 τρά-

253 2526 438 2595 χηλον,
469 2526 812 2594 αὐτεξούσιον
846 2527 1093 2600 ἐπιζητεῖ
1138 2527 1228 2581 τὸν
1282 2528 1600 2597 ὐφέλκοντα.
1646 2529 1828 2600 Ὁρᾷς,

252 2620 336 2672 ὅτι
358 2623 738 2689 κατηγορεῖται
770 2620 1029 2692 Ἐφραῖμ,
1057 2620 1132 2686 ὡς
1170 2621 1556 2693 παροιστρῶσα
1578 2620 1828 2692 δάμαλις,

253 2710 337 2763 ὅτι
368 2712 577 2766 ἄτακτα
608 2713 1025 2785 περιπλανᾶται,
1052 2714 1142 2766 τὸν
1176 2712 1268 2767 τοῦ
1302 2712 1466 2783 νόμου
1508 2711 1671 2781 ζυγὸν
1715 2713 1832 2765 ἀτι-

259 2802 481 2871 μάζων;
518 2803 747 2868 Ὑπόθες
793 2822 887 2858 σου
934 2805 1025 2858 τὸν
1054 2804 1363 2875 ἀδάμαστον
1410 2804 1638 2874 αὐχένα’
1670 2803 1829 2873 γενοῦ

252 2893 547 2963 ὑποζύγιον
593 2894 686 2948 τοῦ
714 2894 971 2966 Χριστοῦ,
997 2896 1084 2948 ἵνα
1132 2896 1205 2966 μὴ
1255 2893 1545 2964 ἀφειμένος
1585 2893 1684 2962 τῆς
1720 2889 1831 2956 ζεύ-

254 2985 410 3053 γλης,
444 2985 576 3056 μηδὲ
605 2984 994 3059 ἐλευθεριάζων
1045 2985 1123 3057 τῷ
1167 2985 1287 3057 βίῳ,
1326 2985 1735 3057 εὐεπιχείρητος
1762 2980 1829 3061 ᾗς

251 3081 371 3142 τοῖς
404 3078 633 3150 θηρίοις.

326 3168 382 3222 4.
427 3169 489 3221 Εἰ
520 3168 719 3240 χρυσὸν
756 3171 823 3239 τῆ
869 3167 1161 3239 Ἐκκλησία
1196 3166 1460 3235 διένεμον,
1501 3165 1600 3218 οὐκ
1636 3163 1701 3217 ἄν
1743 3179 1833 3233 μοι

255 3256 443 3325 εἶπες·
487 3259 685 3332 Αὕριον
743 3260 890 3329 ἥξω,
942 3259 1033 3312 καὶ
1079 3257 1267 3328 αὔριον
1319 3256 1543 3319 δώσεις·
1586 3254 1700 3308 ἀλλ’
1738 3255 1839 3306 ἀπ-

254 3355 406 3425 ῄτεις
438 3352 504 3405 ἂν
529 3352 629 3423 ήδη
662 3351 761 3423 τὴν
796 3350 1052 3421 διανομὴν
1082 3348 1445 3415 κατεπείγων,
1487 3346 1582 3400 καὶ
1616 3344 1839 3415 ἐδυσφό-

256 3461 375 3516 pst;
424 3443 561 3515 πρὸς
602 3442 700 3514 τὴν
751 3440 1060 3512 ὑπέρθεσιν.
1114 3440 1262 3493 Ἐπεὶ
1305 3440 1362 3492 δὲ
1413 3440 1511 3509 οὐχ
1564 3437 1697 3508 ὕλης
1749 3434 1833 3489 εὐ-

248 3551 448 3605 χροιαν
474 3575 489 3600 ,
540 3533 677 3587 ἀλλά
730 3533 907 3604 ψυχῆς
965 3531 1305 3603 καθαρότητα
1352 3529 1690 3602 προτείνεται
1751 3545 1832 3580 σοι

256 3629 289 3679 ὁ
344 3625 716 3697 μεγαλόδωρος
740 3665 754 3689 ,
818 3624 1119 3697 προφάσεις
1189 3622 1433 3693 πλάττῃ,
1503 3620 1598 3675 καὶ
1658 3620 1839 3683 αἰτίας

259 3715 569 3788 ἀπαριθμῇ.
611 3717 673 3768 Et
714 3715 897 3778 δοῦλος
935 3713 1237 3786 ἀνθρώπων
1287 3709 1465 3785 ἦσθα,
1515 3712 1838 3784 προεγράφη

253 3802 318 3857 δὲ
346 3802 551 3865 δούλοις
581 3803 881 3875 ἐλευθερία,
922 3803 1023 3855 οὐκ
1064 3802 1130 3855 ἂν
1180 3802 1273 3855 ἐπὶ
1313 3803 1410 3873 τὴν
1450 3802 1642 3873 κυρίαν
1663 3802 1839 3873 ἀπήν-

259 3911 453 3964 τησας,
498 3894 828 3967 συνηγόρους
870 3895 1256 3965 μισθούμενος,
1298 3895 1391 3947 καὶ
1433 3892 1692 3957 δικαστὰς
1739 3908 1843 3946 πα-

258 3985 536 4056 ρακαλῶν,
586 3987 726 4041 ὥστε
769 3986 916 4057 πάσῃ
960 3988 1173 4057 μηχανῇ
1226 3987 1363 4057 πρὸς
1407 3985 1718 4056 ἐλευθερίαν
1758 3985 1844 4049 ἐξ·

256 4076 582 4147 αιρεθῆναι;
639 4079 711 4129 Ἥ
751 4094 850 4130 που
906 4078 1001 4130 καὶ
1048 4078 1335 4149 ῥάπισμα,
1381 4079 1480 4148 τὴν
1531 4076 1843 4131 τελευταίαν

262 4167 374 4220 τῶν
396 4167 596 4220 δούλων
647 4168 879 4239 πληγὴν,
919 4168 1060 4239 ὑπὲρ
1102 4170 1202 4239 τῆς
1252 4170 1388 4241 μετά
1426 4170 1597 4225 ταῦτα
1635 4172 1742 4224 τῶν
1768 4173 1847 4224 al-

264 4255 480 4328 κισμῶν
538 4258 863 4328 ἀπαλλαγῆς
924 4260 1241 4331 καταδέχου.
1284 4261 1498 4331 Ἐπειδὴ
1552 4261 1610 4313 δὲ
1660 4260 1845 4314 δοῦλον

261 4350 402 4403 ὕντα
447 4366 504 4402 σε
537 4350 637 4403 οὐκ
683 4349 1006 4420 ἀνθρώπων,
1046 4353 1182 4405 ἀλλὰ
1224 4354 1321 4424 τῆς
1363 4353 1655 4425 ἁμαρτίας,
1689 4353 1847 4406 καλεῖ

1931 1893 2075 1962 fugis
2119 1890 2509 1946 vocationem?
2559 1888 2627 1943 ad
2673 1888 2945 1943 honorum
2987 1885 3499 1956 participationem;

1928 1982 2059 2053 quid
2098 1981 2303 2036 donum
2346 1976 2766 2051 prmtermittis?
2814 1974 3077 2046 Apertum
3118 1983 3202 2031 est
3237 1974 3503 2029 caalorum

1930 2088 2197 2144 regnum;
2228 2087 2393 2126 verax
2423 2079 2506 2125 est
2535 2069 2630 2140 qui
2655 2076 2818 2123 vocat
2842 2084 2858 2133 ;
2886 2067 2972 2120 via
3001 2065 3203 2132 facilis,
3233 2081 3341 2120 non
3374 2074 3506 2120 tem-

1930 2182 2083 2238 pore,
2119 2180 2230 2220 non
2260 2173 2501 2233 sumptu,
2537 2176 2650 2216 non
2684 2160 2873 2215 labore
2905 2175 3045 2230 opus
3077 2166 3193 2214 est:
3234 2157 3362 2228 quid
3393 2156 3504 2213 dif-

1931 2258 2081 2315 fers?
2109 2257 2239 2328 quid
2280 2253 2703 2326 tergiversaris?
2734 2252 2863 2321 quid
2905 2252 3097 2322 jugum
3132 2250 3505 2322 perhorrescis

1930 2351 2079 2406 velut
2127 2350 2364 2419 juvenca
2421 2345 2667 2417 quaedam
2709 2345 2900 2415 jugum
2955 2342 3196 2397 nondum
3245 2342 3507 2411 experta?

1931 2444 2143 2500 Collum
2180 2457 2286 2496 non
2337 2440 2561 2495 obterit.
2596 2437 2693 2494 sed
2738 2438 3093 2492 condecorat.
3134 2434 3320 2506 Neque
3359 2435 3504 2490 enim

1926 2535 2112 2607 jugale
2143 2534 2385 2588 vinclum
2436 2531 2586 2586 circa
2632 2529 2838 2584 collum
2876 2528 3095 2598 ligatur,
3141 2527 3233 2582 sed
3267 2527 3411 2580 ultro
3444 2540 3510 2579 ac

1932 2630 2101 2683 libere
2129 2627 2436 2682 trahentem
2467 2623 2668 2693 poscit.
2710 2621 2874 2677 Vides
2918 2619 3162 2675 incusari
3206 2618 3464 2688 Ephraim
3489 2659 3506 2682 ,

1933 2729 2195 2791 tanquam
2234 2717 2462 2772 vitulam
2515 2722 2688 2771 (nstro
2729 2715 2992 2785 percitam
3019 2710 3086 2777 “,
3118 2711 3265 2781 quod
3301 2709 3510 2764 inordi-

1933 2819 2063 2866 nate
2089 2809 2310 2864 oberret
2342 2806 2479 2876 legis
2505 2805 2696 2876 jugum
2728 2802 3114 2859 dedecorans?
3143 2799 3329 2855 Subde
3359 2798 3514 2854 indo-

1934 2902 2123 2955 mitam
2169 2898 2439 2953 cervicem
2472 2903 2658 2949 tuam:
2703 2892 2910 2948 Christi
2944 2892 3044 2948 tias
3069 2890 3403 2960 iumentum,
3453 2895 3512 2941 ut

1932 3009 2003 3048 ne
2032 2992 2166 3061 jugo
2200 2989 2417 3044 solutus
2458 2985 2883 3055 liberioremque
2919 2983 3087 3038 vitam
3121 2981 3347 3052 degens,
3390 2981 3513 3049 capi

1859 3113 1905 3173 ρ
1936 3099 1967 3137 a
2002 3077 2633 3173 bestiis‘facile-possis.

2005 3171 2059 3225 4.
2088 3168 2163 3241 (1)
2192 3166 2349 3235 Quod
2380 3167 2426 3221 si
2462 3180 2652 3220 aurum
2681 3162 2946 3218 Ecclesiae
2965 3162 3376 3225 distribuerem,
3403 3176 3513 3216 non

1936 3264 2127 3333 utique
2167 3276 2320 3316 esses
2358 3258 2493 3312 mihi
2536 3257 2824 3312 dicturus:
2863 3254 3001 3310 Cras
3031 3256 3269 3323 veniam,
3300 3263 3356 3310 et
3388 3269 3514 3309 cras

1936 3359 2124 3421 dabis;
2169 3355 2265 3412 sed
2292 3355 2405 3424 jam
2435 3367 2764 3422 exposceres
2803 3365 3007 3421 urgens
3047 3348 3512 3411 distributionem,

1937 3459 1991 3507 et
2022 3448 2340 3504 dilationem
2384 3444 2570 3499 animo
2616 3443 2806 3511 iniquo
2852 3441 3047 3496 ferres.
3081 3438 3185 3495 Sed
3230 3440 3360 3509 quia
3406 3454 3519 3493 non

1938 3540 2225 3595 materiam
2255 3537 2485 3607 pulchre
2508 3535 2834 3593 coloratam,
2868 3532 2963 3587 sed
2996 3532 3194 3586 animae
3221 3530 3516 3600 puritatem

1939 3633 2037 3686 tibi
2068 3630 2227 3684 offert
2269 3643 2501 3698 magnus
2544 3627 2816 3680 donorum
2851 3624 3100 3695 largitor,
3130 3622 3516 3677 comminisce-

1938 3725 2019 3779 ris
2065 3720 2475 3781 excusationes,
2531 3729 2695 3788 atque
2743 3730 2943 3771 causas
2992 3729 3268 3769 recenses.
3311 3711 3517 3767 Servus

1941 3816 2226 3871 hominum
2252 3814 2298 3867 si
2325 3827 2496 3872 esses.
2526 3811 2809 3879 servisque
2833 3807 3023 3862 fuisset
3045 3806 3324 3875 proposita
3352 3805 3521 3860 liber-

1941 3916 2050 3972 tas,
2083 3921 2268 3962 nonne
2299 3905 2364 3959 ad
2397 3911 2595 3958 statam
2625 3902 2767 3957 diem
2804 3901 3169 3960 occurrisses,
3203 3896 3519 3952 conducens

1942 4008 2221 4069 patronos,
2251 3996 2574 4065 iudicesque
2602 4008 2819 4065 rogans,
2846 4001 2906 4047 ut
2936 3989 3342 4045 machinatione
3369 3990 3520 4043 omni

1945 4092 1999 4143 in
2031 4104 2195 4143 manu
2226 4086 2615 4143 mittendorum
2640 4101 2928 4142 numerum
2956 4081 3349 4138 ascribereris?
3375 4080 3519 4146 Quin

1943 4188 1995 4233 et
2049 4180 2291 4248 alapam,
2328 4184 2662 4247 postremam
2712 4189 2994 4230 servorum
3049 4173 3301 4242 plagam,
3356 4178 3416 4225 ut
3464 4171 3521 4226 in

1946 4276 2224 4340 posterum
2260 4283 2291 4322 a
2316 4267 2640 4322 verberibus
2663 4267 2799 4321 liber
2828 4265 3010 4326 fieres,
3042 4265 3343 4333 acciperes.
3372 4264 3522 4329 Quo-

1945 4364 2095 4415 niam
2123 4368 2305 4415 autem
2341 4375 2556 4429 servum
2589 4367 2644 4414 te
2677 4375 2783 4412 non
2816 4357 3125 4420 hominum,
3156 4354 3251 4412 sed
3285 4356 3520 4425 peccati,

268 4443 405 4515 πρὸς
454 4442 764 4515 ἐλευθερίαν
803 4446 832 4496 ὁ
878 4443 1072 4516 κῆρυξ,
1118 4446 1202 4498 ἵνα
1229 4446 1365 4518 λύσῃ
1397 4446 1497 4517 μέν
1535 4463 1592 4499 σε
1621 4446 1719 4518 τῆς
1745 4449 1833 4499 αἰ-

1947 4458 2107 4507 vocat
2133 4452 2199 4506 ad
2231 4451 2539 4505 libertatem
2578 4465 2780 4521 praeco,
2814 4458 2872 4504 ut
2900 4456 2954 4503 te
2987 4448 3166 4503 solvat
3189 4462 3255 4501 ex
3288 4447 3520 4516 captivi-

267 4534 608 4606 χμαλωσίας,
643 4536 948 4607 ἰσοπολίτην
971 4538 1026 4590 δὲ
1051 4541 1162 4602 τοῖς
1188 4539 1437 4607 ἀγγέλοις
1480 4541 1699 4612 ποιήσῃ,
1747 4541 1840 4593 καὶ

267 4625 384 4679 υἱὸν
427 4626 525 4697 μὲν
565 4626 818 4697 ἀποδείξῃ
864 4626 958 4680 τοῦ
1005 4627 1172 4690 Θεοῦ,
1212 4628 1586 4700 εἰσποιηθέντα
1623 4630 1709 4683 διὰ
1741 4631 1840 4701 τῆς

267 4716 512 4788 χάριτος,
557 4716 889 4789 κληρονόμον
935 4717 992 4772 δὲ
1033 4718 1139 4771 τῶν
1183 4719 1402 4786 ἀγαθῶν
1442 4719 1535 4773 τοῦ
1573 4720 1838 4791 Χριστοῦ-

267 4806 424 4861 οὔπω
455 4805 632 4874 λέγεις
668 4802 809 4861 εἶναί
860 4825 942 4861 σοι
973 4810 1163 4881 καιρὸν
1193 4809 1444 4876 δέξασθαι
1475 4811 1545 4863 τὰ
1572 4811 1840 4882 διδόμενα.

273 4900 342 4952 Ὦ
376 4898 488 4952 τῶν
532 4899 781 4970 πονηρῶν
822 4899 1122 4970 ἐμποδίωνί
1150 4900 1195 4953 ὦ
1224 4902 1325 4972 τῆς
1354 4904 1584 4974 αἰσχρᾶς
1613 4904 1705 4956 καὶ
1733 4905 1849 4957 ἁτεο

269 4990 460 5044 λέστου
493 4990 777 5061 ἀσχολίαςί
811 4991 956 5055 Ἕως
995 4993 1124 5046 πότε
1158 4993 1379 5062 ήδοναίς
1426 4993 1531 5056 ἕως
1561 4994 1690 5046 πότε
1717 4995 1847 5064 ἠδυ-

270 5082 532 5148 πάθειαι;
560 5082 733 5136 Πολύν
755 5080 1026 5153 ἐζήσαμεν
1048 5083 1236 5154 χρόνον
1264 5082 1340 5153 τῷ
1360 5084 1566 5155 κόσμῳ,
1595 5084 1658 5155 ζὴ
1669 5102 1849 5156 σιοιμεν

268 5173 459 5227 λοιπὸν
511 5175 604 5226 καὶ
640 5175 872 5237 ἑαυτοῖς.
916 5174 982 5226 Τί
1020 5175 1194 5244 ψυχῆς
1235 5174 1516 5242 ἀντάξιον;
1554 5176 1605 5228 τί
1641 5177 1851 5230 ἰσοστά-

272 5283 389 5319 σιον
411 5265 508 5333 τῆς
543 5264 815 5334 βασιλείας
845 5265 954 5319 τῶν
985 5265 1262 5337 οὐρανῶν;
1296 5267 1391 5329 Τίς
1415 5266 1849 5339 ἀξιοπιστότερός

272 5375 357 5413 σοι
381 5356 679 5427 σύμϐουλος
701 5355 796 5410 τοῦ
816 5356 951 5410 Θεοῦ
972 5373 987 5422 ;
1016 5357 1097 5422 τίς
1124 5358 1526 5430 φρονιμώτερος
1545 5360 1636 5413 τοῦ
1662 5361 1849 5430 σοφοῦ,

345 5534 391 5565 ³¹
424 5537 547 5590 Act.
573 5553 649 5607 ίιι,
683 5536 771 5592 38.
848 5537 894 5569 ³³
923 5536 1110 5593 Matth.
1156 5553 1233 5605 ιι,
1259 5537 1351 5594 28.
1427 5537 1475 5569 “
1510 5538 1637 5595 Ose.
1666 5555 1738 5608 IV,
1772 5539 1856 5595 l6.

348 5718 429 5789 (ί)
470 5717 547 5772 Ex
588 5719 808 5775 homilia
840 5722 896 5775 in
930 5730 1170 5775 sanctum
1209 5721 1490 5786 baptisma,
1527 5721 1648 5778 HG.

1945 4553 2056 4598 tate
2081 4550 2135 4597 et
2155 4559 2220 4597 ex
2247 4557 2405 4612 aequo
2423 4557 2547 4598 cum
2570 4542 2778 4613 angelis
2804 4541 3024 4596 civitate
3068 4540 3253 4602 donet,
3276 4545 3330 4593 et
3352 4537 3519 4591 tilium

1947 4634 2044 4689 Dei
2078 4634 2278 4689 efﬁciat
2320 4634 2635 4704 adeptatum
2667 4634 2863 4704 gratia,
2910 4647 2975 4685 ac
3018 4631 3287 4684 bonorum
3316 4628 3521 4683 Christi

1949 4725 2261 4780 hazredem:
2310 4725 2551 4779 nondum
2600 4733 2815 4794 tempus
2866 4735 2990 4777 esse
3032 4720 3146 4774 haec
3193 4718 3336 4773 dona
3376 4718 3496 4772 exci

1948 4812 2134 4883 piendi
2179 4812 2341 4867 dicis.
2390 4812 2435 4867 Ο
2471 4812 2856 4882 impedimenta
2905 4809 3170 4878 pravalo
3218 4815 3429 4876 turpem
3470 4815 3521 4860 et

1948 4906 2354 4961 interminatam
2416 4904 2883 4975 occupationem!
2945 4902 3241 4970 Quousque
3305 4899 3522 4954 tandem

1949 4996 2300 5065 voluptates?
2352 5010 2640 5065 usquequo
2698 4993 2946 5048 deliciae?
3002 4991 3250 5045 Viximus
3294 4990 3522 5043 multum

1949 5097 2167 5156 tempus
2217 5088 2441 5151 mundo,
2494 5089 2760 5158 reliquum
2797 5086 3047 5139 vivamus
3092 5091 3147 5137 et
3198 5081 3522 5149 nobisipsis.

1955 5177 2163 5248 Ecquid
2192 5180 2387 5235 animae
2413 5178 2840 5251 aequiparahile?
2879 5177 3011 5247 quid
3054 5191 3221 5245 regno
3259 5174 3523 5230 caelorum

1956 5269 2433 5340 comparandum?
2462 5269 2599 5335 Quis
2641 5269 2742 5322 tibi
2780 5266 3131 5322 consiliarius
3164 5264 3268 5319 fide
3311 5261 3522 5332 dignior

1958 5379 2122 5434 quam
2156 5362 2337 5421 Deus?
2361 5365 2484 5435 quis
2509 5363 2830 5435 prudentior
2858 5361 3120 5432 sapiente,
3153 5365 3247 5414 aut
3272 5356 3397 5428 quis
3423 5354 3499 5411 uti
