3874 6224
435 340 573 395 12ἒῦ

1348 338 1694 393 APPENDIX
1722 367 1792 377 —-
1833 333 2180 389 SYBIEONIS
2217 334 2762 391 METAPHRASTA‘I

3522 339 3630 395 1224

436 452 540 504 Iior
588 449 769 504 bono?
799 449 924 519 quis
967 447 1261 504 Conditore
1306 447 1692 518 coniunctior?
1735 444 1848 500 Nec
1895 444 2017 497 Enr

2124 445 2151 514 ἢ
2196 444 2279 507 τίς
2304 443 2725 516 ὠφελιμώτερος
2761 444 2853 498 τοῦ
2897 444 3133 514 ἀγαθοῦς
3169 445 3250 509 τίς
3287 443 3377 498 τοῦ
3403 446 3631 512 mium

436 541 642 612 profuit
696 541 970 610 serpentis
1017 541 1248 596 consilio
1292 541 1598 595 credidisse
1645 538 1820 609 magis
1853 552 2016 607 quam

438 632 672 687 Domini.
708 632 752 687 Ο
780 635 959 703 inepta
1001 635 1207 687 verba!
1249 632 1369 686 Non
1417 640 1575 686 vacat
1619 632 1838 696 sanari;
1883 646 2020 685 non-

440 726 565 779 dum
602 726 861 780 ostendas
900 727 1031 779 mibi
1079 727 1288 791 lucem;
1325 726 1565 778 nondum
1598 725 1901 794 coniungas
1935 740 2019 777 me

441 819 552 888 regi
616 817 808 873 Nonne
840 820 953 872 bzec
992 828 1177 888 aperte
1232 818 1518 887 loqueris?
1564 816 1677 870 Iino
1719 818 1882 870 etiam
1932 816 2018 871 his

441 909 786 962 absurdiora.
816 906 895 961 Tu
933 911 1077 961 enim
1109 910 1152 962 si
1195 924 1351 963 esses
1391 909 1613 981 tribulis
1657 908 1890 978 publicis
1924 907 2020 961 ob-

442 999 661 1058 noxius,
705 998 1166 1067 nuntiareturque
1216 998 1497 1050 undelibet
1531 998 1875 1051 debitoribus
1927 1013 2016 1051 re-

441 1089 634 1143 scissio
661 1090 787 1143 aeris
810 1090 973 1142 alieni
998 1108 1011 1143 :
1039 1089 1236 1144 deinde
1265 1098 1411 1144 esset
1433 1090 1527 1159 qui
1558 1098 1610 1144 te
1641 1104 1738 1158 per
1762 1089 2014 1157 injuriam

442 1190 717 1250 expertem
766 1182 949 1236 facere
999 1181 1165 1250 hujus
1209 1183 1637 1238 condonationis
1686 1189 2013 1247 conaretur;

442 1272 803 1342 mdignareris
833 1274 1020 1343 utique
1042 1281 1095 1326 et
1119 1275 1408 1339 clamares,
1434 1284 1493 1327 ut
1520 1275 1758 1342 legitima
1782 1289 2018 1327 commu-

441 1363 525 1418 nis
571 1364 814 1418 benelicii
872 1364 1122 1434 portione
1184 1364 1477 1434 spoliatus.
1543 1363 1840 1434 Postquam
1888 1380 2016 1419 vero

441 1470 547 1510 non
576 1457 973 1526 praeteritorum
1008 1457 1170 1509 modo
1199 1456 1552 1519 condonatio,
1585 1456 1677 1509 sed
1706 1452 2014 1511 futurorum

439 1550 601 1602 etiam
641 1548 960 1617 largitiones
993 1548 1372 1617 praenuntiata:
1400 1557 1560 1614 sunt;
1592 1554 1643 1601 te
1678 1547 1794 1617 ipse
1817 1548 2014 1616 injuria

443 1638 705 1705 alliciens,
741 1649 1008 1709 quantum
1046 1655 1115 1693 ne
1149 1642 1294 1695 ullus
1341 1639 1562 1708 quidem
1612 1639 1873 1694 inimicus
1914 1640 2016 1692 im-

438 1739 696 1801 precatus
718 1740 886 1793 esset,
912 1739 1142 1801 putasne
1158 1739 1212 1785 te
1230 1733 1622 1785 convenienter
1643 1732 2011 1794 consuluisse,

438 1823 764 1893 utiliterque
823 1823 1143 1893 tibimetipsi
1173 1823 1501 1894 providisse,
1534 1825 1626 1894 qui
1667 1826 1877 1880 scilicet
1908 1840 2017 1879 non

440 1916 700 1969 admittas
724 1915 1208 1985 condonationem,
1252 1917 1346 1971 sed
1389 1918 1443 1971 in
1473 1931 1580 1970 tere
1609 1917 1789 1971 alieno
1826 1917 2021 1970 immo-

439 2006 643 2063 riarls?
676 2006 732 2060 Si
779 2009 948 2060 multa
981 2015 1110 2063 sunt
1144 2016 1366 2077 peccata
1398 2017 1515 2069 tua,
1548 2024 1616 2063 ne
1659 2009 1918 2079 desperes
1950 2008 2021 2062 ob

440 2098 867 2153 multitudinem.
906 2097 1006 2152 Ubi
1035 2100 1173 2153 enim
1207 2099 1497 2153 abundavit
1527 2099 1798 2165 delictum,
1840 2115 2020 2168 super-

439 2191 730 2245 abundavit
783 2192 959 2263 gratia
982 2191 1065 2257 ³⁸;
1122 2192 1170 2246 si
1222 2193 1384 2245 modo
1435 2194 1666 2262 gratiam
1726 2193 2017 2262 suscipias.

441 2283 601 2354 517
634 2285 710 2355 (Ι)
740 2282 834 2338 Sin
867 2296 1047 2339 autem
1076 2299 1242 2354 parva
1274 2299 1338 2338 ac
1367 2285 1524 2348 levia,
1554 2299 1655 2338 nec
1685 2284 1751 2338 ad
1788 2294 2019 2337 mortem

443 2375 648 2429 fuerint
693 2388 914 2445 peccata
945 2383 1059 2438 tua,
1093 2391 1191 2429 cur
1226 2376 1427 2431 anxius
1466 2391 1527 2431 es
1560 2376 1628 2431 de
1678 2376 1891 2441 futuro,
1926 2376 2019 2446 qui

442 2469 586 2524 haud
621 2471 811 2540 ignave
840 2470 1114 2539 praeterita
1144 2470 1469 2538 pertuleris?

513 2560 567 2614 5.
602 2558 758 2613 Nunc
791 2560 1020 2613 velutin
1057 2558 1267 2612 trutina
1299 2557 1537 2611 animam
1572 2565 1740 2623 tuam,
1775 2572 1807 2611 0
1834 2560 2019 2619 homo,

443 2653 675 2722 appendi
708 2652 984 2713 existima,
1020 2651 1150 2705 hinc
1178 2650 1247 2705 ab
1282 2651 1510 2720 angelis,
1542 2651 1668 2704 hinc
1695 2667 1724 2705 a
1767 2650 2024 2704 daemoni-

443 2745 548 2799 bus
577 2752 887 2798 attractam.
926 2742 1098 2809 Utris,
1134 2757 1341 2812 quaeso,
1372 2742 1531 2797 dabis
1562 2742 1747 2798 cordis
1779 2757 2023 2796 momen-

444 2838 608 2890 tum?
652 2837 783 2907 quid
836 2837 978 2906 apud
1041 2844 1096 2890 te
1132 2835 1353 2888 vincet?
1390 2836 1648 2904 voluptas
1694 2836 1898 2901 carnis,
1953 2851 2021 2889 an

445 2928 645 2981 anima:
691 2926 1106 2982 sanctimonia?
1166 2928 1514 2995 praesentium
1566 2928 1896 2990 oblectatio,
1952 2942 2022 2981 an

444 3016 755 3070 futurorum
797 3017 1174 3072 desiderium?
1213 3017 1463 3081 angeline
1502 3029 1552 3073 te
1596 3019 1917 3089 suscipient,
1954 3032 2023 3072 an

2052 1793 2093 1847 Β

2119 539 2441 609 οἰκειότερος
2460 558 2473 602 ;
2494 540 2625 592 Οὑδέ
2644 543 2708 612 τῇ
2728 539 2839 610 Εὔα
2861 542 3157 612 συνήνεγκε
3177 544 3238 611 τῇ
3255 542 3342 594 τοῦ
3355 542 3506 610 δφεως
3528 560 3632 614 συμ-

2120 631 2282 702 ϐουλῇ
2305 631 2595 701 πεισθῆναι
2618 633 2815 702 μᾶλλον
2832 632 2862 703 ἢ
2880 637 2945 703 τῇ
2966 632 3059 686 τοῦ
3076 634 3361 686 Δεσπότου.
3379 635 3437 686 Ὠ
3452 636 3533 704 τῆς
3546 636 3636 688 ἀτο-

2121 725 2249 788 πίας
2279 724 2387 777 τῶν
2414 724 2583 793 λόγων
2605 726 2617 777 !
2653 726 2751 778 οὐκ
2768 726 2885 794 ἄγω
2908 725 3105 796 σχολὴν
3134 727 3374 795 ὑγιᾶναιο
3408 729 3548 796 μήπω
3569 745 3636 796 μοι

2117 816 2297 888 δείξῃς
2323 816 2381 869 τὸ
2408 816 2541 885 φῶς·
2581 820 2746 888 μήπω
2778 818 3021 890 συνάῷῃς
3052 818 3130 888 τῷ
3158 819 3376 887 βασιλεῖ.
3408 819 3473 871 Οὐ
3504 819 3637 871 11-311

2118 906 2296 976 λέγεις
2326 909 2583 980 ἄντικρυς
2603 926 2617 974 ;
2639 910 2852 963 Μᾶλλον
2876 911 2931 963 δὲ
2966 909 3029 963 τὰ
3054 909 3258 963 τούτων
3291 911 3635 979 ἀλογιστότερα.

2118 998 2189 1051 Σὺ
2223 998 2299 1064 δέ,
2335 1001 2382 1052 εί
2416 1000 2514 1071 μὲν
2530 997 2597 1071 ἦς
2627 1001 3078 1073 ἐγγεγραμμένος
3103 1005 3215 1064 τοῖς
3233 1001 3491 1071 δημοσίοις
3509 1000 3638 1069 ὀφλή-

2121 1108 2272 1159 μασι,
2288 1091 2462 1161 χρεῶν
2478 1091 2534 1143 δὲ
2551 1093 2823 1145 ἀποκοπαὶ
2839 1095 2950 1155 τοῖς
2966 1090 3285 1153 ὑπευθύνοις
3302 1089 3639 1160 περιηγγέλθῃ-

2119 1199 2236 1245 σαν,
2256 1180 2373 1235 εἶτά
2396 1201 2477 1246 τις
2491 1179 2555 1254 ἦν
2572 1185 2599 1235 ὁ
2616 1183 2752 1254 πῴς
2768 1184 3031 1253 ἐπήρειαν
3045 1181 3268 1252 ἄμοιρόν
3288 1197 3343 1232 σε
3361 1179 3641 1249 ποιῆσαιτῇ

2118 1276 2514 1345 συγχωρήσεως
2543 1274 2745 1345 ταύτης
2772 1275 3062 1347 ἐπιχειρῶν
3082 1290 3095 1304 ·
3147 1273 3464 1343 ἠγανάκτεις
3490 1271 3544 1324 ἂν
3573 1271 3642 1323 καὶ

2116 1366 2294 1431 ἐϐόας,
2318 1368 2393 1430 ὡς
2430 1367 2490 1419 τὸ
2512 1368 2797 1421 ἐπιϐάλλον
2830 1385 2909 1420 σοι
2936 1367 3099 1439 μέρος
3136 1366 3237 1435 τῆς
3267 1364 3442 1435 κοινῆς
3470 1363 3644 1435 χάριτπ

2115 1456 2533 1526 ἀφαιρούμενος.
2579 1456 2794 1528 Ἐπειδὴ
2832 1456 2889 1509 δὲ
2922 1458 2983 1509 οὐ
3018 1456 3176 1525 μόνον
3205 1454 3393 1522 ἄφεσις
3421 1453 3517 1504 τῶν
3541 1469 3644 1522 τιαρ-

2116 1547 2397 1612 ελθόντων,
2440 1548 2574 1601 ἀλλᾶ
2609 1549 2703 1601 καὶ
2752 1548 2953 1620 δωρεαὶ
2988 1547 3098 1600 τῶν
3125 1546 3418 1617 μελλόντων
3457 1560 3644 1614 προεισπ-

2118 1639 2418 1711 ρύχθησαν,
2445 1641 2606 1703 αὐτὸς
2640 1639 2832 1693 ἑαυτὸν
2874 1637 3097 1702 ἀδικῶν,
3142 1639 3179 1693 ἃ
3229 1636 3349 1708 μηδ’
3388 1635 3449 1690 ἂν
3473 1636 3647 1705 τῶνέχ.

2122 1730 2265 1801 θρῶν
2302 1733 2382 1785 σοί
2420 1750 2503 1795 τις
2546 1732 2896 1803 ἐπηράσατο,
2949 1730 3049 1783 οἴει
3095 1729 3469 1801 προσηκόντως
3510 1725 3647 1795 βεῧσθ

2123 1820 2365 1885 λεῦσθαι,
2390 1822 2483 1875 καὶ
2525 1820 2815 1883 λυσιτελῶς
2860 1818 3258 1889 ἐντεθυμῆσθαι
3291 1816 3415 1887 περὶ
3449 1814 3645 1873 σεαυτοῦ,

2121 1914 2181 1976 ὃς
2210 1932 2273 1982 γε
2306 1915 2367 1966 οὐ
2400 1914 2531 1988 δέχῃ
2574 1914 2671 1985 τὴν
2710 1915 2922 1982 ἄφεσιν,
2963 1910 3076 1966 ἀλλ’
3125 1910 3529 1979 ἐναποθνήσκεις
3564 1910 3649 1968 τοῖς

2122 2006 2427 2076 ὀφλήμασιν
2452 2023 2466 2070 ;
2495 2007 2556 2059 Εἰ
2585 2006 2681 2075 μὲν
2710 2004 2879 2057 πολλά
2909 2003 3002 2057 σού
3043 2005 3158 2056 ἐστι
3201 2002 3272 2055 τὰ
3312 2000 3645 2071 ἁμαρτήματα,

2125 2097 2199 2169 μὴ
2240 2097 2524 2169 ἀθυμήσῃς
2567 2097 2647 2167 τῷ
2689 2097 2904 2169 πλήθει.
2937 2098 3130 2149 ’Ὀπου
3169 2095 3283 2164 γὰρ
3332 2092 3648 2146 ἐπλεόνασεν

2122 2191 2159 2256 νὴ
2192 2190 2468 2257 ἁμαρτία,
2504 2189 3098 2257 ὑπερεπερίσσευσεν
3133 2189 3173 2256 ἡ
3215 2185 3386 2254 χάρις
3406 2203 3418 2214 ·
3451 2186 3530 2237 ἐὰν
3549 2183 3648 2253 δέχῃ

2122 2279 2221 2350 τὴν
2248 2279 2428 2351 χάριν.
2465 2281 2525 2332 Εἰ
2551 2280 2607 2332 δέ
2642 2280 2809 2351 μικρά
2846 2280 2941 2332 καὶ
2971 2277 3186 2348 εὐτελῆ,
3216 2280 3312 2331 καὶ
3356 2278 3413 2330 οὺ
3446 2276 3556 2345 πρὸς
3581 2275 3647 2326 θά-

2123 2372 2280 2423 νατόν
2334 2389 2425 2424 σου
2470 2371 2538 2424 τὰ
2585 2372 2976 2443 ἁμαρτήματα,
3022 2372 3075 2423 τί
3113 2372 3356 2440 ἀγωνιᾷς
3391 2369 3447 2423 τὸ
3479 2366 3645 2439 μέλλον,

2122 2464 2181 2526 ὃς
2209 2481 2273 2532 γε
2301 2465 2399 2517 οὑκ
2427 2464 2666 2533 ἀγεννῶς
2693 2463 2761 2517 τὰ
2798 2464 3130 2534 παρελθόντα
3160 2464 3479 2533 διήνεγκας;

2193 2555 2245 2609 5.
2290 2555 2403 2607 Νῦν
2442 2555 2629 2626 ῶσπερ
2668 2556 2760 2608 ἐπὶ
2790 2556 3062 2627 τρυτάνης
3100 2555 3329 2608 ἑστάναι
3373 2550 3540 2622 νόμιζέ
3580 2565 3647 2600 σου

2121 2647 2221 2717 τὴν
2254 2646 2454 2718 ψυχὴν,
2487 2647 2740 2717 ἄνθρωπε
2763 2687 2777 2710 ,
2818 2647 2969 2700 ἐνθεν
3007 2649 3099 2699 ὑπ’
3139 2646 3411 2715 ἀγγέλων,
3452 2641 3647 2695 κάκεῖθεν

2125 2739 2229 2791 ὑπὸ
2273 2739 2543 2808 δαιμόνων
2586 2739 2959 2810 διελκομὲνην.
3014 2740 3169 2792 Τίσιν
3222 2740 3331 2810 ἄρα
3380 2736 3547 2797 odiost;
3577 2732 3648 2802 τὴν

2127 2830 2299 2901 ῥοπὴν
2328 2831 2425 2901 τῆς
2460 2829 2687 2901 καρδίας
2725 2848 2818 2883 σου
2870 2831 3027 2895 τότε;
3062 2833 3113 2883 τί
3152 2832 3312 2901 παρά
3353 2832 3429 2882 σοι
3454 2829 3645 2897 νικήσεις

2124 2924 2286 2994 ἡδονὴ
2337 2925 2560 2996 σαρκὸς,
2608 2925 2641 2996 ἢ
2692 2925 2962 2995 ἁγιασμὸς
3007 2924 3223 2995 ψυχῆς;
3269 2923 3540 2983 ἀπόλαυσις
3572 2917 3647 2969 τῶν

2127 3016 2432 3087 παρόντων,
2468 3016 2501 3085 ἢ
2553 3017 2662 3071 τῶν
2693 3018 2997 3088 μελλόντων
3049 3017 3354 3087 moenia;
3383 3013 3571 3084 ἄγγελοί
3606 3026 3647 3062 σε

444 3108 768 3162 detinebunt
800 3109 893 3178 qui
920 3112 1032 3177 jam
1064 3107 1286 3162 tenent?
1315 3106 1372 3161 In
1403 3110 1520 3165 acie
1550 3110 1720 3164 duces
1756 3118 2018 3164 tesseram

2128 3110 2576 3183 παραλήψονται,
2624 3112 2655 3182 ἢ
2702 3109 3019 3175 καθέξουσιν
3066 3114 3113 3164 οἱ
3164 3111 3512 3180 κατέχοντες;
3561 3105 3649 3157 Ἐπὶ

443 3200 697 3254 tribuunt
743 3201 847 3254 sub
894 3218 953 3256 se
991 3204 1378 3266 militantibus,
1413 3212 1473 3255 ut
1508 3213 1561 3257 et
1590 3204 1748 3257 amici
1775 3201 1936 3256 facile
1963 3217 2022 3256 se

444 3292 678 3347 invicem
726 3293 1043 3357 inclament,
1080 3298 1210 3350 etsi
1252 3298 1305 3350 in
1353 3294 1609 3350 conﬂictu
1653 3293 1860 3347 fuerint
1899 3308 2021 3347 cum

444 3383 698 3439 hostibus
760 3386 1079 3451 commisti,
1146 3396 1350 3456 queant
1416 3388 1557 3440 citra
1642 3385 2022 3440 confusionem

444 3477 679 3546 seiungi.
754 3477 1030 3547 Agnoscet
1092 3487 1147 3534 te
1204 3496 1397 3545 nemo,
1457 3488 1717 3533 nosterne
1780 3479 1889 3541 sis,
1952 3494 2020 3531 an

445 3570 715 3632 hostium,
753 3570 861 3624 nisi
900 3572 1148 3641 mysticis
1190 3572 1363 3642 signis
1418 3572 1878 3625 neceSsitudiuem
1911 3572 2024 3625 alii-

445 3663 783 3730 nitatemque
814 3663 1144 3725 ostenderis,
1191 3663 1298 3716 nisi
1345 3663 1618 3733 signatum
1665 3664 1737 3718 sit
1767 3680 1930 3732 super
1970 3672 2021 3716 te

446 3754 629 3809 lumen
669 3755 854 3809 vultus
898 3753 1112 3809 Domini
1156 3756 1222 3811 ³⁸.
1273 3754 1558 3821 Quomodo
1605 3756 1907 3810 vindicabit
1962 3763 2018 3811 te

445 3848 712 3918 angelus?
742 3848 1021 3917 quomodo
1062 3848 1259 3916 eripiet
1296 3865 1363 3903 es
1399 3849 1670 3908 hostibus.
1704 3847 1810 3901 nisi
1853 3862 2022 3916 agno-

445 3943 587 3995 verit
631 3940 1011 4009 signaculum?
1059 3940 1347 4005 Quomodo
1388 3940 1638 3994 dicturus
1692 3954 1752 3993 es
1804 3947 1883 3998 tu,
1923 3937 2020 3992 Dei

446 4048 591 4096 sum,
627 4033 673 4086 si
703 4040 862 4088 notas
886 4048 949 4086 ac
977 4034 1213 4102 insignia
1244 4049 1353 4088 non
1379 4033 1673 4087 exhibeas?
1702 4030 2018 4086 Thesaurus

446 4139 556 4177 non
586 4124 908 4192 obsignatus
938 4124 1111 4194 deripi
1144 4141 1174 4178 a
1208 4123 1423 4179 furibus
1476 4125 1634 4178 facile
1679 4132 1858 4193 potest
1886 4141 1901 4189 ;
1930 4126 2019 4177 ovi

445 4217 606 4286 signo
654 4217 865 4271 carenti
913 4225 1034 4270 tuto
1077 4226 1368 4271 struuntur
1422 4217 1651 4272 insidiae.
1685 4216 1760 4287 (2)
1803 4215 1860 4270 Si
1895 4217 2018 4287 quis

447 4308 694 4362 medicus
743 4309 1087 4377 promitteret
1136 4309 1271 4371 tibi,
1331 4325 1390 4364 se
1429 4311 1641 4365 artibus
1687 4310 2018 4379 quibusdam

446 4414 512 4453 ac
570 4400 839 4455 industria
881 4400 1138 4468 juvenem
1194 4409 1245 4454 te
1286 4416 1352 4454 ex
1391 4416 1521 4456 sene
1557 4401 1829 4455 facturum
1872 4418 2015 4469 esse,

446 4507 631 4548 nonne
678 4493 1019 4549 desiderares
1064 4494 1208 4547 illam
1261 4494 1456 4548 adesse
1497 4492 1663 4559 diem,
1694 4494 1749 4548 in
1799 4510 1905 4563 qua
1939 4503 2020 4549 te-

446 4585 626 4657 ipsum
646 4586 863 4641 visurus
875 4602 1028 4641 esses
1045 4585 1108 4639 ad
1123 4586 1298 4641 aetatis
1316 4586 1551 4654 vigerent
1583 4600 1861 4640 reversum
1875 4586 1899 4640 ?
1912 4585 2019 4641 Sed

448 4693 575 4732 cum
596 4676 916 4747 poenitentia
935 4675 1203 4731 facturam
1221 4694 1281 4733 se
1298 4678 1529 4747 Spondet
1547 4693 1610 4732 ac
1629 4678 1936 4747 pollicetur,
1958 4686 2019 4733 ut

450 4772 634 4825 anima
665 4779 756 4824 tua
784 4784 946 4841 quam
978 4776 1245 4824 vetustate
1283 4769 1586 4831 confecisti,
1616 4784 1681 4822 ac
1715 4769 2022 4840 iniquitati-

450 4865 554 4919 bus
591 4878 846 4934 rugosum
892 4861 1340 4931 maculosamque
1389 4860 1693 4922 reddidisti,
1730 4862 1797 4916 ad
1832 4862 2021 4930 pristi-

446 4969 577 5008 num
601 4951 788 5007 florem
827 4949 1016 5004 redeat
1044 4967 1058 5011 ;
1089 4946 1883 5020 aspernarisbenefacieutem,
1914 4963 2019 5003 nec

448 5046 697 5101 accurris
737 5045 806 5099 ad
861 5044 1304 5116 promissionem.
1362 5039 1514 5094 itane
1564 5056 1707 5095 .vero
1763 5056 2016 5110 magnum

447 5136 859 5208 pollicitationis
897 5136 1226 5189 miraculum
1268 5131 1454 5188 videre
1501 5146 1610 5185 non
1646 5130 1837 5201 cupis?
1882 5146 2019 5199 quo-

448 5228 608 5283 modo
636 5227 753 5282 sine
793 5233 964 5280 matre
996 5229 1350 5294 regenerctur
1385 5220 1587 5275 homo?
1629 5219 1904 5290 quomodo
1938 5220 2020 5273 in-

448 5326 725 5374 veteratus
771 5325 826 5372 et
863 5317 1069 5371 erroris
1119 5314 1414 5369 desideriis
1461 5321 1797 5382 corruptus,
1841 5311 2020 5381 vigeat

448 5425 672 5476 rursus,
729 5411 1165 5481 repnbescatque
1224 5416 1280 5464 et
1339 5406 1409 5461 ad
1467 5422 1655 5462 verum
1715 5406 2018 5476 iuventutis

519 5564 562 5596 ³³
598 5563 755 5619 Rom.
784 5581 819 5619 v
868 5563 958 5619 20.

618 5675 944 5797 llillfidliomilia
976 5678 1029 5730 in
1059 5685 1299 5779 sanctum
1331 5676 1612 5745 baptisma,
1657 5673 1778 5727 H7.

1036 5563 1080 5595 ⁸⁸
1116 5561 1263 5616 Psal.
1289 5577 1365 5625 Vl,
1401 5561 1455 5616 7.

2126 3202 2485 3273 παρατάξεως
2524 3203 2574 3255 οἱ
2615 3204 2913 3273 στρατηγοὶ
2953 3202 3012 3255 τὸ
3048 3201 3305 3273 σύνθημα
3349 3204 3453 3263 τοῖς
3482 3196 3645 3251 ὑπἀὐ-

2122 3296 2247 3358 τοὺς
2278 3294 2647 3365 διανέμουσιν,
2692 3295 2779 3347 ἵνα
2821 3296 2916 3348 καὶ
2948 3297 2998 3347 οἱ
3039 3295 3182 3364 φίλοι
3214 3294 3415 3363 ῥαδίως
3447 3289 3647 3361 ἀλλήλους

2122 3379 2534 3450 ἀνακαλῶνται,
2593 3385 2688 3439 καὶ
2749 3386 2887 3457 πρὸς
2938 3387 3066 3449 τοὺς
3123 3386 3405 3448 ἐναντίους
3447 3383 3529 3436 ἐὰν
3564 3384 3647 3440 ταῖς

2126 3479 2466 3549 συμπλοκαῖς
2501 3478 2903 3550 ἀναμιχθῶσιν,
2950 3479 3215 3549 ε’ὒκρινὴς
3263 3478 3477 3547 δύνηται
3515 3473 3646 3542 ὑπάρ-

2122 3587 2239 3640 χειν
2278 3573 2304 3624 ὁ
2350 3570 2651 3641 χωρισμός.
2699 3569 2889 3631 Οὐδεὶς
2937 3568 3311 3637 ἐπιγνώσεταί
3347 3584 3424 3629 σε,
3472 3567 3513 3617 εἰ
3550 3562 3647 3631 ἠμέ-

2122 3680 2276 3733 τερος
2314 3657 2383 3722 εἴ,
2422 3661 2455 3731 ἢ
2491 3661 2596 3714 τῶν
2631 3660 2991 3728 ὑπεναντίων,
3035 3660 3130 3713 ἐάν
3166 3660 3241 3731 μὴ
3283 3663 3395 3721 τοῖς
3426 3654 3647 3727 μυστικοῖς

2124 3754 2410 3824 συμϐόλοις
2436 3755 2695 3827 παράσχῃ
2724 3755 2822 3826 τὴν
2850 3755 3179 3824 οἰκειότητα,
3203 3754 3304 3807 ἐὰν
3333 3752 3403 3824 μὴ
3427 3745 3645 3822 σημειωθῇ

2121 3847 2214 3898 ἐπὶ
2258 3846 2317 3899 σὲ
2363 3846 2423 3898 τὸ
2463 3847 2578 3915 φῶς
2607 3848 2700 3899 τοῦ
2741 3845 3036 3919 προσώπου
3096 3847 3334 3917 Κυρίου.
3389 3843 3501 3904 Πῶς
3536 3841 3645 3893 ἀντι-

2121 3937 2319 4008 ποιηθῇ
2356 3956 2449 3991 σου
2478 3941 2506 3992 ὁ
2535 3939 2792 4007 ἄγγελος;
2835 3939 2953 4003 πῶς
2986 3938 3043 3991 δὲ
3075 3939 3345 4009 ἀφέληται
3378 3937 3461 3989 τὸν
3481 3932 3645 4003 ἐχθρὸνν

2120 4030 2215 4083 ἐὰν
2252 4030 2327 4102 μὴ
2365 4031 2574 4101 ἐπιγνῷ
2618 4033 2718 4102 τὴν
2774 4031 3081 4102 σφραγῖδας
3135 4031 3261 4094 Πῶς
3316 4030 3372 4083 δὲ
3426 4028 3482 4081 σὺ
3522 4027 3644 4095 ἐρεᾶ.

2120 4123 2227 4176 Τοῦ
2271 4125 2407 4177 Θεοῦ
2456 4125 2597 4196 εἰμὶ,
2646 4127 2720 4196 μὴ
2766 4125 3161 4197 ἐπιφερόμενος
3192 4124 3261 4177 τά
3314 4122 3644 4194 γνωρίσματα;

2135 4217 2532 4286 Ἀσφράγιστος
2590 4216 2865 4287 θησαυρὸς
2927 4215 3342 4285 εὐεπιχείρητος
3404 4211 3641 4267 κλέπταις’

2123 4308 2394 4379 πρόϐατον
2428 4308 2772 4379 ἀσημείωτον
2823 4306 3125 4368 ἀκινδύνως
3171 4293 3647 4357 ἐπιΰουλεύεται.[ἶ

2127 4417 2209 4462 τις
2241 4399 2440 4469 ἰατρῶν
2468 4399 2833 4471 ἐπηγγέλλετό
2867 4416 2969 4463 σοι,
3004 4401 3276 4469 μηχαναῖς
3310 4415 3419 4450 τισι
3459 4394 3540 4448 καὶ
3559 4394 3644 4444 ἐπι·

2130 4492 2300 4555 νοίαις
2327 4492 2446 4546 νέον
2476 4493 2720 4561 ποιήσειν
2743 4493 2807 4544 ἐκ
2834 4490 3106 4562 γέροντος,
3132 4491 3232 4543 οὐκ
3260 4490 3328 4543 ἂν
3352 4486 3644 4555 ἐπεθύμητας

2128 4582 2301 4635 ἐλθεῖν
2342 4584 2423 4644 εἰς
2457 4581 2671 4651 ἐκείνην
2700 4580 2797 4651 τὴν
2840 4581 3053 4651 ἡμέραν
3078 4621 3093 4643 ,
3125 4582 3182 4633 ἐν
3302 4577 3509 4632 σεαυτὸν
3546 4572 3642 4642 ὁρᾷν

2129 4669 2351 4740 ἔμελλες
2387 4670 2523 4741 πρὸς
2544 4669 2728 4740 ἀκμὴν
2762 4670 3207 4740 ὑποστρέφοντα;
3252 4667 3463 4739 Ἐπειδὴ
3493 4665 3542 4718 δὲ
3572 4663 3642 4729 τὴν

2127 4761 2305 4831 ψυχήν
2350 4778 2442 4814 σου
2489 4760 2848 4830 ἀναθηλήσειν
2894 4760 3287 4829 ἐπαγγέλλεταί
3335 4776 3415 4813 σοι
3453 4760 3481 4828 ἡ
3522 4751 3642 4826 μετὰ·

2127 4873 2264 4918 νοια,
2304 4855 2370 4926 ἦν
2424 4856 2489 4908 σὺ
2526 4856 2892 4920 ἐπαλαίωσας,
2921 4854 3015 4908 καὶ
3062 4854 3231 4926 ρυσὴν
3277 4851 3443 4923 αὐτὴν
3478 4852 3533 4901 ὲκ
3565 4843 3641 4897 τῶν

2127 4949 2367 5019 ἀνομιῶν
2409 4949 2503 5000 καὶ
2546 4947 2924 5018 ἐσπιλωμένην
2970 4945 3293 5012 ἀπέδειξας,
3340 4940 3642 5010 καταφρονεῖς

2125 5039 2219 5092 τοῦ
2262 5039 2572 5111 εὐεργέτου,
2607 5040 2702 5093 καὶ
2733 5040 2791 5092 οὺ
2824 5038 3178 5110 προστρέχεις
3205 5036 3279 5107 (5)
3317 5034 3394 5106 τῷ
3419 5025 3639 5097 ἐπαγγέλ-

2131 5150 2279 5204 ματι.
2316 5133 2431 5185 Οὐκ
2476 5131 2761 5201 ἐπιθυμεῖς
2803 5130 2961 5193 ἰδεῖν,
3007 5130 3060 5181 τί
3093 5129 3156 5182 τὸ
3192 5129 3333 5199 μέγα
3374 5125 3539 5193 Θαῦμα
3569 5119 3640 5185 τῆς

2127 5226 2507 5295 ὑποσχέσεως;
2536 5222 2654 5287 πῶς
2696 5224 2826 5278 ἄνευ
2860 5222 3065 5294 μητρος
3093 5222 3447 5289 ἀναγεννᾶται
3480 5213 3639 5284 ἄνθρω-

2126 5333 2254 5379 πος;
2297 5316 2413 5379 πῶς
2444 5318 2472 5368 ὁ
2500 5313 2899 5385 παλαιούμενος
2925 5315 3020 5368 καὶ
3041 5313 3390 5384 φθειρόμενος
3420 5306 3542 5362 κατὰ
3568 5301 3638 5359 τάξ

2127 5406 2421 5478 ἐπιθυμίας
2456 5406 2557 5477 τῆς
2601 5406 2852 5478 ἀπάτης,
2904 5406 3109 5478 σφριγᾷ
3153 5404 3314 5457 πάλιν
3356 5401 3444 5455 καὶ
3485 5390 3636 5461 ἀνηδᾷ

2142 5672 2218 5740 ('5)
2238 5667 2646 5740 Προστρέχειρ.
2676 5668 2937 5725 Codicum
2961 5669 3097 5723 alter
3123 5667 3294 5737 prima
3317 5674 3487 5723 manu,
3514 5664 3635 5720 πρ⁰³’

2142 5684 2283 5740 (0)1]
2323 5684 2501 5733 οστρε
2526 5721 2537 5733 _

2099 5743 2242 5813 ἔχεις
2277 5684 2539 5811 [ιίιιειὴιεῖ
