3874 6224
186 340 319 395 1225

1222 329 1458 386 εειιιιο
1499 327 1636 384 Vill.
1675 358 1745 369 ---
1773 326 1857 381 DE
1904 322 2378 380 PGSNITENTIA.

3250 346 3263 361 ο
3297 316 3437 373 1926

181 458 272 510 καὶ
295 458 376 520 είς
398 454 462 513 τὸ
493 454 747 526 ἀληθινὸν
779 453 939 517 ἄνθος
962 452 1064 523 τῆς
1098 438 1346 522 νεότητος
1364 462 1759 519 επανερχεταις

1876 444 2051 501 lorem
2075 450 2385 500 revertatur
2416 440 2501 494 ’ττι
2530 439 2636 495 Tot
2663 454 2728 495 ac
2756 437 2924 493 tantis
2957 437 3137 504 bouis,
3169 453 3203 492 ο
3244 436 3434 500 miser,

180 546 462 601 Τοσούτων
494 545 714 615 ἀγαθῶν
748 547 842 598 καὶ
873 542 1233 614 τηλικούτων,
1274 542 1449 605 ἄθλιε,
1490 557 1749 612 προτιμοο

180 640 345 710 τέραν
393 640 548 707 ἄγεις
575 638 675 710 τὴν
717 637 949 710 ἠδονήνς
999 636 1127 689 Νοῶ
1155 635 1265 707 γάρ
1312 651 1407 687 σου
1444 633 1543 705 τὴν
1595 632 1762 703 ὑπέρ-

181 732 351 795 θεσιν,
383 730 487 785 κᾶν
525 728 851 802 περιστέλλῃ
901 730 1014 791 τοῖς
1065 728 1304 798 ῥήμασιν
1330 741 1344 757 ·
1378 724 1517 779 αὐτὰ
1562 722 1658 793 βοᾷ
1691 722 1762 776 τὰ

180 823 508 894 πράγματα,
540 821 641 875 κᾶν
686 824 751 892 τῇ
806 823 956 891 φωνῇ
1002 821 1241 891 σιωπᾷς·
1271 819 1473 872 Ἔασον
1519 816 1763 886 ἀποχρή-

184 932 367 986 σωμαι
399 916 464 984 τῇ
497 913 663 984 σαρκὶ
710 913 848 984 πρὸς
886 913 985 982 τὴν
1030 911 1327 966 ἀπόλαυσιν
1355 911 1464 964 τῶν
1496 908 1759 980 αἰσχρῶν,

181 1002 487 1075 ὲγκυλισθῶ
533 1001 613 1073 τῷ
662 1002 907 1074 βορϐόρῳ
958 1001 1066 1055 τῶν
1098 1002 1334 1074 ἡδονῶν,
1385 1000 1600 1072 αἱμάξω
1662 1000 1762 1062 τὰς

180 1101 404 1170 χεῖρας,
435 1096 722 1166 ἀφέλωμαι
769 1096 840 1149 τὰ
894 1095 1186 1166 ἀλλότρια,
1236 1094 1426 1158 δολίως
1475 1091 1760 1165 πορευθῶ,

182 1192 529 1263 ἐπιορκήσω,
566 1189 889 1260 ψεύσωμαιο
928 1189 1023 1242 καὶ
1071 1188 1192 1241 τότε
1238 1190 1270 1259 ἡ
1309 1187 1587 1258 μετάνοια,
1632 1188 1763 1241 ὅταν

182 1283 338 1351 λῆξίν
363 1299 495 1336 ποτε
521 1281 630 1335 τῶν
654 1281 841 1335 κακῶν
867 1279 1231 1351 ὑποδέξωμαι.
1258 1281 1320 1334 Εἰ
1352 1279 1451 1351 μὲν
1479 1275 1572 1333 οὖν
1602 1279 1763 1332 καλὸν

183 1377 218 1446 ἡ
250 1374 515 1446 ἁμαρτία,
547 1375 787 1444 φύλασσε
820 1373 1024 1443 ταύτην
1056 1374 1135 1437 είς
1156 1372 1333 1437 τέλος·
1369 1373 1495 1426 εἰδὲ
1525 1371 1765 1443 βλαϐερά

182 1465 266 1537 τῷ
299 1466 562 1529 ποιοῦντι,
584 1465 637 1518 τί
678 1465 961 1536 ὲπιμένεις
992 1468 1105 1529 τοῖς
1136 1465 1436 1538 ὀλεθρίοις;
1472 1465 1546 1519 Ού
1576 1464 1763 1536 βλέπει

181 1558 318 1622 Θεὸς
346 1558 413 1612 τὰ
447 1558 744 1628 γινόμενας
787 1558 820 1629 ἢ
858 1559 919 1612 οὐ
943 1560 1056 1612 νοεῖ
1086 1575 1178 1612 σου
1203 1558 1272 1611 τά
1308 1558 1698 1629 ἐνθυμήματας
1727 1558 1762 1630 ἢ

186 1649 578 1723 συνεργάζεταί
601 1643 732 1704 ’σου
771 1653 893 1715 ταῖς
950 1651 1241 1722 ἀνομίαιςς
1295 1650 1613 1717 ’Υπέλαόες
1656 1651 1765 1723 γὰρ

182 1742 474 1811 ἀνομίαν,
516 1743 717 1813 φησὶν,
771 1741 862 1796 ὅτι
911 1742 1129 1813 ἔσομαί
1171 1758 1271 1797 σοι
1313 1743 1535 1812 ὅμοιος.
1579 1743 1652 1797 Σὺ
1707 1742 1765 1796 δὲ

183 1832 380 1902 ἀνδρὸς
413 1832 509 1902 μὲν
556 1831 752 1903 θνητοῦ
796 1833 977 1903 φιλίαν
1005 1836 1550 1906 πραγματευόμενος,
1581 1834 1647 1888 δι’
1678 1835 1767 1887 εὐ-

182 1920 442 1993 εργεσίας
465 1921 627 1975 αὐτὸν
662 1922 938 1995 προσάγῃ,
961 1924 1144 1977 ἐκεῖνα
1171 1923 1344 1993 λέγων
1373 1924 1467 1979 καὶ
1487 1924 1765 1996 πράττων,

181 2011 382 2087 οἷσπερ
436 2015 502 2069 ἂν
547 2015 710 2069 αὑτὸν
766 2015 932 2089 αἴσθῃ
983 2016 1271 2086 χαίρονταο
1313 2015 1434 2085 Θεῷ
1492 2016 1549 2069 δὲ
1598 2032 1767 2086 προσο

180 2106 578 2178 οικειούμενος,
624 2106 721 2161 καὶ
768 2110 850 2171 εἰς
898 2108 998 2179 τὴν
1039 2107 1132 2162 τοῦ
1173 2108 1291 2160 υἱοῦ
1333 2107 1488 2173 τάξιν
1529 2108 1768 2173 ἐλπίζων

183 2198 721 2272 παραδεχθήσεσθαι,
763 2199 832 2253 τὰ
868 2200 1040 2271 ἐχθρά
1082 2199 1160 2271 τῷ
1188 2201 1307 2273 Θεῷ
1358 2202 1638 2273 πράττων,
1677 2201 1771 2254 καὶ

181 2292 276 2347 διὰ
305 2293 404 2362 τῆς
434 2291 529 2344 τοῦ
559 2291 725 2362 νόμου
757 2292 1124 2363 παραϐάσεως
1162 2293 1445 2364 ἀτιμάζων
1471 2292 1666 2346 αὐτόν·
1711 2291 1771 2357 ἐξ

182 2377 265 2438 ὧν
302 2384 536 2455 μάλιστα
570 2383 967 2456 προσκρούεις,
1017 2385 1082 2437 ὲκ
1129 2384 1335 2438 τούτων
1381 2385 1624 2449 ἐλπίζεις
1671 2385 1771 2456 τὴν

181 2476 535 2546 οἰκειότητα;
569 2476 733 2548 Ὅρα,
766 2474 840 2547 μὴ
870 2478 957 2529 ἐπ’
987 2475 1166 2530 ἐλπίδι
1197 2476 1293 2547 τῆς
1315 2476 1769 2550 ἀπολυτρώσεως,

185 2567 396 2637 πλῆθος
432 2567 617 2621 κακῶν
644 2567 854 2638 σεαυτῷ
885 2567 1299 2638 συλλεξάμενος,
1330 2568 1430 2641 τὴν
1457 2569 1555 2640 μὲν
1589 2570 1771 2640 ἀμαρ-

183 2659 310 2714 τίαν
338 2659 620 2731 ἁθροίσῃς,
645 2661 743 2732 τῆς
776 2661 832 2714 δὲ
870 2665 1271 2732 συγχωρήσεως
1298 2661 1597 2734 ἁποτύχῃς.
1630 2659 1774 2726 Θεὸς

185 2754 264 2806 οὐ
294 2751 745 2820 μυκτηρίζεται.
789 2751 882 2824 Μὴ
928 2751 1240 2824 ἐμπορεύου
1303 2751 1401 2824 τὴν
1450 2753 1627 2824 χάριν.
1682 2751 1774 2823 Μὴ

184 2843 384 2916 εῐπῃςο
434 2842 611 2907 Καλὸς
643 2843 743 2914 μὲν
778 2846 806 2896 ὁ
853 2845 1038 2915 νόμος,
1085 2844 1200 2897 ἀλλ’
1230 2843 1394 2915 ἡδίων
1433 2846 1467 2917 ἡ
1506 2845 1771 2916 ἁμαρτία.

197 2935 397 3006 Ἡδονὴ
437 2935 732 3007 άγκιστρόν
762 2939 879 2991 ὲστι
906 2936 1002 2991 τοῦ
1029 2936 1298 2994 διαϐόλου.
1326 2937 1466 3009 πρὸς
1499 2937 1775 2991 ἀπώλειαν

184 3028 369 3082 ἕλκον.
416 3029 628 3099 Ἡδονὴ,
666 3031 847 3101 μήτηρ
885 3030 985 3101 τῆς
1021 3030 1391 3103 ἀμαρτίας’ή
1431 3031 1487 3085 δὲ
1531 3032 1777 3103 ἁμαρτία

1862 538 2198 608 voluptatem
2251 534 2411 590 ducis
2470 532 2781 606 potiorem?
2830 529 2967 585 Novi
3013 532 3159 584 enim
3211 544 3440 601 procra-

1862 629 2221 687 stinationem
2264 638 2452 692 tuam,
2506 640 2823 697 quanquam
2869 638 2990 679 eam
3029 622 3208 678 verbis
3250 632 3441 677 conte-

1862 722 1980 793 gis;
2019 721 2261 775 clamant
2302 735 2391 775 res
2433 719 2585 789 ipsae,
2635 716 2852 773 tametsi
2895 732 3033 770 voce
3087 723 3279 772 taces:
3309 714 3440 771 Sine

1863 825 1988 871 utar
2012 827 2243 885 corpore
2280 812 2348 867 ad
2382 811 2643 867 l‘ruendas
2685 819 2873 881 turpes
2901 809 3187 874 libidines,
3224 810 3442 864 volutcr

1863 909 1919 964 in
1961 922 2120 963 emno
2166 906 2529 975 voluptatum,
2575 912 2856 959 eruentem
2913 916 3133 964 manus,
3184 902 3440 971 diripiam

1864 1003 2064 1061 aliena,
2121 999 2312 1055 dolose
2374 997 2675 1059 ambulem,
2732 995 2995 1065 pejerem,
3050 996 3331 1062 mentiar;
3387 1005 3442 1049 et

1842 1094 1980 1148 tum
2020 1092 2363 1163 paenitentia,
2410 1104 2534 1144 eum
2587 1089 2845 1142 vitiorum
2888 1086 3106 1141 tandem
3153 1087 3314 1143 finem
3366 1086 3444 1140 fe-

1864 1200 2014 1242 cero.
2062 1184 2218 1252 Quod
2255 1183 2303 1239 si
2336 1189 2621 1253 peccatum
2652 1181 2855 1235 bonum
2900 1186 2985 1235 est
3023 1188 3077 1234 et
3124 1179 3439 1240 honestum.

1864 1276 1999 1332 illud
2038 1276 2108 1331 ad
2149 1274 2310 1330 finem
2358 1288 2534 1343 usque
2580 1286 2738 1329 serva
2771 1288 2788 1339 ;
2829 1285 2913 1326 sm
2957 1272 3182 1325 noxium
3225 1280 3309 1327 est
3346 1286 3445 1342 pa-

1865 1370 2056 1434 tranti,
2090 1367 2223 1439 quid
2263 1367 2318 1420 in
2359 1364 2607 1421 exitiosis
2647 1363 2999 1418 immoraris?
3040 1362 3116 1434 (2)
3147 1361 3264 1416 Non
3296 1363 3445 1417 videt

1867 1460 2013 1518 Deus
2043 1475 2165 1527 qua:
2197 1458 2379 1513 ﬁunt?
2421 1472 2532 1512 non
2579 1457 2831 1527 agnoscit
2870 1463 2996 1510 tuas
3038 1454 3448 1526 cogitationes?

1868 1566 1937 1606 an
1976 1550 2302 1620 iniquitates
2352 1556 2478 1602 tuas
2506 1546 2709 1616 juvat?
2747 1544 3061 1616 Suspicatus
3115 1562 3191 1611 es,
3243 1547 3443 1617 inquit,

1867 1644 2222 1712 iniquitatem,
2280 1640 2419 1711 quod
2466 1655 2557 1693 ero
2614 1632 2712 1692 tibi
2757 1639 2955 1692 similis
3010 1638 3077 1691 ⁸³.
3133 1639 3215 1694 Tu
3264 1649 3446 1695 autem

1869 1734 2120 1790 mortalis
2158 1733 2263 1787 viri
2332 1731 2633 1788 amicitiam
2700 1746 2826 1785 cum
2895 1731 3095 1794 ambis,
3165 1732 3449 1788 beneﬁciis

1868 1841 1994 1882 eum
2029 1827 2229 1891 allicis,
2275 1824 2529 1896 dicisque
2568 1837 2633 1879 ea
2684 1838 2750 1878 ac
2784 1822 2945 1885 facis,
2980 1824 3182 1894 quibus
3211 1826 3451 1897 gaudere

1842 1908 2052 1991 ‘ipsum
2095 1919 2398 1991 intelligis:
2452 1917 2551 1974 sed
2588 1915 2702 1973 Deo
2752 1917 3008 1988 conjungi
3052 1918 3260 1987 volens,
3301 1930 3355 1976 et
3395 1921 3450 1976 in

1872 2013 1969 2068 {liii
2029 2014 2210 2068 locum
2240 2021 2295 2068 te
2319 2018 2604 2081 receptum
2646 2011 2716 2065 iri
2764 2026 3017 2082 sperans,
3050 2011 3097 2067 si
3133 2012 3343 2068 interea
3373 2024 3452 2068 ta-

1871 2121 1997 2162 men
2033 2121 2155 2177 qure
2194 2105 2306 2176 Deo
2334 2104 2561 2160 inimica
2596 2115 2727 2159 sunt
2763 2112 3066 2175 perpetres,
3097 2113 3152 2161 et
3185 2122 3283 2178 per
3319 2108 3452 2179 legis

1871 2200 2224 2255 violationem
2271 2213 2397 2253 cum
2442 2197 2746 2254 dedecores
2781 2214 2795 2263 ;
2841 2196 2988 2253 unde
3018 2198 3257 2254 maxime
3295 2200 3450 2256 illum

1872 2291 2127 2356 oﬂ‘endis,
2179 2291 2382 2345 indene
2430 2289 2610 2359 ipsius
2664 2287 3096 2345 familiaritatem
3144 2295 3452 2348 necessitu-

1873 2381 2170 2452 dinemque
2209 2382 2309 2437 tibi
2361 2380 2685 2452 polliceris?
2711 2379 2844 2437 Vide
2879 2398 2948 2438 ne
2977 2383 3323 2440 liberationis
3358 2401 3454 2456 spe

1875 2476 1974 2531 tibi
2031 2476 2149 2547 ipse
2210 2476 2483 2530 malorum
2525 2477 2739 2546 copiam
2789 2489 3125 2548 eongcrens,
3169 2487 3453 2549 peccatum

1874 2567 2097 2639 quidem
2139 2582 2457 2629 coacerves,
2506 2567 2667 2622 venia
2699 2583 2829 2624 vero
2861 2569 3120 2639 priveris.
3165 2569 3309 2626 Deus
3350 2589 3455 2628 non

1874 2658 2132 2714 irridetur
2170 2659 2236 2715 ³⁸.
2286 2659 2452 2730 518
2490 2658 2633 2716 Cave
2681 2660 2927 2717 abutaris
2975 2663 3149 2733 gratia
3191 2664 3260 2719 ad
3309 2680 3459 2735 quee-

1876 2760 2043 2808 stum.
2078 2750 2155 2806 Ne
2198 2752 2408 2809 dixeris
2452 2771 2467 2809 :
2511 2753 2661 2808 Bona
2708 2764 2794 2810 est
2832 2754 3055 2824 quidem
3104 2756 3213 2820 lex,
3245 2757 3457 2826 se'dju—

1875 2843 2117 2899 cundius
2188 2854 2497 2913 peccatum.
2545 2845 2760 2899 Diaboli
2806 2847 3004 2902 hamus
3060 2848 3315 2919 voluptas
3349 2858 3455 2913 est,

1876 2936 2103 2992 trahens
2129 2937 2195 2991 ad
2233 2936 2552 3006 perniciem.
2584 2936 2852 3008 Voluptas
2881 2946 2965 2995 est
2992 2945 3170 2995 mater
3196 2943 3406 3010 peccati
3439 2957 3454 2993 :

1880 3037 2166 3102 peccatum
2221 3044 2350 3084 vero
2405 3030 2667 3086 stimulus
2712 3031 2907 3085 mortis
2948 3039 3034 3086 est
3074 3031 3144 3085 ‘°.
3190 3029 3461 3102 Voluptas

186 3121 255 3175 τὸ
301 3121 523 3194 κέντρον
573 3122 691 3175 ἐστὶ
731 3121 826 3175 τοῦ
855 3120 1107 3178 θανάτου.
1161 3123 1383 3195 Ἡδονὴ,
1430 3125 1630 3196 τροφὸς
1679 3126 1772 3180 τοῦ

1879 3122 2068 3176 nutrix
2095 3131 2180 3178 est
2210 3124 2397 3178 aeterni
2425 3125 2629 3180 vermis
2661 3139 2675 3176 :
2724 3140 2847 3194 quae
2890 3124 2957 3179 ad
2993 3134 3211 3196 tempus
3237 3126 3459 3196 quidem

185 3212 414 3266 αἰωνίου
453 3212 834 3287 σκώληκοςσῆ
869 3215 1007 3287 πρὸς
1050 3216 1242 3288 καιρὸν
1289 3216 1387 3287 μὲν
1430 3218 1776 3272 καταλεαίνει

186 3305 287 3359 τὸν
309 3303 669 3368 ἀπολαύοντα,
710 3304 1026 3379 ὖστερον³δὲ
1053 3309 1386 3380 πικροτέρας
1419 3310 1583 3380 χολῆς
1606 3313 1779 3377 ποιεῖέ

185 3413 286 3450 ⁴ται
316 3395 416 3461 τὰς
436 3397 733 3462 ἀναδόσεις.
767 3399 832 3452 Τί
857 3401 1053 3465 ποιεῖς,
1079 3400 1333 3473 ἄνθρωπε
1355 3418 1370 3465 ;
1403 3402 1533 3455 "Ore
1557 3402 1778 3466 δυνατὸς

189 3486 249 3544 εἴ
270 3492 328 3543 ὲν
357 3491 558 3563 ἔργοις,
591 3492 689 3563 τὴν
715 3493 943 3566 νεότητά
974 3512 1066 3548 σου
1117 3499 1237 3560 ταῖς
1289 3497 1586 3568 ἁμαρτίαις
1621 3515 1781 3569 προσ-

188 3581 532 3645 αναλίσκεις.
560 3583 730 3643 Ὅταν
777 3584 1042 3657 ἀποκάμῃ
1070 3585 1136 3638 τὰ
1182 3586 1410 3656 ὄργανα,
1446 3587 1569 3640 τότε
1610 3605 1776 3661 προσ·

189 3675 354 3742 άγεις
382 3675 520 3728 αύτά
548 3674 627 3741 τῷ
652 3675 792 3746 Θεῷ,
823 3677 911 3729 ὅτε
952 3680 1032 3741 εἰς
1069 3678 1222 3731 οὐδὲν
1255 3680 1439 3743 αὐτοῖς
1476 3678 1593 3733 ἔστι
1646 3681 1783 3753 χρὴ·

188 3766 419 3828 σασθαι,
450 3766 565 3819 ἀλλ’
610 3767 825 3837 ἀνάγκη
855 3769 1088 3835 κεῖσθαι,
1119 3770 1207 3823 διὰ
1231 3771 1322 3825 τὸν
1366 3775 1431 3825 ἐκ
1460 3771 1554 3825 τοῦ
1586 3772 1779 3844 χρόνου

190 3852 527 3931 μαρασμὸν,
583 3861 983 3933 παραλυθέντος
1021 3862 1115 3916 τοῦ
1168 3866 1342 3919 τόνου.
1402 3865 1466 3918 Ἦ
1522 3867 1581 3919 ἐν
1632 3866 1781 3937 γήρᾳ

186 3951 547 4024 σωφροσύνη,
598 3954 658 4007 ού
696 3956 1042 4028 σωφροσύνη,
1087 3957 1202 4010 ἀλλ’
1249 3957 1545 4023 ἀκολασίας
1587 3960 1782 4014 ἀδυνα-

190 4043 321 4115 μία.
384 4044 597 4118 Νεκρὸς
650 4046 711 4099 ού
769 4046 1162 4116 στεφανοῦται·
1217 4050 1393 4114 οὐδεὶς
1436 4050 1674 4116 δίκαιος,
1714 4053 1781 4107 δι’

184 4134 500 4205 ἀδυναμίαν
521 4136 715 4191 κακοῦ.
743 4139 887 4202 Ἕως
920 4138 1034 4194 ἐστι
1070 4158 1151 4193 σοι
1183 4142 1434 4213 δύναμις,
1471 4144 1616 4214 λόγῳ
1646 4145 1782 4215 κρά-

183 4246 284 4282 τει
325 4229 424 4300 τῆς
451 4230 752 4300 ἁμαρτίας·
786 4230 944 4283 τοῦτο
979 4232 1088 4302 γάρ
1118 4235 1265 4287 ἐστιν
1314 4235 1507 4307 ἀρετὴ,
1541 4235 1783 4300 ἔκκλισις

182 4322 310 4378 ἀπὸ
327 4322 519 4387 κακοῦ,
539 4323 634 4377 καὶ
649 4324 867 4395 ποίησις
895 4324 1121 4393 ἀγαθοῦ.
1142 4327 1205 4380 Ἡ
1222 4327 1278 4380 δὲ
1298 4327 1468 4399 ἀργία
1494 4329 1593 4398 τῆς
1617 4346 1785 4400 πονη-

188 4415 327 4486 ρίας
352 4413 475 4468 οὔτε
507 4416 742 4470 ἐπαίνων
765 4417 903 4489 αὑτὴ
940 4417 1064 4472 καθ’
1099 4420 1317 4492 ἑαυτὴν,
1340 4420 1463 4474 οὔτε
1506 4421 1782 4476 κολάσεων

180 4505 464 4571 ἀξιοῦται.
507 4507 633 4561 Ἐὰν
662 4508 730 4561 δι’
761 4508 975 4579 ἡλικίαν
1017 4509 1202 4585 παύσῃ
1229 4512 1330 4582 τῆς
1356 4514 1651 4586 ἁμαρτίας,
1680 4513 1781 4585 τῆς
1816 4494 1858 4548 D

181 4597 535 4671 ἀσθενείαςὴ
558 4599 736 4670 χάρις.
754 4600 1007 4655 Ἐπαινεῦ
1017 4620 1114 4672 μεν
1140 4603 1197 4656 δὲ
1211 4604 1336 4668 τοὺς
1359 4605 1498 4659 κατὰ
1526 4607 1782 4678 προαίρε-

182 4706 287 4744 σιν
303 4690 560 4757 ἀγαθοὺς,
573 4692 632 4743 ού
651 4692 776 4754 τοὺς
799 4692 903 4745 ὑπό
920 4710 1061 4757 τινος
1080 4694 1325 4767 ἀνάγκης
1342 4695 1780 4767 ὲξειργομένους.

180 4778 299 4842 Τίς
331 4778 389 4831 δέ
437 4795 520 4832 σοι
568 4780 658 4834 τὸν
689 4781 814 4852 ὅρον
842 4785 939 4849 τῆς
990 4782 1134 4855 ζωῆς
1184 4784 1389 4857 ἕπηξες
1441 4788 1524 4849 τίς
1556 4804 1637 4840 σοι
1682 4788 1781 4858 τὴν

180 4867 543 4938 προθεσμίαν
586 4871 678 4924 τοῦ
715 4874 897 4944 γήρως
924 4874 1121 4947 ῶρισε;
1153 4877 1236 4939 τίς
1266 4877 1437 4938 οὕτως
1470 4878 1782 4945 ἀξιόπιστος

176 4957 357 5028 παρά
396 4959 477 5012 σοὶ
498 4959 607 5013 τῶν
639 4961 939 5033 μελλόντων
964 4966 1271 5037 ἐγγυητήςς
1304 4968 1416 5036 Οὐχ
1451 4968 1583 5038 ὁρᾷς
1610 4970 1780 5039 νήπια

172 5046 668 5120 ἀναρπαζόμενα,
713 5053 839 5116 τοὺς
869 5055 926 5106 ὲν
968 5054 1154 5126 ἡλικίᾳ
1200 5057 1616 5126 άπαγομένουςς
1670 5061 1784 5114 Οὐκ

168 5139 315 5211 ἔχει
346 5139 476 5209 μίαν
508 5140 851 5214 προθεσμίαν
878 5147 913 5198 ὁ
962 5145 1096 5216 βίος.
1128 5144 1193 5200 Τί
1222 5148 1518 5219 ἀναμένεις
1542 5152 1780 5222 πυρετοῦ

174 5247 285 5286 σοι
308 5230 482 5303 δῶρον
508 5233 761 5300 γενέσθαι
797 5238 898 5308 τὴν
926 5239 1235 5309 μετάνοιαν,
1267 5240 1359 5294 ὅτε
1393 5242 1516 5295 οὐδὲ
1550 5242 1784 5313 φθέγξα-

172 5319 329 5378 σθαι
381 5321 587 5395 δυνήσῃ
634 5326 703 5379 τὰ
755 5326 855 5398 τῆς
917 5328 1358 5402 ὲξομολόγήσεως
1407 5333 1484 5403 (1)
1538 5336 1784 5408 σωτήρια

225 5413 457 5484 ἤματω
482 5415 705 5485 τάχασδὲ
726 5418 848 5473 οὐδὲ
870 5420 1100 5476 ἀκοῦσαι
1131 5422 1388 5495 καθαρῶς
1412 5427 1783 5501 ὲπιτραπήσῃ,

1881 3214 2158 3271 demulcet
2185 3215 2585 3286 perfruentem.
2628 3213 2831 3272 deinde
2860 3233 2993 3272 vero
3036 3219 3286 3288 germina
3336 3218 3462 3275 felle

1881 3307 2157 3361 amariora
2213 3308 2495 3378 producit.
2562 3307 2705 3374 Quid
2760 3309 2921 3371 facis,
2977 3324 3011 3364 ο
3064 3311 3278 3367 homo?
3321 3312 3460 3367 Cum

1882 3398 2117 3455 idoneus
2138 3415 2197 3454 es
2222 3400 2315 3470 qui
2340 3400 2612 3470 opereris,
2644 3403 2891 3459 absumis
2916 3402 2971 3457 in
3006 3406 3248 3475 peccatis
3272 3407 3467 3476 juven-

1883 3498 2055 3546 tutem
2102 3502 2278 3546 tuam.
2324 3490 2625 3563 Postquam
2657 3496 3023 3566 elanguerunt
3054 3513 3282 3570 organa,
3330 3508 3465 3556 tunc

1881 3593 1946 3633 ea
1988 3578 2099 3635 Deo
2127 3579 2315 3643 oli'crs,
2343 3595 2469 3635 eum
2498 3597 2610 3636 non
2654 3586 2893 3653 amplius
2932 3594 3091 3655 potes
3148 3588 3234 3644 his
3279 3591 3347 3645 ad
3379 3592 3465 3645 ul-

1881 3670 1992 3725 lam
2033 3686 2151 3726 rem
2181 3672 2263 3727 uti
2297 3687 2312 3723 :
2352 3673 2447 3728 sed
2476 3688 2543 3729 ea
2572 3689 2804 3731 necesse
2835 3678 2924 3731 est
2958 3686 3200 3749 torpere,
3233 3682 3303 3738 ob
3334 3680 3462 3737 diu-

1882 3761 2058 3818 tinam
2085 3764 2293 3832 tabem,
2327 3764 2517 3837 vigore
2542 3774 2597 3821 et
2632 3767 2833 3824 robore
2871 3770 3138 3826 resoluto.
3165 3771 3466 3830 Continen-

1883 3856 1961 3911 tia
2013 3857 2069 3911 in
2131 3867 2420 3914 senectute
2456 3861 2802 3916 continentia
2843 3878 2955 3917 non
3001 3871 3107 3931 est,
3159 3866 3256 3921 sed
3300 3867 3467 3924 lasci-

1881 3948 2069 4005 viendi
2106 3951 2454 4022 impotentia.
2488 3952 2736 4009 Mortuus
2770 3971 2881 4011 non
2917 3965 3220 4012 coronatur
3256 3977 3269 4014 :
3304 3976 3466 4017 nemo

1884 4042 2010 4100 ideo
2034 4046 2242 4115 justus,
2277 4046 2424 4117 quod
2452 4047 2503 4102 ei
2534 4048 2662 4102 mali
2702 4047 2936 4104 faciendi
2968 4048 3200 4108 facultas
3228 4068 3336 4107 non
3369 4054 3463 4110 slt.

1884 4140 2047 4195 Vires
2078 4154 2142 4195 ac
2176 4141 2420 4210 potentia
2462 4140 2593 4195 dum
2638 4141 2739 4197 tibi
2782 4150 3106 4213 suppetunt,
3157 4144 3245 4201 fac
3275 4147 3465 4204 vineas

1884 4234 2099 4288 ratione
2136 4240 2446 4304 peccatum.
2491 4231 2606 4289 lloe
2651 4235 2799 4290 enim
2839 4237 3017 4293 virtus
3043 4246 3149 4301 est,
3187 4238 3466 4298 declinare

1885 4337 1917 4377 a
1956 4323 2125 4386 malo,
2167 4330 2222 4378 et
2260 4323 2476 4379 efﬁcere
2527 4324 2759 4382 bonum.
2802 4324 2937 4381 Nam
2978 4342 3200 4385 cessare
3232 4346 3264 4386 a
3295 4333 3460 4402 malo,

1886 4431 2079 4486 neque.
2125 4416 2321 4479 laude,
2375 4433 2553 4488 neque
2596 4420 2962 4489 castigatione
3013 4439 3078 4477 ex
3126 4438 3188 4479 se
3237 4424 3464 4496 dignum

1887 4514 1992 4561 est.
2028 4505 2267 4563 Peccare
2305 4507 2351 4563 si
2385 4508 2620 4564 desieris
2645 4509 2715 4564 ob
2745 4517 2987 4576 aetatem,
3020 4512 3348 4570 beneficium
3383 4529 3467 4572 est

1888 4597 2250 4656 inﬁrmitatis.
2278 4599 2597 4657 Laudamus
2642 4609 2826 4659 autem
2859 4619 2955 4660 eos
2985 4605 3079 4674 qui
3120 4608 3290 4663 animi
3339 4625 3469 4680 pro-

1889 4692 2071 4762 posito
2120 4691 2251 4748 boni
2296 4702 2447 4760 sunt,
2480 4710 2591 4750 non
2628 4710 2748 4765 eos,
2774 4697 2870 4767 qui
2916 4700 3251 4757 necessitate
3279 4703 3466 4773 aliqua

1888 4789 2241 4840 coercentur.
2286 4785 2559 4840 Caeterum
2604 4787 2730 4858 quis
2769 4788 2867 4843 tibi
2908 4791 3033 4845 vitae
3065 4790 3292 4849 limitem
3326 4810 3467 4865 pra:-

1891 4875 2051 4930 lixit?
2073 4877 2199 4947 quis
2228 4886 2440 4934 eertum
2472 4881 2774 4938 senectutis
2802 4886 3100 4941 terminum
3130 4886 3228 4942 tibi
3273 4887 3470 4944 defini-

1890 4969 2013 5022 vit?
2054 4969 2179 5039 quis
2231 4985 2467 5040 sponsor
2513 4971 2821 5028 futurorum
2871 4975 3020 5045 apud
3071 4983 3127 5032 te
3171 4978 3310 5036 adeo
3364 4981 3468 5036 {Ide

1887 5060 2131 5132 dignus?
2174 5061 2370 5117 Annon
2412 5063 2569 5121 vides
2636 5063 2881 5122 infantes
2935 5067 3236 5139 abreptos?
3281 5086 3466 5130 annon

1888 5155 2043 5211 vides
2081 5169 2179 5211 eos
2228 5156 2322 5231 qui
2369 5165 2533 5215 zetate
2560 5156 2770 5227 vigent,
2815 5158 3013 5216 abduci
3061 5169 3227 5233 atque
3255 5161 3324 5218 de
3352 5179 3469 5219 me-

1889 5245 1985 5300 dio
2031 5246 2185 5302 tolli?
2228 5238 2450 5303 Nullum
2493 5250 2824 5320 praeﬁnitum
2865 5259 3085 5324 tempus
3125 5257 3236 5310 vita
3278 5255 3463 5311 habet.

1889 5337 2035 5403 Quid
2095 5349 2409 5411 exspectas,
2455 5340 2583 5398 dum
2634 5341 2805 5402 febris
2860 5345 3186 5401 beneficium
3240 5346 3336 5402 tibi
3394 5349 3470 5402 sit

1889 5432 2236 5499 pteaitentia,
2284 5432 2507 5502 quando
2566 5451 2667 5493 nec
2716 5438 3076 5509 pronuntiare
3129 5440 3336 5510 poteris
3379 5455 3470 5495 sa-

280 5566 326 5600 ³⁷
352 5568 553 5641 Ephes.
582 5587 664 5636 ιν,
687 5572 774 5628 2⁵2.
854 5576 898 5607 ³⁸
940 5576 1085 5635 Psal.
1118 5595 1265 5645 χιιι,
1298 5580 1388 5636 2|.
1463 5582 1506 5616 ”
1539 5581 1716 5640 Galat.
1748 5602 1772 5640 τ

1876 5587 1912 5640 ί.
1990 5586 2037 5618 ⁸⁸
2073 5587 2090 5641 l
2130 5587 2259 5647 Cor.
2302 5606 2393 5654 xv,
2427 5590 2512 5646 56.

274 5729 356 5801 (t)
386 5724 501 5797 τῆς
518 5727 1026 5803 sianum-ricam
1049 5732 1253 5789 Desunt
1281 5736 1392 5792 haec
1416 5738 1468 5793 in
1499 5747 1777 5796 contextu.

530 5819 793 5884 Panos.
828 5819 946 5885 Gn.
998 5826 1265 5890 XXXII.

1962 5739 2040 5795 (2Χ
2072 5740 2206 5799 ibid.
2232 5743 2357 5802 118.
