  <div class='ocr_page' id='page_1' title='image "/cluster/home/n/w/nwhite01/storage/ocr_20150623/32/mdp.39015011915462/631.png"; bbox 0 0 3874 6224; ppageno 0'>
   <div class='ocr_carea' id='block_1_1' title="bbox 478 290 659 357">
    <p class='ocr_par' dir='ltr' id='par_1_1' title="bbox 478 290 659 357">
     <span class='ocr_line' id='line_1_1' title="bbox 478 290 659 357; baseline -0.011 -11"><span class='ocrx_word' id='word_1_1' title='bbox 478 322 485 346; x_wconf 91' lang='lat'><strong>-.</strong></span> <span class='ocrx_word' id='word_1_2' title='bbox 516 290 659 357; x_wconf 69' lang='grc' dir='ltr'><strong>42Ξῖ</strong></span> 
     </span>
    </p>
   </div>
   <div class='ocr_carea' id='block_1_2' title="bbox 1389 294 2828 356">
    <p class='ocr_par' dir='ltr' id='par_1_2' title="bbox 1389 294 2828 356">
     <span class='ocr_line' id='line_1_2' title="bbox 1389 294 2828 356; baseline 0.003 -6"><span class='ocrx_word' id='word_1_3' title='bbox 1389 295 1750 353; x_wconf 74' lang='lat' dir='ltr'><strong>APPENDlX.</strong></span> <span class='ocrx_word' id='word_1_4' title='bbox 1794 328 1862 339; x_wconf 92' lang='lat'><strong>—</strong></span> <span class='ocrx_word' id='word_1_5' title='bbox 1905 294 2248 351; x_wconf 74' lang='lat' dir='ltr'><strong>SYMEONIS</strong></span> <span class='ocrx_word' id='word_1_6' title='bbox 2286 298 2828 356; x_wconf 64' lang='lat' dir='ltr'><strong>HETAPHBASTAB</strong></span> 
     </span>
    </p>
   </div>
   <div class='ocr_carea' id='block_1_3' title="bbox 3546 307 3647 361">
    <p class='ocr_par' dir='ltr' id='par_1_3' title="bbox 3546 307 3647 361">
     <span class='ocr_line' id='line_1_3' title="bbox 3546 307 3647 361; baseline 0.02 -3"><span class='ocrx_word' id='word_1_7' title='bbox 3546 307 3647 361; x_wconf 59' lang='lat' dir='ltr'><strong>liii!</strong></span> 
     </span>
    </p>
   </div>
   <div class='ocr_carea' id='block_1_4' title="bbox 518 406 2065 491">
    <p class='ocr_par' dir='ltr' id='par_1_4' title="bbox 518 406 2065 484">
     <span class='ocr_line' id='line_1_4' title="bbox 518 406 2065 484; baseline 0.006 -25"><span class='ocrx_word' id='word_1_8' title='bbox 518 406 716 461; x_wconf 84' lang='lat' dir='ltr'><strong>lutaria</strong></span> <span class='ocrx_word' id='word_1_9' title='bbox 757 406 1126 467; x_wconf 76' lang='lat' dir='ltr'><strong>confessionis</strong></span> <span class='ocrx_word' id='word_1_10' title='bbox 1172 412 1361 470; x_wconf 88' lang='lat' dir='ltr'><strong>verba.</strong></span> <span class='ocrx_word' id='word_1_11' title='bbox 1395 429 1573 484; x_wconf 84' lang='lat' dir='ltr'><strong>neque</strong></span> <span class='ocrx_word' id='word_1_12' title='bbox 1608 413 1748 470; x_wconf 90' lang='lat' dir='ltr'><strong>forle</strong></span> <span class='ocrx_word' id='word_1_13' title='bbox 1798 414 1896 468; x_wconf 82' lang='lat' dir='ltr'><strong>tibi</strong></span> <span class='ocrx_word' id='word_1_14' title='bbox 1937 413 2065 470; x_wconf 67' lang='lat' dir='ltr'><strong>clari</strong></span> 
     </span>
    </p>
   </div>
   <div class='ocr_carea' id='block_1_5' title="bbox 2169 406 3649 491">
    <p class='ocr_par' dir='ltr' id='par_1_5' title="bbox 2188 414 3649 491">
     <span class='ocr_line' id='line_1_5' title="bbox 2188 414 3649 491; baseline 0.003 -25"><span class='ocrx_word' id='word_1_15' title='bbox 2188 414 2325 486; x_wconf 80' lang='grc' dir='ltr'>αὐτῇ</span> <span class='ocrx_word' id='word_1_16' title='bbox 2367 419 2435 488; x_wconf 74' lang='grc' dir='ltr'>τῇ</span> <span class='ocrx_word' id='word_1_17' title='bbox 2487 415 2697 488; x_wconf 77' lang='grc' dir='ltr'>κεφαλῇ</span> <span class='ocrx_word' id='word_1_18' title='bbox 2744 414 3061 484; x_wconf 78' lang='grc' dir='ltr'>ἐνοικούσης</span> <span class='ocrx_word' id='word_1_19' title='bbox 3097 414 3193 484; x_wconf 77' lang='grc' dir='ltr'>τῆς</span> <span class='ocrx_word' id='word_1_20' title='bbox 3236 417 3391 476; x_wconf 76' lang='grc' dir='ltr'>νόσου,</span> <span class='ocrx_word' id='word_1_21' title='bbox 3431 418 3481 469; x_wconf 67' lang='grc' dir='ltr'>οὐ</span> <span class='ocrx_word' id='word_1_22' title='bbox 3516 423 3649 491; x_wconf 73' lang='grc' dir='ltr'>χεῖρας</span> 
     </span>
    </p>
   </div>
   <div class='ocr_carea' id='block_1_6' title="bbox 517 499 2081 579">
    <p class='ocr_par' dir='ltr' id='par_1_6' title="bbox 517 499 2081 579">
     <span class='ocr_line' id='line_1_6' title="bbox 517 499 2081 579; baseline 0.006 -27"><span class='ocrx_word' id='word_1_23' title='bbox 517 499 704 555; x_wconf 87' lang='lat' dir='ltr'><strong>audire</strong></span> <span class='ocrx_word' id='word_1_24' title='bbox 732 499 934 564; x_wconf 80' lang='lat' dir='ltr'><strong>licebit.</strong></span> <span class='ocrx_word' id='word_1_25' title='bbox 965 505 1155 559; x_wconf 91' lang='lat' dir='ltr'><strong>morbo</strong></span> <span class='ocrx_word' id='word_1_26' title='bbox 1185 514 1351 574; x_wconf 85' lang='lat' dir='ltr'><strong>caput</strong></span> <span class='ocrx_word' id='word_1_27' title='bbox 1379 507 1557 576; x_wconf 89' lang='lat' dir='ltr'><strong>ipsum</strong></span> <span class='ocrx_word' id='word_1_28' title='bbox 1580 515 1885 579; x_wconf 79' lang='lat' dir='ltr'><strong>occupante</strong></span> <span class='ocrx_word' id='word_1_29' title='bbox 1919 527 1934 564; x_wconf 88' lang='lat'><strong>:</strong></span> <span class='ocrx_word' id='word_1_30' title='bbox 1972 523 2081 564; x_wconf 93' lang='lat' dir='ltr'><strong>non</strong></span> 
     </span>
    </p>
   </div>
   <div class='ocr_carea' id='block_1_7' title="bbox 515 592 2080 668">
    <p class='ocr_par' dir='ltr' id='par_1_7' title="bbox 515 592 2080 668">
     <span class='ocr_line' id='line_1_7' title="bbox 515 592 2080 668; baseline 0.006 -25"><span class='ocrx_word' id='word_1_31' title='bbox 515 604 712 645; x_wconf 78' lang='lat' dir='ltr'><strong>manus</strong></span> <span class='ocrx_word' id='word_1_32' title='bbox 736 592 804 644; x_wconf 87' lang='lat' dir='ltr'><strong>ad</strong></span> <span class='ocrx_word' id='word_1_33' title='bbox 835 593 1036 647; x_wconf 71' lang='lat' dir='ltr'><strong>coelum</strong></span> <span class='ocrx_word' id='word_1_34' title='bbox 1065 595 1340 659; x_wconf 83' lang='lat' dir='ltr'><strong>attollere.</strong></span> <span class='ocrx_word' id='word_1_35' title='bbox 1381 612 1490 651; x_wconf 93' lang='lat' dir='ltr'><strong>non</strong></span> <span class='ocrx_word' id='word_1_36' title='bbox 1517 597 1571 651; x_wconf 93' lang='lat' dir='ltr'><strong>in</strong></span> <span class='ocrx_word' id='word_1_37' title='bbox 1595 597 1760 668; x_wconf 81' lang='lat' dir='ltr'><strong>pedes</strong></span> <span class='ocrx_word' id='word_1_38' title='bbox 1788 599 1945 668; x_wconf 82' lang='lat' dir='ltr'><strong>erigi,</strong></span> <span class='ocrx_word' id='word_1_39' title='bbox 1971 615 2080 652; x_wconf 83' lang='lat' dir='ltr'><strong>non</strong></span> 
     </span>
    </p>
   </div>
   <div class='ocr_carea' id='block_1_8' title="bbox 512 681 2080 752">
    <p class='ocr_par' dir='ltr' id='par_1_8' title="bbox 512 681 2080 752">
     <span class='ocr_line' id='line_1_8' title="bbox 512 681 2080 752; baseline 0.007 -17"><span class='ocrx_word' id='word_1_40' title='bbox 512 697 655 751; x_wconf 88' lang='lat' dir='ltr'><strong>genu</strong></span> <span class='ocrx_word' id='word_1_41' title='bbox 692 681 907 739; x_wconf 82' lang='lat' dir='ltr'><strong>ﬂectere</strong></span> <span class='ocrx_word' id='word_1_42' title='bbox 957 685 1025 741; x_wconf 84' lang='lat' dir='ltr'><strong>ad</strong></span> <span class='ocrx_word' id='word_1_43' title='bbox 1072 686 1437 752; x_wconf 83' lang='lat' dir='ltr'><strong>adorandum,</strong></span> <span class='ocrx_word' id='word_1_44' title='bbox 1485 705 1594 745; x_wconf 91' lang='lat' dir='ltr'><strong>non</strong></span> <span class='ocrx_word' id='word_1_45' title='bbox 1642 690 1932 746; x_wconf 89' lang='lat' dir='ltr'><strong>commode</strong></span> <span class='ocrx_word' id='word_1_46' title='bbox 1982 691 2080 746; x_wconf 88' lang='lat' dir='ltr'><strong>do-</strong></span> 
     </span>
    </p>
   </div>
   <div class='ocr_carea' id='block_1_9' title="bbox 430 771 2078 845">
    <p class='ocr_par' dir='ltr' id='par_1_9' title="bbox 430 771 2078 845">
     <span class='ocr_line' id='line_1_9' title="bbox 430 771 2078 845; baseline 0.008 -22"><span class='ocrx_word' id='word_1_47' title='bbox 430 810 435 815; x_wconf 92' lang='lat'><strong>.</strong></span> <span class='ocrx_word' id='word_1_48' title='bbox 512 771 647 836; x_wconf 86' lang='lat' dir='ltr'><strong>ceri,</strong></span> <span class='ocrx_word' id='word_1_49' title='bbox 684 788 793 828; x_wconf 92' lang='lat' dir='ltr'><strong>non</strong></span> <span class='ocrx_word' id='word_1_50' title='bbox 820 782 1077 830; x_wconf 79' lang='lat' dir='ltr'><strong>accurate</strong></span> <span class='ocrx_word' id='word_1_51' title='bbox 1108 778 1381 841; x_wconf 83' lang='lat' dir='ltr'><strong>conﬁteri.</strong></span> <span class='ocrx_word' id='word_1_52' title='bbox 1414 793 1523 835; x_wconf 92' lang='lat' dir='ltr'><strong>non</strong></span> <span class='ocrx_word' id='word_1_53' title='bbox 1553 782 1777 837; x_wconf 84' lang='lat' dir='ltr'><strong>credere</strong></span> <span class='ocrx_word' id='word_1_54' title='bbox 1804 782 1856 836; x_wconf 94' lang='lat' dir='ltr'><strong>in</strong></span> <span class='ocrx_word' id='word_1_55' title='bbox 1885 781 2078 845; x_wconf 87' lang='lat' dir='ltr'><strong>Deum.</strong></span> 
     </span>
    </p>
   </div>
   <div class='ocr_carea' id='block_1_10' title="bbox 512 863 2081 940">
    <p class='ocr_par' dir='ltr' id='par_1_10' title="bbox 512 863 2081 940">
     <span class='ocr_line' id='line_1_10' title="bbox 512 863 2081 940; baseline 0.006 -24"><span class='ocrx_word' id='word_1_56' title='bbox 512 878 622 917; x_wconf 92' lang='lat' dir='ltr'><strong>non</strong></span> <span class='ocrx_word' id='word_1_57' title='bbox 658 863 882 919; x_wconf 88' lang='lat' dir='ltr'><strong>inimico</strong></span> <span class='ocrx_word' id='word_1_58' title='bbox 926 868 1267 928; x_wconf 85' lang='lat' dir='ltr'><strong>renuntiare.</strong></span> <span class='ocrx_word' id='word_1_59' title='bbox 1303 869 1444 925; x_wconf 88' lang='lat' dir='ltr'><strong>forte</strong></span> <span class='ocrx_word' id='word_1_60' title='bbox 1491 887 1641 939; x_wconf 89' lang='lat' dir='ltr'><strong>vero,</strong></span> <span class='ocrx_word' id='word_1_61' title='bbox 1699 887 1876 940; x_wconf 89' lang='lat' dir='ltr'><strong>neque</strong></span> <span class='ocrx_word' id='word_1_62' title='bbox 1920 873 2081 929; x_wconf 80' lang='lat' dir='ltr'><strong>intel-</strong></span> 
     </span>
    </p>
   </div>
   <div class='ocr_carea' id='block_1_11' title="bbox 511 953 2081 1037">
    <p class='ocr_par' dir='ltr' id='par_1_11' title="bbox 511 953 2081 1037">
     <span class='ocr_line' id='line_1_11' title="bbox 511 953 2081 1037; baseline 0.01 -32"><span class='ocrx_word' id='word_1_63' title='bbox 511 953 744 1023; x_wconf 84' lang='lat' dir='ltr'><strong>ligenter</strong></span> <span class='ocrx_word' id='word_1_64' title='bbox 770 955 961 1011; x_wconf 89' lang='lat' dir='ltr'><strong>audire</strong></span> <span class='ocrx_word' id='word_1_65' title='bbox 1006 958 1133 1012; x_wconf 90' lang='lat' dir='ltr'><strong>dum</strong></span> <span class='ocrx_word' id='word_1_66' title='bbox 1180 959 1508 1024; x_wconf 83' lang='lat' dir='ltr'><strong>iniliaheris,</strong></span> <span class='ocrx_word' id='word_1_67' title='bbox 1542 978 1609 1017; x_wconf 91' lang='lat' dir='ltr'><strong>cu</strong></span> <span class='ocrx_word' id='word_1_68' title='bbox 1636 981 1664 1014; x_wconf 92' lang='lat' dir='ltr'><strong>n</strong></span> <span class='ocrx_word' id='word_1_69' title='bbox 1710 964 1960 1020; x_wconf 91' lang='lat' dir='ltr'><strong>dubitent</strong></span> <span class='ocrx_word' id='word_1_70' title='bbox 1987 966 2081 1037; x_wconf 89' lang='lat' dir='ltr'><strong>qui</strong></span> 
     </span>
    </p>
   </div>
   <div class='ocr_carea' id='block_1_12' title="bbox 510 1044 2079 1128">
    <p class='ocr_par' dir='ltr' id='par_1_12' title="bbox 510 1044 2079 1128">
     <span class='ocr_line' id='line_1_12' title="bbox 510 1044 2079 1128; baseline 0.011 -31"><span class='ocrx_word' id='word_1_71' title='bbox 510 1044 733 1105; x_wconf 91' lang='lat' dir='ltr'><strong>adsunt.</strong></span> <span class='ocrx_word' id='word_1_72' title='bbox 753 1053 936 1100; x_wconf 90' lang='lat' dir='ltr'><strong>utrum</strong></span> <span class='ocrx_word' id='word_1_73' title='bbox 966 1051 1208 1107; x_wconf 87' lang='lat' dir='ltr'><strong>senseris</strong></span> <span class='ocrx_word' id='word_1_74' title='bbox 1230 1053 1482 1122; x_wconf 82' lang='lat' dir='ltr'><strong>gratiam,</strong></span> <span class='ocrx_word' id='word_1_75' title='bbox 1507 1070 1578 1109; x_wconf 89' lang='lat' dir='ltr'><strong>an</strong></span> <span class='ocrx_word' id='word_1_76' title='bbox 1612 1056 1731 1112; x_wconf 89' lang='lat' dir='ltr'><strong>sine</strong></span> <span class='ocrx_word' id='word_1_77' title='bbox 1764 1072 1929 1112; x_wconf 86' lang='lat' dir='ltr'><strong>sensu</strong></span> <span class='ocrx_word' id='word_1_78' title='bbox 1957 1074 2079 1128; x_wconf 66' lang='lat' dir='ltr'><strong>quat</strong></span> 
     </span>
    </p>
   </div>
   <div class='ocr_carea' id='block_1_13' title="bbox 508 1138 2074 1219">
    <p class='ocr_par' dir='ltr' id='par_1_13' title="bbox 508 1138 2074 1219">
     <span class='ocr_line' id='line_1_13' title="bbox 508 1138 2074 1219; baseline 0.01 -31"><span class='ocrx_word' id='word_1_79' title='bbox 508 1145 745 1205; x_wconf 82' lang='lat' dir='ltr'><strong>aguntur</strong></span> <span class='ocrx_word' id='word_1_80' title='bbox 793 1138 1074 1209; x_wconf 88' lang='lat' dir='ltr'><strong>accipias?</strong></span> <span class='ocrx_word' id='word_1_81' title='bbox 1133 1141 1243 1197; x_wconf 86' lang='lat' dir='ltr'><strong>Imo</strong></span> <span class='ocrx_word' id='word_1_82' title='bbox 1291 1144 1506 1199; x_wconf 91' lang='lat' dir='ltr'><strong>etiamsi</strong></span> <span class='ocrx_word' id='word_1_83' title='bbox 1555 1147 1794 1201; x_wconf 90' lang='lat' dir='ltr'><strong>scienter</strong></span> <span class='ocrx_word' id='word_1_84' title='bbox 1844 1150 2074 1219; x_wconf 77' lang='lat' dir='ltr'><strong>gratiam</strong></span> 
     </span>
    </p>
   </div>
   <div class='ocr_carea' id='block_1_14' title="bbox 503 1229 2075 1304">
    <p class='ocr_par' dir='ltr' id='par_1_14' title="bbox 503 1229 2075 1304">
     <span class='ocr_line' id='line_1_14' title="bbox 503 1229 2075 1304; baseline 0.01 -22"><span class='ocrx_word' id='word_1_85' title='bbox 503 1229 801 1298; x_wconf 87' lang='lat' dir='ltr'><strong>suscipias,</strong></span> <span class='ocrx_word' id='word_1_86' title='bbox 843 1237 977 1286; x_wconf 92' lang='lat' dir='ltr'><strong>tunc</strong></span> <span class='ocrx_word' id='word_1_87' title='bbox 1021 1232 1241 1301; x_wconf 90' lang='lat' dir='ltr'><strong>quidem</strong></span> <span class='ocrx_word' id='word_1_88' title='bbox 1282 1235 1546 1291; x_wconf 86' lang='lat' dir='ltr'><strong>talentum</strong></span> <span class='ocrx_word' id='word_1_89' title='bbox 1598 1237 1789 1304; x_wconf 85' lang='lat' dir='ltr'><strong>babes,</strong></span> <span class='ocrx_word' id='word_1_90' title='bbox 1840 1240 1936 1296; x_wconf 91' lang='lat' dir='ltr'><strong>sed</strong></span> <span class='ocrx_word' id='word_1_91' title='bbox 1992 1242 2075 1296; x_wconf 93' lang='lat' dir='ltr'><strong>lu-</strong></span> 
     </span>
    </p>
   </div>
   <div class='ocr_carea' id='block_1_15' title="bbox 504 1323 1030 1380">
    <p class='ocr_par' dir='ltr' id='par_1_15' title="bbox 504 1323 1030 1380">
     <span class='ocr_line' id='line_1_15' title="bbox 504 1323 1030 1380; baseline 0.008 -6"><span class='ocrx_word' id='word_1_92' title='bbox 504 1336 662 1375; x_wconf 89' lang='lat' dir='ltr'><strong>crnm</strong></span> <span class='ocrx_word' id='word_1_93' title='bbox 696 1337 807 1379; x_wconf 90' lang='lat' dir='ltr'><strong>non</strong></span> <span class='ocrx_word' id='word_1_94' title='bbox 835 1323 1030 1380; x_wconf 82' lang='lat' dir='ltr'><strong>refers.</strong></span> 
     </span>
    </p>
   </div>
   <div class='ocr_carea' id='block_1_16' title="bbox 576 1413 2077 1486">
    <p class='ocr_par' dir='ltr' id='par_1_16' title="bbox 576 1413 2077 1486">
     <span class='ocr_line' id='line_1_16' title="bbox 576 1413 2077 1486; baseline 0.009 -19"><span class='ocrx_word' id='word_1_95' title='bbox 576 1413 628 1468; x_wconf 89' lang='lat'><strong>6.</strong></span> <span class='ocrx_word' id='word_1_96' title='bbox 682 1414 760 1486; x_wconf 81' lang='lat' dir='ltr'><strong>(l)</strong></span> <span class='ocrx_word' id='word_1_97' title='bbox 809 1415 890 1471; x_wconf 85' lang='lat' dir='ltr'><strong>Ad</strong></span> <span class='ocrx_word' id='word_1_98' title='bbox 939 1416 1418 1485; x_wconf 80' lang='lat' dir='ltr'><strong>malefaciendum,</strong></span> <span class='ocrx_word' id='word_1_99' title='bbox 1464 1420 1686 1485; x_wconf 87' lang='lat' dir='ltr'><strong>fratres.</strong></span> <span class='ocrx_word' id='word_1_100' title='bbox 1728 1424 1879 1478; x_wconf 89' lang='lat' dir='ltr'><strong>vafer</strong></span> <span class='ocrx_word' id='word_1_101' title='bbox 1921 1426 2077 1481; x_wconf 89' lang='lat' dir='ltr'><strong>calli-</strong></span> 
     </span>
    </p>
   </div>
   <div class='ocr_carea' id='block_1_17' title="bbox 503 1504 2077 1587">
    <p class='ocr_par' dir='ltr' id='par_1_17' title="bbox 503 1504 2077 1587">
     <span class='ocr_line' id='line_1_17' title="bbox 503 1504 2077 1587; baseline 0.01 -30"><span class='ocrx_word' id='word_1_102' title='bbox 503 1504 719 1576; x_wconf 86' lang='lat' dir='ltr'><strong>dnsque</strong></span> <span class='ocrx_word' id='word_1_103' title='bbox 743 1515 830 1563; x_wconf 88' lang='lat' dir='ltr'><strong>est</strong></span> <span class='ocrx_word' id='word_1_104' title='bbox 854 1507 1128 1564; x_wconf 89' lang='lat' dir='ltr'><strong>diabolus.</strong></span> <span class='ocrx_word' id='word_1_105' title='bbox 1162 1508 1418 1581; x_wconf 78' lang='lat' dir='ltr'><strong>lntelligit</strong></span> <span class='ocrx_word' id='word_1_106' title='bbox 1443 1529 1544 1569; x_wconf 85' lang='lat' dir='ltr'><strong>nos</strong></span> <span class='ocrx_word' id='word_1_107' title='bbox 1578 1514 1827 1571; x_wconf 89' lang='lat' dir='ltr'><strong>homines</strong></span> <span class='ocrx_word' id='word_1_108' title='bbox 1856 1517 1911 1571; x_wconf 93' lang='lat' dir='ltr'><strong>in</strong></span> <span class='ocrx_word' id='word_1_109' title='bbox 1943 1532 2077 1587; x_wconf 70' lang='lat' dir='ltr'><strong>prae-</strong></span> 
     </span>
    </p>
   </div>
   <div class='ocr_carea' id='block_1_18' title="bbox 504 1600 2072 1679">
    <p class='ocr_par' dir='ltr' id='par_1_18' title="bbox 504 1600 2072 1679">
     <span class='ocr_line' id='line_1_18' title="bbox 504 1600 2072 1679; baseline 0.008 -27"><span class='ocrx_word' id='word_1_110' title='bbox 504 1600 647 1654; x_wconf 88' lang='lat' dir='ltr'><strong>senti</strong></span> <span class='ocrx_word' id='word_1_111' title='bbox 688 1600 864 1656; x_wconf 90' lang='lat' dir='ltr'><strong>solum</strong></span> <span class='ocrx_word' id='word_1_112' title='bbox 897 1608 1148 1672; x_wconf 88' lang='lat' dir='ltr'><strong>tempore</strong></span> <span class='ocrx_word' id='word_1_113' title='bbox 1183 1603 1407 1672; x_wconf 86' lang='lat' dir='ltr'><strong>vivere;</strong></span> <span class='ocrx_word' id='word_1_114' title='bbox 1443 1606 1826 1679; x_wconf 82' lang='lat' dir='ltr'><strong>actionemque</strong></span> <span class='ocrx_word' id='word_1_115' title='bbox 1852 1624 2072 1665; x_wconf 86' lang='lat' dir='ltr'><strong>omnem</strong></span> 
     </span>
    </p>
   </div>
   <div class='ocr_carea' id='block_1_19' title="bbox 504 1693 2074 1766">
    <p class='ocr_par' dir='ltr' id='par_1_19' title="bbox 504 1693 2074 1766">
     <span class='ocr_line' id='line_1_19' title="bbox 504 1693 2074 1766; baseline 0.005 -20"><span class='ocrx_word' id='word_1_116' title='bbox 504 1693 558 1747; x_wconf 92' lang='lat' dir='ltr'><strong>in</strong></span> <span class='ocrx_word' id='word_1_117' title='bbox 603 1694 861 1763; x_wconf 65' lang='lat' dir='ltr'><strong>praesenti</strong></span> <span class='ocrx_word' id='word_1_118' title='bbox 906 1702 1152 1766; x_wconf 89' lang='lat' dir='ltr'><strong>tempore</strong></span> <span class='ocrx_word' id='word_1_119' title='bbox 1204 1697 1341 1752; x_wconf 84' lang='lat' dir='ltr'><strong>fieri.</strong></span> <span class='ocrx_word' id='word_1_120' title='bbox 1392 1699 1760 1765; x_wconf 83' lang='lat' dir='ltr'><strong>Quamobrem</strong></span> <span class='ocrx_word' id='word_1_121' title='bbox 1809 1702 2074 1758; x_wconf 86' lang='lat' dir='ltr'><strong>hodierna</strong></span> 
     </span>
    </p>
   </div>
   <div class='ocr_carea' id='block_1_20' title="bbox 502 1785 2075 1863">
    <p class='ocr_par' dir='ltr' id='par_1_20' title="bbox 502 1785 2075 1863">
     <span class='ocr_line' id='line_1_20' title="bbox 502 1785 2075 1863; baseline 0.005 -24"><span class='ocrx_word' id='word_1_122' title='bbox 502 1785 592 1840; x_wconf 86' lang='lat' dir='ltr'><strong>die</strong></span> <span class='ocrx_word' id='word_1_123' title='bbox 643 1786 800 1842; x_wconf 89' lang='lat' dir='ltr'><strong>nobis</strong></span> <span class='ocrx_word' id='word_1_124' title='bbox 842 1785 1213 1844; x_wconf 83' lang='lat' dir='ltr'><strong>fraudulenter</strong></span> <span class='ocrx_word' id='word_1_125' title='bbox 1247 1791 1527 1861; x_wconf 88' lang='lat' dir='ltr'><strong>subrepta,</strong></span> <span class='ocrx_word' id='word_1_126' title='bbox 1559 1792 1729 1848; x_wconf 82' lang='lat' dir='ltr'><strong>nobis</strong></span> <span class='ocrx_word' id='word_1_127' title='bbox 1760 1809 1911 1863; x_wconf 89' lang='lat' dir='ltr'><strong>spem</strong></span> <span class='ocrx_word' id='word_1_128' title='bbox 1954 1808 2075 1849; x_wconf 89' lang='lat' dir='ltr'><strong>cra-</strong></span> 
     </span>
    </p>
   </div>
   <div class='ocr_carea' id='block_1_21' title="bbox 503 1874 2076 1953">
    <p class='ocr_par' dir='ltr' id='par_1_21' title="bbox 503 1874 2076 1953">
     <span class='ocr_line' id='line_1_21' title="bbox 503 1874 2076 1953; baseline 0.006 -24"><span class='ocrx_word' id='word_1_129' title='bbox 503 1876 661 1930; x_wconf 70' lang='lat' dir='ltr'><strong>stinae</strong></span> <span class='ocrx_word' id='word_1_130' title='bbox 691 1874 974 1947; x_wconf 87' lang='lat' dir='ltr'><strong>relinquit.</strong></span> <span class='ocrx_word' id='word_1_131' title='bbox 1026 1876 1218 1935; x_wconf 86' lang='lat' dir='ltr'><strong>Nonne</strong></span> <span class='ocrx_word' id='word_1_132' title='bbox 1266 1881 1509 1950; x_wconf 77' lang='lat' dir='ltr'><strong>suggerit</strong></span> <span class='ocrx_word' id='word_1_133' title='bbox 1550 1889 1610 1934; x_wconf 88' lang='lat' dir='ltr'><strong>ut</strong></span> <span class='ocrx_word' id='word_1_134' title='bbox 1671 1880 1832 1938; x_wconf 87' lang='lat' dir='ltr'><strong>hodie</strong></span> <span class='ocrx_word' id='word_1_135' title='bbox 1881 1898 2076 1953; x_wconf 83' lang='lat' dir='ltr'><strong>perpe-</strong></span> 
     </span>
    </p>
   </div>
   <div class='ocr_carea' id='block_1_22' title="bbox 501 1969 2070 2043">
    <p class='ocr_par' dir='ltr' id='par_1_22' title="bbox 501 1969 2070 2043">
     <span class='ocr_line' id='line_1_22' title="bbox 501 1969 2070 2043; baseline 0.006 -23"><span class='ocrx_word' id='word_1_136' title='bbox 501 1976 710 2023; x_wconf 89' lang='lat' dir='ltr'><strong>tremus</strong></span> <span class='ocrx_word' id='word_1_137' title='bbox 761 1976 1068 2039; x_wconf 88' lang='lat' dir='ltr'><strong>peceatum,</strong></span> <span class='ocrx_word' id='word_1_138' title='bbox 1115 1969 1310 2025; x_wconf 87' lang='lat' dir='ltr'><strong>suadet</strong></span> <span class='ocrx_word' id='word_1_139' title='bbox 1352 1978 1556 2033; x_wconf 91' lang='lat' dir='ltr'><strong>autem.</strong></span> <span class='ocrx_word' id='word_1_140' title='bbox 1606 1980 1667 2027; x_wconf 91' lang='lat' dir='ltr'><strong>ut</strong></span> <span class='ocrx_word' id='word_1_141' title='bbox 1705 1973 1980 2043; x_wconf 88' lang='lat' dir='ltr'><strong>justitiam</strong></span> <span class='ocrx_word' id='word_1_142' title='bbox 2014 1975 2070 2029; x_wconf 93' lang='lat' dir='ltr'><strong>in</strong></span> 
     </span>
    </p>
   </div>
   <div class='ocr_carea' id='block_1_23' title="bbox 501 2061 2069 2120">
    <p class='ocr_par' dir='ltr' id='par_1_23' title="bbox 501 2061 2069 2120">
     <span class='ocr_line' id='line_1_23' title="bbox 501 2061 2069 2120; baseline 0.003 -6"><span class='ocrx_word' id='word_1_143' title='bbox 501 2061 805 2116; x_wconf 88' lang='lat' dir='ltr'><strong>crastinum</strong></span> <span class='ocrx_word' id='word_1_144' title='bbox 841 2061 1232 2117; x_wconf 84' lang='lat' dir='ltr'><strong>reservemus?</strong></span> <span class='ocrx_word' id='word_1_145' title='bbox 1258 2061 1465 2119; x_wconf 90' lang='lat' dir='ltr'><strong>Deinde</strong></span> <span class='ocrx_word' id='word_1_146' title='bbox 1509 2079 1635 2119; x_wconf 92' lang='lat' dir='ltr'><strong>cum</strong></span> <span class='ocrx_word' id='word_1_147' title='bbox 1682 2065 1802 2120; x_wconf 91' lang='lat' dir='ltr'><strong>dies</strong></span> <span class='ocrx_word' id='word_1_148' title='bbox 1829 2064 2069 2119; x_wconf 87' lang='lat' dir='ltr'><strong>crastina</strong></span> 
     </span>
    </p>
   </div>
   <div class='ocr_carea' id='block_1_24' title="bbox 499 2152 2072 2226">
    <p class='ocr_par' dir='ltr' id='par_1_24' title="bbox 499 2152 2072 2226">
     <span class='ocr_line' id='line_1_24' title="bbox 499 2152 2072 2226; baseline 0.003 -19"><span class='ocrx_word' id='word_1_149' title='bbox 499 2153 672 2218; x_wconf 83' lang='lat' dir='ltr'><strong>venit,</strong></span> <span class='ocrx_word' id='word_1_150' title='bbox 696 2167 892 2208; x_wconf 89' lang='lat' dir='ltr'><strong>rursus</strong></span> <span class='ocrx_word' id='word_1_151' title='bbox 923 2152 1134 2209; x_wconf 89' lang='lat' dir='ltr'><strong>accedit</strong></span> <span class='ocrx_word' id='word_1_152' title='bbox 1167 2155 1346 2210; x_wconf 91' lang='lat' dir='ltr'><strong>malus</strong></span> <span class='ocrx_word' id='word_1_153' title='bbox 1378 2162 1566 2211; x_wconf 88' lang='lat' dir='ltr'><strong>noster</strong></span> <span class='ocrx_word' id='word_1_154' title='bbox 1599 2154 1828 2218; x_wconf 78' lang='lat' dir='ltr'><strong>divisor,</strong></span> <span class='ocrx_word' id='word_1_155' title='bbox 1855 2156 2072 2226; x_wconf 87' lang='lat' dir='ltr'><strong>sibique</strong></span> 
     </span>
    </p>
   </div>
   <div class='ocr_carea' id='block_1_25' title="bbox 500 2246 2072 2320">
    <p class='ocr_par' dir='ltr' id='par_1_25' title="bbox 500 2246 2072 2320">
     <span class='ocr_line' id='line_1_25' title="bbox 500 2246 2072 2320; baseline 0.003 -19"><span class='ocrx_word' id='word_1_156' title='bbox 500 2247 849 2310; x_wconf 82' lang='lat' dir='ltr'><strong>hodiernum,</strong></span> <span class='ocrx_word' id='word_1_157' title='bbox 881 2246 1114 2304; x_wconf 88' lang='lat' dir='ltr'><strong>Domino</strong></span> <span class='ocrx_word' id='word_1_158' title='bbox 1160 2264 1292 2304; x_wconf 89' lang='lat' dir='ltr'><strong>vero</strong></span> <span class='ocrx_word' id='word_1_159' title='bbox 1329 2249 1628 2304; x_wconf 87' lang='lat' dir='ltr'><strong>crastinum</strong></span> <span class='ocrx_word' id='word_1_160' title='bbox 1672 2250 1872 2320; x_wconf 89' lang='lat' dir='ltr'><strong>poscit,</strong></span> <span class='ocrx_word' id='word_1_161' title='bbox 1906 2260 2072 2319; x_wconf 87' lang='lat' dir='ltr'><strong>atque</strong></span> 
     </span>
    </p>
   </div>
   <div class='ocr_carea' id='block_1_26' title="bbox 499 2341 2070 2411">
    <p class='ocr_par' dir='ltr' id='par_1_26' title="bbox 499 2341 2070 2411">
     <span class='ocr_line' id='line_1_26' title="bbox 499 2341 2070 2411; baseline 0.002 -18"><span class='ocrx_word' id='word_1_162' title='bbox 499 2341 582 2393; x_wconf 90' lang='lat' dir='ltr'><strong>sic</strong></span> <span class='ocrx_word' id='word_1_163' title='bbox 612 2355 826 2411; x_wconf 90' lang='lat' dir='ltr'><strong>semper</strong></span> <span class='ocrx_word' id='word_1_164' title='bbox 875 2355 1116 2411; x_wconf 65' lang='lat' dir='ltr'><strong>praesens</strong></span> <span class='ocrx_word' id='word_1_165' title='bbox 1162 2341 1385 2411; x_wconf 87' lang='lat' dir='ltr'><strong>quidem</strong></span> <span class='ocrx_word' id='word_1_166' title='bbox 1432 2356 1527 2411; x_wconf 91' lang='lat' dir='ltr'><strong>per</strong></span> <span class='ocrx_word' id='word_1_167' title='bbox 1571 2341 1904 2411; x_wconf 89' lang='lat' dir='ltr'><strong>voluptatem</strong></span> <span class='ocrx_word' id='word_1_168' title='bbox 1937 2341 2070 2396; x_wconf 73' lang='lat' dir='ltr'><strong>sub~</strong></span> 
     </span>
    </p>
   </div>
   <div class='ocr_carea' id='block_1_27' title="bbox 499 2429 2066 2502">
    <p class='ocr_par' dir='ltr' id='par_1_27' title="bbox 499 2429 2066 2502">
     <span class='ocr_line' id='line_1_27' title="bbox 499 2429 2066 2502; baseline 0.003 -19"><span class='ocrx_word' id='word_1_169' title='bbox 499 2430 744 2496; x_wconf 84' lang='lat' dir='ltr'><strong>trahens,</strong></span> <span class='ocrx_word' id='word_1_170' title='bbox 800 2429 1042 2486; x_wconf 86' lang='lat' dir='ltr'><strong>futurum</strong></span> <span class='ocrx_word' id='word_1_171' title='bbox 1099 2448 1229 2488; x_wconf 87' lang='lat' dir='ltr'><strong>vero</strong></span> <span class='ocrx_word' id='word_1_172' title='bbox 1284 2433 1399 2502; x_wconf 89' lang='lat' dir='ltr'><strong>spei</strong></span> <span class='ocrx_word' id='word_1_173' title='bbox 1473 2440 1677 2487; x_wconf 69' lang='lat' dir='ltr'><strong>nostra:</strong></span> <span class='ocrx_word' id='word_1_174' title='bbox 1733 2447 2066 2502; x_wconf 86' lang='lat' dir='ltr'><strong>proponens,</strong></span> 
     </span>
    </p>
   </div>
   <div class='ocr_carea' id='block_1_28' title="bbox 497 2520 2063 2588">
    <p class='ocr_par' dir='ltr' id='par_1_28' title="bbox 497 2520 2063 2588">
     <span class='ocr_line' id='line_1_28' title="bbox 497 2520 2063 2588; baseline 0.003 -16"><span class='ocrx_word' id='word_1_175' title='bbox 497 2520 868 2588; x_wconf 72' lang='lat' dir='ltr'><strong>imprudentes</strong></span> <span class='ocrx_word' id='word_1_176' title='bbox 928 2536 1032 2577; x_wconf 90' lang='lat' dir='ltr'><strong>nos</strong></span> <span class='ocrx_word' id='word_1_177' title='bbox 1079 2529 1134 2577; x_wconf 90' lang='lat' dir='ltr'><strong>et</strong></span> <span class='ocrx_word' id='word_1_178' title='bbox 1200 2524 1452 2576; x_wconf 86' lang='lat' dir='ltr'><strong>incautos</strong></span> <span class='ocrx_word' id='word_1_179' title='bbox 1505 2537 1535 2576; x_wconf 91' lang='lat' dir='ltr'><strong>e</strong></span> <span class='ocrx_word' id='word_1_180' title='bbox 1605 2524 1715 2577; x_wconf 85' lang='lat' dir='ltr'><strong>vita</strong></span> <span class='ocrx_word' id='word_1_181' title='bbox 1790 2523 2063 2578; x_wconf 89' lang='lat' dir='ltr'><strong>subducit.</strong></span> 
     </span>
    </p>
   </div>
   <div class='ocr_carea' id='block_1_29' title="bbox 497 2607 2065 2681">
    <p class='ocr_par' dir='ltr' id='par_1_29' title="bbox 497 2607 2065 2681">
     <span class='ocr_line' id='line_1_29' title="bbox 497 2607 2065 2681; baseline 0.002 -17"><span class='ocrx_word' id='word_1_182' title='bbox 497 2609 574 2678; x_wconf 76' lang='lat'><strong>(2)</strong></span> <span class='ocrx_word' id='word_1_183' title='bbox 588 2607 711 2665; x_wconf 81' lang='lat' dir='ltr'><strong>Vidi</strong></span> <span class='ocrx_word' id='word_1_184' title='bbox 742 2625 843 2681; x_wconf 87' lang='lat' dir='ltr'><strong>ego</strong></span> <span class='ocrx_word' id='word_1_185' title='bbox 875 2610 1166 2680; x_wconf 85' lang='lat' dir='ltr'><strong>aliquando</strong></span> <span class='ocrx_word' id='word_1_186' title='bbox 1199 2613 1361 2667; x_wconf 88' lang='lat' dir='ltr'><strong>talem</strong></span> <span class='ocrx_word' id='word_1_187' title='bbox 1401 2612 1608 2667; x_wconf 74' lang='lat' dir='ltr'><strong>callidae</strong></span> <span class='ocrx_word' id='word_1_188' title='bbox 1638 2613 1754 2667; x_wconf 90' lang='lat' dir='ltr'><strong>avis</strong></span> <span class='ocrx_word' id='word_1_189' title='bbox 1785 2614 2065 2667; x_wconf 78' lang='lat' dir='ltr'><strong>astutiam.</strong></span> 
     </span>
    </p>
   </div>
   <div class='ocr_carea' id='block_1_30' title="bbox 494 2699 2067 2774">
    <p class='ocr_par' dir='ltr' id='par_1_30' title="bbox 494 2699 2067 2774">
     <span class='ocr_line' id='line_1_30' title="bbox 494 2699 2067 2774; baseline 0.004 -20"><span class='ocrx_word' id='word_1_190' title='bbox 494 2699 764 2756; x_wconf 85' lang='lat' dir='ltr'><strong>Nimirum</strong></span> <span class='ocrx_word' id='word_1_191' title='bbox 809 2717 933 2757; x_wconf 91' lang='lat' dir='ltr'><strong>cum</strong></span> <span class='ocrx_word' id='word_1_192' title='bbox 976 2703 1110 2772; x_wconf 90' lang='lat' dir='ltr'><strong>pulli</strong></span> <span class='ocrx_word' id='word_1_193' title='bbox 1162 2703 1283 2771; x_wconf 79' lang='lat' dir='ltr'><strong>ejus</strong></span> <span class='ocrx_word' id='word_1_194' title='bbox 1319 2714 1507 2758; x_wconf 87' lang='lat' dir='ltr'><strong>essent</strong></span> <span class='ocrx_word' id='word_1_195' title='bbox 1554 2712 1717 2774; x_wconf 88' lang='lat' dir='ltr'><strong>captu</strong></span> <span class='ocrx_word' id='word_1_196' title='bbox 1769 2704 1957 2761; x_wconf 87' lang='lat' dir='ltr'><strong>faciles</strong></span> <span class='ocrx_word' id='word_1_197' title='bbox 1995 2707 2067 2760; x_wconf 90' lang='lat' dir='ltr'><strong>ob</strong></span> 
     </span>
    </p>
   </div>
   <div class='ocr_carea' id='block_1_31' title="bbox 495 2795 2066 2867">
    <p class='ocr_par' dir='ltr' id='par_1_31' title="bbox 495 2795 2066 2867">
     <span class='ocr_line' id='line_1_31' title="bbox 495 2795 2066 2867; baseline 0.003 -19"><span class='ocrx_word' id='word_1_198' title='bbox 495 2795 919 2851; x_wconf 89' lang='lat' dir='ltr'><strong>teneritudinem</strong></span> <span class='ocrx_word' id='word_1_199' title='bbox 939 2836 954 2857; x_wconf 92' lang='lat'><strong>,</strong></span> <span class='ocrx_word' id='word_1_200' title='bbox 986 2811 1045 2850; x_wconf 93' lang='lat' dir='ltr'><strong>se</strong></span> <span class='ocrx_word' id='word_1_201' title='bbox 1082 2795 1203 2865; x_wconf 89' lang='lat' dir='ltr'><strong>ipsa</strong></span> <span class='ocrx_word' id='word_1_202' title='bbox 1232 2795 1532 2865; x_wconf 85' lang='lat' dir='ltr'><strong>objiciebat</strong></span> <span class='ocrx_word' id='word_1_203' title='bbox 1556 2807 1614 2851; x_wconf 89' lang='lat' dir='ltr'><strong>ut</strong></span> <span class='ocrx_word' id='word_1_204' title='bbox 1640 2806 1886 2866; x_wconf 88' lang='lat' dir='ltr'><strong>paratam</strong></span> <span class='ocrx_word' id='word_1_205' title='bbox 1924 2813 2066 2867; x_wconf 60' lang='lat' dir='ltr'><strong>prte-</strong></span> 
     </span>
    </p>
   </div>
   <div class='ocr_carea' id='block_1_32' title="bbox 496 2888 2067 2958">
    <p class='ocr_par' dir='ltr' id='par_1_32' title="bbox 496 2888 2067 2958">
     <span class='ocr_line' id='line_1_32' title="bbox 496 2888 2067 2958; baseline 0.004 -19"><span class='ocrx_word' id='word_1_206' title='bbox 496 2888 641 2953; x_wconf 87' lang='lat' dir='ltr'><strong>dam,</strong></span> <span class='ocrx_word' id='word_1_207' title='bbox 681 2896 844 2958; x_wconf 90' lang='lat' dir='ltr'><strong>atque</strong></span> <span class='ocrx_word' id='word_1_208' title='bbox 882 2895 1009 2942; x_wconf 86' lang='lat' dir='ltr'><strong>ante</strong></span> <span class='ocrx_word' id='word_1_209' title='bbox 1052 2889 1367 2942; x_wconf 82' lang='lat' dir='ltr'><strong>venantium</strong></span> <span class='ocrx_word' id='word_1_210' title='bbox 1429 2904 1627 2943; x_wconf 90' lang='lat' dir='ltr'><strong>manus</strong></span> <span class='ocrx_word' id='word_1_211' title='bbox 1681 2889 1933 2952; x_wconf 85' lang='lat' dir='ltr'><strong>volitans,</strong></span> <span class='ocrx_word' id='word_1_212' title='bbox 1973 2904 2067 2945; x_wconf 88' lang='lat' dir='ltr'><strong>ne-</strong></span> 
     </span>
    </p>
   </div>
   <div class='ocr_carea' id='block_1_33' title="bbox 493 2978 2065 3052">
    <p class='ocr_par' dir='ltr' id='par_1_33' title="bbox 493 2978 2065 3052">
     <span class='ocr_line' id='line_1_33' title="bbox 493 2978 2065 3052; baseline 0.002 -20"><span class='ocrx_word' id='word_1_213' title='bbox 493 2994 602 3047; x_wconf 85' lang='lat' dir='ltr'><strong>que.</strong></span> <span class='ocrx_word' id='word_1_214' title='bbox 638 2978 796 3035; x_wconf 84' lang='lat' dir='ltr'><strong>facile</strong></span> <span class='ocrx_word' id='word_1_215' title='bbox 823 2986 1040 3051; x_wconf 90' lang='lat' dir='ltr'><strong>poterat</strong></span> <span class='ocrx_word' id='word_1_216' title='bbox 1071 2996 1101 3033; x_wconf 90' lang='lat' dir='ltr'><strong>a</strong></span> <span class='ocrx_word' id='word_1_217' title='bbox 1134 2980 1490 3035; x_wconf 85' lang='lat' dir='ltr'><strong>venatoribus</strong></span> <span class='ocrx_word' id='word_1_218' title='bbox 1526 2981 1671 3051; x_wconf 89' lang='lat' dir='ltr'><strong>capi,</strong></span> <span class='ocrx_word' id='word_1_219' title='bbox 1708 2997 1886 3051; x_wconf 89' lang='lat' dir='ltr'><strong>neque</strong></span> <span class='ocrx_word' id='word_1_220' title='bbox 1915 2997 2065 3052; x_wconf 87' lang='lat' dir='ltr'><strong>spem</strong></span> 
     </span>
    </p>
   </div>
   <div class='ocr_carea' id='block_1_34' title="bbox 2186 500 3649 580">
    <p class='ocr_par' dir='ltr' id='par_1_34' title="bbox 2186 500 3649 580">
     <span class='ocr_line' id='line_1_34' title="bbox 2186 500 3649 580; baseline 0.005 -23"><span class='ocrx_word' id='word_1_221' title='bbox 2186 500 2320 576; x_wconf 81' lang='grc' dir='ltr'>ἆραι</span> <span class='ocrx_word' id='word_1_222' title='bbox 2358 509 2437 571; x_wconf 81' lang='grc' dir='ltr'><strong>είς</strong></span> <span class='ocrx_word' id='word_1_223' title='bbox 2473 508 2723 580; x_wconf 81' lang='grc' dir='ltr'>οὐρανὸν,</span> <span class='ocrx_word' id='word_1_224' title='bbox 2758 508 2863 562; x_wconf 75' lang='grc' dir='ltr'>οὐκ</span> <span class='ocrx_word' id='word_1_225' title='bbox 2900 508 2993 561; x_wconf 74' lang='grc' dir='ltr'><strong>ἐπὶ</strong></span> <span class='ocrx_word' id='word_1_226' title='bbox 3040 507 3204 570; x_wconf 75' lang='grc' dir='ltr'>πόδας</span> <span class='ocrx_word' id='word_1_227' title='bbox 3257 506 3573 578; x_wconf 69' lang='grc' dir='ltr'><strong>διαναστῆναι.</strong></span> <span class='ocrx_word' id='word_1_228' title='bbox 3607 513 3649 564; x_wconf 72' lang='grc' dir='ltr'>οὐ</span> 
     </span>
    </p>
   </div>
   <div class='ocr_carea' id='block_1_35' title="bbox 2186 596 3651 672">
    <p class='ocr_par' dir='ltr' id='par_1_35' title="bbox 2186 596 3651 672">
     <span class='ocr_line' id='line_1_35' title="bbox 2186 596 3651 672; baseline 0.002 -22"><span class='ocrx_word' id='word_1_229' title='bbox 2186 598 2362 651; x_wconf 88' lang='grc' dir='ltr'>κλῖναι</span> <span class='ocrx_word' id='word_1_230' title='bbox 2394 599 2522 667; x_wconf 84' lang='grc' dir='ltr'><strong>γόνυ</strong></span> <span class='ocrx_word' id='word_1_231' title='bbox 2578 602 2657 663; x_wconf 81' lang='grc' dir='ltr'>εἰς</span> <span class='ocrx_word' id='word_1_232' title='bbox 2711 600 2807 672; x_wconf 77' lang='grc' dir='ltr'>τὴν</span> <span class='ocrx_word' id='word_1_233' title='bbox 2870 596 3276 669; x_wconf 86' lang='grc' dir='ltr'>προσκύνησιν,</span> <span class='ocrx_word' id='word_1_234' title='bbox 3321 599 3373 649; x_wconf 81' lang='grc' dir='ltr'>οὐ</span> <span class='ocrx_word' id='word_1_235' title='bbox 3418 598 3651 669; x_wconf 65' lang='grc' dir='ltr'>διδαχθῆναι</span> 
     </span>
    </p>
   </div>
   <div class='ocr_carea' id='block_1_36' title="bbox 2185 688 3653 763">
    <p class='ocr_par' dir='ltr' id='par_1_36' title="bbox 2185 688 3653 763">
     <span class='ocr_line' id='line_1_36' title="bbox 2185 688 3653 763; baseline -0.016 -6"><span class='ocrx_word' id='word_1_236' title='bbox 2185 690 2491 761; x_wconf 76' lang='grc' dir='ltr'><strong>χρησίμως.</strong></span> <span class='ocrx_word' id='word_1_237' title='bbox 2523 692 2620 763; x_wconf 75' lang='grc' dir='ltr'>οὐχ</span> <span class='ocrx_word' id='word_1_238' title='bbox 2646 691 2973 763; x_wconf 76' lang='grc' dir='ltr'>ὁμολογῆσαι</span> <span class='ocrx_word' id='word_1_239' title='bbox 3001 688 3275 759; x_wconf 69' lang='grc' dir='ltr'>ἀσφαλῶς,</span> <span class='ocrx_word' id='word_1_240' title='bbox 3304 691 3411 761; x_wconf 66' lang='grc' dir='ltr'><strong>οὐχ)</strong></span> <span class='ocrx_word' id='word_1_241' title='bbox 3440 693 3653 747; x_wconf 64' lang='grc' dir='ltr'>πιστεῦσαι</span> 
     </span>
    </p>
   </div>
   <div class='ocr_carea' id='block_1_37' title="bbox 2183 781 3654 854">
    <p class='ocr_par' dir='ltr' id='par_1_37' title="bbox 2183 781 3654 854">
     <span class='ocr_line' id='line_1_37' title="bbox 2183 781 3654 854; baseline 0.001 -19"><span class='ocrx_word' id='word_1_242' title='bbox 2183 781 2303 853; x_wconf 84' lang='grc' dir='ltr'><strong>Θεῷ</strong></span> <span class='ocrx_word' id='word_1_243' title='bbox 2326 781 2427 852; x_wconf 68' lang='grc'><strong>(4),</strong></span> <span class='ocrx_word' id='word_1_244' title='bbox 2461 784 2561 837; x_wconf 81' lang='grc' dir='ltr'><strong>οὐκ</strong></span> <span class='ocrx_word' id='word_1_245' title='bbox 2590 783 2964 850; x_wconf 76' lang='grc' dir='ltr'><strong>ἀποτάξασθαι</strong></span> <span class='ocrx_word' id='word_1_246' title='bbox 3002 782 3078 853; x_wconf 82' lang='grc' dir='ltr'>τῷ</span> <span class='ocrx_word' id='word_1_247' title='bbox 3119 782 3314 854; x_wconf 75' lang='grc' dir='ltr'>ἐχθρῷ,</span> <span class='ocrx_word' id='word_1_248' title='bbox 3336 785 3456 854; x_wconf 82' lang='grc' dir='ltr'>τάχα</span> <span class='ocrx_word' id='word_1_249' title='bbox 3477 784 3536 845; x_wconf 67' lang='grc' dir='ltr'>ἃ,</span> <span class='ocrx_word' id='word_1_250' title='bbox 3570 785 3654 836; x_wconf 70' lang='grc' dir='ltr'>οὑῖΐε</span> 
     </span>
    </p>
   </div>
   <div class='ocr_carea' id='block_1_38' title="bbox 2186 872 3657 947">
    <p class='ocr_par' dir='ltr' id='par_1_38' title="bbox 2186 872 3657 947">
     <span class='ocr_line' id='line_1_38' title="bbox 2186 872 3657 947; baseline 0.001 -22"><span class='ocrx_word' id='word_1_251' title='bbox 2186 872 2420 938; x_wconf 80' lang='grc' dir='ltr'><strong>συνετῶς</strong></span> <span class='ocrx_word' id='word_1_252' title='bbox 2443 874 2742 929; x_wconf 73' lang='grc' dir='ltr'>ἐπακοῦσαι</span> <span class='ocrx_word' id='word_1_253' title='bbox 2772 875 2848 945; x_wconf 83' lang='lat'><strong>(5)</strong></span> <span class='ocrx_word' id='word_1_254' title='bbox 2881 874 3407 947; x_wconf 83' lang='grc' dir='ltr'>μυσταγωγούμενος,</span> <span class='ocrx_word' id='word_1_255' title='bbox 3436 875 3657 945; x_wconf 70' lang='grc' dir='ltr'>ἀμφίϐολος</span> 
     </span>
    </p>
   </div>
   <div class='ocr_carea' id='block_1_39' title="bbox 2180 961 3654 1038">
    <p class='ocr_par' dir='ltr' id='par_1_39' title="bbox 2180 961 3654 1038">
     <span class='ocr_line' id='line_1_39' title="bbox 2180 961 3654 1038; baseline 0.003 -24"><span class='ocrx_word' id='word_1_256' title='bbox 2180 961 2257 1015; x_wconf 80' lang='grc' dir='ltr'>ὢν</span> <span class='ocrx_word' id='word_1_257' title='bbox 2315 966 2426 1027; x_wconf 85' lang='grc' dir='ltr'>τοῖς</span> <span class='ocrx_word' id='word_1_258' title='bbox 2467 965 2753 1037; x_wconf 83' lang='grc' dir='ltr'>παροῦσιν,</span> <span class='ocrx_word' id='word_1_259' title='bbox 2795 962 2905 1038; x_wconf 84' lang='grc' dir='ltr'>ἆρα</span> <span class='ocrx_word' id='word_1_260' title='bbox 2947 966 3144 1037; x_wconf 75' lang='grc' dir='ltr'>ᾔσθετο</span> <span class='ocrx_word' id='word_1_261' title='bbox 3177 965 3255 1038; x_wconf 83' lang='lat'><strong>(6)</strong></span> <span class='ocrx_word' id='word_1_262' title='bbox 3297 967 3386 1037; x_wconf 84' lang='grc' dir='ltr'>τῆς</span> <span class='ocrx_word' id='word_1_263' title='bbox 3416 967 3654 1036; x_wconf 79' lang='grc' dir='ltr'>χάριτος,ἦ</span> 
     </span>
    </p>
   </div>
   <div class='ocr_carea' id='block_1_40' title="bbox 2180 1053 3659 1129">
    <p class='ocr_par' dir='ltr' id='par_1_40' title="bbox 2180 1053 3659 1129">
     <span class='ocr_line' id='line_1_40' title="bbox 2180 1053 3659 1129; baseline 0.001 -22"><span class='ocrx_word' id='word_1_264' title='bbox 2180 1053 2520 1125; x_wconf 80' lang='grc' dir='ltr'><strong>ἀναισθήτως</strong></span> <span class='ocrx_word' id='word_1_265' title='bbox 2555 1056 2670 1127; x_wconf 74' lang='grc' dir='ltr'><strong>ἔχει</strong></span> <span class='ocrx_word' id='word_1_266' title='bbox 2699 1057 2807 1111; x_wconf 89' lang='grc' dir='ltr'><strong>τῶν</strong></span> <span class='ocrx_word' id='word_1_267' title='bbox 2835 1058 3176 1129; x_wconf 84' lang='grc' dir='ltr'>γινομένων;</span> <span class='ocrx_word' id='word_1_268' title='bbox 3215 1058 3373 1110; x_wconf 87' lang='grc' dir='ltr'>Ὅταν</span> <span class='ocrx_word' id='word_1_269' title='bbox 3397 1057 3445 1111; x_wconf 75' lang='grc' dir='ltr'>δὲ</span> <span class='ocrx_word' id='word_1_270' title='bbox 3478 1057 3552 1111; x_wconf 72' lang='grc' dir='ltr'><strong>καὶ</strong></span> <span class='ocrx_word' id='word_1_271' title='bbox 3583 1060 3659 1110; x_wconf 76' lang='grc' dir='ltr'>ἐτει-</span> 
     </span>
    </p>
   </div>
   <div class='ocr_carea' id='block_1_41' title="bbox 2181 1148 3655 1223">
    <p class='ocr_par' dir='ltr' id='par_1_41' title="bbox 2181 1148 3655 1223">
     <span class='ocr_line' id='line_1_41' title="bbox 2181 1148 3655 1223; baseline 0 -22"><span class='ocrx_word' id='word_1_272' title='bbox 2181 1165 2278 1217; x_wconf 85' lang='grc' dir='ltr'><strong>στη</strong></span> <span class='ocrx_word' id='word_1_273' title='bbox 2288 1148 2463 1218; x_wconf 86' lang='grc' dir='ltr'>μόνως</span> <span class='ocrx_word' id='word_1_274' title='bbox 2485 1149 2585 1220; x_wconf 77' lang='grc' dir='ltr'><strong>τὴν</strong></span> <span class='ocrx_word' id='word_1_275' title='bbox 2609 1151 2769 1220; x_wconf 80' lang='grc' dir='ltr'><strong>χάριν</strong></span> <span class='ocrx_word' id='word_1_276' title='bbox 2792 1149 2940 1223; x_wconf 81' lang='grc' dir='ltr'>δέξῃ,</span> <span class='ocrx_word' id='word_1_277' title='bbox 2960 1150 3080 1203; x_wconf 82' lang='grc' dir='ltr'>τότε</span> <span class='ocrx_word' id='word_1_278' title='bbox 3101 1150 3163 1202; x_wconf 86' lang='grc' dir='ltr'>τὺ</span> <span class='ocrx_word' id='word_1_279' title='bbox 3190 1149 3285 1220; x_wconf 77' lang='grc' dir='ltr'>μὲν</span> <span class='ocrx_word' id='word_1_280' title='bbox 3302 1149 3524 1203; x_wconf 80' lang='grc' dir='ltr'>τάλαντον</span> <span class='ocrx_word' id='word_1_281' title='bbox 3540 1149 3655 1219; x_wconf 53' lang='grc' dir='ltr'>ἔχες,</span> 
     </span>
    </p>
   </div>
   <div class='ocr_carea' id='block_1_42' title="bbox 2177 1238 3152 1315">
    <p class='ocr_par' dir='ltr' id='par_1_42' title="bbox 2177 1238 3152 1315">
     <span class='ocr_line' id='line_1_42' title="bbox 2177 1238 3152 1315; baseline 0.004 -23"><span class='ocrx_word' id='word_1_282' title='bbox 2177 1238 2274 1310; x_wconf 80' lang='grc' dir='ltr'>τὴν</span> <span class='ocrx_word' id='word_1_283' title='bbox 2296 1241 2353 1294; x_wconf 76' lang='grc' dir='ltr'>δὲ</span> <span class='ocrx_word' id='word_1_284' title='bbox 2382 1241 2640 1312; x_wconf 76' lang='grc' dir='ltr'><strong>ἐργασίαν</strong></span> <span class='ocrx_word' id='word_1_285' title='bbox 2667 1243 2767 1295; x_wconf 80' lang='grc' dir='ltr'><strong>οὐκ</strong></span> <span class='ocrx_word' id='word_1_286' title='bbox 2791 1242 3029 1315; x_wconf 72' lang='grc' dir='ltr'>ἐπιφέρῃ</span> <span class='ocrx_word' id='word_1_287' title='bbox 3055 1244 3071 1298; x_wconf 76' lang='grc' dir='ltr'><strong>ί</strong></span> <span class='ocrx_word' id='word_1_288' title='bbox 3080 1243 3152 1311; x_wconf 83' lang='grc'><strong>7).</strong></span> 
     </span>
    </p>
   </div>
   <div class='ocr_carea' id='block_1_43' title="bbox 2250 1419 3663 1490">
    <p class='ocr_par' dir='ltr' id='par_1_43' title="bbox 2250 1419 3663 1490">
     <span class='ocr_line' id='line_1_43' title="bbox 2250 1419 3663 1490; baseline -0.002 -15"><span class='ocrx_word' id='word_1_289' title='bbox 2250 1420 2301 1475; x_wconf 84' lang='lat'><strong>6.</strong></span> <span class='ocrx_word' id='word_1_290' title='bbox 2348 1422 2518 1490; x_wconf 77' lang='grc' dir='ltr'>Σοφός</span> <span class='ocrx_word' id='word_1_291' title='bbox 2562 1423 2679 1475; x_wconf 84' lang='grc' dir='ltr'>ἐστι</span> <span class='ocrx_word' id='word_1_292' title='bbox 2710 1420 2804 1474; x_wconf 82' lang='grc' dir='ltr'><strong>τοῦ</strong></span> <span class='ocrx_word' id='word_1_293' title='bbox 2837 1422 3204 1490; x_wconf 79' lang='grc' dir='ltr'><strong>κακοποιῆσαι</strong></span> <span class='ocrx_word' id='word_1_294' title='bbox 3242 1422 3270 1473; x_wconf 80' lang='grc' dir='ltr'><strong>ὁ</strong></span> <span class='ocrx_word' id='word_1_295' title='bbox 3308 1420 3532 1490; x_wconf 66' lang='grc' dir='ltr'>πονηρὸς,</span> 
     </span>
    </p>
   </div>
   <div class='ocr_carea' id='block_1_44' title="bbox 2178 1510 3661 1585">
    <p class='ocr_par' dir='ltr' id='par_1_44' title="bbox 2178 1510 3661 1585">
     <span class='ocr_line' id='line_1_44' title="bbox 2178 1510 3661 1585; baseline -0.002 -20"><span class='ocrx_word' id='word_1_296' title='bbox 2178 1512 2303 1580; x_wconf 82' lang='grc' dir='ltr'>φοί·</span> <span class='ocrx_word' id='word_1_297' title='bbox 2338 1513 2558 1585; x_wconf 79' lang='grc' dir='ltr'>συνορᾷ,</span> <span class='ocrx_word' id='word_1_298' title='bbox 2592 1514 2673 1565; x_wconf 80' lang='grc' dir='ltr'><strong>ὅτι</strong></span> <span class='ocrx_word' id='word_1_299' title='bbox 2703 1512 2843 1566; x_wconf 85' lang='grc' dir='ltr'><strong>κατά</strong></span> <span class='ocrx_word' id='word_1_300' title='bbox 2875 1512 2937 1565; x_wconf 86' lang='grc' dir='ltr'>τὺ</span> <span class='ocrx_word' id='word_1_301' title='bbox 2970 1512 3144 1583; x_wconf 83' lang='grc' dir='ltr'>παρὸν</span> <span class='ocrx_word' id='word_1_302' title='bbox 3172 1510 3349 1581; x_wconf 80' lang='grc' dir='ltr'>ζῶμεν</span> <span class='ocrx_word' id='word_1_303' title='bbox 3371 1514 3414 1564; x_wconf 88' lang='grc' dir='ltr'>οἱ</span> <span class='ocrx_word' id='word_1_304' title='bbox 3438 1512 3661 1582; x_wconf 74' lang='grc' dir='ltr'>ἄνθρωποι,</span> 
     </span>
    </p>
   </div>
   <div class='ocr_carea' id='block_1_45' title="bbox 2177 1601 3662 1675">
    <p class='ocr_par' dir='ltr' id='par_1_45' title="bbox 2177 1601 3662 1675">
     <span class='ocr_line' id='line_1_45' title="bbox 2177 1601 3662 1675; baseline 0 -20"><span class='ocrx_word' id='word_1_305' title='bbox 2177 1602 2271 1655; x_wconf 76' lang='grc' dir='ltr'><strong>καὶ</strong></span> <span class='ocrx_word' id='word_1_306' title='bbox 2313 1604 2462 1656; x_wconf 76' lang='grc' dir='ltr'>πᾶσα</span> <span class='ocrx_word' id='word_1_307' title='bbox 2507 1601 2704 1674; x_wconf 81' lang='grc' dir='ltr'>πρᾶξις</span> <span class='ocrx_word' id='word_1_308' title='bbox 2744 1603 2883 1657; x_wconf 84' lang='grc' dir='ltr'>κατὰ</span> <span class='ocrx_word' id='word_1_309' title='bbox 2908 1603 2968 1656; x_wconf 76' lang='grc' dir='ltr'>τὸ</span> <span class='ocrx_word' id='word_1_310' title='bbox 3004 1602 3237 1668; x_wconf 83' lang='grc' dir='ltr'>ἐνεστὼς</span> <span class='ocrx_word' id='word_1_311' title='bbox 3281 1604 3561 1675; x_wconf 73' lang='grc' dir='ltr'><strong>ἐνεργεῖται.</strong></span> <span class='ocrx_word' id='word_1_312' title='bbox 3587 1603 3662 1673; x_wconf 70' lang='grc' dir='ltr'>Τὴν</span> 
     </span>
    </p>
   </div>
   <div class='ocr_carea' id='block_1_46' title="bbox 2176 1687 3663 1765">
    <p class='ocr_par' dir='ltr' id='par_1_46' title="bbox 2176 1687 3663 1765">
     <span class='ocr_line' id='line_1_46' title="bbox 2176 1687 3663 1765; baseline 0.001 -21"><span class='ocrx_word' id='word_1_313' title='bbox 2176 1687 2270 1744; x_wconf 74' lang='grc' dir='ltr'>οὖν</span> <span class='ocrx_word' id='word_1_314' title='bbox 2302 1694 2541 1765; x_wconf 83' lang='grc' dir='ltr'>σήμερον</span> <span class='ocrx_word' id='word_1_315' title='bbox 2570 1694 2815 1747; x_wconf 84' lang='grc' dir='ltr'>κλέπτων</span> <span class='ocrx_word' id='word_1_316' title='bbox 2846 1694 3003 1765; x_wconf 88' lang='grc' dir='ltr'>ἡμῶν</span> <span class='ocrx_word' id='word_1_317' title='bbox 3041 1694 3130 1748; x_wconf 77' lang='grc' dir='ltr'>διὰ</span> <span class='ocrx_word' id='word_1_318' title='bbox 3157 1696 3257 1765; x_wconf 84' lang='grc' dir='ltr'>τῆς</span> <span class='ocrx_word' id='word_1_319' title='bbox 3301 1694 3567 1764; x_wconf 80' lang='grc' dir='ltr'>μεθοδείας,</span> <span class='ocrx_word' id='word_1_320' title='bbox 3596 1695 3663 1761; x_wconf 62' lang='grc' dir='ltr'>τῆς</span> 
     </span>
    </p>
   </div>
   <div class='ocr_carea' id='block_1_47' title="bbox 2178 1782 3664 1857">
    <p class='ocr_par' dir='ltr' id='par_1_47' title="bbox 2178 1782 3664 1857">
     <span class='ocr_line' id='line_1_47' title="bbox 2178 1782 3664 1857; baseline 0.002 -23"><span class='ocrx_word' id='word_1_321' title='bbox 2178 1782 2366 1853; x_wconf 69' lang='grc' dir='ltr'>αὔριον</span> <span class='ocrx_word' id='word_1_322' title='bbox 2401 1787 2531 1855; x_wconf 73' lang='grc' dir='ltr'>ἡμῖν</span> <span class='ocrx_word' id='word_1_323' title='bbox 2565 1784 2663 1849; x_wconf 85' lang='grc' dir='ltr'>τὰς</span> <span class='ocrx_word' id='word_1_324' title='bbox 2711 1785 2930 1849; x_wconf 76' lang='grc' dir='ltr'>ἐλπίδας</span> <span class='ocrx_word' id='word_1_325' title='bbox 2961 1786 3333 1857; x_wconf 74' lang='grc' dir='ltr'>περιαφίησιν.</span> <span class='ocrx_word' id='word_1_326' title='bbox 3371 1786 3437 1837; x_wconf 82' lang='grc' dir='ltr'><strong>’Ἡ</strong></span> <span class='ocrx_word' id='word_1_327' title='bbox 3472 1786 3562 1857; x_wconf 76' lang='grc' dir='ltr'><strong>γάρ</strong></span> <span class='ocrx_word' id='word_1_328' title='bbox 3583 1787 3664 1855; x_wconf 71' lang='grc' dir='ltr'><strong>οὖχὶ</strong></span> 
     </span>
    </p>
   </div>
   <div class='ocr_carea' id='block_1_48' title="bbox 2175 1875 3665 1950">
    <p class='ocr_par' dir='ltr' id='par_1_48' title="bbox 2175 1875 3665 1950">
     <span class='ocr_line' id='line_1_48' title="bbox 2175 1875 3665 1950; baseline 0 -23"><span class='ocrx_word' id='word_1_329' title='bbox 2175 1875 2273 1944; x_wconf 83' lang='grc' dir='ltr'><strong>τὴν</strong></span> <span class='ocrx_word' id='word_1_330' title='bbox 2309 1876 2407 1948; x_wconf 79' lang='grc' dir='ltr'>μὲν</span> <span class='ocrx_word' id='word_1_331' title='bbox 2459 1876 2734 1949; x_wconf 74' lang='grc' dir='ltr'>ἁμαρτίαν</span> <span class='ocrx_word' id='word_1_332' title='bbox 2785 1879 3025 1950; x_wconf 79' lang='grc' dir='ltr'>σήμερον</span> <span class='ocrx_word' id='word_1_333' title='bbox 3076 1879 3254 1931; x_wconf 78' lang='grc' dir='ltr'>ποιεῖν</span> <span class='ocrx_word' id='word_1_334' title='bbox 3285 1876 3569 1939; x_wconf 72' lang='grc' dir='ltr'>ὑποϐάλλει,</span> <span class='ocrx_word' id='word_1_335' title='bbox 3598 1879 3665 1945; x_wconf 72' lang='grc' dir='ltr'><strong>τὴν</strong></span> 
     </span>
    </p>
   </div>
   <div class='ocr_carea' id='block_1_49' title="bbox 2174 1968 3665 2041">
    <p class='ocr_par' dir='ltr' id='par_1_49' title="bbox 2174 1968 3665 2041">
     <span class='ocr_line' id='line_1_49' title="bbox 2174 1968 3665 2041; baseline -0.003 -20"><span class='ocrx_word' id='word_1_336' title='bbox 2174 1968 2228 2021; x_wconf 74' lang='grc' dir='ltr'>δὲ</span> <span class='ocrx_word' id='word_1_337' title='bbox 2262 1969 2607 2039; x_wconf 87' lang='grc' dir='ltr'>δικαιοσύνην</span> <span class='ocrx_word' id='word_1_338' title='bbox 2646 1971 2727 2033; x_wconf 87' lang='grc' dir='ltr'>εἰς</span> <span class='ocrx_word' id='word_1_339' title='bbox 2773 1970 2872 2039; x_wconf 79' lang='grc' dir='ltr'>τὴν</span> <span class='ocrx_word' id='word_1_340' title='bbox 2917 1968 3106 2041; x_wconf 78' lang='grc' dir='ltr'>αὔριον</span> <span class='ocrx_word' id='word_1_341' title='bbox 3144 1969 3321 2023; x_wconf 84' lang='grc' dir='ltr'>πείθει</span> <span class='ocrx_word' id='word_1_342' title='bbox 3347 1970 3480 2041; x_wconf 77' lang='grc' dir='ltr'>ἡμᾶς</span> <span class='ocrx_word' id='word_1_343' title='bbox 3501 1968 3665 2039; x_wconf 65' lang='grc' dir='ltr'>ταμιεύ-</span> 
     </span>
    </p>
   </div>
   <div class='ocr_carea' id='block_1_50' title="bbox 2176 2057 3666 2134">
    <p class='ocr_par' dir='ltr' id='par_1_50' title="bbox 2176 2057 3666 2134">
     <span class='ocr_line' id='line_1_50' title="bbox 2176 2057 3666 2134; baseline 0 -22"><span class='ocrx_word' id='word_1_344' title='bbox 2176 2077 2235 2112; x_wconf 87' lang='grc' dir='ltr'><strong>σε</strong></span> <span class='ocrx_word' id='word_1_345' title='bbox 2247 2060 2365 2113; x_wconf 87' lang='grc' dir='ltr'>σθαι</span> <span class='ocrx_word' id='word_1_346' title='bbox 2388 2078 2402 2126; x_wconf 88' lang='grc'>;</span> <span class='ocrx_word' id='word_1_347' title='bbox 2430 2057 2563 2115; x_wconf 83' lang='grc' dir='ltr'>Εἶτα</span> <span class='ocrx_word' id='word_1_348' title='bbox 2600 2061 2819 2115; x_wconf 79' lang='grc' dir='ltr'>ἐπειδὰν</span> <span class='ocrx_word' id='word_1_349' title='bbox 2844 2064 2877 2134; x_wconf 83' lang='grc' dir='ltr'>ἡ</span> <span class='ocrx_word' id='word_1_350' title='bbox 2898 2061 3086 2132; x_wconf 78' lang='grc' dir='ltr'>αὔριον</span> <span class='ocrx_word' id='word_1_351' title='bbox 3116 2062 3269 2133; x_wconf 80' lang='grc' dir='ltr'>ἔλθῃ,</span> <span class='ocrx_word' id='word_1_352' title='bbox 3298 2062 3447 2115; x_wconf 75' lang='grc' dir='ltr'>πάλιν</span> <span class='ocrx_word' id='word_1_353' title='bbox 3465 2063 3666 2133; x_wconf 76' lang='grc' dir='ltr'>ἔρχεταιὸ</span> 
     </span>
    </p>
   </div>
   <div class='ocr_carea' id='block_1_51' title="bbox 2175 2148 3665 2223">
    <p class='ocr_par' dir='ltr' id='par_1_51' title="bbox 2175 2148 3665 2223">
     <span class='ocr_line' id='line_1_51' title="bbox 2175 2148 3665 2223; baseline 0.001 -23"><span class='ocrx_word' id='word_1_354' title='bbox 2175 2148 2342 2211; x_wconf 78' lang='grc' dir='ltr'>κακὸς</span> <span class='ocrx_word' id='word_1_355' title='bbox 2365 2166 2426 2202; x_wconf 85' lang='grc' dir='ltr'><strong>συ</strong></span> <span class='ocrx_word' id='word_1_356' title='bbox 2436 2151 2742 2221; x_wconf 82' lang='grc' dir='ltr'>μμεριστὴς</span> <span class='ocrx_word' id='word_1_357' title='bbox 2764 2152 2796 2220; x_wconf 82' lang='grc' dir='ltr'><strong>ἡ</strong></span> <span class='ocrx_word' id='word_1_358' title='bbox 2804 2150 2941 2221; x_wconf 88' lang='grc' dir='ltr'>μῶν,</span> <span class='ocrx_word' id='word_1_359' title='bbox 2963 2151 3130 2215; x_wconf 84' lang='grc' dir='ltr'>ἀξιῶν</span> <span class='ocrx_word' id='word_1_360' title='bbox 3161 2153 3263 2223; x_wconf 80' lang='grc' dir='ltr'>τὴν</span> <span class='ocrx_word' id='word_1_361' title='bbox 3291 2155 3506 2223; x_wconf 74' lang='grc' dir='ltr'>σήμερον</span> <span class='ocrx_word' id='word_1_362' title='bbox 3525 2150 3665 2219; x_wconf 72' lang='grc' dir='ltr'>ἐαυτῷ,</span> 
     </span>
    </p>
   </div>
   <div class='ocr_carea' id='block_1_52' title="bbox 2172 2239 3668 2314">
    <p class='ocr_par' dir='ltr' id='par_1_52' title="bbox 2172 2239 3668 2314">
     <span class='ocr_line' id='line_1_52' title="bbox 2172 2239 3668 2314; baseline 0.001 -21"><span class='ocrx_word' id='word_1_363' title='bbox 2172 2242 2269 2309; x_wconf 75' lang='grc' dir='ltr'>τὴν</span> <span class='ocrx_word' id='word_1_364' title='bbox 2301 2240 2358 2293; x_wconf 84' lang='grc' dir='ltr'>δὲ</span> <span class='ocrx_word' id='word_1_365' title='bbox 2395 2239 2585 2313; x_wconf 73' lang='grc' dir='ltr'>αὔριον</span> <span class='ocrx_word' id='word_1_366' title='bbox 2627 2242 2705 2314; x_wconf 85' lang='grc' dir='ltr'>τῷ</span> <span class='ocrx_word' id='word_1_367' title='bbox 2751 2242 2978 2313; x_wconf 63' lang='grc' dir='ltr'>κυρίαν</span> <span class='ocrx_word' id='word_1_368' title='bbox 3015 2244 3108 2297; x_wconf 83' lang='grc' dir='ltr'><strong>καὶ</strong></span> <span class='ocrx_word' id='word_1_369' title='bbox 3155 2242 3328 2308; x_wconf 75' lang='grc' dir='ltr'>οὕτως</span> <span class='ocrx_word' id='word_1_370' title='bbox 3371 2245 3481 2307; x_wconf 73' lang='grc' dir='ltr'>ἀεὶ,</span> <span class='ocrx_word' id='word_1_371' title='bbox 3520 2244 3568 2295; x_wconf 75' lang='grc' dir='ltr'>τὸ</span> <span class='ocrx_word' id='word_1_372' title='bbox 3602 2244 3668 2313; x_wconf 74' lang='grc' dir='ltr'>μὲν</span> 
     </span>
    </p>
   </div>
   <div class='ocr_carea' id='block_1_53' title="bbox 2172 2330 3667 2403">
    <p class='ocr_par' dir='ltr' id='par_1_53' title="bbox 2172 2330 3667 2403">
     <span class='ocr_line' id='line_1_53' title="bbox 2172 2330 3667 2403; baseline 0.001 -22"><span class='ocrx_word' id='word_1_373' title='bbox 2172 2330 2345 2399; x_wconf 80' lang='grc' dir='ltr'>παρὸν</span> <span class='ocrx_word' id='word_1_374' title='bbox 2384 2330 2451 2383; x_wconf 83' lang='grc' dir='ltr'><strong>δι’</strong></span> <span class='ocrx_word' id='word_1_375' title='bbox 2482 2331 2677 2402; x_wconf 73' lang='grc' dir='ltr'>ἡδονῆς</span> <span class='ocrx_word' id='word_1_376' title='bbox 2728 2332 3161 2403; x_wconf 79' lang='grc' dir='ltr'>ὑφαιρούμενος,</span> <span class='ocrx_word' id='word_1_377' title='bbox 3192 2332 3257 2385; x_wconf 73' lang='grc' dir='ltr'>τὺ</span> <span class='ocrx_word' id='word_1_378' title='bbox 3311 2333 3366 2385; x_wconf 82' lang='grc' dir='ltr'>δὲ</span> <span class='ocrx_word' id='word_1_379' title='bbox 3397 2331 3559 2402; x_wconf 79' lang='grc' dir='ltr'>μέλλον</span> <span class='ocrx_word' id='word_1_380' title='bbox 3586 2333 3667 2393; x_wconf 75' lang='grc' dir='ltr'>ταῖς</span> 
     </span>
    </p>
   </div>
   <div class='ocr_carea' id='block_1_54' title="bbox 2171 2421 3669 2495">
    <p class='ocr_par' dir='ltr' id='par_1_54' title="bbox 2171 2421 3669 2495">
     <span class='ocr_line' id='line_1_54' title="bbox 2171 2421 3669 2495; baseline 0.001 -23"><span class='ocrx_word' id='word_1_381' title='bbox 2171 2421 2383 2474; x_wconf 80' lang='grc' dir='ltr'>ἐλπίσιν</span> <span class='ocrx_word' id='word_1_382' title='bbox 2417 2424 2551 2492; x_wconf 84' lang='grc' dir='ltr'>ἡμῖν</span> <span class='ocrx_word' id='word_1_383' title='bbox 2584 2423 2934 2493; x_wconf 76' lang='grc' dir='ltr'>προσαφιεὶς,</span> <span class='ocrx_word' id='word_1_384' title='bbox 2972 2422 3223 2477; x_wconf 74' lang='grc' dir='ltr'>λανθάνει</span> <span class='ocrx_word' id='word_1_385' title='bbox 3266 2425 3408 2495; x_wconf 78' lang='grc' dir='ltr'>ἡμᾶς</span> <span class='ocrx_word' id='word_1_386' title='bbox 3441 2422 3669 2476; x_wconf 73' lang='grc' dir='ltr'>ἀποϐουκο-</span> 
     </span>
    </p>
   </div>
   <div class='ocr_carea' id='block_1_55' title="bbox 2169 2509 3668 2585">
    <p class='ocr_par' dir='ltr' id='par_1_55' title="bbox 2169 2509 3668 2585">
     <span class='ocr_line' id='line_1_55' title="bbox 2169 2509 3668 2585; baseline 0.001 -21"><span class='ocrx_word' id='word_1_387' title='bbox 2169 2511 2276 2565; x_wconf 85' lang='grc' dir='ltr'><strong>λῶν</strong></span> <span class='ocrx_word' id='word_1_388' title='bbox 2306 2513 2404 2583; x_wconf 81' lang='grc' dir='ltr'>τῆς</span> <span class='ocrx_word' id='word_1_389' title='bbox 2437 2513 2602 2584; x_wconf 79' lang='grc' dir='ltr'>ζωῆς.</span> <span class='ocrx_word' id='word_1_390' title='bbox 2639 2513 2907 2584; x_wconf 82' lang='grc' dir='ltr'>Τοιαύτην</span> <span class='ocrx_word' id='word_1_391' title='bbox 2941 2509 3079 2567; x_wconf 78' lang='grc' dir='ltr'>εἶδον</span> <span class='ocrx_word' id='word_1_392' title='bbox 3112 2513 3223 2584; x_wconf 79' lang='grc' dir='ltr'><strong>ἐγώ</strong></span> <span class='ocrx_word' id='word_1_393' title='bbox 3248 2532 3377 2568; x_wconf 85' lang='grc' dir='ltr'>ποτε</span> <span class='ocrx_word' id='word_1_394' title='bbox 3410 2513 3668 2585; x_wconf 71' lang='grc' dir='ltr'>πανουργίαν</span> 
     </span>
    </p>
   </div>
   <div class='ocr_carea' id='block_1_56' title="bbox 2169 2604 3670 2679">
    <p class='ocr_par' dir='ltr' id='par_1_56' title="bbox 2169 2604 3670 2679">
     <span class='ocr_line' id='line_1_56' title="bbox 2169 2604 3670 2679; baseline 0.001 -23"><span class='ocrx_word' id='word_1_395' title='bbox 2169 2604 2382 2673; x_wconf 76' lang='grc' dir='ltr'>ὄρνιθος</span> <span class='ocrx_word' id='word_1_396' title='bbox 2416 2606 2749 2677; x_wconf 80' lang='grc' dir='ltr'>εὐμηχάνου.</span> <span class='ocrx_word' id='word_1_397' title='bbox 2783 2607 3084 2661; x_wconf 83' lang='grc' dir='ltr'>Εὑαλὼτων</span> <span class='ocrx_word' id='word_1_398' title='bbox 3114 2607 3224 2679; x_wconf 81' lang='grc' dir='ltr'><strong>γὰρ</strong></span> <span class='ocrx_word' id='word_1_399' title='bbox 3261 2608 3426 2678; x_wconf 77' lang='grc' dir='ltr'>αὐτῆς</span> <span class='ocrx_word' id='word_1_400' title='bbox 3460 2608 3551 2660; x_wconf 84' lang='grc' dir='ltr'><strong>τῶν</strong></span> <span class='ocrx_word' id='word_1_401' title='bbox 3570 2623 3670 2658; x_wconf 77' lang='grc' dir='ltr'>νεοτ-</span> 
     </span>
    </p>
   </div>
   <div class='ocr_carea' id='block_1_57' title="bbox 2167 2686 3671 2773">
    <p class='ocr_par' dir='ltr' id='par_1_57' title="bbox 2167 2686 3671 2773">
     <span class='ocr_line' id='line_1_57' title="bbox 2167 2686 3671 2773; baseline -0.02 3"><span class='ocrx_word' id='word_1_402' title='bbox 2167 2695 2276 2748; x_wconf 70' lang='grc' dir='ltr'><strong>τῶν</strong></span> <span class='ocrx_word' id='word_1_403' title='bbox 2310 2697 2663 2769; x_wconf 70' lang='grc' dir='ltr'><strong>ὑπαρχόντων</strong></span> <span class='ocrx_word' id='word_1_404' title='bbox 2704 2699 2771 2752; x_wconf 83' lang='grc' dir='ltr'>δι’</span> <span class='ocrx_word' id='word_1_405' title='bbox 2816 2686 3162 2768; x_wconf 76' lang='grc' dir='ltr'>ἁπαλότητα,</span> <span class='ocrx_word' id='word_1_406' title='bbox 3207 2700 3410 2773; x_wconf 80' lang='grc' dir='ltr'>ἑαυτὴν</span> <span class='ocrx_word' id='word_1_407' title='bbox 3446 2698 3671 2772; x_wconf 78' lang='grc' dir='ltr'>προὸαλλο-</span> 
     </span>
    </p>
   </div>
   <div class='ocr_carea' id='block_1_58' title="bbox 2176 2789 3673 2863">
    <p class='ocr_par' dir='ltr' id='par_1_58' title="bbox 2176 2789 3673 2863">
     <span class='ocr_line' id='line_1_58' title="bbox 2176 2789 3673 2863; baseline 0.001 -22"><span class='ocrx_word' id='word_1_408' title='bbox 2176 2789 2312 2859; x_wconf 79' lang='grc' dir='ltr'>μένη</span> <span class='ocrx_word' id='word_1_409' title='bbox 2340 2790 2414 2853; x_wconf 83' lang='grc' dir='ltr'>ὡς</span> <span class='ocrx_word' id='word_1_410' title='bbox 2436 2790 2653 2861; x_wconf 71' lang='grc' dir='ltr'>ἕτοιμον</span> <span class='ocrx_word' id='word_1_411' title='bbox 2682 2790 2929 2863; x_wconf 88' lang='grc' dir='ltr'>θήραμα,</span> <span class='ocrx_word' id='word_1_412' title='bbox 2957 2792 3050 2845; x_wconf 78' lang='grc' dir='ltr'><strong>καὶ</strong></span> <span class='ocrx_word' id='word_1_413' title='bbox 3076 2794 3197 2855; x_wconf 85' lang='grc' dir='ltr'>ταῖς</span> <span class='ocrx_word' id='word_1_414' title='bbox 3233 2792 3391 2862; x_wconf 76' lang='grc' dir='ltr'>χερσὶ</span> <span class='ocrx_word' id='word_1_415' title='bbox 3420 2790 3513 2844; x_wconf 86' lang='grc' dir='ltr'><strong>τῶν</strong></span> <span class='ocrx_word' id='word_1_416' title='bbox 3533 2792 3673 2861; x_wconf 78' lang='grc' dir='ltr'>ἀγρευ-</span> 
     </span>
    </p>
   </div>
   <div class='ocr_carea' id='block_1_59' title="bbox 2169 2877 3671 2953">
    <p class='ocr_par' dir='ltr' id='par_1_59' title="bbox 2169 2877 3671 2953">
     <span class='ocr_line' id='line_1_59' title="bbox 2169 2877 3671 2953; baseline 0.001 -24"><span class='ocrx_word' id='word_1_417' title='bbox 2169 2879 2337 2931; x_wconf 80' lang='grc' dir='ltr'>ὁντων</span> <span class='ocrx_word' id='word_1_418' title='bbox 2366 2879 2791 2950; x_wconf 73' lang='grc' dir='ltr'>ὲνστρεφομένη,</span> <span class='ocrx_word' id='word_1_419' title='bbox 2822 2879 2946 2933; x_wconf 72' lang='grc' dir='ltr'>οὔτε</span> <span class='ocrx_word' id='word_1_420' title='bbox 2977 2880 3255 2951; x_wconf 52' lang='lat' dir='ltr'><strong>amomo;</strong></span> <span class='ocrx_word' id='word_1_421' title='bbox 3292 2877 3360 2953; x_wconf 81' lang='grc' dir='ltr'>ἦν</span> <span class='ocrx_word' id='word_1_422' title='bbox 3384 2884 3443 2934; x_wconf 82' lang='grc' dir='ltr'>ἐκ</span> <span class='ocrx_word' id='word_1_423' title='bbox 3480 2881 3557 2934; x_wconf 78' lang='grc' dir='ltr'><strong>τοῦ</strong></span> <span class='ocrx_word' id='word_1_424' title='bbox 3579 2897 3671 2949; x_wconf 77' lang='grc' dir='ltr'>προ-</span> 
     </span>
    </p>
   </div>
   <div class='ocr_carea' id='block_1_60' title="bbox 2169 2970 3673 3043">
    <p class='ocr_par' dir='ltr' id='par_1_60' title="bbox 2169 2970 3673 3043">
     <span class='ocr_line' id='line_1_60' title="bbox 2169 2970 3673 3043; baseline 0.001 -20"><span class='ocrx_word' id='word_1_425' title='bbox 2169 2970 2350 3043; x_wconf 83' lang='grc' dir='ltr'>χείρου</span> <span class='ocrx_word' id='word_1_426' title='bbox 2384 2973 2494 3035; x_wconf 81' lang='grc' dir='ltr'>τοῖς</span> <span class='ocrx_word' id='word_1_427' title='bbox 2529 2972 2821 3041; x_wconf 83' lang='grc' dir='ltr'>θηρευταίς</span> <span class='ocrx_word' id='word_1_428' title='bbox 2844 3012 2858 3034; x_wconf 88' lang='grc'><strong>,</strong></span> <span class='ocrx_word' id='word_1_429' title='bbox 2889 2972 3013 3027; x_wconf 75' lang='grc' dir='ltr'>οὔτε</span> <span class='ocrx_word' id='word_1_430' title='bbox 3060 2974 3373 3042; x_wconf 81' lang='grc' dir='ltr'>ἀπόγνωσιν</span> <span class='ocrx_word' id='word_1_431' title='bbox 3421 2973 3575 3035; x_wconf 75' lang='grc' dir='ltr'>αὐτοῖς</span> <span class='ocrx_word' id='word_1_432' title='bbox 3614 2974 3673 3024; x_wconf 80' lang='grc' dir='ltr'>ὲν-</span> 
     </span>
    </p>
   </div>
   <div class='ocr_carea' id='block_1_61' title="bbox 492 3061 2065 3156">
    <p class='ocr_par' dir='ltr' id='par_1_61' title="bbox 492 3069 2064 3142">
     <span class='ocr_line' id='line_1_61' title="bbox 492 3069 2064 3142; baseline 0.003 -21"><span class='ocrx_word' id='word_1_433' title='bbox 492 3069 772 3138; x_wconf 72' lang='lat' dir='ltr'><strong>rapienda:</strong></span> <span class='ocrx_word' id='word_1_434' title='bbox 812 3072 1005 3142; x_wconf 64' lang='lat' dir='ltr'><strong>praedae</strong></span> <span class='ocrx_word' id='word_1_435' title='bbox 1045 3070 1127 3126; x_wconf 87' lang='lat' dir='ltr'><strong>eis</strong></span> <span class='ocrx_word' id='word_1_436' title='bbox 1176 3071 1494 3138; x_wconf 88' lang='lat' dir='ltr'><strong>adimebat;</strong></span> <span class='ocrx_word' id='word_1_437' title='bbox 1540 3072 1633 3127; x_wconf 91' lang='lat' dir='ltr'><strong>sed</strong></span> <span class='ocrx_word' id='word_1_438' title='bbox 1679 3073 1906 3137; x_wconf 85' lang='lat' dir='ltr'><strong>interea,</strong></span> <span class='ocrx_word' id='word_1_439' title='bbox 1935 3073 2064 3128; x_wconf 92' lang='lat' dir='ltr'><strong>dum</strong></span> 
     </span>
    </p>
   </div>
   <div class='ocr_carea' id='block_1_62' title="bbox 2169 3061 3671 3156">
    <p class='ocr_par' dir='ltr' id='par_1_62' title="bbox 2169 3061 3671 3135">
     <span class='ocr_line' id='line_1_62' title="bbox 2169 3061 3671 3135; baseline 0.003 -21"><span class='ocrx_word' id='word_1_440' title='bbox 2169 3064 2341 3115; x_wconf 83' lang='grc' dir='ltr'>εποίει</span> <span class='ocrx_word' id='word_1_441' title='bbox 2366 3063 2465 3133; x_wconf 77' lang='grc' dir='ltr'>τῆς</span> <span class='ocrx_word' id='word_1_442' title='bbox 2493 3063 2668 3135; x_wconf 80' lang='grc' dir='ltr'>ἄγρας</span> <span class='ocrx_word' id='word_1_443' title='bbox 2689 3080 2701 3091; x_wconf 89' lang='grc'>·</span> <span class='ocrx_word' id='word_1_444' title='bbox 2727 3063 2864 3117; x_wconf 76' lang='grc' dir='ltr'>ἀλλὰ</span> <span class='ocrx_word' id='word_1_445' title='bbox 2883 3068 3002 3128; x_wconf 84' lang='grc' dir='ltr'>ταῖς</span> <span class='ocrx_word' id='word_1_446' title='bbox 3032 3065 3246 3117; x_wconf 77' lang='grc' dir='ltr'>ἐλπίσιν</span> <span class='ocrx_word' id='word_1_447' title='bbox 3273 3065 3460 3129; x_wconf 74' lang='grc' dir='ltr'>αὐτοὺς</span> <span class='ocrx_word' id='word_1_448' title='bbox 3482 3061 3671 3119; x_wconf 63' lang='grc' dir='ltr'>ποικίλως</span> 
     </span>
    </p>
   </div>
   <div class='ocr_carea' id='block_1_63' title="bbox 494 3162 2064 3234">
    <p class='ocr_par' dir='ltr' id='par_1_63' title="bbox 494 3162 2064 3234">
     <span class='ocr_line' id='line_1_63' title="bbox 494 3162 2064 3234; baseline 0.004 -21"><span class='ocrx_word' id='word_1_449' title='bbox 494 3162 645 3230; x_wconf 90' lang='lat' dir='ltr'><strong>ipsos</strong></span> <span class='ocrx_word' id='word_1_450' title='bbox 692 3176 790 3233; x_wconf 89' lang='lat' dir='ltr'><strong>spe</strong></span> <span class='ocrx_word' id='word_1_451' title='bbox 824 3163 976 3219; x_wconf 86' lang='lat' dir='ltr'><strong>varie</strong></span> <span class='ocrx_word' id='word_1_452' title='bbox 1017 3163 1306 3226; x_wconf 89' lang='lat' dir='ltr'><strong>detineret,</strong></span> <span class='ocrx_word' id='word_1_453' title='bbox 1352 3178 1417 3216; x_wconf 91' lang='lat' dir='ltr'><strong>ac</strong></span> <span class='ocrx_word' id='word_1_454' title='bbox 1461 3164 1608 3218; x_wconf 90' lang='lat' dir='ltr'><strong>circa</strong></span> <span class='ocrx_word' id='word_1_455' title='bbox 1657 3180 1718 3219; x_wconf 90' lang='lat' dir='ltr'><strong>se</strong></span> <span class='ocrx_word' id='word_1_456' title='bbox 1750 3176 2064 3234; x_wconf 85' lang='lat' dir='ltr'><strong>occuparet,</strong></span> 
     </span>
    </p>
   </div>
   <div class='ocr_carea' id='block_1_64' title="bbox 494 3253 2064 3326">
    <p class='ocr_par' dir='ltr' id='par_1_64' title="bbox 494 3253 2064 3326">
     <span class='ocr_line' id='line_1_64' title="bbox 494 3253 2064 3326; baseline 0.004 -19"><span class='ocrx_word' id='word_1_457' title='bbox 494 3253 735 3325; x_wconf 80' lang='lat' dir='ltr'><strong>fugiendi</strong></span> <span class='ocrx_word' id='word_1_458' title='bbox 789 3253 954 3325; x_wconf 80' lang='lat'><strong>519</strong></span> <span class='ocrx_word' id='word_1_459' title='bbox 1004 3258 1216 3325; x_wconf 85' lang='lat' dir='ltr'><strong>copiam</strong></span> <span class='ocrx_word' id='word_1_460' title='bbox 1252 3271 1316 3312; x_wconf 90' lang='lat' dir='ltr'><strong>ac</strong></span> <span class='ocrx_word' id='word_1_461' title='bbox 1349 3256 1701 3311; x_wconf 86' lang='lat' dir='ltr'><strong>securitatem</strong></span> <span class='ocrx_word' id='word_1_462' title='bbox 1748 3257 1913 3326; x_wconf 89' lang='lat' dir='ltr'><strong>pullis</strong></span> <span class='ocrx_word' id='word_1_463' title='bbox 1948 3259 2064 3313; x_wconf 83' lang='lat' dir='ltr'><strong>suis</strong></span> 
     </span>
    </p>
   </div>
   <div class='ocr_carea' id='block_1_65' title="bbox 493 3344 2062 3418">
    <p class='ocr_par' dir='ltr' id='par_1_65' title="bbox 493 3344 2062 3418">
     <span class='ocr_line' id='line_1_65' title="bbox 493 3344 2062 3418; baseline 0.003 -20"><span class='ocrx_word' id='word_1_464' title='bbox 493 3344 957 3411; x_wconf 88' lang='lat' dir='ltr'><strong>subministravit,</strong></span> <span class='ocrx_word' id='word_1_465' title='bbox 998 3361 1063 3401; x_wconf 88' lang='lat' dir='ltr'><strong>ac</strong></span> <span class='ocrx_word' id='word_1_466' title='bbox 1110 3357 1386 3418; x_wconf 88' lang='lat' dir='ltr'><strong>postremo</strong></span> <span class='ocrx_word' id='word_1_467' title='bbox 1435 3348 1552 3416; x_wconf 89' lang='lat' dir='ltr'><strong>ipsa</strong></span> <span class='ocrx_word' id='word_1_468' title='bbox 1620 3363 1838 3418; x_wconf 88' lang='lat' dir='ltr'><strong>quoque</strong></span> <span class='ocrx_word' id='word_1_469' title='bbox 1899 3349 2062 3404; x_wconf 91' lang='lat' dir='ltr'><strong>simul</strong></span> 
     </span>
    </p>
   </div>
   <div class='ocr_carea' id='block_1_66' title="bbox 494 3435 2063 3509">
    <p class='ocr_par' dir='ltr' id='par_1_66' title="bbox 494 3435 2063 3509">
     <span class='ocr_line' id='line_1_66' title="bbox 494 3435 2063 3509; baseline 0.003 -20"><span class='ocrx_word' id='word_1_470' title='bbox 494 3436 750 3492; x_wconf 75' lang='lat' dir='ltr'><strong>avolavit.</strong></span> <span class='ocrx_word' id='word_1_471' title='bbox 804 3435 959 3492; x_wconf 89' lang='lat' dir='ltr'><strong>Time</strong></span> <span class='ocrx_word' id='word_1_472' title='bbox 1017 3452 1086 3492; x_wconf 90' lang='lat' dir='ltr'><strong>ne</strong></span> <span class='ocrx_word' id='word_1_473' title='bbox 1132 3445 1186 3493; x_wconf 87' lang='lat' dir='ltr'><strong>et</strong></span> <span class='ocrx_word' id='word_1_474' title='bbox 1240 3437 1335 3493; x_wconf 89' lang='lat' dir='ltr'><strong>tibi</strong></span> <span class='ocrx_word' id='word_1_475' title='bbox 1384 3437 1586 3493; x_wconf 90' lang='lat' dir='ltr'><strong>similia</strong></span> <span class='ocrx_word' id='word_1_476' title='bbox 1635 3437 1909 3501; x_wconf 76' lang='lat' dir='ltr'><strong>accidant,</strong></span> <span class='ocrx_word' id='word_1_477' title='bbox 1967 3439 2063 3509; x_wconf 86' lang='lat' dir='ltr'><strong>qui</strong></span> 
     </span>
    </p>
   </div>
   <div class='ocr_carea' id='block_1_67' title="bbox 493 3528 2061 3602">
    <p class='ocr_par' dir='ltr' id='par_1_67' title="bbox 493 3528 2061 3602">
     <span class='ocr_line' id='line_1_67' title="bbox 493 3528 2061 3602; baseline 0.001 -20"><span class='ocrx_word' id='word_1_478' title='bbox 493 3535 644 3584; x_wconf 83' lang='lat' dir='ltr'><strong>certa</strong></span> <span class='ocrx_word' id='word_1_479' title='bbox 675 3528 1011 3584; x_wconf 88' lang='lat' dir='ltr'><strong>incertorum</strong></span> <span class='ocrx_word' id='word_1_480' title='bbox 1057 3545 1153 3599; x_wconf 91' lang='lat' dir='ltr'><strong>spe</strong></span> <span class='ocrx_word' id='word_1_481' title='bbox 1197 3529 1557 3601; x_wconf 90' lang='lat' dir='ltr'><strong>derelinquis.</strong></span> <span class='ocrx_word' id='word_1_482' title='bbox 1595 3531 1672 3602; x_wconf 76' lang='lat'><strong>(5)</strong></span> <span class='ocrx_word' id='word_1_483' title='bbox 1708 3528 1845 3585; x_wconf 80' lang='lat' dir='ltr'><strong>Vide</strong></span> <span class='ocrx_word' id='word_1_484' title='bbox 1872 3532 2061 3594; x_wconf 87' lang='lat' dir='ltr'><strong>etiam,</strong></span> 
     </span>
    </p>
   </div>
   <div class='ocr_carea' id='block_1_68' title="bbox 493 3610 2065 3692">
    <p class='ocr_par' dir='ltr' id='par_1_68' title="bbox 493 3610 2065 3692">
     <span class='ocr_line' id='line_1_68' title="bbox 493 3610 2065 3692; baseline 0.002 -18"><span class='ocrx_word' id='word_1_485' title='bbox 493 3635 583 3683; x_wconf 91' lang='lat' dir='ltr'><strong>ne,</strong></span> <span class='ocrx_word' id='word_1_486' title='bbox 612 3619 742 3675; x_wconf 87' lang='lat' dir='ltr'><strong>dum</strong></span> <span class='ocrx_word' id='word_1_487' title='bbox 785 3610 1161 3692; x_wconf 70' lang='lat' dir='ltr'><strong>pmnitentiam</strong></span> <span class='ocrx_word' id='word_1_488' title='bbox 1193 3636 1259 3676; x_wconf 81' lang='lat' dir='ltr'><strong>ex</strong></span> <span class='ocrx_word' id='word_1_489' title='bbox 1290 3636 1434 3674; x_wconf 84' lang='lat' dir='ltr'><strong>anno</strong></span> <span class='ocrx_word' id='word_1_490' title='bbox 1465 3621 1520 3675; x_wconf 92' lang='lat' dir='ltr'><strong>in</strong></span> <span class='ocrx_word' id='word_1_491' title='bbox 1552 3637 1788 3689; x_wconf 89' lang='lat' dir='ltr'><strong>annum,</strong></span> <span class='ocrx_word' id='word_1_492' title='bbox 1815 3636 1845 3677; x_wconf 91' lang='lat' dir='ltr'><strong>e</strong></span> <span class='ocrx_word' id='word_1_493' title='bbox 1877 3636 2065 3677; x_wconf 89' lang='lat' dir='ltr'><strong>mense</strong></span> 
     </span>
    </p>
   </div>
   <div class='ocr_carea' id='block_1_69' title="bbox 492 3712 2063 3785">
    <p class='ocr_par' dir='ltr' id='par_1_69' title="bbox 492 3712 2063 3785">
     <span class='ocr_line' id='line_1_69' title="bbox 492 3712 2063 3785; baseline 0.002 -18"><span class='ocrx_word' id='word_1_494' title='bbox 492 3712 551 3767; x_wconf 89' lang='lat' dir='ltr'><strong>in</strong></span> <span class='ocrx_word' id='word_1_495' title='bbox 578 3727 845 3776; x_wconf 89' lang='lat' dir='ltr'><strong>mensem,</strong></span> <span class='ocrx_word' id='word_1_496' title='bbox 876 3728 908 3769; x_wconf 91' lang='lat' dir='ltr'><strong>e</strong></span> <span class='ocrx_word' id='word_1_497' title='bbox 937 3712 1024 3769; x_wconf 86' lang='lat' dir='ltr'><strong>die</strong></span> <span class='ocrx_word' id='word_1_498' title='bbox 1063 3715 1116 3767; x_wconf 91' lang='lat' dir='ltr'><strong>in</strong></span> <span class='ocrx_word' id='word_1_499' title='bbox 1148 3713 1291 3768; x_wconf 87' lang='lat' dir='ltr'><strong>diem</strong></span> <span class='ocrx_word' id='word_1_500' title='bbox 1323 3714 1530 3783; x_wconf 87' lang='lat' dir='ltr'><strong>rejicis,</strong></span> <span class='ocrx_word' id='word_1_501' title='bbox 1559 3715 1612 3769; x_wconf 94' lang='lat' dir='ltr'><strong>in</strong></span> <span class='ocrx_word' id='word_1_502' title='bbox 1638 3715 1779 3771; x_wconf 91' lang='lat' dir='ltr'><strong>diem</strong></span> <span class='ocrx_word' id='word_1_503' title='bbox 1817 3715 2063 3785; x_wconf 81' lang='lat' dir='ltr'><strong>inexspe-</strong></span> 
     </span>
    </p>
   </div>
   <div class='ocr_carea' id='block_1_70' title="bbox 474 3802 2063 3874">
    <p class='ocr_par' dir='ltr' id='par_1_70' title="bbox 474 3802 2063 3874">
     <span class='ocr_line' id='line_1_70' title="bbox 474 3802 2063 3874; baseline 0.003 -18"><span class='ocrx_word' id='word_1_504' title='bbox 474 3809 687 3857; x_wconf 87' lang='lat' dir='ltr'><strong>‘ctatam</strong></span> <span class='ocrx_word' id='word_1_505' title='bbox 729 3802 1021 3874; x_wconf 90' lang='lat' dir='ltr'><strong>aliquando</strong></span> <span class='ocrx_word' id='word_1_506' title='bbox 1063 3804 1295 3870; x_wconf 84' lang='lat' dir='ltr'><strong>incidas,</strong></span> <span class='ocrx_word' id='word_1_507' title='bbox 1332 3820 1456 3859; x_wconf 89' lang='lat' dir='ltr'><strong>cum</strong></span> <span class='ocrx_word' id='word_1_508' title='bbox 1503 3805 1615 3874; x_wconf 83' lang='lat' dir='ltr'><strong>jam</strong></span> <span class='ocrx_word' id='word_1_509' title='bbox 1655 3805 1872 3862; x_wconf 85' lang='lat' dir='ltr'><strong>deficiet</strong></span> <span class='ocrx_word' id='word_1_510' title='bbox 1905 3816 1957 3861; x_wconf 91' lang='lat' dir='ltr'><strong>te</strong></span> <span class='ocrx_word' id='word_1_511' title='bbox 1980 3806 2063 3860; x_wconf 85' lang='lat' dir='ltr'><strong>vi-</strong></span> 
     </span>
    </p>
   </div>
   <div class='ocr_carea' id='block_1_71' title="bbox 488 3890 2061 3965">
    <p class='ocr_par' dir='ltr' id='par_1_71' title="bbox 488 3890 2061 3965">
     <span class='ocr_line' id='line_1_71' title="bbox 488 3890 2061 3965; baseline 0.003 -19"><span class='ocrx_word' id='word_1_512' title='bbox 488 3892 649 3947; x_wconf 86' lang='lat' dir='ltr'><strong>vendi</strong></span> <span class='ocrx_word' id='word_1_513' title='bbox 702 3890 955 3954; x_wconf 86' lang='lat' dir='ltr'><strong>facultas,</strong></span> <span class='ocrx_word' id='word_1_514' title='bbox 987 3893 1199 3964; x_wconf 88' lang='lat' dir='ltr'><strong>eritque</strong></span> <span class='ocrx_word' id='word_1_515' title='bbox 1254 3894 1496 3965; x_wconf 91' lang='lat' dir='ltr'><strong>undique</strong></span> <span class='ocrx_word' id='word_1_516' title='bbox 1541 3895 1817 3965; x_wconf 89' lang='lat' dir='ltr'><strong>angustia,</strong></span> <span class='ocrx_word' id='word_1_517' title='bbox 1847 3904 1903 3952; x_wconf 91' lang='lat' dir='ltr'><strong>et</strong></span> <span class='ocrx_word' id='word_1_518' title='bbox 1930 3895 2061 3951; x_wconf 83' lang='lat' dir='ltr'><strong>aﬂli-</strong></span> 
     </span>
    </p>
   </div>
   <div class='ocr_carea' id='block_1_72' title="bbox 491 3984 2061 4058">
    <p class='ocr_par' dir='ltr' id='par_1_72' title="bbox 491 3984 2061 4058">
     <span class='ocr_line' id='line_1_72' title="bbox 491 3984 2061 4058; baseline 0.004 -19"><span class='ocrx_word' id='word_1_519' title='bbox 491 3985 599 4039; x_wconf 92' lang='lat' dir='ltr'><strong>ctio</strong></span> <span class='ocrx_word' id='word_1_520' title='bbox 641 3984 1017 4055; x_wconf 87' lang='lat' dir='ltr'><strong>cujuscunque</strong></span> <span class='ocrx_word' id='word_1_521' title='bbox 1052 3986 1337 4041; x_wconf 83' lang='lat' dir='ltr'><strong>levamenti</strong></span> <span class='ocrx_word' id='word_1_522' title='bbox 1375 4002 1593 4056; x_wconf 85' lang='lat' dir='ltr'><strong>expers,</strong></span> <span class='ocrx_word' id='word_1_523' title='bbox 1639 3988 2061 4058; x_wconf 89' lang='lat' dir='ltr'><strong>desperantibus</strong></span> 
     </span>
    </p>
   </div>
   <div class='ocr_carea' id='block_1_73' title="bbox 491 4074 2058 4145">
    <p class='ocr_par' dir='ltr' id='par_1_73' title="bbox 491 4074 2058 4145">
     <span class='ocr_line' id='line_1_73' title="bbox 491 4074 2058 4145; baseline 0.006 -19"><span class='ocrx_word' id='word_1_524' title='bbox 491 4074 738 4138; x_wconf 84' lang='lat' dir='ltr'><strong>medicis,</strong></span> <span class='ocrx_word' id='word_1_525' title='bbox 786 4074 1210 4143; x_wconf 85' lang='lat' dir='ltr'><strong>desperantibus</strong></span> <span class='ocrx_word' id='word_1_526' title='bbox 1238 4083 1292 4130; x_wconf 90' lang='lat' dir='ltr'><strong>et</strong></span> <span class='ocrx_word' id='word_1_527' title='bbox 1325 4077 1673 4145; x_wconf 88' lang='lat' dir='ltr'><strong>propinquis,</strong></span> <span class='ocrx_word' id='word_1_528' title='bbox 1705 4092 1831 4131; x_wconf 90' lang='lat' dir='ltr'><strong>cum</strong></span> <span class='ocrx_word' id='word_1_529' title='bbox 1863 4078 2058 4135; x_wconf 90' lang='lat' dir='ltr'><strong>crebro</strong></span> 
     </span>
    </p>
   </div>
   <div class='ocr_carea' id='block_1_74' title="bbox 489 4164 2061 4236">
    <p class='ocr_par' dir='ltr' id='par_1_74' title="bbox 489 4164 2061 4236">
     <span class='ocr_line' id='line_1_74' title="bbox 489 4164 2061 4236; baseline 0.002 -17"><span class='ocrx_word' id='word_1_530' title='bbox 489 4176 543 4219; x_wconf 90' lang='lat' dir='ltr'><strong>et</strong></span> <span class='ocrx_word' id='word_1_531' title='bbox 595 4165 742 4220; x_wconf 85' lang='lat' dir='ltr'><strong>sicco</strong></span> <span class='ocrx_word' id='word_1_532' title='bbox 790 4164 1032 4219; x_wconf 89' lang='lat' dir='ltr'><strong>anhelitu</strong></span> <span class='ocrx_word' id='word_1_533' title='bbox 1084 4181 1307 4236; x_wconf 84' lang='lat' dir='ltr'><strong>pressus</strong></span> <span class='ocrx_word' id='word_1_534' title='bbox 1336 4167 1643 4222; x_wconf 79' lang='lat' dir='ltr'><strong>vehementi</strong></span> <span class='ocrx_word' id='word_1_535' title='bbox 1698 4166 1847 4223; x_wconf 88' lang='lat' dir='ltr'><strong>febre</strong></span> <span class='ocrx_word' id='word_1_536' title='bbox 1889 4168 2061 4224; x_wconf 85' lang='lat' dir='ltr'><strong>inter--</strong></span> 
     </span>
    </p>
   </div>
   <div class='ocr_carea' id='block_1_75' title="bbox 489 4255 2059 4330">
    <p class='ocr_par' dir='ltr' id='par_1_75' title="bbox 489 4255 2059 4330">
     <span class='ocr_line' id='line_1_75' title="bbox 489 4255 2059 4330; baseline 0.003 -22"><span class='ocrx_word' id='word_1_537' title='bbox 489 4268 592 4309; x_wconf 85' lang='lat' dir='ltr'><strong>nas</strong></span> <span class='ocrx_word' id='word_1_538' title='bbox 635 4261 821 4325; x_wconf 86' lang='lat' dir='ltr'><strong>partes</strong></span> <span class='ocrx_word' id='word_1_539' title='bbox 874 4255 1248 4311; x_wconf 83' lang='lat' dir='ltr'><strong>inflammante</strong></span> <span class='ocrx_word' id='word_1_540' title='bbox 1299 4266 1464 4326; x_wconf 91' lang='lat' dir='ltr'><strong>atque</strong></span> <span class='ocrx_word' id='word_1_541' title='bbox 1510 4255 1857 4325; x_wconf 87' lang='lat' dir='ltr'><strong>succedente,</strong></span> <span class='ocrx_word' id='word_1_542' title='bbox 1904 4259 2059 4330; x_wconf 86' lang='lat' dir='ltr'><strong>inge-</strong></span> 
     </span>
    </p>
   </div>
   <div class='ocr_carea' id='block_1_76' title="bbox 488 4343 2057 4416">
    <p class='ocr_par' dir='ltr' id='par_1_76' title="bbox 488 4343 2057 4416">
     <span class='ocr_line' id='line_1_76' title="bbox 488 4343 2057 4416; baseline 0.004 -17"><span class='ocrx_word' id='word_1_543' title='bbox 488 4344 691 4399; x_wconf 86' lang='lat' dir='ltr'><strong>misces</strong></span> <span class='ocrx_word' id='word_1_544' title='bbox 720 4343 940 4414; x_wconf 89' lang='lat' dir='ltr'><strong>quidem</strong></span> <span class='ocrx_word' id='word_1_545' title='bbox 974 4354 1194 4415; x_wconf 77' lang='lat' dir='ltr'><strong>pectore</strong></span> <span class='ocrx_word' id='word_1_546' title='bbox 1232 4347 1361 4411; x_wconf 83' lang='lat' dir='ltr'><strong>imo,</strong></span> <span class='ocrx_word' id='word_1_547' title='bbox 1395 4346 1489 4402; x_wconf 91' lang='lat' dir='ltr'><strong>sed</strong></span> <span class='ocrx_word' id='word_1_548' title='bbox 1524 4348 1618 4416; x_wconf 82' lang='lat' dir='ltr'><strong>qui</strong></span> <span class='ocrx_word' id='word_1_549' title='bbox 1643 4348 1929 4404; x_wconf 89' lang='lat' dir='ltr'><strong>condoleat</strong></span> <span class='ocrx_word' id='word_1_550' title='bbox 1967 4363 2057 4405; x_wconf 87' lang='lat' dir='ltr'><strong>re—</strong></span> 
     </span>
    </p>
   </div>
   <div class='ocr_carea' id='block_1_77' title="bbox 2171 3154 3672 3227">
    <p class='ocr_par' dir='ltr' id='par_1_77' title="bbox 2171 3154 3672 3227">
     <span class='ocr_line' id='line_1_77' title="bbox 2171 3154 3672 3227; baseline 0 -21"><span class='ocrx_word' id='word_1_551' title='bbox 2171 3154 2648 3224; x_wconf 82' lang='grc' dir='ltr'>παρακατέχουσα,</span> <span class='ocrx_word' id='word_1_552' title='bbox 2669 3157 2734 3225; x_wconf 80' lang='grc' dir='ltr'>τῇ</span> <span class='ocrx_word' id='word_1_553' title='bbox 2756 3156 2884 3227; x_wconf 77' lang='grc' dir='ltr'>περὶ</span> <span class='ocrx_word' id='word_1_554' title='bbox 2909 3155 3078 3226; x_wconf 71' lang='grc' dir='ltr'>αὐτὴν</span> <span class='ocrx_word' id='word_1_555' title='bbox 3103 3156 3359 3227; x_wconf 67' lang='grc' dir='ltr'>ἀσχολίᾳ,</span> <span class='ocrx_word' id='word_1_556' title='bbox 3380 3158 3481 3220; x_wconf 80' lang='grc' dir='ltr'>τοῖς</span> <span class='ocrx_word' id='word_1_557' title='bbox 3498 3155 3672 3215; x_wconf 60' lang='lat' dir='ltr'><strong>vacasti;</strong></span> 
     </span>
    </p>
   </div>
   <div class='ocr_carea' id='block_1_78' title="bbox 2160 3244 3671 3318">
    <p class='ocr_par' dir='ltr' id='par_1_78' title="bbox 2160 3244 3671 3318">
     <span class='ocr_line' id='line_1_78' title="bbox 2160 3244 3671 3318; baseline -0.001 -20"><span class='ocrx_word' id='word_1_558' title='bbox 2160 3245 2268 3316; x_wconf 67' lang='grc' dir='ltr'>τὴν</span> <span class='ocrx_word' id='word_1_559' title='bbox 2319 3244 2503 3299; x_wconf 83' lang='grc' dir='ltr'>ἄδειαν</span> <span class='ocrx_word' id='word_1_560' title='bbox 2535 3246 2634 3316; x_wconf 81' lang='grc' dir='ltr'>τῆς</span> <span class='ocrx_word' id='word_1_561' title='bbox 2670 3246 2849 3317; x_wconf 72' lang='grc' dir='ltr'>φυγῆς</span> <span class='ocrx_word' id='word_1_562' title='bbox 2896 3246 3287 3318; x_wconf 76' lang='grc' dir='ltr'>πρρεξένησεν,</span> <span class='ocrx_word' id='word_1_563' title='bbox 3328 3245 3442 3302; x_wconf 75' lang='grc' dir='ltr'>εἶτα</span> <span class='ocrx_word' id='word_1_564' title='bbox 3467 3248 3521 3300; x_wconf 69' lang='grc' dir='ltr'>τὸ</span> <span class='ocrx_word' id='word_1_565' title='bbox 3545 3245 3671 3299; x_wconf 70' lang='grc' dir='ltr'>τελευ-</span> 
     </span>
    </p>
   </div>
   <div class='ocr_carea' id='block_1_79' title="bbox 2169 3337 3673 3413">
    <p class='ocr_par' dir='ltr' id='par_1_79' title="bbox 2169 3337 3673 3413">
     <span class='ocr_line' id='line_1_79' title="bbox 2169 3337 3673 3413; baseline -0.001 -22"><span class='ocrx_word' id='word_1_566' title='bbox 2169 3340 2321 3391; x_wconf 82' lang='grc' dir='ltr'>ταῖον</span> <span class='ocrx_word' id='word_1_567' title='bbox 2355 3337 2449 3390; x_wconf 69' lang='grc' dir='ltr'><strong>καὶ</strong></span> <span class='ocrx_word' id='word_1_568' title='bbox 2478 3338 2615 3409; x_wconf 85' lang='grc' dir='ltr'>αὑτὴ</span> <span class='ocrx_word' id='word_1_569' title='bbox 2660 3339 3004 3408; x_wconf 81' lang='grc' dir='ltr'>συναπέπτη.</span> <span class='ocrx_word' id='word_1_570' title='bbox 3036 3340 3334 3413; x_wconf 69' lang='grc' dir='ltr'>Φοϐήθητι,</span> <span class='ocrx_word' id='word_1_571' title='bbox 3360 3342 3431 3412; x_wconf 82' lang='grc' dir='ltr'>μὴ</span> <span class='ocrx_word' id='word_1_572' title='bbox 3460 3341 3539 3394; x_wconf 74' lang='grc' dir='ltr'><strong>καὶ</strong></span> <span class='ocrx_word' id='word_1_573' title='bbox 3562 3339 3673 3392; x_wconf 71' lang='grc' dir='ltr'>σῦτὲι</span> 
     </span>
    </p>
   </div>
   <div class='ocr_carea' id='block_1_80' title="bbox 2167 3428 3671 3504">
    <p class='ocr_par' dir='ltr' id='par_1_80' title="bbox 2167 3428 3671 3504">
     <span class='ocr_line' id='line_1_80' title="bbox 2167 3428 3671 3504; baseline 0.001 -23"><span class='ocrx_word' id='word_1_574' title='bbox 2167 3428 2528 3499; x_wconf 81' lang='grc' dir='ltr'>παραπλήσια</span> <span class='ocrx_word' id='word_1_575' title='bbox 2574 3428 2773 3501; x_wconf 81' lang='grc' dir='ltr'>πάθῃς,</span> <span class='ocrx_word' id='word_1_576' title='bbox 2806 3432 2863 3484; x_wconf 80' lang='grc' dir='ltr'><strong>ἐν</strong></span> <span class='ocrx_word' id='word_1_577' title='bbox 2909 3433 3030 3494; x_wconf 84' lang='grc' dir='ltr'>ταῖς</span> <span class='ocrx_word' id='word_1_578' title='bbox 3060 3429 3168 3485; x_wconf 85' lang='grc' dir='ltr'><strong>τῶν</strong></span> <span class='ocrx_word' id='word_1_579' title='bbox 3204 3433 3422 3504; x_wconf 77' lang='grc' dir='ltr'>ἀδήλων</span> <span class='ocrx_word' id='word_1_580' title='bbox 3460 3432 3608 3485; x_wconf 78' lang='grc' dir='ltr'>ἐλπίσι</span> <span class='ocrx_word' id='word_1_581' title='bbox 3630 3430 3671 3482; x_wconf 72' lang='grc' dir='ltr'>τὰ</span> 
     </span>
    </p>
   </div>
   <div class='ocr_carea' id='block_1_81' title="bbox 2167 3520 3673 3594">
    <p class='ocr_par' dir='ltr' id='par_1_81' title="bbox 2167 3520 3673 3594">
     <span class='ocr_line' id='line_1_81' title="bbox 2167 3520 3673 3594; baseline 0 -21"><span class='ocrx_word' id='word_1_582' title='bbox 2167 3520 2377 3591; x_wconf 79' lang='grc' dir='ltr'>φανερὰ</span> <span class='ocrx_word' id='word_1_583' title='bbox 2407 3520 2561 3592; x_wconf 87' lang='grc' dir='ltr'>προῖέ</span> <span class='ocrx_word' id='word_1_584' title='bbox 2572 3538 2748 3591; x_wconf 82' lang='grc' dir='ltr'>μενος.</span> <span class='ocrx_word' id='word_1_585' title='bbox 2771 3523 2931 3588; x_wconf 76' lang='grc' dir='ltr'>Ὅρα,</span> <span class='ocrx_word' id='word_1_586' title='bbox 2959 3525 3170 3594; x_wconf 80' lang='grc' dir='ltr'>μήποτε</span> <span class='ocrx_word' id='word_1_587' title='bbox 3204 3525 3451 3578; x_wconf 78' lang='grc' dir='ltr'>ἐνιαυτὸν</span> <span class='ocrx_word' id='word_1_588' title='bbox 3473 3525 3526 3589; x_wconf 82' lang='grc' dir='ltr'>ἐξ</span> <span class='ocrx_word' id='word_1_589' title='bbox 3548 3526 3673 3576; x_wconf 64' lang='grc' dir='ltr'>ἐντειν-</span> 
     </span>
    </p>
   </div>
   <div class='ocr_carea' id='block_1_82' title="bbox 2163 3608 3672 3688">
    <p class='ocr_par' dir='ltr' id='par_1_82' title="bbox 2163 3608 3672 3688">
     <span class='ocr_line' id='line_1_82' title="bbox 2163 3608 3672 3688; baseline 0.006 -23"><span class='ocrx_word' id='word_1_590' title='bbox 2163 3608 2292 3676; x_wconf 80' lang='grc' dir='ltr'>τοῦ,</span> <span class='ocrx_word' id='word_1_591' title='bbox 2323 3614 2415 3667; x_wconf 71' lang='grc' dir='ltr'>καὶ</span> <span class='ocrx_word' id='word_1_592' title='bbox 2453 3613 2597 3684; x_wconf 72' lang='grc' dir='ltr'>μῆνα</span> <span class='ocrx_word' id='word_1_593' title='bbox 2644 3615 2709 3666; x_wconf 81' lang='grc' dir='ltr'><strong>ὲκ</strong></span> <span class='ocrx_word' id='word_1_594' title='bbox 2767 3615 2970 3685; x_wconf 73' lang='grc' dir='ltr'>μηνὺς,</span> <span class='ocrx_word' id='word_1_595' title='bbox 3028 3617 3122 3669; x_wconf 72' lang='grc' dir='ltr'><strong>καὶ</strong></span> <span class='ocrx_word' id='word_1_596' title='bbox 3169 3616 3390 3688; x_wconf 78' lang='grc' dir='ltr'>ἡμέραν</span> <span class='ocrx_word' id='word_1_597' title='bbox 3433 3617 3488 3681; x_wconf 80' lang='grc' dir='ltr'>ἐξ</span> <span class='ocrx_word' id='word_1_598' title='bbox 3520 3616 3672 3685; x_wconf 49' lang='grc' dir='ltr'><strong>ήῴριξ</strong></span> 
     </span>
    </p>
   </div>
   <div class='ocr_carea' id='block_1_83' title="bbox 2165 3705 3669 3781">
    <p class='ocr_par' dir='ltr' id='par_1_83' title="bbox 2165 3705 3669 3781">
     <span class='ocr_line' id='line_1_83' title="bbox 2165 3705 3669 3781; baseline -0.003 -22"><span class='ocrx_word' id='word_1_599' title='bbox 2165 3706 2586 3777; x_wconf 80' lang='grc' dir='ltr'>ὑπερτιθέμενος</span> <span class='ocrx_word' id='word_1_600' title='bbox 2621 3707 2718 3779; x_wconf 80' lang='grc' dir='ltr'>τὴν</span> <span class='ocrx_word' id='word_1_601' title='bbox 2753 3706 3041 3777; x_wconf 81' lang='grc' dir='ltr'>μετάνοιαν</span> <span class='ocrx_word' id='word_1_602' title='bbox 3059 3749 3075 3771; x_wconf 90' lang='grc'><strong>,</strong></span> <span class='ocrx_word' id='word_1_603' title='bbox 3116 3709 3375 3781; x_wconf 81' lang='grc' dir='ltr'>ὲμπέσῃς</span> <span class='ocrx_word' id='word_1_604' title='bbox 3402 3709 3519 3761; x_wconf 79' lang='grc' dir='ltr'>ποτὲ</span> <span class='ocrx_word' id='word_1_605' title='bbox 3546 3709 3607 3770; x_wconf 87' lang='grc' dir='ltr'><strong>είς</strong></span> <span class='ocrx_word' id='word_1_606' title='bbox 3628 3705 3669 3775; x_wconf 66' lang='grc' dir='ltr'>ἦν</span> 
     </span>
    </p>
   </div>
   <div class='ocr_carea' id='block_1_84' title="bbox 2162 3796 3672 3869">
    <p class='ocr_par' dir='ltr' id='par_1_84' title="bbox 2162 3796 3672 3869">
     <span class='ocr_line' id='line_1_84' title="bbox 2162 3796 3672 3869; baseline -0.001 -20"><span class='ocrx_word' id='word_1_607' title='bbox 2162 3796 2222 3849; x_wconf 86' lang='grc' dir='ltr'><strong>ού</strong></span> <span class='ocrx_word' id='word_1_608' title='bbox 2287 3796 2587 3869; x_wconf 75' lang='grc' dir='ltr'>προσδοκᾷς</span> <span class='ocrx_word' id='word_1_609' title='bbox 2645 3796 2890 3868; x_wconf 83' lang='grc' dir='ltr'>ἡμέραν,</span> <span class='ocrx_word' id='word_1_610' title='bbox 2949 3797 3108 3868; x_wconf 80' lang='grc' dir='ltr'>ἡνίκα</span> <span class='ocrx_word' id='word_1_611' title='bbox 3176 3797 3247 3851; x_wconf 84' lang='grc' dir='ltr'>ἂν</span> <span class='ocrx_word' id='word_1_612' title='bbox 3302 3797 3592 3852; x_wconf 78' lang='grc' dir='ltr'>ἐπιλείπωσί</span> <span class='ocrx_word' id='word_1_613' title='bbox 3634 3810 3672 3845; x_wconf 81' lang='grc' dir='ltr'><strong>σε</strong></span> 
     </span>
    </p>
   </div>
   <div class='ocr_carea' id='block_1_85' title="bbox 2161 3886 3671 3964">
    <p class='ocr_par' dir='ltr' id='par_1_85' title="bbox 2161 3886 3671 3964">
     <span class='ocr_line' id='line_1_85' title="bbox 2161 3886 3671 3964; baseline 0.003 -25"><span class='ocrx_word' id='word_1_614' title='bbox 2161 3888 2344 3942; x_wconf 77' lang='grc' dir='ltr'>λοιπὸν</span> <span class='ocrx_word' id='word_1_615' title='bbox 2389 3890 2444 3942; x_wconf 80' lang='grc' dir='ltr'>αἱ</span> <span class='ocrx_word' id='word_1_616' title='bbox 2490 3888 2580 3942; x_wconf 87' lang='grc' dir='ltr'><strong>τοῦ</strong></span> <span class='ocrx_word' id='word_1_617' title='bbox 2629 3889 2728 3960; x_wconf 81' lang='grc' dir='ltr'><strong>ζῇν</strong></span> <span class='ocrx_word' id='word_1_618' title='bbox 2764 3890 3047 3959; x_wconf 71' lang='grc' dir='ltr'>ἀφορμαί·</span> <span class='ocrx_word' id='word_1_619' title='bbox 3095 3889 3305 3960; x_wconf 83' lang='grc' dir='ltr'>ἀπορία</span> <span class='ocrx_word' id='word_1_620' title='bbox 3358 3891 3415 3944; x_wconf 80' lang='grc' dir='ltr'><strong>δὲ</strong></span> <span class='ocrx_word' id='word_1_621' title='bbox 3526 3890 3671 3943; x_wconf 61' lang='grc' dir='ltr'>πάντι-</span> 
     </span>
    </p>
   </div>
   <div class='ocr_carea' id='block_1_86' title="bbox 2163 3980 3674 4054">
    <p class='ocr_par' dir='ltr' id='par_1_86' title="bbox 2163 3980 3674 4054">
     <span class='ocr_line' id='line_1_86' title="bbox 2163 3980 3674 4054; baseline -0.003 -20"><span class='ocrx_word' id='word_1_622' title='bbox 2163 3980 2274 4041; x_wconf 87' lang='grc' dir='ltr'>θεν,</span> <span class='ocrx_word' id='word_1_623' title='bbox 2326 3982 2419 4034; x_wconf 81' lang='grc' dir='ltr'>καὶ</span> <span class='ocrx_word' id='word_1_624' title='bbox 2470 3980 2647 4050; x_wconf 75' lang='grc' dir='ltr'>θλίψις</span> <span class='ocrx_word' id='word_1_625' title='bbox 2696 3980 3155 4053; x_wconf 75' lang='grc' dir='ltr'>ἀπαραμύθητος·</span> <span class='ocrx_word' id='word_1_626' title='bbox 3211 3983 3572 4054; x_wconf 71' lang='grc' dir='ltr'>ἀπειρηκότων</span> <span class='ocrx_word' id='word_1_627' title='bbox 3608 3980 3674 4050; x_wconf 48' lang='grc' dir='ltr'>μιν</span> 
     </span>
    </p>
   </div>
   <div class='ocr_carea' id='block_1_87' title="bbox 2166 4068 3673 4142">
    <p class='ocr_par' dir='ltr' id='par_1_87' title="bbox 2166 4068 3673 4142">
     <span class='ocr_line' id='line_1_87' title="bbox 2166 4068 3673 4142; baseline 0.001 -19"><span class='ocrx_word' id='word_1_628' title='bbox 2166 4071 2396 4142; x_wconf 82' lang='grc' dir='ltr'>ἰατρῶν,</span> <span class='ocrx_word' id='word_1_629' title='bbox 2440 4071 2822 4141; x_wconf 76' lang='grc' dir='ltr'>ἀπειρηκότων</span> <span class='ocrx_word' id='word_1_630' title='bbox 2872 4072 2927 4125; x_wconf 81' lang='grc' dir='ltr'><strong>δὲ</strong></span> <span class='ocrx_word' id='word_1_631' title='bbox 2963 4072 3071 4124; x_wconf 90' lang='grc' dir='ltr'><strong>τῶν</strong></span> <span class='ocrx_word' id='word_1_632' title='bbox 3123 4073 3345 4126; x_wconf 72' lang='grc' dir='ltr'>οἰκείων</span> <span class='ocrx_word' id='word_1_633' title='bbox 3368 4091 3382 4105; x_wconf 91' lang='grc'><strong>·</strong></span> <span class='ocrx_word' id='word_1_634' title='bbox 3416 4075 3499 4127; x_wconf 78' lang='grc' dir='ltr'><strong>ὅτε</strong></span> <span class='ocrx_word' id='word_1_635' title='bbox 3536 4068 3673 4140; x_wconf 76' lang='grc' dir='ltr'>πυκνῷ</span> 
     </span>
    </p>
   </div>
   <div class='ocr_carea' id='block_1_88' title="bbox 2162 4162 3676 4235">
    <p class='ocr_par' dir='ltr' id='par_1_88' title="bbox 2162 4162 3676 4235">
     <span class='ocr_line' id='line_1_88' title="bbox 2162 4162 3676 4235; baseline 0.001 -21"><span class='ocrx_word' id='word_1_636' title='bbox 2162 4162 2401 4233; x_wconf 81' lang='grc' dir='ltr'>ἄσθματι</span> <span class='ocrx_word' id='word_1_637' title='bbox 2430 4163 2524 4216; x_wconf 77' lang='grc' dir='ltr'><strong>καὶ</strong></span> <span class='ocrx_word' id='word_1_638' title='bbox 2558 4163 2707 4234; x_wconf 83' lang='grc' dir='ltr'>ξηρῷ</span> <span class='ocrx_word' id='word_1_639' title='bbox 2732 4163 3106 4233; x_wconf 76' lang='grc' dir='ltr'>συνεχόμενος,</span> <span class='ocrx_word' id='word_1_640' title='bbox 3130 4164 3372 4235; x_wconf 82' lang='grc' dir='ltr'>πυρετοῦ</span> <span class='ocrx_word' id='word_1_641' title='bbox 3403 4165 3579 4235; x_wconf 75' lang='grc' dir='ltr'>λάϐρου</span> <span class='ocrx_word' id='word_1_642' title='bbox 3598 4164 3676 4217; x_wconf 72' lang='grc' dir='ltr'>διι-</span> 
     </span>
    </p>
   </div>
   <div class='ocr_carea' id='block_1_89' title="bbox 2162 4253 3675 4330">
    <p class='ocr_par' dir='ltr' id='par_1_89' title="bbox 2162 4253 3675 4330">
     <span class='ocr_line' id='line_1_89' title="bbox 2162 4253 3675 4330; baseline 0.005 -25"><span class='ocrx_word' id='word_1_643' title='bbox 2162 4253 2405 4316; x_wconf 82' lang='grc' dir='ltr'>καίοντος</span> <span class='ocrx_word' id='word_1_644' title='bbox 2436 4254 2505 4306; x_wconf 82' lang='grc' dir='ltr'>τὰ</span> <span class='ocrx_word' id='word_1_645' title='bbox 2533 4253 2679 4306; x_wconf 79' lang='grc' dir='ltr'>ἔνδον</span> <span class='ocrx_word' id='word_1_646' title='bbox 2732 4254 2826 4307; x_wconf 70' lang='grc' dir='ltr'><strong>κα)⁸</strong></span> <span class='ocrx_word' id='word_1_647' title='bbox 2877 4255 3308 4327; x_wconf 80' lang='grc' dir='ltr'>ὑποσμύχοντος,</span> <span class='ocrx_word' id='word_1_648' title='bbox 3351 4259 3587 4330; x_wconf 75' lang='grc' dir='ltr'>στενάξῃς</span> <span class='ocrx_word' id='word_1_649' title='bbox 3609 4256 3675 4325; x_wconf 76' lang='grc' dir='ltr'><strong>μὲν</strong></span> 
     </span>
    </p>
   </div>
   <div class='ocr_carea' id='block_1_90' title="bbox 2160 4343 3675 4421">
    <p class='ocr_par' dir='ltr' id='par_1_90' title="bbox 2160 4343 3675 4421">
     <span class='ocr_line' id='line_1_90' title="bbox 2160 4343 3675 4421; baseline 0.004 -26"><span class='ocrx_word' id='word_1_650' title='bbox 2160 4343 2266 4396; x_wconf 82' lang='grc' dir='ltr'><strong>ἀπὸ</strong></span> <span class='ocrx_word' id='word_1_651' title='bbox 2298 4345 2471 4415; x_wconf 80' lang='grc' dir='ltr'>μέσης</span> <span class='ocrx_word' id='word_1_652' title='bbox 2495 4345 2740 4415; x_wconf 81' lang='grc' dir='ltr'>καρδίας,</span> <span class='ocrx_word' id='word_1_653' title='bbox 2771 4346 2863 4398; x_wconf 77' lang='grc' dir='ltr'>τὸν</span> <span class='ocrx_word' id='word_1_654' title='bbox 2895 4346 2952 4398; x_wconf 83' lang='grc' dir='ltr'>δὲ</span> <span class='ocrx_word' id='word_1_655' title='bbox 2979 4347 3423 4420; x_wconf 85' lang='grc' dir='ltr'>συλλυπούμενον</span> <span class='ocrx_word' id='word_1_656' title='bbox 3443 4351 3532 4421; x_wconf 73' lang='grc' dir='ltr'><strong>οὐχ</strong></span> <span class='ocrx_word' id='word_1_657' title='bbox 3558 4348 3675 4417; x_wconf 66' lang='grc' dir='ltr'>εύρῄ</span> 
     </span>
    </p>
   </div>
   <div class='ocr_carea' id='block_1_91' title="bbox 486 4435 2065 4513">
    <p class='ocr_par' dir='ltr' id='par_1_91' title="bbox 486 4436 2054 4510">
     <span class='ocr_line' id='line_1_91' title="bbox 486 4436 2054 4510; baseline 0.003 -20"><span class='ocrx_word' id='word_1_658' title='bbox 486 4436 667 4506; x_wconf 87' lang='lat' dir='ltr'><strong>peries</strong></span> <span class='ocrx_word' id='word_1_659' title='bbox 694 4436 964 4491; x_wconf 90' lang='lat' dir='ltr'><strong>neminem</strong></span> <span class='ocrx_word' id='word_1_660' title='bbox 998 4454 1012 4501; x_wconf 92' lang='lat'><strong>;</strong></span> <span class='ocrx_word' id='word_1_661' title='bbox 1050 4451 1114 4490; x_wconf 82' lang='lat' dir='ltr'><strong>ac</strong></span> <span class='ocrx_word' id='word_1_662' title='bbox 1153 4438 1376 4508; x_wconf 89' lang='lat' dir='ltr'><strong>loquere</strong></span> <span class='ocrx_word' id='word_1_663' title='bbox 1403 4438 1618 4508; x_wconf 89' lang='lat' dir='ltr'><strong>quidem</strong></span> <span class='ocrx_word' id='word_1_664' title='bbox 1660 4450 1820 4496; x_wconf 79' lang='lat' dir='ltr'><strong>tenue</strong></span> <span class='ocrx_word' id='word_1_665' title='bbox 1849 4440 2054 4510; x_wconf 91' lang='lat' dir='ltr'><strong>aliquid</strong></span> 
     </span>
    </p>
   </div>
   <div class='ocr_carea' id='block_1_92' title="bbox 2169 4435 3675 4513">
    <p class='ocr_par' dir='ltr' id='par_1_92' title="bbox 2169 4435 3675 4513">
     <span class='ocr_line' id='line_1_92' title="bbox 2169 4435 3675 4513; baseline 0.003 -25"><span class='ocrx_word' id='word_1_666' title='bbox 2169 4453 2307 4499; x_wconf 81' lang='grc' dir='ltr'>σεις·</span> <span class='ocrx_word' id='word_1_667' title='bbox 2345 4437 2439 4489; x_wconf 75' lang='grc' dir='ltr'><strong>καὶ</strong></span> <span class='ocrx_word' id='word_1_668' title='bbox 2488 4436 2693 4510; x_wconf 80' lang='grc' dir='ltr'>φθέγξῃ</span> <span class='ocrx_word' id='word_1_669' title='bbox 2726 4438 2828 4509; x_wconf 84' lang='grc' dir='ltr'><strong>μέν</strong></span> <span class='ocrx_word' id='word_1_670' title='bbox 2861 4457 2913 4492; x_wconf 85' lang='grc' dir='ltr'><strong>τι</strong></span> <span class='ocrx_word' id='word_1_671' title='bbox 2947 4438 3146 4495; x_wconf 76' lang='grc' dir='ltr'>λεπτὸν</span> <span class='ocrx_word' id='word_1_672' title='bbox 3172 4435 3290 4497; x_wconf 57' lang='grc' dir='ltr'><strong>ἴκαὶ</strong></span> <span class='ocrx_word' id='word_1_673' title='bbox 3332 4444 3576 4513; x_wconf 81' lang='grc' dir='ltr'>ἀδρανὲς.</span> <span class='ocrx_word' id='word_1_674' title='bbox 3598 4438 3675 4493; x_wconf 73' lang='grc' dir='ltr'><strong>ὁδὶ</strong></span> 
     </span>
    </p>
   </div>
   <div class='ocr_carea' id='block_1_93' title="bbox 486 4526 2055 4601">
    <p class='ocr_par' dir='ltr' id='par_1_93' title="bbox 486 4526 2055 4601">
     <span class='ocr_line' id='line_1_93' title="bbox 486 4526 2055 4601; baseline 0.003 -20"><span class='ocrx_word' id='word_1_675' title='bbox 486 4536 541 4581; x_wconf 83' lang='lat' dir='ltr'><strong>et</strong></span> <span class='ocrx_word' id='word_1_676' title='bbox 569 4528 860 4583; x_wconf 89' lang='lat' dir='ltr'><strong>remissum</strong></span> <span class='ocrx_word' id='word_1_677' title='bbox 888 4545 902 4582; x_wconf 88' lang='lat'><strong>:</strong></span> <span class='ocrx_word' id='word_1_678' title='bbox 929 4526 1025 4583; x_wconf 86' lang='lat' dir='ltr'><strong>sed</strong></span> <span class='ocrx_word' id='word_1_679' title='bbox 1068 4543 1177 4582; x_wconf 89' lang='lat' dir='ltr'><strong>non</strong></span> <span class='ocrx_word' id='word_1_680' title='bbox 1225 4530 1330 4585; x_wconf 85' lang='lat' dir='ltr'><strong>erit</strong></span> <span class='ocrx_word' id='word_1_681' title='bbox 1373 4532 1466 4601; x_wconf 88' lang='lat' dir='ltr'><strong>qui</strong></span> <span class='ocrx_word' id='word_1_682' title='bbox 1515 4530 1745 4597; x_wconf 90' lang='lat' dir='ltr'><strong>audiat;</strong></span> <span class='ocrx_word' id='word_1_683' title='bbox 1786 4531 2055 4601; x_wconf 87' lang='lat' dir='ltr'><strong>quidquid</strong></span> 
     </span>
    </p>
   </div>
   <div class='ocr_carea' id='block_1_94' title="bbox 487 4617 2052 4689">
    <p class='ocr_par' dir='ltr' id='par_1_94' title="bbox 487 4617 2052 4689">
     <span class='ocr_line' id='line_1_94' title="bbox 487 4617 2052 4689; baseline 0.003 -17"><span class='ocrx_word' id='word_1_684' title='bbox 487 4627 669 4673; x_wconf 86' lang='lat' dir='ltr'><strong>autem</strong></span> <span class='ocrx_word' id='word_1_685' title='bbox 695 4617 959 4689; x_wconf 86' lang='lat' dir='ltr'><strong>proferes,</strong></span> <span class='ocrx_word' id='word_1_686' title='bbox 994 4618 1141 4672; x_wconf 88' lang='lat' dir='ltr'><strong>velut</strong></span> <span class='ocrx_word' id='word_1_687' title='bbox 1186 4619 1606 4677; x_wconf 83' lang='lat' dir='ltr'><strong>deliranientum</strong></span> <span class='ocrx_word' id='word_1_688' title='bbox 1651 4628 2052 4677; x_wconf 91' lang='lat' dir='ltr'><strong>contemnetur.</strong></span> 
     </span>
    </p>
   </div>
   <div class='ocr_carea' id='block_1_95' title="bbox 485 4708 2055 4784">
    <p class='ocr_par' dir='ltr' id='par_1_95' title="bbox 485 4708 2055 4784">
     <span class='ocr_line' id='line_1_95' title="bbox 485 4708 2055 4784; baseline 0.004 -21"><span class='ocrx_word' id='word_1_689' title='bbox 485 4708 622 4775; x_wconf 84' lang='lat' dir='ltr'><strong>Quis</strong></span> <span class='ocrx_word' id='word_1_690' title='bbox 662 4719 714 4767; x_wconf 89' lang='lat' dir='ltr'><strong>te</strong></span> <span class='ocrx_word' id='word_1_691' title='bbox 751 4709 820 4765; x_wconf 87' lang='lat' dir='ltr'><strong>de</strong></span> <span class='ocrx_word' id='word_1_692' title='bbox 864 4711 1185 4780; x_wconf 72' lang='lat' dir='ltr'><strong>pmnitentia</strong></span> <span class='ocrx_word' id='word_1_693' title='bbox 1241 4711 1591 4768; x_wconf 80' lang='lat' dir='ltr'><strong>submonebit</strong></span> <span class='ocrx_word' id='word_1_694' title='bbox 1637 4714 1748 4768; x_wconf 89' lang='lat' dir='ltr'><strong>alto</strong></span> <span class='ocrx_word' id='word_1_695' title='bbox 1800 4723 1855 4770; x_wconf 90' lang='lat' dir='ltr'><strong>et</strong></span> <span class='ocrx_word' id='word_1_696' title='bbox 1900 4714 2055 4784; x_wconf 84' lang='lat' dir='ltr'><strong>gravi</strong></span> 
     </span>
    </p>
   </div>
   <div class='ocr_carea' id='block_1_96' title="bbox 485 4802 2052 4877">
    <p class='ocr_par' dir='ltr' id='par_1_96' title="bbox 485 4802 2052 4877">
     <span class='ocr_line' id='line_1_96' title="bbox 485 4802 2052 4877; baseline 0.002 -19"><span class='ocrx_word' id='word_1_697' title='bbox 485 4817 684 4873; x_wconf 83' lang='lat' dir='ltr'><strong>sopore</strong></span> <span class='ocrx_word' id='word_1_698' title='bbox 724 4818 791 4857; x_wconf 78' lang='lat' dir='ltr'><strong>ex</strong></span> <span class='ocrx_word' id='word_1_699' title='bbox 844 4802 1033 4856; x_wconf 87' lang='lat' dir='ltr'><strong>morbo</strong></span> <span class='ocrx_word' id='word_1_700' title='bbox 1086 4805 1437 4873; x_wconf 87' lang='lat' dir='ltr'><strong>correptum?</strong></span> <span class='ocrx_word' id='word_1_701' title='bbox 1469 4804 1700 4860; x_wconf 71' lang='lat' dir='ltr'><strong>Maarent</strong></span> <span class='ocrx_word' id='word_1_702' title='bbox 1740 4807 2052 4877; x_wconf 89' lang='lat' dir='ltr'><strong>propinqui,</strong></span> 
     </span>
    </p>
   </div>
   <div class='ocr_carea' id='block_1_97' title="bbox 484 4894 2053 4970">
    <p class='ocr_par' dir='ltr' id='par_1_97' title="bbox 484 4894 2053 4970">
     <span class='ocr_line' id='line_1_97' title="bbox 484 4894 2053 4970; baseline 0.003 -21"><span class='ocrx_word' id='word_1_703' title='bbox 484 4896 735 4950; x_wconf 84' lang='lat' dir='ltr'><strong>morbum</strong></span> <span class='ocrx_word' id='word_1_704' title='bbox 769 4894 932 4949; x_wconf 87' lang='lat' dir='ltr'><strong>alieni</strong></span> <span class='ocrx_word' id='word_1_705' title='bbox 957 4905 1314 4951; x_wconf 61' lang='lat' dir='ltr'><strong>contemnunt</strong></span> <span class='ocrx_word' id='word_1_706' title='bbox 1343 4914 1356 4950; x_wconf 87' lang='lat'>:</span> <span class='ocrx_word' id='word_1_707' title='bbox 1400 4898 1609 4951; x_wconf 89' lang='lat' dir='ltr'><strong>monita</strong></span> <span class='ocrx_word' id='word_1_708' title='bbox 1642 4899 1800 4969; x_wconf 89' lang='lat' dir='ltr'><strong>quasi</strong></span> <span class='ocrx_word' id='word_1_709' title='bbox 1834 4909 2053 4970; x_wconf 90' lang='lat' dir='ltr'><strong>pertur-</strong></span> 
     </span>
    </p>
   </div>
   <div class='ocr_carea' id='block_1_98' title="bbox 480 4985 2052 5058">
    <p class='ocr_par' dir='ltr' id='par_1_98' title="bbox 480 4985 2052 5058">
     <span class='ocr_line' id='line_1_98' title="bbox 480 4985 2052 5058; baseline 0.002 -17"><span class='ocrx_word' id='word_1_710' title='bbox 480 4988 758 5043; x_wconf 83' lang='lat' dir='ltr'><strong>bationem</strong></span> <span class='ocrx_word' id='word_1_711' title='bbox 828 4985 1112 5041; x_wconf 80' lang='lat' dir='ltr'><strong>afferenlia</strong></span> <span class='ocrx_word' id='word_1_712' title='bbox 1174 4987 1398 5058; x_wconf 80' lang='lat' dir='ltr'><strong>negligit</strong></span> <span class='ocrx_word' id='word_1_713' title='bbox 1452 4989 1705 5054; x_wconf 90' lang='lat' dir='ltr'><strong>amicus,</strong></span> <span class='ocrx_word' id='word_1_714' title='bbox 1761 4999 1859 5044; x_wconf 88' lang='lat' dir='ltr'><strong>aut</strong></span> <span class='ocrx_word' id='word_1_715' title='bbox 1909 4991 2052 5045; x_wconf 87' lang='lat' dir='ltr'><strong>forte</strong></span> 
     </span>
    </p>
   </div>
   <div class='ocr_carea' id='block_1_99' title="bbox 481 5074 2053 5151">
    <p class='ocr_par' dir='ltr' id='par_1_99' title="bbox 481 5074 2053 5151">
     <span class='ocr_line' id='line_1_99' title="bbox 481 5074 2053 5151; baseline 0.004 -21"><span class='ocrx_word' id='word_1_716' title='bbox 481 5078 645 5130; x_wconf 79' lang='lat' dir='ltr'><strong>etiam</strong></span> <span class='ocrx_word' id='word_1_717' title='bbox 692 5074 939 5130; x_wconf 91' lang='lat' dir='ltr'><strong>medicus</strong></span> <span class='ocrx_word' id='word_1_718' title='bbox 975 5075 1199 5144; x_wconf 86' lang='lat' dir='ltr'><strong>decipit,</strong></span> <span class='ocrx_word' id='word_1_719' title='bbox 1248 5093 1348 5131; x_wconf 90' lang='lat' dir='ltr'><strong>nec</strong></span> <span class='ocrx_word' id='word_1_720' title='bbox 1378 5078 1446 5133; x_wconf 89' lang='lat' dir='ltr'><strong>de</strong></span> <span class='ocrx_word' id='word_1_721' title='bbox 1479 5078 1655 5148; x_wconf 80' lang='lat' dir='ltr'><strong>teipse</strong></span> <span class='ocrx_word' id='word_1_722' title='bbox 1693 5079 1952 5151; x_wconf 89' lang='lat' dir='ltr'><strong>desperas</strong></span> <span class='ocrx_word' id='word_1_723' title='bbox 1982 5082 2053 5136; x_wconf 89' lang='lat' dir='ltr'><strong>ob</strong></span> 
     </span>
    </p>
   </div>
   <div class='ocr_carea' id='block_1_100' title="bbox 480 5168 2049 5244">
    <p class='ocr_par' dir='ltr' id='par_1_100' title="bbox 480 5168 2049 5244">
     <span class='ocr_line' id='line_1_100' title="bbox 480 5168 2049 5244; baseline 0.003 -23"><span class='ocrx_word' id='word_1_724' title='bbox 480 5168 784 5223; x_wconf 82' lang='lat' dir='ltr'><strong>naturalem</strong></span> <span class='ocrx_word' id='word_1_725' title='bbox 823 5168 947 5223; x_wconf 72' lang='lat' dir='ltr'><strong>vitae</strong></span> <span class='ocrx_word' id='word_1_726' title='bbox 984 5182 1247 5222; x_wconf 88' lang='lat' dir='ltr'><strong>amorem.</strong></span> <span class='ocrx_word' id='word_1_727' title='bbox 1289 5170 1449 5224; x_wconf 77' lang='lat' dir='ltr'><strong>Astat</strong></span> <span class='ocrx_word' id='word_1_728' title='bbox 1495 5185 1666 5234; x_wconf 87' lang='lat' dir='ltr'><strong>mors,</strong></span> <span class='ocrx_word' id='word_1_729' title='bbox 1708 5181 1902 5244; x_wconf 86' lang='lat' dir='ltr'><strong>urgent</strong></span> <span class='ocrx_word' id='word_1_730' title='bbox 1956 5172 2049 5243; x_wconf 92' lang='lat' dir='ltr'><strong>qui</strong></span> 
     </span>
    </p>
   </div>
   <div class='ocr_carea' id='block_1_101' title="bbox 481 5256 2048 5331">
    <p class='ocr_par' dir='ltr' id='par_1_101' title="bbox 481 5256 2048 5331">
     <span class='ocr_line' id='line_1_101' title="bbox 481 5256 2048 5331; baseline 0.008 -25"><span class='ocrx_word' id='word_1_731' title='bbox 481 5258 775 5313; x_wconf 80' lang='lat' dir='ltr'><strong>abducant.</strong></span> <span class='ocrx_word' id='word_1_732' title='bbox 798 5257 1000 5328; x_wconf 86' lang='lat' dir='ltr'><strong>Ecquis</strong></span> <span class='ocrx_word' id='word_1_733' title='bbox 1021 5267 1075 5313; x_wconf 89' lang='lat' dir='ltr'><strong>te</strong></span> <span class='ocrx_word' id='word_1_734' title='bbox 1105 5256 1338 5327; x_wconf 82' lang='lat' dir='ltr'><strong>eripiet?</strong></span> <span class='ocrx_word' id='word_1_735' title='bbox 1364 5258 1530 5324; x_wconf 87' lang='lat' dir='ltr'><strong>Deus,</strong></span> <span class='ocrx_word' id='word_1_736' title='bbox 1561 5262 1656 5331; x_wconf 91' lang='lat' dir='ltr'><strong>qui</strong></span> <span class='ocrx_word' id='word_1_737' title='bbox 1700 5272 2048 5331; x_wconf 88' lang='lat' dir='ltr'><strong>contemptus</strong></span> 
     </span>
    </p>
   </div>
   <div class='ocr_carea' id='block_1_102' title="bbox 480 5351 2048 5412">
    <p class='ocr_par' dir='ltr' id='par_1_102' title="bbox 480 5351 2048 5412">
     <span class='ocr_line' id='line_1_102' title="bbox 480 5351 2048 5412; baseline 0.003 -9"><span class='ocrx_word' id='word_1_738' title='bbox 480 5360 583 5412; x_wconf 84' lang='lat' dir='ltr'><strong>est,</strong></span> <span class='ocrx_word' id='word_1_739' title='bbox 615 5359 669 5405; x_wconf 91' lang='lat' dir='ltr'><strong>te</strong></span> <span class='ocrx_word' id='word_1_740' title='bbox 700 5351 909 5405; x_wconf 90' lang='lat' dir='ltr'><strong>scilicet</strong></span> <span class='ocrx_word' id='word_1_741' title='bbox 949 5359 1062 5406; x_wconf 87' lang='lat' dir='ltr'><strong>tum</strong></span> <span class='ocrx_word' id='word_1_742' title='bbox 1105 5352 1397 5407; x_wconf 82' lang='lat' dir='ltr'><strong>exaudiet?</strong></span> <span class='ocrx_word' id='word_1_743' title='bbox 1436 5353 1517 5407; x_wconf 88' lang='lat' dir='ltr'><strong>Tn</strong></span> <span class='ocrx_word' id='word_1_744' title='bbox 1552 5354 1696 5409; x_wconf 85' lang='lat' dir='ltr'><strong>enim</strong></span> <span class='ocrx_word' id='word_1_745' title='bbox 1730 5369 1854 5408; x_wconf 91' lang='lat' dir='ltr'><strong>eum</strong></span> <span class='ocrx_word' id='word_1_746' title='bbox 1899 5369 2048 5408; x_wconf 90' lang='lat' dir='ltr'><strong>nunc</strong></span> 
     </span>
    </p>
   </div>
   <div class='ocr_carea' id='block_1_103' title="bbox 551 5500 972 5637">
    <p class='ocr_par' dir='ltr' id='par_1_103' title="bbox 551 5500 972 5637">
     <span class='ocr_line' id='line_1_103' title="bbox 551 5500 972 5637; baseline 0.017 -86"><span class='ocrx_word' id='word_1_747' title='bbox 551 5500 627 5637; x_wconf 52' lang='grc' dir='ltr'><strong>γι)</strong></span> <span class='ocrx_word' id='word_1_748' title='bbox 660 5500 821 5567; x_wconf 86' lang='lat' dir='ltr'><strong>lbid.,</strong></span> <span class='ocrx_word' id='word_1_749' title='bbox 851 5503 972 5559; x_wconf 84' lang='lat' dir='ltr'><strong>H9.</strong></span> 
     </span>
     <span class='ocr_line' id='line_1_104' title="bbox 570 5570 954 5635; baseline 0.013 -13"><span class='ocrx_word' id='word_1_750' title='bbox 570 5570 624 5633; x_wconf 76' lang='grc'><strong>2)</strong></span> <span class='ocrx_word' id='word_1_751' title='bbox 657 5570 954 5635; x_wconf 71' lang='grc' dir='ltr'><strong>11)ἱ(1.,120.</strong></span> 
     </span>
    </p>
   </div>
   <div class='ocr_carea' id='block_1_104' title="bbox 570 5570 954 5635">
    <p class='ocr_par' dir='ltr' id='par_1_104' title="bbox 570 5570 954 5635">
     <span class='ocr_line' id='line_1_105' title="bbox 570 5570 954 5635; baseline 0.013 -13"><span class='ocrx_word' id='word_1_752' title='bbox 570 5570 624 5633; x_wconf 75' lang='grc'><strong>2)</strong></span> <span class='ocrx_word' id='word_1_753' title='bbox 657 5570 811 5635; x_wconf 87' lang='lat' dir='ltr'><strong>lbid.,</strong></span> <span class='ocrx_word' id='word_1_754' title='bbox 834 5572 954 5627; x_wconf 70' lang='grc'><strong>120.</strong></span> 
     </span>
    </p>
   </div>
   <div class='ocr_carea' id='block_1_105' title="bbox 548 5640 965 5707">
    <p class='ocr_par' dir='ltr' id='par_1_105' title="bbox 548 5640 965 5707">
     <span class='ocr_line' id='line_1_106' title="bbox 548 5640 965 5707; baseline 0.002 -15"><span class='ocrx_word' id='word_1_755' title='bbox 548 5641 625 5707; x_wconf 68' lang='lat'><strong>(3)</strong></span> <span class='ocrx_word' id='word_1_756' title='bbox 666 5640 965 5704; x_wconf 75' lang='lat' dir='ltr'><strong>lbid.,l&#39;21.</strong></span> 
     </span>
    </p>
   </div>
   <div class='ocr_carea' id='block_1_106' title="bbox 552 5710 2042 5789">
    <p class='ocr_par' dir='ltr' id='par_1_106' title="bbox 552 5710 2042 5789">
     <span class='ocr_line' id='line_1_107' title="bbox 552 5710 2042 5789; baseline 0.006 -28"><span class='ocrx_word' id='word_1_757' title='bbox 552 5710 625 5778; x_wconf 65' lang='grc'><strong>(4)</strong></span> <span class='ocrx_word' id='word_1_758' title='bbox 659 5711 981 5765; x_wconf 82' lang='grc' dir='ltr'>Πιστεῦσαι</span> <span class='ocrx_word' id='word_1_759' title='bbox 1028 5713 1166 5779; x_wconf 84' lang='grc' dir='ltr'>Θεῷ.</span> <span class='ocrx_word' id='word_1_760' title='bbox 1220 5714 1519 5771; x_wconf 77' lang='lat' dir='ltr'><strong>Contextus</strong></span> <span class='ocrx_word' id='word_1_761' title='bbox 1564 5714 1852 5771; x_wconf 85' lang='grc' dir='ltr'>συνθέσθαι</span> <span class='ocrx_word' id='word_1_762' title='bbox 1902 5716 2042 5789; x_wconf 76' lang='grc' dir='ltr'>Θεῷ,</span> 
     </span>
    </p>
   </div>
   <div class='ocr_carea' id='block_1_107' title="bbox 2159 4526 3676 4604">
    <p class='ocr_par' dir='ltr' id='par_1_107' title="bbox 2159 4526 3676 4604">
     <span class='ocr_line' id='line_1_108' title="bbox 2159 4526 3676 4604; baseline 0.002 -24"><span class='ocrx_word' id='word_1_763' title='bbox 2159 4526 2371 4581; x_wconf 83' lang='grc' dir='ltr'>ἀκούων</span> <span class='ocrx_word' id='word_1_764' title='bbox 2400 4529 2500 4582; x_wconf 85' lang='grc' dir='ltr'><strong>οὐκ</strong></span> <span class='ocrx_word' id='word_1_765' title='bbox 2536 4528 2688 4583; x_wconf 82' lang='grc' dir='ltr'>ἔσται</span> <span class='ocrx_word' id='word_1_766' title='bbox 2708 4547 2720 4558; x_wconf 92' lang='grc'>·</span> <span class='ocrx_word' id='word_1_767' title='bbox 2760 4532 2867 4583; x_wconf 77' lang='grc' dir='ltr'>πᾶν</span> <span class='ocrx_word' id='word_1_768' title='bbox 2901 4530 2957 4583; x_wconf 84' lang='grc' dir='ltr'>δὲ</span> <span class='ocrx_word' id='word_1_769' title='bbox 2986 4531 3048 4584; x_wconf 72' lang='grc' dir='ltr'><strong>τὸ</strong></span> <span class='ocrx_word' id='word_1_770' title='bbox 3095 4531 3431 4604; x_wconf 78' lang='grc' dir='ltr'>λαλούμενον</span> <span class='ocrx_word' id='word_1_771' title='bbox 3459 4532 3588 4603; x_wconf 74' lang='grc' dir='ltr'>παρὰ</span> <span class='ocrx_word' id='word_1_772' title='bbox 3612 4527 3676 4583; x_wconf 63' lang='grc' dir='ltr'>σο]</span> 
     </span>
    </p>
   </div>
   <div class='ocr_carea' id='block_1_108' title="bbox 2155 4619 3675 4695">
    <p class='ocr_par' dir='ltr' id='par_1_108' title="bbox 2155 4619 3675 4695">
     <span class='ocr_line' id='line_1_109' title="bbox 2155 4619 3675 4695; baseline 0 -23"><span class='ocrx_word' id='word_1_773' title='bbox 2155 4619 2229 4684; x_wconf 85' lang='grc' dir='ltr'>ὡς</span> <span class='ocrx_word' id='word_1_774' title='bbox 2262 4620 2653 4693; x_wconf 62' lang='grc' dir='ltr'>παραφροσύνη</span> <span class='ocrx_word' id='word_1_775' title='bbox 2699 4626 3142 4693; x_wconf 75' lang='grc' dir='ltr'>καταφρονεῖται.</span> <span class='ocrx_word' id='word_1_776' title='bbox 3190 4625 3291 4690; x_wconf 85' lang='grc' dir='ltr'><strong>Τίς</strong></span> <span class='ocrx_word' id='word_1_777' title='bbox 3335 4626 3610 4695; x_wconf 65' lang='grc' dir='ltr'>ὑπομνήσει</span> <span class='ocrx_word' id='word_1_778' title='bbox 3636 4637 3675 4672; x_wconf 65' lang='grc' dir='ltr'><strong>π</strong></span> 
     </span>
    </p>
   </div>
   <div class='ocr_carea' id='block_1_109' title="bbox 2156 4709 3679 4785">
    <p class='ocr_par' dir='ltr' id='par_1_109' title="bbox 2156 4709 3679 4785">
     <span class='ocr_line' id='line_1_110' title="bbox 2156 4709 3679 4785; baseline 0.004 -24"><span class='ocrx_word' id='word_1_779' title='bbox 2156 4709 2284 4779; x_wconf 76' lang='grc' dir='ltr'>περὶ</span> <span class='ocrx_word' id='word_1_780' title='bbox 2340 4710 2629 4781; x_wconf 84' lang='grc' dir='ltr'>μετανοίας</span> <span class='ocrx_word' id='word_1_781' title='bbox 2690 4710 2811 4762; x_wconf 83' lang='grc' dir='ltr'>τότε</span> <span class='ocrx_word' id='word_1_782' title='bbox 2862 4712 3251 4783; x_wconf 84' lang='grc' dir='ltr'>κεκαρωμένον</span> <span class='ocrx_word' id='word_1_783' title='bbox 3297 4714 3381 4785; x_wconf 80' lang='grc' dir='ltr'>τῷ</span> <span class='ocrx_word' id='word_1_784' title='bbox 3421 4714 3597 4778; x_wconf 84' lang='grc' dir='ltr'>πάθει;</span> <span class='ocrx_word' id='word_1_785' title='bbox 3633 4709 3679 4761; x_wconf 78' lang='grc' dir='ltr'><strong>Οἱ</strong></span> 
     </span>
    </p>
   </div>
   <div class='ocr_carea' id='block_1_110' title="bbox 2155 4800 3677 4872">
    <p class='ocr_par' dir='ltr' id='par_1_110' title="bbox 2155 4800 3677 4872">
     <span class='ocr_line' id='line_1_111' title="bbox 2155 4800 3677 4872; baseline 0.003 -21"><span class='ocrx_word' id='word_1_786' title='bbox 2155 4802 2524 4872; x_wconf 79' lang='grc' dir='ltr'>προσήκοντες</span> <span class='ocrx_word' id='word_1_787' title='bbox 2579 4800 2904 4872; x_wconf 78' lang='grc' dir='ltr'>ἀθυμοῦσιν,</span> <span class='ocrx_word' id='word_1_788' title='bbox 2942 4805 2990 4856; x_wconf 86' lang='grc' dir='ltr'>οἱ</span> <span class='ocrx_word' id='word_1_789' title='bbox 3031 4804 3137 4871; x_wconf 78' lang='grc' dir='ltr'><strong>ἔξω</strong></span> <span class='ocrx_word' id='word_1_790' title='bbox 3163 4805 3257 4859; x_wconf 84' lang='grc' dir='ltr'><strong>τοῦ</strong></span> <span class='ocrx_word' id='word_1_791' title='bbox 3312 4806 3515 4869; x_wconf 83' lang='grc' dir='ltr'>πάθους</span> <span class='ocrx_word' id='word_1_792' title='bbox 3556 4817 3677 4856; x_wconf 70' lang='grc' dir='ltr'>κατει-</span> 
     </span>
    </p>
   </div>
   <div class='ocr_carea' id='block_1_111' title="bbox 2155 4890 3677 4968">
    <p class='ocr_par' dir='ltr' id='par_1_111' title="bbox 2155 4890 3677 4968">
     <span class='ocr_line' id='line_1_112' title="bbox 2155 4890 3677 4968; baseline 0.007 -24"><span class='ocrx_word' id='word_1_793' title='bbox 2155 4891 2462 4963; x_wconf 80' lang='grc' dir='ltr'>φρονοῦσιν,</span> <span class='ocrx_word' id='word_1_794' title='bbox 2492 4892 2521 4944; x_wconf 86' lang='grc' dir='ltr'>ὁ</span> <span class='ocrx_word' id='word_1_795' title='bbox 2554 4893 2705 4961; x_wconf 84' lang='grc' dir='ltr'>φίλος</span> <span class='ocrx_word' id='word_1_796' title='bbox 2724 4894 2873 4947; x_wconf 88' lang='grc' dir='ltr'>ὀκνεῖ</span> <span class='ocrx_word' id='word_1_797' title='bbox 2890 4895 2989 4966; x_wconf 82' lang='grc' dir='ltr'><strong>τὴν</strong></span> <span class='ocrx_word' id='word_1_798' title='bbox 3015 4895 3348 4968; x_wconf 80' lang='grc' dir='ltr'>ὑπόμνησιν,</span> <span class='ocrx_word' id='word_1_799' title='bbox 3389 4897 3464 4961; x_wconf 84' lang='grc' dir='ltr'>ὡς</span> <span class='ocrx_word' id='word_1_800' title='bbox 3488 4890 3677 4966; x_wconf 49' lang='lat' dir='ltr'><strong>sapam</strong></span> 
     </span>
    </p>
   </div>
   <div class='ocr_carea' id='block_1_112' title="bbox 2153 4984 3677 5060">
    <p class='ocr_par' dir='ltr' id='par_1_112' title="bbox 2153 4984 3677 5060">
     <span class='ocr_line' id='line_1_113' title="bbox 2153 4984 3677 5060; baseline -0.003 -21"><span class='ocrx_word' id='word_1_801' title='bbox 2153 4985 2506 5057; x_wconf 79' lang='grc' dir='ltr'>ἐμποιοῦσαν,</span> <span class='ocrx_word' id='word_1_802' title='bbox 2544 4986 2579 5056; x_wconf 77' lang='grc' dir='ltr'>ἦ</span> <span class='ocrx_word' id='word_1_803' title='bbox 2613 5002 2715 5038; x_wconf 90' lang='grc' dir='ltr'><strong>που</strong></span> <span class='ocrx_word' id='word_1_804' title='bbox 2741 4987 2834 5038; x_wconf 78' lang='grc' dir='ltr'><strong>καὶ</strong></span> <span class='ocrx_word' id='word_1_805' title='bbox 2860 4986 3041 5059; x_wconf 77' lang='grc' dir='ltr'>ἰατρὸς</span> <span class='ocrx_word' id='word_1_806' title='bbox 3070 4987 3345 5060; x_wconf 79' lang='grc' dir='ltr'>ἐξαπατᾷ,</span> <span class='ocrx_word' id='word_1_807' title='bbox 3380 4989 3475 5042; x_wconf 82' lang='grc' dir='ltr'>καὶ</span> <span class='ocrx_word' id='word_1_808' title='bbox 3504 4984 3677 5040; x_wconf 64' lang='grc' dir='ltr'>σεαυτὸν</span> 
     </span>
    </p>
   </div>
   <div class='ocr_carea' id='block_1_113' title="bbox 2151 5078 3677 5150">
    <p class='ocr_par' dir='ltr' id='par_1_113' title="bbox 2151 5078 3677 5150">
     <span class='ocr_line' id='line_1_114' title="bbox 2151 5078 3677 5150; baseline 0.003 -18"><span class='ocrx_word' id='word_1_809' title='bbox 2151 5080 2251 5133; x_wconf 80' lang='grc' dir='ltr'><strong>οὐκ</strong></span> <span class='ocrx_word' id='word_1_810' title='bbox 2273 5079 2669 5143; x_wconf 79' lang='grc' dir='ltr'>ἀπογινώσκεις</span> <span class='ocrx_word' id='word_1_811' title='bbox 2702 5078 2792 5132; x_wconf 85' lang='grc' dir='ltr'>διὰ</span> <span class='ocrx_word' id='word_1_812' title='bbox 2826 5080 2883 5131; x_wconf 83' lang='grc' dir='ltr'><strong>τὸ</strong></span> <span class='ocrx_word' id='word_1_813' title='bbox 2909 5080 3068 5149; x_wconf 80' lang='grc' dir='ltr'>φύσει</span> <span class='ocrx_word' id='word_1_814' title='bbox 3094 5080 3382 5150; x_wconf 75' lang='grc' dir='ltr'>φιλόζωον.</span> <span class='ocrx_word' id='word_1_815' title='bbox 3419 5082 3475 5135; x_wconf 82' lang='grc'><strong>’0</strong></span> <span class='ocrx_word' id='word_1_816' title='bbox 3501 5079 3677 5136; x_wconf 56' lang='grc' dir='ltr'>θάνπττ</span> 
     </span>
    </p>
   </div>
   <div class='ocr_carea' id='block_1_114' title="bbox 2151 5171 3679 5244">
    <p class='ocr_par' dir='ltr' id='par_1_114' title="bbox 2151 5171 3679 5244">
     <span class='ocr_line' id='line_1_115' title="bbox 2151 5171 3679 5244; baseline 0.018 -30"><span class='ocrx_word' id='word_1_817' title='bbox 2151 5173 2515 5244; x_wconf 84' lang='grc' dir='ltr'>παρέστηκεν,</span> <span class='ocrx_word' id='word_1_818' title='bbox 2540 5173 2589 5225; x_wconf 87' lang='grc' dir='ltr'>οἱ</span> <span class='ocrx_word' id='word_1_819' title='bbox 2621 5171 2925 5240; x_wconf 85' lang='grc' dir='ltr'>ἀπάγοντες</span> <span class='ocrx_word' id='word_1_820' title='bbox 2958 5174 3370 5242; x_wconf 76' lang='grc' dir='ltr'>κατεπείγουσι.</span> <span class='ocrx_word' id='word_1_821' title='bbox 3409 5174 3500 5237; x_wconf 86' lang='grc' dir='ltr'><strong>Τίς</strong></span> <span class='ocrx_word' id='word_1_822' title='bbox 3528 5174 3554 5224; x_wconf 71' lang='grc' dir='ltr'><strong>ὁ</strong></span> 
     </span>
    </p>
   </div>
   <div class='ocr_carea' id='block_1_115' title="bbox 2151 5263 3679 5335">
    <p class='ocr_par' dir='ltr' id='par_1_115' title="bbox 2151 5263 3679 5335">
     <span class='ocr_line' id='line_1_116' title="bbox 2151 5263 3679 5335; baseline 0.001 -20"><span class='ocrx_word' id='word_1_823' title='bbox 2151 5263 2246 5335; x_wconf 85' lang='grc' dir='ltr'><strong>ρού</strong></span> <span class='ocrx_word' id='word_1_824' title='bbox 2255 5281 2412 5335; x_wconf 86' lang='grc' dir='ltr'>μενος</span> <span class='ocrx_word' id='word_1_825' title='bbox 2433 5263 2612 5329; x_wconf 84' lang='grc' dir='ltr'>;Θεὸς,</span> <span class='ocrx_word' id='word_1_826' title='bbox 2638 5264 2667 5315; x_wconf 84' lang='grc' dir='ltr'><em>ὁ</em></span> <span class='ocrx_word' id='word_1_827' title='bbox 2688 5265 3151 5335; x_wconf 75' lang='grc' dir='ltr'>καταφρονηθείςς</span> <span class='ocrx_word' id='word_1_828' title='bbox 3182 5266 3325 5320; x_wconf 73' lang='grc' dir='ltr'>Ἀλλ’</span> <span class='ocrx_word' id='word_1_829' title='bbox 3351 5263 3679 5321; x_wconf 58' lang='lat' dir='ltr'><strong>atmodum</strong></span> 
     </span>
    </p>
   </div>
   <div class='ocr_carea' id='block_1_116' title="bbox 2150 5352 3681 5430">
    <p class='ocr_par' dir='ltr' id='par_1_116' title="bbox 2150 5352 3681 5430">
     <span class='ocr_line' id='line_1_117' title="bbox 2150 5352 3681 5430; baseline 0.001 -24"><span class='ocrx_word' id='word_1_830' title='bbox 2150 5354 2302 5407; x_wconf 86' lang='grc' dir='ltr'>τότε·</span> <span class='ocrx_word' id='word_1_831' title='bbox 2370 5355 2435 5408; x_wconf 83' lang='grc' dir='ltr'><strong>σὺ</strong></span> <span class='ocrx_word' id='word_1_832' title='bbox 2479 5353 2588 5425; x_wconf 80' lang='grc' dir='ltr'>γὰρ</span> <span class='ocrx_word' id='word_1_833' title='bbox 2638 5353 2804 5407; x_wconf 78' lang='grc' dir='ltr'>αὐτοῦ</span> <span class='ocrx_word' id='word_1_834' title='bbox 2857 5355 2953 5407; x_wconf 84' lang='grc' dir='ltr'><strong>νῦν</strong></span> <span class='ocrx_word' id='word_1_835' title='bbox 3013 5358 3342 5422; x_wconf 84' lang='grc' dir='ltr'>εἰσακούεις.</span> <span class='ocrx_word' id='word_1_836' title='bbox 3385 5352 3681 5430; x_wconf 78' lang='grc' dir='ltr'>Προθεσμὶαν</span> 
     </span>
    </p>
   </div>
   <div class='ocr_carea' id='block_1_117' title="bbox 2150 5508 2643 5572">
    <p class='ocr_par' dir='ltr' id='par_1_117' title="bbox 2150 5508 2643 5572">
     <span class='ocr_line' id='line_1_118' title="bbox 2150 5508 2643 5572; baseline 0 -10"><span class='ocrx_word' id='word_1_837' title='bbox 2150 5526 2268 5562; x_wconf 83' lang='lat' dir='ltr'><strong>cum</strong></span> <span class='ocrx_word' id='word_1_838' title='bbox 2300 5508 2404 5562; x_wconf 87' lang='lat' dir='ltr'><strong>Deo</strong></span> <span class='ocrx_word' id='word_1_839' title='bbox 2428 5510 2643 5572; x_wconf 71' lang='lat' dir='ltr'><strong>pacisci.</strong></span> 
     </span>
    </p>
   </div>
   <div class='ocr_carea' id='block_1_118' title="bbox 2223 5580 3534 5650">
    <p class='ocr_par' dir='ltr' id='par_1_118' title="bbox 2223 5580 3534 5650">
     <span class='ocr_line' id='line_1_119' title="bbox 2223 5580 3534 5650; baseline 0.001 -20"><span class='ocrx_word' id='word_1_840' title='bbox 2223 5580 2298 5649; x_wconf 72' lang='grc'><strong>(5)</strong></span> <span class='ocrx_word' id='word_1_841' title='bbox 2344 5580 2725 5634; x_wconf 74' lang='grc' dir='ltr'>Ἐπιικοῦσαι.</span> <span class='ocrx_word' id='word_1_842' title='bbox 2757 5580 3058 5636; x_wconf 81' lang='lat' dir='ltr'><strong>Contextus</strong></span> <span class='ocrx_word' id='word_1_843' title='bbox 3084 5580 3534 5650; x_wconf 77' lang='grc' dir='ltr'>ἐπακολουθῆσαι.</span> 
     </span>
    </p>
   </div>
   <div class='ocr_carea' id='block_1_119' title="bbox 2223 5645 3679 5722">
    <p class='ocr_par' dir='ltr' id='par_1_119' title="bbox 2223 5645 3679 5722">
     <span class='ocr_line' id='line_1_120' title="bbox 2223 5645 3679 5722; baseline 0.002 -21"><span class='ocrx_word' id='word_1_844' title='bbox 2223 5645 2298 5722; x_wconf 78' lang='grc'><strong>(6)</strong></span> <span class='ocrx_word' id='word_1_845' title='bbox 2331 5650 2605 5722; x_wconf 47' lang='lat' dir='ltr'><strong>figam-rgo.</strong></span> <span class='ocrx_word' id='word_1_846' title='bbox 2641 5651 2830 5722; x_wconf 71' lang='lat' dir='ltr'><strong>Melius</strong></span> <span class='ocrx_word' id='word_1_847' title='bbox 2864 5653 2916 5705; x_wconf 91' lang='lat' dir='ltr'><strong>in</strong></span> <span class='ocrx_word' id='word_1_848' title='bbox 2946 5661 3203 5722; x_wconf 69' lang='lat' dir='ltr'><strong>contextu</strong></span> <span class='ocrx_word' id='word_1_849' title='bbox 3242 5645 3437 5722; x_wconf 62' lang='grc' dir='ltr'>ᾔσθου,</span> <span class='ocrx_word' id='word_1_850' title='bbox 3475 5659 3525 5703; x_wconf 83' lang='lat' dir='ltr'><strong>et</strong></span> <span class='ocrx_word' id='word_1_851' title='bbox 3546 5645 3679 5718; x_wconf 74' lang='grc' dir='ltr'><strong>ἔχεις-</strong></span> 
     </span>
    </p>
   </div>
   <div class='ocr_carea' id='block_1_120' title="bbox 2205 5709 3304 5795">
    <p class='ocr_par' dir='ltr' id='par_1_120' title="bbox 2205 5709 3304 5795">
     <span class='ocr_line' id='line_1_121' title="bbox 2205 5709 3304 5795; baseline -0.003 -17"><span class='ocrx_word' id='word_1_852' title='bbox 2341 5709 2645 5790; x_wconf 64' lang='grc' dir='ltr'>Ἐπιφέρῃ.</span> <span class='ocrx_word' id='word_1_853' title='bbox 2673 5720 2830 5778; x_wconf 78' lang='lat' dir='ltr'><strong>Forte</strong></span> <span class='ocrx_word' id='word_1_854' title='bbox 2852 5721 3118 5795; x_wconf 76' lang='grc' dir='ltr'>ἀποφέρῃ.</span> <span class='ocrx_word' id='word_1_855' title='bbox 3149 5709 3304 5777; x_wconf 59' lang='lat' dir='ltr'><strong>Enni.</strong></span> 
     </span>
    </p>
   </div>
  </div>
