3874 6224
268 309 401 364 ΙΞ2]

1292 303 1528 363 8ΕΒΜΟ
1569 304 1704 361 Vlll.
1749 336 1818 348 -—
1859 301 1948 358 DE
1989 301 2470 358 POENITENTIA.

3377 300 3398 354 Ι
3411 299 3518 354 Ξδθ

262 429 428 482 δώσει
447 445 460 458 ’
489 428 668 492 καλῶς
694 427 911 498 ἐχρήσω
935 427 1002 497 τῇ
1024 424 1302 498 δεδομένῃ.
1321 424 1526 496 Μηδείς
1552 441 1611 477 σε
1639 423 1842 490 ἐξαπα-

1948 420 2123 476 audis.
2143 419 2385 490 Tempus
2407 417 2732 491 praeﬁnitum
2752 417 3070 489 prorogabit
3101 432 3114 468 :
3150 416 3361 472 scilicet
3387 416 3517 472 dato

263 523 409 574 τάτω
452 523 628 584 κενοῖς
657 519 854 588 λόγοις.
905 520 1288 591 Ἐπιστήσεται
1315 519 1424 589 γάρ
1468 535 1548 571 σοι
1579 517 1839 586 αἰφνίδιος

262 615 503 686 δλεθρος,
537 615 633 666 καὶ
681 615 716 684 ἡ
758 610 1112 683 καταστροφὴ
1144 610 1344 682 ὁμοίως
1385 609 1660 678 καταιγίδι
1705 626 1844 678 παρ-

264 707 441 758 έσται.
464 705 623 770 Ἥξει
669 704 899 773 ἄγγελος
928 703 1211 774 κατηφὴς,
1251 703 1479 771 ἀπάγων
1522 702 1710 772 βιαίως
1747 703 1842 754 καὶ

265 791 445 864 σύρων
486 809 578 844 σου
624 792 725 864 τὴν
773 791 951 864 ψυχὴν
1001 792 1294 862 δεδεμένην
1345 795 1464 856 ταῖς
1511 791 1839 863 ἁμαρτίαις,

263 884 446 937 πυκνά
476 884 991 956 μεταστρεφομένην
1020 885 1158 955 πρὸς
1202 883 1268 938 τὰ
1301 878 1426 947 ὧδε,
1451 885 1546 938 καὶ
1584 883 1844 955 ὀδυρομέ-

264 994 361 1046 νην
382 976 508 1029 ἄνευ
537 976 742 1045 φωνῆς,
763 975 856 1029 τοῦ
878 977 1111 1049 ὀργάνου
1131 978 1315 1043 λοιπὸν
1344 978 1451 1032 τῶν
1479 979 1686 1050 θρήνων
1710 977 1843 1030 ἁπο-

264 1066 622 1129 κλεισθέντος.
657 1068 720 1119 Ὢ
753 1067 895 1120 πόσα
927 1069 1227 1141 σπαράξεις
1257 1069 1511 1123 σεαυτὸνί
1555 1069 1696 1122 πόσα
1723 1085 1844 1122 στεο

261 1158 478 1223 νάξειςί
525 1157 784 1229 ἄπρακτα
828 1162 1105 1228 μετανοῶν
1144 1161 1238 1214 ἐπὶ
1277 1165 1390 1224 τοῖς
1439 1160 1838 1231 βουλευθεῖσιν,

258 1249 391 1301 ὅταν
425 1248 540 1320 ἴδῃς
569 1248 668 1319 τὴν
692 1250 1026 1322 φαιδρότητα
1047 1251 1157 1306 τῶν
1190 1251 1412 1306 δικαίων
1440 1253 1497 1305 ἐν
1521 1254 1586 1322 τῇ
1615 1252 1844 1322 λαμπρᾷ

260 1340 486 1411 διανομῇ
533 1340 639 1393 τῶν
671 1339 881 1413 δώρων,
927 1344 1021 1396 καὶ
1046 1344 1145 1415 τὴν
1180 1344 1480 1414 κατήφειαν
1525 1341 1633 1395 τῶν
1663 1344 1844 1413 ἁμαρ-

261 1431 448 1485 τωλῶν
475 1432 534 1485 ἐν
566 1432 644 1502 τῷ
694 1433 874 1487 σκότει
915 1433 996 1506 τῷ
1038 1433 1342 1505 βαθυτάτῳ.
1388 1429 1489 1488 Οἷα
1514 1437 1660 1505 ἐρεῖς
1690 1437 1746 1488 ἐν
1774 1437 1838 1506 τῇ

258 1524 425 1597 ὀδύνῃ
460 1525 558 1595 τῆς
589 1525 820 1596 καρδίας
857 1543 949 1579 σου
977 1527 1131 1594 τότε;
1174 1526 1246 1580 Αἵ
1285 1529 1386 1597 μεί
1427 1528 1500 1599 μὴ
1540 1526 1841 1599 ἀπορρῖψαι

262 1614 326 1666 τὸ
366 1613 506 1686 βαρὺ
538 1613 696 1680 τοῦτο
732 1616 950 1687 φορτίον
989 1617 1089 1687 τῆς
1121 1618 1430 1689 ἁμαρτίας,
1466 1617 1607 1672 οὕτω
1653 1617 1841 1689 ῥᾳδίας

260 1704 431 1778 οὔσης
464 1705 566 1776 τῆς
595 1706 944 1772 ἀποθέσεως,
988 1708 1126 1762 ἀλλὰ
1156 1710 1251 1762 τὸν
1286 1709 1458 1781 σωρὸν
1502 1709 1611 1763 τῶν
1654 1709 1841 1763 κακῶν

1941 521 2187 583 tempore
2226 514 2395 583 probe
2428 528 2562 568 usus
2586 527 2668 567 es.
2693 511 2769 581 (‘2)
2806 509 2976 565 Nemo
2999 517 3052 564 te
3085 509 3310 565 seducat
3335 511 3514 564 inani-

1943 604 2046 659 bus
2070 603 2252 658 verbis
2280 603 2348 656 ⁸³.
2379 601 2515 656 Nam
2559 604 2878 673 repentinus
2939 604 3038 657 tibi
3085 603 3386 657 imminebit
3434 603 3518 655 in-

1943 693 2136 748 teritus
2163 694 2230 759 “,
2261 701 2315 747 et
2343 693 2571 748 exitium
2596 693 2852 763 procella:
2878 691 3058 747 simile
3095 691 3293 746 aderit.
3321 687 3518 744 Veniet

1943 785 2171 853 angelus
2230 784 2442 846 tristis,
2498 783 2780 840 abducens
2859 783 3127 839 violenter
3183 783 3518 853 trahensque

1942 876 2182 931 animam
2209 883 2358 930 tuam
2380 875 2623 946 peccatis
2638 876 2902 944 vinctam,
2927 877 3124 932 crebro
3143 891 3203 931 se
3231 877 3300 931 ad
3314 891 3376 932 ea
3397 891 3518 948 quia:

1943 969 2033 1022 hic
2077 977 2206 1023 sunt
2251 976 2687 1034 convertentem,
2727 984 2793 1024 ac
2843 971 2962 1024 sine
3008 985 3144 1025 voce
3190 977 3514 1040 gementem,

1941 1059 2167 1114 occluso
2203 1059 2318 1128 jam
2359 1059 2659 1130 gemituum
2701 1075 2766 1115 ac
2808 1061 3169 1116 lamentorum
3215 1076 3440 1132 organo.
3472 1059 3517 1116 Ο

1943 1165 2108 1222 quam
2139 1151 2435 1208 dilaniabis
2458 1160 2511 1207 te
2535 1154 2684 1236 ipse!
2725 1163 2993 1225 quantum
3034 1155 3393 1227 ingemisces!
3421 1155 3517 1211 sed

1943 1248 1998 1296 te
2031 1248 2248 1295 tuorum
2291 1243 2650 1298 consiliorum
2691 1243 2896 1300 frustra
2939 1247 3246 1316 ptenitebit,
3279 1262 3406 1303 cum
3435 1249 3520 1302 vi-

1942 1333 2096 1389 debis
2137 1334 2265 1389 hinc
2299 1335 2636 1391 hilaritatem
2661 1337 2938 1406 justorum
2970 1340 3039 1394 de
3083 1341 3304 1412 egregia
3336 1341 3520 1396 dono-

1946 1439 2069 1479 rum
2101 1425 2493 1483 distributione
2533 1427 2854 1490 laetantium,
2881 1429 3030 1484 illinc
3061 1446 3350 1487 mmrorem
3387 1448 3518 1502 pec-

1942 1523 2194 1570 catorum
2231 1519 2327 1587 qui
2368 1517 2427 1571 in
2457 1517 2746 1573 altissimis
2793 1520 3033 1576 tenebris
3072 1521 3351 1590 jacebunt.
3386 1523 3521 1590 Quae

1945 1608 2077 1662 tunc
2115 1607 2368 1662 dicturus
2411 1623 2472 1663 es
2511 1607 2565 1662 in
2599 1608 2788 1664 dolore
2831 1610 3016 1666 cordis
3058 1611 3181 1665 tui?
3212 1611 3310 1668 Hei
3346 1615 3516 1670 mihi!

1941 1695 2048 1750 hoc
2096 1711 2262 1766 grave
2299 1699 2510 1767 peccati
2554 1711 2717 1762 onus,
2753 1714 2876 1753 cum
2915 1700 2968 1754 id
3019 1717 3218 1757 exuere
3249 1702 3321 1756 ita
3360 1701 3522 1760 facile

256 1799 465 1851 τούτων
504 1798 848 1867 ἐφέλκεσθαι.
881 1797 956 1852 Δῖ
1006 1801 1104 1870 μεί
1149 1799 1248 1863 τὰς
1299 1801 1525 1872 κηλῖδας
1579 1801 1654 1871 μὴ
1700 1801 1836 1853 ἀπο-

1948 1797 2104 1852 esset,
2137 1804 2246 1843 non
2291 1789 2468 1858 abjeci
2521 1808 2536 1844 :
2574 1790 2666 1846 sed
2707 1791 2904 1845 horum
2943 1793 3213 1849 malorum
3260 1810 3520 1852 acervum

258 1890 604 1957 πλύνασθαι,
641 1891 756 1945 ἀλλ’
795 1893 1118 1964 ἐστιγμένον
1167 1888 1307 1946 εἶναι
1355 1897 1471 1958 ταῖς
1519 1893 1834 1965 ἁμαρτίαις.

258 1982 377 2036 Νῦν
413 1983 478 2037 ἂν
511 1984 659 2054 ἥμην
695 1983 834 2055 μετὰ
861 1984 970 2037 τῶν
1003 1985 1284 2055 ἀγγέλων
1313 1985 1407 2039 νῦν
1446 1985 1512 2040 ἂν
1537 1989 1650 2050 τοῖς
1675 1986 1841 2057 οὐρα-

257 2074 394 2139 νίοις
437 2075 662 2144 ἀγαθοῖς
695 2075 1027 2148 ἐνετρύφων.
1071 2079 1135 2130 Ὢ
1163 2078 1274 2132 τῶν
1317 2077 1574 2149 πονηρῶν
1619 2077 1838 2147 βουλευ-

262 2169 482 2240 μάτωνῑ
518 2168 605 2222 διά
653 2167 988 2242 πρόσκαιρον
1019 2170 1296 2242 ἁμαρτίας
1343 2170 1666 2236 ἀπόλαυσιν,
1714 2169 1841 2225 ἀθά-

259 2276 398 2312 νατα
423 2258 779 2330 βασανίξομαι
798 2275 812 2288 ·
837 2259 904 2314 δι’
932 2261 1123 2332 ἡδονὴν
1152 2260 1372 2333 σαρκὸς,
1401 2260 1480 2332 τῷ
1507 2261 1640 2332 πυρὶ
1663 2278 1839 2332 παρα-

256 2352 494 2422 δίδομαι.
525 2352 722 2405 Δικαία
747 2353 780 2422 ἡ
811 2353 994 2422 κρίσις
1022 2353 1116 2406 τοῦ
1154 2351 1310 2407 Θεοῦ.
1355 2352 1714 2425 Ἐκαλούμην,
1744 2353 1837 2407 καὶ

258 2446 363 2516 οὐχ
415 2446 687 2515 ὑπήκουον
707 2463 720 2475 ·
752 2445 1138 2518 ἐδιδασκόμην,
1179 2448 1275 2501 καὶ
1302 2447 1362 2500 οὐ
1401 2450 1689 2519 προσεῖχον
1711 2464 1724 2479 °
1759 2447 1837 2500 δι-

256 2533 636 2606 εμαρτύραντό
665 2552 778 2606 μοι,
813 2535 924 2606 ἐγὼ
960 2537 1016 2590 δέ
1049 2538 1375 2607 κατεγέλων.
1411 2538 1597 2591 Ταῦτα
1641 2537 1736 2590 καὶ
1771 2537 1840 2590 τά

259 2627 484 2680 τοιαῦτα
519 2629 665 2698 ἐρεῖς
697 2629 1130 2700 ἀποκλαιόμενος
1163 2633 1408 2694 σεαυτὸν,
1437 2631 1532 2686 ἐὰν
1561 2643 1840 2704 προαναρ-

258 2721 478 2792 πασθῇς
525 2721 623 2791 τῆς
683 2722 991 2792 μετανοίας.
1028 2723 1340 2795 Ἄνθρωπε,
1399 2725 1433 2796 ἢ
1473 2724 1572 2794 τὴν
1616 2722 1840 2791 γέενναν

259 2811 554 2882 φοϐήθητι,
588 2811 622 2882 ἢ
657 2811 757 2881 τῆς
803 2810 1079 2881 βασιλείας
1113 2814 1516 2886 ἀντιποιήθητι.
1559 2812 1716 2883 Ἐμοὶ
1750 2813 1843 2866 δα-

258 2903 452 2976 κρύειν
490 2904 800 2974 ἐπέρχεται,
830 2906 961 2961 ὅταν
994 2905 1306 2979 ἐνθυμηθῶ,
1344 2908 1426 2960 ὅτι
1470 2907 1539 2959 τὰ
1569 2905 1707 2978 ἔργα
1742 2906 1841 2976 τῆς

257 2997 528 3068 αἰσχύνης
558 2997 831 3068 προτιμᾷς
855 2997 958 3068 τῆς
983 2999 1228 3070 μεγάλης
1251 2999 1410 3069 δόξης
1432 2997 1526 3051 τοῦ
1547 2997 1683 3050 Θεοῦ
1703 3015 1716 3028 ο
1747 2998 1842 3050 καὶ

255 3089 352 3144 διὰ
387 3089 448 3143 τὸ
476 3089 575 3160 τῆς
607 3088 901 3152 ἀκολασίας
929 3090 1046 3160 ἡδὺ,
1077 3090 1545 3154 δυσαποσπάστως
1570 3089 1709 3161 ἔχων
1741 3090 1842 3160 τῆς

259 3157 560 3249 ἁμαρτίας,
589 3180 698 3232 τῶν
722 3180 781 3232 ἐν
823 3157 1178 3247 ἐπαγγελίαις
1209 3180 1432 3248 ἀγαθῶν
1457 3157 1681 3234 σεαυτδν
1712 3157 1846 3235 ἀπο-
1872 3157 1914 3211 C

261 3271 500 3335 κλείεις,
554 3271 630 3336 ὡς
685 3269 761 3343 μὴ
812 3269 940 3324 ἰδεῖν
987 3273 1056 3326 τά
1112 3272 1295 3342 ἀγαθά
1343 3272 1696 3346 Ἰερουσαλὴμ
1743 3271 1845 3343 τῆς

260 3363 614 3433 ἐπουρανίου.

337 3535 393 3588 7.
434 3537 691 3590 Βούλεταί
722 3555 782 3591 σε
814 3538 1054 3610 ἐλεῆσαι,
1083 3538 1176 3590 καὶ
1209 3536 1316 3590 τῶν
1346 3535 1512 3590 αὐτοῦ
1544 3536 1846 3608 οἰκτιρμῶν

267 3629 592 3698 μεταδοῦναι
645 3631 673 3683 ὁ
725 3632 951 3704 κριτὴς,
1000 3631 1143 3686 κατά
1188 3628 1281 3682 τὸν
1307 3629 1562 3714 εἰπόνταδ
1629 3627 1847 3699 Ἄγαπᾷ

262 3722 694 3790 ἐλεημοσύνην
725 3723 824 3776 καὶ
866 3723 1070 3792 κρίσιν
1103 3725 1136 3776 ό
1168 3723 1402 3791 Κύριος.
1438 3720 1576 3774 Ἀλλ’
1614 3721 1710 3775 ἐὰν
1747 3723 1844 3793 μὲν

264 3813 404 3885 εῦρῃ
438 3831 496 3866 σε
524 3814 662 3884 μετά
687 3815 785 3886 τὴν
823 3813 1098 3886 ἁμαρτίαν
1135 3813 1414 3878 ταπεινὸν,
1447 3813 1846 3885 συντετριμμέ-

263 3922 377 3966 νον,
402 3903 573 3958 πολλὰ
599 3906 1052 3977 μετακλαύσαντα
1085 3907 1179 3960 ἐπὶ
1211 3909 1323 3971 τοῖς
1346 3911 1604 3980 πονηροῖς
1639 3909 1842 3981 ἔργοις,

264 3999 337 4052 τὰ
375 3998 642 4070 γενόμενα
691 4000 875 4070 κρυφῆ
917 3999 1360 4072 ἅνεπαισχύντως
1391 4001 1844 4072 δημοσιεύσαντα,

262 4089 530 4160 δεηθέντα
573 4089 816 4159 ἀδελφῶν
849 4094 1156 4161 συγκαμεῖν
1208 4109 1291 4145 σοι
1342 4094 1479 4165 πρὸς
1525 4094 1624 4165 τὴν
1669 4094 1845 4159 ἴασιν,

265 4181 406 4245 ὅλως
432 4181 660 4235 ἐλεεινόν
685 4199 743 4235 σε
773 4183 1067 4253 γενόμενον
1102 4183 1197 4237 ἐὰν
1224 4183 1327 4254 ἴδῃ,
1377 4184 1609 4254 ἄφθονόν
1636 4203 1717 4240 σοι
1749 4186 1847 4258 τὴν

265 4273 433 4326 αὐτοῦ
455 4273 824 4346 ἐλεημοσύνην
853 4276 1178 4345 ἐπιχορηγεῖ
1202 4293 1217 4307 ·
1249 4275 1344 4329 ἐὰν
1371 4276 1429 4328 δὲ
1457 4277 1686 4348 καρδίαν
1715 4280 1850 4349 ἀμε-

263 4365 548 4438 τανόητον,
577 4365 831 4438 φρόνημα
865 4367 1232 4439 ὑπερήφανον,
1255 4367 1512 4422 ἀπιστίαν
1540 4367 1632 4421 τοῦ
1655 4368 1850 4434 αἰῶνος

264 4460 363 4514 τοῦ
402 4460 704 4532 μέλλοντος,
757 4461 990 4529 ἀφοϐίαν
1019 4461 1116 4532 τῆς
1169 4461 1404 4534 κρίσεως
1431 4503 1446 4526 ,
1499 4462 1619 4516 τότε
1659 4464 1850 4535 ἀγαπᾷ

266 4553 364 4605 ἐπὶ
421 4552 504 4605 σοὶ
555 4551 652 4618 τὴν
676 4553 876 4621 κρίσιν.
921 4553 1010 4616 Ὠς
1054 4552 1164 4624 γὰρ
1215 4554 1397 4626 ἰατρὸς
1449 4554 1694 4625 ἐμμελὴς
1751 4555 1847 4608 καὶ

269 4641 674 4709 φιλάνθρωπος.
715 4641 1128 4713 καταντλήμασι
1161 4644 1425 4717 πρότερον
1453 4647 1547 4698 καὶ
1583 4646 1849 4717 περιπλά-

267 4751 474 4804 σμασιν
521 4734 747 4798 ἁπαλοῖς
799 4737 1058 4804 πειρᾶται
1111 4737 1466 4790 καταστεῖλαι
1505 4738 1566 4791 τὸ
1616 4737 1843 4808 οἴδημα’

264 4826 488 4879 ἐπειδὰν
519 4826 576 4878 δέ
611 4825 695 4899 ἴδῃ
723 4826 1016 4891 ἀνενδότως
1043 4828 1138 4881 καὶ
1171 4828 1422 4899 σκληρῶς
1453 4830 1848 4884 ἀντιτυποῦντα

265 4917 360 4970 τὸν
386 4917 570 4984 ὄγκον,
604 4916 766 4987 ῥίψας
797 4916 858 4969 τὸ
879 4915 1056 4970 ἔλαιον
1077 4918 1154 4988 (l)
1189 4919 1283 4970 καὶ
1306 4919 1403 4989 τὴν
1432 4919 1678 4991 μαλακὴν
1703 4920 1849 4988 ἀγω-

265 5010 392 5080 γὴν,
427 5011 662 5079 αἱρεῖται
697 5009 880 5063 λοιπὸν
905 5011 1004 5081 τὴν
1046 5009 1140 5064 τοῦ
1182 5010 1400 5081 σιδήρου
1445 5010 1661 5080 χρῆσιν.
1704 5012 1844 5075 Τοὺς

263 5100 378 5170 γὰρ
427 5099 534 5152 ἀπὸ
567 5099 778 5154 πολλῶν
815 5102 1125 5172 πτωμάτων
1156 5102 1416 5166 πολλάκις
1449 5102 1846 5167 διαναστάντας

263 5191 332 5243 ὲκ
353 5190 454 5260 τῆς
474 5191 614 5243 κατά
634 5191 1042 5262 φιλανθρωπίαν
1066 5193 1457 5264 χειραγωγίας,
1483 5188 1600 5244 εἶτα
1622 5191 1846 5263 ὕστερον

263 5283 374 5338 ὑπὸ
407 5281 514 5336 τῶν
546 5282 837 5337 ἀσθενειῶν
866 5285 1258 5356 κρατηθέντας,
1302 5284 1516 5338 ἀπειλεῖ
1569 5284 1846 5348 παντελῶς

1946 1880 2108 1934 traxi.
2163 1879 2262 1934 Hei
2313 1881 2484 1937 mihi!
2524 1884 2774 1938 maculas
2819 1899 2884 1937 ac
2920 1884 3113 1941 sordes
3160 1902 3270 1942 non
3315 1889 3462 1944 ablui
3502 1909 3516 1944 :

1945 1970 2042 2025 sed
2072 1986 2192 2026 sum
2238 1980 2590 2042 peccatorum
2647 1975 2792 2030 notis
2829 1987 3214 2046 compunctus.
3253 1978 3410 2035 Nunc
3440 1995 3524 2035 cs-

1945 2078 2060 2118 sem
2091 2080 2216 2118 cum
2263 2065 2473 2137 angelis
2502 2083 2516 2120 :
2548 2083 2698 2121 nunc
2727 2068 3038 2123 cmlestium
3087 2070 3357 2126 bonorum
3392 2073 3523 2127 deli-

1945 2155 2047 2210 ciis
2094 2155 2326 2212 fruerer.
2385 2157 2430 2213 Ο
2475 2174 2644 2229 prava
2689 2160 2951 2215 consilia!
3011 2162 3081 2216 ob
3135 2165 3520 2234 temporariam

1948 2247 2155 2317 peccati
2189 2250 2600 2306 delectationem
2645 2260 2906 2306 reternqu
2939 2254 3230 2309 excrucior
3260 2274 3273 2310 :
3308 2257 3378 2311 ob
3402 2272 3522 2312 car-

1949 2339 2037 2394 nis
2090 2341 2424 2411 voluptatem
2472 2343 2585 2414 igni
2615 2346 2820 2400 trador.
2865 2344 3083 2402 Justum
3129 2358 3214 2404 est
3251 2349 3523 2419 judicium

1949 2431 2044 2487 Dei
2079 2453 2091 2488 :
2127 2436 2382 2502 vocabar,
2404 2444 2459 2492 et
2488 2453 2596 2492 non
2623 2438 2948 2494 obediebam
2985 2459 2998 2494 :
3028 2441 3288 2507 doeebar,
3319 2451 3373 2497 et
3401 2443 3526 2498 ani-

1948 2540 2096 2580 mum
2136 2543 2243 2583 non
2295 2529 2647 2585 attendebam
2688 2551 2702 2586 :
2755 2533 3175 2588 obtestabantur
3203 2549 3308 2602 me,
3333 2541 3388 2589 et
3423 2549 3525 2605 ego

1947 2617 2288 2674 deridebam.
2346 2621 2472 2676 Haec
2500 2632 2554 2676 et
2589 2623 2697 2677 alia
2726 2623 2972 2694 ejusdem
3002 2627 3221 2695 generis
3256 2626 3522 2697 proferes,

1945 2708 2153 2766 deflens
2183 2713 2556 2782 temetipsum,
2585 2719 2632 2770 si
2662 2715 2793 2770 hinc
2816 2725 2941 2770 ante
2968 2717 3346 2787 paenitentiam
3380 2720 3524 2774 abri-

1948 2803 2138 2873 piaris.
2174 2803 2218 2860 0
2252 2805 2436 2870 homo,
2467 2815 2562 2860 aut
2601 2807 2906 2878 gehennam
2946 2819 3151 2873 metue,
3191 2819 3289 2864 aut
3318 2811 3526 2866 enitere

1949 2907 2012 2952 ut
2065 2915 2292 2970 regnum
2357 2901 2683 2970 adipiscare.
2754 2901 2884 2956 Mihi
2944 2903 3163 2974 quidem
3244 2903 3392 2958 subit
3456 2904 3526 2958 la-

1948 2992 2206 3062 crymari,
2268 3008 2394 3047 cum
2461 2994 2564 3049 hoc
2616 3010 2834 3050 mecum
2893 3005 3110 3066 reputo,
3161 2995 3307 3066 quod
3359 2995 3524 3066 turpi-

1950 3085 2159 3140 tudinis
2207 3099 2373 3154 opera
2425 3085 2635 3155 ingenti
2678 3085 2773 3142 Dei
2827 3087 3015 3157 gloria:
3058 3086 3305 3157 praafers,
3355 3087 3526 3158 quod-

1947 3192 2054 3245 que
2101 3186 2330 3245 peccato
2359 3175 2672 3233 firmissime
2714 3178 2987 3234 inhmrens
3037 3179 3109 3234 ob
3154 3178 3398 3234 libidinis
3432 3179 3527 3234 de—

1949 3269 2335 3330 lectationem,
2387 3284 2417 3321 a
2459 3270 2749 3339 promissis
2793 3271 2954 3326 bonis
2997 3279 3050 3325 te
3092 3274 3209 3340 ipse
3257 3270 3526 3339 excludis,

1946 3361 2027 3414 sic
2054 3368 2111 3413 ut
2135 3360 2236 3415 tibi
2261 3361 2502 3416 cmlestis
2530 3362 2677 3417 illius
2694 3361 2994 3419 Jerusalem
3024 3363 3168 3418 bona
3201 3361 3388 3418 videre
3418 3378 3529 3420 non

1949 3454 2130 3508 liceat.

2017 3543 2068 3598 7.
2101 3545 2177 3616 (5)
2204 3543 2333 3598 Vult
2378 3545 2458 3598 tui
2493 3545 2747 3600 misereri
2783 3546 2975 3614 judex,
3016 3555 3178 3616 teque
3217 3548 3531 3604 miseratio-

1947 3651 2077 3688 num
2119 3651 2345 3691 suarum
2405 3637 2586 3691 facere
2616 3637 2955 3706 participem.
2989 3647 3049 3691 ut
3079 3640 3171 3694 ille
3201 3639 3297 3708 ait,
3333 3639 3527 3711 Diligit

1950 3727 2374 3782 misericordiam
2411 3738 2462 3782 et
2517 3728 2787 3798 judicium
2833 3728 3095 3785 Dominus
3131 3732 3196 3786 "’.
3258 3731 3315 3786 Si
3365 3733 3530 3788 modo

1951 3823 2076 3887 post
2117 3825 2404 3888 peccatum
2447 3819 2714 3887 repererit
2762 3826 2818 3874 te
2867 3820 3151 3885 humilem,
3206 3822 3527 3886 contritum,

1950 3924 2117 3978 prava
2147 3925 2313 3980 opera
2340 3911 2574 3965 multum
2601 3911 2995 3981 deplorantem,
3029 3910 3191 3982 520
3223 3927 3288 3967 ac
3313 3929 3376 3968 ea
3407 3928 3529 3983 quae

1949 4001 2092 4055 clam
2121 4001 2265 4057 facta
2307 4010 2438 4059 sunt
2460 4005 2806 4073 evulgantem
2838 4004 2977 4058 citra
3011 4004 3295 4074 pudorem,
3327 4020 3530 4076 rogari-

1949 4102 2058 4149 tem
2088 4093 2289 4151 fratres
2326 4095 2428 4150 tibi
2469 4102 2528 4149 ut
2559 4095 2670 4150 sint
2699 4094 3014 4165 adjumento
3053 4095 3118 4150 ad
3156 4095 3528 4166 accipiendam

1949 4186 2240 4252 medelam,
2283 4203 2393 4242 uno
2442 4189 2606 4243 verbo
2650 4188 2698 4242 si
2765 4188 3248 4244 commiseratione
3303 4189 3532 4259 dignum

1949 4278 2172 4342 viderit,
2209 4281 2424 4335 abunde
2456 4281 2556 4336 tibi
2612 4295 2768 4335 suam
2824 4281 3169 4351 impertietur
3212 4282 3529 4336 misericor-

1951 4371 2120 4426 diam.
2153 4371 2211 4426 Si
2242 4387 2371 4426 vero
2400 4387 2499 4426 cor
2535 4372 2799 4441 paenitere
2843 4372 3114 4435 nescium,
3159 4380 3394 4426 mentem
3434 4387 3530 4426 su-

1880 4504 1924 4560 D
1953 4463 2198 4533 perbam,
2231 4465 2473 4518 animum
2515 4465 2701 4518 futuro
2731 4463 2932 4519 saeculo
2965 4479 3075 4517 non
3098 4462 3433 4524 credentem,
3463 4479 3529 4519 ac

1952 4556 2166 4609 nullum
2205 4556 2404 4625 judicii
2456 4557 2707 4612 timorem
2753 4557 3123 4626 conspexerit,
3179 4566 3311 4609 tunc
3363 4555 3418 4609 in
3474 4565 3530 4612 te

1947 4645 2215 4716 judicium
2256 4647 2456 4718 diligit.
2491 4648 2571 4702 ita
2600 4648 2747 4702 enim
2783 4648 2961 4701 bonus
3006 4660 3071 4700 ac
3115 4645 3391 4700 humanus
3413 4660 3530 4700 me-

1951 4737 2108 4792 dicus
2136 4737 2390 4792 fomentis
2426 4737 2581 4808 prius
2627 4752 2692 4792 ac
2743 4735 3004 4791 remediis
3049 4734 3308 4790 mollibus
3349 4743 3531 4790 tumo-

1952 4843 2066 4882 rem
2098 4829 2288 4884 sedare
2319 4838 2549 4884 conatur
2575 4848 2588 4883 :
2621 4836 2907 4900 postquam
2937 4841 3067 4881 vero
3091 4824 3290 4880 viderit
3331 4825 3530 4880 molem

1951 4919 2089 4972 nihil
2141 4920 2455 4988 remittere,
2503 4929 2668 4990 atque
2744 4921 3058 4974 iuduratam
3127 4916 3340 4983 reniti;
3412 4924 3528 4970 tum

1952 5009 2171 5065 demum
2209 5012 2430 5081 rejectis
2473 5013 2596 5067 oleo
2634 5027 2698 5066 ac
2737 5013 2992 5066 molliore
3032 5007 3264 5064 curandi
3295 5007 3528 5070 ratione,

1953 5100 2082 5155 ferri
2127 5118 2289 5158 usum
2333 5105 2575 5159 adhibet.
2629 5103 2704 5173 (4)
2751 5104 2823 5160 lis
2879 5104 3052 5167 enim,
3102 5100 3197 5172 qui
3239 5116 3306 5154 ex
3343 5101 3530 5156 multis

1953 5193 2172 5249 casibus
2213 5210 2356 5265 saepe
2405 5195 2796 5251 misericordiae
2838 5195 3037 5251 divina:
3079 5192 3333 5263 praesidio
3358 5193 3528 5247 erecti

1953 5294 2102 5354 sunt,
2138 5303 2205 5343 ac
2243 5288 2443 5345 deinde
2474 5289 2890 5346 infirmitatibus
2938 5287 3314 5352 succubuere,
3351 5286 3530 5341 mina-

338 5435 384 5467 “
413 5434 609 5505 Ephes.
643 5451 700 5503 ν,
736 5435 792 5491 6.
872 5437 1174 5496 lt’lThess.
1213 5455 1268 5507 ν,
1302 5439 1357 5494 3.
1433 5438 1479 5471 ⁸³
1507 5437 1657 5495 Psal.
1691 5454 1868 5505 mm,
1895 5437 1949 5494 5.

337 5590 416 5659 (l)
452 5591 520 5663 Tt)
542 5590 768 5647 ἔλαιον.
800 5593 890 5647 Sic
917 5601 1224 5648 contextus.
1252 5593 1388 5647 Editi
1420 5594 1510 5648 τὸν
1539 5594 1707 5663 ἔλεον,
1740 5595 1842 5650 mi-

258 5659 641 5735 sericordiam.
662 5664 804 5735 Infra
839 5663 965 5720 editi
992 5664 1210 5735 ἀρωγὴν
1233 5664 1291 5718 δέ
1322 5682 1464 5718 τινα.

340 5731 417 5803 (ε)
459 5731 592 5786 Ibid.
624 5733 740 5786 m.

2025 5594 2101 5737 £5)
2133 5594 2209 5650 Ex
2246 5596 2395 5650 hom.
2425 5599 2475 5651 in
2505 5599 2641 5664 psal.
2675 5614 2844 5664 χχιιι,
2881 5599 2998 5655 151.

2047 5667 2102 5736 4)
2132 5667 2367 5737 Uterque
2419 5670 2586 5724 codex
2620 5671 2821 5725 indicat
2843 5686 2998 5726 conm

2047 5667 2102 5736 4)
2132 5667 2367 5738 Uterque
2419 5670 2586 5724 codex
2620 5671 2821 5725 indicat
2843 5686 3135 5728 commen..
3165 5673 3214 5726 in
3256 5670 3374 5729 Im.

3551 5709 3559 5782 ἑ
