3874 6224
445 301 577 357 1251

1340 297 1703 353 ΑΡΡΕΝΠΙΧ.
1745 329 1812 340 ——
1853 297 2198 354 SYItlFTONlS
2238 298 2798 358 ΜΕΤΑΡΙΙΗΑΒΤᾸΞ.

3505 308 3613 367 1⁶Ἰ

3535 347 3584 364 ον

3535 347 3584 364 ον

443 433 536 478 tur
564 420 788 476 omnino
833 417 978 474 Deus
1013 435 1074 475 se
1119 435 1228 476 non
1280 421 1662 479 remissurum.
1701 421 1789 474 Ait
1846 421 2014 484 enim,

2125 423 2146 474 ὁ
2170 420 2303 484 Θεὸς
2365 421 2438 490 μὴ
2463 422 2715 492 ἀφήσειν.
2739 419 2948 476 Οὐκέτι
2971 421 3102 490 γὰρ,
3127 421 3304 491 φησὶν.
3329 420 3510 488 ἀνήσω
3534 426 3618 492 τὰς

446 515 570 569 Non
635 513 863 580 amplius
904 512 1174 566 remittam
1254 511 1396 566 nobis
1479 521 1692 580 peccata
1751 522 1922 566 uestra
1945 511 2012 572 “,

446 608 523 678 (l)
540 603 788 660 indicans
806 617 865 656 se
878 601 990 671 jam
1009 613 1383 672 saepenumero
1406 604 1602 658 similia
1635 604 1784 672 prius
1809 603 2017 656 condo--

446 712 609 751 nasse
656 715 669 751 :
709 697 978 766 siquidem
1033 695 1148 748 lieri
1181 696 1388 764 nequit,
1446 702 1506 748 ut
1543 694 1667 763 quis
1701 694 1821 748 sine
1861 692 2014 747 venia

444 805 568 859 quas
607 804 638 842 a
683 787 794 845 Dco
851 788 1193 851 conceditur,
1245 787 1375 842 vitae
1413 787 1715 843 secundum
1764 787 2014 840 virtutem

403 866 794 937 finstitnendae
834 895 957 938 sese
985 881 1168 936 dedat.
1197 879 1274 950 (2)
1303 877 1432 934 Vult
1469 881 1636 942 enim,
1663 888 1722 932 ut
1762 880 1808 932 is
1827 878 1920 946 qui
1963 879 2016 931 in

443 974 688 1040 peccatis
717 973 1046 1042 quibusdam
1085 980 1339 1030 versatus
1379 979 1488 1037 est,
1527 980 1582 1026 et
1615 971 1812 1027 deinde
1833 971 1900 1024 ad
1929 985 2018 1024 εει

451 1063 664 1120 niorem
716 1065 840 1120 vitae
883 1065 1150 1121 rationem
1195 1063 1488 1132 pollicetur
1534 1077 1596 1118 se
1645 1074 2013 1132 recepturum,

443 1154 607 1210 linem
657 1156 901 1226 imponat
945 1155 1264 1226 praeteritis,
1315 1157 1574 1224 factoque
1623 1163 1746 1225 post
1796 1161 2016 1224 peccata

444 1249 606 1304 initio
634 1249 895 1318 quodam,
931 1249 1089 1319 quasi
1135 1263 1232 1318 per
1279 1248 1652 1318 pmnitentiam
1701 1248 2014 1302 reviviscat.

441 1341 670 1405 Contra,
725 1341 818 1410 qui
865 1341 1056 1396 isthaec
1113 1341 1385 1411 promittit
1433 1339 1550 1394 sine
1595 1339 1702 1394 ulla
1743 1339 2020 1394 intermis-

444 1435 616 1494 sione,
651 1433 927 1503 etjugiter
959 1433 1029 1487 ab
1057 1432 1142 1487 his
1168 1432 1396 1494 excidit,
1435 1431 1589 1484 illum
1627 1431 1773 1484 velut
1795 1430 2017 1500 penitus

443 1523 797 1593 desperatum
844 1538 874 1577 a
919 1538 1020 1577 sua
1060 1521 1351 1576 clementia
1389 1520 1650 1574 excludit.
1690 1519 1808 1575 Non
1867 1521 2014 1576 enim

444 1619 536 1684 qui
570 1615 723 1676 dicit,
759 1614 994 1676 Peccavi,
1031 1622 1086 1668 et
1113 1623 1297 1681 postea
1329 1613 1384 1667 in
1419 1621 1642 1683 peccato
1667 1619 2012 1682 perseverat,

444 1707 492 1760 is
542 1705 834 1761 conﬁtetur
863 1724 877 1760 :
911 1704 1004 1760 sed
1042 1705 1136 1774 qui
1158 1705 1248 1758 ubi
1283 1703 1438 1772 juxta
1466 1702 1810 1758 Psalmistam
1834 1719 2017 1772 pecca-

2119 513 2407 582 ἁμαρτίας
2435 513 2636 582 ὑμῶν·
2670 513 2906 583 ἔμφασιν
2949 515 3082 583 ἡμῖν
3118 513 3362 583 παρέχων
3399 514 3479 566 τοῦ
3515 517 3620 570 πολ.

2117 604 2273 669 λάκις
2325 605 2424 676 ἤδη
2467 606 2730 676 πρότερον
2781 605 2874 660 ἐπὶ
2919 609 3030 668 τοῖς
3078 605 3281 675 ὁμοίοις
3328 621 3624 680 συγκεχωρηο

2119 698 2296 750 κέναι.
2328 697 2511 767 Χωρῖς
2535 696 2646 768 γὰρ
2677 695 2776 770 τῆς
2805 695 2954 766 παρὰ
2982 694 3077 748 τοῦ
3108 694 3245 750 Θεοῦ
3277 696 3516 763 ἀφέσεως,
3535 701 3624 750 ἐπι-

2116 789 2312 842 διδόναι
2343 789 2464 842 τινά
2503 788 2695 842 ἑαυτὸν
2725 788 2804 859 τῷ
2832 790 2954 842 κατ’
2985 788 3188 859 ἀρετὴν
3222 787 3337 857 βίῳ,
3379 789 3624 858 ἀμήχανον.

2117 881 2220 935 Τὸν
2247 881 2355 954 γὰρ
2392 881 2450 934 ἓν
2476 897 2618 934 τισιν
2665 879 2958 952 ἁμαρτίαις
2994 879 3362 944 ὲξετασθέντα,
3394 877 3499 933 εἶτα
3526 885 3629 935 dva—

2116 977 2330 1050 τρέχειν
2363 977 2454 1030 ἐπὶ
2479 977 2570 1030 τὸν
2599 977 2725 1048 ὑγιῆ
2771 975 2883 1046 βίον
2913 975 3396 1046 ἐπαγγελλόμενον,
3428 974 3631 1046 βούλεται

2118 1069 2312 1140 πέρατι
2367 1069 2465 1140 μὲν
2507 1068 2712 1139 ὁρίζειν
2741 1066 2812 1120 τά
2840 1065 3215 1138 παρελθόντα,
3261 1067 3429 1137 ἀρχὴν
3457 1065 3507 1118 δέ
3541 1082 3633 1118 τινα

2118 1161 2388 1216 ποιεῖσθαι
2417 1163 2554 1232 μετὰ
2577 1161 2646 1215 τὰ
2683 1159 3070 1235 ἡμαρτημένα,
3093 1157 3254 1212 οἱονεὶ
3281 1157 3369 1210 διὰ
3394 1157 3482 1228 τῆς
3508 1173 3634 1226 μεταρ-

2114 1254 2263 1318 νοίας
2296 1251 2728 1307 ἀναϐιὼσκοντα.
2768 1250 3018 1320 Συνεχῶς
3055 1250 3112 1304 δὲ
3151 1249 3322 1303 ταῦτα
3357 1249 3638 1316 ἐπαγγελλό-

2119 1365 2280 1418 μενον
2302 1387 2316 1411 ,
2349 1347 2444 1400 καὶ¹
2482 1343 2724 1416 συνεχῶς
2765 1343 2944 1396 αὐτῶν
2992 1341 3386 1402 ἀποπίπτοντα,
3430 1339 3496 1402 ὡς
3533 1357 3638 1392 παν-

2113 1439 2284 1504 τελῶς
2325 1438 2490 1492 αὑτὸν
2541 1435 2984 1506 ἀπεγνωσμένον,
3009 1435 3110 1504 τῆς
3153 1430 3542 1503 φιλανθρωπίας
3571 1432 3641 1482 ὲκ-

2115 1531 2303 1585 κλείει.
2334 1531 2409 1584 Οὐ
2455 1530 2563 1602 γὰρ
2592 1531 2620 1583 ὁ
2654 1527 2846 1592 εἰπὼν,
2877 1529 3190 1596 Ἥμαρτον,
3239 1519 3363 1577 εἶτα
3413 1521 3641 1591 ἐπιμένων

2113 1625 2180 1693 τῇ
2223 1621 2494 1693 ἁμαρτίᾳ,
2523 1615 2679 1682 οὗτος
2726 1617 3166 1690 ὲξομολογεῖται·
3217 1613 3336 1668 ἀλλ’
3372 1615 3400 1667 ὁ
3426 1612 3551 1666 κατὰ
3575 1611 3643 1663 τὸν

2123 1711 2426 1782 Ψαλμῳδὸν
2453 1709 2630 1782 εὑρὼν
2648 1711 2747 1782 τὴν
2774 1709 3050 1780 ἁμαρτίαν
3077 1705 3264 1768 αὑτοῦ,
3302 1704 3396 1757 καὶ
3430 1704 3642 1772 μισήσας.

443 1808 556 1852 tum
587 1813 746 1852 suum
769 1797 1146 1867 deprehendit,
1164 1795 1294 1848 illud
1315 1796 1429 1850 odit
1444 1795 1509 1848 ⁸³.
1537 1795 1675 1862 Quid
1695 1797 1839 1850 enim
1869 1810 2020 1851 emo-

2125 1800 2186 1852 Τί
2380 1778 2572 1868 ὖφελος
2621 1778 2715 1870 τῷ*
2751 1778 3122 1870 ἀρρωστοῦντι
3171 1795 3251 1866 (8)
3311 1796 3346 1864 ἡ
3391 1795 3530 1864 παρὰ
3572 1791 3645 1844 τιῦ

445 1888 670 1943 iumenti
707 1887 864 1942 all‘ert
909 1896 1113 1957 aegroto
1155 1887 1346 1941 medici
1390 1901 1544 1948 cura,
1586 1885 1804 1956 quando
1848 1887 1896 1942 is
1925 1884 2018 1955 qui

445 1980 674 2036 adversa
720 1978 1033 2035 valetudine
1081 1978 1270 2041 utitur,
1318 1994 1432 2033 sua:
1475 1979 1598 2032 vitae
1627 1978 1866 2034 exitialia
1893 1991 2020 2032 con-

443 2072 613 2142 quirit
634 2070 668 2135 ῗ,
705 2069 797 2125 Sic
869 2070 962 2139 qui
1012 2070 1188 2123 adhuc
1240 2077 1450 2138 peccat,
1499 2069 1632 2124 nihil
1681 2069 1732 2124 ei
1775 2069 2020 2123 utilitatis

445 2164 656 2218 accedit
695 2179 759 2216 ex
805 2163 1045 2232 peccatis
1085 2161 1412 2216 condonatis
1447 2177 1462 2216 :
1499 2175 1674 2229 neque
1709 2161 2018 2232 qui.impu-

447 2271 544 2310 rus
563 2261 670 2315 est.
705 2253 1002 2324 quidquam
1035 2253 1266 2324 percipit
1295 2253 1434 2306 lucri
1457 2268 1521 2308 ex
1563 2253 1809 2308 remissis
1837 2253 2018 2323 impu-

444 2345 646 2400 dicitiae
674 2343 844 2398 vitiis.

515 2437 568 2492 8.
598 2437 675 2503 (5i
721 2433 914 2490 Desine
942 2433 1125 2503 itaque
1155 2431 1394 2504 proximi
1417 2434 1494 2487 tui
1527 2433 1654 2486 vitia
1693 2431 2018 2496 explorare;

445 2543 578 2584 cave
627 2525 1056 2598 cogitationibus
1103 2527 1277 2581 otium
1327 2525 1544 2581 dederis
1589 2525 1826 2580 alienum
1868 2539 2019 2578 mor-

445 2619 578 2674 bum
632 2618 994 2690 inquirendi;
1033 2617 1131 2674 sed
1170 2615 1240 2672 ad
1277 2617 1512 2687 teipsum
1561 2615 2018 2687 perscrutandum

444 2720 707 2768 converte
758 2711 972 2768 oculos.
1017 2709 1160 2766 Sunt
1195 2709 1342 2764 enim
1377 2725 1478 2767 nec
1503 2709 1686 2778 pauci,
1721 2709 1818 2778 qui
1855 2707 2022 2763 festu-

445 2817 569 2857 cam
614 2803 835 2871 quidem
877 2800 1326 2858 animadvertunt
1361 2801 1416 2853 in
1465 2801 1625 2854 oculo
1661 2798 1867 2860 fratris,
1910 2807 2022 2856 tra-

447 2897 570 2952 bem
601 2909 730 2950 vero
757 2897 812 2948 in
852 2909 954 2950 suo
995 2895 1238 2963 ipsorum
1271 2892 1434 2947 oculo
1474 2909 1581 2948 non
1615 2892 1798 2946 vident
1843 2891 1906 2946 “.
1946 2889 2022 2944 Ea

446 3002 568 3056 qua
614 2987 960 3042 extrinsecus
1001 2993 1132 3042 sunt
1185 3000 1255 3039 ne
1307 2983 1708 3053 circumspice,
1759 2983 2022 3038 numcubi

447 3076 756 3145 cuiuspiam
803 3075 1241 3147 reprehendendi
1297 3075 1477 3129 locum
1517 3073 1702 3143 possis
1750 3074 2017 3137 invenire,

449 3163 784 3220 Pharisanun
835 3163 988 3222 illum
1035 3163 1302 3226 imitatus,
1346 3161 1440 3228 qui
1488 3171 1642 3216 stans
1684 3175 1745 3216 se
1777 3161 1893 3228 ipse
1930 3161 2022 3228 ju-

2125 3073 2428 3142 δυνηθείης,
2463 3073 2604 3124 κατὰ
2639 3073 2730 3123 τὸν
2767 3073 3060 3143 Φαρισαῖον
3090 3073 3324 3132 ἐκεῖνον,
3359 3073 3419 3131 ὃς
3457 3073 3654 3136 εἱστήκει

2125 3162 2315 3217 ἑαυτὸν
2335 3162 2581 3227 δικαιῶν,
2610 3163 2704 3218 καὶ
2734 3163 2826 3217 τὸν
2867 3161 3106 3228 τελώνην
3134 3161 3512 3228 ὲξευτελίζων.

2155 3163 2315 3217 αυτὸν
2335 3163 2581 3227 δικαιῶν,
2610 3163 2704 3218 καὶ
2734 3163 2826 3217 τὸν
2867 3163 3106 3234 τελώνην
3134 3163 3512 3228 ὲξευτελίζων.
3535 3163 3546 3178 ‘

449 3163 784 3220 Pharisanun
835 3163 988 3222 illum
1035 3163 1302 3226 imitatus,
1346 3161 1440 3230 qui
1488 3171 1642 3216 stans
1684 3175 1745 3216 se
1777 3161 1893 3231 ipse
1930 3161 2022 3230 ju-

361 3320 368 3327 I
449 3255 750 3318 Stillcabat,
789 3269 852 3308 ac
892 3254 1245 3324 publicanum
1277 3251 1512 3310 habebat
1549 3249 1874 3322 despicatui.
1906 3251 2021 3308 lmo

449 3363 582 3404 vero
615 3362 687 3405 ne
721 3347 1052 3406 intermittas
1093 3346 1332 3415 teipsum
1389 3345 1723 3415 percontari,
1771 3345 2021 3415 nunquid

450 3441 749 3511 deliqueris
807 3437 1176 3508 cogitatione,
1251 3435 1500 3506 nunquid
1560 3435 1745 3506 lingua
1826 3436 2024 3492 labarit

450 3540 688 3588 mentem
715 3545 1078 3602 praeurrens,
1121 3529 1368 3598 nunquid
1399 3530 1454 3584 in
1483 3543 1744 3585 manuum
1765 3529 2023 3599 operibus

453 3623 658 3680 factum
687 3623 760 3680 sit
791 3621 1246 3678 involuntarium.
1275 3620 1351 3692 (4)
1387 3619 1857 3686 Quemadmodum
1877 3621 2022 3676 enim

455 3714 574 3774 ﬁeri
603 3729 714 3775 non
761 3719 942 3783 potest
977 3723 1036 3767 ut
1067 3713 1194 3782 quis
1243 3711 1533 3770 sanitatem
1578 3720 1886 3782 recuperct,
1917 3711 2021 3767 nisi

451 3806 715 3876 depulsus
760 3807 986 3862 morbus
1039 3806 1112 3860 sit
1153 3821 1167 3856 :
1198 3805 1346 3860 velut
1381 3811 1440 3858 ut
1473 3804 1599 3874 quis
1645 3805 1882 3868 caleﬁat,
1917 3804 2023 3860 nisi

455 3901 618 3970 plane
649 3897 895 3954 sedatum
940 3897 1014 3952 sit
1050 3897 1226 3967 frigus
1259 3913 1274 3960 ;
1309 3911 1486 3966 neque
1529 3896 1675 3952 enim
1709 3896 1822 3952 hac
1864 3896 2024 3956 simul

456 3992 760 4048 consistere
794 3997 1024 4058 possunt
1059 4003 1074 4042 :
1111 3987 1365 4044 similiter
1392 3996 1447 4043 et
1475 3988 1569 4057 qui
1613 3987 1814 4044 bonam
1855 3987 2023 4040 vitam

457 4094 617 4150 agere
657 4080 827 4149 cupit,
872 4094 996 4138 cum
1043 4093 1139 4148 par
1170 4086 1254 4132 est
1295 4078 1363 4132 ab
1401 4079 1553 4135 omni
1583 4078 1714 4134 mali
1737 4077 2026 4132 consortio

457 4169 732 4229 recedere.
771 4169 848 4238 (5)
885 4167 1002 4223 Non
1029 4169 1176 4226 enim
1223 4171 1485 4238 temporis
1516 4169 1892 4230 diuturnitate,
1929 4167 2022 4223 sed

458 4264 656 4319 animae
703 4261 988 4319 alie-ctione
1028 4261 1345 4332 paenitentia
1369 4259 1726 4330 dijud-cntnr.
1773 4260 1852 4330 (6)
1919 4259 2024 4325 Qui

457 4368 590 4414 vero
623 4354 692 4409 ab
734 4353 884 4414 inani
937 4353 1047 4408 vita
1092 4361 1464 4413 recesserunt,
1495 4361 1550 4408 et
1587 4353 1654 4407 ad
1697 4353 2020 4408 diviniorem

2121 1892 2308 1964 ἰατροῦ
2362 1891 2670 1962 ἐπιμέλεια,
2710 1891 2838 1944 ὃταν
2884 1889 2957 1944 τὰ
3006 1888 3284 1960 φθαρτικὰ
3329 1889 3426 1956 τῆς
3469 1885 3646 1954 ζωῆςδ

2119 1985 2344 2054 κάμνων
2366 1983 2662 2056 ἐπιτηδεύῃ
2684 2000 2700 2048 ;
2735 1983 2928 2046 Οὖτως
2947 1982 3101 2036 οὐδὲν
3127 1981 3322 2050 ὄφελος
3347 1977 3647 2048 ἀδικημάτων

2119 2074 2586 2146 συγχωρουμένων
2616 2073 2694 2144 τῷ
2727 2073 2806 2126 ἐτι
2837 2072 3229 2146 ἀρρωστοῦντι,
3272 2072 3368 2126 καὶ
3391 2070 3647 2138 ἀκολαστη-

2123 2169 2305 2238 μάτων
2333 2168 2644 2239 ἀφιεμένων
2673 2165 2751 2238 τῷ
2787 2165 2869 2219 ἔτι
2891 2165 3359 2220 ἀκολασταίνοντι.

2191 2431 2244 2486 8.
2299 2427 2511 2484 Παῦσαι
2543 2426 2832 2499 τοιγαροῦν
2859 2428 2928 2486 τὰ
2955 2428 3048 2482 τοῦ
3097 2428 3332 2500 πλησίον
3365 2429 3504 2484 κακά
3531 2445 3652 2496 περι-

2121 2521 2515 2590 εργαζόμενος·
2551 2518 2626 2590 μὴ
2662 2519 2805 2575 δίδου
2841 2518 3036 2592 σχολὴν
3076 2522 3190 2584 τοῖς
3229 2519 3508 2590 λογισμοῖς
3533 2519 3652 2573 ἀλλό-

2119 2625 2268 2682 τριον
2316 2609 2590 2674 ἐξετάζειν
2637 2608 3014 2680 ἀρρώστημα·
3053 2609 3170 2664 ἀλλ’
3219 2611 3318 2664 ἐπὶ
3359 2611 3458 2678 τὴν
3488 2611 3654 2661 οἰκείαν

2120 2701 2348 2772 ἔρευναν
2397 2702 2595 2772 στρέφε
2633 2717 2728 2756 σου
2766 2699 2828 2754 τὺ
2851 2701 3005 2772 δμμα
3028 2701 3124 2772 (θ).
3159 2701 3358 2755 Πολλοὶ
3388 2701 3559 2772 γὰρτὺ
3579 2699 3654 2769 μὲν

2120 2795 2333 2864 κάρφος
2361 2795 2424 2846 τὸ
2449 2795 2508 2846 ὲν
2545 2793 2624 2864 τῷ
2655 2792 2920 2864 ὀφθαλμῷ
2957 2791 3050 2846 τοῦ
3077 2792 3314 2862 ἀδελφοῦ
3353 2791 3652 2854 κατανοοῦσι.

2120 2885 2218 2956 τὴν
2243 2885 2300 2938 δὲ
2329 2885 2388 2938 ἐν
2411 2883 2490 2956 τῷ
2509 2884 2694 2955 οἰκείῳ
2717 2883 2984 2956 ὀφθαλμῷ
3016 2883 3172 2959 δοκᾲν
3201 2885 3310 2938 οὐκ
3344 2884 3652 2956 ἐμϐλέπουσι.

2121 2977 2213 3048 Μὴ
2242 2976 2310 3031 τὰ
2336 2976 2440 3043 ἔξω
2472 2975 2817 3048 περισκόπει,
2853 2975 3010 3030 εἵπου
3052 2975 3195 3038 τινὸς
3229 2975 3426 3047 μῶμον
3457 2975 3657 3046 ἐξευρεῖν

2121 3069 2428 3142 δυνηθείης,
2463 3069 2604 3124 κατὰ
2639 3071 2730 3123 τὸν
2767 3071 3060 3143 Φαρισαῖον
3090 3071 3324 3132 ἐκεῖνον,
3359 3070 3419 3131 ὃς
3457 3069 3654 3136 εἱστήκει

2125 3252 2348 3306 σεαυτὸν
2395 3253 2702 3325 ἀνακρίνων
2747 3254 2822 3326 μὴ
2854 3253 3156 3326 διαλείπῃς,
3195 3255 3272 3326 μή
3324 3272 3380 3308 τι
3417 3251 3549 3308 κατά
3583 3250 3657 3310 τὰς

2123 3343 2447 3416 ἐνθυμήσεις
2488 3345 2767 3416 ἥμαρτες,
2811 3346 2885 3416 μή
2934 3362 2987 3398 τι
3041 3347 3074 3417 ἡ
3119 3345 3350 3414 γλῶσσα
3393 3341 3659 3416 παρώλισθε

2121 3436 2222 3507 τῆς
2250 3435 2487 3502 διανοίας
2521 3437 2999 3510 προεκδραμοῦσα,
3033 3437 3109 3510 μὴ
3147 3440 3205 3491 ἐν
3238 3441 3360 3502 τοῖς
3385 3438 3558 3509 ἔργοις
3578 3433 3660 3487 τιῖιν

2123 3529 2320 3600 χειρῶν
2371 3529 2681 3602 πέπρακταί
2717 3549 2771 3584 τι
2819 3531 2928 3584 τῶν
2975 3530 3313 3602 ἀϐουλήτων.
3355 3533 3554 3602 Ὥσπερ
3577 3529 3661 3600 Ii?

2122 3623 2402 3692 ἀμήχανον
2448 3623 2634 3692 ὑγείαν
2672 3622 2959 3676 ἀναλαϐεῖν
2996 3622 3072 3695 μὴ
3113 3623 3212 3694 τῆς
3262 3626 3430 3677 νόσου
3461 3623 3660 3676 ἀπαλλα-

2122 3711 2318 3779 γέντα,
2365 3711 2398 3780 ἢ
2437 3714 2494 3766 ὲν
2533 3712 2828 3784 θερμότητι
2867 3712 3120 3780 γενέσθαι
3169 3715 3263 3766 τὸν
3309 3715 3390 3784 μὴ
3445 3711 3659 3783 καθαρῶς

2124 3805 2476 3876 πεπαυμένον
2497 3805 2598 3874 τῆς
2625 3804 2978 3875 καταψύξεως
2999 3805 3018 3875 (
3039 3804 3370 3861 ἀνεπίδεκτα
3397 3806 3504 3877 γὰρ
3525 3805 3660 3858 ταῦτα

2123 3895 2441 3968 ἀλλήλοις)·
2495 3897 2640 3951 οὕτω
2681 3899 2777 3951 καὶ
2811 3897 2906 3950 τὸν
2958 3897 3219 3968 μέλλοντα
3263 3900 3326 3950 ὲν
3375 3896 3555 3966 ἀγαθῴ
3587 3894 3662 3965 βίῳ

2125 3987 2400 4057 γενέσθαι,
2433 3989 2614 4059 πάσης
2663 3991 2928 4058 προσήκει
2977 3989 3078 4060 τῆς
3124 3990 3218 4042 ἐπὶ
3258 3989 3324 4042 τὸ
3357 3990 3532 4044 κακὸν
3569 4003 3664 4039 σαν-

2124 4079 2318 4146 αφείας
2349 4078 2728 4150 ἀπαλλαγῆναι
2747 4096 2762 4110 ο
2798 4079 2858 4132 οὐ
2885 4077 2995 4150 γὰρ
3026 4079 3218 4149 χρόνου
3262 4080 3544 4147 ποσότητι,
3572 4077 3664 4132 5t:-

2125 4169 2274 4226 θέσει
2315 4169 2374 4222 δὲ
2419 4169 2598 4240 ψυχῆς
2634 4171 2667 4241 ἠ
2709 4169 2967 4238 μετάνοια
2996 4169 3260 4240 κρίνεται.
3319 4171 3386 4224 Οἱ
3431 4169 3486 4222 δὲ
3531 4183 3666 4237 χωρι-

2125 4259 2344 4322 σθέντες
2375 4257 2469 4312 τοῦ
2499 4257 2658 4312 κενοῦ
2685 4257 2821 4328 βίον,
2848 4258 2944 4312 καὶ
2963 4257 3099 4328 πρὸς
3124 4258 3224 4328 τὴν
3248 4256 3532 4328 θειοτέραν
3550 4255 3665 4324 ζωὴν

2127 4350 2354 4414 ἑαυτοὺς
2379 4349 2693 4414 ἀσκοῦντες,
2727 4348 2802 4422 μὴ
2827 4347 2911 4418 ἐφ’
2943 4349 3190 4411 ἑαυτοὺς,
3225 4349 3366 4420 μηδὲ
3389 4349 3666 4417 καταμόνας

459 4449 673 4518 scipsos
713 4455 990 4509 exercent,
1030 4461 1100 4501 nc
1142 4445 1287 4514 apud
1323 4461 1404 4505 se.
1434 4459 1611 4514 neque
1649 4445 1879 4502 scorsim
1920 4445 2021 4498 soli

2127 4441 2534 4497 ἀσκείσθωσαν·
2577 4441 2930 4512 ὲμμάρτυρον
2967 4441 3077 4512 γὰρ
3113 4437 3258 4494 εἶναι
3305 4441 3572 4511 προσήκει
3597 4436 3665 4487 τὸν

458 4555 516 4594 se
555 4539 658 4609 ipsi
698 4545 1034 4602 exerceant;
1061 4535 1292 4590 testibus
1317 4536 1463 4589 enim
1503 4551 1610 4596 non
1651 4549 1840 4590 carere
1868 4534 2022 4592 decet

459 4631 626 4691 vitam
667 4628 962 4698 ejusmodi,
999 4637 1058 4682 ut
1088 4633 1243 4682 extra
1279 4641 1508 4695 pravam
1545 4626 1916 4696 suspicionem
1951 4627 2024 4680 sit

456 4722 633 4791 posita
655 4719 839 4791 521.
863 4721 942 4791 (7)
970 4719 1125 4786 Quod
1153 4721 1202 4776 si
1229 4719 1496 4788 quispiam
1524 4717 1634 4786 jam
1658 4719 1788 4774 olim
1813 4719 2024 4772 inesca-

459 4820 568 4873 tus,
598 4821 685 4872 aul
723 4810 1034 4869 divitiarum
1071 4811 1345 4878 pulverem
1413 4809 1600 4882 inique
1648 4809 1792 4878 apud
1824 4823 1885 4864 se
1922 4823 2018 4862 co-

461 4902 756 4965 acervavit,
799 4917 1100 4970 earumque
1139 4901 1293 4956 curis
1333 4901 1558 4969 illigavit
1603 4901 1889 4967 animum;
1929 4909 2024 4953 aut

461 4992 698 5052 lasciviae
744 4992 928 5052 scelus
980 4991 1126 5062 quod
1157 5007 1244 5046 vnx
1285 4991 1393 5050 elui
1447 4998 1896 5060 potest,.natura:
1925 4991 2025 5044 ad-

457 5080 638 5157 iunxit
673 5101 688 5150 ;
730 5091 824 5140 aut
862 5083 1186 5138 criminibus
1225 5083 1348 5140 aliis
1385 5067 1920 5148 semetexsatiavit;
1953 5083 2020 5147 is,

533 5236 576 5269 “
610 5237 710 5291 lsa.
746 5254 782 5302 ι,
821 5236 904 5292 14.
1002 5237 1045 5266 ⁸⁵
1086 5239 1230 5290 Psal.
1268 5252 1418 5297 xxxi,

531 5350 607 5419 (1)
638 5347 710 5402 Ex
753 5356 1024 5402 comment
1051 5349 1100 5400 in
1139 5346 1272 5412 (3a.,
1297 5348 1400 5402 407

551 5421 606 5473 2ι
643 5421 772 5473 llud.
802 5419 925 5472 108.

557 5492 610 5549 5)
646 5489 721 5542 Ex
754 5489 900 5542 hom.
928 5489 981 5540 in
1017 5487 1148 5540 illud
1183 5505 1196 5540 :
1228 5485 1449 5540 Attende
1485 5485 1578 5538 tibi
1616 5486 1736 5556 ipsi,
1773 5485 1866 5538 21.

561 5561 611 5618 4)
646 5558 722 5612 Ex
755 5559 900 5611 hom.
937 5559 994 5611 in
1014 5557 1151 5625 ρειαί.
1178 5571 1373 5617 xum,
1404 5556 1520 5611 155.

560 5627 722 5751 sislix
761 5627 922 5696 epist.
975 5641 1273 5690 cuuvm,
1315 5641 1436 5682 can.
1489 5625 1621 5690 2,et
1657 5641 1744 5697 cp.
1799 5641 2020 5691 suum,

560 5719 586 5750 ι.
699 5733 714 5748 ο

461 5711 586 5750 Call.
625 5711 714 5750 154.

1580 5238 1624 5264 ⁸⁸
1659 5233 1846 5291 Matth.
1879 5251 1974 5298 Vlt,
2019 5236 2070 5290 5.

2126 4533 2367 4588 τοιοῦτον
2396 4533 2530 4604 βίον,
2564 4534 2640 4597 ὡς
2670 4533 2734 4588 ἂν
2763 4534 2918 4594 ἐκτὸς
2961 4529 3098 4586 εἶναι
3147 4535 3398 4604 πονηρᾶς
3447 4529 3665 4600 ὑποψίας.

2127 4627 2238 4680 Καὶ
2259 4627 2312 4680 εί
2333 4643 2416 4690 τις
2449 4626 2616 4680 πάλαι
2637 4625 2971 4689 δελεασθεὶς,
2996 4625 3030 4696 ἢ
3060 4624 3288 4678 πλούτου
3321 4624 3478 4678 κόνιν
3503 4623 3560 4687 ἐξ
3582 4621 3670 4674 ἀδι-

2131 4716 2252 4780 κίας
2278 4719 2361 4786 ἐφ’
2387 4716 2577 4772 ἑαυτὸν
2607 4717 2963 4788 συνεφόρησε,
2985 4715 3190 4772 καὶτὸν
3215 4714 3343 4769 νοῦν
3367 4717 3493 4778 ταῖς
3513 4713 3669 4766 τούτου

2133 4807 2424 4878 μερίμναις
2455 4807 2781 4879 κατέδησεν
2815 4807 2848 4878 ἢ
2902 4805 3069 4877 μύσος
3112 4805 3404 4874 ἀσελγείας
3455 4803 3666 4876 προσῆψε

2131 4899 2197 4969 τῇ
2249 4897 2406 4968 φύσει
2455 4899 2902 4970 δυσέκνιπτοψῆ
2954 4898 3062 4952 τῶν
3111 4899 3285 4952 ἄλλων
3335 4897 3671 4968 ἐγκλημάτυο

2131 4990 2447 5062 ἐπλήρωσεν
2469 4991 2658 5044 ἑαυτόν
2677 5009 2690 5020 ·
2721 4983 2896 5054 οὗτος,
2922 4990 2998 5056 ὡς
3023 4989 3102 5043 ἔτι
3134 4990 3344 5061 καιρὸς,
3377 4991 3510 5062 πρὶν
3527 4987 3670 5040 ἐλθεξν

2133 5084 2215 5145 είς
2265 5081 2477 5136 τελείαν
2525 5082 2800 5136 ἀπώλειαν
2819 5123 2834 5146 ,
2868 5081 3153 5136 ἀποθέσθω
3201 5082 3307 5136 τῶν
3357 5081 3592 5154 φορτίων
3620 5076 3672 5131 τὰ

2205 5344 2282 5416 (6)
2319 5343 2555 5416 ljtcrque
2579 5341 2744 5416 codex
2769 5342 3285 5416 indicat‘commcnt.
3309 5344 3364 5395 in
3406 5343 3522 5397 Ian.

2206 5411 2283 5485 (Ἰ)
2319 5414 2394 5470 Ex
2447 5411 2592 5470 hom.
2644 5411 2798 5479 Quod
2831 5411 3114 5468 ntundanis
3165 5413 3544 5470 udum-audam
3588 5427 3674 5464 ne:

2044 5449 2049 5454 ’
2130 5449 2223 5548 sui
2240 5449 2375 5538 ’ίθέξῖ

2201 5556 2280 5622 (8)
2319 5552 2735 5624 Ἀῤῥωστοῦντι
2745 5594 2758 5606 .
2787 5550 2900 5608 Con
2907 5559 3090 5624 textus
3105 5551 3412 5624 ἀδικοῦντι.

2205 5627 2279 5700 (9)
2323 5623 2390 5679 Τὸ
2408 5623 2594 5699 ὄμμα.
2626 5623 2683 5677 In
2709 5632 2964 5680 contextu
2991 5623 3210 5678 additur
3234 5623 3328 5694 τῆς
3347 5625 3552 5694 ψυχῆς.
