3874 6224
266 359 409 415 1223

1288 366 1521 423 δῖίΡιΜΟ
1563 367 1696 422 Vill.
1740 399 1807 409 --
1849 368 1935 422 DE
1976 369 2445 430 ΡιΕΝιΤΕΝΤιΑ.

3366 374 3507 431 1954

264 478 507 546 πλείονα,
542 483 634 534 καλ⁵
668 484 792 554 πρὶν
844 482 1173 554 ὑποϐρύχιον
1218 485 1468 553 γενέσθαι
1500 476 1573 537 ’τὸ
1612 486 1835 553 σκάφος,

1959 489 2068 540 lum
2124 492 2303 568 adhuc
2370 499 2587 561 tempus
2643 499 2745 551 est,
2788 499 3080 561 antequam
3127 489 3196 545 ad
3242 491 3508 562 integrum

264 567 497 642 ἐκϐολὴν
535 573 850 642 ποιησάσθω
894 575 1001 629 τῶν
1044 578 1344 647 ἀγωγίμων
1368 616 1381 638 ,
1410 577 1455 632 ειΔ
1491 575 1568 648 μὴ
1607 578 1835 638 δεόντως

267 662 537 729 συνέλεξε.
608 661 686 717 Τά
738 669 995 737 χρήματα
1060 668 1391 740 ἐκϐληθέντα
1444 668 1662 731 καλῶς,
1716 668 1836 721 οὔτε

267 750 565 806 ἀπόλλυται
613 758 725 820 τοίς
758 758 1045 811 ἐκϐαλοῦσι
1091 761 1185 812 καὶ
1215 759 1434 830 ῥίψασιν
1454 777 1467 790 ·
1497 759 1611 814 ἀλλ’
1651 758 1838 832 ὥσπερ

266 843 348 905 εἰς
375 843 604 907 ὁλκάδας
632 843 799 912 ἄλλας
839 848 1248 920 ἀσφαλεστέρας
1275 852 1427 914 τινὰς
1456 852 1556 915 τάς
1594 850 1702 904 τῶν
1745 869 1840 905 πε-

267 935 444 1005 νήτων
477 937 777 1005 μεταθέντα
812 939 1106 1010 γαστέρας,
1141 941 1486 1005 διασώζεται,
1519 944 1612 996 καὶ
1651 945 1840 1012 φθάνει

269 1026 405 1097 πρὸς
428 1026 651 1099 λιμένας
675 1030 919 1097 ἐλθόντα,
941 1033 1036 1086 καὶ
1061 1034 1386 1103 φυλάττεται
1410 1037 1523 1100 τοῖς
1552 1036 1840 1090 ἐκϐαλοῦσι

270 1116 497 1187 κόσμος.

341 1375 393 1432 9.
434 1379 516 1433 Τὰ
546 1379 653 1452 γὰρ
684 1382 859 1454 χρόνῳ
902 1384 1268 1456 κρατυνθέντα
1302 1390 1448 1462 πάθη
1489 1392 1701 1465 πρῶτον
1745 1393 1843 1463 μὲν

271 1467 465 1536 χρόνου
513 1467 682 1521 δεῖται
718 1468 856 1540 πρὸς
907 1472 1006 1542 τὴν
1034 1472 1349 1546 διόρθωσιν
1396 1477 1585 1531 ἔπειτα
1621 1480 1843 1549 ἰσχυρᾶς

272 1558 369 1610 καὶ
399 1559 766 1631 εὐτονωτέρας
796 1561 1093 1634 διαγωγῆς.
1124 1569 1171 1619 εί
1206 1566 1389 1637 μέλλοι
1417 1586 1501 1632 τις
1531 1570 1623 1623 τοῦ
1651 1570 1844 1641 βάθους

273 1648 439 1703 αὑτοῦ
466 1650 861 1718 καθικνεῖσθαι,
897 1654 1040 1709 ὥστε
1072 1658 1345 1730 πρόρριζα
1374 1660 1576 1727 ἐξελεῖν
1608 1665 1676 1718 τὰ
1719 1664 1845 1735 χεό-

271 1752 349 1809 νῳ
408 1742 605 1814 μακρῷ
658 1746 778 1809 ταῖς
829 1746 1029 1817 ψυχαῖς
1071 1749 1454 1819 ἐρριζωθέντα.
1506 1754 1738 1827 Τοιαύτη
1778 1754 1842 1828 ’ἡ

273 1831 520 1905 ἐμμελὴς
550 1836 656 1887 τῶν
701 1835 1015 1907 Νηνευῖτῶν
1047 1843 1303 1912 μετάνοια
1326 1884 1342 1907 ,
1375 1846 1470 1900 καὶ
1513 1847 1546 1918 ἡ
1583 1847 1719 1917 σοφὴ
1754 1849 1848 1901 καὶ
1878 1834 1922 1892 Β

275 1925 673 1997 πεπυκνωμένη
731 1926 909 1999 θλίψις
969 1928 1189 2003 ἐκείνη,
1221 1935 1343 2006 ἥτις
1392 1936 1511 1991 οὐδὲ
1562 1938 1631 1994 τὰ
1681 1938 1850 2009 ἄλογα

274 2010 572 2085 ἀσυνετελῆ
625 2016 723 2086 τῆς
772 2017 1046 2091 τιμωρίας
1101 2021 1351 2094 ἀφῆκεν·
1396 2025 1532 2081 ἀλλά
1577 2026 1674 2082 καὶ
1713 2028 1851 2083 αὐτὰ

276 2102 408 2172 βοᾶν
443 2103 503 2168 ἐξ
538 2105 782 2177 ἀνάγκης
821 2110 1224 2183 ἐμηχανήσατο.
1279 2115 1579 2190 Ἐχωρίσθη
1610 2119 1718 2193 γὰρ
1752 2123 1851 2193 τῆς

276 2193 399 2263 βοὸς
424 2195 453 2248 ό
488 2196 705 2267 μόσχος,
754 2200 1007 2273 ἀπηλάθη
1047 2203 1146 2275 τῆς
1176 2209 1436 2278 μητρῴας
1475 2209 1644 2282 θηλῆς
1682 2214 1712 2267 6
1754 2216 1851 2285 ἀρ-

274 2288 415 2351 νειός
434 2302 448 2316 ’
483 2289 692 2345 παιδίον
736 2293 1027 2363 ἐπιμάζιον
1070 2297 1171 2350 οὐκ
1199 2293 1267 2370 ἦν
1295 2299 1354 2354 ἐν
1382 2304 1501 2367 ταῖς
1534 2305 1633 2374 τῆς
1664 2306 1852 2360 τεκού-

278 2394 378 2448 σης
421 2380 686 2448 ἀγκάλαις
724 2384 1123 2441 ἐπιδεικνύναι·
1156 2391 1331 2459 φωναὶ
1358 2392 1415 2446 δέ
1450 2394 1603 2467 παρὰ
1635 2398 1850 2452 πάντων

277 2471 491 2541 οίκτραὶ
536 2472 792 2545 ἀλλήλαις
838 2476 1165 2533 ἀντιϐοῶσαι
1222 2484 1316 2536 καὶ
1363 2485 1715 2558 ἀντηχοῦσαι.
1771 2490 1852 2545 Τά

276 2563 443 2618 τέκνα
471 2565 809 2636 λιμώττοντα
846 2570 946 2635 τὰς
992 2573 1176 2644 πηγάς
1208 2576 1390 2649 ἐζήτει
1423 2580 1516 2633 τοῦ
1546 2581 1846 2649 γάλακτος·

278 2657 335 2708 αἱ
382 2657 615 2729 μητέρες
656 2658 734 2730 τῷ
776 2676 990 2732 φυσικῳ
1028 2665 1191 2719 πάθει
1232 2667 1677 2743 διακοπτόμεναι,
1717 2692 1852 2746 συμ-

277 2749 478 2802 παθέσι
524 2755 727 2820 φωναῖς
781 2755 1143 2811 ἀνεκαλοῦντο
1174 2760 1243 2814 τά
1275 2761 1509 2832 ἔγγοναο
1557 2766 1624 2818 τὰ
1678 2766 1849 2840 βρέφη

278 2841 424 2895 κατά
464 2842 556 2897 τὸν
607 2844 790 2916 ὅμοιον
835 2847 1035 2918 τρόπον
1086 2849 1456 2922 λιμώττοντα,
1507 2859 1851 2932 σφοδροτάτῳ

279 2933 545 3007 κλαυθμῷ
584 2939 988 3011 ἀνερρήγνυντο
1035 2943 1131 2996 καὶ
1163 2945 1535 3019 ἀπέσπαιρον·
1581 2952 1633 3003 αἱ
1666 2952 1853 3006 τεκοῦ-

281 3043 374 3081 σαι
451 3031 572 3094 ταῖς
641 3034 898 3099 φυσικαῖς
972 3034 1228 3106 ἀλγηδόσι
1305 3038 1726 3097 κατεκεντοῦντο
1784 3045 1853 3100 τά

281 3118 584 3191 σπλάγχνα.
629 3122 687 3176 '0
735 3126 1046 3198 πρεσσύτης
1096 3129 1182 3182 ἐπ’
1220 3130 1443 3186 ἐκείνων
1490 3132 1725 3207 ἐθρήνει,
1761 3139 1851 3191 καὶ

279 3209 380 3279 τὴν
435 3210 627 3264 πολιὰν
679 3213 848 3268 ἔτιλλε
900 3218 996 3270 καὶ
1060 3221 1421 3291 ἐσπάραττεν.
1468 3222 1525 3277 '0
1574 3225 1853 3291 νεανίσκος

281 3298 375 3351 καὶ
428 3299 723 3369 ἀκμάζων,
782 3302 1155 3385 σφοδρόιτερονε
1185 3308 1544 3382 άπωδύρετο’
1598 3315 1628 3366 ό
1684 3314 1855 3387 πένης

280 3390 597 3457 ἐστέναξεν·
650 3394 678 3446 ὁ
725 3395 978 3461 πλούσιος
1029 3399 1419 3473 ἐπιλαθόμενος
1462 3406 1560 3476 τῆς
1605 3409 1851 3479 τρυφῆς,

280 3483 442 3553 ἡσκει
489 3485 587 3557 τὴν
634 3489 1006 3544 κακοπάθειαν
1053 3492 1128 3556 ὡς
1193 3493 1464 3567 σώφρονα.
1501 3500 1560 3552 ’0
1604 3499 1855 3569 βασιλεὺς
1918 3514 1923 3520 ‘

279 3575 482 3639 αὐτῶν,
518 3576 617 3649 τὴν
658 3578 1015 3654 λαμπρότητα
1049 3585 1142 3637 καὶ
1166 3583 1265 3656 τὴν
1299 3584 1456 3651 δόξαν
1486 3590 1567 3651 είς
1597 3590 1855 3661 αἰσχύνην

286 3668 599 3735 μετέϐαλεν.
651 3671 905 3727 Ἀπέθετο
947 3675 1039 3728 τὸν
1078 3675 1359 3745 στέφανον,
1416 3681 1510 3733 καὶ
1558 3682 1705 3734 κόνιν
1758 3683 1856 3753 τῆς

283 3759 525 3830 κεφαλῆς
545 3761 618 3831 (1)
650 3764 958 3833 κατεχὲετο·
992 3767 1090 3836 τὴν
1112 3765 1405 3840 ἁλουργίδα
1435 3769 1617 3840 ῥίψας,
1655 3771 1856 3826 σάκκον

287 3852 725 3921 μετημφιάσατο’
779 3856 870 3909 τὸν
915 3855 1102 3929 θρόνον
1156 3858 1246 3912 τὸν
1300 3861 1502 3932 ὑψηλὸν
1552 3864 1711 3932 ἀφεὶς
1764 3867 1858 3918 καὶ

290 3943 584 4015 μετέωρον,
619 3947 865 4013 ἐλεεινῶς
918 3953 982 4022 τῇ
1033 3954 1102 4022 γῇ
1146 3957 1528 4027 προσεσύρετο’
1582 3960 1681 4029 τὴν
1725 3959 1858 4014 ιδιά-

286 4032 486 4096 ζουσαν
534 4038 629 4092 καὶ
680 4039 963 4114 βασιλικὴν
1015 4044 1329 4100 καταλιπὼν
1373 4048 1689 4103 εὐστάθειαν
1742 4052 1818 4121 (2)
1843 4093 1858 4116 ,

287 4129 606 4202 συνεθρήνει
648 4132 727 4202 τῷ
764 4134 941 4206 δήμιιν
980 4129 1060 4199 εἷς
1098 4138 1312 4204 ἐγένετο
1352 4138 1462 4192 τῶν
1501 4141 1729 4207 πολλῶν,
1771 4145 1859 4197 ὅτε

286 4221 379 4274 τὸν
422 4222 597 4274 κοινὸν
640 4223 854 4276 πάντων
892 4226 1170 4297 Δεσπότην
1214 4228 1438 4283 ἔϐλεπεν
1488 4231 1858 4305 ὀργιζόμενον.

287 4309 459 4363 Τοῦτο
512 4310 713 4364 δούλων
758 4312 1094 4386 εὐαισθήτων
1139 4317 1412 4388 φρόνημα.
1468 4321 1702 4393 Τοιαύτη
1752 4325 1862 4378 τῶν

290 4400 588 4472 ἁμαρτίαις
634 4404 967 4474 ἐνεχομένων
1014 4408 1048 4477 ἡ
1088 4408 1366 4477 μετάνοια·
1412 4411 1498 4465 ἵνα
1545 4413 1633 4466 διὰ
1682 4417 1863 4487 πάσης

290 4494 507 4563 ἡλικίας
536 4494 568 4564 ὴ
595 4496 987 4568 σκυθρωπότης
1022 4501 1290 4573 κρατήσῃ,
1327 4503 1653 4577 αἰσθομένης
1675 4523 1734 4560 τε
1767 4509 1861 4562 καὶ

288 4586 634 4656 ἁναισθήτου,
669 4590 767 4659 τῆς
805 4592 902 4659 μὲν
943 4594 1083 4647 κατά
1128 4597 1468 4669 προαίρεσιν,
1513 4601 1611 4670 τῆς
1646 4602 1702 4655 δὲ
1737 4605 1856 4659 κατ’

290 4678 554 4751 ἀνάγκην.
596 4681 693 4737 Διά
736 4684 893 4736 τοῦτο
940 4685 1060 4739 ἰδὼν
1101 4689 1297 4753 αὐτοὺς
1338 4693 1366 4744 ό
1406 4690 1539 4757 Θεὸς
1579 4694 1719 4749 οὕτω
1766 4714 1860 4751 τα-

291 4770 684 4839 πεινωθέντας,
721 4775 796 4840 ὡς
827 4778 920 4831 ἐπὶ
953 4780 1384 4850 ὑπερϐαίνουσαν
1425 4786 1632 4840 ἑαυτῶν
1669 4788 1861 4843 ταλαι-

293 4865 504 4935 πωρίαν
523 4868 766 4939 παγγενῆ
784 4872 1231 4942 κατακρίναντας.
1250 4876 1342 4928 καὶ
1365 4876 1423 4929 τὸ
1447 4877 1616 4943 πάθος
1637 4872 1768 4952 ὴλέη
1776 4899 1858 4946 σε,

293 4955 390 5009 καὶ
418 4956 521 5026 τῆς
555 4960 824 5032 τιμωρίας
859 4960 1027 5033 ἀνῆκε
1046 5005 1060 5027 ,
1102 4966 1196 5017 καὶ
1231 4966 1293 5018 τὸ
1319 4968 1531 5039 χαίρειν
1554 4971 1862 5042 ἐδωρήσατο

291 5048 405 5110 τοῖς
428 5048 762 5119 εὐαισθήτως
782 5052 1131 5124 πενθήσασιν.
1167 5055 1325 5108 Ἴδιον
1353 5057 1461 5127 γὰρ
1486 5058 1582 5130 τῆς
1603 5060 1696 5112 τοῦ
1727 5061 1861 5115 Θεοῦ

294 5136 722 5209 φιλανθρωπίας,
769 5142 829 5195 τὸ
869 5142 944 5214 μὴ
989 5148 1166 5216 σιωπῇ
1198 5146 1295 5210 τὰς
1322 5147 1570 5211 κολάσεις
1614 5152 1861 5221 ἐπάγειν,

294 5227 433 5281 ἀλλά
478 5232 905 5302 προκηρύσσειν,
945 5234 1035 5288 διὰ
1069 5236 1179 5290 τῶν
1211 5238 1450 5292 ἀπειλῶν
1483 5243 1863 5316 προκαλούμεο

293 5335 386 5384 νος
412 5319 488 5390 (3)
514 5322 594 5385 είς
636 5324 925 5393 μετάνοιαν
959 5327 1086 5391 τοὺς
1133 5328 1541 5401 ἡμαρτηκότας·
1580 5330 1724 5387 οὕτω
1755 5337 1865 5407 γάρ

363 5473 443 5547 (1)
482 5474 597 5558 Τῆς
619 5477 906 5548 κεφαλῆς.
940 5480 1105 5558 Editi,
1130 5482 1222 5537 ἐπὶ
1247 5482 1349 5554 τῆς
1376 5484 1639 5558 κεφαλῆς.
1674 5486 1864 5547 Melius

292 5544 350 5601 in
376 5544 635 5618 centcxtu
659 5544 819 5618 quem
838 5544 1014 5605 secuti
1049 5544 1260 5608 sumus.

368 5614 446 5686 (2)
481 5614 872 5692 Εὐστᾶθειακ.
903 5619 1078 5692 _llaud
1125 5624 1287 5692 paulo
1318 5625 1509 5681 melior
1561 5626 1677 5683 haec
1720 5628 1862 5684 scri-

293 5690 483 5762 ptura,
498 5701 684 5762 _quam
715 5689 861 5762 quod
900 5689 955 5745 in
988 5692 1108 5762 ipso
1127 5689 1392 5750 contextu
1419 5695 1732 5752 εὐπάθειαν.

374 5755 453 5826 (5)
488 5755 1028 5840 Προκαλούμενοςς
1057 5761 1356 5840 ῼοηῑθιιιη
1404 5765 1862 5840 προκαλουμένου.

305 5821 553 5900 Uterque
576 5829 748 5885 codex
778 5821 1271 5905 προσκαλούμενος.

1940 577 2166 631 exilium
2221 581 2520 648 perveniat.
2566 580 2802 649 deponat
2848 582 3112 648 majorem
3157 580 3509 635 sarcinarum

1944 652 2178 736 partem;
2201 682 2254 726 et
2282 672 2601 742 priusquam
2630 674 2784 727 navis
2804 674 3213 742 submergatur,
3243 672 3506 727 mercium

1942 758 2196 816 indecore
2223 773 2606 834 congestarum
2637 764 2955 832 ejectionem
2990 764 3179 818 iaciat.
3208 764 3283 834 (4)
3330 762 3515 835 Neque

1943 865 2071 905 vero
2103 855 2347 921 pecunia:
2390 857 2559 923 probe
2600 854 2788 922 ejecta:
2835 862 3064 924 pereunt
3106 854 3514 909 effundentibus

1945 957 2007 995 ac
2033 944 2488 1014 projicieutibus;
2511 950 2606 1003 sed
2636 949 2797 1018 quasi
2830 949 2884 1002 in
2917 949 3054 1004 alias
3084 947 3350 1017 quasdam
3384 963 3518 1001 one-

1945 1035 2119 1090 rarias
2159 1052 2326 1092 naves
2361 1042 2615 1104 tutiores,
2651 1056 2954 1110 pauperum
2986 1041 3241 1096 videlicet
3274 1048 3512 1105 ventres,

1943 1136 2242 1196 exportata:
2274 1140 2694 1194 conservantur,
2727 1139 2783 1186 et
2812 1132 2881 1184 ad
2924 1141 3117 1201 portus
3168 1133 3515 1201 perveniunt,

1945 1219 2444 1289 custodiunturque
2499 1222 2874 1291 jacientibus,
2945 1223 3151 1294 quibus
3195 1231 3517 1277 ornamento

1946 1318 2097 1365 ευιιι.

2016 1401 2069 1454 9.
2116 1399 2192 1472 (5)
2234 1399 2500 1472 Tempore
2530 1403 2884 1458 corroborata
2933 1405 3075 1458 mala
3123 1420 3359 1475 primum
3401 1405 3519 1475 qui-

1947 1490 2068 1547 dem
2109 1501 2354 1563 tempore
2400 1494 2644 1564 indigent
2678 1502 2738 1548 ut
2778 1504 3043 1550 sanentur
3078 1513 3094 1562 ;
3146 1496 3342 1551 deinde
3392 1497 3517 1550 forti

1949 1598 2014 1638 ac
2060 1584 2213 1638 [lrma
2269 1585 2465 1655 agendi
2507 1587 2741 1650 ratione,
2778 1587 2827 1642 si
2879 1589 3003 1657 quis
3054 1590 3185 1643 velit
3230 1590 3298 1643 ad
3348 1590 3518 1643 imum

1947 1675 2125 1745 ipsum
2158 1677 2485 1747 pertingere,
2519 1677 2655 1731 adeo
2683 1687 2742 1731 ut
2770 1678 3036 1734 radicitus
3057 1681 3363 1736 evellantur
3396 1696 3518 1751 qua:

1951 1770 2111 1839 longo
2138 1777 2382 1840 tempore
2412 1769 2466 1823 in
2500 1770 2701 1825 animis
2730 1770 2945 1827 radices
2978 1782 3224 1843 egerunt.
3260 1774 3333 1842 (6)
3368 1773 3518 1828 Haud

1949 1859 2215 1914 absimilis
2269 1859 2370 1915 fuit
2415 1875 2630 1916 summa
2691 1862 2783 1916 illa
2839 1863 3199 1933 absolutaque
3256 1863 3521 1921 Ninivita-

1951 1967 2072 2005 rum
2158 1954 2521 2023 pmnitentia,
2573 1962 2737 2025 atque
2818 1954 3061 2026 prudens
3125 1956 3522 2027 vehemensque

1949 2060 2144 2100 eorum
2195 2046 2497 2113 atllictatio,
2533 2064 2656 2118 quae
2704 2065 2771 2103 ne
2817 2050 2977 2104 bruta
3017 2051 3240 2119 quidem
3272 2050 3522 2107 animan-

1951 2137 2024 2191 tia
2057 2153 2086 2192 a
2132 2140 2311 2209 puenis
2373 2140 2635 2194 immuuia
2689 2142 2891 2197 exemit
2934 2159 2947 2194 :
3000 2142 3097 2197 sed
3130 2159 3194 2198 ea
3233 2144 3398 2198 etiam
3432 2158 3524 2198 ne-

1950 2229 2198 2283 cessario
2242 2230 2483 2286 clamare
2531 2231 2765 2288 artiﬁcio
2807 2233 3048 2303 quodam
3097 2234 3300 2305 adegit.
3353 2234 3523 2306 Sepa-

1951 2327 2106 2376 ratus
2150 2335 2389 2392 namque
2431 2332 2515 2379 est
2562 2324 2771 2380 vrtulus
2810 2340 2840 2378 a
2867 2339 3054 2392 vacca,
3086 2334 3333 2381 semotus
3376 2335 3461 2383 est
3491 2341 3523 2382 a

1951 2419 2205 2467 materno
2253 2413 2422 2469 ubere
2470 2430 2664 2486 agnus,
2722 2431 2858 2485 puer
2906 2417 3116 2473 lactens
3155 2418 3212 2472 in
3259 2419 3523 2476 maternis

1953 2504 2098 2557 ulnis
2135 2505 2359 2560 minime
2404 2508 2849 2578 conspiciebatur
2883 2524 2900 2572 ;
2950 2524 3112 2564 voces
3155 2525 3285 2566 vero
3310 2512 3526 2567 emitte-

1953 2596 2152 2650 bantur
2181 2597 2248 2652 ab
2272 2599 2536 2654 omnibus
2587 2600 2949 2663 miserabiles,
2990 2602 3235 2657 vicissim
3282 2603 3524 2659 clamanc

1950 2691 2053 2751 tes,
2088 2700 2150 2740 ac
2181 2697 2522 2743 resonantes.
2559 2687 2756 2746 Partus
2795 2691 3102 2749 esurientes
3139 2692 3296 2749 lactis
3347 2692 3526 2750 fontes

1951 2780 2309 2848 quaerebant;
2356 2790 2560 2837 matres
2598 2783 2834 2838 naturali
2868 2782 3161 2841 affectione
3208 2785 3522 2853 discerptus.

1953 2871 2178 2927 vocibus
2240 2874 2781 2931 commiserationem
2853 2891 3011 2932 suam
3080 2877 3526 2948 signiﬁcantibus

1952 2964 2283 3018 revocabant
2338 2963 2503 3021 fetus.
2554 2964 2818 3022 Eumdem
2874 2969 2942 3024 ad
3000 2968 3222 3024 modum
3284 2969 3525 3024 infantes

1955 3054 2096 3111 fame
2141 3055 2487 3124 laborantes,
2530 3059 2738 3129 ejulatu
2787 3060 3268 3117 vehementissimo
3310 3061 3528 3132 frange-

1954 3147 2175 3212 bantnr,
2229 3150 2718 3223 palpitabantque,
2755 3162 2812 3208 et
2866 3163 3106 3208 matrum
3157 3154 3369 3208 viscera
3418 3170 3529 3208 na-

1955 3241 2225 3298 turalibus
2270 3242 2551 3299 doloribus
2605 3247 3133 3315 compungebantur.
3202 3244 3348 3300 Inter
3406 3246 3529 3300 illos

1955 3330 2116 3386 ﬂebat
2167 3350 2358 3397 senex,
2410 3342 2466 3389 et
2518 3351 2690 3392 canos
2742 3338 3003 3400 vellebat,
3050 3337 3524 3408 discerpebatque.

1955 3423 2307 3485 Adolescens.
2357 3435 2413 3480 et
2457 3426 2550 3497 qui
2588 3426 2801 3483 ﬂorenti
2856 3434 3017 3483 aetate
3067 3436 3207 3491 erat,
3240 3428 3531 3484 vehemen-

1955 3515 2065 3569 tius
2117 3516 2550 3584 lamentabatur;
2617 3519 3010 3588 ingemiscebat
3053 3535 3302 3590 pauper;
3348 3519 3526 3585 dives,

1955 3601 2276 3657 deliciarum
2320 3606 2546 3670 oblitus,
2591 3605 2923 3662 aillictationi
2967 3616 3027 3663 ut
3058 3610 3214 3665 bona:
3261 3624 3322 3664 se
3363 3608 3532 3665 dedc-

1955 3694 2066 3748 bat.
2094 3693 2208 3750 Rex
2240 3696 2485 3767 ipsorum
2519 3698 2863 3768 splendorem
2889 3700 3226 3770 gloriamque
3253 3710 3528 3756 transmu-

1957 3787 2092 3840 tavit
2127 3789 2182 3841 in
2231 3788 2645 3845 verecundiam.
2677 3790 2931 3860 Deposita
2975 3796 3200 3849 corona.
3246 3801 3410 3861 caput
3450 3793 3532 3847 ci-

1958 3892 2090 3932 nere
2130 3878 2423 3948 inspersit;
2472 3894 2714 3950 purpura
2761 3876 2991 3948 abjecta,
3025 3882 3203 3935 induit
3254 3897 3475 3937 saccum
3512 3904 3526 3936 :

1958 3968 2158 4023 throno
2192 3970 2303 4024 alto
2327 3981 2381 4024 et
2415 3971 2637 4026 sublimi
2670 3970 2953 4035 derelicto,
2999 3972 3298 4026 miserabili
3336 3973 3530 4029 habitu

1958 4059 2111 4113 humi
2156 4061 2383 4130 repebat
2416 4079 2430 4115 :
2468 4062 2752 4130 repudiata
2790 4061 3010 4131 propria
3057 4076 3122 4116 ac
3166 4063 3312 4133 regia
3350 4064 3532 4133 gravi-

1958 4157 2089 4213 tate,
2125 4151 2343 4221 lugebat
2376 4167 2499 4205 cum
2535 4153 2752 4222 populo,
2785 4168 2929 4207 unus
2971 4168 3001 4207 e
3048 4154 3234 4210 multis
3274 4154 3450 4211 factus
3477 4166 3532 4211 ct

1962 4241 2226 4310 plebeius,
2265 4241 2410 4311 quod
2457 4257 2806 4296 communem
2838 4241 3127 4297 Dominum
3168 4243 3410 4298 omnium
3451 4245 3532 4299 vi-

1960 4333 2112 4387 deret
2148 4333 2366 4386 iratum.
2398 4332 2524 4387 llaec
2555 4341 2640 4387 est
2665 4348 2947 4387 servorum
2984 4348 3148 4389 sensu
3181 4333 3531 4403 prreditornm

1962 4424 2252 4494 prudentia
2288 4427 2453 4477 :talis
2516 4424 2798 4477 hominum
2847 4424 3086 4494 peccatis
3139 4424 3528 4494 implicitorum

1894 4540 1936 4595 ι)
1970 4516 2309 4586 pmnitentia,
2346 4523 2405 4569 ut
2450 4515 2675 4569 tristitia
2713 4524 3007 4585 occuparet
3045 4524 3258 4569 attatem
3290 4530 3528 4579 omnem,

1967 4618 2079 4661 tum
2106 4608 2456 4671 sentientem,
2482 4615 2597 4661 tum
2630 4623 2738 4662 non
2765 4609 3111 4671 sentientem,
3139 4608 3285 4661 illam
3316 4618 3530 4678 sponte,

1962 4698 2106 4753 hanc
2152 4709 2349 4770 praeter
2384 4701 2740 4755 voluntatem.
2791 4698 3085 4769 Pr0pterea
3133 4715 3259 4755 cum
3307 4700 3535 4755 vidisset

1966 4791 2112 4848 Deus
2143 4793 2293 4863 ipsos
2337 4794 2417 4848 sic
2461 4792 2804 4858 humiliatos,
2854 4802 2913 4847 ut
2942 4793 3374 4848 condemnarent
3412 4810 3536 4849 sese

1967 4882 2034 4937 ad
2073 4884 2430 4953 gravissimas
2475 4885 2708 4941 mulctas
2739 4887 2918 4943 omnis
2951 4886 3188 4958 generis,
3234 4892 3290 4941 et
3327 4886 3533 4942 doloris

1967 4989 2155 5028 eorum
2185 4976 2444 5030 misertus
2469 4983 2575 5044 est,
2610 4987 2665 5031 et
2687 4990 2901 5045 ptenam
2929 4978 3164 5043 remisit,
3193 4989 3247 5032 et
3274 4978 3531 5047 gaudium

1966 5066 2037 5120 iis
2064 5066 2159 5136 qui
2189 5081 2324 5121 sano
2356 5068 2586 5123 consilio
2614 5070 2886 5130 luserant,
2911 5069 3141 5138 largitus
3169 5074 3272 5123 est.
3298 5067 3374 5137 (7)
3401 5066 3533 5120 Pro-

1968 5160 2147 5229 prium
2181 5167 2264 5214 est
2293 5160 2437 5213 enim
2463 5158 2558 5214 Dei
2584 5160 2636 5211 in
2670 5158 2918 5214 homines
2949 5158 3154 5213 amoris
3185 5171 3530 5227 nequaquam

1967 5250 2187 5305 silentio
2213 5265 2402 5320 poenas
2443 5251 2686 5320 irrogare
2711 5267 2725 5303 :
2750 5247 2847 5303 sed
2890 5264 2983 5305 eas
3019 5249 3405 5318 praenuntiam,
3439 5260 3533 5313 per

1970 5339 2150 5395 minas
2177 5347 2493 5409 peccatores
2515 5335 2861 5409 provocando
2892 5338 2958 5391 ad
2993 5334 3401 5407 paenitentiam:
3426 5347 3533 5402 qua

1972 5491 2118 5618 mg!)
2145 5491 2219 5548 Ex
2245 5492 2392 5549 hom.
2419 5491 2572 5560 Quod
2604 5492 2890 5546 mundanis
2918 5490 3290 5545 adherendum
3309 5503 3409 5543 non
3438 5487 3531 5551 sit,

2040 5632 2116 5701 (5)
2156 5630 2235 5687 Ex
2258 5632 2415 5701 epist.
2444 5644 2587 5695 CLVI,
2617 5631 2742 5686 215.

2043 5699 2119 5772 (6)
2150 5701 2227 5772 Ex
2261 5699 2404 5759 bum.
2442 5704 2495 5756 in
2532 5702 2746 5772 fantem,
2769 5707 2899 5772 etc...
2919 5699 3006 5772 θό.

2045 5769 2120 5847 (7)
2160 5770 2236 5830 Ex
2267 5769 2556 5831 comment.
2587 5773 2638 5827 in
2669 5770 2808 5838 Ιεαη
2844 5769 2966 5827 680.
