3874 6224
380 405 522 470 19.35

1295 412 1665 470 APPENDIX.
1701 445 1770 457 —
1812 413 2162 472 SYMEONIS
2199 383 2742 471 usuri-iussu:

3463 409 3576 462 19.56

393 524 574 596 igendi
607 524 821 581 ratione
849 541 984 581 usus
1013 532 1098 582 est
1131 541 1258 598 erga
1298 527 1421 584 illos
1450 527 1602 584 Iona:
1630 544 1816 599 opera.
1853 528 1963 585 Nec

2073 534 2157 584 καὶ
2181 533 2390 594 τούτοις
2421 529 2686 600 πεποίηκε
2711 526 2800 580 διὰ
2831 524 2924 578 τοῦ
2958 524 3126 578 Ἰωνᾶ.
3159 521 3265 576 Καὶ
3295 520 3367 592 τῷ
3403 523 3582 592 Ἰσραὴλ

404 619 546 672 aeite
597 619 823 672 exitium
876 619 1285 690 perniciemque
1329 621 1543 674 induxit
1588 619 1957 690 522lsraeli

382 711 632 778 peccanti
672 711 810 767 :sed
859 710 1123 764 famulum
1175 727 1337 766 suum
1380 711 1447 766 ad
1501 712 1812 766 fundendus
1861 728 1961 781 pro

383 801 584 869 populo
634 816 827 870 preces
866 802 1136 866 excitans,
1165 801 1254 857 bis
1306 802 1490 856 verbis
1537 801 1789 872 prazdixit
1817 820 1830 854 :
1861 801 1962 854 Dio

383 891 533 944 mitte
564 907 684 954 me;
713 901 763 946 ct
788 893 966 947 delebo
988 894 1237 962 populum
1277 895 1414 948 hunc
1437 894 1502 948 ⁸⁷.
1539 895 1753 949 Rursus
1782 894 1964 949 simile

382 983 641 1052 quiddam
675 985 729 1037 in
780 983 1076 1054 Evangelio
1116 986 1280 1040 etiam
1312 1001 1404 1056 per
1437 985 1751 1055 parabolam
1800 1001 1830 1038 a
1858 984 1962 1040 ficu

385 1085 660 1144 sumptam
693 1090 886 1130 sumus
919 1076 1132 1143 edocti;
1161 1078 1360 1146 quippe
1385 1076 1645 1132 dominus
1679 1076 1801 1145 ejus
1829 1077 1965 1130 dicit

385 1164 640 1234 agricola:
668 1184 680 1219 :
715 1163 849 1218 Ecce
875 1168 1004 1219 anui
1039 1178 1142 1221 tres
1173 1175 1296 1220 sunt
1331 1181 1396 1220 ex
1417 1182 1518 1236 quo
1543 1167 1688 1219 venio
1723 1165 1792 1219 ad
1830 1166 1964 1219 hanc

387 1257 566 1324 ﬁcum,
601 1273 839 1326 qucrrens
876 1259 1108 1327 fructum
1135 1260 1185 1312 in
1219 1275 1302 1322 ea,
1343 1267 1394 1312 et
1421 1275 1524 1312 non
1567 1259 1814 1313 invenio:
1843 1275 1966 1313 suc-

386 1348 501 1401 cide
527 1348 696 1403 illaut.
727 1348 924 1419 thuid
958 1351 1116 1404 etiam
1154 1359 1349 1403 terram
1378 1359 1600 1420 occupat
1623 1350 1705 1404 "'?
1747 1350 1824 1423 (l)
1858 1352 1965 1406 Ita—

385 1457 492 1509 que
512 1441 562 1496 in
583 1441 729 1511 quod
762 1450 977 1512 tempus
1004 1443 1316 1512 rejiciemus
1337 1445 1754 1512 paenitentiam?
1779 1460 1964 1501 annon

388 1530 714 1600 recipiemus
759 1547 861 1587 nos
910 1533 979 1587 ad
1015 1533 1212 1587 bonam
1252 1531 1500 1603 frugem?
1543 1549 1729 1588 annon
1768 1550 1797 1589 a
1834 1552 1967 1591 con-

389 1634 545 1677 sueta
567 1621 786 1677 vivendi
809 1623 1024 1678 ratione
1050 1623 1429 1678 revocabimus
1448 1639 1550 1680 nos
1586 1625 1654 1679 ad
1684 1624 1964 1697 Evangelii

389 1715 799 1786 integritatem?
848 1731 1029 1770 annon
1075 1715 1144 1771 ob
1176 1716 1370 1771 oculos
1407 1716 1566 1771 nobis
1596 1733 1861 1787 ponemus
1892 1720 1963 1773 il-

389 1808 496 1860 lam
539 1806 754 1862 Domini
795 1808 1148 1863 metuendam
1195 1822 1260 1862 ac
1301 1809 1654 1878 conspicuam
1697 1809 1864 1876 diem,
1906 1809 1960 1864 in

2065 625 2408 696 ἡμαρτηκότι
2441 624 2501 676 οῦ
2541 623 2720 693 σιωπῇ
2751 622 2998 690 ἐπήγαγε
3019 619 3112 670 τὸν
3142 616 3445 685 ἀφανισμόν·
3475 615 3585 668 ἀλλὰ

2061 718 2226 771 κινῶν
2261 719 2342 780 είς
2367 717 2464 788 τὴν
2499 715 2640 787 ὑπὲρ
2667 713 2762 767 τοῦ
2805 712 2936 767 λαοῦ
2965 711 3055 764 τὸν
3085 708 3275 764 ἐαυτοῦ
3303 708 3585 778 θεράποντα,

2062 809 2439 879 προεκήρυσσε
2483 806 2676 874 λέγων’
2713 806 2887 871 Ἄφες
2925 818 3020 871 με,
3053 800 3150 854 καὶ
3191 798 3471 864 ἐξαλείψω
3502 799 3590 849 τόν

2061 901 2213 954 λαὸν
2247 900 2477 954 τοῦτον.
2509 896 2910 968 Παραπλησίως
2933 894 2987 947 δέ
3013 913 3063 947 τι
3090 892 3184 946 καὶ
3209 893 3265 944 ἐν
3290 891 3365 961 τῷ
3391 891 3593 957 Εὑαγγε-

2061 993 2160 1064 λίῳ
2193 992 2321 1063 περ).
2353 991 2454 1061 τῆς
2495 991 2636 1043 κατά
2676 989 2773 1059 τὴν
2819 988 2991 1058 συκῆν
3026 983 3336 1056 παραϐολῆς
3387 981 3594 1051 μεμαθὴ-

2063 1103 2259 1154 καμεν,
2309 1084 2404 1137 τοῦ
2449 1083 2710 1136 δεσπότου
2757 1079 2927 1149 αὐτῆς
2974 1078 3220 1145 λέγοντος,
3260 1074 3337 1145 τῷ
3377 1076 3591 1146 γεωργῷο

2074 1177 2220 1232 Ἰδοὺ
2239 1178 2370 1245 τρία
2393 1175 2497 1242 ἐτη
2523 1175 2766 1243 ἔρχομαι
2788 1173 2885 1225 ἐπὶ
2911 1171 3024 1237 τὴν
3041 1168 3268 1237 συκῆν,
3291 1166 3464 1234 ζητῶν
3485 1184 3596 1233 καρ-

2063 1269 2183 1322 πὸν
2211 1269 2281 1322 ὲν
2309 1266 2485 1335 αὐτῇ,
2516 1267 2612 1332 καὶ
2641 1263 2728 1334 μὴ
2757 1247 3075 1331 εὐρίάκων·
3121 1260 3387 1327 ἔκκοψον
3419 1257 3595 1322 αὐτήν.

2065 1363 2190 1416 Ἵνα
2235 1362 2291 1415 τί
2341 1360 2440 1413 καὶ
2487 1358 2602 1426 τὴν
2645 1354 2762 1427 γῆν
2800 1351 3110 1424 statam-si;
3154 1348 3446 1421 Τοιγαροῦν
3488 1347 3600 1416 πρὸς

2063 1454 2182 1506 τίνα
2216 1452 2404 1524 καιρὸν
2439 1445 2842 1522 ὐπερτιθέμεθα
2869 1446 2966 1517 τὴν
2998 1445 3316 1516 μετάνοιαν;
3346 1441 3440 1494 οὐκ
3473 1441 3603 1511 ἐκνή-

2063 1543 2275 1614 ψομενς
2324 1543 2423 1594 οὐκ
2467 1537 2916 1608 ἀνακαλεσόμεθα
2958 1537 3183 1598 ἑαυτοὺς
3224 1533 3332 1586 ἀπὸ
3366 1531 3453 1584 τοῦ
3487 1530 3603 1583 κατά

2067 1633 2353 1704 συνήθειαν
2389 1631 2504 1701 βίου
2536 1629 2673 1701 πρὸς
2701 1628 2798 1700 τὴν
2832 1625 3119 1697 ἀκρίϐειαν
3147 1623 3243 1677 τοῦ
3275 1620 3601 1690 Εὐαγγελίου;

2065 1725 2165 1778 οὐκ
2195 1726 2252 1777 ἐν
2283 1723 2578 1793 ὀφθαλμοῖς
2614 1720 2897 1792 ληψόμεθα
2929 1721 3027 1790 τὴν
3055 1717 3272 1789 ἡμέραν
3301 1715 3493 1786 Κυρίου
3526 1713 3606 1783 τὴν

2067 1817 2304 1888 φοϐερὰν
2325 1817 2542 1886 ἐκείνην
2572 1815 2667 1867 καὶ
2691 1811 2952 1883 ἐπιφανῆ,
2984 1813 3041 1864 ἐν
3128 1811 3256 1872 τοὺς
3287 1808 3380 1878 μὲν
3401 1810 3462 1878 τῇ
3485 1807 3607 1879 δεξιᾷ

387 1914 500 1970 qua
539 1901 640 1957 hos
671 1901 896 1970 quidem
935 1901 1028 1971 qui
1057 1901 1122 1955 ad
1155 1899 1374 1954 Domini
1410 1898 1690 1954 dexteram
1736 1916 1834 1970 per
1863 1915 1962 1956 sua

2073 1908 2154 1960 τοῦ
2186 1908 2393 1979 Κυρίου
2421 1904 2512 1959 διὰ
2553 1904 2662 1957 τῶν
2703 1901 2955 1975 πράξεων
2994 1899 3448 1973 προσεγγίζοντας
3485 1897 3607 1966 βασι-

389 2005 556 2059 opera
581 1992 935 2055 accesserint,
958 2007 1184 2062 regnum
1211 1992 1478 2048 cmlorum
1509 1994 1806 2063 suscipiet;
1840 1995 1962 2049 illos

389 2096 521 2136 vero
559 2082 652 2152 qui
686 2084 758 2136 ob
781 2083 1051 2137 bonorum
1081 2099 1307 2154 operum
1336 2085 1694 2153 privationem
1729 2085 1794 2139 ad
1828 2087 1964 2140 siui-

391 2182 561 2228 stram
605 2173 805 2242 dejecti
855 2173 1079 2240 fuerint,
1131 2175 1378 2246 gehenna
1435 2177 1576 2246 ignis
1627 2185 1682 2230 et
1727 2177 1964 2231 tenebrae

389 2273 604 2319 aeternae
635 2264 946 2319 involvent?
972 2263 1116 2327 Illic,
1143 2266 1339 2336 inquit,
1367 2267 1466 2320 erit
1489 2266 1668 2334 ﬂetus,
1697 2277 1746 2321 et
1765 2269 1966 2320 stridor

390 2353 627 2408 dentium
649 2356 710 2408 δ’.
740 2355 817 2427 (Ξ)
845 2354 954 2412 Nos
977 2366 1158 2411 autem
1193 2356 1398 2412 acriter
1427 2371 1490 2411 ac
1512 2357 1620 2410 cito
1647 2372 1961 2427 peccamus,

392 2448 488 2503 sed
514 2449 870 2520 negligenter,
897 2450 1249 2521 segniterque
1273 2448 1648 2520 ptenitentiam
1677 2449 1964 2519 amplecti-

392 2557 538 2596 mur.
577 2541 652 2613 (5)
692 2540 972 2599 (Ζωιοιιυηι
1016 2541 1237 2613 quidem
1296 2558 1522 2612 regnum
1577 2542 1967 2612 concupiscere

393 2649 498 2689 nos
539 2633 799 2699 dicimus,
856 2642 910 2689 et
959 2641 1144 2690 tamen
1189 2632 1257 2688 de
1299 2633 1370 2688 iis
1414 2633 1614 2703 quibus
1656 2633 1965 2702 comparari

394 2731 597 2793 potest,
643 2723 780 2777 nihil
815 2738 1008 2778 sumus
1051 2722 1307 2790 solliciti;
1351 2722 1462 2777 imo
1497 2722 1717 2777 tametsi
1754 2721 1964 2776 nullum

393 2829 498 2885 pro
521 2813 864 2870 conﬁciendo
892 2814 986 2868 Dei
1016 2812 1276 2870 mandato
1306 2814 1547 2869 laborem
1579 2813 1849 2877 subimus,
1881 2813 1966 2866 ni—

397 2907 696 2963 hilominus
721 2907 960 2978 zequales
987 2908 1227 2961 honores
1267 2921 1329 2960 ac
1357 2905 1584 2976 praemia
1612 2920 1737 2959 cum
1771 2905 1840 2959 iis
1871 2905 1966 2974 qtti

395 2997 464 3051 ad
496 3007 726 3053 mortem
769 3013 944 3068 usque
989 3005 1212 3067 peccato
1264 2997 1593 3059 restiterint,
1641 3003 1966 3065 recepturos

395 3102 499 3144 nos
543 3103 667 3144 esse
731 3103 843 3158 prae
905 3087 1103 3143 mentis
1148 3096 1351 3141 nostrae
1385 3087 1624 3141 vanitate
1688 3087 1966 3142 existima—

395 3195 539 3235 mus.
575 3179 651 3248 (4)
677 3177 863 3234 Simus
889 3179 1106 3233 tandem
1137 3178 1431 3247 aliquando
1457 3177 1524 3232 de
1553 3177 1840 3232 animabus
1866 3195 1964 3232 no-

395 3271 529 3328 stris
566 3245 810 3335 solliciti,
846 3269 1066 3337 fratres,
1095 3245 1377 3324 doleamus
1401 3277 1666 3324 anteactae
1704 3271 1834 3324 vitze
1872 3286 1956 3323 va-
1993 3245 2035 3301 (ἶ

396 3363 643 3426 nitatem,
685 3362 1031 3417 decertemus
1074 3374 1173 3430 pro
1202 3359 1425 3414 futuris.
1452 3358 1532 3414 Ne
1562 3374 1878 3414 maneamus
1912 3361 1966 3414 in

396 3453 650 3508 socordia
692 3458 794 3508 hac
821 3460 874 3508 et
897 3451 1279 3512 dissolutione,
1320 3465 1456 3505 neve
1481 3465 1721 3520 praesens
1747 3450 1965 3521 quidem

395 3554 612 3614 tempus
645 3559 742 3613 per
763 3544 945 3614 jugem
989 3544 1266 3614 pigritiam
1297 3544 1631 3608 amittentes,
1670 3542 1725 3596 in
1771 3543 1970 3597 crasti-

395 3653 528 3693 num
565 3653 696 3694 vero
737 3646 792 3692 et
826 3638 881 3692 in
926 3645 1203 3708 posterum
1243 3635 1558 3692 differentes
1601 3651 1828 3706 Operutn
1862 3636 1968 3690 ini-

395 3732 555 3795 tium,
591 3729 786 3786 deinde
817 3730 886 3783 ab
926 3745 991 3784 eo
1030 3731 1123 3799 qui
1174 3729 1387 3782 animas
1436 3735 1654 3784 nostras
1707 3729 1965 3798 reposcit,

395 3823 603 3878 inventi
633 3823 887 3893 imparati
917 3838 948 3876 a
973 3823 1132 3878 bouis
1170 3821 1454 3892 operibus,
1487 3837 1517 3875 a
1548 3821 1807 3891 nuptialis
1845 3821 1986 3875 tha-v

395 3917 526 3971 lami
566 3917 766 3986 gaudio
813 3916 1191 3977 excludamur,
1235 3923 1290 3969 et
1341 3915 1544 3970 frustra
1595 3915 1970 3985 inutiliterque

396 4011 692 4078 ploremus,
727 4019 857 4062 tunc
889 4007 1015 4062 vitae
1047 4017 1259 4076 tempus
1309 4008 1451 4062 male
1500 4007 1833 4077 przeteritum
1885 4008 1966 4061 lu-

395 4107 606 4169 gentes,
651 4112 774 4151 cum
807 4097 946 4150 nihil
985 4096 1222 4165 amplius
1260 4093 1528 4166 profuerit
1555 4095 1967 4164 pmuitentibus.

399 4189 523 4244 Haec
547 4197 632 4246 est
660 4188 997 4259 paenitentiae
1023 4196 1178 4252 aetas,
1210 4187 1301 4241 illa
1323 4188 1817 4254 remunerationis;
1854 4187 1970 4242 hiec

397 4296 578 4350 opera:
613 4288 666 4335 et
694 4281 921 4347 laboris,
975 4281 1064 4334 illa
1112 4279 1474 4350 rependenda:
1505 4281 1778 4336 mercedis
1807 4300 1820 4336 :
1852 4281 1971 4336 haec

397 4373 720 4438 tolerantiae,
766 4373 857 4427 illa
891 4372 1093 4429 solatii.
1124 4371 1279 4426 Nunc
1308 4370 1453 4426 Deus
1499 4369 1716 4440 adjutor
1759 4379 1844 4428 est
1877 4388 1970 4427 eo-

398 4482 520 4520 rum
551 4465 644 4536 qui
677 4480 735 4519 se
759 4479 790 4518 a
812 4463 900 4518 via
923 4464 1064 4518 mala
1095 4472 1458 4530 convertunt;
1501 4472 1632 4518 tunc
1662 4464 1969 4518 horrendus

399 4565 455 4612 et
483 4571 642 4627 quem
673 4555 857 4611 nullus
909 4554 1078 4616 fallet,
1110 4554 1472 4608 humanarum
1499 4554 1799 4617 actionum,
1847 4569 1970 4609 ver-

399 4651 702 4719 borumque
739 4655 794 4703 et
831 4647 1226 4718 cogitationum
1261 4647 1571 4717 inquisitor.
1608 4645 1764 4700 Nunc
1799 4661 1965 4716 expe-

397 4739 574 4793 rimur
602 4738 915 4803 lenitatem,
960 4745 1095 4792 tunc
1120 4735 1329 4804 justqu
1360 4737 1624 4806 judicium
1671 4752 1966 4805 cognosce-

397 4845 544 4892 mus,
581 4845 704 4884 cum
739 4829 996 4884 videlicet
1029 4844 1397 4898 resurgemus,
1431 4829 1521 4882 alii
1552 4829 1617 4882 ad
1643 4829 1966 4898 supplicium

397 4929 681 4984 aeternum,
717 4920 809 4974 alii
859 4919 926 4974 ad
968 4919 1132 4974 vitam
1173 4926 1450 4973 mternam.
1488 4926 1544 4974 et
1590 4919 1967 4990 unusquisque

2065 2000 2181 2053 λεία
2213 1997 2459 2070 οὐρανῶν
2503 1995 2838 2061 ὑποδέξεται’
2872 1993 2999 2056 τοὺς
3034 1991 3092 2044 δὲ
3121 1991 3260 2062 πρὸς
3421 1991 3607 2058 ἀριστε-

2066 2093 2165 2167 ρὰν
2191 2091 2278 2144 διὰ
2315 2091 2414 2162 τὴν
2452 2089 2689 2161 ἐρημίαν
2728 2086 2838 2140 τῶν
2873 2084 3093 2153 ἀγαθῶν
3135 2083 3317 2154 ἔργων
3349 2082 3608 2151 ἀπεωσμέ-

2063 2203 2186 2248 νους
2211 2184 2309 2255 (5),
2344 2183 2537 2251 γέεννα
2565 2178 2736 2250 πυρὸς
2762 2179 2855 2232 καὶ
2887 2177 3077 2240 σκότος
3115 2173 3338 2230 αἰώνιον
3367 2172 3609 2243 κατακρύ-

2061 2279 2181 2347 dist;
2223 2274 2383 2330 Ἐκεῖ
2409 2273 2599 2334 ἔσται,
2631 2271 2817 2342 φησὶν,
2848 2273 2882 2324 ὁ
2909 2268 3216 2337 κλαυθμὸς
3248 2267 3350 2321 καὶ
3372 2265 3610 2335 βρυγμὸς

2063 2368 2181 2422 τῶν
2207 2367 2488 2420 ὀδόντων.
2541 2361 2680 2416 Ἀλλ’
2705 2363 2869 2431 ἡμεῖς
2898 2361 2999 2432 τὴν
3032 2359 3130 2430 μὲν
3153 2359 3432 2430 ἁμαρτίαν
3458 2358 3610 2408 ἐπιτε-

2063 2442 2262 2527 λοῦμεν
2288 2454 2566 2524 συντόμως
2591 2452 2690 2523 (6),
2728 2450 3006 2522 ὀλιγώρως
3025 2449 3081 2502 δὲ
3105 2450 3200 2501 καὶ
3228 2447 3483 2519 ῥᾳθύμως
3503 2447 3613 2498 ἀνα-

2064 2547 2412 2618 λαμϐάνομεν
2443 2545 2541 2615 τὴν
2573 2543 2883 2615 μετάνοιαν.
2924 2542 3033 2594 Καὶ
3055 2539 3336 2610 βασιλείας
3373 2539 3464 2609 μὲν
3485 2539 3614 2608 οὐρα-

2065 2639 2172 2692 νῶν
2197 2637 2484 2708 ἐπιθυμεῖν
2520 2635 2773 2706 λέγομεν,
2813 2633 2873 2698 ἐξ
2899 2626 2974 2687 ὧν
3006 2631 3060 2685 δὲ
3090 2631 3238 2684 ἔστιν
3264 2631 3432 2701 αὐτῆς
3455 2630 3613 2682 ἐπιτυ-

2065 2735 2182 2804 χεῖν
2221 2732 2282 2785 οὗ
2318 2729 2696 2802 φροντίζομενο
2747 2727 2884 2782 ἀλλά
2938 2725 3140 2797 μηδένα
3194 2724 3362 2778 πόνον
3391 2724 3518 2792 ὑπὲρ
3546 2723 3592 2773 ἐν

2064 2825 2224 2889 τολῆς
2265 2822 2358 2876 τοῦ
2410 2821 2546 2876 Θεοῦ
2611 2819 3058 2890 καταδεχόμενοι,
3115 2816 3224 2871 τῶν
3296 2817 3426 2870 ῐσων
3469 2813 3614 2883 τιμῶν

2065 2915 2349 2983 τεύξεσθαι
2384 2917 2502 2977 τοῖς
2549 2913 2708 2985 μέχρι
2760 2911 2989 2966 θανάτου
3043 2910 3176 2981 πρὸς
3227 2908 3333 2979 τὴν
3378 2906 3615 2977 ἁμαρτίαν

2067 3007 2520 3061 ἀντικαταστᾶσιν
2546 3006 2602 3057 ἐν
2628 3006 2691 3076 τῇ
2719 3002 3041 3075 ματαιότητι
3066 2999 3158 3053 τοῦ
3181 3000 3306 3064 νοὸς
3336 2998 3484 3069 ἡμῶν
3508 2997 3615 3049 ὑπο-

2066 3098 2329 3167 τιθέμεθα
2359 3097 2457 3167 (7).
2511 3093 2808 3166 Ἀψώμεθα
2841 3093 3042 3156 τοίνυν,
3073 3091 3348 3162 ἁψώμεθα
3382 3105 3500 3141 ποτε
3535 3087 3614 3154 τῆς

2071 3187 2345 3260 φροντίδος
2391 3185 2499 3240 τῶν
2539 3185 2728 3256 ψυχῶν
2773 3184 2966 3256 ἡμῶν,
3021 3182 3261 3251 ἀδελφοί·
3320 3178 3616 3251 λυπηθῶμεν

2073 3274 2166 3326 ἐπὶ
2201 3277 2266 3344 τῇ
2297 3271 2597 3342 ματαιώσει
2637 3272 2731 3326 τοῦ
2773 3271 3137 3344 προλαϐόντος
3182 3269 3325 3340 βίου·
3370 3266 3616 3336 ἀγωνισώ-

2077 3363 2215 3436 μεθα
2249 3363 2390 3432 ὑπὲρ
2422 3363 2530 3416 τῶν
2567 3361 2889 3434 μελλόντων·
2941 3361 3016 3432 μὴ
3062 3363 3127 3431 τῇ
3178 3359 3423 3432 ῥᾳθυμίᾳ
3453 3358 3536 3409 καὶ

2073 3456 2288 3510 ἐκλύσει
2328 3457 2501 3529 ταύτῃ
2543 3455 3024 3526 ἐναπομείνωμεν,
3078 3452 3173 3506 καὶ
3217 3451 3283 3505 τὺ
3332 3452 3430 3522 μὲν
3473 3449 3618 3519 παρὸν

2073 3548 2161 3601 ἀεὶ
2187 3546 2274 3600 διὰ
2304 3547 2571 3619 ῥᾳθυμίας
2603 3546 2938 3618 προϊέμενοι,
2975 3543 3112 3615 πρὸς
3147 3543 3202 3596 δέ
3235 3541 3303 3598 τὸ
3336 3541 3517 3613 αῦριον
3545 3538 3619 3591 καὶ

2072 3639 2134 3692 τὸ
2168 3639 2365 3710 ἐφεξῆς
2399 3639 2499 3710 τὴν
2526 3638 2701 3710 ἀρχὴν
2727 3638 2835 3691 τῶν
2860 3638 3036 3709 ἔργων
3064 3635 3499 3707 ὑπερτιθέμενοι,
3524 3629 3620 3684 εἶτα

2075 3729 2509 3802 καταληφθέντες
2531 3729 2635 3782 ὑπὸ
2655 3728 2749 3782 τοῦ
2772 3723 3126 3791 ἀπαιτοῦντος
3150 3726 3250 3789 τὰς
3270 3725 3449 3796 ψυχὰς
3471 3722 3618 3793 ἡμῶν,

2074 3821 2555 3892 ἀπαρασκεύαστοι
2587 3821 2696 3874 τῶν
2726 3821 2944 3890 ἀγαθῶν
2973 3820 3169 3891 ἔργων,
3205 3821 3312 3890 τῆς
3347 3819 3444 3889 μὲν
3477 3817 3620 3888 lupi;

2072 3912 2167 3964 τοῦ
2209 3912 2497 3982 νυμφῶνος
2532 3912 2952 3983 ἀποδληθῶμεν,
2998 3910 3143 3980 ἀργὰ
3181 3911 3237 3962 δὲ
3284 3911 3380 3964 καὶ
3421 3910 3622 3975 ἀνόνητα

2075 4004 2347 4074 κλαίωμεν
2379 4005 2479 4076 (8).
2514 4004 2606 4057 τὸν
2636 4004 2823 4068 κακῶς
2861 4003 3165 4072 παρεθέντα
3192 4002 3290 4055 τοῦ
3316 4002 3431 4072 βίου
3462 4001 3621 4071 χρόνον

2074 4095 2388 4166 ὀδυρόμενοι
2412 4095 2556 4159 τότε,
2589 4097 2678 4149 ὅτε
2721 4095 2882 4148 πλέον
2915 4095 3066 4148 οὐδὲν
3096 4094 3311 4159 ἐξέσται
3344 4098 3453 4156 τοῖς
3481 4108 3619 4163 μετα-

2078 4186 2450 4257 μελουμένοις.
2493 4180 2663 4251 Οὗτος
2707 4189 2735 4240 ὁ
2777 4187 2911 4240 αἰὼν
2949 4190 3048 4258 τῆς
3094 4187 3410 4257 μετανοίας,
3448 4187 3622 4243 ἐκεῖνος

2075 4277 2175 4347 τῆς
2210 4279 2634 4341 ἀνταποδόσεως·
2669 4273 2823 4341 οὗτος
2863 4279 2960 4348 τῆς
3002 4277 3287 4348 ἐργασίας,
3316 4279 3516 4339 ἐκεῖνος
3541 4274 3622 4339 τῆς

2079 4369 2519 4440 μισθαποδοσίας·
2573 4365 2726 4435 οὗτος
2773 4371 2871 4442 τῆς
2915 4370 3212 4440 ὑπομονῆς,
3258 4372 3508 4431 κάκεῖνος
3545 4367 3622 4435 τῆς

2077 4464 2495 4534 παρακλήσεως.
2535 4463 2650 4516 Νῦν
2691 4463 2884 4533 βοηθὸς
2922 4463 3032 4514 τῶν
3073 4463 3510 4534 ἐπιστρεςςόντων
3535 4457 3623 4513 ἀπὸ

2077 4554 2194 4607 ὀδοῦ
2235 4555 2410 4624 κακῆς
2435 4556 2462 4606 ὁ
2486 4555 2637 4619 Θεὸς,
2667 4553 2791 4607 τότε
2822 4555 3052 4626 φοϐερδς
3080 4555 3174 4608 καὶ
3209 4554 3623 4625 ἀπαραλόγιστος

2072 4649 2180 4701 τῶν
2215 4647 2564 4718 ἀνθρωπίνων
2614 4648 2954 4719 πραγμάτων
2999 4649 3093 4701 καὶ
3135 4649 3402 4719 ῥημάτων
3427 4647 3501 4710 (9)
3545 4642 3623 4696 καὶ

2073 4737 2470 4809 ἐνθυμημάτων
2495 4736 2808 4808 ἐξεταστὴς.
2839 4737 2954 4790 Νῦν
2980 4738 3080 4806 τῆς
3112 4735 3493 4807 μακροθυμίας
3512 4735 3622 4786 ἀπο-

2073 4828 2333 4900 λαύομεν,
2379 4831 2499 4882 τότε
2537 4828 2633 4900 τὴν
2677 4828 3078 4899 δικαιοκρισὶαν
3113 4828 3474 4898 γνωρίσομεν,
3515 4827 3622 4877 ὅταν

2072 4921 2416 4993 ἀναστῶμεν,
2437 4924 2485 4974 οἱ
2516 4921 2613 4992 μὲν
2639 4922 2717 4985 είς
2743 4920 2962 4974 κόλασιν
2990 4921 3226 4974 αἰώνιον.
3257 4922 3304 4974 οἱ
3328 4920 3386 4972 δὲ
3409 4921 3484 4980 εἰς
3499 4914 3622 4970 ζωὴν

468 5098 512 5130 ⁸⁷
544 5096 716 5153 Exod.
741 5112 913 5160 xxxtt,
955 5094 1040 5150 10.
1117 5095 1164 5128 ⁸⁸
1192 5095 1324 5151 Luc.
1367 5087 1487 5159 xui,
1522 5096 1582 5150 7..
1649 5096 1692 5131 ⁸⁸
1720 5095 1910 5152 Matth.
1949 5114 2075 5163 xxv,
2107 5098 2195 5154 30.

470 5261 546 5331 tl)
579 5258 654 5331 Ex
688 5258 898 5331 Regulis
927 5260 1096 5328 fusius
1131 5261 1396 5331 tractatis.
1427 5260 1552 5314 528.

471 5330 546 5398 (2)
578 5329 654 5383 Ex
686 5329 832 5384 hoin.
861 5331 1151 5398 infamem,
1182 5339 1312 5392 etc.,
1346 5329 1432 5385 65.

473 5397 547 5470 (5)
576 5399 651 5470 Ex
686 5399 898 5467 Regalis
926 5397 1098 5468 fusius
1135 5401 1400 5467 tractatis,
1441 5401 1564 5456 528.

474 5469 550 5534 (4)
586 5469 717 5524 Ibid.
755 5471 878 5525 3‘27.

473 5539 548 5610 (5)
579 5539 682 5592 Διὰ
719 5540 834 5606 τὴν
880 5541 1196 5608 ἐρημίαν...
1224 5540 1677 5610 κάπεωσμένους.
1727 5539 1831 5610 δίο
1863 5555 1966 5607 ope

403 5609 690 5666 contextus
717 5612 1122 5664 emendavimus
1146 5609 1419 5678 vulgatam
1446 5612 1730 5665 lectionem
1761 5609 1849 5663 διὰ
1868 5611 1964 5679 τῆς

402 5679 705 5749 ἐρημίας...
740 5679 1204 5749 ἐπεγνωσμένους.

477 5748 552 5817 (6)
588 5751 919 5816 Συντόμως.
950 5747 1100 5800 Haud
1134 5748 1248 5802 sein
1282 5762 1348 5800 an
1392 5748 1719 5817 praeferenda
1747 5749 1817 5802 sit
1850 5749 1965 5803 haec

406 5820 674 5890 scriptura
705 5819 807 5887 ipsi
831 5818 1128 5881 contextui,
1157 5817 1210 5870 in
1235 5833 1342 5886 quo
1367 5820 1560 5890 legitur
1587 5817 1870 5882 συντόνως.

2145 5263 2220 5330 (7)
2259 5263 2511 5328 Τιμῶν...
2561 5263 2972 5330 ὑποτιθέμεθα.
3018 5259 3110 5314 Sic
3156 5259 3494 5330 restituimus
3533 5268 3619 5330 ope

2072 5326 2277 5388 codicis
2295 5326 2444 5401 Regii
2467 5341 2521 5387 et.
2543 5326 2852 5386 contextus.
2880 5331 3019 5384 Editi
3036 5330 3195 5400 ἡμῶν
3217 5326 3616 5401 ὑπερτιθέμεθα.

2144 5402 2221 5472 (8)
2257 5397 2431 5471 Ἀρπλὰ
2459 5402 2525 5455 δὲ
2548 5402 2643 5454 καὶ
2671 5403 2933 5466 ἀνόνητα
2954 5397 3268 5472 textilem—er.
3303 5397 3424 5472 litae
3453 5397 3616 5472 addita

2072 5487 2138 5528 ex
2154 5467 2414 5527 contextu
2457 5481 2509 5525 et
2545 5472 2791 5526 entlicutn
2821 5472 3011 5524 altero.
3048 5467 3188 5524 Idem
3229 5470 3395 5522 codex
3418 5467 3506 5520 τὸν
3529 5483 3615 5517 κα-

2073 5544 2183 5606 κῶς
2208 5543 2570 5612 παροφθέντα.
2596 5541 2735 5596 Editi
2758 5539 3070 5612 προεθέντα.
3098 5539 3284 5594 Melius
3306 5540 3360 5592 in
3381 5543 3617 5593 contextu

2072 5613 2397 5666 παρεθέντα.

2141 5630 2675 5752 βημάτων.
2705 5679 2828 5736 llzec
2859 5678 3037 5736 addita
3060 5695 3124 5735 ex
3149 5687 3400 5735 contextu
3421 5674 3616 5733 etcodi-

2069 5769 2192 5809 cum
2232 5755 2420 5808 altero.
