  <div class='ocr_page' id='page_1' title='image "/cluster/home/n/w/nwhite01/storage/ocr_20150623/32/mdp.39015011915462/636.png"; bbox 0 0 3874 6224; ppageno 0'>
   <div class='ocr_carea' id='block_1_1' title="bbox 261 322 398 378">
    <p class='ocr_par' dir='ltr' id='par_1_1' title="bbox 261 322 398 378">
     <span class='ocr_line' id='line_1_1' title="bbox 261 322 398 378; baseline 0.007 -1"><span class='ocrx_word' id='word_1_1' title='bbox 261 323 281 377; x_wconf 87' lang='grc'><strong>1</strong></span> <span class='ocrx_word' id='word_1_2' title='bbox 294 322 398 378; x_wconf 77' lang='lat'><strong>&#39;237</strong></span> 
     </span>
    </p>
   </div>
   <div class='ocr_carea' id='block_1_2' title="bbox 1366 319 2371 378">
    <p class='ocr_par' dir='ltr' id='par_1_2' title="bbox 1366 319 2371 378">
     <span class='ocr_line' id='line_1_2' title="bbox 1366 319 2371 378; baseline 0.001 -1"><span class='ocrx_word' id='word_1_3' title='bbox 1366 320 1599 378; x_wconf 73' lang='lat' dir='ltr'><strong>SERMO</strong></span> <span class='ocrx_word' id='word_1_4' title='bbox 1637 321 1731 376; x_wconf 83' lang='lat' dir='ltr'><strong>IX.</strong></span> <span class='ocrx_word' id='word_1_5' title='bbox 1769 353 1837 363; x_wconf 92' lang='lat'><strong>-—</strong></span> <span class='ocrx_word' id='word_1_6' title='bbox 1878 321 1965 375; x_wconf 66' lang='lat' dir='ltr'><strong>DE</strong></span> <span class='ocrx_word' id='word_1_7' title='bbox 2004 319 2371 378; x_wconf 64' lang='grc' dir='ltr'><strong>ΟΒΛΤΙΟΝΕ.</strong></span> 
     </span>
    </p>
   </div>
   <div class='ocr_carea' id='block_1_3' title="bbox 3362 325 3500 380">
    <p class='ocr_par' dir='ltr' id='par_1_3' title="bbox 3362 325 3500 380">
     <span class='ocr_line' id='line_1_3' title="bbox 3362 325 3500 380; baseline 0 0"><span class='ocrx_word' id='word_1_8' title='bbox 3362 325 3500 380; x_wconf 72' lang='grc'><strong>1258</strong></span> 
     </span>
    </p>
   </div>
   <div class='ocr_carea' id='block_1_4' title="bbox 258 434 1842 510">
    <p class='ocr_par' dir='ltr' id='par_1_4' title="bbox 258 434 1828 510">
     <span class='ocr_line' id='line_1_4' title="bbox 258 434 1828 510; baseline -0.001 -23"><span class='ocrx_word' id='word_1_9' title='bbox 258 437 501 500; x_wconf 83' lang='grc' dir='ltr'>αἰώνιον,</span> <span class='ocrx_word' id='word_1_10' title='bbox 533 439 627 489; x_wconf 68' lang='grc' dir='ltr'>καὶ</span> <span class='ocrx_word' id='word_1_11' title='bbox 658 435 907 510; x_wconf 79' lang='grc' dir='ltr'>ἀπολάὸῃ</span> <span class='ocrx_word' id='word_1_12' title='bbox 934 435 1162 499; x_wconf 73' lang='grc' dir='ltr'>ἕκαστος</span> <span class='ocrx_word' id='word_1_13' title='bbox 1194 434 1334 488; x_wconf 73' lang='grc' dir='ltr'>κατὰ</span> <span class='ocrx_word' id='word_1_14' title='bbox 1371 436 1469 505; x_wconf 70' lang='grc' dir='ltr'><strong>τὴν</strong></span> <span class='ocrx_word' id='word_1_15' title='bbox 1505 434 1705 505; x_wconf 79' lang='grc' dir='ltr'>πρᾶξιν</span> <span class='ocrx_word' id='word_1_16' title='bbox 1730 434 1828 487; x_wconf 78' lang='grc' dir='ltr'>αὑ-</span> 
     </span>
    </p>
   </div>
   <div class='ocr_carea' id='block_1_5' title="bbox 1944 434 3501 510">
    <p class='ocr_par' dir='ltr' id='par_1_5' title="bbox 1944 434 3501 507">
     <span class='ocr_line' id='line_1_5' title="bbox 1944 434 3501 507; baseline 0.001 -16"><span class='ocrx_word' id='word_1_17' title='bbox 1944 436 2237 491; x_wconf 81' lang='lat' dir='ltr'><strong>secundum</strong></span> <span class='ocrx_word' id='word_1_18' title='bbox 2270 452 2368 490; x_wconf 89' lang='lat' dir='ltr'><strong>sua</strong></span> <span class='ocrx_word' id='word_1_19' title='bbox 2398 435 2572 506; x_wconf 83' lang='lat' dir='ltr'><strong>ipsius</strong></span> <span class='ocrx_word' id='word_1_20' title='bbox 2603 451 2768 506; x_wconf 81' lang='lat' dir='ltr'><strong>opera</strong></span> <span class='ocrx_word' id='word_1_21' title='bbox 2793 435 3039 506; x_wconf 81' lang='lat' dir='ltr'><strong>recipiet.</strong></span> <span class='ocrx_word' id='word_1_22' title='bbox 3065 434 3142 507; x_wconf 79' lang='lat'><strong>(5)</strong></span> <span class='ocrx_word' id='word_1_23' title='bbox 3165 435 3333 493; x_wconf 77' lang='lat' dir='ltr'><strong>Vobis</strong></span> <span class='ocrx_word' id='word_1_24' title='bbox 3348 454 3501 505; x_wconf 80' lang='lat' dir='ltr'><strong>vero,</strong></span> 
     </span>
    </p>
   </div>
   <div class='ocr_carea' id='block_1_6' title="bbox 258 526 1833 598">
    <p class='ocr_par' dir='ltr' id='par_1_6' title="bbox 258 526 1833 598">
     <span class='ocr_line' id='line_1_6' title="bbox 258 526 1833 598; baseline -0.001 -19"><span class='ocrx_word' id='word_1_25' title='bbox 258 528 375 580; x_wconf 87' lang='grc' dir='ltr'>τοῦ.</span> <span class='ocrx_word' id='word_1_26' title='bbox 427 528 585 597; x_wconf 82' lang='grc' dir='ltr'>Ὑμῖν</span> <span class='ocrx_word' id='word_1_27' title='bbox 617 528 693 593; x_wconf 81' lang='grc' dir='ltr'>δὲ,</span> <span class='ocrx_word' id='word_1_28' title='bbox 734 529 848 582; x_wconf 85' lang='grc' dir='ltr'><strong>ὅσοι</strong></span> <span class='ocrx_word' id='word_1_29' title='bbox 883 528 1322 598; x_wconf 82' lang='grc' dir='ltr'>ἐπεστυγνάσατε</span> <span class='ocrx_word' id='word_1_30' title='bbox 1366 531 1432 598; x_wconf 82' lang='grc' dir='ltr'>τῇ</span> <span class='ocrx_word' id='word_1_31' title='bbox 1482 526 1833 597; x_wconf 75' lang='grc' dir='ltr'><strong>ἀσχημοσύνῃ</strong></span> 
     </span>
    </p>
   </div>
   <div class='ocr_carea' id='block_1_7' title="bbox 256 616 1836 691">
    <p class='ocr_par' dir='ltr' id='par_1_7' title="bbox 256 616 1836 691">
     <span class='ocr_line' id='line_1_7' title="bbox 256 616 1836 691; baseline -0.002 -20"><span class='ocrx_word' id='word_1_32' title='bbox 256 619 370 671; x_wconf 80' lang='grc' dir='ltr'>τῶν</span> <span class='ocrx_word' id='word_1_33' title='bbox 402 620 926 688; x_wconf 75' lang='grc' dir='ltr'><strong>καταγνωσθέντων,</strong></span> <span class='ocrx_word' id='word_1_34' title='bbox 966 623 1140 673; x_wconf 84' lang='grc' dir='ltr'>ἐκεῖνο</span> <span class='ocrx_word' id='word_1_35' title='bbox 1170 619 1528 691; x_wconf 82' lang='grc' dir='ltr'>ἐντελλόμεθα</span> <span class='ocrx_word' id='word_1_36' title='bbox 1559 620 1656 688; x_wconf 73' lang='grc'><strong>(1)·</strong></span> <span class='ocrx_word' id='word_1_37' title='bbox 1711 616 1836 669; x_wconf 71' lang='grc' dir='ltr'><strong>Ἐὰν</strong></span> 
     </span>
    </p>
   </div>
   <div class='ocr_carea' id='block_1_8' title="bbox 260 709 1831 782">
    <p class='ocr_par' dir='ltr' id='par_1_8' title="bbox 260 709 1831 782">
     <span class='ocr_line' id='line_1_8' title="bbox 260 709 1831 782; baseline -0.002 -20"><span class='ocrx_word' id='word_1_38' title='bbox 260 710 364 779; x_wconf 83' lang='grc' dir='ltr'><strong>μὲν</strong></span> <span class='ocrx_word' id='word_1_39' title='bbox 394 709 538 781; x_wconf 80' lang='grc' dir='ltr'>ἴδητε</span> <span class='ocrx_word' id='word_1_40' title='bbox 577 711 970 780; x_wconf 78' lang='grc' dir='ltr'><strong>μετανοοῦντας</strong></span> <span class='ocrx_word' id='word_1_41' title='bbox 1001 710 1093 763; x_wconf 74' lang='grc' dir='ltr'>ἐπὶ</span> <span class='ocrx_word' id='word_1_42' title='bbox 1125 713 1193 782; x_wconf 76' lang='grc' dir='ltr'>τῇ</span> <span class='ocrx_word' id='word_1_43' title='bbox 1222 710 1422 781; x_wconf 81' lang='grc' dir='ltr'>ἀτοπίᾳ</span> <span class='ocrx_word' id='word_1_44' title='bbox 1446 709 1554 763; x_wconf 86' lang='grc' dir='ltr'><strong>τῶν</strong></span> <span class='ocrx_word' id='word_1_45' title='bbox 1587 724 1831 779; x_wconf 88' lang='grc' dir='ltr'>πεπραγ-</span> 
     </span>
    </p>
   </div>
   <div class='ocr_carea' id='block_1_9' title="bbox 260 799 1834 873">
    <p class='ocr_par' dir='ltr' id='par_1_9' title="bbox 260 799 1834 873">
     <span class='ocr_line' id='line_1_9' title="bbox 260 799 1834 873; baseline -0.002 -19"><span class='ocrx_word' id='word_1_46' title='bbox 260 800 463 870; x_wconf 81' lang='grc' dir='ltr'>μένων,</span> <span class='ocrx_word' id='word_1_47' title='bbox 513 801 908 872; x_wconf 87' lang='grc' dir='ltr'>συμπαθήσατε</span> <span class='ocrx_word' id='word_1_48' title='bbox 947 801 1023 866; x_wconf 85' lang='grc' dir='ltr'>ὼς</span> <span class='ocrx_word' id='word_1_49' title='bbox 1061 802 1284 866; x_wconf 75' lang='grc' dir='ltr'><strong>οἰκείοις</strong></span> <span class='ocrx_word' id='word_1_50' title='bbox 1319 802 1507 873; x_wconf 83' lang='grc' dir='ltr'>μέλεσι</span> <span class='ocrx_word' id='word_1_51' title='bbox 1548 799 1834 870; x_wconf 80' lang='grc' dir='ltr'>νενοσηκό-</span> 
     </span>
    </p>
   </div>
   <div class='ocr_carea' id='block_1_10' title="bbox 260 892 1836 965">
    <p class='ocr_par' dir='ltr' id='par_1_10' title="bbox 260 892 1836 965">
     <span class='ocr_line' id='line_1_10' title="bbox 260 892 1836 965; baseline -0.001 -21"><span class='ocrx_word' id='word_1_52' title='bbox 260 909 369 947; x_wconf 81' lang='grc' dir='ltr'>σιν’</span> <span class='ocrx_word' id='word_1_53' title='bbox 409 892 506 947; x_wconf 79' lang='grc' dir='ltr'>ἐὰν</span> <span class='ocrx_word' id='word_1_54' title='bbox 541 893 598 947; x_wconf 82' lang='grc' dir='ltr'>δὲ</span> <span class='ocrx_word' id='word_1_55' title='bbox 635 893 1206 965; x_wconf 76' lang='grc' dir='ltr'>ἀπαυθαδιαζομὲνους</span> <span class='ocrx_word' id='word_1_56' title='bbox 1246 894 1341 946; x_wconf 77' lang='grc' dir='ltr'><strong>καὶ</strong></span> <span class='ocrx_word' id='word_1_57' title='bbox 1365 892 1836 964; x_wconf 81' lang='grc' dir='ltr'><strong>καταφρονοῦντας</strong></span> 
     </span>
    </p>
   </div>
   <div class='ocr_carea' id='block_1_11' title="bbox 257 983 1838 1058">
    <p class='ocr_par' dir='ltr' id='par_1_11' title="bbox 257 983 1838 1058">
     <span class='ocr_line' id='line_1_11' title="bbox 257 983 1838 1058; baseline -0.001 -20"><span class='ocrx_word' id='word_1_58' title='bbox 257 984 362 1053; x_wconf 81' lang='grc' dir='ltr'><strong>τῆς</strong></span> <span class='ocrx_word' id='word_1_59' title='bbox 387 984 659 1055; x_wconf 80' lang='grc' dir='ltr'>ὑμετέρας</span> <span class='ocrx_word' id='word_1_60' title='bbox 689 987 776 1038; x_wconf 76' lang='grc' dir='ltr'><strong>ἐπ’</strong></span> <span class='ocrx_word' id='word_1_61' title='bbox 806 986 988 1050; x_wconf 87' lang='grc' dir='ltr'>αὐτοῖς</span> <span class='ocrx_word' id='word_1_62' title='bbox 1014 984 1190 1058; x_wconf 82' lang='grc' dir='ltr'><strong>λύπης</strong></span> <span class='ocrx_word' id='word_1_63' title='bbox 1217 985 1496 1057; x_wconf 78' lang='grc' dir='ltr'>αἴσθησθε,</span> <span class='ocrx_word' id='word_1_64' title='bbox 1542 983 1838 1048; x_wconf 71' lang='grc' dir='ltr'>Ἐξέλθετε</span> 
     </span>
    </p>
   </div>
   <div class='ocr_carea' id='block_1_12' title="bbox 259 1068 1836 1143">
    <p class='ocr_par' dir='ltr' id='par_1_12' title="bbox 259 1068 1836 1143">
     <span class='ocr_line' id='line_1_12' title="bbox 259 1068 1836 1143; baseline -0.001 -19"><span class='ocrx_word' id='word_1_65' title='bbox 259 1071 333 1125; x_wconf 81' lang='grc' dir='ltr'>ὲκ</span> <span class='ocrx_word' id='word_1_66' title='bbox 356 1072 555 1141; x_wconf 80' lang='grc' dir='ltr'>μέσου</span> <span class='ocrx_word' id='word_1_67' title='bbox 584 1073 785 1128; x_wconf 79' lang='grc' dir='ltr'>αὐτῶν</span> <span class='ocrx_word' id='word_1_68' title='bbox 811 1074 909 1128; x_wconf 79' lang='grc' dir='ltr'>καὶ</span> <span class='ocrx_word' id='word_1_69' title='bbox 936 1075 1325 1143; x_wconf 74' lang='grc' dir='ltr'>ἀφορίσθητε,</span> <span class='ocrx_word' id='word_1_70' title='bbox 1364 1072 1462 1126; x_wconf 81' lang='grc' dir='ltr'><strong>καί</strong></span> <span class='ocrx_word' id='word_1_71' title='bbox 1501 1068 1836 1138; x_wconf 79' lang='grc' dir='ltr'><strong>ἀκαθάρτου</strong></span> 
     </span>
    </p>
   </div>
   <div class='ocr_carea' id='block_1_13' title="bbox 244 1160 1840 1236">
    <p class='ocr_par' dir='ltr' id='par_1_13' title="bbox 244 1160 1840 1236">
     <span class='ocr_line' id='line_1_13' title="bbox 244 1160 1840 1236; baseline -0.006 -16"><span class='ocrx_word' id='word_1_72' title='bbox 244 1162 347 1232; x_wconf 81' lang='grc' dir='ltr'><strong>’μὴ</strong></span> <span class='ocrx_word' id='word_1_73' title='bbox 374 1163 663 1231; x_wconf 79' lang='grc' dir='ltr'>ἅπτησθε·</span> <span class='ocrx_word' id='word_1_74' title='bbox 690 1166 756 1218; x_wconf 81' lang='grc' dir='ltr'>ἵν’</span> <span class='ocrx_word' id='word_1_75' title='bbox 790 1164 964 1229; x_wconf 79' lang='grc' dir='ltr'>οὑτως</span> <span class='ocrx_word' id='word_1_76' title='bbox 997 1166 1047 1219; x_wconf 90' lang='grc' dir='ltr'><strong>οἰ</strong></span> <span class='ocrx_word' id='word_1_77' title='bbox 1076 1165 1176 1236; x_wconf 79' lang='grc' dir='ltr'><strong>μὲν</strong></span> <span class='ocrx_word' id='word_1_78' title='bbox 1199 1164 1578 1235; x_wconf 81' lang='grc' dir='ltr'>ἐντραπέντες,</span> <span class='ocrx_word' id='word_1_79' title='bbox 1606 1163 1686 1226; x_wconf 89' lang='grc' dir='ltr'><strong>εἰς</strong></span> <span class='ocrx_word' id='word_1_80' title='bbox 1719 1160 1840 1212; x_wconf 85' lang='grc' dir='ltr'>ἐπί-</span> 
     </span>
    </p>
   </div>
   <div class='ocr_carea' id='block_1_14' title="bbox 260 1251 1838 1326">
    <p class='ocr_par' dir='ltr' id='par_1_14' title="bbox 260 1251 1838 1326">
     <span class='ocr_line' id='line_1_14' title="bbox 260 1251 1838 1326; baseline 0.008 -21"><span class='ocrx_word' id='word_1_81' title='bbox 260 1271 465 1323; x_wconf 87' lang='grc' dir='ltr'>γνωσιν</span> <span class='ocrx_word' id='word_1_82' title='bbox 502 1256 698 1310; x_wconf 80' lang='grc' dir='ltr'>ἔλθωσι</span> <span class='ocrx_word' id='word_1_83' title='bbox 727 1256 830 1325; x_wconf 87' lang='grc' dir='ltr'><strong>τῆς</strong></span> <span class='ocrx_word' id='word_1_84' title='bbox 864 1258 1071 1320; x_wconf 88' lang='grc' dir='ltr'>οἰκείας</span> <span class='ocrx_word' id='word_1_85' title='bbox 1104 1257 1321 1320; x_wconf 80' lang='grc' dir='ltr'>κακίας·</span> <span class='ocrx_word' id='word_1_86' title='bbox 1348 1256 1506 1326; x_wconf 82' lang='grc' dir='ltr'>ὑμεῖς</span> <span class='ocrx_word' id='word_1_87' title='bbox 1531 1253 1589 1307; x_wconf 81' lang='grc' dir='ltr'>δὲ</span> <span class='ocrx_word' id='word_1_88' title='bbox 1618 1251 1711 1307; x_wconf 65' lang='grc' dir='ltr'><strong>τοῦ</strong></span> <span class='ocrx_word' id='word_1_89' title='bbox 1741 1251 1838 1323; x_wconf 73' lang='grc' dir='ltr'><strong>ζὴ·</strong></span> 
     </span>
    </p>
   </div>
   <div class='ocr_carea' id='block_1_15' title="bbox 261 1343 1841 1418">
    <p class='ocr_par' dir='ltr' id='par_1_15' title="bbox 261 1343 1841 1418">
     <span class='ocr_line' id='line_1_15' title="bbox 261 1343 1841 1418; baseline -0.001 -21"><span class='ocrx_word' id='word_1_90' title='bbox 261 1345 358 1398; x_wconf 85' lang='grc' dir='ltr'><strong>λου</strong></span> <span class='ocrx_word' id='word_1_91' title='bbox 383 1346 477 1399; x_wconf 91' lang='grc' dir='ltr'><strong>τοῦ</strong></span> <span class='ocrx_word' id='word_1_92' title='bbox 507 1346 693 1410; x_wconf 83' lang='grc' dir='ltr'>Φινεὲς</span> <span class='ocrx_word' id='word_1_93' title='bbox 712 1346 803 1400; x_wconf 85' lang='grc' dir='ltr'><strong>τὸν</strong></span> <span class='ocrx_word' id='word_1_94' title='bbox 843 1347 1036 1418; x_wconf 82' lang='grc' dir='ltr'>μισθὸν</span> <span class='ocrx_word' id='word_1_95' title='bbox 1066 1344 1399 1418; x_wconf 80' lang='grc' dir='ltr'>ὑποδέξησθε</span> <span class='ocrx_word' id='word_1_96' title='bbox 1432 1344 1583 1415; x_wconf 85' lang='grc' dir='ltr'>παρὰ</span> <span class='ocrx_word' id='word_1_97' title='bbox 1610 1343 1705 1397; x_wconf 88' lang='grc' dir='ltr'><strong>τοῦ</strong></span> <span class='ocrx_word' id='word_1_98' title='bbox 1730 1343 1841 1396; x_wconf 89' lang='grc' dir='ltr'><strong>Σω-</strong></span> 
     </span>
    </p>
   </div>
   <div class='ocr_carea' id='block_1_16' title="bbox 262 1433 1838 1511">
    <p class='ocr_par' dir='ltr' id='par_1_16' title="bbox 262 1433 1838 1511">
     <span class='ocr_line' id='line_1_16' title="bbox 262 1433 1838 1511; baseline -0.002 -21"><span class='ocrx_word' id='word_1_99' title='bbox 262 1438 429 1508; x_wconf 80' lang='grc' dir='ltr'>τῆρος</span> <span class='ocrx_word' id='word_1_100' title='bbox 453 1434 609 1508; x_wconf 83' lang='grc' dir='ltr'>ήμῶν</span> <span class='ocrx_word' id='word_1_101' title='bbox 642 1438 815 1511; x_wconf 86' lang='grc' dir='ltr'>Ἰησοῦ</span> <span class='ocrx_word' id='word_1_102' title='bbox 845 1437 1102 1509; x_wconf 80' lang='grc' dir='ltr'>Χριστοῦ,</span> <span class='ocrx_word' id='word_1_103' title='bbox 1133 1433 1178 1508; x_wconf 82' lang='grc' dir='ltr'>ᾧ</span> <span class='ocrx_word' id='word_1_104' title='bbox 1202 1440 1236 1510; x_wconf 84' lang='grc' dir='ltr'><strong>ή</strong></span> <span class='ocrx_word' id='word_1_105' title='bbox 1256 1438 1383 1502; x_wconf 82' lang='grc' dir='ltr'>δόξα</span> <span class='ocrx_word' id='word_1_106' title='bbox 1402 1437 1498 1490; x_wconf 73' lang='grc' dir='ltr'><strong>καὶ</strong></span> <span class='ocrx_word' id='word_1_107' title='bbox 1532 1437 1594 1489; x_wconf 80' lang='grc' dir='ltr'><strong>τὸ</strong></span> <span class='ocrx_word' id='word_1_108' title='bbox 1621 1434 1838 1507; x_wconf 83' lang='grc' dir='ltr'>κράτος,</span> 
     </span>
    </p>
   </div>
   <div class='ocr_carea' id='block_1_17' title="bbox 262 1527 1839 1598">
    <p class='ocr_par' dir='ltr' id='par_1_17' title="bbox 262 1527 1839 1598">
     <span class='ocr_line' id='line_1_17' title="bbox 262 1527 1839 1598; baseline 0.001 -17"><span class='ocrx_word' id='word_1_109' title='bbox 262 1527 362 1581; x_wconf 88' lang='grc' dir='ltr'><strong>νῦν</strong></span> <span class='ocrx_word' id='word_1_110' title='bbox 379 1529 471 1583; x_wconf 78' lang='grc' dir='ltr'><strong>καὶ</strong></span> <span class='ocrx_word' id='word_1_111' title='bbox 497 1530 605 1598; x_wconf 78' lang='grc' dir='ltr'>ἀεὶ,</span> <span class='ocrx_word' id='word_1_112' title='bbox 634 1531 728 1585; x_wconf 75' lang='grc' dir='ltr'>καὶ</span> <span class='ocrx_word' id='word_1_113' title='bbox 756 1532 837 1596; x_wconf 87' lang='grc' dir='ltr'><strong>εἰς</strong></span> <span class='ocrx_word' id='word_1_114' title='bbox 861 1532 989 1594; x_wconf 85' lang='grc' dir='ltr'>τοὺς</span> <span class='ocrx_word' id='word_1_115' title='bbox 1014 1530 1219 1594; x_wconf 84' lang='grc' dir='ltr'>αἰῶνας</span> <span class='ocrx_word' id='word_1_116' title='bbox 1243 1528 1354 1583; x_wconf 82' lang='grc' dir='ltr'>τῶν</span> <span class='ocrx_word' id='word_1_117' title='bbox 1385 1527 1615 1583; x_wconf 86' lang='grc' dir='ltr'>αἰώνων.</span> <span class='ocrx_word' id='word_1_118' title='bbox 1648 1527 1839 1598; x_wconf 80' lang='grc' dir='ltr'>Ἀμήν.</span> 
     </span>
    </p>
   </div>
   <div class='ocr_carea' id='block_1_18' title="bbox 719 1668 1387 1722">
    <p class='ocr_par' dir='ltr' id='par_1_18' title="bbox 719 1668 1387 1722">
     <span class='ocr_line' id='line_1_18' title="bbox 719 1668 1387 1722; baseline -0.001 -1"><span class='ocrx_word' id='word_1_119' title='bbox 719 1668 898 1722; x_wconf 85' lang='grc' dir='ltr'><em>ΠΕΡΙ</em></span> <span class='ocrx_word' id='word_1_120' title='bbox 928 1668 1387 1721; x_wconf 84' lang='grc' dir='ltr'><strong>ΠΡΟΣΕΥΧΗΣ.</strong></span> 
     </span>
    </p>
   </div>
   <div class='ocr_carea' id='block_1_19' title="bbox 886 1780 1212 1834">
    <p class='ocr_par' dir='ltr' id='par_1_19' title="bbox 886 1780 1212 1834">
     <span class='ocr_line' id='line_1_19' title="bbox 886 1780 1212 1834; baseline 0 0"><span class='ocrx_word' id='word_1_121' title='bbox 886 1781 1103 1834; x_wconf 88' lang='grc' dir='ltr'><strong>ΛΟΓΟΣ</strong></span> <span class='ocrx_word' id='word_1_122' title='bbox 1136 1780 1212 1834; x_wconf 77' lang='lat'><strong>8&#39;.</strong></span> 
     </span>
    </p>
   </div>
   <div class='ocr_carea' id='block_1_20' title="bbox 340 1892 1840 1969">
    <p class='ocr_par' dir='ltr' id='par_1_20' title="bbox 340 1892 1840 1969">
     <span class='ocr_line' id='line_1_20' title="bbox 340 1892 1840 1969; baseline 0.002 -23"><span class='ocrx_word' id='word_1_123' title='bbox 340 1894 391 1946; x_wconf 85' lang='grc'><strong>1.</strong></span> <span class='ocrx_word' id='word_1_124' title='bbox 437 1892 557 1964; x_wconf 81' lang='grc' dir='ltr'><strong>Χρὴ</strong></span> <span class='ocrx_word' id='word_1_125' title='bbox 602 1892 702 1965; x_wconf 82' lang='grc' dir='ltr'>τὴν</span> <span class='ocrx_word' id='word_1_126' title='bbox 747 1895 1056 1967; x_wconf 80' lang='grc' dir='ltr'>προσευχὴν</span> <span class='ocrx_word' id='word_1_127' title='bbox 1117 1894 1193 1969; x_wconf 82' lang='grc' dir='ltr'>μὴ</span> <span class='ocrx_word' id='word_1_128' title='bbox 1242 1896 1302 1949; x_wconf 83' lang='grc' dir='ltr'>ὲν</span> <span class='ocrx_word' id='word_1_129' title='bbox 1354 1894 1647 1958; x_wconf 77' lang='grc' dir='ltr'>συλλαϐαῖς</span> <span class='ocrx_word' id='word_1_130' title='bbox 1692 1894 1840 1967; x_wconf 79' lang='grc' dir='ltr'>ἡμᾶς</span> 
     </span>
    </p>
   </div>
   <div class='ocr_carea' id='block_1_21' title="bbox 262 1980 1838 2057">
    <p class='ocr_par' dir='ltr' id='par_1_21' title="bbox 262 1980 1838 2057">
     <span class='ocr_line' id='line_1_21' title="bbox 262 1980 1838 2057; baseline 0.006 -23"><span class='ocrx_word' id='word_1_131' title='bbox 262 1980 596 2054; x_wconf 70' lang='grc' dir='ltr'>ἐκπληροῦν,</span> <span class='ocrx_word' id='word_1_132' title='bbox 621 1983 861 2053; x_wconf 72' lang='grc' dir='ltr'>ἀδελφοὶ,</span> <span class='ocrx_word' id='word_1_133' title='bbox 888 1985 1025 2039; x_wconf 82' lang='grc' dir='ltr'>ἀλλὰ</span> <span class='ocrx_word' id='word_1_134' title='bbox 1055 1985 1373 2057; x_wconf 81' lang='grc' dir='ltr'>προαιρέσει</span> <span class='ocrx_word' id='word_1_135' title='bbox 1409 1984 1610 2056; x_wconf 74' lang='grc' dir='ltr'>μᾶλλον</span> <span class='ocrx_word' id='word_1_136' title='bbox 1637 1981 1838 2052; x_wconf 64' lang='grc' dir='ltr'>ψυχῆς,</span> 
     </span>
    </p>
   </div>
   <div class='ocr_carea' id='block_1_22' title="bbox 264 2072 1840 2149">
    <p class='ocr_par' dir='ltr' id='par_1_22' title="bbox 264 2072 1840 2149">
     <span class='ocr_line' id='line_1_22' title="bbox 264 2072 1840 2149; baseline 0.001 -23"><span class='ocrx_word' id='word_1_137' title='bbox 264 2072 364 2127; x_wconf 69' lang='grc' dir='ltr'>καὶ</span> <span class='ocrx_word' id='word_1_138' title='bbox 404 2074 634 2146; x_wconf 79' lang='grc' dir='ltr'>πράξεσι</span> <span class='ocrx_word' id='word_1_139' title='bbox 675 2078 795 2139; x_wconf 86' lang='grc' dir='ltr'>ταῖς</span> <span class='ocrx_word' id='word_1_140' title='bbox 831 2078 951 2129; x_wconf 89' lang='grc' dir='ltr'>κατ’</span> <span class='ocrx_word' id='word_1_141' title='bbox 979 2076 1181 2149; x_wconf 85' lang='grc' dir='ltr'>ἀρετὴν</span> <span class='ocrx_word' id='word_1_142' title='bbox 1244 2077 1406 2131; x_wconf 79' lang='grc' dir='ltr'>παντὶ</span> <span class='ocrx_word' id='word_1_143' title='bbox 1442 2076 1519 2147; x_wconf 85' lang='grc' dir='ltr'><strong>τῷ</strong></span> <span class='ocrx_word' id='word_1_144' title='bbox 1560 2076 1660 2148; x_wconf 83' lang='grc' dir='ltr'><strong>βίῳ</strong></span> <span class='ocrx_word' id='word_1_145' title='bbox 1699 2091 1840 2143; x_wconf 88' lang='grc' dir='ltr'>παρ-</span> 
     </span>
    </p>
   </div>
   <div class='ocr_carea' id='block_1_23' title="bbox 264 2166 1842 2241">
    <p class='ocr_par' dir='ltr' id='par_1_23' title="bbox 264 2166 1842 2241">
     <span class='ocr_line' id='line_1_23' title="bbox 264 2166 1842 2241; baseline 0.001 -24"><span class='ocrx_word' id='word_1_146' title='bbox 264 2166 691 2237; x_wconf 82' lang='grc' dir='ltr'>εκτεινομέναις.</span> <span class='ocrx_word' id='word_1_147' title='bbox 727 2167 862 2220; x_wconf 82' lang='grc' dir='ltr'>Οὑδὲ</span> <span class='ocrx_word' id='word_1_148' title='bbox 892 2168 1001 2241; x_wconf 82' lang='grc' dir='ltr'>γὰρ</span> <span class='ocrx_word' id='word_1_149' title='bbox 1038 2168 1320 2239; x_wconf 79' lang='grc' dir='ltr'>ἡγούμεθα</span> <span class='ocrx_word' id='word_1_150' title='bbox 1350 2169 1441 2223; x_wconf 82' lang='grc' dir='ltr'><strong>τὸν</strong></span> <span class='ocrx_word' id='word_1_151' title='bbox 1466 2168 1598 2222; x_wconf 82' lang='grc' dir='ltr'>Θεὸν</span> <span class='ocrx_word' id='word_1_152' title='bbox 1625 2169 1724 2240; x_wconf 89' lang='grc' dir='ltr'><strong>τῆς</strong></span> <span class='ocrx_word' id='word_1_153' title='bbox 1755 2166 1842 2220; x_wconf 81' lang='grc' dir='ltr'>διὰ</span> 
     </span>
    </p>
   </div>
   <div class='ocr_carea' id='block_1_24' title="bbox 263 2253 1841 2330">
    <p class='ocr_par' dir='ltr' id='par_1_24' title="bbox 263 2253 1841 2330">
     <span class='ocr_line' id='line_1_24' title="bbox 263 2253 1841 2330; baseline 0.004 -24"><span class='ocrx_word' id='word_1_154' title='bbox 263 2254 375 2307; x_wconf 73' lang='grc' dir='ltr'>τῶν</span> <span class='ocrx_word' id='word_1_155' title='bbox 407 2253 581 2324; x_wconf 83' lang='grc' dir='ltr'>λόγων</span> <span class='ocrx_word' id='word_1_156' title='bbox 607 2257 964 2328; x_wconf 81' lang='grc' dir='ltr'>ὑπομνήσεως</span> <span class='ocrx_word' id='word_1_157' title='bbox 1000 2258 1230 2323; x_wconf 86' lang='grc' dir='ltr'>δεῖσθαι,</span> <span class='ocrx_word' id='word_1_158' title='bbox 1265 2258 1380 2312; x_wconf 81' lang='grc' dir='ltr'>ἀλλ’</span> <span class='ocrx_word' id='word_1_159' title='bbox 1409 2258 1608 2313; x_wconf 80' lang='grc' dir='ltr'>εἰδέναι</span> <span class='ocrx_word' id='word_1_160' title='bbox 1636 2259 1730 2312; x_wconf 66' lang='grc' dir='ltr'><strong>καὶ¹</strong></span> <span class='ocrx_word' id='word_1_161' title='bbox 1765 2258 1841 2330; x_wconf 80' lang='grc' dir='ltr'>μὴ</span> 
     </span>
    </p>
   </div>
   <div class='ocr_carea' id='block_1_25' title="bbox 263 2345 1839 2423">
    <p class='ocr_par' dir='ltr' id='par_1_25' title="bbox 263 2345 1839 2423">
     <span class='ocr_line' id='line_1_25' title="bbox 263 2345 1839 2423; baseline 0.003 -24"><span class='ocrx_word' id='word_1_162' title='bbox 263 2345 558 2402; x_wconf 83' lang='grc' dir='ltr'>αἰτούντων</span> <span class='ocrx_word' id='word_1_163' title='bbox 601 2347 855 2418; x_wconf 62' lang='grc' dir='ltr'>ήμῶνντὰ</span> <span class='ocrx_word' id='word_1_164' title='bbox 889 2351 1156 2422; x_wconf 79' lang='grc' dir='ltr'>χρήσιμα.</span> <span class='ocrx_word' id='word_1_165' title='bbox 1213 2350 1276 2404; x_wconf 86' lang='grc' dir='ltr'><strong>Ἦ</strong></span> <span class='ocrx_word' id='word_1_166' title='bbox 1316 2349 1426 2423; x_wconf 85' lang='grc' dir='ltr'>γὰρ</span> <span class='ocrx_word' id='word_1_167' title='bbox 1469 2350 1587 2405; x_wconf 86' lang='grc' dir='ltr'>θεία</span> <span class='ocrx_word' id='word_1_168' title='bbox 1619 2349 1756 2423; x_wconf 84' lang='grc' dir='ltr'>ἀκοὴ</span> <span class='ocrx_word' id='word_1_169' title='bbox 1779 2351 1839 2403; x_wconf 86' lang='grc' dir='ltr'><strong>οὑ</strong></span> 
     </span>
    </p>
   </div>
   <div class='ocr_carea' id='block_1_26' title="bbox 266 2438 1843 2514">
    <p class='ocr_par' dir='ltr' id='par_1_26' title="bbox 266 2438 1843 2514">
     <span class='ocr_line' id='line_1_26' title="bbox 266 2438 1843 2514; baseline 0.003 -24"><span class='ocrx_word' id='word_1_170' title='bbox 266 2438 450 2509; x_wconf 81' lang='grc' dir='ltr'>φωνῆς</span> <span class='ocrx_word' id='word_1_171' title='bbox 478 2440 647 2492; x_wconf 86' lang='grc' dir='ltr'>δεῖται</span> <span class='ocrx_word' id='word_1_172' title='bbox 671 2440 809 2512; x_wconf 73' lang='grc' dir='ltr'>πρὸς</span> <span class='ocrx_word' id='word_1_173' title='bbox 841 2442 1113 2513; x_wconf 75' lang='grc' dir='ltr'>αἴσθησινο</span> <span class='ocrx_word' id='word_1_174' title='bbox 1139 2438 1247 2496; x_wconf 79' lang='grc' dir='ltr'>οἶδε</span> <span class='ocrx_word' id='word_1_175' title='bbox 1266 2441 1376 2514; x_wconf 82' lang='grc' dir='ltr'><strong>γὰρ</strong></span> <span class='ocrx_word' id='word_1_176' title='bbox 1397 2443 1488 2496; x_wconf 80' lang='grc' dir='ltr'><strong>καὶ</strong></span> <span class='ocrx_word' id='word_1_177' title='bbox 1508 2444 1567 2496; x_wconf 80' lang='grc' dir='ltr'><strong>ἐν</strong></span> <span class='ocrx_word' id='word_1_178' title='bbox 1589 2442 1670 2513; x_wconf 81' lang='grc' dir='ltr'>τῷ</span> <span class='ocrx_word' id='word_1_179' title='bbox 1693 2443 1843 2513; x_wconf 87' lang='grc' dir='ltr'>κινή-</span> 
     </span>
    </p>
   </div>
   <div class='ocr_carea' id='block_1_27' title="bbox 268 2528 1842 2604">
    <p class='ocr_par' dir='ltr' id='par_1_27' title="bbox 268 2528 1842 2604">
     <span class='ocr_line' id='line_1_27' title="bbox 268 2528 1842 2604; baseline 0.003 -24"><span class='ocrx_word' id='word_1_180' title='bbox 268 2545 403 2599; x_wconf 91' lang='grc' dir='ltr'>ματι</span> <span class='ocrx_word' id='word_1_181' title='bbox 459 2530 559 2600; x_wconf 86' lang='grc' dir='ltr'><strong>τῆς</strong></span> <span class='ocrx_word' id='word_1_182' title='bbox 608 2529 836 2602; x_wconf 79' lang='grc' dir='ltr'>καρδίας</span> <span class='ocrx_word' id='word_1_183' title='bbox 883 2530 1148 2604; x_wconf 82' lang='grc' dir='ltr'>γνωρίσαι</span> <span class='ocrx_word' id='word_1_184' title='bbox 1195 2531 1262 2586; x_wconf 82' lang='grc' dir='ltr'><strong>τὰ</strong></span> <span class='ocrx_word' id='word_1_185' title='bbox 1301 2528 1722 2604; x_wconf 80' lang='grc' dir='ltr'>ἐπιζητούμενα.</span> <span class='ocrx_word' id='word_1_186' title='bbox 1770 2533 1842 2585; x_wconf 86' lang='grc' dir='ltr'><strong>Ἦ</strong></span> 
     </span>
    </p>
   </div>
   <div class='ocr_carea' id='block_1_28' title="bbox 263 2621 1840 2696">
    <p class='ocr_par' dir='ltr' id='par_1_28' title="bbox 263 2621 1840 2696">
     <span class='ocr_line' id='line_1_28' title="bbox 263 2621 1840 2696; baseline 0.003 -23"><span class='ocrx_word' id='word_1_187' title='bbox 263 2621 368 2674; x_wconf 70' lang='grc' dir='ltr'><strong>οὐκ</strong></span> <span class='ocrx_word' id='word_1_188' title='bbox 404 2621 646 2686; x_wconf 82' lang='grc' dir='ltr'>ἀκούεις,</span> <span class='ocrx_word' id='word_1_189' title='bbox 688 2622 772 2676; x_wconf 84' lang='grc' dir='ltr'>ὅτι</span> <span class='ocrx_word' id='word_1_190' title='bbox 804 2624 1047 2695; x_wconf 83' lang='grc' dir='ltr'>Μωῦσῆς</span> <span class='ocrx_word' id='word_1_191' title='bbox 1078 2624 1245 2696; x_wconf 83' lang='grc' dir='ltr'>μηδὲν</span> <span class='ocrx_word' id='word_1_192' title='bbox 1287 2622 1675 2695; x_wconf 83' lang='grc' dir='ltr'>φθεγγόμενος,</span> <span class='ocrx_word' id='word_1_193' title='bbox 1706 2624 1840 2679; x_wconf 76' lang='grc' dir='ltr'>ἀλλὰ</span> 
     </span>
    </p>
   </div>
   <div class='ocr_carea' id='block_1_29' title="bbox 263 2713 1842 2787">
    <p class='ocr_par' dir='ltr' id='par_1_29' title="bbox 263 2713 1842 2787">
     <span class='ocr_line' id='line_1_29' title="bbox 263 2713 1842 2787; baseline 0 -20"><span class='ocrx_word' id='word_1_194' title='bbox 263 2716 382 2777; x_wconf 82' lang='grc' dir='ltr'>τοῖς</span> <span class='ocrx_word' id='word_1_195' title='bbox 429 2713 718 2787; x_wconf 81' lang='grc' dir='ltr'>ἀλαλήτοις</span> <span class='ocrx_word' id='word_1_196' title='bbox 766 2717 961 2771; x_wconf 80' lang='grc' dir='ltr'>ἑαυτοῦ</span> <span class='ocrx_word' id='word_1_197' title='bbox 1025 2718 1351 2787; x_wconf 84' lang='grc' dir='ltr'>στεναγμοῖς</span> <span class='ocrx_word' id='word_1_198' title='bbox 1401 2715 1744 2787; x_wconf 79' lang='grc' dir='ltr'>ἐντυγχάνων</span> <span class='ocrx_word' id='word_1_199' title='bbox 1763 2716 1842 2786; x_wconf 81' lang='grc' dir='ltr'>τῷ</span> 
     </span>
    </p>
   </div>
   <div class='ocr_carea' id='block_1_30' title="bbox 265 2806 1843 2881">
    <p class='ocr_par' dir='ltr' id='par_1_30' title="bbox 265 2806 1843 2881">
     <span class='ocr_line' id='line_1_30' title="bbox 265 2806 1843 2881; baseline 0.002 -23"><span class='ocrx_word' id='word_1_200' title='bbox 265 2806 481 2877; x_wconf 82' lang='grc' dir='ltr'>Κυρίῳ,</span> <span class='ocrx_word' id='word_1_201' title='bbox 513 2807 745 2877; x_wconf 70' lang='grc' dir='ltr'>ἠκούετο</span> <span class='ocrx_word' id='word_1_202' title='bbox 773 2808 925 2881; x_wconf 83' lang='grc' dir='ltr'>παρὰ</span> <span class='ocrx_word' id='word_1_203' title='bbox 954 2808 1049 2862; x_wconf 89' lang='grc' dir='ltr'><strong>τοῦ</strong></span> <span class='ocrx_word' id='word_1_204' title='bbox 1076 2808 1282 2879; x_wconf 83' lang='grc' dir='ltr'>Κυρίου</span> <span class='ocrx_word' id='word_1_205' title='bbox 1310 2806 1577 2876; x_wconf 66' lang='grc' dir='ltr'>λέγοντος</span> <span class='ocrx_word' id='word_1_206' title='bbox 1612 2808 1672 2861; x_wconf 83' lang='grc' dir='ltr'>Τί</span> <span class='ocrx_word' id='word_1_207' title='bbox 1685 2807 1843 2875; x_wconf 77' lang='grc' dir='ltr'>,βοᾷς</span> 
     </span>
    </p>
   </div>
   <div class='ocr_carea' id='block_1_31' title="bbox 266 2896 1840 2972">
    <p class='ocr_par' dir='ltr' id='par_1_31' title="bbox 266 2896 1840 2972">
     <span class='ocr_line' id='line_1_31' title="bbox 266 2896 1840 2972; baseline 0.001 -22"><span class='ocrx_word' id='word_1_208' title='bbox 266 2896 421 2967; x_wconf 81' lang='grc' dir='ltr'>πρὸς</span> <span class='ocrx_word' id='word_1_209' title='bbox 424 2897 502 2968; x_wconf 81' lang='grc' dir='ltr'>μέ</span> <span class='ocrx_word' id='word_1_210' title='bbox 516 2915 535 2963; x_wconf 83' lang='grc'><em>;</em></span> <span class='ocrx_word' id='word_1_211' title='bbox 548 2901 610 2953; x_wconf 87' lang='grc' dir='ltr'>Οί</span> <span class='ocrx_word' id='word_1_212' title='bbox 626 2900 682 2953; x_wconf 86' lang='grc' dir='ltr'>δὲ</span> <span class='ocrx_word' id='word_1_213' title='bbox 693 2902 750 2954; x_wconf 81' lang='grc' dir='ltr'>ὲν</span> <span class='ocrx_word' id='word_1_214' title='bbox 768 2900 844 2972; x_wconf 82' lang='grc' dir='ltr'>τῷ</span> <span class='ocrx_word' id='word_1_215' title='bbox 863 2899 963 2972; x_wconf 83' lang='grc' dir='ltr'><strong>βίῳ</strong></span> <span class='ocrx_word' id='word_1_216' title='bbox 977 2899 1076 2970; x_wconf 85' lang='grc' dir='ltr'><strong>μὲν</strong></span> <span class='ocrx_word' id='word_1_217' title='bbox 1095 2900 1260 2972; x_wconf 85' lang='grc' dir='ltr'>μηδὲν</span> <span class='ocrx_word' id='word_1_218' title='bbox 1281 2897 1691 2970; x_wconf 87' lang='grc' dir='ltr'>κατορθοῦντες,</span> <span class='ocrx_word' id='word_1_219' title='bbox 1707 2900 1764 2951; x_wconf 82' lang='grc' dir='ltr'>ὲν</span> <span class='ocrx_word' id='word_1_220' title='bbox 1783 2899 1840 2951; x_wconf 83' lang='grc' dir='ltr'><strong>δὲ</strong></span> 
     </span>
    </p>
   </div>
   <div class='ocr_carea' id='block_1_32' title="bbox 265 2988 1839 3063">
    <p class='ocr_par' dir='ltr' id='par_1_32' title="bbox 265 2988 1839 3063">
     <span class='ocr_line' id='line_1_32' title="bbox 265 2988 1839 3063; baseline 0.002 -23"><span class='ocrx_word' id='word_1_221' title='bbox 265 2990 336 3059; x_wconf 84' lang='grc' dir='ltr'>τῇ</span> <span class='ocrx_word' id='word_1_222' title='bbox 362 2989 667 3061; x_wconf 84' lang='grc' dir='ltr'>παρατάσει</span> <span class='ocrx_word' id='word_1_223' title='bbox 694 2993 792 3062; x_wconf 81' lang='grc' dir='ltr'><strong>τῆς</strong></span> <span class='ocrx_word' id='word_1_224' title='bbox 814 2992 1124 3062; x_wconf 83' lang='grc' dir='ltr'>προσευχῆς</span> <span class='ocrx_word' id='word_1_225' title='bbox 1145 2990 1456 3063; x_wconf 81' lang='grc' dir='ltr'>νομίζοντες</span> <span class='ocrx_word' id='word_1_226' title='bbox 1482 2988 1839 3054; x_wconf 87' lang='grc' dir='ltr'>δικαιοῦσθαι,</span> 
     </span>
    </p>
   </div>
   <div class='ocr_carea' id='block_1_33' title="bbox 265 3078 1841 3154">
    <p class='ocr_par' dir='ltr' id='par_1_33' title="bbox 265 3078 1841 3154">
     <span class='ocr_line' id='line_1_33' title="bbox 265 3078 1841 3154; baseline 0.002 -22"><span class='ocrx_word' id='word_1_227' title='bbox 265 3078 475 3133; x_wconf 87' lang='grc' dir='ltr'>τούτων</span> <span class='ocrx_word' id='word_1_228' title='bbox 507 3081 856 3135; x_wconf 81' lang='grc' dir='ltr'>ἀκουέτωσαν</span> <span class='ocrx_word' id='word_1_229' title='bbox 892 3081 1002 3136; x_wconf 85' lang='grc' dir='ltr'><strong>τῶν</strong></span> <span class='ocrx_word' id='word_1_230' title='bbox 1050 3083 1329 3154; x_wconf 61' lang='grc' dir='ltr'>ῥημάτων</span> <span class='ocrx_word' id='word_1_231' title='bbox 1366 3082 1550 3137; x_wconf 84' lang='grc' dir='ltr'>Ὅταν</span> <span class='ocrx_word' id='word_1_232' title='bbox 1580 3082 1687 3149; x_wconf 85' lang='grc' dir='ltr'>τὰς</span> <span class='ocrx_word' id='word_1_233' title='bbox 1719 3081 1841 3151; x_wconf 86' lang='grc' dir='ltr'><strong>χεῖ-</strong></span> 
     </span>
    </p>
   </div>
   <div class='ocr_carea' id='block_1_34' title="bbox 262 3172 1842 3244">
    <p class='ocr_par' dir='ltr' id='par_1_34' title="bbox 262 3172 1842 3244">
     <span class='ocr_line' id='line_1_34' title="bbox 262 3172 1842 3244; baseline -0.001 -15"><span class='ocrx_word' id='word_1_234' title='bbox 262 3189 380 3241; x_wconf 82' lang='grc' dir='ltr'><strong>ρας</strong></span> <span class='ocrx_word' id='word_1_235' title='bbox 421 3172 590 3242; x_wconf 76' lang='grc' dir='ltr'>ὑμῶν</span> <span class='ocrx_word' id='word_1_236' title='bbox 627 3173 931 3242; x_wconf 61' lang='lat' dir='ltr'><strong>cautela-nte</strong></span> <span class='ocrx_word' id='word_1_237' title='bbox 971 3174 1123 3243; x_wconf 80' lang='grc' dir='ltr'>πρὸς</span> <span class='ocrx_word' id='word_1_238' title='bbox 1160 3173 1260 3244; x_wconf 82' lang='grc' dir='ltr'>μὲ,</span> <span class='ocrx_word' id='word_1_239' title='bbox 1293 3173 1659 3244; x_wconf 72' lang='grc' dir='ltr'>ἀποστρέψω</span> <span class='ocrx_word' id='word_1_240' title='bbox 1701 3173 1842 3242; x_wconf 85' lang='grc' dir='ltr'>τοὺς</span> 
     </span>
    </p>
   </div>
   <div class='ocr_carea' id='block_1_35' title="bbox 1944 3172 2774 3244">
    <p class='ocr_par' dir='ltr' id='par_1_35' title="bbox 1946 3172 2774 3229">
     <span class='ocr_line' id='line_1_35' title="bbox 1946 3172 2774 3229; baseline 0.005 -4"><span class='ocrx_word' id='word_1_241' title='bbox 1946 3181 2057 3226; x_wconf 74' lang='lat' dir='ltr'><strong>tam</strong></span> <span class='ocrx_word' id='word_1_242' title='bbox 2118 3172 2300 3228; x_wconf 78' lang='lat' dir='ltr'><strong>oculos</strong></span> <span class='ocrx_word' id='word_1_243' title='bbox 2350 3189 2491 3228; x_wconf 77' lang='lat' dir='ltr'><strong>meos</strong></span> <span class='ocrx_word' id='word_1_244' title='bbox 2547 3191 2579 3229; x_wconf 91' lang='lat' dir='ltr'><strong>a</strong></span> <span class='ocrx_word' id='word_1_245' title='bbox 2631 3174 2774 3229; x_wconf 80' lang='lat' dir='ltr'><strong>vobis</strong></span> 
     </span>
    </p>
   </div>
   <div class='ocr_carea' id='block_1_36' title="bbox 269 3264 1848 3335">
    <p class='ocr_par' dir='ltr' id='par_1_36' title="bbox 269 3264 1848 3335">
     <span class='ocr_line' id='line_1_36' title="bbox 269 3264 1848 3335; baseline 0.002 -21"><span class='ocrx_word' id='word_1_246' title='bbox 269 3264 619 3335; x_wconf 66' lang='grc' dir='ltr'>ὀφθαλμούς</span> <span class='ocrx_word' id='word_1_247' title='bbox 631 3283 751 3334; x_wconf 86' lang='grc' dir='ltr'><strong>μου</strong></span> <span class='ocrx_word' id='word_1_248' title='bbox 773 3266 875 3335; x_wconf 70' lang='grc' dir='ltr'><strong>ἀφ’</strong></span> <span class='ocrx_word' id='word_1_249' title='bbox 898 3264 1085 3335; x_wconf 76' lang='grc' dir='ltr'>ὑμῶν’</span> <span class='ocrx_word' id='word_1_250' title='bbox 1110 3265 1210 3320; x_wconf 73' lang='grc' dir='ltr'>καὶ</span> <span class='ocrx_word' id='word_1_251' title='bbox 1236 3266 1345 3320; x_wconf 81' lang='grc' dir='ltr'><strong>ἐὰν</strong></span> <span class='ocrx_word' id='word_1_252' title='bbox 1367 3266 1712 3334; x_wconf 74' lang='grc' dir='ltr'>πληθύνητε</span> <span class='ocrx_word' id='word_1_253' title='bbox 1732 3264 1848 3334; x_wconf 80' lang='grc' dir='ltr'>τὴν</span> 
     </span>
    </p>
   </div>
   <div class='ocr_carea' id='block_1_37' title="bbox 267 3353 1848 3427">
    <p class='ocr_par' dir='ltr' id='par_1_37' title="bbox 267 3353 1848 3427">
     <span class='ocr_line' id='line_1_37' title="bbox 267 3353 1848 3427; baseline -0.002 -17"><span class='ocrx_word' id='word_1_254' title='bbox 267 3357 506 3424; x_wconf 81' lang='grc' dir='ltr'>δέησιν,</span> <span class='ocrx_word' id='word_1_255' title='bbox 542 3358 655 3410; x_wconf 84' lang='grc' dir='ltr'>οὐκ</span> <span class='ocrx_word' id='word_1_256' title='bbox 694 3357 1133 3426; x_wconf 79' lang='grc' dir='ltr'>εἰσακούσομαι</span> <span class='ocrx_word' id='word_1_257' title='bbox 1171 3355 1360 3425; x_wconf 77' lang='grc' dir='ltr'>ὑμῶν.</span> <span class='ocrx_word' id='word_1_258' title='bbox 1405 3356 1480 3411; x_wconf 82' lang='grc' dir='ltr'><strong>Οὐ</strong></span> <span class='ocrx_word' id='word_1_259' title='bbox 1524 3353 1633 3427; x_wconf 82' lang='grc' dir='ltr'>γὰρ</span> <span class='ocrx_word' id='word_1_260' title='bbox 1660 3353 1848 3418; x_wconf 87' lang='grc' dir='ltr'>ἁπλῶς</span> 
     </span>
    </p>
   </div>
   <div class='ocr_carea' id='block_1_38' title="bbox 267 3445 1849 3521">
    <p class='ocr_par' dir='ltr' id='par_1_38' title="bbox 267 3445 1849 3521">
     <span class='ocr_line' id='line_1_38' title="bbox 267 3445 1849 3521; baseline 0 -20"><span class='ocrx_word' id='word_1_261' title='bbox 267 3447 343 3501; x_wconf 81' lang='grc' dir='ltr'>τὰ</span> <span class='ocrx_word' id='word_1_262' title='bbox 392 3449 614 3519; x_wconf 79' lang='grc' dir='ltr'>ῥήματα</span> <span class='ocrx_word' id='word_1_263' title='bbox 660 3449 759 3520; x_wconf 89' lang='grc' dir='ltr'><strong>τῆς</strong></span> <span class='ocrx_word' id='word_1_264' title='bbox 811 3448 1121 3521; x_wconf 83' lang='grc' dir='ltr'>προσευχῆς</span> <span class='ocrx_word' id='word_1_265' title='bbox 1163 3446 1387 3518; x_wconf 81' lang='grc' dir='ltr'>ὠφελεῖ,</span> <span class='ocrx_word' id='word_1_266' title='bbox 1436 3445 1574 3501; x_wconf 84' lang='grc' dir='ltr'>ἀλλὰ</span> <span class='ocrx_word' id='word_1_267' title='bbox 1609 3446 1671 3500; x_wconf 79' lang='grc' dir='ltr'><strong>τὸ</strong></span> <span class='ocrx_word' id='word_1_268' title='bbox 1710 3446 1849 3518; x_wconf 88' lang='grc' dir='ltr'>μετὰ</span> 
     </span>
    </p>
   </div>
   <div class='ocr_carea' id='block_1_39' title="bbox 271 3538 1846 3611">
    <p class='ocr_par' dir='ltr' id='par_1_39' title="bbox 271 3538 1846 3611">
     <span class='ocr_line' id='line_1_39' title="bbox 271 3538 1846 3611; baseline -0.002 -16"><span class='ocrx_word' id='word_1_269' title='bbox 271 3541 571 3605; x_wconf 80' lang='grc' dir='ltr'>σπουδαίας</span> <span class='ocrx_word' id='word_1_270' title='bbox 612 3541 903 3606; x_wconf 76' lang='grc' dir='ltr'>διαθέσεως</span> <span class='ocrx_word' id='word_1_271' title='bbox 958 3538 1393 3611; x_wconf 81' lang='grc' dir='ltr'>ἀναπέμπεσθαι.</span> <span class='ocrx_word' id='word_1_272' title='bbox 1451 3538 1604 3593; x_wconf 80' lang='grc' dir='ltr'>Ἐπεὶ</span> <span class='ocrx_word' id='word_1_273' title='bbox 1642 3539 1739 3593; x_wconf 76' lang='grc' dir='ltr'><strong>καὶ</strong></span> <span class='ocrx_word' id='word_1_274' title='bbox 1792 3540 1846 3592; x_wconf 90' lang='grc' dir='ltr'>Ὀ</span> 
     </span>
    </p>
   </div>
   <div class='ocr_carea' id='block_1_40' title="bbox 268 3629 1849 3701">
    <p class='ocr_par' dir='ltr' id='par_1_40' title="bbox 268 3629 1849 3701">
     <span class='ocr_line' id='line_1_40' title="bbox 268 3629 1849 3701; baseline -0.003 -14"><span class='ocrx_word' id='word_1_275' title='bbox 268 3632 595 3701; x_wconf 82' lang='grc' dir='ltr'>Φαρισαῖος</span> <span class='ocrx_word' id='word_1_276' title='bbox 632 3631 819 3686; x_wconf 82' lang='grc' dir='ltr'>ταῦτα</span> <span class='ocrx_word' id='word_1_277' title='bbox 862 3630 1012 3699; x_wconf 74' lang='grc' dir='ltr'>πρὸς</span> <span class='ocrx_word' id='word_1_278' title='bbox 1040 3631 1259 3685; x_wconf 76' lang='grc' dir='ltr'>ἑαυτὸν</span> <span class='ocrx_word' id='word_1_279' title='bbox 1287 3631 1687 3700; x_wconf 82' lang='grc' dir='ltr'>προσηύχετο,</span> <span class='ocrx_word' id='word_1_280' title='bbox 1726 3629 1849 3700; x_wconf 74' lang='grc' dir='ltr'>οὐχὶ</span> 
     </span>
    </p>
   </div>
   <div class='ocr_carea' id='block_1_41' title="bbox 269 3720 1849 3795">
    <p class='ocr_par' dir='ltr' id='par_1_41' title="bbox 269 3720 1849 3795">
     <span class='ocr_line' id='line_1_41' title="bbox 269 3720 1849 3795; baseline -0.003 -18"><span class='ocrx_word' id='word_1_281' title='bbox 269 3725 412 3795; x_wconf 79' lang='grc' dir='ltr'>πρὸς</span> <span class='ocrx_word' id='word_1_282' title='bbox 442 3724 535 3777; x_wconf 82' lang='grc' dir='ltr'><strong>τὸν</strong></span> <span class='ocrx_word' id='word_1_283' title='bbox 567 3724 720 3776; x_wconf 75' lang='grc' dir='ltr'>Θεόνο</span> <span class='ocrx_word' id='word_1_284' title='bbox 762 3723 1104 3793; x_wconf 73' lang='grc' dir='ltr'>ἐπανήρχετο</span> <span class='ocrx_word' id='word_1_285' title='bbox 1144 3721 1253 3795; x_wconf 80' lang='grc' dir='ltr'>γὰρ</span> <span class='ocrx_word' id='word_1_286' title='bbox 1285 3721 1425 3793; x_wconf 80' lang='grc' dir='ltr'>πρὸς</span> <span class='ocrx_word' id='word_1_287' title='bbox 1458 3720 1670 3785; x_wconf 79' lang='grc' dir='ltr'>ἑαυτὸν,</span> <span class='ocrx_word' id='word_1_288' title='bbox 1699 3720 1849 3773; x_wconf 82' lang='grc' dir='ltr'>ἐπεί-</span> 
     </span>
    </p>
   </div>
   <div class='ocr_carea' id='block_1_42' title="bbox 271 3810 1849 3888">
    <p class='ocr_par' dir='ltr' id='par_1_42' title="bbox 271 3810 1849 3888">
     <span class='ocr_line' id='line_1_42' title="bbox 271 3810 1849 3888; baseline -0.003 -19"><span class='ocrx_word' id='word_1_289' title='bbox 271 3832 382 3888; x_wconf 86' lang='grc' dir='ltr'><strong>περ</strong></span> <span class='ocrx_word' id='word_1_290' title='bbox 410 3817 466 3868; x_wconf 80' lang='grc' dir='ltr'>ὲν</span> <span class='ocrx_word' id='word_1_291' title='bbox 496 3815 741 3888; x_wconf 81' lang='grc' dir='ltr'>ἁμαρτίᾳ</span> <span class='ocrx_word' id='word_1_292' title='bbox 765 3816 863 3886; x_wconf 85' lang='grc' dir='ltr'><strong>τῆς</strong></span> <span class='ocrx_word' id='word_1_293' title='bbox 889 3813 1272 3885; x_wconf 80' lang='grc' dir='ltr'>ὑπερηφανίας</span> <span class='ocrx_word' id='word_1_294' title='bbox 1304 3812 1531 3881; x_wconf 78' lang='grc' dir='ltr'>ἐγίνετο.</span> <span class='ocrx_word' id='word_1_295' title='bbox 1567 3812 1664 3865; x_wconf 82' lang='grc' dir='ltr'><strong>Διὰ</strong></span> <span class='ocrx_word' id='word_1_296' title='bbox 1690 3810 1849 3864; x_wconf 85' lang='grc' dir='ltr'>τοῦτο</span> 
     </span>
    </p>
   </div>
   <div class='ocr_carea' id='block_1_43' title="bbox 270 3904 1845 3981">
    <p class='ocr_par' dir='ltr' id='par_1_43' title="bbox 270 3904 1845 3981">
     <span class='ocr_line' id='line_1_43' title="bbox 270 3904 1845 3981; baseline -0.004 -17"><span class='ocrx_word' id='word_1_297' title='bbox 270 3909 368 3964; x_wconf 79' lang='grc' dir='ltr'><strong>καὶ</strong></span> <span class='ocrx_word' id='word_1_298' title='bbox 393 3911 421 3963; x_wconf 82' lang='grc' dir='ltr'><strong>ὁ</strong></span> <span class='ocrx_word' id='word_1_299' title='bbox 448 3910 661 3981; x_wconf 79' lang='grc' dir='ltr'>Σωτήρο</span> <span class='ocrx_word' id='word_1_300' title='bbox 690 3907 1167 3977; x_wconf 73' lang='grc' dir='ltr'>Προσευχόμενοι</span> <span class='ocrx_word' id='word_1_301' title='bbox 1198 3905 1266 3960; x_wconf 87' lang='grc' dir='ltr'>δὲ</span> <span class='ocrx_word' id='word_1_302' title='bbox 1302 3905 1381 3975; x_wconf 79' lang='grc' dir='ltr'>μὴ</span> <span class='ocrx_word' id='word_1_303' title='bbox 1403 3904 1845 3974; x_wconf 78' lang='grc' dir='ltr'>βαττολογεῖτε,</span> 
     </span>
    </p>
   </div>
   <div class='ocr_carea' id='block_1_44' title="bbox 268 3993 1850 4066">
    <p class='ocr_par' dir='ltr' id='par_1_44' title="bbox 268 3993 1850 4066">
     <span class='ocr_line' id='line_1_44' title="bbox 268 3993 1850 4066; baseline -0.003 -13"><span class='ocrx_word' id='word_1_304' title='bbox 268 4001 354 4066; x_wconf 83' lang='grc' dir='ltr'>ὠς</span> <span class='ocrx_word' id='word_1_305' title='bbox 378 4000 475 4053; x_wconf 82' lang='grc' dir='ltr'><strong>καί</strong></span> <span class='ocrx_word' id='word_1_306' title='bbox 500 4002 554 4052; x_wconf 81' lang='grc' dir='ltr'>οἱ</span> <span class='ocrx_word' id='word_1_307' title='bbox 587 3997 827 4052; x_wconf 71' lang='grc' dir='ltr'>ἐθνικοίο</span> <span class='ocrx_word' id='word_1_308' title='bbox 855 3996 1106 4050; x_wconf 84' lang='grc' dir='ltr'>δοκοῦσι</span> <span class='ocrx_word' id='word_1_309' title='bbox 1132 3994 1263 4066; x_wconf 76' lang='grc' dir='ltr'>γὰρ,</span> <span class='ocrx_word' id='word_1_310' title='bbox 1295 3995 1381 4049; x_wconf 74' lang='grc' dir='ltr'>ὅτι</span> <span class='ocrx_word' id='word_1_311' title='bbox 1401 3995 1472 4048; x_wconf 76' lang='grc' dir='ltr'><strong>ἐν</strong></span> <span class='ocrx_word' id='word_1_312' title='bbox 1491 3993 1567 4063; x_wconf 79' lang='grc' dir='ltr'>τῇ</span> <span class='ocrx_word' id='word_1_313' title='bbox 1587 3997 1850 4049; x_wconf 78' lang='grc' dir='ltr'>πολυλο-</span> 
     </span>
    </p>
   </div>
   <div class='ocr_carea' id='block_1_45' title="bbox 269 4084 1849 4163">
    <p class='ocr_par' dir='ltr' id='par_1_45' title="bbox 269 4084 1849 4163">
     <span class='ocr_line' id='line_1_45' title="bbox 269 4084 1849 4163; baseline -0.004 -18"><span class='ocrx_word' id='word_1_314' title='bbox 269 4092 372 4163; x_wconf 65' lang='grc' dir='ltr'>γίᾳ</span> <span class='ocrx_word' id='word_1_315' title='bbox 403 4088 603 4145; x_wconf 75' lang='grc' dir='ltr'>αὐτῶν</span> <span class='ocrx_word' id='word_1_316' title='bbox 636 4086 1239 4153; x_wconf 78' lang='grc' dir='ltr'>εἰσακουσθήσονται·</span> <span class='ocrx_word' id='word_1_317' title='bbox 1286 4085 1380 4140; x_wconf 74' lang='grc' dir='ltr'>καὶ</span> <span class='ocrx_word' id='word_1_318' title='bbox 1417 4084 1498 4151; x_wconf 81' lang='grc' dir='ltr'><strong>τὸ,</strong></span> <span class='ocrx_word' id='word_1_319' title='bbox 1539 4088 1636 4139; x_wconf 83' lang='grc' dir='ltr'>Ἐκ</span> <span class='ocrx_word' id='word_1_320' title='bbox 1659 4090 1849 4140; x_wconf 78' lang='grc' dir='ltr'>πολυ-</span> 
     </span>
    </p>
   </div>
   <div class='ocr_carea' id='block_1_46' title="bbox 267 4175 1848 4252">
    <p class='ocr_par' dir='ltr' id='par_1_46' title="bbox 267 4175 1848 4252">
     <span class='ocr_line' id='line_1_46' title="bbox 267 4175 1848 4252; baseline -0.003 -15"><span class='ocrx_word' id='word_1_321' title='bbox 267 4181 483 4252; x_wconf 70' lang='grc' dir='ltr'>λογίας</span> <span class='ocrx_word' id='word_1_322' title='bbox 511 4181 624 4235; x_wconf 79' lang='grc' dir='ltr'>οὐκ</span> <span class='ocrx_word' id='word_1_323' title='bbox 658 4178 923 4248; x_wconf 75' lang='grc' dir='ltr'>ἐκφεύξῃ</span> <span class='ocrx_word' id='word_1_324' title='bbox 963 4178 1275 4246; x_wconf 79' lang='grc' dir='ltr'>ἁμαρτίαν.</span> <span class='ocrx_word' id='word_1_325' title='bbox 1321 4175 1494 4230; x_wconf 90' lang='grc' dir='ltr'>Τοῦτό</span> <span class='ocrx_word' id='word_1_326' title='bbox 1534 4178 1649 4231; x_wconf 78' lang='grc' dir='ltr'>ἐστι</span> <span class='ocrx_word' id='word_1_327' title='bbox 1678 4177 1740 4230; x_wconf 85' lang='grc' dir='ltr'>τὺ</span> <span class='ocrx_word' id='word_1_328' title='bbox 1764 4178 1848 4232; x_wconf 82' lang='grc' dir='ltr'><strong>αἵ-</strong></span> 
     </span>
    </p>
   </div>
   <div class='ocr_carea' id='block_1_47' title="bbox 269 4268 1845 4342">
    <p class='ocr_par' dir='ltr' id='par_1_47' title="bbox 269 4268 1845 4342">
     <span class='ocr_line' id='line_1_47' title="bbox 269 4268 1845 4342; baseline -0.005 -13"><span class='ocrx_word' id='word_1_329' title='bbox 269 4291 387 4328; x_wconf 83' lang='grc' dir='ltr'>τιον</span> <span class='ocrx_word' id='word_1_330' title='bbox 408 4272 502 4327; x_wconf 87' lang='grc' dir='ltr'><strong>τοῦ</strong></span> <span class='ocrx_word' id='word_1_331' title='bbox 530 4269 969 4342; x_wconf 80' lang='grc' dir='ltr'>ἀποστρέφεσθαι</span> <span class='ocrx_word' id='word_1_332' title='bbox 989 4269 1065 4340; x_wconf 77' lang='grc'><strong>(2)</strong></span> <span class='ocrx_word' id='word_1_333' title='bbox 1095 4270 1219 4332; x_wconf 84' lang='grc' dir='ltr'>τοὺς</span> <span class='ocrx_word' id='word_1_334' title='bbox 1240 4268 1552 4340; x_wconf 81' lang='grc' dir='ltr'>ὀφθαλμοὺς</span> <span class='ocrx_word' id='word_1_335' title='bbox 1568 4268 1660 4322; x_wconf 87' lang='grc' dir='ltr'><strong>τοῦ</strong></span> <span class='ocrx_word' id='word_1_336' title='bbox 1688 4269 1845 4335; x_wconf 86' lang='grc' dir='ltr'>Θεοῦ,</span> 
     </span>
    </p>
   </div>
   <div class='ocr_carea' id='block_1_48' title="bbox 269 4359 1848 4433">
    <p class='ocr_par' dir='ltr' id='par_1_48' title="bbox 269 4359 1848 4433">
     <span class='ocr_line' id='line_1_48' title="bbox 269 4359 1848 4433; baseline -0.004 -12"><span class='ocrx_word' id='word_1_337' title='bbox 269 4369 402 4422; x_wconf 84' lang='grc' dir='ltr'>ὅταν</span> <span class='ocrx_word' id='word_1_338' title='bbox 446 4364 749 4419; x_wconf 82' lang='grc' dir='ltr'>ὲκταθῶσιν</span> <span class='ocrx_word' id='word_1_339' title='bbox 792 4366 849 4417; x_wconf 89' lang='grc' dir='ltr'>αἱ</span> <span class='ocrx_word' id='word_1_340' title='bbox 896 4365 1098 4433; x_wconf 85' lang='grc' dir='ltr'>χεῖρες,</span> <span class='ocrx_word' id='word_1_341' title='bbox 1146 4361 1281 4415; x_wconf 82' lang='grc' dir='ltr'>διότι</span> <span class='ocrx_word' id='word_1_342' title='bbox 1323 4359 1393 4414; x_wconf 85' lang='grc' dir='ltr'>τὰ</span> <span class='ocrx_word' id='word_1_343' title='bbox 1433 4361 1534 4428; x_wconf 86' lang='grc' dir='ltr'><strong>τῆς</strong></span> <span class='ocrx_word' id='word_1_344' title='bbox 1567 4360 1848 4431; x_wconf 82' lang='grc' dir='ltr'>ἱκετηρίας</span> 
     </span>
    </p>
   </div>
   <div class='ocr_carea' id='block_1_49' title="bbox 1939 527 3502 599">
    <p class='ocr_par' dir='ltr' id='par_1_49' title="bbox 1939 527 3502 599">
     <span class='ocr_line' id='line_1_49' title="bbox 1939 527 3502 599; baseline 0.003 -19"><span class='ocrx_word' id='word_1_345' title='bbox 1939 534 2206 596; x_wconf 88' lang='lat' dir='ltr'><strong>quotquot</strong></span> <span class='ocrx_word' id='word_1_346' title='bbox 2248 527 2317 581; x_wconf 89' lang='lat' dir='ltr'><strong>de</strong></span> <span class='ocrx_word' id='word_1_347' title='bbox 2367 529 2641 582; x_wconf 77' lang='lat' dir='ltr'><strong>actionum</strong></span> <span class='ocrx_word' id='word_1_348' title='bbox 2700 528 3127 596; x_wconf 74' lang='lat' dir='ltr'><strong>improbatorum</strong></span> <span class='ocrx_word' id='word_1_349' title='bbox 3160 530 3502 599; x_wconf 83' lang='lat' dir='ltr'><strong>turpitudine</strong></span> 
     </span>
    </p>
   </div>
   <div class='ocr_carea' id='block_1_50' title="bbox 1937 615 3502 688">
    <p class='ocr_par' dir='ltr' id='par_1_50' title="bbox 1937 615 3502 688">
     <span class='ocr_line' id='line_1_50' title="bbox 1937 615 3502 688; baseline 0.004 -20"><span class='ocrx_word' id='word_1_350' title='bbox 1937 615 2213 680; x_wconf 72' lang='lat' dir='ltr'><strong>doluistis,</strong></span> <span class='ocrx_word' id='word_1_351' title='bbox 2241 616 2375 671; x_wconf 90' lang='lat' dir='ltr'><strong>illud</strong></span> <span class='ocrx_word' id='word_1_352' title='bbox 2403 617 2747 687; x_wconf 59' lang='lat' dir='ltr'><strong>praecipinms</strong></span> <span class='ocrx_word' id='word_1_353' title='bbox 2782 659 2799 672; x_wconf 91' lang='lat'><strong>.</strong></span> <span class='ocrx_word' id='word_1_354' title='bbox 2835 617 2892 671; x_wconf 88' lang='lat' dir='ltr'><strong>Si</strong></span> <span class='ocrx_word' id='word_1_355' title='bbox 2931 618 3176 674; x_wconf 82' lang='lat' dir='ltr'><strong>videritis</strong></span> <span class='ocrx_word' id='word_1_356' title='bbox 3202 634 3339 688; x_wconf 87' lang='lat' dir='ltr'><strong>quos</strong></span> <span class='ocrx_word' id='word_1_357' title='bbox 3366 622 3502 674; x_wconf 84' lang='lat' dir='ltr'><strong>stul-</strong></span> 
     </span>
    </p>
   </div>
   <div class='ocr_carea' id='block_1_51' title="bbox 1938 705 3502 779">
    <p class='ocr_par' dir='ltr' id='par_1_51' title="bbox 1938 705 3502 779">
     <span class='ocr_line' id='line_1_51' title="bbox 1938 705 3502 779; baseline 0.003 -21"><span class='ocrx_word' id='word_1_358' title='bbox 1938 705 2070 760; x_wconf 64' lang='lat' dir='ltr'><strong>titiae</strong></span> <span class='ocrx_word' id='word_1_359' title='bbox 2100 714 2377 776; x_wconf 81' lang='lat' dir='ltr'><strong>gestorum</strong></span> <span class='ocrx_word' id='word_1_360' title='bbox 2429 723 2655 763; x_wconf 87' lang='lat' dir='ltr'><strong>suorum</strong></span> <span class='ocrx_word' id='word_1_361' title='bbox 2698 710 2978 779; x_wconf 85' lang='lat' dir='ltr'><strong>poeniteat,</strong></span> <span class='ocrx_word' id='word_1_362' title='bbox 3010 724 3198 765; x_wconf 90' lang='lat' dir='ltr'><strong>eorum</strong></span> <span class='ocrx_word' id='word_1_363' title='bbox 3244 711 3502 765; x_wconf 86' lang='lat' dir='ltr'><strong>miserea-</strong></span> 
     </span>
    </p>
   </div>
   <div class='ocr_carea' id='block_1_52' title="bbox 1939 794 3498 870">
    <p class='ocr_par' dir='ltr' id='par_1_52' title="bbox 1939 794 3498 870">
     <span class='ocr_line' id='line_1_52' title="bbox 1939 794 3498 870; baseline 0.003 -22"><span class='ocrx_word' id='word_1_364' title='bbox 1939 794 2071 849; x_wconf 87' lang='lat' dir='ltr'><strong>mini</strong></span> <span class='ocrx_word' id='word_1_365' title='bbox 2093 804 2352 865; x_wconf 91' lang='lat' dir='ltr'><strong>tanquam</strong></span> <span class='ocrx_word' id='word_1_366' title='bbox 2373 807 2680 852; x_wconf 86' lang='lat' dir='ltr'><strong>vestrorum</strong></span> <span class='ocrx_word' id='word_1_367' title='bbox 2703 799 3069 854; x_wconf 84' lang='lat' dir='ltr'><strong>membrorum</strong></span> <span class='ocrx_word' id='word_1_368' title='bbox 3089 800 3498 870; x_wconf 56' lang='lat' dir='ltr'><strong>aegrotantium;</strong></span> 
     </span>
    </p>
   </div>
   <div class='ocr_carea' id='block_1_53' title="bbox 1939 886 3505 960">
    <p class='ocr_par' dir='ltr' id='par_1_53' title="bbox 1939 886 3505 960">
     <span class='ocr_line' id='line_1_53' title="bbox 1939 886 3505 960; baseline 0.002 -18"><span class='ocrx_word' id='word_1_369' title='bbox 1939 886 2026 942; x_wconf 91' lang='lat' dir='ltr'><strong>sin</strong></span> <span class='ocrx_word' id='word_1_370' title='bbox 2049 887 2360 956; x_wconf 85' lang='lat' dir='ltr'><strong>pervicaces</strong></span> <span class='ocrx_word' id='word_1_371' title='bbox 2380 903 2444 943; x_wconf 88' lang='lat' dir='ltr'><strong>ac</strong></span> <span class='ocrx_word' id='word_1_372' title='bbox 2471 896 2705 945; x_wconf 89' lang='lat' dir='ltr'><strong>vestram</strong></span> <span class='ocrx_word' id='word_1_373' title='bbox 2728 904 2827 960; x_wconf 89' lang='lat' dir='ltr'><strong>pro</strong></span> <span class='ocrx_word' id='word_1_374' title='bbox 2853 891 2985 960; x_wconf 89' lang='lat' dir='ltr'><strong>ipsis</strong></span> <span class='ocrx_word' id='word_1_375' title='bbox 3009 892 3320 946; x_wconf 70' lang='lat' dir='ltr'><strong>maestitiam</strong></span> <span class='ocrx_word' id='word_1_376' title='bbox 3349 906 3505 960; x_wconf 82' lang='lat' dir='ltr'><strong>sper-</strong></span> 
     </span>
    </p>
   </div>
   <div class='ocr_carea' id='block_1_54' title="bbox 1940 979 3509 1052">
    <p class='ocr_par' dir='ltr' id='par_1_54' title="bbox 1940 979 3509 1052">
     <span class='ocr_line' id='line_1_54' title="bbox 1940 979 3509 1052; baseline 0.003 -21"><span class='ocrx_word' id='word_1_377' title='bbox 1940 984 2134 1033; x_wconf 87' lang='lat' dir='ltr'><strong>nentes</strong></span> <span class='ocrx_word' id='word_1_378' title='bbox 2164 980 2475 1041; x_wconf 85' lang='lat' dir='ltr'><strong>senseritis.</strong></span> <span class='ocrx_word' id='word_1_379' title='bbox 2504 979 2665 1035; x_wconf 73' lang='lat' dir='ltr'><strong>Exite</strong></span> <span class='ocrx_word' id='word_1_380' title='bbox 2687 980 2753 1035; x_wconf 87' lang='lat' dir='ltr'><strong>de</strong></span> <span class='ocrx_word' id='word_1_381' title='bbox 2789 983 2977 1048; x_wconf 85' lang='lat' dir='ltr'><strong>medio.</strong></span> <span class='ocrx_word' id='word_1_382' title='bbox 3007 992 3057 1036; x_wconf 84' lang='lat' dir='ltr'><strong>et</strong></span> <span class='ocrx_word' id='word_1_383' title='bbox 3089 984 3424 1052; x_wconf 75' lang='lat' dir='ltr'><strong>separemiui.</strong></span> <span class='ocrx_word' id='word_1_384' title='bbox 3454 990 3509 1037; x_wconf 82' lang='lat' dir='ltr'><strong>et</strong></span> 
     </span>
    </p>
   </div>
   <div class='ocr_carea' id='block_1_55' title="bbox 1939 1067 3504 1144">
    <p class='ocr_par' dir='ltr' id='par_1_55' title="bbox 1939 1067 3504 1144">
     <span class='ocr_line' id='line_1_55' title="bbox 1939 1067 3504 1144; baseline 0.005 -23"><span class='ocrx_word' id='word_1_385' title='bbox 1939 1067 2271 1123; x_wconf 84' lang='lat' dir='ltr'><strong>immundum</strong></span> <span class='ocrx_word' id='word_1_386' title='bbox 2313 1087 2383 1125; x_wconf 77' lang='lat' dir='ltr'><strong>ne</strong></span> <span class='ocrx_word' id='word_1_387' title='bbox 2423 1073 2653 1143; x_wconf 78' lang='lat' dir='ltr'><strong>tangatis</strong></span> <span class='ocrx_word' id='word_1_388' title='bbox 2674 1074 2720 1105; x_wconf 79' lang='grc' dir='ltr'><strong><em>⁸ο</em></strong></span> <span class='ocrx_word' id='word_1_389' title='bbox 2752 1092 2767 1129; x_wconf 87' lang='lat'><strong>:</strong></span> <span class='ocrx_word' id='word_1_390' title='bbox 2798 1083 2859 1128; x_wconf 91' lang='lat' dir='ltr'><strong>ut</strong></span> <span class='ocrx_word' id='word_1_391' title='bbox 2901 1074 2984 1129; x_wconf 86' lang='lat' dir='ltr'><strong>sic</strong></span> <span class='ocrx_word' id='word_1_392' title='bbox 3027 1074 3108 1129; x_wconf 87' lang='lat' dir='ltr'><strong>illi</strong></span> <span class='ocrx_word' id='word_1_393' title='bbox 3153 1074 3369 1144; x_wconf 84' lang='lat' dir='ltr'><strong>quidem</strong></span> <span class='ocrx_word' id='word_1_394' title='bbox 3406 1089 3504 1143; x_wconf 86' lang='lat' dir='ltr'><strong>pu-</strong></span> 
     </span>
    </p>
   </div>
   <div class='ocr_carea' id='block_1_56' title="bbox 1939 1159 3503 1237">
    <p class='ocr_par' dir='ltr' id='par_1_56' title="bbox 1939 1159 3503 1237">
     <span class='ocr_line' id='line_1_56' title="bbox 1939 1159 3503 1237; baseline 0.005 -24"><span class='ocrx_word' id='word_1_395' title='bbox 1939 1159 2075 1214; x_wconf 84' lang='lat' dir='ltr'><strong>dore</strong></span> <span class='ocrx_word' id='word_1_396' title='bbox 2099 1159 2300 1226; x_wconf 84' lang='lat' dir='ltr'><strong>aﬂ‘ecti,</strong></span> <span class='ocrx_word' id='word_1_397' title='bbox 2333 1177 2489 1225; x_wconf 84' lang='lat' dir='ltr'><strong>suam</strong></span> <span class='ocrx_word' id='word_1_398' title='bbox 2511 1163 2755 1233; x_wconf 87' lang='lat' dir='ltr'><strong>ipsorum</strong></span> <span class='ocrx_word' id='word_1_399' title='bbox 2780 1166 3100 1235; x_wconf 82' lang='lat' dir='ltr'><strong>pravitatem</strong></span> <span class='ocrx_word' id='word_1_400' title='bbox 3130 1176 3464 1237; x_wconf 79' lang='lat' dir='ltr'><strong>cognoscant</strong></span> <span class='ocrx_word' id='word_1_401' title='bbox 3490 1185 3503 1221; x_wconf 88' lang='lat'><strong>:</strong></span> 
     </span>
    </p>
   </div>
   <div class='ocr_carea' id='block_1_57' title="bbox 1941 1247 3509 1319">
    <p class='ocr_par' dir='ltr' id='par_1_57' title="bbox 1941 1247 3509 1319">
     <span class='ocr_line' id='line_1_57' title="bbox 1941 1247 3509 1319; baseline 0.008 -18"><span class='ocrx_word' id='word_1_402' title='bbox 1941 1247 2101 1319; x_wconf 73' lang='lat'><strong>523</strong></span> <span class='ocrx_word' id='word_1_403' title='bbox 2125 1265 2221 1306; x_wconf 89' lang='lat' dir='ltr'><strong>vos</strong></span> <span class='ocrx_word' id='word_1_404' title='bbox 2265 1265 2396 1306; x_wconf 88' lang='lat' dir='ltr'><strong>vero</strong></span> <span class='ocrx_word' id='word_1_405' title='bbox 2446 1253 2752 1309; x_wconf 84' lang='lat' dir='ltr'><strong>mercedem</strong></span> <span class='ocrx_word' id='word_1_406' title='bbox 2798 1256 3165 1311; x_wconf 66' lang='lat' dir='ltr'><strong>aemulationis</strong></span> <span class='ocrx_word' id='word_1_407' title='bbox 3212 1255 3509 1313; x_wconf 71' lang='lat' dir='ltr'><strong>Phinees“</strong></span> 
     </span>
    </p>
   </div>
   <div class='ocr_carea' id='block_1_58' title="bbox 1943 1341 3510 1420">
    <p class='ocr_par' dir='ltr' id='par_1_58' title="bbox 1943 1341 3510 1420">
     <span class='ocr_line' id='line_1_58' title="bbox 1943 1341 3510 1420; baseline 0.006 -26"><span class='ocrx_word' id='word_1_408' title='bbox 1943 1341 2222 1411; x_wconf 85' lang='lat' dir='ltr'><strong>recipiatis</strong></span> <span class='ocrx_word' id='word_1_409' title='bbox 2246 1357 2278 1396; x_wconf 88' lang='lat' dir='ltr'><strong>a</strong></span> <span class='ocrx_word' id='word_1_410' title='bbox 2309 1341 2600 1401; x_wconf 77' lang='lat' dir='ltr'><strong>Servatore</strong></span> <span class='ocrx_word' id='word_1_411' title='bbox 2630 1354 2822 1401; x_wconf 90' lang='lat' dir='ltr'><strong>nostro</strong></span> <span class='ocrx_word' id='word_1_412' title='bbox 2847 1346 2979 1403; x_wconf 80' lang='lat' dir='ltr'><strong>Jesu</strong></span> <span class='ocrx_word' id='word_1_413' title='bbox 3002 1348 3244 1413; x_wconf 75' lang='lat' dir='ltr'><strong>Christo,</strong></span> <span class='ocrx_word' id='word_1_414' title='bbox 3277 1350 3367 1404; x_wconf 92' lang='lat' dir='ltr'><strong>cui</strong></span> <span class='ocrx_word' id='word_1_415' title='bbox 3392 1350 3510 1420; x_wconf 79' lang='lat' dir='ltr'><strong>glo-</strong></span> 
     </span>
    </p>
   </div>
   <div class='ocr_carea' id='block_1_59' title="bbox 1942 1431 3512 1509">
    <p class='ocr_par' dir='ltr' id='par_1_59' title="bbox 1942 1431 3512 1509">
     <span class='ocr_line' id='line_1_59' title="bbox 1942 1431 3512 1509; baseline 0.006 -24"><span class='ocrx_word' id='word_1_416' title='bbox 1942 1431 2047 1496; x_wconf 88' lang='lat' dir='ltr'><strong>ria,</strong></span> <span class='ocrx_word' id='word_1_417' title='bbox 2080 1440 2135 1487; x_wconf 90' lang='lat' dir='ltr'><strong>et</strong></span> <span class='ocrx_word' id='word_1_418' title='bbox 2165 1441 2432 1503; x_wconf 84' lang='lat' dir='ltr'><strong>potestas,</strong></span> <span class='ocrx_word' id='word_1_419' title='bbox 2460 1451 2608 1492; x_wconf 87' lang='lat' dir='ltr'><strong>nunc</strong></span> <span class='ocrx_word' id='word_1_420' title='bbox 2634 1446 2689 1492; x_wconf 88' lang='lat' dir='ltr'><strong>et</strong></span> <span class='ocrx_word' id='word_1_421' title='bbox 2722 1452 2956 1509; x_wconf 87' lang='lat' dir='ltr'><strong>semper,</strong></span> <span class='ocrx_word' id='word_1_422' title='bbox 2991 1446 3049 1494; x_wconf 90' lang='lat' dir='ltr'><strong>et</strong></span> <span class='ocrx_word' id='word_1_423' title='bbox 3077 1439 3135 1494; x_wconf 87' lang='lat' dir='ltr'><strong>in</strong></span> <span class='ocrx_word' id='word_1_424' title='bbox 3177 1441 3377 1496; x_wconf 67' lang='lat' dir='ltr'><strong>saecula</strong></span> <span class='ocrx_word' id='word_1_425' title='bbox 3407 1455 3512 1495; x_wconf 69' lang='lat' dir='ltr'><strong>sre-</strong></span> 
     </span>
    </p>
   </div>
   <div class='ocr_carea' id='block_1_60' title="bbox 1943 1524 2501 1587">
    <p class='ocr_par' dir='ltr' id='par_1_60' title="bbox 1943 1524 2501 1587">
     <span class='ocr_line' id='line_1_60' title="bbox 1943 1524 2501 1587; baseline 0.009 -9"><span class='ocrx_word' id='word_1_426' title='bbox 1943 1524 2214 1580; x_wconf 87' lang='lat' dir='ltr'><strong>eulorum.</strong></span> <span class='ocrx_word' id='word_1_427' title='bbox 2259 1527 2435 1582; x_wconf 82' lang='lat' dir='ltr'><strong>Amen</strong></span> <span class='ocrx_word' id='word_1_428' title='bbox 2458 1540 2501 1587; x_wconf 66' lang='grc' dir='ltr'>ξ’.</span> 
     </span>
    </p>
   </div>
   <div class='ocr_carea' id='block_1_61' title="bbox 2455 1654 3002 1720">
    <p class='ocr_par' dir='ltr' id='par_1_61' title="bbox 2455 1654 3002 1720">
     <span class='ocr_line' id='line_1_61' title="bbox 2455 1654 3002 1720; baseline 0.005 -5"><span class='ocrx_word' id='word_1_429' title='bbox 2455 1654 2559 1715; x_wconf 83' lang='lat' dir='ltr'><strong><em>DE</em></strong></span> <span class='ocrx_word' id='word_1_430' title='bbox 2597 1661 3002 1720; x_wconf 81' lang='lat' dir='ltr'><strong>ORATIONE.</strong></span> 
     </span>
    </p>
   </div>
   <div class='ocr_carea' id='block_1_62' title="bbox 2496 1734 2888 1831">
    <p class='ocr_par' dir='ltr' id='par_1_62' title="bbox 2496 1734 2888 1831">
     <span class='ocr_line' id='line_1_62' title="bbox 2496 1734 2888 1831; baseline -0.005 0"><span class='ocrx_word' id='word_1_431' title='bbox 2496 1828 2503 1831; x_wconf 95' lang='lat'>_</span> <span class='ocrx_word' id='word_1_432' title='bbox 2531 1734 2775 1831; x_wconf 46' lang='lat' dir='ltr'><strong>:s&#39;EnMo</strong></span> <span class='ocrx_word' id='word_1_433' title='bbox 2816 1775 2888 1829; x_wconf 80' lang='lat' dir='ltr'><strong>1x</strong></span> 
     </span>
    </p>
   </div>
   <div class='ocr_carea' id='block_1_63' title="bbox 2010 1882 3511 1962">
    <p class='ocr_par' dir='ltr' id='par_1_63' title="bbox 2010 1882 3511 1962">
     <span class='ocr_line' id='line_1_63' title="bbox 2010 1882 3511 1962; baseline 0.009 -24"><span class='ocrx_word' id='word_1_434' title='bbox 2010 1883 2063 1938; x_wconf 97' lang='grc'><strong>1.</strong></span> <span class='ocrx_word' id='word_1_435' title='bbox 2107 1883 2184 1956; x_wconf 74' lang='grc'><strong>(4)</strong></span> <span class='ocrx_word' id='word_1_436' title='bbox 2229 1882 2543 1941; x_wconf 86' lang='lat' dir='ltr'><strong>Orationem</strong></span> <span class='ocrx_word' id='word_1_437' title='bbox 2590 1905 2699 1945; x_wconf 89' lang='lat' dir='ltr'><strong>non</strong></span> <span class='ocrx_word' id='word_1_438' title='bbox 2744 1892 3078 1962; x_wconf 85' lang='lat' dir='ltr'><strong>syllabarum</strong></span> <span class='ocrx_word' id='word_1_439' title='bbox 3121 1894 3366 1952; x_wconf 88' lang='lat' dir='ltr'><strong>numeris</strong></span> <span class='ocrx_word' id='word_1_440' title='bbox 3410 1896 3511 1951; x_wconf 58' lang='lat' dir='ltr'><strong>ab»</strong></span> 
     </span>
    </p>
   </div>
   <div class='ocr_carea' id='block_1_64' title="bbox 1939 1976 3512 2052">
    <p class='ocr_par' dir='ltr' id='par_1_64' title="bbox 1939 1976 3512 2052">
     <span class='ocr_line' id='line_1_64' title="bbox 1939 1976 3512 2052; baseline 0.007 -22"><span class='ocrx_word' id='word_1_441' title='bbox 1939 1976 2150 2033; x_wconf 84' lang='lat' dir='ltr'><strong>solvere</strong></span> <span class='ocrx_word' id='word_1_442' title='bbox 2190 1992 2295 2033; x_wconf 88' lang='lat' dir='ltr'><strong>nos</strong></span> <span class='ocrx_word' id='word_1_443' title='bbox 2337 1988 2573 2049; x_wconf 86' lang='lat' dir='ltr'><strong>oportet,</strong></span> <span class='ocrx_word' id='word_1_444' title='bbox 2626 1994 2661 2036; x_wconf 97' lang='lat' dir='ltr'><strong>o</strong></span> <span class='ocrx_word' id='word_1_445' title='bbox 2704 1980 2940 2052; x_wconf 82' lang='lat' dir='ltr'><strong>fratres;</strong></span> <span class='ocrx_word' id='word_1_446' title='bbox 2973 1985 3069 2040; x_wconf 90' lang='lat' dir='ltr'><strong>sed</strong></span> <span class='ocrx_word' id='word_1_447' title='bbox 3107 1987 3275 2041; x_wconf 88' lang='lat' dir='ltr'><strong>animi</strong></span> <span class='ocrx_word' id='word_1_448' title='bbox 3320 1989 3512 2042; x_wconf 84' lang='lat' dir='ltr'><strong>volun-</strong></span> 
     </span>
    </p>
   </div>
   <div class='ocr_carea' id='block_1_65' title="bbox 1940 2071 3515 2151">
    <p class='ocr_par' dir='ltr' id='par_1_65' title="bbox 1940 2071 3515 2151">
     <span class='ocr_line' id='line_1_65' title="bbox 1940 2071 3515 2151; baseline 0.009 -29"><span class='ocrx_word' id='word_1_449' title='bbox 1940 2076 2072 2135; x_wconf 85' lang='lat' dir='ltr'><strong>tate,</strong></span> <span class='ocrx_word' id='word_1_450' title='bbox 2105 2071 2380 2143; x_wconf 85' lang='lat' dir='ltr'><strong>rectisque</strong></span> <span class='ocrx_word' id='word_1_451' title='bbox 2412 2088 2511 2142; x_wconf 89' lang='lat' dir='ltr'><strong>per</strong></span> <span class='ocrx_word' id='word_1_452' title='bbox 2539 2080 2709 2129; x_wconf 86' lang='lat' dir='ltr'><strong>totam</strong></span> <span class='ocrx_word' id='word_1_453' title='bbox 2745 2076 2913 2130; x_wconf 84' lang='lat' dir='ltr'><strong>vitam</strong></span> <span class='ocrx_word' id='word_1_454' title='bbox 2955 2078 3286 2137; x_wconf 83' lang='lat' dir='ltr'><strong>actionibus.</strong></span> <span class='ocrx_word' id='word_1_455' title='bbox 3328 2079 3515 2151; x_wconf 83' lang='lat' dir='ltr'><strong>Neque</strong></span> 
     </span>
    </p>
   </div>
   <div class='ocr_carea' id='block_1_66' title="bbox 1938 2160 3514 2235">
    <p class='ocr_par' dir='ltr' id='par_1_66' title="bbox 1938 2160 3514 2235">
     <span class='ocr_line' id='line_1_66' title="bbox 1938 2160 3514 2235; baseline 0.008 -21"><span class='ocrx_word' id='word_1_456' title='bbox 1938 2161 2086 2215; x_wconf 65' lang='lat' dir='ltr'><strong>erum</strong></span> <span class='ocrx_word' id='word_1_457' title='bbox 2115 2160 2285 2217; x_wconf 91' lang='lat' dir='ltr'><strong>Deum</strong></span> <span class='ocrx_word' id='word_1_458' title='bbox 2329 2164 2664 2219; x_wconf 86' lang='lat' dir='ltr'><strong>arbitramur</strong></span> <span class='ocrx_word' id='word_1_459' title='bbox 2696 2173 2756 2220; x_wconf 90' lang='lat' dir='ltr'><strong>ut</strong></span> <span class='ocrx_word' id='word_1_460' title='bbox 2796 2167 2981 2222; x_wconf 79' lang='lat' dir='ltr'><strong>verbis</strong></span> <span class='ocrx_word' id='word_1_461' title='bbox 3013 2177 3321 2235; x_wconf 85' lang='lat' dir='ltr'><strong>moneatur,</strong></span> <span class='ocrx_word' id='word_1_462' title='bbox 3364 2170 3514 2226; x_wconf 89' lang='lat' dir='ltr'><strong>indi-</strong></span> 
     </span>
    </p>
   </div>
   <div class='ocr_carea' id='block_1_67' title="bbox 1940 2253 3521 2335">
    <p class='ocr_par' dir='ltr' id='par_1_67' title="bbox 1940 2253 3521 2335">
     <span class='ocr_line' id='line_1_67' title="bbox 1940 2253 3521 2335; baseline 0.009 -28"><span class='ocrx_word' id='word_1_463' title='bbox 1940 2267 2101 2325; x_wconf 74' lang='lat' dir='ltr'><strong>gere;</strong></span> <span class='ocrx_word' id='word_1_464' title='bbox 2133 2253 2230 2310; x_wconf 88' lang='lat' dir='ltr'><strong>sed</strong></span> <span class='ocrx_word' id='word_1_465' title='bbox 2268 2270 2458 2322; x_wconf 89' lang='lat' dir='ltr'><strong>nosse,</strong></span> <span class='ocrx_word' id='word_1_466' title='bbox 2485 2272 2554 2313; x_wconf 88' lang='lat' dir='ltr'><strong>ne</strong></span> <span class='ocrx_word' id='word_1_467' title='bbox 2581 2259 2898 2327; x_wconf 85' lang='lat' dir='ltr'><strong>petentibus</strong></span> <span class='ocrx_word' id='word_1_468' title='bbox 2926 2262 3150 2332; x_wconf 87' lang='lat' dir='ltr'><strong>quidem</strong></span> <span class='ocrx_word' id='word_1_469' title='bbox 3178 2265 3357 2328; x_wconf 88' lang='lat' dir='ltr'><strong>nobis,</strong></span> <span class='ocrx_word' id='word_1_470' title='bbox 3388 2281 3521 2335; x_wconf 65' lang='lat' dir='ltr'><strong>quae</strong></span> 
     </span>
    </p>
   </div>
   <div class='ocr_carea' id='block_1_68' title="bbox 1941 2343 3516 2421">
    <p class='ocr_par' dir='ltr' id='par_1_68' title="bbox 1941 2343 3516 2421">
     <span class='ocr_line' id='line_1_68' title="bbox 1941 2343 3516 2421; baseline 0.008 -23"><span class='ocrx_word' id='word_1_471' title='bbox 1941 2343 2308 2401; x_wconf 74' lang='lat' dir='ltr'><strong>conducibilia</strong></span> <span class='ocrx_word' id='word_1_472' title='bbox 2349 2348 2483 2404; x_wconf 90' lang='lat' dir='ltr'><strong>sint.</strong></span> <span class='ocrx_word' id='word_1_473' title='bbox 2529 2349 2607 2421; x_wconf 84' lang='lat'><strong>(5)</strong></span> <span class='ocrx_word' id='word_1_474' title='bbox 2638 2349 2836 2421; x_wconf 84' lang='lat' dir='ltr'><strong>Utique</strong></span> <span class='ocrx_word' id='word_1_475' title='bbox 2863 2353 3084 2409; x_wconf 86' lang='lat' dir='ltr'><strong>auditus</strong></span> <span class='ocrx_word' id='word_1_476' title='bbox 3126 2354 3353 2412; x_wconf 84' lang='lat' dir='ltr'><strong>divinus</strong></span> <span class='ocrx_word' id='word_1_477' title='bbox 3380 2371 3516 2411; x_wconf 88' lang='lat' dir='ltr'><strong>voce</strong></span> 
     </span>
    </p>
   </div>
   <div class='ocr_carea' id='block_1_69' title="bbox 1941 2437 3514 2518">
    <p class='ocr_par' dir='ltr' id='par_1_69' title="bbox 1941 2437 3514 2518">
     <span class='ocr_line' id='line_1_69' title="bbox 1941 2437 3514 2518; baseline 0.009 -28"><span class='ocrx_word' id='word_1_478' title='bbox 1941 2450 2050 2491; x_wconf 90' lang='lat' dir='ltr'><strong>non</strong></span> <span class='ocrx_word' id='word_1_479' title='bbox 2076 2437 2283 2510; x_wconf 75' lang='lat' dir='ltr'><strong>indiget</strong></span> <span class='ocrx_word' id='word_1_480' title='bbox 2304 2439 2372 2494; x_wconf 88' lang='lat' dir='ltr'><strong>ad</strong></span> <span class='ocrx_word' id='word_1_481' title='bbox 2398 2442 2832 2512; x_wconf 88' lang='lat' dir='ltr'><strong>percipiendum,</strong></span> <span class='ocrx_word' id='word_1_482' title='bbox 2862 2444 3130 2515; x_wconf 82' lang='lat' dir='ltr'><strong>siquidem</strong></span> <span class='ocrx_word' id='word_1_483' title='bbox 3154 2447 3322 2518; x_wconf 83' lang='lat' dir='ltr'><strong>petita</strong></span> <span class='ocrx_word' id='word_1_484' title='bbox 3349 2449 3514 2504; x_wconf 85' lang='lat' dir='ltr'><strong>etiam</strong></span> 
     </span>
    </p>
   </div>
   <div class='ocr_carea' id='block_1_70' title="bbox 1942 2526 3525 2612">
    <p class='ocr_par' dir='ltr' id='par_1_70' title="bbox 1942 2526 3525 2612">
     <span class='ocr_line' id='line_1_70' title="bbox 1942 2526 3525 2612; baseline 0.009 -31"><span class='ocrx_word' id='word_1_485' title='bbox 1942 2526 1997 2582; x_wconf 93' lang='lat' dir='ltr'><strong>in</strong></span> <span class='ocrx_word' id='word_1_486' title='bbox 2024 2529 2208 2586; x_wconf 81' lang='lat' dir='ltr'><strong>cordis</strong></span> <span class='ocrx_word' id='word_1_487' title='bbox 2240 2540 2390 2586; x_wconf 89' lang='lat' dir='ltr'><strong>motu</strong></span> <span class='ocrx_word' id='word_1_488' title='bbox 2417 2547 2751 2604; x_wconf 78' lang='lat' dir='ltr'><strong>cognoscere</strong></span> <span class='ocrx_word' id='word_1_489' title='bbox 2789 2537 2949 2592; x_wconf 87' lang='lat' dir='ltr'><strong>valet.</strong></span> <span class='ocrx_word' id='word_1_490' title='bbox 3002 2537 3196 2595; x_wconf 86' lang='lat' dir='ltr'><strong>Nonne</strong></span> <span class='ocrx_word' id='word_1_491' title='bbox 3235 2540 3347 2596; x_wconf 90' lang='lat' dir='ltr'><strong>scis</strong></span> <span class='ocrx_word' id='word_1_492' title='bbox 3375 2539 3525 2612; x_wconf 48' lang='lat' dir='ltr'><strong>Moyg</strong></span> 
     </span>
    </p>
   </div>
   <div class='ocr_carea' id='block_1_71' title="bbox 1942 2622 3517 2703">
    <p class='ocr_par' dir='ltr' id='par_1_71' title="bbox 1942 2622 3517 2703">
     <span class='ocr_line' id='line_1_71' title="bbox 1942 2622 3517 2703; baseline 0.008 -28"><span class='ocrx_word' id='word_1_493' title='bbox 1942 2635 2062 2689; x_wconf 81' lang='lat' dir='ltr'><strong>seu,</strong></span> <span class='ocrx_word' id='word_1_494' title='bbox 2096 2636 2221 2676; x_wconf 90' lang='lat' dir='ltr'><strong>cum</strong></span> <span class='ocrx_word' id='word_1_495' title='bbox 2268 2622 2402 2678; x_wconf 87' lang='lat' dir='ltr'><strong>nihil</strong></span> <span class='ocrx_word' id='word_1_496' title='bbox 2436 2624 2774 2695; x_wconf 89' lang='lat' dir='ltr'><strong>loqueretur,</strong></span> <span class='ocrx_word' id='word_1_497' title='bbox 2826 2630 2921 2684; x_wconf 86' lang='lat' dir='ltr'><strong>sed</strong></span> <span class='ocrx_word' id='word_1_498' title='bbox 2961 2630 3143 2688; x_wconf 85' lang='lat' dir='ltr'><strong>tacitis</strong></span> <span class='ocrx_word' id='word_1_499' title='bbox 3181 2633 3297 2687; x_wconf 82' lang='lat' dir='ltr'><strong>suis</strong></span> <span class='ocrx_word' id='word_1_500' title='bbox 3336 2632 3517 2703; x_wconf 84' lang='lat' dir='ltr'><strong>suspi-</strong></span> 
     </span>
    </p>
   </div>
   <div class='ocr_carea' id='block_1_72' title="bbox 1943 2712 3521 2789">
    <p class='ocr_par' dir='ltr' id='par_1_72' title="bbox 1943 2712 3521 2789">
     <span class='ocr_line' id='line_1_72' title="bbox 1943 2712 3521 2789; baseline 0.01 -23"><span class='ocrx_word' id='word_1_501' title='bbox 1943 2712 2042 2770; x_wconf 91' lang='lat' dir='ltr'><strong>riis</strong></span> <span class='ocrx_word' id='word_1_502' title='bbox 2089 2712 2378 2775; x_wconf 87' lang='lat' dir='ltr'><strong>Dominum</strong></span> <span class='ocrx_word' id='word_1_503' title='bbox 2431 2716 2825 2789; x_wconf 86' lang='lat' dir='ltr'><strong>interpellaret,</strong></span> <span class='ocrx_word' id='word_1_504' title='bbox 2869 2735 2901 2775; x_wconf 90' lang='lat' dir='ltr'><strong>a</strong></span> <span class='ocrx_word' id='word_1_505' title='bbox 2962 2721 3192 2779; x_wconf 86' lang='lat' dir='ltr'><strong>Domino</strong></span> <span class='ocrx_word' id='word_1_506' title='bbox 3242 2725 3521 2789; x_wconf 73' lang='lat' dir='ltr'><strong>auditum,</strong></span> 
     </span>
    </p>
   </div>
   <div class='ocr_carea' id='block_1_73' title="bbox 1942 2804 3514 2885">
    <p class='ocr_par' dir='ltr' id='par_1_73' title="bbox 1942 2804 3514 2885">
     <span class='ocr_line' id='line_1_73' title="bbox 1942 2804 3514 2885; baseline 0.008 -26"><span class='ocrx_word' id='word_1_507' title='bbox 1942 2804 2201 2861; x_wconf 76' lang='lat' dir='ltr'><strong>dicente:</strong></span> <span class='ocrx_word' id='word_1_508' title='bbox 2235 2806 2377 2873; x_wconf 81' lang='lat' dir='ltr'><strong>Quid</strong></span> <span class='ocrx_word' id='word_1_509' title='bbox 2415 2809 2618 2864; x_wconf 79' lang='lat' dir='ltr'><strong>clamas</strong></span> <span class='ocrx_word' id='word_1_510' title='bbox 2660 2809 2729 2864; x_wconf 84' lang='lat' dir='ltr'><strong>ad</strong></span> <span class='ocrx_word' id='word_1_511' title='bbox 2760 2828 2840 2867; x_wconf 85' lang='lat' dir='ltr'><strong>me</strong></span> <span class='ocrx_word' id='word_1_512' title='bbox 2858 2813 2944 2867; x_wconf 73' lang='lat' dir='ltr'><strong>“‘i</strong></span> <span class='ocrx_word' id='word_1_513' title='bbox 2973 2814 3050 2885; x_wconf 85' lang='lat'><strong>(6)</strong></span> <span class='ocrx_word' id='word_1_514' title='bbox 3082 2814 3189 2882; x_wconf 80' lang='lat' dir='ltr'><strong>Qui</strong></span> <span class='ocrx_word' id='word_1_515' title='bbox 3219 2816 3370 2870; x_wconf 91' lang='lat' dir='ltr'><strong>nulla</strong></span> <span class='ocrx_word' id='word_1_516' title='bbox 3402 2816 3514 2870; x_wconf 87' lang='lat' dir='ltr'><strong>vir-</strong></span> 
     </span>
    </p>
   </div>
   <div class='ocr_carea' id='block_1_74' title="bbox 1943 2893 3517 2965">
    <p class='ocr_par' dir='ltr' id='par_1_74' title="bbox 1943 2893 3517 2965">
     <span class='ocr_line' id='line_1_74' title="bbox 1943 2893 3517 2965; baseline 0.008 -18"><span class='ocrx_word' id='word_1_517' title='bbox 1943 2899 2058 2949; x_wconf 84' lang='lat' dir='ltr'><strong>t-ute</strong></span> <span class='ocrx_word' id='word_1_518' title='bbox 2085 2893 2256 2949; x_wconf 87' lang='lat' dir='ltr'><strong>vitam</strong></span> <span class='ocrx_word' id='word_1_519' title='bbox 2290 2910 2447 2951; x_wconf 91' lang='lat' dir='ltr'><strong>suam</strong></span> <span class='ocrx_word' id='word_1_520' title='bbox 2473 2907 2765 2965; x_wconf 84' lang='lat' dir='ltr'><strong>exornant,</strong></span> <span class='ocrx_word' id='word_1_521' title='bbox 2802 2902 3161 2960; x_wconf 88' lang='lat' dir='ltr'><strong>nihilominus</strong></span> <span class='ocrx_word' id='word_1_522' title='bbox 3183 2910 3363 2960; x_wconf 88' lang='lat' dir='ltr'><strong>tamen</strong></span> <span class='ocrx_word' id='word_1_523' title='bbox 3393 2920 3517 2960; x_wconf 85' lang='lat' dir='ltr'><strong>sese</strong></span> 
     </span>
    </p>
   </div>
   <div class='ocr_carea' id='block_1_75' title="bbox 1942 2984 3512 3066">
    <p class='ocr_par' dir='ltr' id='par_1_75' title="bbox 1942 2984 3512 3066">
     <span class='ocr_line' id='line_1_75' title="bbox 1942 2984 3512 3066; baseline 0.006 -26"><span class='ocrx_word' id='word_1_524' title='bbox 1942 2984 2255 3040; x_wconf 74' lang='lat' dir='ltr'><strong>existimant</strong></span> <span class='ocrx_word' id='word_1_525' title='bbox 2270 2985 2324 3040; x_wconf 92' lang='lat' dir='ltr'><strong>in</strong></span> <span class='ocrx_word' id='word_1_526' title='bbox 2349 3001 2572 3056; x_wconf 88' lang='lat' dir='ltr'><strong>precum</strong></span> <span class='ocrx_word' id='word_1_527' title='bbox 2598 3006 2825 3046; x_wconf 88' lang='lat' dir='ltr'><strong>suarum</strong></span> <span class='ocrx_word' id='word_1_528' title='bbox 2846 2992 3189 3064; x_wconf 79' lang='lat' dir='ltr'><strong>longitudine</strong></span> <span class='ocrx_word' id='word_1_529' title='bbox 3200 2994 3512 3066; x_wconf 84' lang='lat' dir='ltr'><strong>justiﬁcari,</strong></span> 
     </span>
    </p>
   </div>
   <div class='ocr_carea' id='block_1_76' title="bbox 1944 3079 3509 3147">
    <p class='ocr_par' dir='ltr' id='par_1_76' title="bbox 1944 3079 3509 3147">
     <span class='ocr_line' id='line_1_76' title="bbox 1944 3079 3509 3147; baseline 0.003 -13"><span class='ocrx_word' id='word_1_530' title='bbox 1944 3081 2110 3136; x_wconf 87' lang='lat' dir='ltr'><strong>verba</strong></span> <span class='ocrx_word' id='word_1_531' title='bbox 2137 3080 2256 3137; x_wconf 58' lang='lat' dir='ltr'><strong>hinc</strong></span> <span class='ocrx_word' id='word_1_532' title='bbox 2287 3079 2515 3136; x_wconf 85' lang='lat' dir='ltr'><strong>audiant</strong></span> <span class='ocrx_word' id='word_1_533' title='bbox 2549 3100 2562 3137; x_wconf 88' lang='lat'>:</span> <span class='ocrx_word' id='word_1_534' title='bbox 2591 3080 2727 3137; x_wconf 86' lang='lat' dir='ltr'><strong>Cum</strong></span> <span class='ocrx_word' id='word_1_535' title='bbox 2753 3084 3091 3137; x_wconf 75' lang='lat' dir='ltr'><strong>extenderitis</strong></span> <span class='ocrx_word' id='word_1_536' title='bbox 3127 3100 3337 3147; x_wconf 78' lang='lat' dir='ltr'><strong>manus,</strong></span> <span class='ocrx_word' id='word_1_537' title='bbox 3368 3100 3509 3138; x_wconf 77' lang='lat' dir='ltr'><strong>arer-</strong></span> 
     </span>
    </p>
   </div>
   <div class='ocr_carea' id='block_1_77' title="bbox 2833 3175 3516 3244">
    <p class='ocr_par' dir='ltr' id='par_1_77' title="bbox 2833 3175 3516 3244">
     <span class='ocr_line' id='line_1_77' title="bbox 2833 3175 3516 3244; baseline -0.003 -14"><span class='ocrx_word' id='word_1_538' title='bbox 2833 3193 2852 3230; x_wconf 92' lang='lat'><strong><em>:</em></strong></span> <span class='ocrx_word' id='word_1_539' title='bbox 2895 3177 2995 3230; x_wconf 81' lang='lat' dir='ltr'><strong>etsi</strong></span> <span class='ocrx_word' id='word_1_540' title='bbox 3044 3175 3516 3244; x_wconf 74' lang='lat' dir='ltr'><strong>multiplicaveritis</strong></span> 
     </span>
    </p>
   </div>
   <div class='ocr_carea' id='block_1_78' title="bbox 1943 3263 3516 3338">
    <p class='ocr_par' dir='ltr' id='par_1_78' title="bbox 1943 3263 3516 3338">
     <span class='ocr_line' id='line_1_78' title="bbox 1943 3263 3516 3338; baseline 0.003 -19"><span class='ocrx_word' id='word_1_541' title='bbox 1943 3263 2397 3334; x_wconf 73' lang='lat' dir='ltr'><strong>supplicationem,</strong></span> <span class='ocrx_word' id='word_1_542' title='bbox 2437 3283 2540 3321; x_wconf 84' lang='lat' dir='ltr'><strong>non</strong></span> <span class='ocrx_word' id='word_1_543' title='bbox 2589 3266 2875 3321; x_wconf 70' lang='lat' dir='ltr'><strong>exaudiam</strong></span> <span class='ocrx_word' id='word_1_544' title='bbox 2915 3285 3004 3323; x_wconf 77' lang='lat' dir='ltr'><strong>vos</strong></span> <span class='ocrx_word' id='word_1_545' title='bbox 3022 3268 3092 3322; x_wconf 82' lang='grc'>⁸³.</span> <span class='ocrx_word' id='word_1_546' title='bbox 3138 3267 3325 3338; x_wconf 87' lang='lat' dir='ltr'><strong>Neque</strong></span> <span class='ocrx_word' id='word_1_547' title='bbox 3370 3270 3516 3324; x_wconf 87' lang='lat' dir='ltr'><strong>enim</strong></span> 
     </span>
    </p>
   </div>
   <div class='ocr_carea' id='block_1_79' title="bbox 1943 3357 3516 3430">
    <p class='ocr_par' dir='ltr' id='par_1_79' title="bbox 1943 3357 3516 3430">
     <span class='ocr_line' id='line_1_79' title="bbox 1943 3357 3516 3430; baseline 0 -19"><span class='ocrx_word' id='word_1_548' title='bbox 1943 3371 2165 3426; x_wconf 89' lang='lat' dir='ltr'><strong>precum</strong></span> <span class='ocrx_word' id='word_1_549' title='bbox 2190 3357 2355 3412; x_wconf 86' lang='lat' dir='ltr'><strong>verba</strong></span> <span class='ocrx_word' id='word_1_550' title='bbox 2379 3358 2700 3428; x_wconf 86' lang='lat' dir='ltr'><strong>simpliciter</strong></span> <span class='ocrx_word' id='word_1_551' title='bbox 2722 3359 2934 3430; x_wconf 86' lang='lat' dir='ltr'><strong>prolata</strong></span> <span class='ocrx_word' id='word_1_552' title='bbox 2959 3359 3174 3429; x_wconf 86' lang='lat' dir='ltr'><strong>juvant,</strong></span> <span class='ocrx_word' id='word_1_553' title='bbox 3203 3360 3298 3415; x_wconf 89' lang='lat' dir='ltr'><strong>scd</strong></span> <span class='ocrx_word' id='word_1_554' title='bbox 3324 3362 3370 3414; x_wconf 89' lang='lat' dir='ltr'><strong>si</strong></span> <span class='ocrx_word' id='word_1_555' title='bbox 3393 3376 3516 3413; x_wconf 83' lang='lat' dir='ltr'><strong>Clllll</strong></span> 
     </span>
    </p>
   </div>
   <div class='ocr_carea' id='block_1_80' title="bbox 1946 3445 3517 3519">
    <p class='ocr_par' dir='ltr' id='par_1_80' title="bbox 1946 3445 3517 3519">
     <span class='ocr_line' id='line_1_80' title="bbox 1946 3445 3517 3519; baseline 0.001 -18"><span class='ocrx_word' id='word_1_556' title='bbox 1946 3445 2251 3501; x_wconf 88' lang='lat' dir='ltr'><strong>vehementi</strong></span> <span class='ocrx_word' id='word_1_557' title='bbox 2282 3446 2479 3502; x_wconf 75' lang='lat' dir='ltr'><strong>affectu</strong></span> <span class='ocrx_word' id='word_1_558' title='bbox 2507 3448 2921 3519; x_wconf 88' lang='lat' dir='ltr'><strong>depromantur.</strong></span> <span class='ocrx_word' id='word_1_559' title='bbox 2951 3448 3087 3503; x_wconf 87' lang='lat' dir='ltr'><strong>Nam</strong></span> <span class='ocrx_word' id='word_1_560' title='bbox 3118 3459 3173 3504; x_wconf 91' lang='lat' dir='ltr'><strong>et</strong></span> <span class='ocrx_word' id='word_1_561' title='bbox 3206 3448 3517 3504; x_wconf 69' lang='lat' dir='ltr'><strong>Pharisaaus</strong></span> 
     </span>
    </p>
   </div>
   <div class='ocr_carea' id='block_1_81' title="bbox 1945 3537 3520 3611">
    <p class='ocr_par' dir='ltr' id='par_1_81' title="bbox 1945 3537 3520 3611">
     <span class='ocr_line' id='line_1_81' title="bbox 1945 3537 3520 3611; baseline 0.004 -23"><span class='ocrx_word' id='word_1_562' title='bbox 1945 3538 2057 3592; x_wconf 66' lang='lat' dir='ltr'><strong>hac</strong></span> <span class='ocrx_word' id='word_1_563' title='bbox 2091 3537 2228 3607; x_wconf 85' lang='lat' dir='ltr'><strong>apud</strong></span> <span class='ocrx_word' id='word_1_564' title='bbox 2266 3556 2322 3593; x_wconf 80' lang='lat' dir='ltr'><strong>se</strong></span> <span class='ocrx_word' id='word_1_565' title='bbox 2359 3540 2548 3593; x_wconf 88' lang='lat' dir='ltr'><strong>orabat</strong></span> <span class='ocrx_word' id='word_1_566' title='bbox 2568 3541 2638 3605; x_wconf 68' lang='grc'>³⁸,</span> <span class='ocrx_word' id='word_1_567' title='bbox 2691 3555 2797 3595; x_wconf 90' lang='lat' dir='ltr'><strong>non</strong></span> <span class='ocrx_word' id='word_1_568' title='bbox 2828 3541 2972 3611; x_wconf 88' lang='lat' dir='ltr'><strong>apud</strong></span> <span class='ocrx_word' id='word_1_569' title='bbox 3010 3540 3178 3596; x_wconf 89' lang='lat' dir='ltr'><strong>Deum</strong></span> <span class='ocrx_word' id='word_1_570' title='bbox 3213 3556 3227 3595; x_wconf 88' lang='lat'><strong>:</strong></span> <span class='ocrx_word' id='word_1_571' title='bbox 3257 3541 3520 3610; x_wconf 88' lang='lat' dir='ltr'><strong>respicie-</strong></span> 
     </span>
    </p>
   </div>
   <div class='ocr_carea' id='block_1_82' title="bbox 1945 3630 3521 3702">
    <p class='ocr_par' dir='ltr' id='par_1_82' title="bbox 1945 3630 3521 3702">
     <span class='ocr_line' id='line_1_82' title="bbox 1945 3630 3521 3702; baseline 0.002 -18"><span class='ocrx_word' id='word_1_572' title='bbox 1945 3630 2040 3684; x_wconf 88' lang='lat' dir='ltr'><strong>bat</strong></span> <span class='ocrx_word' id='word_1_573' title='bbox 2091 3646 2327 3699; x_wconf 88' lang='lat' dir='ltr'><strong>namque</strong></span> <span class='ocrx_word' id='word_1_574' title='bbox 2383 3632 2450 3685; x_wconf 91' lang='lat' dir='ltr'><strong>ad</strong></span> <span class='ocrx_word' id='word_1_575' title='bbox 2495 3633 2781 3702; x_wconf 88' lang='lat' dir='ltr'><strong>seipsum;</strong></span> <span class='ocrx_word' id='word_1_576' title='bbox 2836 3632 3103 3701; x_wconf 82' lang='lat' dir='ltr'><strong>siquidem</strong></span> <span class='ocrx_word' id='word_1_577' title='bbox 3156 3631 3210 3686; x_wconf 92' lang='lat' dir='ltr'><strong>in</strong></span> <span class='ocrx_word' id='word_1_578' title='bbox 3253 3633 3521 3701; x_wconf 69' lang='lat' dir='ltr'><strong>superbia:</strong></span> 
     </span>
    </p>
   </div>
   <div class='ocr_carea' id='block_1_83' title="bbox 1945 3722 3516 3793">
    <p class='ocr_par' dir='ltr' id='par_1_83' title="bbox 1945 3722 3516 3793">
     <span class='ocr_line' id='line_1_83' title="bbox 1945 3722 3516 3793; baseline 0.002 -16"><span class='ocrx_word' id='word_1_579' title='bbox 1945 3731 2169 3793; x_wconf 90' lang='lat' dir='ltr'><strong>peccato</strong></span> <span class='ocrx_word' id='word_1_580' title='bbox 2211 3724 2558 3779; x_wconf 88' lang='lat' dir='ltr'><strong>versabatur.</strong></span> <span class='ocrx_word' id='word_1_581' title='bbox 2603 3722 2945 3793; x_wconf 83' lang='lat' dir='ltr'><strong>Quapropter</strong></span> <span class='ocrx_word' id='word_1_582' title='bbox 2985 3731 3042 3778; x_wconf 90' lang='lat' dir='ltr'><strong>et</strong></span> <span class='ocrx_word' id='word_1_583' title='bbox 3089 3722 3341 3778; x_wconf 88' lang='lat' dir='ltr'><strong>Salvator</strong></span> <span class='ocrx_word' id='word_1_584' title='bbox 3390 3724 3468 3778; x_wconf 89' lang='lat' dir='ltr'><strong>ait</strong></span> <span class='ocrx_word' id='word_1_585' title='bbox 3501 3743 3516 3780; x_wconf 90' lang='lat'><strong>:</strong></span> 
     </span>
    </p>
   </div>
   <div class='ocr_carea' id='block_1_84' title="bbox 1948 3813 3521 3886">
    <p class='ocr_par' dir='ltr' id='par_1_84' title="bbox 1948 3813 3521 3886">
     <span class='ocr_line' id='line_1_84' title="bbox 1948 3813 3521 3886; baseline 0 -16"><span class='ocrx_word' id='word_1_586' title='bbox 1948 3813 2179 3870; x_wconf 78' lang='lat' dir='ltr'><strong>Orontes</strong></span> <span class='ocrx_word' id='word_1_587' title='bbox 2208 3823 2385 3868; x_wconf 86' lang='lat' dir='ltr'><strong>autem</strong></span> <span class='ocrx_word' id='word_1_588' title='bbox 2413 3813 2576 3869; x_wconf 78' lang='lat' dir='ltr'><strong>nolite</strong></span> <span class='ocrx_word' id='word_1_589' title='bbox 2595 3814 2820 3868; x_wconf 84' lang='lat' dir='ltr'><strong>multum</strong></span> <span class='ocrx_word' id='word_1_590' title='bbox 2842 3815 2987 3886; x_wconf 85' lang='lat' dir='ltr'><strong>loqui</strong></span> <span class='ocrx_word' id='word_1_591' title='bbox 3012 3814 3151 3869; x_wconf 78' lang='lat' dir='ltr'><strong>sicut</strong></span> <span class='ocrx_word' id='word_1_592' title='bbox 3177 3814 3367 3869; x_wconf 84' lang='lat' dir='ltr'><strong>ethnici</strong></span> <span class='ocrx_word' id='word_1_593' title='bbox 3388 3830 3408 3870; x_wconf 91' lang='lat'><strong><em>:</em></strong></span> <span class='ocrx_word' id='word_1_594' title='bbox 3423 3831 3521 3885; x_wconf 66' lang='grc' dir='ltr'>ραι</span> 
     </span>
    </p>
   </div>
   <div class='ocr_carea' id='block_1_85' title="bbox 1947 3904 3524 3977">
    <p class='ocr_par' dir='ltr' id='par_1_85' title="bbox 1947 3904 3524 3977">
     <span class='ocr_line' id='line_1_85' title="bbox 1947 3904 3524 3977; baseline -0.001 -17"><span class='ocrx_word' id='word_1_595' title='bbox 1947 3915 2064 3962; x_wconf 86' lang='lat' dir='ltr'><strong>tant</strong></span> <span class='ocrx_word' id='word_1_596' title='bbox 2105 3907 2246 3961; x_wconf 83' lang='lat' dir='ltr'><strong>enim</strong></span> <span class='ocrx_word' id='word_1_597' title='bbox 2277 3904 2416 3977; x_wconf 85' lang='lat' dir='ltr'><strong>quod</strong></span> <span class='ocrx_word' id='word_1_598' title='bbox 2465 3907 2521 3959; x_wconf 86' lang='lat' dir='ltr'><strong>in</strong></span> <span class='ocrx_word' id='word_1_599' title='bbox 2565 3905 2899 3976; x_wconf 82' lang='lat' dir='ltr'><strong>multiloquio</strong></span> <span class='ocrx_word' id='word_1_600' title='bbox 2931 3922 3028 3960; x_wconf 81' lang='lat' dir='ltr'><strong>suo</strong></span> <span class='ocrx_word' id='word_1_601' title='bbox 3065 3905 3421 3960; x_wconf 72' lang='lat' dir='ltr'><strong>exaudiantur</strong></span> <span class='ocrx_word' id='word_1_602' title='bbox 3439 3907 3524 3975; x_wconf 79' lang='lat'><strong>&quot;;</strong></span> 
     </span>
    </p>
   </div>
   <div class='ocr_carea' id='block_1_86' title="bbox 1945 3995 3518 4067">
    <p class='ocr_par' dir='ltr' id='par_1_86' title="bbox 1945 3995 3518 4067">
     <span class='ocr_line' id='line_1_86' title="bbox 1945 3995 3518 4067; baseline -0.001 -13"><span class='ocrx_word' id='word_1_603' title='bbox 1945 4006 2002 4054; x_wconf 92' lang='lat' dir='ltr'><strong>et</strong></span> <span class='ocrx_word' id='word_1_604' title='bbox 2032 3997 2165 4053; x_wconf 88' lang='lat' dir='ltr'><strong>illud</strong></span> <span class='ocrx_word' id='word_1_605' title='bbox 2200 4015 2213 4051; x_wconf 89' lang='lat'><strong>:</strong></span> <span class='ocrx_word' id='word_1_606' title='bbox 2249 3995 2335 4050; x_wconf 69' lang='lat' dir='ltr'><strong>Em</strong></span> <span class='ocrx_word' id='word_1_607' title='bbox 2369 3996 2708 4067; x_wconf 83' lang='lat' dir='ltr'><strong>multiloquio</strong></span> <span class='ocrx_word' id='word_1_608' title='bbox 2748 4013 2856 4052; x_wconf 84' lang='lat' dir='ltr'><strong>non</strong></span> <span class='ocrx_word' id='word_1_609' title='bbox 2900 3997 3116 4067; x_wconf 76' lang='lat' dir='ltr'><strong>e/fugies</strong></span> <span class='ocrx_word' id='word_1_610' title='bbox 3156 4005 3428 4066; x_wconf 82' lang='lat' dir='ltr'><strong>peccatum</strong></span> <span class='ocrx_word' id='word_1_611' title='bbox 3449 3999 3518 4053; x_wconf 77' lang='grc'><strong>³⁵.</strong></span> 
     </span>
    </p>
   </div>
   <div class='ocr_carea' id='block_1_87' title="bbox 1944 4087 3519 4157">
    <p class='ocr_par' dir='ltr' id='par_1_87' title="bbox 1944 4087 3519 4157">
     <span class='ocr_line' id='line_1_87' title="bbox 1944 4087 3519 4157; baseline 0 -13"><span class='ocrx_word' id='word_1_612' title='bbox 1944 4089 2063 4145; x_wconf 81' lang='lat' dir='ltr'><strong>Hoc</strong></span> <span class='ocrx_word' id='word_1_613' title='bbox 2105 4099 2192 4145; x_wconf 91' lang='lat' dir='ltr'><strong>est</strong></span> <span class='ocrx_word' id='word_1_614' title='bbox 2245 4103 2448 4157; x_wconf 60' lang='lat' dir='ltr'><strong>causa},</strong></span> <span class='ocrx_word' id='word_1_615' title='bbox 2510 4103 2610 4145; x_wconf 90' lang='lat' dir='ltr'><strong>cur</strong></span> <span class='ocrx_word' id='word_1_616' title='bbox 2669 4087 2815 4144; x_wconf 88' lang='lat' dir='ltr'><strong>Deus</strong></span> <span class='ocrx_word' id='word_1_617' title='bbox 2873 4089 3064 4143; x_wconf 88' lang='lat' dir='ltr'><strong>oculos</strong></span> <span class='ocrx_word' id='word_1_618' title='bbox 3114 4095 3344 4154; x_wconf 87' lang='lat' dir='ltr'><strong>avertat,</strong></span> <span class='ocrx_word' id='word_1_619' title='bbox 3393 4104 3519 4144; x_wconf 90' lang='lat' dir='ltr'><strong>cum</strong></span> 
     </span>
    </p>
   </div>
   <div class='ocr_carea' id='block_1_88' title="bbox 1945 4178 3520 4251">
    <p class='ocr_par' dir='ltr' id='par_1_88' title="bbox 1945 4178 3520 4251">
     <span class='ocr_line' id='line_1_88' title="bbox 1945 4178 3520 4251; baseline -0.002 -15"><span class='ocrx_word' id='word_1_620' title='bbox 1945 4180 2546 4247; x_wconf 60' lang='lat' dir='ltr'><strong>extenderint&#39;manus,</strong></span> <span class='ocrx_word' id='word_1_621' title='bbox 2578 4178 2728 4249; x_wconf 88' lang='lat' dir='ltr'><strong>quod</strong></span> <span class='ocrx_word' id='word_1_622' title='bbox 2761 4179 2876 4249; x_wconf 88' lang='lat' dir='ltr'><strong>ipsa</strong></span> <span class='ocrx_word' id='word_1_623' title='bbox 2916 4179 3333 4251; x_wconf 87' lang='lat' dir='ltr'><strong>supplicationis</strong></span> <span class='ocrx_word' id='word_1_624' title='bbox 3376 4195 3520 4251; x_wconf 86' lang='lat' dir='ltr'><strong>sym—</strong></span> 
     </span>
    </p>
   </div>
   <div class='ocr_carea' id='block_1_89' title="bbox 1947 4271 3520 4338">
    <p class='ocr_par' dir='ltr' id='par_1_89' title="bbox 1947 4271 3520 4338">
     <span class='ocr_line' id='line_1_89' title="bbox 1947 4271 3520 4338; baseline -0.001 -9"><span class='ocrx_word' id='word_1_625' title='bbox 1947 4274 2072 4330; x_wconf 88' lang='lat' dir='ltr'><strong>bola</strong></span> <span class='ocrx_word' id='word_1_626' title='bbox 2107 4273 2174 4328; x_wconf 89' lang='lat' dir='ltr'><strong>ad</strong></span> <span class='ocrx_word' id='word_1_627' title='bbox 2209 4271 2537 4327; x_wconf 89' lang='lat' dir='ltr'><strong>irritandum</strong></span> <span class='ocrx_word' id='word_1_628' title='bbox 2587 4274 2739 4328; x_wconf 90' lang='lat' dir='ltr'><strong>illum</strong></span> <span class='ocrx_word' id='word_1_629' title='bbox 2793 4272 2904 4328; x_wconf 91' lang='lat' dir='ltr'><strong>sint</strong></span> <span class='ocrx_word' id='word_1_630' title='bbox 2935 4274 3281 4329; x_wconf 89' lang='lat' dir='ltr'><strong>occasiones.</strong></span> <span class='ocrx_word' id='word_1_631' title='bbox 3321 4271 3520 4338; x_wconf 80' lang='lat' dir='ltr'><strong>Quem-</strong></span> 
     </span>
    </p>
   </div>
   <div class='ocr_carea' id='block_1_90' title="bbox 1948 4361 3517 4434">
    <p class='ocr_par' dir='ltr' id='par_1_90' title="bbox 1948 4361 3517 4434">
     <span class='ocr_line' id='line_1_90' title="bbox 1948 4361 3517 4434; baseline 0.003 -17"><span class='ocrx_word' id='word_1_632' title='bbox 1948 4364 2242 4420; x_wconf 87' lang='lat' dir='ltr'><strong>admodum</strong></span> <span class='ocrx_word' id='word_1_633' title='bbox 2275 4365 2322 4419; x_wconf 90' lang='lat' dir='ltr'><strong>si</strong></span> <span class='ocrx_word' id='word_1_634' title='bbox 2343 4365 2469 4434; x_wconf 90' lang='lat' dir='ltr'><strong>quis</strong></span> <span class='ocrx_word' id='word_1_635' title='bbox 2489 4363 2750 4419; x_wconf 87' lang='lat' dir='ltr'><strong>dilectum</strong></span> <span class='ocrx_word' id='word_1_636' title='bbox 2778 4364 3007 4419; x_wconf 90' lang='lat' dir='ltr'><strong>alterius</strong></span> <span class='ocrx_word' id='word_1_637' title='bbox 3036 4363 3206 4417; x_wconf 85' lang='lat' dir='ltr'><strong>ﬁlium</strong></span> <span class='ocrx_word' id='word_1_638' title='bbox 3237 4361 3517 4421; x_wconf 80' lang='lat' dir='ltr'><strong>occiderit.</strong></span> 
     </span>
    </p>
   </div>
   <div class='ocr_carea' id='block_1_91' title="bbox 274 4451 1842 4532">
    <p class='ocr_par' dir='ltr' id='par_1_91' title="bbox 274 4451 1842 4532">
     <span class='ocr_line' id='line_1_91' title="bbox 274 4451 1842 4532; baseline -0.006 -18"><span class='ocrx_word' id='word_1_639' title='bbox 274 4458 522 4532; x_wconf 83' lang='grc' dir='ltr'>σύμϐολα</span> <span class='ocrx_word' id='word_1_640' title='bbox 564 4453 915 4528; x_wconf 80' lang='grc' dir='ltr'>παροξυσμοῦ</span> <span class='ocrx_word' id='word_1_641' title='bbox 963 4454 1103 4507; x_wconf 80' lang='grc' dir='ltr'>εἰσιν</span> <span class='ocrx_word' id='word_1_642' title='bbox 1149 4451 1416 4524; x_wconf 86' lang='grc' dir='ltr'>ἀφορμαί.</span> <span class='ocrx_word' id='word_1_643' title='bbox 1461 4453 1674 4523; x_wconf 82' lang='grc' dir='ltr'>Ὥσπερ</span> <span class='ocrx_word' id='word_1_644' title='bbox 1708 4453 1773 4506; x_wconf 86' lang='grc' dir='ltr'>ἂν</span> <span class='ocrx_word' id='word_1_645' title='bbox 1798 4453 1842 4505; x_wconf 72' lang='grc' dir='ltr'>εξ</span> 
     </span>
    </p>
   </div>
   <div class='ocr_carea' id='block_1_92' title="bbox 1944 4451 3524 4532">
    <p class='ocr_par' dir='ltr' id='par_1_92' title="bbox 1949 4455 3524 4513">
     <span class='ocr_line' id='line_1_92' title="bbox 1949 4455 3524 4513; baseline -0.001 -3"><span class='ocrx_word' id='word_1_646' title='bbox 1949 4471 2014 4511; x_wconf 88' lang='lat' dir='ltr'><strong>ac</strong></span> <span class='ocrx_word' id='word_1_647' title='bbox 2054 4471 2250 4513; x_wconf 89' lang='lat' dir='ltr'><strong>manus</strong></span> <span class='ocrx_word' id='word_1_648' title='bbox 2287 4471 2418 4510; x_wconf 86' lang='lat' dir='ltr'><strong>suas</strong></span> <span class='ocrx_word' id='word_1_649' title='bbox 2448 4455 2629 4511; x_wconf 91' lang='lat' dir='ltr'><strong>adhuc</strong></span> <span class='ocrx_word' id='word_1_650' title='bbox 2657 4463 2983 4513; x_wconf 88' lang='lat' dir='ltr'><strong>cruentatas</strong></span> <span class='ocrx_word' id='word_1_651' title='bbox 3012 4455 3080 4510; x_wconf 90' lang='lat' dir='ltr'><strong>ad</strong></span> <span class='ocrx_word' id='word_1_652' title='bbox 3117 4456 3391 4512; x_wconf 79' lang='lat' dir='ltr'><strong>infensum</strong></span> <span class='ocrx_word' id='word_1_653' title='bbox 3417 4456 3524 4511; x_wconf 83' lang='lat' dir='ltr'><strong>sibi</strong></span> 
     </span>
    </p>
   </div>
   <div class='ocr_carea' id='block_1_93' title="bbox 270 4543 1846 4618">
    <p class='ocr_par' dir='ltr' id='par_1_93' title="bbox 270 4543 1846 4618">
     <span class='ocr_line' id='line_1_93' title="bbox 270 4543 1846 4618; baseline -0.007 -11"><span class='ocrx_word' id='word_1_654' title='bbox 270 4571 357 4615; x_wconf 87' lang='grc' dir='ltr'><strong>τις</strong></span> <span class='ocrx_word' id='word_1_655' title='bbox 395 4550 509 4605; x_wconf 86' lang='grc' dir='ltr'>υἱόν</span> <span class='ocrx_word' id='word_1_656' title='bbox 544 4565 688 4613; x_wconf 88' lang='grc' dir='ltr'>τινος</span> <span class='ocrx_word' id='word_1_657' title='bbox 730 4546 995 4618; x_wconf 84' lang='grc' dir='ltr'>φονεύσας</span> <span class='ocrx_word' id='word_1_658' title='bbox 1039 4545 1344 4616; x_wconf 80' lang='grc' dir='ltr'>ἀγαπητὸν,</span> <span class='ocrx_word' id='word_1_659' title='bbox 1389 4543 1469 4598; x_wconf 77' lang='grc' dir='ltr'>ἔτι</span> <span class='ocrx_word' id='word_1_660' title='bbox 1521 4545 1846 4615; x_wconf 76' lang='grc' dir='ltr'>ᾑμαγμένας</span> 
     </span>
    </p>
   </div>
   <div class='ocr_carea' id='block_1_94' title="bbox 270 4634 1846 4715">
    <p class='ocr_par' dir='ltr' id='par_1_94' title="bbox 270 4634 1846 4715">
     <span class='ocr_line' id='line_1_94' title="bbox 270 4634 1846 4715; baseline -0.01 -15"><span class='ocrx_word' id='word_1_661' title='bbox 270 4646 373 4709; x_wconf 85' lang='grc' dir='ltr'>τὰς</span> <span class='ocrx_word' id='word_1_662' title='bbox 413 4645 601 4715; x_wconf 78' lang='grc' dir='ltr'>χεῖρας</span> <span class='ocrx_word' id='word_1_663' title='bbox 634 4640 795 4711; x_wconf 80' lang='grc' dir='ltr'>ἔχων,</span> <span class='ocrx_word' id='word_1_664' title='bbox 836 4636 1106 4709; x_wconf 84' lang='grc' dir='ltr'>προτείνοι</span> <span class='ocrx_word' id='word_1_665' title='bbox 1141 4636 1311 4698; x_wconf 84' lang='grc' dir='ltr'>αὑτὰς</span> <span class='ocrx_word' id='word_1_666' title='bbox 1357 4634 1435 4705; x_wconf 83' lang='grc' dir='ltr'>τῷ</span> <span class='ocrx_word' id='word_1_667' title='bbox 1475 4635 1644 4707; x_wconf 69' lang='grc' dir='ltr'>πατρὶ</span> <span class='ocrx_word' id='word_1_668' title='bbox 1687 4634 1846 4706; x_wconf 86' lang='grc' dir='ltr'>χαλε-</span> 
     </span>
    </p>
   </div>
   <div class='ocr_carea' id='block_1_95' title="bbox 274 4722 1846 4799">
    <p class='ocr_par' dir='ltr' id='par_1_95' title="bbox 274 4722 1846 4799">
     <span class='ocr_line' id='line_1_95' title="bbox 274 4722 1846 4799; baseline -0.007 -9"><span class='ocrx_word' id='word_1_669' title='bbox 274 4736 543 4799; x_wconf 86' lang='grc' dir='ltr'>παίνοντι,</span> <span class='ocrx_word' id='word_1_670' title='bbox 583 4732 760 4798; x_wconf 77' lang='grc' dir='ltr'>δεξιὰν</span> <span class='ocrx_word' id='word_1_671' title='bbox 798 4729 978 4799; x_wconf 82' lang='grc' dir='ltr'>φιλίας</span> <span class='ocrx_word' id='word_1_672' title='bbox 1018 4727 1357 4798; x_wconf 78' lang='grc' dir='ltr'><strong>αἰτούμενος⁸</strong></span> <span class='ocrx_word' id='word_1_673' title='bbox 1391 4722 1481 4799; x_wconf 80' lang='grc' dir='ltr'><strong>ἆρ’</strong></span> <span class='ocrx_word' id='word_1_674' title='bbox 1519 4726 1643 4797; x_wconf 75' lang='grc' dir='ltr'>οὑχὶ</span> <span class='ocrx_word' id='word_1_675' title='bbox 1681 4726 1846 4795; x_wconf 79' lang='grc' dir='ltr'>φανὲν</span> 
     </span>
    </p>
   </div>
   <div class='ocr_carea' id='block_1_96' title="bbox 271 4817 1846 4896">
    <p class='ocr_par' dir='ltr' id='par_1_96' title="bbox 271 4817 1846 4896">
     <span class='ocr_line' id='line_1_96' title="bbox 271 4817 1846 4896; baseline -0.01 -10"><span class='ocrx_word' id='word_1_676' title='bbox 271 4830 370 4886; x_wconf 84' lang='grc' dir='ltr'><strong>τοῦ</strong></span> <span class='ocrx_word' id='word_1_677' title='bbox 397 4829 586 4883; x_wconf 77' lang='grc' dir='ltr'>τέκνου</span> <span class='ocrx_word' id='word_1_678' title='bbox 612 4826 672 4878; x_wconf 83' lang='grc' dir='ltr'><strong>τὸ</strong></span> <span class='ocrx_word' id='word_1_679' title='bbox 697 4819 836 4896; x_wconf 76' lang='grc' dir='ltr'>αἷμα</span> <span class='ocrx_word' id='word_1_680' title='bbox 868 4824 926 4876; x_wconf 81' lang='grc' dir='ltr'>ὲν</span> <span class='ocrx_word' id='word_1_681' title='bbox 953 4824 1018 4894; x_wconf 78' lang='grc' dir='ltr'>τῇ</span> <span class='ocrx_word' id='word_1_682' title='bbox 1051 4821 1199 4892; x_wconf 69' lang='grc' dir='ltr'>χειρὶ</span> <span class='ocrx_word' id='word_1_683' title='bbox 1222 4818 1318 4872; x_wconf 89' lang='grc' dir='ltr'><strong>τοῦ</strong></span> <span class='ocrx_word' id='word_1_684' title='bbox 1348 4817 1672 4887; x_wconf 75' lang='grc' dir='ltr'>παιδοφόνον</span> <span class='ocrx_word' id='word_1_685' title='bbox 1710 4818 1846 4889; x_wconf 81' lang='grc' dir='ltr'><strong>μᾶλ-</strong></span> 
     </span>
    </p>
   </div>
   <div class='ocr_carea' id='block_1_97' title="bbox 272 4909 1846 4990">
    <p class='ocr_par' dir='ltr' id='par_1_97' title="bbox 272 4909 1846 4990">
     <span class='ocr_line' id='line_1_97' title="bbox 272 4909 1846 4990; baseline -0.009 -13"><span class='ocrx_word' id='word_1_686' title='bbox 272 4924 367 4977; x_wconf 85' lang='grc' dir='ltr'><strong>λον</strong></span> <span class='ocrx_word' id='word_1_687' title='bbox 397 4922 478 4984; x_wconf 89' lang='grc' dir='ltr'><strong>εἰς</strong></span> <span class='ocrx_word' id='word_1_688' title='bbox 512 4917 681 4990; x_wconf 80' lang='grc' dir='ltr'>ὀργὴν</span> <span class='ocrx_word' id='word_1_689' title='bbox 709 4916 800 4970; x_wconf 85' lang='grc' dir='ltr'><strong>τὸν</strong></span> <span class='ocrx_word' id='word_1_690' title='bbox 832 4913 1160 4985; x_wconf 77' lang='grc' dir='ltr'>ἠδικημένον</span> <span class='ocrx_word' id='word_1_691' title='bbox 1189 4910 1428 4982; x_wconf 83' lang='grc' dir='ltr'>ἐγείροι;</span> <span class='ocrx_word' id='word_1_692' title='bbox 1456 4909 1714 4964; x_wconf 86' lang='grc' dir='ltr'>Τοιαῦταί</span> <span class='ocrx_word' id='word_1_693' title='bbox 1739 4912 1846 4963; x_wconf 88' lang='grc' dir='ltr'>εἰσι</span> 
     </span>
    </p>
   </div>
   <div class='ocr_carea' id='block_1_98' title="bbox 273 5001 1847 5076">
    <p class='ocr_par' dir='ltr' id='par_1_98' title="bbox 273 5001 1847 5076">
     <span class='ocr_line' id='line_1_98' title="bbox 273 5001 1847 5076; baseline -0.01 -7"><span class='ocrx_word' id='word_1_694' title='bbox 273 5014 370 5069; x_wconf 70' lang='grc' dir='ltr'><strong>καὶ</strong></span> <span class='ocrx_word' id='word_1_695' title='bbox 392 5015 448 5067; x_wconf 84' lang='grc' dir='ltr'><strong>αἰ</strong></span> <span class='ocrx_word' id='word_1_696' title='bbox 474 5011 582 5064; x_wconf 81' lang='grc' dir='ltr'><strong>τῶν</strong></span> <span class='ocrx_word' id='word_1_697' title='bbox 613 5008 883 5063; x_wconf 83' lang='grc' dir='ltr'>Ἰουδαίων</span> <span class='ocrx_word' id='word_1_698' title='bbox 918 5005 1095 5076; x_wconf 73' lang='grc' dir='ltr'>εὐχαὶ,</span> <span class='ocrx_word' id='word_1_699' title='bbox 1126 5004 1253 5057; x_wconf 82' lang='grc' dir='ltr'>ὅταν</span> <span class='ocrx_word' id='word_1_700' title='bbox 1290 5002 1573 5056; x_wconf 71' lang='grc' dir='ltr'>ἐκτείνωσι</span> <span class='ocrx_word' id='word_1_701' title='bbox 1598 5001 1700 5065; x_wconf 76' lang='grc' dir='ltr'>τὰς</span> <span class='ocrx_word' id='word_1_702' title='bbox 1737 5005 1847 5070; x_wconf 56' lang='grc' dir='ltr'>χεῖ-</span> 
     </span>
    </p>
   </div>
   <div class='ocr_carea' id='block_1_99' title="bbox 276 5091 1849 5181">
    <p class='ocr_par' dir='ltr' id='par_1_99' title="bbox 276 5091 1849 5181">
     <span class='ocr_line' id='line_1_99' title="bbox 276 5091 1849 5181; baseline -0.009 -24"><span class='ocrx_word' id='word_1_703' title='bbox 276 5122 380 5181; x_wconf 87' lang='grc' dir='ltr'><strong>ρας</strong></span> <span class='ocrx_word' id='word_1_704' title='bbox 409 5103 509 5173; x_wconf 79' lang='grc' dir='ltr'><strong>τῆς</strong></span> <span class='ocrx_word' id='word_1_705' title='bbox 545 5103 625 5164; x_wconf 90' lang='grc' dir='ltr'><strong>εἰς</strong></span> <span class='ocrx_word' id='word_1_706' title='bbox 653 5099 745 5153; x_wconf 81' lang='grc' dir='ltr'><strong>τὸν</strong></span> <span class='ocrx_word' id='word_1_707' title='bbox 776 5096 1038 5170; x_wconf 85' lang='grc' dir='ltr'>μονογενῆ</span> <span class='ocrx_word' id='word_1_708' title='bbox 1076 5093 1205 5146; x_wconf 84' lang='grc' dir='ltr'>Υἰδν</span> <span class='ocrx_word' id='word_1_709' title='bbox 1239 5091 1515 5164; x_wconf 83' lang='grc' dir='ltr'>ἁμαρτίας</span> <span class='ocrx_word' id='word_1_710' title='bbox 1540 5093 1849 5163; x_wconf 81' lang='grc' dir='ltr'>ἀναμιμνη-</span> 
     </span>
    </p>
   </div>
   <div class='ocr_carea' id='block_1_100' title="bbox 275 5183 1847 5259">
    <p class='ocr_par' dir='ltr' id='par_1_100' title="bbox 275 5183 1847 5259">
     <span class='ocr_line' id='line_1_100' title="bbox 275 5183 1847 5259; baseline -0.009 -6"><span class='ocrx_word' id='word_1_711' title='bbox 275 5200 518 5252; x_wconf 85' lang='grc' dir='ltr'>σκόντων</span> <span class='ocrx_word' id='word_1_712' title='bbox 557 5193 649 5249; x_wconf 76' lang='grc' dir='ltr'><strong>τὸν</strong></span> <span class='ocrx_word' id='word_1_713' title='bbox 691 5191 825 5245; x_wconf 86' lang='grc' dir='ltr'>Θεὸν</span> <span class='ocrx_word' id='word_1_714' title='bbox 869 5190 962 5243; x_wconf 82' lang='grc' dir='ltr'><strong>καί</strong></span> <span class='ocrx_word' id='word_1_715' title='bbox 1007 5186 1249 5259; x_wconf 83' lang='grc' dir='ltr'>Πατέρα,</span> <span class='ocrx_word' id='word_1_716' title='bbox 1293 5184 1388 5238; x_wconf 80' lang='grc' dir='ltr'><strong>καὶ</strong></span> <span class='ocrx_word' id='word_1_717' title='bbox 1441 5183 1564 5238; x_wconf 83' lang='grc' dir='ltr'>καθ’</span> <span class='ocrx_word' id='word_1_718' title='bbox 1609 5185 1847 5255; x_wconf 72' lang='grc' dir='ltr'>ἑκάστην</span> 
     </span>
    </p>
   </div>
   <div class='ocr_carea' id='block_1_101' title="bbox 350 5324 1457 5398">
    <p class='ocr_par' dir='ltr' id='par_1_101' title="bbox 350 5324 1457 5398">
     <span class='ocr_line' id='line_1_101' title="bbox 350 5324 1457 5398; baseline -0.009 -10"><span class='ocrx_word' id='word_1_719' title='bbox 350 5336 396 5367; x_wconf 80' lang='grc' dir='ltr'><strong>⁸ο</strong></span> <span class='ocrx_word' id='word_1_720' title='bbox 432 5333 471 5387; x_wconf 91' lang='lat' dir='ltr'><strong>ll</strong></span> <span class='ocrx_word' id='word_1_721' title='bbox 495 5334 622 5389; x_wconf 83' lang='lat' dir='ltr'><strong>Cor.</strong></span> <span class='ocrx_word' id='word_1_722' title='bbox 648 5348 725 5398; x_wconf 74' lang='lat' dir='ltr'><strong>vr,</strong></span> <span class='ocrx_word' id='word_1_723' title='bbox 761 5331 847 5386; x_wconf 85' lang='grc'>17.</span> <span class='ocrx_word' id='word_1_724' title='bbox 945 5329 989 5361; x_wconf 85' lang='grc'>⁸¹</span> <span class='ocrx_word' id='word_1_725' title='bbox 1019 5325 1179 5383; x_wconf 83' lang='grc' dir='ltr'>Νυηι.</span> <span class='ocrx_word' id='word_1_726' title='bbox 1210 5342 1338 5393; x_wconf 75' lang='lat' dir='ltr'><strong>xxv,</strong></span> <span class='ocrx_word' id='word_1_727' title='bbox 1370 5324 1457 5379; x_wconf 85' lang='grc'><strong>11.</strong></span> 
     </span>
    </p>
   </div>
   <div class='ocr_carea' id='block_1_102' title="bbox 274 5399 989 5468">
    <p class='ocr_par' dir='ltr' id='par_1_102' title="bbox 274 5399 989 5468">
     <span class='ocr_line' id='line_1_102' title="bbox 274 5399 989 5468; baseline -0.01 -8"><span class='ocrx_word' id='word_1_728' title='bbox 274 5421 358 5468; x_wconf 83' lang='lat' dir='ltr'><strong>vl,</strong></span> <span class='ocrx_word' id='word_1_729' title='bbox 393 5406 451 5460; x_wconf 90' lang='lat'><strong>7.</strong></span> <span class='ocrx_word' id='word_1_730' title='bbox 523 5405 572 5436; x_wconf 83' lang='grc'><strong>⁸⁸</strong></span> <span class='ocrx_word' id='word_1_731' title='bbox 619 5402 782 5458; x_wconf 87' lang='lat' dir='ltr'><strong>Prov.</strong></span> <span class='ocrx_word' id='word_1_732' title='bbox 814 5418 871 5462; x_wconf 70' lang='grc' dir='ltr'><strong>ι.</strong></span> <span class='ocrx_word' id='word_1_733' title='bbox 899 5399 989 5454; x_wconf 84' lang='grc'><strong>19.</strong></span> 
     </span>
    </p>
   </div>
   <div class='ocr_carea' id='block_1_103' title="bbox 351 5507 1718 5586">
    <p class='ocr_par' dir='ltr' id='par_1_103' title="bbox 351 5507 1718 5586">
     <span class='ocr_line' id='line_1_103' title="bbox 351 5507 1718 5586; baseline -0.004 -17"><span class='ocrx_word' id='word_1_734' title='bbox 351 5514 431 5586; x_wconf 92' lang='lat' dir='ltr'><strong>(l)</strong></span> <span class='ocrx_word' id='word_1_735' title='bbox 476 5516 927 5586; x_wconf 71' lang='grc' dir='ltr'>Ἑντελλόμεᾷα.</span> <span class='ocrx_word' id='word_1_736' title='bbox 959 5512 1258 5586; x_wconf 47' lang='lat' dir='ltr'><strong>Contentus</strong></span> <span class='ocrx_word' id='word_1_737' title='bbox 1283 5507 1718 5586; x_wconf 78' lang='grc' dir='ltr'>διαστελλόμεθα.</span> 
     </span>
    </p>
   </div>
   <div class='ocr_carea' id='block_1_104' title="bbox 356 5579 1855 5659">
    <p class='ocr_par' dir='ltr' id='par_1_104' title="bbox 356 5579 1855 5659">
     <span class='ocr_line' id='line_1_104' title="bbox 356 5579 1855 5659; baseline -0.007 -19"><span class='ocrx_word' id='word_1_738' title='bbox 356 5579 433 5659; x_wconf 70' lang='lat'><strong>(2)</strong></span> <span class='ocrx_word' id='word_1_739' title='bbox 461 5585 572 5659; x_wconf 78' lang='grc' dir='ltr'>Τοῦ</span> <span class='ocrx_word' id='word_1_740' title='bbox 597 5579 1093 5654; x_wconf 63' lang='grc' dir='ltr'>ἀποστρέφεσθαι.</span> <span class='ocrx_word' id='word_1_741' title='bbox 1119 5581 1255 5635; x_wconf 81' lang='lat' dir='ltr'><strong>Male</strong></span> <span class='ocrx_word' id='word_1_742' title='bbox 1286 5581 1340 5634; x_wconf 90' lang='lat' dir='ltr'><strong>in</strong></span> <span class='ocrx_word' id='word_1_743' title='bbox 1366 5579 1616 5636; x_wconf 78' lang='lat' dir='ltr'><strong>contextu</strong></span> <span class='ocrx_word' id='word_1_744' title='bbox 1638 5579 1698 5634; x_wconf 72' lang='grc' dir='ltr'>τὸ</span> <span class='ocrx_word' id='word_1_745' title='bbox 1723 5581 1855 5634; x_wconf 77' lang='grc' dir='ltr'>ἁπο-</span> 
     </span>
    </p>
   </div>
   <div class='ocr_carea' id='block_1_105' title="bbox 282 5655 1255 5799">
    <p class='ocr_par' dir='ltr' id='par_1_105' title="bbox 282 5655 1255 5799">
     <span class='ocr_line' id='line_1_105' title="bbox 282 5655 626 5728; baseline 0.006 -20"><span class='ocrx_word' id='word_1_746' title='bbox 282 5655 626 5728; x_wconf 82' lang='grc' dir='ltr'>στρέφεσθαι.</span> 
     </span>
     <span class='ocr_line' id='line_1_106' title="bbox 361 5719 1255 5799; baseline -0.007 -21"><span class='ocrx_word' id='word_1_747' title='bbox 361 5729 438 5799; x_wconf 61' lang='grc' dir='ltr'><strong>(ἦ)</strong></span> <span class='ocrx_word' id='word_1_748' title='bbox 472 5725 545 5779; x_wconf 78' lang='lat' dir='ltr'><strong>Ex</strong></span> <span class='ocrx_word' id='word_1_749' title='bbox 590 5726 736 5781; x_wconf 86' lang='lat' dir='ltr'><strong>hom.</strong></span> <span class='ocrx_word' id='word_1_750' title='bbox 768 5724 821 5779; x_wconf 86' lang='lat' dir='ltr'><strong>in</strong></span> <span class='ocrx_word' id='word_1_751' title='bbox 851 5722 1102 5786; x_wconf 80' lang='lat' dir='ltr'><strong>ebriosos,</strong></span> <span class='ocrx_word' id='word_1_752' title='bbox 1135 5719 1255 5775; x_wconf 78' lang='grc'>150.</span> 
     </span>
    </p>
   </div>
   <div class='ocr_carea' id='block_1_106' title="bbox 1557 5323 2078 5394">
    <p class='ocr_par' dir='ltr' id='par_1_106' title="bbox 1557 5323 2078 5394">
     <span class='ocr_line' id='line_1_107' title="bbox 1557 5323 2078 5394; baseline 0.012 -18"><span class='ocrx_word' id='word_1_753' title='bbox 1557 5324 1603 5357; x_wconf 76' lang='grc'><strong><em>³³</em></strong></span> <span class='ocrx_word' id='word_1_754' title='bbox 1639 5323 1812 5380; x_wconf 78' lang='lat' dir='ltr'><strong>Exod.</strong></span> <span class='ocrx_word' id='word_1_755' title='bbox 1851 5341 1962 5394; x_wconf 76' lang='lat' dir='ltr'><strong>xiv,</strong></span> <span class='ocrx_word' id='word_1_756' title='bbox 1987 5325 2078 5382; x_wconf 85' lang='grc'>15.</span> 
     </span>
    </p>
   </div>
   <div class='ocr_carea' id='block_1_107' title="bbox 1947 4545 3518 4618">
    <p class='ocr_par' dir='ltr' id='par_1_107' title="bbox 1947 4545 3518 4618">
     <span class='ocr_line' id='line_1_108' title="bbox 1947 4545 3518 4618; baseline 0.001 -18"><span class='ocrx_word' id='word_1_757' title='bbox 1947 4554 2156 4616; x_wconf 90' lang='lat' dir='ltr'><strong>patrem</strong></span> <span class='ocrx_word' id='word_1_758' title='bbox 2199 4547 2535 4617; x_wconf 64' lang='lat' dir='ltr'><strong>eatporrigat,</strong></span> <span class='ocrx_word' id='word_1_759' title='bbox 2587 4545 2983 4617; x_wconf 78' lang='lat' dir='ltr'><strong>dexteramque</strong></span> <span class='ocrx_word' id='word_1_760' title='bbox 3029 4546 3282 4618; x_wconf 80' lang='lat' dir='ltr'><strong>emagitet</strong></span> <span class='ocrx_word' id='word_1_761' title='bbox 3332 4547 3518 4601; x_wconf 87' lang='lat' dir='ltr'><strong>amici-</strong></span> 
     </span>
    </p>
   </div>
   <div class='ocr_carea' id='block_1_108' title="bbox 1948 4636 3525 4708">
    <p class='ocr_par' dir='ltr' id='par_1_108' title="bbox 1948 4636 3525 4708">
     <span class='ocr_line' id='line_1_109' title="bbox 1948 4636 3525 4708; baseline 0.001 -17"><span class='ocrx_word' id='word_1_762' title='bbox 1948 4638 2074 4705; x_wconf 69' lang='lat' dir='ltr'><strong>tiae;</strong></span> <span class='ocrx_word' id='word_1_763' title='bbox 2109 4652 2290 4692; x_wconf 90' lang='lat' dir='ltr'><strong>nonne</strong></span> <span class='ocrx_word' id='word_1_764' title='bbox 2308 4639 2536 4708; x_wconf 78' lang='lat' dir='ltr'><strong>sanguis</strong></span> <span class='ocrx_word' id='word_1_765' title='bbox 2564 4636 2660 4692; x_wconf 85' lang='lat' dir='ltr'><strong>ﬁlii</strong></span> <span class='ocrx_word' id='word_1_766' title='bbox 2686 4638 2739 4691; x_wconf 91' lang='lat' dir='ltr'><strong>in</strong></span> <span class='ocrx_word' id='word_1_767' title='bbox 2771 4637 2944 4708; x_wconf 86' lang='lat' dir='ltr'><strong>ipsius</strong></span> <span class='ocrx_word' id='word_1_768' title='bbox 2966 4637 3336 4694; x_wconf 83' lang='lat' dir='ltr'><strong>interfectoris</strong></span> <span class='ocrx_word' id='word_1_769' title='bbox 3356 4652 3525 4693; x_wconf 83' lang='lat' dir='ltr'><strong>manu</strong></span> 
     </span>
    </p>
   </div>
   <div class='ocr_carea' id='block_1_109' title="bbox 1948 4727 3525 4799">
    <p class='ocr_par' dir='ltr' id='par_1_109' title="bbox 1948 4727 3525 4799">
     <span class='ocr_line' id='line_1_110' title="bbox 1948 4727 3525 4799; baseline 0 -18"><span class='ocrx_word' id='word_1_770' title='bbox 1948 4742 2219 4799; x_wconf 83' lang='lat' dir='ltr'><strong>apparens</strong></span> <span class='ocrx_word' id='word_1_771' title='bbox 2256 4735 2472 4799; x_wconf 85' lang='lat' dir='ltr'><strong>patrem</strong></span> <span class='ocrx_word' id='word_1_772' title='bbox 2517 4728 2721 4798; x_wconf 88' lang='lat' dir='ltr'><strong>injuria</strong></span> <span class='ocrx_word' id='word_1_773' title='bbox 2768 4727 3021 4785; x_wconf 79' lang='lat' dir='ltr'><strong>aﬂ&#39;ectum</strong></span> <span class='ocrx_word' id='word_1_774' title='bbox 3070 4729 3254 4784; x_wconf 88' lang='lat' dir='ltr'><strong>acrius</strong></span> <span class='ocrx_word' id='word_1_775' title='bbox 3294 4743 3525 4799; x_wconf 80' lang='lat' dir='ltr'><strong>exaspe-</strong></span> 
     </span>
    </p>
   </div>
   <div class='ocr_carea' id='block_1_110' title="bbox 1947 4817 3522 4890">
    <p class='ocr_par' dir='ltr' id='par_1_110' title="bbox 1947 4817 3522 4890">
     <span class='ocr_line' id='line_1_111' title="bbox 1947 4817 3522 4890; baseline 0.001 -17"><span class='ocrx_word' id='word_1_776' title='bbox 1947 4819 2079 4874; x_wconf 76' lang='lat' dir='ltr'><strong>rat?</strong></span> <span class='ocrx_word' id='word_1_777' title='bbox 2119 4818 2400 4888; x_wconf 86' lang='lat' dir='ltr'><strong>Ejusmodi</strong></span> <span class='ocrx_word' id='word_1_778' title='bbox 2452 4829 2583 4876; x_wconf 88' lang='lat' dir='ltr'><strong>sunt</strong></span> <span class='ocrx_word' id='word_1_779' title='bbox 2619 4817 2931 4876; x_wconf 55' lang='lat' dir='ltr'><strong>Iudaeorum</strong></span> <span class='ocrx_word' id='word_1_780' title='bbox 2978 4834 3206 4890; x_wconf 89' lang='lat' dir='ltr'><strong>preces;</strong></span> <span class='ocrx_word' id='word_1_781' title='bbox 3255 4819 3522 4890; x_wconf 89' lang='lat' dir='ltr'><strong>siquidem</strong></span> 
     </span>
    </p>
   </div>
   <div class='ocr_carea' id='block_1_111' title="bbox 1949 4911 3522 4983">
    <p class='ocr_par' dir='ltr' id='par_1_111' title="bbox 1949 4911 3522 4983">
     <span class='ocr_line' id='line_1_112' title="bbox 1949 4911 3522 4983; baseline 0.002 -19"><span class='ocrx_word' id='word_1_782' title='bbox 1949 4926 2074 4967; x_wconf 88' lang='lat' dir='ltr'><strong>cum</strong></span> <span class='ocrx_word' id='word_1_783' title='bbox 2122 4912 2425 4967; x_wconf 76' lang='lat' dir='ltr'><strong>extendunt</strong></span> <span class='ocrx_word' id='word_1_784' title='bbox 2470 4927 2689 4977; x_wconf 89' lang='lat' dir='ltr'><strong>manus,</strong></span> <span class='ocrx_word' id='word_1_785' title='bbox 2738 4912 3037 4968; x_wconf 86' lang='lat' dir='ltr'><strong>admissum</strong></span> <span class='ocrx_word' id='word_1_786' title='bbox 3080 4915 3136 4968; x_wconf 89' lang='lat' dir='ltr'><strong>in</strong></span> <span class='ocrx_word' id='word_1_787' title='bbox 3183 4911 3522 4983; x_wconf 74' lang='lat' dir='ltr'><strong>unigenitum</strong></span> 
     </span>
    </p>
   </div>
   <div class='ocr_carea' id='block_1_112' title="bbox 1950 5000 3521 5071">
    <p class='ocr_par' dir='ltr' id='par_1_112' title="bbox 1950 5000 3521 5071">
     <span class='ocr_line' id='line_1_113' title="bbox 1950 5000 3521 5071; baseline -0.001 -14"><span class='ocrx_word' id='word_1_788' title='bbox 1950 5000 2148 5057; x_wconf 83' lang='lat' dir='ltr'><strong>Filium</strong></span> <span class='ocrx_word' id='word_1_789' title='bbox 2184 5004 2367 5059; x_wconf 87' lang='lat' dir='ltr'><strong>scelus</strong></span> <span class='ocrx_word' id='word_1_790' title='bbox 2397 5002 2510 5059; x_wconf 90' lang='lat' dir='ltr'><strong>Deo</strong></span> <span class='ocrx_word' id='word_1_791' title='bbox 2539 5011 2595 5059; x_wconf 89' lang='lat' dir='ltr'><strong>et</strong></span> <span class='ocrx_word' id='word_1_792' title='bbox 2619 5001 2768 5057; x_wconf 89' lang='lat' dir='ltr'><strong>Patri</strong></span> <span class='ocrx_word' id='word_1_793' title='bbox 2802 5009 3063 5059; x_wconf 88' lang='lat' dir='ltr'><strong>revocant</strong></span> <span class='ocrx_word' id='word_1_794' title='bbox 3089 5002 3147 5059; x_wconf 90' lang='lat' dir='ltr'><strong>in</strong></span> <span class='ocrx_word' id='word_1_795' title='bbox 3177 5002 3521 5071; x_wconf 86' lang='lat' dir='ltr'><strong>memoriam,</strong></span> 
     </span>
    </p>
   </div>
   <div class='ocr_carea' id='block_1_113' title="bbox 1945 5093 3525 5167">
    <p class='ocr_par' dir='ltr' id='par_1_113' title="bbox 1945 5093 3525 5167">
     <span class='ocr_line' id='line_1_114' title="bbox 1945 5093 3525 5167; baseline 0 -18"><span class='ocrx_word' id='word_1_796' title='bbox 1945 5101 2110 5166; x_wconf 86' lang='lat' dir='ltr'><strong>atque</strong></span> <span class='ocrx_word' id='word_1_797' title='bbox 2141 5110 2239 5166; x_wconf 92' lang='lat' dir='ltr'><strong>per</strong></span> <span class='ocrx_word' id='word_1_798' title='bbox 2262 5094 2508 5167; x_wconf 76' lang='lat' dir='ltr'><strong>singulas</strong></span> <span class='ocrx_word' id='word_1_799' title='bbox 2558 5093 2910 5150; x_wconf 79' lang='lat' dir='ltr'><strong>extensiones</strong></span> <span class='ocrx_word' id='word_1_800' title='bbox 2950 5108 3082 5150; x_wconf 86' lang='lat' dir='ltr'><strong>suas</strong></span> <span class='ocrx_word' id='word_1_801' title='bbox 3124 5093 3368 5166; x_wconf 87' lang='lat' dir='ltr'><strong>ipsorum</strong></span> <span class='ocrx_word' id='word_1_802' title='bbox 3406 5108 3525 5149; x_wconf 80' lang='lat' dir='ltr'><strong>ma-</strong></span> 
     </span>
    </p>
   </div>
   <div class='ocr_carea' id='block_1_114' title="bbox 1945 5182 3525 5255">
    <p class='ocr_par' dir='ltr' id='par_1_114' title="bbox 1945 5182 3525 5255">
     <span class='ocr_line' id='line_1_115' title="bbox 1945 5182 3525 5255; baseline -0.001 -14"><span class='ocrx_word' id='word_1_803' title='bbox 1945 5201 2051 5242; x_wconf 88' lang='lat' dir='ltr'><strong>nus</strong></span> <span class='ocrx_word' id='word_1_804' title='bbox 2089 5185 2356 5255; x_wconf 78' lang='lat' dir='ltr'><strong>sanguine</strong></span> <span class='ocrx_word' id='word_1_805' title='bbox 2395 5184 2601 5240; x_wconf 87' lang='lat' dir='ltr'><strong>Christi</strong></span> <span class='ocrx_word' id='word_1_806' title='bbox 2645 5183 2839 5255; x_wconf 89' lang='lat' dir='ltr'><strong>plenas</strong></span> <span class='ocrx_word' id='word_1_807' title='bbox 2870 5184 3187 5242; x_wconf 81' lang='lat' dir='ltr'><strong>ostendunt.</strong></span> <span class='ocrx_word' id='word_1_808' title='bbox 3232 5182 3525 5239; x_wconf 85' lang='lat' dir='ltr'><strong>Enimvero</strong></span> 
     </span>
    </p>
   </div>
   <div class='ocr_carea' id='block_1_115' title="bbox 2177 5319 3520 5390">
    <p class='ocr_par' dir='ltr' id='par_1_115' title="bbox 2177 5319 3520 5390">
     <span class='ocr_line' id='line_1_116' title="bbox 2177 5319 3520 5390; baseline -0.001 -11"><span class='ocrx_word' id='word_1_809' title='bbox 2177 5323 2225 5357; x_wconf 85' lang='grc'><strong>⁸³</strong></span> <span class='ocrx_word' id='word_1_810' title='bbox 2249 5322 2357 5382; x_wconf 83' lang='lat' dir='ltr'><strong>lsa.</strong></span> <span class='ocrx_word' id='word_1_811' title='bbox 2387 5339 2426 5389; x_wconf 88' lang='grc' dir='ltr'><strong>ι,</strong></span> <span class='ocrx_word' id='word_1_812' title='bbox 2460 5323 2547 5379; x_wconf 80' lang='grc'>15.</span> <span class='ocrx_word' id='word_1_813' title='bbox 2622 5320 2672 5354; x_wconf 74' lang='grc'>⁸⁸</span> <span class='ocrx_word' id='word_1_814' title='bbox 2703 5320 2839 5379; x_wconf 86' lang='lat' dir='ltr'><strong>Luc.</strong></span> <span class='ocrx_word' id='word_1_815' title='bbox 2880 5339 3040 5390; x_wconf 73' lang='lat' dir='ltr'><strong>xvm,</strong></span> <span class='ocrx_word' id='word_1_816' title='bbox 3095 5323 3183 5380; x_wconf 79' lang='grc'><strong>11.</strong></span> <span class='ocrx_word' id='word_1_817' title='bbox 3257 5321 3304 5355; x_wconf 83' lang='grc'><strong><em>⁵⁵</em></strong></span> <span class='ocrx_word' id='word_1_818' title='bbox 3329 5319 3520 5377; x_wconf 83' lang='lat' dir='ltr'><strong>Matth.</strong></span> 
     </span>
    </p>
   </div>
   <div class='ocr_carea' id='block_1_116' title="bbox 2039 5504 3137 5583">
    <p class='ocr_par' dir='ltr' id='par_1_116' title="bbox 2039 5504 3137 5583">
     <span class='ocr_line' id='line_1_117' title="bbox 2039 5504 3137 5583; baseline -0.003 -16"><span class='ocrx_word' id='word_1_819' title='bbox 2039 5511 2121 5583; x_wconf 69' lang='lat'><strong>(4)</strong></span> <span class='ocrx_word' id='word_1_820' title='bbox 2142 5509 2232 5583; x_wconf 64' lang='grc' dir='ltr'><strong>ΕΚ</strong></span> <span class='ocrx_word' id='word_1_821' title='bbox 2254 5509 2518 5583; x_wconf 43' lang='grc' dir='ltr'><strong>Διιοῐιιηὶη</strong></span> <span class='ocrx_word' id='word_1_822' title='bbox 2551 5515 2712 5583; x_wconf 71' lang='lat' dir='ltr'><strong>mort.</strong></span> <span class='ocrx_word' id='word_1_823' title='bbox 2740 5504 3013 5583; x_wconf 68' lang='lat' dir='ltr'><strong>Julittam,</strong></span> <span class='ocrx_word' id='word_1_824' title='bbox 3049 5507 3137 5564; x_wconf 78' lang='lat'><strong>35.</strong></span> 
     </span>
    </p>
   </div>
   <div class='ocr_carea' id='block_1_117' title="bbox 2051 5578 2981 5646">
    <p class='ocr_par' dir='ltr' id='par_1_117' title="bbox 2051 5578 2981 5646">
     <span class='ocr_line' id='line_1_118' title="bbox 2051 5578 2981 5646; baseline -0.005 -9"><span class='ocrx_word' id='word_1_825' title='bbox 2051 5578 2112 5646; x_wconf 76' lang='lat'><strong>5)</strong></span> <span class='ocrx_word' id='word_1_826' title='bbox 2141 5580 2220 5636; x_wconf 80' lang='lat' dir='ltr'><strong>Ex</strong></span> <span class='ocrx_word' id='word_1_827' title='bbox 2250 5581 2396 5635; x_wconf 88' lang='lat' dir='ltr'><strong>hom.</strong></span> <span class='ocrx_word' id='word_1_828' title='bbox 2425 5580 2479 5633; x_wconf 84' lang='lat' dir='ltr'><strong>in</strong></span> <span class='ocrx_word' id='word_1_829' title='bbox 2504 5580 2642 5646; x_wconf 81' lang='lat' dir='ltr'><strong>psal.</strong></span> <span class='ocrx_word' id='word_1_830' title='bbox 2674 5592 2820 5638; x_wconf 76' lang='lat' dir='ltr'><strong>cxlv,</strong></span> <span class='ocrx_word' id='word_1_831' title='bbox 2853 5578 2981 5632; x_wconf 74' lang='lat'><strong>200.</strong></span> 
     </span>
    </p>
   </div>
   <div class='ocr_carea' id='block_1_118' title="bbox 2028 5583 2937 5723">
    <p class='ocr_par' dir='ltr' id='par_1_118' title="bbox 2028 5583 2937 5723">
     <span class='ocr_line' id='line_1_119' title="bbox 2051 5583 2937 5646; baseline -0.009 -9"><span class='ocrx_word' id='word_1_832' title='bbox 2051 5583 2086 5637; x_wconf 86' lang='lat'><strong>5</strong></span> <span class='ocrx_word' id='word_1_833' title='bbox 2141 5583 2220 5636; x_wconf 80' lang='lat' dir='ltr'><strong>Ex</strong></span> <span class='ocrx_word' id='word_1_834' title='bbox 2250 5583 2396 5635; x_wconf 88' lang='lat' dir='ltr'><strong>hom.</strong></span> <span class='ocrx_word' id='word_1_835' title='bbox 2425 5583 2479 5633; x_wconf 84' lang='lat' dir='ltr'><strong>in</strong></span> <span class='ocrx_word' id='word_1_836' title='bbox 2504 5583 2642 5646; x_wconf 82' lang='lat' dir='ltr'><strong>psal.</strong></span> <span class='ocrx_word' id='word_1_837' title='bbox 2674 5592 2820 5638; x_wconf 76' lang='lat' dir='ltr'><strong>cxlv,</strong></span> <span class='ocrx_word' id='word_1_838' title='bbox 2853 5583 2937 5630; x_wconf 76' lang='lat' dir='ltr'><strong>2m</strong></span> 
     </span>
     <span class='ocr_line' id='line_1_120' title="bbox 2028 5583 2937 5723; baseline -0.006 -17"><span class='ocrx_word' id='word_1_839' title='bbox 2028 5583 2108 5723; x_wconf 52' lang='lat' dir='ltr'><strong>i6)</strong></span> <span class='ocrx_word' id='word_1_840' title='bbox 2145 5651 2222 5705; x_wconf 82' lang='lat' dir='ltr'><strong>Ex</strong></span> <span class='ocrx_word' id='word_1_841' title='bbox 2250 5659 2540 5706; x_wconf 87' lang='lat' dir='ltr'><strong>comment.</strong></span> <span class='ocrx_word' id='word_1_842' title='bbox 2574 5650 2624 5702; x_wconf 81' lang='lat' dir='ltr'><strong>in</strong></span> <span class='ocrx_word' id='word_1_843' title='bbox 2650 5646 2784 5712; x_wconf 64' lang='lat' dir='ltr'><strong>Im,</strong></span> <span class='ocrx_word' id='word_1_844' title='bbox 2810 5647 2937 5701; x_wconf 70' lang='lat'><strong>408.</strong></span> 
     </span>
    </p>
   </div>
  </div>
