3874 6224
404 321 540 379 1239

1280 316 1641 373 APPENDIX.
1679 347 1752 358 —
1786 304 2132 373 SYMEONIS
2165 308 2703 368 ιιετΑΡιιιιΑδΤΑε

3446 295 3560 368 isto

398 434 495 502 qui
542 447 598 486 in
645 445 745 487 sua
800 431 1043 487 caecitate
1084 443 1455 503 perseverant.
1516 432 1680 487 caedis
1732 443 1970 501 paternae

2078 428 2292 481 ἔκτασιν
2317 427 2416 490 τὰς
2444 429 2634 499 χεῖρας
2667 425 2875 480 ἑαυτῶν
2909 426 3003 480 τοῦ
3028 425 3250 496 αἵματος
3273 426 3353 481 τοῦ
3374 428 3565 497 Χριστοῦ

399 533 531 582 sunt
560 524 824 580 haeredes.
860 523 1086 596 Sanguis
1131 526 1269 578 enim
1307 525 1442 594 eius,
1493 525 1766 595 inquiunt,
1810 540 1968 593 super

400 634 516 679 nos,
545 625 595 671 et
626 632 783 686 super
813 617 953 686 ﬁlios
982 626 1188 671 nostros
1208 616 1273 671 ".

466 878 523 935 2.
567 880 644 950 (1)
681 877 907 950 Semper
937 879 1124 950 igitur,
1155 894 1189 934 ο
1218 879 1404 945 Ιιοιιιο,
1440 878 1536 934 Dei
1569 879 1884 933 memineris
1915 886 1968 933 et

399 971 549 1026 illius
580 975 830 1028 timorem
864 972 919 1025 in
945 972 1112 1027 corde
1151 972 1371 1035 habeto,
1422 978 1587 1039 atque
1632 969 1699 1023 ad
1727 983 1966 1022 commu-

398 1065 618 1120 nionem
650 1080 870 1135 precum
900 1079 1092 1119 omnes
1122 1060 1664 1133 adjunge.--Magnum
1702 1061 1848 1115 enim
1885 1068 1970 1115 est

397 1170 587 1212 eorum
634 1156 730 1226 qui
772 1156 939 1212 Deum
978 1157 1196 1226 placare
1237 1162 1468 1227 possunt
1506 1154 1787 1209 auxilium.
1834 1152 1966 1206 Nam

399 1260 453 1305 et
482 1249 788 1307 viventibus
820 1252 980 1305 nobis
1008 1252 1065 1304 in
1097 1249 1200 1304 hac
1230 1263 1395 1303 carne
1426 1248 1568 1301 bona
1598 1248 1702 1300 erit
1730 1246 1967 1315 adjutrix

398 1344 663 1413 precatio,
695 1350 749 1398 et
775 1343 901 1397 inde
927 1340 1399 1412 proﬁciscentibus
1427 1339 1679 1394 idoneum
1708 1339 1966 1393 viaticum

399 1434 468 1489 ad
501 1434 744 1489 futurum
785 1451 980 1490 aevum.
1015 1432 1483 1500 Quemadmodum
1534 1438 1715 1486 autem
1763 1430 1970 1487 sollici-

400 1527 533 1581 tudo
576 1541 665 1582 res
701 1527 843 1581 bona
871 1535 956 1581 est
984 1545 997 1579 :
1030 1526 1102 1579 ita
1132 1540 1325 1580 rursus
1357 1525 1599 1579 animum
1630 1523 1971 1595 despondere

397 1628 454 1673 et
480 1620 771 1689 desperare
803 1634 867 1673 ac
889 1620 958 1674 de
1003 1620 1182 1674 salute
1212 1617 1473 1684 diuidere,
1500 1631 1592 1671 res
1620 1623 1749 1671 sunt
1776 1616 1971 1670 anima:

399 1712 594 1767 noxias.
630 1711 794 1782 Spem
826 1713 1009 1783 itaque
1042 1711 1099 1766 in
1131 1710 1221 1766 Dei
1256 1711 1503 1765 bonitate
1552 1709 1780 1772 colloca,
1811 1716 1866 1763 et
1906 1708 1970 1762 il-

2070 520 2300 591 πλήρεις
2355 511 2822 573 ὲπιδεικνυόνέων.
2846 519 2908 571 Οἱ
2928 517 3036 589 γὰρ
3062 519 3386 587 ἐπιμένοντες
3408 523 3464 590 τῇ
3484 538 3571 573 πω-

2070 612 2257 682 ρώσει,
2305 610 2403 680 τῆς
2445 610 2718 682 πατρικῆς
2766 612 3078 681 μιαιφονίας
3096 610 3398 682 κληρονόμοι
3436 614 3574 684 ὑπάρ-

2069 718 2239 771 χουσι.
2272 700 2342 754 Τὸ
2374 702 2483 770 γὰρ
2515 697 2658 770 αᾷια
2683 702 2888 767 αὑτοῦ,
2919 703 3080 773 φησὶν
3102 704 3201 773 (6),
3224 701 3311 772 ἐφ’
3330 701 3574 770 mitigata}

2067 792 2164 844 ἐπὶ
2195 791 2267 845 τὰ
2291 792 2469 845 τέκνα
2500 792 2687 862 ἡμῶν.

2137 883 2192 936 9..
2225 884 2324 937 Διὰ
2349 886 2551 947 παντὸς
2574 884 2755 937 τοίνυν
2788 884 3034 955 μέμνησο
3055 884 3149 939 τοῦ
3182 884 3330 949 Θεοῦ,
3355 885 3578 957 ἄνθρωπε,

2069 977 2163 1028 καὶ
2192 975 2281 1046 ἔχε
2311 975 2401 1029 τὸν
2432 978 2596 1047 φόϐον
2623 977 2787 1030 αὑτοῦ
2814 979 2872 1030 ἐν
2901 980 2965 1049 τῇ
3007 978 3203 1051 καρδία
3230 995 3339 1040 σου,
3367 980 3449 1031 καὶ
3474 980 3582 1033 πᾶνα

2068 1085 2166 1131 τας
2195 1069 2276 1130 είς
2307 1066 2405 1138 τὴν
2434 1068 2719 1120 κοινωνίαν
2751 1067 2858 1120 τῶν
2894 1067 3068 1138 εὐχῶν
3096 1068 3483 1141 παραλάμϐανε.
3504 1071 3582 1124 Με-

2069 1160 2208 1229 γάλη
2242 1159 2348 1230 γὰρ
2383 1160 2476 1212 καὶ
2521 1162 2554 1230 ἡ
2596 1159 2705 1213 τῶν
2742 1160 3054 1232 δυναμένων
3090 1160 3353 1213 δυσωπεῖν
3379 1162 3457 1214 τὸν
3484 1162 3585 1215 Θεὺν

2071 1250 2312 1321 βοήθεια.
2367 1252 2474 1303 Καὶ
2505 1251 2614 1320 γὰρ
2646 1250 2743 1303 καὶ
2776 1251 2941 1314 ζῶσιν
2980 1252 3111 1322 ἡμῖν
3153 1253 3253 1323 τὴν
3290 1253 3344 1305 ὲν
3373 1256 3432 1322 τῇ
3459 1257 3587 1324 σαρκὶ

2068 1343 2275 1413 ταύτην
2309 1342 2474 1414 ζωὴν,
2517 1341 2698 1414 ἀγαθὴ
2729 1344 2877 1395 ἔσται
2914 1341 3107 1412 βοηθὸς
3142 1345 3177 1413 ἡ
3213 1345 3489 1414 προσευχή-
3516 1346 3589 1397 καὶ

2069 1434 2465 1504 ἀπερχομένοις
2517 1432 2787 1497 ἐντεῦθεν,
2838 1433 3048 1503 ἐφόδιον
3092 1433 3316 1504 διαρκὲς
3360 1434 3482 1505 πρὸς
3521 1436 3591 1488 τον

2069 1525 2243 1579 αἰῶνα
2256 1525 2347 1578 τόν
2362 1525 2642 1594 μέλλοντα.
2661 1525 2832 1577 Ὢσπε
2840 1542 2871 1596 ρ
2881 1525 2935 1577 δὲ
2952 1526 2984 1595 ἡ
3003 1525 3224 1594 φροντὶς
3242 1523 3464 1595 πρᾶγμά
3478 1525 3594 1577 ἐστιν

2070 1616 2289 1686 ἀγαθόν·
2316 1615 2457 1669 οὕτω
2487 1617 2646 1670 πάλιν
2668 1618 2701 1688 ἡ
2725 1616 2825 1670 άθυ
2833 1617 2933 1687 μία
2954 1618 3047 1670 καὶ
3070 1619 3104 1687 ἡ
3125 1616 3597 1684 ἀπόγνωσις,κα“ιτὸ

2070 1710 2441 1773 δυσελπίστως
2476 1709 2621 1780 ἔχειν
2660 1709 2795 1783 πρὸς
2824 1710 3121 1780 σωτηρίαν,
3150 1708 3261 1761 τῶν
3304 1707 3598 1779 βλαπτόντων

399 1803 508 1859 lius
538 1804 802 1858 auxilium
844 1813 1101 1875 exspecta
1133 1824 1147 1859 :
1180 1811 1331 1858 certo
1375 1802 1579 1868 sciens,
1631 1800 1677 1856 si
1717 1810 1863 1856 recte
1906 1815 1971 1854 ac

2078 1803 2189 1855 ἐστὶ
2227 1802 2324 1872 τὴν
2360 1778 2558 1872 ψυχήν.
2603 1778 2888 1865 Ἑπέλπιζε
2926 1778 3106 1854 τοίνυν
3138 1803 3206 1871 τῇ
3238 1799 3600 1869 ἀγαθότητιτοῦ

399 1894 612 1949 sincere
652 1894 719 1949 ad
749 1890 911 1965 524
931 1895 1109 1964 ipsum
1155 1901 1564 1959 convertamur,
1616 1889 1859 1949 futurum
1911 1900 1973 1946 ut

398 2001 511 2040 non
550 1985 713 2041 modo
740 2001 841 2042 nos
863 1987 1088 2042 omnino
1119 2001 1226 2040 non
1264 1985 1501 2055 rejiciat,
1539 1986 1634 2041 sed
1668 1987 1832 2041 etiam
1872 2001 1972 2041 no-

398 2077 489 2133 bis
517 2077 697 2134 adhuc
718 2092 939 2149 precum
974 2078 1145 2133 verba
1178 2076 1588 2148 prol‘erentibus
1618 2078 1769 2133 dicat
1798 2098 1812 2134 :
1839 2076 1975 2133 Ecce

399 2166 589 2223 adsum
610 2167 679 2223 ⁸⁸.
712 2166 790 2239 (2)
821 2164 955 2234 Quis
979 2169 1123 2222 enim
1155 2166 1238 2221 vel
1268 2166 1465 2220 malam
1494 2165 1744 2220 admittat
1769 2166 1976 2237 cogita-

400 2262 627 2327 tionem,
671 2261 758 2316 vel
788 2261 995 2332 malum
1026 2261 1303 2331 perticiat;
1340 2260 1387 2317 si
1421 2258 1589 2316 Deum
1633 2258 1821 2314 credat
1850 2258 1975 2313 ubi-

399 2369 509 2424 que
539 2368 664 2410 esse
697 2353 966 2419 locorum,
998 2353 1194 2409 adesse
1231 2353 1318 2409 his
1342 2368 1463 2423 quae
1485 2354 1642 2417 tlunt,
1679 2350 1977 2421 unicuique

401 2446 667 2502 interesse
693 2446 923 2513 actioni,
947 2460 1011 2500 ac
1034 2444 1284 2500 cordium
1311 2443 1543 2499 consilia
1576 2441 1979 2512 introspicere?

403 2538 510 2595 Sed
543 2539 647 2595 rati
668 2539 754 2595 vel
784 2537 953 2595 Deum
978 2554 1089 2593 non
1122 2537 1414 2607 inSpicere,
1444 2536 1526 2592 vel
1557 2551 1666 2589 non
1690 2549 1887 2588 curare
1916 2549 1978 2589 ea

400 2646 524 2704 quae
561 2642 829 2704 aguntur;
856 2632 937 2688 sic
965 2631 1217 2687 homines
1251 2629 1316 2684 ad
1350 2630 1514 2700 impia
1543 2627 1811 2699 patranda
1844 2625 1980 2681 faci-

402 2735 539 2776 nora
580 2720 824 2775 animum
872 2718 1180 2775 conferunt.
1231 2717 1307 2790 (3)
1357 2716 1523 2785 Quies
1564 2718 1731 2789 igitur
1771 2717 1981 2787 princi-

401 2814 556 2885 pium
580 2812 997 2885 cxpurgationis
1020 2813 1234 2875 animae,
1268 2826 1369 2867 nec
1399 2812 1584 2882 lingua
1612 2812 1868 2881 loquente
1890 2824 1979 2867 res

2072 1891 2231 1957 Θεοῦ,
2273 1892 2369 1945 καὶ
2402 1892 2626 1965 ἐκδέχου
2668 1892 2835 1945 αὑτοῦ
2871 1892 2970 1964 τὴν
3008 1892 3320 1965 ἀντίληψιν,
3344 1889 3605 1960 γινώσκων,

2072 1985 2156 2038 ὅτι
2196 1983 2291 2037 ἐὰν
2325 1983 2507 2048 καλῶς
2537 1985 2630 2038 καὶ
2659 1985 2899 2057 γνησίως
2932 1986 3068 2057 πρὸς
3105 1985 3272 2038 αὑτὸν
3304 1982 3604 2055 ἐπιστραφῶ-

2077 2096 2196 2150 μεν,
2238 2079 2299 2132 ού
2334 2079 2491 2150 μόνον
2529 2079 2630 2131 οὐκ
2655 2077 2950 2150 ἀπορρίψει
2978 2080 3126 2150 ἡμᾶς
3157 2081 3242 2142 εἰς
3278 2077 3339 2130 τὸ
3370 2076 3605 2138 παντελὲς,

2073 2168 2189 2224 an“
2231 2170 2311 2223 ἐτι
2359 2168 2663 2224 λαλούντων
2700 2172 2833 2242 ἡμῖν
2862 2168 2932 2223 τὰ
2960 2171 3181 2241 ῥήματα
3204 2168 3323 2237 τῆς,
3348 2166 3609 2239 προσευχῆς

2074 2264 2206 2334 ἐρεῖ·
2259 2260 2406 2316 Ἰδοὺ
2445 2260 2701 2331 πάρειμι.
2742 2261 2838 2323 Τίς
2871 2260 2981 2333 γὰρ
3018 2260 3296 2314 πιστεύων
3338 2255 3465 2312 εἶναι
3503 2274 3610 2310 παν·

2074 2352 2240 2425 ταχοῦ
2278 2353 2368 2407 τὸν
2401 2352 2554 2418 Θεὸν,
2602 2353 2696 2407 καὶ
2736 2355 2994 2424 παρεῖναι
3032 2355 3147 2415 τοῖς
3186 2352 3503 2422 γινομένοις,
3538 2348 3612 2401 καὶ

2076 2448 2284 2519 ἑκάστῃ
2325 2445 2522 2518 πράξει
2569 2446 2927 2517 παρεστάναι,
2984 2445 3078 2500 καὶ
3122 2448 3250 2509 ταῖς
3293 2443 3495 2515 βουλαῖς
3529 2441 3614 2493 τῶν

2078 2538 2314 2610 καρδιῶν
2347 2539 2559 2610 ὲνορᾷν·
2589 2537 2622 2610 ἢ
2652 2537 2748 2609 τὴν
2777 2536 2985 2592 ἔννοιαν
3014 2537 3113 2609 τὴν
3145 2536 3394 2608 πονηρὰν
3420 2532 3617 2606 παραδέ-

2078 2648 2251 2701 χεται,
2282 2630 2315 2701 ἢ
2346 2630 2709 2703 τελεσιουργεῖ
2736 2631 2796 2683 τὺ
2838 2631 3042 2695 κακόν;
3095 2629 3239 2683 Ἀλλ’
3283 2630 3318 2699 ἣ
3350 2629 3422 2699 μὴ
3453 2628 3616 2696 ἐφορᾷν

2079 2722 2170 2775 τὸν
2204 2721 2355 2786 Θεὸν,
2384 2722 2417 2795 ἢ
2450 2721 2524 2793 μὴ
2552 2722 2730 2793 μέλειν
2762 2721 2911 2793 αὐτῷ
2939 2723 3048 2775 τῶν
3080 2722 3385 2791 γινομένων
3410 2719 3619 2786 ὑπολαμ-

2081 2813 2354 2877 ϐάνοντες·
2385 2812 2559 2876 οὕτως
2598 2812 2810 2885 ὁρμῶσι
2853 2812 2989 2884 πρὸς
3029 2811 3128 2877 τὰς
3169 2812 3396 2874 ἀνοσίας
3418 2812 3485 2879 (7)
3508 2808 3620 2878 πρά-

400 2906 693 2972 humanas,
729 2921 830 2962 nec
860 2905 1037 2961 oculis
1078 2904 1284 2959 nitidos
1310 2918 1601 2974 corporum
1630 2903 1845 2959 colores
1887 2912 1974 2957 aut

2083 2903 2195 2971 ξεις
2217 2906 2264 2957 οἱ
2290 2903 2586 2976 ἄνθρωποι.
2631 2903 2798 2976 Ἀρχὴ
2833 2903 2889 2956 δὲ
2918 2903 3240 2975 καθάρσεως
3262 2905 3330 2972 τῇ
3353 2900 3490 2969 ψυχῇ
3514 2900 3619 2969 ἡσυ-

401 2998 804 3053 cOncinnitates
833 2996 1442 3067 circumspicientibus;
1493 3011 1596 3051 nec
1632 2995 1818 3050 auditu
1863 2995 1983 3049 ani-

2082 2998 2195 3068 χία.
2249 2999 2384 3069 μήτε
2441 2997 2691 3066 γλώσσης
2741 2996 3009 3069 λαλούσης
3055 2997 3122 3051 τὰ
3165 2996 3282 3050 τῶν
3340 2992 3622 3065 ἀνθρώπων,

402 3103 506 3144 tuae
546 3091 784 3159 vigorem
818 3090 1153 3146 dissolvente
1204 3105 1299 3159 per
1346 3100 1659 3142 acroamata
1690 3088 1974 3142 modorum

2085 3091 2223 3161 μήτε
2257 3088 2547 3159 όρθαλμῶν
2585 3088 2836 3160 εύχροίας
2876 3090 3141 3159 σωμάτων
3182 3087 3285 3141 καὶ
3323 3084 3622 3157 συμμετρίας

404 3180 473 3231 ad
518 3179 851 3249 voluptatem
902 3178 1359 3247 compositorum,
1416 3186 1511 3229 aut
1551 3190 1648 3245 per
1693 3174 1974 3228 hominum

2078 3179 2576 3251 περισκοπούντων,
2624 3181 2759 3251 μήτε
2803 3179 2972 3250 ἀκοῆς
3014 3178 3104 3232 τὸν
3146 3178 3306 3231 τόνον
3345 3177 3442 3245 τῆς
3480 3176 3625 3244 ψυχῆς

406 3269 707 3324 facetorum
738 3284 801 3324 ac
839 3269 1194 3324 ridiculorum
1238 3267 1443 3322 verba:
1478 3266 1532 3321 id
1561 3265 1707 3336 quod
1744 3266 1979 3320 maxime

406 3362 574 3416 animi
626 3363 735 3415 vim
783 3360 1032 3432 frangere
1093 3361 1252 3415 solet.
1316 3358 1468 3415 Mens
1522 3359 1690 3424 enim,
1742 3372 1864 3428 qua:
1912 3356 1981 3411 ad

404 3460 629 3506 externa
662 3466 770 3505 non
797 3451 1116 3520 dissipatur,
1158 3465 1332 3519 neque
1369 3465 1464 3520 per
1501 3464 1696 3505 sensus
1734 3449 1787 3503 in
1820 3464 1981 3502 tnnn-

405 3544 535 3598 dum
565 3542 909 3607 dill‘unditur,
957 3543 1096 3597 redit
1121 3543 1336 3613 quidem
1388 3542 1455 3597 ad
1490 3559 1550 3598 se
1600 3543 1747 3613 ipsa;
1793 3558 1889 3613 per
1920 3557 1979 3596 se

406 3645 588 3691 autem
632 3634 700 3689 ad
726 3632 821 3691 Dei
852 3635 1235 3706 cogitationem
1274 3636 1542 3703 ascendit,
1584 3643 1746 3706 atque
1780 3637 1980 3691 decore

408 3728 503 3783 illo
522 3729 816 3791 illustrata,
849 3729 1027 3800 ipsius
1048 3730 1212 3783 etiam
1243 3734 1454 3783 natura:
1478 3729 1848 3793 obliviscitur,
1880 3743 1982 3784 nec

402 3818 514 3890 jam
546 3820 656 3875 cibi
686 3834 820 3875 cura
842 3819 1171 3877 distrahitur
1197 3829 1290 3874 aut
1316 3821 1548 3878 amictus
1578 3820 1978 3888 sollicitudine;

2079 3272 2376 3345 ἑκλυούσης
2410 3275 2466 3325 ὲν
2500 3272 2811 3343 ἀκροάμασι
2835 3271 3011 3343 μελῶν
3039 3271 3175 3343 πρὸς
3194 3270 3394 3342 ἡδονὴν
3427 3283 3626 3335 πεποιη-

2080 3363 2275 3435 μένων,
2323 3365 2458 3434 μήτε
2501 3364 2738 3434 ῥήμασιν
2775 3362 3128 3433 εὐτραπέλων
3196 3362 3299 3415 καὶ
3336 3357 3629 3429 γελοιαστιῖη

2083 3455 2313 3526 ἀνδρῶν,
2362 3454 2390 3507 ὃ
2446 3456 2679 3526 μάλιστα
2714 3455 2863 3509 λύειν
2884 3454 2984 3525 τῆς
3021 3454 3200 3525 ψυχῆς
3236 3454 3333 3507 τὸν
3374 3454 3516 3506 τόνον
3553 3449 3630 3502 τέ-

2086 3564 2244 3617 φυκε.
2271 3546 2415 3611 Νοῦς
2435 3548 2542 3616 γὰρ
2571 3545 2646 3619 μὴ
2676 3546 3102 3617 σκεδαννύμενος
3133 3546 3225 3598 ἐπὶ
3266 3546 3338 3600 τὰ
3371 3544 3492 3610 ἔξω,
3524 3541 3632 3615 μηᾶ

2087 3639 2193 3693 ὑπὸ
2239 3640 2350 3693 τῶν
2405 3639 2774 3712 αἰσθητηρίων
2821 3640 2914 3692 ἐπὶ
2964 3638 3056 3693 τὸν
3106 3640 3315 3709 κόσμον
3378 3633 3632 3707 διαφορού·

2090 3750 2284 3806 μενος,
2343 3734 2591 3789 ἐπάνεισι
2650 3733 2751 3803 μὲν
2793 3732 2931 3803 πρὸς
2973 3731 3163 3787 ἑαυτὸν
3186 3772 3201 3795 ,
3254 3730 3326 3784 δι’
3370 3727 3551 3783 ἑαυτοῦ
3590 3724 3636 3778 ἃ

2089 3825 2226 3896 πρὸς
2261 3826 2362 3897 τὴν
2404 3825 2532 3898 περὶ
2565 3825 2701 3880 Θεοῦ
2730 3826 2939 3879 ἔννοιαν
2971 3824 3279 3879 ἀναϐαίνει·
3322 3821 3549 3889 κάκείνῳ
3572 3816 3636 3884 τῷ

3795 2844 3799 2981 l

3798 2988 3803 3125 ι

404 3909 504 3966 sed
550 3912 785 3968 terrenis
824 3912 975 3966 curis
1003 3926 1198 3975 vacua,
1243 3925 1405 3966 omne
1436 3926 1594 3965 suum
1634 3911 1876 3966 studium
1910 3912 1974 3967 ad

2085 3916 2271 3970 κάλλει
2312 3916 2813 3989 περιλαμπόμενος,
2856 3916 2951 3971 καὶ
2979 3915 3150 3985 αὐτῆς
3186 3915 3287 3985 τῆς
3325 3912 3535 3983 φύσεως
3556 3909 3636 3978 λῆο

406 4010 609 4058 aeterna
634 4003 778 4059 bona
803 4002 1157 4074 adipiscenda
1181 4002 1465 4058 transfert.

2086 4007 2185 4079 θην
2225 4008 2513 4080 λαμϐάνει·
2560 4011 2697 4080 μήτε
2746 4010 2882 4080 πρὸς
2928 4007 3134 4080 τροφῆς
3187 4005 3471 4078 φροντίδα,
3526 4004 3637 4073 μήτε

406 4101 545 4170 πρὸς
572 4099 931 4171 περιϐολαίων
976 4099 1245 4172 μέριμναν
1286 4097 1385 4170 τὴν
1421 4098 1600 4170 ψυχὴν
1642 4098 2061 4171 καθελκόμενος·
2104 4103 2241 4158 ἀλλὰ
2313 4104 2508 4175 σχολὴν
2548 4104 2656 4157 ἀπὸ
2729 4104 2839 4157 τῶν
2875 4103 3081 4174 γηίνων
3143 4099 3446 4173 φροντίδων
3496 4094 3638 4164 ire”;

404 4188 505 4260 τὴν
534 4190 716 4242 πᾶσαν
746 4188 938 4241 ἑαυτοῦ
971 4189 1207 4261 σπουδὴν
1237 4190 1330 4242 ἐπὶ
1353 4188 1452 4259 τὴν
1483 4190 1673 4260 κτῆσιν
1705 4188 1814 4242 τῶν
1845 4191 2078 4246 αἰωνίων
2111 4193 2331 4263 ἀγαθῶν
2369 4194 2709 4265 μετατίθησι.

478 4277 532 4332 5.
574 4276 653 4347 (4)
676 4274 864 4346 Neque
891 4277 1057 4348 igitur
1086 4279 1296 4349 patiare
1340 4277 1572 4333 mediam
1603 4279 1728 4334 vitae
1770 4289 1974 4350 partem

2159 4285 2211 4339 '5.
2242 4285 2333 4357 Μὴ
2364 4280 2456 4338 οὖν
2483 4284 2749 4355 καταδέξῃ
2778 4284 2866 4339 διὰ
2896 4286 2996 4355 τῆς
3026 4284 3167 4337 κατὰ
3188 4287 3282 4336 τὸν
3315 4281 3481 4336 ὕπνον
3508 4279 3641 4333 ἀναι-

408 4367 655 4423 inutilem
686 4368 782 4422 tibi
821 4384 943 4423 esse
970 4384 1067 4438 per
1096 4371 1274 4424 somni
1314 4384 1564 4440 soporem
1601 4389 1615 4425 :
1647 4371 1741 4426 sed
1769 4371 1974 4426 divida-

2091 4374 2316 4446 σθησίας
2338 4377 2399 4429 τὸ
2418 4377 2589 4446 ἥμισυ
2612 4375 2709 4447 τῆς
2734 4374 2877 4445 ζωῆς
2896 4375 3169 4446 άχρειοῦψ
3197 4373 3338 4427 ἀλλὰ
3365 4367 3644 4444 μεριζέσθω

407 4469 501 4515 tur
531 4458 630 4515 tibi
661 4460 840 4515 noctis
869 4469 1084 4531 tempus
1118 4461 1172 4514 in
1210 4477 1463 4516 somnum
1484 4472 1539 4518 et
1571 4465 1938 4533 precationem
1966 4483 1974 4519 :

2091 4484 2171 4521 σοι
2197 4470 2295 4540 τῆς
2319 4468 2513 4532 νυκτὸς
2539 4470 2568 4522 ὁ
2593 4469 2784 4541 χρόνος
2813 4468 2892 4531 εἷς
2924 4484 2985 4520 τε
3012 4466 3175 4521 ῦπνον
3205 4467 3302 4521 καὶ
3337 4462 3642 4539 προσευχήν

409 4549 521 4604 imo
543 4563 771 4604 somnus
797 4548 915 4621 ipse
940 4551 1259 4605 exercitatio
1287 4551 1358 4604 sit
1386 4551 1625 4621 pietatis.
1665 4550 1819 4623 Saepe
1837 4553 1974 4607 enim

2092 4558 2228 4611 ἀλλὰ
2261 4560 2354 4611 καὶ
2386 4560 2433 4611 ol.
2474 4559 2631 4612 ὕπνοι
2660 4560 2814 4613 αὐτοὶ
2842 4559 3125 4630 μελέτημα
3162 4558 3409 4611 ἔστωσαν
3439 4557 3535 4626 τῆς
3568 4554 3647 4606 εύ-

408 4658 683 4713 expressae
718 4643 774 4697 in
808 4658 1001 4699 somno
1042 4645 1255 4714 species
1288 4648 1477 4701 nescio
1515 4646 1787 4717 quomodo
1820 4648 1974 4702 vesti-

2094 4651 2327 4715 σεϐείας.
2359 4651 2642 4721 Πεφύκασι
2664 4652 2774 4723 γάρ
2795 4669 2911 4716 πως
2934 4655 2991 4705 αἱ
3017 4650 3136 4705 καθ’
3160 4650 3327 4704 ὕπνον
3352 4647 3646 4721 ςραντασίαι.

412 4734 499 4804 giu
536 4732 785 4803 quaedam
840 4748 903 4788 ac
955 4734 1199 4805 reliquiae
1243 4751 1367 4791 esse
1435 4738 1613 4792 solent
1668 4738 1974 4793 diurnarutr

2092 4742 2167 4807 ὡς
2197 4743 2264 4796 τὰ
2305 4743 2494 4807 πολλὰ,
2543 4744 2883 4815 ὰπηχήματα
2940 4739 3081 4798 εἶναι
3130 4742 3236 4796 τῶν
3286 4739 3649 4813 μεθημερινῶν

411 4838 694 4880 curarum.
724 4826 801 4897 (5)
845 4825 1052 4897 Ecquid
1090 4826 1254 4898 igitur
1303 4829 1540 4892 beatius,
1590 4845 1753 4899 quam
1799 4830 1974 4886 statin:

2095 4835 2411 4906 φροντίδων.
2446 4836 2511 4889 Τί
2536 4835 2593 4889 δὲ
2622 4835 3083 4908 μακαριστότερον
3112 4833 3428 4906 ἀνθρώπου,
3461 4830 3551 4885 τοῦ
3568 4830 3648 4882 εὐ-

410 4917 631 4988 quidem
665 4932 729 4971 ac
761 4917 879 4973 dies
925 4918 1118 4989 incipit
1168 4920 1238 4973 ad
1274 4935 1465 4990 preces
1508 4930 1845 4992 surgentem,
1886 4921 1974 4993 hy-

2096 4924 2192 4989 θὺς
2224 4927 2323 4996 μὲν
2356 4928 2664 4999 ἀρχομένης
2689 4930 2900 5000 ἡμέρας
2931 4930 3012 4992 εἰς
3047 4927 3212 4998 εὐχὰς
3246 4926 3547 4997 ὁρμῶντος,
3570 4922 3649 4977 καὶ

413 5011 559 5066 mnis
596 5018 651 5066 et
682 5011 916 5067 canticis
955 5021 1260 5068 creatorem
1296 5014 1581 5080 venerari;
1633 5015 1831 5070 exinde
1871 5014 1974 5069 solt

2096 5018 2286 5086 ὕμνοις
2319 5020 2412 5072 καὶ
2456 5019 2618 5090 ᾠδαῖς
2667 5021 3020 5092 γεραίροντος
3063 5020 3155 5073 τὸν
3200 5019 3500 5082 κτίσαντας
3547 5011 3650 5068 εἶτα

408 5102 522 5171 jam
557 5103 706 5158 clare
734 5104 1106 5159 dilucescente.
1136 5102 1201 5158 ad
1227 5120 1391 5176 Opera
1423 5105 1769 5171 conversum,
1815 5107 1974 5160 comi-

2091 5108 2537 5193 ἡλίου.καθαρῶς
2578 5109 2986 5180 ἐπιλάμψαντος
3026 5109 3113 5161 ἐπ’
3146 5108 3283 5179 ἔργα
3307 5100 3653 5180 τρεπομένου,

413 5203 568 5253 tante
595 5198 800 5269 ubique
832 5197 1105 5261 oratione,
1154 5199 1372 5269 hymnis
1420 5200 1583 5254 etiam
1644 5215 1808 5271 opera
1860 5206 1974 5254 tan-

2095 5200 2371 5270 πανταχοῦ
2418 5200 2567 5272 αὐτῷ
2606 5201 2709 5271 τῆς
2764 5202 2929 5272 εὐχῆς
2982 5199 3398 5272 συμπαρούσης»
3446 5198 3540 5251 καὶ
3583 5193 3649 5266 (⁸)

484 5355 530 5389 ’ν
561 5356 751 5414 Matth.
783 5375 952 5424 xxvu,
986 5358 1078 5416 25.
1156 5360 1201 5391 ⁸⁸
1232 5359 1335 5415 lsa.
1365 5375 1516 5424 Lvnt,
1547 5359 1602 5414 9.

515 5509 568 5644 Ιζ
602 5511 678 5568 Ex
712 5516 874 5584 epist.
908 5531 1122 5598 ccxxtv.
1160 5515 1287 5571 262.
1344 5560 1351 5575 .

515 5581 547 5634 2
600 5580 675 5636 Ex
706 5595 997 5642 comment.
1028 5603 1082 5639 ιιι
1112 5584 1251 5644 Ιεα..
1284 5586 1344 5641 ιι

511 5580 568 5644 2)
600 5580 675 5636 Ex
706 5580 997 5642 comment.
1028 5588 1082 5639 in
1112 5584 1251 5650 Isa.,
1284 5584 1410 5641 M6.

511 5651 571 5793 ,δὲ
608 5651 684 5707 Ex
711 5654 870 5724 epist.
899 5671 942 5737 ι,
969 5655 1052 5710 72.
1275 5726 1287 5738 .

511 5720 549 5791 ῤ
599 5722 679 5779 Ex
712 5723 862 5779 hom.
893 5740 948 5780 ιη
978 5733 1139 5779 mart.
1170 5724 1410 5779 Julmam

514 5720 571 5791 ﬁ)
599 5722 679 5779 Ex
712 5720 862 5779 hom.
893 5726 948 5780 in
978 5733 1139 5779 mart.
1170 5724 1443 5791 Julittam,
1474 5726 1564 5781 36.

2112 5578 2115 5581 _
2171 5513 2246 5583 (Pi)
2279 5510 2354 5566 Ex
2388 5514 2539 5583 epist_
2581 5528 2642 5575 ιι,
2669 5510 2755 5564 7‘2.

2170 5576 2248 5642 (ὁὶ
2270 5576 2481 5649 φησίν.
2520 5580 2737 5651 Legissc
2770 5582 2981 5634 videtur
3004 5578 3272 5651 interpres
3297 5579 3478 5651 φασιν.
3503 5576 3645 5634 Em.

2169 5654 2246 5710 t7l
2290 5652 2585 5718 Ἀνοσίας.
2602 5650 2607 5651 ⁷
2626 5650 3343 5720 Uterqnecodexjvooioué.

2165 5723 2242 5796 (8)
2275 5723 2407 5778 Καί.
2441 5716 2598 5778 Forte
2626 5722 2699 5784 ὠς
2728 5716 2809 5777 vel
2847 5719 3006 5774 ὥστε.
3042 5716 3199 5775 Enn.
