3874 6224
212 388 346 443 1241

1307 396 1541 453 ςειιιιο
1581 396 1668 452 IX.
1715 428 1781 439 -
1818 397 1903 450 DE
1942 397 2308 453 ORATIONE.

3336 401 3474 457 ιεςτ

212 510 324 570 τοῖς
349 505 570 578 ὕμνοις
594 507 783 581 ὥσπερ
809 509 986 572 ἀλατι,
1016 513 1350 583 παραρτύειν
1374 515 1469 577 τὰς
1498 514 1757 585 ἐργασίας

1900 531 2060 584 quam
2094 515 2205 567 sale
2227 515 2489 568 condire?
2517 515 2787 583 siquidem
2819 515 3044 570 hilarem
3065 516 3471 587 jucundamque

206 598 274 651 τδ
306 597 414 671 γὰρ
446 598 629 671 τλαρὸν
662 603 759 654 κα)⁸
788 601 992 655 ἄλυπον
1024 602 1123 672 τῆς
1148 603 1329 675 ψυχῆς
1359 606 1709 676 κατάστημα,
1737 607 1792 658 αἱ

208 690 323 745 τῶν
366 690 550 762 ὓμνων
595 694 930 765 παρηγορίαι
967 695 1300 767 χαρίζονται.
1350 699 1520 768 Εύχαὶ
1564 701 1657 750 καλ⁵
1688 698 1793 768 πρὸ

207 783 311 853 τῆς
342 784 546 857 τροφῆς
588 785 755 850 ἀξίως
793 788 1137 856 γενέσθωσαν
1175 790 1282 843 τῶν
1321 791 1414 843 τοῦ
1446 789 1579 845 Θεοῦ
1611 807 1783 862 παρο-

208 874 343 943 χῶν,
370 868 445 929 ὧν
472 893 533 929 τε
572 877 668 930 νῦν
708 878 909 943 δίδωσι,
943 880 1036 934 καὶ
1067 875 1141 934 ὧν
1182 883 1316 951 πρὸς
1344 883 1404 936 τὸ
1436 884 1626 953 μέλλον
1659 886 1784 937 ἐτα-

210 964 493 1019 μιεύσατο·
528 968 682 1036 εὐχαὶ
720 969 813 1021 καὶ
857 969 997 1035 μετά
1037 969 1136 1034 τὰς
1174 971 1400 1042 τροφάς,
1442 973 1791 1045 εὐχαριστίαν

203 1056 320 1108 τῶν
345 1056 633 1127 διδομένων
664 1058 901 1129 ἔχουσαι,
930 1061 1023 1114 καὶ
1052 1062 1266 1132 αἴτησιν
1304 1063 1411 1116 τῶν
1444 1065 1789 1134 ἐπηγγελμέ-

205 1163 339 1201 νων.
381 1147 527 1221 Εύχὴ
567 1148 623 1202 δὲ
662 1149 823 1222 καλὴ,
866 1153 898 1221 ἡ
932 1151 1139 1222 ἐναργῆ
1174 1150 1477 1222 ἐμποιοῦσα
1519 1154 1612 1207 τοῦ
1652 1154 1787 1206 Θεοῦ

204 1240 418 1295 ἔννοιαν
443 1245 510 1313 τῇ
539 1245 707 1314 ψυχῇο
742 1243 899 1297 τοῦτο
936 1244 1044 1316 γάρ
1075 1246 1192 1297 ἐστι
1222 1245 1358 1299 Θεοῦ
1397 1246 1686 1318 ἐνοίκησις,
1726 1247 1788 1299 τὸ

203 1332 297 1385 διά
340 1332 441 1404 τῆς
489 1320 711 1405 μνήμης
762 1332 905 1405 ἔχειν
959 1335 1310 1406 ἐνιδρυμένον
1361 1337 1419 1388 ὲν
1471 1335 1649 1407 ἑαυτῷ
1694 1337 1786 1390 τὸν

201 1418 361 1475 Θεόν.
412 1419 569 1475 Οῦτω
610 1422 873 1493 γινόμεθα
905 1424 1030 1488 ναὸς
1061 1424 1219 1488 Θεοῦ,
1264 1425 1392 1478 ὅταν
1433 1425 1508 1496 μὴ
1541 1427 1784 1497 φροντίσι

201 1511 425 1580 τηιναις
453 1513 515 1565 τὸ
560 1514 782 1584 συνεχὲς
826 1515 926 1585 τῆς
963 1517 1185 1587 μνήμης
1220 1516 1597 1586 διακόπτηται,
1649 1516 1783 1587 μηδὲ

202 1603 318 1663 τείς
356 1602 784 1672 ἀπροσδοκήτοις
834 1603 1062 1658 πάθεσιν
1109 1608 1138 1658 ὁ
1189 1605 1314 1670 νοῦς
1355 1607 1781 1679 ὲκταράσσηταιο

200 1690 343 1744 ἀλλὰ
374 1693 553 1746 πάντα
585 1693 931 1762 ἀποφεύγων,
968 1695 1058 1748 ἐπὶ
1088 1694 1221 1750 Θεὸν
1250 1697 1531 1768 ἀναχωρῇ,
1562 1695 1782 1762 ἐξελαύ-

203 1801 311 1836 νων
335 1783 403 1836 τά
432 1784 885 1855 προσκαλούμενα
906 1786 1067 1839 αὑτὸν
1090 1789 1173 1851 είς
1194 1787 1463 1858 ἀκρασίαν
1490 1786 1660 1856 πάθη,
1687 1787 1780 1841 καὶ¹

1902 606 2096 658 animae
2115 606 2541 673 aequabilitatem
2577 608 2900 678 hymnorum
2933 608 3130 663 solatia
3158 608 3468 666 conferunt.

1900 697 1976 767 (9)
2007 697 2203 752 Preces
2232 705 2358 752 ante
2387 698 2571 752 cibum
2622 700 2773 763 fiant,
2806 715 2927 770 qua:
2967 701 3126 754 donis
3171 699 3265 754 Dei
3295 699 3472 771 digna

1901 788 2033 850 sint,
2067 796 2180 841 tum
2216 802 2337 857 qua?
2386 802 2533 841 nunc
2564 788 2812 858 largitur,
2846 795 2961 841 tum
2988 802 3109 858 quae
3137 787 3191 840 in
3226 786 3469 841 futurum

1898 881 2241 946 recondidit;
2274 894 2468 949 preces
2496 880 2660 933 etiam
2700 887 2823 949 post
2851 880 3059 944 cibum,
3105 895 3226 949 qua:
3259 886 3313 933 et
3341 893 3468 947 gra-

1899 969 2097 1023 tiarum
2138 974 2407 1024 actionem
2455 985 2553 1040 pro
2599 969 2838 1039 acceptis
2882 970 3040 1025 bonis
3081 979 3136 1025 et
3171 971 3471 1040 promisso-

1900 1076 2019 1116 rum
2058 1064 2372 1131 petitionem
2402 1063 2658 1121 habeant.
2696 1064 2773 1132 (3)
2806 1062 2901 1116 Est
2940 1071 3120 1118 autem
3169 1064 3346 1117 oratio
3375 1063 3464 1116 illa

1898 1154 2185 1224 praeclara,
2218 1168 2339 1221 qua:
2361 1154 2705 1223 perspicuam
2739 1155 2830 1209 Dei
2849 1155 3125 1209 notionem
3146 1154 3342 1209 anima:
3364 1155 3468 1208 im-

1897 1246 2121 1317 primit:
2155 1245 2320 1314 idque
2372 1244 2466 1300 Dei
2505 1245 2837 1301 inliabitatio
2880 1254 2985 1312 est,
3018 1247 3345 1302 insidentem
3388 1246 3467 1301 in-

1896 1347 1984 1392 tus
2025 1336 2190 1391 Demn
2247 1336 2509 1390 memoria
2555 1339 2867 1407 complecti.
2921 1337 3014 1392 Sic
3062 1338 3158 1393 Dei
3197 1337 3467 1393 eﬂicimur

1842 1434 1847 1439 ‘
1892 1427 2173 1496 templum,
2224 1440 2349 1480 cum
2401 1442 2503 1481 nec
2547 1428 2782 1483 terrenis
2827 1430 2978 1482 curis
3012 1436 3309 1498 perpetuus
3351 1441 3469 1481 me-

1893 1519 2078 1572 moriae
2110 1526 2267 1572 tenor
2294 1519 2695 1589 interpellatur,
2747 1533 2847 1573 nec
2881 1519 3191 1589 improvisis
3219 1531 3464 1573 commo-

1890 1610 2130 1667 tionibus
2164 1611 2514 1682 perturbatur
2545 1623 2722 1673 mens,
2773 1610 2867 1665 sed
2912 1609 3094 1663 omnia
3134 1609 3348 1679 fugiens
3394 1611 3462 1666 ad

1891 1700 2059 1757 Deum
2091 1702 2318 1766 secedit,
2365 1701 2638 1771 repellens
2682 1708 3042 1768 provocantes
3083 1700 3151 1755 ad
3183 1701 3460 1757 libidinem

1888 1792 2226 1855 all'cctiones,
2272 1807 2337 1846 ac
2385 1793 2438 1845 in
2472 1790 2673 1847 studiis
2720 1792 2786 1845 ad
2839 1792 3092 1845 virtutem
3135 1791 3463 1847 ducentibus

198 1877 316 1939 τοῖς
353 1876 491 1947 πρὸς
529 1877 730 1948 ἀρετὴν
775 1878 999 1946 ἀγουσιν
1043 1878 1468 1950 ἐπιτηδεύμασιν
1519 1879 1778 1950 ἐνδιατρί-

1887 1885 2229 1938 immoratur.
2258 1882 2335 1955 (4)
2367 1882 2475 1937 Sed
2506 1880 2652 1953 quod
2694 1882 2819 1936 aliis
2848 1881 3178 1948 diluculum,
3216 1881 3269 1935 id
3295 1883 3465 1952 pieta-

200 1965 335 2021 ϐων.
370 1968 480 2021 Καὶ
516 1969 652 2039 ὅπερ
684 1970 797 2032 τοῖς
825 1967 1005 2032 ἄλλοις
1043 1971 1072 2022 ὁ
1112 1969 1306 2042 ὄρθρος
1339 1969 1477 2033 ἐστὶ,
1508 1968 1667 2022 τοῦτο
1702 1967 1780 2039 τῷ

195 2057 304 2127 τῆς
353 2058 630 2121 εὐσεϐείας
678 2061 951 2129 ἀγωνιστῇ
1005 2059 1065 2112 τὸ
1117 2059 1491 2130 μεσονύκτιον,
1544 2059 1781 2130 μάλιστα

200 2149 398 2221 σχολὴν
428 2152 491 2221 τῇ
523 2150 665 2222 ψυχῇ
700 2151 799 2222 τῆς
842 2151 1164 2223 νυκτερινῆς
1211 2151 1439 2223 ἡσυχίας
1485 2152 1777 2224 χαριζομέι

197 2259 321 2312 νης,
364 2240 488 2296 οὔτε
534 2241 849 2313 ὀφθαλμῶν,
890 2241 1014 2296 οὔτε
1057 2242 1212 2297 ὤτων
1244 2242 1512 2317 βλαϐερὰς
1545 2247 1776 2318 ἀκοὰςῆ

198 2329 334 2392 θέας
367 2330 845 2400 παραπεμπόντων
878 2330 971 2383 ἐπὶ
1006 2332 1235 2404 καρδίαν
1257 2348 1270 2361 ’
1319 2333 1454 2387 ἀλλά
1489 2335 1584 2388 καὶ
1618 2335 1778 2406 μόνου

195 2420 325 2475 καθ’
351 2421 539 2474 ἑαυτὸν
565 2421 640 2491 (l)
669 2421 765 2475 τοῦ
796 2422 888 2476 νοῦ
931 2423 1009 2494 τῷ
1041 2422 1161 2494 Θεῷ
1193 2424 1463 2488 συνόντος,
1505 2427 1599 2480 καὶ
1635 2427 1780 2498 διορ-

198 2509 466 2580 θουμένου
492 2510 591 2581 μὲν
610 2513 800 2566 ἑαυτὸν
823 2515 882 2566 ὲν
904 2517 967 2584 τῇ
1005 2515 1191 2585 μνήμῃ
1218 2514 1325 2568 τῶν
1352 2517 1568 2588 ὴμαρτη
1579 2517 1775 2587 μένων,

195 2603 361 2675 ὅρους
403 2603 458 2657 δὲ
501 2603 678 2676 ἐαυτῷ
712 2605 953 2669 τιθέντος
982 2607 1119 2678 πρὸς
1147 2607 1244 2679 τὴν
1278 2607 1522 2663 ἔκκλισιν
1551 2612 1645 2663 τοῦ
1676 2628 1775 2664 κα·

197 2695 323 2759 κοῦ,
352 2699 446 2751 κοιλ⁸
476 2698 574 2769 τὴν
609 2698 757 2770 παρά
784 2697 917 2751 Θεοῦ
947 2700 1237 2770 συνεργίαν
1266 2703 1347 2765 είς
1377 2701 1478 2774 τὴν
1500 2701 1777 2755 τελείωσιν

194 2786 312 2840 τῶν
341 2788 787 2859 σπουδαζομένων
827 2788 1226 2859 ἐπιζητοῦντος.

271 2879 327 2932 4.
357 2879 526 2933 Τοῦτο
551 2882 645 2934 καὶ
680 2882 712 2951 ἡ
744 2880 887 2933 κατὰ
919 2881 1157 2935 Μωῦσέα
1192 2883 1604 2955 παραινίσσεται
1640 2883 1781 2935 ἱστο-

198 2970 319 3042 ρία,
360 2972 443 3023 ὅτι
477 2971 565 3024 διὰ
599 2972 661 3024 τὸ
700 2972 827 3035 τοὺς
873 2973 1280 3043 προκόπτοντας
1321 2974 1396 3045 μὴ
1443 2973 1779 3045 ἐξομαλίζειν

196 3061 303 3123 τὰς
334 3062 582 3133 πράξεις,
611 3063 747 3117 ἀλλά
776 3065 906 3117 ποτὲ
945 3064 1043 3134 μὲν
1073 3068 1319 3136 κρεῖττον
1356 3064 1525 3135 βιοῦν,
1558 3067 1688 3119 ποτὲ
1721 3067 1778 3119 δὲ

193 3154 267 3208 C.‘
317 3155 536 3207 ἀτονίαν
586 3154 872 3207 ἐκλύεσθαι
918 3154 1306 3226 ἀσθενέστερον
1359 3156 1625 3227 ἐνεργεῖν,
1676 3154 1778 3225 sic;

195 3244 550 3315 ἀνθρωπίνης
577 3246 964 3309 καταστάσεως
995 3224 1240 3316 σύμϐολα
1272 3242 1339 3317 ἦν
1367 3246 1435 3299 τὰ
1456 3224 1591 3300 τότε
1631 3224 1777 3315 γινό-
1805 3224 1848 3282 C

200 3353 365 3407 μενα.
388 3337 450 3390 Εί
477 3337 575 3407 μὲν
594 3337 702 3408 γάρ
718 3338 889 3408 ἐπῆρε
904 3337 1004 3400 τὰς
1030 3340 1236 3408 χεῖρας,
1265 3338 1508 3409 ἐνίσχυεν
1538 3338 1777 3409 Ἰσραήλ*

194 3428 291 3483 ὅτε
315 3426 372 3481 δὲ
401 3426 609 3498 καθῆκε
637 3428 738 3491 τὰς
771 3430 981 3497 χεῖρας,
1014 3427 1260 3498 ὲνίσχυεν
1308 3429 1574 3499 Ἀμαλήκ.
1612 3432 1779 3484 Τουτ-

198 3518 840 3587 ἐστι,·καταπιπτούσης
887 3518 1048 3588 ἡμῶν
1108 3518 1210 3588 τῆς
1272 3518 1568 3590 δραστικῆς
1619 3520 1774 3574 δυνά-

200 3628 372 3683 μεως,
408 3609 581 3682 ἰσχύει
612 3610 682 3664 τά
715 3610 1135 3664 ἀντιπαλαίοντα
1184 3614 1336 3683 ἡμῖν·
1383 3611 1693 3682 ύψουμένης
1720 3612 1778 3666 δὲ

197 3700 299 3755 καὶ
325 3699 693 3769 διαιρομένης,
726 3698 1097 3771 δυνατώτερον
1139 3700 1346 3767 γίνεται
1378 3701 1440 3752 τὸ
1471 3700 1777 3772 διορατικὸν

197 3794 260 3844 ὲν
295 3791 446 3861 ἡμῖν’
484 3790 697 3862 ἐπαίρει
736 3792 833 3860 μὲν
871 3791 981 3861 γάρ
1009 3793 1037 3843 ὁ
1067 3790 1135 3843 τά
1165 3791 1279 3844 ἀνω
1307 3790 1508 3861 ζητῶν,
1548 3792 1775 3844 ἐκτείνει

193 3883 254 3936 δὲ
286 3885 317 3936 ὁ
347 3881 447 3951 τῆς
478 3885 557 3945 εἰς
586 3881 656 3935 τὰ
693 3884 980 3952 σωματικὰ
1015 3882 1268 3954 βοηθείας
1299 3884 1665 3949 ὲπιδεόμενος.
1718 3885 1776 3937 '0

192 3975 379 4030 τοίνυν
405 3978 462 4029 ὲν
490 3974 566 4045 τῷ
585 3974 697 4046 ναῷ
716 3976 810 4028 τοῦ
832 3975 968 4028 Θεοῦ
994 3978 1302 4047 γενόμενος,
1336 3978 1395 4030 ού
1424 3975 1773 4045 κακολογίαν,

194 4068 259 4121 οὐ
298 4065 654 4136 ματαιότητα,
702 4067 803 4119 οὐκ
845 4066 1087 4137 αἰσχρῶν
1138 4068 1481 4137 πραγμάτων
1536 4070 1772 4139 ῥήματα,

193 4156 556 4226 ἀπαγγέλλει,
591 4157 802 4226 ἀπαγεί
845 4156 960 4210 ἀλλ’
1008 4159 1110 4212 Ἔν
1134 4159 1213 4224 τῷ
1248 4158 1372 4225 ναῷ
1392 4159 1598 4223 αὐτοῦ,
1635 4160 1776 4213 κατά

193 4252 290 4303 τὸν
334 4248 519 4312 Δαϐὶδ,
574 4248 699 4315 πᾶς
743 4267 834 4317 τις
880 4250 1042 4320 λέγει
1085 4251 1290 4315 δόξαν.
1360 4252 1682 4323 Ἐστήκασιν
1724 4254 1773 4306 oi

194 4342 645 4413 ἀπογραφόμενοι
682 4340 752 4393 τὰ
791 4341 1012 4412 ῥήματα
1040 4342 1282 4409 ἄγγελοι·
1312 4344 1577 4415 πάρεστιν
1604 4346 1632 4398 δ
1659 4344 1774 4397 Κύ-

196 4450 317 4506 ριος
362 4433 463 4496 τὰς
510 4431 776 4496 διαθέσεις
830 4433 937 4485 τῶν
986 4434 1261 4487 εἰσιόντων
1311 4435 1650 4488 ἐπισκοπῶν.
1711 4437 1777 4489 Ἠ

193 4526 476 4601 προσευχὴ
516 4525 747 4578 ἑκάστου
777 4525 1159 4597 πεφανέρωται
1180 4525 1259 4592 τῷ
1282 4525 1420 4595 Θεῷ⁸
1455 4526 1538 4589 τίς
1572 4529 1635 4579 ὲκ
1661 4527 1776 4580 δια-

192 4619 422 4681 θέσεως,
466 4617 550 4681 τίς
590 4617 971 4687 ἐπιστημόνως
1017 4617 1265 4689 ἐπιζητεῖ
1301 4618 1368 4671 τά
1406 4619 1652 4689 οὐράνια·
1693 4619 1776 4683 τίς

193 4709 610 4780 ἀφωσιωμένως
642 4709 834 4781 ἄκροις
869 4712 983 4772 τοῖς
1008 4710 1210 4780 χείλεσι
1245 4711 1314 4763 τά
1356 4712 1578 4783 ῥήματα
1610 4710 1777 4779 φθέγ-

190 4818 373 4871 γεται,
406 4804 440 4872 ἡ
472 4800 528 4854 δὲ
561 4800 758 4872 καρδία
796 4800 962 4855 αὐτοῦ
1006 4801 1193 4873 πόρρω
1237 4803 1434 4872 ἀπέχει
1471 4802 1581 4854 ἀπὸ
1618 4801 1772 4855 Θεοῦ.

190 4893 316 4948 Κᾶν
350 4891 597 4963 εύχηται,
634 4892 847 4960 ὑγίειαν
890 4893 1113 4965 σαρκὸς,
1154 4894 1249 4946 καὶ
1280 4893 1588 4963 σωματικὸν
1613 4892 1775 4945 πλοῦ-

187 5001 304 5047 τον,
337 4984 434 5036 καὶ
456 4983 613 5048 δόξαν
635 4983 983 5055 ἀνθρωπίνην
1007 4983 1277 5053 ἐπιζητεῖ.
1292 4985 1383 5035 Δεῖ
1405 4983 1462 5036 δὲ
1484 4984 1636 5037 οὐδὲν
1659 4984 1776 5037 τού-

188 5092 325 5138 των,
356 5074 430 5138 ὠς
463 5076 491 5127 ὁ
531 5074 685 5143 λόγος
728 5074 988 5138 διδάσκει,
1036 5074 1152 5127 ἀλλ’
1207 5075 1309 5129 Ἐν
1335 5073 1415 5139 τῷ
1441 5072 1565 5139 ναῷ
1588 5076 1775 5130 αὐτοῦ

188 5163 314 5231 πᾶς
349 5180 440 5230 τις
473 5163 636 5233 λέγει
675 5164 881 5229 δόξαν.
940 5164 1102 5228 Ἀλλ’,
1145 5162 1191 5217 ὣ
1227 5165 1322 5217 τοῦ
1352 5164 1666 5235 θαύματοςί
1711 5171 1774 5222 Οἱ

187 5253 439 5322 οὐρανοὶ
462 5252 809 5325 διηγοῦνται
836 5254 1025 5319 δόξαν
1064 5256 1233 5311 Θεοῦ.
1286 5256 1568 5326 ’Δγγέλοις
1591 5257 1772 5329 ἔργον,

254 5412 302 5443 ⁸⁸
343 5411 518 5467 Exod.
550 5429 684 5478 xvu,
719 5412 804 5467 11.
882 5414 928 5445 ⁸⁸
964 5411 1112 5473 Psal.
1165 5430 1355 5481 xxvul,
1396 5414 1451 5471 9.

264 5570 356 5647 (ll
381 5572 487 5647 1(ιρ
509 5572 701 5641 μόνου
723 5576 850 5628 καθ’
877 5574 1112 5633 ἑαυτόν.
1143 5572 1303 5633 Forte
1331 5575 1493 5647 μόνου
1521 5575 1614 5631 καὶ
1647 5575 1770 5631 καθ’

188 5640 406 5697 ἑαυτόν.
439 5640 598 5699 Em.

267 5712 345 5783 (2)
379 5711 454 5783 lix
494 5713 657 5783 epist.
687 5729 748 5780 ιι,
782 5713 867 5770 74.

267 5782 348 5854 (5)
377 5781 543 5852 Ibid,
569 5783 654 5838 75.

1886 1972 1958 2028 tis
1993 1972 2301 2028 cultoribus
2339 1971 2518 2027 media
2552 1986 2702 2026 nox:
2735 1987 2859 2026 cum
2913 1972 3151 2028 maxime
3190 1983 3459 2028 nocturna

1883 2064 2040 2133 quies
2075 2065 2246 2118 otium
2278 2063 2477 2119 anima:
2518 2063 2802 2135 largiatur,
2836 2078 3012 2134 neque
3039 2066 3238 2129 oculis,
3282 2081 3462 2135 neque

1882 2158 2110 2211 auribus
2133 2157 2433 2227 quidquam
2468 2156 2590 2211 visu
2625 2168 2717 2211 aut
2740 2157 2926 2211 auditu
2950 2157 3241 2213 exitiosum
3279 2158 3333 2214 in
3362 2173 3461 2213 cor

1881 2247 2326 2311 immittentibus,
2361 2246 2456 2303 sed
2488 2258 2669 2302 mente
2701 2249 2817 2302 sola
2850 2264 2950 2318 per
2979 2264 3039 2303 se
3069 2265 3194 2303 cum
3224 2248 3334 2305 Deo
3378 2266 3459 2304 ra-

1882 2340 2082 2394 tionem
2119 2340 2376 2399 habente.
2405 2355 2575 2410 seque
2612 2342 2919 2412 corrigente
2943 2340 3103 2411 525
3133 2356 3229 2410 per
3262 2356 3459 2411 pecca~

1882 2443 2059 2485 torum
2108 2432 2554 2487 recordationem
2584 2442 2637 2486 et
2669 2433 2884 2501 regulas
2916 2433 3018 2487 sibi
3052 2433 3158 2502 ipsi
3198 2432 3455 2503 praescri-

1880 2522 2042 2575 bente
2083 2521 2150 2575 ad
2191 2522 2324 2576 vitia
2352 2522 2701 2586 declinanda,
2740 2538 2803 2575 ac
2837 2521 2930 2576 Dei
2976 2522 3241 2577 auxilium
3269 2525 3339 2577 ad
3369 2539 3453 2585 ea,

1878 2626 1999 2713 ηυδε
2030 2611 2212 2665 studio
2250 2612 2437 2677 habet,
2466 2612 2799 2683 perficienda
2827 2612 3174 2682 implorante.

1948 2875 2001 2929 4.
2046 2873 2121 2945 (5)
2153 2872 2267 2929 Hoc
2304 2874 2470 2929 etiam
2517 2873 2679 2929 nobis
2726 2874 2904 2929 innuit
2932 2873 3133 2946 Moysis
3182 2874 3454 2943 historia;

1878 2969 2078 3038 quippe
2107 2982 2228 3039 quae
2256 2978 2388 3022 tunc
2418 2966 2639 3034 fiebant,
2661 2967 2995 3023 conditionis
3027 2968 3277 3022 humanae
3299 2980 3459 3023 erant

1879 3060 2147 3130 symbola,
2192 3058 2338 3130 quod
2384 3058 2421 3113 ii
2454 3059 2550 3128 qui
2580 3058 2894 3129 proficiunt,
2938 3073 3047 3112 non
3084 3059 3201 3129 pari
3246 3059 3459 3113 ratione

1880 3165 1946 3206 ac
2004 3162 2193 3205 tenore
2249 3151 2711 3222 operanturzsed
2779 3150 2943 3204 modo
2998 3151 3194 3206 melius
3242 3150 3454 3213 vivunt,

1882 3240 2042 3294 modo
2074 3254 2207 3295 vero
2244 3241 2315 3295 ob
2341 3240 2776 3295 imbecillitatem
2827 3239 3177 3311 franguntur,
3220 3255 3460 3311 suasque

1881 3330 2192 3402 languidius
2229 3338 2463 3386 exerunt
2494 3331 2762 3386 actiones.
2796 3329 3010 3386 Etenim
3051 3332 3095 3386 si
3128 3329 3343 3401 Moyses
3371 3337 3460 3383 at-

1880 3425 2097 3479 tolleret
2142 3439 2374 3491 mauus,
2421 3423 2678 3479 vincebat
2722 3424 2954 3479 Israel”
3003 3441 3017 3478 :
3055 3424 3276 3494 quando
3330 3439 3459 3480 vero

1878 3533 1974 3573 eas
1999 3518 2343 3581 demittebat,
2374 3518 2703 3587 praevalebat
2731 3517 2970 3573 Amalec.
2998 3517 3113 3573 Hoc
3135 3527 3242 3578 est.
3266 3527 3456 3574 nostra

1880 3608 2116 3664 facultas
2148 3619 2372 3665 actuosa
2416 3608 2688 3679 siquando
2725 3608 2931 3663 fatiscit
2961 3624 3027 3663 ac
3063 3610 3455 3679 prosternitur,

1879 3699 1935 3752 in
1973 3713 2072 3752 nos
2102 3700 2400 3768 praevalent
2437 3697 2769 3751 adversaria:
2808 3707 3109 3767 potestates
3145 3715 3214 3753 :e
3236 3708 3458 3753 contra-

1878 3791 1983 3853 rio,
2024 3791 2071 3843 si
2105 3806 2168 3845 ea
2213 3790 2429 3844 sublata
2478 3790 2533 3843 in
2570 3791 2739 3843 altum
2779 3790 2851 3844 sit
2892 3801 2946 3844 et
2976 3798 3192 3856 erecta;
3241 3790 3324 3845 vis
3356 3807 3454 3844 no-

1879 3889 1995 3936 stra
2025 3880 2244 3936 videndi
2291 3883 2438 3937 vires
2476 3881 2715 3948 majores
2760 3881 3007 3934 resumit.
3050 3879 3329 3950 Siquidem
3358 3882 3451 3951 qui

1877 3974 2075 4042 qua-rit
2126 3973 2402 4037 sublimia,
2450 3972 3000 4027 sustollit:extendit
3048 3986 3200 4036 vero,
3246 3973 3341 4042 qui
3388 3973 3456 4027 ad

1877 4064 2280 4134 comparandas
2369 4079 2458 4119 res
2540 4065 2856 4133 corporales
2931 4064 3194 4117 auxilium
3275 4072 3453 4135 regat.

1879 4155 1956 4227 (6)
1995 4155 2102 4221 Qui
2154 4156 2319 4225 igitur
2354 4157 2407 4209 in
2475 4155 2679 4225 templo
2727 4153 2822 4209 Dei
2870 4163 2977 4221 est,
3026 4169 3138 4209 non
3189 4155 3454 4219 convitia,

1878 4264 1987 4302 nou
2028 4263 2118 4302 res
2153 4263 2343 4311 vanas,
2387 4262 2498 4301 non
2546 4248 2711 4302 verba
2739 4248 2998 4302 obscenis
3045 4247 3208 4303 rebus
3253 4246 3454 4302 referta

1879 4342 2105 4411 profert,
2155 4342 2341 4395 absit!
2376 4340 2470 4396 sed
2513 4338 2577 4393 In
2624 4339 2812 4409 templa
2850 4340 2987 4410 ejus,
3040 4348 3100 4394 ut
3145 4340 3222 4394 ait
3259 4338 3453 4406 David,
3545 4362 3550 4373 ·

1876 4448 2093 4503 quisque
2124 4430 2255 4485 dicit
2284 4432 2534 4502 gloriam.
2565 4438 2762 4486 Astant
2798 4433 2998 4503 angeli,
3034 4431 3127 4501 qui
3169 4430 3332 4485 verba
3368 4430 3458 4486 de-

1878 4525 2169 4579 scribunt:
2206 4522 2361 4578 adest
2410 4523 2693 4587 Dominus,
2734 4524 2828 4591 qui
2861 4523 3106 4576 animum
3151 4520 3459 4590 ingredien-

1883 4617 2015 4668 tium
2041 4616 2307 4669 intuetur.
2331 4613 2530 4669 Preces
2556 4614 2992 4683 uuiuscujusque
3018 4614 3323 4668 manifestae
3341 4612 3455 4669 Deo

1881 4715 2047 4776 sunt;
2078 4710 2202 4779 quis
2234 4723 2301 4762 ex
2329 4709 2547 4774 atfectu,
2577 4707 2701 4778 quis
2731 4707 2868 4761 scite
2889 4707 3141 4776 exquirat
3170 4707 3451 4773 caelestia;

1881 4803 2006 4870 quis
2042 4800 2413 4871 perfunctorie
2436 4809 2491 4855 et
2520 4800 2782 4856 extremis
2814 4800 2989 4855 labris
3017 4801 3179 4855 verba
3210 4815 3454 4870 pronun-

1883 4896 2000 4956 tiet,
2033 4906 2130 4947 cor
2171 4907 2300 4948 vero
2338 4894 2512 4965 ipsius
2544 4893 2731 4963 procul
2772 4909 2804 4947 ιι
2852 4892 2982 4947 Deo.
3024 4890 3181 4957 Quod
3226 4893 3273 4948 si
3308 4900 3453 4957 orat,

1879 4985 2064 5039 carnis
2105 4985 2422 5048 sanitatem,
2462 4999 2702 5054 opesque
2744 4998 3037 5054 eorporeas
3064 4992 3120 5039 et
3158 4984 3450 5039 humanam

1879 5077 2107 5146 gloriam
2158 5077 2434 5146 efﬂagitat.
2485 5076 2689 5133 Horum
2743 5086 2923 5132 autem
2969 5077 3104 5132 nihil
3158 5077 3450 5148 petendum

1880 5177 1982 5230 est,
2014 5179 2072 5222 ut
2113 5167 2395 5238 Scriptura
2434 5169 2633 5224 docet:
2666 5169 2764 5225 sed
2811 5168 2879 5223 In
2907 5169 3098 5240 templo
3136 5171 3249 5238 ejus
3291 5184 3453 5223 uuas-

1879 5262 2096 5330 quisque
2121 5260 2251 5314 dicit
2273 5261 2587 5331 gloriam“.
2612 5260 2835 5329 Verum,
2871 5277 2906 5318 ο
2938 5278 3051 5318 rem
3087 5262 3452 5317 admiratione

1942 5574 2026 5716 (ιζ
2055 5573 2213 5640 lbid.,
2248 5574 2334 5629 75.

1948 5646 2006 5716 (5
2059 5644 2133 5716 Ex
2168 5661 2334 5699 conm

1974 5642 2026 5710 5)
2059 5644 2133 5699 Ex
2168 5651 2462 5699 comment.
2501 5644 2554 5698 in
2582 5642 2719 5710 Isa.,
2752 5645 2877 5701 408.

1974 5646 2026 5716 5)
2059 5646 2133 5699 Ex
2168 5651 2462 5699 comment.
2501 5646 2554 5698 in
2582 5646 2719 5710 Isa.,
2752 5646 2877 5701 408.

1948 5646 2027 5790 i6)
2055 5715 2130 5773 Ex
2158 5716 2304 5772 hom.
2341 5715 2395 5768 in
2421 5716 2560 5785 pact.
2593 5731 2787 5785 xxvtn,
2818 5712 2937 5771 £29.
