3874 6224
390 337 529 395 1213

1248 332 1612 390 APPENDIX.
1639 354 1712 379 -ι
1754 330 2100 391 SYMEONIS
2134 329 2673 389 METAPIIRAST/E

3509 331 3643 387 l9.“

388 452 647 524 dignaml
678 448 811 507 Cwli
850 458 1107 506 enarrant
1152 450 1382 523 gloriam
1428 450 1611 506 Dei“.
1646 449 1815 507 Deum
1850 452 1969 523 glo-

2084 451 2371 522 Ξοξολογεῖν
2402 451 2493 505 τὸν
2524 451 2679 504 Θεόν.
2718 450 2873 521 Πάσῃ
2905 452 2970 520 τῇ
3021 452 3248 523 στρατιᾷ
3273 450 3380 503 τῶν
3413 452 3647 521 ἐπουρα-

390 546 473 599 ria
510 544 748 611 allicere,
786 545 1104 614 angelorum
1148 559 1352 600 munus
1390 551 1496 599 est.
1528 541 1642 598 Hoc
1680 558 1849 598 unum
1883 553 1969 599 est

392 636 566 695 totius
597 636 842 692 caelestis
883 637 1162 691 exercitus
1192 634 1452 701 ollicium,
1498 633 1706 690 referre
1736 634 1970 697 creatori

393 729 646 800 gloriam.
671 729 935 785 Creatura
971 730 1172 793 omnis,
1210 735 1326 783 tum
1356 728 1546 793 silens,
1581 733 1695 781 tum
1717 725 1969 797 loquens,

393 829 509 876 tum
540 820 806 885 cmlestis,
856 830 970 875 tum
1000 829 1244 887 terrena,
1276 819 1371 873 dat
1400 817 1631 889 gloriam
1678 816 1970 873 conditori.

396 912 736 968 Miserabiles
774 928 906 968 vero
950 912 1226 976 homines,
1270 919 1558 982 postquam
1601 909 1812 964 aedibus
1857 908 1974 965 suis

395 1004 601 1060 relictis
630 1003 701 1058 ad
740 1004 1002 1074 templum
1049 1010 1440 1064 cucurrerunt,
1489 1001 1648 1071 quasi
1692 998 1971 1069 quidpiam

394 1095 747 1151 consecuturi
799 1093 1182 1160 emolumenti,
1234 1100 1416 1147 tamen
1447 1090 1542 1145 Dei
1586 1092 1770 1146 verbis
1814 1105 1974 1145 aures

395 1199 506 1239 non
530 1183 791 1254 praebent,
822 1198 980 1240 suam
1003 1184 1247 1255 ipsorum
1274 1189 1529 1236 naturam
1552 1197 1663 1238 non
1695 1183 1973 1249 sentiunt;

395 1291 504 1332 non
535 1284 769 1332 mcerent
800 1276 931 1331 dum
974 1275 1410 1332 reminiscuntur
1439 1282 1820 1346 peccatorum;
1865 1290 1976 1330 non

395 1369 593 1425 timent
621 1369 926 1439 judicium;
968 1369 1066 1425 sed
1100 1368 1429 1431 arridentes,
1459 1376 1514 1423 et
1562 1367 1707 1423 inter
1753 1384 1814 1424 se
1847 1368 1978 1438 jun-

395 1470 585 1533 gentes
626 1461 871 1523 dextras,
904 1460 1241 1532 precationis
1283 1458 1507 1515 domum
1551 1458 1832 1513 imlocum
1876 1458 1979 1512 im—

397 1551 627 1605 modicas
692 1549 1040 1621 loquacitatis
1089 1555 1344 1612 vertunt,
1399 1549 1673 1618 aspernati
1716 1547 1977 1603 Davidem

396 1640 769 1697 declarantem
800 1647 855 1695 et
884 1640 1156 1695 dicentem
1180 1655 1196 1691 :
1229 1638 1293 1693 In
1321 1639 1514 1708 templo
1539 1639 1652 1708 ejus
1696 1641 1978 1702 unusquis-

396 1748 497 1803 que
523 1732 653 1786 dicit
692 1732 937 1802 gloriam.
958 1730 1037 1786 Tu
1066 1747 1195 1786 vero
1225 1747 1333 1785 non
1372 1730 1533 1787 modo
1552 1747 1661 1785 non
1696 1732 1935 1801 loqueris
1960 1750 1974 1785 :

2074 543 2202 596 νίων
2229 541 2287 594 ἒν
2318 541 2477 595 τοῦτο
2506 541 2686 613 ἔργον,
2718 541 2877 608 δόξαν
2910 541 3252 611 ἀναπέμπειν
3276 541 3355 612 τῷ
3379 542 3642 599 κτίσαντι.

2083 635 2147 687 'H
2176 632 2353 697 κτίσις
2379 635 2550 699 πᾶσα,
2577 635 2611 704 ἦ
2638 650 2696 686 τε
2720 632 2985 686 σιωπῶσα
3012 633 3108 686 καὶ
3134 632 3503 704 φθεγγομένη,
3532 632 3569 702 ἥ
3586 648 3646 685 τι

2072 725 2463 799 ὑπερκόσμιος,
2495 726 2532 796 ἦ
2564 742 2625 778 τε
2658 725 2954 795 περίγειος,
2994 723 3206 790 δοξάζει
3238 723 3329 775 τὸν
3362 723 3644 777 κτίσαντα.

2077 816 2388 889 ’Ἄνθρωποι
2417 817 2475 871 δὲ
2501 816 2745 881 ὲλεεινοὶ,
2776 814 3170 879 καταλιπόντες
3190 817 3317 870 τοὺς
3342 814 3527 878 οἴκους
3555 815 3648 867 καὶ

2074 913 2166 965 ἐπὶ
2194 911 2287 966 τὸν
2319 911 2445 965 ναὸν
2474 911 2773 984 δραμόντες
2797 911 2895 982 (5),
2926 910 3004 973 ὡς
3029 909 3091 978 δή
3112 926 3164 961 τι
3188 907 3417 970 ἑαυτοὺς
3438 906 3649 978 ὠφελη-

2075 1020 2259 1067 σοντες
2281 1042 2294 1067 ,
2342 1003 2441 1073 οὐχ
2493 1003 2751 1072 ὑπέχουσι
2802 1004 2900 1065 τάς
2940 1000 3110 1063 ἀκοὰς
3154 999 3332 1063 λόγοις
3370 997 3546 1063 Θεοῦ,
3587 998 3649 1051 οὐ

2072 1092 2440 1164 λαμϐάνουσιν
2481 1092 2734 1165 αἴσθησιν
2775 1094 2873 1163 τῆς
2922 1092 3128 1145 ἑαυτῶν
3169 1089 3405 1159 φύσεως,
3448 1090 3514 1143 οὐ
3560 1087 3652 1141 λυ-

2077 1184 2304 1239 ποῦνται
2330 1185 2410 1248 εἰς
2441 1186 2661 1256 μνήμην
2685 1184 2793 1237 τῶν
2820 1184 3105 1256 ἁμαρτιῶν
3139 1180 3555 1251 ἀφικνούμενοι,
3589 1179 3652 1232 σὺ

2076 1274 2338 1346 τρέμουσι
2366 1275 2466 1347 τὴν
2494 1276 2695 1346 κρίσιν·
2718 1274 2856 1329 ἀλλὰ
2882 1274 3195 1345 μειδιῶντες
3219 1275 3315 1327 καὶ
3340 1273 3445 1337 τὰς
3475 1272 3654 1337 δεξιὰς

2075 1364 2328 1437 ἀλλήλοις
2365 1364 2749 1436 ἐμϐάλλοντες,
2784 1364 2949 1418 τόπον
2985 1363 3356 1436 μακρολογίας
3386 1364 3483 1417 τὸν
3509 1360 3654 1417 οἷκον

2078 1458 2358 1512 ποιοῦνται
2380 1458 2477 1529 τῆς
2503 1458 2831 1530 προσευχῆς,
2853 1456 3255 1529 παρακούοντες
3282 1456 3378 1508 τοῦ
3408 1457 3657 1527 Ψαλμῳ-

2074 1552 2166 1607 δοῦ
2199 1553 2709 1625 διαμαρτυρομένου
2734 1554 2831 1606 καὶ
2858 1551 3128 1619 λέγοντος,
3161 1551 3245 1604 ὅτι
3288 1550 3396 1604 Ἐν
3420 1549 3507 1616 τῷ
3536 1548 3659 1615 ναῷ

2076 1644 2183 1700 τοῦ
2214 1646 2364 1700 Θεοῦ
2392 1644 2513 1712 πᾶς
2535 1663 2627 1713 τις
2644 1644 2806 1715 λέγει
2833 1644 3043 1711 δόξαν.
3062 1646 3134 1698 Σὺ
3150 1644 3209 1699 δὲ
3222 1645 3284 1697 οὐ
3304 1644 3473 1716 μόνον
3488 1645 3551 1697 οὐ
3569 1644 3660 1696 λέ-

2077 1756 2215 1808 γεις,
2242 1737 2378 1791 ἀλλὰ
2402 1738 2498 1792 καὶ
2518 1738 2688 1809 ἑτέρῳ
2709 1739 2967 1809 ἐμπόδιον
2984 1736 3128 1809 γίνῃ,
3151 1734 3505 1808 ἐπιστρέφων
3524 1735 3661 1806 πῲς

398 1824 496 1879 sed
527 1824 682 1878 alteri
712 1825 874 1878 etiam
906 1840 973 1880 es
1002 1824 1413 1894 impedimento,
1439 1823 1531 1893 qui
1553 1839 1680 1878 eum
1720 1824 1815 1877 tibi
1847 1822 1975 1878 red-

2084 1831 2288 1886 ἑαυτόν.
2315 1830 2407 1902 Μὴ
2430 1830 2539 1903 γὰρ
2565 1830 2724 1901 δόξης
2750 1829 3022 1883 ἐπιδέεται
3047 1830 3076 1881 ὁ
3100 1828 3252 1893 Θεὸς,
3274 1825 3416 1881 ἀλλὰ
3446 1826 3510 1878 σὲ
3534 1825 3660 1896 pmi-

400 1913 502 1969 das
544 1923 833 1970 attentum.
870 1913 1016 1970 Deus
1047 1915 1195 1968 enim
1248 1914 1476 1969 minime
1521 1913 1727 1984 indiget
1765 1913 1975 1984 gloria;

401 2004 500 2061 sed
532 2012 585 2060 te
614 2005 730 2061 vult
757 2019 881 2060 esse
911 2004 1159 2074 dignum,
1191 2001 1289 2073 qui
1332 2016 1677 2072 consequare
1724 2001 1975 2073 gloriam.

401 2094 767 2166 Quapropter,
787 2093 941 2161 Quod
962 2095 1187 2149 seminat
1220 2094 1398 2158 homo,
1437 2094 1534 2148 hoc
1558 2102 1606 2148 et
1630 2102 1780 2148 metet
1805 2094 1871 2147 θ’.

471 2189 526 2245 5.
568 2189 646 2261 (1)
671 2187 884 2244 Censeo
914 2194 1098 2242 autem
1131 2195 1386 2257 oportere
1412 2185 1523 2241 Deo
1560 2187 1704 2241 bona
1730 2183 1984 2257 largienti

400 2281 609 2352 gratias
638 2296 819 2352 agere,
862 2279 1288 2351 procrastinanti
1329 2294 1457 2333 vero
1480 2293 1590 2333 non
1633 2292 1982 2333 succensere.

401 2372 468 2427 Et
499 2388 633 2428 sane
677 2373 725 2429 si
752 2373 915 2429 nobis
960 2371 1174 2427 dederit
1202 2376 1384 2425 tecum
1430 2386 1574 2434 esse,
1617 2371 1823 2440 optima
1869 2370 1985 2425 haec

401 2465 677 2535 simulque
698 2463 1107 2534 jucundissima
1133 2461 1479 2532 parabimus;
1519 2461 1568 2515 si
1596 2476 1711 2515 rem
1743 2459 1982 2524 diﬂ’erat,

400 2553 662 2608 damnum
710 2553 908 2609 leniter
955 2551 1218 2607 feremus.
1269 2549 1404 2604 Nam
1460 2550 1659 2605 melius
1713 2548 1983 2618 profecto.

400 2660 566 2716 quam
594 2660 696 2702 nos
733 2644 838 2715 ipsi
879 2643 1082 2715 eligere
1110 2641 1408 2713 possimus.
1434 2648 1621 2696 nostra
1645 2641 1982 2694 moderatur.

405 2737 482 2807 (2)
521 2735 765 2808 Halcyon
801 2736 917 2791 avis
951 2735 1162 2790 marina
1184 2743 1290 2790 est.
1331 2732 1456 2788 llaec
1487 2733 1755 2803 depositis
1786 2732 1839 2786 in
1868 2732 1988 2802 ipsa

402 2845 569 2886 arena
597 2831 737 2894 ovis,
760 2830 1062 2886 secundum
1085 2828 1409 2897 ipsalittora
1442 2826 1709 2881 fetitlcare
1731 2826 1904 2894 solet;
1932 2833 1988 2881 et

402 2924 552 2978 circa
607 2922 844 2978 mediam
892 2923 1005 2978 fere
1045 2921 1279 2976 hiemem
1328 2921 1510 2990 pullos
1557 2917 1822 2980 excludit,
1870 2926 1985 2972 tum

402 3030 529 3071 cum
586 3029 738 3070 mare
790 3014 977 3071 multis
1016 3021 1073 3069 et
1115 3013 1370 3067 violentis
1422 3009 1601 3067 ventis
1659 3011 1728 3064 ad
1781 3019 1984 3066 terram

406 3106 569 3179 526
595 3105 861 3160 alliditur.
910 3106 1164 3160 Attamen
1212 3104 1616 3173 consepiuntur
1675 3105 1825 3156 venti
1872 3118 1987 3157 om-

404 3214 528 3261 nes,
575 3198 869 3268 quiescunt
911 3195 1153 3266 πηιλοιεὶ
1200 3195 1402 3251 [luctus
1450 3209 1547 3265 per
1594 3204 1802 3264 Septem
1841 3195 1982 3259 dies,

405 3289 609 3361 quibus
632 3287 868 3359 haleyon
898 3287 1018 3343 ovis
1054 3285 1298 3341 incubat.
1345 3284 1482 3338 Nam
1528 3285 1750 3340 totidem
1791 3285 1986 3342 diebus

407 3380 585 3438 solum
638 3379 818 3450 pullos
867 3379 1133 3434 excludit.
1186 3375 1323 3431 Cum
1350 3384 1534 3431 autem
1578 3384 1634 3431 et
1674 3377 1823 3431 victu
1851 3376 1986 3447 ipsis

406 3488 547 3544 opus
578 3471 671 3537 sit,
699 3472 837 3527 alios
866 3478 1075 3541 septem
1115 3469 1230 3524 dies
1268 3469 1337 3524 ad
1369 3469 1641 3539 pullorum
1678 3467 1985 3524 incremen-

406 3574 525 3622 tum
559 3565 700 3621 Deus
731 3563 1283 3621 muniﬁcentissimus
1323 3561 1553 3617 minimo
1587 3561 1717 3617 huic
1763 3562 1985 3617 animali

407 3660 681 3733 praestitit.
716 3657 1083 3725 Quamobrem
1112 3665 1167 3712 et
1191 3670 1383 3711 omnes
1410 3662 1594 3710 nautae
1632 3655 1736 3709 hoc
1766 3656 1984 3722 sciunt,

407 3753 639 3820 diesque
675 3751 803 3806 illos
841 3749 1120 3821 appellant
1191 3749 1547 3820 baleyoneos.
1595 3746 1706 3803 Res
1740 3748 1847 3803 illa;
1893 3763 1988 3818 per

409 3843 506 3900 Dei
539 3844 594 3899 in
630 3843 789 3898 bruta
822 3842 1222 3913 providentiam
1265 3841 1493 3897 sancitte
1531 3847 1665 3901 sunt
1693 3849 1746 3895 et
1765 3839 1985 3895 ordinao

406 3944 500 4000 tte,
545 3943 605 3990 ιιι
635 3944 697 3991 ιιι
740 3934 828 3991 bis
861 3934 1146 4000 incitatus,
1175 3949 1240 3988 ea
1277 3949 1400 4004 quae
1447 3933 1515 3989 ad
1564 3941 1714 3988 tuam
1753 3932 1986 3989 salutem

407 4026 708 4098 pertinent,
746 4041 778 4080 a
806 4024 922 4094 Deo
937 4040 1229 4097 exposcas.
1252 4026 1396 4092 Quid
1432 4036 1525 4081 tua
1553 4042 1746 4094 causa,
1775 4027 1872 4097 qui
1908 4028 1990 4082 la-

407 4129 531 4172 ctus
553 4131 614 4172 es
641 4118 707 4170 ad
738 4113 834 4170 Dei
858 4115 1174 4185 imaginem,
1207 4117 1373 4168 etiam
1407 4123 1604 4185 praeter
1632 4116 1989 4185 exspectatio-

408 4223 536 4262 nem
585 4206 703 4262 ﬁeri
749 4219 860 4260 non
900 4205 1099 4276 possit,
1152 4220 1278 4260 cum
1324 4206 1556 4261 aviculae
1596 4206 1734 4261 adeo
1780 4207 1990 4277 exiguae

408 4298 586 4372 gratia
622 4304 836 4354 vastum
863 4306 922 4352 et
942 4296 1277 4353 horrendum
1309 4313 1462 4353 mare
1492 4299 1549 4353 in
1595 4299 1774 4353 media
1810 4298 1990 4355 hieme

407 4392 694 4463 quiescere
722 4389 964 4460 iussum,
999 4388 1307 4445 detineatur
1336 4406 1401 4445 ac
1429 4388 1715 4446 frenetur?
1754 4389 1813 4444 Si
1841 4389 1986 4444 enim

408 4480 664 4553 lialcyoni
715 4489 869 4535 tanta
928 4480 1194 4551 largitur,
1264 4490 1474 4550 quanto
1530 4480 1741 4550 majora
1774 4482 1841 4535 iis
1891 4481 1984 4550 qui

408 4574 592 4644 ipsum
650 4578 767 4626 toto
817 4570 988 4626 corde
1059 4572 1355 4637 invocant,
1424 4586 1795 4628 concessurus
1866 4573 1987 4627 est?

408 4664 778 4734 Quapmpter,
821 4677 856 4716 ο
901 4661 1121 4726 fratres,
1157 4662 1293 4717 illud
1341 4669 1611 4718 statutum
1660 4662 1984 4726 habeamus.

406 4771 535 4811 cum
566 4753 782 4809 caeteris
810 4751 868 4807 in
896 4752 1156 4823 precibus
1184 4751 1419 4815 nostris,
1450 4759 1570 4806 tum
1599 4752 1767 4807 etiam
1804 4760 1987 4808 tenta-

408 4845 576 4901 tionis
611 4851 877 4916 tempore,
920 4858 1031 4898 non
1076 4842 1147 4898 ad
1198 4842 1468 4898 humanas
1509 4857 1637 4913 spes
1671 4857 1981 4913 accurrere,

409 4952 588 5009 neque
617 4936 746 4991 hinc
785 4935 975 4991 venari
1014 4935 1174 4991 nobis
1220 4934 1484 4989 auxilium
1517 4952 1531 4988 :
1563 4933 1660 4990 sed
1711 4935 1768 4990 in
1802 4935 1982 5007 lacry-

406 5030 515 5086 mis
534 5035 592 5086 et
620 5026 878 5098 suspiriis
915 5033 970 5081 et
994 5025 1272 5082 laboriosa
1304 5040 1472 5096 prece
1494 5025 1804 5096 vigiliisque
1836 5026 1979 5082 assi-

405 5121 533 5179 duis
562 5134 756 5191 preces
785 5116 1038 5173 l‘undere.
1090 5116 1184 5172 Sic
1215 5117 1363 5173 enim
1407 5130 1509 5172 sua
1552 5117 1764 5173 levatur
1790 5117 1979 5173 anxie-

405 5223 539 5280 tate,
579 5214 675 5284 qui
708 5219 767 5267 et
797 5210 1099 5265 humanum
1144 5208 1411 5264 auxilium
1457 5215 1519 5264 ut
1552 5224 1755 5264 vanum
1795 5216 1982 5265 conte-

403 5305 566 5372 mnit,
597 5311 653 5360 et
691 5316 819 5373 spes
844 5300 903 5356 in
933 5315 1082 5367 eum,
1114 5300 1206 5356 cui
1257 5300 1513 5357 servandi
1544 5299 1721 5357 nostri
1770 5306 1854 5355 est
1883 5315 1982 5370 po-

478 5468 522 5498 ⁶¹
562 5464 708 5522 Psal.
750 5481 904 5532 xvm,
935 5467 990 5523 2.
1068 5467 1114 5498 °'
1157 5461 1332 5518 Galat.
1379 5480 1457 5528 VI.
1494 5463 1549 5519 8-

481 5621 560 5693 (1)
588 5621 667 5693 Ex
704 5624 867 5693 epist.
905 5639 946 5685 ι,
975 5622 1062 5674 70.

478 5686 558 5756 ('2)
587 5692 666 5744 Ex
699 5686 844 5745 hom.
887 5708 982 5744 vm
1014 5693 1069 5745 in
1101 5689 1377 5755 Hexaem.,
1419 5686 1506 5744 75.

483 5760 562 5832 (ὅ)
594 5763 943 5831 Δραμόντες.
989 5761 1289 5818 Contentus
1337 5759 1752 5833 συνδραμόντες.
1799 5760 2019 5818 Codex.

2077 1925 2225 1978 λεται
2254 1924 2402 1990 ἄξιον
2439 1920 2580 1977 εἶναι
2612 1921 2705 1976 τοῦ
2746 1921 3087 1992 δοξασθῖλναι.
3112 1923 3282 1989 Διότι,
3327 1924 3399 1976 Ὅ
3429 1921 3662 1989 castra

2079 2016 2406 2085 ἅνθρωπος,
2438 2014 2615 2069 τοῦτο
2653 2014 2754 2071 καὶ
2796 2015 3040 2082 θερίσει.

2152 2194 2206 2249 5.
2243 2193 2363 2267 Χρὴ
2389 2192 2446 2247 δὲ
2472 2191 2671 2247 διδόντι
2704 2192 2802 2263 μὲν
2825 2190 2895 2245 τὰ
2920 2191 3101 2261 ἀγαθά
3133 2191 3210 2262 τῷ
3239 2191 3362 2263 Θεῷ
3397 2193 3565 2265 χάριν
3590 2195 3666 2245 εί-

2079 2287 2248 2351 δέναι,
2284 2285 2668 2356 ταμιευομένῳ
2704 2285 2763 2339 δὲ
2795 2283 2870 2355 μὴ
2900 2284 3292 2357 δυσχεραίνειν.
3330 2286 3445 2338 Καὶ
3482 2289 3532 2338 εἰ
3570 2286 3665 2355 μὲν

2082 2379 2416 2452 παράσχοιτο
2443 2379 2705 2442 συνεῖναι,
2739 2377 2914 2431 ταῦτα
2931 2379 3062 2448 ἡμῖν
3087 2376 3287 2449 ἄριστά
3316 2393 3377 2430 τε
3408 2376 3549 2448 ὁμοῦ
3576 2379 3666 2430 καὶ

2081 2474 2274 2545 ἦδιστα
2297 2469 2639 2543 ἡγησόμεθα·
2683 2471 2732 2523 εἰ
2766 2469 2824 2523 δὲ
2854 2468 3197 2532 ἀναϐάλοιτο,
3224 2468 3420 2539 πράως
3446 2470 3667 2539 οἴσομεν

2082 2568 2181 2640 τὴν
2203 2566 2428 2637 ζημίαν.
2455 2566 2713 2636 ’Ἄμεινον
2737 2563 2846 2633 γάρ
2874 2578 2977 2615 που
3002 2561 3239 2624 πάντως,
3262 2560 3297 2631 ἢ
3318 2560 3396 2624 ὠς
3418 2559 3487 2613 ἂν
3507 2561 3669 2631 iussi;

2085 2657 2495 2731 προειλοίμεθα,
2541 2655 2826 2710 διοικεῖται
2860 2654 2931 2708 τά
2965 2656 3227 2726 ἡμέτερα.
3279 2652 3525 2706 Ἀλκυὼν
3554 2655 3669 2706 ἐστι

2085 2750 2373 2805 θαλάττιον
2413 2749 2621 2820 ὄρνεον.
2649 2749 2799 2819 Αὕτη
2830 2747 2962 2819 παρ’
2994 2747 3190 2811 αὐτοὺς
3232 2745 3513 2799 νοσσεύειν
3543 2747 3671 2809 τοὺς

2086 2840 2365 2909 αἰγιαλοὺς
2399 2839 2665 2909 πέφυκεν,
2705 2839 2792 2891 ἐπ’
2839 2838 3009 2910 αὐτῆς
3053 2837 3124 2891 τά
3167 2835 3254 2890 ὠά
3298 2835 3403 2907 τῆς
3440 2835 3671 2907 ψάμμου

2087 2931 2457 3003 καταθεμένη·
2501 2931 2595 2984 καὶ
2637 2929 2884 2985 νοσσεύει
2912 2929 3053 2983 κατὰ
3096 2928 3259 3000 μέσον
3288 2945 3394 2981 που
3428 2929 3520 2982 τὸν
3562 2947 3671 2999 χειο

2091 3023 2265 3095 μῶνα.
2290 3024 2381 3076 ὅτε
2412 3021 2627 3086 πολλοῖς
2654 3023 2750 3076 καὶ
2780 3020 2980 3091 βιαίοις
3008 3020 3229 3091 ἀνέμοις
3258 3022 3295 3090 ἡ
3328 3020 3586 3075 θάλασσα.
3610 3024 3671 3088 τῇ

2087 3117 2159 3184 γῇ
2185 3114 2651 3186 προσαράσσεται.
2703 3111 2844 3164 Ἀλλ’
2867 3113 3018 3183 ὅμως
3044 3110 3386 3181 κοιμίζονται
3413 3111 3518 3181 μὲν
3543 3112 3675 3163 πάν-

2085 3222 2177 3270 τες
2220 3206 2431 3276 άνεμοι,
2477 3204 2743 3276 ἡσυχάζει
2788 3203 2846 3257 δὲ
2881 3202 3033 3274 κῦμα
3065 3202 3379 3266 θαλάσσιον,
3424 3204 3556 3256 ὃταν
3586 3203 3677 3257 ἁλ-

2087 3295 2232 3351 κυὼν
2275 3297 2500 3369 ὲπωάζῃ
2542 3297 2641 3361 τάς
2689 3295 2831 3349 ἑπτὰ
2874 3295 3108 3366 ἡμέρας·
3145 3297 3202 3346 ὲν
3240 3294 3541 3357 τοσαύταις
3570 3295 3677 3363 γὰρ

2088 3388 2279 3462 μόναις
2305 3389 2579 3453 ἐκλεπίζει
2606 3390 2733 3451 τοὺς
2761 3386 3030 3450 νεοττούς.
3081 3386 3234 3439 Ἐπεὶ
3261 3385 3321 3438 δὲ
3346 3386 3448 3439 καὶ
3466 3386 3676 3455 τροφῆς

2086 3481 2271 3542 αὐτοῖς
2303 3481 2483 3552 χρεία,
2516 3480 2683 3544 ἄλλας
2721 3478 2862 3533 ἑπτά
2890 3479 3025 3550 πρὸς
3048 3478 3146 3549 τὴν
3174 3478 3286 3531 τῶν
3312 3479 3553 3532 νεοττῶν
3582 3478 3651 3533 αὗ

2088 3572 2241 3643 ξησιν
2263 3573 2291 3624 ό
2318 3572 2695 3645 μεγαλόδωρος
2720 3569 2853 3635 Θεὸς
2889 3569 2969 3639 τῷ
3010 3570 3326 3641 μικροτάτφ
3361 3569 3492 3639 ξὼῳ
3534 3587 3677 3639 παρ-

2087 3666 2294 3737 έσχετο.
2325 3665 2490 3719 Ὥστε
2529 3664 2625 3718 καὶ
2646 3662 2894 3717 ναυτικοὶ
2932 3662 3134 3726 πάντες
3173 3662 3323 3715 ῖσασι
3360 3660 3551 3723 τοῦτο,
3588 3662 3683 3712 καὶ

2086 3755 2403 3819 ἀλκυονίδας
2426 3753 2526 3819 τὰς
2545 3753 2760 3825 ἡμέρας
2780 3753 2995 3814 ὲκείνας
3019 3750 3514 3822 προσαγορεύουσι.
3547 3752 3681 3804 Ταῦ-

2085 3847 2156 3901 τά
2180 3864 2263 3901 σοι
2296 3848 2375 3910 είς
2417 3844 2732 3917 προτροπὴν
2773 3841 2869 3897 τοῦ
2912 3843 3085 3896 αἰτεῖν
3125 3842 3278 3909 παρὰ
3311 3842 3409 3895 τοῦ
3444 3842 3588 3895 Θεοῦ
3616 3845 3680 3894 τὶ

2088 3936 2225 4009 πρὸς
2249 3935 2525 4007 σωτηρίαν
2553 3933 2643 3988 διὰ
2670 3935 2771 4003 τῆς
2795 3933 2925 4005 περὶ
2950 3933 3020 3987 τὰ
3044 3930 3215 4000 ἄλογα
3244 3931 3339 3985 τοῦ
3370 3932 3513 3986 Θεοῦ
3546 3951 3680 4002 προ·

2087 4029 2236 4090 νοίας
2272 4025 2712 4097 νενομοθέτηται.
2735 4023 2800 4076 Τί
2830 4022 2939 4094 γάρ
2969 4023 3070 4075 οὐκ
3107 4021 3173 4077 ἂν
3202 4022 3418 4090 γένοιτο
3445 4022 3561 4075 τῶν
3584 4040 3683 4075 :1-

2093 4119 2328 4192 ραδόξων
2355 4118 2540 4172 ἓνεκεν
2571 4116 2687 4180 σοῦ,
2738 4115 2798 4179 ὃς
2842 4118 2963 4170 κατ’
3008 4115 3195 4169 εἰκόνα
3233 4115 3473 4184 γέγονας
3514 4115 3677 4180 Θεοῦ,

2086 4213 2287 4280 ὃπουγε
2339 4210 2478 4281 ὑπὲρ
2530 4208 2742 4280 ὄρνιθος
2789 4208 2932 4263 οὕτω
2990 4209 3193 4278 μικρᾶς
3233 4209 3270 4279 ἡ
3322 4209 3543 4279 μεγάλη
3586 4209 3681 4262 καὶ

2088 4303 2299 4376 φοϐερὰ
2325 4307 2615 4373 κατέχεται
2644 4301 2912 4364 θάλασσα,
2948 4300 3006 4353 ὲν
3044 4300 3196 4371 μέσῳ
3235 4300 3471 4370 χειμῶνι
3506 4301 3681 4373 τα.λή-

2088 4412 2187 4467 νην
2213 4396 2367 4463 ἄγειν
2394 4391 2778 4464 ὲπιταχθεῖσα;
2810 4393 2875 4445 Εἰ
2902 4393 3011 4463 γὰρ
3033 4391 3257 4445 ἀλκυόνι
3277 4392 3347 4444 τὰ
3372 4391 3678 4463 τηλικαῦτα

2088 4482 2392 4555 χαρίζεται,
2418 4483 2569 4552 πόσῳ
2602 4482 2826 4551 μείζονα
2850 4480 3011 4534 δώσει
3047 4483 3161 4544 τοῖς
3191 4480 3251 4547 ἐξ
3286 4481 3419 4552 ὅλης
3444 4482 3678 4554 καρδίας

2088 4573 2480 4644 ἐπιϐοωμένοις
2524 4572 2717 4637 αὐτόν;
2763 4571 3049 4642 Πείσωμεν
3090 4571 3385 4643 τοιγαροῦν
3423 4574 3674 4637 tantoa;

2087 4666 2325 4734 ἀδελφοὶ,
2370 4666 2465 4719 καὶ
2502 4668 2559 4720 ὲν
2590 4668 2714 4728 ταῖς
2740 4664 2929 4727 ἄλλαις
2951 4664 3111 4735 ἡμῶν
3157 4665 3434 4734 αίτήσεσι,
3480 4667 3585 4719 καὶ
3620 4668 3675 4717 ἐν

2087 4756 2263 4827 καιρῴ
2290 4754 2618 4827 πειρασμοῦ,
2654 4755 2729 4826 μὴ
2755 4754 2892 4824 πρὸς
2916 4753 3264 4825 ἀνθρωπίνας
3286 4754 3519 4820 ἐλπίδας
3544 4758 3677 4810 ἁπο-

2087 4847 2323 4919 τρέχειν,
2357 4846 2492 4917 μηδὲ
2531 4846 2741 4900 ἐκεῖθεν
2787 4847 3001 4909 ἑαυτοῖς
3042 4845 3141 4908 τὰς
3196 4844 3457 4916 βοηθείας
3504 4847 3674 4918 θηρὶο

2091 4936 2235 4992 σθαι·
2272 4935 2386 4991 ἀλλ’
2412 4938 2470 4990 ὲν
2503 4936 2734 5009 δάκρυσι
2766 4936 2861 4989 καὶ
2892 4939 3238 5006 στεναγμοῖς,
3272 4937 3369 4989 καὶ
3400 4937 3675 5007 φιλοπόνῳ

2089 5031 2391 5102 προσευχῇ,
2422 5029 2518 5082 καὶ
2543 5029 2822 5101 ἀγρυπνίᾳ
2849 5027 3073 5098 εὐτόνῳ,
3116 5027 3217 5091 τὰς
3255 5028 3478 5099 δεήσεις
3508 5032 3675 5084 noqu

2088 5121 2235 5176 σθαι.
2268 5121 2426 5175 Οὕτω
2451 5122 2561 5193 γὰρ
2581 5121 2847 5192 λαμϐάνει
2884 5119 3139 5192 βοήθειαν
3178 5122 3245 5174 ἐκ
3287 5120 3553 5193 θλίψεως,
3586 5122 3673 5176 καὶ

2085 5212 2186 5283 τῆς
2216 5212 2564 5284 ἀνθρωπίνης
2607 5212 2856 5285 βοηθείας
2895 5214 2972 5278 ὡς
3017 5213 3255 5285 ματαίας
3287 5216 3667 5284 καταφρονῶν,

2090 5300 2185 5354 καὶ¹
2216 5303 2282 5374 τῇ
2312 5302 2406 5355 ἐπὶ
2442 5301 2532 5356 τὸν
2566 5301 2759 5368 σώζειν
2785 5303 3081 5376 δυνάμενον
3102 5304 3252 5376 ἡμᾶς
3279 5304 3465 5358 ἐλπίδι
3494 5321 3672 5377 στηρι-

2091 5618 2292 5694 Regius
2323 5622 2379 5676 ἐν
2405 5622 2518 5694 ναῷ
2536 5620 2689 5694 θεοῦ
2749 5622 3015 5681 Contextu
3037 5622 3130 5677 ἐπὶ
3156 5624 3248 5679 τὸν
3273 5623 3424 5679 ναόν.
3456 5620 3585 5680 Hac
3611 5621 3665 5676 in

2089 5691 2250 5750 editis
2283 5691 2499 5750 nostris
2517 5692 2762 5749 deerant.
