3874 6224
135 322 276 378 1245

1292 323 1526 381 SERMO
1561 322 1631 378 Χ.
1672 352 1741 362 -
1778 318 1869 374 DE
1902 317 2199 376 JEJUNIO.
2232 330 2237 333 '

3267 314 3403 375 12W

133 446 385 516 ζὸμενος.
407 446 531 499 Ὅτι
553 445 704 518 αὗτῷ
730 446 930 518 πρέπει
951 447 985 520 ἡ
1005 446 1131 512 δόξα
1158 447 1308 519 καὶὴ
1342 446 1709 518 προσκύνησις

1846 453 2026 508 estas,
2083 441 2301 496 nititur.
2344 439 2617 507 Quoniam
2662 439 2766 509 ipsi
2811 437 3041 493 debetur
3091 435 3300 507 gloria,
3347 445 3404 489 et

138 539 241 588 σὺν
271 534 350 607 τῷ
377 535 601 607 ἀνάρχῳ
630 536 792 589 αὐτοῦ
828 536 1004 609 Πατρὶ
1037 538 1134 590 καὶ
1165 536 1245 608 τῷ
1269 535 1521 606 ζωοποιῷ
1552 533 1722 589 Πνεύ-

142 644 298 698 ματι.
334 624 430 680 νῦν
461 628 556 681 καὶ
578 629 684 692 ἀεὶ,
718 629 813 682 καὶ
842 630 921 692 εἰς
946 629 1074 693 τοὺς
1113 628 1319 692 αἰῶνας
1343 627 1453 682 τῶν
1486 626 1720 680 αἰώνων.

155 720 352 791 Ἀμήν.

643 836 822 889 ΠΕΡΙ
843 836 1228 888 ΝΗΣΤΕΙΑΣ.

794 945 1011 1001 ΛΟΓΟΣ
1042 942 1098 1004 1'.

218 1063 274 1117 1.
300 1061 603 1135 Στρατηγοὶ
632 1059 732 1131 μὲν
763 1061 844 1124 εἰς
875 1061 1179 1132 παράταξιν
1206 1057 1298 1114 τὸν
1340 1059 1570 1132 στρατὸν
1599 1058 1729 1113 καθ-

148 1155 440 1218 ιστῶντες,
454 1157 568 1217 τοῖς
584 1153 1012 1223 παρακλητικοῖς
1029 1152 1209 1220 λόγοις
1233 1151 1340 1224 πρὸ
1362 1151 1470 1205 τῶν
1500 1150 1727 1220 ἀγώνων

145 1248 466 1319 κέχρηνται,
493 1245 590 1299 καὶ
618 1243 884 1314 τοσαύτην
916 1243 1029 1314 ἔχει
1053 1242 1282 1314 δύναμιν
1312 1245 1347 1314 ἡ
1382 1242 1726 1317 παραίνεσις,

145 1338 292 1391 ὥστε
333 1338 430 1391 καὶ
466 1335 562 1389 τοῦ
606 1334 841 1388 θανάτου
886 1335 1147 1398 πολλάκις
1187 1334 1591 1406 καταφρόνησιν
1626 1335 1730 1403 ὲμ-

146 1433 346 1485 ποιεῖν.
384 1429 702 1499 Γυμνασταὶ
732 1426 790 1480 δὲ
821 1427 915 1481 καὶ
945 1425 1310 1498 παιδοτρίϐαι,
1347 1426 1483 1498 πρὸς
1513 1427 1639 1490 τοὺς
1671 1426 1730 1478 ἐν

143 1527 265 1588 τοῖς
311 1521 548 1585 σταδίοις
602 1520 818 1590 ἀγῶνας
869 1519 998 1584 τοὺς
1046 1518 1284 1589 ἀθλητὰς
1333 1518 1728 1591 προσάγοντες,

146 1615 323 1670 πολλά
360 1615 490 1687 περὶ
522 1611 618 1668 τοῦ
663 1612 861 1684 χρῆναι
899 1613 1080 1665 πονεῖν
1122 1611 1264 1683 ὑπὲρ
1301 1609 1409 1664 τῶν
1452 1609 1730 1678 στεφάνων

145 1706 570 1762 διακελεύονταιο
621 1704 761 1760 ὥστε
802 1705 898 1759 καὶ
958 1703 1390 1774 συνεπείσθησαν
1437 1703 1619 1758 πολλοὶ
1662 1705 1727 1775 τῇ

1826 532 2275 596 ειιιονοιίο,δειιηι
2328 541 2535 587 αξιοι·ηο
2589 530 2712 600 ejus
2766 530 2948 592 Patre,
2996 537 3051 584 et
3096 528 3406 582 vivificante

1827 621 2057 692 Spiritu,
2101 639 2246 678 nunc
2272 633 2328 680 et
2361 639 2598 695 semper,
2628 635 2684 680 et
2719 624 2776 678 in
2825 622 3024 680 saecula
3055 621 3402 679 saeculorum.

1824 713 2019 768 Amen.

2368 849 2470 904 DE
2507 848 2854 907 JEJUNIO.

2439 960 2673 1018 SERMO
2708 962 2777 1017 Χ.

1899 1071 1951 1124 l.
1987 1070 2064 1141 (2)
2095 1070 2273 1126 Duces
2292 1086 2417 1126 cum
2455 1073 2629 1130 aciem
2665 1073 2983 1139 instruunt,
3020 1073 3408 1130 exhortatoriis

1827 1164 2171 1220 orationibus
2208 1175 2339 1220 ante
2368 1165 2686 1220 conflictum
2723 1167 2804 1221 uti
2842 1168 3057 1235 solent,
3088 1175 3409 1237 tantamque

1828 1257 1938 1308 vim
1975 1255 2140 1310 habet
2171 1269 2235 1311 ea
2258 1255 2586 1323 exhortatio,
2623 1266 2684 1313 ut
2713 1259 2879 1314 etiam
2903 1260 3098 1315 mortis
3125 1269 3411 1330 contemp-

1830 1356 1947 1401 tum
2007 1346 2321 1418 frequenter
2359 1347 2568 1404 afferat.
2611 1350 2879 1405 Similiter
2913 1351 3183 1421 palaestra:
3230 1352 3408 1421 magi-
3476 1345 3493 1357 “

1830 1437 1930 1492 stri
1968 1445 2023 1492 et
2048 1436 2382 1508 paedotr'rbaz,
2407 1453 2534 1493 cum
2565 1439 2635 1494 ad
2672 1438 2839 1493 stadii
2873 1445 3151 1494 certamen
3177 1439 3410 1494 athletas

1829 1525 2164 1597 producunt,
2194 1528 2370 1582 multa
2399 1526 2683 1584 disserunt
2713 1528 2781 1583 de
2822 1528 3013 1584 labore
3051 1544 3152 1599 pro
3188 1530 3412 1585 coronis

1831 1616 2153 1687 perferendo
2174 1657 2191 1682 ,
2222 1617 2360 1673 adeo
2399 1625 2461 1671 ut
2495 1618 2687 1673 multis
2739 1618 3122 1689 persuaserint
3149 1657 3165 1683 ,
3198 1628 3261 1673 ut
3288 1619 3408 1673 vin-

1832 1706 1991 1763 cendi
2022 1709 2204 1763 studio
2237 1723 2472 1779 corpora
2509 1716 2949 1765 contemnerent.
2989 1707 3230 1764 Proinde
3280 1708 3415 1763 mihi

147 1799 283 1871 περὶ
315 1798 413 1869 τὴν
451 1798 609 1868 νίκην
647 1796 928 1869 φιλοτιμίᾳ
972 1796 1083 1850 τῶν
1123 1796 1389 1867 σωμάτων
1435 1796 1729 1867 ὑπεριδεῖν.

1846 1816 2088 1872 quoque,
2120 1801 2213 1872 qui
2265 1801 2473 1858 Christi
2508 1803 2714 1859 milites
2766 1801 2835 1856 ad
2872 1803 3076 1858 bellum
3109 1817 3235 1857 cum
3277 1801 3418 1855 invi-

147 1892 346 1945 Τοίνυν
375 1891 472 1946 καὶ
503 1891 629 1962 ἐμοὶ
666 1891 793 1955 τοὺς
829 1890 1063 1962 Χριστοῦ
1100 1889 1438 1962 στρατιώτας
1469 1889 1606 1960 πρὸς
1639 1888 1730 1942 τὸν

148 1982 295 2036 κατὰ
324 1982 434 2036 τῶν
469 1982 717 2054 ἀοράτων
754 1982 964 2053 ἐχθρῶν
993 1982 1227 2053 πόλεμον
1253 1981 1612 2045 διατάσσοντι,
1639 1984 1734 2032 καὶ

146 2076 279 2140 τοὺς
296 2074 535 2147 ἀθλητὰς
559 2074 661 2146 τῆς
688 2073 969 2138 εὐσεϐείας
998 2075 1091 2128 ἐπὶ
1115 2074 1243 2138 τοὺς
1261 2072 1363 2144 τῆς
1388 2070 1733 2142 δικαιοσύνης

150 2168 452 2239 στεφάνους
523 2167 612 2222 διὰ
675 2168 776 2237 τῆς
838 2167 1164 2240 ἐγκρατείας
1221 2164 1730 2238 παρασκευάζον-ει,

147 2260 448 2325 ἀναγκαῖος
466 2259 495 2311 ὀ
510 2257 668 2327 λόγος
683 2258 783 2328 τῆς
796 2256 1216 2330 παρακλήσεως.
1237 2255 1493 2327 Ἀγγελοί
1516 2257 1655 2309 εἰσιν
1677 2253 1727 2307 οἱ

147 2351 278 2406 καθ’
312 2351 547 2422 ἑκάστην
575 2349 867 2423 ἐκκλησίαν
891 2349 1335 2421 ἀπογραφόμενοι
1366 2349 1491 2412 τοὺς
1510 2347 1738 2418 νηστεύ-

147 2460 339 2508 οντας.
395 2442 564 2513 Ὅρα,
624 2440 700 2514 μὴ
758 2441 848 2497 διὰ
914 2440 1117 2513 μικρὰν
1172 2441 1370 2513 ἡδονὴν
1430 2439 1736 2512 βρωμάτων

149 2535 444 2609 ζημιωθῇς
477 2536 575 2608 μὲν
595 2537 695 2607 τὴν
725 2535 1052 2607 ἀπογραφὴν
1075 2533 1169 2588 τοῦ
1198 2533 1454 2603 ἀγγέλου,
1484 2532 1738 2588 ὑπόδικον

148 2628 211 2682 δὲ
245 2626 470 2681 σεαυτὸν
507 2625 844 2694 λειποταξίου
885 2626 1102 2698 γραφῆς
1136 2625 1215 2697 τῷ
1254 2625 1738 2696 στρατολογήσαντι

149 2720 528 2792 καταστήσῃς.
558 2718 825 2773 Ἐλάττων
857 2720 887 2773 ὁ
918 2717 1181 2782 κίνδυνος,
1216 2716 1481 2790 ῥίψασπιν
1513 2716 1607 2770 ἐπὶ
1637 2734 1735 2771 πα-

155 2812 439 2884 ρατάξεως
486 2809 805 2882 ἐλεγχθῆναι
843 2827 963 2864 τινα
983 2849 1000 2874 ,
1049 2809 1084 2881 ἢ
1133 2809 1195 2862 τὸ
1243 2809 1386 2880 μέγα
1433 2809 1596 2862 ὅπλον
1640 2810 1740 2878 τὴν

151 2904 413 2976 νηστείαν
465 2902 806 2957 ἀποϐαλόντα
864 2901 1119 2973 φανῆναι.
1180 2900 1445 2963 Πλούσιος
1506 2894 1584 2966 ei;
1647 2900 1740 2973 Μὴ

154 2996 500 3068 καθυϐρίσης
538 2994 638 3067 τὴν
677 2994 953 3067 νηστείαν,
985 2992 1304 3058 ἀπαξιώσας
1353 2993 1537 3048 λαϐεῖν
1572 2992 1740 3066 αὐτὴν

152 3088 570 3161 ὁμοτράπεζον,
615 3086 749 3159 μηδὲ
790 3087 889 3157 τῆς
924 3084 1103 3149 οίκίας
1150 3083 1316 3139 αὑτοῦ
1365 3085 1561 3155 ἄτιμον
1615 3086 1742 3139 ἀπο-

155 3160 357 3253 πέμψῃ
402 3178 944 3252 παρευημερηθεῖσαν
987 3177 1093 3232 ὑπὸ
1125 3177 1224 3249 τῆς
1258 3177 1472 3249 ἡδονῆς·
1505 3178 1579 3249 μή
1614 3178 1745 3231 ποτέ
1772 3160 1814 3218 C

159 3291 263 3327 σου
305 3271 640 3346 καταγγείλῃ
685 3272 779 3325 ἐπὶ
822 3269 918 3325 τοῦ
970 3269 1261 3342 νομοθέτου
1304 3268 1413 3324 τῶν
1460 3270 1744 3340 νηστειῶν,

156 3367 264 3420 καὶ
297 3363 732 3420 πολλαπλασίονά
761 3380 842 3417 σοι
876 3362 986 3418 ἀπὸ
1018 3362 1317 3435 καταδίκης
1352 3363 1605 3435 ἐπαγάγῃ
1647 3364 1748 3434 τὴν

159 3459 405 3521 ἔνδειαν,
436 3457 470 3528 ἢ
511 3455 571 3522 ἐξ
601 3455 914 3531 ἀρρωστίας
945 3454 1229 3526 σώματος,
1258 3455 1291 3526 ἢ
1319 3454 1378 3521 ἐξ
1410 3455 1576 3526 ἄλλης
1604 3455 1748 3519 τινὸς

162 3550 501 3623 σκυθρωπῆς
546 3549 941 3621 περιστάσεως.
976 3547 1035 3601 '0
1072 3547 1242 3618 πένης
1273 3545 1345 3617 μὴ
1376 3546 1751 3618 είρωνευέσθω

161 3642 309 3714 πρὸς
342 3642 441 3712 τὴν
480 3640 756 3713 νηστείαν,
796 3639 966 3694 πάλαι
1009 3639 1260 3694 σύνοικον
1288 3639 1456 3711 αὐτὴν
1488 3639 1586 3693 καὶ
1616 3641 1749 3709 ὁμο-

159 3736 371 3788 δίαιτον
392 3733 550 3805 ἒχων.
572 3732 793 3800 Γυναιξὶ
815 3732 873 3785 δὲ
897 3732 1088 3804 ὥσπερ
1109 3732 1168 3791 τὸ
1186 3733 1463 3795 ἀναπνεῖν,
1494 3732 1666 3794 οὕτως
1690 3732 1753 3785 τὸ

161 3823 453 3895 νηστεύειν
490 3824 688 3878 οίκεῖὸν
710 3824 826 3878 ἐστι
877 3825 974 3878 καὶ
1023 3824 1167 3879 κατὰ
1208 3824 1389 3893 φύσιν.
1432 3826 1495 3877 Οί
1537 3824 1751 3888 παῖδες,

165 3916 366 3987 ὥσπερ
390 3915 500 3969 τῶν
520 3914 701 3984 φυτῶν
725 3913 794 3968 τά
828 3913 1051 3985 εὐθαλῆ,
1081 3915 1160 3987 τῷ
1190 3915 1291 3986 τῆς
1319 3915 1570 3986 νηστείας
1599 3914 1752 3970 ὕδατι

164 4008 714 4081 καταρδευέσθωσαν.
749 4009 873 4072 Τοῖς
903 4008 1236 4080 πρεσϐύταις
1264 4009 1462 4078 κοῦφον
1496 4012 1642 4063 ποιεῖ
1662 4009 1753 4063 τὸν

167 4103 340 4156 πόνον
386 4101 419 4172 ἡ
466 4101 533 4153 ὲκ
583 4098 815 4153 παλαιοῦ
862 4099 998 4171 πρὸς
1040 4099 1209 4171 αὐτὴν
1256 4098 1555 4164 οἰκείωσις*
1602 4098 1754 4153 πόνοι

167 4192 286 4264 γὰρ
313 4193 377 4245 ὲκ
414 4191 631 4262 μακρᾶς
670 4189 956 4260 συνηθείας
987 4189 1390 4262 μελετηθέντες,
1423 4190 1756 4264 ἀλυπότερον

169 4284 581 4358 προσπίπτουσι
617 4285 729 4347 τοῖς
770 4283 1256 4355 γεγυμνασμένοις.
1298 4284 1423 4348 Τοῖς
1458 4283 1757 4355 ὁδοιπόροις

168 4375 447 4446 εὐσταλής
491 4376 607 4428 ἐστι
658 4373 998 4445 συνέμπορος
1043 4376 1076 4445 ἡ
1119 4374 1360 4447 νηστεία.
1406 4375 1615 4446 Ὥσπερ
1646 4378 1756 4447 γὰρ

1837 1890 2091 1947 sibilihus
2137 1891 2392 1948 hostibus
2438 1894 2739 1964 gerendum
2799 1894 3056 1960 instruo,
3096 1902 3151 1949 et
3181 1894 3419 1949 athletas

1836 1982 2057 2054 pietatis
2092 2000 2188 2056 per
2218 1985 2609 2042 abstinentiam
2649 2000 2899 2056 praepara
2933 1987 3002 2041 ad
3049 1986 3279 2057 justitize
3318 2000 3419 2040 co-

1837 2094 2003 2136 ronas
2028 2120 2044 2145 ,
2093 2096 2234 2151 opus
2263 2090 2349 2138 est
2397 2082 2650 2138 oratione
2681 2079 3081 2137 exhortatoria.
3120 2079 3198 2150 (ὅ)
3228 2078 3421 2149 Angcli

1842 2180 1971 2226 sunt
1992 2173 2087 2243 qui
2123 2173 2178 2227 in
2209 2173 2443 2245 singulis
2475 2174 2728 2230 ecclesiis
2771 2172 3096 2229 describunt
3133 2184 3201 2224 ac
3230 2184 3425 2225 recen-

1842 2270 1965 2319 sent
2004 2263 2371 2334 jejunantium
2410 2266 2612 2336 capita.
2649 2264 2786 2320 Vide
2816 2279 2885 2320 ne
2914 2263 2985 2318 ob
3025 2277 3251 2333 parvam
3286 2260 3423 2316 edu-

1841 2355 2039 2409 liorum
2078 2357 2411 2425 voluptatem
2444 2357 2611 2412 simul
2659 2365 2716 2411 et
2749 2356 2984 2427 priveris
3018 2354 3195 2425 angeli
3227 2367 3422 2408 recen-

1843 2445 2019 2510 sione,
2051 2454 2106 2500 et
2139 2445 2373 2517 teipsum
2409 2447 2557 2517 apud
2583 2462 2707 2502 eum
2744 2447 2839 2517 qui
2871 2446 3173 2501 exercitum
3205 2443 3426 2514 collegit

1844 2536 2142 2592 obnoxium
2178 2537 2351 2595 facias
2407 2538 2710 2595 desertoris
2749 2539 2994 2593 crimini.
3052 2537 3230 2592 Minus
3278 2537 3426 2604 peri-

1844 2629 2061 2692 culum,
2109 2630 2155 2685 si
2189 2630 2314 2701 quis
2372 2629 2633 2700 fugiendo
2672 2641 2889 2686 scutum
2937 2629 2994 2684 in
3030 2630 3149 2684 acie
3183 2626 3427 2698 abjicere

1844 2719 2326 2791 deprehendatur,
2376 2738 2540 2792 quam
2594 2722 2643 2778 si
2697 2737 2955 2793 magnum
2995 2720 3132 2775 illud
3184 2730 3424 2783 scutum,

1841 2811 2110 2883 jejunium
2137 2852 2152 2877 ,
2187 2812 2443 2869 videatur
2482 2813 2806 2885 projecisse.
2842 2813 3005 2870 Dives
3036 2813 3142 2869 es?
3172 2810 3252 2868 Ne
3276 2812 3426 2880 jeju—

1847 2912 2000 2966 nium
2031 2910 2280 2968 al'feceris
2318 2912 2656 2969 contumelia
2683 2951 2700 2977 ,
2756 2909 3060 2967 excludcns
3090 2908 3225 2964 illud
3272 2906 3431 2963 fasti-

1845 3004 2001 3060 diose
2050 3019 2082 3058 a
2130 3020 2337 3061 mensae
2369 3006 2479 3061 tuae
2514 3005 2799 3061 consortio
2821 3045 2838 3072 ,
2875 3019 3011 3059 neve
3065 3003 3276 3072 absque
3314 3000 3433 3055 ullo
3508 3073 3519 3081 λ

1846 3096 2059 3154 honore
2092 3112 2124 3153 e
2171 3097 2338 3153 domo
2369 3104 2466 3153 tua
2500 3097 2682 3168 ipsum
2711 3098 2989 3169 expuleris
3013 3136 3032 3162 ,
3089 3111 3120 3150 a
3148 3094 3433 3164 voluptate

1847 3191 2052 3245 victum
2093 3205 2159 3245 ac
2198 3197 2552 3262 superatum;
2593 3206 2663 3246 ne
2689 3190 2912 3262 quando
2939 3197 2996 3245 te
3024 3202 3178 3244 reum
3204 3193 3432 3256 peragat

1845 3278 1991 3352 apud
2016 3281 2353 3352 jejuniorum
2386 3282 2754 3354 legislaturem
2785 3321 2801 3346 ,
2844 3290 3006 3351 teque
3041 3280 3202 3349 longe
3233 3275 3432 3347 majori

1846 3372 2273 3428 condemnatum
2340 3374 2523 3428 inedia
2582 3372 2852 3438 mulctet,
2910 3372 3029 3428 sive
3075 3385 3142 3425 ex
3199 3369 3431 3424 adversa

1846 3465 2164 3521 valetudine
2216 3468 2470 3537 corporis
2496 3506 2512 3530 ,
2574 3466 2691 3521 sive
2727 3480 2796 3520 ex
2845 3464 2952 3518 alio
2995 3462 3252 3534 quopiam
3284 3460 3432 3516 tristi

1848 3573 2007 3613 casu.
2055 3557 2160 3624 Qui
2200 3572 2410 3627 pauper
2445 3557 2606 3627 527
2645 3565 2762 3622 est,
2810 3572 2882 3610 ne
2929 3556 3117 3610 ludum
3161 3552 3430 3625 jejunium

1849 3642 2046 3710 faciat;
2083 3643 2530 3713 quandoquidem
2581 3642 2720 3698 illud
2752 3642 2864 3712 jam
2899 3644 3030 3709 olim
3064 3642 3225 3697 habet
3252 3650 3308 3696 et
3335 3642 3434 3695 do-

1852 3736 2180 3802 mesticum,
2232 3744 2287 3791 et
2336 3751 2541 3792 mensae
2592 3737 2832 3791 socium.
2889 3736 3063 3791 Porro
3111 3733 3436 3790 mulieribus

1851 3841 2016 3895 quam
2049 3835 2134 3881 est
2165 3827 2420 3882 naturale
2470 3829 2770 3899 respirare,
2811 3835 2920 3881 tam
2966 3833 3051 3882 est
3096 3825 3435 3881 conveniens

1847 3916 2142 3987 jejunium.
2165 3915 2351 3979 Pueri,
2387 3919 2537 3973 velut
2584 3919 2785 3989 planta
2815 3916 3041 3982 virides,
3071 3915 3263 3986 jejunii
3295 3929 3435 3984 aqua

1851 4006 2172 4079 irrigentur.
2207 4007 2446 4064 Senibus
2470 4009 2641 4064 levem
2675 4008 2851 4063 reddit
2878 4008 3118 4068 laborem
3152 4013 3435 4062 contracta

1847 4098 1963 4169 jam
1994 4100 2127 4155 olim
2162 4115 2287 4155 cum
2327 4100 2544 4171 jejunio
2593 4099 2977 4169 familiaritas;
3018 4100 3234 4156 labores
3263 4099 3437 4169 siqui-

1854 4190 1978 4247 dem
2011 4206 2246 4262 quorum
2281 4190 2486 4246 factum
2529 4198 2615 4247 est
2640 4192 3080 4262 experimentum
3116 4191 3278 4261 longo
3309 4205 3435 4251 usu.

1853 4282 2070 4338 minore
2111 4283 2362 4338 molestia
2411 4281 2657 4339 efficiunt
2713 4281 3070 4337 exercitatos.
3117 4279 3439 4339 Viatoribus

1854 4374 2145 4444 expeditus
2182 4374 2400 4431 itineris
2433 4388 2620 4430 comes
2644 4382 2732 4428 est
2756 4373 3027 4445 jejunium
3049 4391 3065 4439 ;
3084 4371 3440 4443 quemadmo-

166 4472 206 4541 ἡ
243 4465 427 4539 τρυφὴ
457 4466 778 4538 ἀχθοφορεῖν
811 4466 1009 4529 αὐτοὺς
1048 4465 1368 4535 ἀναγκάζει,
1400 4467 1499 4530 τὰς
1524 4465 1742 4520 ἀπολαύ-

1857 4464 1989 4520 dum
2012 4465 2156 4520 enim
2194 4465 2357 4521 luxus
2390 4466 2538 4537 cogit
2568 4465 2692 4521 illos
2717 4480 2858 4520 onus
2892 4463 3156 4535 perferre,
3176 4462 3438 4517 nimirum

171 4577 295 4624 σεις
340 4556 816 4629 περικομίζοντας·
853 4555 998 4610 οὓτω
1025 4556 1261 4628 κούφους
1295 4559 1492 4622 αὐτοὺς
1533 4559 1629 4613 καὶ
1666 4559 1757 4612 εύ-

170 4650 383 4717 ζώνους
420 4651 454 4721 ή
494 4648 718 4719 νηστεία
764 4648 1193 4720 παρασκευάζει.
1228 4649 1340 4702 Καὶ
1380 4652 1494 4714 τοῖς
1530 4651 1629 4721 μὲν
1663 4648 1758 4705 τοῦ

171 4740 389 4811 κόσμου
432 4740 809 4810 στρατιώταις,
856 4738 998 4793 κατὰ
1034 4739 1135 4811 τὴν
1171 4739 1282 4794 τῶν
1316 4741 1582 4812 καμάτων
1622 4742 1759 4795 ἀνα-

168 4832 388 4901 λογίαν,
419 4830 482 4885 τὺ
520 4830 825 4903 σιτηρέσιον
860 4829 1103 4897 αὒξεταιο
1138 4835 1251 4895 τοῖς
1280 4831 1336 4886 δὲ
1380 4837 1762 4904 πνευματικοῖς

170 4923 452 4987 ὁπλίταις,
480 4924 509 4976 ὁ
528 4921 747 4976 ἔλαττον
770 4921 910 4993 ἔχων
932 4922 1033 4994 τῆς
1058 4923 1295 4994 τροφῆς,
1329 4926 1390 4976 τὸ
1427 4924 1611 4995 μεῖζον
1647 4925 1761 4997 ἔχει

171 5016 277 5071 τοῦ
326 5012 649 5086 ἀξιώματος.
692 5015 927 5068 ’Ἄτοπον
979 5009 1072 5068 οὖν
1120 5015 1237 5069 ἐστι
1286 5016 1362 5087 μὴ
1412 5018 1622 5089 χαίρειν
1667 5020 1762 5073 επὶ

174 5106 344 5179 ὑγεία
377 5106 578 5178 ψυχῆς,
612 5106 749 5160 ἀλλὰ
789 5105 1075 5160 λυπεῖσθαι
1121 5107 1213 5159 ἐπὶ
1251 5105 1553 5178 βρωμάτων
1583 5109 1762 5164 ἀπαλ-

172 5203 325 5272 λαγῇ
356 5201 456 5269 (1),
483 5201 579 5254 καὶ
601 5200 822 5254 πλείονα
848 5199 1007 5271 χάριν
1035 5199 1320 5270 φαίνεσθαι
1340 5200 1575 5266 διδόντας
1603 5203 1763 5275 ἡδονῇ

1857 4574 1921 4615 ea
1962 4574 2085 4628 quae
2137 4557 2203 4613 ad
2244 4556 2477 4612 delicias
2527 4563 2779 4628 spectant
2828 4554 3308 4611 circumferentes:
3358 4551 3443 4607 sic

1855 4650 2125 4722 jejunium
2157 4665 2254 4705 eos
2299 4656 2355 4703 et
2393 4649 2544 4704 leves
2582 4647 2765 4704 reddit
2812 4655 2867 4701 et
2921 4646 3227 4716 expeditos.
3263 4644 3443 4713 Atque

1862 4742 2028 4812 hujus
2057 4740 2250 4797 mundi
2290 4741 2560 4796 militibus
2604 4755 2706 4810 pro
2740 4739 2990 4794 laborum
3024 4736 3238 4791 ratione
3272 4749 3442 4806 auge-

1860 4843 1954 4889 tur
1974 4833 2267 4891 obsonium
2294 4851 2309 4889 :
2350 4839 2569 4895 contra,
2604 4832 2751 4888 inter
2780 4828 3094 4902 spirituales
3117 4828 3317 4883 milites
3347 4826 3443 4898 qui

1864 4927 2049 4983 minus
2080 4923 2245 4980 habet
2272 4923 2542 4991 alimenti,
2568 4924 2693 4995 plus
2722 4922 2886 4978 habet
2916 4920 3162 4976 honoris.
3187 4918 3266 4992 (4)
3297 4918 3445 4985 Qua-

1867 5025 2092 5092 propter
2118 5017 2279 5074 valde
2308 5016 2611 5073 absurdum
2651 5024 2736 5072 est
2763 5030 2872 5069 non
2909 5014 3078 5069 laetari
3113 5015 3181 5070 de
3209 5013 3447 5068 sanitate

1870 5111 2088 5176 animas,
2120 5110 2232 5165 imo
2260 5108 2330 5166 de
2356 5109 2712 5163 commutatis
2740 5106 2879 5162 cibis
2913 5107 3101 5162 dolere
3121 5148 3136 5173 ,
3176 5120 3244 5159 ac
3272 5105 3447 5159 videri

1869 5203 2009 5258 tales
2044 5201 2149 5277 qui
2191 5200 2315 5271 plus
2361 5200 2667 5254 tribuamus
2700 5197 2964 5268 voluptati
3002 5196 3214 5252 ventris
3235 5236 3251 5261 ,
3281 5210 3445 5267 quam

173 5290 458 5359 γαστρδς,
503 5287 537 5359 ἢ
590 5287 878 5359 ἐπιμελείᾳ
918 5287 1117 5359 ψυχῆς.
1163 5288 1340 5360 Κόρος
1383 5289 1482 5360 μὲν
1523 5291 1631 5362 γὰρ
1688 5293 1742 5344 εει

1872 5308 2021 5349 θυι-ω
2051 5292 2272 5348 mentis.
2305 5289 2441 5345 Nam
2487 5290 2546 5345 in
2574 5298 2766 5346 ventre
2798 5290 3014 5346 sistitur
3057 5287 3327 5346 satietatis
3353 5287 3450 5343 de-

177 5380 433 5451 γαστέρα
471 5381 571 5452 τὴν
621 5380 781 5451 χάριν
820 5379 1021 5450 ἵστησι,
1065 5381 1288 5452 νηστεία
1323 5380 1380 5434 δὲ
1420 5382 1555 5450 πρὸς
1590 5383 1742 5458 ψυχὴ·

1873 5385 2115 5459 lectatio,
2152 5383 2252 5439 sed
2280 5383 2552 5453 jejunium
2583 5382 2638 5437 in
2668 5383 2907 5437 animam
2930 5379 3186 5437 subvehit
3206 5379 3446 5434 lucrum.

179 5470 512 5536 ἀναϐιϐάζει
562 5470 626 5525 τὸ
669 5470 879 5544 κέρδος.
929 5471 1021 5541 Μὴ
1076 5472 1294 5544 μιμήσῃ
1332 5473 1431 5545 τῆς
1478 5473 1622 5540 Εὔας
1667 5476 1742 5549 τὴ

1874 5475 1953 5548 (5)
1984 5475 2107 5530 Noli
2138 5474 2341 5529 imitari
2398 5473 2523 5529 Eva:
2581 5474 3007 5531 inobedientiam
3038 5514 3054 5542 ,
3091 5469 3204 5527 noli
3257 5484 3452 5531 rursus

262 5625 343 5703 )
382 5624 780 5703 ςέὶςνιειλλοιγῇ.⁸
796 5624 1077 5703 Meliusin
1099 5634 1358 5703 contextu
1389 5628 1691 5703 ὑπαλλαγῇ.

262 5696 344 5763 (2t
382 5695 454 5767 Ex
487 5697 642 5767 hom.
670 5713 707 5751 ll
742 5696 815 5751 De
835 5697 1066 5767 jejunio,
1092 5698 1178 5751 10.

269 5768 348 5840 (ε)
381 5766 540 5833 lbid.,
591 5765 674 5822 ll.

1941 5630 2019 5701 (4)
2056 5630 2129 5688 Ex
2165 5634 2310 5689 hom.
2352 5631 2473 5688 rDc
2497 5628 2797 5701 jejmn'o,2.

1945 5702 2022 5776 (5)
2051 5701 2184 5760 Ibid.
2199 5744 2214 5772 ,
2248 5704 2300 5760 5.
