3874 6224
223 272 364 330 1149

1387 262 1621 319 SERMO
1659 261 1726 316 Χ.
1783 292 1852 305 --
1889 261 1977 316 DE
2017 260 2309 317 JEJUNIO.

3343 262 3481 319 12⁸0

215 392 423 449 καστοῢ
479 408 620 454 τινος
677 388 949 460 αὐστηροῦ
995 390 1096 455 τῆς
1150 386 1403 459 νηστείας
1452 385 1802 455 φυγαδευθεῖ-

1912 384 1977 438 ab
2005 392 2228 439 austero
2258 383 2511 452 quopiam
2542 381 2727 450 judice
2756 382 2810 436 in
2845 381 3100 437 exsilium
3133 390 3289 436 actae.
3328 383 3482 448 Quod

217 504 312 541 σαι
344 486 440 556 (1).
464 485 527 537 El.
554 483 611 536 δέ
647 484 845 545 πάντες
881 481 1050 551 αὐτὴν
1078 483 1156 544 εἰς
1184 481 1280 550 τὴν
1308 479 1447 550 ὑπὲρ
1474 477 1582 530 τῶν
1615 494 1793 547 πρακ-

215 579 360 630 τέων
388 575 685 653 σύμϐουλον
717 574 1154 645 παρελάμϐανον,
1176 573 1327 626 οὐδὲν
1350 569 1550 623 ἐκώλυε
1574 569 1794 640 βαθεῖαν

216 669 447 739 εἰρήνην
499 662 637 719 εἶναι
685 666 824 717 κατὰ
879 658 1212 734 πᾶσαν’τὴν
1264 661 1605 730 οἰκουμένην·
1658 660 1794 729 μήτε

216 758 391 813 ἐθνῶν
431 757 871 826 ἐπανισταμένων
911 754 1179 825 ἀλλήλοις,
1235 754 1375 825 μήτε
1421 749 1796 823 στρατοπέδων

217 849 700 922 συρρηγνυμένων.
742 848 860 902 Οὐδ’
888 846 954 901 ἂν
981 849 1118 911 ὅλως
1150 843 1294 917 εἶχον
1325 846 1381 899 αἱ
1415 843 1638 916 ἐρημίαι
1672 843 1799 905 τοὺς

215 941 594 1013 κακούργους,
634 940 667 1012 ἢ
707 941 764 993 αἱ
800 940 983 1003 πόλεις
1018 940 1144 1001 τοὺς
1185 937 1560 1006 συκοφάντας,
1598 935 1632 1006 ἢ
1674 935 1797 996 τοὺς

216 1031 653 1094 καταποντιστὰς
690 1033 724 1101 ἡ
760 1029 1019 1087 θάλασσα.
1059 1029 1181 1083 Οὐδ’
1212 1029 1278 1083 ἂν
1316 1028 1487 1092 οὕτως
1521 1024 1590 1098 ἦν
1626 1031 1655 1081 ὁ
1688 1026 1799 1098 βίος

219 1123 380 1194 ἡμῶν
414 1122 845 1185 πολυστένακτος
879 1122 973 1174 καὶ
1005 1120 1312 1192 κατηφείας
1346 1120 1587 1193 πλήρης,
1630 1122 1677 1173 εί
1715 1136 1803 1190 νη-

221 1215 378 1267 στεία
415 1215 503 1267 τὸν
543 1213 657 1284 βίον
693 1212 851 1284 ἡμῶν
889 1215 1243 1285 ἐπρυτάνευε.
1284 1213 1532 1283 Δηλονὸτι
1571 1212 1801 1278 ἐδίδαξεν

219 1306 293 1359 ἂν
331 1304 539 1370 πάντας
590 1305 709 1374 ούχὶ
746 1304 1050 1375 βρωμάτων
1089 1304 1261 1375 μόνον,
1287 1304 1630 1375 ἐγκράτειαν,
1669 1302 1804 1357 ἀλλὰ

218 1395 320 1448 καὶ
353 1394 738 1466 φιλαργυρίας,
779 1393 874 1449 καὶ
913 1393 1247 1458 πλεονεξίας.
1278 1394 1370 1446 καὶ
1402 1394 1583 1464 πάσης
1609 1391 1805 1454 κακίας

220 1486 464 1555 παντελῆ
498 1487 676 1556 φυγήν
708 1503 768 1538 τε
794 1486 888 1539 καὶ
926 1485 1300 1557 ἀλλοτρίωσιν.
1330 1484 1478 1556 Αὕτη
1508 1487 1601 1538 τὸν
1633 1484 1804 1555 μέγαν

220 1579 462 1649 Σαμψὼν
513 1578 904 1650 ἐτιθηνήσατο,
948 1580 1041 1634 καὶ
1089 1579 1192 1642 ἕως
1239 1581 1329 1633 ὅτε
1382 1578 1675 1649 συμπαρῆν
1728 1575 1806 1647 τῷ

216 1664 407 1741 ἀνδρὶ,
443 1668 587 1723 κατὰ
615 1668 824 1739 χιλίους
854 1668 1081 1723 ἔπιπτον
1113 1671 1164 1722 οἱ
1202 1670 1479 1740 πολέμιοι,
1514 1669 1611 1723 καὶ
1643 1667 1807 1725 πύλαι

171 1793 175 1797 ν
219 1760 432 1813 πόλεων
462 1758 813 1823 άνεσπῶντο,
850 1759 944 1813 καὶ
985 1759 1198 1822 λέοντες
1230 1759 1328 1831 τὴν
1372 1760 1522 1828 ἰσχὺν
1552 1759 1659 1813 τῶν
1691 1776 1806 1829 χει-
1843 1742 1881 1795 Β

221 1852 336 1920 ρῶν
362 1853 458 1923 οὐχ
488 1852 799 1922 ὑφίσταντο.
833 1853 965 1907 Ὅτε
1001 1853 1058 1907 δὲ
1099 1852 1236 1924 μέθη
1270 1854 1430 1907 αὑτὸν
1458 1853 1553 1906 καὶ
1582 1852 1804 1924 πορνεία

221 1943 562 2015 παρέλαϐον,
618 1943 893 2014 ἁλώσιμος
945 1940 1012 2014 ἦν
1063 1947 1175 2007 τοῖς
1235 1943 1477 2015 ἐχθροῖς,
1539 1944 1636 1997 καὶ
1697 1943 1804 1998 τῶν

218 2033 514 2105 ὀφθαλμῶν
542 2035 846 2107 στερηθεὶς,
882 2036 1132 2105 παίγνιον
1161 2038 1447 2108 προέκειτο
1477 2040 1588 2100 τοῖς
1612 2036 1805 2091 παιδα-

221 2124 364 2194 ρίοις
393 2127 503 2177 τῶν
530 2126 862 2195 ἀλλοφύλων.
894 2126 1215 2199 Νηστεύσας
1252 2128 1471 2192 Ἠλίας,
1514 2128 1802 2183 ἀπέκλεισε

218 2214 316 2269 τὸν
353 2216 580 2288 οὐρανὸν
602 2220 725 2291 τρία
753 2220 848 2290 ἔτη
877 2222 971 2275 καὶ
1004 2223 1178 2293 μῆνας
1203 2223 1279 2289 ἓξ.
1317 2223 1534 2293 Ἐπειδὴ
1559 2223 1668 2295 γὰρ
1696 2218 1802 2277 εἶδε

222 2308 428 2380 πολλὴν
450 2312 515 2364 ἐκ
535 2311 630 2365 τού
651 2313 815 2383 κόρου
834 2314 1163 2384 τικτομένην
1176 2316 1274 2386 τὴν
1298 2314 1475 2387 ὓϐριν,
1492 2316 1805 2384 ἀναγκαίως

222 2398 410 2462 αὐτοῖς
436 2401 537 2470 τὴν
560 2402 812 2456 ἀκούσιον
844 2404 909 2457 ἐκ
942 2403 1036 2458 τοῦ
1067 2405 1227 2476 λιμοῦ
1255 2408 1510 2478 νηστείαν
1537 2409 1800 2478 ἐπήγαγε,

221 2489 292 2541 δι’
340 2486 409 2564 ἦς
450 2492 589 2564 πρὸς
635 2493 696 2549 τὸ
746 2495 984 2569 ἄμετρον
1021 2498 1122 2569 ἤδη
1171 2499 1435 2570 χεομένην
1479 2498 1656 2552 αὐτῶν
1705 2498 1803 2570 τὴν

225 2583 501 2655 ἁμαρτίαν
545 2584 793 2658 ἔστησεν,
852 2584 964 2643 οἷον
1014 2591 1252 2662 καυτῆρί
1308 2609 1414 2644 τινι
1466 2592 1498 2662 ἢ
1554 2594 1693 2662 τομῇ
1735 2594 1800 2663 τῇ

224 2677 450 2748 νηστεία
472 2678 570 2749 τὴν
592 2680 673 2743 είς
695 2681 757 2734 τὸ
777 2680 937 2736 πλέον
963 2683 1187 2754 πρόοδον
1211 2683 1302 2738 τοῦ
1328 2684 1497 2738 κακοῦ
1519 2684 1800 2754 διακόψας.

226 2767 346 2821 Ἵνα
373 2768 482 2841 γὰρ
517 2770 730 2846 μαλάξῃ
759 2774 859 2844 τὴν
893 2774 1206 2843 ἀμάλακτον
1245 2775 1470 2847 καρδίαν
1505 2777 1613 2830 τῶν
1642 2776 1806 2847 σκλη-

226 2860 596 2931 ροτραχήλων,
618 2863 789 2917 εἵλετο
811 2864 905 2919 καὶ
927 2865 1118 2919 ἑαυτὸν
1142 2869 1207 2937 τῇ
1240 2866 1580 2939 κακοπαθείᾳ
1602 2885 1806 2938 συγκα-

222 2950 512 3004 ταδικάσαι
533 2954 561 3006 ὁ
592 2951 819 3017 δίκαιος.
845 2955 945 3011 Διὰ
972 2955 1151 3018 τοῦτο,
1177 2955 1264 3025 Ζῇ
1290 2958 1525 3025 Κύριος,
1555 2958 1611 3011 εἰ
1635 2958 1806 3013 ἔσται

224 3040 384 3107 ὕδωρ
412 3041 509 3095 ἐπὶ
541 3041 652 3110 τῆς
676 3042 812 3113 γῆς,
838 3046 891 3099 si
910 3045 996 3114 μὴ
1019 3046 1116 3101 διὰ
1143 3048 1441 3115 στόματός
1458 3066 1597 3116 μου,
1618 3050 1800 3118 φησίν.

225 3128 413 3195 οὕτως
443 3132 688 3187 ἀπέδωκε
715 3135 809 3187 καὶ
840 3138 905 3207 τῇ
943 3139 1087 3209 χήρα
1121 3138 1213 3191 τὸν
1235 3138 1420 3201 παῖδα,
1453 3140 1672 3211 ἰσχυρὸς
1704 3157 1809 3209 φα-

225 3223 339 3286 νεὶς
368 3224 508 3277 κατὰ
552 3225 781 3279 θανάτου
829 3226 918 3281 διὰ
957 3228 1228 3297 νηστείας.
1274 3229 1411 3283 Οὔτε
1461 3230 1517 3284 δὲ
1565 3232 1812 3296 εὐποιίας

228 3312 634 3385 σαλπιζομένης
670 3315 889 3384 ὄφελος,
931 3317 1026 3371 καὶ
1063 3318 1315 3388 νηστείας
1351 3319 1812 3393 δημοσιευομένης

225 3404 421 3474 κέρδος
468 3406 645 3462 οὐδέν.
700 3408 781 3461 Τὰ
830 3412 938 3479 γὰρ
993 3410 1374 3474 ἐπιδεικτικῶς
1426 3413 1692 3481 γενόμενα
1750 3413 1812 3465 ού

231 3498 369 3566 πρὸς
395 3497 486 3550 τὸν
512 3497 685 3553 αἰῶνα
722 3501 814 3556 τὸν
845 3501 1104 3573 μέλλοντα
1126 3503 1218 3557 τὸν
1249 3504 1457 3576 καρπὸν
1488 3505 1811 3568 ἐπεκτείνει,

226 3591 346 3642 ἀλλ’
386 3591 466 3651 εἰς
506 3592 598 3645 τὸν
647 3591 753 3646 τῶν
801 3594 1103 3665 ἀνθρώπων
1158 3594 1375 3649 ἔπαινον
1425 3597 1810 3668 καταστρέφει.

243 3682 533 3754 Ἐλισσαίῳ
579 3685 635 3741 δὲ
672 3687 911 3750 ποταπὸς
954 3689 984 3741 ὁ
1035 3688 1179 3758 βίοςς
1222 3688 1339 3752 πῶς
1381 3689 1479 3760 μὲν
1526 3691 1674 3760 παρὰ.
1718 3691 1815 3759 τῆς

230 3775 610 3846 Σουναμίτιδος
663 3780 763 3850 τῆς
820 3779 1002 3847 ξενίας
1052 3781 1324 3842 ἁπέλαυες
1375 3782 1492 3845 πῶς
1546 3782 1603 3834 δὲ
1654 3783 1816 3846 αὐτὸς

228 3868 357 3930 τοὺς
402 3870 689 3940 προφήτας
736 3870 1037 3938 ἐδεξιοῦτο;
1088 3875 1221 3944 Οὐχὶ
1268 3875 1474 3945 λάχανα
1507 3875 1674 3949 ἄγρια
1722 3879 1816 3932 καὶ

228 3956 461 4025 ἄλευρον
509 3959 681 4032 βραχὺ
733 3962 833 4033 τὴν
891 3965 1195 4033 φιλοξενίαν
1245 3966 1518 4037 ἐπλήρου;
1579 3969 1666 4022 ὅτε
1720 3970 1816 4022 καὶ

228 4049 332 4120 τῆς
365 4051 601 4124 τολύπης
634 4055 1105 4128 παραληφθείσης,
1145 4058 1475 4112 κινδυνεύειν
1515 4058 1738 4130 ἔμελλον
1766 4062 1816 4115 οἱ

231 4142 526 4212 ἁψάμενοι,
553 4147 602 4198 εἰ
626 4146 702 4216 μὴ
722 4150 786 4218 τῇ
815 4149 948 4220 εὐχῇ
974 4150 1051 4221 (2)
1076 4148 1170 4202 τοῦ
1193 4151 1486 4220 νηστευτοῦ
1512 4151 1814 4224 ἠμαυρὼοη

229 4233 298 4288 τὸ
336 4234 677 4309 δηλητήριον.
716 4242 826 4295 Καὶ
860 4242 1212 4307 ἁπαξαπλῶς,
1261 4241 1445 4314 εὕροις
1477 4243 1545 4297 ἂν
1588 4243 1687 4315 τὴν
1720 4262 1817 4315 νη-

234 4324 422 4408 στείαν
451 4328 656 4395 πάντας
696 4334 824 4395 τοὺς
862 4334 1049 4402 ἁγίους
1087 4337 1164 4397 εἰς
1199 4333 1295 4400 τὴν
1325 4336 1465 4390 κατὰ
1502 4334 1634 4389 Θεὸν
1668 4334 1815 4388 πολι-

232 4414 389 4470 τείαν
425 4426 935 4494 χειραγωγήσασαν.

311 4701 365 4757 4.
399 4703 555 4757 Ἔστι
575 4721 663 4768 τις
687 4703 848 4773 φύσις
874 4705 1122 4777 σώματος
1154 4706 1219 4778 ἢν
1242 4705 1495 4760 καλοῦσιν
1530 4708 1815 4778 ἀμίαντον,

237 4794 515 4860 ἀνάλωτος
550 4797 700 4867 πυρί·
730 4798 851 4867 ἣτις
883 4800 940 4851 ἐν
972 4799 1069 4870 μὲν
1089 4803 1154 4870 τῇ
1186 4799 1343 4868 φλογί⁸
1370 4800 1614 4870 κειμένη,
1647 4800 1817 4871 ἀπην-

236 4887 557 4959 θρακῶσθαι
607 4888 782 4942 δοκειῖο
832 4888 1171 4961 ἐξαιρεθεῖσα
1227 4890 1284 4943 δὲ
1342 4890 1434 4943 τοῦ
1491 4891 1691 4960 πυρὸς.
1739 4891 1815 4955 ὡς

239 4978 397 5031 ὕδατι
413 4979 824 5050 λαμπρυνθεῖσα
841 4984 938 5049 i3),
960 4981 1313 5053 καθαρωτέρα
1336 4982 1560 5049 γίνεται.
1583 4984 1817 5037 Τοιαῦτα

236 5063 311 5138 ἦν
348 5069 415 5123 τά
460 5070 568 5123 τῶν
609 5070 777 5142 τριῶν
818 5072 1021 5124 παίδων
1067 5070 1287 5123 ἐκείνων
1330 5069 1575 5139 σώματα,
1621 5072 1686 5123 ἐκ
1719 5072 1819 5141 τῆς

158 5188 165 5191 ι
237 5161 498 5229 νηστείας
538 5160 732 5232 ἔχοντα
770 5162 830 5215 τὸ
877 5162 1160 5231 ἀμίαντον.
1206 5162 1293 5216 Ἑν
1338 5159 1449 5231 γὰρ
1488 5163 1553 5232 τῇ
1609 5160 1820 5235 μεγάλῃ

317 5299 363 5331 ⁸³
385 5297 565 5354 Judie.
598 5314 719 5363 xm,
758 5298 823 5353 14
868 5315 989 5369 sqq.
1060 5300 1105 5331 “
1139 5297 1207 5354 Ill
1244 5297 1374 5368 Reg.
1400 5298 1596 5358 xvt|,l.

316 5414 393 5483 (Ι)
418 5413 903 5483 Φυταὸευθεῖσαι.
933 5413 1197 5467 Codicum
1223 5413 1359 5467 alter
1383 5411 1805 5483 φυγαδευθέντα.

318 5481 396 5558 (2)
433 5481 625 5558 Εὒχῇ.
661 5483 753 5540 Sic
777 5494 1063 5541 contextus
1094 5493 1148 5539 et
1185 5483 1434 5540 codicum
1477 5485 1631 5540 alter.
1674 5481 1814 5535 Editi

240 5554 395 5688 “gi
436 5624 545 5678 Τοῦ
572 5639 761 5694 πυρος
780 5624 860 5689 ὡς
885 5623 1054 5677 ὕδατι
1074 5621 1543 5692 λαμπρυνθεῖση.
1574 5621 1693 5676 llaec
1716 5621 1813 5675 ad-

243 5696 364 5750 dita
397 5711 464 5751 ex
497 5697 687 5750 eodem
721 5694 908 5749 codice
934 5700 988 5749 et
1013 5710 1077 5747 ex
1103 5701 1379 5747 contextu.

1899 474 1947 529 si
1981 488 2175 529 omnes
2201 474 2474 544 jejunium
2507 473 2577 528 ad
2622 488 2711 528 res
2761 473 3030 543 gerendas
3081 474 3136 527 in
3190 474 3483 530 consilium

1903 566 2249 631 adhiberent,
2275 568 2414 621 nihil
2442 567 2688 622 obstaret
2717 568 3014 637 quominus
3040 582 3137 637 per
3160 568 3483 621 universum

1904 667 2176 713 terrarum
2209 659 2401 712 orbem
2451 659 2558 712 alta
2593 674 2695 728 pax
2729 667 2909 724 esset,
2942 659 3195 715 videlicet
3225 674 3327 714 nec
3360 658 3484 712 aliis

1898 751 2149 821 gentibus
2210 752 2265 804 in
2321 751 2459 805 alias
2502 750 2952 821 insurgentibus,
3005 766 3108 806 nec
3141 750 3480 806 exercitibus

1898 858 2094 898 manus
2122 842 2266 899 inter
2298 859 2358 899 se
2386 843 2828 899 conserentibus.
2861 844 2919 897 In
2956 859 3169 897 sutuma
3197 883 3210 903 ,
3246 840 3346 897 nec
3385 841 3482 898 de-

1901 944 2047 990 serta
2080 936 2342 990 haberent
2365 935 2662 997 maleﬁcus,
2688 951 2789 990 nec
2814 935 3065 990 civitates
3093 937 3480 1006 sycophantas.

1900 1043 2003 1083 nec
2030 1044 2179 1083 mare
2202 1029 2432 1098 piratas.
2458 1027 2569 1082 Nec
2611 1029 2719 1082 vita
2749 1036 2937 1084 nostra
2972 1036 3052 1081 tot
3085 1028 3339 1097 suspiriis
3362 1068 3377 1089 ,
3405 1033 3486 1081 tot

1902 1122 2233 1175 maeroribus
2284 1128 2433 1177 esset
2478 1120 2694 1175 dillerla
2722 1161 2736 1184 ,
2770 1122 2816 1177 si
2838 1122 3113 1191 jejunium
3160 1121 3328 1174 vitam
3383 1135 3485 1176 no-

1904 1221 2075 1268 stram
2109 1214 2463 1283 gubernaret.
2495 1212 2764 1268 Videlicet
2795 1229 3238 1283 unumquemque
3263 1213 3486 1267 doceret

1906 1320 2013 1358 non
2048 1311 2261 1357 tantum
2295 1302 2365 1356 ab
2401 1303 2602 1357 eduliis
2639 1303 3055 1366 abstinentiam,
3088 1315 3280 1355 verum
3318 1301 3483 1354 etiam

1906 1397 1975 1450 ab
2006 1396 2237 1448 avaritia
2262 1406 2315 1450 et
2346 1378 2582 1465 rapinis,
2633 1396 2872 1464 denique
2903 1395 2971 1449 ab
2994 1395 3143 1449 omni
3170 1392 3306 1448 vitio
3332 1407 3486 1461 pror~

1907 1503 2002 1543 sus
2062 1486 2401 1551 abhorrere,
2467 1494 2522 1540 et
2583 1486 2821 1539 alienum
2873 1500 3017 1540 esse.
3078 1484 3152 1555 (4)
3211 1484 3483 1553 Jejunium

1907 1594 2166 1649 magnum
2222 1578 2376 1632 illum
2441 1575 2799 1647 Sampsuuem
2861 1575 3118 1631 educavit
3167 1575 3256 1641 ⁸³,
3324 1575 3487 1645 idque

1908 1664 2151 1742 quandiit
2171 1672 2293 1723 viro
2322 1669 2519 1735 adfuit,
2554 1668 2824 1724 cadebant
2853 1668 3042 1722 hostes
3065 1666 3233 1729 mille,
3268 1667 3485 1720 urbium

1914 1771 2082 1832 porta
2129 1761 2548 1824 evellebantur,
2590 1760 2780 1815 leones
2824 1758 2996 1813 robur
3044 1772 3304 1814 manuum
3341 1758 3488 1809 illius

1911 1871 2021 1909 non
2056 1853 2421 1923 sustinebant.
2456 1852 2528 1907 At
2559 1853 2723 1907 simul
2767 1859 2932 1921 atque
2963 1851 3205 1905 ebrietas
3236 1864 3299 1903 ac
3337 1864 3489 1903 scor-

1909 1947 2049 2000 tatio
2082 1944 2446 2016 apprehendit
2489 1944 2760 1998 hominem
2791 1981 2806 2007 ,
2860 1941 3021 1997 facile
3071 1942 3123 1996 iu
3168 1957 3364 1996 manus
3393 1941 3490 1995 bo-

1882 2080 1885 2081 ν
1910 2040 2077 2094 stium
2109 2037 2323 2101 incidit,
2355 2045 2520 2106 atque
2549 2035 2892 2099 exoculatus,
2916 2048 3017 2104 pro
3049 2034 3177 2088 ludo
3204 2033 3489 2102 expositus

1910 2137 1997 2185 est
2028 2130 2216 2200 pueris
2273 2130 2723 2199 alienigenarum.
2768 2126 2915 2182 Elias
2940 2167 2956 2191 ,
2989 2141 3115 2180 cum
3163 2126 3487 2194 jejunasset,

1909 2221 2112 2276 clausit
2145 2221 2345 2279 cmlum
2380 2228 2494 2275 tres
2526 2233 2703 2273 annos
2728 2258 2743 2281 ,
2779 2232 2843 2272 ac
2875 2233 3092 2273 menses
3123 2233 3239 2274 sex.
3272 2216 3486 2272 Etenim

1878 2329 2034 2368 ⁵(ξιιιςιι
2076 2313 2284 2367 videret
2314 2313 2541 2367 multam
2582 2312 2731 2366 nasci
2768 2327 2799 2364 e
2827 2315 3081 2366 satietate
3110 2310 3487 2381 petulantiam,

1911 2404 2229 2460 necessario
2262 2404 2373 2463 illis
2407 2402 2837 2459 involuntarium
2869 2418 2932 2456 ex
2955 2402 3095 2456 fame
3111 2402 3376 2470 jejunium
3407 2403 3490 2456 in-

1912 2497 2038 2550 tﬂit
2063 2535 2079 2558 ,
2116 2510 2215 2565 per
2239 2497 2385 2566 quod
2425 2496 2565 2550 citra
2608 2495 2835 2550 modum
2861 2496 2973 2565 jam
3013 2495 3240 2549 effusam
3270 2496 3490 2549 illorum

1912 2587 2254 2656 iniquitatem
2306 2587 2556 2641 cohibuit
2609 2586 2864 2656 jejunio,
2924 2586 3074 2639 velut
3133 2587 3351 2639 ustione
3397 2594 3491 2640 aut

1910 2680 2154 2733 sectione
2179 2678 2443 2748 quadam,
2477 2678 2742 2748 majorem
2768 2676 2901 2732 mali
2928 2692 3280 2748 progressum
3314 2677 3488 2731 inter-

1910 2770 2120 2824 cidens.
2170 2768 2247 2836 (5)
2303 2768 2374 2824 Ut
2427 2769 2573 2823 enim
2624 2768 2911 2824 hominum
2966 2770 3163 2825 duram
3218 2769 3489 2823 cervicem

1912 2862 2228 2916 habentium
2278 2877 2378 2915 cor
2441 2861 2770 2916 indomitum
2824 2861 3138 2924 emolliret,
3191 2861 3277 2914 vir
3306 2861 3491 2929 justus

1911 2953 2083 3008 voluit
2111 2959 2167 3006 et
2202 2953 2444 3021 seipsum
2488 2967 2552 3006 ea
2584 2951 2898 3007 calamitate
2940 2966 3065 3005 cum
3106 2951 3318 3007 caeteris
3354 2965 3492 3006 con-

1911 3045 2192 3099 demnare.
2223 3042 2543 3114 Propterea,
2592 3043 2729 3099 Vivit
2762 3043 3045 3106 Dominus.
3073 3044 3282 3114 inquit,
3316 3044 3364 3100 si
3393 3045 3494 3097 erit

1912 3154 2054 3207 aqua
2086 3152 2245 3207 super
2288 3146 2485 3192 terram
2518 3178 2535 3201 ,
2581 3138 2685 3192 nisi
2717 3152 2810 3205 per
2868 3154 2925 3191 os
2972 3153 3146 3191 meum
3176 3136 3261 3189 “z
3310 3138 3392 3191 sic
3440 3148 3496 3192 et

1910 3229 2150 3285 reddidit
2223 3228 2402 3283 viduae
2456 3229 2690 3294 'filium,
2751 3219 2911 3285 fortis
2978 3228 3156 3284 factus
3231 3230 3495 3283 adversus

1914 3320 2092 3391 ipsam
2125 3329 2358 3375 mortem
2391 3336 2488 3390 per
2516 3321 2811 3389 jejunium.
2850 3319 2985 3374 Nam
3025 3336 3128 3375 nec
3151 3321 3280 3374 boni
3312 3321 3494 3390 cperis

1913 3413 2042 3466 tuba
2072 3413 2311 3466 nuntiati
2349 3413 2561 3468 utilitas
2594 3414 2742 3477 ulla;
2788 3428 2893 3467 nec
2929 3412 3139 3467 fructus
3174 3414 3317 3467 ttllus
3346 3412 3494 3481 jeju-

1913 3503 1990 3557 ιιιἰὶ
2035 3503 2090 3557 in
2119 3504 2396 3573 publicum
2425 3504 2640 3574 jactati.
2673 3506 2749 3574 (6)
2778 3505 2909 3569 Quae
2938 3506 3083 3559 enim
3106 3506 3492 3559 ostentationis

1914 3610 2081 3649 causa
2122 3595 2291 3658 fiunt,
2337 3611 2399 3649 ea
2453 3612 2799 3666 nequaquam
2834 3599 3119 3666 porrigunt
3166 3598 3404 3651 fructum
3436 3599 3490 3653 iu

1916 3688 2174 3742 saeculum
2211 3695 2504 3743 ventulum
2533 3727 2548 3751 ,
2605 3704 2793 3743 verum
2850 3690 2905 3742 in
2955 3690 3235 3744 hominum
3277 3690 3490 3745 laudem

1916 3780 2557 3849 oontmendationemque
2586 3778 2868 3835 desinunt.
2901 3779 2976 3849 (7)
3023 3778 3235 3834 Rursus
3268 3781 3491 3849 quinam

1916 3870 2095 3925 victus
2142 3868 2344 3924 Elisei?
2376 3868 2653 3937 quomodo
2696 3868 2840 3937 apud
2876 3867 3272 3921 Sunamitidem
3315 3869 3494 3937 hospi-

1914 3965 1992 4017 tio
2044 3977 2181 4018 usus
2233 3961 2358 4016 est?
2399 3959 2676 4029 quomodo
2730 3961 2846 4029 ipse
2899 3960 3196 4030 prophetas
3236 3960 3494 4029 excepit?

1915 4051 2109 4106 Nonne
2157 4051 2394 4121 agrestia
2425 4051 2579 4105 olera
2625 4066 2690 4105 ac
2743 4052 2936 4104 farinae
2973 4049 3270 4119 pauxillum
3308 4050 3495 4119 hospi-

1880 4194 1885 4199 .
1915 4144 2146 4199 talitatis
2178 4159 2380 4197 munus
2417 4144 2750 4212 explebant?
2784 4157 2895 4214 quo
2943 4151 3189 4212 tempore
3214 4143 3377 4197 etiam
3406 4157 3497 4199 co-

1916 4234 2234 4305 locynthide
2269 4244 2489 4304 sumpta
2517 4274 2532 4298 ,
2583 4244 2741 4289 erant
2799 4235 3154 4305 periclitaturi
3179 4235 3273 4304 qui
3304 4244 3493 4305 gusta-

1917 4334 2075 4389 rant,
2113 4327 2171 4382 ni
2203 4326 2398 4382 fuisset
2425 4327 2758 4396 jejunatoris
2785 4325 2951 4397 529
2981 4341 3142 4397 prece
3167 4327 3491 4396 dissipatum

1843 4453 1884 4506 υ
1925 4433 2216 4473 venenum.
2249 4419 2449 4489 Atque,
2503 4428 2563 4474 ut
2595 4420 2764 4475 semel
2791 4421 2975 4474 omnia
3013 4420 3226 4482 dicam,
3257 4420 3496 4489 reperies

1917 4520 2186 4581 quotquot
2216 4511 2368 4568 fuere
2403 4513 2579 4568 sancti
2602 4553 2618 4577 ,
2652 4528 2843 4569 omnes
2879 4528 2976 4584 per
3007 4514 3280 4583 jejunium
3311 4514 3379 4568 ad
3412 4513 3493 4568 vi-

1919 4611 2028 4659 tam
2060 4604 2171 4660 Deo
2214 4604 2435 4675 dignam
2486 4605 2771 4661 institutos
2813 4604 3010 4661 fuisse.

1989 4717 2044 4771 4.
2105 4716 2181 4772 Ea
2239 4728 2325 4773 est
2384 4726 2581 4775 natura
2643 4719 2893 4789 corporis
2958 4718 3286 4787 cujusdam,
3348 4716 3517 4786 quod-

1919 4809 2198 4862 amianton
2250 4818 2494 4874 vocant,
2539 4816 2599 4864 ut
2631 4810 2741 4880 igni
2780 4810 3030 4864 consumi
3060 4824 3167 4863 non
3208 4810 3402 4878 possit.
3434 4806 3490 4861 Id

1923 4897 1968 4949 si
1999 4896 2053 4949 in
2077 4895 2295 4951 ﬂamma
2320 4907 2558 4968 ponatur
2595 4900 2811 4953 videtur
2842 4900 3060 4968 quidem
3094 4899 3372 4969 ignescere
3393 4937 3408 4959 ,
3440 4906 3497 4951 tt

1926 4984 1982 5038 in
2031 4999 2260 5053 prunam
2300 4987 2482 5041 verti:
2522 4986 2616 5041 sed
2665 4988 2711 5041 si
2754 4988 3028 5042 eximatur
3072 4988 3217 5057 igni,
3270 4987 3495 5057 perinde

1926 5076 2087 5144 quasi
2148 5074 2346 5131 fuisset
2407 5092 2549 5148 aqua
2617 5077 2991 5142 illustratum,
3045 5078 3227 5136 evadit
3280 5079 3490 5148 purius.

1926 5162 2255 5233 llujusmodi
2292 5175 2452 5220 erant
2491 5167 2655 5221 trium
2684 5167 2900 5222 illorum
2925 5183 3219 5238 puerorum
3241 5181 3494 5237 corpora.

1990 5409 2067 5481 {4)
2100 5408 2176 5481 Ex
2208 5410 2355 5481 ltom.
2394 5408 2537 5481 nADe
2565 5410 2809 5481 jejunio.
2831 5409 2913 5464 14.

2200 5479 2352 5560 ,ἤθει-ι.
2389 5496 2402 5534 l
2438 5479 2509 5535 De
2532 5483 2762 5550 jejunio,
2799 5480 2851 5534 5.

2019 5550 2074 5618 6)
2100 5548 2261 5610 lbid.,
2285 5549 2340 5603 2.

2019 5621 2074 5691 7)
2102 5618 2263 5688 lbid.,
2298 5620 2349 5674 5.
