3874 6224
424 354 563 408 Hi7

1295 358 1660 414 APPENDIX.
1705 390 1773 399 —
1809 352 2154 413 SYllEONlS
2193 347 2733 409 .‘llET.\PI!HAST.£

3561 333 3696 388 {2l8

423 483 732 543 serpentem
771 475 826 529 in
855 474 1149 531 consilium
1176 477 1440 533 adhibere
1459 519 1473 541 ,
1504 478 1749 534 edulium
1786 478 1851 531 ad
1879 492 2005 531 car-

2118 470 2415 543 παρακοήν’
2462 468 2536 538 μὴ
2568 466 2733 519 πάλιν
2771 460 3072 533 σύμϐουλον
3106 454 3393 527 παραδέξῃ
3427 452 3519 504 τὸν
3556 451 3694 517 δφιν,

421 581 548 618 nem
603 567 823 622 mollius
861 569 1161 623 curandam
1193 578 1609 639 proponentem.
1656 567 1734 623 Nc
1762 570 2009 623 causeris

421 660 672 729 corporis
731 660 1005 716 infirmam
1081 663 1450 719 valetudinem
1525 677 1588 717 ac
1648 663 2004 717 debilitatem.

422 750 610 821 Neque
652 754 797 808 enim
830 754 964 807 milii
1013 754 1150 810 istas
1192 754 1579 810 excusationes
1624 753 1873 824 profers:
1911 752 2006 807 sed

424 842 620 896 scienti
653 843 814 898 dicis.
852 844 984 912 Age,
1015 845 1103 901 dic
1129 845 1284 909 mihi,
1324 846 1579 914 jejunare
1608 860 1720 899 non
1746 852 1924 915 potes,
1955 854 2010 898 et

426 936 612 990 satiari
644 952 739 1005 per
764 944 934 991 totam
959 938 1125 992 vitam
1157 954 1221 994 ac
1251 937 1520 992 coniicere
1540 953 1741 1007 corpus
1770 936 2010 1006 pondere

424 1030 673 1084 ciborum
710 1030 905 1100 potes?
949 1032 1119 1101 Atqui
1153 1030 1389 1085 infirmis
1412 1069 1428 1093 ,
1478 1045 1589 1084 non
1636 1029 1884 1083 ciborum
1920 1044 2010 1082 va—

425 1123 709 1185 rietatem.
743 1124 837 1179 sed
874 1125 1111 1178 inediam
1141 1132 1196 1179 et
1244 1123 1639 1179 abstinentiam
1696 1136 1727 1174 a
1780 1121 2010 1176 medicis

427 1215 708 1283 praescribi
740 1216 876 1272 scio.
913 1214 1019 1283 Qui
1057 1218 1115 1269 lit
1164 1215 1352 1285 igitur,
1395 1220 1455 1268 ut
1498 1228 1623 1269 cum
1669 1213 1772 1267 ista
1806 1212 2007 1283 possis.

427 1305 518 1359 illa
560 1313 614 1360 te
667 1320 775 1361 non
812 1321 973 1377 posse
1015 1307 1311 1362 causeris?
1353 1304 1545 1361 Utrum
1585 1305 1764 1361 ventri
1800 1303 2011 1361 facilius

426 1404 513 1452 est
559 1398 710 1452 tenui
742 1399 888 1452 victu
923 1398 1301 1453 transmittere
1334 1405 1550 1452 noctem
1577 1439 1592 1461 ,
1634 1412 1703 1450 an
1735 1393 1892 1466 copia
1930 1396 2010 1449 ci-

428 1492 621 1544 borum
682 1497 967 1558 gravatum
1025 1482 1255 1559 jacere?
1291 1490 1396 1544 nisi
1450 1488 1593 1544 forte
1645 1504 1675 1542 a
1735 1488 2010 1543 naucleris

424 1581 579 1637 dices
602 1566 858 1634 onustam
888 1581 1122 1635 sarcinis
1146 1595 1340 1635 navem
1368 1580 1585 1636 facilius
1610 1580 1820 1635 servari
1844 1595 2008 1650 quam

426 1673 733 1742 expeditam
779 1682 833 1728 et
862 1674 1059 1729 levem.
1092 1671 1226 1726 Nam
1261 1673 1446 1727 oneris
1478 1670 1855 1742 magnitudine
1886 1686 2011 1742 gra-

428 1776 607 1820 vatam
639 1806 654 1829 ,
692 1767 946 1836 quamvis
991 1767 1225 1837 exiguus
1258 1763 1457 1820 fluctus
1490 1763 1746 1821 adoriens
1796 1762 2009 1819 demer-

2111 541 2283 630 ᾀειδοῖ
2347 558 2443 628 τῆς
2497 557 2699 627 σαρκὸς
2746 555 2844 626 τὴν
2898 551 3099 624 βρῶσιν
3147 545 3563 615 ὑποτιθέμενον.
3612 541 3699 610 Μὴ

2111 651 2451 723 προφασίζου
2488 649 2799 721 ἀρρωστίαν
2837 645 3087 716 σώματος
3125 643 3221 696 καὶ
3260 638 3589 708 ἀδυναμίαν·
3641 634 3699 686 οὗ

2110 743 2219 814 γὰρ
2268 744 2390 811 ἐμοὶ
2448 742 2550 804 τὰς
2605 740 2928 810 προφάσεις,
2979 735 3117 789 ἀλλὰ
3163 734 3242 804 τῷ
3290 731 3456 785 εἰδότι
3502 727 3698 794 λέγεις.

2112 835 2413 906 Νηστεύειν
2449 836 2512 886 οὐ
2540 832 2795 895 δύνασαι,
2831 830 2952 884 εἰπέ
2985 845 3106 901 μοις
3139 821 3502 899 κορέννυσθαι
3526 820 3587 872 δὲ
3618 816 3701 869 διὰ

2114 928 2252 999 βίου,
2281 929 2375 982 καὶ¹
2402 925 2711 998 συντρίϐειν
2740 924 2799 978 τὸ
2829 924 2988 993 σῶμα
3015 921 3094 991 τῷ
3126 920 3284 991 βάρει
3311 916 3425 969 τῶν
3454 911 3701 981 ἐσθιομέ-

2111 1040 2217 1075 νων
2244 1020 2501 1084 δύνασαι;
2541 1018 2651 1071 Καὶ
2689 1018 2796 1088 μὴν
2827 1018 2940 1080 τοῖς
2975 1012 3294 1068 ἀσθενοῦσιν
3322 1008 3445 1080 οὐχὶ
3481 1003 3703 1078 βρωμά-

2110 1130 2219 1167 των
2267 1112 2562 1173 ποικιλίαν,
2617 1109 2733 1166 ἀλλ’
2780 1110 2998 1163 ἀσιτίαν
3042 1108 3136 1161 καὶ
3182 1105 3390 1158 ἔνδειαν
3431 1096 3553 1153 οἶδα
3582 1098 3703 1160 τοὺς

2117 1206 2334 1277 ἰατροὺς
2372 1206 2786 1266 ὲπιτάσσοντας.
2828 1199 2953 1263 Πῶς
2986 1194 3080 1252 οὖν
3111 1200 3140 1251 ὁ
3176 1195 3352 1249 ταῦτα
3384 1192 3701 1260 δυνάμενος,

2112 1300 2296 1352 ἐκεῖνα
2333 1295 2647 1370 προφασίζῃ
2687 1295 2762 1368 μὴ
2804 1291 3097 1359 δύνασθαι;
3132 1290 3199 1345 Τί
3235 1287 3611 1357 εὐκολώτερον
3641 1287 3702 1355 τῇ

2112 1390 2331 1463 γαστρὶ,
2370 1388 2608 1460 λιτότητι
2651 1387 2863 1459 διαίτης
2905 1385 3263 1457 παρενεγκεῖν
3294 1380 3396 1453 τὴν
3439 1378 3636 1437 νύκτα,
3670 1378 3702 1447 ἦ

2111 1482 2363 1554 δαψιλείᾳ
2423 1480 2729 1554 βρωμάτων
2787 1479 3168 1550 βεϐαρημένην
3218 1474 3471 1536 κεῖσθαιῖ
3534 1472 3584 1523 εί
3636 1471 3703 1538 μὴ

2115 1576 2212 1629 καὶ
2236 1576 2363 1639 τοὺς
2397 1573 2737 1645 κυϐερνήτας
2767 1572 2988 1643 φήσεις,
3024 1567 3399 1640 βαρυνομένην
3424 1567 3542 1627 τοῖς
3571 1564 3707 1628 ἀγω-

2111 1668 2297 1738 γίμοις
2320 1666 2519 1720 ὁλκάδα
2546 1662 2911 1735 εὐκολώτερον
2935 1659 3128 1726 σώζειν
3149 1658 3251 1729 τῆς
3272 1655 3706 1724 εὐσταλεστέρας

2113 1761 2207 1815 καὶ
2266 1760 2495 1831 κούφης.
2559 1757 2671 1830 Τὴν
2730 1757 2831 1829 μὲν
2879 1755 2990 1828 γὰρ
3053 1750 3591 1826 παραπεπιεσμένην
3635 1746 3706 1814 τῷ

427 1858 533 1929 git:
568 1866 789 1921 contra,
817 1856 978 1925 cujus
1006 1857 1227 1912 sarcina
1258 1857 1541 1912 moderata
1568 1867 1653 1913 est
1681 1871 1744 1912 ac
1776 1855 2011 1923 modica,

2118 1851 2335 1922 πλήθει,
2365 1850 2591 1923 βραχεῖα
2624 1849 2867 1920 κύματος
2889 1845 3257 1908 ἐπανάστασις
3283 1841 3703 1896 κατεϐἀπτισενο

430 1956 542 2011 lizec
574 1954 732 2010 facile
766 1955 967 2011 ﬂuctus
996 1964 1243 2027 superat.

496 2127 550 2183 Ξ.
594 2129 672 2197 (l)
719 2127 1046 2200 Quanquam
1106 2143 1219 2184 non
1252 2128 1490 2183 arbitror
1545 2135 1700 2183 tanto
1751 2125 1885 2180 mihi
1934 2126 2012 2179 la—

427 2220 559 2275 bore
605 2233 744 2290 Opus
791 2229 956 2283 esse,
1022 2227 1082 2274 ut
1140 2236 1240 2276 vos
1289 2220 1356 2274 ad
1404 2219 1675 2289 jejunium
1725 2217 2007 2280 exhorter,

426 2320 635 2380 quanto
687 2318 746 2363 ut
786 2310 1046 2366 dehorter
1102 2325 1173 2365 ne
1223 2312 1351 2380 quis
1390 2310 1444 2363 in
1479 2309 1672 2363 vitium
1725 2307 2011 2364 ebrietatis

428 2402 651 2457 incidat.
709 2400 847 2456 Nam
895 2401 1166 2472 jejunium
1232 2401 1456 2471 quidem
1513 2401 1760 2471 plerique
1809 2400 2007 2471 partim

428 2495 503 2550 ob
536 2496 1014 2561 consuetudinem,
1044 2495 1242 2565 partim
1270 2495 1342 2547 ob
1383 2494 1647 2564 pudorem
1678 2495 1823 2547 inter
1858 2493 2011 2563 ipsos

429 2594 679 2641 mutuum
739 2585 1071 2653 suscipiunt.
1126 2583 1325 2639 Verum
1381 2584 1451 2638 ab
1484 2584 1750 2639 ebrietate
1804 2592 2010 2646 metuo,

427 2693 591 2748 quam
620 2676 883 2731 vinolenti
938 2692 1047 2731 non
1082 2677 1241 2731 aliter
1265 2691 1430 2747 quam
1463 2686 1746 2746 paternam
1785 2676 2013 2730 haeredi-

428 2778 592 2824 tatem
641 2769 919 2823 mordicus
975 2776 1183 2822 tenent.
1219 2766 1691 2834 Quemadmodum
1742 2768 1887 2822 enim
1917 2766 2010 2836 qui

428 2864 781 2933 longinquam
837 2861 1233 2933 profectionem
1293 2860 1605 2923 adornant,
1649 2861 1722 2914 ita
1762 2862 2012 2915 nonnulli

429 2955 693 3011 vecordes
719 2956 878 3010 hodie
911 2955 1176 3010 adversus
1211 2956 1458 3025 quinque
1493 2953 1707 3008 dierum
1735 2953 2011 3022 jejunium

428 3049 558 3104 vino
596 3047 901 3118 indulgent.
952 3047 1094 3114 Quid
1130 3048 1272 3115 agis,
1311 3061 1346 3100 ο
1378 3046 1581 3101 homo?
1605 3045 1680 3116 (9)
1717 3046 1888 3101 Nemo
1914 3061 2017 3116 pu-

430 3140 609 3195 dicam
668 3152 894 3192 uxorem
946 3140 1189 3208 legitimo
1220 3137 1476 3208 conjugio
1507 3136 1775 3192 ducturus
1805 3177 1819 3201 ,
1861 3138 2014 3207 prius

431 3236 612 3286 scorta
645 3236 699 3282 et
730 3229 1072 3283 concubinas
1112 3227 1336 3282 domum
1369 3228 1602 3283 inducit.
1648 3228 1833 3298 {Neque
1865 3230 2011 3284 enim
2040 3213 2083 3270 Ο

429 3319 631 3389 conjux
682 3319 923 3390 legitima
968 3319 1178 3390 patitur
1207 3320 1519 3374 convictum
1563 3321 2016 3376 contubernium-

431 3425 538 3481 que
587 3418 997 3480 corruptarum.
1033 3409 1271 3466 Proinde
1315 3418 1372 3466 tu
1404 3426 1625 3481 quoque
1652 3427 1777 3466 cum
1814 3428 2013 3483 exspe-

433 3514 614 3559 ctatur
638 3502 933 3572 jejunium,
965 3517 1099 3559 cave
1132 3503 1289 3574 prius
1316 3505 1635 3560 introducas
1668 3506 2011 3573 ebrietatem,

433 3605 679 3653 scortum
712 3595 841 3649 illud
892 3595 1169 3664 publicum
1196 3635 1212 3657 ,
1247 3595 1606 3664 impudicitia:
1634 3604 1898 3660 matrem,
1929 3599 2020 3652 in-

433 3690 758 3752 sanientem,
783 3687 849 3741 ad
871 3688 1057 3741 omnia
1081 3687 1443 3756 turpitudinis
1466 3703 1663 3758 genera
1694 3690 2009 3759 proclivem.

433 3779 778 3849 Jejunantem
834 3778 978 3831 intra
1041 3793 1199 3832 sacra
1254 3788 1405 3846 septa
1440 3778 1673 3848 suscipit
1705 3778 2011 3835 Dominus:

434 3881 489 3926 at
529 3871 656 3924 luxu
686 3870 1023 3939 crapulaque
1062 3870 1318 3938 plenum,
1346 3869 1512 3921 veluti
1564 3868 1852 3938 profanum
1885 3877 1940 3924 et
1984 3884 2015 3923 a

434 3959 609 4014 sacris
630 3959 867 4013 alienum
892 3996 908 4019 ,
945 3971 1290 4028 nequaquam
1318 3955 1484 4028 528
1513 3959 1770 4013 admittit.
1802 3959 2016 4015 Etenim

434 4052 481 4105 si
515 4067 639 4106 cras
666 4052 858 4106 venias
882 4050 1068 4104 viuum
1089 4050 1364 4114 redoleas,
1402 4053 1566 4122 idque
1597 4054 1867 4108 cruditate
1895 4068 2017 4109 cor-

435 4152 654 4213 ruptum
687 4157 753 4198 ac
805 4143 1220 4213 putrefactum,
1278 4145 1556 4214 quomodo
1610 4146 1705 4200 tibi
1736 4147 2017 4216 crapulam

437 4249 535 4305 pro
569 4232 782 4302 jejunio
832 4232 1161 4303 imputabo?
1198 4250 1377 4304 neque
1432 4237 1577 4290 enim
1629 4237 1762 4290 illud
1813 4237 2015 4307 cogita,

432 4326 580 4398 quod
645 4340 853 4399 merum
901 4326 998 4380 tibi
1045 4340 1247 4382 recens
1300 4328 1542 4382 infusum
1589 4344 1699 4383 non
1755 4337 1870 4385 est:
1920 4331 2016 4385 sed

431 4417 580 4491 quod
625 4432 657 4472 a
701 4419 828 4472 vino
861 4432 1031 4487 purus
1062 4433 1171 4474 non
1230 4433 1292 4473 es
1319 4458 1335 4482 ,
1404 4420 1508 4474 hoc
1556 4431 1768 4489 reputa.
1809 4420 1866 4475 In
1896 4429 2018 4477 utro

434 4521 490 4567 te
519 4511 713 4566 ordine
755 4510 1077 4564 collocabo?
1111 4511 1254 4566 inter
1283 4512 1509 4576 ebrios,
1559 4527 1627 4566 an
1691 4513 1833 4566 inter
1874 4514 2019 4585 jeju—
2052 4563 2094 4617 D

435 4603 669 4661 nantes?
707 4601 993 4657 Praaterita
1035 4603 1333 4658 vinolentia
1370 4612 1425 4659 te
1467 4604 1571 4660 sibi
1604 4609 1835 4661 asserit:
1879 4622 2017 4678 pne-

432 4712 564 4753 sens
607 4694 786 4751 inedia
835 4695 1104 4765 jejunium
1165 4695 1513 4751 testificatur.
1560 4699 1777 4766 AnCeps
1829 4713 1926 4761 es.
1963 4709 2017 4754 et

434 4799 852 4845 controversum
910 4786 1242 4841 temulenlia:
1291 4787 1459 4841 veluti
1499 4788 1866 4858 mancipium,
1912 4804 2013 4845 nec

2116 1945 2150 2014 ἡ
2168 1943 2224 1996 δὲ
2256 1940 2586 2013 συμμέτρως
2615 1939 2723 1994 τῶν
2747 1937 3048 2011 ἀγωγίμων
3079 1937 3294 2008 ἔχουσα,
3319 1933 3526 2005 ῥᾳδίως
3550 1932 3709 2001 ὑπερ-

2116 2036 2261 2108 αίρει
2285 2035 2380 2088 τοῦ
2406 2033 2694 2097 κλύδωνος.

2138 2156 2141 2159 -
2187 2127 2242 2181 ‘2.
2273 2125 2418 2198 Πλὴν
2450 2127 2510 2178 οὐ
2545 2125 2800 2179 τοσούτου
2836 2140 2925 2193 μοι
2951 2122 3064 2175 δεῖν
3092 2119 3302 2189 ἀγῶνος
3340 2116 3590 2189 ἠγοῦμαι
3617 2115 3708 2182 τὴν

2118 2221 2247 2291 περὶ
2296 2217 2551 2290 νηστείας
2601 2217 2971 2290 παράκλησιν,
3012 2214 3135 2268 ὅσον
3174 2211 3271 2265 τοῦ
3317 2212 3395 2283 μή
3436 2227 3563 2263 τινα
3602 2212 3709 2271 τοῖς

2118 2314 2309 2376 κακοῖς
2332 2312 2432 2383 τῆς
2466 2309 2635 2383 μέθης
2660 2308 2999 2381 περιπεσεῖν.
3021 2304 3132 2376 Τὴν
3162 2303 3260 2377 μὲν
3285 2304 3399 2375 γὰρ
3431 2303 3707 2375 νηστείαν.

2117 2404 2211 2457 καὶ
2245 2402 2333 2456 διὰ
2370 2402 2469 2474 τὴν
2513 2400 2837 2471 συνήθειαν,
2872 2398 2967 2453 καὶ
3000 2398 3090 2452 διὰ
3132 2396 3231 2465 τὴν
3269 2397 3413 2468 πρὸς
3448 2395 3709 2467 ἀλλήλους

2119 2494 2273 2559 αίδῶ,
2296 2497 2344 2548 οἱ
2368 2495 2553 2548 πολλοὶ
2574 2493 2984 2569 καταδέχονταει.
3008 2489 3280 2562 Φοϐοῦμαι
3304 2488 3364 2542 δὲ
3386 2488 3492 2559 τὴν
3524 2486 3707 2558 μέθην.

2119 2588 2208 2660 ἢν,
2244 2587 2433 2658 ὥσπερ
2461 2586 2584 2640 τινὰ
2619 2586 2819 2657 κλῆρον
2856 2583 3128 2656 πατρῷον,
3162 2582 3214 2637 οἱ
3252 2580 3487 2651 φίλοινοι
3516 2579 3711 2633 διασώ-

2120 2681 2322 2748 ζουσιν.
2360 2682 2445 2745 Ὡς
2468 2682 2578 2752 γὰρ
2601 2680 2651 2731 οἱ
2682 2677 2818 2750 πρὸς
2845 2678 2945 2741 τὰς
2979 2674 3193 2747 μακρὰς
3213 2672 3531 2744 ἀποδημίας
3556 2673 3712 2725 ἅτ’.αὲ-

2122 2790 2326 2848 ροντες,
2368 2773 2511 2828 οὕτω
2548 2771 2694 2835 τινὲς
2727 2769 2835 2825 τῶν
2875 2769 3115 2841 ἀνοήτων
3162 2768 3404 2839 σήμερον
3442 2765 3586 2837 πρὶς
3618 2767 3711 2828 τάς

2120 2869 2279 2923 πέντε
2326 2867 2435 2922 τῶν
2476 2865 2742 2935 νηστειῶν
2789 2864 3002 2935 ἡμέρας
3045 2858 3356 2927 οίνίζονται.
3394 2859 3466 2912 Τί
3521 2862 3708 2919 ποιεῷ

2119 2961 2405 3033 ἀνθρωπε;
2449 2958 2636 3023 Οὐδεὶς
2681 2959 2920 3027 γυναῖκα
2961 2954 3165 3025 σεμνὴν
3216 2953 3408 3023 νόμοις
3455 2951 3711 3021 γαμικοίς

2120 3053 2424 3125 ἐπάγεσθαι
2466 3051 2699 3125 μέλλων,
2745 3046 3080 3112 παλλακίδας
3114 3046 3209 3101 καὶ
3251 3045 3483 3117 ἑταίρας
3520 3044 3712 3113 προλα-

2120 3147 2231 3204 ϐὼν
2261 3146 2560 3212 εἰσοικίζει·
2593 3147 2653 3199 οὐ
2689 3144 2798 3215 γὰρ
2835 3144 3085 3214 ἀνέχεται
3124 3142 3158 3213 ἡ
3198 3139 3406 3210 νομίμη
3449 3138 3553 3210 τὴν
3582 3136 3713 3208 μετὰ

2115 3240 2224 3294 τῶν
2268 3238 2680 3310 διεφθαρμένων
2725 3236 3059 3303 συνοίκησιν.
3112 3234 3202 3304 Μὴ
3251 3232 3439 3286 τοίνυν
3484 3231 3583 3285 καὶ
3628 3231 3707 3293 σὺ,

2113 3327 2570 3401 προσδοκωμένης
2601 3326 2876 3396 νηστείας,
2911 3324 3325 3397 προεισαγάγῃς
3364 3322 3471 3393 τὴν
3521 3320 3703 3392 μέθην,

2113 3420 2211 3493 τὴν
2242 3419 2524 3490 πάνδημον
2553 3418 2781 3488 πόρνην,
2812 3416 2911 3489 τὴν
2938 3412 3039 3484 τῆς
3063 3412 3456 3483 ἀναισχυντίας
3483 3412 3706 3484 μητέρα,

2112 3514 2214 3585 τὴν
2265 3510 2519 3583 μαινάδα,
2546 3509 2648 3581 τὴν
2707 3508 2845 3580 πρὸς
2891 3508 3071 3561 πᾶσαν
3124 3505 3269 3559 ίδέαν
3319 3502 3705 3574 ἀσχημοσύνης

2114 3605 2364 3660 εὔκολον.
2396 3603 2500 3657 Τὸν
2529 3598 2882 3672 νηστεύοντα,
2914 3599 3047 3653 εἴσω
3080 3597 3190 3653 τῶν
3225 3597 3391 3668 ἱερῶν
3411 3595 3704 3666 πριεῶαη

2115 3697 2480 3768 παραδέχεται
2503 3697 2532 3749 ὁ
2562 3691 2796 3766 Κύριοςο
2821 3693 2912 3748 τὸν
2940 3690 3359 3763 κραιπαλῶντα,
3382 3691 3463 3754 ὡς
3491 3688 3704 3760 βέὁῃλσν

2116 3791 2213 3845 καὶ
2260 3790 2495 3860 ἀνίερον,
2548 3786 2610 3841 οὐ
2646 3785 2949 3858 προσίεται.
3004 3784 3129 3838 Ἐάν
3170 3785 3280 3855 γὰρ
3321 3781 3488 3853 ἔλθῃς
3530 3779 3704 3850 αὔριον

2116 3883 2260 3936 οἴνου
2285 3881 2533 3947 ἀπόζων,
2564 3881 2658 3934 καὶ
2687 3879 2878 3934 τούτου
2913 3878 3243 3949 σεσηπότας,
3272 3875 3392 3938 πῶς
3420 3875 3523 3945 τὴν
3560 3889 3706 3943 κραι-

2117 3974 2297 4045 πάλην
2350 3974 2431 4037 sic;
2485 3967 2742 4044 νηστείαν
2799 3987 2880 4024 σοι
2937 3969 3253 4039 λογίσομαις
3312 3966 3405 4036 Μὴ
3462 3965 3574 4037 γάρ
3632 3963 3703 4016 δτι

2118 4064 2430 4136 πρόσφατον
2478 4064 2578 4116 οὐκ
2630 4062 2830 4133 ἐνεχέω
2874 4062 2967 4115 τὸν
3015 4059 3283 4129 ἄκρατον,
3344 4057 3464 4113 ἀλλ’
3512 4058 3597 4111 ὅτι
3647 4055 3703 4107 οὗ

2117 4157 2447 4230 καθαρεύεις
2481 4158 2644 4221 οἴνου,
2680 4156 2839 4211 τοῦτο
2889 4155 3126 4225 λογίζου.
3175 4151 3289 4208 Ποῦ
3332 4168 3392 4205 σε
3433 4150 3617 4215 τάξω;
3652 4152 3707 4203 ἐν

2117 4251 2233 4313 τοῖς
2274 4246 2551 4319 μεθύσοις,
2591 4249 2624 4322 ἦ
2658 4250 2714 4302 ὲν
2741 4251 2853 4313 τοῖς
2881 4249 3228 4319 νηστευταῖς;
3257 4245 3326 4298 Ἦ
3360 4241 3705 4315 παρελθοῦσα

2119 4340 2432 4411 οίνοφλυγία
2474 4340 2611 4411 πρὸς
2652 4340 2851 4411 ἑαυτὴν
2890 4339 3211 4393 ἐπισπᾶταυ
3259 4338 3295 4406 ἡ
3335 4334 3596 4407 παροῦσα
3630 4333 3706 4385 εν-

2119 4432 2235 4487 δεια
2289 4432 2545 4504 νηστείαν
2597 4433 3035 4504 προσμαρτυρεῖ.
3093 4424 3611 4499 ’Δμφισῦητήσιμος
3660 4419 3708 4477 εἷ

2119 4526 2185 4596 τῇ
2245 4523 2382 4596 μέθῃ
2420 4523 2610 4595 ὥσπερ
2653 4522 3005 4594 ἀνδράποδον,
3045 4520 3140 4575 καὶ
3181 4521 3281 4574 οὐκ
3324 4517 3590 4586 ἀφέξεταί
3620 4532 3705 4568 σου

2120 4617 2362 4681 δικαίως’
2393 4619 2642 4689 ἐναργεῖς
2677 4614 2778 4680 τάς
2812 4612 3113 4679 ἀποδείξεις
3154 4612 3255 4682 τῆς
3282 4607 3527 4672 δουλείας
3574 4623 3707 4676 παρ-

2119 4707 2377 4778 εχομένη,
2400 4706 2499 4778 τὴν
2543 4704 2720 4777 ὀσμὴν
2745 4703 2839 4758 τοῦ
2872 4704 3018 4758 οίνου
3049 4702 3238 4775 ὥσπερ
3269 4699 3485 4769 ἀγγείῳ
3517 4698 3709 4750 ἐναπο-

2117 4815 2183 4868 με
2196 4799 2278 4851 ίνα
2286 4817 2403 4854 σαν.

435 4899 676 4957 unquam
721 4883 958 4939 dimittet
1009 4892 1094 4947 te,
1144 4881 1308 4952 idque
1345 4882 1554 4953 optimo
1601 4883 1772 4953 jure:
1811 4886 2012 4956 quippe
2049 4906 2171 4961 quae
2199 4894 2488 4949 manifesta
2523 4894 2809 4949 servitutis
2873 4899 3194 4964 argumenta
3224 4889 3508 4962 proferat,
3575 4885 3707 4939 odo-

437 4993 554 5035 rem
580 4974 693 5031 vini
716 4976 867 5031 velut
896 4975 953 5029 in
990 4977 1181 5045 lageua
1215 4973 1572 5032 residentem.

506 5075 561 5129 5.
593 5071 671 5142 (5)
711 5071 884 5140 Cujus
913 5070 1163 5140 magistri
1212 5074 1500 5141 praesentia
1542 5073 1842 5144 puerorum
1877 5084 2018 5130 stre-

439 5166 586 5236 pitus
616 5174 723 5218 tam
782 5163 965 5217 subito
1010 5164 1349 5234 compescit,
1400 5179 1562 5234 quam
1600 5165 1872 5235 jejunium
1924 5168 2025 5219 υὶιι

437 5261 627 5315 oriens
648 5258 887 5314 civitatis
916 5258 1186 5312 tumultus
1218 5256 1471 5313 coercet?
1512 5259 1638 5329 quis
1677 5269 2021 5315 comessatur

442 5349 643 5422 prodiit
668 5350 724 5405 in
748 5349 1001 5419 jejunio?
1028 5349 1153 5419 quis
1181 5351 1383 5405 chorus
1416 5350 1708 5406 lasciviens
1737 5366 1766 5404 a
1809 5350 2021 5421 jejunio

443 5448 667 5497 coactus
692 5442 814 5496 est?
849 5439 1167 5497 Meretricia:
1198 5440 1505 5507 cantilenae,
1537 5442 1742 5498 insana:
1774 5439 2017 5498 Saltatio-

442 5545 543 5589 nes
568 5530 752 5586 subito
780 5530 1075 5602 dill'ugiunl:
1108 5547 1139 5587 e
1167 5531 1423 5597 civitate,
1460 5546 1491 5587 a
1516 5531 1730 5605 jejunio
1757 5542 2017 5604 tanquam

513 5701 590 5775 (ξ)
618 5700 703 5775 ῐᾷ-χ-
726 5702 938 5775 ξιοιιιμι
978 5703 1044 5760 De
1054 5705 1285 5775 jejunio,
1310 5666 1405 5763 ¹15.

518 5769 596 5841 (ε)
633 5771 791 5837 lbid.,
832 5770 916 5826 ιε.

2193 5076 2246 5131 3.
2285 5075 2441 5140 Τίνος
2467 5072 2791 5128 διδασκάλου
2822 5073 3095 5145 παρουσία
3127 5071 3336 5125 παίδων
3362 5071 3598 5142 θόρυϐον
3624 5071 3710 5125 οὖν

2120 5185 2229 5231 τως
2259 5169 2470 5240 ἀθρόως
2500 5165 2841 5237 καθίστησιν,
2877 5167 2953 5230 ὡς
2992 5168 3023 5237 ή
3062 5163 3284 5237 νηστεία
3324 5167 3709 5236 παραφανείεα

2118 5260 2366 5333 ταραχὴν
2419 5260 2629 5325 πόλεως
2676 5259 3055 5322 καταστέλλεις
3109 5260 3259 5321 ποῖος
3304 5258 3613 5328 κωμαστὴς
3657 5258 3712 5309 ἐν

2120 5353 2348 5423 νηστείᾳ
2387 5349 2650 5420 προῆλθε;
2690 5353 2839 5413 ποῖος
2864 5349 3026 5420 χορὸς
3056 5346 3296 5418 ἀσελγὴς
3315 5347 3428 5401 ἀπὸ
3458 5347 3711 5416 νηστείας

2125 5441 2390 5511 συνέστης
2433 5441 2688 5511 ’ᾼσματα
2732 5439 2967 5511 πορνικὰ
3015 5438 3110 5491 καὶ
3144 5438 3408 5510 ὀρχήσεις
3454 5436 3712 5505 ἑκμανεῖς

2126 5531 2388 5603 ἐξαπίνης
2419 5533 2518 5604 τῆς
2551 5533 2757 5596 πόλεως
2804 5529 3214 5602 ὑπεξίρχονται,
3258 5527 3450 5600 ὥσπερ
3488 5527 3602 5581 ὑπὸ
3640 5525 3712 5580 δι-

2210 5706 2469 5781 (5)1bid.,
2506 5707 2588 5764 ιε.
