3874 6224
219 330 356 387 ων

1379 322 1614 378 SERMO
1650 321 1718 376 Χ.
1775 351 1844 363 --
1882 320 1969 375 ΒΕ
2009 320 2301 377 ιειυδῑιο.

3334 323 3472 378 12‘0

212 450 414 507 καστοῦ
470 466 611 512 τινος
668 446 940 518 αὐστηροῦ
986 448 1088 514 τῆς
1141 446 1395 517 νηστείας
1444 443 1794 514 φυγαδευθεῖ-

1901 444 1968 498 ab
1996 452 2220 498 austero
2250 443 2503 512 quopiam
2533 441 2719 511 judice
2748 443 2803 496 in
2837 442 3091 497 exsilium
3124 450 3280 497 actae.
3319 444 3474 509 Quod

214 562 303 599 σαι
336 544 431 613 (1).
456 542 518 595 El
546 540 602 594 δὲ
639 541 837 603 πάντες
873 540 1042 610 αὐτὴν
1069 541 1147 602 εἰς
1176 539 1273 608 τὴν
1300 538 1439 609 ὑπὲρ
1465 536 1574 589 τῶν
1607 552 1785 606 πρακ-

213 636 351 688 τέων
378 633 676 709 σύμϐουλον
708 632 1145 703 παρελάμϐανον,
1168 631 1318 685 οὐδὲν
1341 628 1542 682 ἐκώλυε
1566 628 1786 699 βαθεῖαν

214 727 438 797 εἰρήνην
490 719 628 776 εἶναι
675 724 816 776 κατά
871 716 1204 792 πᾶσαν’τὴν
1256 720 1597 789 οίκουμένηψ
1650 719 1786 789 μήτε

214 816 383 871 ἐθνῶν
422 815 862 884 ἐπανισταμένων
902 812 1170 883 ἀλλήλοις.
1227 813 1367 883 μήτε
1413 808 1788 882 στρατοπέδων

215 907 691 980 συρρηγνυμένων.
733 906 852 960 Οὐδ’
880 905 946 960 ἂν
973 906 1109 969 ὅλως
1141 902 1285 976 εἶχον
1316 905 1372 957 αἱ
1406 903 1630 975 ἐρημίαι
1663 902 1789 964 τοὺς

213 999 585 1071 κακούργους⁹
626 998 658 1070 ἢ
698 999 755 1052 αί
792 998 975 1061 πόλεις
1010 999 1135 1060 τοὺς
1177 995 1551 1065 συκοφάντας,
1590 994 1624 1065 ἢ
1665 994 1789 1055 τοὺς

213 1089 645 1152 καταποντιστὰς
681 1091 715 1159 ἡ
752 1088 1010 1146 θάλασσα.
1051 1087 1171 1142 Οὐδ’
1203 1087 1270 1143 ἂν
1308 1087 1478 1151 οὕτως
1512 1083 1581 1157 ἦν
1618 1090 1646 1140 6
1679 1085 1791 1158 βίος

216 1181 370 1252 ἡμῶν
406 1181 837 1244 πολυστένακτος
870 1181 964 1233 καὶ
997 1179 1303 1251 κατηφείας
1338 1179 1579 1251 πλήρης,
1621 1181 1668 1232 εί
1706 1196 1794 1250 νη-

217 1273 369 1325 στεία
406 1272 494 1325 τὸν
535 1271 648 1342 βίον
685 1271 841 1342 ἡμῶν
881 1273 1235 1344 ἐπρυτάνευε.
1275 1272 1524 1342 Δηλονὸτι
1562 1271 1793 1338 ἐδίδαξεν

215 1365 283 1417 ἂν
321 1363 530 1429 πάντας
580 1363 700 1433 ούχὶ
737 1362 1041 1434 βρωμάτων
1081 1362 1252 1433 μόνον.
1278 1364 1621 1433 ἐγκράτειαν,
1660 1362 1795 1415 ἀλλά

214 1454 309 1506 καὶ
343 1452 729 1524 φιλαργυρίας,
769 1451 865 1507 καὶ
904 1451 1237 1517 πλεονεξίας,
1269 1453 1361 1505 καὶ
1394 1452 1574 1523 πάσης
1600 1451 1796 1513 κακίας

215 1543 455 1613 παντελῆ
488 1545 667 1614 φυγήν
699 1561 758 1596 τε
785 1544 880 1598 καὶ
917 1543 1291 1615 ἀλλοτρίωσιν.
1321 1543 1468 1615 Αὕτη
1499 1545 1592 1597 τὸν
1624 1544 1794 1614 μέγαν

214 1637 453 1707 Σαμψὼν
503 1636 894 1708 ἐτιθηνήσατο,
938 1638 1033 1693 καὶ
1080 1637 1183 1701 ἕως
1230 1640 1319 1691 ὅτε
1373 1637 1666 1708 συμπαρῆν
1719 1634 1797 1706 τῷ

211 1724 397 1799 ἀνδρὶ,
432 1726 577 1783 κατὰ
606 1726 815 1798 χιλίους
844 1727 1072 1782 ἔπιπτον
1104 1730 1155 1781 oi
1193 1728 1469 1799 πολέμιοι,
1505 1729 1602 1782 καὶ⁵
1634 1726 1797 1783 πύλαι

212 1818 422 1871 πόλεων
453 1817 769 1872 άνεσπῶντο
788 1856 804 1882 ,
841 1818 934 1872 καὶ
976 1817 1189 1881 λέοντες
1220 1818 1319 1889 τὴν
1362 1819 1513 1887 ἰσχὺν
1542 1818 1650 1871 τῶν
1682 1835 1796 1888 χει·
1833 1801 1870 1853 Β

213 1910 327 1978 ρῶν
352 1911 449 1981 οὐχ
478 1910 789 1980 ὐερίσταντο.
824 1911 956 1965 Ὅτε
991 1912 1048 1967 δὲ
1089 1911 1227 1983 μέθη
1260 1913 1421 1967 αὑτὸν
1449 1912 1543 1964 καὶ
1573 1911 1795 1983 πορνεία

213 2000 553 2072 παρέλαϐον,
608 2001 883 2072 ἁλώσιμος
936 1998 1003 2072 ἦν
1054 2005 1166 2066 τοῖς
1226 2002 1467 2074 ἐχθροῖς,
1530 2002 1626 2055 καὶ
1687 2002 1794 2057 τῶν

209 2091 505 2163 ὀφθαλμῶν
533 2094 836 2165 στερηθεὶς,
872 2095 1122 2163 παίγνιον
1151 2097 1437 2167 προέκειτο
1468 2099 1577 2159 τοῖς
1603 2095 1795 2150 παιδα-

210 2182 355 2251 ρίοις
384 2186 493 2236 τῶν
521 2183 852 2253 ἀλλοφύλων.
884 2185 1205 2258 Νηστεύτας
1242 2187 1461 2252 Ἠλίας,
1504 2187 1793 2242 ἀπέκλεισε

208 2272 306 2327 τὸν
344 2274 570 2346 οὐρανὸν
591 2278 715 2349 τρία
743 2278 838 2349 ἔτη
867 2281 961 2334 καὶ⁵
995 2281 1168 2352 μῆνας
1193 2282 1269 2347 ἒξ.
1307 2281 1524 2352 Ἐπειδὴ
1549 2282 1658 2354 γὰρ
1686 2277 1793 2336 εἶδε

211 2366 418 2438 πολλὴν
441 2370 506 2422 ἐκ
526 2369 620 2423 τοῦ
642 2371 805 2442 κόρου
825 2373 1153 2443 τικτομένην
1166 2375 1265 2445 τὴν
1287 2373 1465 2445 ὕϐριν,
1482 2374 1794 2443 ἀναγκαίως

211 2456 400 2521 αὐτοῖς
426 2459 527 2528 τὴν
550 2460 803 2515 ἀκούσιον
834 2463 899 2516 ὲκ
932 2462 1025 2517 τοῦ
1056 2463 1217 2535 λιμοῦ
1246 2466 1500 2537 νηστείαν
1526 2467 1790 2537 ἐπήγαγε,

210 2547 283 2599 δι’
330 2544 400 2621 ἧς
441 2550 579 2622 πρὸς
625 2552 686 2607 τὺ
736 2552 973 2627 ἄμετρον
1011 2556 1111 2626 ἠδη
1161 2557 1425 2629 χεομένην
1468 2558 1646 2611 αὐτῶν
1696 2558 1793 2629 τὴν

212 2641 491 2713 ἁμαρτίαν
536 2642 783 2716 ἔστησεν.
842 2642 954 2702 οἷον
1003 2649 1241 2721 καυτῆρί
1298 2668 1403 2703 τινι
1456 2651 1488 2721 ἢ
1544 2653 1683 2722 τομῇ
1725 2654 1790 2721 τῇ

211 2735 439 2806 νηστείᾳ
461 2736 560 2806 τὴν
582 2738 663 2801 είς
685 2738 747 2791 τὸ
768 2738 927 2793 πλέον
952 2741 1176 2812 πρόοδον
1201 2742 1293 2796 τοῦ
1318 2743 1488 2797 κακοῦ
1509 2744 1790 2813 διακόψας.

214 2824 336 2879 Ἵνα
364 2826 473 2899 γὰρ
507 2828 720 2904 μαλάξῃ
749 2832 849 2902 τὴν
883 2832 1196 2902 ἀμάλακτον
1235 2834 1460 2906 καρδίαν
1494 2836 1603 2888 τῶν
1632 2836 1796 2906 σκλη-

213 2918 586 2989 ροτραχήλων,
608 2921 779 2975 εἵλετο
800 2923 894 2977 καὶ
916 2924 1108 2977 ἑαυτὸν
1131 2928 1197 2996 τῇ
1230 2925 1570 2997 κακοπαθείᾳ
1592 2944 1796 2997 συγκα-

209 3007 502 3062 ταδικάσαι
523 3012 551 3063 6
582 3009 809 3075 δίκαιος.
835 3013 934 3069 Δια
963 3014 1141 3077 τοῦτο,
1167 3013 1253 3083 Ζῇ
1279 3016 1515 3083 Κύριος,
1545 3017 1601 3070 εἴ
1625 3017 1795 3072 ἔσται

212 3098 374 3166 ὕδωρ
401 3099 499 3153 ἐπι
531 3099 642 3168 τῆς
665 3101 801 3170 γῆς,
828 3105 881 3158 εί
900 3103 986 3172 μὴ
1008 3104 1105 3159 διὰ
1132 3107 1430 3173 στόματός
1447 3125 1587 3176 μου,
1607 3110 1791 3177 φησίν.

212 3187 403 3253 οὕτως
433 3191 677 3245 ἀπέδωκε
705 3194 798 3245 καὶ
829 3197 894 3265 τῇ
932 3198 1076 3267 χήρᾳ
1111 3196 1202 3250 τὸν
1224 3197 1409 3260 παῖδα,
1443 3199 1661 3270 ἰσχυρὸς
1693 3217 1799 3268 φα-

212 3281 329 3344 νεὶς
357 3282 498 3335 κατὰ
542 3283 770 3337 θανάτου
818 3284 907 3339 διά
946 3286 1218 3355 νηστείας.
1264 3287 1401 3342 Οὔτε
1450 3288 1507 3343 δὲ
1554 3292 1802 3355 εὐποιίας

214 3370 623 3443 σαλπιζομένης
659 3373 878 3443 ὄφελος,
920 3376 1015 3429 καὶ
1052 3377 1304 3447 νηστείας
1340 3378 1802 3452 δημοσιευομένης

212 3462 410 3532 κέρδος
457 3464 634 3520 οὐδέν.
689 3466 770 3520 Τά
820 3470 928 3538 γάρ
982 3469 1363 3533 ἐπιδεικτικῶς
1415 3471 1681 3540 γενόμενα
1739 3472 1801 3525 οὐ

219 3557 358 3623 πρὸς
384 3555 475 3609 τὸν
501 3556 674 3612 αἰῶνα
711 3559 803 3614 τὸν
833 3560 1094 3631 μέλλοντα
1116 3562 1207 3615 τὸν
1238 3562 1446 3635 καρπὸν
1476 3564 1800 3626 ἐπεκτείνει,

214 3648 334 3700 ἀλλ’
374 3649 455 3709 εἰς
494 3651 587 3703 τὸν
636 3650 742 3704 τῶν
790 3652 1091 3724 ἀνθρώπων
1148 3653 1364 3707 ἔπαινον
1414 3657 1800 3726 καταστρέφει.

233 3740 522 3812 Ἐλισσαίῳ
567 3743 624 3799 δὲ
661 3745 900 3809 ποταπὸς
943 3748 972 3799 6
1024 3746 1167 3816 βίος;
1211 3747 1328 3810 πῶς
1369 3748 1468 3818 μὲν
1514 3750 1663 3820 παρὰ
1706 3750 1804 3818 τῆς

219 3832 599 3905 Σουναμίτιδος
652 3838 752 3908 τῆς
809 3838 991 3905 ξενίας
1041 3840 1312 3901 ἁπέλαυες
1364 3840 1481 3904 πῶς
1534 3842 1591 3893 δὲ
1643 3843 1805 3905 αὐτὸς

217 3925 346 3988 τοὺς
391 3929 677 3997 προφήτας
724 3929 1025 3996 ἑδεξιοῦτος
1076 3934 1209 4003 Οὐχὶ
1257 3934 1462 4004 λάχανα
1496 3934 1662 4008 ἄγρια
1712 3937 1805 3990 καὶ

218 4014 449 4083 ἄλευρον
498 4016 670 4090 βραχὺ
721 4020 821 4091 τὴν
879 4023 1183 4091 φιλοξενίαν
1234 4025 1506 4096 ὲπλήρου;
1567 4028 1655 4082 ὅτε
1708 4029 1804 4082 καὶ

218 4107 321 4178 τῆς
354 4108 589 4181 τολύπης
622 4112 1093 4186 παραληςρθείσης,
1134 4117 1464 4170 κινδυνεύειν
1503 4118 1727 4189 ἔμελλον
1755 4121 1805 4174 οἱ

221 4199 514 4269 ἁψάμενοι,
541 4204 590 4256 εἰ
614 4203 691 4274 μὴ
710 4208 775 4275 τῇ
803 4207 936 4277 εὐχῇ
962 4208 1040 4278 (‘2)
1065 4207 1158 4261 τοῦ
1181 4209 1475 4278 νηστευτοῦ
1500 4210 1802 4284 ἡμαυρώθη

220 4291 287 4345 τὸ
324 4292 664 4367 δηλητήριον.
705 4300 815 4353 Καὶ
848 4300 1201 4365 ἁπαξαπλῶς,
1250 4300 1432 4372 εὕροις
1466 4302 1533 4355 ἂν
1577 4302 1676 4375 τὴν
1709 4322 1804 4374 νη-

224 4382 411 4465 στείαν
439 4386 644 4452 πάντας
684 4390 812 4453 τοὺς
850 4391 1037 4459 ἁγίους
1075 4395 1153 4456 εἰς
1187 4391 1284 4458 τὴν
1314 4394 1454 4448 κατά
1491 4392 1623 4447 Θεὸν
1656 4393 1803 4446 πολι-

221 4491 284 4527 τε
293 4474 377 4528 ίαν
414 4493 474 4547 χε
484 4483 923 4551 ιραγωγήσασαν.

297 4759 352 4815 ι.
386 4760 543 4817 Ἐστι
563 4779 650 4826 τις
674 4761 835 4831 φύσις
862 4763 1111 4835 σώματος
1142 4764 1207 4836 ἣν
1231 4763 1484 4819 καλοῦσιν
1517 4766 1805 4836 ἀμίαντον,

226 4852 503 4917 ἀνάλωτος
538 4856 688 4925 πυρί³
717 4857 838 4925 ἣτις
871 4858 927 4909 ἐν
958 4857 1057 4928 μὲν
1077 4861 1142 4929 τῇ
1174 4857 1331 4927 φλογὶ
1358 4858 1602 4929 κειμένη,
1635 4858 1806 4929 ἀπηνο

226 4944 544 5017 θρακῶσθαι
595 4946 769 5000 δοκεῖ’
820 4946 1159 5020 ἔξαιρε-,θεῖσα
1214 4949 1272 5001 δὲ
1329 4948 1421 5001 τοῦ
1479 4949 1679 5019 πυρὸς.
1728 4950 1803 5014 ὡς

229 5036 384 5089 ὕδατι
400 5037 811 5108 λαμπρυνθεῖσα
828 5043 925 5107 1'5),
948 5040 1301 5112 καθαρωτέρα
1324 5040 1548 5109 γίνεται.
1571 5042 1804 5095 Τοιαῦτα

226 5121 296 5195 ἦν
336 5127 403 5180 τά
447 5128 556 5181 τῶν
597 5128 764 5200 τριῶν
805 5130 1008 5183 παίδων
1054 5128 1274 5182 ἐκείνων
1317 5128 1563 5198 σώματα,
1608 5131 1673 5182 ἐκ
1707 5131 1806 5200 τῆς

227 5219 486 5287 νηστείας
525 5218 719 5289 ἔχοντα
757 5220 818 5273 τὸ
864 5221 1147 5290 ἀμίαντον.
1192 5220 1280 5273 Ἐν
1326 5218 1436 5290 γὰρ
1476 5221 1540 5290 τῇ
1596 5220 1808 5294 μεγάλῃ

304 5356 350 5388 ⁸³
372 5354 553 5411 Judic.
586 5371 706 5421 xm,
745 5356 810 5411 Ν
855 5372 976 5427 sqq.
1046 5358 1093 5389 “
1127 5356 1193 5412 Ill
1230 5356 1361 5427 Reg.
1388 5356 1584 5417 xvu,l.

304 5472 380 5541 (l)
405 5471 889 5541 Φυγαόευθεῖσαι.
920 5470 1184 5526 Codicum
1210 5471 1346 5526 alter
1370 5469 1793 5541 φυγαδευθέντα.

305 5543 383 5611 (2)
421 5541 612 5615 Εῠχῂ.
648 5540 738 5597 Sic
764 5552 1050 5598 contextus
1082 5552 1135 5597 et
1171 5542 1422 5598 codicum
1464 5544 1619 5598 alter.
1660 5540 1801 5595 Editi

423 5681 532 5735 Τοῦ
559 5697 747 5751 πυρος
766 5682 846 5747 ὡς
871 5680 1041 5735 ὕδατι
1060 5679 1530 5750 λαμπρυνθεῖσιι.
1560 5679 1680 5735 llzec
1703 5680 1800 5733 ad-

232 5753 353 5807 dita
384 5768 451 5807 ex
484 5755 673 5808 eodem
707 5752 893 5807 codice
920 5759 974 5807 et
999 5767 1064 5805 ex
1090 5759 1366 5805 contextu.

1891 533 1938 589 si
1973 548 2167 589 omnes
2193 534 2466 604 jejunium
2500 533 2568 588 ad
2613 548 2703 588 res
2753 534 3022 602 gerendas
3073 534 3127 588 in
3182 535 3473 590 consilium

1896 625 2239 691 adhiberent,
2266 628 2405 681 nihil
2435 628 2680 682 obstaret
2708 628 3005 697 quominus
3032 643 3128 696 per
3152 629 3474 682 universum

1895 726 2167 772 terrarum
2201 719 2392 773 orbem
2442 718 2549 772 alta
2584 734 2686 788 pax
2720 727 2901 784 esset,
2933 719 3187 775 videlicet
3216 734 3318 775 nec
3351 719 3475 772 aliis

1889 811 2141 880 gentibus
2201 812 2257 864 in
2311 811 2450 865 alios
2493 811 2943 880 insurgentibus,
2996 826 3099 866 nec
3132 811 3471 866 exercitibus

1891 918 2085 957 manus
2114 902 2257 959 inter
2289 918 2349 958 se
2377 903 2819 959 conserentibus.
2852 905 2910 958 ln
2946 918 3160 958 smnma
3187 943 3201 963 .
3236 918 3337 957 nec
3375 901 3473 958 de-

1868 1004 2039 1050 serta
2071 996 2333 1049 haberent
2356 994 2654 1058 maleficos,
2679 1011 2779 1050 nec
2805 996 3055 1050 civitates
3084 997 3471 1067 sycophantas,

1891 1102 1994 1142 nec
2021 1103 2171 1143 mare
2194 1088 2422 1158 piratas.
2448 1087 2560 1142 Nec
2602 1089 2710 1142 vita
2740 1095 2928 1143 nostra
2963 1096 3043 1141 tot
3076 1089 3330 1158 suspiriis
3353 1128 3368 1149 ,
3396 1094 3477 1141 tot

1893 1182 2225 1235 mmrorihus
2276 1188 2425 1237 esset
2469 1180 2685 1235 diﬂerta
2713 1221 2728 1243 ,
2762 1182 2807 1236 si
2828 1181 3104 1251 jejunium
3150 1182 3318 1234 vitam
3375 1195 3475 1236 no-

1895 1281 2066 1327 stram
2100 1273 2454 1342 gubernaret.
2486 1272 2755 1327 Videlicet
2785 1289 3229 1343 unumquemque
3253 1273 3476 1328 doceret

1897 1380 2003 1417 non
2040 1371 2251 1417 tantum
2286 1362 2356 1415 ah
2392 1362 2592 1417 eduliis
2630 1362 3046 1426 abstinentiam,
3079 1376 3270 1415 verum
3308 1361 3474 1415 etiam

1897 1456 1965 1510 ab
1997 1456 2228 1508 avaritia
2253 1465 2306 1509 et
2336 1454 2573 1525 rapinis,
2623 1455 2863 1524 denique
2894 1454 2962 1509 ab
2984 1454 3133 1509 omni
3161 1452 3296 1507 vitio
3322 1467 3476 1522 pror~

1897 1562 1993 1603 sus
2053 1546 2392 1610 abhorrere,
2457 1554 2512 1600 et
2573 1546 2812 1599 alienum
2864 1559 3007 1599 esse.
3068 1544 3142 1615 (4)
3202 1544 3473 1613 Jejuninm

1898 1653 2157 1707 magnum
2214 1637 2367 1691 illum
2431 1635 2790 1706 Sampsunem
2851 1635 3109 1691 educavit
3157 1635 3246 1701 ⁸³,
3313 1635 3477 1705 idque

1899 1724 2141 1801 quandiu
2161 1731 2284 1783 viro
2312 1729 2508 1794 adfuit,
2544 1727 2814 1783 cadebant
2843 1728 3032 1782 hostes
3055 1727 3223 1789 mille,
3258 1727 3475 1781 urbium

1904 1830 2073 1891 porta:
2119 1821 2538 1885 evellebantur,
2582 1819 2771 1875 leones
2814 1818 2987 1873 robur
3034 1832 3294 1874 manuum
3333 1818 3478 1870 illius

1901 1930 2012 1968 non
2047 1913 2411 1981 sustinebant.
2447 1912 2517 1967 At
2548 1912 2713 1966 simul
2757 1919 2922 1981 atque
2954 1911 3196 1966 ebrietas
3226 1924 3290 1963 ac
3326 1925 3480 1964 scor-

1899 2007 2039 2059 talio
2072 2005 2437 2075 apprehendit
2478 2004 2751 2058 hominem
2780 2041 2797 2067 ,
2850 2001 3011 2057 facile
3061 2003 3113 2056 in
3158 2016 3354 2057 manus
3383 2002 3481 2055 ho-

1900 2099 2067 2153 stium
2099 2096 2313 2160 incidit,
2345 2104 2511 2166 atque
2539 2095 2882 2159 exoculatus,
2906 2110 3007 2165 pro
3038 2095 3167 2148 ludo
3194 2093 3479 2163 expositus

1900 2196 1988 2244 est
2020 2189 2207 2259 pueris
2263 2190 2713 2258 alienigenarum.
2757 2187 2905 2242 Elias
2931 2228 2946 2251 ,
2979 2201 3105 2241 cum
3153 2187 3476 2255 jejunasset,

1900 2280 2102 2336 clausit
2135 2280 2336 2339 emlum
2370 2288 2484 2335 tres
2516 2293 2693 2333 annos
2718 2318 2733 2341 ,
2768 2293 2832 2333 ac
2865 2294 3083 2334 menses
3113 2294 3229 2334 sex.
3264 2277 3475 2333 Etenim

1870 2388 2025 2427 eum
2066 2373 2274 2427 videret
2304 2373 2531 2427 multam
2571 2372 2721 2427 nasci
2758 2387 2789 2425 e
2816 2376 3070 2427 satietate
3100 2371 3477 2441 petulantiam,

1902 2463 2221 2519 necessario
2253 2464 2364 2523 illis
2397 2463 2827 2518 involuntarium
2859 2478 2922 2517 ex
2945 2463 3085 2517 fame
3101 2463 3366 2531 jejunium
3396 2463 3480 2517 in-

1902 2556 2069 2618 tulit,
2105 2570 2205 2625 per
2229 2556 2375 2625 quod
2415 2556 2555 2610 citra
2598 2556 2824 2610 modum
2850 2556 2964 2624 jam
3003 2555 3230 2610 eil‘usani
3260 2556 3480 2610 illorum

1901 2646 2244 2716 iniquitatem
2296 2647 2545 2701 cohibuit
2598 2647 2854 2716 jejunio,
2914 2646 3063 2701 velut
3122 2649 3340 2700 ustione
3385 2654 3481 2701 aut

1900 2739 2145 2792 sectione
2169 2737 2432 2807 quadam,
2466 2738 2731 2808 majorem
2758 2738 2891 2792 mali
2918 2751 3270 2808 progressum
3304 2738 3477 2792 inter-

1899 2828 2110 2883 cidens.
2159 2827 2237 2895 (5)
2294 2828 2364 2883 Ut
2417 2829 2563 2883 enim
2613 2828 2900 2885 hominum
2956 2831 3152 2883 duram
3207 2830 3478 2884 cervicem

1901 2922 2219 2976 habentium
2268 2936 2368 2975 cor
2431 2921 2759 2975 indomitum
2814 2922 3127 2984 emolliret,
3179 2920 3267 2976 vir
3295 2921 3480 2990 justus

1900 3011 2073 3066 voluit
2100 3017 2156 3065 et
2192 3011 2433 3080 seipsum
2478 3027 2542 3066 ea
2573 3011 2887 3067 calamitate
2929 3027 3055 3066 cum
3095 3012 3308 3068 caeteris
3343 3026 3481 3066 con-

1901 3105 2182 3159 ieiunare.
2213 3102 2533 3173 Pr0pterea,
2582 3103 2718 3159 Vivit
2751 3102 3036 3166 Dominus,
3063 3106 3272 3175 inquit,
3306 3105 3354 3161 si
3382 3106 3483 3159 erit

1901 3213 2043 3267 aqua
2076 3212 2235 3267 super
2277 3206 2475 3251 terram
2507 3237 2524 3261 ,
2571 3198 2674 3251 nisi
2708 3212 2799 3265 per
2857 3214 2914 3252 os
2962 3214 3135 3252 meum
3164 3198 3251 3251 “:
3299 3199 3382 3253 sic
3429 3209 3486 3254 et

1899 3288 2139 3344 reddidit
2212 3288 2392 3343 vidua:
2448 3289 2681 3354 lilium,
2741 3288 2901 3345 fortis
2967 3289 3145 3345 factus
3220 3291 3484 3345 adversus

1904 3380 2081 3450 ipsam
2114 3389 2348 3436 mortem
2381 3395 2477 3450 per
2505 3380 2801 3449 jejunium.
2840 3380 2974 3435 Nam
3016 3396 3117 3436 nec
3141 3381 3269 3434 boui
3301 3383 3483 3451 aperis

1903 3473 2031 3526 tuba
2062 3473 2300 3526 nuntiati
2339 3473 2551 3528 utilitas
2584 3474 2732 3538 ulla;
2778 3488 2882 3528 nec
2919 3473 3128 3528 fructus
3163 3474 3306 3528 ullus
3335 3474 3483 3542 jeju-

1902 3563 1980 3616 nii
2024 3562 2080 3616 in
2108 3564 2386 3633 publicum
2414 3564 2630 3633 jactati.
2663 3565 2739 3633 (6)
2768 3565 2899 3629 Quae
2928 3566 3072 3619 enim
3095 3567 3481 3620 ostentationis

1903 3669 2071 3709 causa
2110 3655 2280 3717 ﬁunt,
2326 3670 2388 3709 ea
2442 3671 2790 3725 nequaquam
2823 3660 3108 3725 porrigunt
3155 3658 3394 3712 fructum
3425 3659 3480 3713 in

1905 3749 2163 3803 saaculum
2200 3756 2493 3802 venturum
2522 3788 2537 3811 ,
2595 3764 2783 3803 verum
2840 3751 2895 3803 in
2943 3750 3223 3804 hominum
3266 3750 3479 3805 laudem

1904 3840 2547 3909 eommendationemque
2575 3838 2857 3894 desinunt.
2891 3839 2965 3909 (7)
3013 3837 3224 3895 Rursus
3257 3842 3479 3909 quinam

1905 3929 2084 3983 victus
2131 3928 2333 3983 Elisei?
2365 3929 2642 3997 quomodo
2685 3928 2829 3998 apud
2865 3927 3261 3982 Sunamitidem
3304 3929 3483 3998 hospi—

1903 4023 1981 4076 tio
2033 4036 2170 4077 usus
2221 4020 2347 4076 est?
2388 4020 2666 4089 quomodo
2718 4021 2835 4088 ipse
2888 4020 3184 4090 prophetas
3225 4020 3483 4089 excepit?

1903 4110 2098 4167 Nonne
2145 4111 2383 4180 agrestia
2413 4112 2567 4165 olera
2614 4126 2679 4164 ac
2732 4112 2924 4165 farinae
2962 4109 3259 4180 pauxillum
3296 4110 3484 4180 hospi-

1868 4252 1874 4259 .
1904 4204 2135 4259 talitatis
2166 4219 2369 4257 munus
2405 4203 2738 4273 explebant?
2772 4218 2883 4274 quo
2931 4212 3177 4273 tempore
3203 4204 3365 4257 etiam
3394 4217 3486 4260 co-

1905 4294 2223 4366 locynthide
2258 4303 2478 4364 smnpta
2506 4333 2520 4357 ,
2571 4305 2729 4349 erant
2787 4295 3142 4364 periclitaturi
3168 4296 3262 4364 qui
3291 4304 3481 4365 gusta-

1905 4394 2064 4449 rant,
2102 4386 2160 4441 ni
2192 4385 2386 4440 fuisset
2413 4386 2747 4455 jejunatoris
2773 4385 2939 4456 529
2969 4401 3130 4458 prece
3155 4387 3479 4456 dissipatum

1831 4512 1872 4565 υ
1914 4492 2204 4532 venenum.
2238 4478 2437 4547 Atque,
2491 4487 2551 4533 ut
2583 4480 2753 4534 semel
2780 4482 2963 4533 omnia
3000 4481 3215 4542 dicam,
3244 4480 3484 4550 reperies

1904 4579 2174 4640 quotquot
2205 4570 2357 4627 fuere
2390 4572 2606 4636 sancti,
2641 4588 2831 4627 omnes
2867 4588 2964 4643 per
2994 4573 3268 4643 jejunium
3299 4573 3367 4628 ad
3400 4574 3482 4629 vi-

1907 4670 2016 4717 tam
2050 4662 2159 4718 Deo
2203 4663 2424 4734 dignam
2475 4664 2759 4721 institutos
2802 4665 2997 4721 fuisse.

1976 4777 2032 4830 4.
2094 4775 2169 4830 Ea
2227 4787 2313 4832 est
2373 4786 2569 4834 natura
2631 4779 2880 4848 corporis
2946 4777 3274 4846 cujusdam,
3336 4776 3481 4845 quod

1907 4868 2186 4922 amianton
2238 4877 2483 4932 vocant,
2527 4875 2587 4923 ut
2619 4870 2730 4940 igni
2768 4869 3017 4924 consumi
3048 4884 3154 4923 non
3196 4870 3390 4939 possit.
3422 4866 3478 4922 id

1911 4956 1957 5008 si
1987 4956 2041 5008 in
2066 4954 2283 5010 ﬂamma
2308 4965 2546 5027 ponatur
2583 4959 2800 5012 videtur
2830 4960 3047 5029 quidem
3082 4959 3360 5029 ignescere
3380 4998 3396 5020 ,
3428 4966 3484 5011 it

1914 5043 1970 5097 in
2019 5058 2248 5113 prunam
2287 5046 2471 5100 verti:
2511 5045 2604 5100 sed
2653 5047 2699 5100 si
2743 5048 3016 5102 eximatur
3060 5048 3205 5117 igni,
3257 5049 3483 5118 perinde

1914 5134 2075 5203 quasi
2135 5133 2334 5190 fuisset
2395 5151 2537 5207 aqua
2606 5137 2978 5202 illustratum,
3033 5139 3214 5195 evadit
3268 5140 3478 5209 purius.

1914 5221 2243 5292 llujusmodi
2280 5234 2440 5279 erant
2479 5227 2643 5281 trium
2672 5226 2888 5281 illorum
2913 5243 3206 5298 puerorum
3228 5242 3482 5297 corpora.

1978 5468 2054 5539 (4)
2087 5467 2164 5524 Ex
2198 5469 2343 5539 hom.
2381 5483 2418 5522 ll
2454 5468 2525 5523 De
2552 5469 2779 5539 jejunio.
2819 5468 2901 5523 M.

2188 5538 2339 5619 hom.
2377 5556 2388 5593 I
2425 5539 2496 5593 De
2520 5538 2750 5611 jejunio,
2787 5541 2839 5594 5.

2005 5608 2061 5679 6)
2088 5607 2248 5670 Ibid.,
2272 5609 2327 5662 ‘2.

2005 5680 2062 5751 ἲ)
2089 5678 2250 5747 lbid.,
2285 5680 2337 5733 5.
