3874 6224
414 331 549 387 ιαει

1391 318 1761 377 APPENDIX.
1793 349 1867 362 --
1901 314 2247 373 SYMEONIS
2284 312 2833 371 METAPHBASTJE

3568 311 3703 364 i233

411 455 665 499 naturam
698 437 929 494 amianti
969 452 1069 509 per
1106 435 1387 507 jejunium
1410 436 1688 493 ωε.
1719 432 1999 504 Siquidem

2113 431 2264 501 φλογὶ
2304 431 2405 502 τῆς
2454 430 2691 501 καμίνου
2736 431 2898 483 οἱονεὶ
2950 431 3143 501 χρυσοῖ
3188 428 3288 500 τὴν
3322 426 3488 498 φύσιν
3530 428 3703 495 ὄντες,

412 534 471 589 in
505 531 815 589 vehementi
865 528 1110 585 fornacis
1149 527 1369 582 ﬂamma
1406 528 1568 598 quasi
1620 534 1829 583 natura
1863 525 2005 581 his»

412 633 540 684 sent
572 625 765 688 aurei,
824 625 899 677 ita
939 626 1314 691 apparuerunt
1341 634 1483 674 noxa
1515 617 1659 688 ignis
1703 632 1769 671 ac
1797 616 2003 686 injuria

411 716 750 787 superiores.
792 710 935 778 Quin
969 719 1023 766 et
1072 724 1211 764 auro
1265 710 1475 763 osteusi
1535 715 1668 761 sunt
1721 705 2000 761 fortiores.

413 805 604 876 Neque
633 804 780 860 enim
810 805 961 872 ipsos
993 799 1269 856 conﬂabat
1298 799 1441 869 ignis
1466 834 1480 863 ,
1524 797 1621 853 sed
1665 797 1910 867 integros
1937 796 2005 850 il-

415 898 727 966 lihatosque
777 894 1056 949 tuebatur.
1104 892 1272 963 Atqui
1328 892 1464 945 nihil
1518 899 1605 944 est
1652 889 1798 959 quod
1855 889 2001 942 illam

416 996 530 1043 tum
572 985 849 1041 ﬂammam
891 982 1168 1040 sustinere
1200 986 1494 1053 potuisset.
1535 994 1703 1052 quam
1735 978 2001 1048 naphthe,

414 1085 506 1155 pix
553 1091 610 1137 et
660 1088 941 1138 sarmenta
1009 1079 1091 1135 sic
1140 1078 1382 1142 alebant,
1432 1085 1492 1129 ut
1527 1075 1595 1130 ad
1640 1072 2005 1145 quadraginta

416 1191 611 1233 novem
645 1176 863 1232 cubitos
892 1172 1095 1228 diffusa
1124 1178 1274 1225 esset
1296 1209 1312 1233 ,
1352 1177 1518 1238 atque
1549 1165 2004 1234 circumjacentia

418 1269 761 1339 depascens,
804 1266 1073 1337 plurimos
1116 1259 1408 1318 Chaldaeos
1453 1257 1850 1328 absumpserit.
1890 1254 2005 1311 Hoc

415 1363 584 1434 igitur
608 1369 820 1416 tantum
848 1357 1165 1414 incendium
1192 1356 1347 1426 pueri
1377 1368 1505 1407 cum
1528 1351 1744 1422 jejunio
1767 1349 2003 1420 ingressi

413 1454 828 1515 conculcarunt,
861 1449 1128 1521 liquidum
1158 1462 1224 1501 ac
1257 1445 1532 1502 roscidum
1577 1458 1761 1498 aerem
1790 1442 1847 1497 in
1880 1442 2007 1512 igne

413 1555 527 1602 tam
590 1544 900 1601 vehementi
962 1542 1321 1611 respirantes.
1388 1536 1577 1607 Neque
1645 1534 1794 1591 enim
1864 1534 2007 1605 ignis

413 1639 501 1693 vel
531 1637 672 1709 pilos
710 1637 932 1691 illorum
964 1648 1138 1689 ausus
1185 1637 1272 1686 est
1313 1629 1584 1699 attingere
1610 1666 1627 1693 ,
1661 1642 1729 1682 eo
1780 1625 1927 1696 quod
1974 1640 2007 1679 a

411 1730 624 1802 jejunio
681 1737 871 1784 essent
925 1726 1064 1783 aliti.
1120 1723 1293 1779 Porro
1334 1721 1526 1776 Daniel
1572 1721 1657 1774 vir
1706 1718 2010 1776 desiderio-

2104 522 2248 577 οὕτω
2282 522 2567 593 κρείττους
2596 521 2695 590 τῆς
2722 519 2830 573 ἀπὸ
2861 517 2957 572 τοῦ
2990 518 3163 592 πυρὸς
3197 518 3558 572 διεδείκνυντο
3589 516 3705 587 βλά-

2105 614 2233 686 ϐης.
2260 614 2440 668 Ἥπου
2467 613 2565 666 καὶ
2595 610 2799 683 χρυσοῦ
2828 610 3190 683 δυνατώτεροι
3213 610 3597 667 διεδείκνυντο.
3630 610 3704 665 Οὐ

2103 704 2217 776 γὰρ
2246 702 2517 774 extima”
2541 702 2745 766 αὐτοὺς
2777 700 2839 755 τὸ
2868 701 3002 772 πῦρ,
3028 702 3144 756 ἀλλ’
3180 701 3484 771 ἐφύλαττεν
3507 701 3706 764 αὐτοὺς

2104 802 2414 874 ἀκεραίους.
2460 800 2657 854 Καίτοι
2693 798 2849 854 οιλδέν
2881 797 2951 853 ἂν
2980 796 3199 867 ἐκείνην
3235 796 3359 848 τότε
3394 794 3495 866 τὴν
3536 792 3706 863 φλόγα

2106 896 2338 966 ὑπέστη,
2364 894 2432 965 ἦν
2462 893 2644 962 νάφθα
2668 890 2763 944 καὶ
2783 890 2957 944 πέσσα
2981 889 3081 943 καὶ
3106 886 3441 960 κληματίδες
3460 885 3704 956 ἔτρεφον,

2104 987 2182 1050 ὡς
2213 985 2307 1038 ἐπὶ
2336 984 2752 1056 τεσσαράκοντα
2779 981 2938 1036 ἐννέα
2967 982 3167 1052 πήχεις
3189 979 3362 1050 αὐτὴν
3379 978 3704 1050 διαχεῖσθαι,

2108 1079 2203 1133 καὶ
2248 1077 2317 1132 τὰ
2367 1076 2556 1147 κύκλῳ
2609 1074 2785 1145 αὐτῆς
2830 1072 3267 1143 ἐπινεμομένην,
3316 1069 3555 1134 πολλοὺς
3602 1070 3707 1124 τίη

2108 1170 2394 1226 Χαλδαίων
2435 1168 2781 1241 ἐξαναλῶσαι
2829 1166 3077 1236 Ἐκείνην
3099 1164 3281 1217 τοίνυν
3300 1164 3405 1234 τὴν
3434 1161 3709 1232 πυρκαϊὰν

2110 1264 2252 1335 μετά
2296 1264 2551 1334 νηστείας
2593 1260 2967 1324 εἰσελθόντες,
3018 1258 3365 1311 κατεπάτουν
3406 1257 3460 1308 οἱ
3499 1255 3702 1318 παῖδες.

2108 1358 2302 1411 λεπτὸν
2349 1358 2488 1427 ἀέρα
2520 1355 2616 1410 καὶ
2657 1354 2911 1427 ἕνδροσον
2949 1353 3010 1405 ἐν
3044 1350 3190 1404 οὕτω
3227 1349 3422 1419 λάϐρῳ
3457 1346 3541 1417 τῷ
3578 1347 3705 1417 πυρὶ

2108 1449 2487 1513 ἀναπνέοντες.
2517 1447 2651 1501 Οὐδὲ
2680 1445 2790 1518 γὰρ
2823 1443 2935 1497 τῶν
2965 1442 3172 1514 τριχῶν
3202 1442 3266 1494 τὸ
3295 1439 3413 1512 πῦρ
3451 1438 3699 1493 κατετόλ-

2112 1559 2274 1614 μησε,
2304 1540 2391 1595 διὰ
2419 1541 2481 1593 τὸ
2508 1540 2614 1593 ὑπὸ
2641 1535 2897 1609 νηστείας
2928 1534 3101 1598 αὐτὰς
3121 1533 3490 1604 ἐκτραφῆναι.
3511 1530 3704 1601 Δανιὴλ

2108 1634 2165 1688 δὲ
2202 1635 2231 1686 6
2262 1634 2400 1704 ἀνὴρ
2439 1631 2548 1685 τῶν
2589 1628 2924 1700 ἐπιθυμιῶν,
2957 1629 2987 1680 6
3017 1629 3169 1696 τρεῖς
3205 1624 3519 1696 ἑϐδομάδας
3548 1624 3703 1695 ἄρτον

2114 1724 2190 1797 μὴ
2237 1723 2448 1794 φαγὼν,
2504 1724 2599 1778 καὶ
2647 1721 2793 1793 ὕδωρ
2842 1720 2917 1793 μὴ
2959 1717 3125 1783 πιὼν,
3181 1717 3278 1771 καὶ
3318 1716 3452 1780 τοὺς
3490 1713 3704 1778 λέοντας

417 1837 538 1876 rum
563 1822 608 1852 ⁸⁵
630 1860 645 1885 ,
687 1835 812 1874 cum
855 1826 968 1873 tres
1000 1814 1373 1871 hebdomadas
1404 1827 1601 1883 panem
1632 1827 1745 1867 non
1774 1811 2004 1873 edisset,

2113 1814 2391 1887 νηστεύειν
2416 1812 2656 1878 ἐδίδαξεν
2678 1852 2695 1877 ,
2721 1809 2981 1865 εἰσελθὼν
3011 1810 3093 1873 εἰς
3120 1808 3214 1861 τὸν
3240 1806 3473 1861 λάκκον.
3502 1806 3704 1877 Ὥσπερ

416 1931 518 1970 nec
546 1913 776 1969 bibisset
808 1924 1007 1981 aquam
1033 1950 1048 1974 ,
1078 1907 1359 1962 demissus
1391 1905 1445 1959 in
1480 1904 1662 1958 lacum
1692 1901 1860 1958 etiam
1890 1901 2003 1955 leo-

346 2045 350 2048 ‹
414 2022 515 2062 nes
538 2005 791 2076 jejuuare
829 1999 1037 2057 docuit.
1071 1996 1259 2068 Neque
1303 1993 1452 2051 enim
1494 1994 1684 2048 leones
1726 1992 1919 2048 dentes
1948 1990 2004 2044 in

414 2100 569 2154 illum
594 2097 897 2168 impingere
926 2093 1221 2148 valuerunt
1245 2127 1262 2153 ,
1302 2086 1528 2158 perinde
1553 2086 1714 2158 quasi
1743 2101 1774 2140 e
1801 2083 2003 2155 lapide,

415 2201 510 2248 aut
545 2207 675 2255 aere,
721 2172 818 2244 aut
851 2186 956 2241 alia
986 2198 1248 2256 quapiam
1280 2179 1549 2252 rigidiore
1592 2175 1827 2232 materia
1871 2189 2007 2230 con-

414 2282 603 2341 cretus
635 2281 850 2337 fuisset.
887 2277 1041 2333 Adeo
1083 2275 1358 2347 jejunium
1393 2271 1542 2327 velut
1574 2267 1829 2341 quaedam
1875 2266 2004 2322 ferri

415 2380 657 2432 tinctura
710 2374 957 2429 firmarat
1011 2369 1115 2425 viri
1152 2368 1303 2423 illius
1361 2377 1597 2435 corpus,
1649 2375 1717 2415 ac
1754 2357 2007 2414 leonibus

415 2466 793 2540 insuperabile
832 2463 1162 2520 reddiderat.
1194 2459 1273 2531 (l)
1305 2457 1662 2529 Nequaquam
1697 2451 1876 2508 Moses
1906 2466 2007 2505 aui-

416 2579 514 2620 sus
573 2560 766 2616 fuisset
799 2557 1060 2614 verticem
1107 2553 1309 2609 montis
1361 2550 1666 2605 fumantem
1713 2546 2004 2615 attingere,

416 2668 599 2726 neque
629 2650 842 2723 ingredi
877 2650 935 2704 in
960 2648 1189 2711 nubem,
1227 2644 1338 2700 nisi
1375 2643 1576 2698 fuisset
1601 2637 1815 2710 jejunio
1843 2636 2009 2690 obar-

418 2725 620 2804 matus.
681 2745 784 2802 Per
837 2742 1110 2815 jejunium
1169 2740 1345 2810 legem
1403 2733 1622 2804 accepit
1681 2731 1857 2801 digito
1912 2725 2004 2780 Dei

415 2841 679 2909 scriptam
732 2837 788 2891 in
838 2833 1042 2890 tabulis
1066 2871 1083 2898 ,
1118 2842 1285 2902 atque
1332 2828 1392 2883 in
1424 2826 1633 2883 montis
1661 2821 1882 2894 quidem
1917 2833 2009 2874 ca-

417 2932 636 2987 cumine
664 2928 937 2999 jejunium
968 2925 1143 2996 legem
1176 2920 1525 2993 impetravit,
1560 2919 1620 2997 in
1662 2917 1851 2971 radice
1878 2927 2009 2968 vero

418 3025 626 3079 montis
656 3020 930 3093 ingluvies
957 3017 1026 3072 ad
1066 3013 1438 3070 idololatriam
1468 3008 1828 3067 dementavit.
1851 3004 2006 3073 Quod

417 3119 566 3173 enim
619 3115 860 3169 famulus
916 3108 1288 3182 quadraginta
1340 3105 1460 3161 dies
1507 3102 1733 3174 jejunus
1787 3099 2011 3155 assidue

2110 1908 2221 1980 γὰρ
2254 1909 2320 1960 ἐκ
2357 1906 2531 1969 λίθου,
2570 1906 2604 1977 ἢ
2643 1903 2871 1976 χαλκοῦ,
2907 1901 3132 1975 ἢᾶλλης
3158 1900 3307 1964 τινὸς
3342 1899 3705 1972 στερροτέρας

2113 2001 2244 2071 ὕλης
2287 1997 2671 2072 ἐμπεπηγότι,
2706 1994 2965 2068 ἐμϐαλεῖν
3001 1994 3104 2048 οὐκ
3143 1988 3291 2064 εἶχον
3322 1991 3455 2055 τοὺς
3494 1990 3705 2053 ὀδόντας

2110 2096 2161 2147 οἱ
2201 2093 2434 2156 λέοντες.
2467 2090 2654 2153 Οῦτως
2685 2089 2849 2142 οἱονεὶ
2886 2087 3032 2160 βαφὴ
3066 2086 3290 2160 σιδήρου
3328 2083 3394 2138 τὸ
3423 2082 3588 2155 σῶμα
3612 2081 3704 2136 τοῦ

2111 2184 2305 2256 ἀνδρὸς
2332 2185 2366 2255 ἡ
2397 2181 2620 2253 νηστεία
2656 2178 3017 2251 στομώσασα,
3053 2178 3370 2249 ἀδάμαστον
3394 2175 3577 2228 ἐποίει
3597 2177 3705 2239 τοῖς

2111 2278 2341 2332 λέουσιν.
2374 2277 2487 2328 Οὐκ
2520 2272 2586 2326 ἂν
2617 2271 2989 2342 κατετόλμησε
3019 2271 3266 2341 Μωῦσῆς
3300 2269 3708 2339 καπνιζομένης

2112 2369 2211 2441 τῆς
2242 2367 2491 2439 κορυφῆς
2529 2363 2859 2435 προσϐαλεῖν
2890 2362 2970 2435 τῷ
2997 2362 3134 2434 ὄρει,
3165 2363 3278 2416 οὐδ’
3301 2360 3372 2417 ἂν
3402 2361 3707 2433 ἐθάρρησεν

2113 2460 2374 2514 εἰσελθεῖν
2399 2460 2479 2522 είς
2508 2457 2600 2511 τὸν
2627 2458 2847 2527 γνόφον,
2882 2457 2932 2510 εί
2970 2455 3046 2528 μὴ
3078 2456 3305 2527 νηστείᾳ
3335 2454 3703 2511 καθώπλιοτο.

2113 2552 2214 2607 Διὰ
2246 2553 2347 2624 τῆς
2386 2550 2642 2623 νηστείας
2677 2548 2778 2622 τὴν
2818 2549 3038 2622 ἐντολὴν
3084 2548 3407 2617 ὑπεδέξατο,
3458 2548 3705 2616 δακτύλῳ

2114 2645 2248 2699 Θεοῦ
2274 2647 2578 2717 γραφεῖσαν
2607 2644 2665 2696 ὲν
2692 2644 2815 2706 ταῖς
2838 2640 3020 2706 πλαξί·
3046 2642 3142 2695 καὶ
3163 2642 3277 2696 ἀνω
3306 2641 3409 2713 μὲν
3430 2641 3466 2712 ἡ
3487 2641 3707 2711 νηστεία

2114 2736 2436 2808 νομοθεσίας
2458 2734 2720 2808 πρόξενος
2735 2734 2964 2803 γίνεται,
2988 2733 3138 2787 κάτω
3159 2733 3217 2787 δέ
3236 2735 3272 2805 ἡ
3293 2735 3706 2806 γαστριμαργία

2115 2831 2195 2893 είς
2232 2826 2643 2899 είδωλολατρίαν
2681 2826 2932 2898 ἐξέμηνε.
2968 2826 3395 2897 Τεσσαράκοντα
3423 2826 3539 2899 γάρ
3578 2827 3707 2896 ἠμε-

2120 2921 2229 2992 ρῶν
2259 2920 2615 2992 προσεδρείαν
2652 2918 3007 2991 νηστεύοντος
3040 2919 3135 2973 καὶ
3169 2918 3426 2990 δεομένου
3470 2917 3569 2972 τοῦ
3618 2919 3705 2972 θε-

2120 3012 2384 3084 ράποντος
2403 3012 2676 3083 ἄχρηστον
2699 3010 2978 3075 ἀπέδειξεν
3000 3009 3315 3080 οἰνοφλυγία
3334 3010 3457 3081 μία.
3490 3012 3587 3073 ’Δς
3604 3011 3707 3079 γὰρ

2116 3105 2150 3174 ἡ
2188 3101 2413 3173 νηστεία
2460 3100 2620 3154 ἔλαϐε
2656 3100 2870 3163 πλάκας
2908 3100 3158 3171 δακτύλῳ
3199 3099 3338 3153 Θεοῦ
3380 3100 3703 3172 γραφείσας.

420 3223 650 3265 versans
704 3221 829 3260 cum
895 3203 1008 3258 Deo
1060 3201 1481 3271 deprecansque
1532 3193 1895 3254 confecerat,
1954 3190 2009 3245 id

2113 3195 2316 3259 ταύτας
2348 3195 2382 3265 ἡ
2422 3192 2560 3266 μέθη
2603 3193 2948 3266 συνέτριψενο
2981 3192 3081 3246 οὐκ
3107 3192 3260 3259 ἀξιον
3300 3192 3594 3264 κρίναντος
3616 3192 3703 3244 τοῦ

420 3302 583 3356 unica
614 3296 935 3353 temulentia
960 3292 1202 3349 reddidit
1223 3290 1463 3355 irritum,
1490 3284 2011 3356 infrugiferumque.

419 3393 558 3446 Nam
584 3391 802 3446 tabulas
830 3403 970 3459 quas
999 3385 1274 3456 jejunium
1306 3383 1631 3452 impetrarat
1666 3376 2014 3445 conscriptas

420 3485 595 3556 digito
622 3482 753 3547 Dei,
795 3481 1037 3536 ebrietas
1075 3473 1439 3539 comminuit;
1487 3470 1762 3544 judicavit
1808 3468 2013 3539 quippe

421 3575 685 3647 pr0pheta
719 3573 934 3629 ebrium
985 3569 1251 3642 populum
1287 3567 1516 3639 dignum
1566 3579 1679 3620 non
1713 3577 1873 3626 esse,
1914 3559 2009 3632 qui

421 3672 596 3743 legem
627 3669 903 3739 acciperet
930 3683 960 3720 a
995 3664 1126 3720 Deo.
1159 3662 1368 3733 Ecquid
1396 3658 1711 3731 inquinavit
1743 3656 1914 3720 Esau,
1956 3664 2013 3710 et

420 3779 639 3820 servum
674 3761 803 3817 fecit
835 3759 1065 3815 fratris?
1098 3771 1284 3812 nonne
1315 3753 1562 3810 edulium
1605 3765 1781 3805 unum
1802 3791 1818 3816 ,
1850 3747 2013 3817 cujus

420 3857 598 3928 gratia
632 3854 879 3911 vendidit
933 3853 1027 3924 jus
1071 3847 1424 3922 primogeniti
1450 3843 1648 3914 “?(2)
1689 3842 1827 3898 Cum
1871 3857 2014 3912 qua-

416 3949 675 4020 draginta
705 3947 919 4002 dierum
941 3943 1159 4014 jejunio
1189 3945 1543 4013 repurgasset
1566 3936 1807 3990 animam
1828 3932 2012 3999 Elias;

420 4043 498 4097 ita
540 4041 759 4095 demum
793 4039 849 4093 in
899 4038 1165 4108 spelunca
1197 4048 1320 4104 quae
1359 4039 1445 4087 est
1496 4030 1553 4084 in
1580 4027 1840 4092 Clioreb,
1880 4039 2015 4096 pro-

423 4135 627 4189 meruit
681 4133 869 4187 videre
908 4130 1240 4192 Dominum,
1292 4131 1560 4196 quantum
1604 4120 1827 4192 quidem
1889 4118 2017 4171 licet

422 4226 636 4282 homini
666 4225 876 4280 videre.
910 4224 988 4295 (5)
1019 4210 1265 4291 Quarum
1295 4217 1555 4274 cadavera
1589 4221 1865 4286 prostrata
1891 4218 2015 4265 sunt

422 4319 479 4373 in
515 4319 722 4373 deserto
751 4319 795 4350 ⁸⁷
825 4317 849 4372 ἳ
885 4330 1072 4371 nonne
1122 4329 1350 4378 eorum,
1403 4311 1500 4382 qui
1551 4323 1709 4365 esum
1762 4303 2014 4360 carnium

423 4412 787 4483 ﬂagitabant?
832 4412 916 4465 Illi
957 4411 1137 4465 donec
1175 4413 1337 4464 erant
1391 4402 1642 4460 contenti
1690 4412 1927 4461 manna,
1963 4401 2019 4450 et

423 4519 567 4575 aqua
593 4502 660 4559 de
702 4513 854 4574 petra
885 4501 1091 4556 ﬂuente
1115 4540 1131 4564 ,
1169 4497 1510 4570 superabant
1559 4492 1850 4564 Egyptios
1870 4530 1886 4554 ,
1919 4500 2020 4559 per

2116 3285 2395 3356 προφήτου
2451 3282 2722 3355 μεθύοντα
2771 3284 2900 3338 λαὸν
2952 3281 3365 3355 νομοθετεῖσθαι
3414 3283 3574 3353 παρά
3616 3280 3702 3334 τοῦ

2114 3376 2272 3431 Θεοῦ.
2310 3376 2375 3430 Τί
2409 3376 2503 3430 τὸν
2535 3376 2706 3430 Ἠσαῦ
2742 3377 3082 3448 ὲϐεϐήλωσε,
3127 3376 3224 3429 καὶ
3261 3375 3492 3444 ἐποίησε
3529 3373 3704 3428 δοῦλον

2113 3468 2208 3522 τοῦ
2242 3467 2502 3537 ἀδελφοῦ;
2526 3469 2587 3521 ού
2621 3468 2825 3541 βρῶσις
2855 3468 2972 3540 μία,
3008 3466 3075 3521 δι’
3107 3467 3177 3539 ἥν
3203 3466 3436 3521 ἀπέδοτο
3461 3466 3531 3520 τὰ
3562 3482 3703 3535 πρω-

2114 3558 2369 3624 τοτόκια;
2405 3558 2825 3629 Τεσσαράκοντα
2858 3558 3044 3623 Ἠλίας
3076 3557 3316 3629 ἡμέραις
3353 3556 3583 3628 νηστείᾳ
3614 3558 3704 3627 τὴν

2114 3651 2291 3724 ψυχὴν
2343 3650 2725 3722 ἀποκαθάρας,
2770 3649 2946 3715 οὕτως
2995 3652 3054 3704 ἐν
3105 3648 3186 3720 τῷ
3236 3648 3494 3719 σπηλαίῳ
3536 3646 3617 3720 τῷ
3650 3648 3704 3700 ἐν

2114 3743 2320 3816 Χωρὴϐ
2351 3743 2481 3797 ἰδεῖν
2509 3740 2845 3813 κατηξιώθη,
2885 3741 2960 3806 ὡς
2998 3742 3226 3796 δυνατόν
3259 3743 3410 3794 ἐστιν
3446 3741 3577 3794 ἰδεῖν
3617 3741 3705 3794 ἀν-

2117 3835 2342 3908 θρώπῳ,
2375 3834 2466 3889 τὸν
2490 3832 2716 3905 Κύριον.
2752 3834 2938 3888 Τίνων
2966 3833 3155 3888 ἕπεο-ε
3200 3833 3273 3887 τὰ
3315 3831 3487 3888 κῶλα
3520 3834 3593 3887 ἐν
3633 3830 3703 3899 τῇ

2115 3926 2346 3996 ἐρήμῳ;
2385 3925 2447 3978 οὑ
2477 3924 2587 3977 τῶν
2618 3924 2975 3995 κρεωφαγίας
3002 3923 3451 3995 ἐπιζητούντων;
3482 3925 3701 3978 Ἐκεῖνει

2115 4021 2223 4086 ἓως
2258 4020 2354 4091 μὲν
2381 4016 2651 4091 ἠρκοῦντο
2685 4015 2765 4086 τῷ
2794 4018 2992 4088 μάννα,
3033 4019 3128 4071 καὶ
3158 4016 3237 4088 τῷ
3267 4019 3333 4071 ἐκ
3367 4017 3471 4088 τῆς
3506 4018 3703 4089 πέτρας

2119 4111 2292 4175 ὕδατι,
2320 4108 2652 4178 Αἰγυπτίους
2679 4110 2897 4171 ἐνίκων.
2922 4109 3011 4163 διὰ
3033 4108 3312 4179 θαλάσσης
3338 4109 3560 4171 ὥδευον,
3589 4111 3702 4162 Οὐκ

2117 4201 2197 4275 ἦν
2228 4205 2298 4257 ὲν
2330 4201 2462 4268 ταῖς
2504 4201 2728 4272 φυλαῖς
2764 4199 2965 4255 αὐτῶν
3000 4203 3035 4254 ὀ
3067 4200 3367 4257 ἀσθενῶν.
3397 4200 3621 4272 Ἐπειδὴ
3649 4199 3701 4252 ἃ

2118 4293 2531 4366 ἐνεθυμήθησαν
2567 4293 2677 4347 τῶν
2715 4292 2895 4365 κρεῶν
2928 4292 3040 4366 τῶν
3081 4291 3347 4364 λεϐήτων,
3379 4293 3480 4347 καὶ
3515 4293 3702 4363 ἐστρά-

2120 4403 2300 4459 φησαν
2337 4387 2458 4448 ταῖς
2500 4384 2818 4454 ἐπιθυμίαις
2855 4364 2940 4448 είς
2967 4383 3265 4453 Αἴγυπτον,
3301 4384 3407 4437 οὐκ
3438 4378 3582 4436 εἶδον
3609 4382 3700 4452 τὴν

2121 4479 2223 4550 γῆν
2251 4477 2350 4547 τῆς
2382 4474 2739 4544 ἐπαγγελίας.

424 4611 578 4651 mare
624 4593 896 4650 faciebant
924 4594 1049 4658 iter,
1097 4589 1220 4646 Non
1242 4564 1375 4645 erat
1402 4588 1654 4658 inﬁrmus
1681 4585 1738 4638 in
1775 4578 2017 4636 tribubus
2054 4585 2238 4628 eorum
2271 4568 2337 4622 ⁸⁸.
2372 4564 2737 4637 Posteaquam
2788 4580 2919 4621 vero
2975 4564 3247 4621 recordati
3285 4575 3420 4622 sunt
3456 4568 3698 4622 carnium

424 4693 564 4751 ollas
592 4732 608 4757 ,
650 4698 705 4745 et
754 4688 1034 4745 desiderio
1080 4686 1290 4742 reversi
1341 4693 1472 4740 sunt
1518 4682 1576 4737 in
1615 4678 1938 4751 Egyptum,
1980 4685 2092 4726 non
2120 4665 2380 4723 viderunt
2413 4670 2616 4717 teriam
2645 4663 3061 4730 repromissam.

497 4784 552 4840 5.
595 4754 690 4838 tAc
737 4798 807 4838 ne
863 4780 1057 4835 Daniel
1089 4778 1312 4851 quidem
1373 4777 1469 4833 ille
1525 4775 1749 4845 sapiens
1777 4771 2009 4826 visiones

2192 4758 2247 4813 5.
2300 4756 2439 4811 Ἀλλ’
2457 4755 2565 4810 οὐδ’
2595 4755 2661 4809 ἂν
2680 4756 2709 4809 6
2726 4754 2888 4824 σοφὸς
2906 4755 3103 4826 Δανιὴλ
3122 4754 3225 4818 τὰς
3246 4755 3523 4818 ὀπτασίας
3549 4755 3697 4815 εἶδεν,

424 4872 675 4934 vidisset.
721 4869 827 4925 nisi
877 4867 1089 4940 jejunio
1139 4865 1477 4921 reddidisset
1525 4862 1767 4916 animam
1829 4854 2012 4926 limpi-

425 4966 657 5021 diorem.
685 4962 965 5034 Siquidem
995 4960 1286 5032 pinguiore
1320 4966 1481 5028 pastu
1519 4970 1621 5009 ceu
1652 4952 1853 5008 fumosi
1885 4949 2011 5020 qui-

427 5058 553 5113 dam
601 5072 836 5128 vapores
883 5055 1241 5115 exhalantur,
1296 5049 1393 5121 qui
1433 5048 1613 5127 lucem
1648 5045 1811 5117 53o
1833 5042 2013 5099 sancti

430 5154 677 5226 Spiritus
732 5153 788 5206 in
827 5149 1070 5205 hominis
1120 5154 1363 5203 mentem
1413 5141 1770 5198 irradiantem
1806 5179 1823 5203 ,
1855 5136 2014 5208 quasi

424 5225 597 5295 densa
628 5237 805 5292 nubes
843 5232 1244 5297 interveniens,
1311 5228 1697 5300 intercipiunt.
1744 5225 1822 5296 (4)
1862 5226 2015 5279 Som—

428 5332 484 5387 ni
508 5334 676 5397 leves,
728 5328 957 5398 ejusque
996 5324 1179 5390 modi,
1212 5323 1308 5396 qui
1340 5322 1527 5380 excuti
1572 5320 1733 5376 facile
1771 5316 2011 5390 possint,

503 5490 548 5525 ⁸⁸
583 5489 718 5544 Dan.
751 5486 889 5551 ιλ.
964 5485 1011 5517 ⁸⁸
1058 5482 1228 5540 Hebr.
1264 5496 1349 5545 ιιι,
1377 5478 1462 5535 17.
1539 5478 1581 5510 ⁸⁷
1618 5475 1766 5532 Psal.
1803 5488 1915 5539 CIV,
1953 5470 2041 5526 57.

500 5671 577 5737 (1)
612 5670 688 5723 Ei:
728 5669 876 5722 hom.
908 5683 924 5721 ι
952 5666 1027 5721 De
1045 5665 1276 5735 jejunio,
1311 5662 1358 5717 4.

505 5741 580 5811 (ε)
614 5740 774 5803 lbid.,
813 5738 866 5792 5.

2120 4851 2169 4904 εί
2211 4848 2286 4921 μὴ
2342 4848 2569 4921 νηστείᾳ
2621 4847 3016 4918 διαυγεστέραν
3071 4847 3295 4919 ἐποίησε
3355 4848 3461 4919 τὴν
3508 4847 3697 4918 ψυχήν.

2132 4945 2228 4997 Ἐκ
2259 4941 2369 5013 γὰρ
2402 4940 2502 5010 τῆς
2550 4940 2785 5009 παχείας
2825 4939 3032 5010 τροφῆς
3073 4933 3185 4992 οἷον
3223 4938 3551 5004 αίθαλώδεις
3579 4940 3703 4993 ἀνα·

2120 5035 2407 5107 θυμιάσεις
2452 5032 2936 5105 ἀναπεμπόμεναι,
2976 5032 3212 5103 νεφέλης
3264 5032 3427 5104 δίκην
3472 5034 3697 5105 πυκνῆς,

2117 5130 2216 5193 τὰς
2256 5128 2365 5185 ἀπὸ
2400 5127 2492 5181 τοῦ
2532 5126 2689 5197 ἁγίου
2735 5125 3051 5197 Πνεύματος
3084 5126 3481 5197 ἐπιγινομένας
3512 5126 3698 5196 ἐλλάμ-

2117 5223 2241 5292 ψεις
2269 5222 2363 5275 ἐπὶ
2392 5222 2484 5278 τὸν
2524 5219 2657 5274 νοῦν
2699 5219 3109 5273 διακόπτουσιν.
3142 5217 3255 5271 Καὶ
3287 5217 3454 5272 ὕπνοι
3495 5218 3695 5286 κοῦφοι.

2118 5314 2215 5368 καὶ
2251 5312 2679 5378 εὐαπάλλακτοι,
2711 5311 2962 5381 φυσικῶς
3000 5307 3362 5366 ἀκολουθοῦσι
3394 5310 3479 5385 τῷ
3525 5306 3698 5379 λεκτῷ

2119 5470 2163 5503 ⁸³
2199 5467 2373 5523 Exod.
2415 5482 2527 5532 xw,
2561 5465 2615 5520 '5.

2182 5648 2261 5719 (δ)
2288 5646 2451 5719 Ibid,
2480 5646 2537 5719 β.

2195 5714 2273 5792 (4)
2303 5716 2378 5772 Ex
2408 5717 2572 5788 epist.
2604 5714 2783 5783 11,75.
