3874 6224
238 350 380 405 1235

1417 348 1650 406 SERMO
1692 349 1762 405 X.
1801 378 1871 389 —
1911 349 2003 404 DE
2035 352 2341 412 suum.

3367 370 3507 427 1154

239 465 337 535 τῆς
361 464 575 535 διαίτης
594 482 606 495 ·
639 465 757 519 κατ’
791 464 1137 539 ἐπιτήδευσιν
1169 465 1225 519 δὲ
1256 468 1376 530 ταῖς
1406 467 1537 537 περὶ
1562 464 1677 517 τῶν
1725 480 1813 533 μεσ-

1926 468 2228 522 naturalem
2276 485 2402 524 eum
2463 473 2612 527 tenui
2658 475 2839 535 victus
2884 481 3095 538 ratione
3140 487 3503 543 necessitudi-

240 555 424 623 γάλων
485 556 780 629 μερίμναις
841 557 1285 629 διακοπτόμενοι.
1359 556 1435 611 Τό
1496 557 1605 629 γὰρ
1664 556 1823 628 βαρεῖ

244 650 399 721 κάρῳ
432 646 917 721 κατακρατεῖσθαι,
960 649 1239 722 λυομένων
1275 651 1441 704 αὐτοῦ
1469 650 1546 722 (l)
1577 650 1686 703 τῶν
1720 669 1818 723 με-

240 742 371 806 λὼν,
408 742 550 795 ὥστε
586 742 782 813 σχολὴν
812 741 1029 811 ἀλόγοις
1078 742 1403 810 φαντασίαις
1447 742 1726 812 παρέχειν.
1760 744 1820 795 ἐν

241 832 599 907 καθημερινῷ
634 833 849 905 θανάτῳ
889 835 1035 886 ποιεῖ
1077 834 1204 897 τοὺς
1249 832 1393 886 οὕτω
1436 831 1818 897 καθεύδοντας.

241 926 502 996 Μωύσῆς,
536 926 795 997 δευτέραν
837 925 1132 996 λαμϐάνων
1160 924 1505 995 νομοθεσίαν,
1557 925 1820 997 δευτέρας

243 1015 497 1086 νηστείας
547 1015 904 1086 προσεδεήθη.
952 1015 1062 1068 Καὶ
1093 1016 1409 1080 Νινευῖταις
1434 1018 1483 1069 εἰ
1517 1017 1591 1087 μὴ
1624 1017 1717 1071 καὶ
1749 1017 1819 1071 τά

240 1108 411 1177 ἄλογα
441 1110 886 1181 συνενήστευσεν,
920 1109 1022 1162 οὐκ
1051 1108 1115 1163 ἂν
1159 1108 1413 1180 διέφυγον
1446 1110 1545 1181 τὴν
1589 1110 1819 1183 ἀπειλὴν

242 1202 339 1273 τῆς
388 1203 793 1273 καταστροφῆς.
839 1202 992 1271 Μέγα
1025 1202 1230 1272 ἀγαθὸν
1276 1203 1585 1274 ἀνθρώποις
1637 1207 1669 1276 ή
1721 1222 1819 1276 νη-

244 1295 417 1357 στεία,
456 1297 579 1366 ἥτις
606 1295 879 1364 ἀπόφασιν
905 1294 1038 1349 Θεοῦ
1073 1296 1459 1351 ἀνεκαλέσατο.
1504 1296 1815 1369 Ἐκηρύχθη

240 1391 300 1441 ἐν
328 1388 518 1442 Νινευϊ
554 1389 858 1461 τριήμερος
907 1390 1292 1462 καταστροφή·
1345 1391 1438 1444 καὶ
1480 1389 1733 1462 ἐνίκησεν
1782 1391 1815 1462 ή

241 1480 382 1551 πρὸς
412 1480 502 1534 τὸν
536 1479 668 1534 Θεὸν
700 1482 1006 1552 ἐπιστροφὴ
1043 1481 1143 1552 τὴν
1187 1482 1600 1553 καταστροφήν·
1643 1483 1677 1554 ἡ
1710 1481 1817 1555 γάρ

236 1573 439 1643 ἀπειλὴ
461 1573 562 1644 τῆς
581 1574 987 1646 καταστροφῆς,
1004 1574 1093 1628 διὰ
1124 1573 1221 1645 τὴν
1246 1576 1581 1647 ἐπιστροφὴν
1604 1575 1815 1647 ἀνείθη.

232 1663 601 1736 Εὐγνὼμονες
631 1665 707 1737 (2)
742 1666 1062 1737 ἁμαρτωλοὶ
1108 1668 1157 1720 οξ
1205 1666 1510 1731 Νινευῗται,
1546 1668 1819 1723 ἀκούσαν-

232 1775 331 1820 τες
381 1756 477 1810 τοῦ
537 1758 694 1812 Ἰωνᾶ
740 1759 1108 1829 κηρύσσοντος
1143 1759 1243 1829 τὴν
1292 1762 1702 1831 καταστροφὴν,
1736 1760 1815 1831 τῷ

1919 571 2043 613 nem
2104 560 2309 617 habent
2366 582 2378 618 :
2425 565 2534 621 imo
2566 583 2697 623 vero
2739 571 2807 625 de
2852 572 3126 630 induStria
3182 592 3503 649 magnarum

1919 659 2103 701 rerum
2161 653 2312 708 curis
2374 653 2863 730 interrumpantur.
2910 663 3046 719 Nam
3096 667 3290 723 altiore
3320 683 3507 725 corre-

1919 748 2072 811 ptum
2122 760 2245 801 esse
2287 761 2506 817 sonore,
2564 755 2824 812 membris
2855 758 3073 823 solutis,
3106 760 3181 815 ita
3234 769 3294 815 ut
3327 761 3505 819 facilis

1919 839 2104 901 pateat
2143 836 2326 891 aditus
2355 838 2684 911 imaginibus
2715 861 2744 899 a
2770 848 2985 904 ratione
3016 851 3234 915 alienis,
3274 851 3328 906 id
3357 868 3500 922 quo-

1919 923 2141 980 tidianze
2178 929 2344 982 morti
2374 930 2579 986 addicit
2610 934 2684 989 ita
2715 936 3073 997 dormientes.
3120 942 3197 1014 (4)
3229 942 3405 1000 Moses
3446 952 3506 1000 ut

1919 1017 2144 1071 alteram
2174 1020 2448 1091 acciperet
2482 1025 2689 1095 legem,
2735 1030 2910 1087 altero
2950 1032 3163 1103 jejunio
3210 1051 3349 1105 Opus
3399 1036 3500 1091 ha-

1920 1105 2058 1160 buit.
2118 1106 2234 1164 Nisi
2276 1118 2330 1165 et
2391 1128 2497 1167 una
2543 1130 2668 1170 cum
2734 1118 2994 1178 Ninivitis
3056 1124 3406 1193 jejunasseut
3448 1136 3505 1184 et

1919 1199 2037 1267 ipsa
2075 1200 2229 1256 bruta
2263 1204 2544 1271 animalia,
2576 1207 3000 1281 haudquaquam
3027 1215 3349 1284 effugissent
3378 1219 3508 1273 sub-

1920 1292 2726 1354 versionis‘eomminationem.
2747 1302 2824 1373 (5)
2858 1303 3110 1376 Magnum
3162 1313 3354 1381 procul
3396 1312 3503 1367 du-

1919 1383 2011 1472 bio
2047 1385 2369 1442 mortalibus
2396 1385 2604 1442 bonum
2636 1400 2721 1446 est
2744 1394 3038 1463 jejunium,
3099 1401 3247 1470 quod
3274 1400 3498 1472 quidem

1919 1468 2014 1525 Dei
2046 1474 2324 1529 decretum
2390 1480 2687 1533 revocavit.
2752 1468 3239 1545 Proclamata‘est
3292 1468 3504 1549 Ninivaa

1918 1571 2043 1633 post
2088 1564 2331 1621 triduum
2381 1571 2689 1631 subversio.
2756 1580 2813 1627 ct
2863 1581 3153 1635 conversio
3202 1582 3271 1637 ad
3328 1582 3503 1639 Deum

1916 1653 2047 1706 vicit
2103 1655 2541 1714 subversionem.
2611 1660 3003 1722 Subversiouis
3041 1668 3311 1740 siquidem
3346 1687 3504 1727 com-

1918 1744 2155 1801 minatio
2200 1757 2425 1821 propter
2472 1755 2888 1813 conversionem
2928 1759 3173 1815 relaxata
3204 1772 3309 1818 est.
3360 1763 3505 1819 Can-

232 1834 429 1919 τρόπῳ
464 1846 567 1918 τῆς
609 1820 864 1919 νηστείας
904 1820 1139 1921 ἔστησαν
1318 1820 1700 1922 ἀπειληνίκαὶ
1740 1822 1813 1923 τῷ

1921 1836 2032 1892 didi
2079 1847 2136 1892 et
2190 1820 2413 1911 ingenui
2469 1854 2787 1915 peccatores
2831 1848 3110 1919 Ninivita,
3148 1855 3334 1910 audito
3365 1855 3503 1912 Jona

233 1940 517 2012 φαρμάκῳ
576 1940 677 2012 τῆς
723 1940 1168 2012 ἐξομολογήσεως
1216 1939 1314 1994 καὶ
1366 1943 1678 2014 προσευχῆς
1722 1945 1820 1999 ἐπ·-

237 2033 554 2087 εσπάοαντο
582 2033 683 2105 τὴν
713 2034 1009 2106 σωτηρίαν.
1042 2032 1139 2098 Τίς
1154 2033 1243 2088 τὸν
1270 2033 1463 2088 ἑαυτοῦ
1489 2032 1637 2090 οἷκον
1656 2036 1819 2107 ἠλάτ-

229 2140 411 2176 τωσεν
446 2126 504 2177 ἐν
551 2124 807 2197 νηστείας
869 2123 1202 2198 Ἀρίθμησον
1248 2127 1487 2198 σήμερον
1534 2127 1603 2183 τὰ
1644 2126 1813 2191 ἔνδον,

232 2217 332 2270 καὶ
362 2215 668 2288 ἀρίθμησον
717 2216 787 2269 τὰ
837 2215 976 2288 μετά
1009 2216 1204 2281 ταῦτα,
1241 2218 1395 2271 οὐδὲν
1442 2217 1529 2272 διὰ
1579 2216 1679 2290 τὴν
1724 2236 1818 2290 νη-

234 2307 421 2361 στείαν
448 2307 622 2378 λείψει
655 2307 763 2361 τῶν
796 2309 854 2361 ἐν
879 2307 960 2379 τῷ
992 2308 1145 2379 οἴκῳ.
1184 2309 1319 2363 Οὐδὲ
1354 2308 1413 2364 ἐν
1446 2309 1586 2373 ζῶον
1631 2310 1818 2383 ὀδύρε-

228 2416 325 2453 ται
361 2399 615 2465 θάνατον,
661 2398 896 2471 οὐδαμοῦ
931 2395 1072 2472 αἷμα
1104 2402 1203 2473 (5),
1248 2400 1485 2473 οὐδαμοῦ
1520 2401 1814 2471 ἀπόφασις,

234 2490 388 2563 παρὰ
436 2492 539 2562 τῆς
587 2492 985 2565 ἀπαραιτήτου·
1015 2493 1255 2565 γαστρὸς
1301 2494 1642 2567 ἐκφερομένη
1671 2494 1814 2550 κατά

231 2578 346 2634 τῶν
396 2577 571 2645 ζώων.
614 2581 899 2635 Πέπαυται
955 2582 1231 2655 μαγείρων
1284 2583 1567 2656 μάχαιρα·
1601 2587 1636 2655 ή
1683 2585 1815 2657 τράο

231 2670 376 2735 πεζά
429 2673 681 2743 ἀρκεῖται
727 2675 842 2737 τοῖς
887 2673 1242 2745 αὐτομάτοις.
1301 2676 1427 2740 Τοῖς
1471 2677 1531 2730 δέ
1582 2678 1815 2749 κομψοῖς

244 2764 631 2837 Ἐγκρατιταῖς
673 2766 812 2838 πρὸς
857 2765 921 2820 τὺ
992 2768 1192 2839 σεμνὸν
1246 2768 1429 2823 αὐτῶν
1472 2769 1766 2842 πρόϐλημα
1791 2787 1807 2801 ·

228 2855 334 2909 Διὰ
361 2856 414 2910 τί
446 2858 541 2911 καὶ
581 2859 743 2929 ἡμεῖς
788 2858 910 2929 οὐχῖ¹
955 2860 1160 2924 πάντες
1197 2860 1490 2932 ἐσθίομεν;
1522 2863 1699 2918 ἐκεῖνο
1726 2861 1814 2917 λε-

230 2948 436 3018 γέσθω,
486 2949 569 3003 ὃτι
619 2950 714 3005 καὶ
762 2950 834 3004 τά
878 2951 1273 3023 περιττώματα
1324 2951 1483 3024 ήμῶν
1530 2952 1812 3024 βδελυσσό-

233 3039 396 3111 μεθα.
459 3040 613 3095 Κατά
664 3042 764 3113 μὲν
815 3039 925 3113 γάρ
979 3040 1079 3113 τὴν
1127 3040 1306 3107 ἀξίαν,
1350 3040 1561 3113 λάχανα
1614 3042 1810 3113 χόρτου

226 3132 364 3201 ἡμῖν
406 3129 525 3184 ἐστι
551 3130 621 3185 τὰ
657 3130 828 3205 κρέα·
881 3131 1026 3187 κατά
1056 3131 1113 3184 δὲ
1152 3132 1252 3203 τὴν
1281 3131 1391 3185 τῶν
1420 3132 1809 3204 συμφερόντων

226 3221 524 3292 διάκρισιν,
587 3222 665 3287 ὠς
717 3224 813 3277 xal.
864 3225 924 3278 ἐν
977 3224 1235 3295 λαχάνοις
1288 3226 1350 3278 τὸ
1399 3224 1661 3297 βλαϐερὸν
1713 3225 1810 3279 τοῦ

228 3316 570 3388 καταλλήλου
622 3317 951 3389 χωρίζομεν,
1004 3317 1147 3372 οὕτω
1198 3318 1293 3372 καὶ
1346 3321 1404 3373 ὲν
1450 3322 1563 3382 τοῖς
1617 3319 1813 3391 κρέασι

226 3408 322 3463 τοῦ
354 3410 627 3483 χρησίμου
653 3412 715 3463 τὸ
746 3409 1008 3481 βλαϐερὸν
1040 3410 1407 3483 διακρίνομεν.
1449 3412 1684 3465 Ἐπείτοι
1714 3411 1811 3465 λά-

227 3503 395 3573 χανόν
420 3503 536 3555 ἐστι
567 3504 662 3557 καὶ
688 3502 751 3558 τὸ
778 3501 1023 3569 κώνειον,
1059 3503 1247 3573 ὥσπερ
1282 3503 1450 3574 κρέας
1483 3504 1603 3556 ἐστὶ
1630 3503 1724 3556 καὶ
1750 3503 1813 3556 τὸ

229 3592 490 3661 γύπειον·
540 3593 657 3649 ἀλλ’
705 3594 857 3666 ὅμως
899 3594 1023 3648 οὐτε
1056 3594 1369 3667 ὑοσκύαμον
1402 3596 1568 3664 φάγοι
1618 3596 1684 3651 ἄν
1726 3613 1813 3659 τις

226 3686 356 3739 νοῦν
418 3684 579 3758 ἔχων,
639 3686 762 3741 οὐτε
818 3687 979 3752 κυνὸς
1036 3687 1253 3758 ἅψαιτο,
1320 3689 1370 3741 εί
1435 3690 1510 3763 μὴ
1569 3688 1813 3760 μεγάλης

227 3776 478 3848 ἀνάγκης
531 3777 1002 3849 κατεπειγούσης·
1049 3777 1127 3842 ὼς
1157 3778 1252 3848 ὅγε
1302 3778 1491 3849 φαγὼν
1534 3779 1634 3832 οὐκ
1682 3781 1809 3851 ἡνό-

233 3887 431 3941 μησεν.
491 3870 832 3924 ’Λνάπαυσόν
886 3887 980 3924 σου
1021 3870 1115 3924 τὸν
1170 3871 1456 3943 μάγειρον,
1489 3870 1578 3935 δὸς
1610 3871 1811 3943 ἀργίαν

227 3960 307 4031 τῷ
362 3960 782 4033 τραπεζοποιῷ·
837 3962 1038 4033 στῆσον
1068 3963 1168 4036 τὴν
1216 3965 1376 4036 χεῖρα
1421 3962 1499 4035 τῷ
1549 3963 1806 4036 οἰνοχόῳ·

230 4053 534 4108 παυσάσθω
566 4055 697 4109 ποτέ
726 4056 820 4110 atat
848 4057 877 4109 ό
908 4055 1011 4120 τάς
1047 4055 1323 4120 ποικιλίας
1364 4056 1473 4110 τῶν
1504 4055 1810 4129 βρωμάτων

229 4145 573 4217 ἐπιτηδεύων
595 4163 609 4177 ·
641 4146 969 4218 ἡσυχασάτω
1006 4147 1138 4202 ποτέ
1176 4148 1272 4202 καὶ
1312 4150 1341 4202 ὁ
1387 4144 1536 4213 οἶκος
1566 4148 1675 4202 ἀπὸ
1701 4147 1811 4202 τῶν

232 4239 444 4309 μυρίων
476 4239 742 4310 θορύϐων,
790 4240 884 4296 καὶ
914 4240 1008 4295 τοῦ
1042 4241 1251 4295 καπνοῦ
1289 4241 1385 4295 καὶ
1415 4242 1512 4314 τῆς
1559 4241 1807 4312 κνίσσης,

228 4330 327 4384 καὶ
361 4329 472 4385 τῶν
519 4331 633 4386 ἄνω
683 4333 779 4386 καὶ
827 4331 978 4387 κάτω
1027 4332 1447 4404 διατρεχόντων,
1502 4332 1597 4386 καὶ
1643 4331 1810 4385 οἱονεὶ

228 4423 594 4497 ἀπαραιτήτῳ
640 4424 899 4500 δεσποίνῃ
948 4428 1016 4497 τῇ
1066 4425 1268 4498 γαστρὶ
1324 4424 1804 4497 λειτουργούντων.

1920 1929 2328 1986 subversionem
2356 1935 2718 2004 praedicante,
2752 1955 2849 2011 per
2874 1942 3071 2012 jejunii
3098 1946 3318 2001 modum
3350 1963 3505 2002 com-

1918 2021 2276 2078 minationem
2329 2026 2718 2098 cohibuerunt,
2782 2041 2836 2089 et
2891 2035 3257 2091 confessionis
3296 2040 3505 2095 oratio-

1918 2113 2114 2183 nisque
2159 2117 2399 2174 remedio
2442 2128 2788 2178 attraxerant
2820 2126 3076 2183 salutem.
3111 2128 3190 2202 (6)
3224 2129 3360 2197 Quis
3384 2148 3501 2189 rem

1918 2206 2242 2266 familiarem
2306 2213 2566 2270 diminuit
2630 2217 2685 2272 in
2719 2220 2984 2290 jejunio?
3047 2221 3295 2281 Recense
3338 2226 3504 2284 hodie

1915 2297 2112 2354 domus
2163 2302 2598 2370 supellectilem,
2671 2321 2738 2361 ac
2776 2320 2966 2378 postea
3021 2311 3205 2367 denuo
3244 2329 3500 2382 numera,

1915 2388 2052 2443 nihil
2110 2390 2285 2446 deerit
2351 2393 2423 2448 ob
2486 2394 2760 2465 jejunium
2819 2401 2874 2454 in
2942 2401 3108 2457 rebus
3158 2403 3500 2461 domesticis.

1914 2480 2134 2537 Nullum
2193 2485 2397 2540 animal
2445 2487 2696 2559 deplorat
2733 2499 2986 2560 mortem,
3052 2510 3325 2565 nusquam
3369 2511 3503 2553 san-

1915 2575 2082 2645 guis,
2139 2592 2411 2648 nusquam
2465 2582 2739 2637 sententia
2799 2584 2868 2638 ab
2918 2584 3243 2643 inexorabili
3311 2598 3503 2645 ventre

1914 2668 2179 2724 adversus
2208 2670 2511 2726 animantia
2566 2674 2804 2743 prolata.
2850 2674 3044 2733 Cessat
3080 2679 3351 2735 machaera
3404 2697 3503 2736 co-

1912 2776 2183 2830 quorum,
2237 2779 2429 2821 mensa
2472 2776 2732 2822 contentu
2779 2776 2865 2823 est
2893 2778 3090 2840 sponte
3119 2773 3498 2831 nascentibus.

1913 2852 1992 2922 (7)
2038 2852 2269 2925 Lepidis
2296 2864 2480 2912 autem
2522 2857 2822 2916 Encratitis
2852 2861 2920 2915 ad
2952 2863 3269 2933 praeclaram
3303 2880 3497 2921 eorum

1911 2945 2304 3013 quaestionem,
2364 2945 2477 3001 Cur
2521 2962 2624 3004 nos
2663 2949 2827 3004 etiam
2872 2964 2983 3005 non
3022 2954 3278 3009 omnibus
3313 2956 3490 3010 vesci-

1912 3049 2037 3088 mur
2063 3034 2088 3088 ?
2113 3034 2217 3089 hoc
2246 3034 2409 3090 detur
2436 3038 2689 3107 responsi
2713 3080 2730 3104 ,
2780 3053 2884 3094 nos
2939 3040 3103 3095 etiam
3152 3053 3502 3098 excrementa

1919 3133 2108 3181 nostra
2139 3128 2407 3183 aversari.
2441 3129 2522 3183 Ae
2567 3139 2834 3200 quantum
2880 3132 3102 3202 quidem
3153 3135 3221 3189 ad
3260 3134 3503 3205 dignita-

1917 3226 2049 3284 tem,
2091 3222 2242 3277 olera
2304 3221 2489 3277 herba:
2541 3224 2706 3279 nobis
2751 3233 2882 3293 sunt
2925 3240 3126 3281 carnes
3180 3236 3501 3297 :quautum

1915 3327 2046 3368 vero
2088 3312 2157 3367 ad
2188 3313 2409 3368 utilium
2449 3314 2840 3371 discretionem
2870 3354 2888 3382 ,
2936 3317 3400 3388 quemadmodum
3446 3330 3503 3374 et

1913 3405 1971 3459 in
2021 3404 2265 3462 oleribus
2310 3407 2534 3462 noxium
2583 3424 2611 3462 a
2666 3409 2877 3464 salubri
2931 3424 3296 3481 separamus,
3333 3412 3406 3465 ita
3444 3419 3501 3466 et

1913 3495 1971 3550 in
2002 3495 2262 3551 carnibus
2290 3498 2359 3552 ab
2380 3498 2501 3552 utili
2535 3499 2756 3553 noxium
2799 3506 3161 3557 secernimus.
3190 3500 3324 3556 Nam
3351 3509 3502 3559 certe

1912 3595 1966 3640 et
1998 3586 2181 3639 cicuta
2214 3587 2338 3641 olus
2366 3596 2472 3649 est.
2498 3588 2644 3641 sicut
2690 3588 2857 3643 etiam
2887 3604 3022 3644 caro
3048 3600 3135 3646 est
3165 3592 3447 3645 vulturina
3479 3606 3495 3642 :

1910 3675 2011 3732 sed
2045 3686 2230 3731 tamen
2279 3692 2383 3733 nec
2418 3678 2808 3750 hyoscyamum
2860 3695 3032 3737 sanus
3068 3683 3357 3753 quisquam
3406 3699 3501 3739 co-

1912 3770 2134 3835 medet,
2187 3784 2290 3825 nec
2343 3784 2480 3825 cane
2508 3780 2763 3827 vescetur
2794 3812 2811 3837 ,
2855 3773 2964 3828 nisi
3001 3787 3230 3845 urgente
3282 3791 3501 3833 summa

1911 3863 2279 3930 necessitate;
2308 3865 2401 3936 qui
2431 3874 2612 3921 tamen
2640 3866 2877 3922 comedit
2903 3882 3012 3921 non
3037 3875 3240 3938 peccat.
3289 3869 3367 3941 (8)
3391 3867 3501 3924 Da-

1912 3960 1971 4007 to
2020 3955 2440 4025 respirationem
2486 3966 2542 4013 et
2592 3972 2801 4011 moram
2858 3972 3037 4029 coquo
3061 3968 3177 4023 tuo,
3233 3960 3356 4017 sine
3396 3977 3499 4016 va-

1911 4060 2042 4101 care
2067 4053 2399 4104 structorem
2440 4064 2794 4117 mensarum;
2826 4051 2962 4107 siste
2998 4052 3339 4122 pocillatoris
3379 4070 3499 4110 ma-

1912 4152 2085 4205 num;
2139 4139 2212 4195 sit
2256 4140 2553 4210 aliquando
2597 4141 2894 4212 respiratio
2931 4142 3213 4200 variorum
3243 4144 3498 4202 bellaria-

1912 4244 2034 4284 rum
2065 4245 2130 4285 ac
2158 4231 2513 4302 cupediarnm
2567 4233 2871 4290 architecto
2901 4253 2918 4302 ;
2970 4236 3330 4306 conquiescat
3369 4248 3496 4294 tau-

1912 4321 2035 4376 dem
2064 4322 2188 4392 ipsa
2225 4326 2425 4379 domus
2449 4324 2519 4379 ab
2541 4324 2774 4382 inﬁnitis
2825 4327 3156 4384 tumultibus
3187 4368 3205 4396 ,
3254 4345 3284 4385 a
3317 4329 3494 4399 fumo,
3534 4360 3539 4365 -

1915 4429 1942 4466 a
1974 4414 2192 4480 nidore,
2247 4415 2319 4471 ab
2375 4416 2462 4472 his
2494 4420 2587 4488 qui
2646 4433 2866 4475 sursum
2895 4420 3153 4477 deorsum
3200 4425 3493 4490 cursitant,

226 4516 377 4569 Δότω
409 4515 531 4570 τινὰ
574 4517 880 4591 ἐκεχειρίαν
923 4518 1020 4572 καὶ
1059 4519 1094 4589 ή
1150 4517 1369 4592 γαστὴρ
1414 4516 1493 4589 τῷ
1542 4518 1770 4589 στόματι
1792 4534 1807 4550 ·

1918 4521 1981 4560 ac
2046 4508 2226 4563 ventri
2280 4508 2432 4563 velut
2499 4510 2810 4580 imperiosae
2865 4512 3104 4571 domina:
3156 4517 3486 4573 ministrant.

229 4607 546 4662 σπεισάσθω
578 4610 712 4679 ἡμῖν
742 4608 1119 4682 πενθημέρους
1155 4610 1406 4677 σπονδάς,
1431 4612 1465 4682 ή
1518 4609 1606 4665 ἀεὶ
1639 4611 1807 4664 ἀπαι-

223 4700 397 4755 τοῦσα
430 4702 526 4756 καὶ
560 4701 819 4756 οὐδέποτε
848 4702 1111 4774 λήγουσα,
1157 4705 1193 4775 ἡ
1238 4703 1594 4776 λαμϐάνουσα
1628 4703 1807 4775 σήμε-

226 4809 344 4865 ρον,
386 4793 484 4847 καὶ
512 4791 700 4866 αὔριον
746 4793 1229 4866 ἐπιλανθανομένη.
1284 4796 1452 4849 Ὅταν
1496 4794 1805 4866 ἐμπλησθῇ,

225 4887 362 4957 περὶ
407 4885 732 4958 ἐγκρατείας
764 4886 1076 4957 φιλοσοφεῖ·
1124 4886 1256 4940 ὅταν
1295 4884 1652 4958 διαπνευσθῇ,
1682 4887 1808 4940 ἐπι-

160 5006 175 5011 —
224 4976 549 5033 λανθάνεται
582 4978 691 5032 τῶν
720 4977 1025 5050 δογμάτων.

299 5237 355 5293 6.
411 5240 572 5294 ’Δλλά
618 5241 809 5313 καιρὸς
849 5242 949 5314 ήδη
993 5242 1203 5307 λοιπὸν,
1237 5242 1502 5315 καὶπρὸς
1546 5244 1642 5299 τὸν
1687 5245 1809 5299 ἐπι-

301 5432 377 5500 (1)
406 5432 623 5486 Αὑτοῦ.
655 5432 919 5488 Codicum
946 5435 1083 5490 alter
1111 5433 1314 5491 αὐτῶν.

301 5504 380 5573 (2)
412 5501 822 5572 Εὺγνώμονες,
855 5510 961 5559 etc.
995 5503 1199 5560 Locum
1236 5507 1381 5559 hunc
1410 5506 1726 5572 sanavimus
1754 5515 1808 5563 et

222 5573 606 5645 supplevimus
632 5589 754 5641 qum
777 5575 1019 5645 deerant
1055 5589 1157 5645 ope
1194 5578 1446 5630 codicum
1488 5578 1715 5634 alterius
1753 5587 1809 5634 et

224 5643 403 5715 ipsius
432 5651 742 5715 contextus.
766 5643 1293 5715 Ediliiﬁ'bfvodpde;
1322 5646 1418 5700 τοῦ
1451 5647 1626 5704 Ἰωνᾶ.

302 5713 379 5774 (5)
411 5711 689 5783 Οὐδαμοῦ
722 5710 883 5785 αἷμα.
918 5710 1040 5770 Πεικξ
1076 5710 1255 5772 additu
1300 5734 1364 5771 ex
1399 5718 1587 5773 eodem
1618 5719 1808 5777 codice

226 5792 283 5838 ει
317 5799 384 5837 εχ
408 5793 688 5839 contextu.

1913 4596 2063 4662 Det,
2119 4600 2258 4663 det,
2323 4600 2589 4671 inquam,
2645 4602 2987 4673 aliquantum
3066 4609 3369 4664 vacationis
3436 4618 3493 4666 et

1913 4701 2104 4749 venter
2155 4694 2281 4760 ori;
2315 4696 2634 4764 paciscatur
2688 4698 2975 4753 nobiscum
3005 4701 3247 4770 quinque
3279 4700 3491 4757 dierum

1914 4782 2208 4851 inducias,
2253 4786 2351 4856 qui
2399 4800 2619 4857 semper
2670 4788 2876 4859 alioqui
2926 4788 3181 4862 ﬂagitat,
3222 4807 3327 4848 nec
3387 4810 3492 4849 un-

1913 4890 2079 4945 quam
2132 4877 2384 4942 desinit,
2434 4879 2566 4934 dum
2628 4881 2775 4951 quod
2829 4882 3042 4952 accepit
3097 4882 3306 4949 hodie,
3364 4898 3490 4941 cras

1915 4965 2285 5023 obliviscitur.
2318 4968 2457 5024 Cum
2513 4970 2681 5026 fuerit
2719 4972 2966 5043 expletus
2991 5011 3006 5036 ,
3061 4981 3177 5028 tum
3221 4974 3289 5030 de
3319 4976 3489 5032 absti-

1915 5058 2100 5112 nentia
2133 5059 2554 5131 philosophatur
2589 5076 2603 5113 :
2641 5061 2732 5116 ubi
2764 5063 3056 5130 detumuit,
3079 5064 3391 5137 dogmatum
3432 5069 3494 5122 il-

1915 5148 2093 5204 lorum
2122 5151 2484 5208 obliviscitur.

1986 5240 2041 5294 6.
2074 5240 2176 5312 (9)·
2218 5240 2324 5297 Sed
2353 5242 2468 5312 jam
2499 5251 2718 5312 tempus
2761 5252 2883 5311 est,
2919 5254 2980 5301 ut
3002 5262 3167 5303 causa
3208 5257 3349 5320 apud
3384 5249 3492 5305 im-

2094 5441 2175 5514 Ex
2209 5443 2355 5498 hom.
2389 5461 2407 5499 ι
2443 5442 2522 5499 De
2537 5434 2766 5514 jejunio.
2797 5459 2849 5501 ό.

1988 5513 2066 5583 (5)
2094 5513 2170 5584 Ex
2199 5514 2348 5569 hom.
2377 5530 2437 5571 ut
2472 5513 2780 5584 Dejejunio,
2806 5518 2930 5571 622.

2012 5581 2068 5651 6)
2101 5581 2176 5636 Ex
2206 5584 2352 5638 hom.
2378 5601 2394 5639 ι
2426 5584 2501 5639 De
2514 5581 2741 5655 jéjimio,
2770 5587 2821 5640 6.

1987 5587 2066 5723 £7)
2097 5650 2176 5723 ξι
2215 5653 2378 5723 epist.
2408 5669 2661 5719 ccxxxvt,
2698 5656 2821 5711 565.

2014 5653 2066 5782 Ἰξ
2097 5650 2176 5705 Ex
2215 5653 2378 5723 epist.
2408 5650 2661 5719 ccxiivt,
2698 5656 2823 5711 565.

2014 5725 2043 5796 8
2103 5721 2182 5796 Ex
2218 5724 2364 5780 hom.
2404 5739 2420 5779 ι
2454 5726 2528 5780 De
2555 5728 2785 5796 jejunio,
2813 5726 2865 5781 6.

2009 5725 2063 5782 8)
2103 5725 2182 5776 Ex
2218 5725 2364 5780 hom.
2404 5739 2420 5779 ι
2454 5726 2528 5780 De
2555 5728 2785 5796 jejunio,
2813 5726 2865 5781 6.

1987 5732 2066 5865 i9)
2108 5791 2350 5865 Uterque
2380 5796 2550 5853 codex
2577 5798 2779 5855 iudicat
2809 5798 2972 5868 epist.
