3874 6224
391 361 530 416 0235
630 432 634 436 θ

1312 352 1670 412 ΛΡΡΕΝΒΙΧ.
1714 382 1783 393 -
1823 345 2169 403 SYMEONIS
2210 342 2750 401 ΜΕΤᾹΡΠΒᾹΒΤΑΞ

3507 343 3645 397 ίΞὋ

389 486 692 549 peratorem
719 475 1044 533 insanabilia
1083 477 1241 531 nobis
1277 476 1679 546 praecipientem
1715 470 1956 526 breviter

2091 466 2318 519 άττοντα
2364 465 2497 536 ἡμῖν
2526 461 2596 515 τὰ
2634 462 2827 514 ἀνίατα
2871 460 3095 530 βασιλέα
3130 460 3327 532 μικρὸν
3373 460 3645 529 ἀπολογη-

391 570 540 623 dicta
575 609 592 635 ,
644 568 983 623 desinamus.
1051 568 1128 636 (l)
1161 565 1310 621 Veiis
1338 566 1497 620 nobis
1528 605 1542 627 ,
1592 561 1965 623 serenissime,

392 673 652 729 parcere;
706 661 800 728 qui
853 667 1065 713 tantum
1112 658 1501 728 possidemus,
1553 664 1865 724 quantum,
1921 650 1967 705 si

393 750 554 805 hodie
609 751 896 805 comedere
942 751 1276 804 voluerimus
1305 790 1319 811 ,
1358 749 1517 802 nobis
1564 762 1668 800 non
1719 743 1965 799 sufficiet.

393 840 589 897 Cessat
663 842 806 911 apud
851 857 952 895 nos
981 880 997 903 ,
1040 850 1100 895 ut
1138 857 1235 911 par
1293 850 1413 902 est,
1489 855 1790 909 coquorum
1843 852 1967 901 ars;

394 949 497 989 nec
537 950 725 989 eorum
756 935 933 988 cultor
966 934 1287 1002 sanguinem
1320 933 1555 1001 attingit.
1605 931 1760 1001 531
1808 929 1972 983 Cibo-

394 1042 516 1081 rum
562 1034 875 1080 nostrorum
905 1026 1093 1096 optimi
1126 1067 1139 1088 ,
1187 1026 1387 1095 quibus
1428 1024 1705 1077 aflluimus
1735 1063 1750 1083 ,
1781 1022 1975 1074 herba-

397 1133 515 1171 rum
583 1116 710 1171 folia
768 1096 898 1173 sunt
958 1132 1083 1170 cum
1138 1132 1278 1186 pane
1333 1116 1684 1184 asperrimo,
1732 1120 1786 1167 et
1844 1113 1972 1165 vino

399 1217 686 1265 acescente
719 1225 733 1261 :
768 1224 838 1264 ne
905 1208 1117 1262 scilicet
1166 1215 1449 1278 stupentes
1478 1222 1676 1263 sensus
1698 1206 1873 1260 nostri
1903 1206 1974 1259 ob

395 1304 605 1357 ventris
652 1302 944 1371 ingluviem
1012 1302 1069 1354 in
1131 1300 1357 1354 vesania
1416 1305 1726 1353 versentur.
1784 1296 1861 1364 (2)
1908 1294 1974 1348 Et

395 1393 857 1464 quemadmodum
910 1394 965 1447 in
1010 1392 1338 1447 vestimento
1378 1390 1746 1444 necessarium
1784 1387 1976 1458 praeci-

397 1504 504 1558 pue
547 1487 867 1543 sectandum
913 1504 925 1536 :
966 1487 1037 1539 ita
1096 1485 1150 1539 in
1210 1485 1335 1539 cibo
1390 1484 1547 1554 panis
1605 1482 1843 1554 explebit
1879 1497 1977 1536 ne-

397 1582 758 1646 cessitatem;
829 1593 970 1647 aqua
1036 1576 1249 1633 sedabit
1321 1576 1466 1631 sitim
1522 1582 1668 1629 recte
1720 1573 1971 1629 valenti:

397 1673 598 1745 quibus
640 1672 898 1726 accedent
937 1683 1277 1739 quaecunque
1314 1682 1378 1721 ex
1434 1665 1803 1737 leguminibus
1856 1666 1979 1735 pul-

401 1771 583 1817 menta
639 1761 853 1831 corpori
904 1760 1054 1814 vires
1090 1758 1155 1812 ad
1207 1756 1550 1812 necessarios
1581 1771 1716 1810 usus
1753 1770 1978 1809 conser-

2073 558 2354 627 σαμένους,
2389 556 2690 609 καταλῦσαι
2721 557 2811 610 τὸν
2838 556 3017 624 λόγον.
3047 553 3344 608 Φείσασθαι
3372 553 3533 624 ἡμῶν
3560 553 3644 605 θέ-

2068 648 2252 720 λησον,
2281 649 2636 721 γαληνότατε,
2667 633 2907 703 τοσαῦτα
2932 649 3090 720 ἡμῶν
3118 648 3497 717 κεκτημένων.
3528 646 3644 709 ὅσα,

2070 734 2139 793 ἂν
2168 742 2405 811 σήμερον
2439 740 2752 812 θελήσωμεν
2802 744 3016 810 φαγεῖν,
3042 740 3142 793 οὐκ
3170 739 3463 811 ἐξαρκέσει
3498 740 3644 807 ἡμῖν.

2064 835 2269 904 κἈργεῖ
2314 834 2443 904 γὰρ,
2493 834 2567 898 ὡς
2614 835 2780 896 εἰκὸς,
2827 836 2954 905 παρ’
2989 837 3121 903 ἡμῖν
3152 833 3434 905 μαγείρων
3465 834 3648 900 τέχνη,

2076 926 2318 996 μάχαιρα
2349 927 2403 979 δὲ
2442 926 2622 979 αὐτῶν
2658 927 2884 997 αἴμασιν
2923 928 2983 980 οὐ
3027 926 3369 999 προσομιλεῖ.
3416 924 3496 977 Τά
3530 923 3651 992 βέλ-

2071 1034 2232 1071 τιστα
2262 1019 2369 1071 τῶν
2414 1022 2544 1090 παρ’
2571 1021 2703 1090 ἡμῖν
2748 1018 3073 1089 βρωμάτων,
3110 1022 3167 1071 ἐν
3194 1013 3275 1081 οἷς
3304 1020 3335 1089 ἡ
3379 1016 3648 1085 δαψίλεια.

2073 1112 2281 1183 χόρτων
2313 1112 2486 1180 φύλλα
2515 1113 2613 1165 σὺν
2643 1112 2794 1185 ἄρτῳ
2826 1113 3153 1184 τραχυτάτῳ
3195 1113 3290 1165 καὶ
3324 1111 3405 1182 τῷ
3437 1110 3654 1180 ἐξεστη-

2074 1206 2192 1258 κὸτι
2223 1204 2373 1276 οἴνῳ,
2408 1204 2550 1259 ὥστε
2588 1206 2662 1276 μὴ
2694 1204 3091 1275 ἐκθαμϐεῖσθαι
3113 1204 3270 1276 ἡμῶν
3291 1204 3360 1259 τά
3400 1204 3654 1273 αἰσθητή-

2078 1314 2168 1368 ρια
2202 1297 2306 1350 ὑπὸ
2344 1298 2442 1369 τῆς
2473 1298 2939 1369 γαστριμαργίας,
2985 1299 3080 1352 καὶ
3121 1299 3209 1351 ἐπ’
3262 1297 3549 1369 ἀφροσύνῃ
3582 1297 3654 1367 μὴ

2078 1390 2475 1446 πολιτεύεσθαι.
2542 1392 2630 1456 Ὠς
2681 1392 2790 1462 γὰρ
2840 1395 2898 1445 ὲν
2958 1392 3038 1462 τῷ
3091 1391 3349 1462 ἐνδύματι
3407 1392 3656 1462 ἡγεῖσθαι

2078 1485 2343 1554 προσήκει
2371 1483 2432 1536 τὸ
2463 1484 2739 1555 χρειῶδες,
2767 1483 2909 1538 οὕτω
2951 1484 3045 1536 καὶ
3088 1485 3145 1535 ἐν
3181 1486 3247 1554 τῇ
3279 1481 3456 1554 τροφῇ
3496 1480 3657 1553 ἄρτος

2078 1574 2423 1646 ἐκπληρώσει
2470 1575 2568 1648 τὴν
2619 1577 2829 1647 χρείαν,
2864 1578 2957 1629 καὶ
3007 1576 3151 1646 ὕδωρ
3185 1576 3520 1647 θεραπεύσει
3563 1576 3658 1645 τὴν

2078 1665 2238 1735 δίψαν
2271 1666 2348 1737 τῷ
2381 1667 2697 1734 ὑγιαίνοντι,
2740 1669 2835 1721 καὶ
2870 1668 2970 1722 ὅσα
3008 1670 3074 1721 ἐκ
3116 1669 3454 1739 σπερμάτων
3512 1684 3650 1737 παρ-

2080 1757 2340 1828 οψήματα
2378 1759 2515 1829 πρὸς
2546 1758 2646 1823 τὰς
2678 1760 2984 1829 ἀναγκαίας
3030 1762 3219 1831 χρείας
3247 1762 3347 1833 τὴν
3398 1761 3551 1831 ίσῇδν
3582 1759 3658 1829 τῷ

401 1871 527 1910 vare
570 1860 821 1926 possunt.
866 1852 1039 1907 Edere
1086 1859 1267 1905 autem
1319 1849 1515 1913 decet,
1572 1863 1681 1902 non
1737 1847 1978 1902 belluan-

2091 1849 2297 1921 σώματι
2331 1849 2553 1905 δύναται
2593 1851 2985 1908 διασώσασθαι.
3030 1853 3263 1908 Ἑσθίειν
3310 1853 3392 1916 δὲ,
3430 1853 3507 1924 μὴ
3538 1851 3661 1904 λυσ-

400 1949 539 2001 tium
580 1946 815 2016 speciem
865 1944 1212 2014 pra-bentes,
1269 1941 1363 1998 sed
1409 1941 1612 2010 ubique
1656 1938 1979 1993 modestiam

400 2049 456 2092 et
497 2039 771 2093 leuitatem
832 2043 997 2106 atque
1041 2037 1097 2089 in
1155 2035 1530 2104 voluptatibus
1588 2031 1980 2086 continentiam

403 2132 723 2188 retinentes.
777 2129 853 2201 ('5)
902 2126 1010 2182 Sed
1075 2125 1207 2196 quid
1263 2123 1515 2180 faciam?
1588 2121 1726 2176 Cum
1789 2133 1981 2175 eorum

402 2240 524 2295 qua:
589 2223 736 2278 dicta
814 2229 944 2276 sunt
1016 2221 1233 2291 copiam
1290 2217 1627 2280 considero,
1679 2215 1821 2269 ultra
1865 2227 1984 2266 mo-

405 2317 535 2372 dum
594 2315 726 2370 lerri
798 2329 885 2369 me
953 2312 1175 2367 video:
1246 2325 1371 2365 cum
1432 2318 1612 2363 autem
1678 2308 1876 2363 iterum
1916 2304 1983 2358 ad

405 2406 689 2477 sapientia:
752 2406 806 2459 in
857 2404 1092 2474 Opiﬁciis
1167 2402 1600 2474 splendescentis
1661 2400 1982 2455 varietatem

406 2499 643 2568 respicio
673 2538 691 2557 .
738 2514 805 2552 ne
837 2498 1109 2569 incepisse
1159 2497 1379 2566 quidem
1443 2493 1812 2549 narrationem
1849 2492 1985 2545 mihi

404 2591 614 2647 videor.
679 2590 858 2660 Atque
922 2591 1086 2643 etiam
1144 2587 1354 2643 diutius
1411 2586 1658 2641 detinere
1722 2600 1821 2639 vos
1874 2599 1985 2639 non

406 2680 570 2736 fuerit
622 2681 834 2735 inutile.
888 2680 1028 2745 Quid
1075 2679 1220 2734 enim
1279 2678 1404 2749 quis
1457 2678 1525 2732 ab
1577 2678 1681 2732 hoc
1740 2685 1984 2747 tempore

386 2774 473 2827 .ad
520 2788 695 2842 usque
743 2787 1024 2842 vesperam
1096 2772 1278 2825 lacere
1327 2770 1549 2841 possit?
1604 2768 1713 2824 Vos
1745 2784 1851 2823 non
1896 2783 1988 2820 ur-

409 2874 537 2933 gent
587 2867 968 2919 convivatores
994 2906 1009 2926 ,
1046 2878 1154 2918 non
1190 2878 1289 2918 vos
1318 2861 1757 2934 computationes
1785 2873 1985 2928 exspe—

406 2965 578 3011 ctant.
640 2955 841 3019 Unde,
904 2957 949 3011 si
1006 2956 1267 3020 videtur,
1324 2954 1602 3024 corporali
1652 2952 1863 3023 jejunio
1919 2950 1987 3004 ad

407 3048 799 3103 exlularandas
852 3048 1065 3102 animas
1096 3054 1335 3101 utemur.
1378 3045 1532 3115 Saepe
1557 3045 1835 3101 inservisti
1866 3058 1988 3098 car-

409 3141 468 3195 ni
508 3140 575 3193 ad
607 3141 938 3210 voluptatem
1003 3141 1321 3209 capiendam
1365 3158 1378 3193 :

410 3233 524 3286 viro
578 3247 887 3302 persevera.
969 3231 1240 3286 Πείραιον-ε
1297 3232 1351 3285 in
1405 3230 1672 3293 Domino,
1733 3239 1782 3283 et
1838 3228 1987 3282 dabit

410 3325 505 3379 tibi
534 3325 805 3392 petitiones
845 3323 1017 3378 cordis
1094 3326 1169 3376 tui
1211 3324 1277 3380 ‘°.
1345 3321 1485 3389 Quid
1541 3322 1689 3376 enim
1730 3322 1992 3394 prodest,

410 3431 617 3486 quaeso,
674 3431 905 3486 corpore
947 3415 1199 3484 jejunare
1226 3455 1241 3479 ,
1293 3416 1531 3468 aninmm
1567 3429 1698 3469 vero
1744 3414 1995 3468 innume-

411 3509 491 3561 ris
525 3508 682 3560 malis
718 3506 976 3562 refertam
1029 3507 1189 3562 esse?
1232 3506 1336 3572 Qui
1374 3522 1500 3561 vero
1541 3507 1681 3561 male
1711 3522 1819 3560 non
1860 3512 1990 3574 agit,

410 3597 546 3651 alias
575 3605 756 3651 autem
802 3598 975 3651 otium
1026 3598 1186 3667 agit,
1238 3598 1366 3666 quid
1412 3612 1517 3651 non
1557 3598 1798 3666 loquitur
1830 3595 1996 3650 vani?

415 3689 543 3759 quid
600 3691 824 3743 absurdi
879 3706 986 3743 non
1033 3689 1353 3743 auscultat?
1393 3688 1526 3743 Nam
1568 3691 1737 3743 otium
1777 3688 1871 3742 Dei
1923 3687 1994 3740 ti-

410 3796 563 3835 more
596 3780 913 3836 destitutum
945 3821 959 3843 ,
997 3782 1065 3835 iis
1111 3783 1203 3850 qui
1239 3791 1483 3851 tempore
1513 3777 1590 3834 uti
1630 3797 1736 3834 non
1770 3789 1991 3845 norunt,

388 3875 675 3943 magister
731 3881 815 3929 est
862 3874 1165 3944 pravitatis.
1240 3873 1519 3930 Fortassis
1582 3875 1750 3945 igitur
1809 3874 1995 3943 aliqua

411 3965 576 4017 etiam
630 3964 842 4019 utilitas
872 3980 939 4019 ex
982 3964 1051 4019 iis
1092 3980 1215 4034 quae
1249 3964 1509 4018 dicuntur
1541 4004 1555 4021 .
1598 3963 1932 4033 percipietur
1963 3978 1994 4017 a

414 4054 614 4117 vobis;
655 4055 741 4109 sin
782 4055 966 4110 minus
990 4094 1006 4116 .
1046 4056 1240 4110 saltem
1272 4055 1399 4109 licet
1430 4055 1586 4110 vobis
1617 4069 1712 4124 per
1757 4069 1994 4125 prmsen-

414 4153 525 4200 tem
585 4150 1001 4216 occupationem
1072 4163 1182 4202 non
1233 4162 1481 4218 peccare.
1551 4146 1733 4214 Quare
1786 4147 1994 4202 diutius

414 4253 512 4293 vos
539 4239 784 4295 detinere
814 4282 830 4307 ,
888 4250 973 4295 est
1011 4240 1221 4295 diutius
1267 4256 1366 4296 vos
1393 4255 1424 4294 a
1472 4240 1688 4295 delictis
1719 4255 1991 4304 amovere,

415 4343 579 4402 atque
647 4335 715 4389 ad
800 4336 1025 4391 cmleste
1106 4335 1240 4390 illud
1316 4349 1540 4404 regnum
1594 4333 1760 4388 veluti
1826 4349 1993 4388 manu

418 4424 643 4481 ducere.
673 4427 826 4492 Quod
868 4428 1088 4498 quidem
1132 4429 1352 4498 assequi
1391 4443 1492 4483 nos
1531 4443 1720 4482 omnes
1774 4428 1991 4483 contin-

2084 1942 2227 2015 σὼδη
2276 1945 2723 2016 γαστριμαργίαν
2769 1947 3145 2014 ἐπιφαίνοντα,
3197 1928 3335 2000 ἀλλὰ
3387 1946 3661 2015 πανταχοῦ

2081 2034 2145 2087 τὺ
2176 2035 2435 2099 εὐσταθὲς
2468 2036 2560 2088 καὶ
2593 2038 2767 2107 πρᾶον
2798 2036 2891 2090 καὶ
2931 2037 3061 2109 περ)⁵
3102 2038 3201 2101 τὰς
3235 2036 3434 2109 ἡδονὰς
3466 2040 3665 2109 ἐγκρα-

2081 2124 2175 2189 τὲς
2206 2124 2562 2189 διασῴζοντα.
2612 2127 2774 2181 Ἀλλὰ
2808 2128 2859 2181 τί
2891 2128 3089 2194 πάθω;
3138 2129 3305 2181 Ὅταν
3347 2127 3449 2199 μὲν
3492 2127 3664 2180 ἀπίδω

2084 2219 2222 2290 πρὸς
2270 2219 2330 2272 τὸ
2374 2219 2579 2291 πλῆθος
2617 2220 2726 2272 τῶν
2774 2221 3098 2292 εἰρημένων,
3146 2219 3251 2286 ἔξω
3290 2219 3531 2289 ἐμαυτὸν
3558 2218 3664 2288 ὁρῶ

2083 2310 2178 2363 τοῦ
2221 2311 2421 2383 μέτρου
2458 2312 2788 2382 φερόμενον
2824 2313 2952 2365 ὅταν
2984 2310 3040 2364 δὲ
3084 2310 3246 2364 πάλιν
3278 2311 3418 2381 πρὸς
3456 2310 3519 2363 τὸ
3549 2327 3666 2362 ποι-

2085 2403 2235 2456 κίλον
2265 2405 2361 2473 τῆς
2391 2406 2449 2457 ἐν
2485 2405 2619 2458 πᾶσι
2652 2403 2744 2458 τοῦ
2792 2402 2928 2457 Θεοῦ
2977 2404 3170 2472 σοφίας
3202 2403 3521 2473 ἀποδλέιῖκω,
3549 2403 3668 2455 οὑδὲ

2083 2492 2284 2567 ἦρχθαι
2314 2495 2521 2568 νομίζω
2549 2503 2648 2568 τῆς
2676 2498 2981 2569 διηγήσεως
2999 2515 3011 2528 ·
3046 2497 3163 2568 ἅμα
3181 2497 3239 2551 δὲ
3273 2497 3369 2550 καὶ
3397 2496 3459 2549 τὸ
3491 2513 3668 2566 παρα-

2085 2590 2336 2659 κατέχειν
2372 2590 2517 2660 ὑμᾶς
2563 2589 2658 2642 ἐπὶ
2709 2589 2914 2651 πλεῖον,
2964 2589 3064 2642 οὐκ
3100 2589 3396 2661 ἄχρηστον.
3450 2588 3519 2641 Τί
3564 2591 3670 2658 γάρ

2085 2678 2152 2731 ἄν
2193 2697 2278 2743 τις
2313 2684 2459 2734 ποιοῖ
2510 2680 2602 2733 τὸν
2638 2682 2798 2752 μέχρι
2850 2680 2951 2750 τῆς
3005 2682 3246 2753 ἑσπέρας
3296 2681 3527 2752 χρόνον;
3573 2682 3672 2732 οῦκ

2089 2775 2403 2841 ἐπείγουσιν
2439 2775 2584 2843 ὑμᾶς
2625 2776 2672 2826 οἱ
2722 2773 3054 2848 ἑστιάτορες,
3086 2775 3185 2828 οὐκ
3227 2774 3492 2844 ἀναμένει
3531 2774 3672 2841 ὑμᾶς

2087 2866 2156 2920 τά
2188 2865 2485 2936 συμπόσια.
2522 2864 2704 2928 Ὅθεν,
2739 2867 2788 2918 εί
2821 2865 2987 2928 δοκεῖ,
3019 2868 3084 2936 τῇ
3130 2867 3419 2935 σωματικῇ
3450 2866 3673 2935 νηστεία

2088 2961 2169 3023 είς
2214 2960 2312 3030 τὴν
2358 2959 2470 3011 τῶν
2506 2958 2693 3030 ψυχῶν
2723 2959 3065 3030 εὐφροσύνην
3112 2957 3545 3030 ἁποχρησόμεθα
3573 2958 3668 3027 (5}.

2090 3051 2359 3116 Πολλάκις
2409 3053 2758 3124 ὑπηρέτησας
2814 3056 2880 3124 τῇ
2936 3052 3102 3123 σαρκὶ
3160 3053 3298 3124 πρὸς
3350 3052 3671 3109 ἀπόλαυσιν.

1431 3139 1594 3193 hodie
1644 3138 1840 3192 animae
1868 3152 1983 3192 ser-

2098 3147 2335 3218 σήμερον
2364 3149 2430 3218 τῇ
2464 3146 2709 3218 διακονία
2743 3148 3082 3217 παράμεινον
3119 3145 3218 3215 τῆς
3245 3146 3448 3216 ψυχῆς.
3487 3148 3672 3198 Κατα-

2096 3239 2408 3306 τρύφησον
2432 3236 2538 3291 τοῦ
2577 3237 2822 3304 Kvplov,
2852 3239 2951 3290 καὶ
2994 3236 3114 3305 δῴη
3155 3250 3256 3290 σοι
3284 3238 3359 3290 τὰ
3385 3236 3675 3305 αἰτήματα

2095 3329 2207 3398 τῆς
2239 3329 2488 3397 καρδίας
2513 3344 2652 3382 σου.
2688 3330 2752 3381 Τί
2783 3329 2891 3400 γάρ
2922 3328 3112 3398 ὅτελος
3137 3328 3425 3400 νηστεύειν
3450 3327 3529 3398 τῷ
3577 3328 3675 3380 σὼ»

2099 3439 2252 3491 ματι,
2285 3421 2383 3493 τὴν
2410 3420 2466 3472 δὲ
2487 3421 2667 3492 ψυχὴν
2697 3422 2909 3492 μυρίων
2937 3421 3123 3473 κακῶν
3151 3419 3577 3491 ἐμπεπλῆσθαις
3620 3422 3675 3465 ἠ

2099 3513 2174 3584 μὴ
2216 3515 2383 3566 κακὸν
2426 3515 2523 3584 μὲν
2564 3514 2953 3584 ἐργαζόμενος,
2985 3514 3179 3584 σχολὴν
3214 3513 3271 3566 δὲ
3315 3513 3491 3581 ἄγων,
3524 3513 3579 3566 τί,
3616 3514 3673 3565 οὐ

2096 3602 2391 3671 φθέγγεται
2411 3603 2519 3655 τῶν
2549 3605 2792 3673 ματαίων
2814 3621 2827 3660 :
2849 3603 2902 3655 τί
2929 3604 3030 3655 οὐκ
3062 3601 3249 3656 ἀκούει
3279 3603 3389 3655 τῶν
3424 3603 3671 3665 cit-671w;

2095 3695 2267 3767 Σχολὴ
2307 3695 2417 3768 γὰρ
2460 3697 2587 3751 ἄνευ
2638 3694 2806 3764 φόϐου
2845 3695 3001 3757 Θεοῦ,
3051 3696 3315 3766 πονηρίας
3363 3694 3675 3758 διδάσκαλος

2095 3793 2207 3871 τοῖς
2237 3788 2656 3861 ἁκαιρουμένοις
2686 3788 2824 3841 ἐστί.
2856 3787 3008 3857 Τάχα
3043 3787 3142 3857 μὲν
3167 3783 3262 3840 οὖν
3285 3804 3341 3839 τι
3370 3788 3468 3839 καὶ
3494 3785 3675 3854 ὄφελος

2096 3879 2155 3930 ὲν
2183 3879 2298 3940 τοῖς
2324 3876 2642 3947 λεγομένοις
2668 3877 2961 3947 εὑρήσετε⁸
2986 3877 3034 3928 εί
3056 3876 3113 3928 δὲ
3144 3876 3219 3946 μὴ
3250 3877 3391 3929 ἀλλὰ
3415 3877 3480 3929 τό
3507 3893 3569 3944 γε
3605 3876 3674 3945 μὴ

2094 3968 2431 4040 ἁμαρτάνειν
2459 3968 2525 4021 ἐκ
2550 3967 2649 4038 τῆς
2672 3966 2902 4021 ἐνταῦθα
2931 3967 3058 4036 ὑμῖν
3084 3948 3343 4036 ἀσχολίας
3380 3967 3671 4039 περίεστιν.

2098 4060 2260 4113 Ὥστε
2300 4059 2361 4113 τὸ
2388 4063 2478 4113 ἐπὶ
2508 4059 2671 4112 πλέον
2717 4059 2989 4130 κατέχειν,
3022 4060 3116 4112 ἐπὶ
3144 4059 3307 4113 πλέον
3340 4061 3495 4113 ἐστὶν
3539 4060 3674 4129 ὑμᾶς

2094 4152 2203 4206 τῶν
2233 4151 2421 4206 κακῶν
2454 4151 2767 4220 ὑπεξάγειν,
2818 4152 2912 4204 καὶ
2960 4151 3097 4222 πρὸς
3143 4151 3245 4221 τὴν
3290 4151 3407 4205 τῶν
3437 4151 3675 4223 οὐρανῶν

2096 4244 2373 4316 βασιλείαν
2404 4246 2786 4316 χειραγωγεῖν,
2813 4238 2883 4315 ἧς
2909 4243 3121 4311 γένοιτο
3154 4245 3369 4308 πάντας
3395 4245 3547 4315 ἡμᾶς
3564 4245 3675 4295 ἑτα-

2093 4339 2296 4407 τυχεῖν,
2333 4338 2391 4389 ὲν
2421 4335 2642 4407 Χριστῷ
2692 4334 2867 4406 Ἰησοῦ
2898 4333 2975 4405 τῷ
2999 4335 3188 4407 Κυρίῳ
3213 4336 3396 4407 ἡμῶν,
3426 4338 3511 4389 ὅτι

2096 4430 2296 4502 πρέπει
2334 4432 2367 4499 ἡ
2416 4426 2576 4493 δόξα,
2622 4429 2717 4482 καὶ
2755 4431 2788 4499 ἡ
2836 4430 3002 4500 τιμὴ,
3049 4428 3144 4482 καὶ
3183 4431 3217 4500 ὴ
3274 4428 3673 4500 προσκύνησις.

416 4526 542 4589 gat,
595 4520 649 4572 in
700 4519 925 4575 Christo
967 4518 1097 4581 Jesu
1148 4519 1379 4574 Domino
1436 4530 1661 4583 nostro,
1733 4520 1862 4589 quia
1911 4521 1983 4574 illi

2096 4522 2194 4575 σὺν
2228 4520 2306 4591 τῷ
2344 4521 2567 4591 ἁνάρχῳ
2605 4521 2803 4593 Πατρὶ.
2843 4520 2939 4573 καὶ
3107 4523 3367 4592 παναγίῳ
3408 4522 3506 4574 καὶ
3546 4519 3673 4582 ξω)-

417 4612 849 4681 debeturgloria,
873 4620 928 4667 et
959 4612 1158 4675 honor,
1182 4618 1348 4680 atque
1370 4611 1640 4671 adoratio.
1668 4619 1988 4680 aeternoque

417 4705 580 4759 simul
620 4702 790 4766 Patri,
827 4719 891 4758 ac
915 4705 1275 4760 sanctissimo
1307 4704 1712 4774 vivificantique
1747 4702 1997 4772 Spiritui,

418 4813 565 4853 nunc
584 4805 638 4853 et
678 4813 912 4866 semper,
961 4806 1016 4854 et
1064 4799 1118 4853 in
1179 4800 1377 4854 saecula
1416 4799 1983 4854 saaculoru:n.Amen.

1006 4902 1106 4967 DE
1137 4912 1189 4967 M
1200 4912 1411 4970 ORTE.
1508 4908 1513 4913 ’

1010 5021 1241 5077 sermo
1277 5021 1373 5078 XI.
1501 5006 1504 5014 λ

495 5135 543 5189 1.
610 5135 685 5205 (4)
731 5134 775 5188 0
804 5151 917 5191 rem
954 5137 1288 5198 mirandam,
1322 5119 1668 5191 charissimt!
1729 5146 1784 5189 ut
1823 5152 1994 5190 unus-

417 5224 650 5294 quisque
681 5234 930 5279 nostrum
959 5224 1049 5281 ubi
1078 5240 1109 5279 e
1148 5234 1394 5281 materno
1421 5228 1547 5281 sinu
1574 5228 1765 5293 exivit,
1802 5228 1987 5280 statim

495 5378 538 5411 ⁸⁸
567 5380 712 5436 Psal.
741 5397 922 5444 xxx/vr,
958 5382 1010 5437 4.

493 5531 571 5601 (l)
604 5532 680 5586 Ex
702 5535 860 5602 epist.
894 5550 1004 5595 xm.
1040 5538 1138 5592 124

491 5603 569 5673 (2)
607 5603 684 5673 [lx
714 5606 874 5673 epist.
910 5620 972 5666 η.
1000 5606 1082 5658 74.

496 5672 569 5742 (3)
610 5669 689 5727 Ex
729 5669 873 5728 liom.
911 5691 1003 5730 vui
1037 5677 1087 5731 in
1120 5675 1401 5746 Heraea,
1425 5677 1514 5732 79.

2090 4613 2234 4684 ποιῷ
2289 4613 2589 4681 Πνεύματι,
2631 4611 2727 4665 νῦν
2765 4613 2859 4666 καὶ
2895 4613 3002 4677 ἀεὶ,
3058 4615 3150 4667 καὶ
3195 4616 3277 4678 εἰς
3321 4615 3456 4677 τοὺς
3486 4611 3675 4672 αἰῶνας

2104 4703 2213 4758 τῶν
2247 4703 2478 4758 αίώνων.
2528 4706 2717 4777 Ἀμήν.

2606 4910 2784 4963 ΠΕΡΙ
2820 4910 2902 4962 ΘΑ
2908 4910 2994 4963 ΝΑ
3007 4911 3089 4962 T0
3103 4909 3164 4967 Υ.

2683 5008 2902 5076 ΛΟΓΟΣ
2953 5023 3056 5077 ιιν.

2169 5136 2220 5188 l.
2253 5135 2316 5188 Ὢ
2335 5132 2429 5187 τοῦ
2458 5133 2752 5204 θαύματος,
2784 5135 3088 5209 ἀγαπητοίί
3126 5134 3245 5196 πῶς
3274 5134 3510 5197 ἕκαστος
3527 5131 3673 5204 ἡμῶν

2099 5225 2238 5295 μετὰ
2271 5222 2332 5278 τὸ
2368 5226 2494 5289 τοὺς
2534 5225 2821 5296 μητρῴους
2866 5228 3098 5290 κόλπους
3151 5227 3485 5294 ἀποφυγεῖν,
3522 5222 3673 5283 εὐθὺς

2174 5534 2251 5599 (ι)
2278 5532 2352 5587 Ex
2379 5531 2603 5601 li.Quod
2621 5532 2901 5587 mro-donis
2920 5528 3295 5589 adha‘renrlum
3320 5549 3424 5585 non
3448 5525 3671 5592 £1,165.

2176 5606 2251 5676 (ὃ)
2283 5604 2811 5676 ςΑποχρησ-όμεθα.
2839 5602 2953 5676 _Sic
3004 5613 3301 5657 contextus
3344 5612 3400 5658 et
3428 5603 3669 5656 codicum

2102 5671 2254 5730 aiter.
2282 5673 2420 5729 Editi
2449 5671 2919 5745 ἆποχρησὼμεθα.
