3874 6224
226 279 348 334 19.37

1378 270 1744 326 SERMO‘XI.
1765 299 1841 311 --
1859 268 1948 324 DE
1986 267 2243 325 MORTE.

3328 263 3465 320 1258

221 396 330 456 τοῖς
403 387 498 442 τοῦ
559 386 751 459 χρόνου
807 384 1070 457 ῥεύμασιν
1134 384 1366 447 ἐνδεθεὶς
1434 384 1794 453 ὑποσύρεται·

1918 384 2164 452 ειηροτῑε
2202 380 2408 437 ﬂuento
2431 380 2694 451 illigatus
2734 379 2979 451 rapitur,
3015 394 3230 449 semper
3255 394 3285 433 a
3311 387 3467 451 tergo

223 482 446 537 κατόπιν
479 479 565 533 ἀεὶ
604 477 702 548 τὴν
737 474 1322 548 βεϐιωμένην’ἡμέραν
1353 476 1480 539 ἐῶν,
1512 476 1610 530 καὶ
1657 474 1792 544 πρὸς

1918 470 2040 526 liem
2099 485 2264 541 quam
2318 470 2454 525 vixit
2522 470 2872 538 relinquens,
2935 483 3036 524 nec
3105 484 3344 538 unquam
3395 470 3466 525 ad

222 573 316 645 τὴν
349 572 475 643 χθὲς
507 567 823 623 ἐπανελθεῖν
869 568 1149 631 οὐδέποτε,
1196 566 1301 620 κᾶν
1348 566 1584 639 θελήσοι,
1630 565 1791 618 δυνά-

225 680 402 735 μενος.
445 662 633 732 Ἡμεῖς
663 659 720 713 δέ
750 657 987 730 ἡδόμεθα
1037 660 1129 710 ἐπὶ
1159 658 1229 713 τὰ
1262 658 1451 730 πρόσω
1483 656 1791 729 φερόμενοι,

223 755 313 808 καὶ
341 754 436 815 τὰς
463 752 679 825 ἡλικίας
711 749 1052 821 ἀμείϐοντες,
1081 748 1159 813 ὣς
1184 767 1237 802 τι
1266 749 1795 821 προσλαμϐάνοντες,

222 848 501 918 χαίρομεν,
551 843 646 898 καὶ
687 843 952 915 μακάριον
1002 843 1282 914 κρίνομεν,
1335 842 1464 895 ὅταν
1504 842 1569 895 ἐκ
1606 840 1795 904 παιδὸς

226 939 325 1009 μὲν
379 937 550 1008 ἀνὴρ,
592 938 657 988 ἐκ
709 934 767 987 δὲ
821 934 1011 1005 ἀνδρὸς
1061 933 1285 1005 γένηταί
1327 950 1412 996 τις
1467 931 1795 1003 πρεσϐύτης.

239 1026 559 1097 Ἀγνοοῦμεν
600 1024 656 1077 δὲ
702 1023 811 1096 ἄρα
860 1023 1114 1077 τοσοῦτον
1160 1021 1485 1085 ἀπολλύντες
1538 1021 1801 1074 ἑκάστοτε

229 1119 324 1189 τῆς
351 1118 518 1188 ζωῆς,
555 1118 677 1170 ὅσον
713 1116 988 1187 ἐζήσαμεν
1008 1132 1022 1145 ·
1056 1115 1151 1169 καὶ
1182 1115 1282 1167 οὐκ
1316 1112 1685 1182 αἰσθανόμεθα
1712 1111 1803 1163 δα-

231 1212 544 1281 πανωμένου
582 1209 679 1263 τοῦ
714 1208 852 1279 βίου,
888 1207 1132 1275 καίτοιγε
1163 1207 1250 1261 ἀεὶ
1282 1204 1607 1277 μετροῦντες
1642 1203 1803 1257 αὐτὸν

230 1304 334 1357 ἀπὸ
366 1301 460 1355 τοῦ
513 1299 966 1372 παραδραμόντος
995 1299 1090 1352 καὶ
1135 1295 1615 1369 παραρρεύσαντος
1636 1311 1651 1326 ο
1685 1292 1805 1346 οὐδὲ

230 1393 532 1464 ἐννοοῦμεν,
562 1390 637 1454 ὼς
664 1391 774 1463 ἄρα
806 1388 1022 1460 ἄδηλον,
1064 1390 1260 1442 ὁπόσον
1285 1390 1315 1441 ὁ
1348 1388 1486 1459 πρὸς
1525 1388 1624 1457 τὴν
1666 1387 1804 1439 ὁδοι-

231 1486 423 1559 πορίαν
470 1484 672 1555 ταύτην
704 1482 994 1552 ἐκπέμψας
1034 1483 1184 1552 ἡμᾶς
1233 1480 1474 1534 ἐνδοῦναι
1507 1479 1584 1551 τῷ
1629 1481 1806 1551 χρόνῳ

232 1575 575 1647 βουλήσεται.
603 1571 738 1626 Οὐδὲ
758 1570 1013 1642 ἐθέλομεν
1030 1572 1253 1624 σκοπεῖν
1276 1568 1540 1639 ἀκριϐῶς,
1559 1571 1687 1623 ποῖα
1709 1570 1807 1639 μὲν

232 1662 407 1737 κοῦφα
431 1665 627 1738 φορτία
651 1662 787 1735 πρὸς
803 1662 892 1716 τὸν
920 1663 1160 1716 τοιοῦτον
1175 1661 1375 1733 δρόμον
1395 1662 1547 1731 ἡμῖν,
1562 1660 1657 1715 καὶ
1675 1678 1735 1713 cm
1744 1679 1809 1731 μ-

1894 562 2275 627 hesternam,.
2320 563 2538 616 etiamsi
2599 562 2726 616 velit
2761 603 2778 628 ,
2828 562 3024 616 reverti
3076 562 3285 616 valens.
3357 559 3468 616 Nos

1898 663 2080 708 autem
2126 654 2379 708 laetamur
2401 668 2526 708 cum
2556 653 2938 724 progredimur
2974 653 3225 717 ulterius,
3260 661 3318 710 et
3349 668 3473 724 per-

1899 752 2106 799 mutata
2163 753 2322 801 aetate
2375 747 2529 816 quasi
2571 746 2822 801 nonnihil
2895 746 3286 815 acquirentes,
3338 762 3471 817 gau-

1899 839 2093 892 demus
2118 876 2133 900 ,
2181 851 2248 891 ac
2294 837 2515 892 beatum
2546 836 2809 907 quiddam
2857 837 3145 901 ducimus,
3192 852 3317 891 cum
3348 842 3474 906 quis

1900 944 1968 983 ex
1997 944 2166 999 puero
2219 930 2305 984 vir
2333 970 2352 995 ,
2401 938 2457 984 et
2516 944 2585 984 ex
2643 929 2761 984 viro
2812 931 2980 983 senex
3018 928 3197 984 factus
3227 938 3331 984 est.
3366 926 3475 983 Sed

1900 1019 2042 1091 'ugit
2075 1035 2198 1083 nos,
2246 1027 2461 1074 tantum
2516 1020 2643 1074 vitae
2700 1020 2938 1089 spatium
2988 1034 3017 1072 a
3048 1019 3208 1073 nobis
3244 1019 3471 1081 amitti,

1903 1121 2170 1182 quantum
2200 1112 2479 1179 viximus;
2527 1112 2718 1182 sicque
2770 1110 3132 1166 inscientibus
3172 1109 3329 1166 nobis
3363 1110 3476 1163 vita

1905 1203 2249 1266 absumitur,
2289 1217 2604 1272 quanquam
2656 1216 2870 1271 semper
2914 1202 3088 1270 ipsam
3128 1215 3194 1254 ex
3224 1215 3291 1256 eo
3330 1202 3477 1271 quod

1907 1300 2033 1348 ante
2082 1303 2265 1348 actum
2297 1301 2381 1347 est
2409 1332 2426 1357 ,
2475 1292 2732 1364 quodque
2768 1293 2881 1361 jam
2932 1291 3325 1362 praeterﬂuit,
3363 1308 3478 1347 me-

1906 1383 2111 1438 tiamur
2172 1404 2185 1439 :
2244 1399 2424 1452 neque
2479 1384 2781 1454 cogitamus
2829 1398 2992 1454 quam
3038 1384 3305 1438 incertum
3355 1385 3428 1438 sit
3458 1424 3474 1448 ,

1909 1475 2070 1547 532
2122 1488 2389 1547 quantum
2436 1478 2596 1533 nobis
2636 1478 2899 1547 temporis
2935 1477 3001 1532 ad
3060 1477 3207 1531 hunc
3253 1493 3477 1533 cursum

1910 1569 2191 1638 impertire
2230 1572 2362 1625 velit
2416 1572 2646 1641 quinos
2697 1571 2765 1624 ad
2812 1570 2915 1624 hoc
2960 1571 3063 1625 iter
3092 1570 3478 1640 perﬁciendum

1915 1660 2082 1716 misit.
2117 1646 2305 1732 Neque
2330 1663 2620 1733 diligenter
2649 1661 3004 1717 considerare
3041 1660 3316 1727 volumus,
3354 1676 3480 1730 quae

234 1758 583 1832 μεθίστασθαι
608 1756 829 1809 δύναται
843 1756 957 1818 τοῖς
972 1753 1273 1819 συλλέξασι·
1306 1755 1434 1806 ποῖα
1449 1751 1504 1806 δὲ
1528 1751 1698 1824 βαρέα
1719 1752 1813 1804 καὶ

1918 1753 2144 1808 sarcina:
2199 1754 2346 1809 leves
2379 1755 2492 1809 sint
2532 1754 2691 1810 nobis
2746 1753 2815 1809 ad
2847 1753 2997 1808 hunc
3032 1767 3280 1818 cursum,
3313 1763 3367 1808 et
3397 1760 3481 1806 ta-

228 1852 463 1923 δυσχερῆ
505 1848 603 1903 καὶ
645 1847 1045 1919 προσηλωμένα
1085 1848 1152 1917 τῇ
1195 1846 1289 1916 γῇ,
1320 1846 1415 1901 καὶ
1441 1846 1501 1899 ού
1534 1845 1811 1915 πεφυκότα

1918 1849 2013 1912 les,
2048 1856 2109 1903 ut
2136 1864 2261 1902 cum
2289 1849 2673 1920 colligentihus
2727 1848 3017 1904 transferri
3061 1849 3277 1918 possint
3311 1866 3325 1903 :
3360 1864 3483 1919 quas

230 1946 342 2009 τοῖς
390 1941 699 2014 ἀνθρώποις
742 1938 1075 1993 οἰκειοῦσθαι
1121 1927 1401 2004 καθάπαξ,
1441 1930 1562 1991 ούδέ
1603 1954 1812 2006 συγχω-

1918 1956 2042 1997 vero
2090 1957 2284 2012 graves
2337 1943 2449 1999 sint
2505 1953 2558 1998 et
2586 1943 2855 2007 molestae,
2891 1954 3053 2013 atque
3086 1943 3238 1997 humi
3271 1942 3481 2007 deﬁxae,

234 2034 472 2110 ρούμενα
501 2032 590 2086 διὰ
623 2034 724 2103 τῆς
759 2032 950 2102 στενῆς
990 2028 1205 2099 ἐκείνης
1237 2028 1411 2100 πύλης
1443 2027 1812 2097 ἀκολουθῆσαι

1918 2040 1966 2089 et
1994 2032 2289 2103 ejusmodi,
2327 2042 2387 2087 ut
2437 2042 2633 2103 suapte
2686 2041 2883 2088 natura
2930 2034 3211 2089 hominum
3249 2034 3483 2105 proprias

233 2130 344 2191 τοῖς
370 2126 604 2197 ἔχουσιν.
649 2123 785 2177 Ἀλλ’
820 2125 921 2177 ὅσα
951 2123 1049 2194 μὲν
1078 2121 1184 2193 χρὴ
1215 2120 1512 2190 συλλέγειν,
1547 2120 1813 2191 καταλιμ-

1918 2138 2192 2195 nunquam
2224 2140 2347 2180 esse
2398 2125 2636 2195 possint,
2705 2141 2807 2180 nec
2837 2141 3187 2195 possessores
3224 2140 3355 2181 suos
3385 2141 3484 2196 per

234 2215 509 2285 πάνομεΨ
556 2205 632 2265 ὧν
673 2212 730 2265 δὲ
777 2212 1050 2283 ὑπερορᾷν
1092 2211 1382 2282 προσήκει,
1418 2210 1590 2265 ταῦτα
1625 2210 1812 2264 συλλέ-

1918 2225 2204 2288 angustam
2267 2218 2414 2272 illam
2479 2225 2690 2287 portam
2766 2218 3024 2289 subsequi
3071 2216 3481 2287 permittantur.

231 2322 420 2377 γομεν.
453 2304 564 2358 Kal.
589 2302 625 2357 ἃ
662 2303 761 2374 μὲν
789 2305 920 2374 ἡμῖν
949 2302 1236 2374 ἐνωθῆναι,
1270 2302 1365 2356 καὶ
1403 2292 1607 2373 κόσμος
1643 2303 1812 2367 ὅντως

1918 2308 2023 2365 Sed
2097 2316 2280 2377 tamen
2347 2310 2711 2381 relinquimus
2763 2326 2885 2380 quae
2940 2309 3241 2380 colligenda
3278 2317 3481 2364 erant:

232 2397 487 2466 γενέσθαι
538 2395 759 2450 δύναται
814 2395 1068 2466 συμφυὴς
1118 2394 1262 2466 ψυχῇ
1324 2412 1384 2447 τε
1431 2395 1527 2448 καὶ
1575 2393 1811 2465 σώματι,

1918 2418 2036 2472 qua:
2068 2417 2201 2458 vero
2252 2411 2608 2459 contemnere
2657 2417 2756 2473 par
2787 2402 2998 2466 fuerat,
3037 2401 3365 2471 colligimus.
3418 2399 3485 2454 Et

231 2491 444 2555 τούτοις
475 2490 596 2543 οὐδὲ
635 2489 1009 2561 προσέχομεν·
1054 2488 1090 2544 ἆ
1123 2486 1180 2542 δὲ
1223 2489 1479 2561 ἀλλότρια
1535 2488 1689 2560 μένει
1736 2489 1815 2541 δι-

1918 2511 2037 2564 quae
2093 2495 2379 2551 nobiscum
2432 2496 2679 2566 capulari
2708 2538 2724 2558 .
2784 2510 3019 2565 vereque
3080 2509 3204 2551 esse
3256 2504 3485 2564 possunt

234 2584 466 2657 ηνεκῶς,
500 2581 666 2654 μόνην
698 2583 830 2654 ἡμῖν
858 2582 1347 2653 ἐναποματτόμενα
1380 2581 1457 2653 (1)
1489 2581 1589 2652 τὴν
1628 2580 1817 2651 αἰσχύ-

234 2693 355 2748 νην,
386 2675 561 2730 ταῦτα
595 2673 868 2745 ἀθροίζειν
897 2673 1306 2745 ἐπιχειροῦμεν,
1344 2672 1669 2745 μοχθοῦντες
1700 2674 1817 2727 δια-

235 2770 422 2840 κενῆς,
466 2770 560 2823 καὶ
603 2768 888 2831 πονοῦντες
926 2769 1107 2832 πόνον,
1160 2762 1271 2820 οἷόν
1302 2783 1385 2830 τις
1430 2766 1624 2820 ἐαυτὸν
1671 2768 1815 2820 ἀπα-

236 2857 365 2920 τῶν,
393 2860 472 2922 είς
495 2855 827 2935 τετρημένον
845 2856 1001 2910 πίθον
1026 2856 1239 2911 ἀντλεῖν
1259 2856 1584 2928 ἐθελήσειεν.
1608 2857 1816 2926 Ὥσπερ

236 2950 347 3022 γὰρ
371 2949 426 3002 οἵ
453 2967 575 3003 τινα
606 2948 1004 3018 συντεταμένην
1051 2949 1276 3021 πορείαν
1305 2949 1582 3014 ἀνύοντες,
1617 2951 1712 3002 ἐπὶ
1748 2952 1817 3005 τὰ

235 3037 426 3109 πρόσω
457 3039 555 3103 τὰς
583 3039 690 3092 τῶν
722 3039 897 3093 ποδῶν
929 3039 1115 3110 βάσεις
1142 3040 1528 3111 ἁμιλλωμένας
1555 3041 1818 3113 ἀλλήλαις

236 3131 321 3191 είς
364 3129 561 3202 δρόμον
594 3131 934 3201 ἀμείϐοντες,
986 3131 1079 3185 καὶ
1126 3132 1227 3203 τὴν
1269 3132 1358 3184 ἀεὶ
1398 3132 1672 3205 προτέραν
1721 3136 1813 3187 ἐπὶ

235 3221 338 3292 τῆς
371 3222 474 3293 γῆς
500 3222 839 3293 ἐρεισθεῖσαν
866 3223 1125 3294 δευτέραν
1165 3222 1583 3288 ἀποδεικνύντες
1609 3228 1677 3296 τῇ
1717 3243 1815 3278 τα-

237 3315 363 3388 χείᾳ
402 3315 691 3386 μεταθέσει
734 3315 834 3385 τῆς
877 3315 1064 3386 ἄλλης,
1109 3314 1309 3386 ῥαδίως
1348 3315 1441 3367 ἐπὶ
1475 3314 1537 3368 τὸ
1565 3315 1663 3387 τῆς
1696 3317 1815 3369 ὁδοῦ

237 3408 417 3479 τέρμα
443 3408 712 3480 χωροῦσιν
731 3424 745 3439 ο
780 3407 954 3471 οὕτως
980 3408 1031 3460 oi
1061 3407 1201 3476 πρὸς
1228 3407 1290 3460 τὸ
1320 3405 1420 3478 ζῇν
1448 3407 1819 3479 παραχθέντες

240 3497 348 3550 ὑπὸ
382 3497 478 3551 τοῦ
524 3498 831 3563 κτίσαντος,
863 3498 1023 3564 εὐθὺς
1056 3499 1115 3551 ἐν
1155 3498 1297 3570 ἀρχῇ
1346 3501 1458 3561 τοῖς
1496 3497 1591 3551 τοῦ
1626 3500 1818 3572 χρόνου

238 3591 524 3661 τμήμασιν
556 3591 996 3661 ἐπεμϐαίνοντες,
1022 3591 1115 3646 καὶ
1144 3590 1207 3643 τὸ
1238 3589 1504 3662 πρότερον
1529 3590 1619 3643 ἀεὶ
1650 3608 1820 3645 κατα-

237 3680 602 3752 λιμπάνοντες
653 3681 899 3754 ὔστερον,
950 3683 1043 3736 ἐπὶ
1084 3681 1148 3735 τὸ
1190 3682 1364 3753 πέρας
1412 3681 1674 3750 φθάνουσι
1719 3683 1821 3754 τῆς

239 3773 407 3844 ζωῆς.
444 3776 555 3827 Καὶ
598 3775 708 3846 γὰρ
760 3776 991 3845 συνεχής
1032 3792 1115 3839 τις
1162 3774 1280 3838 ὁδὸς
1317 3773 1679 3844 ὑφηπλῶσθαί
1731 3793 1821 3846 μοι

235 3864 391 3919 δοκεῖ
422 3866 457 3937 ή
507 3867 758 3937 παροῦσα
785 3866 919 3937 ζωὴ,
963 3866 1059 3919 καὶ
1086 3865 1282 3937 πορεία
1313 3865 1674 3936 διειλημμένη
1703 3870 1823 3932 ταῖς

238 3953 483 4026 ἡλικίαις
514 3955 767 4028 καθάπερ
796 3954 1055 4026 σταθμοῖς
1076 3971 1091 3985 ⁸
1121 3955 1299 4026 ἀρχὴν
1348 3956 1445 4025 μὲν
1483 3955 1699 4026 ἑκάστῳ
1723 3956 1824 4027 τῆς

234 4045 551 4119 ὁδοιπορίας
610 4047 931 4119 παρέχουσα
987 4045 1088 4111 τὰς
1139 4046 1250 4101 τῶν
1302 4047 1557 4119 μητέρων
1608 4047 1821 4113 ὠδῖνας,

236 4138 421 4211 τέρμα
466 4138 524 4192 δέ
557 4136 917 4193 ὑποδεικνῦσα
959 4137 1054 4192 τοῦ
1100 4138 1302 4211 δρόμου
1337 4137 1438 4202 τὰς
1485 4137 1594 4191 τῶν
1639 4139 1824 4209 τάφων

245 4229 485 4295 oma-
537 4232 632 4285 καὶ
677 4231 815 4303 πρὸς
866 4232 1081 4295 ἐκείνας
1124 4231 1374 4293 ἅπαντας
1415 4229 1646 4298 ἄγουσα,
1699 4232 1826 4295 τοὺς

244 4312 353 4383 μὲν
384 4312 595 4387 θᾶττον,
622 4325 747 4387 τοὺς
796 4321 855 4376 δὲ
885 4321 1236 4393 βραδύτερον,
1282 4321 1380 4374 κα)⁸
1420 4323 1547 4384 τοὺς
1600 4322 1698 4391 μὲν
1741 4322 1827 4373 διὰ

1915 2594 2296 2643 ornamentum
2350 2589 2548 2643 animae
2594 2588 2757 2644 simul
2783 2596 2839 2643 et
2869 2589 3084 2658 corpori
3112 2588 3443 2644 conveniens
3466 2628 3484 2649 ,

1915 2681 2003 2735 his
2066 2695 2137 2735 ne
2199 2680 2538 2736 attendimus
2585 2680 2851 2751 quidem:
2887 2695 3010 2750 quas
3062 2694 3193 2735 vero
3224 2686 3486 2749 perpetuo

1918 2774 2094 2828 aliena
2145 2784 2407 2838 manent,
2448 2773 2623 2828 solam
2652 2772 2812 2828 nobis
2839 2771 3121 2827 infamiam
3159 2771 3434 2827 inurentia
3469 2812 3484 2836 ,

1915 2879 1981 2918 ca
2045 2878 2373 2925 coacervare
2431 2865 2701 2929 nitimur;
2763 2864 2980 2916 inanem
3018 2854 3487 2931 operam‘sumen-

1919 2957 2004 3005 tes
2029 2989 2044 3014 ,
2078 2959 2241 3021 atque
2273 2951 2543 3017 ejusmodi
2576 2952 2939 3021 suscipientes
2969 2950 3233 3014 laborem,
3262 2949 3490 3020 perinde

1844 3073 1886 3130 C
1920 3047 1981 3093 ut
2046 3040 2094 3095 si
2127 3041 2399 3110 quispiam
2433 3080 2450 3105 ,
2499 3041 2739 3110 seipsum
2772 3040 3044 3096 sedueens
3071 3080 3085 3102 ,
3119 3041 3173 3093 in
3210 3048 3490 3109 pertusum

1922 3131 2128 3209 dolium
2172 3132 2484 3209 infundere
2556 3134 2810 3188 voluerit.
2851 3130 2959 3204 ,(2)
3025 3131 3491 3197 Quemadmodum

1916 3208 2072 3279 enim.
2105 3208 2199 3294 qui
2263 3226 2485 3295 aliquod
2556 3226 2660 3280 iter
2705 3226 2849 3279 haud
2896 3230 3123 3280 remisse
3172 3235 3490 3294 susceptum

1915 3314 2232 3380 conﬁciunt,
2267 3332 2490 3386 gressus
2528 3314 2726 3384 pedum
2758 3316 2825 3370 ad
2871 3331 3093 3371 cursum
3126 3315 3492 3386 peragendum

1916 3408 2168 3462 certatim
2224 3409 2457 3463 ulterius
2512 3418 2938 3478 promoventes,
2996 3409 3313 3480 jugiterque
3342 3422 3495 3478 gres-

1917 3515 2042 3553 sum
2067 3499 2220 3553 humi
2254 3499 2408 3569 prius
2457 3499 2623 3554 ﬁxum
2671 3501 2844 3555 veloci
2885 3499 3495 3556 alteriustranslatione

1918 3594 2281 3661 posteriorem
2344 3591 2674 3657 reddentes,
2731 3592 3042 3662 pertingunt
3091 3592 3251 3647 facile
3301 3593 3366 3646 ad
3396 3592 3496 3647 via:

1919 3685 2080 3738 ﬁnem
2135 3700 2147 3737 :
2202 3685 2276 3737 ita
2339 3683 2433 3754 qui
2487 3684 2543 3737 in
2598 3685 2765 3738 vitam
2825 3701 2854 3739 a
2901 3684 3197 3739 Conditore
3242 3684 3493 3739 introdu-

1919 3776 1993 3829 cti
2055 3782 2204 3836 sunt,
2246 3776 2432 3830 statim
2465 3777 2521 3829 in
2564 3776 2684 3845 ipso
2724 3775 2881 3830 initio
2938 3776 3233 3844 particulas
3285 3786 3493 3845 tempe-

1919 3866 1997 3923 ris
2028 3866 2400 3937 ingredientes
2435 3905 2452 3932 ,
2511 3883 2576 3923 ac
2637 3867 2871 3938 priorem
2954 3882 3169 3936 semper
3230 3869 3497 3939 posterio-

1918 3973 2037 4013 rem
2063 3959 2458 4030 relinquentes,
2496 3960 2564 4013 ad
2623 3959 2751 4013 vita:
2804 3959 3100 4013 terminum
3150 3959 3495 4028 perveniunt.

1920 4050 2057 4106 Nam
2118 4053 2235 4107 hazc
2306 4052 2420 4109 vita
2480 4067 2724 4124 praesens
2776 4050 2909 4107 mihi
2960 4050 3178 4107 videtur
3234 4052 3498 4107 continua

1923 4146 2171 4216 quaedam
2223 4153 2279 4201 et
2347 4156 2601 4216 porrecta
2640 4144 2729 4200 via
2784 4160 2908 4200 esse
2939 4186 2955 4210 ,
3005 4151 3061 4200 et
3108 4145 3212 4200 iter
3247 4143 3498 4200 aetatibus

1923 4237 2084 4307 quasi
2152 4236 2482 4308 quihusdam
2561 4237 2944 4292 mansionibus
3024 4235 3495 4291 interstinctum:

1923 4328 2073 4398 quod
2141 4335 2200 4382 ut
2254 4327 2613 4400 profectionis
2658 4328 2875 4383 initium
2931 4334 3146 4398 partum
3193 4337 3499 4383 maternum

241 4405 469 4460 πάντων
512 4406 621 4461 τῶν
660 4414 755 4468 τοῦ
801 4413 994 4485 χρόνου
1041 4412 1428 4483 διαστημάτων
1477 4412 1815 4479 όδεύσαντας,

1928 4415 2224 4486 unicuique
2282 4416 2502 4472 exhibet
2538 4456 2555 4481 ,
2611 4416 2688 4471 ita
2748 4431 2949 4472 cursus
3029 4416 3189 4470 ﬁnem
3268 4419 3501 4472 tentoria

239 4496 376 4558 τοὺς
423 4495 482 4549 δὲ
527 4496 647 4550 οὐδὲ
687 4506 797 4562 τοῖς
832 4501 1069 4576 πρώτοις
1112 4502 1537 4567 ἐπαυλισθέντας
1564 4502 1660 4557 τοῦ
1708 4502 1824 4573 βίου

243 4585 529 4657 σταθμοῖς.

1932 4509 2313 4578 sepulcrorum
2369 4508 2635 4563 ostendit.
2718 4508 2897 4577 Atque
2951 4508 3059 4562 huc
3112 4522 3303 4562 omnes
3365 4523 3501 4561 con-

1930 4598 2126 4662 duc-it,
2183 4598 2321 4653 alios
2373 4598 2579 4662 citius,
2642 4597 2819 4653 serius
2877 4598 3055 4660 alios,
3124 4605 3178 4651 ct
3228 4596 3328 4651 hos
3380 4601 3505 4667 qni-

238 4679 373 4734 dem
434 4694 532 4749 per
580 4685 764 4737 omnia
825 4690 1089 4758 temporis
1143 4689 1434 4746 intervalla
1490 4688 1764 4759 profectos
1795 4730 1813 4755 ,
1883 4693 2022 4748 alios
2080 4706 2213 4749 vero
2263 4707 2333 4746 ne
2365 4692 2423 4746 in
2469 4692 2662 4762 primis
2710 4691 2932 4761 quidem
3000 4691 3125 4746 vitae
3169 4691 3505 4746 stationiuns

236 4785 635 4832 commoratos.

316 4866 377 4919 2.
430 4867 487 4920 Ὀ
514 4868 619 4939 γὰρ
651 4869 862 4934 πλάσας
889 4874 1038 4943 ἡμᾶς
1075 4876 1170 4928 καὶ
1197 4873 1458 4945 ψυχώσας
1492 4874 1647 4941 Θεὸς,
1687 4874 1823 4929 ίδίαν

236 4957 451 5013 ἔδωκεν
478 4959 683 5031 ἑκάστῃ
710 4961 853 5033 ψυχῇ
884 4963 982 5035 τὴν
1005 4966 1100 5019 τοῦ
1136 4965 1250 5036 βίου
1280 4965 1577 5037 διαγωγὴν,
1609 4967 1705 5019 καὶ
1730 4966 1823 5020 ἄλ-

235 5050 363 5112 λοις
388 5048 580 5113 ἄλλους
601 5050 758 5121 ὄρους
783 5052 949 5124 ἔπηξε
981 5058 1081 5128 τῆς
1114 5056 1315 5121 ἐξόδου.
1342 5057 1447 5111 Τὸν
1479 5057 1579 5129 μὲν
1601 5056 1708 5129 γὰρ
1735 5057 1827 5109 ἐπὶ

238 5140 435 5193 πλεῖον
480 5146 816 5213 παραμείναι
846 5148 912 5218 τῇ
956 5149 1231 5220 παρουσίᾳ
1260 5150 1359 5220 τῆς
1388 5148 1589 5221 σαρκὸς
1629 5147 1831 5217 ᾠκονό-

241 5248 429 5303 μησε·
466 5232 558 5288 τὸν
601 5234 660 5287 δὲ
710 5234 904 5291 θᾶττον
956 5239 1292 5309 ἀπολυθῆναι
1324 5240 1435 5295 τῶν
1476 5238 1692 5309 δεσμῶν
1734 5238 1829 5290 τοῦ

238 5321 503 5393 σώματος
540 5325 789 5393 ἐτάξατο,
837 5329 980 5383 κατὰ
1024 5331 1151 5395 τοὺς
1202 5331 1475 5403 ἀρρήτους
1524 5327 1690 5384 αὐτοῦ
1731 5329 1830 5399 τῆς

236 5412 445 5481 σοφίας
478 5415 573 5467 καὶ
624 5417 723 5487 τῆς
763 5417 1107 5491 δικαιοσύνης
1156 5420 1367 5489 λόγους.
1397 5421 1608 5493 Ὥσπερ
1641 5420 1751 5491 γὰρ
1779 5421 1828 5472 oi

276 5528 400 5611 μυ)
439 5530 1012 5611 Ἐναετζοματτᾴμενα,
1051 5533 1144 5589 Sic
1190 5533 1607 5611 Regius‘codex
1656 5535 1820 5611 toties

232 5604 476 5663 citatus“,
511 5614 575 5655 ac
609 5604 727 5670 ipse
768 5605 931 5657 etiam
972 5604 1295 5661 contextus:
1327 5606 1468 5663 Editi
1504 5604 1818 5661 ἐναποτιθέ-

238 5686 410 5738 μενα.

574 5740 847 5803 Ριτιιοι..
889 5746 934 5805 G
948 5766 1008 5806 ιι.
1039 5747 1308 5811 XXX“.

1996 4875 2051 4927 2.
2100 4871 2178 4944 (5)
2211 4872 2355 4928 Deus
2387 4874 2532 4928 enim
2564 4874 2657 4943 qui
2690 4872 2944 4927 formavit
2999 4887 3101 4927 nos
3127 4883 3180 4927 et
3218 4872 3501 4927 animavit,

1928 4966 2125 5019 anima:
2175 4963 2400 5018 cuilibet
2467 4965 2657 5018 tribuit
2722 4965 2997 5034 propriam
3049 4963 3342 5031 quamdam
3383 4964 3503 5016 vita:

1928 5042 2140 5110 moram
2169 5094 2186 5119 ,
2243 5063 2300 5109 et
2336 5055 2461 5110 aliis
2501 5055 2640 5110 alios
2697 5057 2878 5110 exitus
2923 5055 3188 5109 terminos
3247 5054 3498 5124 praeﬁxit.

1932 5148 2141 5203 Etenim
2193 5153 2345 5201 certo
2388 5147 2624 5216 quodam
2664 5146 2897 5201 consilio
2942 5146 3115 5200 voluit
3163 5145 3327 5199 alium
3380 5145 3500 5197 diu-

1930 5236 2042 5290 tius
2095 5235 2151 5288 in
2179 5248 2342 5288 carne
2383 5240 2705 5304 permanere
2738 5252 2753 5297 ;
2783 5235 2975 5288 statuit
3002 5250 3131 5289 vero
3157 5234 3321 5288 alium
3347 5235 3502 5289 ocius

1929 5325 2168 5380 vinculis
2214 5324 2464 5394 corporis
2491 5324 2698 5379 exsolvi
2732 5365 2746 5390 ,
2773 5325 2933 5393 juxta
2964 5324 3267 5380 ineﬁ‘abiles
3295 5324 3501 5394 sapien-

1929 5417 2019 5471 tiae
2069 5422 2230 5484 atque
2278 5414 2506 5484 justitia:
2566 5430 2679 5472 sua:
2717 5416 2979 5471 rationes.
3036 5414 3503 5480 Quemadmodum

1929 5530 2172 5657 ‘6?)Ex
2195 5530 2346 5587 hom.
2375 5530 2529 5599 Quod
2543 5532 2823 5600 muluium}
2860 5531 3236 5589 adherendum
3271 5550 3373 5590 non
3409 5536 3505 5603 sit,

1924 5670 1925 5673 “
1988 5673 2066 5744 (3)
2105 5672 2184 5729 Ex
2216 5674 2361 5729 hom.
2393 5674 2449 5729 in
2475 5675 2638 5733 mari.
2666 5673 2941 5742 latinam,
2976 5676 3065 5731 53.
3152 5744 3230 5802 ho
