3874 6224
429 352 575 408 ’1959

1321 338 1683 396 APPENDIX.
1721 368 1792 378 —
1831 331 2177 390 SYMEONIS
2215 336 2750 396 ΜΕΤΑΡΗΒΑΕΤᾹΞ

3538 334 3672 387 1260

437 469 607 536 igitur
668 480 735 519 ex
783 463 850 518 iis
895 463 988 532 qui
1025 463 1080 516 in
1137 473 1415 515 carcerem
1457 457 1850 526 coniiciuntur,
1906 449 1996 506 alii

2119 473 2158 507 ιν
2187 461 2308 521 ταῖς
2342 459 2588 530 εἱρκταῖς
2634 457 3017 527 ἐμπίπτοντες,
3063 455 3112 506 οἱ
3168 455 3268 524 μὲν
3316 451 3408 506 ἐπὶ
3452 451 3670 504 πλείονα

436 560 644 613 diutius
689 554 1006 609 detinentur
1053 550 1111 604 in
1156 561 1442 604 carcerum
1487 545 1828 601 cruciatibus
1858 581 1875 607 ,
1915 541 2007 596 alii

435 651 507 706 ab
535 666 600 706 ea
633 647 945 703 calamitate
996 643 1300 697 liberantur
1347 640 1513 696 citius
1546 655 1559 690 :
1597 640 1678 695 sic
1706 645 1759 694 et
1789 637 2005 702 animae,

436 743 557 798 alia;
584 740 808 812 quidem
840 737 1072 799 diutius,
1124 735 1245 790 alia:
1291 747 1425 788 vero
1453 733 1638 788 minus
1676 731 1732 785 in
1756 730 1860 784 hac
1896 729 2008 783 vita

435 833 788 895 detinentur,
849 842 950 897 pro
1001 825 1272 896 cujusque
1331 825 1526 881 merito
1587 838 1651 878 ac
1698 822 2004 894 dignitate,

437 926 588 988 Deo,
628 923 722 994 qui
766 937 868 978 nos
900 919 1174 984 condidit,
1218 920 1386 974 rebus
1431 917 1702 988 cujusque
1759 923 2007 970 nostrum

438 1014 806 1086 prospiciente
851 1013 1127 1083 sapienter
1156 1049 1174 1078 ,
1227 1018 1281 1066 et
1311 1010 1421 1065 alte
1443 1050 1460 1074 ,
1507 1009 1698 1079 sicque
1721 1047 1736 1072 ,
1763 1014 1824 1062 ut
1855 1021 2009 1062 mens

437 1104 716 1159 hominum
745 1103 1012 1173 attingere
1053 1117 1161 1156 non
1191 1101 1389 1172 possit.
1427 1099 1504 1171 (l)
1539 1097 2008 1166 Quemadmodum

431 1195 581 1248 enim
623 1193 717 1265 qui
757 1194 814 1248 in
862 1193 1096 1262 navigiis
1125 1192 1426 1258 dormiunt,
1463 1198 1657 1260 sponte
1684 1204 1715 1242 a
1759 1195 1920 1242 vento
1953 1187 2008 1240 in

437 1294 630 1355 portus
695 1285 1047 1341 deducuntur
1074 1323 1089 1346 ,
1145 1291 1200 1338 et
1227 1281 1482 1353 quamvis
1512 1280 1617 1351 ipsi
1664 1293 2006 1349 nequaquam

429 1378 714 1441 sentiant,
757 1390 956 1431 cursus
1009 1382 1192 1429 tamen
1235 1389 1330 1428 eos
1382 1371 1451 1426 ad
1481 1370 1776 1426 terminum
1807 1371 2006 1425 ducit:

436 1466 519 1521 sic
564 1473 618 1521 et
659 1481 761 1521 nos
791 1505 806 1529 ,
861 1464 1142 1519 dillluente
1197 1463 1322 1516 vitae
1352 1470 1556 1516 nostrae
1593 1470 1837 1530 tempore
1868 1499 1884 1524 ,
1925 1460 2010 1514 in.

416 1557 681 1614 sensibili
713 1557 836 1612 vitae
869 1564 1071 1610 nostra:
1099 1570 1270 1609 cursu
1300 1554 1446 1608 velut
1473 1554 1734 1608 continuo
1770 1551 2007 1622 quodam

436 1658 492 1704 et
527 1648 822 1717 irrequieta
878 1653 1027 1700 motu
1083 1647 1463 1716 unusquisque
1513 1643 1580 1698 ad
1625 1645 1908 1716 proprium
1941 1642 2007 1696 fi-

414 1757 560 1796 mcm
631 1739 974 1795 festinamus.
1037 1737 1096 1792 ln
1150 1738 1254 1792 hac
1311 1738 1423 1790 vita
1458 1737 1637 1792 viator
1681 1751 1741 1792 es
1777 1756 1790 1790 :
1824 1735 2007 1791 omnia

2106 546 2296 616 χρόνον
2337 551 2404 618 τῇ
2441 547 2681 601 κακώσει
2710 547 2816 599 τῶν
2843 544 3228 615 δεσμωτηρίων
3252 544 3330 613 (4)
3361 542 3673 596 ὲναποκλεί-

2105 657 2276 698 ονται.
2315 639 2366 692 οἱ
2404 639 2462 693 δὲ
2490 640 2797 711 ταχυτέραν
2823 638 3132 710 εὑρίσκουσι
3164 637 3263 708 τὴν
3291 636 3394 706 τῆς
3426 653 3662 688 κακοπα-

2106 733 2257 797 θείας
2299 732 2656 802 ἀπαλλαγήν·
2703 729 2845 784 οὕτω
2874 730 2967 784 καὶ
3017 731 3073 783 αἱ
3118 729 3309 800 ψυχαὶ,
3352 730 3412 781 αἱ
3449 729 3547 799 μὲν
3589 729 3676 782 ὲπ)

2107 826 2241 878 πολὺ
2269 823 2730 896 προσκατέχονται
2770 825 2834 893 τῇ
2871 822 2984 894 ζωῇ
3013 821 3207 893 ταύτῃ,
3238 822 3297 873 αἱ
3331 821 3389 873 δὲ
3412 821 3498 874 ἐπ’
3529 820 3656 872 ἔλατ

2105 936 2216 984 τον,
2249 917 2390 972 κατά
2415 916 2514 988 τὴν
2556 914 2844 983 ἀναλογίαν
2878 913 2981 983 τῆς
3012 913 3166 978 ἀξίας
3196 912 3430 966 ἑκάστου
3451 929 3464 942 ·
3500 912 3677 981 σοφῶς

2109 1011 2202 1064 καλ⁴
2255 1009 2484 1080 βαθέως,
2517 1008 2612 1062 καὶ
2649 1007 2724 1072 ὡς
2755 1007 2855 1060 οὐκ
2903 1005 2973 1060 ἂν
3001 1005 3242 1074 ἐφίκοιτο
3294 1004 3422 1069 νοῦς
3475 1004 3672 1076 ἀνθρὼο

2109 1116 2245 1162 πων,
2297 1099 2366 1153 τὰ
2411 1099 2538 1170 περὶ
2566 1099 2796 1152 ἕκαστον
2844 1097 3004 1167 ἡμῶν
3042 1097 3133 1148 τοῦ
3188 1097 3474 1158 κτίσαντος
3533 1098 3680 1166 ἡμᾶς

2110 1190 2549 1262 προσλεπομένου
2627 1191 2782 1244 Θεοῦ.
2871 1193 3082 1262 Ὥσπερ
3135 1190 3245 1260 γὰρ
3306 1191 3357 1242 οἱ
3434 1191 3495 1242 ὲν
3573 1190 3680 1252 τοῖς

2109 1283 2312 1346 πλοίοις
2375 1281 2722 1346 καθεύδοντες
2763 1283 3084 1354 αὐτομάτως
3140 1281 3246 1335 ὑπὸ
3289 1280 3387 1335 τοῦ
3441 1279 3673 1350 πνεύμα-

2107 1392 2198 1438 τος
2253 1375 2344 1428 ἐπὶ
2373 1375 2600 1445 λιμένας
2647 1375 2891 1444 ἄγονται,
2926 1374 3029 1429 κᾶν
3076 1373 3228 1427 αὐτοὶ
3263 1373 3338 1444 μὴ
3388 1371 3675 1425 αἰσθάνων-

2108 1484 2216 1532 ται,
2248 1466 2361 1519 ἀλλ’
2385 1469 2414 1520 ὁ
2444 1465 2639 1538 δρόμος
2663 1466 2855 1529 αὐτοὺς
2878 1464 3015 1536 πρὸς
3029 1465 3088 1516 τὸ
3103 1463 3255 1528 τέλος
3278 1465 3476 1530 ἐπάγει
3502 1479 3516 1492 ·
3546 1460 3684 1514 οὕτω

2110 1559 2202 1610 καὶ
2251 1560 2444 1630 ἡμεῖς,
2494 1556 2587 1610 τοῦ
2617 1558 2810 1629 χρόνου
2848 1557 2946 1628 τῆς
2981 1555 3123 1626 ζωῆς
3149 1555 3309 1626 ἡμῶν
3337 1555 3684 1626 παραρρέον-

2108 1667 2232 1713 τος,
2289 1645 2400 1704 οἷον
2443 1666 2552 1703 τινι
2595 1651 2808 1720 κινήσει
2846 1651 3060 1718 συνεχεῖ
3087 1647 3180 1700 καὶ
3235 1645 3504 1716 ἀπαύστῳ
3552 1645 3684 1717 πρὸς

2110 1741 2169 1794 τὸ
2201 1743 2398 1794 οἰκεῖον
2424 1741 2652 1805 ἕκαστος
2691 1740 2864 1812 πέρας
2895 1739 2972 1810 τῷ
3028 1738 3340 1792 λανθάνοντι
3371 1739 3559 1810 δώρῳ
3588 1740 3683 1807 τῆς

413 1835 745 1893 transeunt,
777 1835 902 1897 post
929 1835 1136 1897 tergum
1181 1837 1332 1880 tuum
1367 1827 1750 1896 relinquuntur
1800 1823 2004 1878 omnia.

2119 1829 2252 1901 ζωῆς
2281 1829 2436 1902 ήμῶν
2459 1810 2912 1901 κατεπειγόμεθα.
2945 1828 3256 1901 Ὀδοιπόρος
3286 1827 3686 1900 ἐφέπηκαςτῷ

439 1920 704 1988 Plantam,
739 1919 898 1990 533
929 1919 1176 1985 herbam,
1221 1932 1453 1988 aquam,
1483 1926 1578 1972 aut
1604 1916 1826 1988 quidvis
1853 1914 2003 1970 aliud

437 2021 660 2083 aspectu
708 2012 932 2082 dignum
980 2011 1037 2065 in
1098 2011 1186 2064 via
1221 2009 1408 2064 vidisti
1459 2026 1474 2060 :
1517 2009 1736 2079 paulum
1767 2007 2010 2062 oblecta-

437 2114 548 2166 tus,
587 2118 715 2158 mox
761 2103 1026 2173 praeteris.
1085 2099 1298 2156 Rursus
1348 2100 1404 2154 in
1453 2099 1685 2169 lapides,
1711 2097 2007 2161 convalles,

437 2192 764 2266 praecipitia,
811 2192 1068 2262 scopulos
1111 2199 1166 2246 et
1196 2191 1382 2261 palos,
1414 2198 1509 2244 aut
1531 2189 1696 2245 etiam
1730 2190 1784 2242 in
1841 2187 2007 2252 feras,

438 2287 496 2340 in
535 2285 792 2340 animalia
822 2285 1088 2354 repentia,
1121 2283 1173 2337 in
1219 2283 1430 2353 spinas,
1477 2288 1532 2338 ct
1562 2282 1618 2336 in
1649 2280 1795 2335 aliud
1833 2279 2010 2351 quod-

435 2380 521 2435 vis
574 2377 933 2434 infortunium
996 2377 1237 2432 incidisti
1271 2395 1284 2430 :
1327 2385 1615 2444 postquam
1639 2389 1700 2430 es
1729 2373 2010 2444 paululum

422 2471 709 2535 afﬂictus,
743 2486 869 2526 mox
929 2471 1031 2526 ista
1061 2469 1354 2540 reliquisti.
1405 2467 1524 2522 Vita
1574 2476 1657 2524 est
1687 2465 1956 2538 ejusmodi
1991 2483 2006 2519 :

437 2578 615 2636 neque
662 2561 786 2632 ejus
848 2561 1056 2617 delicia:
1086 2601 1102 2628 ,
1138 2576 1318 2632 neque
1369 2559 1633 2615 molestia:
1693 2564 2011 2613 constanter

437 2663 809 2727 perseverant.
847 2651 1021 2708 Hodie
1050 2660 1108 2708 tu
1143 2653 1365 2708 coluisti
1397 2659 1602 2707 terram
1625 2689 1640 2715 ,
1679 2664 1802 2704 cras
1851 2647 2007 2707 alter,

436 2755 564 2819 post
600 2748 746 2802 hunc
791 2747 933 2801 colet
973 2753 1028 2800 et
1087 2745 1250 2800 alius.
1297 2743 1466 2800 Vides
1505 2757 1668 2815 agros
1701 2741 1800 2798 hos
1837 2749 1892 2797 et
1912 2739 2010 2794 do-

439 2855 560 2896 mos
586 2847 938 2910 sumptuosas
967 2838 986 2870 ’
1017 2837 1234 2908 quoties
1292 2835 1505 2906 singula
1530 2876 1546 2900 ,
1599 2850 1664 2890 ex
1710 2848 1819 2904 quo
1867 2832 2011 2886 exsi-

439 2939 637 2995 stunt,
679 2946 881 2985 nomen
930 2929 1042 2999 jam
1090 2928 1414 2982 mutavere?
1455 2925 1787 2982 Dicebantur
1846 2923 2010 2992 hujus

436 3035 560 3078 esse
591 3059 607 3083 .
673 3027 863 3090 postea
908 3019 1046 3090 ipsis
1071 3019 1388 3090 impositum
1417 3025 1503 3073 est
1529 3031 1725 3072 nomen
1760 3014 2008 3076 alterius,

2111 1921 2210 1992 βίῳ
2239 1921 2411 1994 τούτῳ
2429 1938 2444 1952 ο
2477 1921 2656 1976 πάντα
2682 1921 2951 1994 παρέρχῃ,
2973 1922 3150 1976 πάντα
3176 1922 3409 1976 κατόπιν
3426 1940 3521 1976 σο.)
3542 1923 3686 1991 γίνε-

2108 2029 2217 2066 ται.
2249 2007 2400 2076 Εἶδες
2427 2013 2520 2066 ἐπὶ
2548 2013 2649 2083 τῆς
2685 2013 2803 2067 ὁδοῦ
2843 2013 3068 2086 φυτδνῆ
3113 2015 3298 2086 πόανῆ
3330 2014 3499 2086 ὕδωρ,
3532 2016 3566 2086 ἦ
3589 2016 3618 2069 ὃ
3639 2033 3686 2067 τι

2112 2102 2178 2155 ἂν
2205 2101 2358 2174 τύχοι
2396 2103 2506 2157 τῶν
2521 2104 2686 2168 ἀξίων
2713 2105 2982 2176 θεάματος
3001 2124 3013 2136 ·
3045 2107 3240 2178 μικρὸν
3263 2106 3555 2179 ὲτέρφθης,
3572 2103 3687 2161 εἷτα

2111 2196 2479 2266 παρέδραμες.
2537 2197 2706 2250 Πάλιν
2752 2197 3002 2269 ἐνέτυχες
3043 2197 3211 2262 λίθοις
3262 2200 3360 2252 καὶ
3423 2199 3685 2270 φάραγξι.

2110 2283 2204 2336 καὶ
2233 2286 2495 2354 κρημνοῖς
2516 2286 2610 2339 καὶ
2639 2286 2919 2352 σκοπέλοις
2946 2288 3043 2342 καὶ
3078 2289 3353 2358 σκόλοψιν,
3384 2289 3419 2360 ἡ
3451 2307 3558 2344 που
3593 2293 3686 2343 καὶ

2111 2373 2338 2446 θηρίοις,
2361 2376 2454 2429 καὶ
2475 2379 2740 2448 ἑρπετοῖς,
2765 2380 2858 2432 καὶ
2879 2377 3164 2446 ἀκάνθαις,
3193 2381 3289 2434 καί
3324 2399 3472 2436 τισιν
3507 2384 3689 2445 ἄλλοις

2111 2465 2218 2520 τῶν
2253 2467 2380 2538 ὀχλη
2393 2468 2500 2539 ρῶν
2521 2484 2535 2498 ο
2554 2470 2747 2541 μικρὸν
2762 2470 3006 2543 ἠνιάθης,
3024 2467 3142 2526 εἶτα
3163 2473 3473 2537 κατέλιπες.
3507 2475 3692 2528 Τοιοῦ-

2110 2573 2201 2620 τος
2228 2559 2257 2609 ό
2287 2557 2428 2627 βίος·
2459 2557 2581 2612 οὔτε
2618 2560 2688 2613 τὰ
2714 2560 2921 2632 τερπνά
2953 2562 3176 2634 μόνιμα,
3219 2563 3342 2617 οὔτε
3370 2565 3440 2617 τὰ
3468 2565 3690 2636 λυπηρᾶ

2110 2648 2307 2720 διαρκῆ
2337 2651 2692 2721 κεκτημένος.
2728 2655 2976 2726 Σήμερον
3018 2655 3118 2727 τὴν
3160 2655 3266 2725 γῆν
3306 2657 3372 2710 σὺ
3411 2655 3692 2728 ἐγεώργηο

2114 2757 2234 2802 σας,
2294 2741 2388 2794 καὶ
2433 2741 2622 2814 αῦριον
2671 2744 2850 2810 ἀλλος,
2903 2747 2999 2799 καὶ
3057 2748 3174 2817 μετ’
3227 2747 3435 2800 ἐκεῖνον
3483 2747 3688 2820 ἕτερος.

2125 2833 2284 2903 Ὁρᾷς
2299 2834 2422 2897 τοὺς
2451 2835 2653 2906 ἀγροὺς
2672 2836 2896 2902 τούτους
2914 2837 3120 2902 καὶτὰς
3151 2839 3463 2904 πολυτελεῖς
3477 2841 3654 2902 οἰκίας
3675 2859 3689 2904 ;

2112 2928 2251 2977 πόσα
2278 2926 2377 2998 ήδη
2395 2926 2629 2996 ὀνόματα
2649 2928 2740 2996 ἀφ’
2755 2923 2816 2982 οὗ
2830 2927 3019 2997 γέγονε
3047 2929 3254 2982 τούτων
3279 2930 3514 2983 ἕκαστον
3532 2933 3689 3000 ἤμει-

2109 3015 2177 3084 ψε
2195 3032 2207 3078 ;
2223 3015 2325 3069 Τοῦ
2343 3017 2510 3080 δεῖνος
2529 3018 2760 3088 ἐλέγετο,
2775 3012 2894 3072 εἶτα
2907 3019 3298 3092 μετωνομάσθη
3316 3021 3459 3092 πρὸς
3478 3022 3686 3093 ἕτερον,

437 3109 510 3166 ad
552 3110 721 3166 alium
767 3113 1162 3175 transierunt,
1214 3119 1329 3164 tum
1380 3110 1599 3164 demum
1629 3107 1856 3162 alterius
1891 3120 2011 3160 esse

2119 3107 2251 3178 πρὸς
2285 3107 2376 3162 τὸν
2407 3109 2553 3162 δεῖνα
2610 3109 2896 3181 μετῆλθεν,
2931 3106 3051 3164 εἶτα
3095 3110 3191 3165 νῦν
3237 3112 3402 3167 ἄλλου
3445 3111 3689 3180 λέγεται.

2119 3195 2333 3215 τ...
2441 3202 2787 3215 .......
2873 3201 2974 3215 .,..
3095 3202 3173 3215 ....
3329 3203 3409 3215 -..

427 3201 716 3258 dicuntur.
785 3200 976 3257 Nonne
1026 3215 1157 3270 ergo
1191 3201 1302 3253 vita
1361 3207 1550 3253 nostra
1599 3199 1686 3251 via
1721 3203 1804 3251 est
1840 3237 1854 3258 ,
1905 3196 2011 3249 alio

2119 3195 2244 3272 Ἆρ’
2274 3197 2367 3255 οῦν
2402 3202 2498 3272 οὐχ
2527 3202 2643 3266 ὁδὸς
2671 3203 2828 3274 ἡμῶν
2864 3205 2893 3256 ὁ
2921 3201 3054 3272 βίος,
3088 3202 3278 3256 ἄλλοτε
3321 3203 3486 3258 ἄλλον
3535 3222 3695 3274 μετα-

435 3305 684 3364 tempore
733 3293 904 3347 alium
962 3291 1242 3362 excipiens
1269 3329 1285 3354 ,
1315 3297 1370 3344 et
1424 3290 1478 3343 in
1513 3304 1618 3359 qua
1651 3289 1754 3344 sibi
1779 3288 2011 3341 invicem

439 3385 744 3444 succedunt
786 3385 1020 3440 omnes?
1069 3383 1146 3454 (2)
1185 3383 1336 3437 Alias
1380 3381 1600 3450 quidem
1641 3382 1761 3434 vias
1789 3394 1910 3450 quae
1945 3394 2014 3433 ex

440 3477 576 3534 urbe
629 3475 696 3531 ad
751 3477 940 3531 urbem
991 3475 1238 3541 ducunt,
1282 3475 1410 3529 licet
1459 3472 1775 3536 declinare,
1830 3479 1886 3525 ct
1917 3484 2016 3540 per

433 3584 533 3624 eas
584 3583 701 3625 non
759 3567 1041 3639 proﬁcisci
1076 3608 1090 3632 ,
1129 3566 1177 3622 si
1208 3565 1332 3636 quis
1373 3568 1449 3619 ita
1498 3565 1684 3618 volet:
1742 3563 1857 3618 haec
1883 3575 2015 3616 vero

429 3661 566 3716 vitm
613 3660 772 3716 istius
817 3661 906 3715 via
933 3701 948 3726 ,
1000 3660 1215 3716 etiamsi
1248 3673 1350 3713 nos
1409 3655 1628 3713 differre
1675 3671 1896 3711 cursum
1915 3669 2014 3709 vo-

439 3753 702 3808 luerimus
729 3791 744 3817 ,
777 3768 873 3808 eos
906 3751 999 3823 qui
1026 3753 1082 3806 in
1147 3765 1208 3808 se
1242 3751 1502 3806 incedunt
1529 3749 1765 3802 viatores
1813 3747 2018 3802 violen-

441 3855 526 3899 ter
564 3847 937 3916 apprehensos
971 3843 1040 3898 ad
1095 3843 1424 3899 destinatam
1473 3856 1503 3895 a
1538 3839 1770 3894 Domino
1815 3848 2016 3893 metam

433 3937 630 3992 trahit.
679 3936 792 3994 Nec
836 3937 960 3993 fieri
1014 3944 1244 4008 potest,
1306 3945 1368 3990 ut
1411 3937 1458 3989 is
1498 3934 1591 4004 qui
1648 3932 1814 3988 semel
1861 3939 2016 3986 extra

441 4037 652 4099 portam
683 4029 750 4084 ad
795 4029 938 4084 hanc
962 4028 1130 4082 vitam
1176 4027 1532 4083 deducentem
1584 4040 1838 4094 egressus
1883 4029 1968 4075 est
1999 4060 2015 4084 ,

442 4121 607 4192 idque
653 4122 758 4176 iter
796 4122 956 4176 inivit
988 4161 1004 4186 ,
1061 4136 1174 4176 non
1217 4121 1390 4176 etiam
1433 4118 1683 4174 ad-illius
1719 4115 2016 4171 terminum

443 4215 745 4285 perveniat.

513 4307 567 4364 5.
609 4308 684 4378 (5)
714 4306 791 4362 Ne
825 4308 988 4378 igitur
1016 4306 1428 4378 pretiosissimis
1451 4305 1716 4361 vilissima
1744 4303 2014 4374 przeferte,

440 4413 619 4469 neque
671 4398 814 4453 male
863 4399 1212 4454 commutctis
1244 4441 1259 4465 ,
1333 4397 1463 4452 dum
1525 4397 1814 4452 mortalem
1870 4396 2017 4450 hanc

2121 3291 2428 3364 λαμϐάνων,
2466 3294 2559 3346 καὶ
2591 3294 2800 3357 πάντας
2829 3293 2966 3364 ἔχων
2991 3295 3242 3368 ἀλλήλοις
3279 3295 3691 3367 ἐφεπομένους;

2121 3383 2231 3446 Τὰς
2263 3383 2360 3454 μὲν
2385 3379 2479 3437 οῦν
2525 3383 2692 3447 ἄλλας
2741 3385 2913 3449 ὁδοὺς,
2970 3385 3091 3439 ὅσαι
3126 3385 3264 3456 πρὸς
3300 3386 3459 3440 πόλιν
3493 3387 3558 3437 ἐκ

2115 3477 2252 3542 λεως
2283 3479 2524 3548 ἄγουσιν,
2575 3479 2723 3534 ἔστιν
2767 3480 3037 3545 ἐκκλῖναι,
3083 3482 3178 3535 καὶ
3225 3481 3302 3552 μὴ
3346 3480 3571 3535 ὁδεῦσαι
3609 3483 3694 3532 τὸν

2119 3571 2194 3643 μὴ
2244 3571 2598 3642 βουλόμενον’
2637 3574 2671 3644 ἡ
2723 3573 2783 3627 δὲ
2828 3573 2931 3644 τῆς
2973 3571 3120 3644 ζωῆς
3163 3573 3371 3646 ταύτης
3415 3574 3560 3638 ὁδὸς,
3599 3575 3696 3625 κᾶν

2116 3664 2274 3734 ἡμεῖς
2311 3663 2705 3717 ἀναϐάλλεσθαι
2750 3663 3098 3736 βουληθῶμεν
3139 3665 3231 3719 τὸν
3271 3665 3501 3736 δρόμον,
3539 3682 3695 3733 περι-

2116 3753 2353 3808 λαϐοῦσα
2383 3755 2521 3827 πρὸς
2554 3754 2695 3825 βίαν,
2726 3756 2820 3808 ἐπὶ
2858 3756 2921 3810 τὸ
2967 3757 3298 3829 τεταγμένον
3329 3757 3439 3810 ύπὺ
3483 3756 3578 3810 τοῦ
3609 3762 3697 3808 Δε-

2119 3847 2317 3900 σπότου
2364 3847 2539 3919 πέρας
2577 3847 2728 3901 ἕλκει
2771 3849 2900 3912 τοὺς
2928 3847 3015 3902 ἐπ’
3071 3851 3262 3940 αὐτῆς.
3309 3848 3423 3903 Καὶ
3453 3849 3552 3902 οὐκ
3587 3849 3697 3899 ἔστι

2117 3939 2208 3992 τὸν
2233 3939 2379 4004 ἅπαξ
2411 3940 2830 4012 ύπεκδραμόντα
2873 3941 2971 4013 τὴν
3001 3943 3093 3995 ἐπὶ
3145 3939 3295 3996 τόνδε
3323 3942 3415 3996 τόν
3447 3940 3561 4011 βίον
3607 3941 3696 4010 ςέ-

2119 4049 2321 4104 ρουσαν
2365 4032 2562 4104 πύλην,
2594 4033 2688 4086 καὶ
2728 4034 2829 4105 τῆς
2865 4035 2986 4088 ὁδοῦ
3033 4033 3241 4106 ταύτης
3285 4034 3580 4098 επιεάντα,
3626 4035 3696 4104 μή

2119 4124 2214 4177 καὶ
2243 4125 2380 4196 πρὸς
2416 4125 2478 4179 τὸ
2503 4127 2657 4192 τέλος
2685 4126 2888 4198 ταύτης
2919 4126 3116 4182 ἐλθεῖν.

2189 4294 2374 4372 ὅλη
2397 4297 2578 4351 τοίνυν
2605 4302 2904 4370 προτιμᾶτε
2929 4298 3038 4353 τῶν
3071 4300 3456 4372 πολυτιμήτων
3487 4301 3552 4347 τᾶ
3582 4294 3692 4346 ἀτι-

2123 4387 2350 4458 nam,
2387 4391 2520 4462 μηδὲ
2567 4393 2728 4446 κακοὶ
2769 4393 3130 4448 συναλλάκται
3159 4394 3392 4463 γίνεσθε,
3420 4389 3522 4458 τὴν
3555 4387 3694 4456 φθει-

441 4487 606 4541 vitam
655 4487 950 4542 immortali
999 4488 1280 4558 beatmque
1313 4487 1390 4541 illi
1446 4487 1614 4557 qnict-i
1655 4487 2009 4556 anteponitis.

2122 4482 2354 4553 ρομένην
2380 4481 2523 4555 ζωὴν
2556 4485 2654 4556 τῆς
2682 4485 2959 4560 ἀφθάρτου
2988 4488 3082 4540 καὶ
3108 4482 3384 4558 μακαρίας
3418 4481 3693 4534 καταστά-

443 4577 724 4647 Siquidem
785 4585 987 4648 prater
1036 4579 1350 4650 ignominiae
1393 4577 1712 4632 affectiones
1743 4618 1757 4640 ,
1813 4578 2018 4647 quibus

440 4668 738 4739 voluptarii
795 4669 1043 4739 plerique
1091 4670 1325 4740 subjecti
1386 4678 1555 4734 sunt,
1614 4671 1794 4724 adimo
1851 4671 2016 4725 etiam

435 4760 566 4813 vitae
613 4761 999 4820 necessitates,
1057 4762 1558 4832 magnanimitatem
1615 4759 1811 4815 anima:
1867 4759 2019 4814 fran-

442 4861 653 4918 gentes,
682 4851 856 4920 ipsam
892 4851 1058 4906 veluti
1105 4851 1358 4922 redigunt
1404 4853 1461 4906 in
1496 4853 1811 4908 servitutem
1834 4894 1849 4919 ,
1885 4852 2016 4906 dum

443 4943 512 4996 ad
552 4943 735 5000 carnis
791 4942 1113 4998 famulatum
1173 4944 1320 4998 illam
1367 4944 1686 5000 detrahunt.
1748 4945 1850 5001 Ubi
1911 4961 2016 5000 au-

442 5040 552 5087 tem
611 5035 882 5100 servitus,
934 5035 1044 5088 illic
1084 5051 1212 5092 esse
1260 5043 1315 5091 et
1386 5036 1745 5108 ignominiam
1807 5037 2016 5108 liquet.

427 5123 722 5197 'Fugienda
775 5127 942 5198 igitur
984 5138 1069 5183 est
1103 5130 1214 5182 vita
1242 5169 1257 5193 ,
1309 5130 1400 5183 cui
1433 5118 1743 5202 ignominia
1785 5131 2020 5200 conjun-

424 5227 533 5274 --cta
585 5227 686 5272 est.

519 5327 643 5382 Non
683 5347 873 5400 magna
912 5331 1051 5400 facio
1081 5375 1096 5399 ,
1153 5334 1365 5404 inquit,
1408 5335 1455 5388 si
1493 5352 1572 5389 me
1613 5334 1743 5388 'hero
1800 5335 2015 5417 trudam

1804 5410 1899 5460 tibi
1929 5423 1947 5469 ;

520 5548 595 5616 (l)
631 5549 705 5604 Ex
737 5549 884 5604 hom.
921 5553 975 5603 in
1008 5553 1140 5617 psal.
1171 5571 1206 5617 ι,
1237 5555 1325 5607 94.

629 5619 704 5672 Ex
736 5622 880 5671 hom.
913 5623 1062 5688 Quod
1095 5626 1377 5680 mundanis
1405 5625 1780 5682 adhcerenaum
1807 5645 1908 5683 non
1928 5630 2017 5694 sit,

522 5756 596 5828 (5)
637 5757 712 5810 Ex
745 5757 890 5811 hom.
924 5761 974 5812 in
1013 5763 1131 5827 psal
1183 5779 1306 5834 ειν,
1335 5766 1456 5821 575.

2121 4591 2256 4640 σεως
2302 4577 2377 4647 (ὕ)
2426 4577 2824 4649 προτιμῶντες.
2872 4581 3032 4634 ’Ἄνευ
3069 4582 3174 4645 γὰρ
3207 4575 3319 4627 τῶν
3354 4573 3694 4643 παθημάτων

2117 4668 2216 4737 τῆς
2248 4669 2493 4739 ἀτιμίας,
2526 4668 2606 4734 οἷς
2635 4672 2682 4724 οἱ
2711 4671 2953 4725 πλεῖστοι
2982 4669 3087 4723 τῶν
3115 4667 3414 4739 φιληδόνων
3454 4667 3692 4718 ὑπόκειν-

2117 4779 2228 4829 ται,
2259 4763 2340 4816 ἒτι
2385 4766 2480 4819 καὶ
2507 4767 2565 4818 αἱ
2592 4765 2736 4818 κατὰ
2764 4766 2855 4819 τὸν
2901 4766 3012 4836 βίον
3044 4765 3246 4834 χρεῖαι,
3280 4761 3384 4829 τῆς
3429 4760 3610 4830 ψυχῆς
3636 4758 3693 4810 τὸ

2120 4853 2458 4924 μεγαλοφυὲζ⁸
2503 4855 3019 4926 κατακάμπτουσαι,
3050 4852 3214 4905 οἱονεὶ
3249 4849 3564 4902 δουλοῦνται
3609 4851 3694 4901 αὖ·

2117 4943 2236 5014 τὴν,
2269 4945 2405 5017 πρὸς
2436 4945 2533 5017 τὴν
2566 4946 2870 5018 ὑπηρεσίαν
2896 4946 2994 5015 τῆς
3034 4942 3235 5014 σαρκὸς
3267 4940 3688 5011 κατασύρουσαι.

2123 5034 2292 5088 Ὅπου
2333 5036 2389 5087 δὲ
2436 5036 2673 5099 δουλεία,
2716 5038 2833 5088 ἐκεῖ
2869 5033 3108 5104 δηλονότι
3155 5033 3249 5084 καὶ
3292 5030 3513 5099 ἀτιμία.
3569 5032 3692 5082 Φευ-

2119 5127 2273 5181 κτέον
2301 5123 2392 5182 οῦν
2437 5130 2533 5200 τὴν
2560 5129 2727 5200 ζωὴν,
2823 5128 2882 5181 τὸ
2923 5128 3117 5197 ἀτιμον
3143 5124 3563 5196 παραπέφυκεν.

2186 5329 2378 5382 Οὐδὲν
2414 5329 2542 5398 γὰρ,
2573 5332 2725 5399 φησὶ,
2748 5329 2902 5398 μέγα
2932 5323 3385 5399 ποιᾷ-ἐμαυτῷ·
3404 5339 3516 5399 Aac:
3553 5325 3691 5399 ἀπο-

3016 5395 3246 5460 ῐὸιδοὺς
3284 5393 3366 5458 τῷ
3393 5393 3656 5458 δεσπότῃ
3675 5407 3689 5418 ·

2195 5561 2271 5626 (4)
2302 5559 2422 5614 Τῶν
2453 5558 2888 5629 δεσμωτηρίων.
2931 5555 3073 5611 Idem
3103 5553 3275 5609 codex
3307 5551 3415 5605 τῶν
3457 5548 3687 5618 δεσμῶν,

2125 5633 2175 5683 in
2212 5633 2541 5685 vinariorum
2575 5631 2920 5681 cruciatwus.

2195 5702 2270 5770 (ὃ)
2302 5699 2754 5760 λάτσστιὶσεωττ.
2796 5698 2886 5751 δίε
2919 5695 3122 5768 Regius
3171 5693 3340 5749 codex
3375 5699 3428 5745 et
3473 5695 3688 5743 contex-

2130 5784 2234 5827 tus.
2272 5771 2414 5825 Edilt
2439 5788 2506 5822 κα
2516 5785 2852 5831 ταπαυσεως.
