3874 6224
251 260 382 318 1261

1375 252 1606 323 senato
1644 266 1736 323 XI.
1770 297 1839 310 —
1877 267 1966 323 DE
2005 266 2262 322 nomn.

3354 273 3378 325 4
3395 271 3494 326 £61

317 377 546 443 Δοῦλος
592 378 702 446 γὰρ
745 375 830 431 ὢν
863 376 998 446 σὸς,
1047 378 1147 433 σοι
1183 380 1462 450 προσάγω
1491 379 1672 458 (1),τό
1688 378 1824 458 ,σὸν

1999 379 2117 434 Tibi
2153 396 2375 450 namque
2413 396 2591 435 servus
2618 422 2631 445 ,
2681 380 2820 452 quod
2859 389 3006 436 tuum
3057 392 3135 437 est
3176 385 3271 440 tibi
3307 388 3490 458 offero.

1580 448 1819 522 [κτῆμα.

251 559 474 623 Πάντως
496 558 612 633 -γάρ
637 557 733 611 τοῦ
779 558 1063 624 κτίσαντος
1089 560 1275 615 δοῦλον
1304 561 1539 634 ὑπάρχει
1562 562 1625 614 τὸ
1678 564 1824 616 ἐκτι-

252 652 469 723 σμένον.
494 650 795 723 Τοιγαροῦν
835 652 1012 716 ζῶντα
1041 653 1141 725 μὲν
1168 655 1226 708 ὲν
1251 657 1318 726 τῇ
1361 656 1524 727 σαρκὶ
1561 654 1824 726 πάροικον

249 738 390 810 εἶναι
420 743 688 813 προσήκει
727 742 820 796 τὸν
853 743 1138 816 ἄνθρωπον
1158 761 1172 774 ·
1207 744 1597 815 μεταϐαίνοντα
1619 745 1675 800 δὲ
1718 745 1825 799 ἀπο

250 833 351 904 τῆς
390 832 536 903 ζωῆς
563 831 792 904 ταύτης,
844 836 958 897 τοῖς
1001 836 1223 900 οἰκείοις
1265 836 1450 901 τόποις
1492 836 1827 891 ὲναναπαύε-

253 924 398 980 σθαι.
435 926 534 979 Διά
566 923 724 978 τοῦτο
752 927 847 980 καὶ¹
885 925 1132 998 Ἀϐραὰμ
1163 929 1220 982 ἐν
1249 928 1349 998 μὲν
1387 932 1453 1000 τῇ
1490 928 1599 1001 ζωῇ
1633 947 1826 1002 παροι-

254 1018 343 1070 κεῖ
379 1019 492 1081 τοῖς
519 1015 856 1086 ἀλλοφύλοις,
886 1017 1009 1072 οὐδὲ
1038 1017 1186 1091 βῆμα
1224 1020 1383 1085 ποδὸς
1428 1020 1564 1084 ἰδίας
1604 1022 1706 1092 γῆς
1734 1039 1825 1073 κε-

252 1107 551 1179 κτημένος·
581 1109 640 1162 ὲν
666 1109 722 1160 δὲ
752 1111 818 1180 τῇ
849 1111 992 1180 ταφῇ
1030 1110 1236 1164 οἰκείαν
1264 1110 1442 1183 ἑαυτῷ
1469 1112 1566 1182 τὴν
1593 1112 1823 1182 δεξαμέ-

251 1214 354 1269 νην
380 1198 545 1252 αὐτοῦ
572 1199 633 1252 τὸ
670 1199 829 1271 σῶμα
870 1200 974 1270 γῆν
1001 1201 1265 1272 ἀργυρίου
1312 1203 1821 1275 ἐπραγματεύσατο.

251 1290 538 1361 Μακάριον
558 1285 650 1344 οὖν
673 1291 752 1361 τῷ
778 1290 912 1354 ὄντι,
946 1290 1021 1363 μὴ
1047 1291 1121 1354 ὡς
1151 1292 1371 1358 οἰκείοις
1400 1295 1827 1366 προστετηκέναι

251 1386 368 1447 τοῖς
409 1386 467 1437 ὲν
497 1386 564 1455 τῇ
598 1387 690 1455 γῇ,
722 1384 856 1456 μηδὲ
885 1384 1073 1457 ὥσπερ
1117 1385 1370 1458 πατρίδος
1408 1387 1554 1451 τινδς
1589 1389 1825 1458 φυσικῆς

252 1474 573 1546 ἀντέχεσθαι
611 1477 722 1530 τῶν
746 1476 979 1531 ἐνταῦθα
1009 1477 1085 1546 (2)
1104 1495 1119 1510 ο
1147 1477 1284 1532 ἀλλά
1313 1480 1411 1552 τὴν
1438 1480 1504 1534 ὲκ
1531 1480 1827 1550 καταδίκης

253 1565 444 1621 ἐνθάδε
481 1566 752 1639 διαγωγὴν
790 1567 1209 1640 βαρυνομένους,
1243 1569 1386 1625 οὕτω
1425 1575 1728 1643 παροικεῖν,
1751 1573 1828 1637 ὡς

253 1657 364 1711 ὑπὸ
398 1658 667 1713 δικαστῶν
727 1677 887 1716 τινων
941 1661 1033 1715 ἐπί
1076 1680 1187 1716 τισι
1232 1663 1696 1736 πλημμελήμασιν
1746 1666 1827 1729 είς

252 1749 353 1822 τὴν
373 1751 665 1823 ὑπερορίαν
687 1754 751 1805 ὲκ
773 1752 872 1823 τῆς
892 1754 1217 1827 ἐνεγκούσης
1241 1754 1633 1821 ἀπελαθέντας.
1669 1758 1828 1812 Ἀλλὰ

252 1841 472 1914 πλούτῳ
504 1846 714 1915 κομᾷς;
749 1846 842 1899 καὶ
873 1846 967 1899 ἐπὶ
996 1847 1281 1918 προγόνοις
1313 1848 1457 1920 μέγα
1481 1852 1694 1920 φρονεῖς
1717 1851 1827 1921 (5);

254 1935 352 1990 καὶ
378 1936 659 2010 ὲπαγάλλῃ
694 1938 908 2010 πατρίδι
937 1940 1031 1993 καὶ
1061 1939 1246 1993 κάλλει
1282 1940 1553 2012 σώματος,
1588 1944 1681 1996 καὶ
1708 1946 1829 2006 ταῖς

254 2027 409 2101 παρά
436 2027 653 2083 πάντων
681 2032 899 2100 τιμαῖς;
933 2026 1067 2086 Εἶτα
1094 2032 1193 2086 οὐκ
1223 2027 1391 2097 οἶδας,
1430 2035 1511 2086 ὅτι
1536 2034 1728 2106 θνητὸς
1758 2030 1828 2100 εἷ,

253 2119 340 2173 ὅτι
376 2120 450 2190 γῆ
473 2114 543 2183 εἷ,
575 2120 671 2175 καὶ
720 2122 802 2186 είς
840 2122 944 2194 γῆν
987 2122 1303 2196 ἀπελεύσῃς
1348 2125 1677 2196 Περίδλεψαι
1706 2127 1832 2189 τοὺς

257 2212 366 2283 πρὸ
397 2210 492 2264 σοῦ
528 2213 588 2265 ἐν
616 2214 739 2278 ταῖς
765 2213 979 2280 ὁμοίαις
1011 2216 1389 2285 περιφανείαις
1420 2216 1827 2281 ὲξετασθέντας.

254 2305 367 2360 Ποῦ
384 2307 433 2359 οἱ
453 2305 549 2369 τὰς
565 2306 844 2369 πολιτικὰς
859 2307 1177 2372 δυναστείας
1206 2308 1501 2380 περι6ε6λη
1511 2308 1661 2380 μένοι
1682 2326 1698 2375 ;
1724 2308 1830 2362 ποῦ

255 2397 308 2449 οἱ
347 2396 760 2468 δυσμαχώτατοι
810 2399 1064 2471 ρήτορες;
1097 2399 1199 2453 ποῦ
1231 2401 1281 2453 οἱ
1315 2400 1632 2472 στρατηγοὶ,
1654 2401 1705 2454 οἱ
1739 2417 1834 2456 σα·-

254 2487 485 2557 τράπαι,
508 2488 558 2540 οἱ
574 2488 856 2559 τύραννοη
877 2489 950 2543 Οὐ
969 2491 1143 2544 πάντα
1161 2491 1337 2556 κόνις;
1356 2490 1417 2543 οὐ
1436 2490 1612 2546 πάντα
1630 2490 1828 2562 μῦθος;

254 2578 357 2632 οὐκ
388 2579 447 2632 ὲν
470 2577 669 2647 ὀλίγοις
702 2579 907 2644 ὀστέοις
936 2581 1004 2635 τὰ
1043 2581 1361 2652 μνημόσυνα
1386 2580 1599 2647 αὐτῶν;
1631 2582 1833 2650 Ἐγκυ-

254 2669 359 2739 ψον
394 2673 508 2735 τοῖς
534 2671 747 2740 τάφοις,
785 2672 834 2725 εί
874 2672 1076 2745 δυνήσῃ
1108 2672 1397 2746 διακρῖναι,
1430 2673 1513 2737 τίς
1540 2675 1569 2727 ὁ
1616 2673 1833 2743 οίκέτης

259 2762 355 2814 καὶ
372 2761 458 2825 τίς
483 2764 512 2815 ό
537 2763 827 2837 δεσπότης,
856 2765 941 2829 τίς
984 2768 1013 2819 ό
1039 2766 1251 2837 πτωχὸς
1278 2754 1375 2820 καὶ
1395 2766 1475 2830 τίς
1501 2768 1529 2820 ὁ
1559 2765 1829 2829 πλούσιος.

259 2851 566 2925 Διάκρινον,
611 2854 667 2907 ei
692 2855 776 2919 τίς
816 2872 898 2909 σοι
943 2856 1191 2928 δύναμις,
1222 2856 1313 2910 τὸν
1350 2857 1568 2928 δέσμιον
1596 2856 1705 2911 ἀπὸ
1738 2855 1831 2910 τοῦ

262 2944 548 3016 βασιλέως,
593 2948 687 3002 τὸν
737 2947 952 3020 ἰσχυρὸν
996 2949 1105 3003 ἀπὸ
1149 2949 1242 3002 τοῦ
1292 2948 1569 3014 ἀσθενοῦς,
1608 2948 1700 3002 τὸν
1744 2947 1833 3000 εὐ-

262 3039 451 3111 πρεπῆ
481 3040 589 3094 ἀπὸ
619 3040 713 3095 τοῦ
758 3040 1052 3106 δυσειδοῦς.
1081 3042 1191 3097 Καὶ
1233 3041 1578 3114 μεμνημένος
1604 3040 1705 3117 τῆς
1739 3040 1834 3111 φῶ
1860 3076 1903 3133 c

264 3147 423 3196 σεως,
448 3131 548 3185 οὐκ
577 3130 861 3205 ἐπαρθήσῃ
892 3131 1042 3186 ποτέ.

333 3400 389 3454 4.
421 3399 488 3453 Τί
508 3397 617 3471 γὰρ
645 3397 833 3465 ὄφελος
863 3397 1100 3469 πλουσίῳ
1125 3398 1540 3468 ἀποθνήσκοντι,
1581 3396 1655 3468 μὴ
1676 3397 1837 3451 δυνα-

266 3489 415 3559 μένῳ
450 3487 635 3541 λαϐεῖν
670 3486 763 3540 τὸν
801 3485 1032 3541 πλοῦτον
1063 3488 1161 3541 σὺν
1190 3486 1400 3558 saucii);
1431 3487 1561 3556 ὅσγε
1585 3487 1838 3541 τοσοῦτον

262 3578 373 3632 ἀπὸ
396 3578 498 3649 τῆς
536 3577 888 3642 ἀπολαύσεως
919 3578 1177 3651 ἐκέρδανε
1220 3578 1400 3649 μόνον,
1431 3579 1556 3632 ὅσον
1602 3577 1701 3645 τὴν
1737 3578 1839 3648 ψυ-

262 3669 365 3741 χὴν
391 3669 555 3723 αὐτοῦ
589 3672 647 3724 ὲν
681 3673 748 3743 τῇ
787 3669 899 3742 ζωῇ
923 3669 1094 3743 ταύτῃ
1121 3670 1272 3739 παρὰ
1302 3669 1413 3723 τῶν
1450 3668 1697 3723 κολάκων
1739 3686 1840 3740 μα-

261 3762 612 3833 καρισθῆναι.
666 3764 756 3819 Ἐν
786 3762 843 3819 δὲ
866 3763 946 3834 τῷ
972 3764 1337 3834 ἀποθνήσκειν
1368 3761 1428 3815 οὐ
1456 3762 1685 3834 λήψεται
1733 3764 1840 3813 πᾶ-

263 3869 368 3908 σαν
409 3853 613 3929 ταύτην
646 3855 747 3926 τὴν
780 3855 1106 3928 περιϐολήνο
1153 3855 1307 3927 μόλις
1356 3853 1558 3925 ἔνδυμα
1610 3851 1840 3924 λήψεται

262 3944 541 4001 καλύπτον
576 3946 740 4001 αὐτοῦ
777 3947 847 4000 τὰ
875 3947 1177 4018 ἀσχήμονα,
1230 3945 1327 4001 καὶ
1366 3943 1545 4007 τοῦτο,
1579 3944 1674 3998 ὲάν
1715 3943 1840 4015 δόξῃ

263 4037 375 4091 τῶν
402 4038 630 4093 οἰκετῶν
667 4040 781 4103 τοῖς
812 4039 1271 4110 περιστέλλουσιν.
1328 4036 1634 4108 Ἀγαπητὸν
1670 4035 1838 4107 αὐτῷ.

264 4127 371 4199 γῆς
405 4128 590 4200 ὀλίγης
616 4129 833 4200 λαχεῖν·
866 4129 959 4183 καὶ
998 4128 1198 4200 ταύτης
1231 4129 1301 4182 δι’
1334 4123 1514 4182 οἶκτον
1554 4126 1843 4198 διδομένης

269 4217 419 4288 αὺτῷ
440 4220 591 4289 παρὰ
618 4220 728 4273 τῶν
760 4219 1114 4292 κηδευόντων,
1142 4220 1337 4282 οἵτινες
1380 4216 1529 4288 αὑτῷ
1576 4218 1844 4288 παρέχον-

268 4322 362 4357 ται
388 4309 578 4377 ταῦτα,
608 4310 747 4364 αίδοῖ
772 4312 869 4383 τῆς
897 4311 1086 4380 κοινῆς
1110 4310 1205 4364 καὶ
1231 4308 1577 4379 ἀνθρωπίνης
1604 4307 1839 4378 φύσεως,

1925 556 2159 610 Omnino
2201 555 2347 611 enim
2392 571 2481 613 res
2530 565 2728 613 creatae
2788 556 3065 615 Creatoris
3119 576 3291 617 servae
3341 573 3490 623 sunt.

1926 646 2002 717 (4)
2036 646 2262 718 Oportet
2291 647 2457 720 igitur
2493 650 2760 706 viventem
2800 650 2856 705 in
2905 667 3072 707 carne
3110 653 3343 710 incolam
3371 671 3492 713 €590

1926 738 2240 808 hominem;
2275 740 2603 811 migrantem
2653 749 2833 797 autem
2862 757 2930 798 ex
2963 744 3066 800 hac
3087 747 3219 813 vita,
3260 746 3319 801 in
3365 762 3494 817 pro-

1924 830 2060 899 priis
2118 831 2255 887 locis
2319 833 2686 902 requiescere.
2749 832 3042 905 Propterea
3100 838 3265 892 etiam
3319 838 3495 894 Abra-

1926 928 2053 981 ham
2100 929 2158 983 in
2210 936 2313 984 hac
2364 927 2476 985 vita
2506 930 2686 985 incola
2731 941 2851 988 erat
2878 947 3003 987 cum
3033 933 3354 1006 alienigenis
3381 977 3396 1002 ,
3428 951 3497 992 ac

1924 1032 1996 1072 ne
2044 1032 2264 1090 passum
2302 1020 2522 1090 quidem
2552 1020 2707 1091 pedis
2739 1028 2899 1076 terra;
2942 1022 3178 1092 proprire
3207 1024 3489 1094 possedit:

1925 1109 1981 1164 in
2040 1111 2321 1180 sepultura
2349 1120 2531 1167 autem
2582 1113 2856 1183 propriam
2888 1113 3214 1186 sibimetipsi
3250 1123 3448 1171 terram
3475 1157 3491 1179 ,

1925 1218 2047 1272 quae
2083 1219 2285 1275 corpus
2342 1205 2512 1275 ipsius
2573 1208 2897 1279 exciperet,
2956 1215 3182 1279 argento
3219 1218 3495 1265 mercatus

1925 1303 2028 1351 εει.
2080 1296 2252 1355 Porro
2300 1298 2520 1353 beatum
2575 1300 2736 1363 plane
2772 1300 2982 1366 fuerit,
3049 1301 3214 1358 rebus
3260 1303 3496 1359 terrenis

1925 1402 2037 1442 non
2072 1395 2132 1442 ut
2163 1391 2402 1461 propriis
2455 1405 2559 1447 nos
2605 1390 2852 1447 addictos
2905 1407 3026 1448 esse
3049 1433 3065 1457 ,
3119 1410 3296 1465 neque
3331 1396 3497 1451 rebus

1925 1480 2287 1548 pmsentibus
2370 1491 2627 1550 tanquam
2705 1480 2943 1535 naturali
3017 1483 3235 1538 cuidam
3306 1485 3496 1555 patriae

1926 1569 2205 1625 adhaerere
2236 1587 2250 1622 :
2283 1571 2380 1626 sed
2416 1578 2661 1626 nostram
2703 1571 2792 1643 hic
2825 1573 3334 1640 commorationem,
3374 1591 3495 1645 qua:

1924 1673 1993 1712 ex
2038 1657 2492 1712 coudemnatione
2545 1658 2706 1735 nobis
2764 1658 3019 1729 imposita
3079 1670 3163 1715 est
3194 1699 3210 1725 ,
3271 1661 3499 1715 moleste

1860 1736 1901 1791 Β
1930 1747 2187 1811 ferentes,
2247 1749 2321 1802 ita
2357 1749 2725 1819 peregrinari,
2776 1752 2935 1820 quasi
2978 1751 3050 1806 ob
3087 1752 3268 1821 aliqua
3300 1752 3499 1808 delicta

1929 1851 1962 1891 a
1985 1836 2266 1907 judicibus
2305 1835 2359 1889 in
2402 1844 2648 1891 exteram
2700 1841 2977 1908 regionem
3017 1856 3081 1895 ex
3120 1843 3296 1910 patria
3353 1842 3499 1912 pulsi

1928 1942 2199 1985 essemus.
2261 1927 2339 1999 (5)
2379 1926 2601 1983 Ιὲιῐεῐτίε
2653 1943 2783 1984 vero
2820 1930 2892 1984 ob
2922 1930 3188 1986 divitias?
3235 1933 3413 2002 jactas
3445 1942 3500 1987 te

1930 2019 2002 2074 ob
2036 2019 2305 2089 majorum
2337 2018 2729 2075 nobilitatem?
2777 2021 2845 2077 de
2881 2024 3057 2092 patria
3099 2039 3163 2078 ac
3193 2024 3500 2094 pulchritu-

1930 2109 2057 2166 dine
2093 2111 2361 2180 corporis,
2392 2111 2567 2181 deque
2616 2111 2807 2167 delatis
2842 2114 2914 2169 ab
2975 2114 3230 2171 omnibus
3275 2115 3503 2172 honori-

1930 2203 2033 2257 bus
2063 2202 2318 2273 gloriaris
2345 2201 2369 2255 ?
2420 2202 2574 2257 Itane
2611 2203 2832 2275 ignoras
2858 2243 2875 2268 ,
2924 2206 3209 2262 mortalem
3243 2214 3298 2262 te
3328 2223 3449 2265 esse
3480 2247 3498 2272 .

1930 2298 2132 2345 terram
2181 2303 2303 2345 esse
2338 2299 2392 2345 ct
2449 2290 2506 2345 in
2536 2296 2741 2348 terram
2793 2298 3198 2351 reversurum?
3248 2298 3502 2354 Circum-

1933 2382 2082 2454 Spice
2116 2399 2233 2448 eos,
2285 2385 2376 2455 qui
2406 2394 2533 2441 ante
2566 2393 2617 2441 te
2650 2385 2916 2458 (legerunt
2944 2389 2998 2445 in
3036 2391 3306 2446 similibus
3327 2393 3504 2463 splen-

1931 2474 2176 2529 doribus.
2210 2473 2314 2530 Ubi
2349 2485 2479 2531 sunt
2515 2478 2606 2548 qui
2641 2480 2993 2549 magistratus
3024 2480 3216 2538 civiles
3244 2484 3505 2553 gessere?

1931 2568 2026 2624 ubi
2059 2567 2220 2640 534
2248 2569 2494 2626 rhetores
2533 2571 2612 2625 illi
2640 2571 3134 2643 inexpugnabiles?
3159 2575 3503 2630 exercituum

1931 2660 2119 2723 duces,
2159 2666 2410 2729 satrapae,
2472 2661 2736 2731 tyranni?
2797 2662 2993 2718 Annon
3048 2664 3229 2721 omnia
3275 2666 3451 2736 pulvis
3480 2665 3506 2719 ?

1933 2766 2115 2805 annon
2167 2751 2351 2831 omnia
2409 2749 2644 2805 fabula?
2702 2768 2885 2808 annon
2943 2755 3189 2825 ipsorum
3236 2757 3504 2812 memoria

1933 2850 2290 2898 conservatur
2339 2843 2393 2897 in
2430 2845 2621 2913 paucis
2650 2847 2910 2902 ossibus?
2966 2847 3287 2919 ConSpicito
3320 2852 3506 2920 sepul-

1932 2951 2025 2991 cra
2058 2975 2074 3000 ,
2130 2953 2261 2992 num
2302 2941 2479 3008 possis
2530 2954 2749 2995 servum
2795 2939 2864 2993 ab
2898 2938 3065 3006 hero,
3123 2949 3178 2995 et
3210 2956 3503 3012 pauperem

1936 3042 1965 3080 a
2000 3027 2167 3083 divite
2195 3028 2525 3087 discernere.
2561 3030 2837 3097 Discerne,
2872 3032 2916 3085 si
2946 3047 3055 3101 quo
3087 3031 3250 3086 modo
3300 3042 3452 3103 potes
3486 3074 3502 3094 .

1938 3118 2178 3173 vinetum
2215 3135 2245 3172 a
2276 3137 2402 3192 rege
2427 3163 2443 3188 ,
2472 3121 2665 3177 fortem
2695 3137 2726 3174 a
2752 3120 2916 3178 debili
2947 3161 2964 3187 ,
2998 3121 3300 3179 formosum
3341 3139 3372 3178 a
3410 3124 3508 3179 de-

1938 3210 2119 3266 formi.
2156 3209 2346 3284 Itaque
2397 3222 2608 3270 natura:
2645 3213 2688 3270 si
2724 3214 3043 3271 memineris
3072 3254 3089 3280 ,
3136 3230 3415 3287 nunquam
3457 3229 3509 3271 te

1935 3303 2183 3360 extolles.

2007 3398 2061 3452 Δ.
2087 3396 2164 3468 (6)
2198 3394 2329 3463 Quae
2346 3398 2491 3453 enim
2523 3398 2732 3453 utilitas
2758 3404 2843 3454 est
2873 3396 3027 3453 diviti
3067 3384 3350 3465 morienti,
3379 3412 3507 3454 cum

1939 3504 2047 3543 non
2084 3496 2246 3560 queat
2281 3505 2470 3545 secum
2518 3488 2735 3544 auferre
2775 3489 3041 3559 divitias?
3073 3492 3165 3561 qui
3212 3490 3425 3547 scilicet
3454 3492 3510 3545 id

1938 3595 2006 3634 ex
2055 3594 2241 3633 earum
2289 3580 2641 3650 possessione
2689 3580 2936 3636 lucratus
2992 3580 3065 3636 sit
3107 3581 3308 3647 solum,
3361 3583 3510 3653 quod

1939 3669 2114 3740 ipsius
2160 3670 2343 3724 anima
2388 3670 2447 3725 in
2493 3671 2598 3726 hac
2650 3672 2763 3726 vita
2814 3672 2883 3727 ab
2919 3670 3298 3729 adulatoribus
3347 3674 3511 3729 beata

1939 3761 2233 3834 praedicata
2266 3763 2360 3818 sit.
2406 3762 2606 3818 Verum
2642 3778 2766 3819 cum
2807 3763 3065 3827 moritur,
3110 3779 3221 3819 non
3265 3773 3512 3820 assumat

1940 3868 2157 3908 omnem
2212 3853 2357 3909 hanc
2395 3854 2734 3924 opulentiam
2771 3854 2902 3909 :vix
2936 3853 3317 3909 indumentum
3357 3855 3510 3909 acci-

1940 3945 2071 4015 piet,
2121 3960 2229 4014 quo
2275 3945 2529 4015 pudenda
2561 3946 2684 4016 ejus
2721 3954 2995 4015 tegantur,
3030 3945 3216 4016 idque,
3252 3945 3299 4001 si
3328 3944 3511 4002 visum

1942 4037 2104 4092 fuerit
2146 4035 2371 4095 famulis
2421 4038 2600 4108 ipsum
2650 4038 3058 4094 amicientibus.
3102 4037 3248 4095 Bene
3285 4054 3409 4095 cum
3445 4055 3512 4093 eo

1943 4135 2125 4184 actum
2152 4127 2339 4194 fuerit,
2381 4129 2428 4185 si
2484 4128 2734 4201 exiguam
2783 4136 2988 4185 terram
3034 4130 3333 4197 sortiatur;
3362 4145 3513 4186 eam-

1942 4236 2050 4290 que
2074 4220 2180 4291 ipsi
2209 4235 2241 4274 a
2275 4219 2486 4277 funeris
2518 4220 2871 4277 curatoribus
2895 4222 3079 4276 datam
3118 4222 3188 4278 ob
3218 4222 3512 4278 commise-

1944 4310 2234 4376 rationem,
2282 4307 2378 4379 qui
2422 4307 2472 4363 ei
2514 4309 2705 4364 istbmc
2736 4315 3031 4378 praestant,
3084 4308 3156 4363 ob
3206 4309 3512 4363 communis

267 4396 373 4449 οὐκ
410 4395 558 4468 αὐτῷ
596 4401 959 4474 χαριζόμενοι,
992 4400 1128 4455 ἀλλά
1171 4400 1442 4471 τιμῶντες
1488 4400 1588 4470 τὴν
1627 4394 1834 4468 ἀνθρω-

1947 4401 2197 4467 humana:
2230 4407 2443 4455 natura:
2487 4401 2870 4464 reverentiam,
2901 4415 3012 4455 non
3050 4399 3101 4454 ei
3137 4398 3252 4455 haec
3278 4399 3515 4470 largien-

270 4486 505 4559 πότητα.
543 4489 706 4542 ’Ὠστε
742 4493 893 4547 οὐδὲν
918 4492 1026 4546 τῶν
1070 4495 1128 4546 ὲν
1171 4492 1249 4564 τῷ
1284 4491 1382 4564 βίῳ
1433 4489 1706 4563 τερπνῶν,
1758 4490 1844 4557 ἐφ’

269 4570 349 4629 ὧν
383 4580 433 4631 οἱ
455 4578 671 4644 πλείους
715 4585 1040 4654 μεμήνασιν,
1076 4583 1345 4653 ἡμέτερον
1385 4581 1554 4646 ὅντως
1598 4580 1768 4643 ἐστὶν,
1810 4578 1845 4649 ἢ

271 4670 523 4738 γενέσθαι
561 4674 836 4742 πέφυκεν·
880 4675 996 4728 ἀλλ’
1037 4676 1240 4747 ὁμοίως
1286 4675 1540 4729 ἁπάντων
1586 4671 1845 4741 ἀλλότρια

273 4763 546 4833 φαίνεται,
580 4765 689 4819 τῶν
731 4783 790 4819 τε
835 4767 1126 4823 ἀπολαύειν
1168 4767 1490 4832 δοκούντων,
1528 4764 1639 4819 τῶν
1677 4782 1736 4818 τε
1782 4765 1843 4818 οὐ

273 4855 759 4924 προσπελαζόντων
786 4860 989 4924 αὐτοῖς.
1031 4860 1106 4923 Οὐ
1128 4859 1238 4931 γὰρ
1278 4862 1329 4913 εἰ
1370 4857 1570 4930 χρυσόν
1604 4874 1748 4922 τινες
1787 4856 1846 4910 ὲν

273 4944 354 5016 τῷ
380 4945 479 5015 βίῳ
512 4946 863 5016 συναγάγοιεν
896 4950 1149 5013 ἄπλετον,
1187 4950 1317 5013 ἴδιος
1349 4948 1533 5003 αὐτῶν
1569 4947 1721 5019 μένει
1768 4947 1848 5000 δι-

270 5037 518 5108 ηνεκῶςθ
544 5037 658 5093 ἀλλ’
690 5040 723 5110 ἢ
757 5037 965 5104 ζῶντας
996 5041 1077 5096 ἔτι
1102 5040 1439 5111 πανταχόθεν
1483 5040 1645 5094 αὐτὸν
1686 5057 1846 5111 περι-

274 5127 606 5199 σφίγγοντας
645 5131 1046 5205 ἀποδιδράσκει,
1101 5133 1257 5205 πρὸςι
1278 5132 1404 5197 τοὺς
1452 5132 1849 5203 δυνατωτέρους

349 5320 428 5393 (l)
464 5322 772 5395 Ilpoq‘drw.
817 5324 911 5382 Sic
951 5326 1114 5383 etiam
1158 5328 1301 5385 idem
1346 5329 1520 5384 codex
1560 5343 1683 5382 cum
1717 5343 1850 5383 con—

273 5392 453 5466 textu.
484 5392 640 5466 Editi
661 5392 906 5466 προάγω.

475 5461 598 5517 Τῶν
616 5461 895 5544 ἐνέαῦθα.
923 5464 1494 5544 HjcquoqueRegius
1519 5466 1850 5544 (ξοδεχ-ροη-

278 5535 448 5609 sentit
474 5546 597 5609 cum
633 5543 910 5609 contextu.
948 5535 1097 5609 Editi
1125 5535 1396 5609 habebant
1421 5538 1522 5609 τῆς
1557 5537 1807 5609 ivvat-10a.

352 5602 428 5671 (5)
467 5603 631 5671 Μέγα
656 5605 910 5673 φρονεῖς.
945 5605 1036 5660 Sic
1084 5608 1269 5663 Basilii
1313 5602 1623 5664 contextus.
1666 5607 1848 5664 Codex

279 5670 485 5742 .iegtus
514 5670 887 5747 μεγαὶρρονεῖςᾲ
916 5675 1054 5731 Editi
1084 5678 1514 5750 μεγαλοφρονεῖς.

1945 4498 2066 4555 ιεε,
2121 4490 2218 4546 sed
2267 4490 2567 4545 humanam
2612 4498 2864 4546 naturam
2930 4490 3140 4547 honore
3196 4489 3512 4546 allicientes.

1946 4581 2023 4653 (7)
2046 4584 2236 4653 Itaque
2254 4581 2393 4636 nihil
2421 4596 2613 4636 eorum
2647 4598 2770 4653 qua:
2795 4582 2852 4637 in
2878 4582 2989 4636 vita
3009 4581 3250 4652 jucunda
3278 4588 3426 4644 sunt,
3461 4590 3519 4637 et

1946 4691 2178 4746 quorum
2219 4676 2395 4748 gratia
2450 4675 2699 4747 plerique
2734 4673 3053 4735 insaniunt,
3094 4687 3222 4727 vere
3260 4680 3514 4727 nostrum

1946 4779 2052 4834 est,
2085 4775 2179 4822 aut
2208 4782 2274 4823 ex
2304 4783 2365 4823 se
2420 4782 2544 4823 esse
2577 4773 2766 4837 posset
2807 4784 2822 4821 :
2851 4766 2947 4819 sed
2982 4765 3098 4834 ipsa
3136 4763 3394 4817 omnibus
3423 4777 3522 4831 pa-

1945 4860 2083 4916 riter
2108 4867 2393 4923 extranea,
2420 4867 2536 4913 tum
2592 4858 2661 4912 iis
2706 4857 2799 4926 qui
2843 4855 2923 4910 eis
2962 4854 3068 4908 frui
3102 4852 3381 4915 videntur,
3405 4861 3517 4904 tum

1947 4952 2018 5007 iis
2046 4951 2138 5021 qui
2159 4966 2228 5006 ne
2258 4951 2350 5005 illa
2381 4949 2600 5021 quidem
2629 4949 2927 5019 attingunt.
2954 4944 3065 4999 Nec
3096 4945 3243 4999 enim
3273 4944 3317 4999 si
3336 4941 3432 5012 qui
3463 4944 3521 4997 in

1947 5043 2057 5097 vita
2087 5042 2382 5113 plurimum
2439 5041 2557 5095 auri
2581 5039 2980 5111 congesserint,
3021 5037 3074 5090 id
3101 5037 3344 5104 ipsorum
3384 5047 3516 5103 prn-

1949 5131 2129 5202 prium
2158 5139 2423 5203 perpetuo
2455 5138 2678 5198 manet;
2708 5127 2805 5186 sed
2838 5136 2932 5181 aut
2996 5126 3173 5181 adhuc
3210 5124 3518 5179 viventibus

2023 5327 2101 5393 (4)
2136 5326 2217 5381 Ex
2248 5326 2397 5381 hom.
2430 5327 2482 5380 in
2513 5327 2652 5395 psal.
2687 5341 2801 5389 xw,
2830 5324 2956 5395 352.

2031 5388 2101 5461 [5)
2139 5396 2217 5451 Ex
2256 5399 2402 5452 hom.
2436 5398 2488 5450 in
2514 5388 2678 5461 illud,
2708 5388 2931 5449 Attende
2967 5391 3060 5445 tibi
3098 5391 3220 5460 ipsi,
3252 5388 3343 5444 21.

2024 5416 2079 5535 ὶο
2139 5416 2217 5451 ωε
2256 5416 2488 5479 n0lll..ln
2524 5416 2678 5461 muo,
2708 5416 2931 5449 Attenae
2967 5416 3016 5444 ιιι

2046 5416 2101 5535 6)
2135 5467 2213 5521 Ex
2247 5467 2391 5522 hom.
2418 5483 2473 5520 tu
2498 5468 2637 5534 psal-
2663 5481 2853 5535 vaut,
2892 5463 3016 5535 1787.

2025 5528 2098 5607 (7)
2139 5536 2218 5591 Ex
2253 5538 2402 5594 hom.
2457 5528 2610 5603 Quod
2664 5533 2951 5590 mundanis
2998 5528 3372 5588 adltttreudum
3415 5544 3525 5588 non

1950 5606 2041 5675 sit,
2068 5606 2190 5664 165.
