3874 6224
394 344 532 404 1263
1272 340 1632 395 APPENDIX.
1672 369 1740 380 —
1778 335 1962 392 SYME

2070 336 2123 388 IS
2161 337 2704 395 .llliTAl’llRAST/‘E
3515 342 3650 397 1284

393 479 459 519 ac
485 460 621 516 illud
655 459 895 529 undique
950 456 1459 527 constringentibus
1490 455 1729 510 elabitur
1772 452 1837 507 ad
1877 467 1963 520 po-

2080 454 2423 524 μεταρῤυεὶς,
2467 454 2670 525 ἢπρὸς
2711 454 2789 525 τῷ
2836 454 3050 526 Θανάτῳ
3099 456 3503 529 γεγενημένους
3550 459 3652 528 ἥδη

392 556 659 612 tentiores
687 551 933 616 afﬂuens,
962 558 1056 604 aut
1073 550 1184 619 jam
1220 556 1449 603 mortem
1475 553 1795 617 appetentes
1825 545 1963 597 dese

2078 545 2496 616 καταλιμπάνει,
2522 547 2617 598 καὶ
2645 547 2745 599 οὐκ
2789 545 2960 601 ἐθέλει
2985 549 3101 609 τοῖς
3123 548 3492 618 κτησαμένοις
3532 566 3632 601 συν

393 649 489 711 rit,
514 660 615 702 nec
644 643 765 699 vult
798 658 906 697 una
939 656 1064 695 eum
1107 642 1176 695 iis
1220 639 1314 709 qui
1355 641 1534 709 ipsum
1566 643 1963 706 compararunt.

2076 635 2351 706 εκδημεῖν.
2396 636 2534 689 Ἀλλ’
2566 639 2619 690 οἱ
2653 636 2752 707 μὲν
2792 638 2897 691 ὑπὸ
2929 638 3024 691 τοῦ
3052 639 3188 709 πρὸς
3233 638 3357 709 βίαν
3398 639 3639 711 χωρίζον

393 753 624 813 peregre
649 734 950 807 proficisci.
977 731 1085 788 Sed
1109 731 1163 786 hi
1184 730 1404 801 quidem
1428 729 1496 784 ab
1525 744 1610 792 eo,
1651 728 1744 796 qui
1770 728 1819 779 vi
1856 728 1963 779 ani-

2074 745 2166 791 τος
2195 728 2293 792 τὰς
2314 728 2493 800 ψυχὰς
2514 732 2613 801 τῆς
2634 729 2976 802 ταλαιπώρου
3012 731 3214 800 ταύτης
3257 732 3462 803 σαρκὸς
3497 732 3638 785 ἑλκό-

394 846 515 887 mas
552 845 583 884 a
612 829 814 883 misera
844 827 944 879 hac
993 838 1158 878 carne
1184 829 1425 892 separat,
1456 820 1524 876 ad
1566 819 1963 875 ineluctabilcm

2078 838 2227 892 μενοι
2257 821 2394 892 πρὸς
2425 822 2523 892 τήν
2554 822 2858 890 ἀναγκαίαν
2884 822 3022 888 ὁδὸν,
3050 823 3231 877 πυκνά
3279 826 3650 895 μεταστρεῴ-

395 921 775 992 migrationem
827 916 1011 980 tracti,
1053 914 1366 984 frequenter
1399 918 1782 968 convertentes
1814 926 1873 965 se
1903 908 1963 962 ad

2078 931 2225 984 μενοι
2253 912 2391 984 πρὸς
2426 913 2494 966 τά
2541 916 2820 985 χρήματα,
2863 916 2992 978 τοὺς
3031 916 3095 968 ὲκ
3133 915 3385 985 νεότητος
3424 917 3514 968 ἐπ’
3558 916 3626 969 αὖ

394 1012 680 1081 pecunias,
703 1007 935 1062 sudores
954 1020 1093 1077 quos
1117 1020 1147 1057 a
1174 1004 1466 1073 iuventute
1497 1003 1567 1058 ob
1589 1017 1681 1056 eas
1719 1001 1963 1063 emisere,

2071 1007 2185 1068 τοῖς
2216 1005 2448 1077 ἱδρῶτας
2484 1006 2948 1078 ἀποδακρύουσιν·
2994 1006 3024 1058 ὁ
3066 1006 3297 1070 πλοῦτος
3331 1008 3389 1059 δὲ
3423 1008 3507 1071 είς
3536 1007 3648 1060 ἑτέ-

392 1103 716 1173 deplorant;
760 1100 963 1156 divitiae
996 1113 1127 1153 vero
1159 1097 1216 1152 in
1256 1097 1464 1151 alienas
1490 1109 1687 1149 manus
1741 1092 1963 1147 commi-

2075 1115 2183 1169 ρων
2210 1102 2396 1168 χεῖρας
2424 1099 2545 1170 ὁρᾷ,
2585 1101 2747 1170 μόνον
2790 1100 3021 1164 ἐκείνοις
3048 1098 3142 1152 τὸν
3179 1099 3274 1153 ἐπὶ
3315 1103 3383 1170 τῇ
3417 1099 3651 1171 συλλογῇ

393 1202 574 1263 grant,
617 1201 975 1264 posteaquam
1004 1191 1181 1245 solum
1234 1189 1344 1244 illis
1389 1187 1682 1257 colligendi
1725 1186 1969 1240 laborem

393 1297 556 1358 atque
600 1286 844 1340 avaritiae
895 1282 1105 1337 crimen
1153 1281 1474 1336 asciverint.
1521 1278 1711 1349 Neque
1761 1278 1806 1332 si
1844 1278 1969 1346 quis

396 1381 682 1433 innumera
744 1384 905 1430 terra:
953 1372 1146 1444 jugera
1199 1370 1500 1443 possideat,
1556 1378 1611 1426 et
1654 1369 1970 1439 magnificas

392 1470 556 1532 aedes,
611 1477 665 1523 et
718 1465 1077 1520 animantium
1126 1479 1320 1534 greges
1353 1463 1533 1517 omnis
1574 1462 1813 1531 generis,
1857 1459 1971 1514 fue-

393 1562 575 1632 ritque
603 1561 846 1614 humano
866 1558 1016 1610 omni
1034 1564 1316 1627 potentatu
1343 1562 1556 1625 scptus,
1596 1553 1682 1608 his
1704 1560 1970 1623 perpetuo

396 1650 595 1704 fruitur
637 1667 650 1703 :
709 1646 805 1703 sed
853 1660 1043 1701 eorum
1098 1644 1359 1700 dominus
1405 1644 1557 1699 brevi
1601 1643 1783 1698 dictus
1833 1651 1970 1696 tem-

397 1760 550 1817 pore,
566 1743 687 1797 aliis
704 1757 891 1798 rursus
914 1755 1045 1811 opes
1066 1740 1228 1803 cedit,
1248 1741 1423 1809 ipsum
1449 1752 1576 1793 vero
1600 1736 1793 1808 exigua
1808 1736 1969 1790 tellus

2076 1189 2269 1259 μόχθον
2302 1189 2398 1243 καὶ
2446 1190 2508 1243 τὸ
2550 1192 2648 1262 τῆς
2684 1190 2994 1256 πλεονεξίας
3030 1190 3281 1261 ἔγκλημα
3312 1192 3652 1262 προστριψά-

2075 1299 2253 1351 μενος.
2277 1281 2414 1336 Οὔτε
2448 1285 2499 1335 εί
2534 1284 2627 1336 ἐπὶ
2660 1285 2764 1353 γῆς
2796 1282 3006 1354 πλέθρα
3043 1283 3308 1353 κτήσαιτο
3340 1300 3427 1346 τις
3461 1283 3651 1353 μυρία,

2071 1373 2165 1426 καὶ
2203 1373 2640 1446 μεγαλοπρεπεῖς
2689 1375 2889 1442 οἰκίας,
2937 1374 3032 1428 καὶ
3072 1374 3227 1439 ζώων
3266 1374 3472 1441 ἀγέλας
3513 1390 3651 1426 πανο

2069 1466 2336 1532 τοδαπῶν,
2369 1468 2464 1520 καὶ
2494 1467 2592 1537 τὴν
2612 1468 2669 1519 ἐν
2697 1466 3003 1539 ἀνθρώποις
3026 1466 3244 1520 ἅπασαν
3268 1467 3652 1538 περιϐάλλοιτο

2067 1556 2404 1621 δυναστείαν,
2450 1554 2709 1609 ἀπολαύοι
2755 1555 2822 1608 δι’
2865 1554 3059 1620 αίῶνος
3105 1555 3313 1608 αὐτῶν·
3352 1556 3442 1608 ἐπ’
3471 1554 3652 1623 ὀλίγον

2068 1646 2125 1700 δὲ
2170 1646 2359 1719 κύριος
2402 1647 2605 1701 τούτων
2640 1647 2716 1719 (‘2)
2747 1647 3087 1717 ὀνομασθείς,
3126 1646 3311 1710 ἄλλοις
3346 1647 3516 1701 πάλιν
3554 1650 3651 1716 τῆς

2069 1740 2329 1817 εὐπορίας
2371 1741 2717 1810 ὲκστήσεται,
2767 1738 3024 1809 βραχεῖαν
3060 1739 3165 1810 γῆν
3211 1740 3375 1802 αὐτὸς
3427 1739 3649 1802 ὑποδύς.

395 1835 663 1891 recondit.
697 1834 808 1887 lmo
823 1832 985 1887 etiam
1015 1845 1159 1902 saepe
1190 1820 1323 1886 ante
1334 1830 1693 1899 sepulturam,
1729 1837 1783 1883 et
1812 1834 1963 1882 ante-

2072 1829 2341 1893 Πολλάκις
2372 1829 2547 1883 δὲκαὶ
2581 1830 2687 1902 πρὸ
2708 1828 2803 1882 τοῦ
2835 1830 3029 1898 τάφου,
3060 1830 3157 1884 καί
3192 1830 3301 1900 πρὸ
3334 1829 3440 1899 τῆς
3469 1827 3651 1881 ἐντεῦ-

397 1943 557 1999 quam
601 1925 731 1980 hinc
788 1923 1057 1987 discedat,
1112 1923 1318 1977 videbit
1369 1936 1468 1975 sua
1519 1920 1663 1976 bona
1705 1918 1772 1972 ad
1806 1918 1965 1982 alios,

394 2034 599 2090 eosque
651 2016 886 2072 fortasse
911 2015 1163 2070 inimicos
1185 2056 1199 2079 ,
1229 2016 1488 2069 transire.
1530 2012 1614 2067 An
1650 2012 1966 2083 ignoramus

395 2125 560 2181 quam
582 2108 739 2163 multi
796 2108 1125 2178 agri,quam
1172 2105 1359 2161 multa:
1389 2105 1557 2169 aedes,
1587 2118 1751 2174 quam
1784 2103 1968 2158 multa:

394 2210 583 2274 gentes
613 2215 677 2254 ac
720 2201 995 2263 civitates,
1029 2198 1194 2255 etiam
1225 2196 1405 2252 adhuc
1448 2195 1757 2252 viventibus
1787 2193 1879 2265 qui
1902 2209 1967 2249 ea

393 2294 770 2365 possederant,
801 2292 1034 2346 aliorum
1057 2289 1407 2345 dominorum
1433 2288 1654 2343 nomina
1685 2288 1967 2359 prioribus

314 2400 317 2405 ‘
393 2386 574 2441 exutis
629 2382 949 2439 induerint?
1001 2389 1056 2437 et
1093 2381 1551 2451 quemadmodum
1604 2380 1643 2433 ii
1694 2379 1787 2450 qui
1835 2378 1965 2433 olim

394 2474 647 2533 servituti
699 2473 1115 2535 addicebantur,
1162 2469 1589 2527 conscenderint
1626 2468 1965 2538 principatus

393 2569 654 2624 thronum
687 2586 700 2622 :
730 2566 823 2637 qui
849 2580 978 2621 vero
1027 2564 1237 2621 domini
1271 2564 1498 2633 lierique
1529 2561 1887 2628 vocabantur,
1916 2561 1963 2616 si

391 2676 520 2716 cum
542 2658 779 2716 subditis
811 2660 1087 2722 sederent,
1127 2658 1267 2712 bene
1293 2671 1480 2711 secum
1507 2661 1691 2710 actum
1715 2652 1965 2709 arbitrati

394 2753 526 2817 sint,
559 2767 625 2807 ac
675 2751 1072 2807 succubuerint
1124 2749 1242 2806 suis
1286 2750 1533 2819 ipsorum
1563 2746 1964 2812 servis,rebus,

394 2844 540 2898 velut
570 2844 625 2896 in
683 2854 1016 2899 tesserarum
1055 2841 1418 2905 circumactu,
1459 2840 1755 2911 derepente
1783 2850 1967 2894 trans-

393 2936 657 2992 mutatis?

464 3030 518 3084 5.
561 3028 635 3101 (l)
661 3027 1110 3096 Quandoeunque
1134 3024 1357 3081 herbam
1381 3024 1493 3081 feni
1519 3035 1572 3080 et
1612 3023 1801 3080 florem
1835 3039 1969 3080 con-

2068 1923 2161 1977 θεν
2221 1924 2687 1987 ἀπαναστάσεως,
2747 1925 2826 1986 είς
2881 1922 3137 1994 ἑτέρους,
3204 1924 3303 1975 καὶ
3352 1922 3650 1992 πολεμίους

2066 2016 2257 2088 τυχὸν,
2312 2016 2412 2087 τὴν
2466 2014 2774 2087 εὐπραγίαν
2826 2014 3016 2084 ὄψεται
3074 2012 3531 2085 μεταϐαίνουσαν.
3578 2013 3649 2065 Ἦ

2067 2110 2167 2161 οὐκ
2190 2110 2366 2179 ἴσμεν,
2404 2107 2594 2160 ὁπόσοι
2626 2106 2725 2178 μὲν
2753 2106 2933 2176 ἀγροὶ,
2962 2105 3129 2158 πόσαι
3165 2102 3224 2156 δὲ
3266 2103 3463 2165 οἰκίαι,
3509 2100 3651 2154 πόσα

2067 2198 2124 2251 δὲ
2150 2197 2278 2268 ἔθνη
2306 2197 2401 2251 καὶ
2432 2195 2635 2260 πόλεις,
2682 2196 2776 2249 καὶ
2802 2192 3020 2260 ζώντων
3052 2193 3130 2266 (5)
3175 2192 3256 2246 ἔτι
3292 2192 3406 2246 τῶν
3445 2208 3650 2263 κτησα-

2072 2288 2271 2360 μένων,
2318 2288 2520 2359 έτέρων
2568 2286 2807 2358 ὀνόματα
2840 2284 3292 2356 μετημφιάσαντο
3330 2283 3649 2346 δεσποτῶν;

2068 2383 2162 2437 καὶ
2192 2383 2268 2446 ὡς
2294 2382 2343 2435 οἱ
2370 2381 2468 2453 μὲν
2501 2380 2667 2434 πάλαι
2696 2378 3055 2444 δουλεύοντες,
3099 2377 3193 2431 ἐπὶ
3221 2376 3316 2430 τὸν
3336 2376 3438 2444 τῆς
3472 2374 3651 2446 ἀρχῆς

2069 2473 2255 2546 θρόνον
2280 2472 2554 2544 ἀνέδησαν
2573 2489 2589 2504 ’
2631 2472 2681 2524 oi
2730 2470 2788 2524 δὲ
2825 2470 3004 2542 κύριοι
3034 2469 3128 2524 καὶ
3162 2462 3423 2522 δεσπόται
3454 2467 3651 2521 καλού-

2071 2582 2243 2637 μενοι,
2272 2567 2463 2636 στῆναι
2514 2563 2653 2634 μετά
2678 2562 2787 2617 τῶν
2826 2562 3141 2634 ἀρχομένων
3183 2562 3509 2632 ἠγάπησαν,
3559 2560 3654 2612 καὶ

2067 2663 2179 2725 τοῖς
2234 2658 2443 2714 ἑαυτῶν
2492 2657 2701 2722 δούλοις
2742 2656 3026 2726 ὑπέκυψαν
3050 2697 3066 2723 ,
3118 2655 3311 2727 ὥσπερ
3369 2658 3432 2708 ὲν
3469 2654 3651 2709 κύϐων

2068 2755 2448 2825 περιτροπαῖς,
2505 2750 2879 2823 μεταχθέντων
2935 2748 3091 2819 ἄφνω
3137 2748 3244 2802 τῶν
3305 2748 3653 2819 πραγμάτων

2068 2844 2253 2906 αὐτοῖς
2266 2860 2281 2908 ;

2140 3017 2191 3071 5.
2219 3018 2388 3071 Ὅταν
2417 3017 2532 3092 ἴδῃς
2574 3016 2804 3089 βοτάνην
2849 3018 3044 3091 χόρτου
3096 3017 3194 3071 καὶ
3222 3016 3408 3082 ἄνθος,
3456 3019 3541 3081 είς
3577 3017 3655 3069 ἔν-

388 3121 659 3192 spexeris,
681 3120 862 3175 veniat
884 3118 983 3174 tibi
1007 3119 1061 3173 in
1081 3126 1313 3174 mentem
1332 3116 1569 3172 humana
1589 3125 1807 3181 natura,
1825 3117 1963 3173 hanc

2070 3127 2216 3165 νοιαν
2282 3108 2442 3182 ἔρχου
2501 3111 2601 3182 τῆς
2639 3111 2986 3183 ἀνθρωπίνης
3017 3109 3252 3180 φύσεως,
3297 3110 3653 3181 μεμνημένος

393 3210 658 3279 sapientis
688 3207 840 3263 Isaia:
889 3206 1181 3277 imaginem
1219 3206 1534 3261 recordanti
1567 3223 1581 3261 :
1624 3207 1807 3259 Omnis
1838 3223 1963 3261 caro

2070 3203 2168 3273 τῆς
2199 3203 2405 3267 εἰκόνος
2435 3202 2530 3257 τού
2557 3203 2722 3274 σοφοῦ
2762 3202 3003 3270 Ἡσαΐου,
3047 3204 3130 3256 ὅτι
3155 3201 3336 3256 Πᾶσα
3380 3202 3547 3270 σὰρξ
3574 3202 3653 3265 ὡς

391 3310 448 3354 ut
482 3300 680 3370 fenum,
702 3307 753 3354 et
767 3298 936 3352 omnis
956 3298 1127 3369 gloria
1149 3296 1311 3367 535
1338 3296 1566 3351 hominis
1583 3307 1640 3350 ut
1655 3297 1754 3367 ﬂos
1772 3296 1880 3367 feni
1896 3297 1960 3352 ⁷ο.

391 3390 528 3446 Nam
558 3393 683 3446 vita:
700 3392 941 3447 brevitas
966 3431 981 3454 ,
1018 3398 1074 3444 et
1122 3389 1508 3459 prosperitatis
1541 3389 1792 3444 humanae
1829 3390 1966 3445 laeti-

391 3483 491 3545 tia,
534 3481 1056 3553 hilaritasquehaud
1089 3482 1181 3536 diu
1216 3481 1475 3536 duratura
1506 3483 1966 3541 accommodatis-

388 3574 587 3628 simam
626 3572 770 3644 apud
822 3575 1143 3646 prOphetam
1184 3575 1376 3629 sortita
1416 3583 1500 3630 est
1525 3574 1961 3635 similitudinem.

391 3660 565 3718 Hodie
595 3662 686 3733 qui
721 3662 879 3720 floret
925 3678 1179 3733 corpore,
1232 3665 1325 3734 qui
1361 3680 1474 3734 pra:
1528 3665 1745 3721 deliciis
1769 3682 1965 3722 carno-

391 3770 488 3810 sus
525 3764 628 3822 est,
652 3755 744 3827 qui
777 3755 1012 3810 colorem
1040 3772 1149 3826 pra:
1177 3757 1355 3811 aetatis
1379 3755 1511 3811 flore
1536 3752 1963 3814 efﬂorescentem

390 3860 505 3916 pra:
526 3861 586 3902 se
620 3845 745 3911 fert,
777 3847 872 3916 qui
922 3847 1069 3919 viget
1097 3856 1149 3901 et
1188 3861 1316 3901 acer
1347 3855 1454 3910 est,
1490 3854 1547 3901 et
1584 3846 1744 3916 cujus
1774 3848 1964 3918 nequit

391 3936 653 3990 sustineri
709 3935 966 4006 impetus,
1018 3935 1109 3990 hic
1142 3935 1283 3990 idem
1329 3952 1454 3992 cras
1493 3937 1825 3994 miserabilis
1854 3947 1960 4005 est,

386 4032 485 4079 aut
516 4033 759 4095 tempore
786 4024 1087 4089 marcidus,
1109 4033 1204 4078 aut
1230 4026 1424 4080 morbo
1447 4026 1771 4084 dissolutus.
1803 4027 1964 4095 Quis-

389 4119 534 4188 piam
577 4116 913 4172 divitiarum.
939 4118 1096 4187 copia
1122 4117 1404 4183 inclaruit,
1438 4117 1737 4190 ipsumque
1767 4120 1961 4175 adula-

388 4219 572 4263 torum
618 4209 941 4264 circumstat
982 4208 1316 4265 multitudo:
1345 4209 1499 4266 adest
1528 4211 1781 4268 lictorum
1824 4213 1963 4266 ami-

385 4320 608 4370 corum,
655 4305 889 4377 gratiam
919 4304 1068 4360 illius
1100 4304 1438 4367 venantium,
1481 4305 1776 4360 comitatus
1805 4323 1819 4359 :
1855 4304 1962 4360 fre-

389 4402 621 4466 quentes
671 4402 804 4452 sunt
852 4397 1269 4468 consanguinei,
1306 4396 1456 4467 iique
1481 4397 1850 4453 simulationis
1874 4411 1963 4451 ar-

2066 3295 2297 3364 χόρτος,
2325 3294 2426 3349 καὶ
2458 3292 2628 3349 πᾶσα
2667 3292 2817 3359 δόξα
2852 3291 3165 3361 ἀνθρώπου
3194 3292 3277 3358 ὡς
3313 3290 3504 3357 ἄνθος
3523 3292 3653 3359 χόρ-

2064 3404 2194 3442 του.
2224 3388 2298 3441 Τδ
2317 3386 2427 3459 γὰρ
2454 3386 2814 3459 ὀλιγοχρόνιον
2848 3386 2947 3455 τῆς
2983 3383 3150 3454 ζωῆς,
3174 3384 3274 3438 καὶ
3303 3383 3367 3437 τὸ
3398 3385 3461 3436 ὲν
3487 3383 3649 3451 ὀλίγῳ

2066 3480 2362 3553 περιχαρὲς
2409 3479 2502 3533 καὶ
2559 3478 2742 3549 ἱλαρὸν
2792 3479 2893 3549 τῆς
2936 3476 3286 3549 ἀνθρωπίνης
3318 3477 3647 3548 εὐημερίας.

2066 3572 2409 3645 κυριωτάτης
2437 3571 2588 3642 παρά
2609 3570 2689 3642 τῷ
2711 3571 2967 3642 προφήτῃ
2993 3569 3261 3640 τετύχηκε
3286 3569 3390 3639 τῆς
3418 3570 3643 3631 εἰκόνος.

2076 3663 2135 3716 '0
2158 3664 2395 3733 σήμερον
2426 3660 2659 3731 εὐθαλὴς
2696 3660 2774 3731 τῷ
2809 3658 3043 3731 σώματι,
3078 3659 3645 3732 κατασεσαρκωμένος

2067 3753 2172 3807 ὑπὸ
2199 3754 2430 3825 τρυφῆς,
2466 3751 2806 3806 ἐπανθοῦσαν
2833 3751 2971 3823 ἔχων
2999 3752 3098 3823 τὴν
3131 3752 3387 3824 εὔχροιαν
3420 3751 3528 3803 ὑπὸ
3552 3750 3643 3819 τῆς

2065 3846 2207 3901 κατά
2262 3846 2363 3918 τὴν
2403 3845 2621 3917 ἡλικίαν
2667 3846 2873 3917 ἀκμῆς,
2927 3843 3175 3916 σφριγῶν
3222 3845 3319 3898 καὶ
3372 3842 3643 3904 σύντονος,

2065 3939 2162 3993 καὶ
2206 3936 2576 4003 ἀνυπόστατος
2629 3936 2730 4011 τὴν
2784 3937 2981 4010 ὁρμὴν,
3041 3936 3231 4008 αὔριον
3275 3936 3444 3999 αὐτὸς
3489 3928 3641 3995 οὗτος

2066 4029 2317 4098 ἐλεεινὸς,
2358 4030 2395 4102 ἢ
2423 4030 2503 4102 τῷ
2537 4030 2713 4103 χρόνῳ
2740 4029 3056 4103 μαρανθεὶς,
3086 4030 3120 4100 ἢ
3160 4027 3304 4099 νόσῳ
3352 4025 3641 4087 διαλυθείς.

2076 4122 2134 4174 'O
2162 4121 2310 4175 δεῖνα
2337 4120 2697 4194 περίϐλεπτος
2742 4121 2837 4174 ἐπὶ
2874 4121 3174 4193 χρημάτων
3212 4119 3529 4192 περιουσία,
3554 4118 3647 4172 καὶ

2064 4211 2266 4285 πλῆθος
2289 4213 2418 4284 περὶ
2451 4212 2613 4266 αὐτὸν
2649 4211 2893 4267 κολάκων
2912 4230 2926 4243 ’
2958 4211 3252 4284 δορυφορία
3278 4209 3452 4280 φίλων
3486 4225 3645 4280 προσ-

2064 4304 2322 4375 ποιητῶν,
2349 4304 2448 4377 τὴν
2475 4305 2570 4358 ἀπ’
2594 4304 2758 4358 αὑτοῦ
2792 4304 2951 4377 χάριν
2972 4303 3417 4375 θεραπευόντωψ
3444 4299 3640 4369 πλῆθος

2066 4397 2402 4467 συγγενείας,
2451 4399 2546 4452 καὶ
2584 4396 2789 4469 ταύτης
2820 4395 3444 4467 κατεσχημσ.τισμένης⁹
3478 4389 3642 4458 ἑσμὸς

390 4485 563 4541 tiilcio
602 4486 802 4542 eruditi
837 4485 1030 4542 :adest
1076 4502 1267 4558 agmen
1301 4487 1620 4559 sequacium
1653 4488 1963 4543 innumero-

2070 4490 2172 4544 τῶν
2199 4489 2552 4561 ὲφεπομένων
2577 4489 2791 4562 μυρίος,
2823 4488 2933 4543 τῶν
2955 4505 3018 4542 τε
3051 4488 3146 4541 ἐπὶ
3191 4485 3376 4539 σιτίων
3408 4482 3511 4535 καὶ
3538 4480 3644 4533 τῶν

392 4591 535 4643 rum,
561 4577 656 4649 qui
676 4576 874 4647 partim
900 4576 1126 4648 parandi
1160 4577 1264 4633 sibi
1292 4579 1486 4649 gratia,
1513 4577 1709 4648 partim
1742 4577 1812 4633 ob
1827 4579 1961 4635 alias

394 4669 752 4724 necessitates
788 4668 894 4739 ipsi
930 4676 1113 4724 astant
1136 4683 1303 4739 :quos
1330 4670 1458 4724 dum
1480 4677 1534 4724 et
1560 4670 1768 4733 abiens,
1792 4679 1845 4726 et
1862 4671 1962 4725 ite-

388 4773 516 4813 rum
544 4756 785 4826 rediens,
813 4759 1199 4825 secumtrahit,
1227 4760 1284 4813 in
1314 4774 1374 4815 se
1394 4762 1798 4815 occurrentium
1829 4777 1962 4817 con-

387 4851 524 4905 citat
546 4850 824 4905 invidiam.
864 4852 1018 4907 Adde
1040 4851 1247 4907 divitiis
1273 4851 1438 4907 etiam
1468 4852 1685 4907 civilem
1716 4854 1957 4925 aliquam

389 4949 738 5012 potestatem,
792 4950 887 4997 aut
916 4943 1079 4998 etiam
1128 4944 1328 4998 dilatos
1373 4959 1402 4996 a
1442 4944 1663 5015 regibus
1696 4946 1953 5010 honores,

390 5042 484 5087 aut
512 5035 753 5105 gentium
786 5035 1256 5105 gubernationem,
1306 5045 1399 5090 aut
1418 5036 1755 5091 exercituum
1788 5038 1960 5109 impe-

387 5124 551 5190 rium,
607 5138 913 5194 praeconem
961 5142 1154 5199 magna
1181 5141 1312 5181 voce
1345 5134 1473 5183 ante
1505 5120 1683 5197 ipsum
1716 5130 1951 5184 claman-

386 5222 518 5281 tem,
556 5215 777 5274 lictores
808 5217 936 5272 ltinc
960 5226 1014 5274 et
1042 5219 1168 5275 inde
1205 5219 1447 5275 subditis
1476 5219 1724 5275 timorem
1741 5224 1955 5292 gravis-

386 5304 586 5362 simum
614 5306 937 5374 inferentes,
992 5310 1202 5381 plagas,
1240 5310 1635 5380 publicationcs
1664 5312 1955 5377 bonorum,

488 5463 535 5496 "
568 5461 674 5520 lsa.
713 5480 802 5531 IL,
843 5465 898 5521 6.

457 5620 536 5751 (ιγ
566 5618 642 5675 Ex
671 5623 817 5677 hom.
847 5639 882 5677 ν
910 5623 967 5677 in
994 5622 1274 5689 Hexaem.,
1312 5625 1402 5681 41.

458 5693 515 5751 (2
574 5692 788 5751 Κύριος
807 5693 1053 5747 τούτων.
1078 5692 1170 5749 Sic
1195 5697 1365 5750 codex
1392 5696 1402 5749 1

458 5692 536 5760 (2)
574 5692 788 5764 Κύριος
807 5692 1170 5768 τούτωνηβᾷο
1195 5697 1365 5768 codex
1392 5695 1613 5768 Regius,
1645 5698 1818 5756 multo
1842 5715 1958 5755 me—

380 5754 518 5826 llui,
548 5754 711 5831 quain
740 5754 887 5831 quod
922 5763 981 5817 in
1004 5763 1165 5819 editis
1201 5779 1265 5820 ac
1289 5765 1411 5837 ipso
1452 5754 1712 5826 contextu
1734 5754 1955 5841 legitur,

2067 4579 2185 4634 κατ’
2228 4579 2391 4643 ἄλλας
2438 4580 2630 4651 χρείας
2675 4579 2825 4651 αύτῷ
2866 4574 3367 4650 προσεδρευόντων·
3407 4570 3506 4635 οὓς
3554 4571 3645 4623 καὶ

2067 4670 2274 4743 προῖὼν
2312 4672 2405 4726 καὶ
2443 4672 2603 4726 πάλιν
2662 4670 2899 4726 ἐπανιὼν
2932 4671 3027 4724 καὶ
3059 4667 3476 4738 ἐπισυρόμενος,
3515 4663 3645 4716 ἐπί-

2066 4766 2258 4836 φθονός
2288 4767 2404 4820 ἐστι
2432 4768 2545 4829 τοῖς
2603 4766 3008 4836 ἐντυγχάνουσι.
3038 4759 3280 4833 Πρόσθες
3310 4756 3392 4826 τῷ
3430 4756 3645 4825 πλούτῳ

2067 4860 2161 4913 καὶ
2215 4857 2496 4930 πολιτικὴν
2540 4856 2874 4922 δυναστείαν,
2906 4856 2942 4926 ἢ
2980 4855 3085 4917 ,καὶ
3125 4852 3227 4915 τὰς
3278 4852 3345 4903 ἐκ
3378 4846 3645 4917 βασιλέων

2059 4951 2249 5023 τιμὰς,
2296 4951 2330 5022 ἢ
2376 4952 2545 5006 ἐθνῶν
2590 4951 2926 5022 ἐπιμέλειαν,
2957 4949 2992 5019 ἢ
3039 4943 3421 5018 στρατοπέδων
3451 4943 3647 5012 ἡγεμο-

2062 5045 2202 5108 νίαν,
2257 5046 2349 5098 τὸν
2395 5046 2609 5115 κήρυκα
2672 5045 2815 5115 μέγα
2860 5041 2968 5114 πρὸ
3015 5039 3181 5095 αὐτοῦ
3226 5036 3466 5108 βοῶντα,
3522 5033 3645 5095 τοὺς

2063 5136 2389 5208 ῥαϐδούχους
2420 5135 2573 5190 ἔνθεν
2606 5135 2703 5189 καὶ
2751 5134 2902 5188 ἔνθεν
2934 5130 3245 5204 βαρυτάτην
3302 5124 3644 5195 κατάπληξιν

2059 5230 2173 5291 τοῖς
2203 5228 2525 5301 ἀρχομένοις
2570 5227 2957 5297 ἐμϐάλλοντας,
3000 5223 3101 5286 τὰς
3136 5219 3377 5291 πληγὰς.
3422 5215 3525 5280 τὰς
3554 5215 3645 5283 ὅτ’

2063 5320 2303 5390 μεύσεις,
2338 5319 2438 5383 τὰς
2462 5319 2785 5388 ἀπαγωγὰς,
2811 5318 2881 5372 τὰ
2911 5313 3286 5387 δεσμωτήρια,
3318 5310 3381 5378 ἐξ
3400 5304 3479 5369 ὧν
3510 5309 3641 5380 ἀφό-

2065 5631 2174 5684 ἀπλ
2192 5630 2419 5693 τούτων,
2454 5631 2519 5682 ab
2542 5630 2622 5700 his
2653 5640 2863 5700 accepto
2893 5631 3102 5685 nomine

2138 5703 2235 5769 (5)
2270 5700 2534 5754 Ζώντων.
2574 5699 2720 5757 Hanc
2758 5697 2943 5756 vocem
2982 5698 3295 5755 addidimus
3337 5714 3406 5753 ex
3452 5697 3638 5753 codice

2068 5773 2233 5842 [legio
2266 5779 2319 5825 et
2342 5779 2621 5827 contextu.
