3874 6224
203 355 342 415 1265

1436 360 1668 417 ΞΕΡιλΙΟ
1705 359 1962 415 XL—DE
1998 360 2265 417 MORTE.

3309 359 3448 418 1266

202 489 365 546 ρητος
410 475 439 527 ὁ
487 473 594 527 τῶν
626 473 955 546 ὑποχειρίων
1003 475 1413 548 συναθροίζεται
1453 478 1632 548 φόϐος.
1664 478 1771 531 Καὶ

1876 475 2089 542 exsilia,
2151 478 2394 544 vincula,
2452 493 2485 534 e
2527 478 2730 549 quibus
2786 477 3144 534 intolerabilis
3188 478 3279 535 ille
3319 480 3449 536 sub-

198 564 251 615 τί
283 563 422 634 μετά
451 563 637 628 τοῦτο;
674 566 785 619 Μία
816 565 933 633 νὺξ,
969 566 1064 620 καὶ
1091 568 1329 639 πυρετὸς
1359 563 1463 633 εἷς,
1494 569 1527 638 ἢ
1553 568 1775 640 πλευρῖ·

198 673 302 719 τις,
353 656 387 728 ἢ
452 659 920 730 περιπνευμονίαι,
970 660 1317 733 ἀνάρπαστον
1365 663 1424 731 ἐξ
1473 664 1774 737 ἀνθρώπων

198 747 488 815 ἀπάγουσα
547 748 641 802 τὸν
694 749 980 823 ἄνθρωπον
1024 751 1250 823 οἴχεται,
1298 756 1477 808 πᾶσαν
1512 754 1612 828 τὴν
1653 758 1773 809 κατ’

198 838 361 891 αὐτὸν
411 838 615 910 σκηνὴν
649 839 910 912 ἐξαπίνης
958 843 1424 914 ἀπογυμνώσασα,
1463 843 1558 898 καὶ
1585 845 1619 915 ἡ
1649 844 1776 911 δόξα

198 931 382 1004 ἐκείνη
433 930 624 1003 ὥσπερ
674 932 926 989 ἐνύπνιον
1001 935 1341 1008 ἀπηλέγχθη.
1385 936 1550 990 Ὥστε
1593 937 1776 991 ἐπιτέ-

196 1037 422 1075 τευκται
462 1019 540 1092 τῷ
570 1022 827 1096 προφήτῃ
871 1025 907 1094 ἡ
941 1024 1079 1096 πρὸς
1103 1026 1167 1079 τὸ
1193 1026 1591 1098 ἀδρανέστατον
1617 1028 1775 1093 ἄνθος

195 1113 296 1182 τῆς
321 1110 674 1183 ἀνθρωπίνης
700 1112 862 1186 δόξης
887 1115 1165 1186 ὁμοίωσις.

265 1199 321 1255 6.
369 1199 531 1254 Ἀλλά
550 1202 674 1256 τίνα
697 1203 832 1273 ἡμῖν
857 1204 1211 1277 εὐπρόσωπον
1240 1206 1420 1262 αἰτίαν
1451 1208 1552 1279 τῆς
1578 1207 1774 1277 φειδω-

193 1289 317 1354 λίας
345 1291 396 1345 οί
428 1293 558 1364 περὶ
586 1295 688 1366 τὴν
729 1294 876 1367 ζωὴν
923 1296 1129 1370 ταύτην
1169 1301 1496 1373 ἐπτοημένοι
1537 1306 1778 1379 προϐάλ-

194 1380 418 1449 λονταις
448 1383 524 1437 Οὐ
568 1383 733 1438 πωλῶ
779 1384 848 1439 τά
886 1385 1221 1458 ὑπάρχοντα,
1266 1390 1387 1444 οὐδὲ
1423 1392 1618 1466 δίδωμι
1662 1399 1775 1461 τοῖς

195 1476 454 1544 πτωχοῖς,
502 1474 592 1529 διά
617 1475 717 1540 τὰς
740 1475 1047 1548 ἀναγκαίας
1084 1479 1273 1550 χρείας
1316 1481 1414 1535 τοῦ
1472 1482 1590 1554 βίου
1613 1502 1626 1515 -
1656 1488 1773 1541 ἀλλ’

191 1562 511 1629 ἀπολαύσας
538 1565 720 1620 αὐτῶν
761 1566 914 1637 παρά
965 1569 1149 1623 πᾶσάν
1183 1586 1287 1642 μου
1308 1572 1410 1643 τὴν
1439 1571 1607 1647 ζωὴν,
1636 1577 1774 1648 μετά

191 1654 292 1726 τὴν
318 1655 575 1729 τελευτὴν
601 1657 696 1711 τοῦ
722 1657 858 1730 βίου,
887 1659 1164 1732 διαδόχους
1194 1664 1490 1735 ποιήσομαι
1510 1666 1620 1721 τῶν
1648 1669 1775 1739 ἐμοὶ

191 1747 508 1818 προσόντων
544 1749 670 1814 τοὺς
728 1750 985 1821 πένητας.
1025 1752 1153 1807 Ὅτε
1204 1754 1387 1808 οὐκέτι
1438 1754 1537 1829 ἔσῃ
1578 1759 1636 1810 ἐν
1682 1761 1776 1814 ἀν-

1874 566 2145 633 jectorum
2201 574 2384 623 metus
2434 567 2764 623 concrescit.
2815 566 2955 634 Quid
2992 583 3122 624 vero
3153 575 3278 640 post
3312 569 3451 627 hoc?

1878 673 1986 713 una
2006 674 2137 723 nox,
2168 668 2262 713 aut
2296 673 2403 713 una
2430 659 2618 723 febris,
2646 666 2743 714 aut
2766 658 3034 729 pleuritis,
3053 668 3149 715 aut
3178 661 3449 730 pulmonis

1876 749 2254 814 inﬂammatio,
2309 749 2457 803 hunc
2506 748 2783 805 hominem
2829 764 2898 804 ex
2945 749 3257 806 hominibus
3292 750 3452 806 abre-

1877 851 2024 911 ptum
2075 839 2317 906 abducit,
2368 839 2519 895 illico
2544 854 2762 896 omnem
2806 839 2954 895 illius
2995 855 3215 904 scenam
3255 837 3447 906 nudat,

1876 940 2041 1003 atque
2086 932 2257 1004 gloria
2318 931 2414 987 illa
2454 947 2555 988 ceu
2608 933 2883 989 somnium
2932 947 3054 991 esse
3082 933 3445 990 convincitur.

1876 1021 2057 1089 Quare
2091 1030 2217 1095 apte
2245 1024 2511 1095 propheta
2552 1023 2849 1079 humanam
2878 1024 3106 1095 gloriam
3139 1038 3264 1077 cum
3293 1023 3449 1078 debi-

1878 1116 2087 1171 lissimo
2114 1113 2248 1172 flore
2289 1115 2648 1185 comparavit.

1948 1205 2004 1261 6.
2033 1206 2110 1277 ('5)
2141 1203 2250 1261 Sed
2277 1219 2574 1274 quamnam
2605 1203 2911 1275 speciosam
2931 1202 3284 1272 parcimonia:
3320 1215 3450 1256 cau—

1875 1310 1993 1351 sam
2018 1295 2181 1352 nobis
2215 1293 2450 1350 afferunt
2481 1294 2520 1349 ii
2558 1293 2653 1365 qui
2682 1292 2901 1349 attoniti
2944 1291 3110 1364 hujus
3132 1293 3257 1347 vitae
3284 1291 3447 1348 rebus

1874 1388 2013 1443 adeo
2045 1386 2296 1443 inhiant?
2314 1385 2436 1441 Non
2465 1386 2640 1443 vendo
2664 1400 2786 1456 quae
2810 1384 3004 1448 habeo,
3021 1398 3199 1453 neque
3221 1381 3292 1438 do
3318 1397 3447 1453 pau-

1874 1483 2116 1552 peribus,
2152 1482 2225 1538 ob
2239 1481 2585 1537 necessarios
2608 1480 2735 1536 vitae
2758 1494 2915 1535 usus.
2953 1476 3057 1535 Sed
3095 1484 3446 1549 posteaquam

1874 1571 2081 1627 divitiis
2116 1571 2318 1628 fruitus
2348 1572 2505 1627 fuero
2529 1586 2628 1642 per
2648 1584 2863 1636 omnem
2891 1568 3060 1623 vitam
3093 1582 3296 1634 meam,
3324 1577 3451 1637 post

1874 1659 2034 1714 finem
2069 1659 2194 1713 vitae
2245 1654 2381 1715 mea:
2425 1674 2698 1730 pauperes
2726 1658 3061 1715 constituam
3093 1657 3342 1713 hmredes
3369 1657 3449 1711 fa-

1875 1749 2140 1803 cultatum
2170 1764 2437 1805 mearum.
2482 1749 2621 1804 Cum
2673 1749 2790 1821 jam
2840 1764 2951 1804 non
2972 1748 3265 1804 versabere
3305 1749 3450 1802 inter

190 1835 455 1909 θρώποις,
487 1839 607 1892 τότε
636 1841 843 1914 γενήσῃ
891 1841 1271 1915 φιλάνθρωπος
1290 1862 1305 1877 ο
1334 1846 1463 1901 ὅταν
1492 1824 1683 1919 νεκρόν
1712 1867 1771 1903 σε

1875 1837 2145 1903 homines,
2175 1845 2290 1894 tum
2321 1837 2598 1894 humanus
2642 1838 2738 1894 fies
2761 1850 2815 1894 et
2846 1838 3123 1906 liberalis;
3148 1854 3273 1894 cum
3300 1854 3450 1893 mor-

190 1928 311 1993 ἴδω,
350 1930 473 1983 τότε
529 1931 669 1985 είπω
727 1931 1071 2004 φιλάδελφον.
1119 1934 1295 2008 Πολλή
1339 1953 1421 1992 σοι
1467 1940 1627 2010 χάρις
1670 1941 1770 2012 τῆς

187 2019 524 2092 φιλοτιμίας,
559 2023 641 2076 ὅτι
680 2025 738 2079 ἐν
771 2023 849 2096 τῷ
881 2025 1123 2097 μνήματι
1142 2028 1411 2099 κείμενος,
1446 2030 1541 2084 καὶ
1566 2034 1648 2094 εἰς
1666 2033 1770 2103 γῆν

184 2110 482 2176 διαλυθεὶς,
519 2111 679 2183 ἁδρὸς
723 2113 849 2187 γίνῃ
875 2118 997 2179 ταῖς
1031 2116 1297 2182 δαπάναις
1328 2119 1424 2173 καὶ
1453 2121 1767 2191 μεγαλόψυ-

185 2218 307 2272 χος.
337 2202 537 2268 Ποίων,
566 2204 689 2257 εἰπὲ
723 2222 838 2277 μοι,
881 2206 1092 2279 καιρῶν
1120 2210 1245 2273 τοὺς
1280 2210 1506 2281 μισθοὺς
1534 2213 1769 2286 ἀπαιτή-

187 2307 328 2356 σεις,
385 2293 495 2347 τῶν
546 2297 603 2348 ἐν
640 2298 708 2368 τῇ
746 2295 881 2370 ζωῇ,
915 2297 951 2369 ἢ
982 2298 1091 2352 τῶν
1121 2300 1258 2371 μετὰ
1292 2303 1394 2374 τὴν
1432 2303 1763 2373 ἁποϐίωσιν;

196 2386 346 2439 Ἀλλ’
374 2386 434 2442 ὃν
470 2388 568 2459 μὲν
598 2388 727 2461 ἔζης
752 2390 963 2463 χρόνον,
994 2392 1411 2466 καθηδυπαθῶν,
1441 2397 1613 2469 καὶτῇ
1637 2414 1766 2468 τρυ-

185 2479 265 2548 φῇ
323 2477 612 2549 διαρρέων,
640 2480 763 2534 οὐδὲ
794 2481 1158 2555 προσϐλέπειν
1191 2486 1404 2558 ἠνείχου
1441 2489 1570 2552 τοὺς
1594 2488 1763 2560 πένη-

182 2587 290 2634 τας
311 2585 325 2599 ’
388 2571 749 2640 ἀποθανόντος
770 2574 827 2628 δὲ
861 2575 935 2648 (1)
966 2576 1096 2631 ποία
1131 2579 1228 2650 μὲν
1258 2580 1496 2651 «pagg;
1530 2585 1680 2647 ποῖος
1706 2583 1764 2637 δὲ

188 2659 386 2727 μισθὸς
428 2662 693 2734 ἐργασίας
754 2664 1063 2734 ὀφείλεται;
1122 2667 1302 2733 Δεῖξον
1346 2669 1415 2729 τὰ
1459 2670 1625 2742 ἔργα,
1667 2675 1763 2726 καὶ

182 2750 412 2804 ἀπαίτει
460 2752 559 2815 τὰς
590 2754 907 2820 ἀντιδόσεις.
939 2757 1127 2821 Οὐδεὶς
1158 2759 1296 2829 μετά
1330 2761 1391 2814 τὸ
1417 2761 1640 2834 λυθῆναι
1663 2764 1763 2836 τὴν

183 2842 493 2915 πανήγυριν
535 2846 1020 2918 πραγματεύεται,
1063 2849 1183 2903 οὐδὲ
1215 2852 1355 2923 μετά
1382 2852 1510 2917 τοὺς
1547 2853 1763 2923 ἀγῶνας

182 2933 500 2989 ἐπανελθὼν
548 2938 942 3007 στεφανοῦται,
983 2941 1105 2996 οὐδὲ
1150 2943 1289 3015 μετά
1326 2944 1453 3009 τοὺς
1493 2946 1762 3019 πολέμους

183 3025 662 3124 ἀνδραγαθίζεται.
702 3032 777 3124 Οὐ
823 3033 1001 3089 τοίνυν
1046 3030 1173 3088 οὐδὲ
1193 3036 1333 3108 μετά
1368 3038 1466 3110 τὴν
1498 3038 1641 3124 ζωῂν
1674 3041 1764 3093 εύ-

1874 1937 2026 1985 tuum
2072 1936 2128 1986 te
2176 1930 2389 2004 videro,
2423 1937 2557 1986 tunc
2609 1929 2789 1985 dicam
2822 1939 2875 1986 te
2925 1929 3118 1988 fratris
3147 1939 3445 1985 amantem.

1874 2021 2039 2076 Multa
2069 2020 2169 2077 tibi
2198 2021 2483 2079 debebitur
2508 2022 2686 2094 gratia
2716 2023 2786 2077 ob
2815 2020 3268 2086 muniﬁcentiam,
3302 2024 3446 2091 quod

1871 2114 1924 2166 in
1954 2112 2205 2183 sepulcro
2229 2112 2424 2182 jacens
2480 2122 2533 2169 et
2560 2114 2616 2167 in
2641 2120 2848 2168 terram
2887 2113 3188 2178 resolutus,
3226 2113 3342 2183 jam
3390 2114 3451 2167 in

1871 2204 2180 2274 sumptibus
2211 2203 2477 2261 faciendis
2501 2206 2691 2276 largus
2718 2205 2999 2263 exstiteris
3028 2213 3194 2277 atque
3220 2220 3447 2277 magna-

1871 2297 2071 2353 nimus.
2117 2296 2217 2352 Dic
2262 2298 2431 2366 mihi,
2474 2314 2686 2369 quaeso,
2734 2312 3103 2369 quorumnam
3138 2305 3447 2369 temporum
3560 2330 3575 2339 ο

1868 2387 2175 2444 mercedem
2208 2403 2524 2461 rexposces,
2574 2404 2842 2446 eorumne
2896 2390 3101 2461 quibus
3133 2389 3341 2455 vixisti,
3376 2405 3451 2443 an

1865 2495 2079 2548 eorum,
2129 2495 2252 2552 quae
2305 2489 2430 2551 post
2466 2488 2698 2538 mortem
2737 2488 2928 2539 secuta
2964 2482 3144 2538 sunt?
3190 2479 3296 2537 Sed
3336 2496 3448 2551 quo

1866 2579 2111 2642 tempore
2161 2571 2413 2640 vivebas,
2469 2574 2846 2645 voluptatibus
2877 2573 3099 2630 deditus
3140 2582 3196 2629 et
3232 2572 3447 2629 deliciis

1865 2664 2137 2733 difﬂuens,
2181 2679 2252 2722 ne
2297 2665 2541 2737 aspicere
2590 2666 2814 2736 quidem
2857 2681 3058 2739 egenos
3111 2665 3442 2722 sustinuisti.

1861 2753 1983 2811 Jam
2021 2762 2204 2814 autem
2231 2772 2481 2829 quaenam
2512 2759 2658 2815 actio
2680 2766 2767 2815 est
2790 2760 3036 2813 mortui?
3064 2775 3187 2831 quae
3219 2772 3446 2829 quoque

1863 2851 2048 2922 operis
2074 2864 2287 2907 merces
2328 2852 2596 2908 debetur?
2645 2850 2886 2908 Ostende
2912 2868 3101 2924 opera,
3131 2858 3187 2907 et
3213 2866 3445 2923 reposce

1864 2945 2387 3001 remunerationem.
2404 2944 2574 3000 Nemo
2598 2947 2796 3013 solutis
2811 2945 3075 3002 nundinis
3098 2945 3410 3018 negotiatur
3425 2941 3443 2976 ³

1865 3050 1969 3090 nec
1989 3042 2114 3107 post
2136 3044 2417 3093 certamen
2441 3037 2834 3107 superveniens
2861 3043 3179 3104 coronatur,
3203 3050 3306 3093 nec
3324 3043 3448 3108 post

188 3118 341 3172 σεϐεῖ
367 3118 627 3225 δηλονότι.
667 3123 794 3179 Ἐὰν
831 3125 940 3197 γὰρ
966 3126 1155 3198 μέλανι
1179 3129 1276 3182 καὶ
1310 3118 1604 3202 γράμμασί
1632 3150 1763 3188 κατ-

1875 3129 2071 3185 bellum
2087 3130 2305 3202 egregia
2320 3129 2434 3186 edit
2455 3130 2722 3186 facinora.
2748 3130 2937 3219 Neque
2950 3129 3118 3203 igitur
3130 3135 3256 3202 post
3280 3126 3451 3183 vitam

185 3210 505 3283 ἐπαγγέλλῃ
557 3212 654 3276 τάς
686 3216 956 3282 εὐποιίας,
987 3218 1073 3283 τίς
1106 3220 1396 3288 ἀναγγελεῖ
1424 3239 1505 3276 σοι
1534 3224 1625 3277 τὸν
1646 3242 1767 3278 και-

186 3304 287 3376 ρὸν
308 3304 409 3375 τῆς
434 3305 649 3373 ἐξόδου;
688 3308 773 3373 τίς
824 3309 1098 3380 ἐγγυητὴς
1125 3311 1279 3366 ἔσται
1314 3312 1408 3365 τοῦ
1440 3314 1643 3384 τρόπου
1668 3316 1768 3388 τῆς

183 3397 482 3468 τελευτῆς;
541 3399 704 3454 Πόσοι
761 3402 866 3456 ὑπὸ
916 3402 1105 3474 βιαίων
1159 3405 1591 3476 ἀνηρπάσθησαν
1630 3424 1769 3478 συμ-

184 3488 519 3556 πτωμάτων,
566 3490 687 3543 ούδέ
739 3491 921 3563 φωνὴν
964 3493 1123 3564 ῥῆξαι
1172 3495 1617 3567 συγχωρηθέντες
1660 3496 1768 3549 ὑπὸ

183 3574 285 3629 τοῦ
326 3578 565 3644 πάθουςί
613 3582 679 3637 Τί
729 3584 1019 3656 ἀναμένεις
1061 3586 1275 3657 καιρὸν,
1321 3588 1380 3641 ἐν
1420 3581 1464 3655 ᾧ
1511 3587 1768 3649 πόλλακις

181 3668 315 3721 οὐδὲ
360 3669 469 3725 τῶν
522 3671 798 3745 λογισμῶν
846 3676 957 3731 τῶν
1008 3677 1237 3730 σεαυτοῦ
1278 3677 1378 3748 ἔσῃ
1420 3678 1641 3750 κύριος;
1673 3676 1770 3742 νὺξ

186 3757 407 3828 βαθεῖα,
437 3760 533 3815 καὶ
582 3764 616 3833 ὴ
668 3764 823 3829 νόσος
848 3764 1062 3838 βαρεῖα,
1100 3766 1238 3820 καὶὸ
1266 3764 1475 3836 βοηθῶν
1507 3766 1765 3838 οὐδαμοῦ.

184 3845 327 3903 Εἶτα
385 3852 855 3926 περιϐλεψάμενος
912 3853 1015 3911 ὦδε
1065 3859 1311 3922 κάκεῖσε,
1369 3859 1464 3911 καὶ
1510 3858 1631 3912 ἰδὼν
1670 3860 1769 3932 τὴν

186 3944 569 4014 περιεστῶσαν
587 3963 646 4000 σε
667 3949 925 4020 ἐρημίαν,
942 3951 1065 4004 τότε
1093 3951 1330 4024 αἰσθήσῃ
1350 3951 1449 4023 τῆς
1492 3951 1765 4017 ἀϐουλίας·

183 4037 316 4090 τότε
340 4039 613 4104 στενάξεις
646 4041 746 4113 τὴν
784 4043 988 4111 ἄνοιαν,
1021 4045 1101 4108 είς
1127 4038 1237 4096 οἷον
1262 4044 1451 4115 καιρὸν
1479 4044 1770 4115 ἐταμιεύου

187 4128 296 4197 τὴν
348 4130 587 4202 ἐντολὴν,
621 4133 680 4185 ἐν
721 4136 790 4204 τῇ
830 4133 941 4207 ζωῇ
973 4136 1071 4206 μὲν
1094 4136 1377 4188 ἀπολαύων
1406 4137 1516 4190 τῶν
1544 4138 1770 4208 ἡδονῶν,

187 4219 481 4276 ἀποθανὼν
504 4223 563 4277 δὲ
601 4224 1063 4297 διαπραττόμενος
1091 4226 1159 4280 τὰ
1188 4228 1602 4299 διατεταγμένα.
1642 4230 1772 4283 Ὅτε

189 4306 347 4379 ἔζης,
402 4315 627 4369 σεαυτὸν
670 4316 772 4386 τῆς
815 4316 1034 4388 ἐντολῆς
1070 4319 1397 4389 προετίθης’
1436 4321 1575 4391 μετά
1598 4321 1655 4373 δὲ
1682 4322 1772 4374 τὸν

189 4399 449 4467 θάνατον,
509 4405 632 4458 τότε
686 4408 787 4478 τὴν
826 4408 1045 4478 ἐντολὴν
1086 4408 1196 4463 τῶν
1238 4410 1445 4482 ἐχθρῶν
1477 4415 1768 4485 προτιμᾷς.

1867 3223 2023 3280 locus
2070 3223 2219 3279 ullus
2273 3230 2360 3279 est
2412 3222 2634 3294 pietatis
2662 3216 2990 3280 excolenda.
3041 3222 3178 3278 Nam
3226 3222 3276 3280 si
3305 3230 3449 3278 atra-

1868 3319 2056 3367 mento
2084 3328 2148 3368 ac
2166 3313 2369 3368 tabulis
2392 3312 2511 3369 fore
2541 3320 2595 3369 te
2623 3313 2955 3369 beneficium
2982 3314 3283 3386 polliceris,
3318 3313 3445 3385 quis

1870 3403 2216 3458 annuntiabit
2244 3404 2343 3458 tibi
2366 3403 2548 3459 exitus
2573 3404 2829 3472 tempus?
2860 3404 2986 3474 quis
3008 3403 3226 3476 generis
3252 3403 3455 3459 mortis

1869 3508 2103 3563 sponsor
2151 3495 2297 3550 erit?
2328 3493 2475 3561 Quot
2503 3494 2761 3550 violentis
2791 3496 3014 3552 casibus
3056 3495 3265 3567 abrepti
3296 3501 3446 3558 sunt,

1868 3584 2066 3650 quibus
2092 3601 2159 3640 ne
2190 3600 2374 3640 vocem
2409 3584 2632 3657 quidem
2654 3586 2815 3641 edere
2857 3601 2954 3655 per
2980 3586 3229 3642 morbum
3254 3586 3410 3641 licuit
3430 3590 3449 3642 ιχ

1868 3677 2010 3743 Quid
2074 3677 2241 3746 igitur
2298 3687 2584 3748 exspectas
2612 3686 2853 3750 tempus,
2896 3679 2950 3732 in
2976 3694 3087 3748 quo
3128 3679 3450 3748 plerumque

1870 3768 2101 3824 rationis
2134 3784 2247 3824 non
2276 3769 2390 3825 eris
2423 3771 2691 3840 compos?
2717 3787 2783 3825 cu
2795 3788 2842 3824 η)
2873 3771 3129 3826 videlicet
3156 3771 3260 3826 erit
3287 3769 3451 3841 536

1868 3857 2140 3928 profunda
2194 3873 2326 3936 nox,
2366 3859 2594 3913 morbus
2628 3859 2830 3929 gravis.
2882 3874 3044 3914 nemo
3065 3873 3294 3930 usquam
3351 3859 3447 3929 qui

1871 3951 2111 4023 adjuvet.
2169 3948 2377 4007 Deinde
2411 3950 2682 4019 conjectis
2710 3952 2820 4007 huc
2846 3961 2900 4006 et
2946 3953 3078 4006 illuc
3109 3951 3309 4015 oculis,
3340 3953 3453 4005 cir—

1871 4052 2234 4099 cumstantem
2283 4048 2336 4099 te
2389 4041 2744 4123 solitudinem
2785 4044 3157 4115 conspiciens,
3196 4050 3331 4098 tunc
3354 4041 3449 4098 de-

1871 4137 2129 4191 mentiam
2176 4145 2326 4190 tuam
2378 4136 2685 4208 intelliges;
2717 4144 2849 4192 tunc
2881 4137 3087 4208 lugebis
3131 4136 3445 4198 stultitiam,

1873 4229 2015 4298 quod
2037 4239 2364 4298 praeceptum
2415 4229 2699 4284 distuleris
2730 4229 2787 4282 in
2828 4231 2931 4283 hoc
2954 4236 3194 4299 tempus,
3226 4227 3446 4283 interim

1872 4319 2000 4374 dum
2026 4319 2245 4373 vivebas
2279 4318 2653 4389 voluptatibus
2703 4317 2996 4389 indulgens
3024 4336 3051 4383 :q
3072 4319 3151 4388 (4)
3193 4324 3448 4372 mortuus

1872 4425 2024 4481 vero,
2082 4411 2339 4466 mandata
2390 4411 2699 4481 perﬁciens.
2764 4408 2957 4476 Quoad
2985 4409 3195 4476 vixisti,
3235 4414 3290 4464 te
3330 4407 3452 4477 ipse

193 4493 321 4547 Ἵνα
372 4493 483 4567 γὰρ
528 4496 604 4568 μὴ
647 4497 791 4570 λάϐῃ
835 4502 863 4554 ὁ
906 4501 1073 4564 δεῖνα,
1107 4502 1338 4567 λαϐέτω,
1367 4504 1550 4576 φησὶν,
1584 4507 1771 4575 ὁΧρι·

1875 4501 2158 4573 praetulisti
2190 4500 2486 4568 mandato;
2511 4546 2516 4552 .
2543 4509 2797 4558 mortuus
2828 4517 2978 4568 vero,
3027 4509 3166 4556 tunc
3207 4499 3449 4554 inimicis

191 4585 346 4647 στός.
383 4585 495 4639 Καὶ
541 4587 594 4639 τί
640 4588 839 4656 tofi-co;
872 4591 1080 4662 ἐχθρῶν
1117 4592 1319 4663 ἄμυνα,
1357 4592 1390 4663 ἢ
1421 4592 1516 4645 τοῦ
1547 4594 1773 4665 πλησίον

188 4675 427 4749 ἀγάπη;

268 4854 322 4911 7.
353 4856 444 4928 Μὴ
460 4856 638 4911 τοίνυν
659 4860 979 4932 όδυρώμεθα
1009 4863 1105 4926 τὰς
1136 4862 1386 4916 ἐντεῦθεν
1411 4863 1643 4929 ἐξόδους,
1679 4865 1776 4918 καὶ⁸

192 4945 438 5021 μάλιστα
461 4948 571 5003 τῶν
615 4950 778 5003 ὁσίων
820 4952 1054 5022 ἀνδρῶν,
1084 4954 1222 5006 ἀλλὰ
1241 4953 1340 5017 τὰς
1368 4955 1611 5022 γενέσεις
1639 4956 1778 5025 μᾶλ-

188 5039 289 5093 λον
318 5038 539 5103 καὶτὰς
579 5042 660 5104 είς
696 5042 795 5114 τὴν
830 5043 975 5114 ζωὴν
1007 5044 1210 5114 ταύτην
1248 5045 1538 5115 παρόδους.
1578 5047 1643 5099 Ἠ
1679 5046 1777 5117 μὲν

188 5130 308 5201 γὰρ
350 5131 430 5194 είς
474 5131 568 5185 τὸν
611 5132 818 5203 κόσμον
866 5134 1054 5188 τοῦτον
1091 5135 1292 5199 εἴσοδος
1313 5137 1380 5189 δι’
1406 5136 1629 5207 ἀτιμίας
1661 5137 1778 5191 ἐστὶ

194 5221 374 5291 ῥύπου
413 5221 510 5275 καὶ
552 5221 836 5289 δυσωδίας,
873 5226 971 5278 καὶ
995 5218 1072 5279 ὧν
1097 5225 1203 5279 οὐδ’
1241 5226 1308 5279 ἂν
1335 5226 1435 5297 τὴν
1466 5227 1594 5280 θέαν
1624 5227 1780 5281 εὐκό-

190 5312 307 5373 λως
327 5308 616 5381 ἀνάσχοιτό
640 5328 725 5375 τις
755 5313 854 5383 τῆς
879 5311 1026 5385 ζωῆς
1049 5314 1209 5385 ἡμῶν
1227 5314 1655 5385 καθηγουμένων
1677 5315 1775 5386 (Ξ).

190 5400 300 5456 Διά
322 5399 436 5473 γὰρ
462 5400 572 5457 τῶν
615 5403 873 5458 τοιούτων
913 5408 946 5476 ή
978 5405 1212 5477 πάροδος
1251 5410 1353 5479 τῆς
1396 5407 1661 5479 σαρκίνης
1688 5426 1780 5478 γε-

271 5559 355 5637 (1.)
387 5560 824 5637 Ἀποθανόντος
850 5562 939 5637 δέ.
963 5562 1091 5619 Haec
1117 5567 1300 5629 etiam,
1334 5581 1457 5637 quae
1479 5566 1703 5622 deerant
1726 5566 1780 5621 in

193 5627 493 5707 editis,_ex
531 5633 721 5687 eodem
767 5627 956 5707 codice
994 5643 1050 5690 et
1085 5627 1777 5707 contextu-supplevimus.

245 5697 355 5778 _(2)
401 5701 560 5779 Tlc‘...
592 5703 1070 5779 καθηγουμένων.
1104 5703 1417 5779 Legendutn
1455 5697 1681 5765 "videtur
1698 5725 1782 5771 τις

198 5770 381 5825 τῶν...
414 5770 863 5842 καθηγουμένωνζ
896 5773 1054 5828 Ευιτ.

1878 4601 2203 4663 praeceptum
2225 4594 2535 4663 anteponis.
2562 4591 2777 4649 Etenim
2801 4607 2871 4649 ne
2886 4591 3121 4661 accipiat
3143 4591 3306 4645 homo
3334 4588 3446 4649 ille.

1876 4684 2131 4753 accipiat,
2158 4684 2357 4754 inquit,
2392 4683 2669 4739 Christus.
2698 4684 2770 4738 At
2789 4682 3111 4755 quidillud?
3141 4680 3452 4737 hostiumne

1877 4777 2030 4836 ultio.
2058 4790 2127 4829 an
2153 4775 2385 4845 proximi
2417 4775 2701 4832 Charitas?

1948 4862 1998 4919 7;
2021 4865 2097 4939 (5)
2120 4864 2198 4937 Ne
2234 4866 2400 4936 igitur
2448 4881 2637 4922 eorum
2675 4866 2770 4937 qui
2798 4864 2927 4920 hinc
2960 4862 3251 4931 excedunt,
3279 4875 3454 4917 maxi-

1830 4940 1847 4963 ³
1878 4973 2072 5028 meque
2120 4957 2337 5028 piorum
2354 4966 2557 5013 sortem
2583 4959 2891 5029 lugeamus,
2916 4957 3012 5012 sed
3036 4956 3218 5025 potius
3246 4962 3453 5019 ortum,

1877 5058 1930 5101 et
1953 5063 2143 5102 eorum
2180 5048 2237 5102 in
2280 5048 2423 5103 hanc
2455 5050 2622 5103 vitam
2656 5049 2989 5119 ingressum.
3016 5045 3153 5102 Nam
3192 5045 3453 5100 introitus

1879 5140 1934 5194 in
1966 5140 2111 5194 hunc
2132 5140 2391 5194 mundum
2411 5140 2725 5209 adjunctam
2762 5132 2925 5193 habet
2949 5137 3300 5210 ignominiam
3331 5151 3449 5191 sor-

1879 5231 2028 5284 dium
2054 5229 2354 5302 fetorisque
2379 5241 2433 5286 et
2461 5246 2650 5286 earum
2688 5246 2894 5296 rerum,
2942 5244 3171 5300 quarum
3201 5243 3270 5283 ne
3291 5241 3449 5298 aspe-

1880 5332 2028 5377 ctum
2058 5323 2276 5394 quidem
2326 5323 2488 5378 facile
2535 5322 2679 5379 ferre
2715 5331 2907 5394 posset
2935 5330 3186 5377 nostrum
3217 5319 3448 5389 aliquis,

1880 5414 1972 5484 qui
2000 5414 2054 5468 in
2109 5415 2223 5469 vita
2252 5414 2587 5485 praeivimus.
2621 5414 2725 5469 Per
2781 5415 2913 5470 talia
2956 5413 3102 5475 enim
3127 5410 3452 5471 necessitate

1953 5568 2028 5637 ('5)
2070 5571 2144 5622 Ex
2179 5569 2326 5622 hom.
2351 5570 2406 5622 in
2444 5568 2668 5637 Diniam,
2695 5569 2782 5627 00.

1954 5639 2233 5704 (tjlbhl,
2280 5640 2367 5693 6|.

1955 5710 2032 5781 (5)
2074 5708 2151 5763 Ex
2183 5710 2329 5764 boni.
2369 5709 2425 5763 in
2456 5724 2546 5774 pse
2646 5720 2754 5778 εῖτ,
2820 5704 2925 5773 τὸ
