3874 6224
388 409 525 468 1267

1259 413 1628 470 APPENDIX.
1667 447 1729 458 --
1769 415 2117 476 SYJIEONIS
2156 422 2692 479 MET.\PllRAST.E

3494 425 3636 483 {268

387 535 595 582 naturae
610 527 940 583 constitutus
965 536 1048 584 est
1080 542 1295 586 carnea:
1321 532 1626 589 nativitatis
1649 534 1956 605 ingressus:

2067 540 2263 605 νέσεως
2303 541 2383 613 τῷ
2406 541 2507 613 τῆς
2556 539 2773 610 φύσεως
2802 540 3089 611 ἀναγκαίῳ
3126 538 3576 613 νενομοθέτηται’
3595 545 3633 615 η

386 621 816 684 contra,exitus,
835 627 889 674 et
916 621 965 677 is
990 622 1083 694 qui
1116 622 1241 679 hinc
1268 626 1328 678 tit
1356 625 1668 691 abscessus,
1685 626 1960 695 pretiosus

386 719 474 768 est
500 721 554 770 ct
578 712 830 777 illustris,
871 728 982 768 non
1010 716 1257 772 omnium
1286 716 1589 781 hominum,
1624 718 1719 773 sed
1745 733 1958 784 eorum,

387 802 481 875 qui
498 813 689 862 sancte
739 815 795 860 et
818 807 967 878 juste
1014 808 1156 863 hanc
1189 810 1356 863 vitam
1399 818 1796 883 transegerunt.
1831 810 1963 867 Pre-

386 900 531 954 tiosa
555 897 724 969 igitur
744 908 830 953 est
855 913 1024 963 mors,
1040 915 1146 954 non
1174 901 1449 971 pretiosus
1471 901 1752 958 hominum
1782 910 1956 959 ortus.

387 990 695 1043 Seminatur
711 990 874 1055 enim,
909 991 1107 1061 inquit,
1131 992 1185 1045 in
1215 992 1556 1062 ignobilitate,
1575 995 1745 1063 surgit
1772 995 1826 1048 in
1855 994 1963 1065 glo-

388 1081 494 1133 ria:
507 1082 799 1134 seminatur
810 1081 863 1135 in
875 1083 1400 1153 corruptione,surgit
1416 1085 1471 1137 in
1484 1084 1869 1153 incorruptione
1887 1086 1907 1115 "
1918 1085 1932 1115 ¹
1943 1128 1955 1139 .

385 1170 524 1225 Cum
553 1172 719 1227 etiam
745 1171 972 1228 iudaice
997 1172 1285 1229 interirent
1310 1175 1580 1240 homines,
1597 1176 1959 1231 abominanda

385 1268 544 1316 erant
572 1262 840 1317 cadavera
883 1278 896 1316 :
936 1264 1027 1318 ubi
1057 1280 1186 1320 vero
1211 1266 1441 1337 contigit
1473 1281 1622 1323 mors
1658 1281 1759 1337 pro
1794 1265 1957 1323 Chri—

386 1365 494 1421 sto,
527 1354 771 1426 reliquia:
796 1365 1112 1412 sanctorum
1148 1357 1269 1427 ejus
1308 1365 1436 1412 sunt
1489 1359 1755 1429 pretiosae.
1784 1358 1959 1415 Antea

386 1444 671 1501 dicebatur
692 1447 1074 1504 sacerdotibus
1101 1457 1155 1504 et
1183 1448 1460 1507 Nazaraeis
1495 1469 1507 1503 :
1543 1449 1660 1506 Non
1687 1452 1959 1508 contami-

388 1534 611 1588 nabitur
638 1551 805 1605 super
834 1540 944 1591 ullo
972 1545 1190 1591 mortuo
1226 1558 1237 1591 :
1272 1550 1348 1604 et,
1382 1539 1571 1611 Siquis
1612 1542 1836 1611 tetigerit
1867 1557 1958 1594 ca-

387 1626 568 1689 dam,
609 1626 910 1681 immundus
949 1632 1046 1683 erit
1079 1631 1155 1695 7‘;
1188 1632 1338 1695 item,
1393 1631 1615 1685 Lavabis
1658 1641 1750 1685 tua
1793 1633 1958 1700 ipsius

389 1718 693 1772 vestimenta
738 1718 805 1771 ⁷³.
834 1719 991 1776 Nunc
1031 1731 1211 1776 autem
1249 1724 1340 1793 qui
1385 1724 1643 1794 martyris
1668 1738 1794 1779 ossa
1830 1724 1957 1779 teti-

384 1810 549 1879 gerit,
583 1826 651 1866 ex
682 1811 950 1868 insidente
969 1815 1023 1868 in
1057 1830 1288 1885 corpore
1311 1816 1481 1887 gratia
1510 1816 1800 1884 quamdam
1828 1831 1955 1870 san-

2060 632 2118 686 δὲ
2170 632 2367 698 ἔξοδος,
2396 633 2491 686 καὶ
2523 633 2557 704 ή
2586 632 2833 687 ἐντεῦθεν
2882 632 3194 704 ἀπαλλαγὴ,
3222 632 3384 704 τιμία
3419 634 3517 688 καὶ
3537 651 3636 688 πε-

2066 724 2316 796 ριφανὴς,
2350 724 2412 777 οὐ
2446 724 2665 778 πάντων
2692 721 3017 794 ἀνθρώπων,
3047 722 3188 778 ἀλλά
3221 723 3332 778 τῶν
3353 722 3520 789 ὁσίως
3544 725 3640 778 καὶ

2061 812 2285 877 δικαίως
2314 811 2405 865 τὸν
2448 809 2683 865 ἐνταῦθα
2718 810 2832 882 βίον
2863 813 3272 881 διενεγκόντων.
3308 812 3505 883 Τίμιος
3532 813 3639 883 γὰρ

2061 905 2089 956 ὁ
2139 904 2390 968 θάνατος,
2446 901 2568 972 οὐχὶ
2625 904 2784 975 τιμία
2833 903 2941 957 τῶν
2987 901 3291 975 ἀνθρώπων
3332 904 3367 972 ἡ
3398 903 3616 971 γένεσις

2061 995 2367 1063 Σπείρεται
2388 994 2519 1066 γὰρ,
2539 996 2723 1067 φησὶν,
2737 995 2806 1048 ἐν
2829 992 3349 1064 ἀτιμίᾳ,ὲγείρεται
3373 992 3448 1046 ἐν
3465 991 3635 1063 δόξῃ·

2060 1086 2366 1153 σπείρεται
2419 1085 2491 1139 ἐν
2534 1082 2746 1155 φθορᾷ,
2770 1083 3054 1154 ἐγείρεται
3077 1084 3147 1136 ὲν
3169 1080 3499 1151 ἀφθαρσίᾳ.
3529 1080 3644 1133 Καὶ

2059 1177 2148 1231 ὅτε
2176 1176 2276 1248 μὲν
2331 1176 2637 1241 Ἰουδαϊκῶς
2685 1175 3028 1247 ἀπέθνησκον
3083 1175 3134 1227 οἱ
3177 1172 3479 1244 ἄνθρωποι,
3519 1171 3641 1241 βᾶ-

2059 1267 2229 1321 λυκτὰ
2260 1263 2330 1339 ἦν
2382 1266 2453 1320 τὰ
2481 1267 2807 1339 θνησιμαῖαο
2840 1266 2931 1319 ὅτε
2958 1264 3014 1318 δὲ
3042 1263 3181 1334 ὑπὲρ
3216 1262 3456 1334 Χριστοῦ
3485 1265 3516 1315 ὁ
3542 1262 3641 1315 θά-

2060 1378 2241 1425 νατος,
2278 1361 2437 1432 τίμια
2462 1359 2531 1414 τὰ
2562 1351 2792 1429 λείψανα
2825 1358 2934 1411 τῶν
2956 1357 3119 1412 ὁσίων
3151 1356 3335 1411 αὐτοῦ.
3371 1356 3493 1428 Πρὸ
3520 1355 3645 1409 τού-

2058 1471 2150 1507 του
2180 1452 2395 1521 ἐλέγετο
2423 1454 2537 1515 τοῖς
2588 1450 2794 1524 ἱερεῦσι
2836 1451 2931 1504 καὶ
2967 1452 3078 1512 τοῖς
3102 1449 3428 1521 Ναζιραίοις
3447 1448 3535 1512 τὸ,
3563 1448 3641 1501 Οὐ

2063 1544 2422 1617 μιανθήσεται
2445 1546 2531 1599 ἐπ’
2560 1544 2733 1598 οὐδενὶ
2771 1543 3057 1616 τεθνηκότι
3077 1562 3089 1571 ’
3123 1543 3218 1596 καὶ
3248 1542 3333 1607 τὸ,
3371 1539 3520 1596 Ἐάν
3550 1557 3644 1605 τις

2059 1638 2283 1706 ἅψηται
2326 1636 2563 1706 νεκροῦ,
2610 1635 2941 1704 ἀκάθαρτος
2991 1635 3195 1689 ἔσται’
3240 1633 3336 1687 καὶ
3369 1633 3456 1696 τὸ,
3479 1635 3642 1685 Πλυ-

2058 1729 2183 1795 νεῖς
2207 1727 2465 1782 σεαυτοῦ
2484 1727 2637 1796 (6)τὰ
2652 1725 2866 1797 ἱμάτια.
2889 1723 3002 1779 Νῦν
3023 1725 3081 1778 δὲ
3101 1726 3130 1777 ὁ
3147 1722 3430 1795 ἁψάμενος
3449 1720 3643 1775 ὀστέου

2065 1818 2361 1892 μάρτυρος,
2394 1816 2660 1888 λαμϐάνει
2686 1816 2806 1871 τινὰ
2838 1816 3126 1887 μετουσίαν
3154 1813 3433 1885 ἀγιασμοῦ
3449 1814 3520 1866 ἐκ
3543 1812 3641 1882 τῆς

388 1901 599 1957 ctitatis
662 1905 1135 1976 participationem
1166 1885 1384 1978 accipit.
1442 1904 1685 1960 Pretiosa
1712 1908 1850 1961 enim
1882 1918 1960 1962 est

2067 1885 2156 1964 τού
2217 1885 2479 1980 σῶματοςγ
2511 1885 2953 1981 παρεδρευούσης
3002 1907 3242 1978 χάριτος.
3290 1907 3492 1975 Τίμιος
3530 1907 3642 1972 τὰρ

387 1994 445 2048 in
475 2005 755 2064 conspectu
784 1998 996 2052 Domini
1046 2015 1188 2053 mors
1222 2010 1528 2053 sanctorum
1560 2001 1675 2070 ejus
1703 2002 1770 2056 7‘.
1801 2001 1963 2055 Com-

389 2097 522 2153 para
545 2085 727 2156 itaque
758 2094 990 2141 mortem
1015 2089 1314 2155 nativitati;
1340 2104 1403 2143 ac
1437 2105 1558 2144 eum
1577 2089 1669 2161 qui
1697 2090 1962 2146 liberatus

388 2185 474 2230 est
501 2176 819 2247 ignominia,
850 2180 1032 2251 lugere
1069 2180 1311 2236 desinas.
1342 2181 1419 2253 (Ι)
1451 2182 1587 2236 Cum
1625 2182 1791 2250 justis
1815 2182 1961 2237 enim

388 2267 685 2333 exsultare,
736 2269 1011 2341 simulque
1049 2272 1244 2339 laetari,
1300 2274 1545 2343 praecipit
1584 2272 1741 2327 nobis
1781 2287 1963 2328 sermo

389 2361 609 2417 divinus
645 2379 662 2416 :
696 2361 982 2433 lugeamus
1009 2379 1138 2419 vero
1165 2373 1219 2419 et
1249 2364 1611 2419 lamentemur
1634 2363 1843 2419 cumiis
1867 2364 1963 2434 qui

388 2469 456 2506 ex
484 2454 810 2523 paenitentia
860 2454 1150 2510 eﬂ'undunt
1206 2456 1476 2527 lacrymas
1504 2472 1517 2509 :
1550 2464 1645 2510 aut
1678 2456 1842 2511 etiam
1867 2471 1963 2511 eos

388 2544 485 2611 qui
511 2544 664 2600 nullo
676 2544 883 2603 doloris
905 2561 1068 2601 sensu
1088 2555 1409 2617 tanguntur.
1432 2546 1962 2617 deploremus,quod

389 2636 569 2705 perire
591 2652 651 2693 se
673 2653 742 2692 ne
758 2638 1064 2709 intelligant
1099 2638 1345 2708 quidem.
1362 2638 1631 2695 Caeterum
1651 2639 1963 2710 implevisse

386 2728 703 2783 mandatum
720 2728 1143 2800 haudquaquam
1157 2729 1434 2801 putandus
1454 2738 1561 2796 est,
1576 2732 1666 2800 qui
1683 2731 1961 2787 hominum

387 2827 618 2876 mortem
650 2823 896 2893 deplorat
924 2832 979 2878 et
1004 2838 1127 2878 cum
1157 2824 1468 2894 lugentibus
1499 2823 1612 2878 edit
1644 2824 1958 2878 clamorem.

385 2909 575 2983 Neque
604 2914 752 2969 enim
812 2917 1145 2971 laudaverim
1188 2916 1480 2979 medicum,
1512 2918 1602 2987 qui
1641 2932 1767 2971 cum
1805 2932 1961 2987 opem

386 3008 782 3074 aegrotantibus
834 3007 978 3065 ferre
1024 3009 1270 3076 deberet,
1327 3011 1530 3065 morbis
1579 3011 1695 3081 ipse
1726 3011 1963 3080 replere-

388 3106 500 3151 tur.
537 3096 613 3169 (2)
643 3096 735 3153 Sic
757 3099 923 3153 etiam
955 3098 1123 3155 David
1147 3116 1271 3156 cum
1311 3102 1706 3158 amicissimum
1733 3103 1835 3159 sibi
1865 3100 1962 3157 Ιο-

388 3185 614 3240 natham
664 3186 895 3258 lugeret,
951 3189 1163 3245 hostem
1191 3205 1409 3261 quoque
1446 3204 1606 3245 suum
1649 3206 1756 3246 una
1801 3191 1958 3253 luxit,

387 3275 558 3332 Doleo
614 3292 766 3345 super
798 3288 865 3340 te,
934 3280 1210 3348 inquiens,
1240 3279 1409 3348 frater
1449 3280 1856 3345 milanathan;
1886 3288 1961 3344 et,

388 3368 553 3425 Filiae
572 3368 766 3435 Israel,
798 3387 955 3441 super
981 3370 1116 3427 Saul
1131 3372 1252 3441 ﬂete
1271 3373 1341 3429 ⁷⁸.
1370 3371 1528 3427 Hunc
1549 3372 1767 3441 quidem
1796 3373 1964 3442 luget,

390 3465 451 3513 ut
479 3468 702 3529 peccato
727 3464 1113 3529 immortuum;
1149 3461 1419 3517 Junathan
1443 3480 1572 3519 vero
1603 3476 1660 3518 ut
1692 3464 1965 3520 hominem

391 3551 500 3607 sibi
535 3566 633 3623 per
662 3560 833 3608 totam
859 3555 1023 3610 vitam
1056 3555 1599 3626 conjunctissimum.

462 3732 518 3788 8.
550 3732 628 3805 ('5)
648 3731 911 3791 Homines
951 3735 1099 3790 enim
1143 3750 1292 3791 mors
1329 3734 1558 3800 invadit,
1590 3734 1818 3805 expletis
1844 3734 1969 3789 vita:

392 3824 669 3892 terminis,
711 3841 851 3896 quos
908 3828 1206 3898 unicuique
1255 3826 1326 3881 ab
1365 3827 1524 3881 initio
1558 3826 1844 3883 constituit
1874 3827 1963 3897 ju-

392 3918 600 3974 dicium
650 3920 861 3990 justum
926 3920 1042 3987 Dei,
1103 3920 1238 3991 quid
1290 3921 1486 3991 cuique
1542 3930 1790 3976 nostrum
1836 3935 1969 3976 con-

394 4006 583 4070 ducat,
620 4006 781 4078 longe
800 4008 1207 4079 prospicientis.
1240 4011 1309 4063 At
1346 4008 1443 4064 lilii
1469 4009 1781 4065 cbarissimi
1820 4025 1968 4065 mors

396 4097 639 4153 animum
676 4107 835 4154 tuum
856 4100 1046 4156 dolore
1072 4100 1352 4172 opprimit.
1381 4099 1459 4171 (4)
1490 4098 1640 4167 Quis
1656 4101 1801 4155 enim
1833 4102 1969 4157 adeo

396 4187 563 4243 corde
611 4188 848 4260 lapideo.
902 4198 997 4245 aut
1052 4192 1276 4247 omnino
1315 4192 1571 4247 humanae
1616 4201 1825 4246 natura:
1869 4209 1962 4248 ex-

396 4296 548 4350 pers,
575 4289 639 4337 ut
676 4281 736 4336 in
782 4281 943 4353 537
978 4283 1247 4353 ejusmodi
1299 4292 1496 4340 eventu
1546 4283 1681 4338 nihil
1710 4284 1967 4355 patiatur,

396 4380 493 4428 aut
516 4373 790 4429 modicum
808 4375 1049 4430 dolorem
1069 4378 1253 4432 animo
1271 4375 1544 4447 accipiat?
1570 4374 1775 4431 Domus
1794 4377 1973 4446 splen-

392 4467 539 4523 didaa
562 4467 867 4531 successio,
895 4465 1272 4549 fulcimentum
1312 4470 1552 4540 generis,
1593 4470 1784 4539 patria:
1819 4484 1966 4539 spes,

2058 2004 2338 2059 ἐναντίον
2391 2003 2609 2071 Κυρίου
2653 2004 2686 2055 d
2733 2000 2989 2066 θάνατος
3044 1999 3165 2053 τῶν
3202 1999 3396 2053 ὁσίων
3429 1996 3639 2054 αὑτοῦ,

2060 2094 2359 2165 Σύγκρινον
2389 2092 2569 2146 τοίνυν
2604 2094 2673 2163 τῇ
2700 2090 2911 2160 γενέσει
2950 2089 3043 2143 τὸν
3078 2088 3328 2151 θάνατον,
3362 2089 3461 2142 καὶ
3498 2085 3644 2142 παῦ-

2061 2201 2153 2238 σαι
2218 2184 2544 2256 ὀδυρόμενος
2581 2180 2676 2237 τὸν
2720 2181 2821 2252 τῆς
2866 2180 3090 2252 ἀτιμίας
3135 2178 3641 2249 ἀπαλλασσόμενον.

2060 2276 2299 2339 Δικαίοις
2351 2276 2448 2346 μὲν
2488 2274 2599 2346 γὰρ
2654 2275 2948 2346 συσκιρτᾷν
2998 2273 3093 2325 καὶ
3146 2268 3581 2339 συναγάλλεσθαι
3615 2269 3648 2321 ὁ

2062 2370 2205 2433 θεῖος
2245 2369 2403 2437 λόγος
2455 2369 2587 2439 ἡμῖν
2628 2365 2951 2437 ὲπιτρέπει’
2987 2366 3102 2426 τοῖς
3144 2363 3189 2416 δ’
3238 2363 3304 2415 ἐκ
3353 2361 3648 2433 μετανοίας

2059 2460 2266 2529 ἀφιεῖσι
2285 2459 2541 2533 δάκρυον,
2583 2456 2912 2529 συμπενθεῖν
2942 2456 3038 2509 καὶ
3074 2452 3470 2524 συνοδύρεσθαι
3502 2466 3520 2481 ·
3552 2453 3648 2505 καὶ

2059 2551 2186 2612 τοὺς
2234 2548 2552 2617 ἀναλγήτως
2619 2545 2997 2617 διακειμένους
3062 2543 3495 2609 ἀποκλαίεσθαι,
3562 2545 3649 2597 ὅτι

2059 2640 2181 2694 οὐδὲ
2229 2639 2375 2693 ίσασι
2428 2638 2546 2702 πῶς
2598 2638 2947 2691 ἀπόλλυνται.
3000 2635 3138 2706 Οὐχὶ
3179 2634 3238 2689 δὲ
3284 2636 3379 2688 ἐπὶ
3425 2634 3650 2705 θανάτῳ

2060 2729 2363 2802 ἀνθρώπων
2410 2727 2888 2791 κατακλαύσαντα,
2939 2726 3036 2781 καὶ
3072 2724 3529 2796 συνεκδοήσαντα
3567 2725 3646 2794 (7)

2060 2828 2173 2889 τοῖς
2203 2821 2480 2887 πενθοῦσι,
2507 2821 2797 2894 πληρωτὴν
2818 2822 3083 2893 προσήκει
3101 2820 3344 2892 νομίζειν
3372 2817 3518 2874 εἶναι
3547 2819 3649 2889 τῆς

2061 2914 2299 2986 ἐντολῆς.
2326 2912 2460 2968 Οὐδὲ
2480 2912 2590 2984 γὰρ
2639 2910 2820 2983 ἰατρὸν
2856 2909 3083 2975 ἐπαινῶ,
3116 2911 3207 2964 τὸν
3236 2910 3360 2965 ἀντὶ
3385 2909 3481 2962 τοῦ
3514 2908 3649 2980 βοη-

2062 3006 2175 3060 θεῖν
2227 3008 2340 3070 τοῖς
2391 3006 2723 3081 κάμνουσινι
2756 3002 2949 3056 ἐαυτὸν
3010 3001 3117 3055 τῶν
3152 3001 3486 3072 νοσημάτων
3517 3002 3651 3054 ἀνα-

2063 3096 2467 3169 πιμπλάμενον.
2514 3095 2672 3150 Οὐτω
2716 3095 2811 3149 καὶ
2833 3096 2862 3148 ὁ
2898 3093 3061 3147 Δαϐὶδ
3087 3094 3178 3148 τὸν
3212 3094 3369 3164 φίλον
3393 3094 3652 3167 ὀλοφυρό-

2069 3205 2227 3260 μενος
2265 3187 2540 3252 ’ῐωνάθαν,
2568 3185 3013 3258 συναπεθρήνησε
3044 3186 3139 3240 καὶ
3164 3186 3258 3239 τὸν
3294 3186 3495 3258 ἐχθρὸν
3521 3188 3648 3241 ἐαυ-

2066 3280 2182 3346 τοῦ,
2219 3278 2395 3350 Ἁλγῶ
2416 3279 2515 3333 ἐπὶ
2546 3278 2641 3343 σὲ,
2685 3278 2878 3347 λέγων,
2903 3276 3128 3345 ἀδελφὰ
3167 3279 3457 3332 Ἰωνὰθαν
3480 3295 3495 3308 ·
3534 3279 3651 3341 καὶ,

2070 3372 2395 3445 Θυγατέρες
2433 3371 2838 3442 Ἰερουσαλὴμ,
2889 3371 3228 3439 θρηνήσατε
3277 3369 3380 3423 ἐπὶ
3420 3371 3646 3423 Σαούλ.

2067 3465 2172 3520 Τὸν
2203 3465 2299 3535 μὲν
2322 3462 2431 3536 γὰρ
2469 3463 2677 3535 θρηνεῖ,
2702 3462 2779 3525 ὡς
2824 3461 3222 3516 ἐναποθανόντα
3249 3463 3318 3532 τῇ
3364 3461 3644 3533 ἀμαρτίᾳ’

2067 3558 2159 3609 τὸν
2184 3556 2241 3610 δέ
2286 3555 2559 3621 Ἰωνάθαν,
2593 3554 2669 3618 ὡς
2724 3554 2888 3626 μέχρι
2930 3552 3132 3617 παντὸς
3178 3552 3327 3624 αὐτῷ
3386 3559 3650 3623 κοινωνή-

2071 3666 2237 3702 σαντα
2254 3648 2349 3701 τοῦ
2376 3648 2511 3718 βίου.

2140 3736 2193 3790 8.
2232 3733 2463 3788 Θάνατοι
2518 3732 2625 3806 γὰρ
2654 3735 2769 3797 τοῖς
2814 3731 3122 3804 ἀνθρώποις
3171 3731 3502 3801 ἐπάγονται,
3544 3730 3649 3783 τῶν

2069 3828 2210 3897 ὅρων
2262 3827 2362 3899 τῆς
2412 3826 2559 3898 ζωῆς
2611 3824 3028 3898 πληρωθέντων,
3072 3823 3168 3888 οὒς
3208 3824 3272 3889 ἐξ
3312 3824 3497 3896 ἀρχῆς
3523 3840 3650 3895 περι

2069 3920 2297 3974 ἕκαστον
2354 3917 2555 3990 ἔπηξεν
2594 3920 2629 3991 ἡ
2684 3918 2867 3972 δικαία
2896 3916 2991 3970 τοῦ
3017 3915 3153 3971 Θεοῦ
3188 3915 3394 3985 κρίσις,
3432 3916 3648 3986 πόρρω·

2071 4009 2161 4063 θεν
2191 4011 2252 4063 τὸ
2276 4009 2405 4080 περὶ
2437 4010 2665 4063 ἕκαστον
2702 4010 2834 4080 ἡμῖν
2865 4006 3143 4079 συμφέρον
3177 4004 3646 4076 προσλεπομένου.

2083 4101 2243 4157 Ἀλλά
2291 4102 2480 4165 παιδὸς
2527 4099 2813 4173 ἀγαπητοῦ
2872 4099 3101 4161 θάνατος
3137 4097 3384 4161 ἐκπιέζει
3419 4113 3518 4150 σου
3553 4097 3647 4166 τὴν

2070 4190 2269 4263 ψυχήν.
2318 4191 2429 4244 Καὶ
2473 4190 2556 4255 τίς
2595 4189 2738 4242 οὕτω
2797 4188 2997 4253 λίθινος
3048 4189 3149 4260 τὴν
3191 4186 3447 4258 καρδίαν,
3480 4186 3514 4255 ἦ
3549 4185 3648 4247 ἔξω

2071 4280 2351 4345 παντελῶς
2401 4280 2504 4351 τῆς
2550 4278 2896 4351 ἀνθρωπίνης
2958 4279 3192 4348 φύσεως,
3235 4277 3379 4331 ὥστε
3423 4272 3645 4335 ἀπαθῶς

2072 4376 2314 4443 ἐνεγκεῖν
2360 4373 2422 4426 τὸ
2459 4371 2693 4443 συμὸἀν,
2720 4371 2753 4443 ἦ
2790 4371 2996 4442 μετρίῳ
3021 4370 3185 4423 πάθει
3208 4370 3309 4440 τὴν
3341 4365 3524 4437 ψυχὴν
3548 4381 3649 4417 κα-

2071 4465 2407 4537 ταληφθῆναι
2454 4464 2572 4535 (8);
2622 4466 2783 4517 Οῖκου
2834 4460 3087 4534 λαμπροῦ
3128 4459 3368 4530 διαδοχὴ,
3417 4456 3650 4529 ἑρειτιμα

394 4566 685 4629 parentum
743 4548 957 4629 piorum
1012 4576 1235 4631 germen
1286 4576 1413 4615 cum
1475 4560 1778 4615 innumeris
1826 4561 1963 4615 votis

2072 4557 2283 4625 γένους,
2338 4554 2595 4626 πατρίδος
2628 4554 2804 4619 ἐλπὶς,
2846 4553 3047 4623 γονέων
3083 4549 3325 4603 εὐσεϐῶν
3365 4548 3650 4618 βλάστημα

395 4651 711 4716 educatum,
762 4649 817 4703 in
876 4650 996 4719 ipso
1045 4651 1222 4705 aetatis
1265 4650 1416 4713 ﬂore,
1455 4666 1522 4705 ex
1564 4651 1759 4707 mediis
1794 4651 1965 4721 patris

396 4742 655 4797 manibus
700 4749 946 4811 ereptum
1008 4742 1143 4796 abit.
1187 4740 1315 4796 Haec
1353 4756 1517 4814 quam
1545 4742 1849 4798 adamantis
1878 4759 1970 4797 na-

397 4843 581 4886 turam
611 4848 722 4888 non
754 4832 972 4888 valeant
1027 4833 1350 4897 dissolvere,
1393 4839 1449 4887 et
1500 4830 1571 4885 ad
1609 4834 1965 4889 commisera—

396 4924 601 4980 tionem
651 4925 961 4981 adducere?
1002 4925 1082 4996 (5)
1128 4925 1299 4998 Igitur
1324 4927 1371 4981 si
1405 4926 1562 4982 obea
1594 4940 1716 4996 quae
1762 4924 1972 4980 accide-

395 5026 526 5070 runt
556 5016 765 5086 lugere,
797 5027 853 5072 et
900 5018 1171 5089 laerymas
1197 5017 1476 5075 ell‘undere
1523 5018 1798 5085 volumus,
1836 5024 1967 5072 tem-

396 5124 502 5178 pus
557 5112 679 5166 vitae
733 5111 892 5165 nobis
969 5126 1078 5166 non
1142 5110 1408 5179 sulliciet;
1460 5127 1562 5167 nec
1594 5112 1664 5167 'si
1714 5111 1965 5166 homines

2074 4648 2180 4700 ὑπὸ
2212 4647 2433 4719 μυρίαις
2455 4647 2643 4717 εὐχαῖς
2676 4645 2961 4717 ἐντραφέν,
2990 4646 3048 4698 ἐν
3075 4642 3226 4711 αὐτῷ
3263 4640 3344 4710 τῷ
3373 4639 3527 4694 ἄνθει
3553 4638 3651 4708 τῆς

2074 4739 2289 4811 ἡλικίας
2312 4738 2393 4803 ὃν,
2418 4741 2483 4792 ἐκ
2510 4738 2674 4810 μέσου
2713 4738 2820 4792 τῶν
2854 4735 3138 4808 πατρικῶν
3164 4733 3368 4806 χειρῶν
3405 4733 3639 4803 ἀναρπα-

2077 4830 2223 4892 σθεὶς
2265 4830 2488 4901 οἴχεται.
2549 4828 2734 4882 Ταῦτα
2780 4828 2941 4881 ποίαν
2979 4825 3285 4897 ἀδάμαντος
3344 4821 3512 4893 φύσιν
3557 4822 3651 4890 οὐκ

2078 4922 2245 4978 ίκανά
2299 4922 2545 4985 ἐκλῦσαι,
2578 4920 2675 4975 καὶ
2708 4921 2787 4983 είς
2818 4916 3162 4989 συμπάθειαν
3203 4916 3470 4984 ἀγαγεῖνς
3516 4912 3653 4966 Ἀλλ’

2074 5017 2168 5070 ἐὰν
2221 5015 2319 5086 μὲν
2365 5009 2686 5067 ποτνιᾶσθαι
2738 5011 2830 5064 ἐπὶ
2849 5012 2963 5073 τοῖς
3002 5006 3247 5079 συμϐᾶσι
3279 5007 3377 5059 καὶ
3397 5005 3656 5076 δακρύειν

2074 5107 2412 5180 βουλώμεθα,
2460 5105 2561 5159 οὐκ
2599 5103 2886 5177 ἐξαρκέσει
2933 5100 3031 5172 μὲν
3061 5102 3091 5153 ὁ
3122 5100 3316 5170 χρόνος
3353 5097 3450 5152 τοῦ
3504 5097 3654 5169 βίου·

464 5269 508 5300 τί
542 5267 563 5322 Ι
603 5265 731 5325 Cor.
772 5282 863 5332 xv,
898 5265 1096 5331 42,45.
1171 5268 1218 5299 "
1265 5264 1438 5321 Levit.
1481 5282 1558 5332 ιι,
1592 5265 1680 5321 39.
1755 5265 1802 5298 ’³
1820 5265 1951 5321 ibid.

2067 5302 2075 5316 .
2152 5264 2200 5296 "
2224 5261 2371 5318 Psal.
2427 5276 2572 5325 cxv,
2615 5260 2702 5315 Μ.
2779 5259 2825 5291 ⁷⁸
2871 5256 2915 5312 ll
2951 5257 3081 5329 Reg.
3125 5272 3165 5317 ι,
3203 5254 3297 5309 26.

470 5421 548 5489 (l)
587 5422 663 5477 Ex
694 5422 843 5477 hom.
866 5422 921 5475 in
949 5431 1111 5478 mart.
1142 5420 1414 5484 Julittam,
1445 5420 1533 5475 41.

471 5488 550 5558 (‘2)
590 5492 665 5547 Ex
705 5493 855 5546 hom.
879 5492 956 5546 De
980 5494 1273 5562 gratiarum
1309 5493 1534 5554 actione,
1552 5488 1640 5543 28.

473 5563 552 5633 (5)
592 5562 671 5618 Ex
719 5563 868 5618 hom.
901 5560 1054 5629 Quod
1092 5562 1232 5617 Deus
1291 5579 1395 5616 non
1444 5569 1521 5615 est
1566 5569 1754 5614 auctor
1796 5560 1968 5614 malo-

403 5646 544 5691 rum,
584 5634 672 5687 74.

475 5704 552 5772 (ᾧ)
594 5702 669 5772 Ex
704 5702 868 5772 epist.
897 5719 951 5765 v,
991 5702 1081 5755 77.

476 5771 553 5835 i5)
594 5771 726 5823 Ibid.

477 5840 556 5912 (6)
584 5838 845 5901 Π.ιυνεῖς
885 5839 1161 5896 σεαυτοῦ.
1196 5839 1287 5894 Sic
1340 5842 1542 5912 Regius
1590 5840 1780 5897 codex.
1832 5837 1976 5895 Editi

2073 5418 2292 5481 πλυνεῖς
2345 5414 2533 5471 αὐτοῦ.
2589 5414 2813 5486 Legitur
2868 5413 2924 5468 in
2982 5414 3103 5483 ipso
3154 5416 3421 5465 contextu
3469 5408 3657 5462 πλυνεῖ

2073 5490 2364 5629 éaiii‘ii'at
2410 5554 2926 5623 συνεκόοήσαντα.
2962 5551 3087 5607 Haec
3135 5549 3321 5605 addita
3368 5563 3436 5603 ex
3485 5546 3655 5618 Regio

2075 5629 2263 5684 codice
2293 5639 2346 5681 et
2367 5633 2643 5680 contextu.

2075 5699 2223 5821 θλδ)
2264 5694 2746 5765 Κίέταιῑηφθῆιπι.
2779 5692 2982 5766 Regius
3008 5691 3181 5749 codex
3202 5688 3364 5754 1992,
3382 5683 3655 5756 καταϐλη-

2110 5787 2252 5839 ηναι.
