3874 6224
203 360 345 420 1269

1380 370 1613 430 SERMO
1652 372 1745 429 λι.
1785 402 1855 414 -
1894 369 1983 426 DE
2019 367 2283 427 MORTE.

3334 372 3468 430 ΐῗῖθ

198 479 408 543 πάντες
437 478 497 533 δέ
522 478 799 552 ἄνθρωποι
846 480 965 553 μεθ’
986 482 1144 555 ήμῶν
1188 485 1486 551 στένοντες,
1520 489 1785 561 παριστά-

1889 501 2082 544 omnes
2149 485 2440 543 nobiscum
2507 492 2774 560 gemant,
2827 485 3134 543 infortunio
3187 487 3469 559 planctum

197 587 291 624 ναι
323 568 508 640 ἀπαθῆ
534 571 628 624 τὸν
657 570 892 645 ὀδυρμδν
930 573 991 628 οὐ
1034 575 1353 648 δυνήσονται
1373 594 1389 609 '
1423 579 1562 633 ἀλλὰ
1586 581 1692 635 κᾶν
1719 580 1791 635 τὰ

199 662 314 716 τῶν
347 660 610 734 ποταμῶν
648 662 898 735 ῥεύματα
934 664 1168 739 δάκρυον
1193 667 1450 741 γένηται,
1496 668 1787 742 ἐκπληρῶ-

203 770 299 809 σαι
343 754 454 809 τῶν
479 755 803 828 συμϐάντων
845 757 941 813 τὸν
981 759 1173 832 θρῆνον
1205 760 1306 814 οὒκ
1355 762 1657 834 ἐξαρκέσει.
1698 763 1790 818 Διὸ

204 847 534 920 παρακαλῶ,
582 849 661 913 ὡς
690 852 938 919 γενναῖον
983 852 1314 925 ἀγωνιστὴν,
1342 854 1530 926 στῆναι
1564 856 1703 929 πρὸς
1726 856 1790 910 τὸ

208 938 440 1009 μέγεθος
456 940 556 1011 τῆς
587 940 825 1013 πληγῆς,
856 941 953 997 καὶ
977 942 1054 1015 μὴ
1078 943 1373 998 ὑποπεσεῖν
1400 944 1479 1015 τῷ
1509 944 1665 1018 βάρει
1687 945 1790 1014 τῆς

204 1029 405 1102 λύπης,
462 1032 596 1105 μηδὲ
639 1033 1018 1106 καταποθῆναι
1070 1034 1174 1107 τὴν
1213 1035 1424 1108 ψυχήν·
1473 1038 1650 1091 ἐκεῖνο
1688 1051 1788 1091 πε-

201 1121 526 1194 πεισμένον,
567 1123 652 1177 ὅτι
698 1123 803 1179 κᾶν
829 1124 881 1178 ot
922 1124 1073 1194 λόγοι
1105 1125 1215 1180 τῶν
1245 1125 1396 1199 παρά
1418 1126 1556 1180 Θεοῦ
1585 1129 1791 1184 οἰκονο-

202 1214 499 1287 μουμένων
546 1215 914 1289 διαφεύγωσιν
960 1221 1130 1291 ἡμᾶς,
1177 1220 1315 1275 ἀλλὰ
1354 1222 1574 1288 πάντως
1619 1240 1685 1293 γε
1728 1225 1791 1279 τὸ

197 1303 360 1375 παρὰ
409 1304 507 1360 τοῦ
547 1307 713 1378 σοφοῦ
768 1309 864 1363 καὶ
899 1310 1225 1380 ἀγαπῶντος
1254 1314 1407 1385 ἡμᾶς
1432 1315 1791 1387 οίκονομηθέν

196 1394 503 1452 ἀπόδεκτόν
549 1398 687 1464 ἐστι,
742 1400 849 1455 κᾶν
909 1398 1253 1478 ἐπίπονον
1294 1405 1468 1469 Αὐτὸς
1510 1405 1620 1479 γὰρ
1657 1403 1786 1474 οίδε,

194 1487 325 1550 πῶς
353 1488 571 1560 ἑκάστῳ
594 1489 868 1563 διατίθησι
898 1492 960 1547 τὺ
986 1494 1285 1567 συμφέρον,
1303 1496 1399 1551 καὶ
1425 1497 1514 1553 διὰ
1540 1499 1595 1552 τί
1627 1498 1790 1554 ἄνισα

192 1572 418 1647 τίθησιν
447 1577 581 1645 ἡμῖν
602 1577 702 1633 τοῦ
739 1578 856 1651 βίου
895 1580 968 1636 τὰ
1005 1582 1240 1655 πέρατα.
1273 1584 1432 1640 Ἔστι
1451 1588 1561 1661 γάρ
1587 1606 1672 1653 τις
1696 1589 1790 1644 ἁν-

196 1663 448 1737 θρώποις
507 1669 657 1724 αἰτία
713 1672 1126 1746 ἀκατάληπτος,
1169 1675 1238 1731 δι’
1283 1677 1352 1749 ἥν
1383 1678 1434 1732 ot
1465 1678 1565 1750 μὲν
1595 1678 1787 1735 θᾶττον

194 1755 456 1812 ἐντεῦθεν
495 1760 821 1830 ἀπάγονται,
857 1766 908 1818 οἱ
935 1764 996 1820 δὲ
1023 1765 1118 1820 ἐπὶ
1150 1766 1333 1823 πλεῖον
1359 1770 1785 1842 προσταλαιπω-

1888 578 2176 651 adaequare
2220 586 2517 651 poterunt:
2551 579 2664 635 imo
2708 579 2928 637 etiamsi
2972 579 3264 637 ﬂuviorum
3313 596 3470 652 aquae

1888 674 2143 747 lacrymai
2167 673 2326 741 ﬂant,
2359 673 2666 747 nequibunt
2710 688 2875 733 casus
2920 672 3068 731 illius
3104 674 3344 732 lamenta
3369 690 3474 731 ex-

1888 765 2053 836 plere.
2087 765 2168 839 (tl)
2194 766 2374 836 Quare
2397 766 2659 822 adhortor
2683 771 2760 831 te,
2786 772 2847 821 ut
2876 772 3160 822 strenuum
3186 760 3473 834 athletam,

1888 862 1950 912 ut
1973 867 2169 915 contra
2199 859 2374 931 plagae
2401 856 2836 929 magnitudinem
2879 856 3172 922 obnitaris,
3204 872 3307 913 nec
3341 866 3475 914 suc:-

1889 948 2117 1004 cumbas
2157 948 2385 1019 ponderi
2436 947 2665 1012 doloris,
2728 962 2907 1018 neque
2955 947 3309 1005 absorbearis
3352 947 3473 1002 ani-

1890 1054 2020 1108 mo;
2068 1055 2394 1111 persuasum
2445 1038 2676 1101 habens,
2707 1039 2811 1094 etsi
2846 1034 3090 1094 rationes
3128 1053 3318 1094 eorum
3350 1054 3473 1109 qua:

1889 1146 1921 1185 a
1948 1131 2061 1189 Deo
2089 1133 2499 1204 dispensentur,
2528 1145 2632 1187 nos
2665 1130 2835 1186 latent
2860 1171 2876 1197 ,
2908 1139 2964 1185 at
2989 1130 3237 1201 profecto
3264 1130 3411 1201 quod
3439 1147 3469 1184 a

1887 1224 2136 1296 sapiente
2162 1240 2374 1298 nosque
2414 1234 2632 1283 amante
2667 1225 3040 1298 dispensatur,
3070 1226 3468 1299 accipiendum,

1888 1317 2104 1375 etiamsi
2133 1319 2429 1376 molestum
2478 1318 2572 1376 sit.
2625 1317 2789 1374 Novit
2829 1319 2976 1375 enim
3013 1319 3152 1391 ipse,
3197 1316 3471 1390 quomodo

1887 1409 2188 1482 unicuique
2215 1411 2424 1467 dividat
2455 1412 2604 1484 quod
2650 1413 2787 1468 utile
2821 1421 2929 1478 est,
2968 1420 3024 1468 et
3054 1426 3220 1482 quam
3244 1410 3313 1466 ob
3339 1425 3473 1465 cau-

1888 1516 2007 1559 sam
2065 1502 2362 1575 inaequales
2415 1503 2541 1559 vitae
2596 1505 2859 1562 terminos
2920 1503 3081 1561 nobis
3142 1503 3470 1574 praestituat.

1887 1593 1987 1651 Est
2030 1596 2177 1651 cnim
2223 1609 2392 1652 causa
2435 1596 2619 1666 aliqua
2674 1595 2991 1652 hominibus
3039 1593 3469 1665 indeprehensa,

1886 1686 1959 1742 ob
1993 1701 2158 1758 quam
2211 1686 2304 1742 alii
2348 1687 2568 1759 quidem
2596 1688 2764 1743 citius
2814 1688 2943 1744 hinc
2975 1686 3346 1759 abripiuntur,
3378 1686 3471 1739 alii

1884 1793 2016 1837 vero
2063 1778 2274 1836 diutius
2330 1779 2389 1834 in
2440 1779 2544 1835 hac
2591 1780 2912 1836 calamitosa
2940 1779 3053 1835 vita
3095 1777 3163 1833 ad
3198 1792 3473 1833 aerumnas

198 1851 323 1944 ρεῖν
343 1849 425 1922 τῷ
445 1851 690 1926 ὀδυνηρῷ
725 1855 901 1928 τούτῳ
928 1856 1032 1930 βίῳ
1063 1861 1594 1932 καταλιμπάνονται.
1621 1865 1783 1919 Ὥστε

1886 1869 2236 1942 perferendas
2276 1871 2684 1942 relinquuntur.
2734 1870 2923 1944 Itaque
2972 1870 3032 1927 in
3066 1869 3324 1927 omnibus
3370 1870 3472 1925 ad-

193 1943 298 1996 ἐπὶ
324 1945 458 2000 πᾶσι
486 1950 817 2020 προσκυνεῖν
857 1949 1023 2006 αὑτοῦ
1058 1951 1158 2024 τὴν
1198 1953 1613 2027 φιλανθρωπίαν
1639 1956 1786 2026 ὀφεί-

193 2033 389 2106 λομεν,
419 2038 516 2091 κα“ι
545 2038 622 2112 μὴ
649 2039 1021 2115 δυσχεραίνειν
1040 2061 1054 2075 ·
1105 2046 1445 2119 μεμνημένοι
1476 2047 1578 2120 τῆς
1623 2050 1787 2120 μεγά-

190 2126 303 2200 λης
319 2130 534 2204 ἐκείνης
555 2133 652 2188 καὶ
677 2134 925 2208 ἀοιδίμου
958 2137 1165 2210 φωνῆς,
1188 2139 1257 2211 ἢν
1282 2141 1312 2194 6
1344 2139 1520 2212 μέγας
1540 2140 1784 2215 ἀθλητὴς

206 2221 337 2275 Ἰὼϐ
371 2223 696 2295 ἐφθέγξατο,
740 2230 834 2283 ἐπὶ
874 2232 1006 2303 μιᾶς
1030 2233 1312 2305 τραπέζης
1343 2233 1466 2289 ίδὼν
1488 2233 1621 2290 δέκα
1653 2239 1783 2290 παῖ-

191 2314 299 2380 δας
312 2317 369 2369 ἐν
390 2316 619 2392 βραχείᾳ
641 2322 835 2394 καιροῦ
862 2325 1002 2396 ῥοπῇ
1024 2325 1406 2398 συντριϐέντας
1425 2342 1440 2358 ⁸
1479 2327 1545 2381 '0
1569 2329 1783 2398 Κύριος

191 2406 445 2476 ἔδωκεν,
472 2414 507 2466 ὁ
520 2414 737 2482 Κύριος
758 2415 1041 2484 ἀφείλετο
1063 2417 1145 2490 (1)
1177 2433 1191 2446 ·
1217 2417 1299 2486 ὡς
1324 2416 1407 2485 τῷ
1428 2420 1627 2488 Κυρίῳ
1647 2419 1781 2474 ἔδο-

193 2495 331 2563 ξεν,
353 2498 540 2567 οὕτως
564 2501 663 2556 καὶ
682 2502 940 2574 ἐγένετο.
985 2505 1287 2580 Ἡμέτερον
1323 2506 1485 2562 τοῦτο
1514 2508 1577 2562 τὸ
1598 2506 1784 2580 θαῦμα

190 2589 579 2666 ποιησώμεθαο
615 2592 731 2659 ἶσος
759 2597 788 2649 6
819 2596 1010 2666 μισθὸς
1038 2597 1192 2670 παρά
1218 2598 1316 2653 τοῦ
1356 2599 1568 2654 δικαίου
1591 2599 1781 2673 κριτοῦ

191 2689 315 2751 τοῖς
362 2687 432 2743 τὰ
473 2688 563 2743 ῖσα
620 2691 1089 2763 ἐπιδεικνυμένοις
1129 2692 1619 2764 ἀνδραγαθήματα.
1667 2694 1783 2748 Οὐκ

192 2779 657 2854 ἀπεστερήθημεν
704 2782 801 2836 τοῦ
854 2783 1068 2850 παιδὸς,
1123 2783 1240 2839 ἀλλ’
1292 2784 1656 2856 ἀπεδώκαμεν
1703 2784 1783 2856 τῷ

193 2872 467 2942 χρήσαντι
494 2873 573 2945 (2)
606 2890 623 2904 -
657 2874 759 2928 οὐκ
798 2875 1072 2949 ἠφανίσθη
1103 2876 1270 2931 αὐτοῦ
1319 2878 1355 2949 ἡ
1385 2876 1521 2949 ζωὴ,
1549 2875 1663 2931 ἀλλ’
1688 2877 1783 2931 ἐπὶ

193 2964 266 3017 τὸ
298 2964 502 3035 βέλτιον
533 2968 827 3042 διημείφθη
854 2985 869 3001 ⁸
904 2970 968 3024 οὐ
999 2971 1071 3042 γῆ
1105 2972 1418 3043 κατέκρυψε
1450 2970 1543 3025 τὸν
1564 2973 1783 3045 ἀγαπη-

193 3055 313 3124 τδν,
343 3058 459 3113 ἀλλ’
502 3060 730 3132 οὐρανὸς
771 3061 1088 3128 ὑπεδέξατο.
1130 3063 1344 3136 Μικρὸν
1373 3064 1779 3137 ἀναμείνωμεν,

194 3149 299 3204 καὶ
322 3152 667 3247 *συνεσόμεθα
686 3154 765 3247 τῶ
786 3155 1129 3247 ποθουμένῳ.
1160 3156 1296 3211 Οὐδὲ
1333 3157 1501 3221 πολὺς
1534 3158 1563 3210 6
1588 3157 1781 3230 χρόνος
1805 3186 1850 3247 c

195 3246 301 3315 τῆς
315 3244 672 3311 διαστάσεως,
692 3246 909 3301 πάντων
934 3246 1123 3319 ὥσπερ
1159 3249 1218 3302 ἐν
1248 3247 1352 3319 ὁδῷ
1380 3247 1458 3321 τῷ
1482 3248 1581 3320 βίῳ
1608 3248 1782 3320 τούτῳ

196 3334 342 3407 πρὸς
368 3336 430 3389 τὸ
478 3338 608 3391 αὐτὸ
632 3339 979 3408 καταγώγιον
1013 3339 1387 3412 ἐπειγομένων
1408 3358 1420 3369 ·
1466 3342 1525 3394 ἐν
1553 3335 1598 3409 ᾧ
1631 3343 1661 3394 6
1685 3340 1783 3412 μὲν

197 3428 610 3496 προκατέλαϐεν
672 3430 769 3502 (5),
831 3433 860 3484 6
916 3430 973 3484 δὲ
1005 3431 1259 3503 ἐπῆλθεν,
1309 3433 1339 3486 6
1380 3430 1437 3484 δὲ
1480 3432 1780 3500 ἐπείγεται,

198 3516 413 3582 πάντας
458 3518 514 3572 δὲ
558 3518 619 3573 ἓν
661 3519 982 3590 ὑποδέχεται
1015 3521 1190 3584 τέλος.
1228 3521 1294 3574 Εἰ
1326 3520 1436 3591 γὰρ
1472 3522 1567 3575 καὶ
1590 3520 1781 3575 θᾶττον

196 3606 302 3677 τὴν
322 3606 439 3662 ὁδὸν
468 3609 784 3673 κατέλυσεν,
822 3608 960 3665 ἀλλὰ
992 3610 1196 3675 πάντες
1229 3610 1328 3682 τὴν
1362 3609 1531 3682 αὐτὴν
1556 3611 1783 3683 πορευόε-

203 3696 383 3769 μεθα,
438 3698 537 3751 καὶ
598 3699 809 3765 πάντας
860 3701 923 3754 τὸ
972 3700 1106 3754 αὐτὸ
1153 3699 1417 3772 ἀναμένει
1467 3700 1780 3772 κατάλυμα.

213 3789 619 3861 Ἀναμνήσθητι
650 3790 745 3844 τοῦ
789 3789 882 3844 σοῦ
936 3791 1165 3864 πατρὸς,
1196 3792 1281 3845 ὃτι
1308 3790 1563 3863 τέθνηκε.
1594 3792 1661 3846 Τί
1690 3789 1784 3847 οὖν

200 3879 539 3950 θαυμαστὸν,
574 3884 641 3935 ἐκ
691 3882 887 3955 θνητοῦ
925 3884 1275 3955 γεννηθέντα,
1312 3883 1508 3955 θνητοῦ
1530 3884 1783 3955 γενέσθαι

201 3970 453 4044 πατέρα;
480 3972 553 4026 Τὸ
573 3973 631 4027 δὲ
656 3973 763 4045 πρὸ
806 3974 975 4048 ὥρας,
1012 3976 1108 4031 καὶ
1145 3976 1275 4047 πρὶν
1321 3976 1649 4048 κορεσθῆναι
1686 3977 1782 4032 τοῦ

203 4065 347 4135 βίου,
380 4065 476 4119 καὶ
506 4067 637 4138 πρὶν
689 4070 770 4131 είς
823 4070 1021 4140 μέτρον
1070 4068 1286 4139 ἡλικίας
1319 4069 1513 4135 ἐλθεῖν,
1552 4070 1649 4125 καὶ
1677 4088 1781 4140 φα-

200 4158 364 4229 νῆναι
384 4160 501 4221 τοῖς
532 4158 859 4239 ἀνθρώποις,
882 4162 977 4213 καὶ
1001 4160 1253 4232 διαδοχὴν
1278 4161 1372 4214 τοῦ
1402 4161 1595 4231 γένους
1613 4179 1785 4217 κατα-

205 4249 417 4301 Λιπεῖνο
452 4247 625 4302 ταῦτα
658 4251 758 4303 οὐκ
791 4249 1020 4322 αὔξησις
1046 4249 1141 4305 τοῦ
1177 4252 1406 4317 πάθους,
1435 4253 1572 4308 ἀλλὰ
1605 4272 1786 4326 παρα·-

206 4336 378 4408 μυθία
423 4338 518 4391 τοῦ
555 4341 839 4408 γεγονότος
880 4343 1046 4408 ἐστὶν,
1082 4344 1162 4397 ὅτι
1189 4344 1264 4416 μὴ
1286 4343 1580 4397 κατέλιπεν
1644 4345 1784 4417 ὑπὲρ

202 4427 312 4500 γῆς
356 4427 569 4501 ὀρφανὰ
617 4431 809 4486 τέκνα·
850 4433 933 4487 ὅτι
986 4434 1061 4505 μὴ
1113 4437 1347 4505 γυναῖκα
1386 4436 1562 4508 χήραν
1606 4436 1784 4508 θλίψει

1885 1977 2047 2020 orare
2095 1963 2245 2021 illius
2283 1962 2342 2019 in
2392 1978 2495 2020 nos
2548 1978 2790 2019 amorem
2845 1962 3130 2029 debemus,
3178 1977 3285 2018 nec
3331 1977 3473 2033 aegre

1885 2048 2068 2120 ferre;
2099 2065 2372 2107 memores
2400 2066 2616 2125 magnae
2641 2051 2793 2109 illius
2822 2059 2880 2108 et
2902 2052 3272 2109 celeberrimae
3296 2053 3470 2118 vocis,

1882 2158 2048 2215 quam
2076 2159 2308 2217 magnus
2339 2145 2433 2203 ille
2480 2146 2685 2204 athleta
2728 2143 2835 2203 Job
2862 2145 3067 2211 emisit,
3109 2161 3237 2202 cum
3270 2147 3329 2202 in
3360 2162 3472 2202 uno

1882 2237 2136 2294 convivio
2185 2238 2390 2296 liberos
2432 2237 2622 2296 decem
2667 2238 2866 2311 exiguo
2897 2238 3163 2308 temporis
3192 2246 3479 2295 momento.

1880 2342 2173 2399 oppressos
2202 2330 2341 2385 vidit
2368 2348 2384 2385 :
2416 2328 2675 2385 Dominus
2706 2329 2888 2397 dedit,
2923 2329 3181 2384 Dominus
3210 2328 3471 2386 abstulit:

1881 2420 2019 2474 sicut
2042 2418 2271 2474 Domino
2300 2420 2507 2486 uisum,
2535 2419 2615 2474 ita
2638 2427 2691 2475 et
2722 2420 2925 2488 factum
2952 2426 3032 2473 est
3052 2417 3122 2471 ⁷⁸.
3156 2416 3469 2473 Admirabi-

1882 2512 1989 2568 lem
2021 2513 2170 2568 illam
2196 2526 2391 2569 vocem
2430 2516 2679 2568 nostram
2719 2508 2989 2566 faciamus
3017 2529 3033 2566 :
3064 2524 3166 2582 par
3193 2523 3409 2566 merces
3437 2524 3478 2564 θ

1876 2604 2032 2676 justo
2072 2603 2259 2676 judice
2304 2603 2459 2676 paria
2505 2603 2769 2675 praeclare
2822 2601 2967 2657 facta
3032 2601 3467 2674 designantibus.

1881 2695 2003 2751 Non
2030 2710 2223 2752 sumus
2248 2695 2364 2751 tilio
2390 2694 2568 2751 orbati
2596 2714 2610 2751 :
2644 2693 2741 2751 sed
2769 2694 3113 2751 restituimus
3138 2693 3190 2749 ei
3222 2692 3319 2765 qui
3346 2708 3479 2748 mu-

1883 2793 1978 2841 tuo
2008 2785 2251 2841 dederat.
2295 2783 2485 2857 Neque
2523 2782 2798 2841 exstincta
2825 2788 2912 2838 est
2947 2781 3095 2837 illius
3125 2781 3259 2847 vita,
3288 2779 3387 2836 sed
3412 2779 3471 2835 in

1879 2877 2078 2934 melius
2131 2883 2496 2932 transmutata
2530 2891 2544 2928 :
2585 2889 2764 2946 neque
2804 2873 3009 2929 humus
3050 2872 3312 2928 dilectum
3364 2885 3481 2926 ilo--

1880 2978 2057 3028 strum
2087 2969 2319 3036 obtexit,
2363 2968 2463 3025 sed
2496 2966 2700 3024 cmlum
2746 2966 3010 3038 suscepit.
3053 2964 3339 3036 Paulisper
3369 2980 3470 3019 et-

1881 3070 2235 3136 spectemus;
2284 3067 2340 3115 et
2398 3074 2508 3115 una
2555 3072 2686 3117 cum
2732 3072 2801 3114 eo
2857 3073 3021 3129 quem
3072 3056 3482 3118 desideramus..

1880 3156 2110 3213 erimus.
2175 3152 2363 3225 Neque
2412 3154 2635 3226 longum
2684 3156 2771 3209 est
2821 3158 3038 3222 tempus
3086 3147 3467 3221 sejunctionis,

1881 3262 2011 3304 cum
2048 3260 2240 3303 omnes
2284 3245 2342 3301 in
2385 3245 2491 3301 hac
2526 3245 2641 3300 vita
2678 3252 2942 3316 tanquam
2985 3244 3046 3298 in
3088 3243 3177 3297 via
3220 3240 3291 3297 ad
3327 3240 3469 3295 idem

1880 3340 2242 3397 diversorium
2275 3336 2649 3393 contendant:
2686 3336 2744 3392 in
2778 3336 2923 3407 quod
2962 3334 3053 3389 hic
3077 3334 3193 3406 jam
3226 3332 3469 3394 advenit,

1883 3430 1976 3487 ille
2015 3428 2351 3501 supervenit,
2406 3428 2544 3484 alter
2604 3426 2826 3484 festinat
2862 3445 2877 3481 :
2917 3424 3044 3483 ﬁnis
3090 3432 3275 3481 autem
3324 3440 3473 3480 unus

1885 3536 2079 3578 omnes
2128 3521 2382 3591 excipiet.
2435 3518 2551 3575 Etsi
2607 3519 2755 3574 cnim
2802 3517 2967 3574 citius
3014 3517 3158 3573 viam
3210 3514 3469 3581 confecit,

1883 3608 2134 3665 eamdem
2178 3623 2373 3664 omnes
2417 3606 2779 3678 ingredimur,
2830 3620 3133 3676 omnesque
3167 3603 3313 3661 idem
3352 3617 3473 3658 ma-

1884 3707 1979 3757 net
2036 3699 2419 3756 diversorium.
2483 3698 2563 3769 (5)
2616 3697 2728 3754 Fac
2777 3697 3081 3755 recorderis
3130 3697 3304 3770 patris
3364 3695 3467 3761 tui,

1884 3794 1979 3863 qui
2007 3798 2258 3846 mortuus
2282 3798 2388 3847 est.
2419 3789 2559 3856 Quid
2591 3790 2758 3861 igitur
2781 3790 3005 3854 mirum,
3032 3804 3103 3845 ex
3130 3787 3346 3846 mortali
3378 3803 3471 3861 ge-

1884 3884 2081 3951 nitum,
2108 3885 2355 3940 mortalis
2396 3888 2606 3954 patrem
2651 3882 2856 3937 factum
2887 3882 3046 3939 esse?
3094 3880 3253 3948 Quod
3283 3888 3468 3936 autem

1885 3977 2197 4043 immature,
2233 3976 2630 4046 etpriusquam
2662 3974 2772 4029 vita
2801 3974 3116 4038 satiaretur,
3147 3971 3470 4044 priusquam

1886 4067 1955 4122 ad
2008 4067 2186 4123 aetatis
2238 4080 2556 4122 mensuram
2603 4066 2942 4137 perveniret,
2997 4072 3053 4121 et
3099 4065 3473 4120 innotesceret

1886 4156 2220 4223 hominibus,
2268 4172 2333 4212 ac
2377 4156 2595 4229 generis
2642 4156 2975 4228 relinqueret
3015 4156 3467 4213 successionem:

1886 4264 2230 4322 nequaquam
2270 4251 2388 4306 haec
2423 4249 2630 4306 doloris
2660 4247 2927 4316 accessio,
2956 4247 3054 4305 sed
3079 4256 3310 4305 eventus
3340 4253 3485 4303 sunt.

1889 4344 2169 4410 solatium,
2200 4342 2348 4415 quod
2393 4358 2504 4398 non
2540 4342 2827 4413 reliquerit
2869 4341 2927 4397 in
2952 4350 3099 4397 terra
3142 4339 3346 4396 liberos
3375 4353 3481 4393 or-

1890 4433 2011 4501 bos,
2039 4448 2143 4489 nec
2167 4434 2390 4489 viduam
2425 4442 2519 4488 aut
2547 4431 2807 4488 aerumnis
2849 4428 3125 4493 diuturnis
3155 4428 3469 4494 obnoxiam,

208 4523 402 4595 μακρᾷ
433 4522 646 4577 ἔκδοτον
679 4524 912 4594 ἀφῆκεν,
944 4523 978 4595 ἢ
1011 4525 1167 4596 ἀνδρὶ
1206 4526 1378 4597 ἑτέρῳ
1408 4525 1782 4590 συνοικοῦσαν,

1886 4535 2136 4583 autcum
2165 4526 2336 4580 altero
2365 4524 2484 4578 viro
2531 4522 2895 4578 habitaturam
2931 4527 2988 4578 et
3010 4521 3218 4577 liberos
3260 4519 3477 4589 priores

204 4612 434 4667 καὶτῶν
471 4615 752 4685 προτέρων
798 4614 1004 4668 τέκνων
1040 4616 1478 4688 καταμελοῦσαν.
1502 4618 1576 4671 Τὸ
1602 4619 1679 4683 δὲ,
1705 4620 1789 4672 ὅτι

204 4707 271 4759 οὐ
314 4706 599 4776 παρετάθη
636 4705 715 4777 τῷ
754 4706 853 4777 βίῳ
898 4706 1076 4778 τούτῳ
1111 4709 1145 4778 ἡ
1176 4708 1291 4780 ζωὴ
1320 4708 1416 4762 τοῦ
1460 4711 1670 4774 παιδὸς,
1704 4712 1789 4775 τίς

204 4796 383 4861 οῦτως
432 4796 723 4868 ἀγνώμων,
774 4799 850 4863 ὡς
894 4800 969 4870 μὴ
1022 4800 1083 4851 τὸ
1126 4800 1380 4869 μέγιστον
1424 4801 1535 4855 τῶν
1569 4802 1789 4871 ἀγαθῶν

203 4882 371 4939 τοῦτο
400 4885 640 4955 νομίζειν
659 4880 799 4939 εἶναι
821 4905 837 4953 ;
866 4887 933 4940 'H
957 4889 1066 4958 γὰρ
1086 4889 1178 4941 ἐπὶ
1201 4888 1386 4943 πλεῖον
1416 4890 1648 4945 ἐνταῦθα
1669 4891 1786 4946 δια-

204 4976 394 5049 τριϐὴ,
412 4976 669 5033 πλειόνων
691 4977 876 5032 κακῶν
909 4982 1056 5033 ἐστιν
1085 4982 1326 5053 ἀφορμή.

280 5066 337 5122 9.
359 5066 515 5130 Τίνος
540 5066 727 5121 ἐνεκεν
753 5069 875 5139 οὐχ).
915 5068 1085 5140 θνητὰ
1120 5075 1335 5142 φρονεῖν
1366 5073 1494 5143 περὶ
1523 5072 1617 5127 τοῦ
1656 5074 1787 5147 θνη-

205 5156 307 5212 τοῦ
340 5157 713 5231 προειθίσθης,
755 5159 870 5213 ἀλλ’
914 5160 1319 5233 ἀπροσδόκητον
1353 5161 1449 5215 τοῦ
1482 5162 1669 5227 παιδὸς
1696 5164 1788 5218 τὸν

208 5248 444 5304 θάνατον
494 5245 843 5321 προσεδέξω;
874 5250 1003 5304 Ὅτε
1038 5266 1121 5304 σοι
1170 5251 1387 5321 πρῶτον
1412 5251 1653 5324 ἠγγέλθη
1691 5253 1788 5307 τοῦ

282 5407 332 5441 ’⁸
369 5404 475 5463 Job
502 5422 543 5473 ι,
578 5405 672 5462 21.

291 5561 374 5636 (l)
406 5564 730 5636 Ἀφειλετο.
761 5560 1002 5635 Uterque
1024 5527 1193 5619 codex
1219 5571 1273 5619 et
1299 5564 1467 5621 editio
1490 5567 1664 5636 prima
1692 5567 1794 5622 Pa-

213 5631 323 5693 ris.
351 5631 633 5702 άφείλατο.

312 5704 369 5778 ἓ)
403 5702 723 5778 ΔΣερήενανοει.
747 5703 1162 5778 Codex_Regius
1191 5703 1352 5770 1992,
1383 5706 1687 5778 χαρίσαντι.

312 5705 369 5774 2)
403 5705 723 5771 Χρήσαντι.
747 5705 927 5762 Codex
961 5706 1162 5775 Regius
1191 5705 1352 5770 i992,
1383 5706 1687 5778 χαρίσαντι.

291 5705 372 5846 ἱὸὶ
401 5772 872 5843 Προκατέλαόεν.
918 5776 1218 5834 Cuntextus
1276 5775 1696 5847 προκατέλυσεν.
1740 5791 1794 5839 et

1888 4614 2284 4686 ncglecturam.
2339 4612 2496 4681 Quod
2551 4621 2735 4669 autem
2779 4612 2891 4666 vita
2939 4611 3096 4682 pueri
3148 4609 3366 4680 longius
3415 4607 3470 4663 iu

1887 4710 1994 4765 hoc
2018 4709 2222 4765 saaculo
2253 4709 2523 4779 producta
2563 4704 2847 4772 nonfuit;
2896 4705 3021 4777 quis
3064 4702 3200 4758 adeo
3227 4699 3471 4757 inconsi-

1889 4797 2135 4864 deratus,
2159 4805 2220 4853 ut
2246 4797 2301 4853 id
2329 4797 2630 4853 maximum
2650 4798 2918 4853 bonorum
2949 4809 3075 4851 esse
3093 4807 3205 4849 non
3228 4791 3477 4863 iudicet?

1891 4889 2134 4962 Longior
2159 4891 2307 4947 enim
2357 4890 2449 4946 bic
2501 4888 2882 4955 commoratio,
2926 4888 3194 4943 malorum
3232 4885 3470 4955 plurium

1892 4980 2114 5034 occasio
2148 4988 2251 5037 est.

1966 5070 2130 5143 538
2148 5071 2201 5127 9.
2222 5071 2298 5143 (6)
2318 5071 2591 5139 Quorsum
2610 5085 2719 5125 non
2741 5068 2895 5141 prius
2922 5065 3211 5125 assuevisti
3237 5065 3306 5120 de
3328 5079 3471 5117 mor-

1894 5163 1991 5217 tali
2010 5164 2239 5219 mortale
2254 5163 2512 5235 quiddam
2538 5162 2764 5227 sentire,
2786 5160 2883 5218 sed
2915 5167 3146 5216 mortem
3175 5156 3268 5212 ﬁlii
3290 5171 3473 5212 susce-

1896 5255 2025 5324 pisti
2045 5265 2240 5318 praeter
2263 5254 2769 5327 exspectationem?
2799 5250 2968 5310 Ortus
2991 5251 3087 5306 lilii
3106 5264 3234 5306 cum
3250 5246 3459 5325 ωιη

1900 5569 2066 5637 infra,
2091 5571 2548 5640 συνοικήσουσαν,
2571 5572 2624 5622 et
2650 5564 3154 5637 καταμελήσουσαι

1970 5641 2046 5711 (4)
2088 5638 2165 5694 Ex
2198 5637 2337 5711 cpis't
2382 5656 2433 5703 v,
2467 5637 2557 5711 78.

1970 5705 2045 5780 (5)
2086 5711 2163 5766 Ex
2208 5705 2367 5778 epist.
2391 5724 2508 5774 ccc,
2541 5705 2665 5763 456.

1975 5774 2167 5856 inLle
2200 5774 2349 5842 Msa.
2383 5781 2436 5834 in
2468 5788 2625 5832 mart.
2652 5774 3052 5830 Juliltam-.'."'~
