3874 6224
366 353 500 410 1271

1219 349 1582 406 APPENDIX.
1623 382 1690 392 --
1732 350 2080 412 SYMEONIS
2120 357 2654 416 METAPIIRASTAS

3472 359 3623 415 1272

361 483 510 524 mum
547 467 828 524 nuntiatus
856 475 960 531 est,
992 466 1039 522 si
1089 465 1213 537 quis
1255 472 1309 520 te
1354 467 1743 537 interrogasset
1780 468 1938 538 quale

2043 474 2200 537 υἰέως
2253 477 2282 528 ό
2330 477 2569 540 τοκετὸς,
2605 476 2661 528 εί
2702 475 2785 540 τίς
2811 492 2872 528 σε
2897 476 3096 547 εἴρετο,
3131 473 3384 527 Ποταπόν
3410 474 3528 527 ἐστι
3554 473 3617 526 τὸ

359 568 508 616 esset
537 559 682 630 quod
715 567 902 614 natum
934 569 1039 623 est,
1067 558 1325 628 quidnam
1360 565 1491 613 tunc
1521 559 1933 628 respondisscs?

363 650 582 707 aliudne
605 649 856 715 dixisses,
873 649 980 706 nisi
998 650 1140 720 quod
1167 649 1330 704 homo
1354 650 1426 706 sit
1445 649 1588 719 quod
1611 658 1796 704 natum
1817 651 1938 706 est?

364 741 520 808 Quod
544 744 591 798 si
615 743 797 808 homo,
829 740 1016 812 utique
1041 750 1096 796 et
1125 742 1389 798 mortalis.
1424 740 1568 807 Quid
1602 742 1766 811 igitur
1792 744 1935 806 miri,

364 833 412 889 si
426 841 672 888 mortuus
687 842 772 890 est
791 833 1075 888 mortalis?
1092 835 1287 887 Annon
1301 830 1455 888 vides
1473 832 1643 886 solem
1670 832 1936 887 orientem

364 933 417 977 et
441 924 817 979 occidentem9
847 940 958 979 non
982 924 1137 979 vides
1170 932 1508 979 crescentem
1539 925 1720 979 lunam
1765 935 1820 978 et
1844 922 1939 978 de-

364 1013 745 1067 crescentem?
773 1028 881 1067 non
907 1020 1107 1067 terram
1133 1012 1421 1077 virentem,
1458 1010 1653 1066 deinde
1683 1026 1939 1067 arescen-

364 1104 508 1160 tem?
536 1103 676 1171 Quid
705 1105 871 1176 igitur
908 1105 1126 1168 mirum,
1161 1105 1210 1161 si
1253 1119 1355 1161 nos
1392 1119 1610 1174 quoque
1648 1118 1771 1159 cum
1811 1118 1939 1174 pars

364 1203 537 1259 simus
572 1204 784 1268 mundi,
818 1219 1007 1260 eorum
1039 1217 1161 1274 qua:
1199 1201 1389 1258 mundi
1445 1209 1594 1266 sunt,
1646 1200 1939 1270 participes

364 1294 576 1351 simus?
601 1294 725 1350 Filii
758 1295 1086 1360 charissimi,
1120 1302 1213 1351 aut
1252 1294 1439 1349 uxoris
1469 1293 1814 1364 gratissimae,
1846 1300 1940 1346 aut

363 1386 589 1442 alterius
621 1386 926 1458 cujuspiam
968 1401 1158 1443 eorum
1203 1386 1296 1455 qui
1328 1392 1457 1440 sunt
1510 1383 1852 1448 amicissimi,
1884 1392 1940 1439 et

361 1479 511 1532 omni
556 1477 927 1533 benevolentia
978 1486 1141 1546 atque
1186 1474 1589 1532 necessitudine
1633 1474 1935 1544 conjuncti,

361 1569 614 1638 privatio,
641 1568 1064 1639 haudquaquam
1120 1566 1303 1622 futura
1344 1573 1430 1624 est
1476 1566 1707 1621 molesta
1737 1573 1790 1620 et
1817 1580 1939 1635 ετα-

361 1659 446 1712 vis
486 1656 694 1712 homini
723 1656 972 1728 provido,
1004 1663 1059 1712 et
1104 1663 1309 1711 rectam
1355 1654 1623 1710 rationem
1669 1654 1795 1709 vitae
1832 1654 1938 1709 du-

362 1761 478 1802 cem
503 1745 745 1817 habenti,
774 1759 884 1800 non
912 1751 1093 1799 autem
1132 1759 1201 1798 ex
1248 1742 1646 1799 consuetudine
1695 1743 1930 1813 quadam

2035 564 2243 634 τεχθὲν,
2279 565 2331 619 τί
2367 584 2497 620 ποτε
2525 567 2591 621 ἂν
2619 566 2930 638 ἁπεκρίνω;
2961 562 3073 637 ἆρα
3102 566 3232 618 ἄλλο
3261 584 3311 619 τι
3342 564 3409 619 ἂν
3434 560 3613 628 εἶπες.

2036 652 2068 723 ἢ
2098 655 2178 707 ὅτι
2233 654 2519 727 ἄνθρωπός
2568 656 2684 708 ἐστι
2710 655 2768 709 τὸ
2792 655 3081 725 γεννηθὲν;
3124 656 3186 708 Εἰ
3216 655 3275 708 δὲ
3301 655 3612 725 ἄνθρωπος,

2037 745 2129 796 καὶ
2165 742 2355 815 θνητὸς
2380 745 2642 812 δηλονότι.
2680 744 2745 799 Τί
2772 741 2865 799 οὖν
2896 745 3221 817 παράδοξον,
3263 747 3311 798 εἰ
3341 746 3617 799 ἀπέθανεν

2037 834 2065 885 ὁ
2113 833 2340 904 θνητός;
2381 836 2492 905 Οὐχ
2555 837 2687 907 ὁρᾷς
2748 837 2903 907 ἥλιον
2954 837 3313 890 ἀνατέλλοντα
3354 837 3451 889 καὶ
3497 837 3619 889 δυό-

2042 943 2232 996 μενονς
2262 928 2360 997 οὐχ
2412 930 2546 999 ὁρᾷς
2586 928 2686 1000 τὴν
2741 929 2971 1001 σελήνην
3013 928 3305 995 αὔξουσαν,
3345 926 3470 982 εἶτα
3497 929 3624 998 φοε-

2036 1036 2262 1086 νουσαν;
2292 1021 2353 1073 οὐ
2404 1020 2505 1092 τὴν
2547 1022 2650 1092 γῆν
2677 1020 2995 1088 θάλλουσαν,
3033 1020 3151 1075 εἶτα
3182 1020 3619 1093 ξηραινομένήνς

2038 1112 2103 1163 Τί
2151 1107 2246 1165 οὖν
2295 1110 2627 1183 θαυμαστὸν,
2678 1114 2728 1166 εί
2774 1113 2870 1166 καὶ
2911 1116 3094 1185 ἡμεῖς,
3127 1115 3293 1185 μέρος
3336 1114 3493 1175 ὄντες
3526 1111 3624 1164 τοῦ

2038 1205 2266 1276 κόσμου,
2318 1203 2667 1275 ἀπολαύομεν
2720 1205 2827 1259 τῶν
2880 1207 2946 1259 ἐκ
2983 1205 3079 1258 τοῦ
3127 1206 3379 1275 κόσμου;
3422 1201 3625 1266 Παιδὸς

2036 1295 2343 1366 ἀγαπητοῦ,
2398 1296 2432 1368 ἢ
2482 1297 2741 1365 γυναικὸς
2786 1296 3151 1366 καταθυμίας,
3205 1295 3234 1365 ἦ
3283 1295 3447 1349 ἄλλου
3474 1291 3624 1354 τινὸς

2036 1390 2147 1443 τῶν
2194 1389 2469 1460 φιλτάτων
2520 1390 2611 1444 καὶ
2672 1389 2813 1443 κατὰ
2885 1391 3069 1443 πᾶσαν
3132 1385 3347 1441 εὔνοιαν
3413 1400 3627 1453 συνημ-

2040 1483 2215 1552 μένων
2271 1483 2565 1554 στέρησις,
2612 1482 2765 1536 οὐδὲν
2818 1481 2989 1535 δεινὸν
3036 1479 3112 1550 τῷ
3157 1475 3624 1551 προεσκεμμένῳ,

2037 1573 2131 1628 καὶ
2163 1572 2254 1628 τὸν
2290 1573 2449 1646 ὀρθὸν
2476 1574 2634 1642 λόγον
2663 1573 2908 1645 ἡγεμόνα
2941 1572 3041 1643 τῆς
3070 1570 3219 1641 ζωῆς
3244 1568 3449 1640 ἔχοντι,
3485 1567 3625 1620 ἀλλά

2040 1666 2115 1737 μὴ
2173 1666 2317 1719 κατά
2371 1665 2665 1738 συνήθειάν
2699 1683 2821 1719 τινα
2858 1663 3229 1736 πορευομένῳ.
3261 1661 3466 1724 Ἔθσυς
3513 1660 3625 1729 γάρ

2038 1755 2318 1828 χωρισμὸς
2345 1756 2442 1810 καὶ
2472 1759 2586 1821 τοῖς
2632 1756 2848 1825 ἀλόγοις
2877 1757 2991 1808 ἐστὶ
3034 1750 3473 1825 δυσφορώτατος.
3512 1751 3625 1810 Καί

363 1836 659 1893 incedenti.
699 1835 834 1891 Nam
884 1835 1299 1891 acerbissimum
1342 1843 1426 1891 est
1462 1836 1545 1890 vel
1584 1835 1719 1906 ipsis
1758 1836 1935 1891 brutis

2043 1819 2170 1898 ποτε
2200 1819 2342 1900 εἶδον
2362 1845 2474 1913 ἐγὼ
2500 1819 2628 1916 βοῦν
2659 1819 2754 1899 ἐπί
2778 1847 2985 1915 φάτνης
3012 1819 3343 1917 δακρύοντα,
3368 1841 3468 1895 τοῦ
3502 1858 3626 1895 συν-

363 1930 732 1985 animantibus
778 1944 811 1982 a
856 1928 1252 1984 consuetudine
1301 1928 1482 1982 avelli.
1527 1926 1790 1997 Equidem
1833 1943 1936 1998 ego

2043 1936 2203 2008 νόμου
2248 1936 2400 2007 αὐτῷ
2440 1938 2536 1990 καὶ
2586 1934 2859 2009 ὁμοζύγου
2902 1936 3349 2007 τελευτήσαντος.
3401 1932 3518 1986 Καὶ
3554 1932 3625 1985 τά

360 2023 479 2091 ipse
517 2022 627 2078 vidi
667 2021 958 2091 aliquando
989 2020 1181 2075 bovem
1225 2019 1279 2073 in
1315 2019 1541 2089 praesepi
1585 2020 1934 2089 illacryman-

2043 2026 2199 2080 λοιπά
2241 2027 2352 2082 τῶν
2402 2028 2615 2099 ἀλόγων
2668 2029 2912 2102 σφοδρῶς
2978 2028 3080 2099 τῆς
3141 2025 3434 2097 συνηθείας
3477 2023 3625 2077 ἔστιν

364 2126 492 2180 rem,
546 2122 736 2184 pastus
780 2127 844 2168 ac
890 2112 1004 2182 ‘jugi
1061 2111 1211 2167 socio
1261 2121 1435 2165 morte
1488 2110 1591 2167 sibi
1647 2118 1931 2180 praerepto.

361 2205 669 2271 Quinetiam
701 2204 884 2259 videre
910 2212 994 2257 est
1034 2203 1272 2273 reliquas
1315 2202 1522 2256 belluas
1550 2202 1933 2257 consuetudini

361 2293 516 2347 valde
553 2291 843 2347 admodum
875 2291 1273 2346 adherescere.

430 2403 520 2460 10.
553 2404 629 2473 (1)
663 2402 782 2457 Non
814 2401 1127 2457 existimavi
1150 2417 1365 2471 aequum
1398 2418 1521 2458 esse
1543 2411 1602 2456 ut
1622 2401 1795 2457 cilicio
1812 2417 1935 2455 meo

361 2496 628 2560 deessem,
655 2509 756 2550 nec
784 2495 852 2550 ad
887 2503 960 2561 te,
989 2510 1110 2565 quae
1148 2495 1293 2550 illius
1322 2503 1495 2549 mater
1519 2510 1600 2560 es,
1631 2509 1932 2551 sermonem

360 2593 753 2645 converterem.
805 2583 939 2639 Novi
996 2586 1177 2655 qualia
1231 2585 1342 2640 sint
1401 2593 1636 2638 matrum
1685 2585 1933 2649 viscera;

360 2686 525 2748 atque
563 2676 799 2746 coniicio
826 2683 1088 2746 quantum
1132 2676 1415 2746 probabile
1450 2677 1523 2731 sit
1568 2677 1622 2730 in
1655 2680 1937 2749 praesenti-

361 2771 463 2825 bus
511 2769 671 2823 malis
722 2768 964 2822 dolorem
1020 2784 1163 2824 esse.
1213 2767 1409 2821 Filium
1468 2769 1724 2834 amisisti,
1776 2787 1934 2840 quem

360 2862 630 2917 viventem
660 2867 862 2915 matres
887 2875 1077 2915 omnes
1099 2860 1469 2930 praedicabant
1502 2858 1742 2928 beatum,
1774 2863 1938 2919 tales-

361 2968 467 3021 que
513 2966 645 3007 suos
693 2966 815 3008 esse
861 2953 1157 3020 Optabam;
1215 2961 1491 3009 mortuum
1538 2972 1669 3011 vero
1712 2959 1939 3028 perinde

362 3046 638 3107 luxerunt,
676 3058 741 3098 ac
780 3044 829 3097 si
878 3058 1037 3099 suum
1089 3059 1318 3114 quaeque
1363 3045 1533 3103 humo
1585 3051 1934 3106 contexisset.

2039 2119 2166 2172 ίδεῖν
2197 2119 2559 2191 ἀντεχόμενα.

2106 2400 2195 2457 10.
2257 2399 2401 2454 Αλλὰ
2429 2400 2540 2473 γὰρ
2568 2400 2669 2453 οὐκ
2702 2397 2926 2475 ἐνόμισα
2968 2396 3176 2450 δίκαιον
3208 2390 3349 2448 εἶναι
3380 2392 3627 2464 παραλι-

2037 2496 2158 2547 πεῖν
2183 2493 2246 2546 τὸ
2271 2492 2555 2546 ἐπιϐάλλον
2577 2492 2720 2563 ἐμοὶ,
2737 2491 2832 2543 καὶ
2865 2490 2938 2560 μὴ
2957 2490 3050 2542 καὶ
3079 2487 3215 2559 πρὸς
3246 2488 3328 2552 σὲ,
3356 2489 3457 2557 τὴν
3480 2484 3628 2539 ἐκεί-

2037 2603 2129 2639 νου
2159 2585 2391 2657 μητέρα,
2414 2584 2503 2637 τὸν
2536 2583 2694 2652 λόγον
2718 2582 2936 2655 τρέψαι.
2965 2577 3095 2634 Οἶδα
3120 2581 3230 2650 γάρ
3262 2578 3485 2633 ποταπὰ
3517 2578 3626 2630 τῶν

2041 2676 2291 2750 μητέρων
2319 2676 2387 2730 τά
2420 2675 2735 2746 σπλάγχνα*
2783 2675 2880 2731 καὶ
2926 2673 3232 2745 λογίζομαι,
3260 2674 3440 2744 πόσην
3478 2672 3629 2736 εἰκὸς

2041 2771 2135 2823 ἐπὶ
2181 2772 2294 2833 τοῖς
2350 2767 2616 2839 παροῦσιν
2648 2765 2788 2822 εἶναι
2839 2768 2937 2839 τὴν
2962 2766 3249 2835 ἀλγηδόνα.
3279 2766 3457 2820 Παῑδα
3493 2765 3625 2837 ἐζή-

2043 2858 2272 2931 μιώθης,
2294 2859 2353 2913 ὃν
2383 2858 2645 2930 περιόντα
2682 2859 2780 2929 μὲν
2803 2860 3145 2931 ὲμακάρισαν
3174 2859 3348 2910 πᾶσαι
3363 2854 3626 2927 μητέρες,

2040 2951 2134 3006 καὶ
2161 2951 2395 3023 ηὔξαντο
2448 2951 2576 3014 τοὺς
2625 2950 2833 3005 ἑαυτῶν
2875 2951 3150 3012 τοιούτους
3204 2945 3345 3003 εἶναι
3371 2966 3386 2979 ’
3414 2948 3627 3001 ἀποθα-

2040 3043 2199 3097 νόντα
2252 3043 2309 3096 δὲ
2354 3042 2664 3107 ἐστέναξαν,
2715 3041 2790 3106 ὡς
2823 3043 3026 3112 ἑκάστη
3068 3041 3160 3095 τὸν
3198 3042 3399 3112 ἑαυτῆς
3431 3044 3502 3112 τῇ
3564 3045 3625 3111 (ᾗ

364 3135 514 3189 illius
536 3148 689 3189 mors
715 3133 871 3203 plaga
896 3134 1107 3190 exstitit
1130 3136 1355 3205 patriae;
1386 3154 1511 3192 cum
1561 3140 1653 3194 illo
1687 3156 1938 3211 magnum

2048 3133 2469 3207 κατακρύψασα.
2513 3134 2751 3188 Ἐκείνου
2771 3135 2798 3188 ό
2823 3134 3049 3197 Θάνατος
3082 3132 3266 3205 πληγὴ
3292 3137 3395 3204 τῆς
3426 3134 3627 3201 πατρί-

362 3236 416 3279 ct
461 3225 675 3280 illustre
718 3238 892 3295 genus
944 3224 1223 3297 concidit,
1271 3229 1438 3285 veluti
1507 3228 1681 3285 fulcro
1724 3233 1937 3286 sublato

363 3330 690 3371 concussum
757 3315 803 3371 0
847 3316 1131 3377 incursum
1176 3322 1302 3376 mali
1344 3321 1629 3387 daemonis,
1671 3331 1935 3393 quantum

364 3412 541 3482 potuit
582 3412 709 3466 mali
749 3413 994 3481 patrare!
1040 3410 1087 3466 Ο
1135 3421 1281 3467 terra
1328 3414 1490 3468 talem
1529 3422 1717 3467 coacta
1765 3416 1941 3470 susci-

366 3518 493 3570 pere
529 3504 746 3557 casum!
782 3502 1004 3557 llorruit
1052 3502 1191 3558 forte
1219 3504 1337 3574 ipse
1382 3505 1487 3568 sol,
1536 3505 1579 3559 si
1624 3506 1749 3574 quis
1790 3507 1847 3561 in
1874 3522 1942 3561 eo

365 3612 580 3660 sensus,
604 3597 761 3651 triste
787 3596 921 3651 illud
948 3597 1340 3666 spectaculum.
1374 3595 1441 3650 Et
1468 3598 1594 3667 quis
1621 3606 1831 3652 tantum
1857 3597 1937 3653 di-

364 3704 489 3741 cere
511 3689 729 3757 poterit,
753 3695 1017 3757 quantum
1056 3689 1214 3758 inops
1244 3688 1462 3743 consilii
1492 3689 1712 3744 animus
1743 3705 1942 3761 sugge-

365 3779 477 3833 rit?
504 3779 705 3835 Verum
754 3788 943 3835 nostra
994 3795 1103 3834 non
1158 3780 1299 3834 ﬁunt
1337 3781 1475 3835 citra
1520 3781 1939 3852 providentiam,

366 3869 818 3938 quemadmodum
861 3871 916 3924 in
959 3869 1251 3940 Evangelio
1296 3869 1611 3936 didicimus,
1655 3887 1726 3928 ne
1757 3887 1943 3943 passe-

367 3976 481 4014 rem
515 3962 733 4031 quidem
764 3960 960 4017 cadere
991 3963 1111 4017 sine
1140 3962 1423 4018 voluntate
1461 3962 1641 4019 Patris
1670 3964 1843 4020 nostri
1872 3964 1937 4020 ⁷⁷.

367 4052 549 4117 Quare
565 4054 610 4107 si
630 4052 759 4122 quid
776 4053 1022 4123 contigit,
1048 4050 1333 4107 voluntate
1376 4055 1605 4123 contigit
1632 4053 1943 4108 Conditoris

369 4143 711 4209 nostri.Quis
728 4153 906 4198 autem
931 4143 1024 4198 Dei
1054 4144 1317 4198 voluntati
1334 4145 1541 4200 resistit
1558 4146 1640 4199 1°?
1665 4146 1944 4216 Suscipia-

368 4249 492 4289 mus
521 4234 668 4304 quod
702 4235 938 4298 accidit;
971 4235 1198 4289 moleste
1225 4234 1368 4289 enim
1399 4234 1657 4299 ferentes,
1686 4250 1860 4306 neque
1888 4236 1942 4291 id

368 4326 513 4394 quod
563 4325 766 4379 factum
813 4331 898 4379 est
944 4340 1283 4393 reparamus,
1318 4340 1382 4380 ac
1411 4334 1670 4396 praeterea
1699 4337 1941 4383 nosmet-

369 4417 521 4485 ipsos
547 4416 841 4486 perdimus.
870 4414 949 4469 Ne
975 4418 1259 4486 culpemus
1292 4417 1501 4486 justum
1532 4417 1627 4471 Dei
1653 4417 1938 4486 judicium.

2040 3228 2128 3289 δος
2179 3226 2423 3294 ἐγένετο⁸
2471 3225 2665 3296 ἐκείνῳ
2694 3224 2758 3277 τὸ
2805 3223 2946 3295 μέγα
2992 3224 3087 3277 καὶ
3136 3222 3437 3294 περιφανὲς
3470 3222 3626 3291 γένος

2043 3318 2471 3388 συγκατέπεσεν,
2513 3317 2700 3387 ὥσπερ
2748 3318 3072 3389 ἐρείσματος
3100 3316 3495 3387 ὑφαιρεθέντος
3527 3335 3626 3369 κα-

2041 3410 2346 3466 τασεισθέν.
2380 3410 2443 3462 Ὢ
2484 3409 2803 3479 συνάντημα
2853 3407 3091 3481 πονηροῦ
3145 3408 3421 3478 δαίμονος,
3459 3409 3626 3461 πόσον

2043 3505 2227 3572 ἴσχυσε
2273 3501 2442 3555 κακὸν
2500 3500 2927 3572 ἐξεργάσασθαιί
2966 3502 3029 3553 Ὢ
3060 3500 3133 3570 γῆ
3163 3499 3410 3553 τοιοῦτον
3452 3500 3622 3567 ἀναγ-

2041 3595 2305 3648 κασθεϊσα
2353 3591 2712 3659 ὑποδέξασθαι
2754 3593 2956 3657 πάθοςί
3020 3593 3249 3663 Ἐφριξε
3297 3593 3442 3662 τάχα
3472 3594 3566 3643 καὶ
3596 3593 3625 3643 ό

2040 3687 2210 3757 ἥλιος,
2236 3686 2291 3739 εἴ
2337 3703 2423 3747 τις
2463 3685 2718 3755 αἴσθησις
2770 3685 2942 3756 αὐτῷ,
2990 3685 3049 3739 τὸ
3085 3684 3409 3754 σκυθρωπὸν
3448 3685 3627 3736 ἐκεῖνο

2043 3777 2239 3845 θέαμα.
2292 3776 2403 3830 Καὶ
2456 3776 2509 3830 τί
2565 3777 2631 3831 ἄν
2660 3794 2747 3841 τις
2777 3777 3033 3831 τοσοῦτον
3063 3777 3230 3840 εἴποι,
3260 3777 3385 3829 ὅσον
3419 3777 3454 3846 ἡ
3478 3777 3621 3846 ἀμη-

2043 3870 2203 3940 χανία
2261 3870 2364 3939 τῆς
2423 3869 2604 3940 ψυχῆς
2647 3869 2976 3934 ὑποδάλλει;
3036 3868 3178 3921 Ἀλλ’
3208 3869 3271 3921 οὺ
3302 3868 3415 3938 γὰρ
3455 3869 3623 3935 ἀπρο-

2043 3962 2209 4031 νόητα
2232 3960 2304 4013 τὰ
2338 3960 2601 4031 ἡμέτερα,
2632 3962 2708 4023 ὡς
2754 3960 3151 4031 μεμαθήκαμεν
3180 3960 3238 4011 ἐν
3266 3957 3346 4027 τῷ
3376 3958 3615 4024 Ebur-{E-

2043 4053 2161 4124 λίῳ,
2197 4052 2280 4104 ὅτι
2333 4053 2453 4105 οὐδὲ
2489 4051 2771 4124 στρουθίον
2817 4052 3005 4105 πίπτει
3035 4051 3164 4105 ἄνευ
3196 4050 3508 4120 θελήματος
3533 4048 3623 4101 τοῦ

2044 4143 2260 4216 Πατρὸς
2293 4142 2470 4213 ήμῶν.
2507 4145 2668 4196 ’Ὥστε
2721 4143 2775 4196 ετ
2809 4160 2858 4196 τι
2893 4143 3106 4211 γέγονε,
3138 4141 3405 4212 θελήματι
3432 4142 3621 4210 γέγονε

2043 4232 2138 4286 τοῦ
2170 4235 2455 4299 κτίσαντος
2481 4235 2652 4304 ἡμᾶς.
2696 4233 2785 4304 Τῷ
2819 4233 2876 4286 δὲ
2905 4232 3205 4303 βουλήματι
3238 4231 3334 4285 τοῦ
3372 4229 3513 4283 Θεοῦ
3541 4230 3623 4291 τίς

2044 4322 2379 4393 ἁνθέστηκε;
2420 4322 2860 4395 Καταδεξὼμεθα
2905 4323 2967 4377 τὸ
3009 4322 3256 4394 συμϐάν·
3292 4321 3622 4390 δυσανασχε-

2045 4417 2266 4480 τοῦντες
2296 4415 2404 4488 γὰρ
2428 4416 2551 4469 οὗτε
2575 4417 2636 4470 τὸ
2664 4416 2953 4486 γενόμενον
2975 4411 3359 4484 διορθούμεθα,
3392 4412 3487 4464 καὶ
3508 4411 3626 4462 ἐαυ-

366 4507 603 4562 Nimium
660 4507 892 4576 imperiti
940 4522 1172 4569 sumus.
1213 4524 1377 4579 quam
1428 4516 1488 4563 ut
1539 4524 1742 4564 arcana
1794 4511 1938 4565 illius

2044 4510 2173 4571 τοὺς
2200 4509 2673 4580 προσαπόλλυμεν.
2693 4508 2784 4579 Μὴ
2802 4524 2903 4563 κατ
2913 4508 3078 4579 ηγορή
3088 4523 3267 4577 σωμεν
3289 4504 3390 4574 τῆς
3409 4502 3624 4564 δικαίας

365 4600 569 4668 judicia
614 4599 977 4667 exploremus.
1029 4598 1185 4653 Nunc
1234 4599 1498 4655 Dominus
1538 4601 1741 4656 amoris
1779 4600 1833 4654 in
1881 4616 1940 4655 se

370 4693 444 4745 iui
477 4691 780 4762 periculum
826 4691 976 4747 facit.
1008 4691 1131 4745 Tibi
1174 4707 1324 4746 nunc
1360 4701 1573 4761 tempus
1605 4702 1707 4761 est,
1744 4701 1806 4747 ut
1846 4708 1942 4763 per

368 4782 686 4855 patientiam
729 4792 937 4853 partem
967 4793 1268 4854 martyrum
1310 4768 1673 4854 consequare.
1721 4783 1941 4839 Macha-

370 4863 608 4926 baaoruin
638 4881 816 4927 mater
835 4874 881 4905 ⁷³
898 4880 1105 4943 septem
1129 4873 1363 4928 iiliorum
1387 4882 1616 4930 mortem
1634 4877 1937 4946 conspexit,

371 4979 472 5018 nec
492 4964 779 5033 ingemuit,
818 4980 920 5020 nec
962 4965 1226 5036 ignobiles
1271 4964 1542 5036 lacrymas
1578 4966 1809 5022 effudit:
1846 4968 1941 5023 sed

371 5057 574 5127 gratias
602 5072 768 5127 agens
800 5056 933 5122 Deo,
969 5058 1115 5127 quod
1151 5057 1361 5113 videret
1401 5072 1498 5113 eos
1533 5058 1659 5131 igne
1705 5067 1760 5115 et
1798 5059 1945 5115 ferro

371 5159 426 5205 et
475 5150 848 5206 acerbissimis
891 5151 1213 5208 verberibus
1262 5167 1295 5207 e
1335 5151 1573 5207 vinculis
1614 5153 1799 5208 carnis
1847 5169 1944 5208 ex-

372 5240 533 5305 solvi,
569 5239 681 5296 Deo
717 5241 936 5311 quidem
981 5240 1208 5311 probata
1245 5241 1367 5307 fuit,
1402 5241 1633 5297 celebris
1669 5257 1802 5297 vero
1843 5241 1945 5295 lia-

372 5330 483 5386 bita
514 5338 599 5386 est
645 5333 787 5403 apud
828 5333 1097 5389 homines.
1137 5331 1373 5388 Amiclio
1416 5347 1635 5404 magna,
1688 5332 1865 5388 fateor
1891 5341 1946 5388 et

372 5435 513 5485 ego:
548 5422 642 5478 sed
669 5431 724 5478 et
752 5438 946 5495 magna
985 5440 1015 5479 a
1066 5423 1296 5479 Do‘mino
1342 5426 1567 5495 praemia
1614 5423 1944 5493 patientibus

2048 4603 2281 4673 κρίσεως
2317 4601 2412 4655 τοῦ
2443 4601 2598 4655 Θεοῦ.
2645 4601 2901 4672 Ἀμαθεῖς
2926 4602 3112 4669 ἐσμεν,
3138 4598 3278 4651 ὥστε
3309 4599 3381 4649 τά
3408 4598 3625 4666 ἄρρητα

2048 4692 2213 4747 αὑτοῦ
2263 4694 2506 4765 κρίματα
2548 4692 2883 4765 δοκιμάζειν.
2943 4691 3058 4745 Νῦν
3099 4708 3194 4744 σου
3223 4689 3495 4761 λαμϐάνει
3528 4686 3624 4759 τὴν

2046 4787 2274 4857 δοκιμὴν
2317 4788 2345 4840 ό
2402 4786 2607 4857 Κύριος
2644 4786 2745 4856 τῆς
2775 4784 2912 4855 πρὸς
2944 4783 3104 4837 αὐτὸν
3137 4782 3394 4852 ἀγάπης·
3418 4780 3518 4833 νῦν
3546 4796 3625 4832 σοι

2050 4878 2278 4950 πάρεστι
2313 4878 2501 4948 καιρὸς
2539 4877 2627 4931 διά
2671 4878 2769 4947 τῆς
2824 4875 3104 4946 ὑπομονῆς
3149 4873 3248 4943 τὴν
3286 4872 3484 4943 μερίδα
3518 4869 3625 4923 τῶν

2049 4968 2341 5041 μαρτύρων
2373 4969 2577 5023 λαϐεῖν.
2615 4969 2681 5021 Ἦ
2705 4968 2814 5021 τῶν
2850 4965 3223 5021 Μακκαϐαίων
3264 4965 3452 5035 μήτηρ
3487 4963 3625 5015 ἑπτὰ

2048 5061 2251 5114 παίδων
2308 5056 2415 5113 εἶδε
2460 5059 2714 5124 θάνατον,
2758 5059 2856 5112 καὶ
2906 5058 3007 5111 οὐκ
3058 5054 3448 5119 ἀνεστέναξεν,
3506 5053 3624 5106 οὐδὲ

2047 5151 2257 5222 ἀφῆκεν
2282 5152 2500 5220 ἀγεννὲς
2520 5151 2785 5223 δάκρυον·
2811 5149 2925 5203 ἀλλ’
2951 5144 3352 5218 εὐχαριστοῦσα
3381 5143 3460 5214 τῷ
3484 5142 3619 5211 Θεῷ,

2048 5246 2129 5298 ὅτι
2154 5244 2380 5299 ἔϐλεπεν
2416 5245 2613 5308 αὐτοὺς
2652 5244 2786 5316 πυρὶ
2836 5243 2931 5297 καὶ
2955 5242 3158 5312 σιδήρῳ
3185 5240 3279 5293 καὶ
3308 5240 3433 5300 ταῖς
3468 5237 3622 5307 χαλε-

2052 5333 2331 5398 πωτάταις
2359 5333 2566 5397 αἰκίαις
2580 5333 2688 5387 τῶν
2711 5332 2925 5403 δεσμῶν
2948 5331 3047 5401 τῆς
3072 5328 3277 5401 σαρκὸς
3304 5322 3619 5398 λυομένους,

2051 5425 2334 5496 εὐδόκιμος
2378 5425 2476 5496 μὲν
2514 5426 2666 5496 παρά
2703 5424 2841 5494 Θεῷ,
2886 5423 3127 5492 ἀοίδιμος
3153 5420 3210 5473 δὲ
3239 5419 3392 5490 παρὰ
3426 5414 3623 5487 ἀνθρώ.

444 5598 491 5633 ”
529 5598 718 5655 Matth.
750 5618 803 5664 κ,
830 5603 918 5656 τις).
994 5603 1038 5634 ⁷⁸
1073 5603 1228 5658 Rom.
1267 5620 1342 5668 Ix,
1384 5603 1469 5657 i9.
1548 5604 1590 5635 ⁷³
1632 5601 1676 5655 ll
1724 5600 1938 5658 Machat

2043 5617 2109 5667 1|,
2149 5604 2237 5657 20.

450 5769 528 5843 (1)
565 5771 640 5826 Ex
664 5775 822 5843 epist.
844 5792 919 5839 vi,
944 5777 1031 5829 78.
