3874 6224
197 330 267 385 ιε
279 333 338 387 ἰό

197 470 324 515 ποις
352 454 563 525 ἐκρίθη.
597 457 755 526 Μέγα
792 460 855 513 τὸ
902 462 1092 528 πάθος,
1125 471 1266 541 φημὶ
1292 473 1444 541 κάγὼ
1464 493 1479 506 ·
1505 477 1646 531 ἀλλὰ

196 543 355 612 γάλοι
402 546 496 598 καὶ
523 548 572 600 οί
628 551 775 620 παρὰ
815 553 909 606 τοῦ
958 557 1161 627 Κυρίου
1204 563 1385 631 μισθοὶ
1423 570 1536 631 τοῖς
1564 543 1772 642 ὑπομέ-

196 651 386 688 νουσιν
438 640 808 711 ἀποκείμενοι.
864 646 991 701 Ὅτε
1025 651 1211 718 ἐγένου
1256 656 1461 728 μήτηρ.
1513 662 1607 714 καὶ
1636 640 1775 728 εἶδες

195 726 290 778 τὸν
315 728 501 790 παῖδα,
531 730 623 782 καὶ
653 733 1069 806 ηὐχαρίστησας
1097 741 1175 811 τῷ
1204 742 1343 812 Θεῷ,
1373 748 1517 818 ᾔδεις
1534 753 1772 818 πάντως,

195 816 279 869 ὅτι
307 816 473 888 θνητὴ
496 815 629 873 οὖσα
663 820 855 892 θνητὸν
880 826 1198 899 ἐγέννησας.
1234 833 1298 885 Τί
1329 815 1421 888 οὖν
1451 840 1770 910 παράδοξον,

196 909 248 959 εί
293 909 563 964 ἀπέθανεν
615 914 644 966 ό
687 913 907 986 θνητός;
945 919 1104 973 Ἀλλὰ
1162 922 1325 980 λυπεῖ
1360 930 1510 997 ἡμᾶς
1534 909 1599 983 τὸ
1624 934 1775 1003 παρὰ

198 1003 412 1100 καιρόν.
469 1005 728 1100 Ἄδηλον,
790 1012 839 1064 εί
891 1014 965 1085 μὴ
1031 1014 1286 1092 εὔκαιρον
1335 1022 1528 1077 τοῦτο*
1588 1028 1773 1100 ἐπειδὴ

197 1091 382 1188 ἡμεῖς,
417 1096 514 1188 καὶ
566 1099 887 1168 ἐκλέγεσθαι
935 1105 1004 1159 τὰ
1027 1091 1371 1181 συμφέροντα
1398 1118 1518 1179 ταῖς
1553 1091 1769 1188 ψυχαῖς,

197 1185 296 1239 καὶ
319 1187 520 1259 ὁρίζειν
535 1192 871 1266 προθεσμίαν
891 1199 1238 1274 ἀνθρωπίνης
1253 1204 1418 1277 ζωῆς,
1437 1210 1536 1263 οὐκ
1552 1185 1775 1265 ἐπιστά-

199 1278 364 1348 μεθα.
416 1283 747 1356 Περίὸλεψαι
795 1292 886 1344 τὸν
932 1293 1133 1364 κόσμον
1163 1297 1397 1363 ἅπαντα,
1456 1303 1515 1355 ὲν
1552 1295 1598 1370 ᾧ
1641 1321 1769 1356 κατ-

194 1374 401 1464 οικεῖς·
430 1374 522 1427 καὶ
549 1377 799 1436 ἐννόησον
821 1420 835 1445 ,
869 1382 952 1435 ὅτι
994 1385 1170 1439 πάντα
1193 1387 1362 1460 θνητὰ
1384 1389 1452 1443 τὰ
1481 1391 1731 1464 ὁρώμενα
1753 1409 1769 1424 ·

193 1460 294 1512 καὶ
322 1462 500 1518 πάντα
538 1467 715 1540 φθορᾷ
744 1471 1094 1543 ὑποκείμενα.
1148 1476 1469 1548 Ἀνάϐλεψον
1510 1460 1646 1552 πρός
1679 1483 1771 1536 τὸν

192 1555 444 1623 οὐρανὸν,
469 1560 563 1612 καὶ¹
595 1554 751 1627 οὗτός
780 1582 913 1619 ποτε
954 1567 1244 1639 λυθήσεται
1268 1588 1281 1601 ·
1324 1573 1459 1643 πρὸς
1486 1573 1577 1627 τὸν
1598 1576 1768 1647 ἥλιον,

189 1647 315 1699 οὐδὲ
339 1642 490 1713 οὗτος
518 1651 765 1724 διαμενεῖ
784 1672 799 1687 ο
827 1660 876 1710 οἱ
897 1659 1127 1732 ἀστέρες
1154 1642 1489 1734 σύμπαντες,
1514 1642 1632 1730 ζῶα
1647 1687 1773 1741 χερ-

192 1741 325 1793 σαῖα
374 1742 467 1796 καὶ
515 1742 729 1817 ἔνυδρα,
770 1747 839 1801 τὰ
888 1752 1019 1822 περὶ
1060 1753 1166 1822 γῆν
1199 1753 1391 1826 κάλλη,
1417 1757 1554 1828 αὑτὴ
1592 1759 1624 1829 ή
1672 1760 1767 1829 γῆ,

1390 360 1623 421 SERMO
1660 364 1752 422 Xl.
1792 399 1865 411 -—-
1900 369 1990 425 DE
2030 371 2293 432 MORTE.

3319 392 3459 449 1274

1675 497 1770 579 με-
1803 500 1844 549 Α
1874 492 2133 579 reposita.
2170 492 2343 549 Mater
2387 510 2511 550 cum
2563 496 2754 553 effecta
2784 517 2844 556 es
2887 501 3081 575 539,
3119 522 3457 579 puerumque

1875 576 2081 646 vidisti,
2116 597 2181 637 ac
2214 584 2420 654 gratias
2457 588 2614 657 egisti
2664 590 2773 646 Deo
2796 632 2811 656 ,
2852 596 3013 663 plane
3059 576 3272 655 sciebas
3309 576 3455 656 mor-

1875 670 2037 725 talem
2077 688 2107 727 a
2153 681 2225 738 te,
2261 691 2385 731 cum
2435 681 2682 737 mortalis
2728 684 2826 749 sis,
2858 686 3102 755 genitum
3134 704 3274 746 esse.
3310 690 3451 757 Quid

1875 758 2042 829 igitur
2071 764 2291 829 mirum,
2332 767 2380 821 si
2430 778 2679 826 mortuus
2722 780 2807 829 est
2853 778 3140 833 mortalis?
3171 777 3278 835 Sed
3307 782 3453 836 dolet

1874 853 2053 912 nobis.
2090 855 2234 923 quod
2269 866 2468 927 prmter
2513 868 2744 931 tempus.
2802 863 3093 934 Incertum,
3130 879 3308 923 utrum
3349 871 3453 925 hoc

1874 958 1982 996 non
2017 944 2178 1000 fuerit
2207 951 2588 1019 tempestivum
2618 973 2631 1007 :
2665 970 2766 1010 nos
2805 955 3071 1025 siquidem
3109 961 3307 1032 eligere
3332 980 3454 1033 qua:

1873 1035 2156 1093 animabus
2182 1039 2336 1093 utilia
2365 1049 2511 1105 sunt,
2540 1053 2592 1097 et
2617 1046 2885 1114 praeﬁnire
2916 1052 3179 1106 terminos
3202 1052 3452 1108 humanae

1873 1128 1996 1182 vitae
2052 1145 2161 1185 non
2214 1134 2484 1188 novimus.
2539 1136 2912 1209 Circumspice
2965 1150 3134 1196 totum
3179 1153 3447 1199 terrarum

1873 1221 2081 1286 orbem,
2116 1220 2173 1276 in
2206 1239 2315 1293 quo
2358 1225 2591 1292 habitas,
2639 1237 2694 1283 et
2737 1230 2917 1300 cogita
2966 1246 3149 1285 01mm
3202 1237 3453 1291 mortalia

1871 1324 1994 1366 esse
2057 1327 2179 1383 quae
2239 1314 2514 1384 videntur,
2562 1320 2747 1373 omnia
2807 1324 3143 1389 corruptioni
3199 1326 3451 1381 obnoxia.

1873 1400 2101 1471 Respice
2131 1405 2198 1459 ad
2221 1406 2445 1472 emtum,
2469 1416 2525 1463 et
2554 1408 2687 1465 illud
2716 1412 2895 1480 ipsum
2934 1414 3226 1484 aliquando
3255 1416 3455 1472 dissul-

1870 1501 2029 1548 vetur
2055 1513 2070 1549 :
2098 1496 2166 1550 ad
2196 1498 2388 1563 solem,
2416 1514 2488 1554 ne
2517 1501 2606 1555 ille
2629 1502 2847 1571 quidem
2881 1497 3249 1575 permanebit;
3280 1510 3453 1564 stella:

1870 1598 2083 1649 omnes,
2116 1587 2373 1642 animalia
2422 1593 2703 1645 terrestria
2753 1601 2808 1648 et
2846 1595 3129 1663 aquatilia,
3160 1604 3319 1652 terrae
3363 1614 3453 1652 or-

1870 1684 2053 1745 natus,
2082 1684 2229 1734 terra
2262 1683 2402 1750 ipsa,
2440 1684 2623 1737 omnia
2669 1687 3013 1750 corruptioni
3044 1687 3299 1753 obnoxia,
3334 1703 3452 1743 om-

1871 1769 1960 1821 nia
1989 1769 2150 1838 paulo
2178 1779 2301 1840 post
2347 1786 2455 1826 non
2492 1774 2726 1843 amplius
2771 1774 2975 1830 futura.
3006 1775 3209 1831 Horum
3244 1780 3449 1846 cogita-

190 1829 636 1939 πάνταφθαρτὰ,
677 1838 774 1890 καὶ
812 1839 987 1894 πάντα
1034 1844 1229 1915 μικρὸν
1271 1845 1493 1918 ὕστερον
1523 1850 1622 1902 οὐκ
1652 1853 1764 1905 ἐσό-

1872 1860 1946 1914 tio
1974 1861 2046 1915 sit
2068 1876 2229 1917 casus
2261 1864 2535 1920 solatium.
2566 1864 2711 1921 Cave
2734 1867 3095 1922 calamitatem
3126 1868 3305 1939 seipsa
3335 1885 3451 1925 me-

192 1937 355 1990 μενα.
396 1923 461 1976 Ἦ
502 1924 707 1981 τούτων
750 1928 949 1995 ἔννοια,
986 1934 1308 2005 παραμυθία
1347 1937 1486 1991 ἔστω
1510 1939 1604 1992 τοῦ
1632 1958 1769 2012 συμ-

186 2011 506 2103 ϐεϐηκότος.
526 2018 617 2089 Μὴ
644 2019 764 2072 καθ’
788 2021 950 2076 ἑαυτὸ
982 2026 1169 2097 μέτρει
1190 2028 1251 2079 τὸ
1271 2029 1442 2093 πάθος
1462 2047 1475 2060 ·
1494 2011 1769 2103 ἀφόρητον

185 2100 301 2174 γὰρ
330 2102 471 2157 οὓτω
492 2108 739 2175 φανεῖταί
771 2124 854 2162 σοι
876 2125 891 2141 ο
933 2111 1069 2165 ἀλλὰ
1095 2116 1206 2176 τοῖς
1232 2100 1768 2187 ἀνθρωπίνοις-πᾶσι

181 2197 576 2270 συγκρίνουσα,
633 2201 882 2256 ἐντεῦθεν
915 2205 1167 2277 εὑρήσεις
1200 2209 1363 2262 αὐτοῦ
1384 2208 1483 2279 τὴν
1517 2225 1770 2280 παραμυ-

181 2285 331 2344 θίαν.
369 2289 492 2342 Ἑπί
525 2292 658 2346 πᾶσι
676 2292 733 2346 δὲ
754 2295 931 2350 ἐκεῖνο
957 2297 1130 2350 εἰπεῖν
1164 2298 1382 2369 ἰσχυρὸν
1412 2299 1521 2369 ἔχω
1541 2315 1555 2330 ο
1583 2302 1768 2356 Φεῖσαι

176 2376 283 2429 τοῦ
330 2378 635 2449 ὁμοζύγου·
695 2383 942 2455 ἀλλήλοις
991 2386 1214 2454 γένεσθε
1276 2388 1640 2459 παραμυθίαν
1694 2391 1769 2463 μὴ

179 2469 418 2542 ποιήσῃς
452 2470 601 2542 αὑτῷ
626 2473 1011 2550 χαλεπωτέραν
1058 2477 1159 2549 τὴν
1187 2478 1496 2551 συμφορὰν,
1513 2479 1591 2551 τῷ
1607 2480 1768 2535 πάθει

179 2559 386 2631 ἑαυτὴν
415 2564 911 2620 καταναλίσκουσα.

260 2650 346 2705 11.
373 2652 654 2709 ’Ύποπτον
707 2656 816 2730 γὰρ
846 2661 982 2729 ἡμῖν
1031 2660 1146 2714 ἐστι
1196 2660 1258 2714 τὸ
1304 2661 1443 2730 ἄγαν
1488 2680 1582 2715 σου
1616 2661 1768 2732 φιλό-

175 2763 392 2809 τεκνον,
460 2747 668 2818 μήποτε
711 2749 926 2805 ἔκδοτον
980 2750 1087 2822 δῷς
1127 2753 1331 2825 σαυτὴν
1358 2754 1436 2826 τῷ
1469 2755 1655 2819 πάθει,
1699 2756 1763 2809 δι’

177 2836 502 2907 ἁπαλότητα
531 2838 677 2908 ἠθῶν
709 2839 929 2909 βαθεῖαν
971 2842 1070 2914 τὴν
1116 2842 1331 2915 πληγὴν
1374 2843 1641 2917 δεξαμένη
1669 2849 1767 2916 τῆς

176 2928 378 2999 λύπης.
415 2929 578 2982 Οὐδὲν
615 2932 724 3002 γὰρ
750 2932 859 2985 τῶν
887 2933 1293 3004 συμϐαινόντων
1324 2938 1457 3007 ἡμῖν
1486 2938 1562 3000 ὡς
1594 2938 1763 3010 λυπη-

180 3019 279 3092 ρὸν
304 3019 658 3090 ὑποδέχεσθαι
700 3023 828 3094 χρὴ,
876 3023 979 3077 κᾶν
1024 3025 1163 3097 πρὸς
1199 3026 1259 3079 τὸ
1308 3028 1482 3100 παρὸν
1527 3029 1765 3101 ἅπτηται

176 3111 285 3181 τῆς
308 3110 590 3175 ἀσθενείας
613 3112 789 3183 ἡμῶν.
823 3115 886 3166 Εἰ
909 3114 1019 3187 γὰρ
1055 3117 1298 3182 καὶτοὺς
1325 3119 1517 3188 λόγους
1542 3122 1765 3190 ἀγνοοῦ-

179 3216 307 3271 μεν,
330 3201 451 3255 καθ’
477 3201 570 3266 οὒς
594 3203 821 3257 ἕκαστον
849 3205 956 3259 τῶν
984 3210 1283 3279 γινομένων
1313 3212 1388 3274 ὡς
1418 3213 1582 3268 καλὸν
1611 3215 1765 3285 παρὰ

175 3290 279 3345 τοῦ
301 3292 571 3347 Δεσπότου
601 3298 732 3367 ἡμῖν
782 3298 1075 3366 ἐπάγεται·
1112 3302 1227 3354 ἀλλ’
1264 3304 1439 3359 ἐκεῖνο
1471 3307 1762 3361 πεπεῖσθαι

175 3383 489 3454 ὀφείλομεν,
550 3387 631 3439 ὅτι
683 3388 900 3453 πάντως
957 3393 1226 3464 συμφέρει
1275 3396 1335 3448 τὸ
1384 3397 1687 3467 γινόμενον,
1727 3399 1760 3470 ἣ

177 3476 315 3544 ἡμῖν
342 3474 428 3528 διὰ
458 3475 548 3529 τὸν
571 3478 672 3548 τῆς
729 3480 1006 3551 ὑπομονῆς
1057 3483 1285 3553 μισθὸν,
1328 3486 1360 3557 ἢ
1404 3490 1469 3558 τῇ
1518 3489 1763 3562 παραλη-

176 3565 380 3641 φθείσῃ
405 3567 572 3639 ψυχῇ,
589 3569 674 3622 ἵνα
702 3571 775 3641 μὴ
797 3572 889 3623 ἐπὶ
919 3572 1079 3626 πλέον
1100 3577 1163 3645 τῇ
1195 3575 1305 3646 ζωῇ
1329 3578 1497 3649 ταύτῃ
1530 3581 1761 3652 ἐπιϐρα-

174 3658 407 3722 δύνασα,
429 3660 530 3730 τῆς
563 3661 1058 3733 ἐμπολιτευομένης
1077 3665 1154 3735 τῷ
1179 3665 1277 3735 βίῳ
1296 3668 1493 3731 κακίας
1515 3671 1762 3742 ἀναπλη-

177 3750 307 3821 σθῇ.
337 3752 402 3804 Et
434 3751 531 3823 μὲν
555 3753 661 3824 γὰρ
686 3755 744 3806 ἐν
772 3758 837 3824 τῇ
875 3754 986 3827 ζωῇ
1019 3756 1191 3829 ταύτῃ
1223 3760 1255 3829 ἡ
1285 3758 1393 3812 τῶν
1418 3761 1760 3830 Χριστιανῶν

175 3840 336 3904 ἐλπὶς
385 3841 735 3913 περιώριστο,
785 3846 1009 3910 εἰκότως
1032 3847 1266 3918 χαλεπὸν
1306 3850 1372 3905 ἂν
1411 3852 1668 3925 ἐνομίσθη
1697 3856 1759 3908 τὸ

177 3931 377 3986 θᾶττον
441 3934 821 4005 διαζευχθῆναι
868 3938 963 3991 τοῦ
1003 3938 1288 4011 σώματος’
1321 3944 1369 3996 εί
1402 3943 1457 3996 δὲ
1496 3945 1639 4016 ἀρχὴ
1664 3946 1758 4000 τοῦ

175 4023 436 4093 ἀληθινοῦ
492 4024 605 4094 βίου
650 4030 762 4089 τοῖς
822 4029 965 4083 κατὰ
1013 4031 1147 4084 Θεὸν
1181 4032 1349 4096 ζῶσίν
1396 4036 1512 4089 ἐστι
1551 4036 1612 4089 τὸ
1650 4038 1758 4090 τῶν

174 4114 396 4185 δεσμῶν
416 4115 621 4171 τούτων
636 4120 744 4170 τῶν
768 4122 1096 4189 σωματικῶν
1119 4122 1216 4194 τὴν
1238 4124 1415 4196 ψυχὴν
1441 4126 1753 4199 ἐκλυθῆναι,

175 4207 235 4261 τί
288 4207 624 4280 λυπούμεθα,
655 4211 732 4274 ὡς
787 4214 881 4266 καὶ
911 4215 959 4266 οἱ
998 4215 1072 4286 μὴ
1099 4215 1311 4286 ἔχοντες
1352 4219 1582 4289 ἐλπίδα;
1617 4223 1756 4277 Ἀλλ’

176 4297 374 4367 ἀνδρὸς
396 4298 648 4367 φιλτάτου
678 4302 932 4373 στέρησις
964 4305 1367 4380 ἁνυπομόνητόν
1386 4327 1466 4364 σοι
1494 4313 1592 4385 τὴν
1621 4331 1758 4386 συμ-

177 4389 356 4461 φορὰν
403 4390 637 4459 ἐμποιεῖ.
679 4393 849 4461 Κάγὼ
882 4396 1190 4469 συντίθημι.
1227 4400 1350 4453 Ὅτι
1398 4403 1497 4473 μὲν
1527 4404 1635 4477 γὰρ
1665 4408 1759 4460 λυ-

1870 1953 2056 2009 tiaris:
2084 1956 2156 2009 ita
2186 1956 2328 2011 enim
2353 1957 2449 2010 tibi
2466 1957 2742 2013 videbitur
2766 1960 3124 2017 intolerabilis
3153 1981 3167 2016 :
3200 1961 3296 2018 sed
3331 1979 3450 2019 eam

1869 2061 1993 2100 cum
2024 2048 2279 2103 omnibus
2305 2050 2470 2104 rebus
2496 2050 2750 2105 humanis
2771 2066 3119 2121 comparans,
3144 2053 3271 2110 inde
3300 2070 3455 2125 repe-

1870 2135 1981 2190 ries
2013 2136 2159 2192 illius
2193 2140 2466 2193 solatium.
2507 2138 2602 2195 His
2643 2148 2824 2197 autem
2858 2143 3114 2200 omnibus
3152 2144 3286 2199 illud
3313 2146 3451 2199 vali-

1869 2226 2155 2282 dissimum
2200 2228 2508 2284 addendum
2556 2231 2730 2287 habeo
2766 2251 2779 2287 :
2813 2228 3221 2290 Parce'marito
3259 2254 3273 2291 :
3316 2236 3456 2291 alter

1869 2317 2027 2372 alteri
2075 2320 2315 2374 solamen
2360 2330 2536 2377 estote
2570 2341 2583 2377 :
2614 2339 2682 2377 ne
2723 2322 2894 2379 facias
2937 2324 2989 2379 ei
3025 2327 3328 2396 graviorem
3359 2343 3453 2383 ca-

1870 2409 2186 2477 lamitatem,
2223 2413 2410 2467 dolore
2439 2421 2492 2468 te
2524 2414 2639 2485 ipsa
2671 2416 2989 2472 conficiens.

1943 2676 2026 2729 il.
2067 2674 2142 2744 (Ι)
2169 2676 2271 2727 Sed
2305 2685 2482 2730 tamen
2511 2684 2798 2745 suspectus
2824 2676 2955 2732 mihi
2983 2684 3069 2733 est
3101 2677 3295 2747 ingens
3324 2686 3451 2734 tuus
3548 2699 3556 2709 ‘

1871 2765 1962 2820 ﬁlii
1992 2782 2162 2831 amor,
2189 2784 2255 2819 ne
2286 2767 2422 2819 forte
2459 2767 2678 2820 mazrori
2726 2774 2780 2821 te
2811 2766 3000 2832 dedas,
3031 2769 3101 2823 ob
3131 2768 3451 2838 simplicita-

1869 2867 1974 2909 tem
2027 2872 2237 2909 morum
2289 2856 2612 2925 profundam
2660 2858 2868 2926 plagam
2913 2857 3182 2928 recipiens
3220 2859 3448 2914 doloris.

1870 2948 1944 3017 (2)
1979 2948 2116 3000 Nihil
2152 2963 2340 3000 eorum
2382 2963 2502 3017 qua:
2548 2948 2710 3002 nobis
2755 2947 3033 3012 accidunt,
3066 2956 3125 3001 ut
3160 2948 3449 3027 molestum

1868 3038 2115 3108 accipere
2144 3045 2376 3108 oportet,
2411 3038 2626 3094 etiamsi
2663 3039 2716 3093 in
2748 3039 3039 3109 praesentia
3081 3039 3449 3094 inﬁrmitatem

1868 3141 2107 3185 nostram
2142 3139 2346 3201 tangat.
2387 3129 2503 3185 Etsi
2552 3131 2697 3186 enim
2734 3132 2976 3187 rationes
3011 3133 3347 3202 ignoramus,
3378 3131 3450 3186 ob

1865 3237 2004 3289 quas
2039 3222 2465 3292 unumquodque
2511 3240 2700 3277 eorum
2743 3240 2863 3293 quae
2906 3226 3245 3295 contingunt,
3282 3224 3449 3281 reluti

1864 3312 2063 3367 bonum
2096 3330 2124 3366 a
2155 3315 2380 3367 Domino
2421 3315 2578 3369 nobis
2609 3315 2896 3371 exhibetur
2923 3334 2936 3369 :
2972 3325 3156 3368 tamen
3204 3315 3309 3369 hoc
3344 3330 3449 3368 no-

1865 3404 1947 3458 bis
1981 3420 2300 3472 persuasum
2336 3422 2459 3460 esse
2491 3407 2671 3471 debet,
2708 3407 2932 3459 omnino
2973 3406 3103 3460 utile
3141 3419 3263 3460 esse
3305 3404 3449 3474 quod

1863 3497 2038 3549 evenit
2072 3497 2223 3550 :sive
2274 3497 2453 3561 nobis,
2505 3497 2575 3549 ob
2628 3496 2901 3565 patientiae
2950 3496 3251 3550 mercedem
3288 3497 3445 3550 :sive

1863 3588 2055 3641 animae
2091 3597 2406 3656 nssumptm,
2436 3602 2502 3639 ne
2532 3586 2737 3641 diutius
2771 3588 2823 3639 in
2864 3587 2966 3639 hac
2993 3587 3101 3639 vita
3125 3586 3443 3650 immoraris,

1860 3678 2074 3745 vigente
2108 3679 2161 3730 in
2195 3677 2296 3729 hoc
2345 3679 2548 3730 mundo
2594 3679 2800 3731 malitia
2848 3678 3169 3746 repleretur.
3207 3676 3264 3731 Si
3299 3679 3443 3732 enim

1862 3773 1963 3821 hac
2015 3770 2125 3820 vita
2175 3769 2721 3822 circumseriberetur
2786 3769 3226 3823 Christianorum
3284 3783 3447 3838 spes,

1862 3875 1969 3913 non
2021 3860 2298 3913 immerito
2349 3876 2482 3913 sane
2535 3861 2821 3914 molestum
2878 3850 3155 3913 videretur
3201 3858 3369 3914 citius
3415 3875 3444 3911 a

1860 3966 2088 4019 corpore
2120 3950 2394 4020 disjungi:
2429 3952 2511 4006 sin
2554 3958 2734 4005 autem
2767 3965 2908 4005 verte
2931 3950 3056 4004 vitae
3082 3950 3297 4003 initium
3323 3957 3443 4013 est,

1860 4042 1926 4095 iis
1961 4042 2051 4111 qui
2085 4043 2384 4097 secundum
2429 4042 2598 4096 Deum
2650 4043 2860 4105 vivunt,
2902 4041 3097 4095 animae
3134 4055 3165 4096 e
3196 4041 3446 4111 corporis

1862 4134 2094 4189 vinculis
2135 4136 2376 4200 solutio,
2413 4133 2543 4203 quid
2588 4132 2812 4187 tristitia
2861 4132 3146 4197 aﬂicimur,
3195 4132 3340 4187 sicut
3387 4144 3445 4189 et

1861 4225 1896 4278 ii
1929 4229 2022 4294 qui
2049 4241 2198 4295 spem
2237 4241 2349 4280 non
2390 4225 2625 4279 habent?
2650 4224 2728 4295 (5)
2756 4227 2823 4278 At
2848 4224 2951 4278 viri
2995 4222 3303 4278 cbarissimi
3330 4223 3445 4294 pri-

1860 4319 2006 4370 vatio
2052 4317 2449 4372 intolerabilem
2496 4316 2595 4370 tibi
2639 4314 3005 4371 calamitatem
3049 4314 3198 4370 facit.
3240 4312 3306 4367 Et
3342 4328 3446 4385 ego

1860 4408 2151 4463 assentior.
2194 4407 2428 4462 Tristem
2468 4409 2612 4463 enim
2656 4423 2780 4464 esse
2818 4406 3201 4471 calamitatem,
3250 4407 3440 4477 optimi

177 4480 338 4553 πηρὰ
370 4483 623 4555 συμφορᾶ
643 4484 738 4537 τοῦ
756 4486 961 4552 πάθους
988 4490 1081 4544 τοῦ
1120 4492 1262 4546 κατὰ
1291 4494 1382 4547 τὸν
1412 4495 1631 4568 ἄριστον
1658 4500 1764 4554 τῶν

1870 4502 2014 4555 illius
2053 4499 2157 4553 viri
2208 4514 2422 4564 casum,
2477 4513 2669 4554 omnes
2722 4498 2950 4554 scimus.
3013 4498 3147 4551 Nam
3199 4499 3445 4568 profecto

177 4573 393 4645 ἀνδρῶν
424 4576 650 4639 ἐκεῖνον,
703 4577 943 4643 ἅπαντες
977 4582 1151 4653 ἴσμεν.
1187 4586 1410 4651 Πάντως
1445 4589 1554 4660 γὰρ
1579 4591 1754 4657 οὐδεὶς

175 4664 355 4729 οὕτως
389 4665 506 4719 ἐστὶ
550 4667 758 4739 λιθίνην
787 4669 926 4741 ἔχων
963 4675 1062 4744 τὴν
1096 4677 1342 4747 καρδίαν,
1370 4679 1429 4743 ὃς
1458 4683 1537 4744 είς
1560 4686 1757 4754 πεῖραν

176 4756 513 4827 ἀφικόμενος
544 4758 637 4811 τοῦ
692 4763 883 4832 ἀνδρὸς
939 4765 1170 4830 ἐκείνου,
1202 4766 1299 4822 εἴτ’
1330 4771 1567 4837 ἀκούσας
1595 4777 1758 4830 αὑτὸν

177 4847 380 4920 ἀθρόον
409 4848 468 4915 ἐξ
524 4850 826 4922 ἀνθρώπων
863 4853 1303 4927 ἀναρπασθέντα,
1333 4863 1430 4933 οὐχ
1463 4864 1538 4927 ὡς
1560 4840 1759 4938 ’κοινὴν

177 4940 388 5011 ζημίαν
419 4940 514 4993 τοῦ
560 4941 673 5012 βίου
718 4943 818 5015 τὴν
844 4947 1034 5000 τούτου
1069 4950 1325 5022 στέρησιν
1356 4953 1659 5022 ἐλογίσατο.
1694 4959 1759 5012 Εἰ

177 5033 240 5086 δὲ
305 5034 417 5096 τοῖς
461 5034 650 5105 ττόρρω
696 5036 796 5106 τῆς
822 5036 1152 5112 οἰκειότητος
1174 5044 1314 5099 οὕτω
1342 5046 1480 5118 βαρὺ
1513 5049 1607 5103 καὶ
1634 5049 1761 5104 δύσ-

183 5141 353 5196 φορον
379 5124 440 5178 τὸ
470 5126 704 5196 συμϐάν,
730 5127 848 5193 πῶς
874 5131 1020 5197 εἰκὸς
1053 5134 1158 5187 ὑπὸ
1189 5135 1282 5190 τοῦ
1305 5138 1511 5203 πάθους
1536 5141 1637 5212 τὴν
1664 5140 1762 5213 σὴν

181 5215 496 5287 διατεθῆναι
533 5218 745 5289 ψυχὴν,
805 5219 976 5286 οὕτως
1025 5226 1392 5301 ὑποκειμένην
1441 5230 1520 5302 τῷ
1574 5232 1758 5297 πάθει,

184 5304 341 5395 ὥστε
379 5308 540 5361 οἱονεὶ
585 5310 895 5383 διχοτομίας
929 5315 1072 5380 τινὸς
1109 5318 1457 5375 αἰσθάνεσθαι
1481 5323 1539 5376 ἐν
1560 5323 1638 5395 τῷ
1663 5326 1758 5378 τοῦ

186 5394 446 5467 φιλτάτου
463 5401 725 5473 χωρισμῷ
745 5404 1168 5477 τελευτήσαντος
1187 5426 1202 5476 ;
1232 5412 1345 5466 Καὶ
1357 5411 1463 5485 γὰρ
1486 5414 1583 5485 οὐχ
1600 5394 1762 5488 ἧττόν

185 5489 338 5542 ἐστιν
393 5490 615 5563 ἀλγεινὴ
655 5494 691 5564 ἡ
736 5496 959 5570 τοιαύτη
1010 5498 1297 5569 διὰζευξις,
1333 5504 1367 5576 ἢ
1407 5505 1457 5557 εί
1490 5505 1550 5558 τὸ
1591 5506 1761 5578 ἥμισυ

262 5681 341 5748 (l)
375 5679 454 5752 ξι
488 5684 649 5752 epist.
690 5701 902 5749 CCLXIX.
939 5693 1062 5747 415.

265 5752 344 5822 (2)
381 5750 458 5805 Ex
499 5750 660 5823 epist.
692 5772 769 5824 cr,
798 5759 921 5815 197.

1862 4604 2021 4643 nean
2064 4588 2138 4642 ita
2180 4588 2345 4642 corde
2394 4587 2628 4662 lapideo,
2665 4593 2729 4640 ut
2773 4586 2951 4641 virum
2996 4586 3148 4640 illum
3186 4594 3444 4656 expertus

1862 4699 1925 4736 ac
1971 4681 2169 4737 deinde
2214 4679 2440 4735 audiens
2485 4694 2551 4734 ex
2605 4679 2916 4734 hominibus
2972 4677 3154 4733 subito
3196 4683 3441 4746 ereptum

1859 4791 2001 4837 esse,
2050 4789 2159 4829 non
2209 4788 2497 4828 commune
2548 4772 2803 4827 humanae
2837 4771 2963 4825 vita:
3001 4769 3260 4824 damnum
3295 4768 3442 4823 illius

1856 4867 2126 4934 jacturam
2159 4864 2572 4919 existimaverit.
2616 4863 2774 4929 Quod
2811 4864 2856 4918 si
2894 4862 2982 4917 his
3025 4863 3119 4931 qui
3158 4875 3268 4914 non
3312 4869 3443 4916 sunt

1861 4957 2119 5013 atlinitate
2144 4957 2444 5025 conjuncti,
2476 4955 2532 5010 id
2576 4954 2723 5025 quod
2771 4953 2970 5009 accidit
3014 4952 3150 5007 adeo
3193 4966 3358 5021 grave
3388 4961 3447 5007 et

1861 5050 1926 5103 ad
1980 5048 2361 5120 perferendum
2415 5046 2633 5103 diﬁicile
2667 5044 2984 5116 :quomodo
3030 5042 3326 5098 verisimile
3368 5042 3441 5097 sit

1862 5140 2098 5194 animam
2144 5146 2291 5194 tuam
2338 5140 2394 5192 in
2437 5138 2543 5194 hoc
2586 5152 2719 5191 casu
2765 5134 2925 5201 allici,
2955 5149 3077 5206 quae
3111 5134 3216 5204 ipsi
3248 5132 3324 5187 ita
3355 5141 3441 5188 est

1863 5231 2127 5301 subjecta,
2162 5240 2224 5285 ut
2256 5229 2424 5285 veluti
2460 5228 2775 5298 bipartitam
2805 5226 3099 5297 quamdam
3139 5222 3438 5279 sectionem

1865 5323 1922 5376 in
1970 5321 2220 5392 conjugis
2276 5320 2621 5390 separatione
2657 5314 2947 5375 'senserit?
3002 5316 3102 5387 (4)
3159 5314 3439 5385 Ejusmodi

1863 5414 2009 5469 enim
2054 5413 2326 5484 separatio
2367 5423 2475 5466 non
2518 5413 2702 5467 minus
2738 5410 2903 5467 habet
2931 5408 3158 5474 doloris,
3192 5421 3359 5478 quam
3392 5404 3441 5460 si

1865 5504 2041 5558 media
2076 5503 2250 5559 nostri
2290 5501 2541 5572 corporis
2584 5516 2712 5573 pars
2745 5501 3164 5557 discinderetur.
3212 5497 3294 5554 Ae
3333 5495 3439 5552 tri-

1938 5702 2015 5771 (5)
2054 5702 2130 5754 Ex
2166 5660 2549 5770 epistncccm,
2583 5704 2705 5757 458.

1940 5773 2014 5841 (4)
2054 5771 2212 5837 lbid.,
2245 5771 2369 5825 439.
