3874 6224
429 351 571 406 .275

1284 346 1651 406 APPENDIX.
1689 377 1758 389 —
1800 341 2153 401 δῑιιΕοΝιε
2190 339 2734 398 ΜΕΤΑΡΗΒΑΒΤΑΞ

3560 336 3705 391 ιετσ

418 469 533 527 stia
563 463 786 538 quidem
815 463 1110 536 ejusmodi,
1137 471 1192 520 et
1243 463 1332 520 his
1377 463 1623 535 majora;
1664 461 1761 519 sed
1794 477 1916 533 qua
1955 462 2004 516 in

2115 460 2276 533 ὴμῶν
2309 458 2406 514 τοῦ
2448 457 2703 531 σώματος
2733 454 3136 527 ἀπερρήγνυτο.
3174 451 3336 506 Ἀλλά
3365 450 3439 505 τά
3480 453 3584 523 μὲν
3608 454 3677 508 λυ

420 558 512 617 his
572 573 721 630 quar-
744 563 1047 615 evenerunt
1098 555 1439 612 consolatio?
1493 554 1738 610 Primum
1788 553 2010 626 quidem

421 654 616 724 vigens
653 651 747 706 illa
784 652 854 707 ab
876 651 1034 706 initio
1063 651 1150 706 lex
1180 649 1277 706 Dei
1304 649 1502 716 nostri,
1528 664 1755 706 necesse
1786 647 2011 703 omnino

416 759 567 812 esse,
621 750 684 798 ut
719 743 970 815 quisquis
1017 749 1177 798 natus
1225 740 1422 808 fuerit,
1455 748 1603 796 stato
1652 748 1901 810 tempore
1941 736 2010 792 de

420 834 535 887 vita
564 839 741 889 exeat.
783 831 843 887 Si
882 833 1050 903 igitur
1079 832 1162 887 sic
1213 846 1304 887 res
1350 831 1603 886 humanae
1635 829 1706 884 ab
1734 828 1908 883 Adam
1939 826 2010 883 ad

420 932 615 993 mstra
656 941 829 995 usque
852 932 1099 996 tempora
1146 924 1460 980 constitutae
1507 929 1659 987 sunt,
1689 935 2009 977 communes

421 1025 631 1071 natura;
658 1014 821 1088 540
854 1030 1016 1072 casus
1066 1015 1251 1070 animo
1280 1016 1469 1085 iniquo
1518 1029 1587 1071 ne
1624 1012 1885 1077 feramus,
1910 1011 2009 1068 sed

420 1103 640 1163 Domini
709 1123 841 1179 erga
895 1122 998 1164 nos
1063 1107 1530 1178 dispensationem
1590 1105 2003 1176 amplectamur.

420 1200 500 1269 (l)
528 1199 606 1255 Ac
630 1214 846 1270 semper
864 1200 1084 1270 quidem
1113 1200 1263 1255 utilis
1293 1197 1703 1269 Scripturarum
1729 1195 2003 1261 doctrina,

2113 550 2268 622 πηρά
2299 549 2546 613 τοιαῦτα,
2601 548 2697 602 καὶ
2739 543 2908 619 μείζω
2932 545 3138 600 τούτων
3158 562 3173 576 ·
3207 546 3236 616 ἡ
3274 543 3333 598 δὲ
3370 543 3468 598 ἐπὶ
3490 545 3704 613 τούτοις

2109 638 2435 711 παραμυθία
2483 638 2600 703 τίς;
2638 637 2702 691 Ἠ
2735 635 2795 702 ἐξ
2834 635 3012 708 ἀρχῆς
3037 636 3417 706 κεκραηκυία
3440 634 3539 689 τοῦ
3567 635 3703 691 Θεοῦ

2108 730 2268 803 ήμῶν
2300 729 2594 801 νομοθεσία
2618 745 2637 761 ⁸
2665 729 2728 783 τὸ
2766 728 2964 800 χρῆναι
2999 727 3217 790 πάντως
3248 726 3339 780 τὸν
3374 727 3460 790 είς
3487 727 3707 795 γένεσιν

2109 814 2472 887 παρελθόντα,
2535 820 2651 881 τοῖς
2699 816 3004 888 καθήκουσι
3063 815 3280 886 χρόνοις
3336 816 3565 870 ἀπιέναι
3611 816 3706 872 τοῦ

2110 906 2250 978 βίου.
2279 907 2345 961 El
2378 903 2473 961 οὖν
2510 907 2684 972 οὕτως
2730 907 2839 962 ἀπὸ
2882 907 3053 978 Ἀδὰμ
3083 907 3278 980 μέχρις
3320 907 3486 978 ἡμῶν
3513 908 3587 961 τὰ
3614 909 3709 963 ἀν-

2108 997 2359 1070 θρώπινα
2405 998 2789 1063 διατέτακται,
2846 999 2930 1078 ⁸μὴ
2980 998 3382 1070 ἀγανακτῶμεν
3444 1000 3543 1052 ἐπὶ
3594 1003 3707 1063 τοῖς

2105 1093 2307 1155 κοινοῖς
2326 1091 2424 1161 τῆς
2461 1091 2676 1162 φύσεως
2721 1091 2881 1164 ήμῶν
2921 1090 3263 1162 παθήμασιν,
3292 1090 3431 1145 ἀλλὰ
3473 1091 3707 1145 καταδε-

2107 1179 2332 1251 χώμεθα
2353 1181 2453 1252 τὴν
2483 1180 2569 1250 ἐφ’
2595 1183 2725 1253 ἡμῖν
2749 1179 2845 1234 τοῦ
2883 1181 3158 1233 Δεσπότου
3191 1181 3536 1251 οἰκονομίαν.
3562 1182 3705 1235 Πάν-

354 1304 362 1314 ·
419 1291 518 1347 sed
551 1292 785 1347 maxime
809 1291 1083 1361 ejusmodi
1133 1291 1495 1362 temporibus.
1536 1287 1808 1343 Memento
1838 1287 2004 1359 igitur

2107 1287 2229 1325 τοτε
2263 1272 2363 1343 μὲν
2387 1271 2496 1343 γὰρ
2524 1273 2795 1344 χρήσιμον
2818 1272 2882 1326 τὸ
2912 1271 3021 1325 τῶν
3039 1273 3272 1344 Γραφῶν
3298 1272 3703 1336 διδασκαλεῖον,

419 1383 547 1438 latae
583 1398 615 1439 a
643 1385 901 1440 Creatore
940 1390 1128 1439 nostro
1176 1383 1478 1449 sententiae,
1509 1395 1608 1452 per
1647 1394 1813 1450 quam
1846 1384 2002 1450 quot-

2110 1362 2344 1434 μάλιστα
2370 1362 2428 1417 δὲ
2457 1365 2553 1417 ἐπὶ
2582 1363 2690 1417 τῶν
2727 1363 2983 1419 τοιούτων
3016 1363 3244 1437 καιρῶν.
3272 1364 3569 1436 Μνήσθητι
3592 1364 3705 1417 τοί-

419 1481 557 1547 quot
589 1491 657 1530 ex
692 1484 838 1530 terra
863 1476 971 1530 orti
996 1491 1210 1543 sumus,
1238 1474 1294 1529 in
1318 1481 1523 1529 terram
1552 1472 1879 1529 revertimur
1905 1471 1952 1503 ⁸ο
1987 1488 2002 1527 :

2107 1475 2201 1513 νυν
2227 1460 2326 1529 τῆς
2341 1456 2434 1511 τοῦ
2454 1457 2739 1522 κτίσαντος
2767 1459 2917 1530 ἡμᾶς
2940 1459 3291 1527 ἀποφάσεως,
3314 1456 3387 1511 δι’
3406 1454 3478 1530 ἧς
3502 1459 3704 1521 πάντες

419 1581 523 1623 nec
554 1568 848 1639 quisquam
887 1567 965 1622 ita
1010 1581 1266 1636 magnus,
1302 1573 1362 1620 ut
1404 1564 1753 1622 dissolutioui
1781 1579 1891 1618 non
1933 1562 2004 1618 sit

2107 1550 2155 1603 οί
2197 1550 2262 1603 ὲκ
2311 1549 2412 1622 τῆς
2439 1549 2543 1621 γῆς
2575 1548 2796 1618 φύντες,
2826 1548 2990 1604 πάλιν
3035 1552 3117 1614 είς
3137 1551 3240 1621 τὴν
3278 1550 3387 1622 γῆν
3432 1551 3705 1622 ὑποστρέ-

419 1638 716 1717 obnoxius.
741 1659 1109 1717 Admirandus
1136 1661 1229 1716 ille
1261 1661 1344 1714 vir
1369 1667 1489 1714 erat
1516 1658 1737 1730 quidem
1770 1657 2004 1714 eximius

2107 1656 2281 1713 φομεν
2298 1656 2313 1670 ο
2347 1640 2444 1694 καὶ
2471 1639 2649 1703 οὐδεὶς
2680 1638 2824 1694 οὕτω
2842 1641 3034 1712 μέγας,
3063 1640 3207 1695 ὥστε
3232 1641 3432 1713 βελτίω
3462 1643 3702 1714 φανῆναι

420 1760 478 1808 et
515 1766 769 1822 magnus,
800 1760 855 1807 ct
885 1753 1132 1822 corporis
1167 1750 1353 1807 robori
1383 1765 1568 1821 parem
1598 1749 1807 1804 habens
1835 1746 2004 1801 animi

2107 1732 2207 1803 τῆς
2241 1731 2559 1796 διαλύσεως.
2606 1731 2790 1796 Καλὸς
2823 1732 2921 1803 μὲν
2956 1729 3050 1789 οὖν
3086 1733 3184 1788 καὶ
3222 1734 3403 1805 μέγας
3430 1738 3460 1789 ὁ
3491 1734 3705 1806 θαυμα-

419 1843 701 1909 virtutem,
732 1843 907 1898 fateor
942 1852 997 1898 et
1043 1859 1181 1915 ego;
1237 1842 1444 1899 nemini
1492 1857 1625 1897 sane
1670 1842 1727 1896 in
1772 1846 2004 1910 utroque

2111 1823 2235 1887 στὺς
2282 1824 2510 1889 ἐκεῖνος,
2536 1823 2632 1878 καὶ
2679 1822 2973 1895 ἐφάμιλλος
3010 1828 3076 1898 τῇ
3119 1825 3279 1900 ῥώμῃ
3312 1827 3410 1881 τοῦ
3447 1827 3704 1899 σώματος

420 1933 716 2000 secundus,
750 1935 845 1990 sed
881 1942 1064 1991 tamen
1112 1935 1277 1989 homo
1324 1940 1465 1999 erat,
1511 1940 1567 1988 et
1610 1939 1862 1988 mortuus
1896 1937 2003 1996 est,

419 2033 484 2082 ut
513 2025 708 2092 Adam,
738 2035 799 2081 ut
843 2025 980 2092 Noe,
1016 2035 1078 2082 ut
1108 2026 1406 2091 Abraham,
1435 2032 1495 2080 ut
1531 2023 1730 2090 Moses,
1762 2031 1823 2078 ut
1864 2022 2005 2078 alius

418 2116 622 2188 quivis,
649 2132 810 2187 quem
846 2117 1095 2185 ejusdem
1144 2126 1357 2187 natura:
1403 2115 1724 2185 participem
1750 2113 2004 2168 nomina-

417 2209 584 2265 veris.
618 2210 695 2281 (‘2)
728 2207 909 2264 Unum
945 2210 1092 2264 enim
1125 2224 1315 2265 revera
1353 2207 1632 2278 exemplar
1655 2214 1863 2260 natura:
1902 2204 2006 2259 hu-

417 2316 594 2357 manae
621 2302 800 2356 virum
833 2301 983 2356 illum
1018 2299 1281 2355 Conditor
1305 2308 1491 2355 noster
1513 2304 1826 2364 creaverat;
1860 2296 2006 2352 unde

417 2407 611 2449 omnes
641 2392 696 2448 in
729 2408 855 2449 eum
882 2392 1324 2462 conjiciebantur
1361 2391 1527 2456 oculi,
1571 2395 1627 2446 et
1670 2389 1855 2460 lingua
1882 2404 2003 2443 om-

417 2486 507 2542 nis
547 2502 638 2543 res
684 2486 831 2541 illius
869 2484 1235 2556 praedicabat;
1283 2484 1524 2554 pictores
1578 2488 1758 2537 autem
1795 2488 1850 2536 et
1887 2487 2002 2536 sta-

417 2577 587 2632 tuarii
632 2577 824 2632 forma:
875 2577 1197 2646 dignitatem
1256 2575 1475 2646 assequi
1539 2588 1651 2629 non
1713 2580 1999 2643 poterant;

416 2668 668 2725 historici
696 2684 846 2732 vero,
902 2668 1031 2723 dum
1076 2684 1166 2723 res
1205 2667 1464 2737 praeclare
1517 2664 1575 2720 iu
1617 2664 1762 2720 bello
1818 2671 2003 2734 gestas

416 2759 679 2822 referunt,
710 2758 765 2811 in
800 2757 1107 2813 fabularum
1144 2757 1547 2812 incredibilium
1593 2754 2000 2810 incommodum

416 2845 689 2902 incidunt.
721 2846 902 2914 Quare
946 2862 1016 2903 ne
1061 2846 1259 2903 adduci
1302 2846 1519 2917 quidem
1561 2846 1807 2918 plerique
1845 2852 2000 2916 pote-

416 2945 565 3015 rant,
592 2945 653 2992 ut
681 2939 839 2994 fama:
873 2939 1083 2995 tristem
1126 2939 1276 2993 illum
1307 2938 1561 2992 nuntium
1593 2934 2000 2992 circumferenti

417 3028 727 3096 crederent,
760 3038 854 3084 aut
885 3031 1111 3085 omnino
1158 3037 1431 3085 mortuum
1479 3043 1604 3085 esse
1636 3028 1798 3083 talem
1823 3028 1998 3083 virum

2106 1915 2205 1986 τὴν
2234 1914 2333 1985 τῆς,
2352 1914 2530 1987 ψυχῆς
2565 1915 2790 1987 ἀρετὴν,
2837 1916 2983 1988 φημῦ⁸
3021 1917 3178 1987 κάγώ
3198 1935 3213 1950 ο
3241 1918 3517 1988 οὐμενοῦν
3564 1920 3703 1991 ἔχων

2106 2006 2411 2079 ὑπερϐολὴν
2464 2008 2547 2070 είς
2607 2008 2867 2079 ἑκάτερα,
2920 2008 3034 2062 ἀλλ’
3073 2010 3225 2081 ὅμως
3266 2012 3585 2083 ἄνθρωπος,
3610 2013 3705 2066 καὶ

2104 2099 2386 2170 τέθνηκεν,
2447 2098 2524 2162 ὡς
2590 2099 2783 2170 ’Δδάμ,
2835 2101 2913 2164 ὡς
2972 2101 3121 2167 Νῶε,
3155 2102 3232 2167 ὼς
3298 2102 3583 2175 Ἀϐραὰμ,
3628 2106 3704 2169 ὡς

2104 2190 2366 2259 Μωῦσῆς,
2398 2189 2474 2253 ὡς
2493 2190 2674 2243 ὅντινα
2703 2190 2770 2244 ἂν
2818 2191 2980 2264 εἴπῃς
3009 2191 3118 2247 τῶν
3142 2193 3245 2265 τῆς
3282 2194 3459 2265 αὐτῆς
3488 2194 3705 2264 φύσεως

2109 2282 2505 2354 μετασχόντων.
2531 2283 2630 2336 Ἓν
2656 2282 2735 2353 τῷ
2752 2283 2867 2336 ὄντι
2887 2284 3193 2356 ὑπόδειγμα
3217 2287 3320 2357 τῆς
3351 2286 3709 2357 ἀνθρωπείας

2105 2373 2321 2445 φύσεως
2346 2373 2438 2428 τὸν
2475 2373 2645 2446 ἄνδρα
2683 2377 2891 2430 ἐκεῖνον
2938 2378 2969 2430 ό
3000 2378 3194 2443 κτίσας
3230 2380 3383 2451 ἡμᾶς
3414 2380 3706 2451 ἐδημιούρ-

2104 2482 2306 2538 γησεν*
2342 2465 2485 2520 ὥστε
2523 2468 2728 2532 πάντες
2754 2469 2858 2541 μὲν
2902 2469 3172 2543 ὀφθαλμοὶ
3207 2472 3345 2545 πρὸς
3376 2473 3548 2528 αὑτὸν
3580 2475 3706 2544 ἐφέ-

2106 2573 2262 2629 ροντο
2281 2572 2294 2586 ·
2324 2559 2473 2611 πᾶσα
2500 2557 2558 2611 δὲ
2585 2557 2806 2627 γλῶσσα
2837 2558 2907 2613 τὰ
2934 2560 3056 2613 κατ’
3086 2560 3252 2614 αὑτὸν
3289 2560 3498 2633 διεξῄει
3524 2580 3539 2593 ο
3577 2580 3708 2634 γρα-

2104 2656 2225 2722 φεῖς
2284 2652 2344 2706 δὲ
2404 2653 2498 2707 καὶ
2561 2651 2799 2706 πλάσται
2853 2652 2956 2723 τῆς
3013 2652 3174 2718 ἀξίας
3215 2653 3701 2725 ἀπελιμπάπινονιτο⁸

2106 2745 2368 2818 ἱστορικοὶ
2393 2744 2448 2798 δὲ
2477 2743 2688 2816 ἄνδρες,
2717 2744 2787 2798 τὰ
2822 2745 2944 2799 κατ’
2985 2745 3191 2817 ἀρετὴν
3221 2744 3705 2816 ἀνδραγαθήματα

2100 2837 2470 2909 διηγούμενοι,
2511 2836 2650 2908 πρὸς
2680 2834 2779 2908 τὴν
2807 2833 2919 2888 τῶν
2952 2834 3136 2906 μύθων
3169 2835 3536 2889 ἐκπίπτουσιν
3567 2837 3699 2891 ἁπι-

2103 2928 2278 2983 στίαν.
2317 2927 2477 2983 Ὅθεν
2513 2927 2636 2982 οὐδὲ
2682 2926 2963 2982 πιστεύειν
3004 2927 3286 2998 ἠνείχοντο
3322 2928 3377 2981 οἱ
3420 2927 3618 2982 πολλοὶ
3636 2933 3701 3001 τῇ

2099 3018 2259 3091 φήμῃ
2305 3017 2405 3089 τὴν
2458 3016 2790 3089 σκυθρωπὴν
2836 3014 3098 3085 ἀγγελίαν
3145 3017 3496 3090 περιαγούσῃ
3521 3058 3538 3085 ,
3580 3020 3702 3072 οὐδὲ

419 3121 742 3178 faterentur.
779 3121 886 3177 Sed
915 3131 1096 3177 tamen
1125 3136 1416 3192 perpessus
1454 3126 1559 3184 est,
1593 3135 1713 3190 quae
1758 3126 1813 3174 et
1856 3119 1997 3175 coelo

2107 3108 2493 3180 καταδέχεσθαι
2540 3108 2699 3173 ὅλως,
2731 3109 2813 3162 ὃτι
2864 3109 3128 3181 τέθνηκεν
3170 3110 3200 3162 ὁ
3231 3110 3505 3174 τοιοῦτος.
3559 3099 3706 3165 Ἀλλ’

2107 3201 2130 3216 ..
2337 3199 2347 3216 .
2459 3199 2484 3216 ι.
2591 3198 2615 3216 η
2741 3198 2758 3216 ι
2828 3198 2842 3216 .
2967 3199 2995 3211 .-
3105 3200 3121 3216 .
3166 3199 3215 3216 ,ς
3236 3200 3249 3216 .
3406 3202 3419 3216 .
3509 3204 3536 3216 ..

417 3219 474 3265 et
500 3212 603 3267 soli
634 3219 688 3268 et
719 3220 878 3267 terra:
916 3212 1186 3267 accident.
1221 3212 1298 3282 (5)
1329 3210 1409 3265 lta
1454 3210 1625 3280 igitur
1670 3210 1846 3266 dolori
1875 3225 1997 3264 mo-

419 3304 635 3372 derare,
662 3314 720 3360 ut
767 3320 944 3375 neque
992 3304 1145 3360 illum
1189 3304 1375 3360 animo
1413 3304 1697 3376 projicias,
1752 3318 1930 3375 neque
1971 3320 2005 3358 a

420 3394 644 3450 tristitia
676 3395 1046 3452 absorbearis.

492 3565 581 3621 12.
619 3566 694 3638 (4)
726 3565 835 3623 Eos
868 3573 1074 3632 autem,
1109 3568 1206 3638 qui
1238 3566 1368 3622 dum
1396 3566 1624 3634 vivunt,
1654 3575 1848 3624 mutuo
1871 3582 2005 3623 con-

414 3657 743 3729 junguntur,
773 3672 837 3712 ac
867 3657 1062 3714 deinde
1090 3667 1269 3714 morte
1302 3672 1335 3711 a
1374 3674 1436 3715 se
1473 3659 1708 3715 invicem
1735 3659 2006 3716 divellun-

419 3759 549 3817 tur,
597 3751 903 3807 viatoribus
954 3751 1136 3822 cogita
1176 3766 1289 3807 non
1326 3767 1453 3808 esse
1485 3752 1764 3808 absimiles
1788 3791 1805 3817 ,
1839 3766 2005 3807 unam

419 3849 476 3899 et
503 3843 749 3899 eamdem
796 3844 1056 3901 euntibus
1100 3844 1244 3899 viam
1272 3883 1288 3909 ,
1338 3853 1396 3899 et
1428 3852 1652 3915 propter
1689 3845 2004 3900 continuam

420 3934 567 3989 inter
598 3950 659 3990 se
684 3934 1185 3991 contabulationem
1217 3935 1631 3991 necessitudine
1671 3942 1834 4005 atque
1867 3951 2004 3991 con-

421 4025 713 4082 suetudine
759 4025 1051 4082 devinctis.
1089 4025 1159 4080 lli
1208 4033 1334 4097 post
1377 4041 1663 4081 emensum
1713 4027 1819 4097 iter
1857 4042 2008 4083 com-

421 4133 610 4185 mune,
641 4118 734 4174 ubi
766 4128 973 4175 sectam
1006 4120 1154 4175 viam
1184 4119 1513 4190 repererint,
1542 4121 1870 4176 necessitate
1892 4121 2005 4190 jam

422 4217 652 4281 cogente
691 4218 751 4264 ut
791 4210 929 4266 alter
965 4211 1035 4266 ab
1069 4212 1243 4267 altero
1290 4218 1609 4282 separetur,
1660 4227 2006 4282 nequaquam

424 4302 824 4358 consuetudine
880 4303 1086 4359 detenti
1135 4303 1424 4374 negligunt
1462 4304 1608 4374 quod
1651 4304 1757 4359 sibi
1806 4318 2009 4374 propo-

423 4403 690 4450 suerant:
731 4394 828 4450 sed
866 4409 1091 4450 causam
1138 4411 1262 4466 quae
1304 4411 1364 4451 se
1416 4396 1575 4451 initio
1614 4397 1915 4467 c0mpulit,
1949 4397 2004 4451 in

2104 3201 2254 3271 ὅμως
2280 3199 2549 3253 πέπονθεν
2589 3198 2626 3254 ἃ.
2670 3198 2767 3253 καὶ
2790 3198 3006 3271 οὐρανῷ
3035 3200 3132 3253 καὶ
3156 3199 3296 3271 ἡλίῳ
3331 3202 3430 3253 καὶ
3465 3204 3540 3272 γῇ
3562 3218 3701 3272 συμ-

2103 3291 2350 3363 ϐήσεται.
2393 3290 2551 3345 Οὕτω
2594 3290 2776 3345 τοίνυν
2802 3291 2864 3345 τὸ
2895 3291 3070 3356 πάθος
3110 3291 3410 3363 μέτρησον,
3442 3293 3523 3356 ὡς
3565 3294 3699 3364 μήτε

2103 3384 2356 3438 ἐκϐαλεῖν
2396 3383 2495 3455 τῆς
2552 3382 2805 3455 καρδίας,
2860 3384 3003 3455 μήτε
3046 3384 3430 3455 καταποθῆναι
3474 3384 3582 3438 ὑπὸ
3606 3385 3699 3454 τῆς

2103 3474 2299 3548 λύπης.

2176 3567 2264 3620 12.
2296 3567 2436 3630 Τοὺς
2461 3565 2571 3638 γὰρ
2599 3565 2740 3621 κατά
2760 3566 2854 3622 τὸν
2884 3566 2999 3640 βίον
3029 3567 3405 3638 συναφθέντας
3425 3569 3694 3640 ἀλλήλοις,

2104 3654 2224 3711 εἶτα
2260 3656 2474 3727 θανάτῳ
2519 3656 2932 3729 διισταμένους,
2971 3658 3274 3730 ὁδοιπόροις
3319 3659 3546 3728 λογίζου
3590 3677 3698 3713 παι

2109 3747 2470 3821 ραπλησίους,
2528 3749 2658 3819 μίαν
2694 3748 3084 3822 πορευομένοις
3131 3750 3286 3816 ὁδὸν,
3333 3751 3434 3806 καὶ
3468 3751 3558 3805 διὰ
3601 3753 3701 3822 τὴν

2106 3842 2306 3914 συνεχῆ
2363 3843 2479 3914 μετ’
2513 3844 2759 3917 ἀλλήλων
2807 3844 3091 3918 διατριϐὴν
3133 3846 3416 3901 ὲνωθείσιν
3447 3849 3556 3903 ὑπὸ
3604 3851 3695 3919 τῆς

2107 3935 2412 4007 συνηθείας.
2441 3936 2506 3991 Οἳ
2541 3937 2761 3992 ἐπειδὰν
2793 3937 2893 4010 τὴν
2923 3940 3109 4010 κοινὴν
3154 3940 3273 3993 ὁδὸν
3310 3940 3694 4005 διεξελθόντες,

2105 4028 2455 4082 καταλάϐωσι
2506 4028 2692 4084 λοιπὸν
2742 4028 3069 4103 σχιζομένην
3123 4032 3330 4105 αὐτὴν,
3380 4033 3485 4104 τῆς
3512 4034 3695 4105 χρείας

2107 4120 2207 4192 ἤδη
2258 4121 2574 4191 ἀναγκαίως
2618 4122 2949 4195 μεριζούσης
2990 4123 3290 4197 ἑκάτερον,
3345 4124 3409 4177 οὐ
3463 4128 3530 4196 τῇ
3577 4143 3689 4178 συν-

2106 4213 2268 4285 ηθείᾳ
2315 4212 2814 4285 προσκαθεζόμενοι
2842 4214 3105 4286 ἀμελοῦσι
3143 4214 3252 4268 τῶν
3292 4217 3693 4288 προκειμένων,

2108 4305 2244 4359 ἀλλά
2271 4304 2372 4376 τῆς
2423 4304 2483 4372 ἐξ
2520 4305 2697 4377 ἀρχῆς
2734 4305 3041 4378 κινησάσης
3089 4305 3289 4371 αὐτοὺς
3344 4307 3533 4371 αἰτίας
3562 4309 3693 4361 ὑπο-

2112 4397 2473 4471 μνησθέντες,
2512 4397 2652 4471 πρὸς
2696 4398 2757 4452 τὸ
2790 4399 2990 4452 οἰκεῖον
3044 4399 3277 4462 ἕκαστος
3332 4400 3697 4471 ἀποτρέχουστ

420 4486 745 4542 memoriam
774 4495 1097 4544 revocantes
1126 4526 1141 4552 ,
1200 4488 1268 4542 ad
1322 4503 1478 4544 suam
1518 4490 2002 4560 quisque'metam

2107 4490 2300 4562 πέρας.
2344 4489 2433 4552 Ὠς
2476 4484 2569 4542 οὖν
2602 4487 2832 4553 ἐκείνοις
2872 4488 3031 4553 ἄλλος
3060 4488 3159 4560 μὲν
3193 4485 3265 4561 ἦν
3302 4492 3333 4543 ὁ
3364 4491 3571 4555 σκοπὸς
3602 4493 3697 4562 τῆς

422 4578 782 4634 contendunt.
833 4578 1304 4645 Quemadmodum
1363 4580 1532 4651 igitur
1588 4581 1677 4636 his
1714 4580 1856 4636 alius
1892 4585 2011 4634 erat

419 4668 526 4723 viae
578 4683 823 4739 scopus,
878 4669 1197 4725 intercessit
1251 4676 1433 4725 autem
1491 4687 1559 4726 ex
1614 4669 2010 4725 consuetudine

421 4758 567 4815 inter
610 4759 795 4829 ipsos,
831 4774 960 4815 cum
998 4759 1106 4816 iter
1140 4759 1390 4816 facerent
1417 4800 1433 4827 ,
1469 4762 1819 4818 necessitudo
1858 4776 2009 4833 quae-

422 4850 550 4905 dam
582 4865 646 4907 ac
674 4851 1055 4909 familiaritas:
1086 4853 1169 4908 sic
1209 4853 1377 4907 etiam
1412 4853 1483 4909 iis
1537 4853 1632 4924 qui
1681 4853 1890 4924 nuptiis
1914 4861 2008 4907 aut

421 4941 530 4996 alia
565 4942 822 5012 quapiam
874 4943 1001 4996 vitae
1053 4942 1318 4998 societate
1358 4942 1641 5013 conjuncti
1690 4951 1855 5008 sunt,
1895 4941 1999 4996 fuit

422 5035 618 5106 procul
646 5034 814 5091 dubio
836 5035 1177 5105 praestitutus
1206 5033 1463 5105 proprius
1485 5035 1709 5104 quidam
1741 5035 1866 5090 vitae
1895 5041 2007 5089 ter-

422 5126 635 5193 minus;
679 5126 777 5183 sed
808 5134 988 5185 tamen
1026 5129 1178 5199 ipsos
1221 5128 1365 5183 inter
1416 5142 1477 5184 se
1508 5120 1834 5196 coniunctos
1865 5141 2005 5196 prae-

421 5219 680 5276 deﬁnitus
720 5219 849 5274 vitae
893 5219 1019 5275 ﬁnis
1049 5221 1365 5276 necessario
1406 5220 1682 5290 separavit
1722 5233 1788 5273 ac
1816 5218 2005 5289 sejun-

422 5313 520 5367 xit.
563 5309 641 5384 (5)
674 5310 861 5383 Itaque
896 5313 1038 5384 grati
1093 5313 1263 5368 animi
1301 5311 1470 5370 fuerit
1517 5327 1627 5369 non
1678 5326 1823 5384 mare
1856 5312 2003 5368 ferre

493 5473 540 5506 ⁸⁸
571 5471 710 5528 Gen.
748 5489 833 5534 Ill.
873 5473 959 5526 19.

493 5628 572 5692 (1)
612 5625 689 5697 Ex
719 5626 881 5697 epist.
910 5642 1123 5693 ccmx,
1151 5628 1276 5683 415.

497 5697 575 5757 (2t
613 5695 771 5761 Ibid,
806 5699 929 5753 -Ηϐ,

495 5763 573 5834 (5)
610 5764 741 5820 Ibid.

2105 4582 2261 4647 ὁδοῦ,
2316 4580 2514 4652 συνέϐη
2546 4580 2603 4634 δὲ
2641 4580 2828 4645 αὐτοῖς
2876 4582 2911 4653 ἡ
2940 4582 3085 4636 κατά
3126 4581 3228 4653 τὴν
3272 4582 3590 4655 ὁδοιπορίαν
3636 4586 3697 4637 ἐκ

2104 4675 2205 4743 τῆς
2253 4673 2544 4744 συνηθείας
2587 4674 2888 4737 οἰκείωσις
2924 4674 3068 4728 οὕτω
3118 4676 3215 4729 καὶ
3245 4678 3361 4738 τοῖς
3398 4676 3463 4728 ὲν
3514 4676 3694 4748 γάμῳ,

2106 4766 2139 4837 ἢ
2168 4766 2309 4836 ἄλλῃ
2333 4766 2441 4819 τινὶ
2480 4765 2737 4838 κοινωνίᾳ
2771 4764 2887 4836 βίου
2935 4766 3305 4838 συνημμένοις
3329 4808 3345 4831 ,
3388 4767 3522 4822 [διον
3567 4786 3697 4841 προ-

2106 4856 2285 4909 έκειτο
2329 4856 2574 4926 δηλονότι
2607 4856 2709 4926 τῆς
2764 4856 2913 4927 ζωῆς
2959 4858 3022 4911 τὸ
3071 4859 3280 4930 πέρας·
3323 4862 3699 4931 συναφθέντας

2105 4947 2164 5001 δὲ
2209 4947 2494 5019 ἀλλήλοις,
2546 4948 2862 5016 ἀναγκαίως
2925 4948 2989 5003 τὸ
3027 4950 3563 5024 προδιατεταγμένον
3602 4957 3697 5026 τῆς

2103 5038 2249 5110 ζωῆς
2277 5039 2429 5103 τέλος
2458 5037 2691 5111 ἐχώρισε
2712 5041 2807 5093 καὶ
2838 5040 3072 5095 διέλυσε.
3107 5042 3477 5115 Εὐγνώμονος
3503 5047 3559 5100 δὲ
3593 5048 3698 5101 δια-

2103 5128 2290 5193 νοίας,
2333 5132 2436 5183 οὐκ
2467 5130 2562 5182 ἐπὶ
2614 5128 2695 5200 τῷ
2750 5130 3016 5202 χωρισμῷ
3065 5131 3354 5204 δυσφόρως
3406 5134 3555 5205 ἔχειν
3606 5136 3693 5189 rei

2102 5218 2495 5289 συναφθέντος,
2529 5219 2644 5273 ἀλλ’
2679 5221 2773 5273 ἐπὶ
2810 5224 2875 5292 τῇ
2908 5219 2968 5285 ἐξ
3016 5222 3192 5293 ἀρχῆς
3229 5227 3508 5298 συναφεία
3540 5226 3692 5297 χάριν

2100 5312 2243 5382 ἔχειν
2272 5310 2351 5381 τῷ
2398 5312 2867 5385 συγκληρῶσαντι.
2896 5314 2970 5365 Σὺ
3004 5314 3062 5367 δὲ
3084 5356 3099 5380 ,
3126 5316 3221 5368 καὶ
3259 5316 3354 5370 ὅτε
3380 5319 3581 5390 περιῆν
3618 5335 3692 5371 σοι

2180 5627 2258 5692 (4)
2300 5628 2378 5683 Ex
2408 5629 2555 5685 hom.
2587 5631 2639 5684 in
2668 5641 2824 5686 mart.
2861 5630 3133 5697 Julilzam,
3164 5632 3255 5689 58.

2179 5699 2252 5771 (5)
2285 5698 2420 5755 una.
