3874 6224
179 417 325 474 12⁸1⁸1

1099 412 1327 471 εειιιιο
1364 415 1478 470 XII.
1506 446 1575 457 -—
1612 415 1699 470 DE
1736 412 1929 470 ANIMI
1970 413 2408 472 DEJECTIONE.

3299 410 3442 466 1278

180 538 215 589 ὁ
243 536 384 605 ἀνὴρ
413 532 446 605 ἢ
492 531 555 585 τὺ
585 532 797 586 παιδίον
823 574 837 599 ,
885 532 920 604 ἢ
957 532 1135 588 ὁτιοῦν
1173 527 1250 589 ὧν
1288 534 1457 609 ὀδύρῃ
1479 533 1575 588 νῦν
1600 576 1616 601 ,
1646 532 1767 605 οὐχὶ

1880 535 2276 606 separationem
2310 533 2458 589 illius
2503 530 2599 602 qui
2637 529 2967 599 conjunctus
2999 525 3210 583 fuerat:
3251 528 3347 583 sed
3391 526 3446 584 ei

180 626 347 698 χάριν
391 620 539 696 εἶχες
573 623 683 679 τῶν
729 624 1009 696 παρόντων
1036 625 1116 698 τῷ
1162 625 1416 680 δεδωκότι
1441 665 1457 691 ,
1500 625 1617 680 ἀλλ’
1676 625 1765 678 ὲν-

179 719 405 782 εκάλεις
430 716 571 789 ὑπὲρ
598 714 707 769 τῶν
738 716 1142 786 ἐλλειφθέντων.
1175 717 1239 770 El
1265 717 1365 789 μὲν
1410 716 1566 789 ἀνδρὶ
1620 717 1765 788 μόνῳ

181 808 486 881 συνῴκεις,
514 809 596 862 ὅτι
642 808 719 881 μὴ
762 809 952 873 παῖδες
989 804 1130 882 ἦσαν
1160 810 1308 874 οἴους
1349 808 1601 863 ἐϐούλου’
1635 810 1683 863 εί
1711 809 1767 863 δὲ

181 903 284 956 καὶ
319 901 510 965 παῖδες
553 901 844 973 παρῆσαν,
890 903 973 956 ὅτι
1027 901 1103 974 μὴ
1151 901 1595 974 ὑπερεπλούτεις.
1626 903 1767 974 Ὅρα

184 990 367 1046 τοίνυν
384 1032 401 1059 ,
437 990 651 1062 μήποτε
683 990 838 1045 αὐτοὶ
866 991 1080 1055 ἑαυτοῖς
1103 991 1406 1062 ἀναγκαίας
1426 990 1534 1046 τῶν
1574 991 1766 1062 φιλτά-

178 1097 296 1135 των
322 1081 420 1145 τὰς
447 1082 736 1153 στερήσεις
758 1082 1260 1154 κατασκευάζωμεν
1282 1099 1298 1113 ·
1329 1084 1615 1156 παρόντων
1646 1084 1764 1154 μὲν,

181 1172 290 1224 οὐκ
346 1171 766 1244 αἰσθανόμενοι,
822 1173 1200 1246 παρελθόντων
1234 1174 1325 1240 δὲ,
1367 1175 1765 1247 περιεχόμενοι.

202 1263 420 1335 Ἐπειδὴ
453 1264 566 1337 γάρ
620 1267 1044 1339 παρακειμένων
1094 1267 1203 1321 τῶν
1252 1269 1318 1321 ὲκ
1362 1267 1497 1322 Θεοῦ
1547 1268 1770 1338 ἀγαθῶν

185 1356 291 1409 οὐκ
322 1355 751 1428 εὐχαριστοῦμεν
770 1397 786 1423 ,
829 1359 1103 1428 ἀναγκαία
1131 1361 1265 1430 ἡμῖν
1294 1361 1329 1430 ἠ
1366 1360 1657 1431 ἀφαίρεσις
1682 1360 1771 1414 διὰ

184 1446 290 1518 τὴν
334 1445 590 1520 αἴσθησιν
633 1449 864 1519 γίνεται.
894 1451 1108 1522 ’Ὠσπερ
1152 1451 1262 1525 γάρ
1308 1452 1359 1505 oi
1412 1452 1680 1524 ὀφθαλμοὶ
1708 1453 1771 1507 τὸ

187 1538 332 1608 ἄγαν
364 1540 727 1612 προκείμενον
766 1543 866 1613 οὐχ
901 1543 1133 1615 ὁρῶσιν,
1163 1543 1301 1597 ἀλλά
1326 1543 1537 1598 δέονται
1562 1546 1773 1615 συμμέ-

185 1647 323 1702 τρου
361 1632 504 1696 τινὸς
538 1633 928 1699 ἀποστάσεως·
966 1633 1111 1689 οὕτω
1140 1635 1236 1689 καὶ⁷
1275 1636 1331 1689 αἱ
1363 1635 1644 1706 ἀχάριστοι
1670 1636 1772 1706 ψυ-

186 1722 286 1792 χαὶ
312 1721 553 1777 ἐοίκασιν
585 1723 643 1802 ἐν
663 1727 729 1796 τῇ
753 1722 1105 1796 ἀλλοτριώσει
1124 1724 1229 1779 τῶν
1253 1725 1472 1795 ἀγαθῶν
1503 1726 1602 1797 τῆς
1634 1743 1773 1798 παρ-

187 1810 455 1884 ελθούσης
523 1813 744 1886 χάριτος
808 1814 1250 1870 ὲπαισθάνεσθαι.
1300 1816 1431 1868 Ὅτε
1489 1816 1599 1887 γὰρ
1640 1817 1773 1869 ἀπέ-

182 1994 553 2063 γινώσκοντες
576 2014 591 2029 ο
625 1998 762 2067 μετὰ
810 1998 908 2070 τὴν
953 1998 1242 2071 στέρησιν,
1274 1999 1337 2053 τὸ
1367 1999 1635 2071 παρελθὸν
1668 2018 1774 2072 μαι

183 2088 529 2158 καρίζουσιν.
578 2088 720 2142 Ἀλλ’
742 2090 903 2161 ἡμεῖς
930 2088 1159 2159 ἀφέντες
1188 2089 1287 2154 τὰς
1316 2091 1409 2144 ἐπὶ
1428 2094 1540 2155 τοῖς
1574 2091 1771 2146 ἀποῦσι

183 2176 404 2243 λύπας,
441 2179 780 2251 διδαχθῶμεν
826 2181 925 2252 τὴν
962 2181 1058 2233 ἐπὶ
1104 2184 1217 2245 τοῖς
1251 2181 1520 2254 παροῦσιν
1560 2184 1773 2255 εὐχαρι-

187 2270 349 2323 στίαν
380 2270 710 2326 ἀποδιδόναι.
739 2270 1031 2343 Είπωμεν,
1075 2276 1134 2327 ὲν
1180 2273 1279 2345 μὲν
1310 2277 1430 2339 ταῖς
1457 2275 1774 2347 σκυθρωπο-

182 2364 380 2433 τέραις
435 2365 789 2433 περιστάσεσι
862 2364 972 2419 τῶν
1031 2367 1413 2437 πραγμάτων,
1483 2366 1562 2438 τῷ
1624 2367 1773 2441 σοφῷ

189 2453 407 2526 ίατρῷ·
462 2456 565 2508 Ἐν
596 2455 800 2524 θλίψει
827 2454 1011 2525 μικρᾷ
1060 2458 1101 2526 ἡ
1152 2457 1389 2511 παιδεία
1446 2473 1564 2512 σου
1604 2459 1771 2527 ἡμῖν.

185 2545 483 2616 Εἴπωμεν·
527 2547 766 2616 Ἀγαθόν
784 2566 908 2619 μοι,
938 2548 1028 2602 ὅτι
1050 2547 1460 2616 ἐταπείνωσάς
1479 2566 1575 2618 με.
1600 2550 1775 2603 Εἴπω-

190 2653 323 2708 μεν,
362 2637 442 2690 ὅτι
490 2639 611 2692 Οὐκ
635 2637 776 2704 ἄξια
814 2639 889 2692 τὰ
915 2637 1234 2709 παθήματα
1274 2639 1381 2693 τοῦ
1415 2639 1537 2694 νῦν
1563 2639 1773 2708 καιροῦ

187 2728 346 2795 πρὸς
379 2728 494 2797 τὴν
515 2728 873 2799 μέλλουσαν
909 2730 1099 2796 δόξαν
1140 2731 1644 2801 ἀποκαλυφθῆναι
1686 2734 1777 2796 είς

187 2819 373 2890 ἡμᾶς.
406 2820 695 2892 Εἴπωμεν,
735 2823 819 2875 ὃτι
862 2823 1066 2893 Ὀλίγα
1092 2815 1180 2878 ὦν
1210 2822 1554 2894 ἡμάρτομεν
1585 2842 1774 2896 μεμα-

188 2912 546 2982 στιγώμεθα.
581 2914 1063 2987 Παρακαλέσωμεν
1103 2915 1195 2968 τὸν
1233 2914 1459 2988 Κύριον,
1505 2917 1588 2970 ὅτι
1632 2918 1776 2972 Παί-

187 3008 421 3062 δευσον
449 3006 638 3078 ἡμᾶς,
671 3009 850 3076 Κύριε
868 3049 883 3075 ,
915 3008 1084 3089 πνῖὴν
1108 3010 1178 3063 ὲν
1211 3010 1407 3078 κρίσει
1426 3050 1442 3075 ,
1472 3010 1571 3065 καί
1594 3010 1681 3081 μὴ
1707 3011 1777 3066 ἐν

189 3098 382 3169 θυμῷ.
417 3099 829 3171 Ἑλεγχόμενοι
846 3102 956 3171 γὰρ
974 3102 1090 3156 ὑπὸ
1114 3103 1336 3171 Κυρίου
1355 3102 1775 3173 παιδευόμεθα,

1866 628 1960 700 qui
2013 628 2246 698 hujusce
2278 626 2543 682 consortii
2602 632 2798 678 auctor
2838 621 3055 688 fuerat,
3105 620 3335 693 gratiam
3375 620 3448 677 ob

1865 721 2100 791 primam
2153 718 2601 790 conjunctionem
2650 715 2874 772 habere.
2911 714 2995 769 Tu
3049 728 3270 785 quoque
3319 728 3447 768 cum

1868 820 2148 881 superstes
2212 818 2361 867 esset
2419 810 2503 866 vir
2556 816 2731 872 tuus,
2793 814 2887 861 aut
2951 806 3296 872 infantulus,
3352 816 3449 860 aut

1868 902 2151 973 quodlibet
2188 917 2380 958 eorum
2410 916 2531 973 quae
2559 916 2708 956 nunc
2737 899 3079 966 lamentaris,
3111 899 3296 954 nullas
3322 913 3449 969 gra-

1871 1004 1954 1051 tes
2010 994 2349 1067 rependebas
2404 994 2674 1049 bonorum
2737 991 3087 1062 praesentium
3156 990 3445 1061 largitori:

1872 1087 1984 1142 imo
2014 1087 2083 1142 de
2130 1086 2447 1142 absentibus
2499 1084 2951 1155 conquerebaris.
2996 1082 3063 1137 Et
3112 1083 3333 1153 quidem
3399 1083 3449 1137 si

1872 1182 2081 1250 absque
2133 1178 2285 1249 prole
2311 1192 2436 1233 cum
2468 1177 2589 1233 viro
2619 1175 2855 1245 degebas
2880 1216 2894 1242 ,
2948 1174 3254 1245 querebare
3300 1170 3448 1242 quod

1874 1273 1969 1327 lilii
1999 1272 2188 1343 quales
2212 1271 2608 1333 desiderasses,
2631 1268 2731 1322 tibi
2763 1284 2872 1323 non
2897 1277 3083 1323 essent
3107 1283 3120 1320 :
3145 1266 3232 1322 sin
3264 1275 3446 1319 autem

1872 1365 2114 1421 habebas
2147 1363 2288 1419 ﬁlios
2313 1403 2330 1429 ,
2370 1362 2594 1417 dolebas
2623 1360 2770 1431 quod
2800 1374 2909 1414 non
2937 1358 3188 1413 amueres
3216 1356 3447 1413 divitiis.

1871 1456 2017 1512 Cave
2047 1455 2234 1525 igitur,
2264 1470 2334 1510 ne
2393 1452 2536 1508 forte
2590 1451 3040 1507 charissimorum
3085 1449 3449 1520 privationem

1873 1548 2033 1603 nobis
2066 1547 2201 1617 ipsis
2237 1545 2531 1601 reddamus
2575 1544 2952 1598 necessarium
2984 1580 3000 1605 ,
3041 1556 3167 1596 cum
3194 1556 3303 1595 non
3331 1537 3447 1593 alli-

1873 1640 2084 1695 ciamur
2143 1638 2362 1693 illorum
2409 1622 2730 1709 praesentia,
2789 1632 2885 1690 sed
2947 1633 3180 1687 amissos
3234 1631 3451 1687 deside-

1875 1746 2081 1786 remus.
2117 1730 2387 1796 Quoniam
2439 1726 2585 1783 enim
2646 1742 2747 1798 pro
2793 1725 3159 1797 praesentibus
3205 1723 3366 1779 bonis
3419 1738 3450 1776 a

1876 1819 1988 1875 Deo
2026 1819 2241 1875 collatis
2277 1825 2460 1905 grates
2496 1832 2607 1872 non
2645 1816 3049 1886 persolvimus:
3091 1815 3215 1869 ideo
3244 1813 3450 1884 privari

78 1988 85 1994 .
185 1902 356 1956 λαυον
376 1903 486 1958 τῶν
510 1906 908 1978 χρηστοτέρων,
941 1907 1197 1978 οὐδεμίαν
1227 1908 1388 1979 χάριν
1415 1906 1493 1979 τῷ
1521 1906 1771 1962 δεδωκότι

1880 1927 1977 1967 nos
2011 1911 2080 1967 iis
2107 1925 2334 1969 necesse
2372 1893 2479 1974 es't,
2520 1916 2579 1963 ut
2609 1909 2836 1963 allectus
2878 1915 3065 1961 noster
3110 1903 3265 1976 541
3300 1917 3452 1959 com-

1875 2011 2179 2059 moveatur.
2221 2000 2689 2069 Quemadmodum
2729 2000 2873 2055 enim
2914 2013 3026 2052 non
3075 1998 3260 2050 vident
3306 1996 3452 2050 oculi

1873 2096 2022 2168 quod
2052 2095 2280 2151 nimium
2308 2109 2508 2166 propre
2538 2093 2816 2148 admotum
2851 2099 2968 2155 est,
3005 2090 3097 2145 sed
3129 2089 3451 2158 congruenti

1875 2190 2061 2259 aliquo
2113 2187 2292 2258 spatio
2346 2186 2623 2256 indigent:
2666 2185 2740 2237 ita
2779 2190 2833 2237 et
2868 2183 3093 2251 ingrata:
3123 2179 3317 2233 animae
3357 2194 3454 2249 per

1874 2279 2145 2333 bonorum
2172 2276 2630 2331 abalienationem
2659 2275 2916 2328 videntur
2957 2273 3024 2327 de
3056 2271 3330 2340 praeterito
3357 2270 3455 2323 be-

1876 2368 2071 2423 neﬁcio
2100 2366 2259 2421 allici.
2285 2365 2426 2420 Nam
2475 2381 2601 2421 eum
2647 2365 2961 2419 fruerentur
2994 2363 3152 2417 bonis
3174 2402 3191 2427 ,
3246 2361 3453 2416 nullam

1875 2469 1994 2516 tum
2048 2460 2280 2531 gratiam
2312 2458 2589 2514 habebant
2621 2459 2915 2528 largitori;
2956 2455 3053 2512 sed
3100 2455 3192 2510 ubi
3232 2461 3362 2511 sunt
3386 2453 3455 2507 iis

1877 2554 2162 2624 spoliatae,
2215 2554 2272 2608 id
2328 2554 2507 2623 ipsum
2556 2551 2705 2623 quod
2755 2550 3013 2613 evanuit,
3056 2549 3281 2602 laudant
3308 2546 3458 2601 testi-

1877 2654 2159 2715 mantque.
2193 2644 2267 2716 (l)
2306 2642 2419 2700 Nos
2465 2654 2644 2699 autem
2678 2657 2969 2698 maerorem
3014 2656 3080 2696 cx
3110 2641 3178 2696 iis
3208 2655 3332 2709 qua:
3360 2640 3458 2694 de-

1878 2744 2008 2791 sunt
2051 2744 2415 2805 emergentem
2449 2736 2844 2798 amandantes,
2884 2733 3162 2789 discamus
3211 2731 3283 2785 ob
3318 2744 3459 2801 prte-

1876 2830 2055 2885 sentia
2083 2830 2289 2898 gratias
2338 2828 2641 2884 exsolvere.
2677 2827 2934 2881 Dicamus
2977 2824 3213 2895 sapienti
3245 2824 3461 2878 medico

1878 2921 1932 2975 in
1984 2920 2322 2975 tristioribus
2376 2933 2558 2974 rerum
2616 2916 2972 2980 infortuniis,
3025 2914 3091 2969 In
3123 2911 3461 2967 tribulatione

1876 3027 2061 3079 parva,
2085 3010 2369 3080 disciplina
2396 3018 2487 3063 tua
2517 3007 2665 3064 nobis
2682 3009 2749 3063 δ’.
2773 3007 3030 3063 Dicamus
3056 3028 3069 3062 :
3105 3006 3309 3061 Bonum
3332 3003 3463 3058 mihi

1878 3107 2003 3176 quia
2035 3105 2332 3159 humiliasti
2359 3120 2440 3157 me
2463 3105 2529 3155 θ’.
2565 3103 2820 3156 Dicamus
2844 3120 2857 3154 :
2883 3099 3008 3155 Non
3038 3108 3161 3154 sunt
3189 3097 3463 3166 condigna:

187 3194 393 3264 ἵναμὴ
415 3194 537 3249 σὺν
551 3193 632 3259 τῷ
652 3198 857 3264 κόσμῳ
876 3194 1340 3265 κατακριθῶμεν.
1362 3195 1451 3249 Ἐν
1474 3196 1530 3250 δὲ
1555 3199 1621 3267 τῇ
1652 3214 1776 3266 φαι-

1882 3200 2154 3269 passiones
2200 3196 2360 3266 hujus
2398 3198 2647 3265 temporis
2698 3194 2765 3249 ad
2801 3195 3041 3263 futuram
3072 3191 3302 3262 gloriam
3345 3205 3463 3260 qua:

189 3287 427 3361 δροτὲρᾳ
454 3286 550 3341 τοῦ
588 3286 706 3358 βίου
736 3287 980 3358 διαγωγῇ
1016 3287 1234 3358 ἐκείνην
1269 3286 1518 3359 λέγωμεν
1549 3288 1645 3342 τοῦ
1670 3291 1779 3343 Δα-

190 3378 285 3432 δὶδ
307 3377 406 3449 τὴν
437 3380 623 3448 φωνήν
651 3394 664 3407 ·
697 3376 1298 3447 Τί’ἀνταποδώσομεν
1318 3376 1397 3443 τῷ
1426 3381 1623 3447 Κυρίῳ
1646 3378 1781 3448 περὶ

190 3468 441 3523 πάντων
462 3463 550 3524 ὧν
571 3469 995 3524 ἀνταπέδωκεν
1025 3469 1205 3539 mih»;
1234 3468 1417 3532 καλῶς
1446 3470 1782 3542 ἀποροῦντος

190 3560 293 3615 τοῦ
342 3562 667 3634 Προφήτου,
704 3560 799 3613 καὶ
846 3559 1307 3631 περισκοποῦντος
1338 3559 1507 3612 αὐτοῦ
1544 3560 1643 3628 τὴν
1686 3576 1781 3611 πε-

191 3650 357 3716 νίαν,
403 3651 488 3704 ὅτι
531 3650 682 3704 οὐδὲν
733 3650 847 3721 ἔχει
895 3650 1031 3722 πρὸς
1069 3651 1338 3705 ἀντίδοσιν
1384 3650 1561 3716 ἄξιον·
1595 3651 1655 3713 ὃς
1695 3654 1781 3720 ἐφ’

192 3741 342 3796 οὕτω
395 3743 661 3813 μεγάλαις
708 3744 805 3796 καὶ
846 3743 1129 3815 λαμπραῖς
1172 3742 1535 3813 εὐεργεσίαις,
1590 3742 1783 3815 οὐμεν-

193 3833 293 3887 οῦν
352 3834 606 3903 ἐχούσαις
658 3835 997 3907 ύπερϐολὴν,
1048 3834 1486 3889 πολλαπλασίονα
1531 3837 1665 3906 ἡμῖν
1713 3834 1783 3888 τὰ

196 3926 282 3988 εἰς
320 3924 546 3998 ὕστερον
576 3927 972 3997 ἐπαγγέλλεται
999 3928 1213 3997 ἀγαθὰ,
1248 3930 1307 3982 Ἃ
1334 3926 1647 3997 ὀφθαλμὸς
1672 3929 1784 3981 οὐκ

196 4012 321 4070 εἶδε
340 4058 355 4080 ,
389 4017 489 4071 καὶ
535 4014 645 4084 οὖς
675 4021 787 4073 οὐκ
827 4019 1092 4088 ἢκουσε,
1123 4021 1221 4075 καὶ
1269 4021 1365 4075 ἐπὶ
1405 4021 1657 4090 καρδίαν
1681 4021 1786 4075 ἀν-

196 4108 438 4175 θρώπου
463 4112 575 4165 οὐκ
596 4111 780 4179 ἀνέϐη
797 4151 811 4175 ,
841 4110 880 4166 ἁ
904 4113 1235 4182 ἡτοίμασεν
1260 4116 1293 4167 ό
1322 4113 1468 4180 Θεὸς
1496 4112 1621 4179 τοῖς
1643 4114 1787 4183 ἀγα,

198 4199 402 4254 πῶσιν
428 4203 634 4255 αὐτόν.
667 4196 769 4256 Ὧν
815 4204 911 4257 καὶ
946 4205 1107 4275 ἡμεῖς
1137 4205 1522 4277 ἐπιτύχοιμεν,
1569 4208 1635 4258 ἐκ
1676 4205 1786 4259 τῶν

198 4291 397 4345 παθῶν
434 4291 536 4362 τῆς
588 4293 793 4365 σαρκὸς
843 4295 1072 4359 ἑαυτοὺς
1124 4295 1568 4368 ἐκκαθάραντες,
1603 4296 1785 4367 χάριτι

200 4385 298 4439 καὶ
370 4385 748 4459 φιλανθρωπίᾳ
801 4386 893 4440 τοῦ
952 4388 1158 4459 Κυρίου
1224 4388 1381 4459 ἡμῶν
1436 4388 1607 4459 Ἰησοῦ
1655 4390 1789 4461 Χρι-

202 4476 335 4532 στοῦ
360 4518 377 4543 ,
497 4480 530 4550 ἡ
557 4478 720 4545 δόξα,
773 4480 868 4533 καὶ
900 4478 962 4532 τὸ
990 4479 1192 4550 κράτος
1214 4519 1229 4544 ,
1275 4479 1371 4534 νῦν
1414 4480 1510 4536 καὶ
1547 4482 1663 4549 ἀεὶ,
1694 4482 1788 4535 καὶ

202 4571 285 4631 εἰς
312 4568 439 4632 τοὺς
466 4568 669 4632 αίῶνας
696 4567 805 4624 τῶν
838 4567 1071 4623 αἰώνων.
1125 4570 1321 4641 Ἀμήν.

1884 3291 2202 3346 revelabitur
2260 3292 2316 3343 in
2374 3289 2524 3344 nobis
2565 3288 2634 3342 ⁸³.
2675 3288 2966 3340 Dicamus:
3010 3284 3196 3338 Pauca
3234 3298 3344 3352 prce
3397 3282 3464 3335 iis

1880 3399 1999 3453 qua:
2034 3383 2365 3452 peccavimus
2405 3382 2701 3449 accepimus
2739 3378 2957 3433 verbera
2990 3378 3056 3430 ⁸⁵.
3099 3374 3465 3430 Obsecremus

1884 3477 2173 3530 Dominum
2203 3493 2218 3529 :
2250 3472 2470 3543 Castiga
2507 3488 2585 3525 me
2614 3512 2629 3531 .
2690 3471 2916 3523 Domine
2943 3507 2958 3533 ,
3007 3475 3364 3522 verumtamen
3408 3465 3466 3517 in

1873 3567 2105 3638 judicio,
2135 3575 2185 3620 et
2217 3565 2399 3619 nonin
2427 3564 2608 3633 furore
2637 3563 2704 3616 ⁸⁸.
2735 3561 2868 3616 Cum
2900 3561 3038 3615 enim
3074 3559 3462 3629 redarguimur,

1884 3677 1917 3713 ι
1971 3658 2193 3713 Domino
2248 3639 2605 3725 corripimur,
2664 3662 2722 3706 ut
2785 3668 2889 3705 non
2948 3667 3063 3705 cum
3116 3650 3212 3703 hoc
3269 3649 3466 3702 mundo

1884 3755 2197 3806 damnemur
2227 3749 2297 3803 ⁸⁸.
2338 3751 2408 3803 At
2446 3764 2575 3803 vero
2616 3749 2671 3800 in
2720 3745 2929 3799 laetiore
2962 3744 3083 3795 vitae
3114 3748 3261 3797 statu
3304 3740 3465 3794 emit-

1885 3854 2065 3900 tmnus
2105 3844 2251 3896 illam
2289 3840 2511 3895 Davidis
2542 3853 2768 3893 vocem:
2804 3835 2945 3901 Quid
2979 3833 3329 3887 relribuemus
3356 3830 3467 3885 Da-

1885 3938 2028 3992 mino
2073 3952 2169 4005 pro
2203 3933 2445 3988 omnibus
2476 3947 2592 4002 qua:
2625 3929 2868 3984 retribuit
2898 3926 3047 3981 nobis
3072 3925 3163 3978 '7?
3202 3930 3351 3978 recte
3377 3922 3465 3976 ni-

1885 4028 2085 4081 mirum
2122 4025 2407 4079 dubitante
2442 4021 2716 4090 Propheta
2744 4059 2757 4081 ,
2809 4032 2873 4072 ac
2902 4015 3140 4085 inopiam
3173 4027 3328 4067 suam
3358 4011 3467 4066 cir-

1887 4117 2314 4186 cumspiciente,
2353 4113 2516 4167 talem
2552 4111 2835 4173 videlicet,
2869 4108 2919 4163 ei
2952 4114 3010 4160 ut
3043 4107 3178 4159 nihil
3212 4113 3467 4174 suppete-

1888 4217 1969 4263 ret
2000 4207 2223 4277 dignum
2276 4203 2422 4275 quod
2472 4202 2820 4257 retribuerct.
2854 4197 3116 4252 Dominus
3153 4197 3297 4251 enim
3345 4202 3468 4264 post

1890 4299 2155 4355 beneﬁcia
2180 4297 2316 4353 adeo
2345 4311 2543 4365 magna
2572 4292 2988 4364 splendidaque.
3021 4299 3074 4344 et
3102 4289 3303 4358 quibus
3334 4285 3468 4340 nihil

1889 4390 2244 4462 praestantius
2266 4430 2281 4456 ,
2312 4388 2471 4443 nobis
2510 4386 2567 4439 in
2600 4393 2880 4455 posterum
2912 4380 3082 4436 multo
3115 4379 3323 4448 majora
3355 4376 3458 4446 pol-

1891 4484 2109 4547 licetur,
2141 4480 2274 4547 Quae
2306 4478 2489 4532 oculus
2522 4491 2627 4530 non
2656 4474 2823 4538 vidit,
2854 4488 2948 4527 nec
2983 4471 3132 4524 auris
3158 4468 3395 4530 audivit,
3420 4471 3469 4517 et

1822 4576 1946 4632 Din
2000 4590 2090 4629 cor
2142 4572 2373 4626 hominis
2434 4585 2542 4622 non
2587 4565 2936 4622 ascenderunt
2984 4577 3100 4630 quae
3154 4555 3470 4629 prwparavit

204 4665 346 4720 Deus
375 4664 714 4736 diligentibus
744 4682 800 4719 se
824 4665 892 4719 ⁸⁸.
945 4666 1077 4731 Quae
1123 4668 1332 4723 utinam
1372 4685 1476 4726 nos
1540 4678 1823 4745 corporeis
1863 4677 1949 4730 his
1989 4671 2277 4729 affectibus
2328 4665 2607 4737 repurgati
2674 4662 2935 4738 consequi
2972 4661 3135 4714 etiam
3169 4657 3469 4715 valeamus,

202 4774 306 4829 per
334 4760 562 4829 gratiam
604 4775 669 4815 ae
720 4760 1115 4817 humanitatem
1160 4761 1374 4819 Domini
1431 4770 1609 4824 nostri
1652 4769 1783 4827 Jesu
1822 4771 2052 4835 Christi,
2123 4767 2214 4822 cui
2244 4765 2419 4836 gloria
2447 4802 2463 4829 ,
2509 4767 2565 4818 et
2605 4768 2867 4831 potestas,
2938 4770 3087 4811 nunc
3132 4762 3186 4808 et
3236 4763 3472 4821 semper.

201 4865 259 4907 et
288 4857 344 4905 in
382 4853 583 4907 saecula
621 4853 976 4909 saeculorum.
1005 4845 1204 4910 Amen.

488 4976 673 5028 ΠΕΡΙ
708 4976 965 5029 ΛΥΠΗΣ
992 4980 1127 5032 ΚΑΙ
1147 4980 1502 5036 ΑΘΥΜΙΑΣ.

815 5087 1033 5141 ΛΟΓΟΣ
1064 5087 1165 5142 ΙΒ’.

279 5198 330 5251 1.
356 5196 522 5250 Ὅταν
552 5196 647 5249 ἴδω
680 5197 774 5249 καὶ
814 5196 876 5251 τὸ
919 5197 1089 5251 κακὸν
1134 5197 1482 5268 εύοδούμενον
1502 5238 1517 5264 ,
1567 5198 1661 5253 καὶ
1692 5198 1789 5271 τὴν

203 5286 481 5359 ὑμετέραν
505 5287 793 5341 εὐλάϐειαν
829 5290 1175 5361 κεκμηκυῖαν
1219 5289 1315 5343 καὶ
1340 5289 1791 5361 ἀπαγορεύουσαν

205 5379 349 5450 πρὸς
389 5378 453 5432 τὸ
503 5380 727 5451 συνεχὲς
769 5380 879 5434 τῶν
921 5378 1229 5452 ὲπηρειῶν,
1283 5379 1520 5453 ἀθυμίας
1556 5379 1794 5453 πληροῦ-

281 5601 463 5675 "ipsa.
500 5615 651 5675 Exin,
684 5600 771 5675 i6.
847 5602 892 5633 ⁸¹
923 5598 1298 5675 Ρειιικιξιινιιι,
1338 5599 1424 5653 7i.
1488 5601 1546 5675 Α⁸³
1579 5598 1740 5659 Rom.

1880 5650 1892 5675 ,
1937 5606 2017 5660 l8.
2099 5604 2146 5637 "
2178 5603 2282 5661 Job
2329 5622 2417 5665 xv,
2462 5605 2548 5659 Η.

207 5689 293 5735 ιι.
330 5672 424 5725 ‘22.
498 5671 541 5702 ³⁷
576 5670 721 5727 Psal.
759 5684 884 5735 cxv,
923 5671 1010 5724 12.
1086 5671 1176 5722 “l
1216 5669 1343 5726 Cor.
1382 5685 1442 5738 ll,
1480 5670 1533 5726 9.

293 5854 371 5921 (ι)
407 5851 645 5910 Exhom.
672 5856 721 5907 in
750 5848 1199 5920 mart..lulittam,
1230 5853 1316 5909 ιο.

1965 4973 2057 5029 DE
2089 4968 2468 5026 TRISTITIA
2510 4966 2607 5022 ET
2628 4963 2869 5021 ANIMI
2917 4960 3415 5018 DEJECTIONE.

2487 5078 2720 5135 SERMO
2753 5078 2869 5134 XII.

1970 5197 2022 5250 l.
2064 5195 2142 5269 (2)
2186 5194 2325 5250 Cum
2363 5194 2522 5250 video
2569 5203 2625 5249 et
2680 5192 2884 5248 malum
2928 5192 2994 5246 ad
3045 5198 3261 5260 optatos
3300 5190 3478 5244 exitus

1897 5288 2157 5361 perduci,
2193 5295 2247 5344 et
2287 5295 2523 5344 vestram
2553 5286 2811 5356 pietatem
2841 5283 3127 5355 defatigari
3152 5323 3168 5349 ,
3208 5282 3476 5337 animum-

1894 5396 2002 5453 que
2033 5377 2376 5450 despondere
2404 5380 2476 5435 ob
2503 5378 2796 5434 continuas
2828 5377 3193 5443 calamitates,
3216 5375 3477 5432 maestitia

2635 5605 2681 5637 ⁸⁸
2719 5603 2923 5661 Jerem.
2959 5618 3014 5672 ι,
3053 5603 3143 5659 24.
3219 5604 3266 5636 ⁸⁸
3296 5599 3318 5655 I
3347 5599 3477 5658 Cor.

1976 5845 2052 5918 (2)
2095 5845 2170 5900 Ex
2197 5846 2353 5916 epist.
2382 5859 2591 5908 ccxtvt,
2623 5843 2743 5899 535.
