3874 6224
392 300 528 355 i279

1239 306 1603 363 APPENDIX.
1645 340 1715 350 —
1752 309 2093 367 SYMEONIS
2129 312 2666 373 METAPIIRASTAS

3511 322 3672 376 1230

387 422 623 490 repleor.
651 421 765 478 Sed
798 437 993 480 rursus
1018 438 1142 479 cum
1172 441 1421 497 magnam
1454 428 1548 485 Dei
1575 448 1795 484 manqu
1832 420 1967 487 con?

2088 452 2183 488 ιαι.
2223 436 2394 490 Ὅταν
2438 438 2496 491 δὲ
2549 438 2710 492 πάλιν
2757 438 2855 509 τὴν
2894 439 3137 511 μεγάλην
3188 444 3351 510 χεῖρα
3386 438 3483 492 τοῦ
3511 439 3670 493 Θεοῦ

388 514 606 575 sidero,
640 528 875 585 eumque
899 530 1064 571 nosse
1095 527 1149 571 et
1181 519 1495 575 confractus
1530 522 1741 592 erigere
1763 562 1780 582 .
1810 532 1864 576 et
1889 524 1968 593 ju-

385 618 507 657 mos
529 602 754 674 diligere
778 644 792 667 ,
827 606 1096 675 superbos
1118 623 1250 663 vero
1281 620 1568 666 conterere
1591 654 1605 677 ,
1636 623 1691 668 et
1719 623 1969 684 potentes

390 696 457 743 de
503 692 623 747 suis
673 693 895 749 sedibus
951 695 1222 765 dejicere:
1263 714 1455 754 rursus
1504 702 1826 757 immutatus
1873 720 1968 774 spe

387 792 655 855 concepta
703 784 930 838 allevnr.
983 787 1059 857 (Ι)
1094 780 1226 842 Novi
1284 798 1339 843 et
1396 806 1717 860 persuasum
1774 794 1966 858 habeo,

390 876 538 943 quod
573 882 629 929 et
658 876 814 930 vobis
847 886 1038 931 notum
1074 894 1197 934 esse
1225 881 1371 944 volo,
1405 882 1635 937 celerem
1659 882 1968 939 adfuturam

392 980 575 1034 opem,
606 982 707 1022 nec
730 978 1049 1038 perpetuam
1081 970 1492 1028 derelictionem
1525 975 1787 1030 futuram.
1813 975 1969 1041 Quod

390 1058 540 1113 enim
571 1060 720 1127 passi
758 1076 974 1123 sumus,
1006 1063 1077 1116 ob
1107 1074 1327 1133 peccata
1359 1074 1545 1119 nostra
1571 1068 1716 1136 passi
1746 1084 1969 1134 sumus;

394 1148 491 1202 sed
521 1163 679 1219 opem
710 1166 864 1205 suam
887 1192 902 1217 ,
952 1154 1021 1208 ob
1050 1170 1209 1208 suum
1242 1156 1297 1210 in
1330 1173 1520 1213 servos
1568 1175 1696 1214 suos
1729 1175 1971 1216 amorem

393 1257 457 1295 ac
513 1242 993 1310 misericordiam,
1053 1247 1322 1318 benignus
1380 1252 1652 1306 ostendet.
1711 1251 1788 1322 (2)
1848 1252 1973 1309 Sive

392 1334 540 1387 enim
584 1345 931 1404 peccatorum
964 1339 1228 1394 solvimus
1284 1356 1476 1411 pcenas
1503 1383 1519 1407 ,
1553 1342 1827 1397 sulliciunt
1871 1343 1972 1398 lla-

393 1422 532 1491 gella
560 1425 629 1478 ad
660 1428 1010 1480 evertendam
1044 1427 1301 1496 deinceps
1329 1428 1422 1483 Dei
1471 1430 1526 1482 in
1578 1445 1680 1483 nos
1725 1430 1859 1483 iram
1890 1430 1970 1497 ⁸⁹;

394 1515 507 1570 sive
535 1515 603 1570 ad
653 1518 975 1572 sustinenda
1020 1534 1120 1589 pro
1171 1519 1372 1590 pietate
1403 1520 1703 1575 certamina
1734 1521 1819 1576 bis
1864 1527 1976 1575 ten-

392 1609 696 1665 tationibus
724 1626 1004 1675 vocamur,
1033 1613 1216 1681 justus
1240 1621 1325 1669 est
1355 1614 1716 1668 certaminum
1746 1613 1972 1677 arbiter,

2067 528 2342 599 ἐννοήσω,
2372 529 2469 584 καὶ
2497 529 2581 583 ὃτι
2626 527 2765 583 οἶδεν
2793 533 3056 605 ἀνορθοῦν
3092 533 3219 596 τοὺς
3264 533 3675 604 κατερράγμὲ-

2067 635 2190 683 νους
2227 619 2322 672 καὶ
2363 620 2584 693 ἀγαπᾷν
2620 621 2887 688 δικαίους,
2923 623 3229 696 συντρίϐειν
3267 639 3331 676 τε
3361 623 3674 694 ὑπερηφά-

2066 727 2192 773 νους
2217 749 2232 774 ,
2286 710 2381 763 καὶ
2430 711 2712 782 καθαιρεῖν
2756 713 2863 767 ἀπὸ
2903 715 3109 786 θρόνων
3150 715 3452 777 δυνάστας·
3489 716 3675 768 πάλιν

2066 799 2429 871 μεταϐαλὼν,
2460 803 2789 876 κουφότερος
2828 805 3052 875 γίνομαι
3099 807 3222 868 ταῖς
3273 805 3486 859 ἐλπίσι.
3543 805 3676 858 Καὶ

2067 887 2185 944 οῖδα
2235 892 2333 944 καὶ
2381 892 2682 965 πέπεισμαι
2706 936 2721 961 ,
2751 896 2779 949 ὃ
2812 897 2904 951 καὶ
2949 898 3094 969 ὑμᾶς
3123 895 3419 966 γινώσκειν
3474 896 3680 967 βούλο-

2072 999 2200 1052 μαι,
2236 983 2319 1036 ὅτι
2375 988 2567 1055 ταχεῖα
2612 985 2765 1039 ἔσται
2815 987 2848 1059 ἡ
2906 986 3227 1056 ἀντίληψις,
3268 987 3365 1041 καὶ
3415 988 3522 1040 οὑκ
3585 987 3677 1048 εἰς

2068 1073 2221 1138 τέλος
2264 1073 2416 1130 ἔσται
2469 1078 2503 1147 ὴ
2555 1077 2959 1147 ἐγκατάλειψις.
2996 1080 3065 1133 Ἀ
3103 1077 3203 1149 μὲν
3228 1078 3338 1148 γὰρ
3374 1078 3676 1133 πεπόνθα-

2074 1183 2207 1237 μεν,
2236 1166 2325 1221 διὰ
2365 1166 2465 1232 τὰς
2516 1169 2788 1240 ἁμαρτίας
2833 1171 2992 1241 ἡμῶν
3029 1171 3379 1241 πεπόνθαμεν
3404 1189 3421 1202 ·
3462 1171 3576 1241 τὴν
3612 1171 3677 1223 δὲ

2073 1255 2237 1309 αὑτοῦ
2290 1258 2541 1329 βοήθειαν
2592 1260 2682 1314 διά
2727 1260 2827 1332 τὴν
2880 1262 3008 1333 περὶ
3038 1263 3165 1327 τοὺς
3208 1262 3435 1326 δούλους
3490 1258 3676 1314 αὐτοῦ

2073 1349 2293 1420 ἀγάπην
2333 1351 2428 1403 καὶ
2475 1351 2875 1423 εὑσπλαγχνίαν
2920 1354 2949 1406 6
2982 1354 3359 1425 φιλάνθρωπος
3389 1351 3677 1420 ἐπιδείξε-

2071 1454 2185 1492 ται.
2240 1438 2366 1492 Εῖτε
2425 1441 2534 1513 γάρ
2570 1443 2984 1514 ἁμαρτημάτων
3040 1445 3407 1515 ἀποτίννυμεν
3462 1443 3674 1506 δίκας.

2077 1531 2259 1585 ἱκαναὶ
2287 1533 2344 1584 αἱ
2373 1534 2634 1603 μάστιγες
2672 1535 2808 1606 πρὸς
2844 1536 3176 1607 παραίτησιν
3218 1536 3408 1589 λοιπὸν
3442 1538 3548 1607 τῆς
3584 1535 3675 1603 ἐφ’

2073 1625 2209 1694 ἡμῖν
2252 1624 2426 1695 ὀργῆς
2456 1627 2549 1678 τοῦ
2586 1624 2723 1678 Θεοῦ
2742 1640 2755 1654 °
2787 1628 2897 1680 εἴτε
2923 1630 3004 1692 είς
3028 1628 3157 1692 τοὺς
3188 1627 3330 1700 ὑπὲρ
3359 1627 3467 1698 τῆς
3507 1626 3678 1680 εὖπ-

394 1706 454 1751 ιιι
485 1714 594 1754 non
640 1701 787 1756 sinat
826 1704 1028 1757 tentari
1076 1718 1179 1759 nos
1211 1704 1352 1757 ultra
1381 1718 1545 1774 quam
1581 1702 1725 1759 ferre
1781 1719 1977 1774 possu-

2088 1714 2227 1779 5slag
2252 1715 2469 1783 ἀγῶνας
2509 1715 2597 1769 διὰ
2627 1716 2737 1770 τῶν
2777 1718 3097 1790 πειρασμῶν
3138 1718 3345 1773 τούτων
3383 1719 3678 1789 κεκλήμε-

393 1808 517 1848 ntus
544 1812 558 1848 :
596 1794 689 1849 sed
719 1795 880 1850 nobis
908 1795 1099 1851 reddat
1122 1810 1222 1865 pro
1255 1795 1506 1850 toleratis
1533 1794 1644 1865 jam
1667 1795 1968 1862 laboribus,

2088 1805 2175 1871 3a.,
2227 1806 2431 1868 δίκαιος
2464 1807 2492 1858 6
2538 1806 2831 1879 ἀθλοθέτης
2976 1808 3135 1862 ἐᾶσαι
3166 1810 3315 1880 ἡμᾶς
3352 1808 3677 1877 πιρασθῆ·

394 1885 670 1954 patientite
696 1894 751 1941 et
770 1888 885 1956 spei
913 1887 967 1941 in
999 1888 1179 1957 ipsum
1203 1895 1403 1943 nostra
1431 1902 1710 1943 coronam.
1738 1888 1812 1958 (5)
1837 1887 1970 1954 Quis

394 1977 540 2031 enim
571 1979 754 2033 animo
801 1978 877 2032 ita
925 1978 1278 2035 adamantino
1300 2022 1315 2045 ,
1348 1980 1473 2049 quis
1515 1981 1588 2034 ita
1618 1981 1972 2036 commisera-

396 2067 563 2123 tionis
596 2068 776 2123 onmis
814 2082 879 2123 ac
900 2069 1340 2124 mansuetudinis
1376 2084 1571 2138 expers
1594 2107 1609 2133 ,
1647 2074 1707 2121 ut
1743 2068 1973 2124 audiens

395 2160 655 2226 gemitum
695 2158 855 2230 542
889 2161 1133 2230 undique
1182 2176 1347 2215 auras
1391 2168 1610 2217 nostras
1663 2159 1971 2223 ferientem,

397 2250 543 2304 velut
568 2266 630 2305 ex
657 2252 799 2305 tristi
829 2252 1064 2322 quodam
1096 2252 1265 2308 choro
1295 2268 1641 2307 communem
1677 2253 1973 2324 quamdam

398 2355 464 2396 ac
492 2358 795 2398 consonam
826 2345 1269 2401 lamentationem
1298 2344 1514 2409 edente,
1542 2362 1649 2400 non
1677 2346 1860 2401 animo
1888 2344 1982 2398 do-

399 2435 529 2498 leat,
552 2450 658 2488 non
684 2435 833 2489 humi
864 2436 1204 2506 procumbat,
1231 2445 1284 2491 et
1313 2452 1423 2491 non
1449 2436 1667 2506 penitus
1696 2436 1983 2491 inextrica-

401 2515 612 2584 bilibus'
643 2527 727 2583 his
757 2529 907 2583 curis
933 2528 1214 2583 tabescat?
1246 2527 1373 2583 llaec
1395 2536 1575 2583 autem
1597 2529 1741 2591 dico,
1766 2528 1842 2599 (4)
1870 2542 1980 2582 non

402 2617 726 2671 consolandi
776 2618 999 2687 gratia:
1045 2619 1169 2688 quis
1234 2619 1379 2673 enim
1437 2633 1619 2673 sermo
1671 2617 1981 2672 inveniatur

403 2720 567 2767 tanta:
605 2713 854 2769 medicus
886 2715 1263 2770 calamitatis?
1301 2715 1396 2770 sed
1452 2715 1636 2771 cordis
1677 2716 1783 2770 mei
1825 2716 1980 2773 dolo-

404 2820 540 2873 rem,
575 2812 835 2875 quantum
865 2823 1155 2877 possumus
1177 2850 1191 2873 ,
1237 2808 1391 2863 vobis
1420 2808 1521 2862 hac
1550 2823 1683 2865 voce
1708 2809 1976 2879 significo.

2085 1913 2167 1951 θαι
2222 1896 2364 1968 ὑπὲρ
2408 1896 2438 1949 ὃ
2496 1896 2768 1969 δυνάμεθα
2819 1900 3171 1970 ὑπενεγκεῖν·
3221 1900 3338 1954 ἀλλ’
3396 1901 3497 1953 ἐπὶ
3555 1903 3678 1964 τοῖς

2079 1988 2480 2058 πεπονημένοις
2510 1988 2800 2042 ἀποδοῦναι
2829 1990 2961 2061 ἡμῖν
2998 1990 3089 2056 τὸν
3113 1990 3215 2062 τῆς
3246 1991 3541 2062 ὑπομονῆς
3578 1992 3678 2044 xa“.

2078 2076 2179 2147 τῆς
2211 2079 2289 2142 εἰς
2318 2063 2479 2132 αὑτὸν
2505 2079 2717 2142 ἐλπίδος
2743 2080 3024 2149 στέφανον.
3054 2081 3151 2145 Τίς
3187 2081 3297 2154 γάρ
3324 2081 3506 2146 οὕτως
3537 2082 3677 2135 ἀδα-

2083 2170 2338 2241 μάντινος
2364 2170 2461 2240 τὴν
2487 2170 2685 2241 ψυχὴν,
2714 2172 2798 2235 τίς
2826 2172 2999 2237 οὕτως
3024 2173 3302 2237 παντελῶς
3327 2175 3676 2247 ἀσυμπαθὴς

2080 2258 2176 2312 καὶ
2200 2260 2502 2331 ἀνήμερος,
2542 2259 2618 2324 ὡς
2652 2260 2865 2315 ἀκούων
2895 2261 2989 2315 τοῦ
3033 2264 3375 2334 πανταχόθεν
3412 2266 3573 2336 ἡμᾶς
3596 2266 3673 2337 (η

2079 2350 2511 2421 προσϐάλλοντος
2571 2353 2877 2424 στεναγμοῦ
2901 2393 2918 2419 ,
2971 2347 3084 2408 οἷον
3134 2355 3246 2408 ἀπό
3297 2372 3455 2420 τινος
3501 2356 3675 2428 χοροῦ

2087 2443 2360 2514 κατηφοῦς
2380 2483 2395 2508 ,
2427 2443 2605 2498 κοινόν
2632 2462 2753 2498 τινα
2787 2444 2984 2518 θρῆνον
3028 2446 3124 2501 καὶ
3146 2447 3448 2519 σύμφωνον
3494 2465 3677 2519 προσ-

2087 2534 2360 2605 ηχοῦντος,
2406 2535 2479 2608 μὴ
2510 2536 2631 2607 οὐχὶ
2656 2536 2846 2590 παθεῖν
2869 2537 2969 2609 τὴν
3006 2537 3204 2609 ψυχὴν,
3240 2539 3340 2593 καὶ
3372 2556 3679 2610 κατακαμ-

2098 2626 2285 2696 ρθῆναι
2316 2630 2395 2691 εἰς
2421 2628 2525 2698 γῆν
2547 2667 2562 2693 ,
2592 2629 2688 2682 καὶ
2726 2632 2844 2692 ταῖς
2871 2630 3174 2701 ἀμηχάνοις
3210 2629 3445 2695 ταύταις
3492 2632 3676 2694 ἀνίαις

2085 2720 2365 2783 παντελῶς
2401 2721 2735 2791 ἐκτακῆναι;
2773 2722 2955 2776 Ταῦτα
2982 2723 3040 2776 δὲ
3067 2722 3243 2791 λέγω,
3288 2724 3350 2778 οὑ
3379 2724 3677 2794 παρακλή-

2087 2827 2225 2872 σεως
2256 2810 2461 2873 ἕνεκεν,
2497 2809 2610 2881 (τίς
2646 2809 2754 2882 γάρ
2779 2811 2872 2864 καὶ
2914 2810 3068 2879 λόγος
3106 2810 3362 2882 εὑρεθείη
3398 2810 3679 2880 τοσαύτης

405 2902 692 2973 συμφορᾶς
750 2903 1005 2974 ἱατρός;)
1052 2902 1191 2957 ἀλλά
1245 2903 1345 2974 τὴν
1376 2902 1569 2975 ὀδύνην
1612 2906 1712 2974 τῆς
1754 2904 1982 2976 καρδίας
2022 2923 2159 2977 μου,
2191 2905 2314 2960 καθ’
2341 2906 2466 2959 ὅσον
2488 2904 2740 2969 δυνατὸν,
2791 2907 2857 2959 ἐκ
2893 2905 2992 2977 τῆς
3021 2908 3205 2978 φωνῆς
3264 2907 3481 2979 ταύτης
3544 2908 3677 2978 ὑμῖν

403 2992 797 3063 διασημαίνων.

475 3081 533 3137 2.
564 3084 640 3154 (5)
670 3084 1054 3154 Perspeximus
1096 3086 1242 3141 enim
1271 3086 1527 3143 astutiam
1578 3086 1705 3141 belli
1749 3086 1981 3141 diaboli-

2150 3083 2205 3137 2.
2250 3082 2611 3153 Ἐλογισάμην
2659 3082 2770 3153 γὰρ
2818 3081 2878 3136 τὸ
2929 3081 3175 3154 ἔντεχνον
3221 3083 3318 3137 τοῦ
3355 3083 3676 3139 διαϐολικου

406 3175 480 3240 ci,
529 3176 644 3246 qui,
670 3176 761 3230 ubi
794 3178 926 3232 vidit
979 3177 1036 3231 in
1069 3178 1306 3232 hostium
1336 3177 1809 3247 persceutionibus
1849 3178 1988 3231 mul-

408 3267 642 3336 tiplicari
672 3268 727 3321 in
758 3268 913 3323 vobis
941 3269 1221 3333 virtutem,
1252 3284 1316 3322 ac
1347 3269 1525 3340 magis
1554 3269 1785 3333 ﬂorere,
1812 3278 1988 3323 muta-

406 3358 488 3412 vit
519 3373 680 3413 suum
714 3359 886 3428 ipsius
924 3360 1214 3413 consilium
1234 3399 1248 3422 ,
1277 3375 1378 3413 nec
1407 3360 1519 3429 jam
1572 3368 1757 3430 aperte
1787 3360 1987 3415 bellum

410 3450 580 3520 gerit,
616 3450 707 3504 sed
740 3452 984 3507 occultas
1033 3452 1195 3506 nobis
1239 3452 1465 3506 insidias
1507 3451 1699 3518 struit,
1726 3452 1987 3520 obtegens

411 3541 663 3596 callidam
698 3543 928 3597 nocendi
958 3544 1291 3598 voluntatem
1320 3543 1543 3598 nomine
1574 3543 1717 3612 quod
1754 3544 1989 3597 circurn-

410 3632 593 3688 l‘erunt
624 3635 808 3692 hostes
833 3675 849 3698 ,
898 3647 957 3691 ut
996 3645 1050 3691 et
1105 3637 1374 3706 patiamur
1419 3638 1606 3693 eadem
1637 3652 1758 3707 qua:
1807 3644 1990 3707 patres

409 3726 615 3790 nostri,
649 3743 752 3782 nec
805 3728 1087 3782 videamur
1137 3730 1245 3798 pati
1295 3744 1394 3798 pro
1441 3730 1699 3793 Christo,
1745 3745 1812 3784 eo
1843 3731 1989 3799 quod

411 3819 844 3876 Christianorum
903 3838 1097 3876 nomen
1138 3822 1373 3877 habeant
1420 3830 1475 3877 et
1521 3823 1626 3892 ipsi
1673 3829 1990 3893 persecuto-

411 3927 522 3966 res.
556 3911 630 3981 (ti)
684 3911 809 3966 Haec
861 3929 960 3967 nos
1007 3914 1427 3983 perculserunt,
1485 3922 1540 3968 et
1598 3913 1988 3984 propemodum

412 4009 595 4057 mente
636 4012 974 4057 emoverunt.
1021 4003 1102 4057 Ad
1151 4005 1249 4063 has
1282 4016 1461 4059 autem
1503 4004 1861 4075 cogitationes
1900 4005 1991 4058 illa

413 4092 577 4146 etiam
605 4095 837 4149 accessit
857 4113 869 4147 :
893 4095 1029 4148 Num
1061 4094 1325 4151 Dominus
1353 4109 1540 4149 servos
1573 4109 1704 4149 suos
1737 4094 1993 4163 reliquit?

411 4197 544 4236 num
581 4184 877 4238 novissima
921 4186 1051 4238 hora
1089 4193 1207 4249 est,
1247 4193 1302 4239 et
1342 4183 1575 4239 defectio
1606 4199 1703 4253 per
1749 4183 1863 4238 haec
1909 4184 1992 4237 in-

414 4273 703 4345 greditur,
751 4285 810 4328 ut
857 4278 1126 4330 reveletur
1168 4276 1385 4330 tandem
1430 4276 1653 4345 iniquus
1687 4275 1806 4339 ille,
1850 4273 1994 4328 ﬁlius

2087 3175 2326 3245 πολέμου
2350 3193 2363 3206 ·
2389 3174 2450 3238 ὃς
2479 3174 2664 3245 ἐπειδὴ
2695 3171 2832 3227 εἶδεν
2869 3175 2928 3227 ἐν
2966 3177 3087 3236 ταῖς
3124 3175 3279 3246 παρὰ
3312 3174 3425 3229 τῶν
3458 3177 3677 3247 ἐχθρῶν

2086 3266 2371 3338 ἐπηρείαις
2416 3265 2829 3337 πληθυνομένην
2883 3265 2984 3336 τὴν
3021 3266 3221 3338 ἀρετὴν
3271 3268 3331 3319 ὲν
3370 3267 3506 3338 ὑμῖν
3530 3311 3547 3336 ,
3584 3269 3678 3322 καὶ

2091 3359 2289 3431 μᾶλλον
2325 3357 2623 3411 θάλλουσαν
2645 3396 2660 3420 ,
2695 3356 3053 3428 μετέστρεψεν
3084 3358 3278 3410 ἑαυτοῦ
3306 3358 3409 3430 τὴν
3450 3358 3673 3429 βουλὴν,

2089 3451 2182 3503 καὶ
2203 3451 2303 3501 οὑκ
2333 3449 2412 3501 ἔτι
2434 3451 2498 3501 ἐκ
2525 3446 2618 3501 τοῦ
2649 3447 2954 3521 προφανοῦς
2982 3447 3239 3519 πολεμεῖ,
3265 3446 3404 3501 ἀλλά
3432 3465 3678 3519 κεκρυμ-

2091 3539 2258 3610 μένας
2294 3539 2368 3611 (8)
2403 3542 2535 3611 ἡμῖν
2562 3539 2660 3603 τὰς
2703 3538 2923 3609 ἐνέδρας
2963 3537 3187 3609 τίθησι,
3226 3538 3527 3592 καλύπτων
3580 3541 3678 3593 αὖ.

2087 3632 2181 3684 τοῦ
2214 3632 2311 3702 τὴν
2344 3630 2634 3702 ἐπιϐουλὴν
2676 3631 2765 3684 διὰ
2798 3629 2893 3683 τοῦ
2930 3630 3190 3701 ὀνόματος
3234 3625 3297 3685 οὗ
3335 3633 3678 3704 περιφέρουο

2093 3740 2174 3775 σιν
2219 3725 2268 3776 οἱ
2322 3722 2613 3793 πολέμιοι·
2651 3722 2738 3775 ἵνα
2790 3723 2886 3775 καὶ
2935 3722 3197 3794 πάθωμεν
3250 3722 3322 3775 τὰ
3368 3723 3515 3775 αὑτά
3560 3727 3677 3788 τοῖς

2091 3816 2361 3887 πατράσιν
2396 3815 2595 3886 ἡμῶν,
2643 3815 2736 3867 καὶ
2810 3814 2885 3886 μὴ
2935 3814 3175 3885 δόξωμεν
3232 3816 3472 3886 πάσχειν
3530 3816 3676 3887 ὑπὲρ

2089 3906 2366 3977 Χριστοῦ,
2392 3907 2480 3960 διά
2528 3908 2588 3960 τὸ
2625 3907 2962 3978 Χριστιανῶν
3012 3906 3183 3978 ὄνομα
3227 3907 3371 3978 ἔχειν
3404 3909 3505 3962 καὶ
3548 3911 3676 3973 τοὺς

2090 3998 2402 4061 διώκοντας.
2421 3997 2606 4052 Ταῦτα
2625 3999 2771 4068 ἡμᾶς
2791 3998 3074 4069 ἐξέπληξε,
3101 3998 3196 4051 καὶ
3224 3998 3424 4070 μικροῦ
3441 3999 3557 4052 δεῖν
3575 4003 3674 4071 (9),

2093 4089 2197 4153 ἔξω
2229 4090 2453 4160 ἐποίησε
2506 4089 2614 4142 τῶν
2667 4089 2962 4161 λογισμῶν.
2995 4089 3317 4161 Συνεισῆλθε
3360 4090 3420 4143 δὲ
3459 4090 3674 4156 τούτοις

2091 4187 2205 4245 τοῖς
2233 4183 2600 4253 διαλογισμοῖς
2622 4182 2848 4252 κάκείνη
2868 4185 2901 4253 ή
2924 4179 3295 4257 ἕννοια⁴⁷Δρα
3329 4182 3404 4254 μὴ
3440 4183 3676 4251 ἐγκατέ-

2092 4273 2247 4328 λιπεν
2302 4274 2496 4328 ἑαυτοῦ
2550 4275 2678 4338 τοὺς
2741 4274 2960 4338 δούλους
3008 4275 3037 4327 6
3085 4274 3337 4347 Κύριος;
3397 4270 3512 4344 ἆρα
3599 4276 3673 4345 μὴ

415 4367 767 4435 perditionis,
802 4369 893 4429 qui
941 4368 1300 4432 adversatur,
1352 4374 1407 4421 et
1454 4367 1680 4421 effertur
1728 4367 1981 4421 adversus

2094 4364 2293 4436 ἐσχάτη
2327 4363 2446 4436 ὥρα
2469 4363 2586 4418 ἐστὶ
2606 4407 2620 4432 ,
2655 4364 2748 4419 καὶ
2782 4366 2815 4436 ἡ
2857 4365 3163 4419 ἀποστασία
3189 4363 3278 4417 διὰ
3305 4364 3514 4417 τούτων
3540 4365 3674 4436 11:4.-

415 4473 631 4514 omnem
666 4460 759 4529 qui
788 4461 987 4514 dicitur
1027 4460 1166 4515 Deus
1190 4467 1282 4513 aut
1305 4476 1506 4515 numen
1533 4459 1623 4513 ὀἳ
1652 4458 1760 4513 Sed
1806 4465 1981 4512 tamen

2092 4456 2247 4510 ϐάνει
2270 4456 2369 4528 τὴν
2396 4457 2599 4510 εἴσοδον
2621 4497 2636 4521 ,
2680 4457 2767 4509 ἵνα
2799 4456 2984 4509 λοιπὸν
3008 4455 3363 4525 ἀποκαλυφθῇ
3386 4457 3417 4507 6
3445 4456 3669 4528 ἄνομος,

417 4550 534 4606 sive
582 4553 914 4620 temporaria
955 4561 1040 4607 est
1082 4551 1186 4606 ista
1228 4552 1456 4606 tentatio
1482 4594 1496 4615 ,
1533 4552 1666 4605 ferte
1704 4550 1886 4612 illam,
1934 4555 1995 4602 ut

417 4644 548 4698 boni
594 4644 790 4698 Christi
832 4644 1220 4699 athlette:sive
1250 4643 1414 4698 etiam
1446 4658 1534 4699 res
1574 4656 1788 4696 summo
1825 4641 1993 4696 inter-

419 4734 517 4789 itui
566 4735 777 4789 traditae
824 4743 984 4800 sunt,
1042 4737 1224 4790 animo
1255 4751 1327 4791 ne
1363 4735 1717 4790 concidamus
1747 4732 1818 4788 ob
1855 4748 1994 4802 prte-

421 4826 597 4880 sentia
617 4865 632 4891 ,
674 4826 769 4883 sed
796 4836 1179 4897 exspectemus
1210 4844 1241 4882 e
1291 4827 1448 4883 caelis
1487 4827 1870 4882 revelationem
1895 4863 1909 4889 ,
1938 4833 1993 4879 et

422 4917 715 4973 adventum
773 4921 955 4989 magni
1014 4919 1111 4975 Dei
1170 4930 1224 4975 et
1280 4919 1579 4973 Salvatoris
1628 4919 1804 4974 nostri
1860 4916 1992 4973 Jesu

419 5007 646 5065 Christi.
683 5007 898 5064 Etenim
947 5010 995 5065 si
1028 5018 1278 5064 creatura
1324 5009 1504 5063 omnis
1537 5008 1895 5070 dissolvetur,
1938 5014 1992 5062 et

421 5099 882 5156 transmutabitur
937 5101 1126 5154 mundi
1161 5099 1326 5166 hujus
1356 5097 1525 5171 ﬁgura
1557 5140 1573 5164 ,
1597 5099 1746 5169 'quid
1792 5098 1989 5152 mirum

493 5213 539 5246 "
571 5213 589 5267 l
628 5213 756 5268 Cor.
796 5228 852 5279 xi,
885 5212 973 5266 l5.
1048 5211 1094 5244 ὀ
1129 5210 1169 5264 11
1201 5209 1397 5265 Thess.
1436 5226 1497 5266 ιι.
1523 5210 1574 5263 5.

497 5323 576 5391 (l)
606 5324 679 5376 Ex
713 5323 872 5388 epist.
899 5338 1130 5377 (τοτυμ.
1159 5324 1282 5376 5ξ5.

494 5394 573 5477 (22.)
712 5395 872 5477 epist.
912 5407 1035 5458 cat,
1067 5394 1190 5448 252.
1236 5449 1240 5453 ,

519 5466 571 5527 5)
612 5462 746 5517 Ibid.

495 5468 576 5603 is)
615 5531 689 5603 [ἐκ
718 5532 877 5603 epist.
910 5548 1060 5592 XXIX.
1088 5531 1206 5585 109.

615 5600 883 5685 epis}:
915 5617 1134 5665 cxxxtx,
1167 5602 1293 5656 250.

498 5670 577 5739 (6)
615 5670 913 5733 ιιῄιιηεδι.

511 5741 588 5810 (7)
630 5739 823 5808 Ἡμεῖς.
866 5740 956 5795 Sic
990 5739 1190 5810 Regius
1212 5741 1377 5795 codex
1409 5756 1530 5795 cum
1553 5748 1829 5798 contextu.
1854 5738 1998 5794 Editi

2094 4551 2122 4603 6
2156 4548 2269 4612 υἱὸς
2297 4548 2399 4619 τῆς
2438 4548 2748 4613 ἀπωλείας,
2779 4548 2810 4600 ὁ
2844 4548 3250 4618 ἀντικείμενος,
3295 4547 3390 4599 καὶ
3440 4548 3673 4618 ὑπεραι-

2096 4639 2320 4711 ρόμενος
2385 4640 2479 4692 ἐπὶ
2532 4638 2710 4693 πάντα
2768 4639 3059 4710 λεγόμενον
3095 4636 3229 4691 Θεὸν
3296 4637 3330 4708 ἢ
3382 4637 3669 4709 σέϐασμε;

2094 4729 2273 4801 Πλὴν,
2309 4729 2419 4783 εἴτε
2456 4730 2789 4801 πρόσκαιρός
2833 4731 2981 4783 ἐστιν
3007 4731 3037 4782 6
3086 4727 3425 4798 πειρασμὸς,
3477 4726 3671 4797 βαστά-

2097 4838 2227 4874 σατε
2264 4821 2426 4876 αὑτὸν
2477 4822 2553 4885 ὡς
2600 4822 2752 4875 καλοὶ
2776 4820 2888 4893 (10)
2919 4818 3015 4874 τοῦ
3051 4819 3288 4892 Χριστοῦ
3327 4820 3670 4888 ἀγωνισταί·

2095 4910 2207 4964 εἴτε
2249 4911 2345 4965 καὶ
2386 4914 2452 4983 τῇ
2505 4912 2758 4965 παντελεῖ
2785 4911 2960 4983 φθορᾷ
3002 4909 3074 4963 τὰ
3100 4910 3405 4981 πράγματα
3431 4912 3670 4983 παραδέ-

2094 5001 2285 5068 δοται,
2341 5002 2417 5074 μὴ
2472 5003 2856 5076 άκηδιάσωμεν
2912 5002 3052 5076 πρὸς
3101 5002 3172 5055 τὰ
3222 5002 3469 5075 παρόντα
3503 5018 3519 5032 ·
3558 5003 3668 5056 ἀλλ’

2095 5095 2473 5167 ἀναμείνωμεν
2504 5095 2602 5167 τὴν
2634 5096 2693 5162 eg
2732 5094 2978 5168 οὐρανῶν
3019 5094 3361 5167 ἀποκάλυψιν
3406 5095 3508 5149 καὶ
3551 5098 3667 5151 ἐπι.

2097 5389 2261 5442 ὑμᾶς.

2135 5405 2261 5461 μας-
2806 5453 2816 5463 .
2882 5454 2894 5465 .

2168 5460 2243 5529 (8)
2283 5454 2723 5529 Κεκρυμμένας.
2762 5453 2853 5508 Stc
2881 5453 3021 5509 tdem
3060 5455 3228 5509 codex
3274 5463 3328 5508 et
3363 5464 3662 5506 contextus.

2095 5527 2237 5582 Editi
2270 5527 2684 5597 κεκρυμμένως.

2169 5601 2245 5669 (υ)
2279 5593 2504 5669 Muigo?)
2534 5595 2679 5649 δεῖν.
2709 5593 2870 5647 Deest
2905 5603 3172 5663 postrema
3208 5611 3309 5649 vox
3343 5595 3396 5649 in
3441 5601 3661 5661 utroque

2098 5666 2285 5723 codice
2324 5666 2505 5737 Hegio.

2172 5737 2283 5809 (10)
2321 5734 2426 5801 De,"
2452 5736 2642 5790 καλοί,
2671 5734 2968 5789 Contextus
2995 5734 3044 5786 οξ
3083 5734 3255 5790 καλοί.
