3874 6224
170 354 301 409 5‘23!

1157 352 1389 407 SERMO
1429 351 1729 407 Xll.——DE
1768 350 1960 404 ANIMI
1999 349 2433 407 DEJECTIONE.

3283 351 3419 408 ηδ’

166 477 396 543 φάνειαν
420 471 513 526 τοῦ
547 469 781 542 μεγάλου
812 470 945 525 Θεοῦ
979 472 1071 524 καὶ
1101 472 1354 542 Σωτῆρος
1381 470 1538 542 ἡμῶν
1572 469 1731 541 Ἰησονῖ

1848 478 1933 523 est
2001 483 2103 523 nos
2151 483 2409 538 quoque,
2459 466 2551 538 qui
2601 483 2786 522 rerum
2819 476 3124 524 creatarum
3173 485 3298 540 pars
3326 488 3421 528 su-

164 564 432 639 Χριστοῦ.
470 564 534 617 Et
573 564 682 635 γὰρ
711 564 860 615 πᾶσα
883 564 917 634 ἡ
956 563 1132 627 κτίσις
1172 563 1486 633 λυθήσεται,
1529 564 1623 616 καὶ
1652 579 1747 632 με·

163 658 598 727 ταποιηθήσεται
649 655 709 708 τὸ
762 655 948 726 σχῆμα
998 654 1091 708 τοῦ
1148 656 1352 725 κόσμου
1402 654 1632 719 τούτου,
1690 654 1744 707 τί

164 747 480 817 θαυμαστὸν
540 746 635 801 καὶ
683 748 864 818 ἡμᾶς,
911 745 1074 817 μέρος
1130 747 1290 811 ὄντας
1339 749 1441 819 τῆς
1490 748 1741 810 κτίσεως,

163 840 363 893 παθεῖν
405 839 475 893 τὰ
516 837 670 891 κοινά
703 837 847 907 πάθη
871 879 887 902 ,
936 838 1032 890 καὶ
1068 837 1435 909 παραδοθῆναι
1477 836 1739 905 θλίψεσιν,

161 931 235 991 ἂς
276 931 416 985 κατὰ
460 930 521 985 τὸ
563 931 759 1002 μέτρον
805 930 904 999 τῆς
955 930 1237 999 δυνάμεως
1281 931 1438 1000 ἡμῶν
1493 929 1743 1002 ὥρισενό

161 1021 375 1084 δίκαιος
404 1020 627 1091 κριτὴς,
669 1021 769 1073 οὑκ
817 1019 922 1073 ἑῶν
957 1021 1105 1089 ἡμᾶς
1136 1020 1491 1089 πειρασθῆναι
1534 1020 1674 1089 ὑπὲρ
1713 1018 1742 1071 ὃ

163 1111 474 1182 δυνάμεθα,
510 1110 648 1165 ἀλλά
695 1111 869 1174 διδοὺς
904 1113 1001 1164 σὺν
1035 1112 1113 1183 τῷ
1169 1111 1458 1182 πειρασμῷ
1506 1112 1599 1164 καὶ
1642 1111 1740 1182 τὴν

162 1203 423 1267 ἑκϐασιν,
452 1200 545 1256 τοῦ
578 1202 834 1256 δύνασθαι
860 1204 1008 1273 ἡμᾶς
1045 1203 1365 1271 ὑπενεγκεῖν
1393 1218 1407 1266 ;
1441 1203 1530 1272 Μὴ
1560 1201 1740 1254 τοίνυν

160 1295 544 1365 ἀποκάμωμεν
562 1335 577 1360 ,
614 1293 831 1362 ἀδελφοί
856 1311 869 1323 ·
902 1293 1225 1363 ἀναμένουσι
1253 1292 1360 1364 γὰρ
1385 1295 1530 1364 ἡμᾶς
1558 1294 1605 1345 οἱ
1630 1292 1739 1344 τῶν

167 1382 464 1453 μαρτύρων
493 1383 787 1452 στέφανοι·
821 1382 1027 1452 ἕτοιμοί
1078 1384 1214 1435 εἰσιν
1265 1383 1316 1435 οἱ
1365 1382 1514 1453 χοροὶ
1550 1382 1739 1453 ὁμολο⁶

161 1468 352 1539 γητῶν
381 1472 660 1541 προτεῖναι
695 1472 824 1542 ὑμῖν
853 1470 929 1541 (1)
965 1471 1067 1536 τὰς
1102 1475 1318 1543 χεῖρας.
1359 1473 1454 1525 καὶ
1482 1472 1738 1537 δέξασθαι

162 1562 311 1631 ὑμᾶς
342 1562 423 1626 είς
474 1561 564 1615 τὸν
619 1561 747 1615 ἴδιον
799 1562 1051 1634 ἀριθμόν.
1104 1563 1397 1635 Μνήσθητε
1434 1564 1541 1618 τῶν
1571 1565 1736 1619 πάλαι

162 1650 363 1719 ἁγίων,
400 1650 481 1703 ὄτι
519 1650 692 1713 οὐδεὶς
719 1650 942 1720 τρυφῶν
966 1690 981 1716 ,
1008 1651 1130 1705 οὑδὲ
1159 1652 1604 1722 κολακευόμενος,
1626 1654 1736 1709 τῶν

1848 575 1999 624 mus,
2034 560 2417 616 communibus
2463 558 2620 615 malis
2660 558 2836 625 affici,
2878 575 2942 615 ac
2984 559 3126 615 tradi
3167 560 3421 619 afflictioo

1843 653 2031 716 nibus,
2059 666 2196 721 quas
2228 667 2328 722 pro
2354 652 2555 707 virium
2587 661 2903 707 nostrarum
2952 652 3175 707 modulo
3221 653 3418 724 inﬂigit

1846 742 2002 797 nobis
2029 742 2212 811 justus
2247 742 2449 812 index,
2481 758 2591 796 nou
2625 743 2823 797 tentari
2866 757 2971 799 nos
3024 743 3213 798 sinens
3252 760 3420 815 supra

1845 834 1897 888 id
1926 834 2073 904 quod
2112 849 2403 904 possumus
2432 875 2446 899 ,
2498 834 2593 889 sed
2628 834 2766 890 dans
2816 850 2925 888 una
2961 850 3087 889 eum
3116 836 3421 890 tentatione

1841 927 2047 981 exitum
2073 967 2087 992 ,
2124 937 2182 980 ut
2213 926 2457 996 perferre
2488 926 2765 995 possimus
2793 926 2839 960 σί
2869 927 2893 981 ?
2945 926 3043 982 Ne'
3080 927 3247 998 igitur
3278 924 3416 981 defi-

1843 1018 2082 1082 ciamus,
2130 1017 2328 1072 fratres
2364 1038 2376 1072 :
2416 1024 2738 1086 exspectant
2773 1016 2919 1071 enim
2967 1030 3081 1071 nos.
3111 1025 3413 1085 martyrum

1844 1124 2093 1164 coronae.-
2150 1108 2324 1178 parati
2382 1115 2511 1163 sunt
2568 1107 2945 1164 confcssorum
3006 1108 3161 1162 chori
3215 1119 3412 1163 manus

1839 1204 1994 1258 vobis
2039 1202 2318 1271 porrigere
2344 1240 2360 1263 ,
2416 1199 2580 1271 inque
2616 1215 2778 1255 suum
2826 1214 3112 1254 numerum
3143 1201 3406 1270 recipere.

1843 1293 2195 1349 Memineritis
2250 1300 2497 1346 veterum
2552 1300 2911 1355 sanctorum,
2964 1306 3199 1361 quorum
3247 1308 3409 1348 nemo

1839 1384 2049 1438 deliciis
2074 1384 2404 1447 inserviens,
2451 1391 2547 1438 aut
2569 1383 2974 1438 adulationibus
3003 1384 3284 1448 delinitus,
3315 1400 3410 1439 co-

1836 1488 1999 1525 ronas
2043 1472 2321 1540 patientia:
2372 1476 2700 1526 consecutus
2732 1478 2854 1536 est;
2914 1473 3007 1527 sed
3063 1488 3256 1529 omnes
3309 1489 3409 1545 per

1835 1574 2061 1631 magnas
2097 1560 2415 1617 amictioncs
2444 1562 2602 1630 quasi
2641 1576 2736 1630 per
2769 1562 2945 1632 ignem
2982 1564 3212 1628 tentati,
3237 1581 3406 1636 expe-

1837 1652 2126 1705 rimentum
2157 1652 2243 1704 sui
2275 1653 2561 1706 dederunt.
2600 1652 2679 1721 (5)
2712 1650 2913 1707 Beatus
2942 1654 3033 1723 qui
3076 1654 3273 1726 dignus
3311 1656 3408 1709 ba-

163 1742 446 1810 στεφάνων
495 1743 593 1812 τῆς
643 1742 920 1813 ὑπομονῆς
958 1740 1198 1815 ἠξιώθη·
1228 1743 1364 1797 ἀλλά
1414 1744 1615 1809 πάντες
1649 1747 1731 1801 διὰ

1835 1742 2012 1807 betur,
2040 1744 2133 1813 qui
2165 1744 2400 1812 patiatur
2422 1760 2519 1813 pro
2550 1744 2790 1799 Christo.
2823 1745 3040 1799 Beatior
3069 1751 3159 1815 qui
3197 1763 3406 1817 majora

165 1830 419 1900 μεγάλων
452 1830 682 1900 θλίψεων
711 1832 1091 1902 πυρωθέντες,
1143 1834 1205 1886 τὸ
1250 1833 1493 1905 δοκίμιον
1528 1837 1731 1891 ἐπεδεί-

1837 1836 2039 1905 patitur
2065 1874 2081 1899 ,
2114 1835 2557 1904 quandoquidem
2612 1838 2938 1893 afﬂictiones
2968 1841 3232 1909 temporis
3270 1827 3409 1911 prae.-

160 1923 345 1987 ξαντο.
378 1922 662 1992 Μακάριος
713 1922 743 1974 ὀ
788 1920 1146 1988 καταξιωθεὶς
1186 1923 1296 1978 τῶν
1333 1924 1473 1997 ὑπὲρ
1500 1928 1734 1997 Χριστοῦ

158 2009 523 2082 παθημάτων.
547 2011 977 2084 Μακαριώτερος
1001 2014 1058 2066 δὲ
1095 2017 1123 2068 ὁ
1171 2014 1470 2079 πλεονάσας
1520 2016 1576 2069 ἐν
1623 2020 1735 2082 τοῖς

157 2100 450 2172 παθήμασι
468 2118 482 2133 ο
512 2103 648 2156 διότι
674 2103 772 2156 οὑκ
795 2102 919 2170 ἄξια
949 2103 1020 2156 τὰ
1048 2103 1345 2176 παθήματα
1374 2105 1469 2159 τοῦ
1493 2105 1587 2162 νῦν
1615 2125 1736 2162 και-

159 2193 263 2264 ροῦ
307 2195 444 2266 πρὸς
496 2194 593 2266 τὴν
631 2195 930 2266 μέλλουσαν
977 2196 1134 2261 δόξαν
1171 2198 1621 2269 ἀποκαλυφθῆναι
1654 2202 1734 2263 είς

154 2286 330 2356 ἡμᾶς.
370 2286 428 2341 Ὀ
475 2285 585 2359 γὰρ
637 2288 711 2359 μὴ
768 2285 1059 2342 ὑποπεσὼν
1118 2290 1237 2352 ταῖς
1286 2289 1565 2361 θλίψεσιν,
1594 2291 1730 2345 ἀλλὰ

1833 1927 2004 1981 sentis
2067 1928 2246 1996 dignae
2297 1945 2405 1982 non
2463 1939 2631 1995 sunt,
2683 1946 2805 2000 quae
2849 1939 3237 2001 comparentur
3281 1946 3406 1986 cum

1831 2020 2038 2090 gloria,
2075 2034 2196 2090 quae
2238 2019 2500 2089 deinceps
2529 2021 2864 2075 revelabitur
2890 2021 2947 2075 in
2985 2022 3164 2077 nobis.
3198 2021 3274 2092 (6)
3302 2022 3406 2088 Qui

1830 2110 1974 2164 enim
2032 2124 2142 2164 non
2179 2111 2488 2165 succumbit
2517 2109 2938 2176 afﬂictionibus,
2969 2114 3063 2168 sed
3119 2128 3216 2183 per
3252 2128 3404 2183 spem

1831 2200 1887 2254 in
1932 2200 2100 2255 Deum
2143 2201 2351 2256 doloris
2374 2202 2586 2270 pondus
2619 2202 2857 2271 tolerat,
2893 2206 2938 2259 is
2964 2218 3214 2275 magnam
3245 2204 3408 2259 habet

1833 2293 1978 2363 apud
2016 2293 2185 2350 Deum
2218 2295 2498 2364 patientiae
2527 2295 2855 2351 mercedem.

151 2366 247 2431 δξά
269 2378 367 2449 τῆς
392 2378 528 2453 πρὸς
550 2379 683 2435 Θεὸν
738 2380 985 2448 ἐλπίδος,
1046 2381 1151 2452 τῆς
1208 2381 1387 2453 λύπης
1443 2382 1506 2436 τὺ
1537 2384 1702 2455 βάρος
1730 2384 2043 2455 ὑπενεγκὼν
2061 2426 2077 2451 ,
2112 2386 2354 2457 μεγάλην
2384 2385 2497 2458 ἔχει
2525 2386 2679 2459 παρά
2709 2386 2828 2458 Θεῷ
2863 2387 2964 2459 τῆς
2992 2387 3270 2460 ὑπομονῆς
3308 2384 3405 2457 τὴν

152 2471 445 2527 ἀντίδοσιν.

227 2561 285 2615 5.
318 2558 528 2633 Ὠσπερ
554 2555 648 2616 οὖν
676 2563 726 2615 οἱ
761 2560 1039 2633 σκώληκες
1079 2565 1193 2627 τοῖς
1223 2563 1595 2637 ἀπαλωτέροις
1616 2565 1727 2620 τῶν

154 2651 332 2717 ξύλων
377 2653 709 2707 ἐντίκτονται
762 2653 1033 2725 μάλιστα,
1071 2654 1245 2721 οὑτως
1284 2658 1342 2710 αί
1393 2656 1562 2712 λῦπαι
1616 2660 1729 2722 τοῖς

154 2744 566 2818 μαλακωτέροις
630 2745 785 2816 ἤθεσι
859 2746 969 2801 τῶν
1036 2747 1338 2820 ἀνθρώπων
1402 2749 1724 2821 ἐμφύονται.

151 2835 299 2891 Οὔτε
350 2837 407 2890 δὲ
456 2835 736 2906 γυναιξὶν,
787 2836 909 2890 οὗτε
948 2838 1203 2910 ἀνδράσιν
1244 2840 1637 2912 ἐπιτέτραπται
1666 2840 1728 2893 τὸ

151 2927 489 2993 πολυπενθὲς
519 2929 616 2982 καὶ
653 2928 989 3001 πολύδακρψ
1023 2930 1138 2984 ἀλλ’
1177 2931 1300 2987 ὅσον
1333 2932 1726 3003 ὲπιστυγνόισαι

148 3023 271 3084 τοῖς
297 3020 591 3091 λυπηροῖς,
626 3020 722 3073 καὶ
777 3021 972 3093 μικρόν
1022 3038 1077 3075 τι
1128 3022 1362 3094 δάκρυον
1413 3023 1724 3089 ὲπιστάξαι,

151 3111 256 3166 καὶ
278 3086 653 3183 τοῦτο’ήσυχῆ
672 3153 687 3178 ,
736 3086 811 3183 μῆ
848 3086 1291 3185 ἀναὸρυχόμενον
1315 3152 1331 3178 ,
1378 3114 1516 3186 μηδὲ
1547 3086 1731 3168 ὀλολύί-
1757 3086 1801 3148 C

152 3201 319 3265 ζοντα
341 3241 357 3267 ,
391 3202 523 3273 μηδὲ
554 3200 1009 3275 καταρρηγνύντα
1042 3203 1266 3273 χιτῶνα,
1291 3203 1325 3276 ἢ
1354 3204 1501 3259 κόνιν
1533 3205 1730 3277 χεόμε-

151 3308 250 3345 νον
269 3331 283 3356 ,
315 3292 435 3363 μηδ’
471 3291 601 3346 ἄλλο
622 3310 674 3346 τι
701 3292 940 3349 τοιοῦτον
970 3295 1384 3365 ἀσχημονοῦντα
1409 3295 1516 3350 τῶν
1547 3298 1733 3368 ἐπιτη-

150 3385 457 3455 δευομένων
491 3386 642 3458 παρὰ
693 3387 800 3441 τῶν
839 3387 1178 3452 ἀπαιδεύτως
1203 3389 1435 3460 ἐχόντων
1479 3388 1616 3460 πρὸς
1660 3389 1730 3443 τὰ

152 3475 473 3548 ἀνθρώπινα
514 3477 611 3549 (2).
658 3478 945 3551 Ἀνάνδρου
987 3479 1097 3552 γὰρ
1135 3480 1348 3552 ψυχῆς,
1395 3480 1492 3533 καὶ
1538 3480 1730 3534 οὐδένα

151 3568 307 3622 τόνον
335 3570 410 3642 (5)
443 3571 507 3623 ὲκ
539 3572 637 3642 τῆς
666 3572 759 3625 ἐπὶ
794 3572 927 3627 Θεὸν
959 3573 1171 3637 ἐλπίδος
1207 3572 1466 3645 ἐχούσης,
1505 3573 1567 3627 τὸ
1598 3590 1729 3642 σφο-

150 3661 298 3733 δρῶς
326 3664 806 3735 καταρρήγνυσθαι
834 3667 928 3720 καὶ
956 3667 1287 3722 ὑποπίπτειν
1309 3669 1421 3731 τοῖς
1441 3665 1727 3737 λυπηροῖς.

151 3752 232 3805 Τὸ
280 3753 377 3824 μὲν
417 3752 522 3823 γὰρ
548 3753 779 3825 δάκρυον
804 3795 821 3821 ,
859 3755 1049 3830 ὥσπερ
1087 3759 1154 3811 ὲκ
1199 3755 1414 3828 πληγῆς
1451 3756 1528 3827 (4)
1561 3774 1726 3822 τινος,

146 3843 256 3914 τῆς
289 3843 597 3917 προσϐολῆς
625 3845 720 3899 τοῦ
764 3847 1065 3919 ἀϐουλήτου
1096 3845 1196 3920 τὴν
1222 3847 1400 3919 ψυχὴν
1436 3846 1728 3913 τύπτοντος

150 3935 253 3989 καὶ
279 3936 654 4002 συστέλλοντος
679 3978 695 4004 ,
734 3939 1199 4011 καταθλιὸομὲνου
1237 3938 1334 3992 τοῦ
1373 3938 1726 4010 περικαρδίου

149 4027 493 4099 πνεύματος,
522 4029 911 4085 ἀποτίκτεσθαι
949 4033 1224 4101 πέφυκεν
1258 4031 1293 4102 η
1339 4030 1396 4083 δὲ
1434 4029 1579 4101 χαρά
1618 4025 1727 4084 οἷον

152 4118 435 4190 σκίρτημά
468 4122 523 4174 τί
575 4123 692 4175 ἐστι
738 4121 841 4193 τῆς
895 4122 1075 4195 ψυχῆς
1129 4120 1575 4192 ὲπαγαλλομένης
1617 4123 1728 4185 τοῖς

149 4206 299 4260 κατά
321 4208 564 4281 γνώμην.
602 4210 764 4264 Ὅθεν
794 4211 885 4266 καὶ
913 4210 985 4265 τὰ
1021 4211 1151 4284 περὶ
1180 4212 1242 4265 τὸ
1288 4211 1447 4281 σῶμα
1471 4209 1729 4281 συμπτώ-

152 4315 306 4369 ματα
358 4300 648 4374 διενήνοχε.
693 4304 816 4367 Τοῖς
862 4304 961 4374 μὲν
1004 4305 1118 4375 γὰρ
1164 4302 1524 4374 λυπουμένοις
1549 4343 1566 4371 ,
1621 4302 1726 4356 ὑπ-

149 4411 334 4467 ωχρος
359 4393 456 4448 καὶ
494 4394 740 4459 πελιδνὸς
764 4395 859 4450 κα)¹
887 4396 1298 4468 κατεψυγμένος
1330 4397 1359 4449 ὁ
1381 4395 1545 4465 ὄγκος
1567 4409 1582 4424 ο
1616 4397 1726 4459 τοῖς
1758 4431 1801 4485 D

149 4485 214 4541 δὲ
266 4486 712 4558 φαιδρυνομένοις
746 4526 763 4553 ,
831 4488 1130 4554 ὲξανθοῦσα
1188 4488 1284 4542 καὶ
1336 4487 1640 4561 ὑπέρυθρος
1692 4489 1726 4559 ἢ

147 4574 250 4631 τοῦ
302 4576 553 4649 σώματος
590 4578 701 4646 agt;
725 4618 740 4644 ,
783 4580 1068 4651 μονονουχὶ
1099 4581 1355 4653 πηδώσης
1394 4581 1495 4650 τῆς
1531 4580 1726 4651 ψυχῆς,

149 4669 253 4723 καὶ
310 4670 732 4743 προωθουμένης
810 4671 899 4740 ὑφ’
934 4672 1125 4744 ἡδονῆς
1179 4674 1261 4736 είς
1314 4673 1376 4726 τὸ
1432 4673 1556 4737 ἔξω.
1618 4674 1730 4727 Καὶ

150 4762 386 4824 πολλοὺς
432 4761 677 4834 ἔγνωμεν
732 4764 790 4815 ὲν
859 4767 1166 4835 συμφοραῖς
1216 4763 1538 4835 ἀνηκέστοις
1593 4764 1730 4817 ἀπο-

152 4852 347 4919 στάξαι
370 4854 602 4928 δάκρυον
637 4855 825 4926 βιαίως
860 4858 1375 4929 ἐγκαρτερήσαντας
1402 4874 1417 4886 ·
1459 4853 1576 4910 εἶτα
1603 4856 1731 4921 τοὺς

153 4946 259 5017 μὲν
316 4948 393 5009 εἰς
436 4946 712 5017 ἀνήκεστα
765 4947 1096 5010 ἐκπεσόντας
1142 4946 1325 5018 πάθη,
1384 4946 1730 5016 ἀποπληξίας

148 5037 187 5109 ἢ
253 5037 588 5109 παραλύσεις
624 5055 640 5069 ·
707 5039 834 5103 τοὺς
892 5038 948 5092 δὲ
1017 5039 1112 5092 καὶ
1176 5037 1472 5101 παντελῶς
1517 5037 1727 5108 ἀποψύ-

225 5196 271 5225 ⁹³
301 5193 323 5247 l
350 5192 478 5250 Cor.
519 5209 578 5263 ι,
608 5194 694 5249 15.

229 5350 306 5423 (ι)
345 5351 533 5422 Ὑμῖν.
559 5351 653 5408 Sic
683 5350 884 5423 Regius
905 5350 1075 5423 codex
1108 5349 1267 5415 1992,
1289 5364 1413 5423 cum
1437 5353 1718 5414 contextu,

150 5432 209 5479 et
247 5423 409 5491 paulo
435 5423 754 5494 ροεινὺμᾶς.
782 5422 925 5494 Editi
954 5422 1085 5494 ἡμῖν
1113 5432 1168 5494 et
1197 5422 1368 5494 ἡμᾶς.

225 5487 303 5563 (2)
333 5487 490 5561 Πρῦς
519 5492 593 5547 τὰ
622 5487 1166 5563 ἂνθρώπινᾳζᾘιιιιιί
1200 5487 1316 5546 scio
1344 5505 1415 5563 an
1434 5487 1629 5563 melior
1651 5489 1723 5563 sit

149 5558 602 5684 hae'c"scdt:iptura,
627 5558 790 5633 quam
815 5561 962 5632 quod
988 5560 1043 5615 in
1072 5567 1329 5615 contextu
1344 5558 1564 5630 legitur,
1587 5559 1724 5628 πρὸς

149 5650 223 5684 τα
254 5650 353 5684 OUD
391 5649 500 5684 νια.

149 5650 223 5686 τα
254 5650 315 5684 Ου
324 5649 500 5686 ρανια.

226 5650 548 5772 (Ξῖρῗόῒῗξρ,
577 5700 669 5757 Sic
690 5707 998 5772 contextus.
1033 5697 1179 5753 Editi‘
1209 5697 1379 5753 nostri
1409 5695 1596 5772 τόπον.

226 5766 303 5843 (Et)
337 5769 603 5841 Πληγῆς.
649 5772 743 5827 Sic
792 5771 956 5827 etiam
989 5776 1298 5835 contextus,
1337 5767 1510 5823 multo
1546 5766 1725 5838 aptius

1905 2564 1958 2618 3.
1988 2565 2065 2636 (7)
2100 2564 2566 2630 Quemadmodum
2614 2565 2779 2635 igitur
2820 2566 2876 2620 in
2921 2567 3084 2638 lignis
3116 2572 3406 2626 teneriori-

1833 2655 1938 2712 bus
1991 2657 2289 2726 gignuntur
2338 2672 2593 2713 vermes:
2631 2658 2711 2713 sic
2764 2659 2989 2713 tristitia
3044 2660 3102 2714 in
3155 2662 3406 2720 molliore

1834 2747 2114 2803 hominum
2166 2748 2351 2804 indole
2402 2749 2723 2804 innascitur.
2762 2749 2922 2822 543
2969 2748 3081 2806 Nec
3105 2767 3237 2809 vero
3280 2769 3405 2809 mu-

1834 2837 2094 2901 lieribus,
2121 2853 2300 2908 neque
2340 2839 2476 2893 viris
2500 2837 2727 2894 effusior
2775 2840 2867 2893 ille
2912 2839 3094 2895 luctus
3136 2840 3404 2913 fletusque

1832 2929 2129 2997 permissus
2158 2936 2278 2983 cst:
2305 2927 2402 2984 sed
2441 2935 2653 2982 tantum
2673 2968 2689 2995 ,
2721 2937 2987 2999 quantum
3014 2928 3098 2986 fas
3126 2940 3241 2996 est,
3271 2933 3404 2987 affli-

1831 3020 1971 3075 ctari
2005 3020 2074 3075 de
2110 3021 2392 3084 adversis,
2432 3029 2487 3076 et
2529 3035 2721 3091 parum
2755 3022 3043 3093 lacrymari
3064 3061 3082 3090 ,
3136 3023 3300 3094 idque
3328 3033 3406 3078 ta-

1831 3113 1958 3180 cite,
1989 3113 2112 3168 sine
2140 3112 2449 3167 fremitibus
2470 3149 2487 3176 ,
2516 3112 2636 3167 sine
2682 3112 3013 3182 eiulatibus,
3046 3113 3183 3169 adeo
3211 3123 3272 3169 ut
3301 3130 3404 3175 nec

1830 3205 2002 3259 vestis
2028 3203 2313 3259 scindatur
2335 3242 2351 3270 ,
2393 3217 2497 3257 nec
2525 3201 2667 3258 cinis
2704 3202 3052 3275 inspergatur
3076 3244 3090 3268 ,
3126 3220 3229 3259 nec
3255 3205 3402 3260 aliud

1830 3296 2125 3368 quidquam
2174 3310 2364 3350 eorum
2405 3294 2665 3350 indecore
2708 3289 2829 3361 flat,
2882 3312 3004 3367 quae
3037 3297 3285 3352 studiose
3323 3297 3403 3350 fa-

1831 3402 1957 3442 cere
2008 3387 2185 3443 solent
2232 3386 2327 3457 qui
2374 3388 2441 3439 ad
2499 3386 2771 3442 humanos
2812 3402 2977 3444 casus
3015 3389 3165 3443 nulla
3207 3389 3402 3444 imbuti

1831 3479 1985 3532 fuere
2026 3476 2346 3549 disciplina.
2393 3476 2608 3533 Etenim
2657 3478 2826 3532 animi
2882 3487 2968 3534 est
3019 3481 3242 3549 ignavi,
3277 3481 3403 3534 nul-

1832 3570 2053 3639 lumque
2105 3583 2172 3623 ex
2228 3568 2468 3639 reposita
2517 3570 2573 3623 in
2607 3568 2719 3625 Deo
2767 3585 2865 3640 spe
2910 3571 3084 3626 robur
3123 3572 3398 3637 habentis,

1832 3660 2006 3731 frangi
2034 3657 2348 3721 admodum,
2380 3666 2434 3712 ct
2470 3660 2716 3715 adversis
2748 3661 3127 3718 succumbere.
3155 3671 3174 3732 ί
3179 3661 3232 3729 8)
3263 3661 3397 3718 Nam

1830 3751 2083 3821 lacrymze
2112 3748 2275 3821 velut
2298 3763 2363 3802 ex
2395 3749 2630 3818 quodam
2659 3749 2793 3818 ictu,
2836 3766 2905 3806 ex
2938 3751 3235 3821 improviso
3266 3768 3400 3808 casu

1829 3842 2169 3913 percutientc
2198 3839 2436 3897 animam
2468 3881 2482 3905 ,
2536 3856 2767 3912 eamque
2811 3842 3204 3908 contrahente,
3245 3857 3399 3898 corn-

1828 3949 2020 4005 presso
2057 3934 2207 3988 circa
2256 3948 2353 3988 cor
2395 3934 2624 4003 spiritu,
2669 3934 2804 3988 oriri
2851 3949 3222 3990 consuevere:
3267 3951 3403 4006 gau-

1829 4029 1979 4084 dium
2005 4041 2134 4083 vero
2162 4035 2248 4082 est
2275 4029 2472 4081 animae
2499 4028 2570 4081 ob
2599 4042 2689 4083 res
2715 4043 2783 4082 ex
2805 4029 3075 4082 sententia
3099 4029 3400 4084 succeden-

1828 4126 1914 4174 tes
1943 4117 2256 4189 gestientis,
2293 4118 2514 4190 quidam
2547 4119 2705 4188 quasi
2746 4119 2943 4175 saltus.
2970 4119 3111 4175 llinc
3143 4119 3399 4176 differunt

1830 4212 2077 4281 corporis
2113 4219 2499 4283 symptomata.
2542 4212 2754 4268 Tristes
2795 4212 3013 4283 quidem
3040 4213 3399 4283 subpallidam

1830 4304 2162 4375 lividamque
2205 4319 2269 4359 ac
2304 4305 2569 4375 rigentem
2626 4305 2829 4360 habent
2874 4306 3120 4376 corporis
3163 4306 3396 4361 molem:

1830 4396 1973 4451 inest
2000 4412 2131 4452 vero
2169 4396 2522 4453 cmorescens
2552 4397 2800 4467 quaedam
2831 4404 2886 4451 et
2912 4398 3182 4454 subrubra
3211 4414 3403 4469 corpo-

1829 4489 1909 4543 ris
1938 4489 2202 4544 habitudo
2228 4490 2368 4545 lanis
2395 4498 2450 4546 et
2485 4490 2787 4558 hilaribus,
2817 4491 3001 4545 anima
3041 4499 3252 4553 tantum
3288 4507 3397 4545 non

1830 4582 2146 4651 prosiliente
2177 4593 2232 4637 et
2267 4590 2658 4653 prorumpente
2686 4583 2757 4656 ad
2807 4585 3075 4638 exteriora
3108 4597 3217 4653 prae
3243 4582 3397 4635 volu-

1831 4684 1995 4744 ptate.
2026 4675 2099 4748 (9)
2129 4676 2207 4730 Ac
2236 4675 2489 4731 novimus
2522 4675 2724 4729 multos
2756 4674 2813 4729 in
2837 4672 3177 4745 gravissimis
3206 4672 3399 4729 adver-

1831 4765 2086 4821 sitatibus
2111 4766 2210 4820 sibi
2237 4781 2337 4836 per
2366 4764 2477 4820 vim
2508 4780 2538 4818 a
2574 4763 2826 4835 lacrymis
2853 4771 3224 4833 temperasse;
3261 4779 3400 4832 quo-

1831 4872 1955 4910 rum
1993 4858 2084 4911 alii
2129 4860 2356 4928 posthac
2387 4858 2443 4911 in
2483 4855 2909 4911 immedicabiles
2940 4854 3161 4910 morbos
3192 4855 3399 4909 incide-

1833 4954 1981 5013 runt,
2015 4948 2067 5002 in
2101 4949 2440 5018 apoplexiam
2466 4986 2482 5012 ,
2514 4948 2956 5019 paralysimque;
2994 4946 3086 5000 alii
3120 4962 3251 5001 vero
3276 4961 3397 5000 om-

1834 5039 1965 5093 nino
1995 5054 2310 5109 supremum
2340 5040 2485 5095 diem
2518 5040 2805 5103 obierunt,
2845 5035 2992 5108 quod
3013 5051 3203 5093 eorum
3230 5037 3397 5100 vires,

1829 5365 1992 5421 quam
2016 5348 2156 5421 gditi
2187 5347 2383 5421 nostri,
2410 5346 2613 5421 πηγῆς.

1899 5421 1976 5491 (5)
2014 5418 2095 5491 Ex
2121 5420 2282 5491 epist.
2315 5415 2690 5491 cxxxtx_._2_3f.

1901 5486 1975 5558 (6)
2015 5488 2092 5559 Ex
2123 5486 2283 5559 epist.
2314 5500 2472 5559 c_ccu,
2502 5486 2628 5559 459.

1901 5552 1980 5629 (7)
2020 5558 2098 5629 Ex
2120 5552 2279 5629 hom.
2328 5556 2405 5610 De
2434 5557 2729 5626 gratiarum
2765 5553 2986 5615 actione,
3017 5552 3114 5607 30.

1902 5626 1979 5697 (8)
2020 5626 2180 5694 lbid.,
2216 5628 2300 5697 28.

1901 5696 1980 5769 (9)
2017 5697 2175 5766 me,
2208 5696 2295 5752 29.
