3874 6224
508 314 646 370 1285

1402 306 1764 365 ΛΡΡΕΝΒΙΧ.
1803 336 1872 346 -
1911 302 2255 361 SYMEONIS
2292 301 2837 359 METAPHRASTIE

3574 304 3681 359 ιεκι

507 431 665 500 quasi
689 429 863 485 debile
904 428 1177 498 quoddam
1230 428 1466 484 fulcrum
1499 468 1516 495 ,
1560 426 1804 498 pondere
1843 424 2085 481 tristitiae

2188 424 2384 491 ξαντας
2417 466 2432 490 ,
2494 422 2684 496 ὥσπερ
2737 423 3060 494 ἐρείσματος
3116 420 3365 483 ἀσθενοῦς
3412 420 3503 490 τῆς
3556 423 3685 477 δυνά.

508 522 907 594 frangerentur.
923 519 1057 575 Nam
1073 520 1220 593 quod
1241 522 1429 578 videre
1448 521 1504 576 in
1518 518 1735 574 ﬂamma
1750 519 1899 586 licet,
1919 533 2081 588 quam

508 613 694 669 fumus
725 612 1007 684 preprius,
1041 612 1088 667 si
1120 627 1229 667 non
1252 619 1432 676 exeat,
1467 610 1563 666 sed
1598 607 2082 669 circumvolvatur,

509 704 782 771 sull‘ocat;
818 704 872 759 id
910 706 1073 760 etiam
1108 703 1165 759 in
1190 702 1469 769 facultate,
1503 718 1612 773 qua
1644 701 1848 757 animal
1877 701 2086 754 consti-

509 798 718 861 tuitur,
753 795 869 851 lieri
915 794 1143 859 dicunt,
1177 793 1435 849 nimirum
1464 791 1817 848 extabescere
1845 789 1995 844 illam
2030 796 2085 844 et

509 889 783 958 exstingui
839 903 951 958 prae
997 887 1283 942 doloribus
1314 925 1331 949 ,
1386 885 1434 939 si
1471 884 1657 939 nullus
1713 883 1783 938 ad
1811 883 2084 938 exteriora

510 981 790 1051 aperiatur
818 981 1018 1051 exitus.
1071 978 1148 1052 (l)
1181 978 1293 1034 Cur
1321 977 1467 1032 enim
1496 975 1686 1031 Lazari
1725 990 1889 1030 causa
1927 973 2085 1028 Chri-

509 1084 630 1128 stus
687 1073 880 1127 llevit?
926 1078 1076 1127 certe
1103 1078 1164 1125 ut
1193 1069 1547 1141 querulorum
1586 1083 1651 1122 ac
1677 1069 1855 1122 luctus
1897 1083 2086 1122 aman-

509 1164 647 1217 tium
703 1165 769 1218 ad
802 1163 1041 1219 ﬂendum
1082 1162 1498 1233 propensionem
1526 1200 1540 1226 ,
1582 1160 1858 1230 animique
1894 1174 2082 1215 eorum

509 1254 898 1314 demissionem
966 1264 1205 1311 sanaret.
1277 1252 1435 1320 Quod
1503 1254 1649 1309 enim
1708 1255 1848 1308 citra
1912 1254 2080 1308 ullam

511 1348 682 1403 animi
717 1349 1175 1413 commotionem,
1219 1346 1314 1403 sed
1354 1345 1425 1400 ad
1481 1344 1815 1402 erudiendos
1869 1360 1968 1401 nos
2006 1345 2085 1399 la—

511 1447 791 1512 crymatus
841 1449 924 1495 est
954 1439 1249 1503 Dominus,
1303 1446 1647 1510 perspectum
1705 1444 1789 1494 est
1813 1452 1878 1493 ac
1908 1437 2083 1490 mani-

512 1529 711 1586 festum
756 1547 825 1586 ex
871 1532 1013 1586 illo:
1057 1530 1301 1585 Lazarus
1357 1532 1561 1585 amicus
1628 1538 1805 1584 noster
1855 1529 2081 1596 dormit,

511 1621 601 1677 sed
644 1623 776 1677 cado
812 1632 869 1676 ut
908 1640 941 1676 a
982 1639 1163 1677 somno
1183 1624 1401 1677 excitem
1422 1639 1541 1676 eum
1564 1623 1630 1675 ".
1667 1620 1800 1688 Quis
1836 1628 2082 1677 nostrum

511 1711 670 1768 deﬂet
698 1713 934 1768 amicum
971 1712 1332 1769 dormientem
1366 1754 1381 1779 ,
1423 1729 1585 1783 quem
1626 1713 1914 1783 aliquanto
1954 1718 2082 1784 post

2188 531 2333 586 μεως
2359 514 2537 569 αὐτῶν
2584 513 2665 585 τῷ
2719 512 2877 585 βάρει
2930 512 3029 583 τῆς
3076 510 3250 581 λύπης
3294 510 3683 586 ἀποκλασθείσης.

2190 610 2257 662 Ὃ
2299 608 2408 679 γὰρ
2458 607 2552 661 ἐπὶ
2602 606 2701 678 τῆς
2756 605 2948 675 φλογὸς
2991 605 3127 676 ὁρᾷν
3173 603 3438 673 ὑπάρχει,
3487 603 3579 657 ὑπὸ
3613 606 3687 661 τοῦ

2183 700 2384 755 οἰκείου
2448 701 2618 771 αὐτὴν
2678 698 2889 753 καπνοῦ
2970 696 3432 767 καταπνίγεσθαι.
3485 698 3550 769 μὴ
3603 699 3685 751 ὐπ-

2185 791 2421 861 εξιόντος
2441 831 2457 856 ,
2492 790 2627 846 ἀλλά
2679 792 2808 863 περί¹
2831 789 2999 861 αὐτὴν
3032 789 3372 860 εἰλουμένου*
3424 789 3563 842 τοῦτό
3587 808 3689 859 φασι

2184 882 2279 936 καλ⁸
2315 881 2409 935 ἐπὶ⁸
2438 882 2539 953 τῆς
2582 879 2969 952 οἰκονομούοης
3009 879 3073 932 τὸ
3117 878 3255 943 ζῶον
3288 878 3548 948 δυνάμεως
3575 879 3688 948 τίνε-

2185 973 2344 1026 σθαι’
2392 970 2864 1043 ἀπομαραίνεσθαι
2904 968 3015 1041 γὰρ
3044 968 3150 1022 ὑπὸ
3188 967 3297 1021 τῶν
3345 968 3589 1040 ὀδυνηρῶν
3620 972 3691 1023 καὶ

2184 1064 2675 1129 κατασϐέννυσθαι,
2713 1063 2983 1135 μηδεμιᾶς
3033 1057 3332 1132 γενομένης
3383 1062 3471 1113 ἐπὶ
3512 1060 3566 1114 τὸ
3613 1061 3691 1129 ἔξω

2184 1158 2462 1227 διαπνοῆς.
2497 1156 2652 1219 Τίνος
2691 1156 2802 1227 γάρ
2842 1155 3027 1209 ἕνεκεν
3051 1154 3144 1208 ἐπὶ
3187 1152 3266 1224 τῷ
3308 1152 3689 1224 ΛαζὰρῳόΧρι-

2187 1246 2310 1310 στὸς
2337 1248 2601 1318 ἐδάκρυες
2634 1245 2744 1299 τῶν
2769 1244 3068 1318 όδυρτικῶν
3107 1244 3325 1309 πάντως
3359 1244 3447 1297 καί¹
3488 1243 3689 1316 φιλοθρή-

2183 1356 2288 1393 νων
2317 1338 2380 1392 τὸ
2421 1337 2561 1407 ἄγαν
2604 1339 2905 1411 περιπαθὲς
2932 1340 3028 1393 καὶ
3072 1337 3326 1391 ταπεινὸν
3360 1337 3695 1408 ἐπανορθούμε-

2184 1448 2292 1494 νος.
2329 1431 2451 1485 "Ott
2479 1431 2589 1503 γὰρ
2620 1433 2719 1486 οὐκ
2768 1432 3012 1502 ἐμπαθὲς
3040 1425 3110 1502 ἧν
3141 1430 3202 1484 τὸ
3226 1429 3457 1501 δάκρυον
3490 1427 3573 1483 τοῦ
3608 1430 3692 1483 Κν-

2185 1521 2323 1593 ρίου,
2349 1520 2483 1576 ἀλλά
2512 1522 2605 1575 καὶ
2626 1522 3019 1585 διδασκαλικὸν,
3045 1521 3255 1575 ἐκεῖθεν
3279 1520 3435 1591 δῆλον
3452 1538 3467 1552 ⁸
3489 1520 3695 1588 Λάζαρος

2185 1613 2219 1665 ὁ
2247 1611 2428 1680 φίλος
2480 1611 2650 1682 ἡμῶν
2695 1612 3055 1682 κεκοίμηται,
3089 1611 3252 1666 ἀλλὰ
3301 1612 3598 1682 πορεύομαι
3622 1612 3696 1665 ira

2184 1701 2492 1767 ἐξυπνίσω
2516 1705 2722 1759 αὐτόν.
2754 1704 2849 1767 Τίς
2865 1704 2923 1757 δὲ
2942 1704 3100 1775 ἡμῶν
3136 1702 3472 1775 κοιμώμενον
3499 1704 3695 1774 ὀδύρεται

512 1812 693 1871 sperat
735 1802 1176 1874 expergefactum
1220 1804 1331 1859 iri?
1396 1779 1645 1870 Lazare,
1697 1779 1811 1859 ueni
1849 1779 2079 1874 foras”.

2188 1794 2358 1863 φίλον,
2390 1794 2449 1847 ὃν
2478 1794 2674 1866 μικρὸν
2706 1792 2930 1865 ὕστερον
2966 1795 3245 1866 προσδοκᾷ
3275 1793 3581 1858 διυπνξζειν;
3609 1793 3695 1847 Λά-

513 1891 756 1948 Mortuus
815 1893 1180 1957 revocabatur
1240 1892 1305 1947 ad
1339 1894 1545 1958 vitam;
1612 1893 1867 1965 alligatus
1897 1893 2086 1946 ambu-

513 1983 676 2037 labat.
738 1980 885 2037 Inest
938 1983 1264 2037 miraculum
1304 1984 1358 2038 in
1421 1984 1704 2039 miraculo.
1742 1982 1915 2039 Pedes
1951 1983 2086 2054 liga-

515 2074 715 2128 bantur
759 2073 961 2129 institis
994 2113 1011 2139 ,
1065 2090 1168 2129 nec
1214 2083 1401 2131 tamen
1434 2091 1464 2129 a
1496 2084 1647 2131 motu
1670 2075 2085 2147 prohibebatur.

515 2163 725 2220 Etenim
775 2165 964 2220 aderat
991 2164 1076 2221 vis
1103 2165 1352 2236 quadam
1394 2166 1553 2223 obice
1579 2167 1774 2238 major.
1802 2166 2085 2234 Quomodo

514 2257 683 2329 igitur
713 2257 1003 2323 Dominus,
1030 2258 1126 2328 qui
1149 2264 1269 2312 erat
1294 2257 1425 2312 talia
1450 2256 1730 2324 facturus,
1781 2273 1972 2314 casum
2016 2259 2085 2313 il-

514 2350 626 2404 lum
669 2350 931 2422 laerymis
973 2349 1201 2421 dignum
1249 2349 1586 2419 iudicasset?
1643 2353 1843 2406 Annon
1907 2352 2085 2421 palam

513 2448 618 2507 est,
658 2441 833 2513 ipsum
901 2441 1268 2498 infirmitatem
1321 2451 1563 2498 nostraru
1614 2442 1852 2514 undique
1897 2444 2089 2499 δυσαι-

513 2534 747 2589 cientem
778 2574 793 2598 ,
839 2547 933 2589 eas
977 2532 1294 2594 all‘ecliones
1340 2552 1462 2608 quae
1505 2536 1845 2593 inevitabiles
1873 2544 2087 2593 suntet

516 2621 837 2677 necessaria:
869 2663 884 2687 ,
936 2624 1082 2680 intra
1143 2625 1336 2684 modos
1379 2626 1644 2698 quosdam
1707 2642 1775 2681 ac
1819 2628 2089 2683 terminos

515 2714 903 2771 continuisse?
947 2716 1238 2786 Apatbiam
1295 2720 1519 2790 quidem
1566 2719 1762 2775 vitavit
1827 2729 2086 2791 tanquam

514 2805 771 2875 quiddam
811 2807 1045 2863 ferinum
1084 2826 1099 2861 :
1133 2809 1310 2866 noluit
1365 2819 1545 2866 tamen
1593 2812 1818 2869 maerori
1866 2827 1932 2867 ac
1992 2813 2089 2867 tri-

514 2897 677 2951 stitia:
710 2897 929 2955 deditus
983 2915 1138 2967 esse,
1192 2916 1258 2956 ac
1291 2902 1521 2957 multum
1562 2902 1853 2973 lacrymari
1883 2941 1899 2969 ,
1940 2901 2087 2972 quod

517 2986 624 3042 hoc
680 2988 944 3045 illiberale
973 2999 1119 3045 esset
1146 2999 1198 3046 et
1253 2990 1528 3062 ignavum.
1583 2992 1661 3065 (2)
1693 2992 1764 3048 At
1796 3009 1926 3049 vero
1958 2992 2084 3057 Job,

2181 1885 2333 1957 (aps,
2367 1886 2543 1955 δεῦρο
2568 1886 2684 1952 ἔξω
2707 1903 2722 1917 ·
2772 1887 2868 1941 καὶ
2905 1889 2935 1941 ὁ
2978 1886 3171 1958 νεκρὸς
3195 1886 3545 1950 ὲξωοποιεῖτο,
3581 1885 3695 1939 καὶὸ

2179 1978 2461 2050 δεδεμένος
2490 1980 2828 2051 περιεπάτει.
2880 1978 3076 2049 Θαῦμα
3123 1979 3182 2032 ὲν
3224 1978 3486 2050 θαύματι·
3512 1979 3694 2049 κειρίαις

2180 2072 2422 2126 δεδέσθαι
2453 2073 2580 2137 τοὺς
2631 2072 2817 2138 πόδας,
2852 2074 2945 2127 καί
2995 2072 3070 2144 μὴ
3115 2072 3425 2127 κωλύεσθαι
3468 2071 3585 2143 πρὸς
3624 2072 3696 2142 τὴν

2182 2165 2394 2237 κίνησιν
2411 2181 2425 2195 ·
2462 2165 2644 2236 μεῖζον
2669 2165 2777 2237 γὰρ
2800 2160 2867 2237 ἦν
2886 2165 2948 2219 τὸ
2969 2164 3215 2234 ὲνισχύον
3236 2164 3336 2218 τοῦ
3357 2163 3692 2235 ἐμποδίζοντος.

2181 2256 2307 2320 Πῶς
2342 2250 2436 2310 οὖν
2485 2258 2515 2309 ὁ
2545 2256 2615 2309 τά
2662 2255 2886 2310 τοιαῦτα
2922 2258 3164 2327 ἐνεργεῖν
3219 2256 3453 2327 μέλλων,
3499 2255 3695 2327 δακρύων

2181 2347 2331 2413 ἄξιον
2357 2347 2417 2402 τὸ
2453 2347 2665 2419 συμϐὰν
2693 2347 2935 2420 ἓκρινενς
2970 2350 3041 2402 Ἢ
3070 2348 3255 2418 δῆλον,
3300 2350 3384 2403 ὅτι
3424 2348 3696 2419 πανταχόθεν

2182 2440 2343 2513 ἡμῶν
2365 2439 2428 2494 τὸ
2462 2440 2684 2505 ἀσθενὲς
2725 2441 3043 2513 ὑπερείδων,
3083 2442 3311 2513 μέτροις
3337 2441 3444 2495 τισὶ
3473 2441 3558 2494 καὶ
3588 2441 3696 2510 ὅρος

2181 2532 2251 2586 τὰ
2279 2533 2552 2601 ἀναγκαῖα
2579 2532 2871 2602 περιέλαϐε
2902 2532 3049 2604 πάθη
3068 2551 3083 2565 ’
3114 2532 3175 2586 τὸ
3204 2534 3308 2603 μὲν
3332 2530 3621 2603 ἀσυμπαθὲς
3643 2530 3696 2593 ὡς

2184 2623 2447 2697 θηριῶδες
2475 2624 2762 2690 ἐκκλίνων,
2796 2624 2857 2678 τὸ
2880 2623 2937 2677 δὲ
2969 2624 3266 2694 φιλόλυπον
3294 2626 3392 2678 καὶ
3422 2624 3697 2696 πολύθρηνον

2183 2715 2259 2778 ὡς
2286 2714 2509 2783 ἀγεννὲς
2553 2715 3005 2788 παραιτούμενος.
3049 2717 3106 2769 Ὁ
3138 2716 3194 2769 δὲ
3221 2716 3369 2779 Ἰὼϐ,
3400 2716 3481 2781 τί;
3515 2717 3580 2786 μὴ
3604 2715 3696 2768 ἀδα-

2187 2805 2440 2876 μάντινος
2463 2799 2532 2876 ἦν
2566 2804 2671 2874 τὴν
2700 2804 2963 2876 καρδίαν;
3015 2806 3093 2876 μὴ
3119 2809 3184 2860 ὲκ
3205 2806 3360 2861 λίθου
3385 2802 3453 2878 ἦν
3478 2804 3605 2876 αύτῷ
3626 2822 3697 2858 πε-

2183 2894 2454 2966 ποιημένα
2483 2893 2551 2948 τὰ
2594 2895 2912 2966 σπλάγχνα;
2954 2896 3188 2949 Ἐπεσον
3225 2896 3379 2967 αὐτῷ
3408 2896 3528 2949 δέκα
3557 2893 3698 2956 παῖδες

2184 2990 2243 3042 ἐν
2271 2988 2500 3062 βραχείᾳ
2549 2991 2740 3061 καιροῦ
2780 2992 2945 3064 ῥοπῇ,
2991 2992 3093 3063 μιᾷ
3139 2992 3327 3065 πληγῇ
3370 2989 3696 3062 συντριϐέντες,

517 3078 694 3148 quid?
723 3095 855 3135 num
905 3082 984 3136 illi
1027 3083 1434 3139 adamantiuum
1467 3096 1586 3141 erat
1614 3086 1748 3140 cor?
1781 3103 1914 3142 num
1936 3103 2087 3143 com-

2188 3079 2285 3135 καὶ
2314 3082 2372 3134 ὲν
2396 3083 2475 3152 τῷ
2509 3082 2642 3154 οίκῳ
2672 3082 2774 3153 τῆς
2798 3083 3082 3155 Θυμηδίας,
3108 3085 3168 3139 ὲν
3194 3084 3279 3156 τῷ
3301 3086 3472 3157 καιρῷ
3501 3083 3585 3153 τῆς
3603 3084 3698 3135 ἀπο-

519 3176 678 3240 pacta
730 3171 781 3225 ei
847 3181 1004 3227 erant
1056 3189 1125 3229 ex
1179 3189 1313 3230 saxo
1372 3176 1634 3233 viscera?
1676 3178 2007 3234 Ceciderunt
2036 3180 2089 3235 ei

521 3261 707 3316 decem
733 3261 893 3317 liberi
924 3264 979 3317 in
1010 3264 1160 3320 brevi
1189 3268 1451 3338 temporis
1470 3276 1765 3333 momento,
1791 3285 1899 3326 una
1931 3271 2090 3342 plaga

521 3348 756 3414 obtriti,
793 3349 851 3405 in
895 3351 1060 3406 domo
1099 3352 1462 3422 iucunditatis
1489 3396 1506 3421 ,
1558 3355 1616 3410 in
1654 3363 1904 3425 tempore
1953 3357 2091 3412 deli-

520 3441 729 3496 ciarum
757 3481 772 3508 ,
826 3443 1142 3501 decutiente
1169 3446 1225 3501 in
1252 3461 1347 3503 eos
1375 3446 1599 3504 domum
1644 3448 1884 3505 diabolo.
1941 3448 2092 3506 Vidit

520 3548 766 3589 mensam
799 3538 1067 3608 sanguine
1095 3538 1395 3595 immistam
1427 3582 1444 3606 ,
1475 3540 1615 3596 vidit
1641 3541 1845 3598 liberos
1873 3543 2091 3600 diverso

519 3622 739 3692 quidem
776 3631 1019 3696 tempore
1061 3635 1241 3695 natos,
1284 3629 1381 3687 sed
1423 3646 1595 3686 unum
1630 3647 2092 3706 communemque

520 3716 743 3772 sortitos
782 3717 903 3772 vitae
931 3719 1159 3774 exitum.
1206 3719 1326 3776 Non
1372 3721 1615 3792 ejulavit,
1644 3724 1807 3798 544
1833 3741 1943 3781 non
1993 3741 2090 3782 co-

519 3821 665 3861 mam
711 3808 932 3875 evellit,
992 3826 1103 3866 non
1159 3812 1347 3868 emisit
1397 3828 1589 3884 vocem
1644 3817 1808 3871 ullam
1858 3818 2093 3891 degene-

519 3912 657 3961 rem,
701 3897 798 3954 sed
841 3897 1113 3955 celebrem
1154 3899 1303 3955 illam
1339 3910 1394 3957 et
1435 3902 1504 3957 ab
1531 3903 1786 3960 omnibus
1825 3905 2092 3961 decanta-

519 3996 630 4042 tam
678 3990 979 4060 gratiarum
1034 3992 1309 4048 actionem
1360 3995 1638 4065 protulit:
1684 3995 1943 4052 Dominus
1995 3996 2090 4052 de-

518 4080 619 4145 dit,
667 4080 925 4138 Dominus
973 4083 1401 4140 abstulituicut
1452 4085 1683 4143 Domino
1734 4089 1956 4158 placuit,
2010 4090 2092 4143 ita

518 4182 569 4226 et
615 4171 815 4242 factum
868 4183 987 4238 est;
1034 4176 1105 4230 sit
1153 4188 1342 4231 namen
1396 4177 1616 4233 Domini
1672 4178 2001 4236 benedictum
2023 4182 2089 4237 “.

521 4262 662 4319 Num
697 4265 860 4322 homo
903 4268 997 4323 ille
1038 4274 1159 4322 erat
1205 4285 1400 4340 expers
1441 4270 1830 4328 all'ectionum?
1854 4273 1926 4329 At
1955 4290 2092 4344 quo-

521 4356 721 4410 modo?
749 4372 872 4411 cum
900 4359 1018 4428 ipse
1040 4359 1109 4415 de
1141 4375 1201 4416 se
1231 4361 1379 4417 dicat
1411 4380 1426 4417 :
1460 4363 1567 4434 Ego
1585 4364 1707 4433 ﬂevi
1742 4381 1902 4435 super
1949 4367 2093 4421 omni

2186 3171 2461 3237 λαύσεως,
2506 3174 3021 3241 ἐπικατασείσαντος
3051 3178 3238 3243 αὐτοῖς
3273 3176 3369 3231 τοῦ
3413 3177 3623 3231 διαϐόλου
3656 3174 3698 3226 τὸ

2188 3263 2414 3335 οἴκημα.
2464 3260 2588 3318 Εἷδε
2637 3264 2917 3338 τράπεζαν
2972 3268 3168 3339 αἵματι
3222 3269 3582 3342 μεμιγμένην·
3622 3265 3695 3319 εἶδε

2190 3355 2387 3419 παῖδας
2425 3355 2696 3428 διαφόρως
2730 3358 2831 3429 μὲν
2862 3359 3004 3414 κατὰ
3021 3359 3113 3414 τὸν
3130 3363 3329 3433 χρόνον
3348 3359 3694 3432 ἀποτεχθέντας.

2190 3446 2342 3515 κοινῇ
2394 3444 2454 3499 δὲ
2501 3446 2892 3513 ὑπεξελθόντας
2929 3448 3022 3503 τοῦ
3058 3450 3176 3521 βίου
3220 3452 3302 3521 (5)
3350 3452 3413 3505 τὸ
3442 3451 3590 3514 τέλος.
3620 3450 3696 3503 Kal

2189 3535 2289 3589 οὐκ
2315 3534 2563 3609 ᾤμωξεν,
2598 3540 2659 3593 οὒ
2688 3539 3005 3595 κατετίλατο
3043 3542 3248 3615 κόμην,
3284 3545 3387 3597 οὐκ
3429 3542 3589 3615 ἀφῆκέ
3612 3556 3697 3594 τινι

2190 3629 2375 3700 φωνὴν
2398 3631 2620 3702 ἀγεννῆ,
2654 3630 2789 3685 ἀλλά
2813 3633 2912 3705 τὴν
2946 3634 3190 3704 ἀοίδιμον
3219 3635 3437 3707 ἐκείνην
3479 3635 3563 3689 καὶ
3592 3633 3699 3703 παρὰ

2191 3721 2359 3775 πᾶσιν
2401 3723 2817 3796 ἀνυμνουμένην
2862 3726 3208 3797 εὐχαριστίαν
3257 3728 3625 3798 ἀπεφθέγξατο·
3656 3726 3698 3775 ’0

2190 3813 2406 3882 Κύριος
2430 3814 2670 3880 ἔδωκεν,
2706 3819 2739 3871 ὁ
2768 3818 2984 3886 Κύριος
3011 3818 3297 3888 ἀφείλετο
3315 3837 3329 3850 ’
3359 3822 3439 3888 ὡς
3466 3821 3538 3887 τῷ
3556 3819 3698 3887 Κυρίῳ

2190 3904 2421 3971 ἔδοξεν,
2450 3906 2638 3973 οὕτως
2663 3906 2762 3961 καὶ
2793 3908 3029 3978 ἐγένετο
3047 3927 3061 3941 ·
3100 3912 3193 3979 εἴη
3224 3912 3294 3966 τὸ
3318 3914 3496 3984 ὄνομα
3533 3910 3697 3978 Κυρίου

2191 3997 2615 4068 εὐλογημένον.
2634 3999 2725 4071 Μὴ
2750 3999 3079 4073 ἀσυμπαθὴς
3098 4005 3127 4056 ὁ
3149 4003 3436 4076 ἄνθρωπος
3455 4022 3468 4069 ;
3490 4005 3582 4057 Καὶ
3599 4001 3696 4063 πῶςς

2190 4090 2249 4153 ὃς
2276 4106 2341 4158 γε
2368 4090 2497 4162 περὶ
2525 4092 2721 4146 ἑαυτοῦ
2752 4093 2930 4166 λέγει’
2976 4094 3122 4164 Ἐγὼ
3149 4096 3426 4151 ἔκλαυσα
3449 4095 3537 4149 ἐπὶ
3569 4092 3698 4147 παντί

2192 4181 2535 4252 θλιϐομένῳ.
2586 4183 2746 4238 Ἀλλὰ
2788 4180 2898 4258 ἆρα
2936 4186 3011 4258 μὴ
3044 4186 3301 4257 ἐψεύδετο
3336 4188 3500 4242 ταῦτα
3544 4187 3697 4255 λέγιιιν;

2191 4273 2303 4328 Καὶ
2329 4274 2437 4347 μὴν
2477 4280 2746 4349 μαρτυρεῖ
2788 4279 3005 4352 αύτῷή
3052 4283 3304 4353 ἀλήθεια,
3353 4285 3433 4337 ὅτι
3475 4281 3594 4351 πρὸς
3615 4278 3698 4336 tu":

2191 4363 2407 4432 λοιπαῖς
2441 4368 2662 4439 ἀρεταῖς
2702 4370 2797 4424 καὶ
2833 4371 3085 4441 ἀληθινὸς
3118 4371 3186 4446 ἦν
3206 4393 3220 4406 ·
3262 4377 3583 4444 Ἀνθρωπος
3605 4368 3697 4438 γάρι

522 4445 798 4515 amicta”.
836 4444 1003 4503 Estne
1045 4447 1134 4504 bis
1176 4449 1426 4507 dicendis
1473 4454 1778 4509 mentitus?
1806 4454 1921 4510 lmo
1957 4470 2087 4511 vero

2191 4459 2379 4528 φησιν,
2432 4458 2753 4530 ἄμεμπτος,
2805 4462 3056 4531 δίκαιος,
3088 4444 3409 4537 θεοσεϐὴς,
3454 4460 3697 4529 ἀληθινόςι
3728 4448 3741 4469 ⁸

520 4542 720 4605 praeter
753 4544 979 4593 caeteras
1017 4538 1250 4596 virtutes
1278 4542 1482 4598 veritas
1513 4558 1761 4601 veracem
1791 4561 1918 4602 eum
1949 4563 2092 4617 quo-

520 4640 629 4695 que
667 4625 838 4682 fuisse
875 4626 1140 4693 declarat,
1167 4629 1257 4686 bis
1294 4633 1477 4689 verbis
1509 4652 1524 4689 :
1556 4635 1727 4690 Homo
1765 4637 2089 4707 inculpatus,

522 4717 717 4783 iustus,
770 4718 912 4787 pius,
964 4720 1207 4775 uerax“.
1268 4719 1470 4778 Verum
1517 4724 1800 4783 hominum
1843 4730 2093 4801 plerique

521 4807 812 4863 cantilenis
838 4808 1165 4879 quibusdam
1201 4809 1271 4865 ad
1320 4813 1635 4868 maestitiam
1666 4818 1988 4886 compositis
2024 4818 2092 4875 ad

523 4896 761 4953 ﬂendum
795 4900 1116 4965 abutuntur,
1143 4901 1473 4976 studentque
1501 4906 1744 4962 animum
1781 4924 1943 4965 suum
1974 4926 2093 4967 mo-

524 4988 670 5073 dulis
701 4988 1021 5059 lugubribus
1054 4991 1381 5060 absumere;
1424 5003 1480 5050 et
1511 4997 1969 5067 quemadmodum
1997 5017 2092 5073 pe-

523 5081 752 5135 culiaria
787 5090 916 5136 sunt
948 5086 1210 5149 tragoedis
1239 5085 1385 5141 ﬁctio
1416 5094 1471 5143 et
1507 5097 1823 5160 apparatus,
1853 5107 2091 5164 quocum

525 5175 736 5229 theatra
783 5175 1161 5231 conscendunt
1205 5195 1218 5231 :
1255 5178 1330 5232 ita
1372 5189 1429 5234 et
1471 5180 1680 5252 lugenti
1712 5183 1856 5239 hanc
1900 5185 2093 5241 existi-

525 5273 676 5320 mant
719 5268 956 5337 speciem
1005 5271 1321 5336 convenire,
1368 5280 1577 5329 vestem
1626 5280 1822 5340 atram,
1872 5291 2087 5333 comam

2207 4550 2347 4605 Ἀλλ’
2384 4552 2435 4606 oi
2463 4552 2646 4607 πολλοὶ
2676 4554 2784 4609 τῶν
2823 4557 3127 4630 ἀνθρώπων
3162 4558 3332 4630 ᾠδαῖς
3361 4576 3467 4613 τισι
3511 4557 3624 4628 πρὸς
3657 4551 3699 4606 τδ

2193 4642 2435 4714 κατηφὲς
2500 4645 2894 4716 πεποιημέναις
2951 4649 3374 4720 καταθρηνοῦσι,
3429 4648 3515 4703 καὶ
3560 4646 3698 4717 μέλεα

2193 4734 2408 4804 γοεροῖς
2432 4735 2683 4806 ὲκτήκειν
2705 4738 2914 4791 ἑαυτῶν
2928 4738 3028 4803 τὰς
3046 4739 3223 4811 ψυχὰς
3244 4739 3594 4811 ἐπιτηδεύουσι
3608 4755 3619 4767 ·
3632 4735 3697 4789 καὶ

2194 4823 2384 4896 ὥσπερ
2400 4824 2512 4879 τῶν
2541 4829 2835 4901 τραγῳδῶν
2861 4831 2991 4886 ἴδιόν
3023 4834 3141 4887 ἐστι
3171 4834 3234 4887 τὸ
3257 4835 3570 4905 ἀνάπλασμα
3586 4829 3696 4890 καὶή

2199 4913 2402 4987 σκευὴ,
2436 4916 2555 4986 μεθ’
2586 4913 2656 4990 ἧς
2676 4918 2745 4973 τὰ
2772 4909 2973 4993 θέατρα
3023 4924 3547 4996 καταλαμϐάνουσιν
3572 4921 3697 4981 o’m’;

2196 5004 2396 5060 οἴονται
2434 5009 2730 5082 προσήκειν
2772 5012 2869 5066 καὶ
2907 5012 2984 5084 τῷ
3037 5015 3321 5071 πενθοῦντι
3366 5017 3557 5088 πρέπον
3598 5008 3695 5065 εἶναι

2199 5096 2405 5168 σχῆμα,
2453 5098 2620 5169 μέλαν
2657 5101 2887 5173 ἱμάτιον,
2933 5105 3027 5160 καὶ
3077 5109 3369 5181 αὐχμηρὰν
3414 5108 3588 5179 κόμην,
3629 5101 3695 5156 καὶ

2198 5189 2389 5252 σκότος
2427 5190 2488 5244 ὲν
2524 5192 2702 5265 οἰκίᾳ,
2748 5194 2843 5248 καὶ
2891 5196 3079 5268 ῥύπον,
3139 5201 3235 5254 καὶ
3280 5201 3444 5267 κόνιν,
3473 5200 3558 5254 καὶ
3579 5196 3694 5268 μέλιις

2196 5281 2440 5352 στυγνὸν,
2466 5284 2555 5339 ἀεὶ
2585 5287 2779 5358 νεαρὸν
2809 5289 2909 5360 τῆς
2949 5290 3127 5363 λύπης
3148 5293 3208 5349 τὸ
3252 5295 3467 5368 τραῦμα
3504 5293 3562 5361 τῇ

595 5420 641 5454 "
673 5420 831 5477 Joan.
864 5440 941 5491 vi,
982 5425 1071 5481 li.
1144 5426 1191 5460 ”
1221 5425 1354 5483 ibid.
1399 5427 1490 5485 4'5.
1564 5430 1613 5462 “
1641 5430 1743 5487 Jun
1789 5449 1827 5500 ι,
1859 5434 1950 5490 2|.
2025 5436 2069 5468 ’⁸

2188 5437 2219 5495 b
2264 5453 2395 5505 xxx,
2443 5441 2533 5497 25.
2611 5443 2655 5476 ³⁸
2694 5443 2796 5500 Job
2828 5462 2866 5511 ι,
2900 5454 2949 5502 ί.

715 5599 972 5683 _bo_m.
1016 5604 1089 5660 De
1115 5608 1411 5677 gratiarum
1435 5613 1654 5679 actione,
1690 5613 1777 5671 29.

601 5668 676 5736 (2)
715 5672 969 5737 lbid.,30.

2230 5622 2346 5746 l(Ei)
2376 5624 2541 5747 Ilito‘v.
2565 5625 2884 5683 Addidimus
2908 5628 3046 5685 hanc
3078 5646 3260 5686 vocem
3283 5648 3348 5688 ex
3376 5629 3541 5686 cod’cc
3563 5620 3689 5692 Βεέίο

2277 5708 2378 5747 6οΠ
2404 5711 2466 5747 ex
2497 5711 2552 5747 u-

2193 5708 2249 5746 αι
2277 5708 2552 5749 ροηιριιυ.
