3874 6224
193 349 214 400 1
228 349 325 404 ἓὸὅ

1191 345 1427 401 SERMO
1467 344 1582 403 XII.
1609 375 1680 388 --
1717 345 1806 400 DE
1843 347 2034 402 ANIMI
2097 344 2528 401 DEJECTIONE.

3306 345 3433 400 128‘

188 462 499 528 διασώζοντι
546 462 656 534 (1)’
709 462 810 517 οὐκ
847 463 1048 526 εἰδότες
1101 462 1200 535 (ἓ),
1237 464 1491 536 ὃτιψυχὴ
1536 466 1571 535 ἡ
1622 463 1750 518 ἄπα(

1873 464 2198 534 squalidam,
2233 462 2486 518 tenebras
2509 461 2565 515 in
2593 460 2776 525 domo,
2810 459 3025 525 sordes,
3057 459 3356 531 pulverem,
3389 473 3436 517 e'

189 553 544 626 προσδεθεῖσα
567 553 646 624 τῷ
686 553 838 624 πόθῳ
866 553 962 608 τοῦ
1001 554 1304 622 κτίσαντος,
1338 558 1432 609 καὶ
1479 559 1592 620 τοῖς
1645 557 1762 610 ἐκεῖ

186 645 436 700 κάλλεσιν
483 643 822 716 ὲνειθισμένη
871 645 1295 717 φαιδρύνεσθαι,
1349 646 1411 699 τὸ
1466 645 1762 717 περιχαρὲς

185 736 355 805 αὐτῆς
399 736 492 788 καὶ
524 735 758 807 εῠθυμον
806 737 911 790 ὑπὸ
939 738 1041 808 τῆς
1081 737 1330 806 ποικίλης
1365 737 1763 809 μεταπτώσεως

183 827 290 881 τῶν
314 828 592 899 σαρκικῶν
620 828 958 899 παθημάτων
983 830 1043 882 οὐ
1071 830 1380 901 μεταϐαλεῖ,
1405 830 1539 884 ἀλλά
1562 829 1631 882 τὰ
1650 832 1764 892 τοῖς

189 920 366 983 ἄλλοις
419 919 642 991 λυπηρά
696 921 1012 991 προσθήκην
1065 920 1403 992 εὐφροσύνης
1455 921 1759 990 ποιήσεται.

189 1010 396 1081 Ὠσπερ
427 1010 534 1080 γὰρ
572 1012 619 1064 οἱ
649 1013 895 1075 ἀσθενεῖς
926 1012 994 1065 τά
1028 1012 1281 1082 Εμματα,
1309 1030 1418 1066 των
1451 1013 1589 1080 ἄγαν
1624 1011 1763 1081 λαμ-

186 1101 336 1174 πρῶν
348 1100 610 1170 τάςὸψεις
632 1102 958 1170 ἀπάγοντες,
978 1103 1164 1157 ἄνθεσι
1188 1103 1282 1157 καὶ
1304 1104 1462 1166 πόαις
1487 1120 1760 1175 προσανα-

171 1190 480 1243 ·παύουσιν’
548 1191 690 1244 οὕτω
749 1193 852 1262 χρὴ
897 1193 990 1246 καὶ
1043 1193 1143 1262 τὴν
1175 1193 1353 1264 ψυχὴν
1400 1194 1473 1265 μὴ
1524 1194 1762 1263 συνεχῶς

184 1281 543 1335 καταϐλέπειν
584 1282 646 1335 τὸ
675 1282 940 1354 λυπηρὸν,
978 1283 1113 1355 μηδὲ
1162 1287 1275 1347 τοῖς
1305 1285 1568 1357 παροῦσιν
1605 1287 1758 1340 ἀνια-

178 1377 294 1444 ροῖς
322 1372 701 1444 προσκεῖσθαι,
732 1373 869 1428 ἀλλά
904 1375 1042 1446 πρὸς
1073 1375 1169 1446 τὴν
1204 1375 1432 1447 θεωρίαν
1454 1375 1560 1428 τῶν
1595 1376 1763 1438 ὅντως

181 1465 399 1532 ἀγαθῶν
432 1466 716 1536 περιάγειν
735 1467 904 1538 αὐτῆς
927 1467 995 1519 τά
1023 1466 1268 1536 ὄμματα.

1865 557 2146 627 lugubrem
2180 564 2423 617 cantum,
2470 553 2726 608 mmroris
2757 553 2958 608 vulnus
2991 567 3208 621 semper
3250 567 3440 607 recens

1867 647 1924 700 in
1950 647 2132 700 animo
2161 645 2401 712 servanti
2451 662 2464 698 :
2515 643 2826 697 nescientes
2851 643 3084 695 animam
3124 656 3246 710 quae
3276 642 3440 696 semel

1864 737 2178 792 Conditoris
2230 737 2313 791 sui
2351 744 2509 806 capta
2555 745 2639 791 est
2671 734 2966 798 desiderio,
3005 748 3307 802 earumque
3352 748 3440 787 re-

1867 843 1991 881 rum
2026 843 2148 896 quae
2175 826 2287 880 illic
2320 833 2447 880 sunt
2485 824 2892 895 pulchritudine
2924 823 3221 876 exbilarari
3251 837 3440 877 assue-

1866 916 1964 979 vit,
1995 930 2269 969 summum
2309 915 2444 968 illud
2479 915 2740 984 gaudium
2766 911 3207 978 et'alacritatem,
3245 925 3439 978 corpo-

1866 1023 2086 1062 rearum
2117 1007 2588 1076 perturbationum
2621 1005 3006 1061 vicissitudine
3049 1018 3159 1057 non
3205 1011 3438 1065 mutare,

1869 1099 1978 1152 imo
2007 1114 2130 1167 qua:
2177 1099 2391 1153 czeteris
2437 1106 2566 1153 sunt.
2602 1099 2852 1161 molesta,
2886 1097 2953 1151 ad
2999 1097 3198 1151 laetitiae
3249 1111 3424 1149 acces-

1867 1189 2077 1243 sionem
2105 1196 2444 1243 convertere.
2474 1189 2550 1260 (5)
2582 1188 2652 1244 Ut
2685 1190 2828 1244 enim
2861 1190 2920 1251 ii,
2950 1191 3148 1259 quibus
3177 1190 3323 1242 oculi
3354 1189 3435 1241 in-

1867 1280 2008 1333 ﬁrmi
2043 1288 2194 1343 sunt,
2226 1280 2450 1334 obtutus
2474 1296 2604 1336 suos
2645 1296 2675 1335 a
2700 1281 2864 1335 rebus
2893 1282 3059 1336 nimis
3093 1280 3310 1351 fulgidis
3338 1282 3434 1337 de-

1866 1369 2111 1437 ﬂectunt,
2150 1386 2353 1440 eosque
2380 1370 2572 1426 ﬂorum
2604 1380 2659 1427 et
2698 1373 2991 1427 herbarum
3024 1380 3274 1428 recreant
3302 1388 3433 1426 con-

1867 1471 2058 1532 Spectu
2095 1463 2209 1517 :ita
2239 1479 2459 1534 quoque
2497 1481 2607 1518 non
2656 1465 2817 1519 debet
2849 1465 3030 1518 anima
3075 1481 3290 1536 semper
3330 1467 3434 1522 sibi

173 1570 265 1611 res
302 1557 491 1612 tristes
539 1572 744 1626 ponere
783 1560 854 1612 ob
897 1559 1107 1623 oculos,
1149 1573 1249 1612 nec
1277 1557 1483 1628 jugiter
1527 1557 1582 1612 in
1610 1555 1972 1627 prmsentibus
2007 1557 2265 1611 aerumnis
2291 1556 2473 1627 deligi,
2507 1556 2605 1612 sed
2647 1557 2789 1611 bona
2823 1573 2949 1612 vera
2998 1558 3292 1626 speculari.

243 1669 296 1723 4.
336 1669 402 1720 Αἱ
425 1670 533 1739 γάρ
552 1669 719 1724 λῦπαι
742 1672 840 1740 τὴν
861 1672 1058 1742 ψυχὴν,
1083 1673 1158 1736 ὡς
1195 1673 1256 1726 τὸ
1285 1674 1357 1726 πῦ
1367 1693 1396 1746 ρ
1417 1674 1509 1726 τὸν
1531 1673 1750 1744 χρυσὸν,

177 1758 530 1828 ἀπελέγχουσι
556 1777 569 1790 ·
609 1761 701 1813 καὶ
736 1761 814 1832 τῷ
860 1763 973 1816 ὄντι
1018 1767 1130 1827 τοῖς
1183 1765 1362 1828 καλῶς
1411 1782 1755 1836 παρεσκευα-

1929 1668 1984 1721 4.
2030 1669 2291 1723 Molestia:
2323 1669 2593 1740 siquidem
2629 1670 2896 1733 animum,
2949 1681 3007 1725 ut
3055 1670 3198 1740 ignis
3239 1684 3432 1723 aurum

1861 1759 2134 1828 probant:
2177 1759 2252 1830 (6)
2284 1768 2447 1830 atque
2491 1761 2675 1830 rcipsa
2715 1761 3054 1824 alllictiones,
3086 1761 3244 1830 quasi
3283 1775 3433 1830 qum-

179 1847 393 1916 σμένοις
423 1849 479 1900 αἱ
532 1848 739 1919 θλίᾲείς
793 1851 955 1903 οἱονεὶ
993 1853 1189 1923 τροφαί
1213 1853 1358 1917 τινές
1397 1855 1566 1918 εἰσιν,
1593 1853 1750 1924 ἀθλη-

1861 1849 1986 1903 dam
2009 1850 2266 1904 alimenta
2289 1866 2352 1905 ac
2376 1850 2645 1904 athleticze
2665 1851 3108 1914 exercitationes,
3141 1859 3270 1905 sunt
3292 1850 3433 1904 bene

176 1937 301 1988 τικά
333 1936 408 2007 (5)
432 1939 731 2008 γυμνάσια,
763 1941 854 1993 ἐπὶ
882 1940 982 2011 τὴν
1011 1941 1269 2014 πατρῴαν
1298 1941 1454 2006 δόξαν
1481 1943 1572 1996 τὸν
1606 1945 1753 2012 ἀγω-

169 2026 356 2096 νιστὴν
399 2029 845 2099 προϐιϐάζουσαι.
897 2032 964 2083 'II
995 2033 1052 2084 δὲ
1097 2034 1176 2095 είς
1205 2033 1342 2100 ἄγαν
1369 2035 1640 2104 κατήφεια
1665 2035 1752 2104 γί-

177 2134 323 2169 νεται
359 2118 458 2189 τῆς
488 2120 764 2192 ἁμαρτίας
792 2123 963 2186 αἰτία,
997 2123 1098 2193 τῆς
1126 2124 1222 2194 μὲν
1251 2125 1426 2195 λύπης
1461 2125 1752 2195 βαπτιζού-

177 2225 272 2279 σης
293 2209 387 2262 τὸν
407 2211 534 2264 νοῦν
565 2213 659 2264 καὶ
688 2213 997 2284 ἀμηχανίας
1026 2215 1363 2286 ἐμποιούσης
1397 2215 1624 2286 ἴλιγγον,
1653 2217 1754 2289 τῆς

170 2295 229 2347 ’δὲ
257 2297 494 2370 ἀπορίας
517 2299 625 2353 τῶν
659 2300 936 2372 λογισμῶν
967 2303 1064 2375 τὴν
1093 2305 1418 2376 ἀχαριστίαν
1444 2305 1752 2375 ἀπογεννὼ-

177 2403 292 2457 σης.
335 2390 570 2462 Αίσχρὸν
603 2388 717 2459 οὖν,
745 2394 987 2463 εὐλογεῖν
1021 2397 1120 2466 μὲν
1165 2399 1312 2468 ἡμᾶς
1349 2401 1440 2451 ἐπὶ
1466 2403 1578 2463 τοῖς
1619 2418 1754 2472 χρη-

175 2479 480 2551 στοτέροις,
524 2485 735 2555 σιωπᾷν
760 2485 817 2537 δὲ
845 2486 938 2538 ἐπὶ
979 2489 1093 2550 τοῖς
1133 2489 1600 2560 σκυθρωποτέροις
1658 2492 1753 2544 καὶ

172 2571 452 2635 ἐπιπόνοις
486 2574 827 2645 πράγμασιν.
869 2577 1032 2631 Ἀλλά
1060 2579 1178 2632 τότε
1207 2581 1301 2632 καὶ
1341 2581 1500 2634 πλέον
1533 2583 1753 2653 εὐχαρι-

173 2665 315 2716 στεῖν
342 2663 444 2726 δεῖ,
477 2665 704 2730 εἰδότας,
729 2669 812 2720 ὅτι
851 2670 951 2721 ’⁸ον
964 2669 1172 2738 ’ἀγαπᾷ
1192 2672 1430 2738 Κύριος,
1462 2674 1747 2739 παιδεύει,

165 2754 449 2824 μαστιγοῖ
503 2754 572 2808 δὲ
615 2757 810 2811 πάντα
853 2759 990 2812 υἱὸν
1035 2760 1108 2814 ὃν
1165 2762 1581 2832 παραδέχεται.
1643 2766 1752 2819 Καὶ

173 2844 359 2914 ῥύεται
393 2847 456 2899 ἐκ
501 2846 734 2917 θλίψεως
772 2849 898 2914 τοὺς
939 2852 1129 2920 ἁγίους
1172 2855 1338 2907 αὐτοῦ
1390 2857 1418 2907 ό
1450 2856 1600 2921 Θεὸς,
1651 2859 1750 2912 ούκ

170 2936 567 3008 ἀδοκιμάστους
594 2941 790 3005 αὐτοὺς
817 2943 1266 3014 καταλιμπάνων,
1307 2946 1444 2999 ἀλλά
1481 2949 1581 3018 τὴν
1617 2950 1749 3002 ὑπο-

173 3031 337 3102 μονὴν
371 3033 555 3096 αὐτοῖς
594 3035 971 3106 χαριζόμενος.
1017 3039 1079 3090 Εἰ
1111 3037 1218 3109 γὰρ
1249 3041 1282 3107 ἡ
1316 3039 1494 3110 θλίψις
1528 3041 1748 3114 ⁸ὑπομο-

169 3122 264 3192 νὴν
319 3125 742 3196 κατεργάζεται,
796 3129 830 3199 ή
877 3129 932 3180 δὲ
973 3129 1216 3200 ὑπομονὴ
1271 3130 1535 3202 δοκιμήν’
1586 3135 1614 3186 ὁ
1652 3134 1750 3206 τὴν

1861 1941 2177 2011 praeparatis
2208 1949 2370 2012 atque
2399 1941 2686 1996 instructis
2721 1961 2733 1994 :
2767 1956 2889 2011 quae
2920 1941 3183 1995 athletam
3233 1937 3301 1992 ad
3333 1953 3433 2008 p1-

1860 2038 2070 2085 ternam
2113 2033 2343 2101 gloriam
2375 2029 2672 2087 deducunt.
2715 2031 2792 2104 (7)
2826 2031 3007 2086 Nimia
3049 2046 3176 2086 vero
3211 2029 3434 2084 tristitia

1859 2133 2028 2172 causa
2069 2118 2127 2172 lit
2165 2120 2397 2190 peccati,
2433 2122 2578 2191 quod
2620 2121 2900 2189 demergat
2926 2127 3165 2173 mentem
3206 2131 3431 2182 mmror,

1861 2206 2191 2278 inducatque
2220 2209 2538 2277 vertiginem
2563 2209 2894 2279 desperatio,
2929 2217 2982 2265 et
3010 2211 3202 2263 vitium
3233 2210 3430 2280 ingrati

1861 2300 2029 2352 animi
2064 2301 2239 2369 pariat
2272 2302 2486 2356 consilii
2537 2303 2741 2372 in0pia.
2791 2302 2866 2374 (8)
2897 2302 3080 2372 Turpe
3128 2312 3212 2358 est
3265 2305 3432 2374 igitur

1859 2402 1960 2442 nos
1990 2388 2312 2443 benedicere
2364 2389 2421 2443 in
2473 2392 2638 2445 rebus
2681 2391 2963 2453 secundis,
3006 2391 3171 2445 silere
3207 2405 3337 2445 vero
3376 2392 3431 2444 in

1861 2481 2116 2536 tristibus
2153 2489 2204 2534 et
2241 2482 2506 2537 adversis.
2535 2483 2649 2538 Iino
2677 2491 2808 2538 tunc
2851 2486 3016 2538 etiam
3060 2483 3265 2553 gratias
3298 2483 3432 2538 ube-

1859 2571 2035 2626 riores
2067 2587 2230 2640 agerc
2265 2581 2499 2642 Oportet,
2539 2589 2663 2627 cum
2706 2575 3042 2637 noverimus,
3074 2573 3222 2644 quod
3264 2573 3432 2638 Quem

1859 2662 2034 2732 diligit
2093 2663 2388 2725 Dominus,
2439 2666 2691 2734 castigat,
2734 2665 2972 2735 ﬂagellat
3005 2675 3184 2719 autem
3228 2681 3430 2720 omnem

1859 2756 2030 2825 ﬁlium
2079 2771 2229 2824 quem
2276 2756 2460 2824 recipit
2480 2756 2546 2812 '7.
2598 2754 2676 2828 (9)
2723 2756 2913 2826 Itaque
2976 2756 3173 2811 liberat
3216 2772 3283 2812 ex
3326 2758 3432 2811 tri-

1858 2848 2139 2903 bulatione
2182 2856 2404 2905 sanctos
2450 2863 2581 2904 suos
2629 2849 2793 2916 Deus,
2832 2864 2944 2904 non
2992 2851 3135 2918 quod
3176 2848 3301 2904 illos
3347 2849 3430 2905 ci-

1857 2945 1942 2992 tra
1993 2939 2370 3007 probationem
2419 2940 2716 3010 relinquat,
2775 2941 2868 2996 sed
2920 2940 3066 3011 quod
3110 2940 3428 3010 patientiam

1858 3027 1995 3098 ipsis
2035 3028 2320 3098 largiatur.
2355 3027 2497 3097 ‘Nam
2549 3031 2593 3084 si
2625 3031 2906 3085 tribulatio
2934 3030 3254 3100 patientiam
3302 3045 3430 3100 ope~

1857 3127 2033 3184 ratur,
2071 3121 2330 3189 patientia
2364 3137 2494 3176 vero
2537 3123 2913 3190 probationem
2935 3124 3020 3176 ’κε
3057 3121 3150 3192 qui
3202 3121 3430 3176 tribula-

168 3210 345 3283 θλίψιν
365 3215 787 3287 ἀφαιρούμενος,
818 3218 920 3288 τῆς
959 3219 1188 3291 δοκιμῆς
1217 3222 1411 3274 ἑαυτὸν
1443 3223 1750 3295 ἀπεστέρη-

1861 3210 2060 3263 tionem
2090 3210 2375 3274 detrectat,
2407 3211 2731 3280 probatione
2758 3227 2817 3266 se
2850 3212 2964 3280 ipse
3002 3213 3199 3281 privat.
3228 3207 3430 3277 Quem-

170 3321 280 3358 σεν.
317 3306 409 3368 Ὠς
437 3303 530 3362 οὖν
561 3309 736 3372 οὐδεὶς
769 3311 1126 3378 στεφανοῦται
1161 3313 1288 3365 ἄνευ
1321 3313 1743 3383 ἀνταγωνιστοῦ,

168 3393 340 3459 οὕτως
381 3397 501 3450 οὐδὲ
537 3399 759 3468 δόκιμος
789 3400 1166 3472 ἀποφανθῆναι
1193 3402 1417 3455 δύναται
1459 3406 1507 3457 εί
1552 3405 1628 3477 μὴ
1668 3406 1745 3474 (4)

165 3485 252 3540 διὰ
285 3486 537 3558 θλίψεων.
583 3491 679 3544 Ἐκ
731 3490 921 3544 πασῶν
941 3487 1043 3545 οὖν
1085 3492 1192 3545 τῶν
1252 3492 1482 3564 θλίψεων
1526 3495 1746 3566 ῥύσεται

169 3578 385 3644 αὐτοὺς,
409 3580 531 3651 οὒχὶ
561 3580 634 3651 μὴ
666 3581 770 3634 ἐῶν
797 3582 996 3646 αὐτοὺς
1042 3581 1338 3650 θλίὸεσθαι,
1375 3584 1510 3638 ἀλλά
1538 3587 1634 3639 σὺν
1671 3585 1748 3656 τῷ

168 3669 463 3740 πειρασμῷ
491 3671 585 3723 καὶ
612 3671 710 3742 τὴν
739 3671 962 3725 ἔκϐασιν
999 3672 1092 3726 τοῦ
1122 3673 1380 3727 δύνασθαι
1426 3676 1749 3744 ὑπενεγκεῖν

167 3759 546 3832 χαριζόμενος.
596 3763 652 3815 '0
675 3762 732 3815 δὲ
756 3763 931 3831 λέγων
960 3761 1034 3834 μὴ
1064 3763 1293 3834 πρέπειν
1335 3764 1413 3836 τῷ
1435 3765 1626 3836 δικαίῳ
1651 3765 1750 3838 τὴν

167 3850 367 3921 Θλίψιν,
402 3853 552 3905 οὐδὲν
582 3852 766 3924 ἕτερον
794 3854 962 3924 λέγει,
989 3855 1022 3926 ἢ
1065 3856 1140 3926 μὴ
1171 3856 1432 3928 ἁρμόζειν
1475 3857 1553 3928 τῷ
1585 3857 1750 3929 ἀθλη-

165 3945 230 4014 τῇ
261 3945 687 4016 ἀνταγωνιστήν.

234 4119 288 4173 5.
334 4119 486 4173 Ἐπεὶ
527 4121 585 4176 δὲ
613 4122 769 4196 φέρει
810 4124 1167 4197 παραμυθίαν
1209 4124 1603 4200 ὀδυρομένοιςή
1636 4146 1748 4182 κοι-

167 4209 332 4264 νωνία
359 4211 470 4264 τῶν
515 4215 858 4286 στεναγμῶν,
889 4217 1310 4287 ὲπιστυγνάζειν
1345 4220 1440 4290 μὲν
1464 4222 1584 4282 ταῖς
1612 4237 1750 4291 συμ-

167 4303 361 4370 φοραῖς
386 4302 497 4356 τῶν
518 4306 864 4362 πεπονθότων
893 4307 1205 4362 ἀκόλουθον.
1233 4308 1389 4362 υῦτω
1415 4310 1525 4381 γὰρ
1553 4311 1747 4365 ἑαυτὸν

167 4392 423 4464 οίκειώσῃ
471 4399 584 4460 τοῖς
633 4398 922 4468 πάσχουσι,
982 4400 1057 4472 μὴ
1109 4400 1596 4471 καθιλαρευόμενος
1640 4402 1749 4455 τῶν

171 4484 485 4557 συμφορῶν,
519 4487 655 4558 μηδὲ
696 4491 1066 4561 ἐναδιαφορῶν
1094 4495 1208 4556 τοῖς
1246 4492 1545 4564 ἀλλοτρίοις
1581 4492 1748 4562 ἀλγή-

1845 3299 2138 3355 ιιάιςιιοιΙιιιῐι
2170 3317 2300 3372 ergo
2346 3318 2505 3356 nemo
2553 3311 2854 3357 coronatur
2908 3303 3028 3358 sine
3063 3303 3379 3358 adversario
3412 3323 3427 3359 :

1845 3389 1926 3444 sic
1971 3405 2150 3459 neque
2191 3391 2453 3460 probatus
2505 3391 2794 3461 quisquam
2849 3391 3194 3462 pronuntiari
3229 3399 3428 3461 potest,

1845 3480 1950 3534 nisi
1978 3496 2074 3549 per
2099 3479 2505 3535 tribulationes.
2535 3483 2614 3536 Ex
2635 3483 2892 3538 omnibus
2921 3483 3087 3553 igitur
3121 3483 3428 3537 tribulatio-

1847 3569 2009 3624 nibus
2054 3571 2204 3639 ipsos
2239 3579 2414 3636 eruet,
2447 3587 2554 3625 non
2599 3572 2747 3640 quod
2789 3573 3034 3628 divexari
3081 3588 3178 3629 eos
3209 3588 3318 3627 non
3353 3574 3427 3626 si-

1847 3670 1963 3724 nat,
2001 3661 2097 3715 sed
2137 3661 2284 3731 quod
2324 3678 2451 3715 eum
2500 3666 2804 3718 tentatione
2842 3665 3048 3718 exitum
3093 3667 3255 3720 etiam
3290 3681 3427 3736 pra:-

1846 3749 1993 3815 heat,
2023 3751 2161 3805 adeo
2196 3762 2256 3805 ut
2285 3751 2429 3808 ferre
2453 3753 2673 3807 valeant
2695 3756 2762 3809 ’9.
2790 3754 2893 3820 Qui
2919 3771 3050 3810 vero
3079 3755 3426 3812 alIlictionem

1842 3838 1996 3909 justo
2037 3841 2263 3896 minime
2308 3844 2602 3900 convenire
2653 3847 2871 3912 asserit,
2912 3847 3048 3900 nihil
3099 3845 3249 3901 aliud
3293 3847 3429 3903 dicit

1845 3945 2009 3998 quam
2040 3931 2260 3988 athleta
2287 3948 2398 3987 non
2425 3948 2728 4006 congruere
2757 3935 3136 3990 adversarium
3165 3951 3292 3990 cum
3313 3953 3424 3992 auo

1845 4021 2106 4077 decertet.

1917 4114 2076 4186 545
2103 4115 2156 4170 5.
2191 4115 2301 4186 (10)
2339 4115 2606 4182 Quoniam
2656 4130 2787 4170 vero
2837 4115 3072 4171 societas
3125 4115 3424 4186 gemituum

1846 4205 2003 4261 allert
2040 4207 2297 4262 solatium
2328 4209 2665 4278 lugentibus,
2700 4224 2799 4278 par
2831 4207 2995 4263 fuerit
3027 4209 3092 4262 de
3117 4209 3312 4264 alienis
3341 4225 3425 4264 ca-

1846 4297 2182 4354 lamitatibus
2209 4314 2273 4353 ac
2304 4299 2565 4354 aerumnis
2600 4298 3000 4370 amictari.(ll)
3026 4298 3161 4354 Nam
3192 4300 3295 4355 hoc
3326 4315 3424 4370 pa-

1846 4398 1936 4444 cto
1961 4390 2292 4446 amictorum
2317 4391 2718 4447 conciliaturus
2744 4392 2841 4446 tibi
2873 4407 2932 4446 es
2964 4391 3421 4457 benevolentiam,

1847 4497 2024 4549 neque
2065 4483 2293 4538 hilarem
2329 4493 2381 4537 te
2425 4484 2721 4540 ostendens
2769 4486 2842 4542 ob
2885 4499 3076 4539 eorum
3121 4485 3422 4540 adversita-

169 4589 357 4642 μασιν.
391 4577 465 4628 Οὐ
495 4577 600 4648 μὴν
629 4579 938 4652 περαιτέρω
973 4597 1035 4648 γε
1071 4562 1631 4652 συνεκφέρεσθαιτοῖς
1656 4580 1748 4634 λυ-

1861 4582 1954 4637 Lcs,
2007 4590 2184 4644 neque
2219 4575 2451 4630 alienam
2497 4576 2848 4631 alIlictionem
2883 4575 3258 4632 indill‘erenter
3297 4591 3421 4646 per-

165 4664 463 4735 πουμένοις
512 4670 810 4738 προσῆκεν,
843 4669 984 4722 ὥστε
1013 4670 1048 4739 ἢ
1081 4670 1399 4740 συνεκϐοᾷν,
1440 4668 1474 4740 ἢ
1514 4670 1744 4742 συνθρη-

164 4755 274 4804 νεῖν
313 4752 392 4823 τῷ
431 4756 742 4820 πεπονθότι,
786 4757 820 4828 ἢ
875 4760 934 4812 ἐν
979 4760 1092 4822 τοῖς
1133 4758 1434 4830 ἀλλοτρίοις
1463 4760 1745 4830 μιμεῖσθαι

163 4845 257 4896 καὶ
289 4843 488 4914 ζηλοῦν
530 4845 622 4900 τὸν
656 4847 1028 4919 ὲσκοτωμένον
1061 4848 1168 4901 ὑπὸ
1220 4848 1313 4901 τοῦ
1358 4847 1586 4912 πάθους,
1631 4842 1742 4901 οἷον

231 5042 279 5073 ’⁷
313 5040 477 5096 Hebr.
513 5057 608 5106 xu,
647 5041 697 5096 θ.
773 5041 819 5073 ⁸⁸
853 5039 1009 5096 Rom.
1049 5055 1103 5105 v,
1137 5041 1190 5094 5.
1265 5040 1310 5072 ⁸⁹
1339 5037 1359 5092 I
1391 5037 1518 5096 Cor.
1556 5057 1610 5106 χ,
1644 5041 1725 5095 15.

233 5237 313 5308 (1)
341 5236 709 5308 Διᾳσώζοντι.
744 5237 835 5292 Sic
866 5244 1094 5307 uterque
1137 5235 1332 5308 codex.
1362 5234 1505 5308 Editi
1546 5235 1742 5290 διασῶ-

166 5306 259 5370 ζόν
287 5325 360 5360 τι.
403 5307 583 5363 Minus
645 5308 931 5364 commode
962 5306 1272 5371 contextus,
1303 5306 1569 5369 διασῶζον
1599 5308 1741 5362 rele-

165 5378 336 5448 rendo
369 5378 432 5430 ad
468 5378 646 5448 μέλος.

237 5447 316 5513 (2)
355 5444 480 5500 οὐκ
509 5447 750 5512 ειδότες.
785 5445 908 5500 Haec
937 5447 1099 5502 verba
1138 5461 1311 5516 usque
1355 5444 1424 5499 ad
1455 5444 1736 5514 ποιήσεται

165 5531 276 5569 non
310 5525 519 5584 reperta
560 5517 615 5571 in
647 5527 927 5571 contextu.

238 5586 337 5668 (5),
355 5582 688 5653 Ἀθλητικὰ.
723 5587 942 5658 Legitur
962 5585 1014 5639 in
1034 5591 1312 5647 contextu,
1337 5582 1623 5651 ἀθλητικαὶ
1645 5585 1737 5636 καὶ

280 5671 459 5707 νασια..

163 5671 546 5795 γυῗῦαῗῗλιή.
586 5724 763 5779 Prima
799 5725 988 5780 vocula
1042 5724 1222 5780 addita
1271 5739 1337 5778 ex
1385 5729 1642 5776 contextu
1684 5731 1736 5776 et

1850 4666 2051 4722 ferens.
2092 4667 2312 4724 Minime
2343 4677 2524 4724 tamen
2551 4669 2808 4724 convenit
2840 4668 3139 4724 dolentium
3183 4667 3420 4723 miseriis

1849 4759 1972 4826 plus
2011 4773 2168 4828 aequo
2215 4760 2571 4822 commoveri,
2615 4759 2697 4815 sic
2732 4765 2788 4812 ut
2819 4765 2913 4811 aut
2959 4758 3293 4820 conclames,
3325 4764 3420 4810 aut
3484 4771 3486 4776 '

1847 4849 2034 4918 lugeas
2063 4865 2186 4904 cum
2215 4850 2494 4917 amictato,
2528 4859 2622 4904 aut
2645 4850 2837 4904 alienis
2870 4850 2926 4903 in
2956 4851 3118 4905 rebus
3143 4849 3418 4903 hominem

1851 5237 2016 5306 Regio
2032 5233 2250 5306 codice.
2286 5233 2594 5306 Paulopost
2613 5235 2754 5290 idem
2781 5237 2976 5299 codex,
3008 5234 3215 5306 ῥύεται.

1916 5303 1997 5376 (ῖεὶ)
2028 5304 2108 5376 Ex
2147 5305 2297 5376 hom.
2323 5303 2409 5376 De
2448 5303 2744 5376 gratiarum
2775 5303 3119 5376 actione,'52.

1918 5374 1994 5441 (6)
2035 5375 2112 5428 lix
2147 5374 2292 5430 hom.
2315 5375 2370 5426 in
2391 5375 2530 5441 psal.
2571 5390 2762 5436 xxxnl,
2797 5375 2919 5430 145.

1915 5441 1992 5513 (7)
2032 5442 2110 5498 Ex
2144 5444 2290 5498 hom.
2318 5441 2384 5496 In
2409 5444 2601 5512 fantem
2624 5453 2671 5496 et
2698 5445 3006 5509 siccitatem,
3041 5443 3130 5498 68.

1938 5511 1990 5582 8)
2029 5515 2104 5568 Ex
2139 5515 2287 5569 hom.
2320 5515 2373 5566 in
2397 5511 2534 5582 psal.
2566 5530 2758 5578 xxxut,
2793 5515 2916 5569 144.

1938 5519 1990 5582 8)
2029 5519 2104 5568 Ex
2140 5519 2287 5569 hom.
2320 5519 2354 5566 ii

1913 5519 2191 5653 (θυμω,
2235 5583 2357 5638 146.

1915 5651 2028 5726 (10)
2055 5651 2132 5726 ξιξ
2165 5653 2310 5726 hom.
2340 5655 2596 5726 Adversus
2619 5651 2850 5726 calumn.
2873 5651 3254 5726 S._Trinitatis,
3285 5651 3414 5714 609.

1915 5721 2028 5793 (11)
2070 5721 2146 5778 Ex
2171 5723 2390 5779 Iiom.in
2429 5732 2586 5777 mart.
2622 5721 2902 5794 Julittum,
2934 5723 3024 5780 M.
