3874 6224
423 321 448 373 1
457 322 559 376 287

1305 316 1669 374 APPENDIX.
1710 347 1782 359 —
1820 313 2166 371 SYMEONIS
2207 314 2748 370 METAPHRASTZE

3564 308 3710 361 1338

423 450 455 489 a
485 432 709 489 tristitia
736 432 1074 488 obcaecatum
1118 433 1352 489 imiteris
1382 434 1769 506 aemulerisque
1797 450 2014 490 :exem-

2122 433 2610 507 συγκαθειργνῦναι
2653 430 2845 486 ἑαυτὸν
2892 431 2989 484 καὶ
3027 427 3575 499 συμμελανειμονεῖν,
3611 429 3713 480 καὶ

428 526 711 596 plicausa,
743 527 787 579 si
824 540 929 578 una
974 540 1100 579 cum
1136 526 1258 595 ipso
1297 535 1351 581 te
1392 526 1509 595 ipse
1541 526 1812 591 includas,
1841 535 1895 582 et
1929 528 2015 580 in-

427 617 623 673 duaris
666 627 814 671 veste
856 625 996 685 atra,
1029 618 1073 670 si
1109 618 1312 687 pariter
1338 619 1523 687 jaceas
1565 620 1737 685 humi,
1769 636 2014 673 comam-

427 726 536 781 que
578 712 848 779 negligas.
875 708 956 762 Ex
999 710 1069 765 iis
1098 710 1245 764 enim
1278 712 1454 780 magis
1477 713 1680 766 crescit
1710 728 1874 782 quam
1903 712 2015 765 ele-

428 815 587 859 vatur
614 802 922 855 calamitas.
955 802 1031 872 (I)
1065 801 1320 855 Attamen
1361 802 1460 855 abs
1494 817 1554 855 re
1585 818 1694 856 non
1729 802 1913 859 fuerit.
1950 802 2017 855 iis

425 908 550 964 quae
583 894 842 948 accidunt
880 894 1029 964 angi,
1058 904 1111 947 et
1146 894 1309 947 tacite
1350 894 1417 947 de
1461 893 1714 948 adversis
1742 893 2013 956 aIIlictari,

427 986 505 1041 ita
532 993 592 1039 ut
623 1000 691 1040 ex
727 985 906 1052 vultu,
938 987 1033 1055 qui
1080 987 1412 1055 cogitatione
1456 985 1670 1039 deﬁxus
1711 988 1803 1048 sit,
1840 1002 2016 1055 exque

427 1077 719 1141 modestia,
747 1093 869 1147 quae
891 1079 1217 1147 gravitatem
1254 1077 1574 1144 adjunctam
1614 1078 1829 1139 habent,
1849 1079 2017 1130 animi

432 1170 689 1224 alI'ectum
728 1170 1025 1242 significes.
1063 1169 1164 1225 Ubi
1198 1181 1378 1224 autem
1414 1171 1478 1224 ad
1513 1171 1846 1239 colloquium
1886 1178 2016 1224 ven-

428 1270 542 1313 tum
571 1269 679 1325 est,
716 1276 827 1316 non
866 1262 1054 1316 statim
1079 1260 1145 1314 ad
1190 1263 1602 1332 obiurgationes
1637 1263 1894 1316 devenire
1922 1261 2018 1315 de-

430 1361 537 1416 cet,
595 1354 742 1408 velut
786 1353 1099 1423 jacentibus
1146 1354 1499 1408 insultantem
1549 1370 1613 1407 ac
1672 1353 2015 1407 illudentem.

431 1442 565 1497 Nam
595 1442 1008 1514 objurgationes
1042 1444 1111 1498 iis
1143 1458 1379 1512 quorum
1406 1444 1623 1498 animus
1652 1458 1762 1513 prae
1791 1444 2015 1498 tristitia

429 1536 731 1600 cruciatur,
777 1536 1023 1590 molesta:
1058 1542 1187 1589 sunt
1225 1543 1280 1589 et
1310 1550 1505 1604 graves
1539 1554 1551 1589 :
1584 1536 1857 1605 simulque
1895 1552 2016 1591 ser-

432 1645 624 1683 mones
654 1643 846 1684 eorum
880 1628 974 1698 qui
1017 1628 1172 1681 nullo
1204 1643 1432 1697 prorsus
1468 1628 1677 1682 doloris
1708 1644 1874 1683 sensu
1906 1628 2019 1683 alli-

429 1722 675 1783 ciuntur,
710 1735 852 1790 aegre
889 1719 1188 1773 audiuntur
1220 1735 1249 1771 a
1300 1721 1677 1781 maerentibus,
1729 1730 1784 1775 et
1823 1723 1890 1776 ad
1922 1738 2016 1778 eos

428 1810 798 1866 consolandos
822 1811 928 1863 vim
951 1827 1061 1865 non
1082 1809 1285 1864 habent
1305 1811 1690 1880 persuadendi.
1718 1813 1793 1881 (εὶ)
1813 1813 2015 1879 Quem-

430 1904 725 1957 admodum
768 1902 914 1957 enim
960 1901 1121 1956 oculo
1168 1901 1504 1956 inﬂammato
1534 1903 1886 1957 lenimentqu
1930 1905 2015 1958 vel

429 1994 789 2050 tenerrimum
819 1991 1069 2046 dolorem
1100 1990 1293 2056 alicrt;
1332 1993 1406 2045 ita
1446 1993 1643 2048 anima:
1677 1994 1828 2063 gravi
1879 2010 2016 2049 moe-

430 2102 554 2142 rore
609 2084 840 2149 amicta},
878 2083 1096 2138 etiamsi
1140 2084 1373 2137 multum
1410 2085 1594 2139 solatii
1632 2085 1769 2138 l‘erat
1814 2087 2012 2149 oratio,

429 2177 658 2232 molesta
692 2183 877 2230 tamen
905 2173 1315 2244 quodammodo
1345 2175 1586 2238 videtur,
1618 2175 1673 2229 in
1709 2176 1827 2245 ipso
1861 2177 2015 2231 dolo-

428 2269 506 2323 ris
559 2268 793 2322 articulo
840 2266 1102 2321 adhibita.
1157 2265 1237 2338 (5)
1292 2266 1525 2332 Quando
1573 2274 1756 2321 autem
1811 2268 2015 2323 videris

429 2360 652 2413 fratrem
685 2359 962 2427 lugentem
1004 2358 1075 2412 ob
1107 2365 1462 2428 peccatorum
1501 2359 1908 2428 paenitentiam,
1940 2360 2017 2413 la-

424 2465 679 2523 crymare
722 2466 848 2505 cum
883 2449 1020 2508 ~viro
1074 2450 1364 2519 ejusmodi,
1416 2466 1481 2504 ac
1529 2450 1677 2505 illius
1720 2453 2012 2505 connuise-

426 2558 619 2607 resce;
651 2552 782 2597 tunc
805 2541 1009 2597 etenim
1032 2540 1130 2597 tibi
1155 2541 1343 2597 licebit
1366 2558 1433 2596 ex
1459 2541 1620 2596 malis
1648 2541 1842 2596 alienis
1862 2551 2014 2595 tuum

430 2634 723 2703 corrigere.
767 2632 905 2687 Nam
936 2633 1033 2703 qui
1063 2631 1306 2688 fervidas
1336 2632 1608 2704 lacrymas
1656 2648 1756 2702 pro
1791 2642 2016 2702 peccato

429 2726 663 2796 proximi
716 2724 982 2793 effundit,
1041 2723 1172 2779 dum
1234 2724 1460 2779 fratrem
1524 2722 1718 2790 deﬂet,
1767 2724 2018 2785 medetur

430 2816 780 2887 sibimetipsi.
811 2814 962 2887 Luge
1003 2816 1215 2886 peccati
1262 2830 1454 2870 causa.
1493 2814 1704 2870 Animae
1750 2817 2018 2887 aegritudo

428 2919 512 2965 est
545 2920 855 2980 peccatum,
889 2924 1040 2966 mors
1072 2916 1158 2964 est
1186 2908 1383 2963 anima:
1429 2908 1783 2970 immortalis,
1819 2924 2017 2979 pecca-

428 3013 546 3056 tum
586 3003 737 3057 luctu
780 3010 945 3072 atque
993 2999 1309 3071 irrequietis
1341 2999 1597 3054 lamentis
1638 3001 1864 3072 dignum
1910 3008 2016 3057 est.

426 3094 510 3150 Ob
535 3095 642 3149 hoc
666 3095 841 3148 ﬂuant
875 3095 1134 3164 lacrymae
1155 3108 1370 3156 omnes,
1412 3106 1514 3147 nec
1546 3098 1764 3146 cessent
1790 3091 1918 3146 duci
1950 3108 2017 3147 ex

428 3195 650 3257 pectore
690 3187 802 3240 imo
836 3185 1096 3256 suspiria.
1129 3184 1221 3238 Sic
1251 3181 1515 3238 Jeretnias
1547 3182 1781 3238 deﬂebat
1818 3184 1913 3253 qui
1949 3202 2016 3238 ex

428 3278 632 3347 populo
672 3277 959 3348 peribant;
1001 3276 1258 3346 idemque
1295 3290 1422 3328 cum
1472 3275 1577 3330 sibi
1616 3275 1897 3331 naturales
1937 3276 2018 3329 la-

427 3385 630 3442 cryma:
651 3385 762 3425 non
787 3370 923 3425 satis
954 3377 1162 3433 essent,
1194 3369 1566 3439 lacrymarum
1597 3366 1805 3423 fontem
1842 3369 2021 3439 inqui-

425 3462 582 3516 rebat
611 3467 665 3514 et
699 3467 1000 3515 extremam
1025 3457 1370 3512 mansionem
1391 3456 1429 3511 ¹.
1468 3454 1577 3511 Pro
1622 3458 1883 3514 omnibus
1916 3473 2018 3514 au-

427 3562 538 3609 tem
584 3553 671 3607 his
702 3551 908 3623 gratias
961 3566 1188 3620 agemus
1236 3548 1457 3604 Christo
1504 3548 1617 3604 Deo
1661 3560 1874 3616 nostro,
1924 3553 2017 3607 cui

427 3646 663 3700 debetur
694 3645 873 3700 omnis
906 3643 1102 3714 gloria,
1131 3642 1308 3696 honor
1356 3651 1412 3697 et
1455 3642 1728 3710 adoratio,
1769 3644 2017 3702 simulet

2044 3097 2153 3197 αὴ

2115 528 2289 598 χαμαὶ
2324 526 2717 598 συγκαθῆσοαι,
2746 524 2839 577 καὶ
2873 523 3076 593 κουρᾶς
3095 521 3337 591 ἀμελεῖν.
3378 520 3477 573 Ἐκ
3500 520 3711 572 τούτων

2114 618 2224 690 γὰρ
2261 619 2551 673 ἐπιτείνειν
2586 616 2786 687 μᾶλλον
2825 614 2942 668 ἔστι
2984 615 3087 686 τὴν
3130 610 3440 681 συμφορὰν,
3478 610 3513 680 ἦ
3542 628 3714 663 κατα-

2116 710 2401 781 πραΰνειν.
2439 708 2598 762 vim
2630 707 2922 762 δάκνεσθαι
2971 707 3069 776 μὲν
3102 704 3208 757 ὑπὸ
3234 703 3345 755 τῶν
3378 703 3711 771 γινομένων,

2116 801 2211 853 καὶ
2241 801 2417 871 ἡσυχῆ
2464 802 2577 863 τοῖς
2626 799 2893 870 λυπηροῖς
2936 794 3353 863 ὲπιστυγνάζειν
3405 793 3703 863 προσῆκενὶ

2116 893 2173 943 ὲν
2206 892 2425 963 συννοίᾳ
2463 892 2779 963 προσώπου,
2813 891 2906 943 καὶ
2944 890 3233 959 σεμνότητι
3281 886 3450 956 βάρος
3484 886 3703 954 ἐχούσῃ.

2115 984 2176 1037 τὸ
2204 985 2301 1055 τῆς
2328 984 2507 1055 ψυχῆς
2541 985 2709 1046 πάθος
2747 984 2902 1052 διαση
2914 983 3192 1052 μαίνοντα.
3223 979 3610 1049 Φῢεγγόμενον
3634 978 3714 1041 δὲ,

2116 1077 2217 1130 οὐκ
2272 1077 2436 1140 εὐθὺς
2488 1077 2759 1146 ἐπιπηδᾷν
2808 1079 2928 1137 ταῖς
2980 1074 3335 1144 ἐπιτιμήσεσι
3394 1070 3716 1141 προσῆκεν,

2117 1169 2305 1241 ῶσπερ
2332 1168 2515 1224 ὲναλλί
2526 1187 2685 1238 μενον
2715 1169 2808 1221 καὶ
2846 1166 3241 1236 ὲπεμϐαίνοντα
3266 1166 3382 1226 τοῖς
3410 1162 3715 1233 κειμένοις.

2116 1261 2377 1333 Φορτικὸν
2416 1260 2525 1331 γὰρ
2556 1264 2668 1323 τοῖς
2703 1261 2807 1312 ὑπὸ
2833 1258 3009 1328 λύπης
3049 1258 3147 1326 τὴν
3171 1256 3350 1326 ψυχὴν
3379 1254 3713 1322 κεκακωμέ-

2117 1372 2228 1417 νοις
2266 1356 2299 1423 ἡ
2325 1354 2663 1423 ἐπιτίμησις,
2690 1350 2784 1405 καὶ
2821 1350 2937 1421 ἅμα
2964 1349 3399 1420 δυσπαράδεκτοί
3438 1350 3552 1400 εἱσι
3595 1349 3714 1409 κοῖς

2118 1447 2407 1516 κάμνουσι,
2435 1447 2530 1498 καὶ
2562 1446 2699 1515 πρὸς
2738 1443 3081 1515 παρηγορίαν
3124 1442 3380 1495 ἀπίθανοι
3417 1441 3535 1493 τῶν
3571 1441 3716 1493 ἀπα-

2119 1537 2228 1598 Οῶς
2283 1537 2602 1590 παντάπασι
2645 1536 3003 1605 διακειμένων
3046 1536 3093 1586 οἱ
3136 1533 3305 1601 λόγοι.
3347 1532 3569 1602 Ὠσπερ
3608 1531 3717 1601 γὰρ

2117 1630 2379 1701 ὀφθαλμῷ
2410 1629 2796 1700 φλεγμαίνοντι
2823 1629 2919 1681 καὶ
2945 1628 3005 1679 τὸ
3038 1628 3399 1681 ἁπαλώτατον
3432 1624 3549 1678 τῶν
3574 1641 3716 1691 παρ-

2120 1724 2488 1793 ηγορημάτων
2513 1721 2671 1774 ἀνίαν
2705 1723 2951 1792 ἐμποιεῖ·
2985 1720 3127 1772 οὕτω
3158 1721 3252 1772 καὶ
3283 1719 3433 1788 ψυχῇ
3472 1717 3581 1769 ὑπὸ
3605 1716 3715 1768 ϐλί-

2117 1814 2262 1881 ψεως
2292 1813 2513 1883 βαρείας
2554 1812 2940 1882 κεκακωμένῃ,
2983 1812 3087 1865 κᾶν
3121 1810 3322 1880 πολλὴν
3358 1808 3716 1881 παράκλησιν

2118 1901 2259 1972 φέρῃ
2296 1903 2324 1954 ὁ
2351 1901 2529 1968 λόγος,
2552 1901 2783 1972 ὀχληρός
2815 1918 2933 1964 πως
2965 1896 3102 1955 εἶναι
3133 1900 3278 1953 δοκεῖ
3311 1902 3372 1951 ἐν
3420 1901 3493 1969 τῇ
3551 1914 3711 1968 πεμ-

2116 1991 2319 2063 ωδυνίᾲ
2347 1992 2809 2064 προσφερόμενος.
2840 1993 3010 2045 ’Ὅταν
3060 1992 3115 2044 δὲ
3157 1992 3273 2063 ἴδῃς
3301 1990 3398 2042 ἐπὶ
3451 1988 3716 2061 μετανοίᾳ

2114 2083 2222 2137 τῶν
2246 2084 2654 2156 ἡμαρτημένων
2679 2084 2767 2137 τὸν
2792 2084 3019 2154 ἀδελφὸν
3042 2084 3389 2155 ὀδυρόμενον,
3432 2082 3712 2151 σύγκλαυ-

2120 2191 2209 2226 σον
2232 2173 2309 2244 τῷ
2336 2174 2584 2244 τοιούτῳ,
2615 2176 2710 2226 καὶ
2743 2174 2996 2245 σύμπαθε
3027 2173 3127 2242 (5)·
3159 2173 3251 2226 καὶ
3277 2173 3391 2243 γάρ
3426 2189 3515 2224 σοι
3549 2173 3717 2242 ὕπαρ

2117 2266 2195 2332 ξει
2223 2270 2281 2320 ὲν
2306 2267 2608 2339 ἀλλοτρίοις
2653 2267 2851 2321 πάθεσι
2904 2267 2965 2319 τὸ
3002 2268 3202 2320 οἰκεῖον
3245 2264 3713 2335 ἐπανορθοῦσθαι.

2128 2363 2187 2414 'U
2216 2361 2326 2433 γὰρ
2349 2362 2488 2433 ὑπὲρ
2511 2362 2608 2433 τῆς
2639 2362 2734 2414 τοῦ
2757 2361 2986 2431 πλησίον
3012 2360 3286 2431 ἁμαρτίας
3322 2360 3536 2430 θερμὸν
3587 2360 3718 2411 ἁπο-

2118 2453 2317 2517 στάξας
2349 2453 2602 2523 δάκρυον,
2629 2453 2822 2506 ἑαυτὸν
2854 2452 3126 2517 ἐξιὰσατο,
3160 2451 3227 2504 δι’
3252 2444 3329 2504 ὧν
3357 2450 3451 2503 τὸν
3488 2450 3718 2517 ἀδελςκιὶν

2117 2545 2463 2616 ἁπωδύρατο.
2504 2545 2677 2614 ’Υπὲρ
2720 2544 2994 2616 ἁμαρτίας
3027 2545 3204 2599 κλαῖε.
3234 2543 3386 2613 Αὕτη
3429 2543 3717 2614 ἀρρωστία

2114 2637 2315 2708 ψυχῆς,
2340 2636 2478 2710 αὕτη
2499 2637 2729 2701 θάνατός
2759 2640 2889 2691 ὲστι.
2906 2637 3008 2707 τῆς
3054 2636 3351 2699 ἀθανάτου,
3392 2635 3539 2705 αὓτη
3588 2637 3712 2686 πέει-

2117 2729 2244 2794 θους
2273 2730 2401 2795 ἀξία
2448 2732 2541 2784 καὶ
2578 2730 2829 2803 ὀδυρμῶν
2883 2730 3178 2799 ἀσιγήτων.
3218 2727 3346 2780 Ἐπὶ.
3391 2725 3571 2797 ταύτῃ
3611 2727 3715 2777 πᾶν

2116 2818 2353 2889 δάκρυον
2382 2819 2516 2890 ῥέοι,
2546 2820 2637 2873 καὶ
2665 2820 2740 2890 μὴ
2769 2819 3036 2871 διαλείποι
3088 2816 3393 2887 στεναγμὸς
3438 2819 3508 2870 ἐκ
3545 2816 3719 2887 μέσης

2117 2912 2344 2982 καρδίας
2400 2912 2882 2983 ἀναπεμπόμενος.
2937 2910 3126 2975 Οὕτως
3163 2911 3383 2963 ἔκλαιεν
3444 2909 3718 2981 Ἱερεμίας

2117 3004 2212 3057 ἐπὶ
2258 3006 2373 3067 τοῖς
2400 3004 2794 3074 ἀπολλυμένοις
2834 3002 2930 3056 τοῦ
2982 3002 3114 3057 λαοῦ
3137 3018 3153 3032 ·
3206 2996 3251 3070 ᾧ
3277 3019 3344 3069 γε
3382 3000 3581 3071 ἐπειδὴ
3622 3002 3717 3053 οἰκ

2161 3112 2279 3166 ρκει
2299 3095 2359 3150 τὸ
2381 3097 2445 3149 ὲκ
2471 3095 2684 3165 φύσεως
2698 3096 2953 3167 δάκρυον,
2972 3094 3155 3167 πηγὴν
3178 3093 3440 3163 ἐπεζήτει
3461 3092 3715 3164 δακρίνων

2120 3188 2216 3242 καὶ
2242 3188 2485 3259 σταθμὸν
2513 3187 2761 3258 ἔσχατον.
2803 3186 2975 3257 ’Υπὲρ
3004 3186 3063 3239 δὲ
3094 3185 3299 3239 τούτων
3334 3184 3600 3238 ἁπάντων
3630 3184 3713 3235 £5-

2120 3281 2541 3353 χαριστήσωμεν
2571 3278 2792 3350 Χριστῷ
2821 3276 2898 3349 τῷ
2920 3277 3039 3348 Θεῷ
3065 3280 3098 3348 ή
3110 3277 3247 3348 μῶν,
3282 3277 3367 3330 ὅτι
3390 3275 3551 3345 αὐτῴ
3580 3274 3710 3346 πρὲο

2119 3390 2212 3425 πει
2243 3373 2392 3425 πᾶσα
2428 3370 2578 3436 δόξα,
2604 3370 2741 3443 τιμὴ
2797 3370 2894 3424 καὶ
2944 3368 3340 3441 προσκύνησις,
3385 3369 3489 3420 σὺν
3514 3364 3594 3436 τῷ
3624 3366 3711 3417 ἀν-

2120 3465 2274 3536 άρχῳ
2302 3465 2500 3536 Πατρὶ,
2520 3462 2718 3533 καὶτῷ
2742 3462 2996 3533 παναγίῳ
3011 3462 3107 3515 καὶ
3136 3459 3390 3531 ζωοποιεῖ)
3412 3458 3709 3529 Πνεῦματι.

2120 3556 2217 3611 νῦν
2274 3557 2370 3611 καὶ
2419 3556 2541 3620 ἀεὶ,
2604 3554 2699 3609 καὶ
2747 3557 2829 3619 είς
2884 3555 3011 3619 τοὺς
3060 3552 3265 3617 αἰῶνας
3318 3551 3432 3606 τῶν
3480 3547 3708 3605 αἰώνων.

2135 3648 2335 3722 Ἀμήν.

427 3741 703 3813 principio
749 3740 963 3795 carenti
992 3739 1114 3810 ejus
1146 3738 1318 3805 Patri,
1366 3744 1421 3795 et
1464 3741 1814 3797 sanctissimo
1841 3742 2252 3818 viviﬁcantique
2272 3745 2525 3816 Spiritui,
2553 3758 2702 3799 nunc
2729 3750 2786 3800 et
2850 3758 3087 3812 seraper,
3153 3750 3211 3796 et
3274 3739 3331 3794 in
3378 3739 3591 3797 saecula
3612 3753 3708 3793 sa:-

426 3840 703 3893 culorum.
737 3836 934 3892 Amen.

518 3947 618 4002 DE
654 3947 1069 4004 PATIENI‘IA
1117 3947 1211 4002 ET
1246 3948 1913 4009 LONGANIMITATE.

1005 4060 1239 4116 SERMO
1278 4059 1427 4117 XIII.

499 4154 553 4207 1.
596 4151 673 4224 (4)
702 4151 875 4209 Nemo
913 4168 981 4208 ex
1016 4153 1175 4209 malis
1224 4169 1345 4225 quae
1384 4170 1584 4225 passus
1627 4163 1736 4223 est,
1770 4157 2014 4213 adduca-

426 4258 520 4305 tur
542 4259 602 4304 ut
632 4250 837 4319 cogitet
865 4266 929 4304 ac
958 4251 1107 4305 dicat
1135 4267 1223 4307 res
1244 4261 1465 4309 nostras
1487 4254 1835 4325 providentia
1865 4256 2017 4310 nulla

428 4339 747 4410 gubernari,
791 4356 970 4411 neque
1000 4341 1218 4397 Domini
1261 4343 1801 4401 administrationem
1844 4346 2021 4415 acju-

2225 3955 2411 4012 ΠΕΡΙ
2454 3953 2547 4005 r11
2555 3954 2657 4005 ΟΜ
2662 3952 2857 4004 ΟΝΙΙΣ
2900 3951 3033 4003 ΚΑΙ
3067 3949 3534 4002 ΜΑΙιῬΟΘΥΜΙΑ
3544 3952 3611 4002 Σ.

2735 4062 2953 4117 ΛΟΓΟΣ
2994 4061 3092 4115 II".

2197 4160 2249 4214 1.
2278 4159 2485 4231 Μηδεὶς
2515 4159 2572 4224 ἐξ
2616 4150 2691 4210 ὧν
2720 4153 2889 4207 ἔπαθε
2935 4153 3197 4224 λυπηρῶν
3228 4150 3539 4221 ἀναπεισθῇ
3568 4151 3713 4217 λογί-

2125 4251 2322 4306 σασθαί
2347 4270 2401 4305 τι
2431 4251 2527 4304 καὶ
2549 4249 2752 4318 λέγειν,
2780 4249 2856 4313 ὡς
2887 4246 2996 4320 ἄρα
3024 4244 3252 4315 οὐδεμία
3279 4243 3515 4314 πρόνοια
3531 4243 3713 4295 τάττει

2115 4342 2189 4396 τὰ
2210 4340 2334 4395 καθ’
2364 4342 2533 4413 ἡμᾶς,
2569 4339 2705 4411 μηδὲ
2731 4337 3110 4409 κατηγορείτω
3147 4338 3249 4406 τῆς
3272 4333 3597 4403 οἰκονομίας
3625 4332 3713 4385 το]

428 4430 634 4485 dticium
680 4432 896 4487 incuset
937 4432 1082 4490 :sed
1135 4432 1193 4488 in
1253 4436 1513 4490 athletam
1560 4434 1666 4492 Job
1713 4437 2014 4503 intueatur,

2122 4435 2395 4488 Δεσπότου
2434 4434 2529 4487 καὶ
2580 4431 2843 4503 κρίσεως⁸
2879 4429 2995 4483 ἀλλ’
3036 4430 3116 4492 εἰς
3154 4426 3247 4480 τὸν
3298 4425 3545 4495 ἀθλητὴν
3597 4422 3715 4477 Ἰὼὸ

430 4524 721 4593 ipsumque
746 4524 850 4579 sibi
880 4525 1277 4596 cogitationum
1308 4528 1600 4582 meliorum
1636 4529 2017 4584 consiliarium

431 4615 708 4669 adhibeat.
754 4612 990 4683 Reputet
1033 4617 1220 4670 omnia
1264 4632 1331 4671 ex
1363 4618 1559 4674 ordine
1594 4621 1920 4683 certamina,
1964 4620 2020 4674 in

429 4703 632 4775 quibus
658 4704 750 4759 ille
781 4705 956 4759 victor
991 4706 1226 4772 exstitit,
1259 4715 1313 4762 et
1344 4716 1480 4777 quot
1512 4708 1717 4778 jaculis
1747 4725 1778 4763 a
1800 4709 2020 4765 diabolo

429 4794 635 4865 petitus
683 4794 940 4850 letlialem
992 4796 1199 4851 nullam
1247 4798 1460 4868 plagam
1511 4799 1805 4868 acceperit.
1855 4798 2018 4872 546

430 4884 638 4941 Evertit
685 4886 906 4957 quidem
961 4886 1110 4943 illius
1147 4888 1507 4943 domesticam
1556 4892 2013 4961 prosperitatem,

429 4976 792 5048 eamdemque
825 4979 1057 5034 alternis
1088 4979 1484 5035 adversitatum
1532 4983 1744 5040 nuntiis
1780 4984 2016 5039 obruere

430 5075 719 5125 statuerat.
750 5069 892 5125 Cum
922 5071 1069 5125 enim
1100 5073 1251 5141 prior
1296 5073 1507 5128 cladem
1556 5074 1800 5145 aliquam
1834 5075 2013 5129 adhuc

428 5161 808 5229 amuntiaret,
841 5163 1072 5218 nuntius
1102 5165 1242 5219 alter
1270 5178 1452 5218 rerum
1477 5163 1813 5222 deteriorum
1836 5167 2012 5221 tristi-

429 5252 562 5306 tiam
608 5250 842 5307 aﬂ‘erens
891 5252 1145 5306 veniebat
1175 5271 1189 5307 .-
1225 5254 1479 5323 malaque
1538 5254 2010 5309 connectebantur

500 5408 517 5439 ¹
537 5405 742 5463 Jerem.
772 5423 852 5471 xi,
892 5408 947 5464 I.

526 5519 576 5601 ῃ
613 5518 694 5601 Ex
726 5520 872 5601 hom.
911 5521 969 5575 in
1002 5528 1162 5601 πίστι.
1191 5517 1466 5586 Julittam,
1497 5518 1589 5573 42.

438 5642 439 5645 η
500 5588 579 5657 (2)
613 5588 695 5644 Ex
733 5590 897 5660 epist.
927 5606 1004 5657 vr,
1034 5590 1123 5643 78.

500 5658 578 5727 (3)
618 5658 697 5713 Ex
721 5660 870 5714 hom.
900 5660 957 5714 in
984 5667 1142 5714 mart.
1173 5658 1457 5727 Julittam,
1491 5660 1585 5715 42.

506 5726 580 5799 μ)
620 5727 699 5783 Ex
745 5729 895 5784 hom.
948 5727 1102 5794 Quod
1154 5726 1449 5785 mundanis
1483 5728 1858 5785 adhwrendum
1906 5744 2009 5783 non

2121 4526 2323 4598 ὁράτω,
2356 4525 2605 4579 κάκεῖνον
2629 4522 2928 4595 σύμϐουλον
2957 4518 3222 4576 ποιείσθω
3250 4516 3347 4571 τοῦ
3376 4516 3711 4588 κρείττονος.

2134 4615 2563 4687 Ἀναλογιζέσθω
2581 4616 2709 4679 τοὺς
2734 4615 2955 4684 ἀγῶνας
2993 4614 3240 4673 ἅπαντας
3286 4609 3513 4679 ἐφεξῆς,
3545 4612 3608 4662 ὲν
3639 4603 3716 4671 οἷς

2121 4707 2330 4771 ἐκεῖνος
2377 4709 2671 4780 ἠρίστευσε
2691 4725 2705 4739 ο
2737 4707 2831 4760 καὶ
2870 4706 3059 4769 πόσοις
3092 4702 3303 4773 βέλεσιν
3331 4701 3441 4755 ὑπὸ
3475 4699 3576 4752 τοῦ
3606 4702 3716 4754 δια-

2122 4796 2279 4851 ϐόλου
2308 4797 2547 4869 βληθεὶς,
2572 4799 2673 4851 οὐκ
2694 4796 2914 4860 ἐδέξατο
2938 4793 3159 4865 καιρίαν
3185 4792 3428 4863 πληγήν.
3465 4792 3713 4862 Περιείλε

2124 4886 2223 4959 μὲν
2254 4886 2363 4959 γὰρ
2392 4886 2558 4942 αὐτοῦ
2588 4888 2687 4957 τὴν
2715 4886 3020 4957 εὐπραγίαν
3046 4885 3155 4938 τῶν
3182 4883 3425 4943 οἰκείων,
3453 4882 3713 4951 καταχῶο

2123 4996 2213 5032 σαι
2241 4978 2299 5032 δὲ
2325 4979 2488 5033 αὑτὸν
2518 4981 2638 5041 ταῖς
2679 4977 3001 5046 ἐπαλλήλοις
3025 4973 3136 5028 τῶν
3170 4972 3361 5028 κακῶν
3393 4972 3714 5027 ἐϐουλεύεσ-

2118 5087 2181 5123 το
2212 5071 2443 5141 φήμαις.
2478 5071 2599 5121 Ἔτι
2625 5068 2733 5139 γὰρ
2771 5068 2865 5121 τοῦ
2896 5068 3161 5140 προτέρου
3197 5065 3298 5137 τὴν
3330 5065 3548 5119 τοιάνδε
3586 5085 3649 5119 συ
3660 5087 3712 5135 μ-

2118 5162 2293 5234 φορὰν
2325 5161 2762 5230 ἐξαγγέλλοντος,
2797 5162 2985 5233 ἕτερος
3020 5160 3250 5230 ἄγγελος
3283 5160 3508 5230 ἤρχετο,
3540 5161 3712 5231 χειρό-

2117 5272 2222 5309 νων
2246 5254 2589 5327 πραγμάτων
2627 5255 2691 5325 (ξέ
2701 5272 2807 5327 ρων
2847 5255 3146 5326 κατήφειαν
3168 5270 3183 5285 ο
3222 5252 3479 5324 ἀλλήλοις
3501 5269 3565 5305 τε
3594 5254 3703 5304 ἐπι-

2113 5519 2206 5579 sit,
2242 5517 2372 5571 171.

2170 5587 2705 5670 (ὕλκαὶ.σ’ύμπιιθιιῖΓ
2738 5585 3193 5670 Ηφσοάὀίάξςῃυε
3213 5601 3278 5668 ex
3301 5585 3488 5642 codice
3508 5583 3700 5670 βρρξη.

2115 5655 2339 5728 Legitur
2384 5658 2440 5728 i_n
2487 5655 2746 5713 eontextu
2785 5658 2947 5727 hujus
3000 5656 3261 5712 editionis
3324 5656 3605 5726 συμπαοεί
3636 5655 3703 5727 ίῐ.

2120 5744 2184 5781 συ
2192 5726 2370 5799 μπάῦε
2381 5726 2440 5800 ι].
