3874 6224
297 337 436 391 ιιέὃθ

1388 344 1619 402 SERMO
1649 345 1786 403 Xlll.
1828 377 1897 387 —
1933 346 2020 400 DE
2055 344 2445 402 PATIENTIA.

3397 349 3539 406 1990

297 460 604 531 συνηπτετο
624 456 695 510 τά
716 457 884 521 δεινά,
912 460 1006 513 καὶ
1030 461 1128 531 τὴν
1152 462 1261 514 τῶν
1282 464 1542 534 κυμάτων
1569 465 1857 537 ἐπιδρομὴν

1970 466 2111 520 inter
2142 481 2221 529 se,
2250 472 2304 520 et
2351 464 2691 520 calamitates
2734 463 2995 520 ﬂuctuum
3032 466 3313 522 incursum
3350 468 3534 523 imita-

295 546 523 618 ἐζήλουν
563 550 620 602 αί
653 553 950 622 συμφοραὶ,
986 556 1078 605 καὶ
1116 556 1245 626 πρὶν
1277 554 1310 627 ἢ
1342 556 1613 625 παυθῆναι
1644 559 1706 611 τὸ
1735 559 1869 631 πρό-

295 656 454 709 τερον
492 640 760 712 δάκρυον,
810 643 998 714 ἐτέρου
1044 646 1349 717 προσήγετο
1389 648 1677 718 πρόφασις.
1720 648 1777 702 Ὁ
1812 648 1869 702 δὲ

295 729 484 805 ὥσπερ
513 750 596 797 τις
626 733 887 804 πρόϐολος
906 737 1167 805 εἱστήκει.
1201 738 1297 801 τὰς
1327 738 1418 792 τοῦ
1446 739 1712 810 χειμῶνος
1740 741 1870 793 ὑπο-

296 823 584 894 δεχόμενος
624 824 951 895 προσϐολὰς,
1001 827 1094 881 καὶ
1144 828 1372 883 ἀλλοιῶν
1425 832 1504 893 εἰς
1556 832 1728 901 ἀφρὸν
1760 832 1869 885 τῶν

299 915 568 985 κυμάτων.
609 917 710 988 τὴν
747 916 887 986 βίαν,
933 920 1026 972 καὶ
1080 920 1178 992 τὴν
1228 920 1545 993 εὐγνώμονα
1591 923 1727 990 πρὸς
1776 922 1867 974 τὸν

298 1008 577 1077 Δεσπότην
608 1009 757 1077 ἠφίει
784 1012 987 1081 φωνὴν,
1021 1014 1115 1066 καὶ
1144 1013 1297 1066 οὐδὲν
1332 1012 1440 1067 τῶν
1467 1015 1868 1085 συμϐαινόντων

296 1095 546 1167 δακρύων
577 1096 829 1166 ἠξίωσεν.
872 1100 1088 1172 Ἐπειδὴ
1130 1100 1186 1154 δὲ
1217 1096 1320 1173 ἧκέ
1357 1121 1440 1167 τις
1474 1104 1771 1172 ἀγγέλλων,
1793 1105 1869 1168 ὡς

296 1186 410 1247 τοῖς
448 1186 603 1238 παισὶ
623 1189 715 1240 καὶ
742 1191 859 1253 ταῖς
887 1188 1219 1261 θυγατράσιν
1249 1191 1641 1262 εὐωχουμένοις
1684 1192 1868 1246 ἐπετί-

297 1278 423 1344 ναξε
452 1277 669 1348 πνεῖ)μά
688 1296 739 1332 τι
774 1278 947 1350 βίαιον
983 1280 1046 1332 τὸ
1083 1280 1182 1350 τῆς
1213 1281 1548 1353 εὐφροσύνης
1579 1282 1864 1353 δωμάτιον,

294 1371 415 1421 τότε
444 1369 604 1440 μόνον
626 1370 725 1443 τὴν
750 1370 956 1441 ἐσθῆτα
978 1371 1250 1442 διέρρηξε,
1279 1373 1340 1425 τὸ
1365 1373 1464 1443 τῆς
1490 1372 1705 1442 φύσεως
1749 1374 1870 1425 ἐπι-

293 1457 640 1532 δεικνύμενος
671 1462 977 1533 συμπαθὲς,
1014 1465 1107 1517 καὶ
1143 1464 1224 1517 ὅτι
1264 1466 1445 1535 πατὴρ
1476 1467 1558 1536 εἴη
1589 1465 1867 1537 φιλόστορ-

294 1566 391 1619 γος
413 1545 495 1614 οἷς
522 1550 754 1623 ἔπραττε
788 1552 1233 1625 μαρτυρούμενος
1254 1571 1266 1583 ·
1310 1554 1405 1606 καὶ
1435 1556 1553 1616 ταῖς
1591 1553 1868 1606 εύσεϐέσιν

292 1642 532 1707 ἐκείναις
573 1647 778 1713 φωναῖς
829 1644 1048 1715 κοσμῶν
1086 1644 1146 1698 τὸ
1198 1644 1500 1715 γινόμενον,
1557 1645 1768 1715 ἔλεγεν·
1813 1646 1865 1698 Ὁ

293 1736 511 1803 Κύριος
535 1735 778 1800 ἔδωκεν,
809 1739 843 1791 ό
871 1738 1083 1805 Κύριος
1115 1737 1393 1806 ἀφείλετο
1413 1754 1426 1767 υ
1461 1737 1542 1804 ὡς
1568 1736 1649 1802 τῷ
1676 1736 1867 1805 Κυρίῳ

292 1826 527 1892 ἔδοξεν,
560 1829 711 1883 οὕτω
735 1828 831 1882 καὶ
852 1828 1088 1899 ἐγένετο
1107 1846 1119 1858 ·
1156 1831 1434 1901 μονονουχὶ
1454 1829 1676 1883 τοιαῦτα
1698 1829 1834 1901 βοῶν
1849 1849 1861 1862 ’
1897 1809 1937 1864 Β

306 1918 570 1991 Ἐκλήθην
596 1919 797 1991 πατὴρ,
825 1920 910 1988 ἐφ’
943 1921 1064 1973 ὅσον
1096 1921 1124 1973 6
1153 1920 1308 1973 τοῦτό
1349 1937 1418 1992 με
1466 1921 1698 1992 ποιήσας
1722 1921 1868 1975 ἐϐού-

290 2012 411 2065 λετο
438 2012 650 2084 χρόνον.
682 2012 961 2083 Περιελεῖν
997 2030 1098 2083 μου
1145 2012 1239 2065 τὸν
1284 2013 1349 2065 ἐκ
1409 2013 1507 2083 τῆς
1552 2014 1716 2084 γονῆς
1756 2013 1869 2067 στέ-

291 2120 460 2173 φανον
503 2103 861 2157 ἐϐουλεύσατο
909 2103 1093 2168 πάλιν,
1128 2105 1189 2157 οὐ
1220 2104 1555 2175 διαμάχομαι
1601 2106 1728 2177 περὶ
1757 2104 1866 2158 τῶν

293 2197 440 2251 ίδίων
471 2195 640 2267 αύτῷ.
663 2196 950 2268 Κρατείτω
974 2196 1034 2249 τὸ
1059 2195 1138 2267 τῷ
1177 2196 1421 2269 Δεσπότῃ
1453 2196 1641 2250 δοκοῦν
1659 2213 1672 2227 ’
1706 2197 1868 2260 αὑτός

288 2292 440 2343 ἐστιν
491 2290 522 2341 6
573 2287 815 2360 πλάστης
862 2288 954 2341 τοῦ
994 2288 1204 2357 γένους,
1240 2288 1351 2358 ἐγὼ
1390 2289 1449 2343 δὲ
1510 2289 1768 2360 ὄργανον·
1812 2291 1865 2343 τί

291 2396 361 2450 με
414 2378 519 2450 χρὴ
570 2378 756 2432 δοῦλον
796 2379 926 2433 ὄντα
959 2379 1329 2450 δυσχεραίνειν
1364 2380 1597 2447 ἀνόνητα
1627 2380 1727 2451 (1),
1770 2383 1866 2436 καὶ

291 2471 604 2540 μέμφεσθαι
640 2470 928 2542 ψῆφονιψ
971 2472 1033 2524 οὐ
1085 2470 1323 2542 δύναμαι
1367 2469 1515 2524 λύειν
1593 2472 1864 2539 Τοιούτοις

287 2562 380 2614 τὸν
410 2561 653 2616 διάϐολον
686 2564 715 2615 6
741 2562 950 2627 δίκαιος
984 2562 1338 2634 κατηκόντιζε
1384 2565 1645 2635 ῥήμασιν.
1685 2565 1867 2619 Ἐπει-

286 2652 353 2722 δὴ
394 2652 450 2706 δὲ
494 2650 654 2706 αὑτὸν
691 2653 925 2707 νικῶντα
979 2650 1087 2707 εἶδε
1136 2654 1298 2709 πάλιν
1349 2659 1378 2709 6
1434 2654 1724 2726 δυσμενὴς,
1771 2657 1866 2710 καὶ

285 2745 463 2799 οὐδενὶ
508 2745 710 2798 τούτων
742 2744 1059 2815 τιναχθῆναι
1087 2744 1411 2815 δυνάμενον,
1442 2746 1579 2818 αὐτῇ
1608 2750 1675 2818 τῇ
1702 2748 1866 2818 σαρκὶ

283 2833 347 2887 τὸ
380 2834 480 2905 τῆς
517 2833 713 2905 πείρας
764 2833 1011 2904 προσῆγε
1064 2834 1399 2906 μηχάνημα,
1449 2837 1542 2890 καὶ⁵
1591 2837 1651 2890 τὸ
1705 2838 1864 2909 σῶμα

289 2924 554 2997 μαστίξας
603 2926 861 2997 ἀρρήτοις
926 2924 1160 2996 πληγαῖς
1183 2964 1201 2992 ,
1261 2925 1557 2998 σκωλήκων
1618 2929 1862 2983 ἀναδίδο-

286 3015 412 3069 σθαι
458 3016 640 3086 πηγὰς
680 3013 741 3081 ἐξ
796 3014 961 3070 αὐτοῦ
1013 3014 1394 3086 παρεσκεύασε
1422 3034 1437 3049 ·
1479 3016 1574 3071 καὶ
1627 3018 1733 3073 τῶν
1765 3019 1863 3091 τῆς

1972 553 2190 619 bantur,
2222 562 2387 626 atque
2411 554 2729 625 priusquam
2760 555 2970 625 priores
2994 554 3249 627 lacrymze
3281 558 3538 613 sedaren-

1969 658 2077 710 tur,
2109 648 2337 702 aliarum
2389 646 2719 701 atterebatur
2755 647 2997 703 occasio.
3034 647 3141 704 Sed
3181 649 3273 704 ille
3328 656 3536 719 tempe-

1970 739 2125 793 statis
2158 747 2387 808 excepto
2432 738 2661 808 impetu,
2702 747 2756 793 et
2788 738 3055 793 undarum
3091 739 3142 793 vi
3178 739 3233 794 in
3283 755 3533 810 spumam

1968 836 2319 891 commutata,
2354 828 2503 883 velut
2526 828 2785 898 scopulus
2820 829 3021 893 stabat,
3052 830 3440 899 emittebatque
3467 828 3531 883 ad

1969 918 2257 975 Dominum
2295 932 2502 992 gratam
2530 920 2678 974 illam
2721 934 2933 985 vocem,
2965 936 3067 975 nec
3106 922 3402 991 quidquam
3438 937 3533 974 eo-

1969 1029 2089 1067 rum
2118 1029 2239 1083 qua:
2283 1011 2623 1076 accidebant,
2652 1014 2907 1085 lacrymis
2941 1014 3165 1084 dignum
3213 1014 3388 1068 duxit.
3431 1012 3532 1067 Ubi

1969 1120 2097 1159 vero
2143 1105 2362 1160 advenit
2389 1106 2484 1176 qui
2531 1115 2779 1159 narraret
2820 1105 3280 1175 quemadmodum
3312 1104 3435 1161 filiis
3480 1112 3535 1159 et

1969 1195 2183 1251 filiabus
2239 1198 2659 1254 convivantibus
2715 1198 2990 1251 violentus
3053 1199 3273 1266 quidam
3343 1206 3534 1252 ventus

1967 1289 2348 1344 oblectationis
2406 1289 2626 1343 domum
2678 1298 3134 1360 cenquassasset,
3182 1298 3313 1343 tunc
3357 1291 3533 1343 solum

1967 1382 2130 1437 scidit
2159 1391 2389 1445 vestem,
2417 1380 2711 1436 ostendens
2734 1382 3110 1437 condolentem
3147 1389 3419 1445 naturam,
3446 1388 3532 1433 at-

1966 1489 2072 1543 que
2124 1472 2192 1527 iis
2225 1471 2450 1542 agendis
2493 1470 2777 1525 declarans
2821 1479 3029 1540 patrem
3074 1486 3196 1526 esse
3226 1485 3285 1525 se
3331 1469 3533 1526 libero-

1966 1579 2088 1618 rum
2122 1569 2416 1629 amantem,
2453 1563 2671 1634 piisque
2702 1564 2811 1617 illis
2850 1562 3079 1618 vocibus
3106 1562 3250 1632 quod
3278 1574 3535 1618 evenerat

1967 1668 2171 1710 ornans
2199 1654 2414 1709 dicebat
2444 1674 2458 1710 :
2491 1655 2748 1709 Dominus
2790 1657 2953 1720 dedit,
2989 1654 3248 1709 Dominus
3268 1654 3484 1709 abstulit
3512 1670 3531 1708 :

1967 1749 2105 1800 sicut
2145 1745 2372 1800 Domino
2411 1746 2632 1814 placuit.
2671 1748 2749 1801 ita
2796 1757 2847 1801 et
2890 1748 3091 1814 factum
3131 1750 3250 1801 est’
3285 1757 3532 1801 :tantum

1966 1855 2077 1893 non
2113 1839 2357 1895 clamans
2393 1839 2448 1894 itt
2479 1839 2625 1896 hunc
2667 1841 2887 1895 modum
2919 1860 2930 1895 :
2960 1838 3121 1895 Pater
3148 1847 3375 1895 vocatus
3409 1854 3530 1894 sum

1966 1931 2095 1985 dum
2128 1931 2299 1985 voluit
2330 1930 2425 2000 qui
2471 1945 2557 1984 me
2590 1937 2798 2001 patrem
2845 1929 3046 1986 effecit.
3097 1928 3300 1984 Statuit
3340 1943 3534 1983 rursus

1967 2022 2172 2078 sobolis
2201 2021 2336 2076 mihi
2363 2036 2624 2077 coronant
2666 2020 2903 2084 auferre,
2935 2021 3078 2075 haud
3114 2037 3357 2092 repugno
3393 2037 3530 2090 qtm-

1966 2114 2150 2167 minus
2204 2128 2305 2167 sua
2381 2112 2615 2167 auferat.
2673 2109 2928 2167 Obtineat
2974 2111 3118 2181 quod
3166 2109 3398 2165 Domino
3455 2110 3534 2162 vi-

1967 2219 2087 2259 sum
2145 2211 2266 2269 est;
2315 2203 2431 2273 ipse
2480 2211 2564 2258 est
2616 2204 2834 2272 generis
2879 2202 3154 2266 conditor,
3220 2217 3320 2272 ego
3373 2216 3535 2271 orga-

1967 2313 2132 2363 num;
2168 2295 2299 2367 quid
2344 2310 2572 2351 necesse
2621 2303 2724 2359 est,
2768 2308 2961 2348 servus
3005 2308 3130 2347 eum
3171 2292 3295 2359 sim,
3348 2292 3532 2346 dolere

1964 2405 2051 2444 me
2082 2389 2307 2455 frustra,
2354 2402 2419 2443 ac
2465 2390 2533 2441 de
2576 2386 2845 2441 sententia
2874 2399 3036 2455 quam
3077 2400 3288 2454 nequeo
3317 2383 3529 2437 irritam

1964 2483 2180 2546 facere,
2226 2479 2525 2549 conqueri?
2565 2477 2762 2534 Verbis
2817 2477 3086 2547 ejusmodi
3138 2477 3294 2546 quasi
3331 2475 3532 2543 jaculis

1960 2575 2145 2644 justus
2203 2574 2295 2629 ille
2355 2573 2632 2627 diabolum
2678 2570 2942 2626 confodit.
3000 2568 3293 2638 Postquam
3348 2574 3530 2621 autem

1963 2670 2159 2721 iterum
2213 2665 2471 2719 inimicus
2532 2679 2655 2719 eum
2723 2662 2860 2716 vidit
2911 2676 3035 2715 esse
3078 2660 3373 2723 victorem,
3429 2670 3531 2711 nec

1965 2757 2075 2811 ulla
2107 2757 2299 2811 barum
2330 2769 2698 2811 rrumnarum
2738 2752 2958 2807 concuti
2994 2765 3176 2821 posse,
3212 2748 3530 2803 tentationis

1964 2848 2204 2902 admovit
2230 2846 2733 2900 machinamentum
2763 2842 2914 2897 carni
2947 2841 3074 2910 ipsi,
3105 2848 3158 2894 et
3180 2852 3410 2908 corpore
3445 2839 3529 2891 in-

1964 2938 2143 2993 fandis
2186 2936 2507 2992 vulneribus
2549 2949 2814 3006 percusso
2854 2932 3054 2998 effecit,
3110 2940 3167 2985 ut
3196 2947 3261 2986 ex
3293 2946 3358 2984 eo
3404 2946 3529 2983 νοτε

1965 3029 2129 3081 mium
2159 3026 2340 3083 fontes
2368 3028 2731 3092 scatur-irent;
2759 3025 3045 3094 virumque
3071 3038 3134 3077 ex
3158 3021 3306 3091 regio
3332 3019 3528 3073 throno

286 3106 562 3177 βασιλείας
581 3107 784 3178 θρόνων
804 3106 894 3160 τὸν
923 3106 1091 3179 ἄνδρα
1122 3105 1470 3176 καταγαγὼν,
1500 3109 1591 3162 ἐπὶ
1625 3110 1857 3182 κοπρίας

1963 3115 2332 3180 deturbatum,
2370 3116 2426 3169 in
2458 3115 2803 3186 sterquilinio
2838 3111 3145 3167 collocavit.
3176 3111 3266 3166 Ille
3289 3123 3418 3164 vero
3445 3109 3529 3163 vel

284 3198 537 3253 ἐκάθισεν
571 3199 668 3269 (2).
698 3198 757 3252 '0
776 3198 832 3251 δὲ
857 3198 950 3253 καὶ
970 3198 1231 3261 τοιούτοις
1251 3197 1574 3269 βαλλόμενος
1605 3199 1853 3266 πάθεσιν,

283 3289 538 3359 ἀκίνητος
577 3289 768 3359 ἔμενε·
815 3289 909 3342 καὶ
963 3290 1407 3360 σπαραττομένου
1453 3289 1547 3344 τοῦ
1579 3288 1850 3363 σώματος,

282 3379 511 3433 ἄσπιλον
536 3380 611 3451 (5)
639 3379 906 3449 ἐφύλαττε
931 3379 1024 3432 τὸν
1057 3381 1155 3450 τῆς
1182 3380 1465 3445 εὐσεϐείας
1492 3380 1763 3454 θησαυρὸν
1795 3385 1853 3436 ἐν

280 3470 360 3542 τῷ
387 3470 616 3543 κρυπτῷ
645 3471 745 3542 τῆς
775 3471 972 3542 ψυχῆςο

353 3564 408 3618 2.
445 3564 560 3619 Οὐκ
607 3562 743 3634 ἔχων
775 3563 952 3617 τοίνυν
1000 3564 1029 3615 ὃ
1058 3580 1110 3615 τι
1141 3563 1357 3633 ποιήσει
1401 3563 1587 3618 λοιπὸν
1624 3566 1652 3617 6
1691 3565 1851 3617 πολέ-

281 3673 427 3727 μιος,
462 3656 556 3708 ἐπὶ
587 3656 686 3724 τὴν
718 3654 816 3725 τῆς
854 3655 1090 3727 ἀρχαίας
1139 3654 1429 3724 ἐπιϐουλῆς
1463 3655 1680 3727 ἔρχεται
1720 3659 1852 3728 μνή-

279 3762 426 3815 μην,
478 3747 574 3799 καὶ
625 3746 722 3818 τὴν
752 3747 847 3800 τοῦ
896 3749 1118 3815 γυναίου
1163 3748 1401 3803 διάνοιαν
1451 3751 1729 3821 ύποσύρας
1772 3755 1853 3815 εἰς

278 3838 452 3906 ἀσεϐῆ
484 3837 710 3909 γνώμην
742 3839 837 3892 καὶ
872 3839 1213 3911 βλάσφημον,
1246 3841 1315 3894 δι’
1358 3841 1574 3913 ἐκείνης
1604 3841 1850 3895 σαλεύειν

279 3929 539 3998 ἐπειρᾶτο
579 3928 669 3983 τὸν
702 3929 963 4002 ἀθλητήν.
999 3932 1109 3984 Καὶ
1138 3933 1171 4002 ή
1212 3934 1308 4003 μὲν
1340 3933 1477 4005 πρὸς
1520 3934 1612 3986 τὸν
1642 3934 1851 4005 μακρὸν

277 4017 441 4071 πόνον
461 4016 538 4089 (4)
568 4019 1011 4092 ἀπαγορεύσασα,
1032 4020 1109 4091 τῷ
1138 4022 1327 4093 δικαίῳ
1353 4024 1672 4095 παρίστατο.
1702 4025 1850 4079 κάτω

276 4112 580 4176 νενευκυῖα,
614 4112 710 4164 καὶ
745 4111 845 4174 τάς
885 4113 1072 4182 χεῖρας
1113 4113 1209 4167 ἐπὶ
1253 4116 1365 4177 τοῖς
1387 4115 1685 4185 ὁρωμένοις
1720 4132 1851 4182 συγ-

278 4199 588 4270 κρούουσα,
634 4202 730 4255 καὶ
775 4203 903 4266 τοὺς
956 4204 1055 4275 τῆς
1085 4204 1368 4271 εὐσεϐείας
1412 4206 1559 4276 αύτῷ
1605 4209 1850 4277 καρποὺς

275 4290 636 4357 ὀνειδίζουσα,
654 4295 749 4346 καὶ
773 4293 1147 4362 καταλέγουσα
1172 4297 1267 4366 μὲν
1300 4298 1397 4367 τὴν
1424 4297 1657 4351 παλαιὰν
1689 4297 1850 4368 εὐθη-

276 4382 393 4436 νίαν
415 4383 525 4436 τῶν
555 4385 790 4450 οἰκείων,
824 4385 1181 4440 ὑπώεικνῦσα
1215 4387 1270 4441 δὲ
1302 4388 1371 4441 τὰ
1406 4390 1647 4459 παρόντα
1678 4389 1842 4451 κακὰ,

1960 3208 2161 3263 talibus
2189 3207 2460 3278 angustiis
2493 3206 2804 3269 lacessitus,
2833 3202 3132 3275 permansit
3160 3203 3448 3263 immotus;
3474 3208 3527 3252 et

1958 3298 2195 3353 lacerato
2229 3312 2479 3367 corpore,
2516 3296 2732 3365 pietatis
2780 3289 3096 3349 thesaurum
3140 3292 3196 3346 in
3242 3289 3530 3346 recondito

1955 3391 2152 3444 animat
2181 3405 2401 3445 recessu
2435 3388 2824 3443 intaminatum
2857 3385 3125 3443 servabat.

2023 3563 2079 3616 2.
2122 3563 2259 3617 Cum
2302 3561 2472 3631 igitur
2524 3577 2633 3615 non
2674 3560 2904 3615 haberet
2953 3560 3100 3630 quod
3152 3560 3266 3629 jam
3325 3560 3528 3616 faceret

1955 3654 2163 3717 hostis,
2202 3652 2529 3709 insidiarum
2564 3658 2811 3706 veterum
2845 3650 3204 3717 recordatur;
3262 3659 3427 3720 atque
3456 3652 3525 3705 ad

1953 3745 2175 3815 impiam
2202 3757 2267 3797 ac
2296 3742 2675 3813 blasphemam
2712 3740 3041 3796 sententiam
3071 3741 3258 3794 uxoris
3279 3741 3524 3794 animum

1954 3837 2318 3906 pem-aliens,
2372 3849 2539 3904 opera
2590 3833 2741 3888 illius
2792 3830 3210 3902 aggrediebatur
3262 3833 3524 3887 athletam

1952 3935 2269 3981 concutere.
2304 3925 2384 3979 Ac
2428 3925 2517 3979 illa
2550 3922 2773 3995 quidem
2806 3922 3011 3976 laboris
3041 3921 3390 3977 diuturnitati
3427 3938 3523 3978 ce-

1951 4015 2119 4083 dens,
2163 4016 2316 4085 justo
2357 4016 2567 4080 astitit,
2613 4015 2764 4069 humi
2797 4029 3002 4084 prona,
3037 4028 3236 4069 manus
3264 4029 3429 4084 super
3453 4014 3523 4071 iis

1951 4119 2073 4177 qua:
2100 4107 2315 4161 videbat
2349 4106 2727 4177 complodens,
2761 4106 2978 4174 pietatis
3006 4109 3055 4161 ei
3088 4106 3301 4161 fructus
3326 4123 3524 4179 expro-

1951 4199 2158 4264 brans,
2220 4199 2350 4252 hinc
2406 4208 2645 4253 veterem
2707 4198 2785 4253 rei
2847 4196 3134 4254 familiaris
3187 4199 3524 4268 opulentiam

1952 4306 2283 4354 recensens,
2332 4290 2483 4344 illinc
2519 4291 2661 4344 mala
2701 4291 2994 4362 praesentia
3040 4298 3518 4355 commonstrans,
3590 4350 3597 4353 _

1951 4393 2005 4438 et.
2057 4384 2274 4454 qualem
2315 4397 2379 4437 ex
2433 4382 2690 4451 qualibus
2740 4383 2973 4438 sortitus
3023 4390 3171 4438 esset
3220 4383 3420 4445 vitam,
3467 4392 3522 4437 ct

276 4475 373 4528 καὶ
404 4470 515 4528 οἷον
548 4475 606 4542 ἐξ
643 4477 769 4531 οἵων
803 4475 961 4548 ἔλαχε
1008 4477 1140 4548 βίον,
1178 4480 1274 4532 καὶ
1311 4480 1433 4532 τίνα
1482 4479 1589 4531 τῶν
1637 4479 1846 4533 πολλῶν

1963 4492 2113 4546 tuam
2149 4490 2246 4546 pro
2280 4475 2468 4529 multis
2522 4474 2813 4530 sacrificiis
2861 4475 3168 4530 mercedem
3209 4488 3240 4528 a
3285 4472 3522 4529 Domino

276 4567 478 4621 θυσιῶν
505 4568 722 4633 ἐδέξατο
769 4570 921 4640 παρά
959 4569 1055 4623 τοῦ
1090 4570 1359 4624 Δεσπότου
1407 4572 1617 4642 μισθόν.
1651 4571 1843 4640 Ἔλεγέ

273 4675 334 4711 τε
364 4658 453 4712 ἀεὶ
478 4659 577 4729 τῆς
608 4660 707 4730 μὲν
746 4661 855 4714 τῶν
889 4660 1165 4730 γυναικῶν
1204 4662 1553 4732 ὀλιγοψυχίας
1590 4660 1716 4725 ἄξια
1748 4663 1845 4732 pf;-

278 4767 447 4820 ματα,
478 4751 710 4822 ταράξαι
733 4752 790 4805 δὲ
822 4753 999 4806 πάντα
1026 4752 1196 4826 ἄνδρα
1227 4753 1523 4823 δυνάμενα,
1565 4752 1658 4806 καὶ
1685 4768 1842 4823 περι-

275 4839 472 4911 τρέψαι
518 4842 612 4895 καὶ
658 4844 909 4910 γενναίαν
960 4844 1217 4899 διάνοιαν.
1281 4845 1551 4915 Πλανῆτις
1597 4843 1705 4914 γὰρ
1752 4844 1844 4897 καὶ

275 4930 462 5002 λάτρις
510 4934 870 5005 περιέρχομαι
924 4936 1038 5005 (5),
1087 4938 1120 5006 ἡ
1181 4935 1388 5006 βασιλὶς
1438 4935 1705 4999 δουλεύω,
1751 4936 1845 4989 καὶ

274 5025 414 5095 πρὸς
462 5024 562 5087 τὰς
616 5025 724 5077 τῶν
780 5026 928 5097 ἐμῶν
978 5026 1204 5080 οἰκετῶν
1249 5029 1436 5097 χεῖρας
1494 5027 1846 5097 ἠνάγκασμαι

279 5114 516 5183 βλέπειν,
548 5117 643 5170 καὶ
695 5117 968 5188 τρέφουσα
1018 5118 1181 5172 πάλαι
1231 5116 1459 5181 πολλοὺς
1484 5156 1498 5181 ,
1544 5116 1844 5186 ἀγαπητῶς

276 5209 340 5259 ἐκ
372 5207 479 5259 τῶν
510 5208 802 5279 ἀλλοτρίων
833 5210 1253 5281 παρατρέφομαι
1278 5208 1391 5262 νῦν.
1425 5209 1537 5262 Καὶ
1564 5208 1644 5261 ὅτι
1675 5208 1840 5261 καλὸν

350 5388 371 5418 ³
396 5383 497 5439 Job
530 5400 565 5451 I,
604 5385 690 5438 2i.

348 5544 425 5611 (tl
476 5542 778 5613 Ἀνόνητα,
796 5539 907 5613 _Sic
938 5549 1166 5613 uterque
1200 5539 1401 5613 Regius
1425 5539 1596 5597 codex
1619 5546 1674 5595 et
1696 5553 1832 5594 con-

278 5621 479 5667 textus.
512 5611 644 5681 Male
666 5613 718 5664 in
744 5611 905 5681 editis
939 5611 1141 5667 nostris
1172 5611 1390 5681 ἀνόητα.

350 5683 424 5748 v2)
473 5680 793 5753 Ἐκάθισεν.
829 5679 922 5737 Sic
964 5691 1188 5753 uterque
1216 5679 1387 5738 codex
1433 5688 1488 5737 et
1520 5686 1830 5737 contextus.

278 5749 418 5805 liditi
454 5750 721 5815 ὲκάθιζεν“.

402 5848 666 5909 Ρηιιηι..
701 5849 816 5908 (in.
854 5848 1116 5916 XXXII.

1950 4569 2270 4638 recepisset.
2310 4565 2375 4619 Et
2405 4581 2621 4637 semper
2645 4568 2811 4621 verba
2847 4567 3045 4636 pusillo
3076 4567 3293 4637 quidem
3324 4571 3521 4620 nullir-

1950 4677 2070 4715 rum
2100 4661 2285 4715 animo
2318 4661 2482 4731 digna
2509 4660 2838 4729 proferebat.
2876 4662 2969 4715 sed
3002 4662 3128 4715 talia
3162 4669 3368 4726 tamen,
3396 4676 3522 4731 quae

1952 4753 2125 4805 virum
2174 4766 2389 4805 omnem
2430 4751 2776 4822 perturbare,
2811 4758 2864 4805 et
2902 4751 3144 4805 animum
3182 4752 3267 4806 vel
3318 4751 3517 4807 fortem

1948 4844 2270 4899 subvertere
2306 4854 2554 4914 possent.
2612 4841 2797 4914 Vaga,
2859 4844 3172 4913 inquiebat,
3208 4853 3263 4899 et
3319 4848 3517 4899 ancilla

1952 4936 2181 4998 oberro,
2229 4936 2415 5006 regina
2448 4935 2629 4990 servio
2650 4977 2664 5001 ,
2713 4944 2766 4990 et
2800 4935 2865 4989 ad
2908 4949 3153 4989 meorum
3186 4935 3515 4991 famulorum

1950 5041 2146 5081 manus
2190 5026 2471 5095 respicere
2510 5036 2701 5079 coacta
2734 5041 2879 5087 sum,
2910 5036 2967 5081 et
3001 5042 3124 5096 quae
3155 5028 3357 5082 multos
3384 5027 3515 5082 olim

1950 5117 2177 5178 nutrivi,
2212 5118 2352 5172 bene
2402 5133 2551 5171 nunc
2598 5133 2811 5171 mecum
2845 5119 2931 5189 agi
2969 5117 3227 5172 existimo
3278 5118 3323 5172 si
3372 5133 3514 5171 enu-

1948 5209 2083 5261 triar
2110 5222 2173 5260 ex
2205 5207 2419 5262 alienis.
2467 5207 2714 5262 Addebat
2760 5208 2954 5263 melius
2987 5222 3109 5264 esse
3142 5223 3206 5263 ac
3250 5209 3434 5265 utilius
3466 5210 3513 5265 si

2012 5536 2087 5602 (5)
2120 5537 2427 5590 Ἄσπιλον.
2467 5536 2762 5590 Contcxtus
2792 5535 3006 5601 ἄσυλον,
3032 5538 3365 5595 inviolatum.

2013 5607 2087 5672 (4)
2117 5607 2329 5676 Πόνον.
2364 5608 2660 5676 Contextus
2693 5607 2878 5676 χρόνον

2013 5676 2090 5759 (ἒξ)
2120 5675 2517 5745 Περιέρχομίιι.
2552 5675 2750 5748 Regius
2784 5679 2953 5732 codex
2975 5676 3103 5732 I992
3124 5680 3510 5751 περιέρχομαι,

1944 5763 2015 5817 cpr
2024 5762 2106 5799 σιν

3151 5842 3218 5904 Μ
