  <div class='ocr_page' id='page_1' title='image "/cluster/home/n/w/nwhite01/storage/ocr_20150623/32/mdp.39015011915462/665.png"; bbox 0 0 3874 6224; ppageno 0'>
   <div class='ocr_carea' id='block_1_1' title="bbox 358 330 493 386">
    <p class='ocr_par' dir='ltr' id='par_1_1' title="bbox 358 330 493 386">
     <span class='ocr_line' id='line_1_1' title="bbox 358 330 493 386; baseline -0.022 0"><span class='ocrx_word' id='word_1_1' title='bbox 358 330 493 386; x_wconf 73' lang='grc'><strong>1291</strong></span> 
     </span>
    </p>
   </div>
   <div class='ocr_carea' id='block_1_2' title="bbox 1274 310 2696 375">
    <p class='ocr_par' dir='ltr' id='par_1_2' title="bbox 1274 310 2696 375">
     <span class='ocr_line' id='line_1_2' title="bbox 1274 310 2696 375; baseline -0.002 -3"><span class='ocrx_word' id='word_1_2' title='bbox 1274 316 1641 375; x_wconf 62' lang='lat' dir='ltr'><strong>APPENDIX.</strong></span> <span class='ocrx_word' id='word_1_3' title='bbox 1674 345 1741 354; x_wconf 88' lang='lat'><strong>——</strong></span> <span class='ocrx_word' id='word_1_4' title='bbox 1776 310 2122 369; x_wconf 74' lang='lat' dir='ltr'><strong>SYMEONIS</strong></span> <span class='ocrx_word' id='word_1_5' title='bbox 2159 310 2696 369; x_wconf 67' lang='lat' dir='ltr'><strong>METAPHRAST/E</strong></span> 
     </span>
    </p>
   </div>
   <div class='ocr_carea' id='block_1_3' title="bbox 3452 324 3598 381">
    <p class='ocr_par' dir='ltr' id='par_1_3' title="bbox 3452 324 3598 381">
     <span class='ocr_line' id='line_1_3' title="bbox 3452 324 3598 381; baseline 0.021 -3"><span class='ocrx_word' id='word_1_6' title='bbox 3452 324 3598 381; x_wconf 73' lang='lat' dir='ltr'><strong>i292</strong></span> 
     </span>
    </p>
   </div>
   <div class='ocr_carea' id='block_1_4' title="bbox 351 424 1924 510">
    <p class='ocr_par' dir='ltr' id='par_1_4' title="bbox 351 427 1920 510">
     <span class='ocr_line' id='line_1_4' title="bbox 351 427 1920 510; baseline -0.013 -9"><span class='ocrx_word' id='word_1_7' title='bbox 351 444 423 501; x_wconf 87' lang='lat' dir='ltr'><strong>de</strong></span> <span class='ocrx_word' id='word_1_8' title='bbox 454 451 601 498; x_wconf 89' lang='lat' dir='ltr'><strong>terra</strong></span> <span class='ocrx_word' id='word_1_9' title='bbox 624 454 684 497; x_wconf 87' lang='lat' dir='ltr'><strong>se</strong></span> <span class='ocrx_word' id='word_1_10' title='bbox 718 438 836 510; x_wconf 87' lang='lat' dir='ltr'><strong>ipse</strong></span> <span class='ocrx_word' id='word_1_11' title='bbox 862 435 1232 499; x_wconf 79' lang='lat' dir='ltr'><strong>exscinderet,</strong></span> <span class='ocrx_word' id='word_1_12' title='bbox 1265 434 1449 504; x_wconf 85' lang='lat' dir='ltr'><strong>impiis</strong></span> <span class='ocrx_word' id='word_1_13' title='bbox 1482 433 1662 489; x_wconf 81' lang='lat' dir='ltr'><strong>verbis</strong></span> <span class='ocrx_word' id='word_1_14' title='bbox 1697 427 1920 490; x_wconf 90' lang='lat' dir='ltr'><strong>utendo,</strong></span> 
     </span>
    </p>
   </div>
   <div class='ocr_carea' id='block_1_5' title="bbox 2029 424 3599 510">
    <p class='ocr_par' dir='ltr' id='par_1_5' title="bbox 2029 424 3599 505">
     <span class='ocr_line' id='line_1_5' title="bbox 2029 424 3599 505; baseline 0.008 -28"><span class='ocrx_word' id='word_1_15' title='bbox 2029 424 2110 496; x_wconf 74' lang='grc' dir='ltr'>εἴη</span> <span class='ocrx_word' id='word_1_16' title='bbox 2146 426 2239 479; x_wconf 80' lang='grc' dir='ltr'>καὶ</span> <span class='ocrx_word' id='word_1_17' title='bbox 2271 427 2558 498; x_wconf 81' lang='grc' dir='ltr'>χρήσιμον,</span> <span class='ocrx_word' id='word_1_18' title='bbox 2599 427 2822 482; x_wconf 85' lang='grc' dir='ltr'>ἀσεϐέσι</span> <span class='ocrx_word' id='word_1_19' title='bbox 2853 430 3197 502; x_wconf 74' lang='grc' dir='ltr'><strong>χρησάμενον</strong></span> <span class='ocrx_word' id='word_1_20' title='bbox 3234 433 3464 505; x_wconf 74' lang='grc' dir='ltr'>ῥήμασι,</span> <span class='ocrx_word' id='word_1_21' title='bbox 3500 437 3599 492; x_wconf 76' lang='grc' dir='ltr'>καὶ</span> 
     </span>
    </p>
   </div>
   <div class='ocr_carea' id='block_1_6' title="bbox 352 521 1921 605">
    <p class='ocr_par' dir='ltr' id='par_1_6' title="bbox 352 521 1921 605">
     <span class='ocr_line' id='line_1_6' title="bbox 352 521 1921 605; baseline -0.013 -15"><span class='ocrx_word' id='word_1_22' title='bbox 352 532 515 605; x_wconf 68' lang='grc'><strong>547</strong></span> <span class='ocrx_word' id='word_1_23' title='bbox 550 541 605 587; x_wconf 91' lang='lat' dir='ltr'><strong>et</strong></span> <span class='ocrx_word' id='word_1_24' title='bbox 634 529 875 601; x_wconf 76' lang='lat' dir='ltr'><strong>gladium</strong></span> <span class='ocrx_word' id='word_1_25' title='bbox 914 529 1011 582; x_wconf 73' lang='lat' dir='ltr'><strong>irae</strong></span> <span class='ocrx_word' id='word_1_26' title='bbox 1048 523 1358 580; x_wconf 81' lang='lat' dir='ltr'><strong>conditoris</strong></span> <span class='ocrx_word' id='word_1_27' title='bbox 1384 521 1722 587; x_wconf 81' lang='lat' dir='ltr'><strong>exacuendo,</strong></span> <span class='ocrx_word' id='word_1_28' title='bbox 1757 532 1921 589; x_wconf 89' lang='lat' dir='ltr'><strong>quam</strong></span> 
     </span>
    </p>
   </div>
   <div class='ocr_carea' id='block_1_7' title="bbox 353 612 1920 688">
    <p class='ocr_par' dir='ltr' id='par_1_7' title="bbox 353 612 1920 688">
     <span class='ocr_line' id='line_1_7' title="bbox 353 612 1920 688; baseline -0.01 -5"><span class='ocrx_word' id='word_1_29' title='bbox 353 630 401 685; x_wconf 88' lang='lat' dir='ltr'><strong>si</strong></span> <span class='ocrx_word' id='word_1_30' title='bbox 450 626 721 680; x_wconf 89' lang='lat' dir='ltr'><strong>malorum</strong></span> <span class='ocrx_word' id='word_1_31' title='bbox 774 620 1065 676; x_wconf 89' lang='lat' dir='ltr'><strong>tolerantia</strong></span> <span class='ocrx_word' id='word_1_32' title='bbox 1094 618 1198 674; x_wconf 83' lang='lat' dir='ltr'><strong>sibi</strong></span> <span class='ocrx_word' id='word_1_33' title='bbox 1224 618 1330 688; x_wconf 85' lang='lat' dir='ltr'><strong>ipsi</strong></span> <span class='ocrx_word' id='word_1_34' title='bbox 1364 625 1416 673; x_wconf 91' lang='lat' dir='ltr'><strong>et</strong></span> <span class='ocrx_word' id='word_1_35' title='bbox 1452 616 1611 671; x_wconf 70' lang='lat' dir='ltr'><strong>uxori</strong></span> <span class='ocrx_word' id='word_1_36' title='bbox 1661 612 1920 670; x_wconf 85' lang='lat' dir='ltr'><strong>certami-</strong></span> 
     </span>
    </p>
   </div>
   <div class='ocr_carea' id='block_1_8' title="bbox 352 705 1923 786">
    <p class='ocr_par' dir='ltr' id='par_1_8' title="bbox 352 705 1923 786">
     <span class='ocr_line' id='line_1_8' title="bbox 352 705 1923 786; baseline -0.009 -11"><span class='ocrx_word' id='word_1_37' title='bbox 352 735 486 775; x_wconf 89' lang='lat' dir='ltr'><strong>num</strong></span> <span class='ocrx_word' id='word_1_38' title='bbox 518 718 759 773; x_wconf 78' lang='lat' dir='ltr'><strong>laborem</strong></span> <span class='ocrx_word' id='word_1_39' title='bbox 791 720 1074 786; x_wconf 78' lang='lat' dir='ltr'><strong>proroget.</strong></span> <span class='ocrx_word' id='word_1_40' title='bbox 1119 710 1217 765; x_wconf 86' lang='lat' dir='ltr'><strong>llle</strong></span> <span class='ocrx_word' id='word_1_41' title='bbox 1264 725 1395 765; x_wconf 90' lang='lat' dir='ltr'><strong>vero</strong></span> <span class='ocrx_word' id='word_1_42' title='bbox 1426 708 1514 762; x_wconf 90' lang='lat' dir='ltr'><strong>his</strong></span> <span class='ocrx_word' id='word_1_43' title='bbox 1541 705 1719 763; x_wconf 84' lang='lat' dir='ltr'><strong>verbis</strong></span> <span class='ocrx_word' id='word_1_44' title='bbox 1749 705 1923 776; x_wconf 81' lang='lat' dir='ltr'><strong>magis</strong></span> 
     </span>
    </p>
   </div>
   <div class='ocr_carea' id='block_1_9' title="bbox 353 800 1923 884">
    <p class='ocr_par' dir='ltr' id='par_1_9' title="bbox 353 800 1923 884">
     <span class='ocr_line' id='line_1_9' title="bbox 353 800 1923 884; baseline -0.011 -16"><span class='ocrx_word' id='word_1_45' title='bbox 353 829 519 884; x_wconf 91' lang='lat' dir='ltr'><strong>quam</strong></span> <span class='ocrx_word' id='word_1_46' title='bbox 555 811 667 865; x_wconf 92' lang='lat' dir='ltr'><strong>ullo</strong></span> <span class='ocrx_word' id='word_1_47' title='bbox 712 808 980 863; x_wconf 90' lang='lat' dir='ltr'><strong>malorum</strong></span> <span class='ocrx_word' id='word_1_48' title='bbox 1034 804 1277 875; x_wconf 88' lang='lat' dir='ltr'><strong>priorum</strong></span> <span class='ocrx_word' id='word_1_49' title='bbox 1326 801 1599 868; x_wconf 74' lang='lat' dir='ltr'><strong>offensus,</strong></span> <span class='ocrx_word' id='word_1_50' title='bbox 1629 808 1683 855; x_wconf 89' lang='lat' dir='ltr'><strong>et</strong></span> <span class='ocrx_word' id='word_1_51' title='bbox 1715 800 1923 854; x_wconf 91' lang='lat' dir='ltr'><strong>vultum</strong></span> 
     </span>
    </p>
   </div>
   <div class='ocr_carea' id='block_1_10' title="bbox 356 896 1919 973">
    <p class='ocr_par' dir='ltr' id='par_1_10' title="bbox 356 896 1919 973">
     <span class='ocr_line' id='line_1_10' title="bbox 356 896 1919 973; baseline -0.007 -14"><span class='ocrx_word' id='word_1_52' title='bbox 356 907 437 959; x_wconf 90' lang='lat' dir='ltr'><strong>ira</strong></span> <span class='ocrx_word' id='word_1_53' title='bbox 477 904 755 973; x_wconf 79' lang='lat' dir='ltr'><strong>replente,</strong></span> <span class='ocrx_word' id='word_1_54' title='bbox 790 901 859 954; x_wconf 92' lang='lat' dir='ltr'><strong>ad</strong></span> <span class='ocrx_word' id='word_1_55' title='bbox 900 913 1125 954; x_wconf 81' lang='lat' dir='ltr'><strong>uxorem</strong></span> <span class='ocrx_word' id='word_1_56' title='bbox 1158 898 1307 951; x_wconf 89' lang='lat' dir='ltr'><strong>velut</strong></span> <span class='ocrx_word' id='word_1_57' title='bbox 1338 896 1551 951; x_wconf 84' lang='lat' dir='ltr'><strong>hostem</strong></span> <span class='ocrx_word' id='word_1_58' title='bbox 1593 908 1919 956; x_wconf 86' lang='lat' dir='ltr'><strong>conversus.</strong></span> 
     </span>
    </p>
   </div>
   <div class='ocr_carea' id='block_1_11' title="bbox 355 978 1921 1067">
    <p class='ocr_par' dir='ltr' id='par_1_11' title="bbox 355 978 1921 1067">
     <span class='ocr_line' id='line_1_11' title="bbox 355 978 1921 1067; baseline -0.008 -16"><span class='ocrx_word' id='word_1_59' title='bbox 355 999 485 1067; x_wconf 89' lang='lat' dir='ltr'><strong>quid</strong></span> <span class='ocrx_word' id='word_1_60' title='bbox 516 978 691 1050; x_wconf 85' lang='lat' dir='ltr'><strong>dicit?</strong></span> <span class='ocrx_word' id='word_1_61' title='bbox 724 993 901 1059; x_wconf 83' lang='lat' dir='ltr'><strong>Quare</strong></span> <span class='ocrx_word' id='word_1_62' title='bbox 933 1001 1181 1061; x_wconf 83' lang='lat' dir='ltr'><strong>tanquam</strong></span> <span class='ocrx_word' id='word_1_63' title='bbox 1212 1005 1320 1042; x_wconf 84' lang='lat' dir='ltr'><strong>una</strong></span> <span class='ocrx_word' id='word_1_64' title='bbox 1364 989 1427 1042; x_wconf 86' lang='lat' dir='ltr'><strong>de</strong></span> <span class='ocrx_word' id='word_1_65' title='bbox 1458 987 1639 1042; x_wconf 77' lang='lat' dir='ltr'><strong>stultis</strong></span> <span class='ocrx_word' id='word_1_66' title='bbox 1679 986 1921 1041; x_wconf 78' lang='lat' dir='ltr'><strong>mulieri-</strong></span> 
     </span>
    </p>
   </div>
   <div class='ocr_carea' id='block_1_12' title="bbox 354 1076 1925 1151">
    <p class='ocr_par' dir='ltr' id='par_1_12' title="bbox 354 1076 1925 1151">
     <span class='ocr_line' id='line_1_12' title="bbox 354 1076 1925 1151; baseline -0.004 -13"><span class='ocrx_word' id='word_1_67' title='bbox 354 1086 450 1139; x_wconf 81' lang='lat' dir='ltr'><strong>bus</strong></span> <span class='ocrx_word' id='word_1_68' title='bbox 482 1084 657 1139; x_wconf 81' lang='lat' dir='ltr'><strong>locuta</strong></span> <span class='ocrx_word' id='word_1_69' title='bbox 689 1100 741 1138; x_wconf 83' lang='lat' dir='ltr'><strong>es</strong></span> <span class='ocrx_word' id='word_1_70' title='bbox 770 1083 828 1136; x_wconf 75' lang='lat'><strong>&#39;?</strong></span> <span class='ocrx_word' id='word_1_71' title='bbox 858 1081 1109 1151; x_wconf 88' lang='lat' dir='ltr'><strong>Depone,</strong></span> <span class='ocrx_word' id='word_1_72' title='bbox 1163 1095 1196 1134; x_wconf 93' lang='grc' dir='ltr'><strong>ο</strong></span> <span class='ocrx_word' id='word_1_73' title='bbox 1250 1079 1472 1144; x_wconf 87' lang='lat' dir='ltr'><strong>mulier,</strong></span> <span class='ocrx_word' id='word_1_74' title='bbox 1525 1077 1737 1148; x_wconf 91' lang='lat' dir='ltr'><strong>inquit,</strong></span> <span class='ocrx_word' id='word_1_75' title='bbox 1791 1076 1925 1132; x_wconf 90' lang='lat' dir='ltr'><strong>illud</strong></span> 
     </span>
    </p>
   </div>
   <div class='ocr_carea' id='block_1_13' title="bbox 355 1170 1923 1244">
    <p class='ocr_par' dir='ltr' id='par_1_13' title="bbox 355 1170 1923 1244">
     <span class='ocr_line' id='line_1_13' title="bbox 355 1170 1923 1244; baseline -0.006 -13"><span class='ocrx_word' id='word_1_76' title='bbox 355 1177 668 1231; x_wconf 88' lang='lat' dir='ltr'><strong>consilium.</strong></span> <span class='ocrx_word' id='word_1_77' title='bbox 706 1174 1004 1244; x_wconf 83' lang='lat' dir='ltr'><strong>Quousque</strong></span> <span class='ocrx_word' id='word_1_78' title='bbox 1028 1172 1192 1228; x_wconf 87' lang='lat' dir='ltr'><strong>dictis</strong></span> <span class='ocrx_word' id='word_1_79' title='bbox 1223 1171 1335 1227; x_wconf 90' lang='lat' dir='ltr'><strong>tuis</strong></span> <span class='ocrx_word' id='word_1_80' title='bbox 1369 1170 1729 1226; x_wconf 88' lang='lat' dir='ltr'><strong>dedecorabis</strong></span> <span class='ocrx_word' id='word_1_81' title='bbox 1755 1170 1923 1224; x_wconf 88' lang='lat' dir='ltr'><strong>vitam</strong></span> 
     </span>
    </p>
   </div>
   <div class='ocr_carea' id='block_1_14' title="bbox 354 1256 1925 1330">
    <p class='ocr_par' dir='ltr' id='par_1_14' title="bbox 354 1256 1925 1330">
     <span class='ocr_line' id='line_1_14' title="bbox 354 1256 1925 1330; baseline -0.007 -8"><span class='ocrx_word' id='word_1_82' title='bbox 354 1265 746 1323; x_wconf 87' lang='lat' dir='ltr'><strong>communem?</strong></span> <span class='ocrx_word' id='word_1_83' title='bbox 789 1263 1016 1319; x_wconf 83' lang='lat' dir='ltr'><strong>Mentita</strong></span> <span class='ocrx_word' id='word_1_84' title='bbox 1062 1277 1157 1324; x_wconf 88' lang='lat' dir='ltr'><strong>es,</strong></span> <span class='ocrx_word' id='word_1_85' title='bbox 1212 1268 1265 1316; x_wconf 89' lang='lat' dir='ltr'><strong>et</strong></span> <span class='ocrx_word' id='word_1_86' title='bbox 1314 1259 1461 1330; x_wconf 89' lang='lat' dir='ltr'><strong>quod</strong></span> <span class='ocrx_word' id='word_1_87' title='bbox 1515 1258 1723 1313; x_wconf 89' lang='lat' dir='ltr'><strong>utinam</strong></span> <span class='ocrx_word' id='word_1_88' title='bbox 1780 1256 1925 1312; x_wconf 89' lang='lat' dir='ltr'><strong>Deus</strong></span> 
     </span>
    </p>
   </div>
   <div class='ocr_carea' id='block_1_15' title="bbox 354 1351 1927 1423">
    <p class='ocr_par' dir='ltr' id='par_1_15' title="bbox 354 1351 1927 1423">
     <span class='ocr_line' id='line_1_15' title="bbox 354 1351 1927 1423; baseline -0.006 -9"><span class='ocrx_word' id='word_1_89' title='bbox 354 1360 679 1423; x_wconf 87' lang='lat' dir='ltr'><strong>avertisset,</strong></span> <span class='ocrx_word' id='word_1_90' title='bbox 725 1356 1041 1412; x_wconf 86' lang='lat' dir='ltr'><strong>institutum</strong></span> <span class='ocrx_word' id='word_1_91' title='bbox 1087 1369 1268 1409; x_wconf 90' lang='lat' dir='ltr'><strong>meum</strong></span> <span class='ocrx_word' id='word_1_92' title='bbox 1304 1352 1413 1408; x_wconf 90' lang='lat' dir='ltr'><strong>tuis</strong></span> <span class='ocrx_word' id='word_1_93' title='bbox 1458 1352 1580 1407; x_wconf 91' lang='lat' dir='ltr'><strong>istis</strong></span> <span class='ocrx_word' id='word_1_94' title='bbox 1624 1351 1839 1416; x_wconf 79' lang='lat' dir='ltr'><strong>verbis,</strong></span> <span class='ocrx_word' id='word_1_95' title='bbox 1871 1358 1927 1406; x_wconf 91' lang='lat' dir='ltr'><strong>et</strong></span> 
     </span>
    </p>
   </div>
   <div class='ocr_carea' id='block_1_16' title="bbox 353 1441 1922 1518">
    <p class='ocr_par' dir='ltr' id='par_1_16' title="bbox 353 1441 1922 1518">
     <span class='ocr_line' id='line_1_16' title="bbox 353 1441 1922 1518; baseline -0.008 -10"><span class='ocrx_word' id='word_1_96' title='bbox 353 1454 523 1509; x_wconf 90' lang='lat' dir='ltr'><strong>vitam</strong></span> <span class='ocrx_word' id='word_1_97' title='bbox 554 1467 731 1507; x_wconf 84' lang='lat' dir='ltr'><strong>meam</strong></span> <span class='ocrx_word' id='word_1_98' title='bbox 760 1449 1033 1506; x_wconf 89' lang='lat' dir='ltr'><strong>calumnia</strong></span> <span class='ocrx_word' id='word_1_99' title='bbox 1062 1445 1368 1518; x_wconf 86' lang='lat' dir='ltr'><strong>aspersisti.</strong></span> <span class='ocrx_word' id='word_1_100' title='bbox 1396 1443 1595 1500; x_wconf 83' lang='lat' dir='ltr'><strong>Videor</strong></span> <span class='ocrx_word' id='word_1_101' title='bbox 1624 1458 1772 1498; x_wconf 88' lang='lat' dir='ltr'><strong>nunc</strong></span> <span class='ocrx_word' id='word_1_102' title='bbox 1793 1441 1922 1498; x_wconf 89' lang='lat' dir='ltr'><strong>mihi</strong></span> 
     </span>
    </p>
   </div>
   <div class='ocr_carea' id='block_1_17' title="bbox 352 1536 1926 1613">
    <p class='ocr_par' dir='ltr' id='par_1_17' title="bbox 352 1536 1926 1613">
     <span class='ocr_line' id='line_1_17' title="bbox 352 1536 1926 1613; baseline -0.007 -13"><span class='ocrx_word' id='word_1_103' title='bbox 352 1545 582 1600; x_wconf 87' lang='lat' dir='ltr'><strong>dimidia</strong></span> <span class='ocrx_word' id='word_1_104' title='bbox 625 1560 692 1599; x_wconf 83' lang='lat' dir='ltr'><strong>ex</strong></span> <span class='ocrx_word' id='word_1_105' title='bbox 745 1549 900 1613; x_wconf 89' lang='lat' dir='ltr'><strong>parte</strong></span> <span class='ocrx_word' id='word_1_106' title='bbox 950 1540 1115 1610; x_wconf 89' lang='lat' dir='ltr'><strong>impie</strong></span> <span class='ocrx_word' id='word_1_107' title='bbox 1161 1539 1390 1609; x_wconf 86' lang='lat' dir='ltr'><strong>egisse:</strong></span> <span class='ocrx_word' id='word_1_108' title='bbox 1429 1536 1701 1607; x_wconf 82' lang='lat' dir='ltr'><strong>siquidem</strong></span> <span class='ocrx_word' id='word_1_109' title='bbox 1753 1550 1926 1590; x_wconf 91' lang='lat' dir='ltr'><strong>unum</strong></span> 
     </span>
    </p>
   </div>
   <div class='ocr_carea' id='block_1_18' title="bbox 346 1629 1923 1708">
    <p class='ocr_par' dir='ltr' id='par_1_18' title="bbox 346 1629 1923 1708">
     <span class='ocr_line' id='line_1_18' title="bbox 346 1629 1923 1708; baseline -0.007 -16"><span class='ocrx_word' id='word_1_110' title='bbox 346 1637 576 1708; x_wconf 79' lang='lat' dir='ltr'><strong>quidem</strong></span> <span class='ocrx_word' id='word_1_111' title='bbox 606 1650 808 1705; x_wconf 89' lang='lat' dir='ltr'><strong>corpus</strong></span> <span class='ocrx_word' id='word_1_112' title='bbox 845 1642 1107 1703; x_wconf 86' lang='lat' dir='ltr'><strong>utrosque</strong></span> <span class='ocrx_word' id='word_1_113' title='bbox 1142 1647 1245 1688; x_wconf 90' lang='lat' dir='ltr'><strong>nos</strong></span> <span class='ocrx_word' id='word_1_114' title='bbox 1277 1629 1480 1701; x_wconf 77' lang='lat' dir='ltr'><strong>nuptiae</strong></span> <span class='ocrx_word' id='word_1_115' title='bbox 1526 1629 1923 1699; x_wconf 74' lang='lat' dir='ltr'><strong>praestiterunt,</strong></span> 
     </span>
    </p>
   </div>
   <div class='ocr_carea' id='block_1_19' title="bbox 345 1720 2003 1820">
    <p class='ocr_par' dir='ltr' id='par_1_19' title="bbox 345 1720 2003 1820">
     <span class='ocr_line' id='line_1_19' title="bbox 345 1720 2003 1820; baseline -0.008 -34"><span class='ocrx_word' id='word_1_116' title='bbox 345 1729 452 1786; x_wconf 82' lang='lat' dir='ltr'><strong>sed</strong></span> <span class='ocrx_word' id='word_1_117' title='bbox 492 1737 552 1783; x_wconf 90' lang='lat' dir='ltr'><strong>tu</strong></span> <span class='ocrx_word' id='word_1_118' title='bbox 577 1729 834 1798; x_wconf 87' lang='lat' dir='ltr'><strong>prolapsa</strong></span> <span class='ocrx_word' id='word_1_119' title='bbox 861 1740 921 1782; x_wconf 87' lang='lat' dir='ltr'><strong>es</strong></span> <span class='ocrx_word' id='word_1_120' title='bbox 954 1725 1008 1779; x_wconf 93' lang='lat' dir='ltr'><strong>in</strong></span> <span class='ocrx_word' id='word_1_121' title='bbox 1038 1724 1452 1793; x_wconf 88' lang='lat' dir='ltr'><strong>blasphemiam.</strong></span> <span class='ocrx_word' id='word_1_122' title='bbox 1494 1720 1556 1775; x_wconf 89' lang='lat' dir='ltr'><strong>Si</strong></span> <span class='ocrx_word' id='word_1_123' title='bbox 1583 1720 1719 1774; x_wconf 88' lang='lat' dir='ltr'><strong>bona</strong></span> <span class='ocrx_word' id='word_1_124' title='bbox 1747 1736 1926 1776; x_wconf 82' lang='lat' dir='ltr'><strong>susce—</strong></span> <span class='ocrx_word' id='word_1_125' title='bbox 1958 1764 2003 1820; x_wconf 75' lang='grc' dir='ltr'>Β</span> 
     </span>
    </p>
   </div>
   <div class='ocr_carea' id='block_1_20' title="bbox 351 1813 1927 1892">
    <p class='ocr_par' dir='ltr' id='par_1_20' title="bbox 351 1813 1927 1892">
     <span class='ocr_line' id='line_1_20' title="bbox 351 1813 1927 1892; baseline -0.006 -15"><span class='ocrx_word' id='word_1_126' title='bbox 351 1825 524 1892; x_wconf 82' lang='lat' dir='ltr'><strong>pimus</strong></span> <span class='ocrx_word' id='word_1_127' title='bbox 553 1821 617 1875; x_wconf 85' lang='lat' dir='ltr'><strong>de</strong></span> <span class='ocrx_word' id='word_1_128' title='bbox 664 1836 824 1874; x_wconf 88' lang='lat' dir='ltr'><strong>manu</strong></span> <span class='ocrx_word' id='word_1_129' title='bbox 853 1818 1100 1881; x_wconf 77' lang='lat' dir='ltr'><strong>Domini,</strong></span> <span class='ocrx_word' id='word_1_130' title='bbox 1143 1815 1289 1870; x_wconf 83' lang='lat' dir='ltr'><strong>mala</strong></span> <span class='ocrx_word' id='word_1_131' title='bbox 1324 1832 1428 1870; x_wconf 85' lang='lat' dir='ltr'><strong>non</strong></span> <span class='ocrx_word' id='word_1_132' title='bbox 1464 1814 1835 1869; x_wconf 76' lang='lat' dir='ltr'><strong>sustinebimus</strong></span> <span class='ocrx_word' id='word_1_133' title='bbox 1866 1813 1927 1867; x_wconf 70' lang='lat'><strong>‘?</strong></span> 
     </span>
    </p>
   </div>
   <div class='ocr_carea' id='block_1_21' title="bbox 354 1904 1925 1984">
    <p class='ocr_par' dir='ltr' id='par_1_21' title="bbox 354 1904 1925 1984">
     <span class='ocr_line' id='line_1_21' title="bbox 354 1904 1925 1984; baseline -0.006 -16"><span class='ocrx_word' id='word_1_134' title='bbox 354 1913 593 1984; x_wconf 79' lang='lat' dir='ltr'><strong>Redigas</strong></span> <span class='ocrx_word' id='word_1_135' title='bbox 629 1910 731 1965; x_wconf 88' lang='lat' dir='ltr'><strong>tibi</strong></span> <span class='ocrx_word' id='word_1_136' title='bbox 779 1911 838 1965; x_wconf 88' lang='lat' dir='ltr'><strong>in</strong></span> <span class='ocrx_word' id='word_1_137' title='bbox 873 1909 1190 1965; x_wconf 88' lang='lat' dir='ltr'><strong>memoriam</strong></span> <span class='ocrx_word' id='word_1_138' title='bbox 1238 1906 1514 1978; x_wconf 81' lang='lat' dir='ltr'><strong>praeterita</strong></span> <span class='ocrx_word' id='word_1_139' title='bbox 1562 1904 1725 1962; x_wconf 89' lang='lat' dir='ltr'><strong>bona.</strong></span> <span class='ocrx_word' id='word_1_140' title='bbox 1762 1905 1925 1961; x_wconf 87' lang='lat' dir='ltr'><strong>Com-</strong></span> 
     </span>
    </p>
   </div>
   <div class='ocr_carea' id='block_1_22' title="bbox 336 1995 1924 2074">
    <p class='ocr_par' dir='ltr' id='par_1_22' title="bbox 336 1995 1924 2074">
     <span class='ocr_line' id='line_1_22' title="bbox 336 1995 1924 2074; baseline -0.006 -15"><span class='ocrx_word' id='word_1_141' title='bbox 336 2018 527 2074; x_wconf 39' lang='lat' dir='ltr'><strong>‘pensa</strong></span> <span class='ocrx_word' id='word_1_142' title='bbox 569 2002 714 2056; x_wconf 90' lang='lat' dir='ltr'><strong>bona</strong></span> <span class='ocrx_word' id='word_1_143' title='bbox 760 1999 941 2054; x_wconf 90' lang='lat' dir='ltr'><strong>malis.</strong></span> <span class='ocrx_word' id='word_1_144' title='bbox 989 1996 1206 2053; x_wconf 86' lang='lat' dir='ltr'><strong>Nullius</strong></span> <span class='ocrx_word' id='word_1_145' title='bbox 1244 1996 1484 2051; x_wconf 89' lang='lat' dir='ltr'><strong>hominis</strong></span> <span class='ocrx_word' id='word_1_146' title='bbox 1514 1995 1629 2050; x_wconf 89' lang='lat' dir='ltr'><strong>vita</strong></span> <span class='ocrx_word' id='word_1_147' title='bbox 1658 2002 1924 2066; x_wconf 90' lang='lat' dir='ltr'><strong>perpetuo</strong></span> 
     </span>
    </p>
   </div>
   <div class='ocr_carea' id='block_1_23' title="bbox 355 2082 1927 2160">
    <p class='ocr_par' dir='ltr' id='par_1_23' title="bbox 355 2082 1927 2160">
     <span class='ocr_line' id='line_1_23' title="bbox 355 2082 1927 2160; baseline -0.006 -11"><span class='ocrx_word' id='word_1_148' title='bbox 355 2096 520 2150; x_wconf 86' lang='lat' dir='ltr'><strong>beata</strong></span> <span class='ocrx_word' id='word_1_149' title='bbox 548 2100 665 2148; x_wconf 89' lang='lat' dir='ltr'><strong>est:</strong></span> <span class='ocrx_word' id='word_1_150' title='bbox 701 2105 918 2160; x_wconf 90' lang='lat' dir='ltr'><strong>semper</strong></span> <span class='ocrx_word' id='word_1_151' title='bbox 951 2088 1163 2145; x_wconf 83' lang='lat' dir='ltr'><strong>felicem</strong></span> <span class='ocrx_word' id='word_1_152' title='bbox 1191 2082 1334 2153; x_wconf 83' lang='lat' dir='ltr'><strong>esse,</strong></span> <span class='ocrx_word' id='word_1_153' title='bbox 1365 2087 1536 2145; x_wconf 80' lang='lat' dir='ltr'><strong>solius</strong></span> <span class='ocrx_word' id='word_1_154' title='bbox 1566 2084 1661 2142; x_wconf 88' lang='lat' dir='ltr'><strong>Dei</strong></span> <span class='ocrx_word' id='word_1_155' title='bbox 1692 2093 1799 2141; x_wconf 88' lang='lat' dir='ltr'><strong>est.</strong></span> <span class='ocrx_word' id='word_1_156' title='bbox 1842 2084 1927 2140; x_wconf 87' lang='lat' dir='ltr'><strong>Tu</strong></span> 
     </span>
    </p>
   </div>
   <div class='ocr_carea' id='block_1_24' title="bbox 351 2179 1926 2258">
    <p class='ocr_par' dir='ltr' id='par_1_24' title="bbox 351 2179 1926 2258">
     <span class='ocr_line' id='line_1_24' title="bbox 351 2179 1926 2258; baseline -0.008 -12"><span class='ocrx_word' id='word_1_157' title='bbox 351 2187 523 2258; x_wconf 80' lang='lat' dir='ltr'><strong>igitur</strong></span> <span class='ocrx_word' id='word_1_158' title='bbox 544 2185 593 2243; x_wconf 90' lang='lat' dir='ltr'><strong>si</strong></span> <span class='ocrx_word' id='word_1_159' title='bbox 623 2185 695 2240; x_wconf 93' lang='lat' dir='ltr'><strong>ob</strong></span> <span class='ocrx_word' id='word_1_160' title='bbox 723 2182 1016 2254; x_wconf 84' lang='lat' dir='ltr'><strong>praesentia</strong></span> <span class='ocrx_word' id='word_1_161' title='bbox 1049 2181 1236 2237; x_wconf 91' lang='lat' dir='ltr'><strong>dolore</strong></span> <span class='ocrx_word' id='word_1_162' title='bbox 1264 2179 1519 2243; x_wconf 86' lang='lat' dir='ltr'><strong>aﬂiceris,</strong></span> <span class='ocrx_word' id='word_1_163' title='bbox 1544 2195 1609 2236; x_wconf 78' lang='lat' dir='ltr'><strong>ex</strong></span> <span class='ocrx_word' id='word_1_164' title='bbox 1635 2179 1926 2250; x_wconf 86' lang='lat' dir='ltr'><strong>praeteritis</strong></span> 
     </span>
    </p>
   </div>
   <div class='ocr_carea' id='block_1_25' title="bbox 352 2270 1926 2348">
    <p class='ocr_par' dir='ltr' id='par_1_25' title="bbox 352 2270 1926 2348">
     <span class='ocr_line' id='line_1_25' title="bbox 352 2270 1926 2348; baseline -0.005 -16"><span class='ocrx_word' id='word_1_165' title='bbox 352 2287 412 2334; x_wconf 84' lang='lat' dir='ltr'><strong>te</strong></span> <span class='ocrx_word' id='word_1_166' title='bbox 441 2279 561 2348; x_wconf 83' lang='lat' dir='ltr'><strong>ipsa</strong></span> <span class='ocrx_word' id='word_1_167' title='bbox 609 2277 916 2332; x_wconf 89' lang='lat' dir='ltr'><strong>consolare.</strong></span> <span class='ocrx_word' id='word_1_168' title='bbox 964 2272 1122 2329; x_wconf 86' lang='lat' dir='ltr'><strong>Nunc</strong></span> <span class='ocrx_word' id='word_1_169' title='bbox 1154 2273 1508 2344; x_wconf 83' lang='lat' dir='ltr'><strong>lacrymaris,</strong></span> <span class='ocrx_word' id='word_1_170' title='bbox 1545 2282 1600 2326; x_wconf 87' lang='lat' dir='ltr'><strong>at</strong></span> <span class='ocrx_word' id='word_1_171' title='bbox 1642 2273 1797 2343; x_wconf 84' lang='lat' dir='ltr'><strong>prius</strong></span> <span class='ocrx_word' id='word_1_172' title='bbox 1846 2270 1926 2325; x_wconf 91' lang='lat' dir='ltr'><strong>ri-</strong></span> 
     </span>
    </p>
   </div>
   <div class='ocr_carea' id='block_1_26' title="bbox 353 2363 1927 2439">
    <p class='ocr_par' dir='ltr' id='par_1_26' title="bbox 353 2363 1927 2439">
     <span class='ocr_line' id='line_1_26' title="bbox 353 2363 1927 2439; baseline -0.005 -13"><span class='ocrx_word' id='word_1_173' title='bbox 353 2371 477 2427; x_wconf 87' lang='lat' dir='ltr'><strong>sisti</strong></span> <span class='ocrx_word' id='word_1_174' title='bbox 502 2389 516 2425; x_wconf 90' lang='lat'><strong>:</strong></span> <span class='ocrx_word' id='word_1_175' title='bbox 541 2383 689 2424; x_wconf 90' lang='lat' dir='ltr'><strong>nunc</strong></span> <span class='ocrx_word' id='word_1_176' title='bbox 711 2382 917 2439; x_wconf 88' lang='lat' dir='ltr'><strong>pauper</strong></span> <span class='ocrx_word' id='word_1_177' title='bbox 938 2381 1020 2433; x_wconf 90' lang='lat' dir='ltr'><strong>es,</strong></span> <span class='ocrx_word' id='word_1_178' title='bbox 1052 2377 1106 2420; x_wconf 91' lang='lat' dir='ltr'><strong>at</strong></span> <span class='ocrx_word' id='word_1_179' title='bbox 1135 2366 1288 2435; x_wconf 90' lang='lat' dir='ltr'><strong>prius</strong></span> <span class='ocrx_word' id='word_1_180' title='bbox 1326 2363 1476 2419; x_wconf 85' lang='lat' dir='ltr'><strong>fuisti</strong></span> <span class='ocrx_word' id='word_1_181' title='bbox 1509 2363 1699 2429; x_wconf 88' lang='lat' dir='ltr'><strong>dives;</strong></span> <span class='ocrx_word' id='word_1_182' title='bbox 1738 2363 1927 2419; x_wconf 90' lang='lat' dir='ltr'><strong>bibisti</strong></span> 
     </span>
    </p>
   </div>
   <div class='ocr_carea' id='block_1_27' title="bbox 354 2455 1926 2533">
    <p class='ocr_par' dir='ltr' id='par_1_27' title="bbox 354 2455 1926 2533">
     <span class='ocr_line' id='line_1_27' title="bbox 354 2455 1926 2533; baseline -0.004 -17"><span class='ocrx_word' id='word_1_183' title='bbox 354 2460 643 2533; x_wconf 82' lang='lat' dir='ltr'><strong>limpidum</strong></span> <span class='ocrx_word' id='word_1_184' title='bbox 664 2460 789 2514; x_wconf 87' lang='lat' dir='ltr'><strong>vitae</strong></span> <span class='ocrx_word' id='word_1_185' title='bbox 821 2459 1060 2522; x_wconf 87' lang='lat' dir='ltr'><strong>laticem,</strong></span> <span class='ocrx_word' id='word_1_186' title='bbox 1085 2458 1197 2527; x_wconf 89' lang='lat' dir='ltr'><strong>jam</strong></span> <span class='ocrx_word' id='word_1_187' title='bbox 1216 2456 1497 2510; x_wconf 90' lang='lat' dir='ltr'><strong>turbidum</strong></span> <span class='ocrx_word' id='word_1_188' title='bbox 1522 2455 1718 2511; x_wconf 90' lang='lat' dir='ltr'><strong>bibens</strong></span> <span class='ocrx_word' id='word_1_189' title='bbox 1739 2455 1926 2510; x_wconf 88' lang='lat' dir='ltr'><strong>animo</strong></span> 
     </span>
    </p>
   </div>
   <div class='ocr_carea' id='block_1_28' title="bbox 351 2545 1928 2623">
    <p class='ocr_par' dir='ltr' id='par_1_28' title="bbox 351 2545 1928 2623">
     <span class='ocr_line' id='line_1_28' title="bbox 351 2545 1928 2623; baseline -0.006 -15"><span class='ocrx_word' id='word_1_190' title='bbox 351 2567 514 2623; x_wconf 65' lang='lat' dir='ltr'><strong>aquo</strong></span> <span class='ocrx_word' id='word_1_191' title='bbox 544 2552 772 2622; x_wconf 88' lang='lat' dir='ltr'><strong>patiare.</strong></span> <span class='ocrx_word' id='word_1_192' title='bbox 804 2547 883 2603; x_wconf 84' lang='lat' dir='ltr'><strong>Ne</strong></span> <span class='ocrx_word' id='word_1_193' title='bbox 912 2547 1203 2602; x_wconf 89' lang='lat' dir='ltr'><strong>ﬂuviorum</strong></span> <span class='ocrx_word' id='word_1_194' title='bbox 1235 2546 1456 2616; x_wconf 91' lang='lat' dir='ltr'><strong>quidem</strong></span> <span class='ocrx_word' id='word_1_195' title='bbox 1486 2545 1692 2600; x_wconf 92' lang='lat' dir='ltr'><strong>ﬂuenta</strong></span> <span class='ocrx_word' id='word_1_196' title='bbox 1735 2560 1928 2615; x_wconf 88' lang='lat' dir='ltr'><strong>perpe-</strong></span> 
     </span>
    </p>
   </div>
   <div class='ocr_carea' id='block_1_29' title="bbox 339 2638 1924 2714">
    <p class='ocr_par' dir='ltr' id='par_1_29' title="bbox 339 2638 1924 2714">
     <span class='ocr_line' id='line_1_29' title="bbox 339 2638 1924 2714; baseline -0.001 -21"><span class='ocrx_word' id='word_1_197' title='bbox 339 2652 453 2699; x_wconf 88' lang='lat' dir='ltr'><strong>.tuo</strong></span> <span class='ocrx_word' id='word_1_198' title='bbox 493 2649 759 2714; x_wconf 89' lang='lat' dir='ltr'><strong>apparent</strong></span> <span class='ocrx_word' id='word_1_199' title='bbox 783 2656 941 2711; x_wconf 90' lang='lat' dir='ltr'><strong>pura.</strong></span> <span class='ocrx_word' id='word_1_200' title='bbox 975 2639 1073 2695; x_wconf 88' lang='lat' dir='ltr'><strong>Est</strong></span> <span class='ocrx_word' id='word_1_201' title='bbox 1103 2647 1284 2695; x_wconf 89' lang='lat' dir='ltr'><strong>autem</strong></span> <span class='ocrx_word' id='word_1_202' title='bbox 1326 2638 1526 2694; x_wconf 90' lang='lat' dir='ltr'><strong>ﬂuvius</strong></span> <span class='ocrx_word' id='word_1_203' title='bbox 1565 2638 1679 2695; x_wconf 88' lang='lat' dir='ltr'><strong>vita</strong></span> <span class='ocrx_word' id='word_1_204' title='bbox 1710 2645 1924 2702; x_wconf 89' lang='lat' dir='ltr'><strong>nostra,</strong></span> 
     </span>
    </p>
   </div>
   <div class='ocr_carea' id='block_1_30' title="bbox 355 2730 1924 2801">
    <p class='ocr_par' dir='ltr' id='par_1_30' title="bbox 355 2730 1924 2801">
     <span class='ocr_line' id='line_1_30' title="bbox 355 2730 1924 2801; baseline -0.005 -10"><span class='ocrx_word' id='word_1_205' title='bbox 355 2744 418 2791; x_wconf 90' lang='lat' dir='ltr'><strong>ut</strong></span> <span class='ocrx_word' id='word_1_206' title='bbox 456 2735 640 2801; x_wconf 82' lang='lat' dir='ltr'><strong>nosti,</strong></span> <span class='ocrx_word' id='word_1_207' title='bbox 693 2734 960 2789; x_wconf 89' lang='lat' dir='ltr'><strong>continue</strong></span> <span class='ocrx_word' id='word_1_208' title='bbox 1004 2732 1180 2788; x_wconf 90' lang='lat' dir='ltr'><strong>ﬂuens</strong></span> <span class='ocrx_word' id='word_1_209' title='bbox 1213 2746 1277 2787; x_wconf 88' lang='lat' dir='ltr'><strong>ac</strong></span> <span class='ocrx_word' id='word_1_210' title='bbox 1310 2730 1570 2786; x_wconf 88' lang='lat' dir='ltr'><strong>ﬂuctibus</strong></span> <span class='ocrx_word' id='word_1_211' title='bbox 1611 2730 1924 2785; x_wconf 86' lang='lat' dir='ltr'><strong>alternatim</strong></span> 
     </span>
    </p>
   </div>
   <div class='ocr_carea' id='block_1_31' title="bbox 356 2821 1930 2891">
    <p class='ocr_par' dir='ltr' id='par_1_31' title="bbox 356 2821 1930 2891">
     <span class='ocr_line' id='line_1_31' title="bbox 356 2821 1930 2891; baseline -0.005 -8"><span class='ocrx_word' id='word_1_212' title='bbox 356 2826 464 2883; x_wconf 83' lang='lat' dir='ltr'><strong>sibi</strong></span> <span class='ocrx_word' id='word_1_213' title='bbox 495 2823 918 2881; x_wconf 87' lang='lat' dir='ltr'><strong>succedentibus</strong></span> <span class='ocrx_word' id='word_1_214' title='bbox 953 2821 1172 2879; x_wconf 89' lang='lat' dir='ltr'><strong>referta.</strong></span> <span class='ocrx_word' id='word_1_215' title='bbox 1210 2821 1425 2877; x_wconf 89' lang='lat' dir='ltr'><strong>Etenim</strong></span> <span class='ocrx_word' id='word_1_216' title='bbox 1467 2821 1583 2891; x_wconf 89' lang='lat' dir='ltr'><strong>jam</strong></span> <span class='ocrx_word' id='word_1_217' title='bbox 1632 2836 1761 2891; x_wconf 91' lang='lat' dir='ltr'><strong>pars</strong></span> <span class='ocrx_word' id='word_1_218' title='bbox 1792 2836 1930 2890; x_wconf 65' lang='lat' dir='ltr'><strong>pra:-</strong></span> 
     </span>
    </p>
   </div>
   <div class='ocr_carea' id='block_1_32' title="bbox 356 2912 1929 2986">
    <p class='ocr_par' dir='ltr' id='par_1_32' title="bbox 356 2912 1929 2986">
     <span class='ocr_line' id='line_1_32' title="bbox 356 2912 1929 2986; baseline -0.003 -15"><span class='ocrx_word' id='word_1_219' title='bbox 356 2917 621 2981; x_wconf 73' lang='lat' dir='ltr'><strong>terﬂuxit,</strong></span> <span class='ocrx_word' id='word_1_220' title='bbox 660 2931 789 2986; x_wconf 90' lang='lat' dir='ltr'><strong>pars</strong></span> <span class='ocrx_word' id='word_1_221' title='bbox 821 2914 999 2969; x_wconf 89' lang='lat' dir='ltr'><strong>adhuc</strong></span> <span class='ocrx_word' id='word_1_222' title='bbox 1044 2913 1244 2969; x_wconf 88' lang='lat' dir='ltr'><strong>transit</strong></span> <span class='ocrx_word' id='word_1_223' title='bbox 1276 2932 1290 2967; x_wconf 89' lang='lat'><strong>:</strong></span> <span class='ocrx_word' id='word_1_224' title='bbox 1320 2927 1447 2982; x_wconf 89' lang='lat' dir='ltr'><strong>pars</strong></span> <span class='ocrx_word' id='word_1_225' title='bbox 1487 2912 1601 2982; x_wconf 89' lang='lat' dir='ltr'><strong>jam</strong></span> <span class='ocrx_word' id='word_1_226' title='bbox 1643 2912 1869 2967; x_wconf 84' lang='lat' dir='ltr'><strong>emersit</strong></span> <span class='ocrx_word' id='word_1_227' title='bbox 1898 2928 1929 2967; x_wconf 88' lang='lat' dir='ltr'><strong>e</strong></span> 
     </span>
    </p>
   </div>
   <div class='ocr_carea' id='block_1_33' title="bbox 356 3001 1926 3077">
    <p class='ocr_par' dir='ltr' id='par_1_33' title="bbox 356 3001 1926 3077">
     <span class='ocr_line' id='line_1_33' title="bbox 356 3001 1926 3077; baseline -0.007 -12"><span class='ocrx_word' id='word_1_228' title='bbox 356 3009 601 3065; x_wconf 86' lang='lat' dir='ltr'><strong>fontibus</strong></span> <span class='ocrx_word' id='word_1_229' title='bbox 620 3049 636 3075; x_wconf 91' lang='lat'><strong>,</strong></span> <span class='ocrx_word' id='word_1_230' title='bbox 658 3022 787 3077; x_wconf 90' lang='lat' dir='ltr'><strong>pars</strong></span> <span class='ocrx_word' id='word_1_231' title='bbox 817 3020 949 3060; x_wconf 90' lang='lat' dir='ltr'><strong>vero</strong></span> <span class='ocrx_word' id='word_1_232' title='bbox 979 3019 1263 3059; x_wconf 92' lang='lat' dir='ltr'><strong>emersura</strong></span> <span class='ocrx_word' id='word_1_233' title='bbox 1299 3012 1416 3066; x_wconf 88' lang='lat' dir='ltr'><strong>est,</strong></span> <span class='ocrx_word' id='word_1_234' title='bbox 1447 3008 1502 3057; x_wconf 90' lang='lat' dir='ltr'><strong>et</strong></span> <span class='ocrx_word' id='word_1_235' title='bbox 1532 3001 1601 3056; x_wconf 88' lang='lat' dir='ltr'><strong>ad</strong></span> <span class='ocrx_word' id='word_1_236' title='bbox 1633 3016 1926 3060; x_wconf 89' lang='lat' dir='ltr'><strong>commune</strong></span> 
     </span>
    </p>
   </div>
   <div class='ocr_carea' id='block_1_34' title="bbox 2023 517 3601 594">
    <p class='ocr_par' dir='ltr' id='par_1_34' title="bbox 2023 517 3601 594">
     <span class='ocr_line' id='line_1_34' title="bbox 2023 517 3601 594; baseline 0.008 -24"><span class='ocrx_word' id='word_1_237' title='bbox 2023 517 2215 571; x_wconf 79' lang='grc' dir='ltr'>ἑαυτὸν</span> <span class='ocrx_word' id='word_1_238' title='bbox 2260 518 2362 588; x_wconf 86' lang='grc' dir='ltr'>τῆς</span> <span class='ocrx_word' id='word_1_239' title='bbox 2406 520 2511 590; x_wconf 87' lang='grc' dir='ltr'>γῆς</span> <span class='ocrx_word' id='word_1_240' title='bbox 2562 521 2845 592; x_wconf 86' lang='grc' dir='ltr'>ἐκτεμεῖν,</span> <span class='ocrx_word' id='word_1_241' title='bbox 2900 524 2962 577; x_wconf 82' lang='grc' dir='ltr'>τὸ</span> <span class='ocrx_word' id='word_1_242' title='bbox 3008 525 3109 594; x_wconf 80' lang='grc' dir='ltr'>τῆς</span> <span class='ocrx_word' id='word_1_243' title='bbox 3160 524 3256 578; x_wconf 91' lang='grc' dir='ltr'><strong>τοῦ</strong></span> <span class='ocrx_word' id='word_1_244' title='bbox 3313 527 3601 593; x_wconf 78' lang='grc' dir='ltr'><strong>κτίσαντος</strong></span> 
     </span>
    </p>
   </div>
   <div class='ocr_carea' id='block_1_35' title="bbox 2022 610 3601 690">
    <p class='ocr_par' dir='ltr' id='par_1_35' title="bbox 2022 610 3601 690">
     <span class='ocr_line' id='line_1_35' title="bbox 2022 610 3601 690; baseline 0.008 -27"><span class='ocrx_word' id='word_1_245' title='bbox 2022 610 2190 683; x_wconf 82' lang='grc' dir='ltr'>ὀργῆς</span> <span class='ocrx_word' id='word_1_246' title='bbox 2220 613 2562 686; x_wconf 85' lang='grc' dir='ltr'>ἀκονήσαντα</span> <span class='ocrx_word' id='word_1_247' title='bbox 2593 615 2764 685; x_wconf 80' lang='grc' dir='ltr'>ξίφος,</span> <span class='ocrx_word' id='word_1_248' title='bbox 2796 616 2831 689; x_wconf 81' lang='grc' dir='ltr'>ἢ</span> <span class='ocrx_word' id='word_1_249' title='bbox 2859 617 3319 690; x_wconf 84' lang='grc' dir='ltr'>διακαρτεροῦντα</span> <span class='ocrx_word' id='word_1_250' title='bbox 3363 620 3504 690; x_wconf 80' lang='grc' dir='ltr'>πρὸς</span> <span class='ocrx_word' id='word_1_251' title='bbox 3530 621 3601 675; x_wconf 77' lang='grc' dir='ltr'>τὰ</span> 
     </span>
    </p>
   </div>
   <div class='ocr_carea' id='block_1_36' title="bbox 2022 702 3601 783">
    <p class='ocr_par' dir='ltr' id='par_1_36' title="bbox 2022 702 3601 783">
     <span class='ocr_line' id='line_1_36' title="bbox 2022 702 3601 783; baseline 0.007 -28"><span class='ocrx_word' id='word_1_252' title='bbox 2022 702 2189 768; x_wconf 84' lang='grc' dir='ltr'>δεινὰ,</span> <span class='ocrx_word' id='word_1_253' title='bbox 2225 707 2317 759; x_wconf 81' lang='grc' dir='ltr'>τὸν</span> <span class='ocrx_word' id='word_1_254' title='bbox 2366 708 2424 759; x_wconf 89' lang='grc' dir='ltr'><strong>ἐν</strong></span> <span class='ocrx_word' id='word_1_255' title='bbox 2464 711 2577 773; x_wconf 83' lang='grc' dir='ltr'>τοῖς</span> <span class='ocrx_word' id='word_1_256' title='bbox 2627 709 2804 779; x_wconf 87' lang='grc' dir='ltr'>ἀγῶσι</span> <span class='ocrx_word' id='word_1_257' title='bbox 2839 710 3036 782; x_wconf 82' lang='grc' dir='ltr'>μόχθον</span> <span class='ocrx_word' id='word_1_258' title='bbox 3078 712 3258 783; x_wconf 79' lang='grc' dir='ltr'>ἐαυτῷ</span> <span class='ocrx_word' id='word_1_259' title='bbox 3296 730 3356 765; x_wconf 89' lang='grc' dir='ltr'><strong>τε</strong></span> <span class='ocrx_word' id='word_1_260' title='bbox 3399 714 3495 766; x_wconf 71' lang='grc' dir='ltr'>καὶ</span> <span class='ocrx_word' id='word_1_261' title='bbox 3532 714 3601 783; x_wconf 80' lang='grc' dir='ltr'>τῇ</span> 
     </span>
    </p>
   </div>
   <div class='ocr_carea' id='block_1_37' title="bbox 2026 800 3601 878">
    <p class='ocr_par' dir='ltr' id='par_1_37' title="bbox 2026 800 3601 878">
     <span class='ocr_line' id='line_1_37' title="bbox 2026 800 3601 878; baseline 0.004 -25"><span class='ocrx_word' id='word_1_262' title='bbox 2026 800 2345 873; x_wconf 80' lang='grc' dir='ltr'><strong>συνοικούσῃ</strong></span> <span class='ocrx_word' id='word_1_263' title='bbox 2382 801 2661 872; x_wconf 85' lang='grc' dir='ltr'><strong>μηκύνειν.</strong></span> <span class='ocrx_word' id='word_1_264' title='bbox 2703 805 2760 856; x_wconf 86' lang='grc' dir='ltr'>Ὀ</span> <span class='ocrx_word' id='word_1_265' title='bbox 2796 803 2854 857; x_wconf 81' lang='grc' dir='ltr'>δὲ</span> <span class='ocrx_word' id='word_1_266' title='bbox 2898 806 2990 858; x_wconf 83' lang='grc' dir='ltr'>ἐπὶ</span> <span class='ocrx_word' id='word_1_267' title='bbox 3027 804 3237 868; x_wconf 79' lang='grc' dir='ltr'><strong>τούτοις</strong></span> <span class='ocrx_word' id='word_1_268' title='bbox 3270 808 3385 869; x_wconf 82' lang='grc' dir='ltr'>τοῖς</span> <span class='ocrx_word' id='word_1_269' title='bbox 3421 806 3601 878; x_wconf 78' lang='grc' dir='ltr'>ῥήμα-</span> 
     </span>
    </p>
   </div>
   <div class='ocr_carea' id='block_1_38' title="bbox 2027 892 3602 968">
    <p class='ocr_par' dir='ltr' id='par_1_38' title="bbox 2027 892 3602 968">
     <span class='ocr_line' id='line_1_38' title="bbox 2027 892 3602 968; baseline 0.001 -23"><span class='ocrx_word' id='word_1_270' title='bbox 2027 909 2110 945; x_wconf 91' lang='grc' dir='ltr'><strong>σιν</strong></span> <span class='ocrx_word' id='word_1_271' title='bbox 2138 892 2453 963; x_wconf 72' lang='grc' dir='ltr'><strong>ἀχθεσθεὶς,</strong></span> <span class='ocrx_word' id='word_1_272' title='bbox 2486 892 2562 958; x_wconf 84' lang='grc' dir='ltr'>ὡς</span> <span class='ocrx_word' id='word_1_273' title='bbox 2590 896 2676 947; x_wconf 85' lang='grc' dir='ltr'><strong>ἐπ’</strong></span> <span class='ocrx_word' id='word_1_274' title='bbox 2703 895 2879 950; x_wconf 73' lang='grc' dir='ltr'>οὐδενὶ</span> <span class='ocrx_word' id='word_1_275' title='bbox 2919 896 3029 949; x_wconf 91' lang='grc' dir='ltr'><strong>τῶν</strong></span> <span class='ocrx_word' id='word_1_276' title='bbox 3068 896 3350 968; x_wconf 85' lang='grc' dir='ltr'><strong>προτέρων</strong></span> <span class='ocrx_word' id='word_1_277' title='bbox 3388 898 3602 961; x_wconf 80' lang='grc' dir='ltr'><strong>κακῶν,</strong></span> 
     </span>
    </p>
   </div>
   <div class='ocr_carea' id='block_1_39' title="bbox 2026 984 3603 1059">
    <p class='ocr_par' dir='ltr' id='par_1_39' title="bbox 2026 984 3603 1059">
     <span class='ocr_line' id='line_1_39' title="bbox 2026 984 3603 1059; baseline 0.003 -21"><span class='ocrx_word' id='word_1_278' title='bbox 2026 986 2118 1038; x_wconf 75' lang='grc' dir='ltr'>καὶ</span> <span class='ocrx_word' id='word_1_279' title='bbox 2151 984 2322 1056; x_wconf 89' lang='grc' dir='ltr'>θυμοῦ</span> <span class='ocrx_word' id='word_1_280' title='bbox 2348 985 2410 1038; x_wconf 85' lang='grc' dir='ltr'>τὸ</span> <span class='ocrx_word' id='word_1_281' title='bbox 2442 985 2661 1058; x_wconf 82' lang='grc' dir='ltr'><strong>βλέμμα</strong></span> <span class='ocrx_word' id='word_1_282' title='bbox 2691 985 3016 1059; x_wconf 80' lang='grc' dir='ltr'>πληρώσας,</span> <span class='ocrx_word' id='word_1_283' title='bbox 3057 990 3150 1041; x_wconf 80' lang='grc' dir='ltr'>καὶ</span> <span class='ocrx_word' id='word_1_284' title='bbox 3194 989 3333 1059; x_wconf 77' lang='grc' dir='ltr'>πρὸς</span> <span class='ocrx_word' id='word_1_285' title='bbox 3370 988 3474 1059; x_wconf 77' lang='grc' dir='ltr'>τὴν</span> <span class='ocrx_word' id='word_1_286' title='bbox 3502 1005 3603 1057; x_wconf 78' lang='grc' dir='ltr'>γυ-</span> 
     </span>
    </p>
   </div>
   <div class='ocr_carea' id='block_1_40' title="bbox 2025 1077 3604 1152">
    <p class='ocr_par' dir='ltr' id='par_1_40' title="bbox 2025 1077 3604 1152">
     <span class='ocr_line' id='line_1_40' title="bbox 2025 1077 3604 1152; baseline 0.001 -21"><span class='ocrx_word' id='word_1_287' title='bbox 2025 1081 2187 1132; x_wconf 85' lang='grc' dir='ltr'>ναῖκα</span> <span class='ocrx_word' id='word_1_288' title='bbox 2213 1077 2465 1149; x_wconf 88' lang='grc' dir='ltr'>καθάπερ</span> <span class='ocrx_word' id='word_1_289' title='bbox 2496 1079 2634 1150; x_wconf 87' lang='grc' dir='ltr'>πρὸς</span> <span class='ocrx_word' id='word_1_290' title='bbox 2676 1080 2938 1151; x_wconf 76' lang='grc' dir='ltr'><strong>πολεμίαν</strong></span> <span class='ocrx_word' id='word_1_291' title='bbox 2968 1081 3363 1152; x_wconf 72' lang='grc' dir='ltr'>ἀποστραφεὶς,</span> <span class='ocrx_word' id='word_1_292' title='bbox 3398 1082 3453 1134; x_wconf 80' lang='grc' dir='ltr'><strong>τί</strong></span> <span class='ocrx_word' id='word_1_293' title='bbox 3496 1098 3604 1152; x_wconf 80' lang='grc' dir='ltr'>φη-</span> 
     </span>
    </p>
   </div>
   <div class='ocr_carea' id='block_1_41' title="bbox 2028 1169 3609 1242">
    <p class='ocr_par' dir='ltr' id='par_1_41' title="bbox 2028 1169 3609 1242">
     <span class='ocr_line' id='line_1_41' title="bbox 2028 1169 3609 1242; baseline 0.003 -20"><span class='ocrx_word' id='word_1_294' title='bbox 2028 1187 2145 1235; x_wconf 89' lang='grc' dir='ltr'>σιν;</span> <span class='ocrx_word' id='word_1_295' title='bbox 2191 1171 2312 1225; x_wconf 83' lang='grc' dir='ltr'><strong>Ἵνα</strong></span> <span class='ocrx_word' id='word_1_296' title='bbox 2352 1170 2411 1224; x_wconf 86' lang='grc' dir='ltr'><strong>τί</strong></span> <span class='ocrx_word' id='word_1_297' title='bbox 2449 1169 2651 1242; x_wconf 84' lang='grc' dir='ltr'>ὥσπερ</span> <span class='ocrx_word' id='word_1_298' title='bbox 2682 1171 2793 1241; x_wconf 84' lang='grc' dir='ltr'><strong>μία</strong></span> <span class='ocrx_word' id='word_1_299' title='bbox 2833 1170 2951 1225; x_wconf 76' lang='grc' dir='ltr'>τῶν</span> <span class='ocrx_word' id='word_1_300' title='bbox 2981 1171 3259 1240; x_wconf 69' lang='grc' dir='ltr'>ἀφρόνων</span> <span class='ocrx_word' id='word_1_301' title='bbox 3297 1172 3609 1242; x_wconf 73' lang='grc' dir='ltr'>γυναικῶν</span> 
     </span>
    </p>
   </div>
   <div class='ocr_carea' id='block_1_42' title="bbox 2025 1257 3609 1335">
    <p class='ocr_par' dir='ltr' id='par_1_42' title="bbox 2025 1257 3609 1335">
     <span class='ocr_line' id='line_1_42' title="bbox 2025 1257 3609 1335; baseline 0.001 -20"><span class='ocrx_word' id='word_1_302' title='bbox 2025 1261 2325 1332; x_wconf 75' lang='grc' dir='ltr'>ὲφθέγξω;</span> <span class='ocrx_word' id='word_1_303' title='bbox 2358 1262 2634 1327; x_wconf 82' lang='grc' dir='ltr'>Κατάθου,</span> <span class='ocrx_word' id='word_1_304' title='bbox 2676 1265 2862 1334; x_wconf 75' lang='grc' dir='ltr'>φησὶν,</span> <span class='ocrx_word' id='word_1_305' title='bbox 2899 1257 2944 1316; x_wconf 79' lang='grc' dir='ltr'><strong>ὦ</strong></span> <span class='ocrx_word' id='word_1_306' title='bbox 2972 1262 3169 1332; x_wconf 88' lang='grc' dir='ltr'>γύναι,</span> <span class='ocrx_word' id='word_1_307' title='bbox 3217 1263 3314 1334; x_wconf 83' lang='grc' dir='ltr'>τὴν</span> <span class='ocrx_word' id='word_1_308' title='bbox 3365 1265 3609 1335; x_wconf 77' lang='grc' dir='ltr'>συμϐου-</span> 
     </span>
    </p>
   </div>
   <div class='ocr_carea' id='block_1_43' title="bbox 2025 1350 3610 1427">
    <p class='ocr_par' dir='ltr' id='par_1_43' title="bbox 2025 1350 3610 1427">
     <span class='ocr_line' id='line_1_43' title="bbox 2025 1350 3610 1427; baseline 0.001 -20"><span class='ocrx_word' id='word_1_309' title='bbox 2025 1353 2145 1425; x_wconf 88' lang='grc' dir='ltr'>λήν.</span> <span class='ocrx_word' id='word_1_310' title='bbox 2178 1354 2355 1425; x_wconf 81' lang='grc' dir='ltr'><strong>Μέχρι</strong></span> <span class='ocrx_word' id='word_1_311' title='bbox 2402 1355 2547 1417; x_wconf 85' lang='grc' dir='ltr'>τίνος</span> <span class='ocrx_word' id='word_1_312' title='bbox 2571 1354 2671 1426; x_wconf 80' lang='grc' dir='ltr'>τὴν</span> <span class='ocrx_word' id='word_1_313' title='bbox 2720 1355 2905 1427; x_wconf 82' lang='grc' dir='ltr'>κοινὴν</span> <span class='ocrx_word' id='word_1_314' title='bbox 2934 1357 2992 1408; x_wconf 86' lang='grc' dir='ltr'><strong>ἐν</strong></span> <span class='ocrx_word' id='word_1_315' title='bbox 3036 1350 3118 1420; x_wconf 75' lang='grc' dir='ltr'>οἷς</span> <span class='ocrx_word' id='word_1_316' title='bbox 3146 1355 3327 1425; x_wconf 86' lang='grc' dir='ltr'>λέγεις</span> <span class='ocrx_word' id='word_1_317' title='bbox 3360 1356 3610 1427; x_wconf 77' lang='grc' dir='ltr'>ὑϐρίζεις</span> 
     </span>
    </p>
   </div>
   <div class='ocr_carea' id='block_1_44' title="bbox 2027 1445 3609 1519">
    <p class='ocr_par' dir='ltr' id='par_1_44' title="bbox 2027 1445 3609 1519">
     <span class='ocr_line' id='line_1_44' title="bbox 2027 1445 3609 1519; baseline -0.001 -19"><span class='ocrx_word' id='word_1_318' title='bbox 2027 1446 2207 1519; x_wconf 81' lang='grc' dir='ltr'>ζωήν;</span> <span class='ocrx_word' id='word_1_319' title='bbox 2254 1445 2517 1517; x_wconf 85' lang='grc' dir='ltr'>Ἐψεύσω,</span> <span class='ocrx_word' id='word_1_320' title='bbox 2569 1448 2665 1501; x_wconf 80' lang='grc' dir='ltr'>καὶ</span> <span class='ocrx_word' id='word_1_321' title='bbox 2707 1448 2808 1518; x_wconf 84' lang='grc' dir='ltr'>τὴν</span> <span class='ocrx_word' id='word_1_322' title='bbox 2859 1447 3028 1519; x_wconf 84' lang='grc' dir='ltr'>ἐμὴν,</span> <span class='ocrx_word' id='word_1_323' title='bbox 3077 1447 3154 1511; x_wconf 87' lang='grc' dir='ltr'>ὡς</span> <span class='ocrx_word' id='word_1_324' title='bbox 3183 1448 3285 1500; x_wconf 81' lang='grc' dir='ltr'>οὐκ</span> <span class='ocrx_word' id='word_1_325' title='bbox 3326 1447 3609 1517; x_wconf 79' lang='grc' dir='ltr'>ηὐχόμην,</span> 
     </span>
    </p>
   </div>
   <div class='ocr_carea' id='block_1_45' title="bbox 2026 1535 3611 1614">
    <p class='ocr_par' dir='ltr' id='par_1_45' title="bbox 2026 1535 3611 1614">
     <span class='ocr_line' id='line_1_45' title="bbox 2026 1535 3611 1614; baseline -0.001 -20"><span class='ocrx_word' id='word_1_326' title='bbox 2026 1542 2370 1614; x_wconf 80' lang='grc' dir='ltr'>ἀναστροφὴν</span> <span class='ocrx_word' id='word_1_327' title='bbox 2406 1541 2650 1604; x_wconf 86' lang='grc' dir='ltr'>διέϐαλες</span> <span class='ocrx_word' id='word_1_328' title='bbox 2679 1543 2737 1594; x_wconf 83' lang='grc' dir='ltr'><strong>ἐν</strong></span> <span class='ocrx_word' id='word_1_329' title='bbox 2773 1535 2855 1601; x_wconf 74' lang='grc' dir='ltr'><strong>οἷς</strong></span> <span class='ocrx_word' id='word_1_330' title='bbox 2894 1540 3181 1611; x_wconf 82' lang='grc' dir='ltr'>ἐλάλησας,</span> <span class='ocrx_word' id='word_1_331' title='bbox 3221 1540 3317 1594; x_wconf 76' lang='grc' dir='ltr'>καὶ</span> <span class='ocrx_word' id='word_1_332' title='bbox 3349 1540 3443 1593; x_wconf 74' lang='grc' dir='ltr'><strong>τὸν</strong></span> <span class='ocrx_word' id='word_1_333' title='bbox 3473 1539 3611 1610; x_wconf 76' lang='grc' dir='ltr'>ἐμὸν</span> 
     </span>
    </p>
   </div>
   <div class='ocr_carea' id='block_1_46' title="bbox 2029 1629 3610 1705">
    <p class='ocr_par' dir='ltr' id='par_1_46' title="bbox 2029 1629 3610 1705">
     <span class='ocr_line' id='line_1_46' title="bbox 2029 1629 3610 1705; baseline -0.002 -17"><span class='ocrx_word' id='word_1_334' title='bbox 2029 1635 2162 1705; x_wconf 87' lang='grc' dir='ltr'>βίον.</span> <span class='ocrx_word' id='word_1_335' title='bbox 2200 1634 2288 1701; x_wconf 81' lang='grc' dir='ltr'>Ἐξ</span> <span class='ocrx_word' id='word_1_336' title='bbox 2322 1633 2576 1705; x_wconf 76' lang='grc' dir='ltr'>ἡμισείας</span> <span class='ocrx_word' id='word_1_337' title='bbox 2604 1632 2939 1704; x_wconf 76' lang='grc' dir='ltr'>ἠσεϐηκέναι</span> <span class='ocrx_word' id='word_1_338' title='bbox 2970 1632 3230 1702; x_wconf 80' lang='grc' dir='ltr'>νενόμικα</span> <span class='ocrx_word' id='word_1_339' title='bbox 3270 1629 3403 1686; x_wconf 82' lang='grc' dir='ltr'>νῦν·</span> <span class='ocrx_word' id='word_1_340' title='bbox 3448 1632 3610 1685; x_wconf 78' lang='grc' dir='ltr'>ἐπειο</span> 
     </span>
    </p>
   </div>
   <div class='ocr_carea' id='block_1_47' title="bbox 2026 1722 3615 1796">
    <p class='ocr_par' dir='ltr' id='par_1_47' title="bbox 2026 1722 3615 1796">
     <span class='ocr_line' id='line_1_47' title="bbox 2026 1722 3615 1796; baseline -0.002 -18"><span class='ocrx_word' id='word_1_341' title='bbox 2026 1725 2201 1796; x_wconf 84' lang='grc' dir='ltr'>δήπερ</span> <span class='ocrx_word' id='word_1_342' title='bbox 2262 1724 2321 1778; x_wconf 81' lang='grc' dir='ltr'><strong>ἐν</strong></span> <span class='ocrx_word' id='word_1_343' title='bbox 2374 1724 2473 1794; x_wconf 81' lang='grc' dir='ltr'>μὲν</span> <span class='ocrx_word' id='word_1_344' title='bbox 2537 1723 2696 1795; x_wconf 85' lang='grc' dir='ltr'>σῶμα</span> <span class='ocrx_word' id='word_1_345' title='bbox 2749 1723 3093 1794; x_wconf 77' lang='grc' dir='ltr'><strong>ἀμφοτέρους</strong></span> <span class='ocrx_word' id='word_1_346' title='bbox 3148 1724 3295 1793; x_wconf 80' lang='grc' dir='ltr'>ἡμᾶς</span> <span class='ocrx_word' id='word_1_347' title='bbox 3349 1724 3379 1776; x_wconf 90' lang='grc' dir='ltr'>ὁ</span> <span class='ocrx_word' id='word_1_348' title='bbox 3427 1722 3615 1793; x_wconf 81' lang='grc' dir='ltr'><strong>γάμος</strong></span> 
     </span>
    </p>
   </div>
   <div class='ocr_carea' id='block_1_48' title="bbox 2026 1813 3617 1887">
    <p class='ocr_par' dir='ltr' id='par_1_48' title="bbox 2026 1813 3617 1887">
     <span class='ocr_line' id='line_1_48' title="bbox 2026 1813 3617 1887; baseline -0.001 -20"><span class='ocrx_word' id='word_1_349' title='bbox 2026 1816 2285 1887; x_wconf 84' lang='grc' dir='ltr'>ἐποίησε,</span> <span class='ocrx_word' id='word_1_350' title='bbox 2340 1814 2405 1868; x_wconf 81' lang='grc' dir='ltr'>σὺ</span> <span class='ocrx_word' id='word_1_351' title='bbox 2448 1815 2507 1869; x_wconf 84' lang='grc' dir='ltr'>δὲ</span> <span class='ocrx_word' id='word_1_352' title='bbox 2550 1816 2630 1878; x_wconf 80' lang='grc' dir='ltr'><strong>είς</strong></span> <span class='ocrx_word' id='word_1_353' title='bbox 2670 1814 3020 1886; x_wconf 83' lang='grc' dir='ltr'>βλασφημίαν</span> <span class='ocrx_word' id='word_1_354' title='bbox 3057 1814 3390 1877; x_wconf 86' lang='grc' dir='ltr'>κατέπεσας.</span> <span class='ocrx_word' id='word_1_355' title='bbox 3418 1814 3494 1866; x_wconf 74' lang='lat' dir='ltr'><strong>Ei</strong></span> <span class='ocrx_word' id='word_1_356' title='bbox 3534 1813 3617 1866; x_wconf 79' lang='grc' dir='ltr'>τὰ</span> 
     </span>
    </p>
   </div>
   <div class='ocr_carea' id='block_1_49' title="bbox 2025 1905 3617 1979">
    <p class='ocr_par' dir='ltr' id='par_1_49' title="bbox 2025 1905 3617 1979">
     <span class='ocr_line' id='line_1_49' title="bbox 2025 1905 3617 1979; baseline -0.003 -16"><span class='ocrx_word' id='word_1_357' title='bbox 2025 1908 2217 1978; x_wconf 76' lang='grc' dir='ltr'>ἀγαθὰ</span> <span class='ocrx_word' id='word_1_358' title='bbox 2238 1906 2565 1979; x_wconf 83' lang='grc' dir='ltr'>ἐδεξάμεθα</span> <span class='ocrx_word' id='word_1_359' title='bbox 2592 1909 2661 1962; x_wconf 82' lang='grc' dir='ltr'><strong>ἐκ</strong></span> <span class='ocrx_word' id='word_1_360' title='bbox 2687 1907 2885 1977; x_wconf 80' lang='grc' dir='ltr'>χειρὸς</span> <span class='ocrx_word' id='word_1_361' title='bbox 2911 1908 3156 1975; x_wconf 79' lang='grc' dir='ltr'><strong>Κυρίου,</strong></span> <span class='ocrx_word' id='word_1_362' title='bbox 3192 1907 3266 1961; x_wconf 80' lang='grc' dir='ltr'>τίι</span> <span class='ocrx_word' id='word_1_363' title='bbox 3292 1905 3456 1960; x_wconf 85' lang='grc' dir='ltr'>κακὰ</span> <span class='ocrx_word' id='word_1_364' title='bbox 3493 1908 3617 1974; x_wconf 79' lang='grc' dir='ltr'>οὐχ</span> 
     </span>
    </p>
   </div>
   <div class='ocr_carea' id='block_1_50' title="bbox 2025 1996 3613 2072">
    <p class='ocr_par' dir='ltr' id='par_1_50' title="bbox 2025 1996 3613 2072">
     <span class='ocr_line' id='line_1_50' title="bbox 2025 1996 3613 2072; baseline -0.003 -19"><span class='ocrx_word' id='word_1_365' title='bbox 2025 2001 2398 2069; x_wconf 80' lang='grc' dir='ltr'>ὑποίσομεν;</span> <span class='ocrx_word' id='word_1_366' title='bbox 2454 2000 2790 2072; x_wconf 86' lang='grc' dir='ltr'>Ἀνάμνησον</span> <span class='ocrx_word' id='word_1_367' title='bbox 2833 1999 2942 2053; x_wconf 89' lang='grc' dir='ltr'><strong>τῶν</strong></span> <span class='ocrx_word' id='word_1_368' title='bbox 2987 1998 3311 2068; x_wconf 77' lang='grc' dir='ltr'>φθασάντων</span> <span class='ocrx_word' id='word_1_369' title='bbox 3371 1996 3613 2068; x_wconf 76' lang='grc' dir='ltr'>σεαυτὴν</span> 
     </span>
    </p>
   </div>
   <div class='ocr_carea' id='block_1_51' title="bbox 2028 2089 3612 2164">
    <p class='ocr_par' dir='ltr' id='par_1_51' title="bbox 2028 2089 3612 2164">
     <span class='ocr_line' id='line_1_51' title="bbox 2028 2089 3612 2164; baseline -0.003 -18"><span class='ocrx_word' id='word_1_370' title='bbox 2028 2091 2246 2160; x_wconf 87' lang='grc' dir='ltr'><strong>ἀγαθῶν</strong></span> <span class='ocrx_word' id='word_1_371' title='bbox 2265 2108 2279 2121; x_wconf 88' lang='grc'>·</span> <span class='ocrx_word' id='word_1_372' title='bbox 2308 2092 2682 2164; x_wconf 82' lang='grc' dir='ltr'>ἀντισήκωσον</span> <span class='ocrx_word' id='word_1_373' title='bbox 2708 2094 2777 2146; x_wconf 77' lang='grc' dir='ltr'><strong>τὰ</strong></span> <span class='ocrx_word' id='word_1_374' title='bbox 2804 2092 3037 2164; x_wconf 78' lang='grc' dir='ltr'>κρείττω</span> <span class='ocrx_word' id='word_1_375' title='bbox 3061 2095 3174 2156; x_wconf 86' lang='grc' dir='ltr'>τοῖς</span> <span class='ocrx_word' id='word_1_376' title='bbox 3204 2091 3469 2162; x_wconf 81' lang='grc' dir='ltr'>χείροσιν.</span> <span class='ocrx_word' id='word_1_377' title='bbox 3496 2089 3612 2143; x_wconf 74' lang='grc' dir='ltr'><strong>Οὐ-</strong></span> 
     </span>
    </p>
   </div>
   <div class='ocr_carea' id='block_1_52' title="bbox 2026 2180 3615 2255">
    <p class='ocr_par' dir='ltr' id='par_1_52' title="bbox 2026 2180 3615 2255">
     <span class='ocr_line' id='line_1_52' title="bbox 2026 2180 3615 2255; baseline -0.002 -17"><span class='ocrx_word' id='word_1_378' title='bbox 2026 2184 2176 2246; x_wconf 83' lang='grc' dir='ltr'>δενὸς</span> <span class='ocrx_word' id='word_1_379' title='bbox 2226 2183 2527 2255; x_wconf 83' lang='grc' dir='ltr'>ἀνθρώπων</span> <span class='ocrx_word' id='word_1_380' title='bbox 2578 2187 2608 2238; x_wconf 85' lang='grc' dir='ltr'>ὁ</span> <span class='ocrx_word' id='word_1_381' title='bbox 2653 2184 2768 2255; x_wconf 85' lang='grc' dir='ltr'>βίος</span> <span class='ocrx_word' id='word_1_382' title='bbox 2817 2185 2989 2238; x_wconf 83' lang='grc' dir='ltr'>διόλου</span> <span class='ocrx_word' id='word_1_383' title='bbox 3043 2184 3348 2255; x_wconf 84' lang='grc' dir='ltr'>μακάριος·</span> <span class='ocrx_word' id='word_1_384' title='bbox 3410 2181 3472 2234; x_wconf 83' lang='grc' dir='ltr'>τὸ</span> <span class='ocrx_word' id='word_1_385' title='bbox 3515 2180 3615 2235; x_wconf 71' lang='grc' dir='ltr'>διὰ</span> 
     </span>
    </p>
   </div>
   <div class='ocr_carea' id='block_1_53' title="bbox 2027 2269 3617 2346">
    <p class='ocr_par' dir='ltr' id='par_1_53' title="bbox 2027 2269 3617 2346">
     <span class='ocr_line' id='line_1_53' title="bbox 2027 2269 3617 2346; baseline -0.002 -19"><span class='ocrx_word' id='word_1_386' title='bbox 2027 2273 2226 2338; x_wconf 82' lang='grc' dir='ltr'>παντὸς</span> <span class='ocrx_word' id='word_1_387' title='bbox 2259 2269 2319 2328; x_wconf 82' lang='grc' dir='ltr'>εὖ</span> <span class='ocrx_word' id='word_1_388' title='bbox 2356 2274 2617 2346; x_wconf 86' lang='grc' dir='ltr'>πράττειν</span> <span class='ocrx_word' id='word_1_389' title='bbox 2648 2275 2810 2345; x_wconf 85' lang='grc' dir='ltr'>μόνου</span> <span class='ocrx_word' id='word_1_390' title='bbox 2855 2274 2990 2327; x_wconf 84' lang='grc' dir='ltr'>Θεοῦ</span> <span class='ocrx_word' id='word_1_391' title='bbox 3040 2276 3174 2327; x_wconf 88' lang='grc' dir='ltr'>ἐστι.</span> <span class='ocrx_word' id='word_1_392' title='bbox 3202 2274 3276 2327; x_wconf 79' lang='grc' dir='ltr'><strong>Σὺ</strong></span> <span class='ocrx_word' id='word_1_393' title='bbox 3314 2272 3372 2326; x_wconf 85' lang='grc' dir='ltr'>δὲ</span> <span class='ocrx_word' id='word_1_394' title='bbox 3404 2274 3455 2325; x_wconf 89' lang='grc' dir='ltr'><strong>εί</strong></span> <span class='ocrx_word' id='word_1_395' title='bbox 3491 2272 3617 2334; x_wconf 79' lang='grc' dir='ltr'>τοῖς</span> 
     </span>
    </p>
   </div>
   <div class='ocr_carea' id='block_1_54' title="bbox 2027 2364 3616 2441">
    <p class='ocr_par' dir='ltr' id='par_1_54' title="bbox 2027 2364 3616 2441">
     <span class='ocr_line' id='line_1_54' title="bbox 2027 2364 3616 2441; baseline -0.001 -19"><span class='ocrx_word' id='word_1_396' title='bbox 2027 2368 2293 2441; x_wconf 80' lang='grc' dir='ltr'>παροῦσιν</span> <span class='ocrx_word' id='word_1_397' title='bbox 2342 2368 2528 2438; x_wconf 83' lang='grc' dir='ltr'>ἀλγεῖς</span> <span class='ocrx_word' id='word_1_398' title='bbox 2549 2408 2565 2433; x_wconf 94' lang='grc'><strong>,</strong></span> <span class='ocrx_word' id='word_1_399' title='bbox 2625 2369 2733 2423; x_wconf 85' lang='grc' dir='ltr'>ἀπὸ</span> <span class='ocrx_word' id='word_1_400' title='bbox 2794 2368 2902 2422; x_wconf 86' lang='grc' dir='ltr'><strong>τῶν</strong></span> <span class='ocrx_word' id='word_1_401' title='bbox 2962 2368 3343 2441; x_wconf 89' lang='grc' dir='ltr'>προλαϐόντων</span> <span class='ocrx_word' id='word_1_402' title='bbox 3400 2364 3616 2436; x_wconf 79' lang='grc' dir='ltr'>σαυτὴν</span> 
     </span>
    </p>
   </div>
   <div class='ocr_carea' id='block_1_55' title="bbox 2028 2458 3619 2533">
    <p class='ocr_par' dir='ltr' id='par_1_55' title="bbox 2028 2458 3619 2533">
     <span class='ocr_line' id='line_1_55' title="bbox 2028 2458 3619 2533; baseline -0.003 -19"><span class='ocrx_word' id='word_1_403' title='bbox 2028 2459 2445 2533; x_wconf 88' lang='grc' dir='ltr'>παραμύθησαι.</span> <span class='ocrx_word' id='word_1_404' title='bbox 2491 2459 2605 2513; x_wconf 89' lang='grc' dir='ltr'>Νῦν</span> <span class='ocrx_word' id='word_1_405' title='bbox 2637 2459 2912 2532; x_wconf 87' lang='grc' dir='ltr'>δακρύεις,</span> <span class='ocrx_word' id='word_1_406' title='bbox 2947 2460 3063 2514; x_wconf 82' lang='grc' dir='ltr'>ἀλλ’</span> <span class='ocrx_word' id='word_1_407' title='bbox 3092 2459 3358 2528; x_wconf 76' lang='grc' dir='ltr'>ἐγέλασας</span> <span class='ocrx_word' id='word_1_408' title='bbox 3404 2458 3619 2528; x_wconf 83' lang='grc' dir='ltr'>πρότε-</span> 
     </span>
    </p>
   </div>
   <div class='ocr_carea' id='block_1_56' title="bbox 2032 2548 3615 2622">
    <p class='ocr_par' dir='ltr' id='par_1_56' title="bbox 2032 2548 3615 2622">
     <span class='ocr_line' id='line_1_56' title="bbox 2032 2548 3615 2622; baseline -0.004 -18"><span class='ocrx_word' id='word_1_409' title='bbox 2032 2567 2159 2622; x_wconf 82' lang='grc' dir='ltr'>ρον’</span> <span class='ocrx_word' id='word_1_410' title='bbox 2216 2549 2310 2604; x_wconf 84' lang='grc' dir='ltr'><strong>νῦν</strong></span> <span class='ocrx_word' id='word_1_411' title='bbox 2357 2549 2699 2621; x_wconf 88' lang='grc' dir='ltr'>πτωχεύεις,</span> <span class='ocrx_word' id='word_1_412' title='bbox 2747 2549 2863 2602; x_wconf 87' lang='grc' dir='ltr'>ἀλλ’</span> <span class='ocrx_word' id='word_1_413' title='bbox 2914 2550 3257 2620; x_wconf 79' lang='grc' dir='ltr'>ἐπλούτησας</span> <span class='ocrx_word' id='word_1_414' title='bbox 3298 2548 3615 2619; x_wconf 83' lang='grc' dir='ltr'>πρότερον·</span> 
     </span>
    </p>
   </div>
   <div class='ocr_carea' id='block_1_57' title="bbox 2028 2639 3616 2714">
    <p class='ocr_par' dir='ltr' id='par_1_57' title="bbox 2028 2639 3616 2714">
     <span class='ocr_line' id='line_1_57' title="bbox 2028 2639 3616 2714; baseline -0.003 -19"><span class='ocrx_word' id='word_1_415' title='bbox 2028 2642 2179 2705; x_wconf 75' lang='grc' dir='ltr'>ἔπιες</span> <span class='ocrx_word' id='word_1_416' title='bbox 2210 2643 2270 2696; x_wconf 80' lang='grc' dir='ltr'>τὸ</span> <span class='ocrx_word' id='word_1_417' title='bbox 2299 2642 2489 2706; x_wconf 84' lang='grc' dir='ltr'>διειδὲς</span> <span class='ocrx_word' id='word_1_418' title='bbox 2531 2644 2679 2714; x_wconf 84' lang='grc' dir='ltr'>νᾶμα</span> <span class='ocrx_word' id='word_1_419' title='bbox 2713 2642 2805 2696; x_wconf 90' lang='grc' dir='ltr'><strong>τοῦ</strong></span> <span class='ocrx_word' id='word_1_420' title='bbox 2835 2642 2984 2713; x_wconf 85' lang='grc' dir='ltr'>βίου,</span> <span class='ocrx_word' id='word_1_421' title='bbox 3025 2643 3120 2695; x_wconf 76' lang='grc' dir='ltr'>καὶ</span> <span class='ocrx_word' id='word_1_422' title='bbox 3150 2641 3211 2695; x_wconf 76' lang='grc' dir='ltr'>τὸ</span> <span class='ocrx_word' id='word_1_423' title='bbox 3256 2640 3479 2712; x_wconf 76' lang='grc' dir='ltr'>θολερὸν</span> <span class='ocrx_word' id='word_1_424' title='bbox 3511 2639 3616 2692; x_wconf 80' lang='grc' dir='ltr'>πί-</span> 
     </span>
    </p>
   </div>
   <div class='ocr_carea' id='block_1_58' title="bbox 2027 2730 3618 2805">
    <p class='ocr_par' dir='ltr' id='par_1_58' title="bbox 2027 2730 3618 2805">
     <span class='ocr_line' id='line_1_58' title="bbox 2027 2730 3618 2805; baseline -0.003 -18"><span class='ocrx_word' id='word_1_425' title='bbox 2027 2750 2193 2787; x_wconf 88' lang='grc' dir='ltr'>νουσα</span> <span class='ocrx_word' id='word_1_426' title='bbox 2223 2733 2582 2805; x_wconf 88' lang='grc' dir='ltr'>καρτέρησον.</span> <span class='ocrx_word' id='word_1_427' title='bbox 2619 2733 2755 2786; x_wconf 81' lang='grc' dir='ltr'>Οὐδὲ</span> <span class='ocrx_word' id='word_1_428' title='bbox 2790 2732 2859 2786; x_wconf 81' lang='grc' dir='ltr'>τὰ</span> <span class='ocrx_word' id='word_1_429' title='bbox 2898 2731 3008 2785; x_wconf 90' lang='grc' dir='ltr'><strong>τῶν</strong></span> <span class='ocrx_word' id='word_1_430' title='bbox 3054 2730 3322 2801; x_wconf 82' lang='grc' dir='ltr'>ποταμῶν</span> <span class='ocrx_word' id='word_1_431' title='bbox 3358 2730 3618 2800; x_wconf 79' lang='grc' dir='ltr'>ῥεύματα</span> 
     </span>
    </p>
   </div>
   <div class='ocr_carea' id='block_1_59' title="bbox 2027 2816 3616 2895">
    <p class='ocr_par' dir='ltr' id='par_1_59' title="bbox 2027 2816 3616 2895">
     <span class='ocr_line' id='line_1_59' title="bbox 2027 2816 3616 2895; baseline -0.001 -17"><span class='ocrx_word' id='word_1_432' title='bbox 2027 2824 2202 2878; x_wconf 84' lang='grc' dir='ltr'>διόλου</span> <span class='ocrx_word' id='word_1_433' title='bbox 2234 2823 2480 2895; x_wconf 84' lang='grc' dir='ltr'>φαίνεται</span> <span class='ocrx_word' id='word_1_434' title='bbox 2520 2822 2769 2895; x_wconf 51' lang='grc' dir='ltr'>καθαρὼ</span> <span class='ocrx_word' id='word_1_435' title='bbox 2806 2822 3053 2893; x_wconf 80' lang='grc' dir='ltr'>ποταμὸς</span> <span class='ocrx_word' id='word_1_436' title='bbox 3105 2822 3183 2887; x_wconf 81' lang='grc' dir='ltr'>δὲ,</span> <span class='ocrx_word' id='word_1_437' title='bbox 3231 2821 3309 2885; x_wconf 84' lang='grc' dir='ltr'><strong>ὡς</strong></span> <span class='ocrx_word' id='word_1_438' title='bbox 3351 2816 3534 2884; x_wconf 81' lang='grc' dir='ltr'>οἶσθα,</span> <span class='ocrx_word' id='word_1_439' title='bbox 3581 2823 3616 2876; x_wconf 80' lang='grc'>6</span> 
     </span>
    </p>
   </div>
   <div class='ocr_carea' id='block_1_60' title="bbox 2032 2912 3615 2987">
    <p class='ocr_par' dir='ltr' id='par_1_60' title="bbox 2032 2912 3615 2987">
     <span class='ocr_line' id='line_1_60' title="bbox 2032 2912 3615 2987; baseline -0.003 -18"><span class='ocrx_word' id='word_1_440' title='bbox 2032 2916 2145 2987; x_wconf 85' lang='grc' dir='ltr'>βίος</span> <span class='ocrx_word' id='word_1_441' title='bbox 2171 2917 2348 2987; x_wconf 82' lang='grc' dir='ltr'>ἡμῶν,</span> <span class='ocrx_word' id='word_1_442' title='bbox 2380 2915 2519 2987; x_wconf 80' lang='grc' dir='ltr'>ῥέων</span> <span class='ocrx_word' id='word_1_443' title='bbox 2540 2912 2848 2986; x_wconf 81' lang='grc' dir='ltr'>ἐνδελεχῶς,</span> <span class='ocrx_word' id='word_1_444' title='bbox 2876 2914 2971 2968; x_wconf 72' lang='grc' dir='ltr'>καὶ</span> <span class='ocrx_word' id='word_1_445' title='bbox 2999 2912 3239 2983; x_wconf 83' lang='grc' dir='ltr'>κύμασιν</span> <span class='ocrx_word' id='word_1_446' title='bbox 3263 2912 3615 2982; x_wconf 73' lang='grc' dir='ltr'>ἀλλεπαλλὴ-</span> 
     </span>
    </p>
   </div>
   <div class='ocr_carea' id='block_1_61' title="bbox 2030 3005 3618 3082">
    <p class='ocr_par' dir='ltr' id='par_1_61' title="bbox 2030 3005 3618 3082">
     <span class='ocr_line' id='line_1_61' title="bbox 2030 3005 3618 3082; baseline -0.003 -21"><span class='ocrx_word' id='word_1_447' title='bbox 2030 3009 2142 3074; x_wconf 91' lang='grc' dir='ltr'>λοις</span> <span class='ocrx_word' id='word_1_448' title='bbox 2187 3008 2579 3082; x_wconf 86' lang='grc' dir='ltr'>πληρούμενος.</span> <span class='ocrx_word' id='word_1_449' title='bbox 2630 3008 2704 3061; x_wconf 82' lang='grc' dir='ltr'><strong>Τὸ</strong></span> <span class='ocrx_word' id='word_1_450' title='bbox 2737 3006 2836 3078; x_wconf 81' lang='grc' dir='ltr'>μὲν</span> <span class='ocrx_word' id='word_1_451' title='bbox 2877 3007 2986 3078; x_wconf 84' lang='grc' dir='ltr'><strong>γὰρ</strong></span> <span class='ocrx_word' id='word_1_452' title='bbox 3024 3005 3190 3060; x_wconf 81' lang='grc' dir='ltr'>αὑτοῦ</span> <span class='ocrx_word' id='word_1_453' title='bbox 3236 3007 3618 3077; x_wconf 60' lang='grc' dir='ltr'>πῳέρρευσεν</span> 
     </span>
    </p>
   </div>
   <div class='ocr_carea' id='block_1_62' title="bbox 348 3091 1924 3175">
    <p class='ocr_par' dir='ltr' id='par_1_62' title="bbox 348 3091 1924 3162">
     <span class='ocr_line' id='line_1_62' title="bbox 348 3091 1924 3162; baseline -0.002 -13"><span class='ocrx_word' id='word_1_454' title='bbox 348 3100 555 3155; x_wconf 87' lang='lat' dir='ltr'><strong>.mortis</strong></span> <span class='ocrx_word' id='word_1_455' title='bbox 599 3112 752 3154; x_wconf 86' lang='lat' dir='ltr'><strong>mare</strong></span> <span class='ocrx_word' id='word_1_456' title='bbox 796 3096 1127 3152; x_wconf 82' lang='lat' dir='ltr'><strong>festinamus</strong></span> <span class='ocrx_word' id='word_1_457' title='bbox 1172 3108 1385 3149; x_wconf 90' lang='lat' dir='ltr'><strong>omnes.</strong></span> <span class='ocrx_word' id='word_1_458' title='bbox 1437 3091 1495 3148; x_wconf 87' lang='lat' dir='ltr'><strong>Si</strong></span> <span class='ocrx_word' id='word_1_459' title='bbox 1532 3093 1670 3146; x_wconf 84' lang='lat' dir='ltr'><strong>bona</strong></span> <span class='ocrx_word' id='word_1_460' title='bbox 1700 3093 1924 3162; x_wconf 80' lang='lat' dir='ltr'><strong>suscepi-</strong></span> 
     </span>
    </p>
   </div>
   <div class='ocr_carea' id='block_1_63' title="bbox 2029 3091 3617 3175">
    <p class='ocr_par' dir='ltr' id='par_1_63' title="bbox 2029 3096 3617 3175">
     <span class='ocr_line' id='line_1_63' title="bbox 2029 3096 3617 3175; baseline -0.004 -18"><span class='ocrx_word' id='word_1_461' title='bbox 2029 3104 2151 3175; x_wconf 76' lang='grc' dir='ltr'>ἤδη,</span> <span class='ocrx_word' id='word_1_462' title='bbox 2180 3103 2242 3156; x_wconf 83' lang='grc' dir='ltr'>τὸ</span> <span class='ocrx_word' id='word_1_463' title='bbox 2275 3102 2332 3155; x_wconf 85' lang='grc' dir='ltr'>δὲ</span> <span class='ocrx_word' id='word_1_464' title='bbox 2371 3101 2451 3155; x_wconf 75' lang='grc' dir='ltr'>ἔτι</span> <span class='ocrx_word' id='word_1_465' title='bbox 2497 3099 2809 3172; x_wconf 80' lang='grc' dir='ltr'>πορεύεται,</span> <span class='ocrx_word' id='word_1_466' title='bbox 2853 3099 2914 3153; x_wconf 81' lang='grc' dir='ltr'>τὸ</span> <span class='ocrx_word' id='word_1_467' title='bbox 2942 3098 2999 3151; x_wconf 81' lang='grc' dir='ltr'>δὲ</span> <span class='ocrx_word' id='word_1_468' title='bbox 3034 3098 3159 3169; x_wconf 77' lang='grc' dir='ltr'>ἄρτι</span> <span class='ocrx_word' id='word_1_469' title='bbox 3189 3097 3474 3169; x_wconf 75' lang='grc' dir='ltr'>προέκυψε</span> <span class='ocrx_word' id='word_1_470' title='bbox 3502 3096 3617 3151; x_wconf 81' lang='grc' dir='ltr'><strong>τῶν</strong></span> 
     </span>
    </p>
   </div>
   <div class='ocr_carea' id='block_1_64' title="bbox 346 3183 1927 3250">
    <p class='ocr_par' dir='ltr' id='par_1_64' title="bbox 346 3183 1927 3250">
     <span class='ocr_line' id='line_1_64' title="bbox 346 3183 1927 3250; baseline -0.004 -3"><span class='ocrx_word' id='word_1_471' title='bbox 346 3209 475 3247; x_wconf 80' lang='lat' dir='ltr'><strong>mus</strong></span> <span class='ocrx_word' id='word_1_472' title='bbox 527 3189 591 3245; x_wconf 78' lang='lat' dir='ltr'><strong>de</strong></span> <span class='ocrx_word' id='word_1_473' title='bbox 641 3204 803 3242; x_wconf 86' lang='lat' dir='ltr'><strong>manu</strong></span> <span class='ocrx_word' id='word_1_474' title='bbox 853 3186 1100 3250; x_wconf 79' lang='lat' dir='ltr'><strong>Domini,</strong></span> <span class='ocrx_word' id='word_1_475' title='bbox 1155 3185 1300 3239; x_wconf 81' lang='lat' dir='ltr'><strong>mala</strong></span> <span class='ocrx_word' id='word_1_476' title='bbox 1346 3198 1451 3238; x_wconf 87' lang='lat' dir='ltr'><strong>non</strong></span> <span class='ocrx_word' id='word_1_477' title='bbox 1504 3183 1927 3240; x_wconf 79' lang='lat' dir='ltr'><strong>sustinebimus?</strong></span> 
     </span>
    </p>
   </div>
   <div class='ocr_carea' id='block_1_65' title="bbox 357 3276 1929 3354">
    <p class='ocr_par' dir='ltr' id='par_1_65' title="bbox 357 3276 1929 3354">
     <span class='ocr_line' id='line_1_65' title="bbox 357 3276 1929 3354; baseline -0.005 -15"><span class='ocrx_word' id='word_1_478' title='bbox 357 3283 691 3354; x_wconf 82' lang='lat' dir='ltr'><strong>Cogimusne</strong></span> <span class='ocrx_word' id='word_1_479' title='bbox 733 3279 973 3350; x_wconf 87' lang='lat' dir='ltr'><strong>judicem</strong></span> <span class='ocrx_word' id='word_1_480' title='bbox 1020 3277 1181 3333; x_wconf 88' lang='lat' dir='ltr'><strong>nobis</strong></span> <span class='ocrx_word' id='word_1_481' title='bbox 1217 3284 1479 3347; x_wconf 88' lang='lat' dir='ltr'><strong>perpetuo</strong></span> <span class='ocrx_word' id='word_1_482' title='bbox 1521 3276 1675 3346; x_wconf 88' lang='lat' dir='ltr'><strong>paria</strong></span> <span class='ocrx_word' id='word_1_483' title='bbox 1728 3291 1929 3346; x_wconf 90' lang='lat' dir='ltr'><strong>suppe-</strong></span> 
     </span>
    </p>
   </div>
   <div class='ocr_carea' id='block_1_66' title="bbox 359 3365 1927 3436">
    <p class='ocr_par' dir='ltr' id='par_1_66' title="bbox 359 3365 1927 3436">
     <span class='ocr_line' id='line_1_66' title="bbox 359 3365 1927 3436; baseline -0.006 -7"><span class='ocrx_word' id='word_1_484' title='bbox 359 3373 581 3429; x_wconf 79' lang='lat' dir='ltr'><strong>ditare?</strong></span> <span class='ocrx_word' id='word_1_485' title='bbox 629 3372 966 3427; x_wconf 84' lang='lat' dir='ltr'><strong>docemusne</strong></span> <span class='ocrx_word' id='word_1_486' title='bbox 1016 3368 1342 3432; x_wconf 90' lang='lat' dir='ltr'><strong>Dominum,</strong></span> <span class='ocrx_word' id='word_1_487' title='bbox 1392 3365 1667 3436; x_wconf 86' lang='lat' dir='ltr'><strong>quomodo</strong></span> <span class='ocrx_word' id='word_1_488' title='bbox 1730 3366 1927 3421; x_wconf 89' lang='lat' dir='ltr'><strong>debeat</strong></span> 
     </span>
    </p>
   </div>
   <div class='ocr_carea' id='block_1_67' title="bbox 357 3457 1925 3527">
    <p class='ocr_par' dir='ltr' id='par_1_67' title="bbox 357 3457 1925 3527">
     <span class='ocr_line' id='line_1_67' title="bbox 357 3457 1925 3527; baseline -0.004 -9"><span class='ocrx_word' id='word_1_489' title='bbox 357 3467 525 3520; x_wconf 91' lang='lat' dir='ltr'><strong>vitam</strong></span> <span class='ocrx_word' id='word_1_490' title='bbox 552 3470 797 3518; x_wconf 89' lang='lat' dir='ltr'><strong>nostram</strong></span> <span class='ocrx_word' id='word_1_491' title='bbox 829 3460 1141 3515; x_wconf 84' lang='lat' dir='ltr'><strong>moderari?</strong></span> <span class='ocrx_word' id='word_1_492' title='bbox 1171 3458 1398 3513; x_wconf 89' lang='lat' dir='ltr'><strong>Decreta</strong></span> <span class='ocrx_word' id='word_1_493' title='bbox 1426 3473 1525 3512; x_wconf 90' lang='lat' dir='ltr'><strong>sua</strong></span> <span class='ocrx_word' id='word_1_494' title='bbox 1555 3471 1723 3527; x_wconf 88' lang='lat' dir='ltr'><strong>penes</strong></span> <span class='ocrx_word' id='word_1_495' title='bbox 1745 3457 1925 3526; x_wconf 90' lang='lat' dir='ltr'><strong>ipsum</strong></span> 
     </span>
    </p>
   </div>
   <div class='ocr_carea' id='block_1_68' title="bbox 346 3546 1926 3621">
    <p class='ocr_par' dir='ltr' id='par_1_68' title="bbox 346 3546 1926 3621">
     <span class='ocr_line' id='line_1_68' title="bbox 346 3546 1926 3621; baseline -0.008 -9"><span class='ocrx_word' id='word_1_496' title='bbox 346 3565 509 3612; x_wconf 82' lang='lat' dir='ltr'><strong>sunt.</strong></span> <span class='ocrx_word' id='word_1_497' title='bbox 534 3554 640 3609; x_wconf 80' lang='lat' dir='ltr'><strong>Res</strong></span> <span class='ocrx_word' id='word_1_498' title='bbox 663 3559 881 3608; x_wconf 87' lang='lat' dir='ltr'><strong>nostras</strong></span> <span class='ocrx_word' id='word_1_499' title='bbox 904 3566 1004 3621; x_wconf 87' lang='lat' dir='ltr'><strong>pro</strong></span> <span class='ocrx_word' id='word_1_500' title='bbox 1034 3564 1134 3605; x_wconf 91' lang='lat' dir='ltr'><strong>suo</strong></span> <span class='ocrx_word' id='word_1_501' title='bbox 1167 3548 1435 3604; x_wconf 90' lang='lat' dir='ltr'><strong>arbitratu</strong></span> <span class='ocrx_word' id='word_1_502' title='bbox 1464 3548 1623 3619; x_wconf 86' lang='lat' dir='ltr'><strong>regit.</strong></span> <span class='ocrx_word' id='word_1_503' title='bbox 1655 3546 1752 3603; x_wconf 89' lang='lat' dir='ltr'><strong>Est</strong></span> <span class='ocrx_word' id='word_1_504' title='bbox 1779 3547 1926 3602; x_wconf 92' lang='lat' dir='ltr'><strong>enim</strong></span> 
     </span>
    </p>
   </div>
   <div class='ocr_carea' id='block_1_69' title="bbox 360 3638 1925 3717">
    <p class='ocr_par' dir='ltr' id='par_1_69' title="bbox 360 3638 1925 3717">
     <span class='ocr_line' id='line_1_69' title="bbox 360 3638 1925 3717; baseline -0.007 -14"><span class='ocrx_word' id='word_1_505' title='bbox 360 3648 580 3717; x_wconf 80' lang='lat' dir='ltr'><strong>sapiens</strong></span> <span class='ocrx_word' id='word_1_506' title='bbox 605 3661 622 3712; x_wconf 90' lang='lat'><strong>;</strong></span> <span class='ocrx_word' id='word_1_507' title='bbox 657 3653 711 3700; x_wconf 92' lang='lat' dir='ltr'><strong>et</strong></span> <span class='ocrx_word' id='word_1_508' title='bbox 728 3643 872 3714; x_wconf 88' lang='lat' dir='ltr'><strong>quod</strong></span> <span class='ocrx_word' id='word_1_509' title='bbox 907 3642 1041 3697; x_wconf 88' lang='lat' dir='ltr'><strong>utile</strong></span> <span class='ocrx_word' id='word_1_510' title='bbox 1067 3650 1172 3709; x_wconf 89' lang='lat' dir='ltr'><strong>est,</strong></span> <span class='ocrx_word' id='word_1_511' title='bbox 1189 3641 1241 3695; x_wconf 91' lang='lat' dir='ltr'><strong>id</strong></span> <span class='ocrx_word' id='word_1_512' title='bbox 1265 3641 1381 3697; x_wconf 88' lang='lat' dir='ltr'><strong>suis</strong></span> <span class='ocrx_word' id='word_1_513' title='bbox 1407 3641 1581 3696; x_wconf 87' lang='lat' dir='ltr'><strong>servis</strong></span> <span class='ocrx_word' id='word_1_514' title='bbox 1609 3638 1925 3694; x_wconf 88' lang='lat' dir='ltr'><strong>admetitur.</strong></span> 
     </span>
    </p>
   </div>
   <div class='ocr_carea' id='block_1_70' title="bbox 357 3728 1927 3806">
    <p class='ocr_par' dir='ltr' id='par_1_70' title="bbox 357 3728 1927 3806">
     <span class='ocr_line' id='line_1_70' title="bbox 357 3728 1927 3806; baseline -0.008 -12"><span class='ocrx_word' id='word_1_515' title='bbox 357 3739 505 3795; x_wconf 90' lang='lat' dir='ltr'><strong>Cave</strong></span> <span class='ocrx_word' id='word_1_516' title='bbox 526 3737 804 3795; x_wconf 89' lang='lat' dir='ltr'><strong>curiosius</strong></span> <span class='ocrx_word' id='word_1_517' title='bbox 823 3734 1191 3806; x_wconf 89' lang='lat' dir='ltr'><strong>perscruteris</strong></span> <span class='ocrx_word' id='word_1_518' title='bbox 1210 3731 1428 3788; x_wconf 90' lang='lat' dir='ltr'><strong>Domini</strong></span> <span class='ocrx_word' id='word_1_519' title='bbox 1450 3731 1739 3800; x_wconf 88' lang='lat' dir='ltr'><strong>judicium.</strong></span> <span class='ocrx_word' id='word_1_520' title='bbox 1758 3728 1927 3799; x_wconf 63' lang='lat' dir='ltr'><strong>IEqui</strong></span> 
     </span>
    </p>
   </div>
   <div class='ocr_carea' id='block_1_71' title="bbox 358 3818 1929 3899">
    <p class='ocr_par' dir='ltr' id='par_1_71' title="bbox 358 3818 1929 3899">
     <span class='ocr_line' id='line_1_71' title="bbox 358 3818 1929 3899; baseline -0.008 -16"><span class='ocrx_word' id='word_1_521' title='bbox 358 3829 597 3899; x_wconf 82' lang='lat' dir='ltr'><strong>bonique</strong></span> <span class='ocrx_word' id='word_1_522' title='bbox 628 3828 712 3881; x_wconf 92' lang='lat' dir='ltr'><strong>fac</strong></span> <span class='ocrx_word' id='word_1_523' title='bbox 742 3826 919 3882; x_wconf 90' lang='lat' dir='ltr'><strong>solum</strong></span> <span class='ocrx_word' id='word_1_524' title='bbox 960 3839 1082 3894; x_wconf 66' lang='lat' dir='ltr'><strong>quae</strong></span> <span class='ocrx_word' id='word_1_525' title='bbox 1113 3823 1182 3877; x_wconf 90' lang='lat' dir='ltr'><strong>ab</strong></span> <span class='ocrx_word' id='word_1_526' title='bbox 1217 3823 1365 3877; x_wconf 89' lang='lat' dir='ltr'><strong>illius</strong></span> <span class='ocrx_word' id='word_1_527' title='bbox 1396 3819 1667 3891; x_wconf 86' lang='lat' dir='ltr'><strong>sapientia</strong></span> <span class='ocrx_word' id='word_1_528' title='bbox 1697 3818 1929 3888; x_wconf 88' lang='lat' dir='ltr'><strong>dispen-</strong></span> 
     </span>
    </p>
   </div>
   <div class='ocr_carea' id='block_1_72' title="bbox 362 3911 1919 3989">
    <p class='ocr_par' dir='ltr' id='par_1_72' title="bbox 362 3911 1919 3989">
     <span class='ocr_line' id='line_1_72' title="bbox 362 3911 1919 3989; baseline -0.008 -12"><span class='ocrx_word' id='word_1_529' title='bbox 362 3929 572 3977; x_wconf 88' lang='lat' dir='ltr'><strong>santur.</strong></span> <span class='ocrx_word' id='word_1_530' title='bbox 621 3918 895 3989; x_wconf 85' lang='lat' dir='ltr'><strong>Quidquid</strong></span> <span class='ocrx_word' id='word_1_531' title='bbox 926 3916 1137 3973; x_wconf 84' lang='lat' dir='ltr'><strong>dederit</strong></span> <span class='ocrx_word' id='word_1_532' title='bbox 1169 3916 1290 3982; x_wconf 88' lang='lat' dir='ltr'><strong>tibi,</strong></span> <span class='ocrx_word' id='word_1_533' title='bbox 1324 3930 1445 3970; x_wconf 90' lang='lat' dir='ltr'><strong>cum</strong></span> <span class='ocrx_word' id='word_1_534' title='bbox 1479 3911 1680 3986; x_wconf 83' lang='lat' dir='ltr'><strong>gaudio</strong></span> <span class='ocrx_word' id='word_1_535' title='bbox 1709 3911 1919 3981; x_wconf 89' lang='lat' dir='ltr'><strong>accipe.</strong></span> 
     </span>
    </p>
   </div>
   <div class='ocr_carea' id='block_1_73' title="bbox 360 4000 1928 4073">
    <p class='ocr_par' dir='ltr' id='par_1_73' title="bbox 360 4000 1928 4073">
     <span class='ocr_line' id='line_1_73' title="bbox 360 4000 1928 4073; baseline -0.006 -8"><span class='ocrx_word' id='word_1_536' title='bbox 360 4011 596 4067; x_wconf 90' lang='lat' dir='ltr'><strong>Ostende</strong></span> <span class='ocrx_word' id='word_1_537' title='bbox 639 4010 695 4064; x_wconf 89' lang='lat' dir='ltr'><strong>in</strong></span> <span class='ocrx_word' id='word_1_538' title='bbox 736 4007 1016 4071; x_wconf 83' lang='lat' dir='ltr'><strong>adversis,</strong></span> <span class='ocrx_word' id='word_1_539' title='bbox 1067 4005 1347 4061; x_wconf 78' lang='lat' dir='ltr'><strong>exstitisse</strong></span> <span class='ocrx_word' id='word_1_540' title='bbox 1377 4011 1433 4059; x_wconf 90' lang='lat' dir='ltr'><strong>te</strong></span> <span class='ocrx_word' id='word_1_541' title='bbox 1479 4004 1664 4058; x_wconf 61' lang='lat' dir='ltr'><strong>laatitia</strong></span> <span class='ocrx_word' id='word_1_542' title='bbox 1696 4000 1928 4073; x_wconf 89' lang='lat' dir='ltr'><strong>pristina</strong></span> 
     </span>
    </p>
   </div>
   <div class='ocr_carea' id='block_1_74' title="bbox 360 4093 1923 4173">
    <p class='ocr_par' dir='ltr' id='par_1_74' title="bbox 360 4093 1923 4173">
     <span class='ocr_line' id='line_1_74' title="bbox 360 4093 1923 4173; baseline -0.006 -17"><span class='ocrx_word' id='word_1_543' title='bbox 360 4102 602 4173; x_wconf 82' lang='lat' dir='ltr'><strong>dignam.</strong></span> <span class='ocrx_word' id='word_1_544' title='bbox 641 4099 738 4156; x_wconf 83' lang='lat' dir='ltr'><strong>His</strong></span> <span class='ocrx_word' id='word_1_545' title='bbox 765 4098 1014 4154; x_wconf 86' lang='lat' dir='ltr'><strong>dicendis</strong></span> <span class='ocrx_word' id='word_1_546' title='bbox 1057 4097 1259 4168; x_wconf 84' lang='lat' dir='ltr'><strong>repulit</strong></span> <span class='ocrx_word' id='word_1_547' title='bbox 1298 4094 1403 4152; x_wconf 80' lang='lat' dir='ltr'><strong>Job</strong></span> <span class='ocrx_word' id='word_1_548' title='bbox 1452 4102 1508 4151; x_wconf 90' lang='lat' dir='ltr'><strong>et</strong></span> <span class='ocrx_word' id='word_1_549' title='bbox 1539 4094 1688 4149; x_wconf 91' lang='lat' dir='ltr'><strong>hunc</strong></span> <span class='ocrx_word' id='word_1_550' title='bbox 1720 4093 1923 4149; x_wconf 85' lang='lat' dir='ltr'><strong>diaboli</strong></span> 
     </span>
    </p>
   </div>
   <div class='ocr_carea' id='block_1_75' title="bbox 362 4185 1923 4262">
    <p class='ocr_par' dir='ltr' id='par_1_75' title="bbox 362 4185 1923 4262">
     <span class='ocr_line' id='line_1_75' title="bbox 362 4185 1923 4262; baseline -0.005 -14"><span class='ocrx_word' id='word_1_551' title='bbox 362 4194 653 4256; x_wconf 89' lang='lat' dir='ltr'><strong>assultum,</strong></span> <span class='ocrx_word' id='word_1_552' title='bbox 681 4202 736 4247; x_wconf 89' lang='lat' dir='ltr'><strong>et</strong></span> <span class='ocrx_word' id='word_1_553' title='bbox 758 4194 975 4262; x_wconf 82' lang='lat' dir='ltr'><strong>plenam</strong></span> <span class='ocrx_word' id='word_1_554' title='bbox 1005 4189 1056 4246; x_wconf 88' lang='lat' dir='ltr'><strong>ei</strong></span> <span class='ocrx_word' id='word_1_555' title='bbox 1081 4189 1255 4245; x_wconf 88' lang='lat' dir='ltr'><strong>cladis</strong></span> <span class='ocrx_word' id='word_1_556' title='bbox 1283 4188 1638 4259; x_wconf 78' lang='lat' dir='ltr'><strong>ignominiam</strong></span> <span class='ocrx_word' id='word_1_557' title='bbox 1669 4185 1923 4242; x_wconf 89' lang='lat' dir='ltr'><strong>incussit.</strong></span> 
     </span>
    </p>
   </div>
   <div class='ocr_carea' id='block_1_76' title="bbox 361 4277 1927 4355">
    <p class='ocr_par' dir='ltr' id='par_1_76' title="bbox 361 4277 1927 4355">
     <span class='ocr_line' id='line_1_76' title="bbox 361 4277 1927 4355; baseline -0.004 -16"><span class='ocrx_word' id='word_1_558' title='bbox 361 4285 504 4353; x_wconf 82' lang='lat' dir='ltr'><strong>Quid</strong></span> <span class='ocrx_word' id='word_1_559' title='bbox 529 4285 695 4355; x_wconf 87' lang='lat' dir='ltr'><strong>igitur</strong></span> <span class='ocrx_word' id='word_1_560' title='bbox 727 4283 856 4337; x_wconf 81' lang='lat' dir='ltr'><strong>hinc</strong></span> <span class='ocrx_word' id='word_1_561' title='bbox 883 4282 1103 4338; x_wconf 84' lang='lat' dir='ltr'><strong>evenit?</strong></span> <span class='ocrx_word' id='word_1_562' title='bbox 1131 4280 1293 4352; x_wconf 87' lang='lat' dir='ltr'><strong>Fugit</strong></span> <span class='ocrx_word' id='word_1_563' title='bbox 1325 4282 1521 4335; x_wconf 90' lang='lat' dir='ltr'><strong>iterum</strong></span> <span class='ocrx_word' id='word_1_564' title='bbox 1553 4279 1622 4334; x_wconf 87' lang='lat' dir='ltr'><strong>ab</strong></span> <span class='ocrx_word' id='word_1_565' title='bbox 1652 4277 1746 4333; x_wconf 92' lang='lat' dir='ltr'><strong>illo</strong></span> <span class='ocrx_word' id='word_1_566' title='bbox 1775 4293 1927 4333; x_wconf 89' lang='lat' dir='ltr'><strong>mor-</strong></span> 
     </span>
    </p>
   </div>
   <div class='ocr_carea' id='block_1_77' title="bbox 360 4368 1929 4444">
    <p class='ocr_par' dir='ltr' id='par_1_77' title="bbox 360 4368 1929 4444">
     <span class='ocr_line' id='line_1_77' title="bbox 360 4368 1929 4444; baseline -0.004 -12"><span class='ocrx_word' id='word_1_567' title='bbox 360 4378 500 4443; x_wconf 91' lang='lat' dir='ltr'><strong>bus,</strong></span> <span class='ocrx_word' id='word_1_568' title='bbox 550 4383 811 4444; x_wconf 85' lang='lat' dir='ltr'><strong>tanquam</strong></span> <span class='ocrx_word' id='word_1_569' title='bbox 842 4373 936 4443; x_wconf 91' lang='lat' dir='ltr'><strong>qui</strong></span> <span class='ocrx_word' id='word_1_570' title='bbox 980 4371 1309 4428; x_wconf 89' lang='lat' dir='ltr'><strong>accessisset</strong></span> <span class='ocrx_word' id='word_1_571' title='bbox 1340 4370 1582 4435; x_wconf 89' lang='lat' dir='ltr'><strong>frustra,</strong></span> <span class='ocrx_word' id='word_1_572' title='bbox 1622 4385 1725 4425; x_wconf 86' lang='lat' dir='ltr'><strong>nec</strong></span> <span class='ocrx_word' id='word_1_573' title='bbox 1763 4368 1929 4439; x_wconf 86' lang='lat' dir='ltr'><strong>quid-</strong></span> 
     </span>
    </p>
   </div>
   <div class='ocr_carea' id='block_1_78' title="bbox 360 4462 1927 4540">
    <p class='ocr_par' dir='ltr' id='par_1_78' title="bbox 360 4462 1927 4540">
     <span class='ocr_line' id='line_1_78' title="bbox 360 4462 1927 4540; baseline -0.004 -18"><span class='ocrx_word' id='word_1_574' title='bbox 360 4482 524 4540; x_wconf 89' lang='lat' dir='ltr'><strong>quam</strong></span> <span class='ocrx_word' id='word_1_575' title='bbox 555 4466 789 4537; x_wconf 89' lang='lat' dir='ltr'><strong>amplius</strong></span> <span class='ocrx_word' id='word_1_576' title='bbox 820 4464 1111 4520; x_wconf 88' lang='lat' dir='ltr'><strong>eﬂ&#39;ecisset.</strong></span> <span class='ocrx_word' id='word_1_577' title='bbox 1158 4463 1400 4519; x_wconf 83' lang='lat' dir='ltr'><strong>Reversa</strong></span> <span class='ocrx_word' id='word_1_578' title='bbox 1445 4478 1575 4518; x_wconf 89' lang='lat' dir='ltr'><strong>caro</strong></span> <span class='ocrx_word' id='word_1_579' title='bbox 1606 4462 1665 4517; x_wconf 91' lang='lat' dir='ltr'><strong>in</strong></span> <span class='ocrx_word' id='word_1_580' title='bbox 1699 4463 1927 4517; x_wconf 87' lang='lat' dir='ltr'><strong>alteram</strong></span> 
     </span>
    </p>
   </div>
   <div class='ocr_carea' id='block_1_79' title="bbox 361 4555 1926 4630">
    <p class='ocr_par' dir='ltr' id='par_1_79' title="bbox 361 4555 1926 4630">
     <span class='ocr_line' id='line_1_79' title="bbox 361 4555 1926 4630; baseline -0.001 -18"><span class='ocrx_word' id='word_1_581' title='bbox 361 4560 704 4630; x_wconf 82' lang='lat' dir='ltr'><strong>pubertatem</strong></span> <span class='ocrx_word' id='word_1_582' title='bbox 749 4557 1009 4623; x_wconf 89' lang='lat' dir='ltr'><strong>reviruit,</strong></span> <span class='ocrx_word' id='word_1_583' title='bbox 1041 4556 1226 4610; x_wconf 88' lang='lat' dir='ltr'><strong>ﬂoruit</strong></span> <span class='ocrx_word' id='word_1_584' title='bbox 1273 4570 1469 4610; x_wconf 87' lang='lat' dir='ltr'><strong>rursus</strong></span> <span class='ocrx_word' id='word_1_585' title='bbox 1512 4556 1625 4611; x_wconf 89' lang='lat' dir='ltr'><strong>vita</strong></span> <span class='ocrx_word' id='word_1_586' title='bbox 1671 4555 1926 4611; x_wconf 84' lang='lat' dir='ltr'><strong>omnibus</strong></span> 
     </span>
    </p>
   </div>
   <div class='ocr_carea' id='block_1_80' title="bbox 359 4645 1925 4717">
    <p class='ocr_par' dir='ltr' id='par_1_80' title="bbox 359 4645 1925 4717">
     <span class='ocr_line' id='line_1_80' title="bbox 359 4645 1925 4717; baseline -0.004 -13"><span class='ocrx_word' id='word_1_587' title='bbox 359 4650 547 4714; x_wconf 87' lang='lat' dir='ltr'><strong>rebus,</strong></span> <span class='ocrx_word' id='word_1_588' title='bbox 577 4657 632 4704; x_wconf 89' lang='lat' dir='ltr'><strong>et</strong></span> <span class='ocrx_word' id='word_1_589' title='bbox 660 4646 951 4717; x_wconf 73' lang='lat' dir='ltr'><strong>duplicatae</strong></span> <span class='ocrx_word' id='word_1_590' title='bbox 982 4646 1187 4700; x_wconf 77' lang='lat' dir='ltr'><strong>divitiae</strong></span> <span class='ocrx_word' id='word_1_591' title='bbox 1217 4645 1582 4715; x_wconf 88' lang='lat' dir='ltr'><strong>undecunque</strong></span> <span class='ocrx_word' id='word_1_592' title='bbox 1615 4645 1670 4699; x_wconf 91' lang='lat' dir='ltr'><strong>in</strong></span> <span class='ocrx_word' id='word_1_593' title='bbox 1701 4645 1925 4699; x_wconf 89' lang='lat' dir='ltr'><strong>domum</strong></span> 
     </span>
    </p>
   </div>
   <div class='ocr_carea' id='block_1_81' title="bbox 359 4736 1928 4809">
    <p class='ocr_par' dir='ltr' id='par_1_81' title="bbox 359 4736 1928 4809">
     <span class='ocr_line' id='line_1_81' title="bbox 359 4736 1928 4809; baseline -0.003 -14"><span class='ocrx_word' id='word_1_594' title='bbox 359 4740 771 4804; x_wconf 79' lang='lat' dir='ltr'><strong>conﬂuxerunt,</strong></span> <span class='ocrx_word' id='word_1_595' title='bbox 806 4747 867 4793; x_wconf 87' lang='lat' dir='ltr'><strong>ut</strong></span> <span class='ocrx_word' id='word_1_596' title='bbox 893 4739 1050 4809; x_wconf 90' lang='lat' dir='ltr'><strong>quasi</strong></span> <span class='ocrx_word' id='word_1_597' title='bbox 1093 4736 1228 4792; x_wconf 92' lang='lat' dir='ltr'><strong>nihil</strong></span> <span class='ocrx_word' id='word_1_598' title='bbox 1255 4736 1568 4803; x_wconf 85' lang='lat' dir='ltr'><strong>amisisset,</strong></span> <span class='ocrx_word' id='word_1_599' title='bbox 1597 4752 1761 4791; x_wconf 90' lang='lat' dir='ltr'><strong>unam</strong></span> <span class='ocrx_word' id='word_1_600' title='bbox 1798 4752 1928 4807; x_wconf 82' lang='lat' dir='ltr'><strong>par-</strong></span> 
     </span>
    </p>
   </div>
   <div class='ocr_carea' id='block_1_82' title="bbox 361 4830 1927 4901">
    <p class='ocr_par' dir='ltr' id='par_1_82' title="bbox 361 4830 1927 4901">
     <span class='ocr_line' id='line_1_82' title="bbox 361 4830 1927 4901; baseline -0.003 -12"><span class='ocrx_word' id='word_1_601' title='bbox 361 4845 470 4889; x_wconf 90' lang='lat' dir='ltr'><strong>tem</strong></span> <span class='ocrx_word' id='word_1_602' title='bbox 504 4833 748 4895; x_wconf 87' lang='lat' dir='ltr'><strong>haberet,</strong></span> <span class='ocrx_word' id='word_1_603' title='bbox 779 4847 908 4901; x_wconf 88' lang='lat' dir='ltr'><strong>pars</strong></span> <span class='ocrx_word' id='word_1_604' title='bbox 933 4846 1063 4886; x_wconf 91' lang='lat' dir='ltr'><strong>vero</strong></span> <span class='ocrx_word' id='word_1_605' title='bbox 1096 4832 1265 4885; x_wconf 90' lang='lat' dir='ltr'><strong>altera</strong></span> <span class='ocrx_word' id='word_1_606' title='bbox 1292 4830 1446 4900; x_wconf 83' lang='lat' dir='ltr'><strong>justo</strong></span> <span class='ocrx_word' id='word_1_607' title='bbox 1472 4836 1619 4886; x_wconf 90' lang='lat' dir='ltr'><strong>esset</strong></span> <span class='ocrx_word' id='word_1_608' title='bbox 1646 4830 1927 4900; x_wconf 61' lang='lat' dir='ltr'><strong>patientiae</strong></span> 
     </span>
    </p>
   </div>
   <div class='ocr_carea' id='block_1_83' title="bbox 358 4922 1926 4996">
    <p class='ocr_par' dir='ltr' id='par_1_83' title="bbox 358 4922 1926 4996">
     <span class='ocr_line' id='line_1_83' title="bbox 358 4922 1926 4996; baseline -0.001 -16"><span class='ocrx_word' id='word_1_609' title='bbox 358 4940 594 4982; x_wconf 89' lang='lat' dir='ltr'><strong>merces.</strong></span> <span class='ocrx_word' id='word_1_610' title='bbox 623 4925 697 4996; x_wconf 83' lang='grc' dir='ltr'><strong>(Ι)</strong></span> <span class='ocrx_word' id='word_1_611' title='bbox 730 4924 808 4978; x_wconf 82' lang='lat' dir='ltr'><strong>Ex</strong></span> <span class='ocrx_word' id='word_1_612' title='bbox 839 4925 933 4979; x_wconf 89' lang='lat' dir='ltr'><strong>illo</strong></span> <span class='ocrx_word' id='word_1_613' title='bbox 965 4923 1132 4994; x_wconf 83' lang='lat' dir='ltr'><strong>igitur</strong></span> <span class='ocrx_word' id='word_1_614' title='bbox 1161 4923 1328 4977; x_wconf 89' lang='lat' dir='ltr'><strong>animi</strong></span> <span class='ocrx_word' id='word_1_615' title='bbox 1348 4922 1732 4979; x_wconf 85' lang='lat' dir='ltr'><strong>fortitudinem</strong></span> <span class='ocrx_word' id='word_1_616' title='bbox 1757 4938 1926 4980; x_wconf 90' lang='lat' dir='ltr'><strong>unus-</strong></span> 
     </span>
    </p>
   </div>
   <div class='ocr_carea' id='block_1_84' title="bbox 357 5016 1919 5089">
    <p class='ocr_par' dir='ltr' id='par_1_84' title="bbox 357 5016 1919 5089">
     <span class='ocr_line' id='line_1_84' title="bbox 357 5016 1919 5089; baseline 0 -17"><span class='ocrx_word' id='word_1_617' title='bbox 357 5019 591 5089; x_wconf 83' lang='lat' dir='ltr'><strong>quisque</strong></span> <span class='ocrx_word' id='word_1_618' title='bbox 622 5016 920 5079; x_wconf 89' lang='lat' dir='ltr'><strong>discamus,</strong></span> <span class='ocrx_word' id='word_1_619' title='bbox 951 5016 1044 5085; x_wconf 91' lang='lat' dir='ltr'><strong>qui</strong></span> <span class='ocrx_word' id='word_1_620' title='bbox 1089 5016 1253 5070; x_wconf 88' lang='lat' dir='ltr'><strong>rebus</strong></span> <span class='ocrx_word' id='word_1_621' title='bbox 1279 5016 1395 5071; x_wconf 91' lang='lat' dir='ltr'><strong>suis</strong></span> <span class='ocrx_word' id='word_1_622' title='bbox 1433 5025 1585 5082; x_wconf 83' lang='lat' dir='ltr'><strong>retro</strong></span> <span class='ocrx_word' id='word_1_623' title='bbox 1627 5017 1919 5086; x_wconf 88' lang='lat' dir='ltr'><strong>sublapsis,</strong></span> 
     </span>
    </p>
   </div>
   <div class='ocr_carea' id='block_1_85' title="bbox 358 5107 1921 5181">
    <p class='ocr_par' dir='ltr' id='par_1_85' title="bbox 358 5107 1921 5181">
     <span class='ocr_line' id='line_1_85' title="bbox 358 5107 1921 5181; baseline 0.001 -18"><span class='ocrx_word' id='word_1_624' title='bbox 358 5126 422 5164; x_wconf 79' lang='lat' dir='ltr'><strong>ac</strong></span> <span class='ocrx_word' id='word_1_625' title='bbox 449 5123 615 5181; x_wconf 85' lang='lat' dir='ltr'><strong>egens</strong></span> <span class='ocrx_word' id='word_1_626' title='bbox 634 5123 702 5163; x_wconf 80' lang='lat' dir='ltr'><strong>ex</strong></span> <span class='ocrx_word' id='word_1_627' title='bbox 728 5107 917 5171; x_wconf 89' lang='lat' dir='ltr'><strong>divite,</strong></span> <span class='ocrx_word' id='word_1_628' title='bbox 939 5109 1107 5163; x_wconf 88' lang='lat' dir='ltr'><strong>orbus</strong></span> <span class='ocrx_word' id='word_1_629' title='bbox 1136 5122 1200 5163; x_wconf 79' lang='lat' dir='ltr'><strong>ex</strong></span> <span class='ocrx_word' id='word_1_630' title='bbox 1232 5108 1475 5178; x_wconf 61' lang='lat' dir='ltr'><strong>pulchrae</strong></span> <span class='ocrx_word' id='word_1_631' title='bbox 1500 5111 1672 5180; x_wconf 90' lang='lat' dir='ltr'><strong>prolis</strong></span> <span class='ocrx_word' id='word_1_632' title='bbox 1696 5118 1921 5180; x_wconf 88' lang='lat' dir='ltr'><strong>parente</strong></span> 
     </span>
    </p>
   </div>
   <div class='ocr_carea' id='block_1_86' title="bbox 358 5197 1920 5271">
    <p class='ocr_par' dir='ltr' id='par_1_86' title="bbox 358 5197 1920 5271">
     <span class='ocr_line' id='line_1_86' title="bbox 358 5197 1920 5271; baseline 0.003 -21"><span class='ocrx_word' id='word_1_633' title='bbox 358 5197 620 5268; x_wconf 83' lang='lat' dir='ltr'><strong>temporis</strong></span> <span class='ocrx_word' id='word_1_634' title='bbox 664 5205 939 5252; x_wconf 89' lang='lat' dir='ltr'><strong>momento</strong></span> <span class='ocrx_word' id='word_1_635' title='bbox 988 5197 1190 5263; x_wconf 90' lang='lat' dir='ltr'><strong>factus,</strong></span> <span class='ocrx_word' id='word_1_636' title='bbox 1242 5214 1353 5254; x_wconf 92' lang='lat' dir='ltr'><strong>non</strong></span> <span class='ocrx_word' id='word_1_637' title='bbox 1396 5199 1573 5254; x_wconf 88' lang='lat' dir='ltr'><strong>solum</strong></span> <span class='ocrx_word' id='word_1_638' title='bbox 1618 5200 1762 5255; x_wconf 91' lang='lat' dir='ltr'><strong>idem</strong></span> <span class='ocrx_word' id='word_1_639' title='bbox 1790 5216 1920 5271; x_wconf 88' lang='lat' dir='ltr'><strong>per-</strong></span> 
     </span>
    </p>
   </div>
   <div class='ocr_carea' id='block_1_87' title="bbox 356 5287 1913 5364">
    <p class='ocr_par' dir='ltr' id='par_1_87' title="bbox 356 5287 1913 5364">
     <span class='ocr_line' id='line_1_87' title="bbox 356 5287 1913 5364; baseline 0.005 -23"><span class='ocrx_word' id='word_1_640' title='bbox 356 5288 591 5352; x_wconf 87' lang='lat' dir='ltr'><strong>mansit,</strong></span> <span class='ocrx_word' id='word_1_641' title='bbox 644 5287 910 5343; x_wconf 89' lang='lat' dir='ltr'><strong>infractos</strong></span> <span class='ocrx_word' id='word_1_642' title='bbox 939 5289 1109 5343; x_wconf 90' lang='lat' dir='ltr'><strong>animi</strong></span> <span class='ocrx_word' id='word_1_643' title='bbox 1142 5305 1340 5346; x_wconf 87' lang='lat' dir='ltr'><strong>sensus</strong></span> <span class='ocrx_word' id='word_1_644' title='bbox 1378 5292 1581 5364; x_wconf 87' lang='lat' dir='ltr'><strong>ubique</strong></span> <span class='ocrx_word' id='word_1_645' title='bbox 1626 5292 1873 5349; x_wconf 85' lang='lat' dir='ltr'><strong>retinens</strong></span> <span class='ocrx_word' id='word_1_646' title='bbox 1897 5336 1913 5362; x_wconf 91' lang='lat'><strong>,</strong></span> 
     </span>
    </p>
   </div>
   <div class='ocr_carea' id='block_1_88' title="bbox 434 5442 1073 5508">
    <p class='ocr_par' dir='ltr' id='par_1_88' title="bbox 434 5442 1073 5508">
     <span class='ocr_line' id='line_1_88' title="bbox 434 5442 1073 5508; baseline 0.002 -11"><span class='ocrx_word' id='word_1_647' title='bbox 434 5442 455 5472; x_wconf 85' lang='grc'>³</span> <span class='ocrx_word' id='word_1_648' title='bbox 481 5443 585 5499; x_wconf 80' lang='lat' dir='ltr'><strong>Job</strong></span> <span class='ocrx_word' id='word_1_649' title='bbox 633 5458 693 5508; x_wconf 88' lang='grc' dir='ltr'><strong>ιι,</strong></span> <span class='ocrx_word' id='word_1_650' title='bbox 727 5443 816 5498; x_wconf 85' lang='grc'>10.</span> <span class='ocrx_word' id='word_1_651' title='bbox 891 5447 914 5476; x_wconf 75' lang='grc'><strong><em>⁵</em></strong></span> <span class='ocrx_word' id='word_1_652' title='bbox 942 5444 1073 5498; x_wconf 90' lang='lat' dir='ltr'><strong>ibid.</strong></span> 
     </span>
    </p>
   </div>
   <div class='ocr_carea' id='block_1_89' title="bbox 423 5599 1012 5737">
    <p class='ocr_par' dir='ltr' id='par_1_89' title="bbox 423 5599 1012 5737">
     <span class='ocr_line' id='line_1_89' title="bbox 423 5599 1012 5737; baseline 0 -83"><span class='ocrx_word' id='word_1_653' title='bbox 423 5601 501 5737; x_wconf 62' lang='grc' dir='ltr'>μ»</span> <span class='ocrx_word' id='word_1_654' title='bbox 534 5599 611 5654; x_wconf 79' lang='lat' dir='ltr'><strong>Ex</strong></span> <span class='ocrx_word' id='word_1_655' title='bbox 644 5601 804 5669; x_wconf 89' lang='lat' dir='ltr'><strong>epist.</strong></span> <span class='ocrx_word' id='word_1_656' title='bbox 834 5617 897 5664; x_wconf 92' lang='grc' dir='ltr'><strong>ιι,</strong></span> <span class='ocrx_word' id='word_1_657' title='bbox 927 5599 1012 5654; x_wconf 81' lang='lat'><strong>7&#39;5.</strong></span> 
     </span>
     <span class='ocr_line' id='line_1_90' title="bbox 448 5670 1012 5737; baseline 0.005 -16"><span class='ocrx_word' id='word_1_658' title='bbox 448 5670 505 5737; x_wconf 70' lang='grc'><strong>2)</strong></span> <span class='ocrx_word' id='word_1_659' title='bbox 556 5670 897 5737; x_wconf 80' lang='grc' dir='ltr'>Ἐπιμετρεῖ.</span> <span class='ocrx_word' id='word_1_660' title='bbox 937 5671 1012 5724; x_wconf 79' lang='lat' dir='ltr'><strong>Sit</strong></span> 
     </span>
    </p>
   </div>
   <div class='ocr_carea' id='block_1_90' title="bbox 448 5668 1921 5754">
    <p class='ocr_par' dir='ltr' id='par_1_90' title="bbox 448 5668 1921 5754">
     <span class='ocr_line' id='line_1_91' title="bbox 448 5668 1921 5754; baseline 0.007 -35"><span class='ocrx_word' id='word_1_661' title='bbox 448 5670 505 5754; x_wconf 53' lang='grc' dir='ltr'><strong>ξ)</strong></span> <span class='ocrx_word' id='word_1_662' title='bbox 556 5668 903 5754; x_wconf 48' lang='grc' dir='ltr'><strong>Ἐπιμειςρεῖζ</strong></span> <span class='ocrx_word' id='word_1_663' title='bbox 937 5671 1030 5724; x_wconf 90' lang='lat' dir='ltr'><strong>Sic</strong></span> <span class='ocrx_word' id='word_1_664' title='bbox 1063 5668 1266 5751; x_wconf 67' lang='lat' dir='ltr'><strong>Regius</strong></span> <span class='ocrx_word' id='word_1_665' title='bbox 1302 5670 1494 5730; x_wconf 73' lang='lat' dir='ltr'><strong>codex.</strong></span> <span class='ocrx_word' id='word_1_666' title='bbox 1537 5671 1682 5731; x_wconf 87' lang='lat' dir='ltr'><strong>Editi</strong></span> <span class='ocrx_word' id='word_1_667' title='bbox 1728 5674 1921 5748; x_wconf 70' lang='grc' dir='ltr'>ἐπιμε-</span> 
     </span>
    </p>
   </div>
   <div class='ocr_carea' id='block_1_91' title="bbox 362 5738 1216 5812">
    <p class='ocr_par' dir='ltr' id='par_1_91' title="bbox 362 5738 1216 5812">
     <span class='ocr_line' id='line_1_92' title="bbox 362 5738 1216 5812; baseline 0.004 -23"><span class='ocrx_word' id='word_1_668' title='bbox 362 5741 523 5812; x_wconf 73' lang='grc' dir='ltr'>εριῖν.</span> <span class='ocrx_word' id='word_1_669' title='bbox 556 5738 856 5795; x_wconf 78' lang='lat' dir='ltr'><strong>Contextus</strong></span> <span class='ocrx_word' id='word_1_670' title='bbox 886 5739 1216 5810; x_wconf 81' lang='grc' dir='ltr'>ἐπιμιτρῶν.</span> 
     </span>
    </p>
   </div>
   <div class='ocr_carea' id='block_1_92' title="bbox 2030 3186 3620 3265">
    <p class='ocr_par' dir='ltr' id='par_1_92' title="bbox 2030 3186 3620 3265">
     <span class='ocr_line' id='line_1_93' title="bbox 2030 3186 3620 3265; baseline -0.006 -17"><span class='ocrx_word' id='word_1_671' title='bbox 2030 3192 2245 3265; x_wconf 85' lang='grc' dir='ltr'>πηγῶν,</span> <span class='ocrx_word' id='word_1_672' title='bbox 2279 3192 2341 3245; x_wconf 82' lang='grc' dir='ltr'>τὸ</span> <span class='ocrx_word' id='word_1_673' title='bbox 2371 3192 2427 3245; x_wconf 83' lang='grc' dir='ltr'>δὲ</span> <span class='ocrx_word' id='word_1_674' title='bbox 2458 3191 2674 3263; x_wconf 87' lang='grc' dir='ltr'>μέλλει·</span> <span class='ocrx_word' id='word_1_675' title='bbox 2715 3189 2809 3244; x_wconf 73' lang='grc' dir='ltr'><strong>καὶ</strong></span> <span class='ocrx_word' id='word_1_676' title='bbox 2842 3189 2977 3259; x_wconf 83' lang='grc' dir='ltr'>πρὸς</span> <span class='ocrx_word' id='word_1_677' title='bbox 3005 3188 3105 3258; x_wconf 88' lang='grc' dir='ltr'>τὴν</span> <span class='ocrx_word' id='word_1_678' title='bbox 3137 3186 3328 3258; x_wconf 82' lang='grc' dir='ltr'>κοινὴν</span> <span class='ocrx_word' id='word_1_679' title='bbox 3370 3186 3620 3248; x_wconf 73' lang='grc' dir='ltr'>ἅπαντες</span> 
     </span>
    </p>
   </div>
   <div class='ocr_carea' id='block_1_93' title="bbox 2027 3279 3618 3354">
    <p class='ocr_par' dir='ltr' id='par_1_93' title="bbox 2027 3279 3618 3354">
     <span class='ocr_line' id='line_1_94' title="bbox 2027 3279 3618 3354; baseline -0.004 -14"><span class='ocrx_word' id='word_1_680' title='bbox 2027 3286 2122 3340; x_wconf 88' lang='grc' dir='ltr'><strong>τοῦ</strong></span> <span class='ocrx_word' id='word_1_681' title='bbox 2177 3285 2403 3339; x_wconf 82' lang='grc' dir='ltr'>Θανάτου</span> <span class='ocrx_word' id='word_1_682' title='bbox 2462 3284 2763 3354; x_wconf 88' lang='grc' dir='ltr'>σπεύδομεν</span> <span class='ocrx_word' id='word_1_683' title='bbox 2816 3281 3104 3336; x_wconf 88' lang='grc' dir='ltr'>θάλατταν.</span> <span class='ocrx_word' id='word_1_684' title='bbox 3162 3283 3230 3335; x_wconf 75' lang='lat' dir='ltr'><strong>Ei</strong></span> <span class='ocrx_word' id='word_1_685' title='bbox 3283 3279 3359 3334; x_wconf 77' lang='grc' dir='ltr'>τὰ</span> <span class='ocrx_word' id='word_1_686' title='bbox 3418 3279 3618 3350; x_wconf 70' lang='grc' dir='ltr'>ἀγαθὰ</span> 
     </span>
    </p>
   </div>
   <div class='ocr_carea' id='block_1_94' title="bbox 2028 3372 3616 3447">
    <p class='ocr_par' dir='ltr' id='par_1_94' title="bbox 2028 3372 3616 3447">
     <span class='ocr_line' id='line_1_95' title="bbox 2028 3372 3616 3447; baseline -0.006 -14"><span class='ocrx_word' id='word_1_687' title='bbox 2028 3378 2352 3447; x_wconf 80' lang='grc' dir='ltr'>ἐδεξάμεθα</span> <span class='ocrx_word' id='word_1_688' title='bbox 2378 3377 2448 3430; x_wconf 85' lang='grc' dir='ltr'><strong>ἐκ</strong></span> <span class='ocrx_word' id='word_1_689' title='bbox 2477 3375 2673 3445; x_wconf 83' lang='grc' dir='ltr'>χειρὸς</span> <span class='ocrx_word' id='word_1_690' title='bbox 2709 3373 2950 3444; x_wconf 80' lang='grc' dir='ltr'>Κυρίου,</span> <span class='ocrx_word' id='word_1_691' title='bbox 2982 3372 3054 3427; x_wconf 84' lang='grc' dir='ltr'>τὰ</span> <span class='ocrx_word' id='word_1_692' title='bbox 3084 3372 3241 3427; x_wconf 77' lang='grc' dir='ltr'>κακὰ</span> <span class='ocrx_word' id='word_1_693' title='bbox 3274 3374 3391 3440; x_wconf 80' lang='grc' dir='ltr'>οὐχ</span> <span class='ocrx_word' id='word_1_694' title='bbox 3439 3372 3616 3427; x_wconf 70' lang='grc' dir='ltr'>ὑποί-</span> 
     </span>
    </p>
   </div>
   <div class='ocr_carea' id='block_1_95' title="bbox 2029 3462 3617 3541">
    <p class='ocr_par' dir='ltr' id='par_1_95' title="bbox 2029 3462 3617 3541">
     <span class='ocr_line' id='line_1_96' title="bbox 2029 3462 3617 3541; baseline -0.008 -14"><span class='ocrx_word' id='word_1_695' title='bbox 2029 3485 2246 3541; x_wconf 79' lang='grc' dir='ltr'>σομεν;</span> <span class='ocrx_word' id='word_1_696' title='bbox 2287 3466 2690 3538; x_wconf 79' lang='grc' dir='ltr'>Ἀναγκάζομεν</span> <span class='ocrx_word' id='word_1_697' title='bbox 2722 3466 2812 3520; x_wconf 81' lang='grc' dir='ltr'>τὸν</span> <span class='ocrx_word' id='word_1_698' title='bbox 2841 3465 3033 3537; x_wconf 83' lang='grc' dir='ltr'>κριτὴν</span> <span class='ocrx_word' id='word_1_699' title='bbox 3061 3466 3225 3536; x_wconf 85' lang='grc' dir='ltr'>ὅμοια</span> <span class='ocrx_word' id='word_1_700' title='bbox 3245 3465 3509 3535; x_wconf 84' lang='grc' dir='ltr'>χορηγεῖν</span> <span class='ocrx_word' id='word_1_701' title='bbox 3542 3462 3617 3516; x_wconf 80' lang='grc' dir='ltr'><strong>τὰ</strong></span> 
     </span>
    </p>
   </div>
   <div class='ocr_carea' id='block_1_96' title="bbox 2030 3558 3613 3636">
    <p class='ocr_par' dir='ltr' id='par_1_96' title="bbox 2030 3558 3613 3636">
     <span class='ocr_line' id='line_1_97' title="bbox 2030 3558 3613 3636; baseline -0.005 -19"><span class='ocrx_word' id='word_1_702' title='bbox 2030 3565 2331 3636; x_wconf 87' lang='grc' dir='ltr'>πράγματα</span> <span class='ocrx_word' id='word_1_703' title='bbox 2351 3562 2418 3615; x_wconf 83' lang='grc' dir='ltr'><strong>δι’</strong></span> <span class='ocrx_word' id='word_1_704' title='bbox 2441 3561 2634 3624; x_wconf 77' lang='grc' dir='ltr'>αἰῶνος</span> <span class='ocrx_word' id='word_1_705' title='bbox 2658 3562 2789 3631; x_wconf 78' lang='grc' dir='ltr'>ἡμῖν</span> <span class='ocrx_word' id='word_1_706' title='bbox 2807 3576 2822 3624; x_wconf 90' lang='lat'><strong>;</strong></span> <span class='ocrx_word' id='word_1_707' title='bbox 2846 3559 3170 3630; x_wconf 84' lang='grc' dir='ltr'>διδάσκομεν</span> <span class='ocrx_word' id='word_1_708' title='bbox 3192 3558 3285 3611; x_wconf 78' lang='grc' dir='ltr'><strong>τὸν</strong></span> <span class='ocrx_word' id='word_1_709' title='bbox 3306 3558 3613 3628; x_wconf 82' lang='grc' dir='ltr'>Δεσπότην,</span> 
     </span>
    </p>
   </div>
   <div class='ocr_carea' id='block_1_97' title="bbox 2030 3649 3613 3726">
    <p class='ocr_par' dir='ltr' id='par_1_97' title="bbox 2030 3649 3613 3726">
     <span class='ocr_line' id='line_1_98' title="bbox 2030 3649 3613 3726; baseline -0.006 -15"><span class='ocrx_word' id='word_1_710' title='bbox 2030 3658 2178 3720; x_wconf 85' lang='grc' dir='ltr'>ὅπως</span> <span class='ocrx_word' id='word_1_711' title='bbox 2210 3653 2315 3726; x_wconf 85' lang='grc' dir='ltr'>χρὴ</span> <span class='ocrx_word' id='word_1_712' title='bbox 2356 3652 2625 3721; x_wconf 78' lang='grc' dir='ltr'>διεξάγειν</span> <span class='ocrx_word' id='word_1_713' title='bbox 2652 3651 2744 3704; x_wconf 80' lang='grc' dir='ltr'>τὸν</span> <span class='ocrx_word' id='word_1_714' title='bbox 2786 3650 3053 3722; x_wconf 84' lang='grc' dir='ltr'>ἡμέτερον</span> <span class='ocrx_word' id='word_1_715' title='bbox 3096 3649 3248 3720; x_wconf 86' lang='grc' dir='ltr'>βίον;</span> <span class='ocrx_word' id='word_1_716' title='bbox 3291 3649 3471 3712; x_wconf 74' lang='grc' dir='ltr'>Αὐτὸς</span> <span class='ocrx_word' id='word_1_717' title='bbox 3502 3649 3613 3701; x_wconf 82' lang='grc' dir='ltr'><strong>τῶν</strong></span> 
     </span>
    </p>
   </div>
   <div class='ocr_carea' id='block_1_98' title="bbox 2030 3738 3608 3814">
    <p class='ocr_par' dir='ltr' id='par_1_98' title="bbox 2030 3738 3608 3814">
     <span class='ocr_line' id='line_1_99' title="bbox 2030 3738 3608 3814; baseline -0.004 -16"><span class='ocrx_word' id='word_1_718' title='bbox 2030 3744 2243 3799; x_wconf 74' lang='grc' dir='ltr'>οἰκείων</span> <span class='ocrx_word' id='word_1_719' title='bbox 2266 3744 2464 3814; x_wconf 80' lang='grc' dir='ltr'>ψήφων</span> <span class='ocrx_word' id='word_1_720' title='bbox 2515 3741 2628 3813; x_wconf 70' lang='grc' dir='ltr'>ἔχει</span> <span class='ocrx_word' id='word_1_721' title='bbox 2666 3740 2766 3813; x_wconf 81' lang='grc' dir='ltr'>τὴν</span> <span class='ocrx_word' id='word_1_722' title='bbox 2819 3740 3100 3807; x_wconf 82' lang='grc' dir='ltr'>ἐξουσίαν·</span> <span class='ocrx_word' id='word_1_723' title='bbox 3140 3740 3293 3802; x_wconf 86' lang='grc' dir='ltr'>ὅπως</span> <span class='ocrx_word' id='word_1_724' title='bbox 3336 3738 3608 3809; x_wconf 79' lang='grc' dir='ltr'>βούλεται,</span> 
     </span>
    </p>
   </div>
   <div class='ocr_carea' id='block_1_99' title="bbox 2031 3829 3607 3904">
    <p class='ocr_par' dir='ltr' id='par_1_99' title="bbox 2031 3829 3607 3904">
     <span class='ocr_line' id='line_1_100' title="bbox 2031 3829 3607 3904; baseline -0.004 -15"><span class='ocrx_word' id='word_1_725' title='bbox 2031 3835 2212 3889; x_wconf 85' lang='grc' dir='ltr'>τάττει</span> <span class='ocrx_word' id='word_1_726' title='bbox 2244 3833 2315 3887; x_wconf 85' lang='grc' dir='ltr'><strong>τὰ</strong></span> <span class='ocrx_word' id='word_1_727' title='bbox 2362 3832 2484 3887; x_wconf 87' lang='grc' dir='ltr'>καθ’</span> <span class='ocrx_word' id='word_1_728' title='bbox 2518 3834 2697 3904; x_wconf 78' lang='grc' dir='ltr'>ἡμᾶς’</span> <span class='ocrx_word' id='word_1_729' title='bbox 2736 3831 2897 3901; x_wconf 82' lang='grc' dir='ltr'>σοφὸς</span> <span class='ocrx_word' id='word_1_730' title='bbox 2926 3831 2984 3883; x_wconf 88' lang='grc' dir='ltr'><strong>δέ</strong></span> <span class='ocrx_word' id='word_1_731' title='bbox 3026 3831 3162 3894; x_wconf 87' lang='grc' dir='ltr'>ἐστι,</span> <span class='ocrx_word' id='word_1_732' title='bbox 3204 3830 3302 3882; x_wconf 75' lang='grc' dir='ltr'>καὶ</span> <span class='ocrx_word' id='word_1_733' title='bbox 3343 3829 3409 3883; x_wconf 85' lang='grc' dir='ltr'><strong>τὺ</strong></span> <span class='ocrx_word' id='word_1_734' title='bbox 3456 3829 3607 3883; x_wconf 82' lang='grc' dir='ltr'>λυσι-</span> 
     </span>
    </p>
   </div>
   <div class='ocr_carea' id='block_1_100' title="bbox 2030 3922 3605 3998">
    <p class='ocr_par' dir='ltr' id='par_1_100' title="bbox 2030 3922 3605 3998">
     <span class='ocr_line' id='line_1_101' title="bbox 2030 3922 3605 3998; baseline -0.005 -16"><span class='ocrx_word' id='word_1_735' title='bbox 2030 3928 2218 3982; x_wconf 89' lang='grc' dir='ltr'>τελοῦν</span> <span class='ocrx_word' id='word_1_736' title='bbox 2248 3927 2536 3998; x_wconf 86' lang='grc' dir='ltr'>ἐπιμετρεί</span> <span class='ocrx_word' id='word_1_737' title='bbox 2568 3925 2644 3996; x_wconf 73' lang='grc'><strong>(2)</strong></span> <span class='ocrx_word' id='word_1_738' title='bbox 2677 3927 2790 3988; x_wconf 83' lang='grc' dir='ltr'>τοῖς</span> <span class='ocrx_word' id='word_1_739' title='bbox 2827 3923 3087 3987; x_wconf 75' lang='grc' dir='ltr'>οἰκέταις.</span> <span class='ocrx_word' id='word_1_740' title='bbox 3107 3922 3200 3995; x_wconf 83' lang='grc' dir='ltr'><strong>Μὴ</strong></span> <span class='ocrx_word' id='word_1_741' title='bbox 3230 3923 3605 3995; x_wconf 79' lang='grc' dir='ltr'>περιεργάζου</span> 
     </span>
    </p>
   </div>
   <div class='ocr_carea' id='block_1_101' title="bbox 2029 4012 3607 4087">
    <p class='ocr_par' dir='ltr' id='par_1_101' title="bbox 2029 4012 3607 4087">
     <span class='ocr_line' id='line_1_102' title="bbox 2029 4012 3607 4087; baseline -0.003 -16"><span class='ocrx_word' id='word_1_742' title='bbox 2029 4017 2123 4071; x_wconf 90' lang='grc' dir='ltr'><strong>τοῦ</strong></span> <span class='ocrx_word' id='word_1_743' title='bbox 2157 4016 2425 4071; x_wconf 88' lang='grc' dir='ltr'>Δεσπὸτου</span> <span class='ocrx_word' id='word_1_744' title='bbox 2455 4015 2554 4087; x_wconf 85' lang='grc' dir='ltr'>τὴν</span> <span class='ocrx_word' id='word_1_745' title='bbox 2576 4014 2756 4087; x_wconf 88' lang='grc' dir='ltr'>κρίσιν</span> <span class='ocrx_word' id='word_1_746' title='bbox 2775 4030 2790 4045; x_wconf 76' lang='grc' dir='ltr'><strong>ο</strong></span> <span class='ocrx_word' id='word_1_747' title='bbox 2814 4013 3003 4081; x_wconf 83' lang='grc' dir='ltr'>ἀγάπα</span> <span class='ocrx_word' id='word_1_748' title='bbox 3036 4012 3196 4083; x_wconf 82' lang='grc' dir='ltr'>μόνον</span> <span class='ocrx_word' id='word_1_749' title='bbox 3225 4012 3297 4066; x_wconf 86' lang='grc' dir='ltr'><strong>τά</strong></span> <span class='ocrx_word' id='word_1_750' title='bbox 3324 4013 3481 4083; x_wconf 84' lang='grc' dir='ltr'><strong>παρά</strong></span> <span class='ocrx_word' id='word_1_751' title='bbox 3506 4012 3607 4080; x_wconf 76' lang='grc' dir='ltr'>τῆς</span> 
     </span>
    </p>
   </div>
   <div class='ocr_carea' id='block_1_102' title="bbox 2030 4101 3609 4178">
    <p class='ocr_par' dir='ltr' id='par_1_102' title="bbox 2030 4101 3609 4178">
     <span class='ocr_line' id='line_1_103' title="bbox 2030 4101 3609 4178; baseline -0.004 -14"><span class='ocrx_word' id='word_1_752' title='bbox 2030 4110 2194 4164; x_wconf 76' lang='grc' dir='ltr'>αὐτοῦ</span> <span class='ocrx_word' id='word_1_753' title='bbox 2226 4107 2417 4178; x_wconf 88' lang='grc' dir='ltr'>σοφίας</span> <span class='ocrx_word' id='word_1_754' title='bbox 2441 4105 2889 4176; x_wconf 87' lang='grc' dir='ltr'>οἱκονομούμενα.</span> <span class='ocrx_word' id='word_1_755' title='bbox 2912 4105 3090 4176; x_wconf 88' lang='grc' dir='ltr'>Ὅπερ</span> <span class='ocrx_word' id='word_1_756' title='bbox 3115 4103 3183 4157; x_wconf 81' lang='grc' dir='ltr'>ἂν</span> <span class='ocrx_word' id='word_1_757' title='bbox 3211 4101 3287 4173; x_wconf 83' lang='grc' dir='ltr'>δῷ</span> <span class='ocrx_word' id='word_1_758' title='bbox 3318 4121 3428 4168; x_wconf 87' lang='grc' dir='ltr'>σοι,</span> <span class='ocrx_word' id='word_1_759' title='bbox 3452 4103 3609 4157; x_wconf 85' lang='grc' dir='ltr'>τοῦτο</span> 
     </span>
    </p>
   </div>
   <div class='ocr_carea' id='block_1_103' title="bbox 2029 4194 3607 4273">
    <p class='ocr_par' dir='ltr' id='par_1_103' title="bbox 2029 4194 3607 4273">
     <span class='ocr_line' id='line_1_104' title="bbox 2029 4194 3607 4273; baseline -0.006 -18"><span class='ocrx_word' id='word_1_760' title='bbox 2029 4201 2182 4273; x_wconf 87' lang='grc' dir='ltr'>δέχου</span> <span class='ocrx_word' id='word_1_761' title='bbox 2216 4200 2331 4272; x_wconf 85' lang='grc' dir='ltr'>μεθ’</span> <span class='ocrx_word' id='word_1_762' title='bbox 2366 4198 2586 4270; x_wconf 79' lang='grc' dir='ltr'>ἡδονῆς·</span> <span class='ocrx_word' id='word_1_763' title='bbox 2622 4195 2792 4261; x_wconf 81' lang='grc' dir='ltr'>δεῖξον</span> <span class='ocrx_word' id='word_1_764' title='bbox 2825 4198 2882 4248; x_wconf 82' lang='grc' dir='ltr'><strong>ἐν</strong></span> <span class='ocrx_word' id='word_1_765' title='bbox 2930 4199 3042 4258; x_wconf 82' lang='grc' dir='ltr'>τοῖς</span> <span class='ocrx_word' id='word_1_766' title='bbox 3082 4194 3353 4262; x_wconf 83' lang='grc' dir='ltr'>ἀλγεινοῖς</span> <span class='ocrx_word' id='word_1_767' title='bbox 3396 4194 3476 4257; x_wconf 84' lang='grc' dir='ltr'><strong>ὡς</strong></span> <span class='ocrx_word' id='word_1_768' title='bbox 3514 4195 3607 4249; x_wconf 77' lang='grc' dir='ltr'>καὶ</span> 
     </span>
    </p>
   </div>
   <div class='ocr_carea' id='block_1_104' title="bbox 2030 4287 3605 4367">
    <p class='ocr_par' dir='ltr' id='par_1_104' title="bbox 2030 4287 3605 4367">
     <span class='ocr_line' id='line_1_105' title="bbox 2030 4287 3605 4367; baseline -0.006 -18"><span class='ocrx_word' id='word_1_769' title='bbox 2030 4297 2132 4367; x_wconf 80' lang='grc' dir='ltr'>τῆς</span> <span class='ocrx_word' id='word_1_770' title='bbox 2168 4292 2505 4366; x_wconf 81' lang='grc' dir='ltr'>εὐφροσύνης</span> <span class='ocrx_word' id='word_1_771' title='bbox 2541 4291 2666 4358; x_wconf 83' lang='grc' dir='ltr'>ἀξία</span> <span class='ocrx_word' id='word_1_772' title='bbox 2688 4292 2787 4363; x_wconf 83' lang='grc' dir='ltr'>τῆς</span> <span class='ocrx_word' id='word_1_773' title='bbox 2814 4290 3049 4362; x_wconf 83' lang='grc' dir='ltr'>πρόσθεν</span> <span class='ocrx_word' id='word_1_774' title='bbox 3071 4288 3389 4359; x_wconf 80' lang='grc' dir='ltr'>ἐτύγχανες.</span> <span class='ocrx_word' id='word_1_775' title='bbox 3419 4287 3605 4343; x_wconf 80' lang='grc' dir='ltr'>Ταῦτα</span> 
     </span>
    </p>
   </div>
   <div class='ocr_carea' id='block_1_105' title="bbox 2032 4380 3605 4455">
    <p class='ocr_par' dir='ltr' id='par_1_105' title="bbox 2032 4380 3605 4455">
     <span class='ocr_line' id='line_1_106' title="bbox 2032 4380 3605 4455; baseline -0.004 -15"><span class='ocrx_word' id='word_1_776' title='bbox 2032 4389 2063 4440; x_wconf 85' lang='grc' dir='ltr'><strong>ὁ</strong></span> <span class='ocrx_word' id='word_1_777' title='bbox 2094 4386 2212 4440; x_wconf 87' lang='grc' dir='ltr'><strong>Ἰὼϐ</strong></span> <span class='ocrx_word' id='word_1_778' title='bbox 2260 4386 2456 4453; x_wconf 84' lang='grc' dir='ltr'>λέγων,</span> <span class='ocrx_word' id='word_1_779' title='bbox 2505 4382 2883 4455; x_wconf 86' lang='grc' dir='ltr'>ἀπεκρούσατο</span> <span class='ocrx_word' id='word_1_780' title='bbox 2922 4382 3018 4434; x_wconf 74' lang='grc' dir='ltr'>καὶ</span> <span class='ocrx_word' id='word_1_781' title='bbox 3046 4381 3252 4452; x_wconf 86' lang='grc' dir='ltr'>ταύτην</span> <span class='ocrx_word' id='word_1_782' title='bbox 3293 4380 3391 4434; x_wconf 88' lang='grc' dir='ltr'><strong>τοῦ</strong></span> <span class='ocrx_word' id='word_1_783' title='bbox 3424 4380 3605 4435; x_wconf 78' lang='grc' dir='ltr'>διαϐό-</span> 
     </span>
    </p>
   </div>
   <div class='ocr_carea' id='block_1_106' title="bbox 2034 4473 3606 4550">
    <p class='ocr_par' dir='ltr' id='par_1_106' title="bbox 2034 4473 3606 4550">
     <span class='ocr_line' id='line_1_107' title="bbox 2034 4473 3606 4550; baseline -0.002 -20"><span class='ocrx_word' id='word_1_784' title='bbox 2034 4480 2124 4534; x_wconf 84' lang='grc' dir='ltr'><strong>λου</strong></span> <span class='ocrx_word' id='word_1_785' title='bbox 2166 4480 2241 4550; x_wconf 80' lang='grc'><strong>(5)</strong></span> <span class='ocrx_word' id='word_1_786' title='bbox 2276 4479 2373 4548; x_wconf 81' lang='grc' dir='ltr'>τὴν</span> <span class='ocrx_word' id='word_1_787' title='bbox 2414 4475 2737 4548; x_wconf 78' lang='grc' dir='ltr'>προσϐολὴν,</span> <span class='ocrx_word' id='word_1_788' title='bbox 2772 4475 2867 4528; x_wconf 77' lang='grc' dir='ltr'>καὶ</span> <span class='ocrx_word' id='word_1_789' title='bbox 2904 4473 3116 4527; x_wconf 85' lang='grc' dir='ltr'>τελείαν</span> <span class='ocrx_word' id='word_1_790' title='bbox 3166 4473 3320 4544; x_wconf 86' lang='grc' dir='ltr'>αύτῷ</span> <span class='ocrx_word' id='word_1_791' title='bbox 3358 4473 3461 4544; x_wconf 74' lang='grc' dir='ltr'><strong>τὴν</strong></span> <span class='ocrx_word' id='word_1_792' title='bbox 3507 4473 3606 4543; x_wconf 72' lang='grc' dir='ltr'>τῆς</span> 
     </span>
    </p>
   </div>
   <div class='ocr_carea' id='block_1_107' title="bbox 2030 4562 3606 4643">
    <p class='ocr_par' dir='ltr' id='par_1_107' title="bbox 2030 4562 3606 4643">
     <span class='ocr_line' id='line_1_108' title="bbox 2030 4562 3606 4643; baseline -0.004 -19"><span class='ocrx_word' id='word_1_793' title='bbox 2030 4573 2199 4643; x_wconf 77' lang='grc' dir='ltr'>ἥττης</span> <span class='ocrx_word' id='word_1_794' title='bbox 2229 4569 2491 4640; x_wconf 72' lang='grc' dir='ltr'>αἰσχύνην</span> <span class='ocrx_word' id='word_1_795' title='bbox 2525 4569 2792 4638; x_wconf 83' lang='grc' dir='ltr'>ἐπήγαγε.</span> <span class='ocrx_word' id='word_1_796' title='bbox 2823 4566 2888 4618; x_wconf 89' lang='grc' dir='ltr'>Τί</span> <span class='ocrx_word' id='word_1_797' title='bbox 2935 4562 3027 4618; x_wconf 75' lang='grc' dir='ltr'>οὖν</span> <span class='ocrx_word' id='word_1_798' title='bbox 3071 4565 3322 4619; x_wconf 84' lang='grc' dir='ltr'>ἐντεῦθεν</span> <span class='ocrx_word' id='word_1_799' title='bbox 3359 4566 3606 4619; x_wconf 84' lang='grc' dir='ltr'>συνέϐαι-</span> 
     </span>
    </p>
   </div>
   <div class='ocr_carea' id='block_1_108' title="bbox 2031 4656 3609 4730">
    <p class='ocr_par' dir='ltr' id='par_1_108' title="bbox 2031 4656 3609 4730">
     <span class='ocr_line' id='line_1_109' title="bbox 2031 4656 3609 4730; baseline -0.007 -11"><span class='ocrx_word' id='word_1_800' title='bbox 2031 4680 2153 4729; x_wconf 87' lang='grc' dir='ltr'>νεν;</span> <span class='ocrx_word' id='word_1_801' title='bbox 2187 4663 2427 4730; x_wconf 79' lang='grc' dir='ltr'>Ἔφυγεν</span> <span class='ocrx_word' id='word_1_802' title='bbox 2477 4656 2635 4723; x_wconf 83' lang='grc' dir='ltr'>αὖθις</span> <span class='ocrx_word' id='word_1_803' title='bbox 2663 4661 2696 4729; x_wconf 85' lang='grc' dir='ltr'>ὴ</span> <span class='ocrx_word' id='word_1_804' title='bbox 2742 4657 2897 4721; x_wconf 84' lang='grc' dir='ltr'>νόσος</span> <span class='ocrx_word' id='word_1_805' title='bbox 2936 4658 3121 4721; x_wconf 82' lang='grc' dir='ltr'>αὐτὸν,</span> <span class='ocrx_word' id='word_1_806' title='bbox 3154 4657 3230 4720; x_wconf 83' lang='grc' dir='ltr'>ὡς</span> <span class='ocrx_word' id='word_1_807' title='bbox 3268 4657 3397 4726; x_wconf 83' lang='grc' dir='ltr'>είκῆ</span> <span class='ocrx_word' id='word_1_808' title='bbox 3444 4674 3609 4728; x_wconf 82' lang='grc' dir='ltr'>προσ-</span> 
     </span>
    </p>
   </div>
   <div class='ocr_carea' id='block_1_109' title="bbox 2030 4748 3607 4823">
    <p class='ocr_par' dir='ltr' id='par_1_109' title="bbox 2030 4748 3607 4823">
     <span class='ocr_line' id='line_1_110' title="bbox 2030 4748 3607 4823; baseline -0.004 -16"><span class='ocrx_word' id='word_1_809' title='bbox 2030 4753 2280 4817; x_wconf 83' lang='grc' dir='ltr'>ελθοῦσα,</span> <span class='ocrx_word' id='word_1_810' title='bbox 2328 4753 2424 4806; x_wconf 81' lang='grc' dir='ltr'>καὶ</span> <span class='ocrx_word' id='word_1_811' title='bbox 2472 4751 2640 4823; x_wconf 85' lang='grc' dir='ltr'>μηδὲν</span> <span class='ocrx_word' id='word_1_812' title='bbox 2680 4749 2926 4804; x_wconf 88' lang='grc' dir='ltr'>ἀνύσασα</span> <span class='ocrx_word' id='word_1_813' title='bbox 2967 4749 3151 4803; x_wconf 88' lang='grc' dir='ltr'>πλέον.</span> <span class='ocrx_word' id='word_1_814' title='bbox 3194 4748 3484 4802; x_wconf 82' lang='grc' dir='ltr'>Ἀνέθαλεν</span> <span class='ocrx_word' id='word_1_815' title='bbox 3529 4750 3607 4811; x_wconf 83' lang='grc' dir='ltr'><strong>είς</strong></span> 
     </span>
    </p>
   </div>
   <div class='ocr_carea' id='block_1_110' title="bbox 2029 4839 3605 4916">
    <p class='ocr_par' dir='ltr' id='par_1_110' title="bbox 2029 4839 3605 4916">
     <span class='ocr_line' id='line_1_111' title="bbox 2029 4839 3605 4916; baseline -0.004 -18"><span class='ocrx_word' id='word_1_816' title='bbox 2029 4844 2285 4916; x_wconf 87' lang='grc' dir='ltr'>δευτέραν</span> <span class='ocrx_word' id='word_1_817' title='bbox 2307 4843 2449 4914; x_wconf 76' lang='grc' dir='ltr'>ἥϐην</span> <span class='ocrx_word' id='word_1_818' title='bbox 2492 4845 2529 4914; x_wconf 77' lang='grc' dir='ltr'><strong>ἡ</strong></span> <span class='ocrx_word' id='word_1_819' title='bbox 2562 4841 2739 4914; x_wconf 82' lang='grc' dir='ltr'>σάρξ,</span> <span class='ocrx_word' id='word_1_820' title='bbox 2783 4840 3018 4913; x_wconf 73' lang='grc' dir='ltr'>ἤνθησεν</span> <span class='ocrx_word' id='word_1_821' title='bbox 3060 4843 3089 4894; x_wconf 85' lang='grc' dir='ltr'><strong>ὁ</strong></span> <span class='ocrx_word' id='word_1_822' title='bbox 3132 4839 3246 4909; x_wconf 86' lang='grc' dir='ltr'>βίος</span> <span class='ocrx_word' id='word_1_823' title='bbox 3278 4840 3447 4893; x_wconf 85' lang='grc' dir='ltr'>πάλιν</span> <span class='ocrx_word' id='word_1_824' title='bbox 3494 4841 3605 4902; x_wconf 77' lang='grc' dir='ltr'>τοῖς</span> 
     </span>
    </p>
   </div>
   <div class='ocr_carea' id='block_1_111' title="bbox 2032 4927 3604 5002">
    <p class='ocr_par' dir='ltr' id='par_1_111' title="bbox 2032 4927 3604 5002">
     <span class='ocr_line' id='line_1_112' title="bbox 2032 4927 3604 5002; baseline -0.005 -13"><span class='ocrx_word' id='word_1_825' title='bbox 2032 4934 2226 4998; x_wconf 79' lang='grc' dir='ltr'>ἀπασι,</span> <span class='ocrx_word' id='word_1_826' title='bbox 2261 4936 2358 4989; x_wconf 69' lang='grc' dir='ltr'><strong>καί</strong></span> <span class='ocrx_word' id='word_1_827' title='bbox 2408 4933 2705 4988; x_wconf 85' lang='grc' dir='ltr'>διπλασίων</span> <span class='ocrx_word' id='word_1_828' title='bbox 2757 4931 3092 5002; x_wconf 85' lang='grc' dir='ltr'>πανταχόθεν</span> <span class='ocrx_word' id='word_1_829' title='bbox 3122 4930 3215 4983; x_wconf 77' lang='grc' dir='ltr'>ἐπὶ</span> <span class='ocrx_word' id='word_1_830' title='bbox 3263 4930 3356 4984; x_wconf 78' lang='grc' dir='ltr'>τὸν</span> <span class='ocrx_word' id='word_1_831' title='bbox 3388 4927 3539 4984; x_wconf 80' lang='grc' dir='ltr'>οἶκον</span> <span class='ocrx_word' id='word_1_832' title='bbox 3575 4929 3604 4981; x_wconf 77' lang='grc' dir='ltr'><strong>ὁ</strong></span> 
     </span>
    </p>
   </div>
   <div class='ocr_carea' id='block_1_112' title="bbox 2030 5020 3605 5095">
    <p class='ocr_par' dir='ltr' id='par_1_112' title="bbox 2030 5020 3605 5095">
     <span class='ocr_line' id='line_1_113' title="bbox 2030 5020 3605 5095; baseline -0.004 -17"><span class='ocrx_word' id='word_1_833' title='bbox 2030 5023 2255 5088; x_wconf 86' lang='grc' dir='ltr'>πλοῦτος</span> <span class='ocrx_word' id='word_1_834' title='bbox 2289 5024 2675 5095; x_wconf 78' lang='grc' dir='ltr'>συνέρρευσεν·</span> <span class='ocrx_word' id='word_1_835' title='bbox 2720 5022 2807 5076; x_wconf 82' lang='grc' dir='ltr'>ἵνα</span> <span class='ocrx_word' id='word_1_836' title='bbox 2846 5021 2906 5073; x_wconf 79' lang='grc' dir='ltr'>τὸ</span> <span class='ocrx_word' id='word_1_837' title='bbox 2936 5021 3035 5092; x_wconf 82' lang='grc' dir='ltr'>μὲν</span> <span class='ocrx_word' id='word_1_838' title='bbox 3077 5021 3153 5084; x_wconf 87' lang='grc' dir='ltr'>ὡς</span> <span class='ocrx_word' id='word_1_839' title='bbox 3194 5020 3361 5090; x_wconf 85' lang='grc' dir='ltr'>μηδὲν</span> <span class='ocrx_word' id='word_1_840' title='bbox 3394 5020 3605 5073; x_wconf 77' lang='grc' dir='ltr'>ἀπολω-</span> 
     </span>
    </p>
   </div>
   <div class='ocr_carea' id='block_1_113' title="bbox 2029 5112 3603 5187">
    <p class='ocr_par' dir='ltr' id='par_1_113' title="bbox 2029 5112 3603 5187">
     <span class='ocr_line' id='line_1_114' title="bbox 2029 5112 3603 5187; baseline 0 -20"><span class='ocrx_word' id='word_1_841' title='bbox 2029 5114 2202 5179; x_wconf 85' lang='grc' dir='ltr'>λεκὼς</span> <span class='ocrx_word' id='word_1_842' title='bbox 2233 5115 2354 5187; x_wconf 77' lang='grc' dir='ltr'>ἐχῃ,</span> <span class='ocrx_word' id='word_1_843' title='bbox 2388 5116 2450 5168; x_wconf 85' lang='grc' dir='ltr'>τὸ</span> <span class='ocrx_word' id='word_1_844' title='bbox 2481 5115 2540 5168; x_wconf 76' lang='grc' dir='ltr'>δὲ</span> <span class='ocrx_word' id='word_1_845' title='bbox 2581 5112 2797 5186; x_wconf 77' lang='grc' dir='ltr'>ὑπάρξῃ</span> <span class='ocrx_word' id='word_1_846' title='bbox 2839 5114 2939 5184; x_wconf 85' lang='grc' dir='ltr'>τῆς</span> <span class='ocrx_word' id='word_1_847' title='bbox 2976 5113 3271 5184; x_wconf 85' lang='grc' dir='ltr'>καρτερίας</span> <span class='ocrx_word' id='word_1_848' title='bbox 3306 5112 3388 5184; x_wconf 81' lang='grc' dir='ltr'>τῷ</span> <span class='ocrx_word' id='word_1_849' title='bbox 3412 5113 3603 5182; x_wconf 78' lang='grc' dir='ltr'>δικαίῳ</span> 
     </span>
    </p>
   </div>
   <div class='ocr_carea' id='block_1_114' title="bbox 2033 5204 3601 5277">
    <p class='ocr_par' dir='ltr' id='par_1_114' title="bbox 2033 5204 3601 5277">
     <span class='ocr_line' id='line_1_115' title="bbox 2033 5204 3601 5277; baseline -0.002 -17"><span class='ocrx_word' id='word_1_850' title='bbox 2033 5206 2242 5277; x_wconf 88' lang='grc' dir='ltr'>μισθός.</span> <span class='ocrx_word' id='word_1_851' title='bbox 2290 5208 2386 5260; x_wconf 83' lang='grc' dir='ltr'>Ἐκ</span> <span class='ocrx_word' id='word_1_852' title='bbox 2426 5207 2615 5259; x_wconf 86' lang='grc' dir='ltr'>τούτου</span> <span class='ocrx_word' id='word_1_853' title='bbox 2661 5206 2840 5260; x_wconf 87' lang='grc' dir='ltr'>τοίνυν</span> <span class='ocrx_word' id='word_1_854' title='bbox 2883 5205 3103 5277; x_wconf 90' lang='grc' dir='ltr'>ἀνδρίαν</span> <span class='ocrx_word' id='word_1_855' title='bbox 3145 5204 3325 5275; x_wconf 79' lang='grc' dir='ltr'>ψυχῆς</span> <span class='ocrx_word' id='word_1_856' title='bbox 3376 5206 3601 5268; x_wconf 72' lang='grc' dir='ltr'>ἕκαστος</span> 
     </span>
    </p>
   </div>
   <div class='ocr_carea' id='block_1_115' title="bbox 2029 5296 3595 5371">
    <p class='ocr_par' dir='ltr' id='par_1_115' title="bbox 2029 5296 3595 5371">
     <span class='ocr_line' id='line_1_116' title="bbox 2029 5296 3595 5371; baseline -0.001 -20"><span class='ocrx_word' id='word_1_857' title='bbox 2029 5296 2412 5370; x_wconf 85' lang='grc' dir='ltr'>παιδευώμεθα</span> <span class='ocrx_word' id='word_1_858' title='bbox 2436 5317 2450 5330; x_wconf 74' lang='grc' dir='ltr'><strong>ο</strong></span> <span class='ocrx_word' id='word_1_859' title='bbox 2479 5299 2538 5363; x_wconf 83' lang='grc' dir='ltr'>ὃς</span> <span class='ocrx_word' id='word_1_860' title='bbox 2563 5300 2624 5353; x_wconf 76' lang='grc' dir='ltr'>οὐ</span> <span class='ocrx_word' id='word_1_861' title='bbox 2651 5299 2830 5371; x_wconf 83' lang='grc' dir='ltr'>μόνον,</span> <span class='ocrx_word' id='word_1_862' title='bbox 2856 5299 2994 5371; x_wconf 79' lang='grc' dir='ltr'>πρὸς</span> <span class='ocrx_word' id='word_1_863' title='bbox 3026 5297 3097 5352; x_wconf 76' lang='grc' dir='ltr'>τὰ</span> <span class='ocrx_word' id='word_1_864' title='bbox 3117 5298 3339 5352; x_wconf 83' lang='grc' dir='ltr'>ἐναντία</span> <span class='ocrx_word' id='word_1_865' title='bbox 3362 5296 3459 5351; x_wconf 84' lang='grc' dir='ltr'><strong>τοῦ</strong></span> <span class='ocrx_word' id='word_1_866' title='bbox 3483 5296 3595 5367; x_wconf 79' lang='grc' dir='ltr'>βίον</span> 
     </span>
    </p>
   </div>
   <div class='ocr_carea' id='block_1_116' title="bbox 2103 5605 3590 5678">
    <p class='ocr_par' dir='ltr' id='par_1_116' title="bbox 2103 5605 3590 5678">
     <span class='ocr_line' id='line_1_117' title="bbox 2103 5605 3590 5678; baseline -0.002 -15"><span class='ocrx_word' id='word_1_867' title='bbox 2103 5606 2179 5678; x_wconf 80' lang='grc'><strong>(5)</strong></span> <span class='ocrx_word' id='word_1_868' title='bbox 2208 5611 2318 5663; x_wconf 83' lang='grc' dir='ltr'>Τσυ</span> <span class='ocrx_word' id='word_1_869' title='bbox 2353 5606 2655 5663; x_wconf 78' lang='grc' dir='ltr'>διαϐόλου.</span> <span class='ocrx_word' id='word_1_870' title='bbox 2690 5607 2831 5664; x_wconf 86' lang='lat' dir='ltr'><strong>Editi</strong></span> <span class='ocrx_word' id='word_1_871' title='bbox 2870 5608 2965 5662; x_wconf 73' lang='grc' dir='ltr'>καὶ</span> <span class='ocrx_word' id='word_1_872' title='bbox 2990 5607 3393 5678; x_wconf 20' lang='grc' dir='ltr'>τοῦίδιαϐόλου.</span> <span class='ocrx_word' id='word_1_873' title='bbox 3426 5605 3590 5674; x_wconf 71' lang='grc' dir='ltr'><strong>Βιρι-</strong></span> 
     </span>
    </p>
   </div>
   <div class='ocr_carea' id='block_1_117' title="bbox 2030 5677 3582 5751">
    <p class='ocr_par' dir='ltr' id='par_1_117' title="bbox 2030 5677 3582 5751">
     <span class='ocr_line' id='line_1_118' title="bbox 2030 5677 3582 5751; baseline 0 -20"><span class='ocrx_word' id='word_1_874' title='bbox 2030 5679 2090 5731; x_wconf 81' lang='lat' dir='ltr'><strong>lit</strong></span> <span class='ocrx_word' id='word_1_875' title='bbox 2126 5687 2176 5732; x_wconf 81' lang='lat' dir='ltr'><strong>et</strong></span> <span class='ocrx_word' id='word_1_876' title='bbox 2204 5694 2422 5732; x_wconf 74' lang='lat' dir='ltr'><strong>uxorem</strong></span> <span class='ocrx_word' id='word_1_877' title='bbox 2443 5688 2494 5733; x_wconf 85' lang='lat' dir='ltr'><strong>et</strong></span> <span class='ocrx_word' id='word_1_878' title='bbox 2528 5678 2728 5751; x_wconf 76' lang='lat' dir='ltr'><strong>diaboli</strong></span> <span class='ocrx_word' id='word_1_879' title='bbox 2768 5679 3051 5751; x_wconf 82' lang='lat' dir='ltr'><strong>assultum.</strong></span> <span class='ocrx_word' id='word_1_880' title='bbox 3092 5677 3323 5751; x_wconf 78' lang='lat' dir='ltr'><strong>Regium</strong></span> <span class='ocrx_word' id='word_1_881' title='bbox 3351 5677 3582 5733; x_wconf 65' lang='lat' dir='ltr'><strong>mdium</strong></span> 
     </span>
    </p>
   </div>
   <div class='ocr_carea' id='block_1_118' title="bbox 1917 5748 2934 5826">
    <p class='ocr_par' dir='ltr' id='par_1_118' title="bbox 1917 5748 2934 5826">
     <span class='ocr_line' id='line_1_119' title="bbox 1917 5748 2934 5826; baseline -0.001 -22"><span class='ocrx_word' id='word_1_882' title='bbox 1917 5820 1925 5826; x_wconf 91' lang='lat'>_</span> <span class='ocrx_word' id='word_1_883' title='bbox 2028 5757 2081 5804; x_wconf 79' lang='lat' dir='ltr'><strong>et</strong></span> <span class='ocrx_word' id='word_1_884' title='bbox 2110 5756 2423 5805; x_wconf 82' lang='lat' dir='ltr'><strong>contextum</strong></span> <span class='ocrx_word' id='word_1_885' title='bbox 2446 5748 2601 5820; x_wconf 84' lang='lat' dir='ltr'><strong>sequi</strong></span> <span class='ocrx_word' id='word_1_886' title='bbox 2627 5749 2934 5805; x_wconf 81' lang='lat' dir='ltr'><strong>maluimus.</strong></span> 
     </span>
    </p>
   </div>
  </div>
