3874 6224
258 318 397 373 1295

1344 315 1573 372 SERMO
1612 316 1747 371 XIII.
1787 345 1856 355 —
1894 313 1981 369 DE
2018 312 2407 368 PATIENTIA.

3364 313 3502 368 12M

252 436 645 506 περιπεσόντος
676 434 857 506 αὐτῷ,
890 435 1059 507 πένης
1107 438 1172 490 ὲκ
1203 436 1490 501 πλουσίου,
1528 439 1623 491 καὶ
1664 437 1830 499 ἅπαις

1947 433 2030 489 sed
2063 449 2132 489 ne
2182 434 2374 489 amicis
2403 431 2648 503 quidem,
2678 435 2772 503 qui
2816 433 2885 488 ad
2913 432 3310 490 consolandum
3340 447 3504 485 vene-

254 525 367 579 ἀπὸ
415 525 765 590 καλλίπαιδος
825 527 887 580 ὲν
949 528 1047 597 μιᾷ
1093 527 1286 599 καιροῦ
1335 530 1475 599 ῥοπῇ
1521 527 1830 596 γενόμενος,

254 616 525 686 διέμεινεν
568 617 597 669 6
650 615 843 682 αὐτὸς,
892 616 1261 669 ἀταπείνωτον
1316 615 1590 686 πανταχοῦ
1622 615 1685 668 τὸ
1735 614 1833 686 τῆς

1939 532 2085 591 rant,
2118 523 2512 580 insultantibus
2534 531 2588 577 et
2610 523 2827 580 dolores
2857 524 3193 596 conjunctim
3221 521 3505 577 intenden-

1941 617 2109 681 tibus,
2135 617 2217 671 ira
2243 626 2549 673 commotus
2575 627 2680 673 est.

257 710 440 781 ψυχῆς
468 711 726 782 φρόνημα
752 710 1038 775 διασώζων
1059 727 1072 740 ·
1097 712 1211 766 ἀλλ’
1231 711 1359 766 οὔτε
1385 711 1494 765 τῶν
1514 711 1706 781 φίλων,
1769 710 1878 765 τῶν
1913 713 1994 777 εἰς
2033 712 2387 785 παραμυθίαν
2421 715 2685 786 ἡκόντων,
2745 714 3178 785 ἐπεμϐαινόντων
3223 709 3373 782 αὑτῷ
3413 708 3507 762 καὶ

260 807 739 861 συνεπιτεινόντων
759 808 831 861 τά
854 809 1101 877 ἀλγεινά,
1129 808 1478 882 παρωξύνθη.

329 901 383 955 ὅ.
413 901 601 954 Ἔστιν
627 901 718 954 ὅτε
756 903 849 956 καὶ
883 904 1024 957 κατά
1052 906 1247 975 πεῖραν
1272 906 1393 967 ταῖς
1422 903 1620 974 ψυχαῖς
1649 905 1702 956 αἱ
1738 902 1833 955 τοῦ

263 991 378 1063 βίου
401 992 721 1064 δυσκληρίαι
752 996 867 1058 τοῖς
897 994 1209 1066 ἀνθρώποις
1240 995 1628 1066 προσάγονται,
1652 994 1718 1047 ἵν’
1743 995 1835 1046 ἐπὶ

259 1084 360 1156 τῆς
390 1084 677 1149 δυσκολίας
708 1085 1119 1158 ἀπελεγχθῶσιν
1155 1088 1206 1140 οἱ
1247 1087 1490 1158 δόκιμοι,
1526 1087 1635 1140 εἴτε
1673 1087 1836 1139 πλού-

264 1191 389 1240 σιοι,
418 1176 529 1228 εἴτε
558 1177 809 1249 πένητες.
853 1179 1135 1249 Ἐκάτεροι
1168 1179 1276 1251 γὰρ
1308 1179 1396 1232 διὰ
1430 1179 1530 1250 τῆς
1559 1180 1835 1251 ὑπομονῆς

261 1265 681 1337 δοκιμάζονται·
734 1270 835 1322 κάν
880 1269 1055 1342 τούτῳ
1099 1271 1335 1342 μάλιστα
1382 1270 1462 1341 τῷ
1503 1272 1679 1342 καιρῷ
1720 1272 1836 1325 δια-

262 1356 535 1413 δείκνυται
566 1359 596 1411 6
644 1360 765 1430 μὲν,
803 1362 852 1414 εἰ
905 1362 1220 1426 κοινωνικὸς
1270 1364 1363 1416 καὶ
1402 1362 1723 1432 φιλάδελφος
1747 1380 1760 1393 ·
1810 1365 1838 1416 6

260 1449 358 1513 δὲ,
410 1451 460 1502 εί
504 1451 822 1523 εὐχάριστος
873 1455 970 1507 καὶ
1014 1456 1088 1525 μὴ
1128 1454 1437 1507 τούναντίον
1481 1454 1834 1525 βλάσφημος,

261 1543 384 1604 ταῖς
415 1540 511 1595 τοῦ
561 1542 678 1613 βίου
720 1547 1046 1616 περιφοραῖς
1085 1544 1249 1610 ὀξέως
1287 1545 1748 1616 συμμεταϐάλλων
1777 1547 1836 1599 τὸ

265 1634 540 1704 φρόνημα.
592 1635 700 1687 Kal
745 1637 1083 1707 κυϐερνήτην
1130 1636 1228 1708 μὲν
1276 1639 1304 1691 6
1348 1636 1573 1709 χειμὼν,
1616 1638 1711 1691 καὶ
1745 1638 1837 1691 τὸν
1874 1633 1879 1643 ’

2009 891 2172 965 548
2208 894 2262 949 5.
2301 893 2379 966 (2)
2409 894 2496 949 Fit
2527 910 2745 966 quoque
2786 895 3114 965 aliquando,
3159 902 3220 949 ut
3259 897 3384 951 vita:
3421 897 3507 951 iu-

1939 985 2184 1041 l'ortunia
2214 989 2528 1059 irrogentur
2556 988 2871 1043 hominibus
2912 989 2978 1043 ad
3013 990 3225 1044 animas
3268 989 3505 1058 proban-

1936 1079 2072 1143 das,
2125 1086 2188 1133 ut
2238 1079 2382 1135 inter
2437 1078 2784 1135 dilIicultates
2842 1078 3351 1148 deprehendantur,
3409 1078 3502 1147 qui

1937 1170 2093 1241 probi
2138 1171 2286 1236 sint,
2338 1171 2455 1227 sive
2503 1171 2722 1235 divites,
2773 1170 2892 1227 sive
2937 1185 3218 1240 pauperes.
3278 1168 3506 1239 Utrique

1938 1262 2085 1318 enim
2122 1278 2221 1333 per
2271 1263 2591 1331 patientiam
2640 1264 2942 1333 probantur
2981 1283 2994 1318 :
3033 1271 3088 1318 et
3139 1264 3372 1317 maxime
3400 1263 3508 1318 hoc

1940 1361 2187 1425 tempore
2221 1354 2557 1419 declaratur,
2591 1356 2734 1410 sitne
2768 1356 2858 1409 hic
2888 1354 3131 1409 liberalis
3182 1364 3237 1410 et
3271 1353 3503 1409 fratrum

1940 1462 2167 1513 amans;
2206 1448 2349 1502 sitne
2391 1447 2484 1501 ille
2520 1455 2710 1517 gratus
2737 1455 2791 1503 et
2836 1446 3226 1502 beneﬁciorum
3274 1461 3504 1509 memor,

1941 1553 2007 1592 ac
2051 1554 2162 1594 non
2210 1546 2401 1594 contra
2445 1539 2820 1610 blasphemus,
2862 1538 3024 1608 cujus
3077 1539 3293 1593 animus
3322 1537 3506 1593 statim

1938 1631 2064 1686 vita:
2108 1630 2584 1688 vicissitudinibus
2638 1638 2902 1687 mutetur.
2959 1620 3034 1702 (ὅ)
3084 1629 3250 1685 Navis
3306 1630 3507 1701 quippe

264 1723 506 1797 ἀθλητὴν
551 1724 614 1778 τὸ
662 1725 896 1792 στάδιον,
938 1727 1029 1780 τὸν
1069 1730 1375 1800 στρατηγὸν
1425 1732 1458 1800 ἡ
1512 1728 1836 1800 παράταξις,

1947 1726 2362 1794 gubernatorem
2392 1735 2715 1798 tempestas,
2751 1712 3011 1781 athletam
3047 1725 3306 1789 stadium,
3338 1727 3509 1795 impee

260 1812 357 1866 τὸν
406 1813 783 1885 μεγαλόψυχον
825 1816 859 1885 ὴ
903 1817 1189 1889 συμφοράο
1238 1818 1330 1871 τὸν
1371 1818 1695 1889 Χριστιανὸν
1723 1819 1780 1872 δὲ
1811 1822 1840 1872 6

265 1907 570 1978 πειρασμὸς
617 1908 920 1978 δοκιμάζει.
968 1911 1078 1962 Kal
1109 1909 1298 1983 ὥσπερ
1348 1912 1475 1975 τοὺς
1515 1911 1753 1983 ἀθλητάς
1792 1914 1840 1967 οἱ

262 1996 375 2050 τῶν
424 1996 651 2065 ἀγώνων
693 1999 929 2070 κάματοι
981 2004 1094 2065 τοῖς
1137 2002 1418 2070 στεφάνοις
1450 2003 1840 2072 προσάγουσιν,

263 2086 409 2141 οῦτω
460 2088 552 2141 καὶ
602 2090 729 2153 τοὺς
760 2092 1125 2161 Χριστιανοὺς
1177 2094 1210 2163 ἠ
1254 2095 1312 2146 ὲν
1358 2096 1472 2158 τοῖς
1517 2098 1844 2166 πειρασμοῖς

263 2178 558 2250 δοκιμασία
606 2176 744 2253 πρὸς
784 2182 883 2252 τὴν
918 2182 1196 2238 τελείωσιν
1245 2184 1388 2251 ἀγει,
1441 2184 1537 2239 ἐὰν
1571 2186 1709 2256 μετά
1742 2187 1843 2258 τῆς

268 2270 587 2343 πρεπούσης
628 2272 907 2344 ὑπομονῆς
961 2274 1280 2346 εὐχαριστίᾳ
1324 2276 1473 2348 πάσῃ
1520 2275 1588 2329 τὰ
1634 2278 1839 2330 οἰκονο-

270 2362 518 2431 μούμενα
569 2362 722 2434 παρά
770 2363 865 2417 τοῦ
916 2365 1125 2437 Κυρίου
1174 2366 1616 2438 καταδεξώμεθα.
1665 2369 1842 2440 Πένης

264 2449 353 2517 si;
387 2455 462 2524 μὴ
517 2453 802 2526 άθυμήσῃς
827 2493 842 2519 ,
892 2456 1007 2510 ἀλλ’
1054 2456 1142 2527 ἔχε
1185 2458 1285 2527 τὴν
1337 2457 1529 2512 ἐλπίδα
1573 2461 1708 2532 πρὸς
1752 2460 1842 2512 τὸν

266 2541 421 2598 Θεὸν.
461 2545 552 2615 Μὴ
594 2546 703 2617 γὰρ
746 2547 846 2599 οὐκ
897 2545 1179 2602 ὲπιδλέπει
1227 2550 1326 2615 τὴν
1372 2549 1659 2618 στένωσιν;
1691 2552 1845 2620 Ἔχει

268 2635 368 2704 τήν
410 2636 617 2706 τροφὴν
651 2638 709 2690 ὲν
748 2638 926 2707 χειρὶ,
961 2640 1056 2693 καὶ
1115 2640 1378 2710 παρέλκει
1418 2639 1516 2711 τὴν
1547 2641 1713 2705 δόσιν,
1758 2642 1845 2694 ἴνα

271 2741 368 2778 σου
419 2725 691 2798 δοκιμάσῃ
728 2729 790 2782 τὸ
828 2729 1063 2800 βέϐαιον,
1110 2733 1199 2784 ἵνα
1231 2733 1523 2805 καταμάθῃ
1563 2732 1661 2805 τὴν
1700 2733 1844 2803 γνώ-

272 2829 401 2882 μην,
435 2815 483 2866 εί
518 2814 592 2885 μὴ
620 2818 684 2886 τῇ
714 2817 822 2869 τῶν
849 2818 1169 2873 ἀκολάστων
1194 2822 1289 2875 καὶ
1328 2823 1659 2894 ἀγνωμόνων
1696 2826 1845 2878 ἐστὶν

265 2902 450 2975 ὁμοία.
500 2906 608 2959 Καὶ
644 2907 753 2978 γὰρ
791 2909 1021 2975 ἐκεῖνοι,
1061 2910 1221 2984 μέχρι
1260 2914 1358 2984 μὲν
1393 2914 1452 2968 ὲν
1504 2913 1585 2986 τῷ
1616 2915 1846 2987 στόματι

268 2991 341 3046 τὰ
370 2995 515 3049 σιτία
547 2997 822 3067 τυγχάνει,
869 2998 1197 3071 εὐφημοῦσι,
1234 3001 1645 3069 κολακεύουσιν,
1677 3006 1846 3078 ὑπερ-

271 3086 670 3158 θαυμάζουσινο
697 3088 876 3157 ὀλίγον
902 3089 960 3142 δὲ
998 3090 1100 3162 τῆς
1130 3094 1406 3165 τραπέζης
1431 3096 1843 3169 ὑπερτεθείσης,

268 3177 422 3231 ὥσπε
429 3195 462 3249 ρ
486 3179 598 3231 τισὶ
620 3178 788 3242 λίθοις
804 3182 924 3243 ταῖς
941 3180 1312 3253 βλασφημίαις
1330 3184 1613 3255 βάλλουσιν
1629 3186 1722 3251 οὒς
1742 3187 1848 3258 πρὸ

270 3268 520 3342 βραχέως
537 3271 611 3340 (1)
634 3271 722 3326 διά
740 3272 837 3341 τὴν
857 3274 1050 3346 ἡδονήν
1082 3276 1468 3345 προσεκύνουν.
1488 3278 1676 3332 Ἠλίαν
1701 3275 1848 3350 εἶχεν

269 3364 300 3416 6
336 3361 655 3434 Κάρμηλος,
683 3364 808 3435 ὅρος
836 3364 1038 3435 ὑψηλὸν
1064 3367 1158 3420 καὶ
1182 3367 1456 3439 ἀοίκητον,
1487 3368 1692 3440 ἔρημος
1722 3369 1848 3441 ἔρη-

273 3472 404 3526 μονο
441 3454 589 3527 ψυχὴ
620 3455 677 3508 δὲ
705 3451 773 3527 ἦν
802 3456 879 3527 τῷ
903 3457 1096 3528 δικαίῳ
1124 3458 1193 3511 τὰ
1224 3460 1424 3523 πάντα,
1459 3462 1554 3513 καὶ
1578 3460 1678 3531 τῆς
1704 3460 1849 3530 ζωῆς

268 3545 504 3614 ἐφόδιον,
535 3547 569 3617 ἡ
596 3546 734 3618 πρὸς
755 3547 888 3601 Θεὸν
913 3548 1088 3612 ὲλπίς.
1133 3548 1250 3602 Ζῶν
1279 3549 1335 3603 δὲ
1354 3549 1547 3615 οὓτως,
1575 3550 1720 3621 λιμῷ
1749 3552 1847 3623 τὴν

268 3637 419 3710 ζωὴν
466 3640 567 3692 ούκ
612 3640 953 3712 ἀπήλλαξεν·
1009 3641 1124 3695 ἀλλ’
1157 3644 1206 3694 οἱ
1246 3642 1721 3714 ἁρπακτικώτεροι
1753 3645 1848 3697 καὶ

273 3730 510 3799 μάλιστα
534 3732 937 3804 γαστρίμαργοι
969 3732 1076 3787 τῶν
1104 3733 1351 3804 ὀρνίθων,
1374 3729 1517 3788 οὗτοι
1541 3732 1848 3804 διεκόμιζον

269 3821 340 3875 τὰ
378 3821 544 3887 σιτία,
580 3824 674 3876 καὶ
715 3824 923 3895 τροφῆς
955 3824 1205 3892 ἐγένοντο
1242 3824 1320 3895 τῷ
1348 3825 1543 3895 δικαίῳ
1588 3825 1845 3891 διάκονοι,

267 3916 322 3967 οἱ
348 3913 445 3978 τὰς
472 3914 758 3984 ἀλλοτρίας
787 3914 995 3985 τροφὰς
1036 3917 1101 3968 ἐκ
1148 3915 1434 3986 συνηθείας
1470 3917 1810 3989 ἁρπάζοντες
1829 3934 1842 3947 ο

271 4006 369 4060 καὶ
407 4006 486 4077 τῷ
518 4006 831 4077 Δεσποτικῷ
877 4007 1260 4078 προστάγματι
1294 4007 1393 4080 τὴν
1429 4008 1592 4078 φύσιν
1633 4009 1850 4081 διήμει-

269 4099 402 4169 ψαν,
436 4100 616 4153 πιστοὶ
658 4101 894 4170 φύλακες
920 4100 1202 4171 γενόμενοι
1245 4102 1353 4155 τῶν
1393 4101 1573 4175 ἄρτων
1603 4101 1699 4157 καὶ
1739 4102 1849 4155 τῶν

270 4192 472 4262 κρεῶν.
499 4189 627 4262 Εἶχε
665 4194 759 4247 καὶ
793 4194 821 4246 6
850 4192 1187 4255 Βαϐυλώνιος
1220 4193 1419 4256 λάκκος
1457 4192 1548 4246 τὸν
1587 4193 1851 4267 Ἰσραηλί-

268 4301 374 4354 την
401 4285 704 4348 νεανίσκον,
727 4283 1073 4355 αἰχμάλωτον
1097 4283 1195 4354 μὲν
1218 4283 1321 4355 τὴν
1355 4300 1416 4336 συ
1426 4282 1659 4355 μφοράν,
1695 4283 1848 4337 ὲλεύ-

1946 1824 2184 1869 ratorem
2243 1815 2429 1879 acies,
2481 1817 2892 1887 magnanimum
2952 1810 3128 1870 virum
3188 1813 3506 1879 calamitas,

1940 1903 2314 1961 Christianum
2369 1909 2601 1963 tentatio
2644 1908 2858 1979 probat.
2915 1908 2993 1979 (4)
3041 1907 3507 1974 Quemadmodum

1941 1996 2086 2048 enim
2132 1997 2494 2052 certaminum
2541 1984 2696 2054 labor
2740 1999 2976 2054 athletas
3018 1999 3085 2054 ad
3122 2014 3403 2066 coronam,
3435 2001 3509 2054 ita

1941 2079 2107 2140 etiam
2134 2086 2481 2145 Christianos
2505 2090 2754 2161 probatio
2780 2090 2837 2145 in
2867 2091 3262 2146 tentationibus
3294 2089 3361 2143 ad
3387 2106 3512 2161 pcr-

1944 2178 2233 2235 l‘eetionem
2260 2180 2518 2246 adducit,
2561 2182 2608 2236 si
2645 2182 2809 2238 modo
2839 2197 2900 2237 ea
2923 2199 3042 2253 quae
3074 2199 3104 2238 a
3142 2183 3366 2239 Domino
3399 2184 3512 2240 dis-

1942 2280 2265 2341 pensantur,
2314 2288 2440 2328 cum
2489 2273 2673 2329 debita
2721 2275 2985 2346 patientia
3021 2279 3074 2331 in
3121 2277 3271 2331 omni
3307 2277 3510 2348 gratia-

1943 2378 2066 2417 rum
2114 2365 2331 2419 actione
2393 2367 2792 2436 suscipiamus.
2840 2366 3184 2439 (5)'Pauper
3235 2370 3334 2424 es?
3380 2385 3512 2425 cavo

1944 2459 2186 2511 animum
2217 2456 2466 2528 abjicias,
2504 2459 2601 2515 sed
2630 2474 2782 2529 spem
2818 2459 3017 2516 habeto
3048 2461 3103 2515 in
3136 2460 3326 2516 Deum.
3358 2461 3506 2515 Nun-

1944 2546 2078 2617 quid
2127 2548 2271 2602 enim
2326 2564 2435 2605 non
2489 2551 2638 2606 videt
2694 2554 3051 2623 angustiam?
3103 2554 3277 2608 liabet
3329 2553 3510 2608 cibum

1946 2638 2003 2692 in
2057 2640 2362 2695 manibus:
2397 2642 2492 2697 sed
2544 2641 2725 2697 differt
2776 2644 3158 2714 largitionem,
3214 2651 3273 2698 ut
3321 2644 3513 2714 probet

1943 2736 2095 2784 tuam
2154 2735 2548 2797 constantiam,
2611 2742 2672 2787 ut
2729 2736 2971 2789 animum
3021 2742 3314 2813 agnoscat,
3371 2736 3514 2790 sitne

1946 2821 2442 2892 intemperantibus
2480 2832 2536 2880 et
2581 2826 2809 2894 ingratis
2857 2827 3181 2882 consimilis.
3224 2826 3292 2881 Ili
3344 2828 3512 2892 enim,

1948 2912 2078 2967 dum
2109 2914 2165 2967 in
2195 2929 2289 2968 ore
2314 2926 2444 2970 sunt
2468 2915 2599 2981 cibi,
2635 2918 2989 2983 benedicunt,
3014 2919 3326 2980 adulantur,
3350 2934 3514 2989 supra

1949 3004 2169 3059 modum
2206 3006 2586 3075 admirantur;
2623 3011 2906 3079 paululum
2939 3025 3071 3066 vero
3105 3011 3272 3065 dilata
3304 3026 3515 3076 mensa,

1952 3094 2310 3164 blasphemiis
2364 3098 2515 3153 velut
2571 3097 2844 3169 lapidibus
2909 3100 3180 3169 impetunt
3228 3113 3323 3154 eos
3378 3113 3517 3167 quos

1950 3184 2112 3254 paulo
2139 3192 2300 3241 antea
2341 3196 2562 3257 pr0pter
2595 3189 2847 3245 ciborum
2872 3190 3204 3260 voluptatem
3238 3189 3513 3243 colebant.

1950 3273 2125 3329 Etiam
2165 3276 2402 3333 habebat
2429 3276 2730 3344 Carmelus,
2767 3282 3017 3338 excelsus
3044 3295 3201 3336 mons
3225 3288 3278 3334 et
3307 3281 3522 3334 inhabi-

1950 3367 2168 3433 tabilis,
2222 3368 2461 3425 solitudo
2513 3371 2876 3428 solitarium:
2920 3389 3109 3428 verum
3169 3373 3350 3426 anima
3402 3381 3520 3428 erat

1947 3455 2100 3525 justo
2131 3456 2312 3511 instar
2341 3459 2608 3525 omnium,
2640 3462 2874 3531 vitaeque
2903 3469 3022 3517 erat
3057 3461 3316 3516 viaticum
3367 3478 3514 3532 spes,

1950 3562 2115 3617 quam
2167 3548 2224 3602 in
2275 3549 2386 3604 Deo
2416 3553 2736 3620 reponebat.
2774 3552 2889 3608 Etsi
2927 3562 3108 3608 autem
3162 3555 3245 3608 sic
3289 3554 3515 3615 viveret,

1953 3637 2096 3694 fame
2127 3645 2309 3693 tamen
2340 3640 2509 3695 vitam
2538 3657 2649 3697 non
2681 3642 2857 3697 ﬁnivit
2887 3662 2900 3697 :
2930 3644 3026 3698 sed
3060 3645 3239 3699 avium
3269 3644 3519 3712 rapacis-

1951 3729 2104 3784 simae
2132 3738 2186 3785 et
2211 3732 2603 3798 voracissima,
2627 3733 2711 3788 hae
2733 3734 2865 3803 ipsae
2894 3734 3190 3789 afferebant
3218 3734 3398 3788 cibum
3428 3746 3521 3790 :et

1946 3821 2098 3893 justo
2149 3831 2308 3878 erant
2356 3825 2538 3881 victus
2580 3826 2847 3882 ministrat
2875 3826 3110 3890 eaedem,
3162 3841 3282 3896 quae
3343 3826 3522 3882 solent

1950 3913 2161 3970 alienos
2192 3915 2347 3972 cibos
2394 3916 2661 3986 diripere,
2695 3933 2758 3972 ac
2787 3925 3149 3974 transmutata
3178 3932 3275 3986 per
3302 3917 3521 3973 Domini

1950 4013 2284 4076 praeceptum
2307 4017 2525 4073 natura,
2557 4009 2717 4079 panis
2746 4023 2809 4062 ac
2832 4009 3080 4063 carnium
3113 4008 3233 4062 ﬁde
3263 4008 3521 4063 custodes

1949 4095 2156 4152 ell'ectae
2209 4105 2361 4153 sunt.
2426 4095 2672 4152 Habebat
2724 4097 2891 4153 etiam
2944 4096 3310 4169 Babylonicus
3368 4099 3522 4155 lacus

1951 4188 2251 4243 Israelitam
2278 4190 2558 4257 juvenem,
2601 4189 2914 4244 calamitate
2944 4189 3163 4260 quidem
3207 4190 3518 4259 captivum,

1951 4279 2136 4334 animo
2160 4294 2288 4334 vero
2316 4294 2381 4334 ac
2410 4280 2721 4334 constantia
2759 4280 3013 4335 liberum.
3040 4279 3183 4346 Quid
3211 4290 3323 4334 tum
3358 4280 3523 4333 inde?

272 4376 434 4447 θερον
455 4376 511 4430 δὲ
534 4375 632 4448 τὴν
664 4376 843 4448 ψυχὴν
873 4377 966 4429 καὶ
1002 4374 1062 4428 τὸ
1088 4375 1366 4445 φρόνημα.
1398 4376 1507 4430 Kal
1534 4375 1587 4429 τί
1616 4375 1685 4430 τά
1717 4378 1843 4446 παρ’

1953 4367 2163 4424 Leones
2194 4368 2414 4439 quidem
2442 4378 2640 4439 praeter
2667 4377 2921 4424 naturam
2947 4369 3302 4440 jejunabant,
3339 4369 3521 4424 Ilaba-

272 4471 515 4536 ὲκεῖνον;
546 4470 610 4523 Οἱ
644 4471 741 4539 μὲν
772 4470 983 4532 λέοντες
1017 4469 1167 4540 παρά
1196 4469 1360 4538 φύσιν
1388 4470 1701 4540 ὲνήστευον,
1736 4471 1765 4520 ὁ
1793 4469 1850 4521 δὲ

271 4564 466 4618 τούτου
505 4564 739 4636 τροφεὺς
778 4563 1081 4618 Ἀϐὁακοῦν
1114 4564 1340 4634 ἐφέρετο
1387 4565 1456 4618 δι’
1479 4564 1660 4635 ἀέρος,
1692 4566 1851 4635 κομί-

273 4654 460 4720 ζοντος
489 4654 583 4707 τοῦ
634 4655 867 4723 ἀγγέλου
905 4655 1041 4726 μετά
1078 4655 1185 4710 τῶν
1213 4655 1358 4725 ὄψων
1400 4656 1491 4708 τὸν
1532 4654 1812 4725 ἄνθρωπον
1834 4672 1847 4685 ο

274 4746 373 4799 καὶ
410 4746 498 4799 ἵνα
565 4744 640 4817 μὴ
672 4745 814 4817 λιμῷ
858 4745 1054 4818 πιεσθῇ
1093 4746 1330 4810 δίκαιος,
1372 4744 1641 4816 τοσαύτης
1680 4747 1849 4816 ὑπερ-

272 4837 475 4910 ηνέχθη
492 4837 598 4907 γῆς
626 4838 718 4892 καί
743 4837 1010 4907 θαλάττης
1036 4840 1064 4891 ό
1080 4839 1365 4909 προφήτης
1392 4839 1449 4889 ὲν
1471 4835 1650 4908 μικρῷ
1677 4838 1848 4907 μορίῳ

275 4929 513 5001 καιροῦ,
568 4932 701 5002 ὅσην
743 4933 807 4984 ὲκ
852 4933 951 5001 τῆς
1011 4930 1269 4993 Ἰουδαίας
1325 4928 1485 5000 μέχρι
1534 4928 1850 4991 Βαϐυλῶνος

276 5019 584 5093 ήπλῶσθαι.
610 5021 675 5073 Τί
704 5020 762 5074 δὲ
793 5020 953 5074 πάλιν
978 5020 1007 5071 6
1036 5020 1134 5090 τῆς
1156 5020 1251 5089 ὲρή
1262 5035 1363 5087 μου
1392 5017 1536 5082 λαὸς,
1559 5011 1619 5070 οὗ
1644 5016 1851 5085 Μωσῆς

276 5111 683 5182 ἐπετρόπευσε-ις
746 5110 862 5173 πῶς
909 5109 1229 5181 ᾠκονομήθη
1282 5109 1373 5161 τὸν
1432 5108 1544 5177 βίον
1601 5110 1658 5160 ὲν
1708 5107 1850 5160 ἔτεσι

275 5201 721 5271 τεσσαράκοντα;
758 5200 871 5253 Οὐκ
910 5197 978 5270 ἧν
1012 5202 1130 5252 ἐκεῖ
1172 5198 1412 5268 σπείρων
1441 5197 1603 5267 ἀνὴρ,
1633 5196 1693 5248 οὐ
1726 5194 1852 5263 βοῦς

276 5291 452 5344 ἕλκων
498 5291 757 5361 ἄροτρον,
803 5290 901 5359 οὐχ
931 5288 1104 5353 ἄλως,
1137 5288 1198 5341 ού
1231 5287 1387 5358 ληνὸς
1408 5326 1423 5351 ,
1455 5286 1516 5338 οὐ
1566 5287 1811 5355 ταμιεῖον
1834 5300 1845 5312 ⁸

354 5448 377 5478 ⁸
421 5444 558 5500 Dan.
606 5461 719 5511 ιιν,
756 5443 941 5499 30-38.

352 5605 429 5675 (I)
462 5602 898 5675 {Ipdﬁpaxéwa
938 5602 1237 5675 Contextus
1269 5596 1415 5675 addit
1440 5593 1689 5675 ίσοιρςῷ.

359 5665 433 5741 Ἐξ)
472 5665 549 5727 Εἰ
588 5665 816 5728 Ιὶοἲηξῖη
852 5665 1043 5744 famem
1073 5680 1122 5726 et
1158 5672 1469 5731 siccitatem,
1513 5665 1602 5720 66.

352 5678 431 5817 ξε)
470 5744 629 5810 una,
661 5744 751 5801 67.

1950 4473 2054 4513 cuc
2095 4474 2226 4514 vero
2275 4457 2422 4514 illius
2450 4459 2593 4515 altor
2636 4461 2915 4515 lerebatur
2958 4475 3055 4530 per
3088 4475 3300 4523 aerem,
3331 4460 3521 4529 angelo

1952 4551 2228 4606 hominem
2263 4566 2369 4606 una
2398 4566 2523 4607 cum
2551 4551 2799 4608 obsoniis
2832 4559 3084 4622 portante
3111 4570 3126 4606 :
3157 4559 3212 4606 et
3246 4567 3315 4605 ne
3336 4551 3521 4619 justus

1950 4641 2095 4697 fame
2137 4650 2501 4714 premeretur,
2534 4650 2746 4697 tantum
2781 4652 2940 4697 terrae
2980 4657 3045 4696 ac
3078 4643 3246 4697 maris
3284 4644 3518 4711 spatium

1950 4735 2102 4790 brevi
2167 4734 2431 4805 temporis
2485 4743 2765 4791 momento
2818 4740 3204 4804 praetervectus
3257 4740 3342 4788 est
3397 4748 3522 4800 pro-

1952 4828 2147 4896 pheta,
2199 4834 2465 4897 quantum
2512 4842 2541 4881 a
2590 4826 2775 4881 Judaea
2828 4826 2897 4879 ad
2964 4824 3289 4895 Babylonem
3347 4840 3521 4895 usque

1951 4919 2264 4975 extenditur
2310 4921 2350 4973 ⁵.
2413 4920 2551 4986 Quid
2612 4934 2809 4973 rursus
2873 4916 3186 4972 solitudinis
3248 4915 3516 4985 populus,

1955 5011 2138 5083 Moyse
2173 5011 2471 5082 praefecto?
2504 5009 2778 5080 quomodo
2813 5009 2916 5062 fuit
2941 5008 2991 5062 ei
3028 5021 3126 5077 per
3162 5005 3520 5075 quadraginta

1953 5117 2130 5157 annos
2187 5102 2536 5171 dispensatus
2585 5100 2804 5154 victus?
2849 5098 2965 5152 Illic
3016 5104 3133 5152 erat
3189 5111 3381 5158 nemo,
3425 5096 3519 5164 qui

1955 5200 2252 5246 sementem
2288 5192 2528 5246 faceret:
2553 5204 2662 5244 non
2695 5189 2814 5252 bos,
2849 5191 2940 5259 qui
2972 5186 3218 5241 traheret
3242 5191 3517 5238 aratrum:

1956 5298 2063 5337 non
2093 5298 2243 5350 area,
2283 5298 2391 5338 non
2425 5283 2688 5348 torcular,
2727 5296 2838 5336 non
2868 5281 3005 5336 cella
3038 5291 3300 5350 penaria;
3346 5285 3399 5330 et
3440 5283 3517 5328 ta.

2027 5593 2105 5663 (ᾧ)
2140 5592 2218 5648 Ex
2251 5594 2410 5663 epist.
2441 5607 2513 5657 οι,
2541 5592 2662 5648 197.

2031 5658 2108 5737 (5)
2146 5664 2224 5717 Ex
2259 5658 2405 5718 h’om.
2438 5665 2490 5717 in
2519 5664 2708 5733 famem
2736 5673 2781 5718 et
2808 5662 3119 5725 siccitatem,
3157 5658 3245 5715 67.
