3874 6224
440 369 578 426 ηελὸ

1275 372 1634 429 APPENDIX.
1669 407 1736 416 —
1771 374 2115 432 SYMEONIS
2154 374 2689 432 METAPIIRASTIE

3502 375 3622 431 1296

430 498 554 537 men
601 482 700 537 sibi
748 484 1065 554 suppetebat
1097 485 1278 540 victus
1308 487 1447 541 citra
1482 486 1777 544 sementem
1799 529 1812 551 ,
1858 489 1987 542 citra

2099 489 2190 541 καὶ
2211 488 2306 559 τὴν
2334 491 2537 560 τροφὴν
2569 486 2715 559 εἶχον
2742 489 2978 561 ἄσπορον
3006 490 3097 542 καὶ
3118 490 3403 560 ἀνήροτον’
3428 490 3516 543 καὶ
3533 490 3624 554 τάς

431 580 728 633 arationem
762 599 773 633 :
808 578 985 634 fontes
1030 580 1265 650 denique
1305 584 1394 650 qui
1428 583 1579 652 prius
1623 599 1731 637 non
1768 583 1989 637 exstite-

426 678 582 734 rant,
632 671 724 725 sed
771 671 825 725 in
858 672 1184 728 necessitate
1226 686 1550 743 eruperant,
1584 684 1737 745 petra
1776 674 1986 729 submi-

428 762 714 817 nistrabat.
740 761 820 817 Tu
851 762 1016 835 igitur
1037 765 1180 821 velut
1208 774 1465 823 strenuus
1484 762 1609 829 Job,
1634 768 1847 837 patiens
1867 775 1988 821 esto

427 853 483 907 in
528 853 870 919 calamitate,
918 862 975 910 et
1022 871 1090 911 ne
1119 859 1383 916 evertaris
1419 873 1449 912 a
1499 866 1838 929 tempestate,
1886 871 1987 912 nec

426 944 720 1014 quidquam
753 959 818 1000 ex
856 946 961 1011 his,
995 962 1131 1016 quas
1157 957 1334 1003 tecum
1369 950 1543 1014 vehis,
1593 950 1811 1005 virtutis
1847 965 1988 1005 mer-

423 1037 579 1091 cibus
608 1036 853 1107 abjicias.
888 1037 1057 1094 Serva
1092 1039 1148 1093 in
1176 1042 1362 1095 animo
1386 1044 1686 1112 gratiarum
1718 1043 1984 1097 actionem

421 1137 681 1196 tanquam
712 1137 990 1183 vecturam
1032 1131 1517 1200 pretiosissimam,
1560 1144 1613 1188 ct
1666 1141 1724 1187 tu
1768 1146 1987 1203 quoque

421 1234 519 1286 pro
555 1219 854 1288 gratiarum
896 1222 1113 1276 actione
1155 1223 1486 1293 voluptatem
1517 1223 1684 1295 duplo
1722 1225 1984 1295 majorem

420 1324 776 1381 consequere.

490 1399 542 1455 4.
585 1401 662 1472 (1)
691 1402 856 1473 Atqui
902 1418 1010 1458 non
1057 1403 1105 1458 is
1132 1404 1220 1459 cui
1251 1406 1559 1461 necessaria
1592 1406 1811 1470 desunt,
1844 1406 1984 1461 tole-

419 1506 550 1546 rans
593 1501 718 1548 est:
764 1494 861 1549 sed
896 1495 964 1560 is,
1014 1497 1105 1565 qui
1144 1498 1286 1551 inter
1318 1497 1582 1552 bonorum
1630 1497 1982 1553 fruendorum

421 1584 633 1653 capiam
689 1584 742 1638 in
799 1586 956 1641 malis
1007 1585 1242 1641 ferendis
1291 1596 1625 1657 perseverat.
1688 1586 1851 1659 55.9
1906 1587 1983 1657 (Ξ)

421 1668 591 1739 Αῖεθι·
621 1670 722 1725 es?
745 1674 1119 1741 aequanimiter
1155 1676 1330 1729 tolera
1353 1716 1368 1741 ,
1411 1676 1668 1747 quoniam
1704 1676 1871 1742 Quem
1905 1676 1986 1730 di-

420 1759 533 1828 ligit
575 1759 829 1815 Dominus
876 1763 1172 1834 castigat‘.
1218 1762 1431 1834 Pauper
1460 1766 1558 1821 es?
1617 1767 1826 1830 laetare.
1854 1766 1982 1837 quia

2096 578 2280 647 πηγὰς
2328 579 2578 649 ἐχορήγει
2627 579 2824 650 πέτρα,
2864 579 2925 631 οὐ
2974 579 3236 649 πρότερον
3282 576 3475 641 οὔσας,
3524 579 3624 634 ἀλλ’

2092 666 2419 737 ἐκραγείσας
2464 667 2557 720 ἐπὶ
2596 668 2696 738 τῆς
2740 667 2949 739 χρείας.
2992 668 3102 720 Καὶ
3145 669 3208 721 οὐ
3237 666 3412 721 τοίνυν
3449 668 3626 737 καρτε-

2095 774 2259 829 ρησον
2289 758 2382 810 ἐπὶ
2407 758 2505 829 τῆς
2533 759 2840 829 συμφορᾶς,
2865 758 2940 822 ὡς
2959 761 2988 812 6
3007 760 3252 828 γενναῖος
3284 757 3424 822 Ἰὼϐ,
3451 758 3540 811 καὶ
3563 758 3628 829 μὴ

2092 852 2455 921 παρατραπῇς
2482 850 2547 902 ἐκ
2583 850 2678 903 τοῦ
2717 849 3004 917 κλύδωνος,
3047 849 3213 920 μηδὲν
3250 848 3522 922 ἀποϐάλῃς
3563 843 3630 903 ὧν

2092 941 2276 1012 φέρεις
2319 940 2616 1011 ἀγωγίμων
2649 942 2747 1013 τῆς
2787 943 3007 1014 ἀρετῆς.
3039 943 3125 1005 Ὡς
3161 940 3453 1012 βαρύτιμον
3495 940 3632 1011 ἐνθή-

2092 1047 2193 1101 κην
2231 1031 2332 1101 τὴν
2365 1031 2716 1101 εὐχαριστίαν
2762 1031 3027 1085 διάσωσον
3071 1031 3165 1085 ἐπὶ
3199 1030 3299 1101 τῆς
3326 1030 3517 1100 ψυχῆς,
3552 1031 3632 1082 καὶ

2090 1118 2234 1189 λήψῃ
2282 1121 2379 1172 καὶ
2427 1120 2492 1172 σὺ
2538 1120 2639 1190 τῆς
2695 1120 2756 1172 εὐ
2794 1121 3016 1174 αοιστία
3091 1120 3158 1175 τὰ
3198 1120 3511 1173 διπλασίονα
3544 1121 3630 1189 τὴν

2090 1211 2299 1282 τρυφήν
2325 1210 2422 1281 (8).

2160 1388 2211 1441 4.
2249 1386 2442 1441 Καίτοι
2489 1387 2588 1456 οὐχ
2617 1389 2646 1439 6
2689 1388 2911 1460 ἀπορῶν
2941 1387 3051 1443 τῶν
3084 1389 3422 1458 ἀναγκαίων,
3454 1409 3632 1463 καρτε.

2094 1480 2268 1551 ρικός·
2319 1479 2433 1534 ἀλλ’
2464 1481 2493 1531 6
2524 1479 2582 1532 ἐν
2614 1472 2847 1550 ἀφθονίᾲ
2874 1481 2974 1551 τῆς
3007 1482 3360 1546 ἀπολαύσεως
3398 1485 3636 1557 ἐγκαρτερ-

2093 1571 2204 1643 ρῶν
2252 1574 2365 1635 τοῖς
2407 1572 2619 1636 δεινοῖς.
2659 1574 2880 1639 Noack;
2918 1574 3166 1645 εὐθύμει,
3194 1577 3277 1629 ὃτι
3314 1577 3424 1630 Ὃν
3456 1573 3636 1644 ἀταπᾷ

2090 1664 2305 1731 Κύριος
2355 1664 2642 1719 παιδεύει.
2674 1666 3014 1737 Πτωχεύεις;
3068 1668 3385 1738 εὐφραίνου,
3433 1669 3511 1722 ὅτι
3539 1670 3635 1723 Λα-

2091 1752 2257 1826 ζάρου
2315 1772 2374 1808 σε
2425 1756 2493 1809 τὰ
2539 1756 2719 1826 ἀγαθά
2770 1756 3090 1822 διαδέξεται.
3135 1759 3405 1831 me:pr
3452 1760 3532 1814 διὰ
3584 1761 3635 1812 τὸ

421 1861 604 1906 manet
645 1860 699 1908 te
733 1854 1012 1909 successio
1038 1864 1092 1911 ct
1120 1856 1411 1913 haereditas
1442 1857 1654 1915 Lazari.
1685 1860 1983 1916 Contume-

2090 1847 2253 1917 ὄνομα
2284 1847 2377 1900 τοῦ
2410 1848 2682 1919 Χριστοῦ;
2734 1848 3003 1921 μακάριος
3041 1843 3111 1912 εἴ,
3144 1850 3225 1903 ὅτι
3269 1867 3367 1903 σου
3407 1852 3441 1920 ἠ
3470 1850 3635 1920 αἰσχύ-

418 1941 522 1997 lias
572 1945 775 2013 pateris
820 1955 1043 2015 propter
1095 1963 1292 2004 nomen
1344 1949 1595 2006 Christi?
1644 1951 1837 2007 beatus
1887 1967 1983 2019 es,

418 2032 677 2101 quoniam
723 2035 818 2089 tibi
868 2036 973 2090 ista
1021 2037 1272 2094 confusio
1304 2038 1539 2109 angelici
1568 2042 1830 2096 consortii
1867 2041 1986 2111 glo-

418 2124 555 2177 riam
589 2131 766 2194 parat.
802 2126 879 2196 (5)
925 2125 1128 2183 Servus
1156 2128 1262 2183 es?
1298 2128 1438 2184 habe
1472 2129 1639 2185 etiam
1670 2146 1736 2187 eo
1767 2131 1988 2186 nomine

417 2214 672 2283 gratiam,
699 2223 785 2271 est
832 2217 1031 2287 aliquis
1059 2225 1112 2273 te
1153 2218 1448 2288 dejectior;
1482 2219 1691 2289 gratias
1719 2218 1984 2289 repende,

417 2306 563 2375 quod
590 2308 684 2362 uni
719 2317 965 2378 praestes,
995 2311 1143 2380 quod
1179 2325 1291 2365 non
1324 2311 1404 2366 sis
1441 2310 1698 2366 addictus
1731 2310 1987 2380 pistrino,

418 2396 565 2466 quod
614 2398 803 2468 plagas
855 2414 966 2453 non
1017 2400 1281 2471 accipias.
1334 2398 1551 2455 Nemini
1602 2400 1792 2470 procul
1822 2400 1989 2456 dubio

418 2490 619 2542 desunt
654 2490 863 2559 gratias
909 2490 1105 2562 agendi
1153 2491 1496 2548 occasiones.
1535 2489 1703 2547 Fuste
1733 2492 1989 2561 plecteris

418 2577 729 2632 immerito?
769 2580 944 2649 gaude
988 2596 1085 2651 spe
1130 2580 1463 2637 futurorum.
1520 2580 1651 2638 Jure
1696 2580 1989 2636 damnatus

417 2667 520 2723 es?
563 2668 645 2723 sic
694 2671 859 2724 etiam
906 2680 1089 2742 grates
1129 2686 1249 2743 age.
1290 2673 1370 2744 (4)
1406 2672 1473 2727 Et
1517 2673 1777 2744 quoniam
1834 2676 1991 2730 bona)

418 2774 637 2830 quoque
665 2762 973 2830 priscorum
1008 2764 1292 2819 hominum
1318 2767 1564 2821 actiones
1592 2773 1688 2820 aut
1712 2768 1990 2822 memoriae

418 2853 769 2910 successione
816 2855 883 2910 ad
930 2871 1030 2912 nos
1081 2872 1255 2929 usque
1304 2867 1734 2924 conservantur,
1784 2870 1879 2914 aut
1932 2860 1987 2915 in

417 2952 701 3013 poetarum
730 2955 823 3000 aut
852 2948 1237 3004 historicorum
1268 2952 1640 3010 monumentis
1669 2952 1991 3008 custodiun-

418 3041 528 3099 tur,
563 3050 633 3091 ne
666 3037 878 3093 utilitas
909 3038 1128 3108 quidem
1158 3056 1279 3111 quae
1306 3041 1436 3096 hinc
1469 3043 1624 3099 nasci
1655 3052 1855 3114 potest,
1888 3043 1990 3099 de-

419 3126 491 3181 sit
516 3127 696 3183 nobis.
732 3127 893 3183 Verbi
923 3132 1132 3201 gratia,
1167 3132 1332 3187 homo
1368 3133 1592 3203 quidam
1627 3135 1991 3191 circumfora-

2088 1956 2151 2011 νη
2183 1941 2264 2002 εἰς
2304 1937 2463 2004 δόξαν
2512 1940 2746 2009 ἀγγέλου
2797 1940 3282 2013 μεταϐληθήσεται.
3318 1942 3539 2012 Οἰκέτης
3564 1936 3632 2007 εἷ;

2087 2031 2398 2102 εὐχαρίστει
2447 2032 2542 2085 καὶ
2575 2033 2767 2098 οὕτως,
2814 2033 2961 2103 ἔχεις
3010 2033 3102 2086 τὸν
3142 2034 3373 2087 σεαυτοῦ
3413 2033 3633 2088 ταπεινύ·

2086 2137 2276 2191 τερον⁸
2324 2122 2637 2193 εὐχαρίστει
2661 2125 2744 2177 ὅτι
2777 2125 2895 2188 ἐνὸς
2935 2126 3244 2197 ὑπερέχεις,
3283 2126 3368 2178 ὃτι
3400 2125 3471 2196 μὴ
3497 2128 3549 2178 ἐν
3568 2126 3633 2196 τῷ

2091 2211 2294 2281 μυλῶνι
2336 2214 2769 2277 καταδεδίκασαι,
2813 2216 2893 2269 ὅτι
2953 2215 3029 2286 μὴ
3077 2215 3295 2287 πληγὰς
3345 2216 3630 2288 λαμϐάνεις.

2089 2305 2291 2359 Οὐδένα
2343 2307 2715 2377 ἐπιλείψουσιν
2754 2309 2811 2362 αἱ
2866 2309 2959 2363 τοῦ
3005 2310 3354 2380 εὐχαριστεῖν
3396 2310 3632 2381 ἀφορμαί.

2088 2395 2241 2468 Ξύλῳ
2288 2398 2489 2463 ἀδίκως
2538 2399 2777 2472 κολάζῃ;
2835 2403 2902 2472 τῇ
2958 2400 3069 2454 τῶν
3128 2401 3435 2471 μελλόντων
3484 2399 3635 2453 ἐλπίδι

2088 2491 2266 2559 χαῖρε.
2325 2491 2559 2554 Δικαίως
2604 2491 3031 2563 κατεδικάσθης;
3068 2492 3163 2546 καὶ
3214 2492 3393 2556 οὕτως
3439 2492 3633 2562 εὐχαρί-

2090 2595 2226 2632 στει.
2265 2580 2416 2633 Ἐπεὶ
2456 2581 2511 2634 δὲ
2555 2582 2649 2635 καὶ
2681 2581 2906 2653 πράξεις
2951 2583 3235 2636 σπουδαῖαι
3277 2585 3387 2636 τῶν
3417 2582 3633 2635 παλαιιῖιν

2088 2670 2297 2742 ἀνδρῶν
2323 2711 2337 2735 ,
2394 2672 2426 2742 ἦ
2480 2674 2699 2745 μνήμης
2748 2674 3035 2747 ἀκολουθίᾳ
3092 2676 3231 2748 πρὸς
3273 2676 3423 2746 ἡμᾶς
3466 2672 3635 2728 διασώ-

2090 2761 2354 2832 ζονται,ἢ
2401 2765 2696 2836 ποιητῶνῆ
2742 2767 3098 2837 συγγραφέων
3133 2766 3523 2837 φυλαττόμεναι
3562 2765 3634 2817 λό-

2089 2867 2244 2919 γοις,
2289 2851 2423 2922 μηδὲ
2477 2853 2575 2923 τῆς
2615 2853 2864 2907 ἐντεῦθεν
2905 2854 3169 2924 ὠφελείας
3212 2856 3629 2926 ἀπολειπώμεθα.

2089 2936 2247 3006 Οἷον,
2294 2943 2547 3015 ἐλοιδόρει
2605 2944 2694 2998 τὸν
2746 2947 3012 3017 Περικλέα
3056 2946 3166 3000 τῶν
3224 2950 3286 3016 ἐξ
3332 2951 3528 3021 ἀγορᾶς
3564 2966 3632 3011 τις

2088 3035 2420 3108 ἀνθρώπων·
2455 3040 2484 3091 6
2510 3037 2567 3091 δὲ
2598 3039 2658 3091 οὐ
2703 3042 2987 3110 προσεῖχε·
3032 3042 3127 3094 καὶ
3164 3042 3248 3104 εἰς
3288 3044 3467 3096 πᾶσαν
3507 3043 3632 3113 διήρ-

2090 3143 2219 3180 κεσε
2242 3128 2343 3198 τὴν
2372 3128 2605 3199 ἡμέραν,
2639 3131 2668 3182 6
2697 3129 2795 3200 μὲν
2826 3130 3061 3199 ἀφειδῶς
3093 3130 3313 3185 πλύνων
3351 3134 3508 3187 αὐτὸν
3540 3135 3632 3195 τοῖς

419 3231 555 3271 neus
584 3217 848 3274 conviciis
881 3219 1145 3277 Periclem
1187 3225 1645 3291 consectabatur;
1674 3225 1764 3281 hic
1804 3234 1985 3282 autem

2090 3221 2370 3287 ὀνείδεσιν,
2415 3223 2444 3275 6
2477 3221 2533 3276 δὲ
2565 3223 2627 3276 οὐ
2685 3223 2861 3294 μέλων
2903 3226 3053 3296 αὐτῷ
3088 3224 3185 3298 (9).
3222 3222 3384 3292 Εἶτα,
3425 3225 3631 3297 ἑσπέρας

418 3324 528 3364 non
562 3310 912 3379 attendebat;
946 3322 1000 3368 et
1046 3312 1137 3369 die
1180 3322 1297 3370 tota
1342 3317 1585 3386 perstitit
1613 3324 1865 3388 uterque,
1897 3318 1989 3374 ille

418 3401 641 3474 quidem
676 3405 964 3473 permultis
991 3406 1208 3477 probris
1236 3409 1540 3476 incessens,
1593 3410 1684 3466 hic
1726 3426 1856 3466 vero
1891 3426 1988 3466 ne-

417 3509 695 3565 quaquam
729 3511 950 3553 curans.
999 3498 1207 3555 Deinde
1231 3516 1458 3571 vespere
1487 3502 1605 3571 jam
1636 3502 1805 3568 facto,
1836 3510 1989 3559 tene-

420 3586 649 3656 brisque
696 3585 908 3642 obortis
954 3588 1047 3642 vix
1091 3588 1461 3645 discedentem
1518 3590 1757 3648 Pericles
1810 3590 1986 3647 facem

420 3674 717 3746 praeferens
740 3678 988 3743 deduxit,
1016 3694 1084 3735 ne
1099 3680 1206 3736 sibi
1230 3680 1506 3739 desineret
1530 3686 1850 3741 exercitatio
1866 3685 1988 3755 phi-

422 3770 703 3840 losophiae.
758 3770 836 3842 (5)
899 3768 1154 3838 Rursus,
1217 3788 1340 3829 cum
1401 3783 1709 3845 percuteret
1766 3775 1986 3848 quidam

420 3862 779 3931 Sophronisci
804 3863 974 3919 filium
1007 3863 1312 3934 Socratem,
1346 3868 1401 3922 in
1428 3869 1599 3939 ipsam
1625 3869 1818 3924 faciem
1839 3868 1988 3925 facto

422 3954 624 4024 saepius
675 3954 882 4025 impetu
913 3973 926 4009 :
961 3954 1050 4010 hic
1104 3965 1289 4011 autem
1328 3956 1466 4012 nihil
1510 3958 1853 4029 repugnavit,
1891 3960 1986 4014 sed

422 4049 554 4103 sivit
588 4048 868 4103 ebriosum
909 4048 1062 4103 illum
1114 4049 1247 4103 iram
1297 4064 1454 4106 suam
1498 4051 1774 4106 exsatiare
1812 4051 1892 4105 sic
1926 4058 1987 4105 ut

423 4142 812 4195 intumesceret
846 4145 958 4211 jam
1000 4141 1123 4211 ejus
1150 4142 1332 4197 vultus
1366 4156 1478 4212 pra:
1508 4142 1701 4213 plagis,
1736 4152 1988 4213 essetque

422 4233 699 4288 saniosus.
746 4230 850 4287 Ubi
882 4241 1062 4288 autem
1095 4233 1186 4289 ille
1229 4248 1259 4287 a
1309 4233 1625 4290 verberibus
1664 4235 1984 4300 destitisset,

425 4324 680 4381 Socrates
714 4325 934 4395 quidem
963 4324 1103 4379 nihil
1147 4325 1294 4380 aliud
1334 4324 1534 4382 fecisse
1559 4325 1783 4392 dicitur,
1823 4342 1986 4399 quam

424 4415 587 4471 fronti
645 4432 760 4473 suae
803 4417 963 4488 quasi
1024 4425 1218 4473 statum
1270 4418 1622 4489 inscripsisse
1672 4430 1984 4484 auctorem,

2088 3314 2191 3386 ἤδη
2239 3315 2334 3370 καὶ
2368 3314 2593 3378 σκότους
2646 3315 3118 3387 ἀπαλλαττόμενον
3159 3317 3342 3388 μόλις,
3379 3318 3480 3371 ὐπὸ
3517 3316 3632 3386 φωτὶ

2089 3406 2420 3478 παρέπεμψε
2463 3405 2754 3478 Περικλῆς,
2795 3407 2943 3471 ὅπως
2990 3407 3139 3479 αὐτῷ
3176 3408 3252 3479 μὴ
3281 3408 3542 3479 διαφθαρῇ
3582 3405 3632 3459 τὺ

2090 3496 2228 3567 πρὸς
2281 3496 2600 3567 φιλοσοφίαν
2628 3497 2949 3568 γυμνάσιον.
2980 3498 3148 3552 Πάλιν
3202 3498 3409 3552 ἔτυπτέ
3451 3516 3526 3560 τις
3557 3498 3630 3550 τὸν

2089 3587 2471 3658 Σωφρονίσκου
2507 3589 2804 3661 Σωκράτην
2835 3592 2914 3653 είς
2962 3589 3094 3643 αὐτὸ
3119 3589 3180 3643 τὸ
3220 3591 3509 3661 πρόσωπον
3547 3592 3629 3659 ἐμ-

2089 3677 2271 3731 πεσὼν
2309 3679 2543 3749 ἀφειδῶς
2564 3699 2576 3710 ·
2601 3683 2629 3735 6
2654 3682 2711 3735 δὲ
2740 3684 2840 3735 οὐκ
2868 3683 3118 3753 ἀντῆρεν,
3159 3682 3302 3737 ἀλλὰ
3332 3686 3546 3756 παρεῖχε
3566 3680 3628 3750 τῷ

2089 3769 2439 3843 παροινοῦντι
2471 3773 2569 3843 τῆς
2621 3774 2792 3845 ὀργῆς
2834 3774 3210 3846 ἐμφορεῖσθαι,
3247 3774 3394 3829 ὥστε
3442 3774 3627 3840 ὲξοιδείν

2087 3864 2186 3935 ἤδη
2218 3865 2313 3918 καὶ
2339 3864 2569 3920 ὓπουλον
2593 3865 2742 3937 αὐτῴ
2762 3866 2823 3920 τὸ
2855 3868 3142 3941 πρόσωπον
3172 3868 3279 3922 ὐπὸ
3307 3869 3417 3922 τῶν
3437 3865 3627 3935 πληγῶν

2088 3949 2248 4010 εἶναι.
2295 3956 2382 4020 Ὠς
2405 3957 2451 4010 δ’
2492 3952 2585 4011 οὖν
2623 3957 2900 4011 ἐπαύσατο
2925 3959 3160 4022 τύπτων,
3194 3959 3329 4014 ἄλλο
3376 3958 3471 4030 μὲν
3503 3955 3626 4010 οὐδὲν

2087 4049 2115 4100 6
2141 4047 2438 4122 Σωκράτης
2470 4050 2718 4121 ποιῆσαι,
2755 4050 3058 4121 ἐπιγράψαι
3088 4051 3147 4106 δὲ
3178 4051 3257 4122 τῷ
3304 4051 3529 4124 μετώπῳ
3552 4047 3622 4100 λέ-

2088 4156 2281 4207 γεται,
2323 4139 2512 4212 ὥσπερ
2555 4141 2827 4213 ἀνδριάντι
2870 4142 2961 4195 τὸν
3001 4142 3372 4215 δημιουργόνο
3410 4144 3464 4197 '0
3505 4140 3623 4194 δεῖνα

2087 4231 2291 4284 ἐποίει·
2324 4234 2421 4285 καὶ
2446 4232 2699 4287 τοσοῦτον
2729 4233 3057 4305 ἀμύνασθαι.
3098 4234 3365 4307 Εὐκλείδῃ
3397 4236 3450 4289 δέ
3472 4250 3544 4296 τις
3562 4228 3622 4299 τῷ

2087 4322 2407 4393 Μεγαρόθεν
2438 4322 2812 4392 παροξυνθεὶς,
2871 4325 3099 4381 θάνατον
3126 4326 3390 4396 ἠπείλησε
3419 4324 3505 4378 καὶ
3543 4324 3620 4374 ἐπ-

2085 4412 2427 4485 ώμοσεν-ὁδε
2456 4412 2845 4489 ἀντώμοσεν,ἦ
2876 4417 2981 4488 μὴν
3013 4415 3339 4471 ίλεὼσασθαι
3351 4415 3457 4488 (10)
3471 4412 3619 4473 αὐτὸν,

422 4508 572 4564 Talis
620 4508 892 4575 faciebat;
949 4524 1117 4579 seque
1169 4508 1275 4564 hoc
1330 4510 1495 4565 modo
1539 4510 1869 4568 vindicasse.
1909 4510 1984 4584 (6)

2091 4508 2184 4560 καὶ
2212 4508 2442 4563 παύσειν
2470 4509 2721 4580 χαλεπῶς
2748 4511 2884 4581 πρὸς
2916 4510 3079 4565 αὐτὸν
3125 4510 3341 4581 ἔχοντα.
3374 4510 3444 4562 Τὸ
3465 4509 3515 4561 δὲ
3545 4502 3619 4558 τοῦ

420 4600 652 4667 Quidam
696 4614 826 4655 vero
856 4598 1069 4655 Euclidi
1108 4599 1409 4671 Megarensi
1442 4600 1638 4665 iratus,
1673 4610 1902 4656 mortem
1936 4602 1987 4657 ei

430 4694 715 4750 minitatus
742 4700 861 4757 est,
895 4708 959 4747 ac
984 4693 1191 4763 juravit
1221 4711 1234 4746 :
1270 4693 1359 4747 hic
1394 4692 1637 4748 vicissim
1676 4692 1883 4762 juravit
1909 4691 1990 4746 fa-

429 4792 646 4839 cturum
689 4784 901 4854 utique,
935 4791 993 4838 ut
1037 4784 1082 4838 is
1111 4784 1445 4854 placaretur,
1478 4797 1543 4836 ac
1586 4782 1693 4837 sibi
1739 4782 1989 4838 infensus

421 4892 547 4931 esse
576 4876 871 4933 desineret.
908 4874 985 4947 (7)
1016 4874 1158 4941 Quin
1191 4880 1248 4929 et
1277 4875 1412 4929 illud
1440 4875 1645 4939 Cliniae,
1673 4875 1766 4945 qui
1797 4890 1937 4929 unus
1958 4889 1993 4929 e‘

424 4965 1063 5039 Pythagorteldiscipulis
1091 4972 1209 5031 est,
1255 4964 1344 5018 vix
1375 4964 1701 5020 crediderim
1735 4980 1859 5020 cum
1891 4979 1990 5019 no-

428 5061 560 5115 stris
611 5059 881 5115 institutis
923 5055 1154 5111 fortuito
1202 5056 1548 5119 consentire,
1586 5070 1695 5117 non
1737 5055 1988 5111 consulto

424 5166 487 5206 ea
538 5151 761 5207 imitari.
802 5146 1011 5218 Ecquid
1055 5153 1238 5201 autem
1289 5154 1428 5211 erat,
1477 5146 1624 5216 quod
1675 5145 1805 5201 fecit
1857 5143 1989 5199 ille?

496 5303 516 5333 ⁸
547 5299 711 5356 Hebr.
743 5315 840 5365 xu,
866 5298 920 5353 6.

496 5454 570 5524 (1)
608 5450 688 5524 Ex
718 5452 868 5524 hom.
898 5451 951 5524 in
988 5448 1350 5524 quadraginta
1364 5457 1659 5524 martyres,
1686 5447 1806 5504 154.

494 5519 570 5659 (2)
609 5522 687 5576 Ex
717 5521 866 5576 hom.
891 5521 948 5575 in
978 5520 1116 5589 μιαί.
1148 5534 1259 5581 th,
1290 5519 1412 5574 192.

517 5595 571 5659 5)
610 5592 685 5645 Ex
719 5592 864 5645 hom.
891 5594 945 5644 in
970 5599 1128 5643 mart.
1157 5588 1405 5643 Juliltam

517 5588 571 5659 5)
610 5592 685 5645 Ex
719 5592 864 5645 hom.
891 5594 945 5644 in
970 5588 1128 5643 inart.
1157 5588 1427 5656 Juliltam,
1462 5589 1550 5643 59.

705 5676 890 5742 senm;
908 5660 980 5714 De
1008 5659 1233 5731 legendis
1258 5660 1406 5715 libris
1438 5658 1734 5731 gentilium,
1758 5659 1880 5714 178.

496 5728 587 5799 (5)¹
612 5729 765 5795 lbid.,
791 5728 911 5784 179.

497 5802 572 5874 (6)
612 5800 766 5864 una,
792 5797 892 5851 17s

2089 4596 2341 4651 Κλεινίου
2361 4638 2376 4660 ,
2410 4601 2519 4651 τῶν
2551 4600 2868 4672 Πυθαγόρου
2898 4602 3189 4673 γνωρίμων
3238 4601 3380 4665 ἐνὸς,
3422 4596 3619 4671 χαλεπὸν

2088 4689 2377 4744 πιστεῦσαι
2404 4690 2513 4744 ἀπὸ
2539 4691 2877 4762 ταυτομάτου
2905 4691 3178 4762 συμϐῆναι
3206 4694 3321 4756 τοῖς
3350 4690 3616 4764 ἡμετέροις,

2086 4781 2203 4834 ἀλλ’
2233 4782 2352 4852 οὐχὶ
2380 4784 2761 4855 μιμησαμένου
2793 4783 3017 4853 σπουδῇ.
3054 4783 3118 4835 Τί
3146 4782 3204 4837 δὲ
3233 4778 3304 4854 ἦν
3341 4783 3369 4836 ὃ
3404 4781 3616 4850 ἐπτοίησεν

2089 4872 2331 4936 ἐκεῖνος;
2396 4874 2542 4938 Ἐξὺν
2598 4874 2664 4927 δι’
2710 4875 2874 4946 ὅρκου
2922 4873 3088 4946 τριῶν
3133 4873 3411 4928 ταλάντων
3451 4869 3616 4941 ζημίαν

2087 4960 2408 5029 ἀποφυγεῖν,
2434 4965 2462 5014 6
2493 4961 2549 5015 δὲ
2579 4962 2805 5016 ἀπέτισε
2837 4962 3036 5033 μᾶλλον
3059 4963 3094 5033 ἢ
3126 4962 3329 5033 ῶμοσε,
3359 4963 3451 5016 καὶ
3476 4956 3617 5014 ταῦτα

2083 5053 2325 5124 εὐορκεῖν
2369 5054 2575 5125 μέλλων
2600 5073 2613 5088 ·
2642 5057 2899 5125 ἀκούσας,
2941 5060 3062 5129 ἐμοὶ
3107 5058 3303 5118 δοκεῖν,
3350 5054 3440 5108 τοῦ
3476 5064 3614 5122 apod-

2081 5144 2362 5213 τάγματος
2412 5144 2508 5198 τοῦ
2551 5147 2643 5200 τὸν
2679 5148 2840 5220 ὅρκον
2875 5151 3008 5219 ἡμῖν
3059 5147 3502 5219 ἀπαγορεύοντος.
3530 5138 3613 5195 Καὶ

2182 5448 2236 5506 7)
2276 5447 2436 5515 Ibid.,
2469 5450 2591 5506 179.

2719 5520 2808 5575 Sic
2836 5519 3039 5592 Regius
3068 5521 3260 5577 codex.
3282 5516 3606 5575 Contextuset

2087 5589 2229 5669 editi.
2254 5590 2350 5669 τῆς
2372 5591 2597 5669 «euec-

2161 5659 2455 5731 (9)ΗΑ“ῠτῷ.
2489 5660 2648 5715 Forte
2674 5660 2860 5731 αὐτοῦ.
2904 5659 3055 5718 Enn.

2166 5729 2278 5801 (10)
2318 5730 2711 5788 Ἰλεώσασθαι.
2743 5729 2902 5804 Lege,
2936 5731 3270 5787 ίλεὼσεσθαι.
3307 5731 3378 5790 lu.

3788 3916 3789 3961 ι

3785 4014 3787 4067 4

3784 4104 3785 4173 l

3781 4198 3783 4279 ί

3779 4294 3781 4385 ί

3778 4396 3779 4460 ί
