3874 6224
284 365 420 422 12θῖ

1266 365 1499 422 SERMO
1565 368 1779 424 XlV.—
1818 367 1907 422 DE
1947 364 2233 422 FUTURO
2269 363 2544 421 JUDICIO.

3387 366 3526 423 1998

280 481 430 532 τουτὶ
466 475 562 547 μὲν
590 474 651 528 τὸ
677 473 772 528 τοῦ
800 475 1074 543 Κλεινίου,
1112 477 1338 548 ἀδελφὸν
1381 481 1576 552 ἐκείνῳ
1604 481 1682 552 τῷ
1711 499 1854 552 παρ-

1963 476 2326 547 lurejurando
2359 491 2485 531 cum
2517 478 2566 529 et
2603 473 2797 528 liceret
2835 472 3166 528 talentorum
3199 471 3360 527 trium
3391 473 3528 528 εσυ-

280 569 618 640 αγγέλματι⁸
658 573 719 626 τὸ
742 573 801 626 δὲ
827 571 922 625 τοῦ
973 572 1263 626 Εὐκλείδου
1281 612 1296 635 ,
1328 571 1406 643 τῷ
1436 575 1549 637 τοῖς
1569 573 1852 626 διώκουσιν

282 661 538 733 εὔχεσθαι
565 663 636 718 τὰ
665 663 869 733 ἀγαθὰ,
900 664 1037 719 ἀλλά
1061 665 1136 736 μὴ
1174 663 1484 735 ἐπαρᾶσθαι
1504 681 1517 695 ·
1554 663 1639 728 ὡς.
1670 665 1765 733 ὅγε
1796 665 1853 717 ἐν

281 753 493 817 τούτοις
518 755 958 826 προπαιδευθεὶς,
992 757 1091 809 οὐκ
1117 756 1198 809 ἔτι
1224 755 1291 809 ἂν
1335 756 1567 819 ἐκείνοις
1604 757 1680 820 ὼς
1724 755 1853 809 ἀδυ-

281 845 464 910 νάτοις
483 845 907 918 διαπιστήσειεν.
939 848 1119 901 Ἔστω
1153 864 1235 901 σοι
1266 847 1448 902 τοίνυν
1479 849 1513 917 ή
1538 847 1724 919 ἐντολὴ
1758 846 1853 901 τοῦ

282 934 419 989 Θεοῦ
450 936 716 1001 σύνοικος,
745 931 856 990 οἷόν
884 955 937 991 τι
983 936 1099 1007 φῶς
1124 938 1219 991 καὶ
1259 936 1537 1005 διαύγειαν
1581 936 1720 1008 πρὸς
1756 936 1855 1006 τὴν

285 1030 390 1084 τῶν
418 1030 760 1103 πραγμάτων
787 1030 1058 1102 διάκρισιν
1078 1028 1436 1091 ἀδιαλείπτως
1466 1028 1815 1099 παρεχομένη
1837 1044 1850 1058 ’

280 1124 406 1194 ἥτις
434 1122 714 1195 πόρρωθεν
739 1124 837 1192 τὴν
872 1124 972 1193 τῆς
1000 1122 1178 1194 ψυχῆς
1230 1140 1325 1176 σου
1371 1121 1691 1175 ἐπιστασίαν
1719 1137 1854 1192 προ-

283 1212 635 1285 κατασχοῦσα
656 1254 671 1279 ,
712 1213 936 1279 καὶτὰς
986 1213 1207 1285 ἀληθεῖς
1251 1213 1381 1285 περὶ
1421 1212 1651 1265 ἑκάστου
1700 1211 1856 1276 δόξας

284 1303 824 1377 προευτρεπίζουσα,
869 1305 963 1358 ὑπ’
991 1304 1203 1368 οὐδενὸς
1234 1304 1384 1358 ἐάσει
1427 1320 1485 1357 σε
1535 1302 1643 1356 τῶν
1683 1319 1855 1375 προσ-

281 1395 591 1449 πιπτόντων
615 1394 971 1465 ἀλλοιωθῆναι
989 1409 1005 1424 ’
1035 1393 1173 1447 ἀλλά
1195 1391 1761 1464 προσευτρεπισμένον
1786 1394 1853 1463 τῇ

279 1484 492 1556 διανοίᾳ
516 1527 532 1551 ,
566 1486 754 1557 ὥσπερ
808 1486 931 1539 τινὰ
986 1484 1248 1539 σκόπελον
1280 1482 1557 1553 θαλάσσης
1602 1481 1851 1551 γείτονα,

280 1578 541 1649 ἀσφαλῶς
569 1579 663 1633 καί
682 1578 948 1642 ἀσείστως
976 1577 1087 1631 τῶν
1109 1593 1169 1630 τε
1204 1576 1390 1647 βιαίων
1413 1575 1736 1647 πνευμάτων
1765 1575 1856 1628 καὶ

281 1669 544 1740 κυμάτων
573 1668 649 1740 (Ι)
688 1668 788 1733 τὰς
833 1667 1140 1740 προσϐολάς
1189 1666 1501 1738 ὑπομένειν,
1535 1667 1593 1719 ἐν
1633 1663 1856 1736 Χριστῷ

1954 585 2081 641 gere
2126 569 2384 632 multam,
2420 568 2634 623 solvere
2684 565 2879 621 maluit
2905 581 3068 635 quam
3115 565 3338 636 jurare,
3366 565 3529 638 idque

1954 675 2083 716 cum
2120 676 2233 716 non
2270 667 2418 717 esset
2447 659 2588 716 falso
2606 659 2921 729 juraturus,
2942 668 3269 728 praeceptum
3295 673 3404 729 quo
3430 674 3528 712 no-

1954 754 2039 810 bis
2073 753 2465 824 jusjurandum
2500 752 2869 816 interdicitur,
2898 762 2959 807 ut
2984 752 3115 807 mihi
3141 751 3375 816 videtur,
3397 752 3528 808 edo-

1955 854 2099 900 ctus.
2125 848 2302 916 Atque
2325 846 2430 900 hoc
2454 845 2650 901 Cliniae
2676 844 2904 910 factum,
2928 844 3004 899 illi
3033 852 3300 914 praecepto
3322 860 3529 914 germa-

1955 952 2086 992 num
2139 945 2260 1003 est;
2315 936 2564 993 Euclidis
2616 952 2746 991 vero
2790 938 2839 991 ei
2884 935 3030 1007 quod
3074 937 3527 1007 persequentibus

1955 1027 2093 1085 bene
2142 1031 2354 1099 precari
2400 1029 2587 1099 jubet,
2620 1030 2762 1083 mala
2792 1043 2923 1084 vero
2966 1042 3307 1098 nequaquam
3342 1047 3356 1084 :
3391 1030 3528 1084 adeo

1956 1123 2017 1171 ut
2046 1117 2141 1188 qui
2182 1118 2269 1174 his
2295 1118 2408 1189 jam
2445 1129 2603 1174 antea
2652 1118 2814 1173 fuerit
2843 1117 3117 1181 imbutus,
3150 1133 3259 1173 non
3294 1118 3527 1187 amplius

1955 1208 2181 1270 nostris,
2210 1214 2272 1262 ut
2320 1207 2770 1277 impossibilibus,
2806 1205 2962 1262 fidem
3028 1207 3268 1278 deroget.
3324 1205 3526 1262 Contu-

1955 1298 2179 1354 bernale
2229 1299 2403 1371 igitur
2461 1314 2678 1369 semper
2724 1299 2822 1354 tibi
2870 1298 2967 1354 Dei
3020 1298 3333 1353 mandatum
3385 1309 3526 1365 esto,

1957 1397 2277 1461 perpetuam
2309 1391 2408 1445 tibi
2452 1391 2595 1446 dans
2629 1392 2829 1455 lucem,
2860 1399 2914 1445 et
2941 1391 3108 1446 veluti
3134 1389 3307 1447 facem
3335 1390 3529 1461 prafe-

1955 1497 2119 1550 rens,
2171 1482 2555 1538 discernendis
2590 1480 3070 1553 dijudicandisque
3111 1483 3276 1539 rebus
3318 1501 3332 1538 :
3380 1482 3527 1553 quod

1955 1572 2176 1643 quidem
2200 1573 2421 1629 eminus
2438 1573 2604 1628 animi
2629 1574 2708 1628 tui
2727 1573 3089 1644 principatum
3110 1588 3526 1645 prmoccupans,

1957 1681 2225 1736 verasque
2273 1666 2342 1721 de
2386 1666 2624 1737 singulis
2681 1664 2972 1736 Opiniones
3026 1665 3180 1736 prius
3224 1665 3528 1721 informans

294 1759 468 1832 Ἰησοῦ
500 1760 579 1831 τῷ
611 1760 802 1831 Κυρίῳ
847 1759 1024 1831 ἡμῶν,
1059 1753 1106 1827 ᾧ
1136 1760 1171 1830 ὴ
1214 1757 1340 1826 δόξα
1364 1760 1443 1821 εἰς
1486 1758 1613 1821 τοὺς
1654 1755 1854 1819 αἰῶνας

1963 1766 2124 1828 atque
2145 1772 2464 1828 praeparans
2487 1800 2503 1822 ,
2549 1757 2713 1812 nullis
2756 1765 2808 1813 te
2846 1757 3065 1811 casibus
3106 1756 3331 1812 alienari
3364 1765 3531 1828 atque

280 1851 392 1905 τῶν
415 1851 647 1905 αἰώνων.
691 1851 884 1921 Ἀμήν.

1887 1827 1929 1880 Β
1955 1827 2234 1902 immuta-ri
2265 1827 2545 1917 permittet
2576 1866 2589 1900 :
2628 1847 2724 1902 sed
2775 1854 2887 1903 tota
2935 1848 3135 1902 mentis
3179 1848 3297 1903 acie
3328 1827 3530 1918 prmiu-

281 1950 573 2007 structum,
602 1942 768 1997 veluti
798 1937 1086 2012 quemdam
1109 1939 1352 1994 vicinum
1379 1938 1518 1992 mari
1544 1937 1852 2008 scopulum,
1898 1940 2120 2010 rapidos
2150 1941 2515 1996 violentorum
2538 1946 2823 1995 ventorum
2845 1950 2900 1995 et
2964 1939 3229 1995 [luctuum
3292 1941 3529 2012 impetus

280 2041 403 2088 tuto
425 2045 589 2105 atque
620 2033 976 2089 immobiliter
1001 2031 1280 2088 sustinere
1310 2041 1363 2086 te
1390 2030 1576 2094 faciet,
1607 2030 1664 2084 in
1694 2028 1915 2086 Christo
1960 2030 2091 2088 Iesu
2135 2031 2369 2087 Domino
2433 2038 2647 2095 nostro,
2690 2030 2781 2086 cui
2824 2031 2998 2103 gloria
3062 2033 3119 2085 in
3168 2033 3366 2087 saecula
3430 2048 3531 2087 sae-

282 2127 552 2182 culorum.
589 2126 782 2181 Amen.

527 2241 709 2294 ΠΕΡΙ
764 2240 1207 2295 ΜΕΛΛΟΥΣΗΣ
1262 2236 1597 2291 ΚΡΙΣΕΩΣ.

882 2347 1100 2402 ΛΟΓΟΣ
1160 2347 1256 2400 ῙΔ’.

357 2463 405 2519 ι.
438 2462 606 2515 Ὅταν
642 2461 841 2535 μέλλῃς
868 2460 959 2514 ἐπί
995 2477 1117 2514 τινα
1149 2461 1324 2533 ὀρμᾷν
1357 2459 1652 2530 ἁμαρτίαν,
1679 2457 1851 2529 ἐννόη-

284 2553 377 2607 σόν
428 2569 518 2622 μοι
571 2553 746 2605 ἐκεῖνο
792 2550 854 2604 τὸ
891 2551 1115 2622 φρικτὸν
1146 2552 1240 2605 καὶ
1272 2550 1592 2604 ἀνύποιστον
1616 2547 1707 2602 τοῦ
1734 2550 1861 2619 Χρι-

285 2643 412 2698 στοῦ
444 2644 815 2715 δικαστήριον,
845 2644 904 2697 ἐν
931 2638 975 2713 ᾧ
998 2643 1397 2714 προκαθέζεται
1426 2644 1526 2714 μὲν
1548 2642 1640 2695 ἐπὶ
1664 2642 1855 2713 θρόνου

281 2735 428 2800 τινὸς
456 2735 662 2806 ὑψηλοῦ
696 2736 787 2790 καὶ
814 2736 1125 2808 ἐπηρμένου
1156 2738 1185 2790 6
1217 2735 1429 2807 κριτὴς,
1461 2735 1777 2806 παρέστηκε
1800 2733 1857 2787 δέ

283 2825 437 2877 πᾶσα
477 2825 511 2894 ή
554 2824 733 2886 κτίσις
779 2824 1165 2895 ὑποτρέμουσα
1207 2824 1303 2895 τὴν
1336 2823 1656 2893 ἐπιφάνειαν
1692 2821 1856 2876 αὐτοῦ

282 2916 382 2988 τὴν
413 2914 639 2980 ἔνδοξον.
696 2915 1045 2988 Παράγεσθαι
1074 2916 1133 2969 δὲ
1174 2914 1441 2987 μέλλομεν
1485 2914 1607 2968 καθ’
1646 2914 1741 2967 ἐνα
1777 2914 1858 2976 εἰς

284 3009 531 3076 ἐξέτασιν
567 3008 678 3062 τῶν
713 3009 1060 3080 βεϐιωμένων
1098 3011 1248 3085 ήμῖν.
1294 3005 1428 3063 Εἶτα
1456 3006 1535 3078 τῷ
1567 3006 1735 3060 πολλά
1757 3023 1857 3059 πο-

284 3100 428 3172 νηρά
460 3101 782 3172 πεποιηκότι
821 3101 959 3154 κατὰ
1001 3101 1096 3155 τὸν
1148 3100 1281 3171 βίον,
1325 3099 1544 3170 φοϐεροί
1582 3115 1727 3162 τινες
1766 3098 1859 3151 καὶ

2241 2226 2404 2298 550
2440 2224 2541 2280 DE
2580 2224 2875 2283 FUTURO
2908 2226 3235 2286 JUDICIO.

2566 2337 2799 2394 SERMO
2827 2337 2968 2394 XIV.

2033 2458 2082 2496 ι.
2120 2444 2198 2513 (5)
2225 2442 2365 2498 Cum
2414 2444 2479 2498 ad
2512 2445 2733 2515 aliquod
2775 2457 3060 2516 peccatum
3099 2452 3303 2522 impelli
3361 2461 3415 2509 te
3453 2456 3532 2510 vi-

1960 2532 2142 2599 deris,
2202 2533 2540 2589 horrendum
2596 2535 2729 2591 illud
2798 2545 2853 2592 et
2918 2538 3261 2598 intolerabile
3326 2542 3531 2600 Christi

1961 2623 2222 2689 tribunal,
2258 2639 2471 2695 quaeso,
2509 2627 2687 2697 cogita
2725 2646 2738 2681 :
2773 2628 2828 2682 in
2869 2645 2979 2699 quo
3018 2632 3269 2701 praesidet
3310 2635 3530 2706 quidem

1958 2715 2126 2785 judex
2175 2717 2230 2770 in
2288 2717 2400 2799 alte
2453 2719 2691 2788 quodam
2724 2727 2779 2775 et
2826 2721 3044 2777 sublimi
3088 2724 3306 2794 throno,
3352 2730 3531 2785 omnis

1964 2822 2093 2862 vero
2124 2815 2374 2863 creatura
2411 2810 2484 2865 ob
2516 2811 2815 2880 gloriosum
2853 2814 2972 2884 ejus
3005 2829 3355 2888 conspectum
3401 2836 3533 2877 con-

1961 2897 2283 2955 tremiscens
2321 2908 2461 2955 astat
2496 2920 2512 2969 ;
2582 2902 2693 2957 imo
2724 2919 2858 2959 vero
2907 2907 3147 2963 futurum
3196 2920 3281 2966 est
3326 2921 3384 2967 ut
3421 2914 3537 2968 sin-

1964 2989 2075 3059 guli
2133 2990 2492 3057 adducamur,
2558 3010 2745 3051 eorum
2798 3014 2921 3068 quae
2977 3000 3033 3054 in
3089 3003 3202 3056 vita
3259 3005 3533 3075 egerimus

1964 3097 2195 3138 examen
2238 3084 2494 3141 subituri.
2550 3086 2756 3145 Deinde
2803 3091 2855 3145 ei
2906 3091 3000 3162 qui
3038 3095 3210 3149 multa
3252 3097 3393 3150 mala
3438 3113 3536 3168 per

287 3193 550 3262 κατηφεῖς
582 3190 943 3261 παρίστανται
976 3190 1215 3259 ἄγγελοι,
1261 3189 1372 3261 πῦρ
1410 3189 1720 3260 βλέποντες,
1751 3187 1859 3258 πῦρ

1966 3173 2131 3228 vitam
2172 3178 2587 3246 perpetraverit,
2630 3180 2924 3237 horribiles
2975 3183 3196 3253 quidam
3234 3202 3299 3241 ac
3332 3188 3534 3245 morosi

285 3281 664 3345 ἀναπνέοντες,
711 3281 802 3334 διὰ
852 3282 953 3353 τὴν
996 3282 1259 3353 πονηρίαν
1314 3282 1415 3349 τῆς
1469 3280 1858 3354 προαιρέσεως

285 3371 441 3425 νυκτί
473 3372 710 3436 ἐοικότες
734 3372 803 3426 τὰ
837 3373 1125 3442 πρόσωπα,
1156 3372 1245 3426 διὰ
1269 3372 1331 3426 τὸ
1356 3375 1598 3445 κατηφὲς
1623 3374 1717 3427 καί
1748 3389 1864 3444 μισ-

285 3462 593 3535 άνθρωπον.
626 3460 759 3516 Εἶτα
796 3462 1068 3535 βάραθρον
1124 3462 1282 3534 βαθὺ,
1313 3464 1408 3516 καὶ
1454 3462 1642 3526 σκότος
1684 3461 1862 3527 ἀδιεξ-

287 3554 528 3618 όδευτον,
548 3554 643 3608 καὶ
670 3553 782 3624 πῦρ
807 3553 1059 3624 ἀλαμπὲς
1087 3556 1145 3607 ὲν
1171 3552 1247 3625 τῷ
1266 3553 1467 3618 σκότει,
1484 3554 1583 3623 τὴν
1610 3554 1708 3623 μὲν
1731 3570 1865 3606 καυ-

288 3644 479 3716 στικὴν
523 3645 752 3716 δύναμιν
797 3644 940 3715 ἕχον,
974 3645 1036 3698 τὸ
1063 3645 1120 3696 δὲ
1164 3643 1280 3713 φῶς
1318 3643 1688 3715 ἀφῃρημένον.
1732 3638 1863 3696 Εἶτα

288 3737 585 3809 σκωλήκων
614 3755 664 3789 τι
700 3736 855 3804 γένος
889 3736 1108 3790 ἰοϐόλων
1138 3736 1232 3789 καὶ
1266 3736 1649 3807 σαρκοφάγων,
1685 3734 1861 3807 ἀπλή-

285 3846 430 3893 στως
457 3828 635 3882 ἐσθίον
670 3830 764 3882 καὶ
800 3828 1070 3900 μηδέποτε
1107 3827 1520 3899 κορεννύμενον,
1559 3827 1864 3898 ἀφορήτους

283 3922 478 3984 ὀδύνας
526 3921 789 3992 ἐμποιοῦν
834 3924 901 3992 τῇ
950 3918 1316 3991 καταϐρώσειο
1368 3914 1488 3973 εἶτα
1527 3920 1625 3989 τὴν
1674 3917 1864 3972 πασῶν

285 4011 678 4082 χαλεπωτάτην
727 4011 967 4077 κόλασιν,
1015 4010 1107 4062 τίιν
1150 4009 1450 4080 ὀνειδισμὸν
1494 4009 1720 4073 ἐκεῖνον,
1770 4008 1864 4062 καὶ

284 4102 385 4170 τὴν
419 4102 681 4174 αἰσχύνην
708 4103 806 4174 τὴν
835 4102 1072 4156 αἰώνιον.
1103 4101 1319 4155 Τούτων
1349 4100 1427 4173 τῷ
1453 4099 1602 4171 φόϐῳ
1628 4099 1702 4172 (2)
1737 4117 1864 4153 παι-

285 4194 723 4265 δαγωγούμενος,
764 4195 928 4247 οἱονεὶ
953 4191 1157 4265 χαλινῷ
1184 4210 1290 4246 τινι
1320 4192 1595 4247 ἀνάκοπτε
1629 4193 1727 4263 τὴν
1762 4192 1865 4260 ψυ-

287 4287 390 4358 χὴν
422 4289 531 4341 ἀπὸ
556 4288 656 4358 τῆς
694 4288 833 4360 πρὸς
873 4289 942 4342 τά
976 4287 1155 4357 φαῦλα
1183 4286 1496 4358 ἐπιθυμίας.
1531 4288 1591 4341 '0
1627 4287 1737 4366 γάρ
1764 4286 1863 4357 τὴν

284 4381 499 4451 ἡμέραν
534 4381 747 4453 ἐκείνην
784 4381 879 4435 καὶ
918 4381 1017 4453 τήν
1054 4380 1203 4453 ὥραν
1244 4382 1350 4453 πρὸ
1392 4380 1682 4453 ὀφθαλμῶν
1721 4379 1865 4433 τιθέ-

290 4488 471 4541 μενος,
501 4471 619 4525 καθ’
646 4472 715 4542 ἢν
744 4473 892 4525 πάσα
923 4474 957 4543 ή
993 4472 1168 4535 κτίσις
1205 4471 1594 4543 περιστήσεται
1624 4468 1714 4522 τὸν
1744 4484 1862 4538 κρι-

1967 3267 2144 3336 angeli
2170 3268 2438 3336 assident,
2477 3270 2655 3342 ignem
2684 3288 2752 3328 ex
2781 3274 2958 3330 Oculis
2987 3276 3321 3343 emittentes,
3356 3280 3534 3349 ignem

1967 3359 2260 3428 spirantes,
2300 3361 2437 3417 adeo
2477 3365 2715 3432 perversi
2750 3366 2934 3421 animo
2977 3366 3291 3439 iudicioque
3342 3369 3537 3441 depra-

1965 3450 2073 3505 vati
2111 3459 2238 3505 sunt
2274 3470 2286 3506 :
2332 3455 2480 3508 nocti
2516 3456 2672 3511 vultu
2719 3457 2950 3526 similes,
2978 3459 3048 3513 ob
3076 3459 3234 3517 faciei
3272 3463 3536 3518 tetricita-

1967 3548 2072 3595 tem
2120 3551 2174 3596 et
2216 3542 2495 3597 hominum
2547 3544 2697 3601 odio.
2741 3548 2936 3603 Postea
2989 3550 3172 3606 animo
3219 3552 3316 3607 tibi
3357 3553 3536 3625 fingas

1964 3631 2283 3687 barathrum
2333 3635 2705 3704 profundum,
2758 3639 3018 3695 tenebras
3071 3641 3534 3711 impenetrabiles,

1965 3722 2143 3792 ignem
2187 3726 2497 3796 splendoris
2529 3735 2830 3797 expertem,
2865 3730 2975 3784 vim
3002 3732 3219 3801 quidem
3250 3737 3442 3790 urendi
3478 3737 3535 3792 in

1964 3813 2209 3868 tenebris
2230 3812 2544 3881 habentem,
2578 3815 2675 3871 sed
2719 3818 2840 3873 luce
2880 3819 3198 3876 destitutum
3239 3838 3252 3874 :
3304 3825 3536 3882 subinde

1964 3905 2233 3959 vermium
2263 3906 2538 3975 quoddam
2587 3922 2759 3978 genus
2800 3918 3127 3965 venenatum
3171 3927 3236 3967 ac
3278 3916 3535 3973 carnivo-

1964 4010 2109 4062 rum,
2143 3995 2315 4052 edens
2339 3998 2748 4065 insatiabiliter,
2779 4015 2881 4056 nec
2905 4016 3148 4071 unquam
3180 4002 3532 4073 exsatiatum,

1965 4088 2339 4146 intolerabiles
2383 4090 2602 4147 dolores
2644 4093 2920 4149 morsibus
2960 4092 3228 4153 inducens
3271 4114 3285 4151 :
3330 4105 3537 4168 postre-

1968 4192 2058 4232 mo
2106 4180 2438 4250 supplicium
2504 4182 2752 4236 omnium
2801 4184 3211 4254 gravissimum,
3268 4189 3533 4258 probrum

1964 4271 2098 4327 illud
2142 4278 2197 4326 et
2238 4272 2472 4328 dedecus
2498 4273 2911 4343 sempiternum.
2961 4275 3167 4332 Horum
3224 4289 3370 4334 metu
3426 4279 3529 4335 du-

1965 4374 2118 4429 ctus,
2155 4365 2310 4434 quasi
2335 4364 2490 4420 freno
2522 4365 2757 4435 quodam
2794 4382 2823 4421 a
2866 4367 3047 4436 pravis
3075 4370 3537 4441 concupiscentiis

1964 4464 2112 4510 tuam
2166 4457 2363 4513 cohibe
2403 4458 2662 4512 animam.
2711 4458 2788 4529 (4)
2841 4460 2946 4526 Qui
2996 4463 3140 4516 enim
3185 4463 3329 4518 diem
3388 4464 3537 4519 illam

286 4563 406 4633 τὴν,
429 4562 527 4625 τὰς
552 4561 784 4626 εὐθύνας
812 4561 919 4616 τῶν
951 4561 1354 4633 πεπραγμένων
1386 4558 1734 4623 ἀποδιδοῦσα,
1767 4558 1859 4611 καὶ

1967 4557 2130 4618 atque
2172 4547 2359 4602 horam
2402 4557 2530 4603 ante
2571 4550 2761 4606 oculos
2808 4553 3042 4620 positam
3089 4553 3272 4617 habet,
3326 4554 3380 4608 in
3427 4570 3536 4623 qua

287 4655 375 4707 ἀεὶ
410 4654 647 4725 μελετῶν
687 4654 786 4725 τὴν
825 4654 920 4708 ἐπὶ
962 4653 1058 4707 τοῦ
1106 4652 1542 4726 ἀπαραλογίστου
1580 4650 1861 4722 κριτηρίου

289 4745 603 4813 ἀπολογίανο
638 4747 667 4798 ὀ
691 4745 931 4809 τοιοῦτος
964 4744 997 4814 ἢ
1032 4744 1182 4798 οὐδὲν
1210 4741 1510 4807 παντελῶς,
1544 4742 1577 4813 ἦ
1609 4741 1865 4811 ἐλάχιστα

289 4834 688 4904 ἀμαρτήσεταν
727 4832 860 4887 διότι
896 4834 958 4887 τὸ
1000 4833 1331 4905 ἁμαρτάνειν
1360 4834 1491 4903 ἡμῖν
1526 4831 1666 4885 κατὰ
1697 4833 1866 4885 ἀπου-

291 4924 412 4976 σίαν
438 4922 531 4976 τοῦ
562 4919 726 4992 φόϐου
763 4923 859 4977 τοῦ
885 4924 1017 4977 Θεοῦ
1052 4925 1282 4994 γίνεται.
1322 4918 1416 4987 Οἷς
1444 4924 1501 4976 δέ
1531 4922 1596 4976 ἂν
1631 4922 1867 4994 ἐναργὴς

290 5016 441 5086 παρῇ
479 5014 587 5068 τῶν
615 5016 1019 5088 ἀπειλουμένων
1047 5019 1081 5087 ή
1110 5016 1424 5088 προσδοκία,
1454 5016 1642 5068 οὐδένα
1674 5015 1862 5085 καιρὸν

289 5103 452 5159 δώσει
489 5109 602 5171 τοῖς
628 5106 888 5173 τοιούτοις
911 5110 940 5161 6
969 5107 1214 5171 σύνοικος
1246 5107 1406 5177 φόϐος
1437 5109 1514 5171 εἰς
1537 5107 1864 5178 ἀϐουλήτους

292 5196 519 5268 πράξεις
545 5198 578 5269 ἢ
609 5198 934 5270 ἐνθυμήσεις
962 5201 1233 5253 ἐκπεσεῖν.

366 5548 573 5617 (1),Καί
606 5548 901 5616 κυμάτων.
932 5548 1054 5602 Ιῐςυο
1067 5549 1471 5617 desumpsimus
1485 5567 1549 5605 ex
1567 5550 1752 5605 codice
1768 5551 1864 5608 Re-

292 5618 405 5689 gio.
435 5616 603 5672 Totus
631 5618 715 5671 hic
744 5624 892 5674 locus
916 5620 1052 5691 ἔστω
1094 5637 1185 5691 σοι
1200 5616 1377 5691 τοίνυν
1405 5636 1575 5691 usque
1608 5621 1674 5675 ad
1703 5622 1860 5677 linem

296 5704 404 5741 non
440 5698 685 5755 repertus
718 5691 769 5741 in
802 5690 1057 5757 operibus
1087 5691 1143 5742 S.
1175 5690 1377 5742 Basilii.

369 5758 446 5827 (ἓ)
487 5760 712 5811 Τούτων
762 5758 840 5826 τῷ
887 5760 1065 5828 φόϐῳ.
1113 5760 1201 5813 Sic
1252 5757 1452 5829 Regius
1498 5759 1686 5815 codex.
1725 5760 1864 5816 Editi

1965 4647 2217 4695 creatura
2245 4641 2426 4696 omnis
2461 4640 2737 4696 actionum
2780 4659 3003 4698 suarum
3041 4645 3305 4699 rationem
3354 4645 3538 4699 reddi-

1965 4740 2088 4785 tura
2119 4732 2361 4799 judicem
2402 4733 2810 4801 circumstabit,
2857 4750 3180 4807 semperque
3236 4751 3391 4791 suam
3438 4752 3537 4807 pro

1967 4822 2060 4876 illo
2106 4823 2388 4886 tribunali,
2440 4824 2587 4895 quod
2638 4824 2817 4894 decipi
2877 4824 3104 4894 nequit,
3164 4822 3535 4879 defensionem

1968 4912 2281 4977 meditatur,
2316 4915 2363 4971 is
2386 4925 2480 4969 aut
2510 4915 2645 4970 nihil
2676 4924 2770 4969 aut
2805 4915 3029 4971 omnino
3054 4915 3327 4970 levissima
3351 4929 3537 4985 pecca-

1970 5005 2079 5069 bit,
2135 5006 2261 5075 quia
2324 5021 2553 5076 peccare
2610 5007 2770 5063 nobis
2824 5007 2896 5061 ob
2948 5007 3252 5067 absentiam
3320 5005 3532 5062 timoris

1970 5094 2065 5151 Dei
2126 5097 2412 5169 contingit.
2468 5097 2678 5164 Quibus
2731 5105 2914 5152 autem
2961 5099 3107 5153 clare
3157 5097 3538 5153 observabitur

1972 5188 2306 5245 intentarum
2337 5189 2610 5245 minarum
2645 5191 2999 5262 exspectatio,
3034 5190 3118 5245 his
3145 5189 3354 5244 nullum
3394 5195 3532 5242 tem-

1972 5296 2076 5351 pus
2104 5281 2257 5336 dabit
2306 5281 2506 5339 insitus
2538 5283 2702 5338 timor
2750 5283 3146 5339 involuntarias
3176 5282 3414 5337 actiones
3443 5290 3537 5337 aut

1974 5374 2332 5446 cogitationes
2360 5375 2657 5433 incidendi.

1967 5554 2140 5609 ταῦτα
2178 5558 2292 5619 καί,
2326 5566 2434 5613 etc.
2462 5555 2762 5611 Contextus
2801 5553 2975 5625 ταῦτα
3004 5550 3187 5622 φοϐοῦ·
3214 5556 3305 5607 καὶ
3341 5554 3531 5625 τούτῳ.

2040 5628 2115 5696 (5)
2154 5629 2228 5682 Ex
2258 5628 2404 5682 hom.
2442 5628 2499 5680 in
2520 5628 2655 5697 psal.
2687 5642 2877 5689 xxxiii,
2918 5624 3038 5678 151.

2039 5698 2113 5769 (ι)
2151 5697 2227 5751 Ex
2264 5699 2422 5768 epist.
2461 5714 2677 5761 CLxxiv,
2708 5697 2832 5752 262.
