3874 6224
364 361 502 415 1299

1276 361 1619 419 APPENDIX
1661 386 1740 406 -—
1763 364 2108 422 SYMEONIS
2142 365 2675 423 ME'I'APHRASTE

3458 358 3598 416 1300

429 478 483 532 2.
515 478 591 551 (1)
626 477 844 534 Strenui
873 479 1072 535 etenim
1103 478 1201 536 Dei
1234 483 1469 548 athletae,
1505 485 1598 554 qui
1629 498 1752 538 cum
1787 486 1928 540 invi-

2098 489 2153 544 ‘2.
2184 487 2293 542 Καὶ
2322 487 2431 558 γὰρ
2457 489 2549 541 καὶ
2575 488 2623 540 οἱ
2656 485 2890 554 γενναῖοι
2912 482 3003 536 τοῦ
3032 479 3170 536 Θεοῦ
3204 479 3455 551 ἀθληταὶ,
3481 481 3602 532 ἱκα-

340 569 613 629 ,sibilibus
662 570 900 626 inimicis
953 586 1047 641 per
1099 587 1315 627 omnem
1359 589 1516 628 suam
1567 575 1731 629 vitam
1774 576 1930 632 valde

362 662 641 717 colluctati
685 672 834 729 sunt,
881 671 1170 735 postquam
1212 679 1403 720 eorum
1450 682 1642 722 omnes
1694 669 1929 723 insecta-

366 754 544 809 tiones
587 753 903 826 ell‘ugerint,
948 770 1116 826 prope
1154 756 1280 810 vita:
1329 759 1490 812 linem
1529 759 1852 822 constituti,
1902 775 1931 813 a

366 842 554 898 saeculi
616 845 863 915 principe
921 845 1329 912 examinantur,
1391 855 1451 902 ut
1496 848 1542 902 si
1591 849 1932 919 reperiantur

367 942 461 987 aut
497 935 717 990 vulnera
753 952 818 992 ex
848 940 1262 1003 certaminibus,
1290 949 1385 994 aut
1418 940 1632 1011 aliquas
1667 941 1930 1007 maculas,

365 1032 460 1078 aut
503 1028 713 1095 peccati
748 1029 978 1100 vestigia
1022 1030 1339 1096 retinuisse,
1387 1033 1737 1089 detineantur
1783 1052 1798 1088 :
1845 1035 1931 1089 sin

366 1126 545 1170 autem
625 1118 974 1175 inveniantur
1032 1123 1361 1178 invulnerati
1410 1135 1462 1180 et
1507 1126 1836 1191 intemerati,
1901 1141 1930 1179 a

364 1204 586 1260 Christo
613 1215 875 1279 tanquam
904 1212 1091 1267 invicti
1124 1222 1179 1268 et
1207 1215 1363 1269 liberi
1390 1215 1444 1270 in
1476 1218 1717 1286 requiem
1751 1226 1934 1273 trans—

364 1294 627 1352 ferantur.
659 1298 727 1353 Et
762 1301 874 1357 haec
919 1304 1038 1373 ipso
1084 1303 1314 1360 Domino
1348 1306 1560 1363 discere
1585 1316 1762 1377 potes,
1786 1308 1931 1362 circa

366 1402 479 1442 sua:
540 1392 817 1459 passionis
879 1403 1093 1465 tempus
1147 1396 1363 1451 dicente
1418 1416 1431 1451 :
1482 1395 1640 1451 Nunc
1695 1399 1930 1467 princeps

366 1479 523 1551 hui“!
577 1486 762 1538 mundi
816 1489 974 1551 venit,
1036 1498 1084 1543 et
1130 1476 1191 1542 in
1240 1505 1322 1543 me
1372 1505 1475 1542 non
1522 1488 1729 1543 habebit
1780 1488 1933 1558 quid—

363 1588 522 1641 quam
566 1575 609 1629 ’.
655 1575 945 1635 Enimvero
984 1580 1079 1650 qui
1118 1591 1401 1651 peccatum
1461 1596 1571 1637 non
1614 1582 1929 1646 admiserat,

367 1664 503 1719 nihil
542 1666 690 1722 illum
722 1670 777 1724 in
807 1686 867 1726 se
902 1672 1100 1727 habere
1129 1674 1344 1728 dicebat
1375 1691 1389 1729 :
1432 1673 1571 1729 satis
1614 1680 1794 1727 autem
1824 1672 1935 1728 fue-

366 1757 439 1811 rit
470 1758 700 1826 homini,
737 1763 785 1817 si
810 1763 1007 1819 audeat
1036 1765 1220 1821 dicere
1245 1786 1258 1820 :
1279 1765 1437 1821 Venit
1467 1767 1718 1836 princeps
1747 1766 1932 1821 mundi

2032 579 2138 643 νῶς
2186 576 2338 650 παρά
2392 578 2567 631 πάντα
2615 576 2708 629 τὸν
2762 573 2873 645 βίον
2920 572 3128 626 ἑαυτῶν
3187 573 3301 634 τοίς
3354 569 3604 641 ἀοράτοις

2032 668 2243 740 ἐχθροῖς
2296 666 2839 740 προσπαλαίσαντες,
2905 663 3122 717 ἐπειδὰν
3189 661 3372 723 πάσας
3425 657 3605 712 αὐτῶν

2033 758 2386 827 ὐπεκφύγωσι
2430 756 2530 819 τὰς
2572 754 2802 820 διώξεις,
2854 753 2989 825 πρὸς
3034 751 3113 823 τῷ
3152 750 3297 804 τέλει
3340 746 3437 801 τοῦ
3490 747 3602 817 βίου

2031 849 2331 920 γενόμενοι,
2367 847 2695 920 ἐρευνῶνται
2723 845 2828 899 ὑπὸ
2852 844 2946 898 τοῦ
2972 844 3233 915 ἄρχοντος
3254 840 3352 894 τοῦ
3386 839 3603 901 αἰῶνος,

2034 943 2121 996 ἶνα
2156 942 2221 996 ἂν
2257 942 2354 1013 μὲν
2398 939 2695 1011 εὑρεθῶσιν
2743 939 2955 1009 ἔχοντες
3002 938 3294 1009 τραύματα
3341 934 3452 989 ἀπὸ
3496 933 3605 985 τῶν

2034 1034 2446 1105 παλαισμάτων,
2469 1034 2503 1103 ἢ
2531 1032 2752 1095 σπίλους
2772 1030 2923 1094 τινάς
2945 1031 3039 1083 καὶ
3062 1030 3263 1091 τύπους
3292 1026 3390 1096 τῆς
3421 1027 3603 1094 ἁμαρ-

2031 1127 2174 1190 τίας.
2223 1123 2649 1196 κατασχεθῶσιν·
2697 1124 2791 1177 ὲάν
2836 1123 2892 1176 δὲ
2931 1121 3161 1193 ἀτρωτοι
3201 1116 3470 1190 εὐρεθῶσι
3510 1115 3608 1167 καὶ

2033 1219 2271 1284 ἄσπιλοι,
2303 1219 2377 1287 ὡς
2405 1219 2702 1289 ἀκράτητοι
2729 1216 2900 1279 ὄντες,
2936 1215 3010 1278 ὼς
3039 1211 3315 1283 ἐλεύθεροι
3338 1209 3446 1262 ὑπὸ
3471 1209 3605 1277 Χρι-

2035 1311 2161 1364 στοῦ
2195 1309 2597 1364 ἀναπαύωνται.
2632 1308 2743 1362 Καὶ
2784 1306 2955 1360 ταῦτα
2996 1304 3186 1377 μάθοις
3230 1301 3295 1357 ἂν
3336 1299 3398 1365 ἐξ
3440 1298 3605 1352 αὑτοῦ

2031 1402 2126 1457 τοῦ
2161 1402 2363 1472 Κυρίου
2410 1401 2656 1468 λέγοντος
2700 1399 2828 1470 περὶ
2865 1397 2956 1451 τὸν
3002 1395 3194 1467 καιρὸν
3233 1395 3327 1447 τοῦ
3373 1390 3603 1448 πάθως’

2032 1495 2163 1550 Νῦν
2185 1497 2219 1549 d
2244 1493 2442 1563 ἄρχων
2472 1492 2576 1546 τοῦ
2604 1493 2836 1560 κόσμου
2875 1490 3089 1543 τούτου
3126 1488 3380 1556 ἔρχεται,
3410 1483 3511 1536 καὶ
3537 1482 3609 1534 ἐν

2032 1585 2162 1656 ἐμοὶ
2216 1584 2338 1650 ἕξει
2388 1583 2587 1637 οὐδέν.
2636 1582 2774 1635 Ἀλλ’
2825 1584 2853 1635 ὁ
2903 1582 3001 1651 μὲν
3054 1578 3129 1650 μὴ
3160 1577 3393 1647 ποιήσας
3418 1574 3606 1643 ἀμαρ-

2032 1679 2180 1743 τίαν,
2223 1677 2405 1745 ἔλεγεν
2462 1675 2606 1746 ἔχειν
2660 1672 2843 1727 οὐδέν·
2896 1668 3168 1742 ἀνθρώπῳ
3219 1667 3278 1721 δὲ
3309 1665 3604 1736 αὔταρκες,

2035 1772 2129 1826 ὲάν
2179 1769 2423 1842 τολμήσῃ
2487 1770 2693 1833 εἰπεῖν,
2758 1766 2837 1820 ὃτι
2900 1765 3157 1835 Ἔρχεται
3202 1762 3229 1813 ὁ
3269 1761 3455 1830 ἄρχων
3508 1756 3605 1809 τοῦ

368 1846 552 1914 hujus,
578 1858 632 1904 et
669 1850 723 1904 in
753 1867 839 1906 me
871 1851 1093 1907 habebit
1124 1870 1293 1924 pauca
1322 1863 1377 1910 et
1405 1871 1588 1923 parva.
1616 1856 1692 1927 (2)
1722 1853 1934 1926 Cogita,

2041 1861 2242 1931 κόσμου
2284 1860 2495 1923 τούτου,
2543 1859 2638 1913 καὶ
2674 1859 2732 1910 ὲν
2767 1856 2889 1927 ἐμοὶ
2928 1853 3039 1919 ἕξει
3079 1852 3237 1920 ὀλίγα
3284 1850 3379 1903 καὶ
3408 1848 3601 1919 μικρά.

365 1956 573 2008 quaeso,
611 1942 885 1999 horrenda
922 1945 1011 1998 illa
1056 1949 1221 2015 mala,
1264 1962 1384 2017 quae
1425 1962 1454 2000 a
1495 1946 1606 2003 Deo
1645 1945 1934 2017 puniendis

367 2031 681 2104 inlligentur
744 2052 757 2087 :
823 2038 1083 2092 nimirum
1152 2054 1276 2095 cum
1346 2038 1696 2094 oll‘undentur
1759 2039 1934 2094 stellis

369 2125 625 2192 tenebras,
671 2127 997 2199 deﬁcietque
1044 2131 1133 2184 lux
1190 2132 1346 2195 solis,
1384 2146 1484 2187 nec
1527 2132 1650 2185 luna
1702 2130 1934 2201 amplius

367 2216 768 2283 illustrabitur,
824 2236 986 2284 cum,
1054 2221 1375 2278 fulminibus
1449 2223 1931 2293 percurrentibus,

366 2308 641 2364 horrendo
677 2325 803 2365 cum
842 2312 1056 2382 fragore
1098 2321 1258 2368 ruent
1303 2315 1585 2369 tonitrua“
1620 2334 1636 2376 ;
1672 2331 1796 2369 cum
1841 2330 1935 2370 aer

365 2399 534 2469 capiti
585 2401 880 2458 imminens
939 2404 1348 2471 obscurabitur,
1404 2406 1478 2459 ita
1538 2416 1594 2461 ut
1651 2406 1933 2461 cruciatus

364 2503 555 2544 eorum
590 2492 685 2561 qui
733 2493 827 2546 irae
862 2492 1066 2549 fuerint
1105 2495 1312 2561 traditi,
1354 2495 1505 2550 nulla
1548 2510 1617 2550 ex
1649 2504 1803 2566 parte
1844 2512 1934 2552 so-

368 2580 557 2635 latium
590 2590 684 2635 aut
721 2582 968 2639 levamen
998 2584 1271 2640 admittat.
1312 2585 1572 2641 Creatura
1611 2586 1778 2650 enim,
1803 2602 1936 2641 con-

366 2671 563 2725 ditoris
590 2670 749 2742 551
794 2673 1121 2729 administra
1152 2676 1196 2741 ⁸,
1238 2676 1587 2731 vehementer
1621 2676 1689 2730 ad
1717 2676 1935 2745 iniquos

366 2762 689 2830 plectendos
720 2777 1079 2837 exasperatur
1119 2786 1135 2823 :
1174 2769 1457 2839 mitigatur
1489 2785 1619 2824 vero
1640 2775 1695 2823 et
1718 2769 1932 2823 demul-

366 2860 523 2909 cctur
580 2853 649 2908 ad
688 2871 782 2911 eos
823 2858 917 2927 qui
953 2874 1105 2913 suam
1150 2858 1206 2913 in
1232 2860 1351 2930 ipso
1384 2860 1633 2915 ﬁduciam
1678 2874 1935 2929 reposue-

366 2948 514 3010 rint,
559 2947 870 3006 alliciendos
910 2950 1196 3008 beneﬁcio.
1227 2953 1293 3008 Et
1333 2953 1789 3024 quemadmodum
1830 2951 1931 3008 Su-

365 3055 462 3107 per
489 3056 593 3093 uno
635 3050 905 3109 peccatore
946 3044 1302 3111 paenitentiam
1346 3056 1526 3115 agente
1565 3045 1816 3116 gaudium
1857 3053 1934 3099 est

366 3131 421 3181 in
454 3130 601 3184 catis
641 3131 686 3162 ¹⁰
730 3148 743 3184 :
786 3132 861 3185 ita
895 3147 1117 3203 quoque
1159 3134 1460 3204 indignatio
1501 3142 1554 3190 et
1603 3136 1825 3190 tristitia
1851 3143 1935 3190 est

367 3234 536 3289 super
588 3220 678 3283 iis,
731 3222 826 3291 qui
882 3238 979 3293 per
1048 3234 1332 3294 peccatum
1381 3240 1413 3279 a
1465 3224 1760 3279 Conditore
1801 3225 1935 3279 deii-

366 3308 544 3365 ciunt.
576 3312 653 3381 (ὅ)
688 3311 826 3365 Tum
868 3312 1011 3383 ignis
1046 3314 1139 3383 qui
1164 3314 1385 3369 diabolo
1411 3321 1465 3369 et
1499 3315 1705 3385 angelis
1728 3315 1848 3383 ejus
1878 3315 1934 3368 in

368 3402 698 3470 supplicium
728 3411 953 3474 paratus
987 3412 1092 3470 est,
1130 3420 1261 3461 voce
1301 3404 1518 3461 Domini
1552 3406 1933 3471 interciditur;

372 3507 431 3550 ut
461 3513 585 3551 cum
623 3496 746 3551 dua:
788 3497 898 3552 sint
950 3497 1006 3552 in
1052 3499 1177 3569 igne
1214 3496 1537 3562 facultates,
1565 3514 1795 3568 quarum
1827 3513 1934 3552 una

368 3588 663 3653 comburit,
708 3589 876 3644 altera
911 3590 1168 3652 illustrat,
1207 3590 1349 3661 ignis
1391 3589 1610 3659 quidem
1647 3590 1934 3660 asperitas,

369 3696 435 3736 ac
478 3682 770 3752 torquendi
822 3683 1129 3754 proprietas
1186 3683 1254 3738 iis
1314 3684 1407 3753 qui
1450 3683 1740 3738 adustione
1788 3683 1936 3755 digni

370 3781 500 3828 sunt
536 3783 786 3829 servetur
818 3791 834 3841 ;
871 3774 1017 3830 illius
1060 3790 1192 3829 vero
1237 3775 1496 3846 splendor
1532 3784 1586 3830 et
1618 3776 1841 3831 claritas
1870 3775 1939 3829 ad

369 3864 703 3920 hilaritatem
754 3880 947 3920 eorum
1004 3866 1098 3936 qui
1150 3867 1328 3921 laetam
1378 3881 1443 3921 ac
1496 3867 1713 3920 beatam
1769 3867 1938 3919 vitam

370 3955 550 4008 acturi
599 3962 750 4018 sunt,
786 3955 1093 4010 destinetur
1144 3974 1158 4010 :
1189 3956 1325 4012 adeo
1351 3964 1411 4010 ut
1436 3954 1689 4026 supplicii
1719 3956 1937 4025 quidem

371 4046 513 4115 ignis
540 4048 812 4103 obscurus
846 4049 918 4103 sit
949 4066 963 4116 ;
999 4048 1090 4117 qui
1128 4063 1256 4104 vero
1290 4048 1345 4102 in
1370 4048 1854 4111 oblectamentum,
1885 4048 1939 4101 vi

370 4149 557 4196 careat
599 4143 975 4199 comburendi.
1014 4143 1200 4214 Neque
1241 4159 1306 4199 ea
1343 4143 1398 4198 in
1454 4158 1513 4199 re
1560 4143 1657 4197 tibi
1706 4142 1940 4198 addubi-

370 4232 598 4288 tandum
629 4249 753 4291 esse
796 4236 997 4304 cogita.
1040 4236 1116 4306 (ι)
1162 4235 1296 4290 Nam
1342 4251 1467 4291 cum
1509 4252 1693 4292 rerum
1729 4237 1785 4291 in
1832 4236 1941 4290 vita

371 4334 648 4397 gestarum
693 4343 902 4385 merces
952 4329 1304 4394 retribuetur,
1356 4336 1553 4383 natura
1608 4328 1747 4401 ignis
1798 4327 1941 4382 divi-

372 4420 567 4486 detur;
622 4419 784 4488 cujus
832 4420 1051 4488 quidem
1101 4419 1306 4483 lumen,
1350 4419 1630 4489 justorum
1690 4419 1941 4475 oblecta-

2047 1952 2329 2023 Ἐννόησον
2364 1968 2455 2021 μοι
2486 1947 2775 2021 τοιγαροῦν
2819 1947 2886 2001 τά
2930 1945 3037 2000 ἀπὸ
3082 1943 3176 1997 τοῦ
3220 1940 3355 1995 Θεοῦ
3398 1938 3606 2009 φοϐερά

2034 2044 2394 2098 ἐπιπίπτοντα
2438 2044 2552 2105 τοῖς
2590 2039 2989 2110 κολαζομένοις,
3035 2038 3164 2090 ὅταν
3205 2033 3468 2095 σκότωσις
3506 2030 3607 2101 μὲν

2033 2136 2255 2207 γένηται
2291 2134 2555 2205 ἀστέρων,
2580 2131 2826 2201 ἀφεγγὴς
2858 2129 2915 2182 δὲ
2945 2131 2974 2182 ὁ
3005 2129 3178 2199 ἥλιος,
3214 2127 3309 2179 κα)⁸
3337 2126 3373 2195 ἡ
3408 2122 3607 2193 σελήνη

2033 2228 2134 2280 οὑκ
2162 2226 2241 2279 ἔτι
2265 2228 2339 2295 (6)
2364 2223 2773 2295 πεφωτισμένη,
2798 2223 2924 2276 ὅταν
2950 2220 3182 2291 σκηπτοὶ
3208 2216 3606 2288 διατρέχοντες,

2035 2323 2127 2375 καὶ
2176 2320 2394 2391 βρονταὶ
2445 2316 2693 2389 φοϐερῶς
2740 2313 3273 2385 καταρρηγνύμεναν
3307 2311 3437 2363 ὅταν
3468 2308 3609 2377 ὑπὲρ

2034 2412 2276 2482 κεφαλῆς
2313 2411 2422 2482 ἀὴρ
2463 2407 2843 2479 ὲσκοτισμένος
2886 2405 3125 2476 ὑπάρχῃ,
3160 2402 3237 2465 ὡς
3270 2398 3612 2469 πανταχόθεν

2034 2500 2464 2573 ἀπαραμύθητον
2515 2494 2653 2553 εἶναι
2696 2500 2809 2560 τοῖς
2859 2498 2926 2567 τῇ
2967 2496 3103 2566 ὀργῇ
3154 2490 3611 2562 παραδεδομένας

2032 2595 2131 2666 τὴν
2159 2593 2408 2663 βάσανον.
2456 2592 2519 2644 Ἡ
2565 2590 2675 2661 γὰρ
2706 2589 2900 2652 κτίσις,
2947 2588 3027 2659 τῷ
3069 2587 3356 2655 ποιήσαντι
3402 2584 3610 2653 ὑπηρε-

2032 2684 2221 2749 τοῦσα,
2250 2681 2580 2736 ἐπιτείνεται
2616 2681 2714 2751 μὲν
2743 2680 2821 2743 εἰς
2844 2678 3063 2732 κόλασιν
3085 2676 3227 2730 κατὰ
3250 2673 3361 2726 τῶν
3386 2673 3609 2732 ἀδίκων,

2034 2776 2243 2830 ἀνίεται
2276 2774 2333 2828 δὲ
2367 2776 2448 2838 εἰς
2479 2772 2796 2844 εὐεργεσίαν
2832 2771 2971 2842 ὑπὲρ
2994 2768 3102 2822 τῶν
3127 2769 3213 2820 ἐπ’
3241 2765 3392 2836 αὐτῷ
3420 2780 3610 2816 πεποι-

2035 2868 2224 2922 θότων.
2257 2867 2367 2922 Καὶ
2392 2866 2643 2937 καθάπερ
2690 2865 2821 2919 Ἐπί
2851 2864 2940 2918 ἐνί
2973 2863 3049 2934 (7)
3081 2856 3407 2930 ἀμαρτωῷ
3429 2872 3610 2927 μετα-

2034 2961 2277 3016 νοοῦντι
2308 2959 2461 3030 χαρὰ
2501 2960 2723 3030 γίνεται
2751 2960 2821 3011 ἐν
2848 2958 2971 3023 τοῖς
3006 2952 3305 3023 οὐρανοῖς,
3339 2950 3484 3003 οὕτω
3517 2950 3611 3001 καὶ

2036 3053 2381 3125 παροξυσμὸς
2422 3052 2514 3106 καὶ
2543 3051 2688 3123 λύπη
2728 3050 2821 3104 ἐπ)⁵
2849 3051 2962 3112 τοῖς
3000 3042 3365 3101 ἀποστατοῦσι
3398 3041 3487 3094 διὰ
3514 3042 3609 3109 τῆς

2038 3145 2310 3216 ἁμαρτίας
2339 3141 2432 3196 τοῦ
2459 3141 2761 3203 κτίσαντος.
2801 3139 2934 3193 Τότε
2968 3137 3028 3191 τὸ
3059 3135 3171 3206 πῦρ
3203 3130 3611 3204 ἡτοιμασμένον

2036 3238 2117 3300 εἰς
2146 3236 2363 3289 κόλασιν
2391 3234 2465 3305 (8)
2497 3233 2574 3303 τῷ
2616 3231 2844 3302 διαϐόλῳ
2883 3231 2977 3282 καὶ
3003 3231 3113 3291 τοῖς
3145 3227 3402 3295 ἀγγέλοις
3440 3221 3607 3277 αὐτοῦ

2034 3327 2381 3381 διακόπτεται
2406 3326 2473 3396 τῇ
2511 3327 2661 3395 φωνῇ
2688 3323 2780 3376 τοῦ
2808 3321 3033 3393 Κυρίου·
3062 3321 3147 3372 ῖνα
3173 3318 3362 3387 ἐπειδὴ
3400 3316 3496 3369 δύο
3532 3316 3609 3367 εἰ·

2037 3419 2123 3472 σὶν
2156 3420 2213 3471 ὲν
2240 3417 2319 3489 τῷ
2343 3418 2476 3489 πυρὶ
2505 3415 2783 3486 δυνάμεις,
2809 3415 2844 3484 ἥ
2877 3430 2937 3465 τε
2964 3410 3232 3480 καυστικὴ
3261 3408 3358 3461 καὶ
3386 3409 3419 3477 ἡ
3446 3423 3611 3475 φωτι·

2039 3509 2219 3582 στικὴ,
2260 3508 2321 3562 τὸ
2362 3509 2461 3581 μὲν
2492 3508 2657 3579 δριμὺ
2682 3506 2778 3559 καὶ
2813 3502 3136 3558 κολαστικὸν
3173 3499 3270 3553 τοῦ
3300 3500 3474 3569 πυρὸς
3500 3501 3611 3559 τοῖς

2036 3599 2206 3665 ἀξίοις
2233 3600 2333 3670 τῆς
2368 3599 2617 3661 καύσεως
2644 3595 3078 3669 προσαπομείνῃ,
3111 3593 3173 3645 τὸ
3196 3591 3255 3644 δὲ
3287 3587 3609 3660 φωτιστικὸν

2038 3692 2200 3747 αὑτοῦ
2223 3692 2318 3745 καὶ
2345 3689 2596 3761 λαμπρὸν
2619 3692 2685 3760 τῇ
2708 3687 3023 3758 φαιδρότητι
3042 3683 3148 3737 τῶν
3171 3680 3610 3752 εὐφραινομένων

2040 3783 2423 3857 ἀποκληρωθῇ·
2447 3784 2523 3846 ὡς
2544 3780 2794 3852 ἀλαμπὲς
2817 3775 3035 3832 εἶναιτὸ
3058 3775 3170 3848 πῦρ
3191 3774 3291 3844 τῆς
3316 3773 3607 3834 κολάσεως,

2039 3878 2307 3931 ἀκαυστον
2342 3875 2400 3928 δὲ
2431 3875 2492 3927 τὸ
2525 3875 2623 3944 τῆς
2655 3870 3014 3931 ἀναπαύσεως
3044 3869 3336 3937 ἀπομείναι
3368 3866 3465 3935 (9).
3503 3863 3610 3917 Καὶ

2042 3968 2118 4038 μὴ
2153 3964 2486 4037 ἀμφίϐαλλε.
2532 3963 2619 4015 Ἐν
2656 3961 2764 4031 γὰρ
2798 3961 2914 4022 ταῖς
2950 3958 3059 4012 τῶν
3099 3955 3446 4027 βεϐιωμένων
3482 3953 3610 4023 ἡμῖν

2039 4058 2449 4119 ἁνταποδόσεσι,
2479 4053 2575 4107 τοῦ
2617 4053 2841 4123 πυρὸςή
2874 4050 3033 4119 φύσις
3064 4046 3489 4119 διαιρεθήσεται·
3521 4044 3610 4096 καὶ

2038 4152 2100 4205 τὸ
2140 4150 2238 4222 μὲν
2282 4148 2416 4219 φῶς,
2453 4148 2533 4210 εἰς
2570 4143 2866 4199 ἀπόλαυσιν
2897 4145 3009 4205 τοῖς
3036 4141 3282 4203 δικαίοιςο
3326 4138 3391 4190 τὸ
3424 4137 3483 4190 δὲ
3514 4137 3611 4205 τῆς

2041 4242 2291 4304 καύσεως
2340 4239 2618 4310 ὀδυνηρὸν,
2659 4238 2773 4299 τοῖς
2811 4231 3192 4302 κολαζομένοις
3236 4227 3613 4298 ἀποταχθήσε-

2039 4351 2147 4387 ται.
2179 4329 2532 4403 Φοὸερωτέρα
2559 4328 2616 4380 δὲ
2654 4325 2747 4380 τοῦ
2787 4325 3012 4387 σκότους
3051 4323 3145 4377 καὶ
3180 4320 3277 4375 τοῦ
3313 4321 3489 4392 πυρὸς
3520 4319 3611 4371 τοῦ

2041 4425 2257 4481 αἰωνίου
2286 4426 2319 4495 ή
2349 4421 2577 4493 αἰσχύνη
2616 4420 2782 4483 ἐστὶν,
2826 4411 2860 4492 ᾗ
2896 4416 3146 4487 μέλλουσι
3183 4412 3613 4476 συνδιαιωνίζειν

372 4517 555 4563 mento
599 4527 612 4563 :
650 4509 841 4564 urendi
898 4526 1029 4564 vero
1079 4510 1352 4576 molestia,
1403 4509 1803 4580 puniendorum
1846 4514 1934 4565 tri-

2044 4523 2092 4573 οἱ
2120 4514 2452 4589 ἁμαρτωλοὶ,
2484 4514 2569 4566 ἀεὶ
2599 4513 2657 4566 ὲν
2683 4510 2979 4581 ὀφθαλμοῖς
3019 4508 3233 4578 ἔχοντες
3268 4506 3337 4558 τὰ
3367 4506 3487 4575 ἴχνη
3518 4503 3616 4573 τῆς

373 4605 567 4657 buetur
602 4602 820 4656 ultioni.
869 4601 947 4673 (5)
998 4600 1328 4656 Horribilior
1377 4609 1557 4656 autem
1599 4601 1842 4657 tenebris
1883 4609 1939 4656 et

372 4692 499 4762 igne
543 4700 747 4748 aeterno
804 4692 1124 4763 ignominia,
1180 4691 1237 4747 in
1291 4709 1399 4763 qua
1450 4702 1709 4749 aeternum
1756 4694 1941 4749 vivent

373 4791 711 4853 peccatores,
769 4797 985 4853 semper
1039 4782 1110 4838 ob
1162 4783 1352 4839 oculos
1400 4784 1663 4839 habentes
1711 4784 1940 4853 vestigia

373 4875 598 4930 admissi
631 4876 684 4929 in
712 4891 877 4930 carne
899 4876 1127 4945 peccati,
1158 4891 1278 4946 quae
1310 4878 1364 4930 in
1396 4877 1614 4932 modum
1639 4876 1940 4933 indelebilis

373 4969 661 5036 cujusdam
700 4969 949 5022 tinctura:
982 4977 1245 5039 perpetuo
1281 4970 1337 5022 in
1375 4970 1571 5024 animae
1599 4985 1787 5025 eorum
1822 4985 1938 5025 me-

374 5061 544 5125 moria
593 5076 949 5129 permansura
982 5068 1131 5116 sunt.
1173 5060 1477 5116 Paucorum
1513 5069 1692 5125 autem
1735 5070 1822 5116 est
1846 5076 1937 5115 ac-

2046 4615 2104 4667 ὲν
2136 4608 2299 4681 σαρκὶ
2330 4605 2622 4678 ἁμαρτίας,
2654 4602 2813 4656 οἱονεί
2840 4618 2985 4664 τινος
3014 4600 3188 4671 βαφῆς
3224 4598 3615 4659 ἁνεκπλύντου,

2045 4706 2111 4774 τῇ
2142 4702 2329 4773 μνήμῃ
2356 4697 2454 4769 τῆς
2484 4696 2662 4766 ψυχῆς
2702 4693 2877 4747 αὐτῶν
2917 4693 2996 4753 εἰς
3027 4691 3088 4744 τὸ
3124 4689 3372 4760 διηνεκὲς
3411 4686 3615 4756 ἁναμέο

2046 4809 2205 4846 νοντα
2225 4790 2354 4860 (10).
2374 4789 2596 4856 Ὀλίγων
2620 4786 2677 4839 δέ
2709 4787 2824 4837 ἐστι
2847 4783 2909 4836 τὸ
2930 4780 3248 4853 προσελθεῖν
3271 4779 3350 4844 τῷ
3373 4778 3515 4847 φωτὶ
3541 4777 3617 4847 τῷ

2045 4880 2303 4951 ἀληθινῷ,
2328 4878 2421 4933 καὶ
2450 4875 2818 4944 ἀποκαλύψαι,
2852 4873 2944 4927 καὶ
2982 4871 3119 4944 μετά
3146 4871 3247 4942 τὴν
3275 4866 3615 4936 ἀποκάλυψιν

2042 4974 2152 5027 τῶν
2194 4971 2472 5043 κρυπτῶν,
2521 4970 2594 5041 μὴ
2630 4967 2884 5021 ἀπελθεῖν
2927 4964 3314 5034 αἰσχυνθέντας
3351 4961 3418 5015 τὰ
3449 4960 3618 5031 πρόσ-

2042 5077 2187 5114 ωπα.
2213 5058 2347 5112 Θεοῦ
2366 5058 2474 5129 γὰρ
2502 5057 2873 5128 ἀλλοτρίωσις,
2905 5055 2997 5107 καὶ
3018 5051 3360 5124 ἀποστροφὴ,
3389 5052 3486 5104 καὶ
3510 5048 3618 5102 τῶν

442 5214 463 5244 '
499 5212 663 5271 Joan.
701 5229 811 5276 xw,
837 5213 924 5268 50.
1001 5213 1023 5244 ⁸
1061 5212 1248 5267 Matth.
1281 5229 1430 5277 xxiv,
1469 5213 1560 5267 29.
1635 5214 1657 5246 '
1696 5213 1825 5283 Sap.
1867 5230 1919 5280 ν,

2041 5212 2145 5267 -21.
2224 5214 2267 5245 ⁸ο
2310 5212 2441 5267 Luc.
2487 5227 2575 5274 xv,
2620 5210 2708 5265 10.

560 5328 638 5403 Ex
672 5328 819 5381 hom.
853 5329 908 5381 in
936 5328 1069 5403 psal.
1106 5344 1213 5403 vn,
1242 5326 1331 5379 99.

444 5395 522 5469 (2)
668 5406 960 5469 comment.
1014 5399 1068 5450 in
1101 5395 1470 5469 Isaiam,‘5787l.

446 5467 522 5537 (5)
566 5468 638 5520 lix
673 5469 818 5521 hom.
853 5468 909 5520 in
931 5470 1072 5537 ρδαί1
1103 5482 1293 5527 xxviii,
1324 5467 1451 5537 1‘21.

448 5535 522 5606 (4)
574 5537 651 5589 Ex
676 5538 822 5591 hom.
858 5554 911 5589 νι
939 5538 993 5589 in
1026 5535 1282 5589 Hexaem.
1319 5536 1407 5589 5‘2.

470 5607 521 5676 5)
563 5606 639 5660 Ex
670 5608 814 5660 hom.
844 5607 897 5676 i_n
929 5606 1065 5675 psal.
1097 5621 1288 5668 xxxiii,
1328 5606 1447 5676 MT.

470 5674 524 5744 6)
550 5678 670 5728 Οὐκ
698 5676 804 5730 ἔτι,
841 5674 932 5729 Sic
966 5681 1269 5730 contextus.
1315 5677 1402 5728 cui
1433 5674 1609 5727 lavent
1655 5674 1824 5728 nostri
1850 5688 1940 5726 co-

381 5744 548 5799 diCes.
583 5744 640 5797 in
670 5744 756 5798 his
793 5746 935 5799 enim
971 5745 1282 5814 lcgituro'bx
1312 5744 1440 5797 ἔστι.
1477 5744 1614 5798 Editi
1645 5746 1741 5797 οὐκ
1764 5744 1935 5798 ἔσται.

2119 5327 2194 5395 (7)
2233 5327 2370 5383 Ἐνί.
2401 5327 2558 5380 Deest
2589 5324 2643 5379 in
2672 5324 2793 5395 eod.
2821 5324 2959 5378 1992

2116 5391 2190 5461 (8)
2225 5399 2328 5461 Είς
2366 5397 2642 5451 κόλασιν.
2678 5392 2802 5449 Haec
2835 5395 3032 5447 desunt
3068 5391 3120 5444 in
3162 5391 3354 5445 eodem
3402 5392 3612 5445 codice.

2115 5467 2192 5589 Si)
2237 5466 2583 5535 Ἀπομεῖναι.
2630 5462 2865 5533 Uterque
2897 5464 3063 5516 codex
3108 5463 3382 5535 ἁπομένῃ.
3417 5461 3611 5516 Ibidem

2157 5579 2169 5589 .
2198 5537 2333 5589 1992
2372 5537 2442 5589 wh
2474 5532 2775 5589 ἀμφίϐαλλε
2807 5533 2881 5589 ὡς
2912 5535 2969 5585 ὲν
2994 5535 3133 5589 ταῖς,
3166 5543 3272 5584 etc.

2046 5532 2333 5591 cod.'i99“2
2370 5532 2881 5606 μὴΑὰμφίϐαλλείὼς
2912 5535 2969 5606 ἐν
2994 5535 3133 5606 ταῖς,
3166 5543 3272 5606 etc.

2118 5605 2228 5678 (10)
2269 5600 2674 5678 maps-sm.
2698 5602 2842 5659 Idem
2871 5602 3043 5657 codex
3075 5602 3424 5670 ἐπιμένοντα.
3472 5600 3615 5656 (Ζοι-

2042 5675 2219 5733 tcxtus
2252 5675 2648 5749 παραμένοντα.
