3874 6224
300 357 432 415 1501

1286 342 1519 404 SERMO
1557 341 1698 398 XIV.
1725 371 1796 382 —
1835 338 1923 394 DE
1960 335 2245 393 FUTURO
2283 333 2563 391 JUDICIO.

3411 332 3550 387 1502

300 478 358 528 ἑν
393 475 456 545 τῇ
490 470 682 543 γεέννῃ
716 444 1180 542 προσδοκωμένων
1227 463 1500 516 κολάσεων
1541 454 1873 529 ἀφορητότε-

1981 450 2183 505 cedere
2205 448 2274 504 ad
2304 463 2484 504 veram
2514 448 2713 510 lucem,
2748 458 2812 500 ac
2840 444 3104 510 revelare,
3132 452 3188 500 et
3212 450 3335 514 post
3363 445 3551 499 occul-

300 568 398 640 ρόν
423 568 540 619 ἐστι
568 563 662 618 καὶ
690 562 987 635 βαρύτερον
1011 559 1088 630 τῷ
1112 555 1358 614 παθόντι,
1387 553 1462 616 ώς
1486 548 1879 640 ὀφθαλμῷᾲφωζ

298 635 394 725 τὸς
426 659 699 731 στέρησις,
740 655 842 709 κᾶν
872 654 944 724 μὴ
970 651 1129 722 ὀδύνη
1158 649 1357 719 προσῇ.
1392 645 1579 698 Πᾶσαν
1610 640 1719 709 γὰρ
1740 635 1875 731 ὁμοῦ

300 756 403 824 τὴν
435 729 533 821 ἀφ(
555 745 616 804 οὗ
643 748 932 818 γεγόνασιν
970 743 1245 815 ἄνθρωποι
1277 739 1356 810 τῷ
1392 737 1536 806 λόγῳ
1563 750 1647 796 τις
1674 729 1876 824 συλλαῖ

303 819 415 898 ϐών
443 819 538 898 καὶ
574 844 652 905 εἰς
686 841 743 893 ἓν
768 838 1028 911 ἀθροίσας
1057 831 1419 904 εὐδαιμονίαν,
1454 826 1575 881 οὐδὲ
1602 819 1877 890 πολλοστῷ

306 937 463 1009 μέρει
504 934 613 986 τῶν
656 930 878 1001 ἀγαθῶν
922 927 1145 982 ἐκείνων
1185 924 1405 996 εὑρήσει
1445 913 1872 990 παρισουμένηνο

301 1029 440 1084 ἀλλά
477 1028 659 1082 πλεῖον
691 1025 784 1079 τοῦ
816 1027 875 1078 ἑν
905 1023 1134 1084 ἐκείνοις
1173 1017 1452 1089 ἐλαχίστου
1485 1013 1556 1067 τὰ
1588 1011 1877 1082 σύμπαντα

302 1122 411 1177 τῶν
443 1121 567 1192 τῇδε
596 1119 776 1174 καλῶν
805 1117 947 1171 κατά
977 1114 1074 1188 τὴν
1112 1113 1266 1179 ἀξίαν
1299 1107 1665 1180 ἀφεστηκότα,
1689 1105 1724 1174 ἢ
1754 1100 1875 1156 καθ’

301 1214 426 1267 ὅσον
470 1191 599 1263 σκιὰ
643 1207 739 1263 καὶ
765 1206 897 1278 ὄναρ
926 1204 1033 1258 τῶν
1073 1199 1340 1273 ἀληθινῶν
1384 1198 1462 1267 (1)
1501 1191 1873 1248 ἀπολείπεται.

301 1304 519 1359 Μᾶλλον
553 1303 631 1367 δὲ,
672 1298 1082 1385 ἵν’,οίκειοτέρῳ
1120 1295 1413 1366 χρήσωμαι
1453 1284 1874 1385 παραδείγματι,

300 1397 412 1469 ὅσῳ
458 1395 605 1467 ψυχὴ
645 1375 759 1458 τοῖς
804 1394 939 1446 πᾶσι
984 1387 1287 1459 τιμιωτέρα
1327 1382 1598 1453 σώματος,
1638 1375 1873 1446 τοσούτῳ

299 1489 397 1543 καὶ
423 1487 532 1542 τῶν
567 1486 694 1557 βίων
720 1484 997 1556 ἑκατέρων
1024 1481 1143 1535 ἐστὶ
1172 1478 1232 1532 τὸ
1263 1475 1538 1546 διάφορον.

1979 555 2160 598 torum
2194 540 2604 600 revelationem,
2637 536 2780 592 facie
2808 552 2921 593 non
2959 538 3194 593 confusa
3234 536 3407 591 abire.
3452 535 3551 590 Dei

1977 637 2123 689 enim
2167 649 2196 688 a
2224 634 2382 689 nobis
2413 632 2671 687 alienatio
2704 638 2871 702 atque
2898 632 3135 697 aversio,
3177 630 3257 683 illi
3291 629 3384 698 qui
3427 642 3547 682 eam

1951 729 2202 799 patitur,
2244 724 2640 779 intolerabilior
2673 723 2999 794 graviorque
3037 732 3121 778 est
3148 735 3316 791 quam
3347 727 3547 773 caetera

1977 821 2238 892 gehennae
2286 824 2603 888 exspectata
2652 816 2921 886 supplicia
2964 834 2979 871 :
3024 824 3084 869 ut
3125 813 3285 868 oculo
3317 810 3550 882 privatio

1977 913 2225 977 luminis,
2266 912 2395 968 licet
2447 911 2588 965 alius
2638 925 2749 965 non
2797 910 2941 964 adsit
2978 909 3154 964 dolor.
3196 907 3273 979 (5)
3311 904 3370 960 Si
3425 904 3550 975 quis

1977 1006 2122 1062 enim
2147 1019 2362 1060 omnem
2396 1002 2562 1058 simul
2600 1018 2669 1057 ex
2700 1016 2809 1073 quo
2850 1001 3098 1056 homines
3129 999 3244 1054 nati
3277 1004 3404 1053 sunt
3432 995 3552 1050 feli-

1978 1100 2196 1156 citatem
2230 1111 2486 1151 sermone
2515 1095 2856 1165 complexus,
2895 1095 2952 1149 in
2981 1107 3150 1148 unum
3193 1104 3553 1148 coacervave-

1978 1191 2087 1255 rit,
2128 1202 2248 1244 eam
2310 1195 2495 1241 tamen
2552 1186 2853 1255 comperiet
2904 1200 2974 1239 ne
3033 1182 3275 1238 minimae
3327 1180 3550 1251 quidem

1977 1283 2245 1338 honorum
2296 1279 2514 1333 illorum
2568 1276 2711 1347 parti
2744 1275 3193 1349 aequiparandam
3241 1288 3405 1339 esse;
3453 1271 3551 1327 sed

1979 1375 2165 1430 omnia
2198 1371 2483 1442 prmsentis
2510 1371 2636 1424 vitae
2679 1369 2823 1424 bona
2860 1369 2982 1439 plus
3011 1382 3042 1421 a
3079 1366 3306 1421 minima
3337 1362 3552 1418 futuro-

1978 1481 2102 1521 rum
2132 1463 2399 1535 dignitate
2436 1462 2662 1541 distare,
2691 1475 2853 1532 quam
2881 1476 2911 1514 a
2937 1460 3103 1516 rebus
3130 1459 3275 1513 veris
3301 1455 3551 1511 umbram

298 1590 354 1634 et
383 1546 676 1637 somnium.
720 1575 838 1633 Iino
868 1546 1020 1637 vero,
1057 1578 1119 1627 ut
1172 1567 1423 1638 exemplo
1465 1562 1641 1633 magis
1674 1559 1871 1615 idoneo
1910 1565 2055 1623 utar,
2096 1563 2305 1628 quanto
2327 1555 2511 1609 anima
2535 1551 2814 1608 ’omnibus
2864 1556 3088 1621 praestat
3131 1546 3370 1619 corpori,
3400 1550 3550 1600 tanta

299 1683 387 1729 est
415 1681 469 1727 et
503 1672 789 1740 utriusque
819 1669 946 1723 vita:
975 1663 1305 1721 diﬂerentia.

369 1766 423 1820 ε.
474 1763 614 1817 Ἀλλ’
645 1727 907 1817 σι’πολλοι
941 1759 1051 1813 τῶν
1077 1755 1401 1828 ἀνθρώπων,
1434 1751 1523 1806 διά
1550 1751 1634 1815 τδ,
1669 1749 1732 1803 ’0
1756 1747 1873 1818 μὲν

2047 1739 2102 1793 '5.
2155 1734 2261 1792 Sed
2304 1734 2556 1791 homines
2586 1732 2751 1809 multi
2804 1738 3026 1803 propter
3068 1745 3193 1786 eum
3250 1727 3551 1801 Scriptum

298 1854 624 1924 δαρήσεται
668 1852 923 1917 πολλὰς,
974 1854 1007 1904 ό
1049 1849 1118 1902 δὲ
1162 1848 1390 1918 ὀλίγας,
1420 1843 1573 1907 τέλος
1605 1838 1745 1895 εἶναι
1772 1839 1873 1911 τῆς

299 1943 575 2006 κολάσεως
604 1944 716 2005 τοῖς
742 1940 1127 2010 κολαζομένοις
1162 1936 1348 2007 φασίν.
1385 1934 1565 2005 Ὅπερ
1592 1933 1695 2009 οὐκ
1720 1933 1777 1984 ἐν
1803 1931 1870 2001 τῇ

297 2037 394 2090 τοῦ
433 2036 624 2108 χρόνου
670 2033 977 2106 παρατάσει
1016 2031 1050 2103 ἢ
1096 2026 1509 2101 συμπληρώσει,
1555 2024 1669 2078 ἀλλ’
1712 2027 1770 2077 ἑν
1805 2025 1871 2094 τῇ

295 2128 531 2198 διαφορᾷ
556 2127 653 2196 τῆς
684 2125 956 2186 κολάσεως
983 2122 1209 2191 γίνεται.
1241 2119 1347 2173 Τοῦ
1378 2118 1488 2190 γὰρ
1512 2113 1719 2187 Κυρίου
1743 2114 1875 2168 ποτὲ

303 2221 405 2290 μὲν
434 2217 885 2288 ἀποφαινομένου,
933 2217 1014 2269 ὅτι
1048 2212 1441 2268 ἀπελεύσονται
1485 2204 1628 2265 οὗτοι
1670 2211 1750 2273 είς
1782 2208 1874 2262 κόο

296 2313 454 2367 λασιν
480 2311 717 2372 αἰώνιον,
748 2311 797 2363 oi
821 2308 879 2361 δέ
908 2307 1104 2361 δίκαιοι
1133 2308 1213 2367 εἰς
1236 2303 1382 2376 ζωὴν
1402 2303 1638 2357 αἰώνιον’
1667 2300 1796 2355 ποτὲ
1817 2300 1874 2353 δὲ

298 2405 678 2476 ἑκπέμποντός
703 2421 854 2467 τινας
889 2406 969 2466 εἰς
997 2402 1058 2455 τὺ
1083 2400 1195 2471 πῦρ
1222 2399 1284 2452 τὸ
1314 2397 1528 2452 αἰώνιον
1555 2396 1616 2450 τὸ
1646 2398 1874 2467 ἡτοιμα-

300 2495 500 2566 σμένον
527 2494 603 2565 τῷ
627 2493 858 2563 διαϐόλῳ
885 2492 980 2545 καὶ
1005 2492 1115 2554 τοῖς
1150 2487 1404 2557 ἀγγέλοις
1435 2484 1622 2548 αὐτοῦ,
1659 2484 1754 2538 καὶ
1777 2483 1874 2538 ἄλ-

298 2585 420 2639 λοτε
460 2584 816 2656 ὀνομάζοντος
859 2583 1084 2652 γέενναν
1119 2580 1312 2651 πυρὸς,
1358 2580 1452 2631 καὶ
1497 2576 1871 2647 ἐπιφέροντοςο

301 2679 494 2731 Ὅπου
525 2680 558 2731 ό
597 2674 845 2744 σκώληξ
883 2672 1082 2729 αὐτῶν
1118 2674 1191 2727 οὐ
1232 2667 1504 2736 τελευτᾷ,
1536 2668 1727 2722 καὶτὸ
1755 2667 1874 2735 πῦρ

297 2765 372 2816 οὐ
399 2764 741 2817 σϐέννυταιο
772 2762 868 2816 καὶ
897 2761 977 2815 ἑτι
1005 2761 1167 2815 πάλιν
1189 2761 1277 2814 διὰ
1306 2759 1399 2813 τοῦ
1432 2760 1712 2831 προφήτου
1747 2758 1874 2830 περί

297 2871 460 2907 τινων
494 2854 796 2925 εἰρηκότος,
829 2855 910 2908 ὅτι
935 2857 965 2908 ὁ
996 2852 1213 2925 σκώληξ
1236 2852 1413 2906 αὐτῶν
1450 2853 1508 2905 οὐ
1538 2850 1871 2922 τελευτήσει,

299 2945 480 2999 καὶτὸ
509 2947 617 3018 πῦρ
664 2945 841 3001 αὐτῶν
878 2947 938 2999 ού
981 2945 1358 3017 σ6εσθήσεται’
1399 2944 1606 2998 τούτων
1643 2943 1737 2997 καὶ
1764 2943 1873 2995 τῶν

297 3039 552 3093 τοιούτων
586 3039 854 3110 πολλαχοῦ
892 3039 992 3109 τῆς
1024 3038 1384 3092 θεοπνεύστου
1418 3036 1645 3108 Γραφῆς
1682 3034 1872 3104 κειμέο

1975 1828 2155 1882 locum
2184 1825 2278 1895 qui
2308 1823 2496 1889 habet,
2530 1822 2607 1893 (4)
2650 1820 2754 1875 Hic
2775 1820 2990 1891 quidem
3029 1817 3304 1886 vapulabit
3343 1819 3547 1886 multis,

1975 1919 2067 1974 ille
2122 1932 2240 1972 vero
2282 1915 2464 1985 paucis
2514 1914 2595 1975 “,
2643 1912 2806 1966 ﬁnem
2865 1910 3088 1966 tandem
3146 1910 3550 1980 suppliciorum

1974 2011 2257 2068 habituros
2307 2023 2430 2064 esse
2475 2021 2570 2063 eos
2611 2006 2707 2077 qui
2754 2005 3057 2075 puniuntur
3106 2010 3382 2058 asserunt.
3440 2001 3549 2057 Sed

1973 2110 2158 2157 tamen
2192 2111 2251 2156 ut
2278 2099 2370 2154 hic
2400 2098 2590 2155 multis
2627 2098 2869 2167 vapulet,
2902 2096 2993 2151 ille
3030 2110 3163 2150 vero
3193 2094 3407 2165 paucis,
3439 2108 3552 2148 non

1975 2193 2237 2264 temporis
2275 2190 2640 2247 diuturnitate
2670 2195 2764 2242 aut
2792 2187 3218 2258 complemento,
3247 2185 3342 2241 sed
3375 2197 3553 2255 pcenaa

1974 2286 2289 2341 diversitate
2328 2282 2624 2353 perﬁcitur.
2657 2278 2793 2335 Cum
2824 2278 2971 2333 enim
2999 2276 3265 2333 Dominus
3301 2292 3552 2348 pronun-

1973 2377 2074 2433 tiet
2104 2375 2399 2447 aliquando
2433 2373 2534 2428 bos
2569 2373 2628 2427 in
2668 2370 3006 2443 supplicium
3049 2377 3315 2424 aeternum
3349 2369 3549 2434 ituros,

1972 2469 2152 2541 justos
2178 2474 2363 2523 autem
2392 2466 2452 2521 in
2479 2468 2645 2521 vitam
2670 2471 2934 2518 aeternam
2971 2462 3014 2493 “
3042 2478 3058 2529 ;
3095 2458 3389 2531 aliquando
3419 2475 3552 2515 vero

1974 2538 2156 2615 mittat
2178 2558 2442 2631 quosdam
2473 2558 2531 2612 in
2557 2556 2736 2627 ignem
2758 2564 3025 2609 aeternum
3052 2559 3302 2623 paratum
3332 2538 3552 2607 diabolo

1973 2661 2028 2709 et
2059 2651 2265 2723 angelis
2295 2651 2417 2720 ejus
2452 2650 2517 2712 ’³.
2553 2655 2608 2704 et
2643 2646 2775 2701 alibi
2817 2645 3078 2717 gehennae
3106 2644 3247 2715 ignis
3275 2644 3553 2699 mentione

1974 2745 2140 2807 facta,
2171 2742 2425 2810 subjiciat
2465 2738 2598 2793 illud
2635 2757 2649 2794 :
2692 2735 2793 2791 Ubi
2821 2737 3009 2792 vermis
3038 2751 3219 2790 eorum
3255 2751 3359 2788 non
3388 2735 3555 2787 nteri-

1975 2844 2083 2900 tur,
2130 2843 2179 2889 et
2230 2833 2366 2904 ignis
2405 2848 2508 2886 non
2553 2829 2907 2900 exstinguitur
2946 2826 3033 2894 “;
3084 2841 3321 2896 cumque
3358 2840 3554 2882 rursus

1974 2928 2042 2984 de
2069 2925 2399 2997 quibusdam
2429 2925 2634 2979 dixerit
2676 2937 2773 2993 per
2802 2919 3144 2992 prophetam,
3181 2933 3422 2973 vermem
3454 2932 3551 2973 eo-

1972 3037 2095 3076 rum
2135 3035 2247 3074 non
2290 3017 2641 3079 moriturum,
2696 3029 2875 3084 neque
2911 3015 3091 3083 ignem
3118 3026 3307 3066 eorum
3349 3010 3554 3065 exstin-

298 3149 424 3196 νων,
452 3131 509 3184 ἓν
545 3105 894 3195 πάντως-’καὶ
924 3105 1084 3185 τοῦτο
1115 3132 1213 3202 τῆς
1258 3105 1670 3201 μεθοδείαςτού
1696 3123 1873 3180 διαϐό-

1978 3125 2122 3170 ctum
2154 3112 2221 3166 iri
2254 3111 2297 3143 ”
2336 3129 2350 3165 :
2388 3109 2503 3163 haec
2539 3107 2709 3178 igitur
2753 3115 2808 3162 et
2845 3105 3044 3161 horum
3087 3105 3286 3160 similia
3325 3119 3449 3159 cum
3497 3105 3553 3157 in

296 3223 414 3288 λου,
446 3223 507 3276 τὸ
534 3225 660 3287 τοὺς
690 3223 919 3286 πολλοὺς
938 3223 1047 3277 τῶν
1074 3221 1401 3294 ἀνθρώπων,
1431 3220 1621 3291 ὥσπερ
1651 3217 1873 3272 ἐπιλαν-

297 3314 626 3385 θανομένους
664 3315 771 3369 τῶν
803 3314 1072 3369 τοσούτων
1110 3316 1204 3369 καὶ
1245 3313 1503 3369 τοιούτων
1535 3312 1629 3367 τοῦ
1665 3312 1871 3384 Κυρίου

298 3406 648 3474 ἀποφάσεων,
700 3406 852 3470 τέλος
899 3407 1193 3471 κολάσεως,
1241 3410 1322 3472 εἰς
1358 3407 1419 3460 τὸ
1469 3405 1669 3479 μᾶλλον
1703 3421 1876 3458 κατα-

298 3497 501 3568 τολμᾷν
535 3499 635 3568 τῆς
675 3497 969 3570 ἁμαρτίας,
1010 3500 1224 3562 ἑαυτοῖς
1271 3498 1634 3568 ὑπογράφειν.
1677 3497 1740 3549 Εἰ
1765 3494 1875 3566 γὰρ

296 3589 397 3658 τῆς
422 3589 643 3643 αἰωνίου
668 3589 941 3653 κολάσεως
969 3588 1120 3642 ἔσται
1148 3589 1278 3642 ποτὲ
1310 3588 1484 3651 τέλος,
1516 3587 1627 3651 ἕξει
1656 3588 1875 3651 πάντως

297 3681 395 3733 καὶ
429 3683 463 3749 ή
489 3679 706 3745 αἰώνιος
737 3679 871 3754 ζωή.
899 3682 962 3735 Ei
986 3681 1045 3735 δὲ
1078 3679 1170 3734 ἐπὶ
1195 3680 1296 3750 τῆς
1324 3680 1471 3750 ζωῆς
1502 3680 1660 3732 τοῦτο
1681 3678 1875 3748 νοῆσαι

296 3773 358 3825 ού
396 3772 827 3844 καταδεχόμεθα,
859 3772 976 3837 πῶς
1003 3773 1070 3827 ἂν
1113 3771 1225 3842 ἔχοι
1255 3771 1410 3840 λόγον
1451 3774 1517 3842 τῇ
1559 3769 1778 3823 κολάσει
1805 3772 1875 3841 τῇ

297 3865 504 3936 αἰωνίῳ
534 3865 687 3930 τέλος
716 3867 947 3933 διδόναι;
982 3867 1048 3919 Ἣ
1072 3865 1180 3937 γὰρ
1211 3864 1304 3919 τοῦ
1334 3864 1556 3917 αἰωνίου
1587 3860 1876 3933 προσθήκη

298 3960 387 4028 ἐφ’
431 3959 706 4030 ἑκατέρων
750 3960 950 4031 ἐπίσης
993 3961 1191 4013 κεῖται.
1258 3956 1714 4011 Ἆπελεύσονται
1765 3954 1877 4023 γὰρ

298 4047 486 4117 οὗτοι,
527 4052 713 4123 φησὶν,
751 4054 838 4119 εἰς
866 4054 1126 4106 κόλασιν
1152 4048 1410 4104 αἰώνιον·
1452 4051 1506 4102 οἱ
1543 4046 1611 4101 δὲ
1638 4047 1875 4109 δίκαιοι,

300 4145 392 4209 εὶς
414 4141 569 4210 ζωὴν
599 4142 856 4197 αἰώνιον.
907 4144 1068 4195 Ὥστε
1112 4144 1205 4196 καὶ
1246 4142 1329 4204 τὸ,
1371 4139 1702 4209 Δαρήσεται
1731 4141 1879 4192 πολ-

299 4236 436 4300 λὰς,
474 4235 573 4289 καὶ
608 4236 838 4305 ὀλίγας,
884 4235 1007 4306 οὐχ).
1039 4233 1213 4297 τέλος,
1254 4231 1391 4286 ἀλλὰ
1420 4228 1684 4302 διαφορὰν
1717 4228 1878 4282 κολάσ-

304 4344 443 4390 σεως
481 4327 651 4399 δηλοῖ.
692 4328 755 4381 Εἰ
780 4328 888 4399 γὰρ
918 4328 947 4379 ὀ
983 4326 1114 4390 Θεὸς
1139 4325 1345 4388 δίκαιος
1382 4324 1575 4395 κριτής
1613 4324 1782 4387 ἐστιν,
1816 4320 1878 4373 οὐ

306 4419 469 4492 μόνον
496 4422 607 4482 τοῖς
631 4418 875 4487 ἀγαθοῖς,
899 4417 1034 4471 ἀλλά
1053 4418 1148 4471 καὶ
1170 4418 1281 4479 τοῖς
1302 4416 1579 4485 πονηροῖς,
1598 4410 1881 4474 ἀποδιδοὺς

304 4514 522 4583 ἑκάστῳ
542 4512 683 4566 κατά
698 4512 796 4582 τὴν
812 4510 1010 4582 πρᾶξιν
1025 4508 1212 4573 αὑτοῦ,
1234 4507 1456 4567 δύναται
1472 4500 1611 4558 εῖναι
1629 4507 1657 4559 ό
1676 4504 1776 4575 μέν
1795 4519 1881 4566 τις

306 4605 477 4677 πυρὸς
494 4604 758 4658 ἀσϐέστου
773 4603 943 4668 ἄξιος,
963 4602 1058 4656 καὶ
1072 4600 1261 4653 τούτου
1278 4599 1396 4670 ήτοι
1419 4593 1877 4669 μαλακωτέρου,ἢ

309 4697 510 4768 μᾶλλον
524 4696 831 4765 φλέγοντος·
857 4696 885 4748 ὁ
904 4694 960 4748 δέ
983 4710 1065 4757 τις
1091 4691 1370 4761 σκώληκος
1385 4688 1741 4758 ἀτελευτήτου
1754 4727 1768 4750 ,
1785 4684 1880 4739 καὶ

304 4789 494 4842 τούτου
516 4788 675 4842 πάλιν
705 4788 739 4859 ἢ
770 4787 1069 4857 πραότερον
1092 4784 1405 4847 όδυνῶντος,
1435 4781 1469 4852 ἦ
1503 4779 1876 4851 σφοδρότερον,

307 4882 451 4938 κατά
466 4881 563 4952 τὴν
580 4880 734 4946 ἀξίαν
750 4880 1001 4933 ἑκάστου·
1021 4877 1116 4931 καὶ
1130 4877 1286 4939 ἄλλος
1300 4874 1375 4946 (2)
1390 4873 1637 4943 γεέννης,
1653 4870 1884 4940 διάφορα

309 4975 529 5036 πάντως
555 4974 783 5044 ἐχούσης
810 4971 880 5026 τὰ
915 4970 1265 5041 κολαστήριαο
1300 4966 1394 5022 καὶ
1419 4966 1604 5035 ἔτερος
1629 4961 1721 5015 τοῦ
1751 4960 1883 5027 ἐξω-

308 5065 471 5137 τέρου
503 5066 747 5128 σκότους,
787 5063 915 5117 ἔνθα
942 5066 971 5116 ὁ
1005 5061 1103 5132 μέν
1132 5078 1216 5124 τις
1248 5060 1306 5111 ἐν
1339 5055 1603 5127 κλαυθμῷ
1637 5055 1819 5125 μόνον,
1855 5055 1885 5108 ὁ

310 5156 369 5210 δέ
390 5174 473 5220 τις
492 5157 585 5209 καὶ
615 5158 671 5209 ἐν
702 5153 931 5226 βρυγμῷ
953 5152 1061 5206 τῶν
1087 5151 1339 5213 ὀδόντων,
1362 5148 1452 5202 διά
1472 5147 1532 5200 τὸ
1554 5144 1883 5215 ἐπιτεταμέ-

311 5263 403 5299 νον
436 5246 545 5300 τῶν
577 5247 755 5300 πόνων
786 5246 1019 5315 γίνεται.
1062 5243 1172 5296 Καὶ
1207 5241 1269 5294 τὸ
1306 5237 1569 5310 ἐξώτερον
1607 5236 1666 5290 δὲ
1696 5236 1886 5298 σκότος

387 5397 711 5463 “I.uc.xn,
741 5398 831 5452 47.
911 5399 952 5429 ¹¹
995 5396 1183 5456 Matth.
1222 5412 1340 5452 xcv.
1388 5394 1479 5452 b6.
1557 5390 1747 5446 “ibid.
1797 5390 1884 5444 Η.

312 5469 402 5524 46.
482 5471 522 5501 ⁸⁷
566 5469 699 5523 Luc.
759 5485 853 5534 xu,
896 5469 986 5523 47.

316 5694 323 5700 _
388 5624 463 5689 (1)
496 5627 618 5700 των
648 5623 975 5700 answer;
1010 5623 1192 5679 Codex
1225 5629 1456 5690 uterque
1501 5633 1601 5688 pro
1626 5619 1712 5673 his
1739 5616 1889 5673 voci-

316 5694 422 5751 bus
452 5697 628 5749 nahet.
664 5713 773 5747 των
799 5694 1037 5762 ἀγαθῶν.

390 5767 466 5836 (‘2)
495 5768 604 5819 Καὶ
654 5760 861 5848 ἄλλοςζ
894 5762 1028 5820 Cod.
1062 5762 1196 5818 1992
1236 5765 1326 5815 καὶ
1382 5760 1536 5824 ἄλλος
1578 5760 1763 5820 τόπος,
1813 5760 1888 5812 Ac

1974 3205 2164 3261 multis
2190 3203 2389 3259 divinae
2416 3201 2717 3272 Scriptura:
2748 3199 2886 3256 locis
2916 3198 3246 3260 habeantur,
3279 3196 3385 3252 hoc
3408 3212 3550 3264 quo-

1973 3314 2081 3369 que
2129 3313 2300 3352 unum
2347 3292 2594 3366 profecto
2639 3298 2724 3348 est
2780 3293 2857 3346 ex
2904 3289 3156 3347 artiﬁciis
3208 3288 3434 3355 diaboli,
3490 3295 3551 3341 ut

1977 3390 2137 3446 multi
2181 3387 2435 3443 homines
2483 3388 2636 3443 velut
2682 3384 2841 3440 obliti
2880 3390 2961 3437 tot
2995 3392 3051 3437 et
3090 3381 3281 3436 talium
3334 3379 3552 3434 Domini

1975 3482 2405 3547 sententiarum,
2451 3493 2563 3550 quo
2604 3475 2817 3546 majore
2859 3490 2986 3530 cum
3030 3474 3259 3529 audacia
3305 3479 3550 3543 peccent,

1977 3572 2081 3628 sibi
2114 3573 2274 3627 ﬁnem
2310 3567 2566 3641 supplicii
2595 3566 2820 3638 ﬁngant.
2857 3566 3018 3636 552
3046 3564 3257 3621 Etenim
3286 3565 3331 3619 si
3362 3573 3555 3619 aeterm

1977 3662 2233 3734 supplicii
2279 3661 2499 3716 futurus
2531 3668 2616 3715 est
2660 3658 2955 3727 aliquando
2990 3660 3133 3721 linis,
3164 3658 3325 3712 ﬁnem
3364 3656 3555 3726 utique

1975 3754 2231 3808 habitura
2273 3762 2358 3807 est
2389 3751 2554 3807 etiam
2597 3749 2710 3804 vita
2739 3758 2961 3803 aeterna.
3005 3747 3160 3814 Quod
3193 3749 3240 3803 si
3273 3763 3380 3802 non
3426 3761 3554 3816 pos-

1977 3860 2173 3902 sumus
2208 3842 2341 3897 illud
2372 3842 2441 3898 de
2463 3840 2573 3897 vita
2615 3850 2817 3896 aeterna
2849 3839 3172 3909 intelligere,
3207 3854 3312 3909 qua
3341 3840 3555 3894 ratione

1979 3935 2249 4008 supplicio
2295 3942 2499 3988 aeterno
2545 3931 2845 3987 ascribitur
2893 3928 3060 3984 ﬁnis?
3102 3929 3236 3983 Nam
3269 3930 3554 3999 aequaliter

1977 4052 2078 4107 pro
2105 4043 2339 4104 utroque
2377 4032 2610 4087 habetur
2649 4029 2835 4085 retenti
2876 4027 3132 4096 adjectio.
3184 4025 3345 4080 Ibunt
3390 4027 3554 4090 enim,

1979 4129 2177 4200 inquit,
2223 4127 2278 4180 Ιιὶ
2321 4126 2377 4178 in
2406 4123 2721 4194 supplicium
2752 4131 3008 4176 wternum
3054 4133 3075 4174 :
3107 4118 3246 4189 justi
3288 4126 3463 4171 autem
3500 4121 3555 4172 in

1979 4222 2142 4276 vitam
2194 4227 2447 4273 aeternam
2494 4217 2557 4269 ”.
2603 4213 2795 4284 Itaque
2838 4212 3005 4267 etiam
3046 4211 3179 4265 illud
3206 4250 3221 4273 ,
3271 4209 3555 4276 Vapulabit

1980 4312 2197 4375 multis,
2250 4319 2299 4364 et
2355 4308 2539 4377 paucis
2569 4307 2634 4372 ³⁷,
2668 4321 2781 4361 non
2821 4304 3006 4367 linem,
3044 4302 3139 4359 sed
3178 4301 3553 4357 diversitatem

1981 4404 2237 4477 supplicii
2269 4401 2566 4475 signiﬁcat.
2601 4399 2660 4454 Si
2689 4400 2836 4454 enim
2864 4397 3009 4452 Deus
3034 4396 3222 4466 justus
3251 4394 3417 4465 judex
3451 4404 3555 4461 est,

1912 4477 1959 4536 ί)
1987 4514 2097 4553 non
2126 4497 2288 4552 bonis
2316 4494 2515 4558 solum,
2546 4492 2640 4548 sed
2672 4490 2835 4547 malis
2872 4489 3057 4552 etiam,
3081 4487 3320 4542 reddens
3344 4485 3538 4540 unicui

1985 4606 2095 4662 que
2135 4589 2295 4659 juxta
2344 4600 2510 4656 opera
2560 4598 2701 4648 sua,
2745 4589 2927 4653 potest
2975 4580 3118 4634 alius
3171 4594 3295 4633 esse
3361 4579 3556 4647 dignus

1985 4683 2112 4753 igne
2158 4676 2629 4747 inexstinguihili,
2671 4675 2765 4745 qui
2810 4682 2903 4728 aut
2960 4673 3182 4726 mollius
3230 4677 3325 4724 aut
3374 4670 3555 4723 acrius

1985 4776 2217 4830 adurat:
2244 4772 2385 4826 alius
2415 4782 2599 4824 verme
2625 4780 2906 4836 nunquam
2936 4765 3224 4829 morituro,
3258 4761 3353 4831 qui
3389 4761 3555 4816 etiam

1987 4874 2082 4921 aut
2127 4865 2316 4919 mitius
2370 4868 2465 4916 aut
2512 4859 2768 4914 acerbius
2814 4857 3092 4911 excruciet
3136 4870 3236 4925 pro
3288 4852 3559 4922 cujusque

1988 4957 2189 5012 merito
2243 4970 2257 5005 :
2313 4951 2453 5006 alius
2506 4950 2775 5019 gebenna,
2823 4960 2946 5015 qua:
3014 4942 3169 4998 varia
3222 4958 3285 4995 ac
3338 4941 3559 5011 penitus

1987 5050 2204 5104 diversa
2236 5044 2501 5116 supplicia
2529 5041 2725 5096 habeat
2760 5054 2776 5105 ;
2814 5038 2967 5092 alius
2997 5034 3363 5092 exterioribus
3407 5043 3557 5088 tene-

1987 5140 2124 5199 bris.
2167 5137 2259 5191 ubi
2314 5135 2405 5191 hic
2448 5133 2665 5203 quidem
2710 5131 2767 5185 in
2824 5127 2953 5184 ﬁetu
2994 5128 3209 5191 solum,
3275 5125 3368 5180 ille
3429 5139 3557 5180 vero

1990 5234 2046 5288 in
2081 5230 2329 5286 dentium
2368 5227 2535 5283 etiam
2578 5223 2816 5278 stridore
2863 5220 2935 5275 ob
2985 5218 3236 5275 dolorum
3265 5216 3557 5271 vebemem

1962 5388 2005 5420 ⁸⁸
2042 5385 2209 5441 Marc.
2263 5402 2340 5449 Ix.
2383 5384 2472 5439 45.
2552 5382 2597 5413 ”
2625 5380 2729 5435 lsa.
2772 5392 2918 5445 LXVI,
2957 5376 3046 5429 24.
3128 5374 3173 5405 ¹⁶
3213 5372 3401 5428 Matth.
3430 5389 3557 5438 xu,

1991 5604 2131 5658 alius
2162 5601 2407 5671 gehenna:
2440 5612 2604 5655 απυδ.

2061 5665 2256 5745 (5)111:
2282 5687 2462 5745 ferta.
2502 5671 2578 5745 De
2606 5669 2859 5745 ΔΙιιρεηιϋς
2907 5665 3402 5745 librisﬂngegtilium,
3435 5666 3561 5723 174.

2062 5736 2138 5813 (ι)
2179 5741 2247 5797 Ex
2276 5740 2486 5812 Reguli:
2509 5736 2696 5810 [νείκε’
2715 5739 2977 5804 tractatis,
3005 5738 3129 5804 506,
3156 5736 3277 5791 ΞθἹ.
