3874 6224
331 311 468 368 1303

1236 319 1598 379 APPENDIX.
1638 353 1706 366 —-
1746 322 2086 380 SYMEONIS
2123 324 2662 381 METAPHRASTIE

3433 326 3573 379 1304

326 430 458 487 tiam
493 430 736 487 exsistat.
767 430 909 499 Quin
938 442 991 489 ct
1022 438 1325 496 exteriores
1355 440 1460 496 illae
1486 443 1727 497 tenebrae
1758 443 1895 500 alias

2008 444 2284 514 ὅποιραίνει
2328 444 2546 507 πάντως
2590 440 2732 497 εἶναι
2777 459 2870 496 και
2903 440 3189 514 ἐσώτερον.
3226 440 3337 494 Καὶ
3362 442 3443 503 τὸ,
3472 442 3575 503 Εις

326 520 494 574 aiam
548 536 776 591 prorsus
839 541 962 582 esse
999 528 1291 586 interiores
1337 533 1602 588 indicant.
1656 533 1721 586 Et
1764 533 1895 591 illud

327 610 476 679 quod
527 611 735 668 dictum
778 624 863 670 est
907 617 964 672 in
1002 616 1320 676 Proverbiis
1358 622 1422 688 “,
1470 621 1538 678 In
1574 623 1898 691 profundum

328 701 552 769 inferni,
603 703 847 760 declarat
884 708 1150 777 quosdam
1208 727 1332 767 esse
1386 715 1442 768 in
1498 714 1718 771 inferno
1776 717 1900 786 qui-

328 790 477 858 dem,
517 797 611 849 sed
653 813 759 852 non
814 798 868 852 in
923 801 1195 871 profundo
1231 803 1452 870 inferni,
1497 807 1592 876 qui
1637 805 1897 863 leviorem

330 895 550 950 pmnam
607 886 903 955 perferant.
955 895 967 909 ‘
1014 890 1234 949 Minime
1270 902 1451 950 autem
1495 896 1899 951 existimaveris

329 990 418 1029 me
474 978 639 1031 veluti
701 981 981 1035 nutritiam
1031 986 1323 1054 quamdam
1388 996 1655 1054 matrem,
1716 990 1899 1046 larvas

330 1066 426 1121 tibi
475 1083 539 1122 ac
590 1072 845 1126 terricula
893 1075 1218 1141 obtrudere,
1273 1080 1728 1148 quemadmodum
1794 1084 1900 1137 illae

331 1155 635 1213 infantibus
693 1163 939 1231 puerulis
994 1165 1359 1236 incomposite
1432 1170 1898 1242 pertinaciterque

327 1246 583 1306 ﬂentibus
629 1251 879 1308 factitare
921 1265 1346 1321 consueverunt,
1394 1273 1598 1329 eosque
1654 1258 1795 1315 fictis
1846 1270 1901 1314 et

329 1344 726 1401 commentitiis
820 1350 1231 1405 narrationibus
1306 1359 1683 1420 compescunt.
1774 1352 1900 1408 Haec

327 1433 474 1485 enim
531 1450 641 1488 non
702 1434 935 1501 fabulae,
986 1439 1079 1493 sed
1143 1439 1367 1494 minime
1435 1442 1664 1495 mendax
1718 1458 1899 1498 sermo

327 1521 488 1593 longe
526 1534 655 1580 ante
698 1542 831 1583 voce
867 1530 1264 1599 promulgatas.
1306 1528 1538 1601 Tibique
1583 1540 1736 1586 certo
1775 1549 1898 1602 per-

328 1615 563 1671 suadeas
631 1619 840 1685 velim,
913 1610 1154 1674 futuram
1208 1622 1504 1692 aliquando
1581 1623 1896 1694 diligentem

328 1716 464 1762 actae
495 1709 618 1763 vitae
658 1712 1193 1781 pervestigationem.
1233 1712 1310 1783 (1)
1347 1712 1599 1771 Amixisti
1640 1713 1900 1770 fratrem?

2001 535 2275 605 πυθμένα
2317 534 2489 601 ᾅδου,
2522 536 2582 588 ἐν
2620 534 2947 605 Παροίμιαις
2976 532 3263 604 εἰρημένον
3293 531 3461 601 δηλοῖ,
3489 532 3572 583 ὃτι

1999 628 2105 682 είσί
2133 643 2276 689 τινες
2316 628 2376 679 ἐν
2410 626 2489 697 τῷ
2521 625 2620 698 ᾄδῃ
2665 625 2786 695 μὲν,
2822 625 2923 677 οὐκ
2961 625 3021 676 ἐν
3063 622 3299 693 πυθμένι
3333 621 3390 675 δὲ
3423 621 3570 691 ᾅδου.

1998 717 2226 786 κουφοτέ
2238 734 2335 789 ραν
2367 716 2728 787 ὑπομένοντες
2754 714 2852 785 τὴν
2880 713 3121 767 κόλασιν.
3155 712 3265 766 Καὶ
3296 713 3367 783 μή
3397 727 3465 781 με
3486 728 3573 763 νο-

2002 809 2166 880 μίσῃς
2195 806 2384 877 ὥσπερ
2412 805 2624 877 μητέρα
2652 802 2775 857 τινά
2798 803 3016 874 τροφὸν,
3048 801 3220 873 ψευδῆ
3254 817 3339 853 σοι
3367 817 3577 871 μορμο-

1999 900 2188 954 λύκεια
2215 895 2500 961 ἐπισείειν,
2528 894 2715 965 ὥσπερ
2742 896 2945 949 ἐκεῖναι
2973 896 3145 946 ποιεῖν
3172 894 3302 964 περὶ
3324 894 3453 955 τοὺς
3480 909 3577 961 νη-

1999 992 2157 1053 πίους
2180 990 2289 1044 τῶν
2310 989 2515 1044 παίδων
2535 986 2808 1051 εἰώθασιν,
2824 988 2951 1040 ὅταν
2966 985 3234 1057 θρηνῶσιν
3249 986 3464 1040 ἄτακτα
3481 984 3578 1037 καὶ

1999 1082 2305 1153 ἀπέραντα,
2335 1081 2430 1134 καὶ
2465 1080 2532 1133 δι’
2564 1079 2913 1141 ἐπιπλάσεως
2951 1078 3063 1131 τῶν
3095 1077 3451 1147 διηγημάτων
3476 1092 3578 1127 κα-

1998 1173 2367 1242 τασιγάζουσι.
2400 1172 2445 1224 Τ
2447 1170 2586 1224 αὕτα
2608 1170 2719 1241 γάρ
2744 1170 2804 1222 οὒ
2841 1168 3031 1239 μῦθος,
3063 1169 3198 1221 ἀλλά
3225 1167 3383 1236 λόγος
3412 1166 3581 1235 ἀψευ-

1997 1264 2094 1337 δὴς
2133 1262 2653 1336 προκεκηρυγμένος
2692 1265 2843 1333 φωνῇ
2869 1262 2972 1331 (5).
3009 1262 3121 1315 Καὶ
3161 1261 3270 1313 ῐσθι
3306 1257 3580 1329 ἀκριϐῶς,

1998 1357 2081 1409 ὅτι
2134 1358 2422 1426 γενήσεται
2469 1353 2576 1406 τῶν
2634 1352 2978 1423 βεϐιωμένων
3029 1352 3251 1422 ἐλεγχος
3314 1349 3579 1421 ἀκριϐής.

2003 1446 2266 1517 Ἔθλιψας
2290 1446 2381 1500 τὸν
2406 1445 2662 1515 ἀδελφόν;
2695 1445 2917 1515 ἐκδέχου
2941 1445 3003 1497 τὸ
3027 1444 3161 1497 ἴσον.
3190 1444 3490 1513 Ἦρπασας
3512 1440 3586 1492 τά

2002 1536 2111 1589 τῶν
2159 1535 2584 1606 ὑποδεεστέρων,
2628 1533 3085 1595 κατεκονδύλισας
3145 1532 3410 1601 πένητας,
3448 1545 3586 1582 κατ-

2000 1630 2241 1701 ῄσχυνας
2279 1631 2339 1684 ὲν
2361 1628 2671 1699 λοιδορίαις,
2724 1625 3187 1695 ἐσυκοφάντησας,
3233 1620 3585 1691 κατεψεύσω,

2001 1721 2301 1790 ἀλλοτρίοις
2339 1719 2736 1783 ἐπεϐούλευσας
2768 1718 2988 1789 γάμοις,
3033 1712 3413 1785 ἐπιώρκησας,
3457 1712 3586 1781 ὅρια

328 1813 429 1868 par
493 1810 772 1871 exspecta.
851 1802 1099 1873 Rapuisti
1178 1803 1503 1860 inferiorum
1570 1806 1896 1872 facultates,

2008 1810 2250 1881 πατέρων
2281 1808 2608 1879 μετέθηκας,
2632 1808 2910 1878 κτήμασιν
2931 1803 3182 1875 ὀρφανῶν
3210 1800 3458 1870 ἀπῆλθες
3482 1799 3584 1870 (4),

330 1891 527 1960 pugnis
553 1905 819 1962 pauperes
864 1894 1155 1961 cecidisti,
1192 1910 1289 1966 per
1329 1894 1577 1951 convicia
1620 1897 1905 1952 incussisti

332 1984 628 2054 pudorem,
680 1988 1047 2045 calumniatus
1103 2004 1198 2054 es,
1248 1990 1512 2046 mentitus
1566 2005 1665 2053 es,
1710 1989 1905 2047 alienis

331 2076 535 2145 nuptiis
596 2078 800 2146 parasti
858 2079 1110 2143 insidias,
1158 2081 1435 2150 pejerasti,
1489 2081 1751 2136 terminos
1794 2095 1904 2150 pa-

331 2175 474 2220 trum
523 2169 937 2239 transposuisti,
983 2170 1357 2240 orphanorum
1401 2170 1648 2227 invasisti
1680 2186 1901 2241 posses-

331 2259 534 2322 siones.
575 2261 769 2315 viduas
809 2263 1156 2332 Oppressisti,
1200 2263 1362 2319 bonis
1409 2264 1698 2335 promissis
1755 2278 1899 2333 pra:-

329 2352 502 2407 tulisti
544 2362 868 2423 prtesentem
924 2354 1305 2425 voluptatem?
1332 2355 1515 2412 Vicem
1556 2356 1643 2412 his
1674 2355 1896 2426 dignam

1999 1902 2174 1973 χήρας
2195 1899 2504 1969 ἐξέθλιψας,
2534 1900 2633 1971 τὴν
2660 1897 2944 1969 παροῦσαν
2965 1896 3157 1967 ἡδονὴν
3180 1892 3291 1946 τῶν
3319 1894 3380 1946 ἐν
3411 1893 3585 1958 ἐπαγ·

2001 1993 2208 2062 γελίαις
2240 1990 2463 2060 ἀγαθῶν
2503 1990 2907 2062 προετίμησας;
2957 1986 3209 2056 Ἐκδέχου
3247 1984 3458 2037 τούτων
3484 1983 3587 2052 τὴν

2005 2082 2415 2153 ἀντιμέτρησιν.
2446 2075 2548 2134 υἷα
2581 2080 2688 2151 γὰρ
2715 2078 2929 2148 σπείρει
2957 2077 3209 2138 ἕκαστος,
3236 2073 3466 2127 τοιαῦτα
3490 2073 3590 2126 καὶ

2006 2171 2230 2244 θερίσει.
2258 2170 2370 2224 Καὶ
2401 2170 2586 2241 μέντοι
2617 2170 2713 2223 καὶ
2741 2168 2796 2222 εἰ
2820 2186 2874 2221 τι
2894 2167 3002 2220 τῶν
3024 2164 3243 2233 ἀγαθῶν
3266 2162 3591 2235 πέπρακταὶ

2006 2280 2108 2329 σοι,
2154 2263 2422 2317 κάκείνων
2472 2262 2694 2332 ἐκδέχου
2740 2260 3137 2331 παραπλησίως
3171 2257 3249 2326 (5)
3292 2257 3398 2320 τὰς
3434 2257 3589 2309 ἀντι·-

2001 2355 2196 2418 δόσεις.

327 2456 600 2516 exspecta.
681 2446 873 2514 Qualia
947 2448 1093 2502 enim
1159 2450 1542 2521 unusquisque
1610 2450 1888 2516 seminat,
1926 2450 2055 2504 talia
2097 2459 2153 2505 et
2195 2457 2382 2506 metet.
2420 2448 2693 2503 Caeterum
2742 2446 2790 2502 si
2836 2443 2972 2516 quid
3013 2445 3181 2500 etiam
3223 2442 3355 2498 boni
3405 2441 3509 2496 abs
3540 2450 3594 2496 le

327 2546 695 2608 perpetratum
730 2549 835 2606 est,
878 2542 1370 2597 remunerationem
1408 2542 1663 2598 similiter
1705 2548 1981 2612 exspecta.

397 2629 449 2684 4.
502 2630 577 2699 (2)
615 2630 805 2700 Cogita
848 2641 1064 2697 autem,
1106 2648 1140 2688 ο
1182 2633 1377 2697 homo,
1413 2633 1557 2688 diem
1597 2645 1898 2689 extremam

329 2720 622 2791 (siquidem
660 2738 769 2776 non
823 2732 881 2777 tu
912 2725 1065 2780 solus
1100 2725 1359 2780 saeculum
1405 2732 1670 2779 aeternum
1701 2725 1897 2797 vives),

326 2814 675 2878 anxietatem,
717 2814 1154 2881 suifocationem,
1199 2817 1395 2871 mortis
1441 2816 1656 2880 horam,
1696 2832 1900 2887 urgen-

328 2910 437 2958 tem
469 2902 564 2958 Dei
596 2905 949 2972 sententiam,
992 2906 1320 2963 festinantes
1359 2908 1608 2978 angelos,
1658 2908 1901 2962 animum

330 2993 537 3048 interea
575 2995 814 3064 graviter
856 2998 1256 3067 perturbatum,
1299 3006 1354 3052 et
1393 2998 1739 3053 conscientia
1774 3014 1903 3070 pec.

2073 2633 2127 2687 4.
2170 2631 2317 2686 Λάϐε
2348 2632 2529 2685 τοίνυν
2569 2632 2650 2693 εἰς
2692 2629 2898 2684 ἔννοιαν
2941 2627 3038 2696 τὴν
3071 2627 3309 2698 ἐσχάτην
3346 2627 3590 2697 ἡμέραν,

2003 2720 2049 2779 ὦ
2077 2724 2333 2796 ἄνθρωπε
2368 2723 2451 2794 (οὐ
2475 2723 2585 2793 γάρ
2617 2722 2682 2793 δὴ
2713 2724 2777 2775 σὺ
2812 2722 2971 2792 μόνος
2994 2721 3085 2773 τὸν
3114 2720 3285 2772 αἰῶνα
3317 2718 3591 2789 βιώσεις),

2004 2818 2098 2871 καὶ
2133 2817 2231 2889 τὴν
2264 2815 2491 2886 συνοχὴν
2518 2814 2593 2886 (6)
2622 2815 2717 2869 καὶ
2749 2814 3001 2883 πνιγμὸν,
3024 2813 3119 2866 καὶ
3152 2812 3385 2866 θανάτου
3413 2811 3590 2882 ὥραν,

2006 2911 2100 2965 καὶ
2152 2908 2426 2978 ἀπόφασιν
2471 2906 2604 2961 Θεοῦ
2660 2905 3117 2975 κατεπείγουσαν,
3174 2906 3269 2958 καὶ
3318 2905 3593 2973 ἀγγέλοκ

2005 2997 2450 3061 ἐπισπεύδοντας,
2492 2998 2588 3051 καὶ
2626 2996 2804 3069 ψυχὴν
2850 2999 2908 3049 ἐν
2945 2996 3160 3059 τούτοις
3202 2996 3395 3058 δεινῶς
3428 2994 3591 3066 θορυ-

329 3087 539 3141 catrice
564 3102 750 3142 amare
780 3090 1179 3154 excruciatum,
1218 3105 1387 3161 seque
1415 3090 1810 3149 miserabiliter
1836 3095 1901 3146 ad

2008 3090 2295 3161 Βουμένην,
2341 3091 2436 3143 καὶ
2485 3087 2794 3161 ἁμαρτωλῷ
2826 3087 3084 3140 συνειδότι
3138 3086 3351 3158 πικρῶς
3389 3104 3589 3157 μαστι-

330 3192 394 3231 ea
438 3193 560 3247 quae
603 3178 692 3233 hic
741 3190 871 3235 sunt
908 3188 1343 3246 convertentem,
1395 3195 1460 3234 ac
1496 3181 1901 3236 ineluctabilem

330 3270 491 3339 longe
525 3270 673 3326 illius
704 3273 1166 3343 peregrinationis
1196 3274 1610 3329 necessitatem.
1644 3273 1904 3330 Describe

331 3361 467 3414 mihi
495 3376 548 3413 ιη
573 3370 751 3417 mente
773 3370 867 3417 tua
890 3372 1200 3419 extremum
1223 3366 1533 3420 communis
1560 3366 1686 3420 vitae
1715 3364 1901 3428 tinem,

330 3467 457 3505 cum
496 3454 677 3507 veniet
727 3452 900 3509 Filius
945 3456 1187 3511 hominis
1231 3456 1289 3511 in
1326 3456 1499 3527 gloria
1545 3471 1668 3513 sua.
1723 3456 1904 3511 Veniet

332 3542 473 3594 enim
511 3552 559 3594 et
594 3559 700 3597 non
728 3544 904 3599 silebit
928 3546 971 3579 ¹’
1004 3564 1017 3600 :
1055 3546 1316 3601 nimirum
1350 3548 1571 3617 quando
1603 3549 1786 3603 veniet
1814 3548 1906 3619 ju~

333 3628 618 3687 dicaturos
642 3633 796 3688 vivos
820 3644 874 3690 et
901 3643 1169 3699 mortuos,
1198 3645 1362 3708 atque
1385 3638 1684 3708 unicuique
1708 3654 1906 3695 secun-

334 3723 464 3777 dum
495 3740 635 3795 opus
664 3741 824 3780 suum
854 3726 1205 3796 redditurus;
1239 3730 1461 3799 quando
1495 3730 1628 3785 tuba
1664 3731 1758 3784 illa
1790 3745 1908 3784 ma-

334 3829 499 3883 gnum
532 3814 792 3885 quiddam
826 3830 891 3869 ac
922 3816 1258 3872 horrendum
1292 3833 1497 3874 sonans
1524 3820 1785 3874 excitabit
1813 3835 1908 3874 eos

336 3904 429 3972 qui
458 3904 526 3959 ab
547 3904 679 3959 orbe
708 3906 932 3961 condito
963 3906 1305 3973 dormierint,
1341 3908 1501 3979 553
1535 3920 1589 3965 et
1616 3911 1909 3980 precedent

335 3996 432 4065 qui
465 3996 605 4051 bona
635 3996 886 4064 fecerint,
915 3999 975 4055 in
997 4001 1457 4056 resurrectionem
1489 4002 1634 4067 vitaz,
1657 4005 1750 4073 qui
1777 4019 1907 4059 vero

336 4090 501 4152 mala,
546 4089 603 4144 in
633 4093 1100 4149 resurrectionem
1134 4092 1329 4163 judicii
1356 4094 1420 4149 ιθ.
1470 4093 1687 4149 Revoca
1724 4095 1823 4150 tibi
1852 4096 1906 4150 in

336 4181 655 4235 memoriam
686 4182 896 4238 Danieli
925 4184 1166 4238 oblatam
1197 4182 1292 4238 Dei
1316 4184 1607 4249 visionem,
1633 4185 1908 4255 quomodo

336 4272 500 4327 nobis
533 4274 604 4327 ob
635 4275 827 4329 oculos
865 4274 1133 4345 judicium
1186 4285 1373 4346 ponat.
1418 4277 1774 4348 Aspiciebam,
1820 4278 1907 4330 in-

337 4361 477 4428 quit,
517 4361 679 4415 donec
725 4363 897 4417 throni
932 4365 1097 4432 positi
1125 4375 1269 4431 sunt,
1312 4374 1364 4420 et
1410 4366 1672 4438 Antiqua:
1701 4369 1901 4422 dierum

337 4450 493 4505 sedit.
525 4449 573 4503 F
576 4451 752 4506 lumen
772 4454 905 4523 ignis
928 4430 1168 4510 trahebat
1201 4430 1261 4511 in
1282 4430 1561 4526 conspecta
1587 4459 1721 4530 ejus.
1753 4458 1905 4515 Mille
1935 4430 1982 4490 Β

338 4541 510 4596 millia
537 4542 896 4599 deserviebant
915 4547 985 4607 ei,
1015 4556 1065 4601 et
1092 4546 1227 4601 dena
1254 4549 1429 4602 millia
1450 4548 1645 4603 denum
1674 4552 1903 4605 millium

339 4634 660 4688 assistebant
687 4637 752 4690 ei.
792 4636 1095 4709 Judiciique
1127 4639 1299 4694 locum
1347 4643 1642 4707 constituit,
1691 4653 1741 4697 et
1784 4645 1906 4698 libri

340 4728 512 4794 aperti
567 4730 790 4793 sunt“,
846 4729 1011 4795 bona,
1073 4732 1235 4797 mala,
1298 4733 1609 4798 manifesta,
1668 4737 1903 4795 occulta.

339 4818 605 4881 actiones,
637 4819 824 4887 verba,
865 4822 1246 4891 cogitationes,
1280 4825 1460 4878 omnia
1498 4826 1816 4891 acervatim,
1846 4835 1908 4881 ut

343 4911 410 4962 ab
437 4909 691 4965 omnibus
725 4919 781 4965 et
812 4914 1022 4982 angelis
1061 4922 1116 4969 et
1153 4915 1466 4972 hominibus
1498 4917 1743 4973 exaudiri
1779 4933 1908 4989 pos-

416 5063 460 5096 ³⁸
495 5063 655 5119 Prov.
712 5082 788 5130 Ix,
833 5067 888 5121 8.
969 5068 1012 5103 ¹⁹
1041 5067 1167 5125 Psal

414 5222 492 5281 il)
534 5220 605 5292 Ex
632 5221 779 5276 hom.
801 5223 858 5275 in
884 5224 1021 5292 psal.
1057 5240 1169 5291 ιιι,
1195 5224 1316 5282 198.

414 5292 491 5361 (2)
530 5291 606 5343 Ex
629 5293 787 5361 epist.
816 5291 961 5357 mu,
987 5294 1109 5347 158.

522 5360 714 5439 Φωνῇ.
745 5360 839 5439 §ic
862 5362 1072 5439 Regius
1109 5364 1279 5439 codex
1317 5365 1475 5439 1992,
1521 5370 1714 5423 melius
1746 5382 1900 5439 quam

345 5429 482 5484 editi
508 5429 692 5497 φωνεῖ.
744 5430 913 5485 Paulo
946 5429 1068 5502 post
1112 5434 1252 5487 idem
1293 5437 1464 5491 codex
1491 5439 1583 5491 καὶ
1622 5429 1780 5494 ε’στε.⁸
1810 5437 1909 5492 llic

348 5507 525 5579 autem
542 5503 693 5579 locus
725 5502 791 5554 ab
813 5503 896 5579 his
925 5503 1128 5579 verbis,
1154 5506 1245 5557 καὶ
1274 5506 1348 5575 μή
1387 5507 1700 5579 μενομίσῃς,
1736 5524 1906 5574 usque

350 5569 560 5645 adlil‘la,
592 5569 809 5645 ἐλεγχος
832 5572 1083 5645 ἀκριϐής,
1114 5567 1224 5645 non
1269 5567 1530 5645 repertus
1544 5579 1599 5631 in
1623 5567 1903 5632 contextu.

420 5638 496 5712 (ᾗ)
535 5638 839 5712 ςᾼπῆλθες.
876 5638 1031 5712 Forte
1055 5638 1505 5712 κέπῆλθεςίιζοιτ.

424 5709 499 5777 (5)
525 5710 991 5775 Παραπλησίως.“
1021 5709 1189 5782 Magis
1220 5715 1421 5770 arridet
1459 5717 1571 5772 haec
1614 5718 1905 5786 scriptura,

2006 3184 2275 3255 γουμένην
2310 3184 2409 3254 (7),
2441 3183 2535 3236 καὶ
2572 3181 2710 3253 πρὸς
2750 3179 2819 3233 τά
2861 3179 2987 3250 τῇδε
3037 3178 3285 3242 ἐλεεινῶς
3340 3178 3593 3249 ἐπιστρέ-

2007 3291 2231 3343 φουσαν,
2273 3273 2366 3327 καὶ
2403 3272 2777 3343 ἀπαραίτητον
2805 3271 2902 3340 τῆς
2945 3270 3162 3340 μακρᾶς
3196 3269 3416 3340 ἐκείνης
3451 3272 3592 3323 ἀπο-

2005 3366 2205 3438 δημίας
2247 3367 2514 3436 ἀνάγκην.
2554 3363 2864 3434 Διάγραψόν
2902 3380 2992 3435 μοι
3024 3365 3091 3432 τῇ
3132 3361 3343 3431 διανοίᾳ
3374 3363 3477 3432 τὴν
3504 3379 3590 3414 τε-

2005 3459 2256 3513 λευταίαν
2304 3456 2398 3510 τοῦ
2443 3456 2623 3509 κοινοῦ
2665 3455 2780 3524 βίου
2823 3454 3226 3524 καταστροφὴν,
3282 3452 3416 3505 ὅταν
3459 3452 3589 3523 ἔλθη

2004 3554 2033 3604 ὁ
2062 3552 2190 3614 Υἱὸς
2221 3548 2314 3603 τοῦ
2342 3547 2627 3621 ἀνθρώπου
2668 3550 2726 3600 ἐν
2763 3550 2831 3618 τῇ
2866 3547 2990 3617 δόξῃ
3025 3545 3213 3600 αὐτοῦ.
3244 3545 3407 3607 Ἠξει
3453 3544 3584 3611 γὰρ,

2005 3639 2103 3693 καὶ
2138 3640 2210 3692 οὐ
2245 3634 2808 3705 παρασιωπήσεται·
2845 3636 2971 3689 ὅταν
3004 3635 3132 3705 ἔλθῃ
3166 3636 3350 3705 κρῖναι
3378 3633 3587 3697 ζῶντας

2005 3730 2100 3783 καὶ¹
2131 3730 2376 3799 νεκροὺς,
2411 3727 2504 3781 καὶ
2550 3727 2842 3780 ἀποδοῦναι
2876 3727 3090 3795 ἑκάστῳ
3127 3724 3271 3776 κατά
3316 3722 3416 3794 τὴν
3448 3725 3589 3792 πρᾶ-

2008 3820 2088 3884 ξιν
2125 3819 2322 3873 αὐτοῦ’
2361 3819 2488 3872 ὅταν
2516 3821 2550 3890 ἡ
2582 3818 2817 3886 σάλπιγξ
2853 3817 3058 3887 ἐκείνη,
3098 3816 3239 3885 μέγα
3267 3832 3321 3868 τι
3362 3817 3459 3867 καὶ
3498 3830 3589 3881 φο-

2006 3910 2167 3981 ϐερὸν
2198 3911 2470 3981 ὴχήσασα,
2518 3912 2646 3971 τοὺς
2694 3910 2792 3963 ἀπ’
2839 3908 3033 3973 αἰῶνος
3084 3906 3349 3978 ἐξυπνίσῃ
3385 3905 3588 3959 καθεύ-

2005 4001 2217 4065 δοντας,
2250 4002 2345 4054 καὶ
2373 4001 2800 4072 ἐκπορεύσονται
2849 4002 2898 4053 οἱ
2928 4000 2997 4053 τά
3030 3998 3210 4067 ἀγαθά
3258 3999 3588 4068 ποιήσαντες

2007 4095 2086 4155 εἰς
2116 4093 2411 4147 ἀνάστασιν
2457 4093 2624 4165 ζωῆς,
2659 4094 2709 4147 oi
2739 4093 2797 4146 δὲ
2827 4092 2897 4145 τά
2930 4090 3111 4153 φαῦλα
3151 4090 3462 4162 πράξαντες
3511 4093 3589 4154 εἰς

2006 4188 2300 4242 ἀνάστασιν
2350 4187 2602 4258 κρίσεως.
2642 4184 2924 4256 Μνήσθητι
2954 4185 3053 4253 τῆς
3094 4183 3188 4237 τοῦ
3239 4183 3440 4254 Δανιὴλ
3471 4183 3589 4236 θεο-

2007 4281 2188 4344 πτίας,
2202 4281 2491 4351 ὃπωςήμίν
2506 4280 2596 4332 ὑπ’
2609 4278 2730 4348 ὄψιν
2759 4276 2991 4347 άγειτὴν
3014 4276 3213 4348 κρίσιν.
3242 4274 3585 4342 Ἐθεεὶφοωρ,

2009 4372 2194 4442 φησὶν,
2251 4372 2362 4436 ἕως
2417 4367 2489 4426 οὗ
2544 4370 2744 4437 θρόνοι
2794 4367 3110 4437 ἐτέθησαν,
3169 4366 3271 4419 καὶ
3320 4365 3586 4429 Παλαιὸς

2009 4462 2243 4533 ἡμερῶν
2293 4460 2613 4522 ἐκαθέζετο.
2660 4459 2932 4528 Ποταμὸς
2994 4457 3186 4526 πυρὸς
3245 4457 3458 4510 εἷλυεν
3508 4455 3585 4527 (8)

2009 4555 2347 4623 ἔμπροσθεν
2379 4552 2585 4606 αὐτοῦ.
2619 4552 2813 4604 Χίλιαι
2856 4548 3125 4618 χιλιάδες
3160 4548 3588 4616 ἐλειτούργουν

2011 4642 2193 4708 αὐτῷ,
2223 4641 2322 4695 καὶ
2343 4643 2547 4711 μύριαι
2562 4638 2846 4709 μυριάδες
2871 4636 3381 4706 παρειστήκεισαν
3404 4635 3586 4700 αὐτῷ.

2010 4734 2329 4804 Κριτήριον
2363 4733 2626 4797 ἐκάθισε,
2669 4731 2768 4787 καὶ
2806 4732 3011 4797 ,ϐίϐλοι
3057 4728 3474 4798 ἀνεῴχθησαν,
3519 4728 3589 4780 τά

2012 4826 2171 4889 καλὰ,
2222 4827 2292 4879 τά
2337 4826 2537 4894 φαῦλα,
2578 4826 2647 4879 τά
2695 4824 2923 4896 φανερά,
2979 4822 3047 4874 τὰ
3096 4821 3477 4891 κεκρυμμένα,
3519 4820 3589 4872 τὰ

2014 4917 2336 4989 πράγματα,
2365 4917 2434 4971 τὰ
2476 4918 2714 4989 ῥήματα,
2765 4915 2833 4969 τά
2869 4914 3249 4984 ἐνθυμήματα,
3279 4912 3351 4966 τὰ
3408 4912 3589 4966 πάντα

1236 5086 1384 5137 xux,
1415 5072 1469 5127 5.
1545 5073 1591 5106 ’⁸
1614 5072 1775 5129 Joan.
1819 5090 1872 5139 v,
1904 5073 1990 5128 39.
2070 5076 2115 5107 ἰ
2148 5071 2285 5128 Dan.
2329 5089 2425 5137 vn,
2462 5072 2611 5127 9-10.

2020 5243 2182 5298 quam
2211 5227 2353 5298 quod
2383 5226 2665 5298 legitnrrin
2689 5233 2944 5282 contextu
2968 5224 3421 5287 πολλαπλασίους,
3450 5226 3591 5279 inul-

2018 5297 2248 5359 tipliceni
2282 5297 2771 5351 remunerationem.

2088 5368 2162 5440 (6)
2196 5367 2331 5440 Tim
2358 5366 2655 5435 συνοχὴν.
2691 5364 2894 5435 Regius
2940 5364 3108 5421 codex
3144 5364 3285 5420 i992
3334 5363 3457 5418 λάϐε
3500 5380 3590 5433 μοι

2012 5455 2111 5491 τὴν
2148 5455 2373 5491 συνογην

2047 5438 2694 5589 ᾕΞἹῖῗπνιῗξέῖτουμεντνῗ
2721 5502 2812 5557 Sic
2830 5503 2973 5589 390m
2988 5503 3167 5589 ,φάθι
3186 5511 3247 5589 ξι
3260 5511 3468 5589 Ἐθηξθδ
3478 5512 3586 5583 m~s°

2013 5573 2155 5631 Editi
2190 5573 2791 5647 προσμαστιγουμένην.
2829 5573 2949 5627 Mox
2988 5574 3126 5628 idem
3171 5573 3343 5628 codex
3377 5573 3467 5626 διὰ
3491 5574 3590 5642 τὴν

2013 5645 2401 5717 ἀπαραίτητον.

2091 5709 2167 5787 (δέ)
2196 5709 2435 5769 Εἴζὶυεν.
2472 5713 2769 5769 Contcxtus
2795 5709 2946 5766 εἷλκε
