3874 6224
168 292 312 347 i305
340 332 343 333 ν

1043 288 1276 348 SERMO
1304 291 1420 348 XV.
1461 322 1533 334 -—
1568 289 1656 344 DE
1689 287 1975 346 IMPERIO
2012 290 2100 344 ET
2139 289 2567 349 POTESTATE.

3278 291 3414 348 1505

166 404 380 475 ἀθρόως
415 402 494 467 εἰς
529 402 852 468 ἐξάκουστον
892 405 1005 468 τοῖς
1038 406 1170 459 πᾶσι
1221 407 1317 460 καὶ
1348 405 1604 475 ἀγγέλοις
1646 406 1741 460 καὶ
1770 430 1783 463 Α

1868 405 1976 468 int,
2010 404 2160 459 clare
2191 412 2246 459 et
2289 415 2476 477 aperte
2514 404 2835 462 revelantes.
2871 402 2953 458 Ad
2998 404 3113 459 haec
3143 406 3418 474 quomodo

165 492 475 563 ἀνθρώποις
506 492 693 561 σαφῶς
725 492 1219 549 άνακαλύπτουσαι.
1260 495 1403 567 Πρὸς
1438 496 1612 549 ταῦτα
1642 514 1741 549 πο-

164 585 376 646 ταποὺς
402 577 544 636 εἶναι
576 582 790 653 ἀνάγκη
836 584 963 647 τοὺς
1011 584 1199 649 κακῶς
1233 585 1597 655 βεϐιωκόταςς
1632 585 1743 639 Ποῦ

165 673 280 744 ἄρα
305 674 339 743 ἡ
366 671 513 742 ψυχὴ
544 672 726 743 ἐκείνη
764 670 1150 739 καταδύσεται,
1195 675 1228 744 ἡ
1270 675 1327 726 ἐν
1369 674 1524 744 ὄψεσι
1553 674 1745 729 τοσού-

166 783 280 820 των
318 764 524 819 θεατῶν
569 764 826 835 ἐξαίφνης
864 763 1092 833 ὀφθεῖσα
1122 765 1385 836 αἰσχύνης
1428 765 1744 831 ἀνάπλεως;

169 861 309 930 ποίῳ
352 860 408 912 δὲ
451 857 664 928 σώματι
706 857 805 921 τάς
853 858 1192 930 ἀπεράντους
1236 860 1455 922 ὲκείνας
1496 860 1591 912 καὶ
1652 860 1746 912 ἀν-

170 950 460 1015 υποίστους
481 950 847 1020 ὑποστήσεται
872 951 1160 1020 μάστιγας,
1175 950 1307 1004 ὅπου
1336 950 1448 1022 πῦρ
1467 949 1746 1014 ἄσϐεστον,

171 1041 270 1094 καὶ
303 1038 519 1110 σκώληξ
546 1037 788 1092 ἀθάνατα
816 1036 1077 1103 κολάζων,
1099 1039 1193 1092 καὶ
1221 1038 1327 1093 π·υο
1336 1038 1440 1110 μὴν
1470 1038 1596 1109 ᾅδου
1629 1055 1752 1091 σκο-

169 1133 347 1196 τεινὸς
384 1131 479 1185 καὶ
510 1130 811 1203 φρικώδης,
852 1133 947 1184 καὶ
981 1131 1220 1202 οἰμωγαὶ
1255 1132 1470 1203 πικραὶ,
1509 1131 1605 1186 καὶ
1635 1131 1752 1185 ὀλο-

172 1222 382 1293 λυγμὸς
419 1221 677 1289 ἐξαίσιος,
716 1221 813 1275 καί
846 1221 1140 1293 κλαυθμὸς,
1189 1223 1284 1276 καὶ
1317 1222 1562 1293 βρυγμὸς
1605 1223 1750 1276 ὀδόν-

171 1331 305 1378 των,
341 1312 438 1366 καί
468 1312 643 1384 πέρας
672 1313 774 1367 οὐκ
801 1312 914 1383 ἔχει
936 1313 1003 1368 τὰ
1030 1314 1209 1380 δεινά;
1241 1314 1456 1368 Τούτων
1479 1315 1579 1368 οὐκ
1607 1314 1752 1367 ἔστιν

174 1400 467 1470 ἀπαλλαγὴ
523 1402 660 1471 μετά
712 1400 975 1465 θάνατον,
1030 1402 1150 1455 οὐδέ
1202 1419 1284 1464 τις
1340 1403 1583 1467 ἐπίνοια,
1633 1402 1754 1454 οὐδὲ

179 1492 398 1564 μηχανὴ
423 1492 518 1545 τοῦ
559 1491 832 1545 διεκδῦναι
861 1491 931 1544 τά
960 1492 1134 1564 πικρὰ
1174 1491 1530 1563 κολαστήρια.
1572 1491 1757 1547 Ταῦτα

177 1582 403 1652 φεύγειν
434 1583 612 1650 ἔξεστι
658 1582 774 1636 νῦν.
809 1583 953 1646 Ἕως
989 1581 1220 1648 ἔξεστιν,
1256 1584 1484 1647 ἑαυτοὺς
1524 1581 1633 1636 ἀπὸ
1659 1578 1754 1632 τοῦ

176 1671 474 1743 πτώματος
519 1671 900 1741 ἀναλάϐωμεν,
934 1672 1061 1744 μηδ’
1102 1672 1492 1744 ἀπελπίσωμεν
1522 1672 1753 1740 ἑαυτῶν,

1847 492 2071 549 allectos
2104 509 2333 551 necesse
2373 504 2459 552 est
2500 509 2626 551 esse
2668 507 2786 557 eos,
2832 492 2926 562 qui
2962 491 3105 546 male
3144 492 3421 546 vixerint?

1847 579 1952 635 Ubi
1986 581 2173 652 itaque
2202 583 2385 637 anima
2430 584 2524 638 illa
2564 582 2957 646 abscondetur,
2993 595 3113 650 qua:
3145 580 3200 634 in
3241 582 3420 636 oculis

1847 681 1928 727 tot
1955 682 2330 743 spectatorum
2361 676 2545 731 subito
2572 676 2692 732 visa
2718 674 2882 730 fuerit
2910 673 3197 728 dedecoris
3225 672 3422 741 plena?

1849 765 1996 834 quali
2028 780 2157 820 vero
2186 781 2417 837 corpore
2447 766 2659 821 inﬁnita
2692 767 2782 820 illa
2817 773 2871 821 et
2898 762 3260 819 intolerabilia
3292 776 3419 831 per-

1850 854 1986 910 feret
2017 856 2306 925 supplicia,
2327 856 2421 910 ubi
2448 856 2590 926 ignis
2621 855 3004 916 inexstinctus,
3032 864 3085 909 et
3112 852 3314 906 vermis
3336 850 3423 904 in-

1850 944 2166 1001 desinenter
2194 945 2450 1016 puniens,
2498 954 2552 1000 et
2593 947 2762 1000 imum
2808 944 2971 1000 inferi
3014 943 3420 999 tenebricosum

1850 1045 1905 1091 et
1935 1034 2269 1091 horrendum
2289 1044 2345 1091 et
2372 1037 2615 1091 ululatus
2635 1035 2829 1099 amari,
2855 1042 2913 1090 et
2930 1035 3171 1104 ejulatus
3204 1032 3420 1103 ingens,

1851 1136 1907 1184 et
1936 1128 2203 1199 ploratus,
2242 1136 2299 1184 et
2340 1128 2546 1184 stridor
2579 1126 2845 1191 dentium,
2873 1133 2928 1181 et
2963 1125 3055 1180 ubi
3088 1124 3229 1178 mala
3258 1123 3423 1179 ﬁnem

1852 1235 1961 1274 non
1998 1219 2235 1274 habent?
2271 1219 2356 1274 Ab
2395 1219 2481 1275 his
2510 1226 2637 1289 post
2666 1224 2897 1273 mortem
2933 1217 3149 1273 liberari
3177 1232 3285 1271 non
3320 1216 3423 1270 da-

1853 1319 1964 1373 tur,
2005 1326 2185 1381 neque
2209 1319 2295 1366 est
2326 1309 2596 1365 industria
2626 1310 2758 1374 ulla,
2802 1324 2979 1379 neque
3012 1324 3103 1364 ars
3129 1306 3425 1378 cﬂ‘ugiendi

1854 1416 2040 1455 amara
2068 1402 2359 1471 supplicia.
2385 1401 2463 1469 (4)
2508 1388 2637 1455 Haec
2682 1415 2832 1455 nunc
2875 1401 3050 1454 vitare
3096 1399 3244 1455 licet.
3285 1397 3424 1453 Dum

1855 1497 2035 1546 autem
2076 1492 2225 1555 licet,
2257 1491 2537 1561 erigamus
2568 1492 2940 1561 nosmetipsos
2974 1505 3041 1544 ex
3069 1504 3223 1554 casu,
3247 1503 3425 1560 neque

1855 1581 1924 1635 de
1945 1580 2105 1638 nobis
2127 1582 2227 1653 ipsi
2253 1583 2629 1653 desperemus,
2657 1582 2703 1638 si
2730 1597 2764 1636 a
2788 1582 2947 1637 malis
2982 1581 3422 1637 discesserimus.

1857 1673 1954 1728 Est
1981 1674 2070 1728 via
2113 1673 2331 1737 salutis,
2378 1673 2426 1728 si
2481 1673 2645 1729 modo
2692 1673 2948 1728 velimus.
2999 1670 3075 1744 (5)
3119 1668 3324 1736 Quaerit
3374 1680 3429 1727 te

178 1763 277 1817 ἐὰν
308 1741 671 1834 μάναλύσωμεν
718 1764 826 1817 ἀπὸ
870 1763 979 1818 τῶν
1001 1741 1221 1819 κακῶν.
1273 1741 1459 1819 Ἔστιν
1501 1767 1618 1830 ὁδὸς
1653 1784 1756 1820 σω-

1868 1773 2048 1834 pastor
2070 1764 2270 1827 bonus,
2296 1764 2513 1828 ovibus,
2544 1778 2666 1835 quae
2694 1780 2805 1818 non
2828 1777 3102 1827 erravere,
3129 1762 3425 1819 derelictis.

177 1852 398 1924 τηρίας,
431 1852 526 1907 ὲάν
561 1853 822 1925 θέλωμεν.
874 1855 942 1907 Σὲ
985 1853 1137 1926 ζητεῖ
1159 1857 1188 1908 6
1218 1856 1420 1928 ποιμὴν
1457 1857 1486 1909 6
1515 1856 1698 1921 καλὸς,
1728 1860 1757 1911 6

178 1945 499 2001 καταλιπὼν
525 1946 595 2001 τά
634 1946 709 2018 μὴ
748 1946 1156 2017 πεπλανημένα.
1203 1948 1329 2004 Ἐάν
1366 1949 1563 2019 ὲπιδῷς
1602 1966 1760 2004 σεαυ-

178 2036 294 2097 τὸν,
328 2037 428 2090 οὐκ
460 2036 698 2108 ὀκνήσει,
738 2037 846 2090 οὐδ’
876 2038 1179 2102 ἀπαξιώσει
1226 2057 1285 2093 σε
1322 2039 1352 2093 6
1381 2040 1759 2113 φιλάνθρωπος

179 2129 279 2182 ἐπὶ
307 2128 416 2182 τῶν
432 2128 598 2200 ὤμων
627 2129 895 2199 βαστάσαι
922 2130 1032 2184 τῶν
1067 2131 1234 2194 ἰδίων,
1268 2133 1472 2202 χαίρων
1498 2133 1581 2186 ὅτι
1605 2128 1760 2205 εὗρεν

181 2219 351 2274 αὐτοῦ
379 2219 441 2271 :6
470 2219 744 2290 πρόὸατον
772 2220 835 2273 :6
872 2221 1173 2286 ἀπολωλός.
1207 2222 1479 2293 Ἕστηκεν
1516 2223 1546 2274 6
1577 2223 1761 2297 πατὴρ

182 2312 285 2365 καὶ
335 2312 593 2382 ἀναμένει
640 2313 739 2382 τὴν
787 2314 887 2384 σὴν
935 2313 1043 2367 ἀπὸ
1075 2314 1176 2384 τῆς
1225 2313 1431 2385 πλάνης
1480 2316 1756 2370 ἐπάνοδον.

181 2403 364 2458 Μόνον
392 2404 676 2471 ἀνάλυσον,
708 2405 802 2459 καὶ
830 2405 910 2458 ἔτι
936 2406 1029 2459 σοῦ
1060 2409 1278 2478 μακράν
1299 2406 1470 2472 ὄντος,
1494 2407 1759 2480 προσδρα-

188 2495 309 2566 μὼν
340 2497 688 2550 ἐπιπεσεῖται
717 2496 794 2565 (1)
825 2497 917 2550 ἐπὶ
942 2496 1035 2550 τὸν
1065 2498 1336 2569 τράχηλόν
1373 2498 1596 2562 σου,καὶ
1624 2498 1764 2569 φιλι-

186 2590 310 2650 κοῖς
339 2588 651 2658 ἀσπασμοῖς
679 2588 1065 2659 περιπτύξεται
1098 2589 1188 2643 τὸν
1218 2590 1323 2643 ὑπὸ
1350 2591 1449 2660 τῆς
1478 2590 1765 2661 μετανοίας

185 2679 292 2749 ήδη
322 2677 754 2750 κεκαθαρμένον.
793 2679 912 2734 Κᾶν
960 2680 1234 2755 ἐγκαλέσῃ
1265 2699 1350 2744 τις
1391 2681 1500 2734 τῶν
1546 2682 1766 2736 ἑστάναι

185 2769 512 2833 δοκούντων.
530 2772 610 2826 ὅτι
641 2773 776 2842 ταχὺ
800 2772 1203 2844 προσελήφθης,
1221 2774 1383 2838 αὐτὸς
1412 2774 1442 2826 6
1467 2774 1668 2843 ἀγαθὸς
1691 2773 1765 2844 (2)

190 2860 336 2932 ὑπὲρ
379 2860 472 2914 σοῦ
520 2862 938 2935 ἀπολογήσεται,
994 2864 1201 2933 λέγων’
1258 2866 1639 2937 Εὐφρανθῆναι
1688 2866 1769 2919 δεῖ

189 2949 292 3003 καὶ
336 2950 590 3023 χαρῆναι,
636 2953 718 3004 ὅτι
754 2944 909 3017 οὗτος
951 2954 980 3006 6
1021 2954 1149 3017 Υίός
1179 2971 1281 3025 μου
1316 2955 1508 3025 νεκρὸς
1540 2951 1628 3026 ἦν,
1676 2956 1769 3008 καὶ

189 3042 445 3113 ἀνέζησε,
480 3044 575 3096 καὶ
623 3043 936 3110 ἀπολωλὼς,
968 3045 1059 3099 καὶ
1102 3045 1324 3118 εὑρέθη.
1377 3047 1535 3118 Αὐτῷ
1572 3049 1604 3118 ή
1636 3047 1761 3114 δόξα
1791 3080 1835 3138 C

188 3137 275 3199 εἰς
302 3136 427 3198 τοὺς
455 3135 658 3200 αἰῶνας
685 3136 792 3189 τῶν
825 3136 1054 3191 αἰώνων.
1097 3137 1290 3209 Ἀμήν.

466 3250 647 3301 ΠΕΡΙ
679 3252 927 3303 ΑΡΧΗΣ
961 3253 1088 3304 ΚΑΙ
1124 3251 1496 3306 ΕΞΟΥΣῙΑΣ.

796 3362 1012 3413 ΛΟΓΟΣ
1046 3362 1148 3416 ῐΕ¹.

270 3471 324 3527 1.
361 3473 540 3529 Καλὸν
589 3473 766 3527 ἀεὶτὸ
796 3477 976 3545 χεῖρον
1008 3475 1113 3528 ὑπὸ
1154 3475 1248 3528 τοῦ
1296 3475 1603 3547 κρείττονος
1646 3479 1773 3546 ἄγε-

196 3560 356 3617 εθαι·
390 3563 650 3628 πολλάκις
686 3565 796 3636 γάρ
845 3567 1073 3638 ἀκρισία
1122 3568 1293 3638 δήμου
1358 3567 1449 3620 τὸν
1504 3568 1772 3640 χείριστον

193 3655 283 3715 εἰς
314 3651 487 3724 ἀρχὴν
527 3655 922 3726 προεπήσατο.
970 3658 1244 3728 Προσήκει
1291 3658 1472 3711 τοίνυν
1543 3660 1634 3712 τὸν
1682 3660 1775 3712 ἐπὶ

196 3744 421 3799 πάντων
469 3746 560 3800 ἐπὶ
604 3745 813 3799 συνέσει
839 3747 934 3801 καί
967 3748 1257 3820 εὐσταθείᾳ
1286 3749 1380 3802 καὶ
1409 3752 1475 3821 τῇ
1509 3750 1651 3804 κατὰ
1679 3752 1774 3823 τὴν

197 3835 350 3908 ζωὴν
402 3837 655 3909 ἀκριϐείᾳ
709 3840 1199 3911 μεμαρτυρημένον
1241 3841 1537 3913 διαφέρειν,
1592 3843 1776 3898 τοῦτον

199 3928 606 4000 προστήσεσθαι
638 3930 714 4001 (5)
750 3933 829 3994 εἰς
859 3931 920 3984 :6
953 3931 1311 4002 καθηγεῖσθαι
1334 3933 1443 3988 τῶν
1466 3934 1659 4000 ἄλλων,
1692 3937 1779 3990 ἵνα

198 4022 266 4076 τὸ
300 4024 360 4075 ὲν
382 4021 556 4093 τούτῳ
580 4024 785 4093 ἀγαθὸν
838 4025 1016 4078 κοινὸν
1047 4026 1263 4079 πάντων
1289 4027 1400 4080 τῶν
1430 4029 1779 4100 μιμουμένων

199 4114 447 4184 γίνηται.
489 4112 633 4185 Πρὸς
678 4116 786 4186 γὰρ
830 4115 893 4169 τὸ
922 4115 1032 4170 τῶν
1077 4116 1418 4188 κρατούντων
1449 4113 1580 4190 ἦθος
1609 4118 1779 4172 πλάτ-

200 4204 397 4259 τεσθαι
427 4205 690 4274 πέφυκεν,
726 4206 801 4271 ὼς
831 4207 899 4261 τά
930 4208 1123 4274 πολλὰ,
1154 4210 1214 4263 τὸ
1252 4210 1555 4281 ἀρχόμενον
1574 4227 1588 4241 ’
1640 4210 1781 4266 ὥστε

201 4295 386 4350 ὁποῖοί
410 4297 525 4349 ποτ’
554 4295 620 4351 ἂν
659 4297 708 4348 οἰ
743 4296 968 4365 ἄγοντες
997 4292 1121 4362 ὦσι,
1167 4298 1408 4353 τοιοῦτον
1439 4301 1656 4373 ἀνάγκη
1687 4303 1782 4355 καὶ⁹

1856 1855 1932 1911 Te
1963 1856 2081 1926 ipse
2093 1859 2140 1912 si
2168 1856 2408 1923 dederis,
2430 1873 2540 1912 non
2561 1856 2931 1918 cunctabitur,
2954 1870 3134 1925 neque
3168 1854 3430 1926 dedigna-

1857 1948 2377 2020 biturtesuisipsius
2402 1950 2900 2019 bumerisportare,
2928 1947 3240 2018 laetusquod
3269 1963 3426 2003 ovem

1860 2055 2014 2095 suam
2050 2041 2317 2111 perditam
2359 2040 2648 2096 invenerit.
2697 2039 2819 2094 Stat
2857 2047 3012 2110 pater
3049 2053 3114 2093 ac
3152 2046 3433 2110 exspectat

1861 2141 2014 2186 tuum
2058 2133 2128 2187 ab
2163 2148 2355 2189 errore
2393 2133 2647 2187 reditum.
2694 2131 2991 2187 Revertere
3028 2130 3428 2197 tantummodo,

1860 2232 2023 2294 teque
2054 2225 2213 2296 longe
2236 2226 2416 2280 adhuc
2444 2231 2644 2287 stante,
2679 2239 2979 2279 accurrens
3021 2224 3179 2279 cadet
3216 2223 3273 2278 in
3317 2222 3433 2277 col-

1860 2316 1974 2369 lum
2009 2322 2184 2381 tuum,
2236 2323 2290 2371 et
2336 2316 2530 2372 amicis
2568 2315 2909 2386 amplexibus
2953 2314 3062 2383 jam
3110 2313 3432 2385 pmnitentia

1862 2416 2223 2481 expurgatum
2254 2410 2668 2480 complectetur.
2699 2408 2776 2481 (6)
2805 2407 2962 2474 Quod
2995 2408 3042 2464 si
3070 2408 3342 2479 quispiam
3366 2424 3433 2463 ex

1864 2501 1954 2564 iis,
1984 2499 2079 2571 qui
2111 2508 2257 2554 stare
2276 2499 2381 2554 sibi
2399 2499 2676 2565 videntur,
2706 2498 2844 2552 vitio
2871 2497 3121 2561 verterit,
3150 2496 3294 2566 quod
3323 2495 3434 2550 cito

1865 2600 2181 2663 assumptus
2197 2607 2278 2658 es,
2294 2592 2409 2661 ipse
2420 2591 2512 2647 ille
2524 2592 2703 2647 bonus
2714 2598 2870 2662 pater
2880 2605 2976 2660 pro
2988 2599 3040 2644 te
3050 2588 3426 2660 respondebit,

1862 2684 2100 2739 dicens:
2137 2681 2455 2736 Laetandum
2505 2690 2590 2737 est
2638 2690 2694 2736 et
2746 2679 3116 2752 gaudendum,
3164 2679 3292 2749 quia
3346 2678 3437 2732 hic

1867 2775 2014 2830 {ilius
2045 2789 2198 2830 meus
2230 2783 2479 2829 mortuus
2510 2780 2651 2835 erat,
2687 2779 2741 2827 et
2772 2771 2990 2835 revixit,
3021 2778 3075 2826 et
3102 2768 3436 2841 diSperditus

1867 2873 2007 2932 erat,
2044 2877 2097 2920 et
2137 2867 2396 2921 inventus
2420 2874 2507 2921 est
2528 2866 2596 2919 ¹¹.
2634 2862 2713 2919 Illi
2742 2864 2913 2935 gloria
2944 2863 2997 2917 in
3028 2861 3227 2918 saacula
3259 2875 3435 2918 sacu-

1869 2956 2067 3011 lorum.
2098 2954 2293 3009 Amen.

2119 3260 2219 3316 DE
2258 3258 2583 3316 mnsam
2616 3258 2705 3315 AC
2742 3213 3193 3314 ΡυΤΕεΤΑΤΕ.

2465 3372 2699 3429 SERMO
2732 3371 2852 3427 XV.

1944 3490 1995 3542 1.
2045 3488 2123 3553 (7)
2177 3486 2569 3543 lmbecilliores
2623 3500 2841 3556 semper
2890 3499 2922 3539 a
2975 3480 3444 3554 pnestantioribus

1872 3581 1987 3650 regi
2024 3594 2087 3634 ac
2128 3578 2427 3648 gubernari
2475 3578 2635 3633 decet
2666 3592 2682 3630 :
2718 3574 2959 3646 pessimo
2976 3573 3119 3627 enim
3164 3569 3443 3642 principa-

1875 3679 1989 3724 tum
2038 3668 2322 3740 popularis
2372 3681 2750 3738 saepenumero
2811 3663 3007 3720 detulit
3058 3660 3443 3731 imprudentia.

1877 3764 1952 3833 (8)
1982 3762 2419 3818 Consentaneum
2450 3767 2535 3814 est
2571 3759 2758 3829 igitur,
2795 3764 2855 3811 ut
2884 3754 2979 3824 qui
3014 3753 3256 3808 omnium
3290 3750 3442 3804 testi.

1876 3853 2062 3909 monio
2105 3860 2336 3907 caeteros
2380 3850 2669 3921 sapientia,
2704 3856 2759 3903 et
2785 3843 3128 3907 fortitudine,
3159 3848 3322 3911 atque
3351 3855 3449 3894 ex-

1878 3954 2000 4000 acta
2050 3944 2367 4015 integrioris
2409 3944 2532 3997 vita:
2560 3942 2776 3996 ratione
2822 3936 3119 3999 antecellit,
3167 3932 3289 3988 aliis
3336 3931 3450 3986 dux

1879 4037 2231 4107 praeﬁciatur,
2273 4043 2332 4090 ut
2370 4034 2633 4105 quidquid
2669 4033 2722 4086 in
2754 4047 2820 4085 eo
2848 4030 2976 4085 boni
3011 4035 3116 4090 est,
3158 4037 3450 4082 commune

1880 4131 2127 4183 omnium
2159 4127 2490 4182 imitantium
2525 4127 2636 4179 tiat.
2672 4124 2747 4195 (9)
2781 4123 3070 4176 Enimvero
3107 4116 3341 4187 subjecti
3380 4115 3449 4170 ad

1881 4235 2063 4275 mores
2103 4232 2294 4274 eorum
2328 4217 2420 4287 qui
2468 4231 2651 4270 rerum
2702 4213 3008 4285 potiuntur,
3056 4217 3115 4265 ut
3156 4207 3451 4279 plurimum

1883 4327 2005 4369 sese
2029 4309 2375 4365 conformare
2404 4308 2583 4367 solent
2614 4325 2627 4360 :
2663 4305 2739 4359 ita
2772 4310 2834 4358 ut
2862 4304 3051 4373 quales
3082 4300 3300 4354 tandem
3330 4296 3452 4351 fue-

201 4388 302 4443 τὸν
340 4387 605 4458 ἀγόμενον
638 4383 799 4442 εἷναι.
839 4390 950 4443 Καὶ
986 4392 1159 4444 ὁποῖοι
1196 4392 1240 4445 δ’
1279 4390 1345 4445 ἂν
1370 4386 1504 4447 ὦσιν
1544 4394 1593 4446 οἱ
1644 4410 1778 4465 προ-

1886 4403 1996 4455 rint
2022 4400 2209 4461 duces.
2238 4414 2361 4452 eum
2396 4397 2560 4452 etiam
2591 4395 2685 4466 qui
2719 4394 2961 4459 ducitur,
3009 4391 3171 4445 talem
3198 4402 3323 4444 esse
3354 4401 3455 4441 ne-

188 4478 468 4543 οεστῶτες,
500 4477 727 4533 τοιαῦτα
752 4480 827 4544 ὡς
857 4481 950 4534 ἐπὶ
975 4480 1111 4535 πολὺ
1142 4484 1237 4537 καὶ
1265 4482 1333 4537 τά
1354 4483 1457 4556 ήθη
1487 4484 1594 4537 τῶν
1622 4485 1785 4556 ἀρχο-

211 4572 395 4645 μένων
420 4572 630 4642 πέφυκε
659 4573 927 4642 γίνεσθαι.
958 4575 1070 4629 Kal
1100 4575 1309 4648 ὥσπερ,
1342 4579 1391 4630 εἰ
1422 4576 1661 4642 πλείονες
1687 4576 1786 4642 ζω-

207 4665 414 4736 γράφοι
444 4664 562 4728 ὲνὸς
607 4664 896 4736 προσώπου
930 4668 1251 4739 χαρακτῆρα
1287 4667 1569 4739 γράφοιεν,
1615 4671 1787 4722 πᾶσαι

208 4759 272 4812 οιί
298 4756 506 4819 εἰκόνες
534 4756 736 4828 ὁμοίως
780 4758 917 4829 πρὸς
962 4759 1198 4830 ἀλλήλας
1229 4759 1430 4827 ἕξουσι,
1482 4761 1570 4815 διά
1618 4762 1680 4815 :6
1709 4761 1787 4833 τῷ

210 4850 298 4904 ἑνὶ
328 4849 681 4919 ὁμοιοῦσθαι·
719 4850 862 4903 οὕτω
903 4850 974 4904 τά
1027 4851 1195 4906 πολλά
1247 4853 1374 4924 ήθη,
1408 4854 1456 4906 εἰ
1505 4852 1643 4925 πρὸς
1689 4852 1788 4923 τὴν

210 4940 309 4995 τοῦ
354 4941 472 5004 ἑνὸς
520 4940 749 5012 μίμησιν
796 4941 1000 5012 βλέποι,
1033 4945 1197 4997 πᾶσιν
1229 4943 1429 5014 ὁμοίως
1460 4945 1663 5012 ἀγαθὸς
1691 4944 1786 4999 τοῦ

214 5032 335 5105 βίου
381 5033 664 5105 χαρακτὴρ
711 5033 1028 5106 ὲπιλάμψει.
1085 5036 1193 5089 Καὶ
1224 5035 1396 5107 γάρὴ
1439 5036 1642 5108 ἀληθὴς
1693 5039 1789 5091 καὶ

296 5188 343 5219 ²²
374 5185 509 5242 Luc.
550 5201 642 5252 xv,
688 5186 779 5242 52.

295 5339 373 5415 (ι)
415 5340 833 5396 Ἐπιπεσεῖται.
879 5340 1030 5397 Hanc
1057 5357 1246 5398 vocem
1298 5342 1477 5399 addidi
1511 5359 1575 5400 ex
1621 5340 1791 5415 Regio

226 5411 416 5467 codice
441 5421 494 5465 et
519 5420 799 5466 contextu.

297 5480 373 5551 (2)
399 5480 711 5551 Ὀίᾴγαρόᾳ
749 5480 841 5535 Sic
863 5478 1001 5536 idem
1024 5481 1190 5536 codex
1221 5490 1274 5537 et
1293 5490 1600 5537 contextus.
1626 5481 1789 5549 Editi,

221 5549 557 5624 ἀγαθός.
593 5549 651 5624 ln_
677 5553 794 5618 ipso
822 5560 1075 5624 congaxlu
1102 5552 1336 5624 additur,
1367 5554 1570 5624 πατήρ,

301 5619 381 5695 (Ei)
418 5619 1087 5695 gpoagrloeaaat._f9rte
1111 5619 1536 5695 προστήσασθαι,
1564 5621 1720 5679 Enn.

301 5688 380 5762 (4)
421 5688 498 5745 Ex
523 5691 682 5761 epist.
719 5706 861 5756 XLVI,
892 5690 1011 5746 139.
1155 5688 1165 5693 ’
1305 5688 1316 5695 ⁷
1539 5726 1549 5732 .

1887 4507 2043 4547 cesse
2071 4491 2162 4547 sit.
2190 4489 2257 4544 Et
2282 4489 2473 4560 quales
2502 4496 2632 4543 sunt
2657 4487 2750 4557 qui
2784 4493 3046 4557 praesunt,
3082 4482 3218 4537 tales
3246 4487 3308 4534 ut
3328 4478 3453 4550 plu-

1884 4583 2083 4635 rimum
2109 4590 2160 4636 et
2187 4594 2367 4633 mores
2399 4593 2613 4645 eorum,
2638 4575 2800 4648 554
2821 4576 3019 4646 quibus
3045 4580 3305 4643 praesunt,
3332 4582 3456 4623 esse

1886 4675 2084 4729 solent.
2136 4671 2247 4743 (10)
2276 4670 2341 4737 Et
2386 4669 2843 4742 quemadmodum
2892 4667 2939 4723 si
2987 4667 3171 4736 plures
3219 4663 3456 4732 pictores

1890 4763 2053 4818 unius
2094 4761 2253 4829 faciei
2299 4762 2627 4817 lineamenta
2669 4760 2920 4830 pingunt,
2961 4770 3154 4810 omnes
3190 4752 3459 4822 imagines

1895 4854 2092 4909 futura:
2117 4862 2246 4910 sunt
2269 4854 2412 4908 inter
2435 4869 2494 4908 se
2515 4853 2744 4914 similes,
2765 4859 2953 4920 utpote
2982 4848 3074 4902 uni
3105 4845 3420 4902 assimilatae
3437 4858 3458 4897 ί

1892 4945 2143 5000 eumdem
2181 4944 2249 4998 ad
2293 4945 2515 4999 modum
2550 4945 2599 4997 si
2643 4943 2814 4997 multa
2860 4940 3079 5011 ingenia
3123 4951 3291 4992 unum
3334 4933 3462 4989 imi-

1894 5040 2119 5094 tandum
2174 5039 2280 5094 sibi
2336 5045 2681 5109 proponant,
2744 5035 2800 5091 in
2858 5033 3121 5090 omnibus
3176 5027 3459 5101 aequaliter

1960 5341 2036 5409 (5)
2079 5340 2237 5406 lbid.,
2273 5339 2396 5393 “0.

1960 5412 2036 5481 (6)
2071 5411 2204 5481 Ibid.

1960 5474 2037 5551 (7)
2079 5479 2320 5551 Uterque
2343 5476 2513 5551 codex
2550 5477 2754 5531 indicat
2794 5474 3055 5529 Ascelica.

1961 5546 2035 5620 (ε)
2078 5550 2151 5603 Ex
2187 5546 2378 5611 Ascet.,
2409 5546 2532 5620 εει,

2084 5620 2158 5690 Ex
2196 5618 2592 5690 comment._in_
2615 5615 2769 5679 Isai.,
2805 5614 2928 5669 M7.

1963 5687 2075 5760 (10)
2118 5688 2191 5743 Ex
2253 5695 2451 5754 Aecci},
2498 5687 2619 5741 5'14.
