3874 6224
451 312 581 368 1507

1354 320 1715 377 ΛΡΡΕΝΟΙΧ.
1755 351 1826 365 -
1864 320 2214 381 SYMEONIS
2253 322 2791 379 METAPHRASTE

3567 320 3700 378 13θὸ

444 431 590 482 bona
620 429 746 484 vitae
777 429 952 487 forma
978 433 1272 491 elucescet.
1295 436 1437 491 Vera
1466 440 1668 493 etenim
1697 445 1754 492 et
1781 436 2021 508 perfecta

2136 439 2302 493 τελεία
2329 439 2543 510 ὑπακοὴ
2571 439 2680 492 τῶν
2712 437 3034 509 ὑποχειρίων
3067 436 3204 508 πρὸς
3233 435 3327 491 τδν
3357 437 3698 508 προεστῶτα,

446 518 791 575 subditorum
821 536 948 592 erga
980 527 1296 593 prmfectum
1324 526 1635 582 obedientia
1665 527 1721 580 in
1749 542 1816 581 eo
1842 527 2020 582 decla-

443 618 621 675 ratur,
653 612 701 666 si
739 628 849 666 non
888 628 916 666 a
948 612 1236 685 ﬂagitiosis
1264 618 1427 672 modo
1451 617 1763 673 abstineant
1787 633 1854 672 ex
1884 633 2023 688 prae-

446 703 575 773 fecti
606 706 861 768 consilio,
894 706 989 761 sed
1035 708 1080 763 si
1130 724 1197 763 ne
1223 724 1287 764 ea
1315 710 1535 779 quidem
1570 724 1691 781 qua:
1729 710 2023 765 laudabilia

445 801 599 859 sunt,
637 796 775 849 citra
823 797 972 854 illius
1015 800 1301 855 arbitrium
1346 810 1629 873 peragant.
1669 801 1805 856 Nam
1847 802 2023 857 absti-

446 886 635 940 nentia
680 895 734 942 et
782 890 963 945 omnis
1014 894 1321 962 corporalis
1371 894 1649 951 alllictatio
1698 895 1768 950 ad
1814 894 2024 966 aliquid

444 980 596 1036 utilis
622 991 751 1037 est:
784 983 881 1038 sed
920 986 967 1039 si
1010 987 1138 1056 quis
1181 988 1351 1042 animi
1395 989 1480 1043 sui
1524 998 1734 1043 motum
1774 997 2020 1055 secutus,

446 1073 593 1142 quod
639 1074 742 1129 sibi
792 1077 992 1146 placet,
1036 1080 1230 1149 egerit,
1284 1090 1338 1136 et
1388 1083 1681 1152 prmposito
1731 1083 2024 1137 consilium

446 1162 556 1218 sibi
580 1164 732 1219 danti
762 1182 872 1221 non
896 1168 1374 1240 obtemperaverit,
1393 1180 1670 1240 peccatum
1686 1172 1926 1227 futurum
1939 1180 2025 1228 est

448 1255 651 1324 majus,
682 1272 846 1325 quam
877 1267 1027 1315 recte
1056 1259 1285 1317 factum.
1321 1262 1427 1329 Qui
1466 1264 1606 1316 enim
1640 1265 1843 1318 resistit
1876 1275 2023 1335 pote—

447 1348 602 1411 stati,
617 1347 714 1401 Dei
730 1351 1000 1405 ornationi
1018 1354 1215 1407 resistit
1230 1354 1276 1385 ³⁸
1294 1372 1309 1420 ;
1324 1363 1488 1424 atque
1511 1354 1836 1411 obedientia':
1852 1356 2025 1427 major

447 1452 658 1493 merces
694 1455 859 1509 quam
890 1442 1238 1499 abstinentiae
1265 1445 1459 1500 virtuti
1492 1445 1779 1501 tribuitur.

519 1615 574 1671 2.
627 1616 705 1689 (1)
752 1616 804 1672 ls
856 1619 1021 1689 igitur
1070 1586 1175 1693 qui.
1218 1631 1399 1697 potest
1444 1626 1589 1680 malo
1644 1626 1874 1695 mederi,
1928 1628 2024 1683 sed

450 1714 646 1776 sponte
690 1706 890 1773 differt,
941 1725 1051 1764 non
1102 1711 1305 1782 injuria
1363 1713 1511 1770 velut
1563 1714 1839 1771 homicida
1886 1731 2023 1772 con-

2123 531 2180 582 ιν
2208 529 2381 600 τούτῳ
2410 530 2704 591 δείκνυται,
2755 529 2813 581 ὲν
2855 527 2932 599 τῷ
2978 528 3054 599 μὴ
3107 528 3267 598 μόνον
3320 528 3434 581 τῶν
3484 529 3699 583 ἀτόπων

2124 621 2262 675 κατὰ
2309 621 2410 691 τὴν
2450 621 2759 692 συμϐουλὴν
2810 621 2975 675 αὑτοῦ
3022 621 3345 691 ἀπέχεσθαι,
3381 620 3522 674 ἀλλὰ
3570 622 3699 693 μηδὲ

2122 712 2262 766 αὑτὰ
2292 711 2363 764 τὰ
2395 710 2657 773 ἐπαινετὰ
2683 712 2848 782 χωρὶς
2873 712 2971 781 τῆς
2997 711 3207 766 ἐκείνου
3250 712 3484 781 γνώμης
3508 715 3698 765 ποιεῖν.

2135 803 2200 855 'll
2234 802 2345 874 γὰρ
2389 803 2707 874 ἐγκράτεια,
2743 804 2836 857 καὶ
2869 805 3019 857 πᾶσα
3058 804 3091 875 ἠ
3122 803 3412 874 σωματικὴ
3454 805 3701 857 κακοπά-

2124 892 2275 959 θεια,
2329 891 2465 963 πρός
2511 908 2565 944 τι
2614 892 2894 963 χρησίμως
2937 892 3082 962 ἔχει·
3137 891 3250 945 ἀλλ’
3293 892 3394 945 ἐάν
3448 908 3539 955 τις
3588 895 3703 955 sui;

2127 983 2284 1046 ίδίαις
2323 983 2520 1051 ὁρμαῖς
2564 981 2889 1049 ἀκολουθῶν,
2933 982 2997 1034 τὸ
3039 982 3271 1052 ἀρέσκον
3323 982 3514 1051 ἑαυτῷ
3556 985 3704 1051 ποιῇ,

2124 1076 2220 1129 καὶ
2257 1078 2674 1148 συμϐουλεύοντι
2705 1078 2783 1149 τῷ
2834 1078 3138 1150 προεστῶτι
3173 1076 3249 1149 μὴ
3275 1077 3563 1147 πείθηται.
3597 1081 3709 1148 μεῖ-

2125 1165 2217 1231 ζον
2264 1167 2357 1221 τοῦ
2413 1168 2836 1241 κατορθώματος
2879 1169 3032 1224 ἔσται
3075 1169 3137 1222 τὸ
3184 1168 3705 1239 πλημμελούμενον.

2138 1257 2201 1311 '0
2268 1259 2378 1329 γὰρ
2426 1260 2935 1329 ἀντιτασσόμενος
2995 1258 3070 1329 τῇ
3130 1260 3425 1327 ἐξουσίᾳ,
3479 1259 3562 1328 τῇ
3604 1261 3707 1315 τοῦ

2124 1351 2346 1417 Κυρίου
2379 1350 2627 1421 διαταγῇ
2671 1351 3040 1419 ἀνθέστηκεο
3096 1352 3190 1405 καὶ
3237 1354 3267 1404 ὁ
3306 1352 3413 1421 τῆς
3459 1352 3710 1421 ὑπακοῆς

2128 1439 2319 1513 μισθὸς
2358 1440 2560 1511 μείζων
2590 1442 2682 1495 τοῦ
2713 1443 2853 1496 κατὰ
2880 1444 2979 1514 τὴν
3007 1443 3333 1515 ἐγκράτειαν
3362 1445 3488 1496 ἐστι
3518 1459 3713 1514 κατορ-

2126 1534 2395 1606 θώματος.

2194 1628 2249 1680 2.
2305 1626 2362 1680 '0
2392 1625 2572 1679 τοίνυν
2606 1625 2744 1696 ἔχων
2773 1627 2831 1679 ὲν
2868 1625 3087 1698 ἐξουσία
3127 1625 3226 1697 τὴν
3263 1624 3361 1679 τοῦ
3411 1623 3596 1679 κακοῦ
3628 1624 3685 1678 θε

2132 1717 2383 1789 ραπείαν,
2418 1715 2557 1771 ἑκὼν
2599 1716 2656 1770 δὲ
2687 1717 3129 1789 ὑπερτιθέμενος,
3171 1718 3404 1781 εἰκότως
3442 1718 3516 1771 ἂν
3552 1720 3612 1770 ὲν
3640 1717 3713 1788 τῷ

449 1797 697 1851 demnari
723 1799 944 1868 poterit.
976 1800 1096 1856 Non
1128 1811 1310 1859 autem
1345 1806 1440 1875 qui
1471 1815 1670 1877 praeest
1706 1808 1776 1862 ob
1812 1823 1937 1863 eum
1966 1809 2021 1863 in

2136 1809 2229 1879 ἴσῳ
2255 1807 2364 1861 τῶν
2404 1808 2734 1879 αὐτοχείρων
2793 1808 3227 1873 καταδικάζοιτα
3272 1811 3391 1863 Καὶ
3436 1810 3536 1863 τὸν
3585 1826 3712 1881 προ-

449 1900 560 1955 quo
592 1887 803 1956 positus
838 1896 923 1945 est
959 1889 1242 1961 dignitatis
1272 1894 1500 1964 gradum
1524 1911 1646 1951 sese
1679 1898 1891 1951 attollat
1927 1906 2022 1951 aut

449 1976 769 2042 insolescat,
824 1996 892 2034 ne
956 1981 1282 2040 humilitatis
1349 1986 1689 2043 beatitudine
1754 1988 2018 2059 privetur.

448 2065 525 2138 (ἓ)
556 2066 810 2138 Nunquid
841 2070 985 2125 enim
1015 2072 1107 2141 qui
1133 2072 1245 2144 regi
1274 2073 1590 2139 famulatur,
1620 2093 1679 2132 se
1706 2077 1829 2131 ideo
1849 2076 2024 2146 jacta-

446 2158 526 2211 bit
551 2159 696 2227 quod
733 2161 786 2213 in
819 2160 922 2216 hoc
955 2170 1050 2215 aut
1081 2163 1136 2217 in
1170 2163 1266 2218 illo
1299 2166 1586 2222 ministerii
1628 2168 1820 2223 ordine
1850 2170 2024 2223 collo-

446 2255 605 2302 catus
659 2255 779 2303 est:
810 2250 902 2320 qui
952 2266 1081 2306 vero
1131 2251 1331 2324 dignus
1381 2254 1603 2311 habitus
1652 2266 1733 2312 est
1783 2258 1874 2328 qui
1912 2257 2024 2314 Deo

448 2337 673 2396 serviat,
706 2339 924 2394 aliunde
965 2341 1155 2397 laudes
1200 2344 1304 2398 sibi
1348 2347 1704 2417 excogitabit,
1752 2355 1913 2420 quasi
1957 2350 2025 2404 ad

447 2443 664 2482 onmem
712 2430 900 2499 gloriae
943 2433 1362 2507 splendorisque
1412 2441 1694 2497 cumulum
1751 2443 2024 2500 invocatio

446 2518 661 2574 Domini
689 2522 794 2576 sibi
828 2539 941 2578 non
978 2525 1248 2582 suﬁiciat?
1280 2527 1428 2585 Satis
1470 2534 1616 2587 enim
1651 2545 1735 2590 est
1764 2536 1927 2592 nobis
1955 2538 2024 2594 ad

447 2625 663 2665 omnem
703 2613 1042 2684 dignitatem,
1086 2619 1225 2673 tanti
1260 2618 1479 2675 Domini
1515 2640 1703 2681 servos
1729 2628 2024 2685 nominari.

449 2702 528 2773 (5)
559 2701 627 2756 Et
653 2707 1113 2773 quemadmodum
1146 2726 1247 2767 nec
1274 2714 1572 2784 quidquam
1616 2718 1766 2772 aliud
1811 2728 2026 2790 oportet

444 2803 643 2866 praeter
664 2795 831 2851 Deum
861 2800 1045 2856 colere
1075 2820 1088 2856 :
1116 2803 1196 2857 sic
1222 2818 1324 2859 nec
1367 2805 1424 2860 in
1457 2807 1584 2872 alio,
1628 2824 1792 2879 quam
1824 2813 1880 2866 in
1916 2812 2026 2869 Deo

452 2886 700 2940 omnium
744 2886 974 2945 Domino
1011 2908 1162 2964 spem
1202 2910 1486 2966 reponere.
1536 2899 1641 2965 Qui
1687 2918 1926 2973 namque
1970 2906 2027 2960 in

452 2975 673 3032 homine
706 2988 909 3049 sperat,
940 2992 1034 3036 aut
1057 2984 1151 3055 qui
1176 2985 1248 3040 ob
1264 2987 1471 3057 aliquid
1507 2988 1658 3044 aliud
1688 2993 2023 3048 mundanum

453 3069 698 3135 ell‘eﬂur,
726 3083 876 3142 puta,
910 3074 981 3128 ob
1005 3085 1352 3145 potestatem,
1382 3080 1468 3135 vel
1486 3081 1557 3135 ob
1580 3082 1823 3150 divitias,
1851 3086 1935 3140 vel
1957 3085 2027 3140 ob

2127 1901 2338 1955 εστῶτα
2363 1900 2421 1954 δὲ
2469 1899 2543 1972 μὴ
2592 1899 2867 1972 ὲπαιρέτω
2898 1900 2959 1953 τὸ
2991 1900 3228 1973 ἀξίωμα,
3267 1902 3358 1955 ἵνα
3394 1903 3473 1973 μὴ
3508 1902 3717 1974 ἐκπέσῃ

2126 1992 2220 2046 τοῦ
2247 1992 2594 2063 μακαρισμοῦ
2618 1992 2714 2063 τῆς
2739 1991 3252 2063 ταπεινοφροσύνης.
3279 1994 3357 2045 Οὑ
3384 1993 3503 2064 γὰρ
3550 1994 3715 2064 δήποτ)

2131 2082 2376 2153 βασιλείᾳ
2405 2082 2503 2159 (ἲ).
2527 2081 2628 2152 μέν
2673 2098 2757 2145 τις
2788 2081 3074 2151 ὑπηρετῶν
3119 2083 3266 2151 μέγα
3308 2085 3607 2153 φρονήσει,
3635 2082 3719 2134 διὰ

2127 2174 2191 2228 τὸ
2218 2176 2276 2227 ἐν
2307 2174 2432 2245 τῇδε
2460 2177 2525 2245 τῇ
2570 2173 2722 2238 τάξει
2768 2176 2866 2245 τῆς
2906 2173 3208 2245 ὑπηρεσίας
3245 2172 3520 2243 τετάχθαι
3542 2191 3557 2201 ⁸
3606 2173 3717 2243 θεῷ

2128 2265 2186 2319 δὲ
2219 2264 2575 2330 καταξιωθεὶς
2619 2264 2921 2336 λατρεύειν,
2956 2263 3252 2333 ἀλλαχόθεν
3283 2265 3418 2325 τοὺς
3462 2263 3718 2326 ἐπαίνους

2132 2354 2308 2424 ἑαυτῷ
2337 2357 2670 2425 περινοήσει,
2697 2354 2771 2417 ώς
2817 2354 2918 2406 οὑκ
2953 2354 3230 2424 ἀρκούσης
3275 2353 3435 2423 αὑτῷ
3464 2354 3577 2423 τῆς
3608 2356 3720 2405 ἔπι-

2131 2448 2377 2518 κλήσεως
2411 2445 2505 2499 τοῦ
2550 2445 2755 2518 Κυρίου
2806 2444 2942 2515 πρὸς
2980 2446 3160 2497 πᾶσαν
3204 2442 3368 2514 δόξης
3420 2444 3525 2497 καὶ
3574 2461 3720 2515 περι-

2134 2537 2357 2609 φανείας
2404 2536 2743 2608 ὑπερϐολήν;
2808 2536 2992 2607 Ἀρκεί
3042 2535 3151 2605 γὰρ
3197 2536 3331 2605 ἡμῖν
3381 2535 3530 2603 πρὸς
3584 2534 3721 2587 ἅπαν

2132 2629 2350 2700 ἀξίωμα
2390 2628 2453 2682 τὸ
2478 2626 2798 2697 τηλικούτου
2846 2626 3118 2679 Δεσπότου
3146 2625 3375 2689 δούλους
3406 2628 3570 2697 ἡμᾶς
3612 2626 3720 2678 ἀνο-

2137 2712 2420 2793 μᾶζεσθαι.
2459 2719 2570 2772 Καὶ
2600 2717 2788 2791 ὥσπερ
2820 2718 2941 2772 οὑδὲ
2970 2718 3147 2771 σέϐειν
3192 2717 3322 2771 ἄλλο
3360 2736 3417 2771 τι
3450 2718 3612 2789 παρὰ
3635 2719 3718 2771 τὸν

2131 2812 2264 2866 Θεδν
2303 2810 2600 2884 προσῆκεν,
2655 2809 2829 2873 οὕτως
2871 2810 2990 2862 οὑδὲ
3033 2810 3127 2863 ἐπὶ
3178 2808 3340 2863 ἄλλον
3397 2810 3649 2874 ἐλπίζειν
3685 2810 3718 2880 ἢ

2133 2905 2227 2958 ἐπὶ
2253 2903 2344 2957 τὸν
2380 2903 2511 2957 Θεὸν
2556 2902 2648 2955 τὸν
2680 2902 2899 2955 πάντων
2946 2901 3173 2973 Κύριον.
3255 2902 3316 2954 ’0
3347 2902 3465 2973 γὰρ
3513 2902 3605 2954 ἐπ’
3628 2903 3716 2956 ἇν-

2135 2994 2352 3067 θρωπον
2383 2993 2639 3057 ἐλπίζων,
2673 2993 2707 3063 ἢ
2745 2994 2832 3046 ἐπ’
2856 2992 2984 3047 ἄλλο
3008 3010 3061 3046 τι
3107 2993 3216 3046 τῶν
3263 2992 3415 3046 κατὰ
3453 2992 3556 3046 τὸν
3612 2993 3716 3064 βίον

2137 3081 2615 3153 μετεωριζόμενος,
2659 3074 2769 3133 οἷον
2807 3081 2898 3132 ἐπὶ
2926 3080 3263 3144 δυναστείαν,
3294 3081 3327 3152 ἢ
3370 3083 3713 3153 χρήματα,ἧ

451 3160 733 3232 quidpiam
764 3165 913 3219 aliud
940 3143 1154 3233 eorum,
1180 3184 1301 3238 quae
1336 3171 1621 3240 splendida
1658 3188 1688 3227 a
1720 3143 1906 3231 multis
1939 3177 2026 3232 ré-

2136 3143 2182 3226 τι
2210 3143 2327 3226 τῶν·
2362 3143 2510 3243 νεαρὰ
2554 3143 2666 3236 τοῖς
2714 3170 2925 3234 πολλοῖς
2972 3143 3346 3243 νομιζομένων
3370 3143 3543 3226 ἐἶναι
3584 3143 3712 3243 λέμί

452 3260 736 3320 putantur,
783 3270 892 3309 non
937 3266 1117 3326 potest
1165 3259 1389 3317 dicere:
1424 3261 1649 3319 Domine
1678 3264 1821 3320 Deus
1854 3283 2026 3333 meus,

452 3341 510 3394 in
537 3349 583 3395 te
612 3346 836 3410 speravi.
871 3345 1207 3418 Praeceptum
1236 3350 1384 3404 enim
1412 3359 1518 3416 est,
1549 3368 1660 3408 non
1691 3362 1944 3425 oportere
1972 3356 2031 3410 in

454 3433 796 3504 principibus
827 3452 1083 3507 sperare;
1121 3447 1200 3503 et,
1248 3440 1565 3497 Maledictus
1596 3444 1750 3499 homo
1783 3446 1874 3516 qui
1905 3463 2032 3501 con-

454 3523 575 3594 ﬁdit
599 3527 654 3579 in
682 3525 891 3581 homine
917 3529 982 3580 “.
1009 3530 1083 3601 (4)
1114 3531 1313 3587 Beatus
1345 3534 1513 3603 igitur
1543 3551 1671 3591 vere
1697 3546 1805 3601 est,
1837 3538 1933 3607 qui
1960 3538 2031 3593 ob

454 3617 661 3671 nullam
704 3619 829 3672 vitae
863 3636 977 3674 rem
1022 3626 1381 3692 quantumvis
1426 3626 1716 3681 sublimem
1767 3629 2026 3692 exsultat,

455 3709 553 3764 sed
585 3724 741 3765 suam
773 3711 941 3766 Deum
972 3714 1203 3784 gloriam
1233 3730 1357 3771 esse
1384 3716 1558 3782 ducit,
1596 3716 1877 3789 Deumque
1919 3736 2031 3790 quo

454 3803 721 3872 glorietur
765 3804 987 3858 unicum
1037 3805 1218 3868 habet,
1267 3822 1331 3861 ac
1368 3807 1671 3862 secundum
1704 3811 2029 3879 Apostolum

455 3893 639 3948 dicere
670 3902 850 3965 potest
885 3894 1064 3949 :Mihi
1112 3906 1289 3950 autent
1341 3897 1482 3952 absit
1533 3900 1781 3970 gloriari,
1832 3902 1938 3955 nisi
1977 3901 2033 3956 in

456 4000 610 4038 cruce
661 3983 859 4039 Christi
884 3985 950 4041 ”.
1008 3985 1223 4041 Etenim
1282 3988 1329 4043 si
1378 3989 1504 4059 quis
1546 4007 1668 4046 sese
1708 4006 2033 4062 magnopere

454 4075 648 4144 jactat,
693 4076 839 4144 quod
877 4092 1069 4133 servus
1102 4078 1173 4132 sit
1210 4081 1373 4149 regis,
1414 4089 1574 4150 atque
1616 4083 1671 4135 in
1712 4097 1908 4152 magno
1935 4083 2035 4136 bo-

458 4182 594 4222 nore
623 4167 764 4237 apud
793 4183 917 4222 eum
956 4169 1224 4224 habeatur
1262 4188 1276 4225 :
1317 4179 1588 4241 quantum
1622 4174 1881 4228 convenit
1912 4174 2031 4244 glo-

459 4260 595 4314 riari
615 4268 669 4315 te
700 4260 843 4330 apud
865 4263 1236 4332 temetipsum,
1267 4263 1412 4333 quod
1441 4262 1605 4334 Regis
1629 4266 1808 4336 magni
1841 4282 2033 4321 servus

463 4367 545 4416 es,
596 4352 666 4405 ab
716 4352 835 4421 ipso
888 4354 1096 4409 accitus
1144 4355 1211 4410 ad
1256 4371 1527 4411 summam
1566 4357 2034 4413 familiaritatem?

463 4443 541 4514 (5)
571 4442 672 4509 Qui
696 4460 824 4500 vere
857 4446 1111 4515 princeps
1141 4456 1247 4510 est,
1290 4463 1400 4502 non
1440 4448 1511 4503 ab
1537 4451 1777 4505 externis
1802 4450 2033 4520 insigni-
2064 4484 2109 4538 ο

463 4536 570 4591 bus
599 4535 965 4607 dignoscitur,
1000 4538 1077 4591 uti
1120 4553 1380 4609 purpura,
1417 4541 1805 4609 paludamento
1831 4550 1885 4596 et
1914 4542 2033 4597 dia-

462 4626 709 4694 demate;
741 4627 835 4683 sed
863 4628 932 4683 ab
958 4629 1309 4698 imperatoria
1352 4646 1462 4701 qua
1509 4631 1770 4702 praeditus
1803 4641 1890 4698 est
1919 4634 2033 4688 vir-

463 4728 600 4775 tute.
633 4720 735 4786 Qui
757 4722 900 4775 enim
930 4721 1187 4777 subditur
1216 4723 1611 4793 voluptatibus,
1645 4738 1709 4778 ac
1739 4724 1908 4780 variis
1936 4742 2034 4781 cu-

464 4810 785 4882 piditatibus
815 4810 1053 4877 ducitur,
1081 4827 1273 4869 servus
1297 4829 1421 4868 cum
1450 4816 1522 4870 sit
1558 4815 1789 4884 peccati,
1828 4816 1894 4871 ad
1925 4816 2032 4870 im-

465 4904 765 4972 perandum
810 4901 1043 4958 idoneus
1093 4919 1203 4957 non
1244 4911 1347 4959 est.
1390 4904 1467 4976 (6)
1509 4904 1647 4958 Nam
1674 4906 1906 4961 rebelles
1930 4906 2036 4962 sub

467 5001 793 5063 potestatem
835 4995 1104 5064 redigere,
1134 5002 1184 5051 et
1224 4995 1382 5051 fortis
1417 5004 1502 5052 est
1532 4997 1656 5063 viri,
1682 5006 1738 5053 et
1769 5014 1897 5054 vere
1928 5000 2033 5053 im-

468 5084 714 5156 perantis
749 5105 761 5141 :
790 5095 846 5141 at
872 5088 1166 5159 benignum
1195 5103 1319 5145 esse
1344 5103 1408 5143 ac
1437 5098 1781 5146 mansuetum
1815 5089 1871 5144 in
1901 5105 2032 5160 pro-

2130 3264 2305 3335 πρῶν,
2336 3265 2396 3317 οὑ
2433 3263 2654 3317 δύναται
2705 3264 2878 3316 εἰπεῖν
2900 3280 2913 3293 ·
2948 3265 3126 3331 Κύριε
3158 3267 3191 3317 ό
3238 3266 3395 3330 Θεός
3429 3282 3591 3333 μου,
3626 3265 3715 3318 ἐπι

2130 3356 2229 3408 σοὶ
2269 3355 2522 3423 ἤλπισα.
2558 3356 2930 3429 Παράγγελμα
2956 3356 3064 3426 γάρ
3093 3357 3211 3408 ἐστι
3253 3355 3331 3426 μὴ
3366 3355 3617 3421 ἐλπίζειν
3636 3359 3714 3409 ἐπ’

2132 3446 2419 3517 ἄρχοντας,
2483 3448 2599 3510 καὶ,
2647 3447 3103 3516 Ἐπικατάρατος
3144 3448 3465 3514 ἄνθρωπος
3506 3448 3570 3513 ὃς
3612 3448 3714 3515 τὴν

2130 3537 2348 3591 ἐλπίδα
2372 3537 2497 3606 ἔχει
2526 3538 2617 3591 ἐπ’
2658 3539 2989 3607 ἄνθρωπον.
3026 3540 3315 3609 Μακάριος
3342 3537 3442 3595 οὖν
3476 3542 3559 3613 τῷ
3586 3542 3710 3603 ὄντι,

2131 3632 2160 3684 ό
2191 3631 2379 3702 μηδενὶ
2407 3632 2516 3684 τῶν
2544 3630 2687 3684 κατὰ
2724 3632 2813 3684 τὸν
2848 3631 2962 3702 βίον
2990 3631 3208 3703 ὑψηλῶν
3250 3634 3708 3703 ἐπαγαλλόμενος.

2132 3718 2269 3773 ἀλλὰ
2298 3719 2432 3773 Θεὸν
2481 3719 2619 3789 ἔχων
2653 3720 2729 3788 (8)
2758 3720 2858 3791 τὴν
2909 3719 3103 3773 ἑαυτοῦ
3148 3719 3329 3785 δόξαν,
3377 3724 3409 3774 ὀ
3460 3722 3710 3792 καύχημα

2133 3808 2328 3877 ἑαυτοῦ
2356 3807 2495 3879 ἔχων
2524 3808 2615 3860 τὸν
2646 3807 2780 3863 Θεόν
2804 3823 2817 3837 ·
2852 3811 2881 3862 ό
2906 3809 3203 3880 δυνάμενος
3237 3810 3424 3879 λέγειν
3449 3812 3598 3866 κατά
3629 3814 3711 3865 τὸν

2147 3899 2467 3952 Ἀπόστολον
2487 3916 2501 3931 ·
2547 3899 2711 3969 Ἐμοὶ
2753 3898 2822 3953 δὲ
2847 3899 2934 3968 μὴ
2978 3899 3207 3970 γένοιτο
3254 3899 3624 3970 καυχᾶσθαι,
3664 3903 3711 3954 εί

2128 3988 2215 4058 μὴ
2260 3989 2330 4042 ἐν
2372 3988 2453 4054 τῷ
2502 3988 2741 4058 σταυρῷ
2770 3989 2878 4043 τοῦ
2921 3991 3201 4057 Χριστοῦ.
3248 3992 3311 4043 Ei
3355 3992 3472 4063 γὰρ
3505 3994 3536 4044 ό
3576 3993 3711 4045 δεῖνι

2137 4080 2281 4150 μέγα
2314 4082 2519 4150 φρονεῖ,
2569 4080 2650 4132 ὅτι
2694 4078 2879 4142 δοῦλός
2923 4080 3037 4132 ἐστι
3084 4079 3374 4149 βασιλέως,
3409 4082 3711 4151 τιμώμενος

2134 4173 2265 4242 παρ’
2316 4170 2481 4223 αὑτοῦ
2530 4172 2600 4224 τὰ
2653 4171 2890 4242 μεγάλα,
2940 4171 3104 4224 πόσον
3164 4187 3248 4225 σοι
3303 4174 3590 4243 προσῆκεν
3628 4174 3713 4225 ἐπὶ

2135 4260 2318 4333 σαυτῷ
2366 4261 2779 4332 μεγαλύνεσθαι,
2812 4262 2893 4314 ὅτι
2932 4261 3116 4325 δοῦλος
3140 4259 3192 4314 εἷ
3216 4260 3311 4315 τοῦ
3346 4262 3592 4333 μεγάλου
3624 4262 3711 4331 βα-

2138 4354 2353 4420 σιλέως,
2397 4352 2759 4425 προσκληθεὶς
2788 4353 2917 4425 παρ’
2967 4351 3132 4407 αὑτοῦ
3163 4353 3242 4416 είς
3286 4351 3391 4422 τὴν
3420 4352 3604 4424 ἄκραν
3641 4354 3713 4404 οἱ·

2136 4446 2389 4512 κείωσιν;
2447 4446 2505 4499 Ὀ
2531 4446 2640 4516 γὰρ
2672 4443 2887 4515 ἀληθῶς
2919 4444 3123 4515 ἅρχων,
3156 4444 3257 4497 οὑκ
3283 4445 3353 4497 ἐκ
3380 4445 3494 4497 τῶν
3523 4444 3713 4511 ἔξωθεν

2139 4539 2424 4610 συμϐόλων
2451 4535 2796 4609 γνωρίζεται,
2826 4533 2935 4591 οἷον
2983 4536 3290 4609 πορφύρας,
3320 4536 3598 4605 χλανίδος,
3628 4535 3715 4589 καὶ

2137 4631 2462 4702 διαδήματος
2481 4645 2496 4659 ⁸
2546 4630 2661 4683 ἀλλ’
2688 4632 2752 4683 ὲκ
2783 4626 2877 4682 τοῦ
2909 4628 3055 4699 ἔχειν
3087 4628 3185 4697 τὴν
3219 4627 3464 4699 ἀρχικὴν
3496 4628 3711 4696 ἀρετήν.

2148 4723 2207 4777 ⁸0
2234 4723 2290 4775 δὲ
2313 4722 2611 4794 ἀρχόμενος
2642 4721 2745 4774 ὑπὸ
2770 4719 2878 4772 τῶν
2904 4719 3125 4790 ἡδονῶν,
3157 4720 3250 4772 καὶ
3289 4719 3569 4788 ἀγόμενος
3600 4720 3713 4771 ἐπι-

2138 4815 2362 4887 θυμίαις
2388 4814 2666 4877 πολλάκις,
2696 4811 2879 4875 δοῦλος
2907 4809 2982 4864 ὣν
3007 4811 3106 4881 τῆς
3129 4811 3426 4882 ἁμαρτίας,
3458 4812 3712 4881 ἀνεπιτή-

2134 4906 2275 4970 δειος
2322 4906 2459 4978 πρὸς
2500 4904 2563 4957 τὸ
2601 4905 2790 4974 ἄρχειν
2822 4900 3150 4973 καθέστηκε.
3196 4902 3309 4954 Καὶ
3339 4900 3405 4955 τὺ
3451 4902 3557 4972 μὲν
3595 4902 3713 4961 τοὺς

2136 4996 2529 5059 ἀντιτείνοντας
2565 4995 2671 5047 ὑπὸ
2693 4995 2850 5065 χεῖρα
2877 4992 3194 5063 λαμϐάνειν,
3236 4992 3494 5064 ἀνδρείου
3522 5010 3585 5046 τε
3628 4992 3714 5046 καὶ

2136 5087 2395 5160 ἄρχοντος
2425 5087 2501 5149 ώς
2529 5084 2775 5156 ἀληθῶς·
2808 5083 2869 5137 τὸ
2891 5083 2949 5137 δὲ
2982 5086 3094 5149 τοῖς
3118 5084 3551 5139 ὑποπεπωκόσι
3583 5101 3712 5157 χρη-

538 5242 583 5273 ¹³
613 5239 771 5297 Rom.
801 5258 921 5307 xm,
952 5242 1007 5301 2.
1083 5242 1340 5301 “Jerem.
1364 5261 1496 5309 xvu,
1520 5245 1572 5300 5.
1648 5245 1694 5276 "
1718 5243 1894 5299 Galat.
1938 5257 2015 5309 vt,
2048 5242 2135 5297 14.

542 5352 619 5420 (1)
660 5351 735 5423 Ex
767 5353 915 5407 hom.
956 5354 1010 5407 in
1046 5354 1240 5423 famem
1279 5363 1329 5408 et
1358 5355 1669 5420 siccitatem,
1707 5355 1795 5410 69-

545 5423 620 5486 (2)
660 5422 738 5493 Ex
773 5425 996 5477 hom.in
1028 5422 1164 5493 psal.
1202 5440 1395 5488 χχχιιι,
1430 5425 1549 5481 145.

545 5493 624 5563 (5)
659 5492 733 5546 Ex
770 5494 914 5547 hom.
950 5495 1002 5546 in
1026 5492 1162 5562 psal.
1198 5512 1291 5560 vn,
1326 5496 1414 5549 98.

547 5562 623 5629 (In
663 5564 738 5615 Ex
768 5564 913 5617 hom.
944 5565 998 5616 in
1026 5565 1162 5632 psal.
1195 5580 1304 5626 ut,
1335 5566 1456 5619 196.

551 5632 628 5701 (εἰ)
664 5632 743 5686 Ex
775 5645 1066 5687 comment.
1094 5637 1145 5687 in
1177 5633 1336 5698 Isai.,
1370 5635 1489 5689 456.

551 5703 627 5770 (6)
666 5702 741 5756 Ex
775 5703 933 5772 epist.
966 5718 1095 5771 exn,
1123 5705 1248 5760 904.

2213 5349 2289 5418 (7)
2322 5346 2631 5418 Βασιλείᾳ.
2656 5342 2737 5418 lta
2780 5339 2983 5412 Regius
3012 5340 3204 5395 codex.
3233 5339 3385 5396 Editi
3412 5340 3708 5411 βασιλείας,

2140 5414 2440 5493 Contentus
2468 5414 2690 5493 βασιλεῖ.
2714 5481 2767 5493 Μ
3000 5481 3012 5492 ι
3102 5479 3118 5493 ¹
3328 5481 3366 5493 υ
3410 5482 3421 5493 _

2217 5490 2291 5554 (8)
2319 5479 2669 5551 Θεὸν’ἐχων.
2713 5481 2804 5536 Sic
2834 5495 2937 5554 ope
2964 5479 3207 5549 ejusdem
3241 5481 3458 5554 codicis
3494 5490 3551 5536 et
3586 5497 3711 5536 coo-

2138 5545 2324 5613 textus
2391 5545 2795 5622 emendavimus
2850 5545 3120 5622 vulgatam
3189 5551 3526 5622 scripturam
3579 5554 3710 5622 ἔχων

2143 5632 2244 5700 τὴν
2289 5626 2480 5681 ἑαυτοῦ
2507 5625 2660 5700 δόξαν
2700 5620 2790 5675 ἐπὶ
2814 5621 2905 5674 τὸν
2935 5620 3157 5700 ιὲὑριον.
3206 5620 3342 5687 ρυλε
3390 5620 3706 5700 sequuntur,

2145 5692 2371 5769 prorsus
2386 5698 2658 5767 superﬂua
2674 5700 2821 5759 sunt,
2842 5705 2941 5746 nec
2972 5692 3026 5746 in
3049 5700 3306 5746 contextu
3343 5694 3705 5760 reperiuntur.
