3874 6224
169 319 296 374 1309

1026 315 1262 373 8ΕῆΜο
1301 316 1417 374 XV.
1458 348 1528 359 —
1567 317 1655 372 DE
1689 314 1974 372 IMPERIO
2010 316 2098 372 ET
2139 314 2568 371 POTESTATE.

3264 311 3402 367 1310

166 434 281 486 στὸν
317 424 456 484 εἶναι
500 428 594 484 καὶ
638 429 833 501 πρᾶον,
877 431 1322 505 μεγαλοφροσύνῃ
1368 431 1586 486 πάντων
1633 432 1727 485 καὶ
1757 462 1769 493 λ

1861 436 2057 493 tratos,
2109 429 2348 483 hominis
2395 436 2480 484 est
2526 426 2977 498 magnanimitate
3015 432 3069 478 et
3117 423 3402 478 clementia

164 522 453 593 ἡμερότητι
500 520 866 590 διαφέροντος.
902 522 1096 593 Κύριοι
1131 523 1230 594 μὲν
1259 523 1367 594 γὰρ
1395 522 1504 578 τῶν
1541 522 1730 593 ἠδικη-

164 612 331 664 κότων
360 609 545 663 πολλοὶ
586 608 695 661 τῶν
739 609 1003 680 πρότερον
1047 611 1146 682 ἥδη
1190 611 1494 680 γεγόνασιν,
1535 605 1611 664 ὧν
1641 613 1730 664 οὐ-

163 703 266 766 δεῖς
304 701 441 772 πρὸς
465 702 590 763 τοὺς
624 699 850 771 ὕστερον
874 701 1180 772 διεπέμφθη
1209 701 1366 770 λόγος
1384 719 1398 733 ·
1429 702 1650 773 ἀφῆκαν
1673 702 1730 755 δὲ

166 792 258 861 τὴν
294 789 462 860 ὀργὴν
500 791 547 842 οἱ
585 789 870 861 φιλοσοφίᾳ
914 791 1040 854 τοὺς
1080 790 1307 853 πολλοὺς
1336 791 1727 863 ὑπεράραντες,

166 874 236 932 ὧν
264 878 528 941 ἀθάνατος
554 880 587 948 ή
621 879 809 950 μνήμη
839 878 919 949 τῷ
945 879 1120 950 χρόνῳ
1152 880 1312 933 παντὶ
1355 880 1728 951 παραδέδοται.

170 972 302 1034 Τοὺς
342 970 452 1041 γάρ
493 987 569 1038 τῳ
611 969 789 1023 ὁτιοῦν
818 969 1136 1034 ἀδικοῦντας
1165 972 1264 1041 οὐχ
1305 971 1444 1040 ὑπὲρ
1485 972 1593 1025 τῶν
1628 972 1728 1043 ἤδη

168 1062 545 1133 γεγενημένων
573 1061 895 1132 κολάζομεν,
922 1061 1026 1132 (τίς
1053 1062 1163 1133 γὰρ
1182 1063 1248 1117 ἂν
1274 1063 1484 1130 γένοιτο
1516 1063 1730 1134 μηχανὴ

171 1156 243 1227 μὴ
287 1153 612 1223 γεγενῆσθαι
664 1153 736 1206 τὰ
784 1154 1144 1223 πεπραγμένα
1165 1156 1201 1222 ;)
1251 1154 1365 1207 ἀλλ’
1392 1155 1542 1217 ὅπως
1586 1155 1653 1207 ἂν
1695 1155 1730 1224 ἢ

166 1250 317 1302 αὐτοὶ
346 1248 478 1318 πρὸς
510 1248 571 1300 τὸ
615 1245 799 1300 λοιπὸν
841 1246 1097 1317 ἀμείνους
1139 1248 1400 1315 γένοιντο,
1445 1248 1480 1318 ἢ
1526 1248 1734 1319 ἑτέροις

171 1340 464 1411 ὑπάρξαιεν
487 1338 579 1392 τοῦ
610 1339 905 1409 σωφρονεῖν
930 1337 1298 1409 παράδειγμα.

238 1519 290 1573 '5.
330 1518 597 1583 Πολλάκις
639 1518 749 1589 γὰρ
790 1518 865 1589 (1)
903 1519 997 1572 καὶ
1039 1519 1097 1572 ἐν
1123 1520 1236 1580 τοῖς
1279 1520 1659 1590 σμικροτάτοις
1699 1522 1733 1592 ἡ

173 1610 331 1678 σοφία
354 1609 446 1662 τοῦ
476 1608 610 1662 Θεοῦ
643 1609 1001 1679 διαφαίνεται.
1048 1610 1106 1663 '0
1143 1609 1252 1680 γὰρ
1290 1610 1518 1680 οὐρανὸν
1557 1610 1738 1664 ἀπλώ-

175 1719 292 1764 σας,
331 1701 426 1754 καὶ
452 1701 524 1753 τὰ
558 1700 765 1754 ἀπλετα
816 1700 1018 1771 μεγέθη
1060 1702 1168 1755 τῶν
1207 1700 1457 1770 πελάγιον
1483 1702 1735 1772 ἀναχέας,

1835 536 2025 576 omnes
2052 522 2385 591 superantis.
2421 520 2497 591 (5)
2529 518 2665 575 Illud
2702 520 2848 574 enim
2886 516 3194 579 considera,
3229 516 3404 570 domi-

1834 628 1938 667 nos
1963 627 2152 667 eorum
2185 611 2276 682 qui
2310 612 2565 667 laeserant
2590 610 2871 665 exstitisse
2895 608 3098 663 multos
3121 622 3188 661 ex
3219 606 3288 660 iis
3310 605 3403 675 qui

1836 701 1994 772 555
2020 710 2146 756 ante
2175 716 2276 757 nos
2312 702 2518 764 vixere,
2550 701 2617 757 de
2658 699 2858 770 quibus
2908 699 3091 753 nullus
3129 696 3196 750 ad
3223 704 3406 766 poste-

1835 808 1927 848 ros
1970 793 2332 848 transmissus
2379 806 2597 858 sermo;
2645 798 2700 844 at
2750 805 2882 843 vero
2927 789 3066 842 iram
3105 786 3401 847 remisisse.

1833 884 1927 954 qui
1978 883 2320 954 philosophia
2384 884 2580 951 vulgus
2636 881 3104 941 antecelluerunt,
3172 890 3403 947 quorum

1834 973 2161 1027 immortalis
2226 972 2488 1025 memoria
2558 971 2616 1024 in
2674 970 2824 1023 omni
2890 983 3007 1023 aevo
3064 968 3402 1038 perhibetur.

1837 1064 1912 1134 (6)
1934 1062 2067 1116 Nam
2094 1077 2190 1117 eos
2211 1062 2304 1130 qui
2330 1062 2546 1131 quidvis
2574 1060 2925 1130 deliquerint,
2955 1075 3063 1114 non
3096 1059 3167 1113 ob
3197 1072 3259 1111 ea
3287 1072 3407 1126 qua:

1831 1156 1945 1225 jam
1994 1154 2232 1209 admissa
2276 1163 2425 1216 sunt,
2457 1155 2735 1223 punimus,
2776 1154 2903 1222 (qua
2950 1152 3095 1206 enim
3134 1157 3252 1203 arte
3286 1163 3408 1218 qua:

1837 1246 1981 1300 facta
2030 1253 2177 1308 sunt,
2233 1244 2437 1298 infecta
2491 1244 2855 1312 reddantur?)
2910 1243 3003 1296 sed
3055 1247 3114 1295 ut
3169 1247 3262 1293 aut
3302 1238 3406 1308 ipsi

1839 1338 2101 1405 deinceps
2152 1336 2412 1390 meliores
2466 1335 2619 1400 ﬁant,
2684 1342 2779 1389 aut
2828 1334 2951 1389 aliis
2999 1331 3245 1402 sapiendi
3298 1331 3410 1385 sint

1838 1429 2168 1498 exemplum.

1910 1519 1964 1573 5.
1996 1518 2072 1589 (7)
2107 1517 2262 1587 Saepe
2297 1516 2442 1573 enim
2490 1516 2546 1571 in
2592 1514 2934 1572 tenuissimis
2960 1514 3123 1569 etiam
3160 1512 3253 1567 Dei
3289 1526 3412 1567 sese

1842 1610 2049 1665 exserit
2092 1609 2385 1679 sapientia.
2432 1608 2589 1681 Nam.
2614 1609 2709 1678 qui
2745 1621 3049 1661 convexum
3085 1605 3281 1659 etelum
3312 1619 3410 1657 ex-

1843 1700 2052 1772 pandit,
2083 1708 2246 1770 atque
2280 1700 2527 1770 ingentes
2559 1698 2791 1753 marium
2822 1696 3064 1767 gurgites
3087 1694 3295 1755 ell‘udit,
3324 1694 3415 1747 ille

172 1788 325 1858 οὗτός
352 1796 499 1846 ἐστιν
524 1794 553 1846 ὀ
580 1793 676 1846 καὶ
711 1793 772 1846 τὸ
798 1794 1124 1847 λεπτότατον
1161 1794 1386 1864 κέντρον
1427 1794 1526 1863 τῆς
1573 1794 1747 1865 μελίσ-

1858 1796 1963 1862 ipse
1983 1800 2068 1848 est
2090 1793 2182 1861 qui
2216 1792 2595 1846 tenuissimum
2621 1791 2849 1861 apicula:
2876 1790 3154 1843 stimulum
3180 1789 3234 1841 in
3261 1786 3416 1840 ﬁstu-

175 1901 272 1955 σης
302 1883 574 1946 κοιλάνας,
605 1882 792 1954 ὥσπερ
825 1882 1007 1946 αὐλὸν,
1050 1882 1192 1936 ὥστε
1227 1884 1320 1937 τὸν
1361 1884 1533 1937 ἰὸν-δι’
1579 1884 1741 1938 αὑτοῦ

172 1972 469 2043 ὲκχείσθαι.
517 1971 717 2025 Τοῦτον
749 1972 949 2043 σαρκὸς
972 1971 1048 2043 (2)
1092 1973 1190 2043 μὲν
1215 1972 1515 2043 ὀφθαλμοῖς
1547 1972 1745 2044 θεωρῆ-

173 2082 261 2119 σαι
285 2065 361 2134 ('5,
396 2062 676 2128 ἀδύνατον,
701 2063 762 2116 τὸ
803 2063 912 2134 γάρ
944 2062 1230 2134 ἀσώματον
1276 2065 1475 2136 σαρκὸς
1504 2064 1745 2135 ὄμμασιν

174 2157 497 2210 ὑποπίπτειν
533 2156 594 2209 οὐ
646 2155 904 2210 δύναταιο
971 2157 1067 2209 καὶ
1122 2155 1542 2227 μεμαρτύρηκεν
1585 2156 1748 2220 αὐτὸς

172 2248 201 2299 ὀ
246 2247 541 2317 μονογενὴς
584 2246 711 2310 Υἱὸς
762 2245 855 2299 τοῦ
906 2245 1064 2311 Θεοῦ,
1102 2244 1307 2313 λέγων·
1356 2244 1504 2299 Θεὸν
1550 2244 1748 2310 οὐδεὶς

172 2336 413 2390 πώποτε
437 2334 721 2391 τεθέαται.
766 2337 830 2388 Ei
869 2335 979 2405 γὰρ
1010 2337 1104 2389 καὶ
1142 2335 1285 2388 κατά
1328 2335 1389 2388 τὸ
1433 2334 1750 2405 γεγραμμέ-

176 2446 263 2482 νον
285 2425 426 2482 εἶδεν
450 2431 479 2482 ὀ
518 2428 797 2496 Ἰεζεκιὴλ,
827 2426 967 2480 ἀλλὰ
998 2428 1051 2479 τί
1076 2427 1225 2495 λέγει
1262 2429 1294 2497 ἡ
1326 2427 1516 2497 Γραφή
1537 2442 1551 2490 ;
1576 2426 1750 2478 Εἶδον

176 2519 437 2589 ὁμοίωμα
475 2518 658 2585 δόξης
696 2519 939 2587 Κυρίου,
976 2519 1037 2571 οὐ
1071 2518 1178 2589 μὴν
1217 2518 1275 2572 δὲ
1304 2517 1467 2571 αυτὸν
1493 2516 1584 2569 τὸν
1634 2516 1749 2569 Κύ-

180 2627 295 2681 ριον
316 2627 330 2640 ’
378 2609 490 2663 ἀλλ’
534 2610 655 2663 οὐδὲ
685 2609 852 2679 αὐτὴν
882 2609 979 2679 τὴν
1022 2608 1200 2675 δόξαν,
1231 2609 1305 2672 ὡς
1339 2609 1484 2661 ἔστιν
1514 2607 1746 2679 ἀληθῶς.

177 2701 289 2753 Καὶ
324 2699 447 2753 ίδὼν
484 2700 545 2752 τὸ
577 2701 829 2770 ὁμοίωμα
866 2700 962 2770 τῆς
994 2699 1170 2769 δόξης,
1205 2700 1301 2753 καὶ
1332 2701 1434 2754 οὐκ
1461 2699 1628 2770 αὐτὴν
1651 2700 1751 2771 τὴν

175 2790 356 2857 δόξαν,
384 2790 578 2846 ἔπεσεν
608 2790 701 2845 ἐπὶ
744 2792 842 2862 τὴν
879 2792 982 2862 γῆν
1016 2791 1123 2844 ἀπὸ
1153 2791 1246 2844 τοῦ
1291 2791 1477 2859 φόϐου.
1515 2792 1579 2844 Εἰ
1608 2790 1663 2844 δέ
1692 2790 1752 2843 τὸ

177 2880 279 2949 τῆς
312 2879 470 2951 δόξης
506 2880 756 2951 ὁμοίωμα
798 2878 990 2933 θεαθέν
1041 2879 1206 2948 φόϐον
1245 2880 1339 2933 καὶ
1389 2878 1626 2948 ἀγωνίαν
1658 2895 1755 2930 πε-

184 2971 416 3041 ριεποίει
458 2974 569 3034 τοῖς
612 2969 938 3040 ἀνθρώποις,
974 2970 1135 3024 αὐτὸν
1176 2969 1231 3024 si
1269 2987 1354 3033 τις
1387 2970 1453 3023 ἀν
1482 2968 1753 3041 ἐθεώρησε

176 3061 271 3114 τὸν
303 3060 458 3125 Θεὸν,
494 3061 710 3124 πάντως
754 3063 821 3115 ἂν
847 3061 1240 3133 ἀπηλλάττετο,
1274 3061 1413 3115 κατὰ
1454 3061 1514 3113 τὸ
1538 3059 1754 3133 εἰρημέ-

180 3167 302 3204 νον·
361 3150 566 3216 Οὐδεὶς
606 3151 815 3219 ὄψεται
853 3130 962 3205 τότε
1003 3150 1170 3217 Θεὸν,
1218 3152 1318 3205 καὶ
1362 3130 1620 3218 ζήσεται.
1654 3130 1753 3204 Διά
1779 3130 1825 3193 C

178 3238 345 3296 τοῦτο
376 3242 471 3296 καὶ
502 3240 646 3296 κατὰ
672 3241 771 3312 τὴν
799 3242 1058 3312 μεγίστην
1090 3240 1257 3295 αὑτοῦ
1293 3241 1704 3313 φιλανθρωπίαν
1727 3243 1756 3295 ὀ

180 3330 316 3395 Θεὸς
374 3331 776 3403 παραπέτασμα
820 3331 921 3400 τῆς
975 3332 1180 3396 οἰκείας
1222 3331 1474 3401 θεότητος
1525 3332 1756 3397 ἐξέτεινε

178 3420 274 3474 τὸν
303 3421 551 3493 οὐρανὸν,
583 3422 669 3475 ἵνα
699 3422 774 3491 μὴ
805 3422 1154 3493 ἀπολώμεθα.
1204 3424 1318 3476 Οὐκ
1359 3423 1489 3493 ἐμὸς
1520 3424 1550 3475 ὀ
1581 3424 1754 3491 λόγος,

184 3510 331 3563 ἀλλά
359 3511 643 3582 προφήτης
672 3505 822 3562 εἶπεν
846 3526 860 3539 ·
905 3510 1038 3562 Ἐὰν
1074 3509 1326 3577 ἀνοίξῃς
1348 3508 1455 3561 τὸν
1476 3509 1755 3577 οὐρανὸν,

179 3603 402 3671 τρόμος
433 3601 691 3669 λήψεται
735 3599 854 3655 ἀπὸ
905 3601 1022 3654 σοῦ
1065 3601 1192 3667 ὅρη,
1244 3600 1341 3653 καὶ
1393 3599 1760 3665 τακήονονται

181 3694 323 3763 παρ’
367 3692 538 3747 αὐτά.
583 3693 693 3745 Καὶ
741 3692 793 3746 τί
838 3691 1159 3762 θαυμάζεις,
1194 3693 1243 3744 ει
1284 3693 1313 3743 ὀ
1375 3690 1651 3761 Ἰεζεκιὴλ,
1700 3690 1762 3743 τὺ

180 3783 443 3854 ὁμοίωμα
471 3782 566 3852 τῆς
589 3780 745 3851 δόξης
778 3779 921 3846 ἰδὼν,
952 3768 1183 3845 ἐπεσενς
1224 3780 1285 3833 Ὀ
1320 3779 1519 3849 Δανιὴλ
1548 3780 1762 3850 οἰκέτην

186 3873 315 3928 ἰδὼν
342 3873 435 3927 τοῦ
476 3872 703 3944 Κυρίου,
750 3874 846 3925 καλ⁵
876 3871 1074 3941 ἔπτηξε
1119 3870 1217 3943 (4),
1262 3871 1356 3925 καὶ
1388 3854 1615 3925 ἔπεσεν*
1667 3873 1764 3926 καὶ

182 3966 352 4037 ἄχρις
412 3966 533 4018 ὅτου
594 3964 903 4031 ἐξεϐιάζετο
971 3967 1083 4026 τοῖς
1143 3962 1439 4034 ὀφθαλμοῖς
1503 3964 1630 4018 ίδείν
1684 3956 1764 4028 είς

183 4057 446 4125 ὁμοίωμα
486 4055 601 4107 υἱοῦ
628 4054 785 4118 Θεοῦ,
815 4054 914 4106 οὐκ
946 4053 1240 4124 ἐτόλμησεν
1264 4055 1653 4127 ἀποκριθῆναι.
1700 4056 1764 4109 Et

184 4147 245 4199 δὲ
285 4145 528 4217 Γαϐριὴλ
578 4146 964 4215 ὀπτανόμενος,
1016 4146 1218 4216 τρόμον
1265 4149 1411 4199 ποιεί
1460 4150 1766 4219 προφήταις

186 4236 502 4309 ἀνθρώποις
554 4236 648 4290 τοῦ
692 4234 864 4289 Θεοῦ·
905 4239 954 4289 εί
994 4232 1123 4307 ἦλθε
1172 4236 1354 4301 καθὼς
1402 4232 1503 4309 ἦν,
1556 4238 1655 4291 οὐκ
1700 4237 1766 4292 ἂν

188 4326 516 4382 ἀπώλλυντο
544 4327 776 4392 πάντες;
829 4326 985 4380 παντί
1021 4344 1122 4380 που
1155 4328 1333 4398 δῆλον.
1375 4328 1439 4381 Εἰ
1467 4327 1645 4382 τοίνυν
1674 4327 1766 4382 θέ-

184 4420 306 4480 λεις
333 4419 532 4488 γνῶναι
563 4419 766 4488 σαφῶς,
795 4419 876 4472 ὅτι
919 4418 1079 4489 φύσιν
1107 4418 1243 4472 Θεοῦ
1289 4419 1614 4473 καταλαϐεῖν
1642 4420 1768 4474 ἁδύ-

188 4526 380 4573 νατον,
404 4509 658 4579 μάνθανε,
699 4510 752 4562 τί
784 4508 1035 4578 λέγουσιν
1074 4512 1122 4563 οί
1169 4513 1315 4581 τρεῖς
1357 4511 1543 4575 παῖδες
1600 4512 1657 4565 ἐν
1699 4516 1768 4584 τῇ

186 4602 416 4672 καμίνῳ
443 4600 536 4653 τοῦ
585 4601 776 4673 πυρὸς,
812 4600 1231 4672 ὑμνολογοῦντες
1257 4601 1348 4655 τὸν
1378 4602 1511 4655 Θεόν
1532 4620 1546 4634 ·
1588 4606 1777 4658 Εὐλο-

185 4692 383 4762 τητός
421 4691 494 4756 εἷ,
546 4694 578 4745 ό
615 4692 867 4755 ,ϐλέπων
916 4693 1248 4758 ἀϐύσσους,
1297 4692 1632 4763 καθήμενος
1677 4695 1776 4749 ἐπὶ

188 4783 503 4852 χερουϐίμ.
552 4783 687 4836 Εἰπὲ
729 4801 840 4853 μοι,
888 4784 981 4836 τοῦ
1011 4782 1276 4853 χερουϐὶμ.
1315 4783 1400 4847 τίς
1429 4787 1576 4838 ἐστιν
1608 4786 1642 4855 ἡ
1681 4786 1781 4854 φύ-

190 4890 307 4937 σις,
356 4874 450 4926 καὶ
486 4873 609 4939 τότε
650 4874 742 4928 τὸν
776 4875 1180 4945 ἐπικαθήμενον
1224 4872 1467 4946 θεωρεῖς.
1516 4877 1777 4946 Καίτοιγε

1845 1884 1911 1938 lae
1940 1883 2161 1937 modum
2193 1884 2501 1948 excavavit,
2543 1881 2679 1937 adeo
2708 1888 2770 1936 ut
2801 1896 2897 1951 per
2929 1880 3105 1949 ipsum
3144 1892 3414 1933 venenum

1844 1971 2174 2028 eﬂ‘undatur.
2214 1971 2290 2041 (8)
2322 1973 2482 2026 Hunc
2516 1971 2796 2040 corporeis
2832 1970 3051 2040 quidem
3080 1968 3254 2023 oculis
3283 1983 3416 2021 con-

1844 2064 2098 2133 templari
2148 2064 2374 2118 minime
2419 2062 2744 2117 conceditur
2787 2080 2799 2116 :
2837 2062 3221 2130 incorporeum
3270 2058 3417 2112 enim

1845 2155 1987 2210 visui
2042 2154 2239 2222 subjici
2285 2167 2553 2224 corporeo
2603 2167 2710 2206 non
2750 2160 2929 2222 potest
2961 2169 2974 2205 :
3010 2149 3157 2220 quod
3197 2148 3418 2218 quidem

1848 2247 2163 2318 uuigenitus
2200 2246 2318 2315 ipse
2366 2243 2462 2299 Dei
2494 2243 2668 2298 Filius
2705 2242 3030 2298 testiﬁcatus
3068 2247 3152 2295 est
3184 2239 3416 2294 dicens:

1847 2338 2016 2393 Deum
2051 2355 2200 2392 nemo
2224 2336 2352 2391 vidit
2381 2337 2691 2407 unquam".
2722 2335 2837 2390 Etsi
2864 2334 3032 2398 enim,
3066 2341 3127 2387 ut
3153 2332 3418 2401 scriptum

1850 2439 1958 2494 cst,
1982 2428 2120 2483 vidit
2151 2428 2397 2483 Ezechiel
2426 2446 2437 2481 :
2463 2427 2588 2482 audi
2615 2427 2746 2496 quid
2770 2424 3051 2495 Scriptura
3079 2424 3248 2487 dicat,
3280 2420 3422 2474 Vidit

1850 2517 2254 2572 similitudinem
2293 2516 2479 2587 glorite
2516 2515 2730 2570 Domini
2753 2516 2830 2581 "';
2872 2530 2982 2569 non
3017 2521 3200 2567 tamen
3242 2512 3422 2581 ipsum

1851 2611 2163 2676 Dominum,
2183 2611 2275 2665 sed
2300 2625 2367 2665 ne.
2398 2609 2571 2680 ipsam
2602 2608 2820 2679 quidem
2853 2606 3106 2677 gloriam,
3129 2605 3307 2675 qualis
3330 2603 3421 2655 illa

1850 2717 2036 2757 revera
2066 2709 2170 2756 est.
2222 2700 2289 2754 Et
2334 2716 2457 2754 cum
2500 2700 2910 2755 similitudinem
2948 2698 3132 2767 gloriae
3170 2694 3420 2753 vidisset,

1852 2805 1961 2843 non
1991 2790 2165 2860 ipsam
2196 2789 2461 2859 gloriam;
2504 2804 2614 2859 pra:
2647 2789 2839 2843 timore
2875 2788 2929 2840 in
2971 2793 3172 2841 terram
3205 2782 3423 2841 cecidit.

1853 2880 2006 2946 Quod
2037 2881 2082 2935 si
2117 2888 2412 2950 conspecta
2453 2881 2641 2951 glorise
2687 2878 2991 2934 similitudo
3028 2885 3293 2930 terrorem
3329 2873 3427 2925 ho-

1852 2973 2090 3028 minibus
2111 2980 2512 3042 tremoremque
2534 2971 2749 3037 incutit,
2775 2970 2948 3025 Deum
2998 2969 3175 3037 ipsum
3206 2966 3253 3020 si
3284 2966 3430 3035 quis-

1853 3063 1998 3132 piam
2035 3062 2255 3124 vidcrit,
2306 3075 2336 3116 e
2366 3063 2477 3115 vita
2512 3077 2742 3131 prorsus
2772 3060 3107 3131 migraverit,
3135 3064 3193 3110 ut
3223 3054 3428 3109 dictum

1854 3158 1939 3205 est
1965 3169 1978 3204 :
2005 3147 2176 3204 Nemo
2206 3149 2398 3203 videbit
2436 3150 2742 3214 Dominum,
2781 3165 2843 3203 ac
2876 3150 3007 3203 vivet
3031 3147 3097 3201 ³⁸.
3131 3146 3429 3216 Propterea

1858 3240 2001 3296 Deus
2033 3257 2130 3311 pro
2162 3256 2263 3297 sua
2291 3256 2423 3312 erga
2455 3256 2557 3296 nos
2591 3223 2955 3303 humanitate,
2998 3240 3196 3293 caelum
3227 3239 3431 3308 ipsum,

1858 3348 1972 3388 suae
1999 3333 2304 3390 divinitatis
2335 3335 2536 3396 velum,
2570 3350 2639 3388 ne
2667 3347 2979 3403 pereamus,
3020 3330 3288 3387 obtendit.
3322 3329 3431 3384 Ne-

1857 3441 1966 3495 que
1993 3426 2061 3480 de
2089 3441 2208 3480 meo
2243 3426 2295 3480 id
2323 3425 2512 3490 ali'ero,
2557 3427 2667 3480 imo
2709 3427 2829 3494 ipse
2862 3424 3128 3495 propheta
3159 3422 3335 3477 dixit:
3372 3421 3433 3479 Si

1860 3517 2123 3586 aperueris
2158 3516 2366 3580 caelum,
2420 3525 2616 3571 tremor
2650 3534 2681 3569 a
2717 3526 2806 3569 tuo
2837 3524 3113 3583 conspectu
3146 3513 3433 3582 apprehen-

1859 3609 1944 3661 det
1968 3618 2191 3673 montes,
2223 3617 2272 3661 et
2303 3609 2555 3661 continuo
2584 3608 2864 3661 tabescent.
2895 3605 2961 3659 Et
2984 3606 3116 3677 quid
3144 3606 3361 3660 miraris
3385 3606 3433 3660 si

1860 3698 2048 3767 gloriae
2075 3698 2492 3753 similitudinem
2524 3712 2648 3751 cum
2677 3698 2906 3751 vidisset
2933 3696 3206 3759 Ezechiel,
3234 3696 3435 3750 cecidit

1863 3788 1918 3841 in
1949 3786 2184 3841 faciem?
2212 3784 2424 3851 Daniel,
2453 3796 2753 3857 conspecto
2782 3788 2873 3843 Dei
2902 3802 3082 3851 servo,
3109 3797 3162 3842 et
3189 3787 3433 3853 tremuit,

1861 3889 1917 3935 et
1942 3880 1999 3934 in
2033 3880 2226 3934 faciem
2254 3879 2453 3934 cecidit
2483 3898 2496 3934 :
2532 3889 2586 3934 et
2611 3878 2855 3948 quandiu
2886 3879 3063 3932 oculis
3092 3877 3279 3932 videre
3306 3891 3437 3931 con—

1864 3973 2037 4027 tendit
2081 3970 2177 4026 Dei
2211 3972 2308 4025 lilii
2369 3970 2804 4033 similitudinem,
2860 3969 3050 4023 tandiu
3109 3968 3438 4038 respondere

1864 4079 1974 4119 non
2002 4079 2170 4119 ausus
2199 4072 2283 4118 est
2303 4064 2369 4117 ’³.
2425 4061 2483 4117 Si
2529 4078 2660 4119 vero
2709 4063 2862 4117 visus
2906 4061 3125 4117 Gabriel
3157 4060 3438 4132 prophetis

1865 4156 2179 4211 hominibus
2218 4154 2312 4209 Dei
2354 4164 2643 4210 tremorem
2693 4154 2918 4222 incutit;
2963 4154 3008 4208 si
3049 4154 3226 4226 qualis
3254 4161 3357 4213 est,
3391 4152 3440 4206 is

1867 4262 1989 4303 sese
2033 4245 2362 4311 ostenderit,
2417 4261 2598 4299 nonne
2639 4246 2902 4315 perierint
2953 4244 3181 4301 omnes?
3229 4241 3440 4297 Nemini

1866 4337 2112 4410 proiecto
2147 4337 2370 4391 dubium
2386 4345 2488 4392 est.
2515 4336 2570 4391 Si
2607 4338 2688 4391 vis
2711 4335 2874 4405 igitur
2893 4344 3075 4405 aperte
3110 4346 3442 4403 cognoscere

1872 4429 2478 4499 incomprehensibilem
2509 4442 2633 4482 esse
2664 4425 2760 4481 Dei
2792 4435 3063 4487 naturam,
3126 4423 3275 4478 disce
3308 4420 3439 4491 quid

1875 4528 1986 4573 tres
2018 4518 2238 4587 pueriin
2265 4517 2509 4571 ardentis
2540 4516 2680 4586 ignis
2708 4514 2928 4569 fornace
2959 4513 3238 4566 iaudantes
3271 4509 3441 4563 Deum

1874 4609 2100 4664 dicant:
2144 4608 2460 4662 Benedictus
2488 4623 2541 4660 es
2571 4607 2660 4676 qui
2692 4606 2913 4659 intueris
2946 4603 3186 4673 abyssos,
3214 4610 3263 4655 et
3296 4598 3441 4654 sedes

1875 4715 2028 4768 super
2057 4700 2321 4755 cherubim
2342 4699 2408 4752 ³⁸.
2447 4698 2643 4764 Quaeso
2669 4707 2741 4761 te,
2774 4697 2860 4751 dic
2894 4697 3045 4761 mihi,
3080 4707 3325 4764 quaenam
3358 4700 3445 4745 est

1875 4789 2158 4843 cherubim
2187 4799 2403 4850 natura,
2431 4797 2595 4857 atque
2625 4795 2739 4840 tum
2770 4786 3093 4839 insidentem
3123 4781 3447 4849 contempla-

1877 4881 2046 4935 beris.
2076 4880 2340 4945 Quamvis
2390 4880 2654 4949 pr0phctu
2696 4876 2944 4931 Ezechiel
2988 4876 3205 4929 illorum
3239 4871 3447 4926 descri-

266 5031 320 5063 ¹⁶
346 5028 506 5085 Joan.
537 5046 577 5095 ι,
611 5031 697 5087 18.
786 5032 831 5064 ’⁷
854 5033 1053 5087 Ezech.
1077 5048 1139 5097 ιι,
1175 5031 1263 5087 19.
1340 5031 1387 5065 ³⁸
1419 5028 1589 5086 Exod.
1628 5047 1769 5087 xxxii

1858 5034 1946 5089 20.
2021 5037 2065 5067 ²⁹
2095 5035 2229 5090 Dan.
2267 5051 2324 5099 ι,
2367 5035 2397 5086 7
2428 5051 2550 5105 sqq.
2625 5035 2671 5066 ³⁸
2722 5033 2858 5088 Dan.
2909 5047 2992 5094 ut,

271 5146 353 5218 (l)
383 5144 687 5218 ῌολλᾴκις
721 5145 850 5215 γάρ,
875 5154 983 5202 etc.
1014 5146 1139 5202 Haec
1168 5147 1333 5218 verba
1367 5160 1540 5214 usque
1571 5145 1638 5218 ad
1660 5147 1771 5209 illa,

193 5215 504 5285 ἐκκεῖσθαι,
534 5215 819 5285 desumpta
870 5233 991 5271 esse
1046 5234 1111 5273 ex
1175 5216 1497 5270 Hexaemero
1568 5216 1775 5269 indicat

192 5284 381 5357 codex
425 5284 625 5353 Regius
657 5284 814 5351 1992,
849 5286 944 5341 sed
985 5301 1050 5341 ea
1076 5288 1315 5357 reperire
1343 5300 1453 5340 non
1498 5286 1777 5355 potuimus

195 5356 260 5410 in
296 5357 401 5407 hoc
431 5369 612 5421 opere.

280 5426 361 5494 (2)
395 5422 619 5477 Τοῦτον
640 5428 887 5494 σαρκός.
923 5424 1047 5481 Haec
1081 5426 1242 5481 verba
1268 5441 1439 5495 usque
1477 5424 1541 5478 ad
1571 5424 1679 5497 illa,
1713 5424 1777 5476 ἐκ

203 5495 960 5568 μέρουςμκαςεαργηθήσεται,
1021 5498 1257 5568 reperire
1308 5512 1417 5549 non
1476 5495 1774 5568 potuimus.

199 5563 399 5618 Codex
433 5563 569 5616 1992
604 5563 808 5620 indicat
836 5563 1158 5633 orationcin,
1199 5566 1352 5631 Quod
1390 5564 1774 5633 incomprehen-

201 5634 387 5686 sibilis
411 5641 488 5686 est
523 5632 682 5686 Deus.

201 5641 387 5690 sibilis
411 5641 488 5686 est
523 5641 682 5690 Deus.

290 5703 371 5759 ('5)
402 5701 723 5772 Θεωρῆσαι.
759 5704 937 5763 Codex
968 5704 1166 5777 Regius
1200 5702 1338 5761 1992
1368 5703 1710 5757 ὑποπίπτειν.

1940 5150 2015 5219 (4)
2046 5149 2330 5217 Ἐπτηξε.
2365 5148 2521 5203 Hunc
2557 5149 2735 5219 locum
2769 5160 2870 5219 ope
2909 5143 3195 5219 utriusque
3239 5137 3447 5219 codicis

1877 5209 2210 5274 saiiavintus.
2225 5209 2520 5272 ‘l—lahebant
2534 5221 2659 5273 editi
2676 5209 2839 5281 ἔπηξε
2854 5215 2946 5266 καὶ
2970 5213 3160 5265 ἔπεσεν
3177 5210 3267 5263 ἐπὶ
3291 5209 3453 5280 πρόσ-

1876 5307 2045 5349 ωπον.
2081 5291 2240 5342 καὶ...
2269 5289 2609 5353 ἐξεϐιϐάζετο
2628 5291 2705 5351 εἰς
2742 5284 3011 5356 ὁμοίωμα.

1972 5362 2025 5428 5)
2064 5360 2139 5411 Ex
2168 5360 2325 5427 epist.
2362 5374 2493 5425 cui,
2521 5358 2646 5413 204.

1972 5431 2026 5495 6)
2068 5430 2200 5481 Ibid.
2236 5429 2358 5482 205.

1953 5491 2028 5569 (7)
2073 5498 2223 5569 linus
2251 5498 2419 5551 codex
2454 5497 2659 5569 indicat
2689 5495 2834 5549 hom.
2862 5495 2916 5546 in
2949 5491 3202 5569 liquem.

1958 5558 2032 5639 (8)
2073 5567 2316 5639 Uterque
2347 5569 2515 5622 codex
2547 5568 2773 5635 indicat,
2817 5578 2982 5621 serm.
3025 5562 3178 5629 Quod
3215 5558 3349 5615 Deus
3377 5558 3451 5613 sit

1886 5636 2418 5708 incomprehensibilis
2429 5677 2441 5690 .
