3874 6224
441 337 572 393 1511

1361 333 1720 390 APPENDIX.
1753 365 1821 373 -—
1856 332 2202 389 SYMEONIS
2242 333 2779 388 METAPHRASTA‘I

3565 329 3698 382 1512

439 459 680 528 ptionem
724 457 870 526 quod
919 455 1034 511 ﬁeri
1065 457 1279 526 'potuit,
1311 455 1536 526 scriptis
1573 456 1648 510 sit
1677 464 2021 524 persecutus,

2142 453 2401 526 ἰεζεκιὴλ
2460 456 2489 506 ὁ
2552 456 2838 525 προφήτης
2893 452 2986 505 καὶ
3045 451 3147 521 τὴν
3199 448 3468 518 ἒκφρασιν
3530 448 3705 500 αὐτῶν

441 548 729 618 inquiens:
767 547 1012 614 Quatuor
1037 549 1202 618 facies
1235 547 1460 602 habebat
1496 564 1681 609 unum,
1710 546 1873 614 facies
1912 563 2019 600 una

441 638 693 701 hominis,
746 638 910 708 facies
956 637 1188 690 secunda
1234 636 1440 699 leonis;
1484 644 1535 688 et
1574 635 1630 687 in
1661 635 1813 687 tertio
1859 635 2020 702 facies

439 729 656 799 aquilas,
685 738 735 783 et
765 730 818 782 in
845 738 1034 799 quarto
1065 728 1229 798 facies
1246 728 1398 782 vitu'.’
1421 727 1463 758 ³¹
1491 745 1504 780 :
1532 725 1787 796 quodque
1811 726 1904 779 uni
1926 740 2021 780 sex

439 828 629 875 essent
655 821 773 881 alae,
814 829 978 890 atque
1001 821 1135 890 ipsis
1165 819 1406 888 undique
1433 824 1622 873 essent
1647 817 1815 879 oculi,
1849 817 2023 886 quod-

442 924 550 977 que
602 910 801 978 singuli
852 909 1155 978 subjectam
1211 909 1475 963 haberent
1522 908 2020 978 quadrangularem

443 1004 640 1063 rotam;
669 997 811 1052 facta
841 1010 1021 1053 tamen
1051 1013 1080 1050 a
1110 999 1372 1068 propheta
1395 997 1784 1067 descriptione,
1805 997 2021 1053 etiamsi

443 1086 696 1157 legimus,
715 1089 997 1158 percipere
1013 1103 1123 1143 non
1135 1089 1398 1143 valemus.
1422 1087 1479 1141 Si
1498 1102 1626 1142 vero
1643 1087 1862 1152 solium,
1875 1086 2022 1158 quod

443 1179 777 1248 explanavit,
793 1181 976 1236 animo
996 1181 1462 1251 comprehendere
1481 1194 1588 1234 non
1612 1180 2023 1249 possumus,in-

369 1279 374 1285 ’
444 1270 710 1324 sidentem
735 1271 837 1340 ipsi
859 1271 1186 1327 invisibilem
1211 1269 1406 1333 Deum,
1435 1285 1541 1340 qua
1576 1271 1790 1324 ratione
1819 1270 2024 1340 poteri-

444 1361 600 1414 mus?
616 1361 755 1416 facie
768 1361 1034 1432 siquidem
1054 1362 1120 1415 ad
1141 1361 1334 1415 faciem
1354 1362 1595 1425 visuros,
1613 1361 2022 1431 perfectamque

446 1450 612 1522 556
628 1453 1194 1524 incomprehensibilis
1216 1452 1308 1508 Dei
1330 1453 1631 1522 majestatis
1653 1453 1709 1506 in
1727 1452 1911 1506 futuro
1929 1467 2023 1507 sa:-

446 1543 572 1596 culo
615 1545 980 1614 cognitionem
1022 1545 1310 1599 habituros
1357 1558 1456 1599 eos
1484 1545 1579 1614 qui
1614 1543 1762 1614 digni
1797 1544 2018 1609 fuerint,

447 1639 597 1685 certa
613 1609 1006 1702 poilicitatidne
1019 1633 1401 1688 confirmatum
1417 1609 1522 1688 est.
1539 1633 1584 1688 Ν
1590 1609 1700 1688 unc
1713 1650 1840 1689 vero
1855 1636 2018 1690 etiam

446 1724 495 1778 si
521 1723 724 1780 Paulus
757 1727 894 1780 alter
915 1727 1186 1797 quispiam
1209 1726 1391 1792 fuerit,
1412 1727 1575 1782 etiam
1599 1728 1642 1782 si
1666 1725 1881 1792 Petrus,
1901 1743 2020 1782 cer-

2122 546 2414 616 ἐποιήσατο
2428 544 2690 608 δυνατῶς,
2708 543 2900 610 λέγων,
2919 542 3003 594 ὅτι
3026 540 3302 608 Τέσσαρα
3313 540 3612 606 πρόσωπα
3630 538 3707 605 τῷ

2121 639 2214 691 ἐνί
2228 655 2244 673 ο
2261 639 2326 691 τὸ
2337 637 2453 706 μὲν
2465 637 2798 706 ἀνθρώπου,
2812 637 2877 689 τὸ
2895 635 2960 690 δὲ
2971 633 3241 699 λέοντος,
3257 631 3324 686 τὸ
3339 631 3411 684 δὲ
3424 632 3627 695 ἀετοῦ,
3645 632 3705 684 τὸ

2123 729 2190 782 δὲ
2199 729 2438 797 μόσχου
2454 745 2467 758 ·
2485 729 2579 782 καὶ
2604 729 2684 781 ὅτι
2701 726 2761 792 ἒξ
2788 727 3054 797 πτέρυγες
3068 724 3146 795 τῷ
3177 725 3279 788 ἑνὶ,
3295 725 3390 776 καὶ
3409 724 3494 775 "mt
3511 722 3710 790 όφθαλυ

2127 819 2218 890 μοὶ
2269 820 2455 882 αὐτοῖς
2487 817 2844 888 πανταχόθεν,
2893 818 2988 872 καὶ
3023 819 3106 871 ὃτι
3160 815 3264 869 ὑπὸ
3313 815 3443 868 καθ’
3482 814 3710 866 ἕκαστον

2121 913 2314 984 τροχὸς
2346 912 2687 983 τετράγωνος
2712 910 3096 980 ὑποκείμενος·
3131 909 3226 962 καὶ
3259 909 3415 977 ὅμως
3445 905 3548 958 τοῦ
3585 922 3712 973 προ-

2124 1005 2294 1076 φήτου
2313 1004 2390 1074 (‘2)
2407 1005 2507 1074 τὴν
2532 1003 2794 1073 ἐκφρασιν
2820 1002 3209 1072 πεποιημένου,
3227 1000 3384 1054 οὔπω
3408 1001 3580 1070 ἡμεῖς
3595 997 3715 1051 οὔτε

2123 1093 2586 1165 ἀναγινώσκοντες
2633 1094 2958 1148 καταλαϐεῖν
2999 1092 3296 1162 δυνάμεθα.
3373 1092 3442 1144 ΕΞ
3500 1090 3564 1142 δὲ
3626 1089 3714 1141 τὸν

2125 1186 2311 1258 θρόνον
2336 1186 2394 1238 ὃν
2425 1185 2742 1255 διηγήσατο,
2775 1182 3099 1237 καταλαόεῖν
3134 1183 3196 1235 οὐ
3240 1179 3533 1248 δυνάμεθα
3554 1219 3570 1242 ,
3626 1176 3715 1227 τὸν

2123 1278 2525 1348 ἐπικαθήμενον
2551 1275 2780 1346 ἀόρατον
2812 1274 2945 1327 Θεὸν
2984 1273 3102 1337 πῶς
3125 1271 3463 1327 καταλαϐεῖν
3495 1268 3718 1338 δυνησό-

2126 1367 2303 1438 μεθα;
2353 1367 2413 1420 τὸ
2451 1367 2550 1438 μὲν
2599 1366 2710 1438 γὰρ
2753 1365 3047 1437 πρόσωπον
3087 1364 3224 1435 πρὸς
3255 1361 3588 1434 πρόσωπον,
3628 1359 3717 1410 καὶ

2123 1463 2154 1532 ή
2202 1461 2381 1513 τελεία
2431 1461 2726 1528 ἐπίγνωσις
2756 1459 2856 1528 τῆς
2886 1458 2980 1510 τοῦ
3013 1456 3146 1510 Θεοῦ
3189 1455 3592 1524 ἀκαταλήπτου
3628 1468 3717 1521 με·

2121 1549 2490 1619 γαλειότητος,
2522 1552 2579 1602 ἐν
2615 1549 2692 1620 τῷ
2721 1549 2967 1619 μέλλοντι
2989 1547 3143 1602 αἰῶνι
3171 1549 3286 1610 τοῖς
3309 1546 3494 1610 ἀξίοις
3531 1543 3720 1597 ἀποδο·

2125 1642 2283 1712 θῆναι
2325 1641 2678 1711 ἐπήγγελται.
2719 1641 2832 1693 Νῦν
2863 1640 2921 1693 δὲ
2968 1639 3073 1693 κᾶν
3124 1638 3337 1701 Παῦλός
3371 1655 3463 1700 τις
3506 1633 3568 1710 ᾖ,
3617 1635 3714 1687 κᾶν

2129 1734 2351 1804 Πέτρος,
2386 1733 2573 1802 βλέπει
2612 1733 2708 1804 μὲν
2736 1732 2970 1802 ἀληθῶς,
3014 1732 3111 1784 καί¹
3143 1731 3202 1782 ού
3248 1730 3560 1791 πλανᾶται,
3603 1725 3717 1780 οὐδὲ

447 1815 532 1868 nit
561 1815 781 1885 quidem
815 1833 962 1880 vere,
1002 1832 1183 1886 neque
1214 1817 1610 1880 hallucinatur,
1647 1826 1740 1871 aut
1777 1817 2024 1888 imagini-

2137 1821 2474 1893 φαντάζεται,
2511 1823 2576 1876 δι’
2609 1823 2872 1892 ἐσόπτρου
2903 1822 2959 1875 δὲ
2990 1822 3142 1891 ὅμως
3173 1820 3365 1890 βλέπει
3403 1817 3505 1872 και
3546 1820 3608 1871 ἐν
3638 1818 3717 1870 αἰ-

447 1906 552 1961 bus
585 1906 885 1974 deluditur,
917 1918 1295 1964 verumtamen
1324 1909 1492 1964 veluti
1524 1925 1622 1980 per
1645 1911 1948 1980 speculum,
1970 1919 2024 1966 et

448 1997 504 2052 in
532 1999 823 2068 aenigmate
855 2001 1099 2056 intuetur
1139 2020 1154 2057 :
1199 2012 1254 2058 et
1297 2003 1446 2072 quod
1480 2018 1626 2057 nunc
1658 2018 1722 2057 ex
1758 2012 1914 2071 parte
1942 2012 2025 2058 est

447 2105 573 2142 cum
608 2091 909 2160 gratiarum
945 2093 1163 2148 actione
1205 2094 1506 2164 accipiens,
1543 2094 1686 2164 quod
1720 2095 1878 2165 plane
1903 2111 2026 2164 per-

451 2180 656 2236 fectum
689 2190 776 2236 est
815 2198 1030 2238 summa
1061 2202 1185 2239 cum
1218 2186 1406 2240 laetitia
1441 2187 1497 2240 in
1529 2185 1776 2240 futurum
1810 2186 2028 2256 opperi-

450 2282 540 2326 tur
561 2274 628 2326 ³³.
663 2270 820 2338 Quod
865 2276 1011 2328 enim
1046 2276 1100 2330 in
1136 2293 1198 2330 ea
1237 2277 1355 2347 ipsa
1389 2278 1704 2348 cognitione
1729 2294 1876 2332 nunc
1905 2293 2028 2348 per-

449 2361 652 2415 fectum
684 2376 809 2417 esse
837 2363 1073 2428 videtur,
1109 2364 1247 2420 adeo
1273 2367 1534 2437 exiguum
1567 2367 1827 2436 quiddam
1851 2374 1936 2422 est
1973 2374 2028 2424 et

449 2452 770 2516 obscurum,
796 2463 856 2506 ut
882 2469 913 2508 a
939 2453 1107 2510 futuri
1137 2459 1325 2512 seaculi
1357 2458 1614 2512 claritate
1643 2458 1808 2513 distet
1832 2459 2025 2528 magis,

449 2564 612 2617 quam
638 2567 669 2604 a
692 2551 1006 2623 cognitione
1027 2568 1148 2622 quae
1168 2561 1254 2608 est
1277 2552 1417 2607 facie
1439 2553 1506 2607 ad
1536 2552 1756 2609 faciem.
1781 2553 1860 2607 Ac
1883 2559 2033 2606 tanta

449 2640 671 2709 quidem
713 2651 800 2698 est
842 2644 1180 2715 cognitionis
1209 2643 1304 2700 Dei
1338 2643 1604 2708 infinitas,
1631 2652 1892 2714 tantaque
1931 2646 2034 2698 hu-

451 2746 625 2787 mana:
655 2743 868 2790 natura:
898 2738 953 2790 in
981 2738 1353 2808 percipiendis
1383 2738 1488 2792 hoc
1521 2738 1575 2791 in
1605 2738 1807 2793 saeculo
1832 2738 2034 2793 divinis

450 2826 735 2893 mysteriis
765 2828 1140 2894 imbecillitas,
1171 2845 1296 2884 cum
1325 2845 1542 2899 semper
1567 2830 1786 2899 quidem
1818 2845 1917 2900 pro
1946 2846 2039 2885 cu-

446 2911 646 2983 jusque
672 2931 967 2985 progressu
989 2921 1169 2990 aliqua
1200 2919 1289 2974 fiat
1313 2921 1578 2984 accessio,
1599 2921 1696 2976 sed
1737 2937 1896 2975 nemo
1916 2937 2036 2992 pcr-

453 3002 646 3059 fectam
669 3010 1035 3078 cognitionem
1070 3020 1419 3081 assequatur,
1440 3011 1614 3066 donec
1641 3014 1852 3067 venerit
1891 3015 2035 3084 quod

451 3097 751 3162 perfectum
769 3107 874 3163 est,
897 3100 1117 3168 quando
1131 3101 1276 3170 quod
1293 3116 1359 3155 ex
1379 3109 1535 3170 parte
1551 3107 1634 3154 cst
1645 3102 2071 3161 evacuabitur”.

521 3182 575 3236 4.
605 3183 681 3254 (l)
706 3187 809 3250 Qui
848 3203 1036 3242 eorum
1058 3205 1180 3258 qua:
1207 3198 1336 3245 sunt
1373 3190 1852 3260 investigationem
1881 3207 2031 3247 com-
2059 3202 2101 3258 C

452 3278 632 3344 parari
667 3292 830 3347 posse
878 3280 1031 3341 dicit,
1075 3281 1123 3335 is
1176 3281 1366 3350 procul
1400 3281 1569 3335 dubio
1603 3282 1687 3334 via
1716 3283 1950 3351 quadam
1982 3294 2036 3339 et

453 3367 644 3423 ordine
671 3379 904 3424 mentem
935 3386 1089 3425 suam
1123 3373 1190 3426 ad
1226 3388 1415 3427 eorum
1453 3389 1576 3443 quae
1619 3383 1750 3430 sunt
1779 3375 2040 3445 cognitio-

454 3473 580 3512 nem
612 3461 856 3530 appulit;
885 3472 938 3516 et
969 3463 1023 3516 in
1065 3464 1229 3519 rebus
1252 3472 1413 3536 captu
1446 3464 1704 3520 facilibus
1733 3474 1788 3520 et
1810 3467 2038 3522 minutis

454 3552 810 3618 exercitatus,
868 3555 942 3608 ita
982 3555 1200 3610 demum
1237 3573 1336 3627 per
1369 3557 1512 3612 hanc
1550 3561 1944 3630 cognitionem,
1971 3562 2038 3615 ad

455 3655 575 3696 eam
635 3659 854 3714 quoque
905 3663 1027 3716 quae
1077 3649 1466 3719 cogitationem
1518 3666 1737 3707 onmem
1791 3661 2035 3722 superat,

457 3747 614 3786 suam
676 3736 1174 3805 comprehendendi
1234 3739 1550 3795 facultatem
1601 3743 1892 3810 promovit.
1935 3741 2040 3807 Qui

458 3822 625 3893 igitur
655 3839 845 3879 eorum
877 3842 998 3896 quae
1032 3837 1160 3882 sunt
1205 3831 1574 3898 cognitionem
1609 3832 2041 3900 apprchendisse

459 3930 521 3970 se
551 3917 840 3986 gloriatur,
873 3919 920 3973 is
969 3919 1225 3974 animalis
1259 3921 1617 3977 minutissimi
1647 3939 1710 3978 ex
1741 3923 1810 3979 iis
1835 3939 1955 3994 quae
1985 3926 2040 3977 in

459 4019 814 4079 conspectum
871 4012 1094 4079 cadunt,
1130 4021 1384 4068 naturam
1427 4014 1689 4084 explicet,
1722 4023 1777 4069 et
1817 4031 1940 4085 quae
1971 4017 2042 4071 sit

461 4101 706 4156 formicae
753 4111 950 4158 natura
988 4104 1154 4168 dicat,
1190 4119 1257 4158 an
1299 4105 1497 4175 spiritu
1529 4115 1582 4160 et
1627 4107 1873 4161 anhelitu
1911 4123 2044 4162 con-

462 4195 702 4249 tineatur
728 4196 902 4265 ipsius
941 4197 1049 4250 vita
1076 4213 1090 4250 :
1125 4211 1193 4250 an
1221 4212 1423 4266 corpus
1447 4197 1673 4253 ossibus
1696 4199 2038 4254 distinctum:

460 4302 532 4340 an
561 4301 852 4357 compages
879 4288 1065 4342 nervis
1121 4299 1284 4358 atque
1321 4289 1630 4358 ligamentis
1681 4290 1891 4344 firmata
1928 4311 1939 4346 :
1972 4307 2042 4345 an

463 4379 836 4434 musculorum
880 4387 934 4432 et
977 4380 1357 4450 glandularum
1418 4381 1630 4436 ambitu
1697 4384 2044 4438 contineatur

463 4485 758 4525 nervorum
785 4474 926 4526 situs
963 4491 976 4526 :
1002 4486 1071 4525 an
1099 4471 1336 4527 medulla
1365 4487 1396 4525 a
1426 4473 1686 4544 sincipite
1705 4475 1772 4529 ad
1808 4475 2042 4530 caudam

465 4577 640 4632 usque
680 4578 786 4616 una
837 4578 962 4616 cum
1009 4564 1162 4618 dorsi
1208 4566 1478 4622 vertebris
1525 4567 1889 4636 protendatur
1923 4586 1935 4621 :
1970 4582 2038 4620 an
2072 4568 2115 4622 Ι)

464 4653 872 4722 membris-quae
937 4663 1247 4718 moventur,
1289 4672 1357 4712 ex
1411 4673 1658 4712 nervosas
1710 4659 2039 4713 membrana:

464 4746 752 4814 complexu
796 4755 1001 4800 motum
1052 4747 1330 4817 imprimat
1360 4768 1373 4802 :
1416 4763 1486 4803 an
1521 4749 1595 4804 sit
1628 4749 1684 4802 in
1718 4750 1836 4820 ipsa
1861 4749 2038 4819 jecur,

464 4846 520 4892 ct
550 4839 604 4891 in
626 4837 812 4907 jecorc
835 4854 932 4894 vas
948 4839 1242 4908 quoddam,
1267 4841 1414 4910 quod
1442 4839 1512 4895 fel
1541 4841 1827 4911 suscipiat,
1861 4843 2042 4896 sintne

466 4946 628 4985 renes
676 4939 730 4984 et
781 4946 915 4995 cor,
947 4943 1002 4986 et
1053 4934 1289 4996 arteriae,
1339 4942 1395 4988 et
1436 4949 1608 4998 venae,
1651 4941 1707 4990 et
1754 4933 2039 5004 pelliculae,

465 5031 521 5077 et
543 5022 953 5092 diaphragmata
991 5041 1003 5074 :
1051 5023 1193 5078 sitne
1223 5023 1424 5078 animal
1454 5024 1662 5078 nudum
1685 5039 1753 5077 an
1773 5023 2037 5093 pilosum:

467 5121 650 5168 utrum
685 5113 917 5183 ungulas
949 5113 1238 5179 indivisas,
1280 5129 1349 5169 an
1390 5115 1553 5185 pedes
1589 5115 1888 5170 multifidos
1936 5115 2037 5168 ha-

466 5206 592 5260 beat
629 5223 641 5258 :
678 5204 807 5259 item
838 5212 1042 5274 quanto
1066 5214 1308 5277 tempore
1339 5208 1506 5270 vivat,
1539 5215 1593 5261 et
1617 5207 1892 5276 quomodo
1919 5207 2038 5260 alia:

467 5300 604 5355 alias
625 5298 851 5368 gignant
879 5313 892 5348 :
925 5297 1170 5367 quandiu
1202 5305 1446 5368 gestetur
1485 5298 1648 5362 fetus,
1674 5306 1729 5354 et
1759 5296 2034 5353 ouomodo

535 5454 578 5486 ³⁸
626 5454 824 5508 Ezech.
864 5467 920 5513 κ,
955 5455 1040 5511 14.

543 5612 618 5680 (1)
654 5612 733 5665 Ex
763 5611 924 5681 epist.
955 5627 1064 5672 xvi,
1097 5612 1184 5666 95.

547 5678 623 5748 (2⁷)
662 5678 994 5749 Προςρήτου.
1051 5681 1138 5734 Sic
1181 5681 1380 5749 Regius
1428 5682 1597 5738 codex
1643 5680 1811 5745 1992,
1852 5678 2043 5734 melius

479 5767 639 5818 quam
669 5752 794 5805 editi
826 5749 1132 5819 προσώπου.

1137 5453 1180 5484 ³¹
1213 5451 1384 5508 lCor.
1435 5467 1554 5516 xm,
1598 5451 1683 5506 1‘2.
1763 5452 1808 5484 ³³
1831 5451 1962 5506 ibid.
2017 5451 2104 5505 10.

2129 1914 2381 1983 νίγματι·
2433 1914 2619 1966 καὶτὸ
2658 1915 2723 1966 ἐκ
2785 1914 2982 1984 μέρους
3021 1912 3116 1965 νῦν
3160 1911 3512 1982 εὐχαρίστως
3580 1908 3720 1977 δεχό-

2134 2021 2310 2074 μενος,
2347 2002 2407 2057 τὸ
2426 2005 2628 2057 τέλειον
2667 2005 2746 2068 είς
2789 2003 2852 2057 τὸ
2905 2003 3094 2074 μέλλον
3139 2000 3463 2073 περιχαρῶς
3501 1999 3713 2067 ἐκδέχε-

2131 2111 2240 2149 ται.
2265 2094 2338 2146 Τὸ
2365 2093 2471 2164 γὰρ
2503 2092 2692 2147 δοκοῦν
2721 2092 2817 2146 νῦν
2840 2094 2896 2145 ἐν
2925 2096 2992 2163 τῇ
3034 2091 3231 2160 γνώσει
3256 2090 3493 2151 τέλειον,
3551 2087 3717 2161 βραχύ

2131 2203 2184 2238 τι
2224 2187 2318 2240 καὶ
2347 2186 2717 2260 ἀμυδρότερον
2745 2185 2994 2238 τοσοῦτόν
3040 2186 3210 2247 ἐστιν,
3261 2184 3339 2246 ὼς
3377 2182 3552 2235 πλέον
3603 2183 3720 2234 ἀπο-

2134 2278 2500 2349 λιμπάνεσθαι
2529 2279 2628 2348 τῆς
2676 2280 2734 2332 ἐν
2788 2277 2864 2348 τῷ
2897 2278 3143 2348 μέλλοντι
3175 2275 3333 2328 αἰῶνι
3365 2274 3718 2344 τρανότητος,

2135 2371 2168 2442 ἦ
2207 2371 2329 2423 ὅσον
2361 2369 2800 2438 ἁπολιμπάνεται
2844 2368 2938 2420 τοῦ
2983 2366 3278 2439 προσώπου
3324 2366 3473 2436 πρὸς
3525 2364 3722 2433 πρόσω-

2135 2480 2258 2516 πον.
2310 2460 2573 2514 Τοσοῦτον
2627 2460 2726 2530 μὲν
2775 2456 2866 2512 οὖν
2907 2461 3003 2530 τῆς
3047 2457 3405 2526 ἐπιγνώσεως
3444 2455 3549 2510 τοῦ
3600 2454 3722 2506 Θεοῦ

2132 2555 2194 2607 τὸ
2227 2554 2552 2625 ἀπέραντον,
2590 2551 2840 2606 τοσοῦτον
2872 2551 2929 2604 δὲ
2973 2551 3073 2620 τῆς
3113 2549 3473 2622 ἀνθρωπίνης
3517 2547 3724 2616 φύσεως

2135 2645 2196 2698 τὸ
2240 2645 2349 2698 τῶν
2382 2643 2540 2696 θείων
2583 2644 2894 2714 μυστηρίων
2925 2645 2982 2694 ἐν
3011 2642 3089 2712 τῷ
3120 2643 3354 2711 παρόντι
3398 2642 3719 2710 ἀνέφικτον·

2137 2740 2222 2792 ἀεὶ
2257 2739 2354 2808 μὲν
2398 2737 2541 2790 κατὰ
2582 2736 2865 2808 προκοπὴν
2894 2736 3124 2788 ἑκάστου
3170 2733 3618 2805 προστιθεμένου
3655 2734 3722 2798 (3)

2139 2832 2233 2884 τού
2263 2829 2525 2892 πλείονος,
2540 2829 2624 2881 ἀεὶ
2649 2828 2706 2880 δὲ
2727 2827 2820 2881 τοῦ
2847 2827 2982 2898 πρὸς
3012 2826 3166 2890 ἀξίαν
3189 2825 3723 2896 ἁπολιμπανομένων

2145 2924 2416 2983 ἁπάντων,
2453 2921 2609 2990 ἄχρις
2636 2919 2700 2973 ἂν
2731 2920 2860 2992 ἔλθῃ
2901 2920 2962 2972 τὸ
3009 2920 3211 2973 τέλειον
3284 2921 3376 2973 ὅτε
3419 2919 3485 2971 τὸ
3527 2920 3594 2971 ἐκ
3633 2918 3724 2988 μὲ-

2146 3033 2272 3086 ρους
2312 3014 2810 3085 καταργηθήσεται.

2205 3192 2258 3244 li.
2306 3191 2362 3242 '0
2390 3189 2444 3242 δὲ
2474 3189 2702 3258 ἐφικτὴν
2735 3185 2876 3240 εἶναι
2905 3186 3078 3256 λέγων
3104 3187 3214 3239 τῶν
3243 3187 3422 3241 ὅντων
3446 3188 3552 3260 τὴν
3583 3190 3724 3260 εὖρε⁶

2139 3299 2242 3344 σιν,
2278 3281 2384 3350 ὁδῷ
2407 3299 2511 3334 τινι
2545 3282 2764 3343 πάντως
2797 3280 2891 3332 καὶ
2919 3278 3212 3348 ἀκολουθία
3243 3279 3335 3332 διὰ
3372 3282 3476 3351 τῆς
3505 3284 3614 3334 τῶν
3648 3284 3722 3336 ὃν·

2136 3393 2244 3427 των
2279 3373 2530 3442 γνώσεως
2576 3373 2878 3443 προέϐαλεν
2922 3371 3116 3424 ἑαυτοῦ
3165 3371 3266 3442 τὴν
3303 3373 3592 3427 διάνοιαν·
3639 3384 3721 3428 καὶ

2137 3468 2249 3528 τοῖς
2283 3464 2571 3534 εύλήπτοις
2602 3479 2662 3514 τε
2696 3463 2790 3515 καὶ
2823 3462 3167 3533 μικροτέροις
3201 3463 3617 3531 ἐγγυμνασθεὶς
3646 3466 3723 3515 διὰ

2137 3557 2238 3626 τῆς
2263 3555 2642 3625 καταλήψεως,
2672 3553 2814 3606 οὕτω
2848 3555 2942 3606 καὶ
2977 3557 3057 3616 εἰς
3102 3553 3199 3624 τὴν
3248 3555 3519 3608 ἐπέκεινα
3557 3559 3721 3626 πάτξς

2139 3648 2346 3709 ἐννοίας
2369 3647 2685 3716 προήγαγεν
2722 3645 2913 3697 ἐαυτὸν
2958 3644 3376 3716 καταληπτικὴν
3407 3649 3717 3713 φαντασίαν.

2141 3738 2351 3791 Οὐκοῦν
2388 3739 2416 3789 ό
2446 3739 2544 3807 τὴν
2582 3739 2708 3807 περὶ
2749 3736 2859 3789 τῶν
2886 3737 3054 3790 ὄντων
3095 3738 3300 3806 εἴδησιν
3335 3740 3717 3810 κατειληφέναι

2144 3830 2680 3902 μεγαλαυχούμενος,
2709 3829 2768 3882 τὸ
2799 3830 3160 3900 σμικρότατον
3190 3829 3301 3881 τῶν
3353 3833 3718 3901 προφαινομέ-

2139 3944 2267 3990 νων,
2301 3927 2449 3989 ὃπως
2477 3924 2589 3995 ἔχει
2623 3923 2860 3992 φύσεως,
2889 3924 3303 3994 ἐρμηνευσὰτω,
3336 3927 3436 3976 καὶ
3463 3925 3552 3987 τίς
3578 3925 3609 3993 ἡ
3637 3923 3718 3974 τοῦ

2144 4018 2435 4089 μύρμηκος
2467 4017 2648 4086 φύσις,
2685 4015 2924 4067 εἰπάτω’
2963 4015 3011 4065 εί
3054 4013 3326 4065 πνεύματι
3364 4014 3464 4066 καὶ
3494 4013 3720 4082 ἄσθματι

2144 4110 2428 4180 συνέχεται
2461 4107 2626 4162 αὑτοῦ
2658 4108 2690 4176 ἡ
2727 4105 2837 4176 ζωή
2861 4121 2875 4134 ·
2905 4106 2953 4156 εί
2977 4105 3184 4167 ὁστέο.ς
3228 4117 3290 4157 το
3329 4105 3501 4175 σῶμα
3533 4107 3722 4174 διείλη-

2143 4215 2272 4251 πται
2297 4214 2310 4227 ’
2347 4199 2395 4250 εί
2422 4196 2636 4266 νεύροις
2664 4195 2756 4248 καὶ
2789 4193 3066 4263 ἐνδέσμοις
3086 4193 3186 4255 τὰς
3208 4193 3483 4263 ἁρμονίας
3510 4196 3723 4247 τετόνωο

2142 4304 2263 4339 ται·
2299 4287 2347 4338 εί
2385 4285 2533 4356 μυῶν
2576 4284 2833 4354 περιϐολῇ
2871 4284 2963 4336 καὶ
3015 4283 3220 4335 ἁδένων
3263 4285 3294 4353 ἡ
3350 4283 3469 4334 τῶν
3524 4285 3721 4356 νεύρων

2144 4381 2561 4450 περικρατεῖται
2587 4376 2764 4440 θέσις*
2791 4378 2838 4428 εἰ
2867 4379 2979 4438 τοῖς
3015 4376 3285 4438 νωτιαίοις
3315 4376 3638 4440 σπονδύλοις
3668 4380 3722 4429 ἐκ

2143 4473 2234 4526 τοῦ
2270 4472 2575 4543 βρέγματος
2626 4470 2718 4522 ἐπὶ
2746 4469 2807 4521 τὸ
2847 4469 3062 4540 οὐραῖον
3112 4469 3141 4519 ὁ
3185 4467 3385 4537 μυελὸς
3431 4485 3719 4540 συμπαρα-

2143 4567 2399 4618 τείνεται·
2432 4564 2482 4614 εἰ
2516 4563 2608 4614 ἐπὶ
2653 4563 2717 4631 τῇ
2776 4564 3001 4631 περιοχῇ
3045 4561 3139 4612 τοῦ
3189 4561 3498 4632 νευρώδους
3537 4564 3724 4632 ὑμένος

2139 4662 2251 4721 τοῖς
2277 4657 2615 4726 κινουμένοις
2650 4654 2836 4724 μέλεσι
2867 4653 2962 4724 τὴν
2991 4652 3296 4724 ὁρμητικὴν
3353 4654 3602 4708 ἐνδίδωσι
3645 4657 3725 4708 δύο

2140 4767 2302 4819 ναμιν
2323 4767 2334 4778 ·
2354 4749 2402 4800 εἰ
2427 4747 2572 4799 ἔστιν
2607 4748 2664 4799 ἐν
2699 4746 2847 4815 αὐτῷ
2879 4746 2939 4797 τὸ
2970 4741 3144 4816 ἧπαρ,
3187 4747 3280 4798 καὶ
3318 4746 3618 4817 χοληδόχον
3639 4751 3726 4814 ατο

2140 4842 2286 4907 γεῖον
2329 4839 2424 4892 ἐπὶ
2474 4838 2568 4890 τοῦ
2605 4837 2838 4906 ἥπατος,
2883 4836 3070 4906 νεφροί
3109 4852 3168 4886 τε
3216 4835 3311 4886 καὶ
3373 4837 3607 4907 καρδία,
3640 4839 3725 4888 καὶ

2143 4929 2423 5000 ἀρτηρίαι,
2452 4929 2545 4981 καὶ
2579 4926 2794 4996 φλέϐες,
2821 4927 3048 4996 ὑμένες,
3091 4927 3184 4979 καὶ
3219 4925 3654 4998 διαφράγματειε
3683 4930 3723 4978 εξ

2140 5020 2296 5091 ψιλόν
2330 5023 2496 5082 ἐστιν,
2529 5019 2562 5088 ἢ
2589 5018 2945 5090 τετρίχωταιο
2990 5015 3302 5087 μονώνυχόν
3350 5021 3528 5084 ἐστιν,
3561 5020 3594 5089 ἢ
3635 5036 3723 5071 πο-

2141 5112 2407 5183 λυσχιδεῖς
2439 5111 2551 5181 ἔχει
2571 5112 2670 5174 τὰς
2695 5111 2880 5181 βάσεις
2901 5125 2916 5140 ⁶
2946 5110 3110 5162 πόσον
3133 5109 3188 5162 δὲ
3230 5109 3339 5178 βιοῖ
3374 5111 3470 5165 τὸν
3504 5114 3691 5184 χρόνον
3709 5131 3722 5142 ·

2139 5205 2235 5257 καὶ
2259 5203 2339 5267 τίς
2379 5204 2562 5268 αὐτοῖς
2591 5204 2620 5254 ό
2649 5203 2842 5273 τρόπος
2875 5202 2975 5272 τῆς
3007 5201 3066 5268 ἐξ
3101 5202 3350 5272 ἀλλήλων
3386 5206 3720 5274 γεννήσεως·

2139 5296 2231 5350 ἐπὶ
2265 5296 2427 5350 πόσον
2457 5295 2514 5348 δὲ
2561 5294 2838 5348 κυΐσκεται
2872 5293 2931 5347 τὸ
2956 5293 3294 5363 τικτόμενον,
3331 5295 3430 5347 καὶ
3465 5294 3584 5357 πῶς
3613 5292 3721 5345 οὔτε

2226 5608 2303 5679 (ὃ)
2359 5607 2846 5676 Προστιθεμένου.
2897 5604 2986 5679 Sic
3019 5615 3267 5679 uterque
3298 5606 3475 5662 codex
3526 5625 3620 5679 pro
3661 5621 3721 5664 ω

2151 5678 2292 5748 quod
2323 5689 2434 5734 crat
2467 5680 2518 5732 in
2551 5681 2708 5734 editis
2739 5677 3142 5747 προτιθεμένου.
