3874 6224
152 364 298 418 1515

1031 359 1257 414 SERMO
1295 358 1407 414 XV.
1440 388 1508 400 --
1550 357 1636 412 DIC
1674 354 1956 410 IMPERIO
1997 354 2080 408 ET
2115 352 2549 410 POTESTATIE

3263 356 3395 410 13ἲό

150 478 308 541 πεζοὶ
337 477 536 539 πάντες
567 477 614 530 οἱ
651 476 967 548 μύρμηκες,
999 476 1125 529 οὔτε
1171 477 1467 546 ὑπόπτεροι
1507 474 1728 534 πάντες,

1842 485 2009 540 neque
2037 485 2228 524 omnes
2278 469 2516 523 formica:
2546 467 2824 538 pedestres
2847 465 2987 531 sint,‘
3009 480 3188 537 neque
3209 481 3402 524 omnes

148 570 271 625 ἀλλ’
292 571 342 622 οἱ
379 570 477 640 μὲν
506 569 613 622 τῶν
641 569 816 639 χαμαὶ
855 569 1173 640 ἐρπομένων
1215 569 1372 630 εἰσὶν,
1408 566 1456 618 οἰ
1491 565 1549 617 δὲ
1582 563 1729 617 διαέ-

148 680 262 733 ριοι
286 661 562 731 φέρονται.
600 659 657 714 '0
683 660 862 713 τοίνυν
894 659 1000 713 τῶν
1033 659 1200 712 ὀντων
1245 658 1342 730 τὴν
1372 655 1572 726 γνῶσιν
1605 657 1730 708 ἐπι-

145 751 472 822 κομπάζων,
512 751 650 814 τέως
699 750 799 821 τὴν
827 749 923 804 τοῦ
966 749 1251 821 μύρμηκος
1297 748 1457 818 φύσιν
1490 746 1728 800 εἰπάτω·

151 839 258 895 εἷθ’
293 843 465 907 οὕτως
493 843 879 912 φυσιολογείτω
901 843 999 912 τὴν
1021 843 1193 894 πάντα
1215 841 1340 895 νοῦν
1363 839 1730 909 ὑπερέχουσαν

156 934 410 1004 δύναμιν.
464 936 525 987 Εἰ
556 934 611 987 δὲ
637 934 730 987 τοῦ
764 933 1102 1006 βραχυτάτου
1129 934 1416 1004 μύρμηκος
1439 931 1591 984 οὔπω
1631 948 1730 984 πε-

163 1026 414 1094 ριέλαὸες
446 1030 510 1096 τῇ
539 1025 736 1094 γνώσει
777 1026 873 1097 τὴν
913 1026 1094 1095 φύσιν,
1128 1025 1246 1088 πῶς
1304 1024 1401 1094 τὴν
1455 1023 1732 1093 ἀκατάλη-

159 1134 298 1170 πτον
323 1118 416 1170 τοῦ
451 1117 584 1171 Θεοῦ
612 1117 841 1173 δύναμιν
881 1117 1236 1188 μεγαλαυχεῖς
1268 1115 1658 1186 φαντάζεσθαι;

229 1381 280 1433 5.
310 1379 382 1432 Τὸ
409 1378 517 1449 γὰρ
545 1377 751 1433 οἴεσθαι
777 1376 870 1431 τοῦ
911 1379 1002 1431 ἐπὶ
1025 1377 1240 1430 πάντων
1270 1376 1405 1430 Θεοῦ
1439 1377 1608 1449 αὐτὴν
1633 1376 1731 1447 τὴν

148 1470 343 1524 οὐσίαν
385 1467 767 1539 ἐξευρηκέναι,
815 1466 1014 1536 πολλῆς
1052 1466 1428 1537 ὑπερηφανίας
1477 1466 1594 1518 ἐστί
1639 1467 1733 1519 καὶ

153 1561 501 1632 φυσιώσεως·
530 1558 713 1628 σχεδὸν
745 1557 855 1629 γὰρ
901 1561 995 1612 καὶ
1024 1558 1184 1612 αὐτὸν
1227 1557 1638 1628 ἀποκρύπτουσι
1663 1560 1729 1629 τῇ

156 1651 540 1724 μεγαληγορίᾳ
593 1651 683 1703 τὸν
732 1651 988 1704 εἰπόντα·
1061 1650 1291 1705 Ἐπάνω
1326 1648 1445 1702 τῶν
1498 1649 1734 1719 ἄστρων

154 1743 418 1812 θήσομαι
448 1741 555 1795 τὸν
577 1742 792 1809 θρόνον
818 1759 957 1810 μου.
987 1743 1100 1812 Οὐχ
1129 1745 1158 1795 6
1191 1743 1286 1812 μὲν
1320 1741 1492 1812 μέγας
1547 1740 1729 1799 Δαὸὶδ,

152 1830 202 1902 ᾧ
232 1834 298 1888 τὰ
333 1834 502 1905 ἄδηλα
525 1835 620 1886 καὶ
650 1833 718 1886 τὰ
747 1833 952 1904 κρύφια
975 1835 1075 1903 τῆς
1103 1833 1293 1888 ἑαυτοῦ
1324 1835 1512 1904 σοφίας
1533 1833 1733 1904 ἐδήλω-

158 1944 251 1980 σεν
270 1929 298 1980 6
319 1926 471 1990 Θεὸς,
517 1925 767 1998 φανερῶς
795 1926 1047 1996 ὁμολογεί
1074 1926 1174 1994 τῆς
1197 1924 1450 1994 γνώσεως
1472 1925 1532 1978 τὸ
1563 1925 1734 1996 ἀπρό-

157 2035 331 2079 σιτον,
384 2017 560 2085 λέγων
591 2032 605 2047 ·
646 2016 1102 2085 Ἐθαυμαστώθη
1152 2019 1189 2086 ἠ
1229 2015 1450 2087 γνῶσίς
1503 2033 1618 2072 σου
1667 2016 1735 2080 ἐξ

153 2109 347 2178 ἑμοῦ;
411 2109 637 2172 Ἡσαΐας
663 2108 740 2172 δέ,
772 2109 800 2159 6
843 2111 900 2161 ἐν
934 2107 1136 2180 θεωρίᾳ
1164 2109 1263 2178 τῆς
1302 2108 1458 2180 δόξης
1478 2108 1570 2162 τοῦ
1602 2108 1733 2162 Θεοῦ

155 2201 470 2270 γενόμενος,
506 2199 558 2252 τί
590 2200 721 2272 περὶ
749 2200 850 2271 τῆς
876 2199 1024 2263 θείας
1058 2201 1244 2264 οὐσίας
1274 2200 1541 2272 ἐδήλωσεν
1565 2201 1732 2270 ·ήμῖν;

158 2291 218 2352 ὃς
243 2306 308 2357 γε
335 2290 392 2340 ἐν
431 2291 497 2359 τῇ
533 2289 662 2360 περὶ
702 2288 795 2342 τοῦ
839 2287 1073 2359 Χριστοῦ
1107 2289 1414 2359 προφητείᾳ
1436 2287 1736 2360 διαμαρτύ-

161 2395 342 2448 ρεται,
372 2377 544 2445 λέγων
565 2395 579 2407 ·
610 2377 727 2445 Τὴν
743 2377 959 2446 γενεὰν
995 2377 1176 2431 αὐτοῦ
1216 2378 1306 2442 τίς
1353 2377 1736 2446 διηγήσεως

159 2470 228 2522 Τί
258 2469 314 2522 δὲ
350 2469 414 2522 τὸ
473 2468 664 2532 σκεῦος
713 2469 812 2538 τῆς
851 2469 1077 2540 ἐκλογῆς
1119 2468 1348 2532 Παῦλος,
1403 2469 1432 2520 6
1478 2466 1738 2521 λαλοῦντα

159 2563 304 2632 ἔχων
337 2563 394 2613 ἐν
429 2560 608 2631 ἐαυτῷ
639 2560 729 2613 τὸν
763 2560 1016 2631 Χριστὸν,
1042 2562 1070 2612 6
1094 2560 1197 2623 ἕως
1243 2560 1428 2630 τρίτου
1469 2559 1738 2629 ἁρπαγεὶς

159 2653 394 2724 ούρανοῦ
421 2693 435 2717 ,
459 2653 577 2705 ὁτὰ
618 2652 834 2724 ἄρρητα
855 2652 1092 2715 ἀκούσας
1131 2653 1370 2722 ῥήματα,
1410 2651 1446 2705 ἃ
1482 2652 1582 2704 ούκ
1619 2651 1739 2717 ἐξὸν

159 2744 436 2814 ἀνθρώπῳ
471 2743 723 2813 λαλῆσαι,
755 2743 876 2796 τίνα
905 2744 1038 2814 ἡμῖν
1066 2741 1191 2811 περὶ
1217 2742 1403 2804 οὐσίας
1426 2740 1560 2794 Θεοῦ
1599 2740 1741 2793 διδα-

164 2835 394 2890 σκαλίαν
425 2835 672 2904 ἀφῆκεν;
707 2835 806 2898 "Oc;
843 2852 929 2904 γε,
959 2834 1047 2886 ὅτε
1089 2836 1168 2896 εἰς
1198 2834 1324 2895 τοὺς
1355 2833 1614 2904 μερικοὺς
1639 2831 1740 2900 τῆς

161 2927 477 2997 οἰκονομίας
501 2925 721 2995 διέκυψε
741 2925 814 2996 (1)
843 2925 1054 2994 λόγους,
1082 2923 1246 2977 οἰονεὶ
1276 2923 1580 2993 ἰλιγγιάσας
1603 2923 1740 2994 πρὸς

162 3019 225 3070 τὸ
257 3018 355 3088 τῆς
411 3017 644 3089 θεωρίας
686 3015 1065 3081 ἁδιεξόδευτον,
1104 3016 1319 3086 ἐκείνην
1359 3016 1612 3087 ἐξεδόησε
1640 3015 1738 3086 τὴν

1832 561 2020 626 alataa;
2051 561 2146 615 sed
2175 560 2496 630 repentibus
2550 559 2700 611 humi
2752 559 2898 621 aliis,
2935 557 3055 612 aliae
3087 573 3184 628 per
3216 573 3400 613 aerem

1832 653 2096 707 ferantur.
2130 652 2232 718 Qui
2287 666 2420 722 ergo
2459 652 2527 706 de
2567 665 2755 704 eorum
2782 665 2904 718 qua:
2934 657 3063 703 sunt
3091 651 3402 720 cognitione

1830 746 2118 816 gloriatur,
2155 744 2374 799 interim
2403 742 2645 796 formicze
2676 742 2835 796 nobis
2851 742 3083 810 explicet
3122 752 3399 810 naturam,

1831 845 1996 904 atque
2026 836 2102 888 ita
2135 835 2356 889 demum
2385 833 2504 902 ejus
2545 834 2852 902 potestatis,
2893 849 3015 902 qua:
3061 834 3402 888 intellectum

1830 939 2043 978 onmem
2075 932 2318 993 superat,
2344 932 2595 978 naturam
2626 933 2926 978 scrutetur.
2959 924 3118 991 Quod
3151 927 3200 980 si
3229 926 3406 980 minu-

1832 1016 2059 1070 tissima:
2113 1015 2353 1069 formiczr
2385 1022 2639 1069 naturam
2686 1015 2927 1068 nondum
2958 1015 3274 1086 cognitione
3306 1029 3403 1084 ap.

1831 1107 2207 1177 prebendisti,
2273 1106 2547 1176 quomodo
2622 1105 3230 1175 incomprehensibilem
3308 1105 3405 1161 Dei

1833 1206 2083 1250 naturam
2117 1196 2506 1266 imaginatione
2539 1205 2629 1248 tua
2659 1195 3112 1265 comprehensam
3140 1211 3263 1252 esse
3283 1196 3406 1265 glo-

1832 1286 2040 1340 riaris?

1904 1376 1957 1431 5.
1988 1377 2062 1447 (5)
2090 1375 2290 1432 Putare
2332 1379 2475 1432 enim
2513 1393 2572 1432 se
2606 1376 2724 1440 Dei,
2750 1379 2846 1448 qui
2889 1394 3054 1448 super
3082 1379 3267 1434 omnia
3296 1385 3402 1441 est,

1832 1467 2195 1521 substantiam
2255 1467 2432 1537 ipsam
2462 1468 2840 1531 adinvenisse,
2889 1484 3098 1538 magnae
3139 1469 3408 1538 superbiae

1832 1565 1918 1613 est
1971 1569 2136 1627 atque
2173 1557 2462 1625 elationis;
2498 1561 2607 1615 fere
2659 1563 2804 1615 enim
2840 1561 3103 1628 jactantia
3145 1567 3408 1631 superant

1833 1649 1917 1703 vel
1948 1649 2101 1702 illum
2132 1649 2332 1718 ipsum,
2359 1650 2452 1718 qui
2501 1650 2643 1704 dixit
2675 1669 2688 1704 :
2729 1649 2902 1719 Super
2929 1662 3079 1704 astra
3107 1667 3300 1720 ponam
3325 1668 3409 1706 se-

1834 1741 1952 1795 dem
1975 1757 2145 1794 meam
2164 1740 2228 1792 ³⁸.
2250 1739 2443 1796 Nonne
2473 1757 2706 1812 magnus
2733 1743 2823 1796 ille
2851 1742 3042 1810 David,
3072 1745 3163 1797 cui
3191 1745 3406 1799 occulta

1765 1813 1808 1868 Β
1838 1829 2266 1899 absconditaque
2326 1845 2441 1887 suae
2501 1834 2784 1901 sapientiae
2832 1833 2976 1889 Deus
3019 1836 3406 1900 manifestavit,

1835 1919 2012 1988 palam
2041 1921 2334 1974 conlitetur
2355 1920 2693 1975 inaccessam
2711 1937 2835 1977 esse
2861 1924 3249 1993 cognitionem,
3281 1941 3408 1980 cum

1833 2011 1967 2066 dicit
1993 2029 2008 2068 :
2039 2009 2308 2065 Mirabilis
2341 2011 2486 2080 facta
2515 2022 2592 2066 est
2614 2012 2774 2083 557
2791 2015 3012 2068 scientia
3036 2025 3130 2070 tua
3149 2031 3214 2070 ex
3239 2033 3320 2071 me
3339 2016 3407 2074 ³³.

1834 2099 2009 2158 Isaias
2041 2111 2249 2169 autem,
2283 2103 2380 2173 qui
2434 2103 2777 2172 majestatem
2826 2104 2920 2160 Dei
2949 2108 3266 2177 speculatus
3301 2117 3409 2170 est,

1835 2194 1965 2264 quid
1993 2194 2160 2249 nobis
2191 2195 2258 2249 de
2284 2195 2468 2248 divina
2501 2195 2810 2250 substantia
2843 2198 3180 2253 declaravit?
3214 2215 3414 2270 nempe

1835 2301 1961 2340 cum
2015 2285 2084 2340 de
2147 2285 2369 2341 Christo
2427 2287 2771 2356 pr0phetiam
2834 2289 2989 2356 edit,
3035 2298 3271 2346 testatur
3325 2292 3412 2346 his

1834 2377 2020 2431 verbis
2049 2395 2064 2432 :
2102 2375 2502 2432 Generationem
2533 2378 2648 2446 ejus
2685 2379 2803 2448 quis
2851 2379 3125 2433 enarrabit
3154 2382 3234 2434 ³⁸2
3269 2381 3412 2449 Quid

1836 2483 1966 2523 vero
1986 2483 2082 2525 vas
2141 2469 2426 2524 electionis
2449 2469 2652 2526 Paulus
2671 2471 2737 2536 ³⁷,
2783 2473 2876 2540 qui
2920 2472 3230 2541 loquentem
3264 2475 3320 2528 in
3355 2490 3417 2529 se

1838 2559 2072 2614 habebat
2100 2559 2380 2614 Christum
2411 2560 2479 2625 ³⁸,
2509 2561 2603 2631 qui
2645 2562 2709 2615 ad
2744 2564 2964 2616 tertium
3002 2579 3176 2633 usque
3216 2566 3416 2619 cmlum

1837 2658 2030 2718 raptus
2053 2659 2157 2717 est,
2190 2652 2284 2720 qui
2309 2666 2511 2706 arcana
2537 2653 2748 2707 audivit
2785 2655 2972 2718 verba,
3004 2670 3125 2724 qua:
3154 2671 3262 2709 non
3292 2657 3420 2710 licet

1840 2740 2046 2795 homini
2095 2742 2245 2811 loqui
2303 2742 2370 2808 ³⁸,
2419 2759 2584 2812 quam
2642 2745 2802 2799 nobis
2845 2745 2914 2800 de
2964 2747 3274 2802 substantia
3320 2747 3418 2802 Dei

1839 2835 2145 2887 doctrinam
2169 2834 2537 2905 reliquit?Hic
2568 2835 2634 2890 ad
2661 2838 3026 2906 particulares
3053 2837 3419 2894 Providentia:

1841 2927 2081 2982 rationes
2109 2941 2234 2980 cum
2283 2929 2638 2998 respexisset,
2671 2930 2821 2984 velut
2851 2932 3122 3001 vertigine
3157 2931 3419 2987 laborans

1840 3027 2062 3088 propter
2114 3019 2544 3090 insuperabilem
2598 3023 3001 3091 contemplandi
3026 3021 3418 3088 difﬁcultatem,

163 3111 351 3180 φωνήν
376 3126 390 3141 ο
424 3111 488 3162 ’Ὠ
530 3109 724 3174 ,βάθος
754 3109 1020 3162 πλούτου
1068 3109 1166 3162 καὶ
1205 3109 1424 3178 σοφίας
1465 3109 1563 3162 καὶ
1594 3106 1738 3177 γνὼ-

1842 3110 1922 3164 sic
1957 3110 2228 3164 exclamat
2256 3130 2268 3164 :
2306 3109 2350 3164 0
2373 3109 2600 3164 altitudo
2645 3110 2953 3164 divitiarum
2981 3120 3030 3166 et
3059 3113 3331 3181 sapientia:
3369 3124 3422 3168 et

161 3219 318 3268 σεως
349 3202 495 3256 Θεοῦ
518 3202 538 3254 !
564 3201 644 3267 ὡς
673 3200 1107 3268 ἀνεξερεύνητα
1132 3201 1204 3254 τὰ
1243 3201 1495 3270 κρίματα
1531 3201 1738 3266 αὐτοῦ,

163 3297 266 3351 καί
301 3296 743 3364 ἀνεξιχνίαστοι
767 3297 828 3348 αἱ
854 3294 980 3348 ὀδοί
1002 3294 1186 3349 αὐτοῦ
1206 3294 1227 3346 .'
1265 3295 1327 3347 Εἰ
1356 3295 1411 3348 δὲ
1437 3294 1605 3348 ταῦτα
1629 3298 1741 3359 τοῖς

161 3392 248 3454 εἰς
280 3389 340 3442 τὸ
382 3389 480 3458 τῆς
531 3386 744 3440 Παύλου
793 3385 1046 3455 γνώσεως
1079 3385 1414 3455 πεφθακόσιν
1455 3386 1740 3453 ἀνέφικτα,

162 3481 332 3544 πόσος
353 3482 380 3533 6
409 3479 577 3548 τῦφος
601 3478 711 3532 τῶν
735 3479 1226 3550 ἐπαγγελλομένων
1257 3481 1454 3534 εἰδέναι
1479 3480 1572 3533 τοῦ
1605 3478 1740 3534 Θεοῦ

161 3573 266 3642 τὴν
294 3571 513 3634 ούσίαν;
551 3569 657 3633 Οὓς
687 3570 859 3640 ἡδέως
891 3570 958 3624 ἂν
990 3573 1329 3643 ἐρωτήσαιμι
1370 3573 1497 3641 περὶ
1525 3572 1622 3640 τῆς
1642 3573 1744 3641 γῆς

161 3663 253 3730 ἐφ’
281 3659 349 3734 ἧς
382 3663 592 3723 ἑστᾶσι,
630 3662 724 3714 καὶ
747 3663 843 3731 ἀφ’
869 3657 937 3733 ἦς
961 3663 1237 3730 γεγόνασι,
1262 3663 1313 3715 τί
1337 3680 1466 3716 ποτε
1503 3662 1741 3730 λέγουσι,

161 3747 290 3800 τίνα
328 3748 500 3817 αὐτῆς
532 3749 630 3818 τὴν
656 3749 843 3802 οὐσίαν
884 3750 1308 3818 ἐπαγγέλλουσιν
1335 3753 1496 3822 ἡμῖν’
1531 3751 1616 3803 ἵνα
1651 3750 1744 3804 ἐὰν

163 3839 280 3909 ἄρα
334 3839 463 3910 περὶ
511 3839 621 3893 τῶν
658 3841 834 3911 χαμαὶ
879 3841 975 3895 καὶ
1022 3842 1130 3896 ὑπὸ
1169 3845 1280 3905 τοῖς
1323 3843 1450 3895 ποσὶ
1481 3843 1744 3912 κειμένων

161 3931 576 4001 ἀναντιρρήτως
603 3934 735 4002 ἡμῖν
761 3932 1104 4002 διαλεχθῶσι,
1136 3935 1257 3988 τότε
1288 3934 1470 3997 αὐτοῖς
1503 3935 1596 3987 καὶ
1620 3936 1746 4006 περὶ

161 4021 279 4075 τῶν
312 4023 567 4077 ἐπέκεινα
605 4025 786 4095 πάσης
833 4025 1042 4088 ἐννοίας
1074 4026 1489 4098 διατεινομένοις
1527 4027 1746 4081 πιστεύ-

167 4132 376 4184 σωμεν,
413 4117 524 4170 Καὶ
553 4115 742 4188 ὥσπερ
777 4118 960 4185 φασὶν,
1012 4118 1094 4172 ὅτι
1136 4118 1307 4189 Ἀδὰμ
1354 4121 1419 4172 ἐκ
1462 4118 1554 4172 τοῦ
1589 4121 1744 4182 Θεοῦ,

165 4208 331 4276 ἡμεῖς
379 4207 578 4270 αὐτοὺς
626 4207 1016 4278 ἐρωτήσωμεν,
1056 4209 1086 4260 6
1116 4207 1247 4273 Θεὸς
1273 4212 1338 4262 ἐκ
1372 4209 1544 4276 τίνος;
1574 4206 1662 4281 ἆρ’
1684 4211 1746 4264 οὐ

165 4297 462 4369 πρόχειρόν
499 4299 616 4351 ἐστι
654 4301 720 4368 τῇ
765 4299 994 4353 ἑκάστου
1049 4299 1255 4372 διανοίᾳ
1290 4301 1371 4353 ὅτι
1411 4300 1470 4367 ἐξ
1500 4301 1745 4366 οὐδενός;

163 4389 232 4440 τὸ
254 4388 311 4439 δὲ
338 4388 395 4452 ἐξ
421 4388 656 4454 οὐδενὸς,
709 4389 770 4442 τὸ
821 4389 1055 4460 ἄναρχόν
1087 4392 1202 4442 ἐστι
1260 4389 1539 4460 δηλονότι⁶
1587 4391 1646 4444 τὸ
1692 4394 1748 4445 δὲ

1842 3201 2148 3270 cognitionis
2192 3201 2324 3254 Dei!
2353 3217 2511 3271 quam
2528 3201 2901 3255 inscrutabilia
2918 3210 3040 3255 sunt
3052 3203 3261 3272 judicia
3282 3204 3419 3274 ejus,

1841 3299 1890 3344 et
1924 3290 2308 3362 investigabiles
2366 3293 2464 3346 via:
2500 3291 2614 3361 ejus
2648 3293 2694 3323 ⁸ο
2719 3293 2731 3345 !
2760 3291 2916 3357 Quod
2967 3295 3015 3348 si
3046 3295 3164 3350 haec
3206 3295 3285 3348 illi
3315 3295 3423 3365 ipsi

1842 3384 1938 3453 qui
1962 3383 2031 3438 ad
2061 3384 2430 3456 cognitionem
2462 3381 2617 3438 Pauli
2645 3393 3034 3454 pervenerunt,
3067 3386 3286 3456 assequi
3310 3402 3421 3440 non

1843 3483 2104 3544 possunt;
2163 3482 2373 3546 quanta
2423 3482 2510 3530 est
2540 3475 2800 3545 superbia
2834 3491 3042 3541 eorum,
3072 3478 3164 3546 qui
3199 3493 3259 3532 se
3288 3479 3422 3533 sub-

1845 3566 2105 3620 stantiam
2137 3563 2235 3620 Dei
2264 3565 2590 3636 proﬁtentur
2614 3582 2948 3636 cognoscere
2967 3567 3155 3632 ?Quos
3177 3567 3422 3636 profecto

1845 3655 2020 3709 libens
2073 3655 2526 3727 interrogaverim
2585 3657 2848 3726 quidnam
2903 3658 2971 3711 de
3014 3665 3162 3712 terra
3213 3658 3267 3711 in
3315 3674 3423 3728 qua

1845 3756 2281 3811 commorantur,
2315 3757 2371 3802 et
2411 3763 2480 3802 ex
2517 3763 2626 3818 qua
2670 3749 2781 3801 nati
2818 3757 2969 3812 sunt,
3018 3748 3224 3813 dicant,
3255 3765 3423 3820 quam

1844 3835 1965 3905 ejus
2001 3837 2162 3892 nobis
2191 3846 2469 3907 esponant
2491 3839 2858 3895 substantiam
2900 3858 2911 3892 :
2942 3847 3001 3892 ut
3029 3839 3076 3895 si
3111 3839 3180 3894 de
3205 3840 3272 3894 iis
3301 3855 3423 3911 quae

1847 3926 1995 3980 humi
2026 3935 2156 3984 sunt
2191 3943 2255 3983 ac
2290 3929 2521 3998 pedibus
2568 3929 2877 4000 subiacent,
2917 3936 3068 3984 certo
3105 3928 3424 3985 indubitan-

1848 4029 2038 4092 terque
2090 4023 2386 4086 disserant,
2429 4031 2563 4077 tunc
2602 4023 2682 4078 eis
2713 4037 2950 4092 quoque,
2993 4039 3117 4077 cum
3150 4025 3219 4079 de
3257 4025 3421 4081 rebus

1848 4115 2185 4170 intellectum
2234 4130 2454 4170 omnem
2503 4115 2892 4184 superantibus
2936 4116 3262 4170 sententiam
3291 4131 3422 4185 pro-

1849 4204 2052 4270 ferunt,
2079 4205 2240 4260 iidem
2269 4205 2591 4262 habeamus.
2617 4204 2681 4257 Et
2699 4205 3133 4276 sicutinquiunt,
3163 4205 3239 4276 (4)
3263 4205 3422 4273 Quod

1848 4297 2020 4352 Adam
2054 4313 2086 4351 a
2120 4297 2231 4352 Deo
2279 4305 2364 4352 est
2398 4313 2410 4348 :
2447 4297 2522 4351 ita
2575 4298 3062 4367 interrogabimus,
3097 4297 3240 4352 Deus
3263 4313 3292 4352 a
3315 4314 3424 4369 quo

1849 4390 1970 4446 est?
1997 4404 2181 4444 nonne
2219 4390 2654 4458 uniuscujusque
2693 4399 2876 4444 mente
2918 4399 3228 4461 promptum
3262 4391 3424 4447 fuerit

165 4480 426 4550 ἄναρχον,
460 4480 522 4533 τὸ
562 4481 876 4550 ἀγέννητον.
927 4481 1014 4544 Ὧς
1043 4477 1136 4534 οὖν
1177 4482 1265 4534 ἐπ’
1311 4480 1614 4552 ἀνθρώπων
1647 4483 1747 4535 οὐκ

1851 4481 2200 4552 respondere,
2252 4496 2319 4536 ex
2367 4483 2562 4536 nullo?
2606 4481 2754 4552 quod
2797 4495 2981 4537 autem
3029 4499 3097 4538 ex
3129 4485 3279 4538 nullo
3314 4494 3422 4549 est,

164 4565 242 4640 ἦν
267 4571 423 4623 οὐσία
444 4571 506 4624 τὸ
537 4572 601 4623 ἐκ
623 4571 789 4636 τινὸς,
824 4569 996 4633 οὕτως
1020 4570 1141 4623 οὐδὲ
1169 4571 1260 4623 ἐπὶ
1307 4570 1442 4624 Θεοῦ
1474 4571 1582 4624 τῶν
1609 4571 1745 4624 ὅλων

167 4663 360 4716 οὐσίαν
411 4661 556 4715 ἐστιν
595 4665 790 4725 εἰπεῖν,
828 4661 890 4714 τὸ
925 4661 985 4726 ἐξ
1009 4663 1254 4727 οὐδενός·
1286 4665 1422 4736 ὅπερ
1470 4665 1580 4718 ἴσον
1629 4665 1748 4718 ἐστὶ

167 4754 253 4825 τῷ
293 4755 392 4824 (2),
434 4754 743 4825 ἀγέννητος.
782 4754 839 4807 Ὀ
885 4753 942 4806 δὲ
988 4753 1048 4805 τὸ
1100 4755 1333 4826 ἄναρχον
1376 4755 1563 4809 οὐσίαν
1605 4751 1746 4811 εἶναι

170 4846 372 4914 λέγων,
404 4845 782 4918 παραπλήσιον
815 4847 992 4910 ποιεῖ,
1023 4845 1209 4917 ὥσπερ
1250 4847 1316 4900 ἂν
1345 4848 1397 4900 ετ
1425 4865 1508 4912 τις
1532 4849 1746 4918 ἐρωτὼ-

177 4955 357 5010 μενος.
385 4937 470 5000 τίς
506 4939 539 5007 ἡ
573 4937 667 4990 τοῦ
708 4937 875 5008 Ἀδὰμ
900 4937 1078 5002 οὐσία,
1103 4939 1197 4991 καὶ
1223 4939 1304 4999 τίς
1329 4940 1362 5009 ἡ
1397 4938 1554 5008 φύσις
1574 4939 1742 5011 αὐτῷ,

170 5032 203 5082 6
230 5027 286 5080 δὲ
311 5027 678 5098 ἀποκρίνοιτο,
716 5026 790 5097 μὴ
824 5028 890 5079 ἐκ
934 5025 1272 5096 συνδυασμοῦ
1300 5027 1489 5096 ἀνδρὸς
1517 5028 1611 5080 καὶ
1644 5045 1744 5096 γυ-

173 5118 382 5182 ναικὸς,
414 5117 526 5171 ἀλλ’
554 5120 618 5171 ἐκ
643 5118 740 5187 τῆς
762 5116 912 5179 θείας
932 5115 1111 5188 χειρὸς
1142 5115 1552 5188 διαπλασθῆναι.
1586 5119 1745 5182 Ποῖος

170 5205 270 5263 οὖν
316 5209 395 5261 ἐτι
438 5208 638 5280 τρόπος
677 5208 776 5277 τῆς
806 5207 1057 5276 γνώσεως
1096 5205 1470 5270 ὑπολείπεται;
1510 5209 1742 5278 ἀποκρι-

171 5300 458 5356 νάσθωσαν
488 5301 618 5370 ἡμῖν
654 5300 702 5352 0i
735 5296 1184 5370 περιφρονοῦντες
1227 5298 1325 5368 μὲν
1351 5298 1528 5352 πάντα
1570 5298 1639 5352 τὰ
1684 5301 1743 5354 ἐν

1852 4574 2042 4642 utique
2077 4572 2199 4628 sine
2255 4573 2530 4642 principio
2554 4581 2677 4628 est:
2712 4583 2767 4629 et
2817 4573 2966 4644 quod
3001 4575 3122 4630 sine
3149 4575 3422 4646 principio

1851 4671 1955 4728 est,
1982 4663 2037 4717 id
2064 4665 2364 4734 ingenitum
2390 4673 2493 4719 est.
2522 4663 2675 4718 Sicut
2701 4680 2829 4735 ergo
2852 4666 2905 4719 in
2930 4665 3241 4721 hominibus
3269 4668 3424 4738 origo

1851 4770 1918 4810 ex
1949 4755 2152 4826 aliquo,
2185 4772 2292 4810 non
2341 4763 2426 4810 est
2473 4771 2662 4810 eorum
2717 4759 2997 4812 essentia:
3035 4759 3116 4813 sic
3160 4773 3336 4828 neque
3365 4759 3422 4812 in

1855 4845 1965 4900 Deo
1991 4848 2370 4902 universorum
2385 4863 2449 4902 ex
2471 4847 2620 4902 nullo
2645 4863 2789 4914 esse,
2820 4849 2965 4919 quod
2984 4848 3127 4903 idem
3149 4857 3232 4904 est
3259 4857 3423 4919 atque

1853 4937 2153 5008 ingenitum
2175 4977 2190 5000 ,
2219 4935 2340 5005 ejus
2372 4936 2666 4991 essentiam
2695 4937 2876 4991 dicere
2903 4951 3218 5006 possumus.
3247 4934 3423 4991 Porro

1850 5046 1972 5084 esse
2021 5030 2139 5084 sine
2193 5029 2468 5098 principio
2505 5027 2804 5083 essentiam
2860 5043 2985 5084 esse
3009 5028 3104 5098 qui
3130 5029 3283 5094 dicit,
3309 5043 3423 5083 non

1851 5121 2010 5174 aliter
2057 5119 2208 5182 facit,
2257 5134 2322 5173 ac
2361 5120 2405 5175 si
2429 5120 2554 5189 quis
2587 5121 2956 5189 interrogatus
2983 5134 3106 5188 qua:
3134 5118 3302 5174 fuerit
3331 5134 3421 5174 es-

1851 5210 2028 5265 sentia
2046 5210 2194 5271 Adae,
2228 5217 2281 5264 et
2316 5225 2438 5279 quae
2468 5209 2642 5278 ipsius
2677 5217 2894 5276 natura,
2936 5209 3280 5281 respondeat,
3311 5225 3421 5265 non

1851 5315 1917 5356 ex
1941 5301 2089 5355 coitu
2121 5299 2223 5355 viri
2255 5310 2311 5355 et
2337 5299 2605 5363 mulieris,
2638 5300 2735 5355 Sed
2775 5301 2963 5355 divina
3008 5317 3173 5357 manu
3199 5301 3422 5358 confor-

247 5457 291 5486 ³³
328 5455 582 5526 Ιεηζχιν,
621 5453 793 5526 l5._'_‘
839 5451 981 5506 Psal.
1014 5465 1278 5515 cxxxvm,
1311 5450 1366 5503 6.
1445 5451 1489 5483 ³⁸
1517 5451 1623 5507 lsa.
1666 5469 1781 5518 Llll,
1813 5454 1867 5508 8.
1945 5456 1986 5486 ³⁷
2020 5457 2138 5509 Act.
2178 5471 2252 5518 ix,
2295 5454 2381 5507 15.
2459 5453 2502 5483 ³⁸
2535 5452 2574 5505 ll
2601 5453 2727 5508 Cor.
2763 5468 2882 5517 xui,
2921 5453 2974 5509 3.
3019 5454 3062 5487 ”
3087 5455 3129 5510 ll
3159 5455 3283 5513 Cor.
3319 5472 3419 5526 xu,

169 5529 208 5582 2
237 5527 288 5579 4.
363 5525 408 5555 ’δ’
433 5524 587 5578 Rom.
615 5539 689 5586 XI,
716 5523 800 5577 '53.

249 5639 325 5707 {l)
359 5636 636 5707 Aiéxvgrs._
672 5635 765 5707 Sic
782 5641 1076 5707 contextus
1112 5643 1165 5688 et
1189 5634 1390 5706 Regius
1422 5635 1592 5690 codex
1633 5651 1744 5691 me-

172 5704 331 5765 lioris
354 5717 511 5761 nota}.
543 5704 684 5758 Editi
719 5704 1008 5756 ἐδείκνυτο.

251 5780 326 5848 (’2)
362 5780 542 5844 Ὅπερ
575 5778 712 5828 ἴσον
750 5774 879 5828 ἐστὶ
931 5773 1028 5838 τῷ.
1063 5774 1205 5829 Idem
1245 5775 1411 5830 codex
1451 5769 1600 5845 ᾧπερ
1632 5775 1743 5828 ἴσον

1852 5636 1966 5689 ἐστὶ
1994 5635 2074 5686 τό.

1924 5705 2000 5772 (5)
2038 5703 2112 5757 Ex
2148 5704 2238 5757 lib.
2268 5705 2514 5760 adversus
2545 5703 2880 5771 Eunomium,
2907 5705 3030 5760 2‘24.

1923 5776 1999 5845 (ι)
2043 5774 2201 5841 mea,
2242 5775 2364 5828 εει.
