3874 6224
420 353 560 411 1513
1339 347 1707 403 APPENDIX.
1747 376 1817 388 --
1857 346 2025 402 SYME

2130 346 2201 402 'lS
2241 342 2779 400 METAPHRASTJE
3570 341 3709 396 1516

421 477 631 524 rnatum
662 479 787 520 eum
816 463 1009 521 fuisse.
1035 464 1227 531 Qualis
1255 464 1425 535 igitur
1461 465 1620 520 nobis
1651 462 1896 532 reliquus
1923 471 2008 517 est

2130 464 2257 526 τοσὶ,
2293 461 2658 524 διαϐαίνοντες
2719 459 2778 512 δέ
2822 456 2915 511 τὸν
2963 454 3214 528 οὐρανὸν,
3254 452 3353 508 καὶ
3389 454 3578 516 πάσας
3616 456 3714 515 τὰς

424 559 761 628 cognitionis
780 558 1019 613 modus?
1049 556 1417 628 respondeant
1435 556 1594 612 nobis
1616 556 1671 610 hi
1701 557 1796 627 qui
1823 556 2008 610 omnia

2130 552 2520 624 impxoopiou;
2568 551 2847 622 δυνάμεις.
2907 550 2972 603 Εί
3016 546 3249 619 οὐρανοῦ
3288 544 3561 617 μέγεθος,
3605 547 3714 615 μὲ-

423 650 646 720 quidem
695 649 932 718 pedibus
987 650 1194 704 nostris
1245 648 1495 719 subjecta
1549 647 1900 718 despiciunt,
1954 647 2011 701 in

2130 660 2238 715 ερον
2274 642 2623 715 ἀνθρωπίνης
2660 640 2897 703 διανοίας
2922 639 3196 693 ἐκϐαίνει·
3241 636 3355 691 τῶν
3396 637 3591 690 ἀϊδίων
3619 638 3713 707 τήν

428 742 608 813 ipsum
628 757 761 796 vero
776 742 976 798 caelum
999 747 1310 810 penetrant,
1344 750 1513 810 atque
1538 755 1731 795 omnes
1760 740 2014 795 caelestes

432 839 754 904 potestates.
786 830 936 903 (I)Si
960 832 1085 885 cmli
1111 830 1735 902 magnitudoexsuperat
1761 830 2015 885 humanm

434 924 808 994 intelligentiae
850 939 1188 984 mensuram,
1214 924 1468 993 quisnam
1504 923 1684 977 valeat
1727 922 2014 991 sempiter-

435 1029 631 1068 norum
654 1020 910 1067 naturam
948 1011 1324 1083 perscrutari?
1351 1010 1408 1065 Si
1445 1011 1529 1065 sol
1553 1011 1643 1066 ille
1675 1010 2016 1079 corruptioni

435 1104 732 1167 obnoxius,
768 1104 906 1159 adeo
957 1104 1186 1172 pulcher
1237 1108 1320 1156 est
1345 1108 1400 1155 et
1440 1100 1577 1155 adeo
1605 1115 1857 1171 magnus,
1891 1114 2014 1153 cum

436 1194 595 1248 velox
626 1193 692 1248 ad
730 1204 958 1255 motum,
995 1201 1111 1247 tum
1155 1192 1437 1246 ordinatos
1470 1191 1738 1246 circuitus
1769 1191 2015 1260 explens,

436 1284 869 1354 magnitudinem
893 1284 1113 1355 quidem
1145 1283 1213 1337 ad
1254 1284 1571 1338 universum
1599 1283 1674 1336 ita
1712 1294 2021 1337 accommo-

439 1376 624 1431 datam
678 1386 897 1442 nactus,
956 1385 1017 1431 ut
1052 1392 1176 1435 eam
1202 1391 1365 1446 quam
1401 1391 1525 1431 cum
1561 1375 1821 1429 universo
1859 1374 2022 1428 habet

440 1467 851 1536 proportionem
891 1481 1000 1521 non
1031 1464 1281 1531 excedat,
1325 1479 1425 1520 sua
1454 1478 1583 1518 vero
1616 1462 2023 1533 pulchritudine

441 1566 700 1629 tanquam
725 1567 935 1613 natura:
957 1557 1389 1626 oculusquidam
1422 1555 1728 1627 pellucidus
1754 1571 1844 1611 res
1868 1569 2025 1610 crea-

443 1664 529 1707 tas
562 1654 937 1708 condecorans
965 1672 978 1706 :
1012 1652 1176 1721 hujus
1202 1652 1246 1707 si
1276 1651 1602 1707 insatiabilis
1630 1659 1715 1705 est
1740 1657 2020 1721 aspectus,

444 1746 591 1813 quali
642 1744 1046 1814 pulchritudine
1102 1743 1187 1798 sol
1230 1742 1461 1811 iustitiae
1505 1742 1775 1811 prmditus
1813 1742 1937 1796 est?
1966 1739 2024 1795 Si

2113 737 2275 808 φύσιν
2297 735 2381 799 τίς
2400 736 2509 807 ἄρα
2532 734 2608 806 (6)
2630 733 2932 804 ἐξιχνιάσαι
2952 733 3270 802 δυνήσεται;
3297 732 3360 785 Εἰ
3389 732 3420 783 ὁ
3444 733 3514 799 τῇ
3541 730 3713 799 φθορᾷ

2114 828 2474 898 ὑποκείμενος
2499 825 2654 897 ἥλιος
2683 824 2827 878 οὓτω
2855 824 3021 888 καλὸς
3059 824 3157 877 καὶ
3200 823 3404 893 μέγας,
3430 822 3568 888 ὀξὺς
3619 822 3714 890 μὲν

2114 918 2428 988 κινηθῆναι,
2466 916 2764 980 εὐτάκτους
2807 915 2867 969 δὲ
2912 914 3013 979 τὰς
3065 915 3351 984 περιόδους
3402 913 3715 975 ἀποδιδοὺς.

2117 1008 2432 1081 σύμμετρον
2465 1009 2562 1079 μὲν
2592 1009 2733 1079 ἔχων
2757 1008 2818 1061 τὸ
2854 1006 3084 1078 μέγεθος
3124 1006 3204 1077 τῷ
3238 1006 3434 1065 παντὶ,
3464 1004 3614 1058 ὥστε
3644 1006 3717 1074 μὴ

2117 1100 2392 1154 ἐκϐαίνειν
2422 1101 2523 1171 τὴν
2551 1099 2687 1171 πρὸς
2716 1100 2777 1153 τὸ
2818 1100 2938 1153 ὅλον
2970 1099 3293 1167 ἀναλογίαν·
3322 1100 3410 1171 τῷ
3440 1100 3501 1153 δὲ
3532 1101 3719 1153 κάλλει

2116 1191 2216 1260 τῆς
2247 1191 2461 1260 φύσεως
2502 1185 2613 1245 οἷόν
2659 1209 2745 1255 τις
2798 1191 3078 1261 ὀφθαλμὸς
3125 1191 3362 1262 διαυγὴς
3408 1191 3720 1261 ἐμπρέπων

2118 1286 2182 1354 τῇ
2232 1284 2442 1336 κτίσει·
2492 1285 2539 1336 εί
2583 1283 2882 1355 ἀκόρεστος
2925 1283 3176 1355 τούτουή
3211 1282 3330 1344 θέα,
3365 1284 3620 1345 ποταπὸς
3646 1282 3721 1352 τῷ

2120 1374 2304 1427 κάλλει
2329 1377 2357 1428 ὁ
2377 1374 2476 1445 τῆς
2504 1372 2854 1444 δικαιοσύνης
2872 1374 3055 1444 ἦλιοςς
3088 1376 3151 1427 Εί
3169 1374 3362 1444 τυφλῷ
3388 1373 3571 1444 ζημία
3598 1373 3721 1426 τοῦ·

2119 1484 2210 1520 τον
2241 1466 2315 1538 μὴ
2348 1466 2565 1535 βλέπειν
2591 1466 2689 1536 (7),
2717 1466 2935 1538 ποταπὴ
2972 1465 3144 1537 ζημία
3168 1466 3245 1537 τῷ
3274 1465 3604 1537 ἀμαρτωλῷ
3629 1464 3720 1518 τοῦ

2123 1558 2377 1629 ἀληθινοῦ
2418 1558 2594 1627 φωτὸς
2634 1557 2999 1630 στερηθῆναι;
3041 1559 3103 1611 Et
3156 1558 3265 1630 γὰρ
3293 1557 3368 1610 τὰ
3403 1556 3719 1628 πρόσκαιρα

2122 1646 2373 1713 τοιαῦτα,
2404 1647 2625 1699 ποταπά
2667 1647 2736 1699 τά
2763 1646 2991 1711 αίώνια;
3020 1646 3129 1700 Καὶ
3156 1648 3204 1698 εἰ
3228 1645 3299 1698 τά
3331 1644 3602 1716 ὁρώμενα
3628 1644 3691 1698 οὔ

2124 1757 2201 1793 τω
2234 1738 2393 1803 καλὰ,
2446 1738 2665 1791 ποταπά
2691 1737 2761 1791 τά
2812 1737 3054 1808 ἀόρατα,
3088 1737 3125 1791 ἃ
3168 1737 3480 1807 ἡτοίμασεν
3523 1738 3555 1789 ὁ
3590 1736 3719 1800 Θεὸς

445 1836 592 1890 hunc
622 1837 793 1892 solem
822 1850 931 1890 non
956 1835 1294 1905 conspicere,
1315 1848 1459 1888 caeco
1484 1834 1870 1888 detrimentum
1897 1839 1981 1888 est
2006 1849 2019 1885 :

2130 1835 2238 1896 τοῖς
2269 1830 2556 1901 ἀγαπῶσιν
2589 1830 2782 1897 αὑτόνς
2812 1825 2911 1884 Ὧν
2931 1831 3141 1899 γένοιτο
3168 1832 3383 1894 πάντας
3415 1832 3575 1900 ἡμᾶς
3600 1833 3716 1883 ἐπι-

445 1925 606 1994 qnale
644 1932 727 1980 est
781 1924 1052 1994 peccatori
1086 1923 1429 1993 dispendium
1477 1924 1601 1978 luce
1637 1938 1764 1978 vera
1801 1924 2025 1979 carere?

444 2015 580 2069 Nam
630 2016 676 2070 si
712 2015 828 2070 haec
871 2014 1196 2085 temporaria
1239 2015 1368 2068 talia
1412 2022 1563 2078 sunt,
1607 2015 1789 2084 qualia
1822 2015 2025 2085 sempi-

445 2107 647 2161 terna?
673 2107 804 2162 Etsi
829 2107 966 2161 adeo
999 2106 1246 2175 speciosa
1282 2121 1403 2175 qua:
1427 2105 1701 2168 videntur,
1729 2105 1911 2175 qualia
1943 2107 2027 2159 in-

2123 1926 2329 1993 τυχεῖν,
2363 1924 2547 1994 χάριτι
2593 1923 2687 1975 καὶ
2731 1921 3109 1994 φιλανθρωπία
3160 1921 3257 1976 τοῦ
3292 1923 3513 1993 Κυρίου
3564 1921 3716 1991 ἡμῶν

2139 2014 2317 2085 Ἰησοῦ
2359 2013 2619 2086 Χριστοῦ,
2657 2014 2917 2085 ὅτιαύτῷ
2960 2016 3162 2085 πρέπει
3195 2017 3230 2086 ἡ
3255 2014 3405 2080 δόξα,
3452 2014 3541 2077 είς
3594 2014 3716 2075 τοὺς

2129 2106 2331 2170 αἰῶνας
2363 2106 2473 2159 τῶν
2505 2106 2737 2161 αἰώνων.
2778 2106 2968 2178 Ἀμήν.

444 2199 706 2264 visibilia,
742 2212 861 2267 qua:
882 2197 1205 2267 praeparavit
1232 2196 1374 2251 Deus
1399 2197 1752 2267 diligentibus
1769 2199 1869 2253 se?
1892 2197 2025 2264 Quae
2060 2198 2269 2253 utinam
2303 2200 2520 2269 assequi
2575 2214 2767 2256 omnes
2804 2200 3105 2263 valeamus,
3175 2198 3354 2268 gratia
3416 2205 3591 2270 atque
3618 2201 3718 2257 hu°

446 2295 708 2349 inanitate
740 2292 954 2347 Domini
983 2292 1154 2347 nostri
1185 2290 1315 2346 Jcsu
1340 2291 1567 2357 Christi,
1588 2292 1718 2363 quia
1750 2293 1829 2347 illi
1860 2293 2093 2350 debetur
2121 2294 2317 2366 gloria,
2345 2294 2402 2348 in
2429 2294 2625 2350 saecula
2662 2294 3010 2350 saeculorum.
3040 2294 3236 2347 Amen.

588 2403 752 2476 558
774 2400 874 2457 DE
910 2400 1137 2457 INGLU
1157 2401 1283 2456 ΗΕ
1314 2403 1407 2457 ET
1435 2403 1879 2460 EBRIETATE.

1032 2512 1265 2569 SERMO
1297 2513 1433 2571 XVI.

519 2628 573 2681 1.
604 2626 678 2698 (2)
707 2625 958 2697 Equalis
1003 2634 1059 2681 et
1102 2634 1370 2683 constans
1406 2627 1703 2683 Christiani
1734 2628 1867 2693 vita,
1894 2628 2029 2683 cha-

2285 2407 2467 2461 HEPI
2496 2404 3073 2460 ΓΑΣΤΡΙΜΑΡΓΙΑΣ
3104 2405 3241 2460 ΚΑΙ
3290 2404 3578 2459 ΜΕΘΗΣ.

2732 2516 2949 2571 ΛΟΓΟΣ
2992 2516 3108 2583 ις’.

2202 2631 2254 2686 1.
2294 2631 2642 2703 Μονότροπος
2690 2632 2718 2685 ό
2765 2629 2858 2683 τοῦ
2893 2624 3307 2700 χριστιανισμοῦ
3341 2624 3482 2696 βίος,
3506 2627 3721 2695 ἀγαπη-

448 2720 678 2783 rissimi,
716 2727 770 2774 et
800 2718 1021 2773 unicum
1046 2733 1273 2788 scopum
1307 2718 1466 2773 habet
1506 2718 1601 2774 Dei
1631 2721 1880 2790 gloriam.
1910 2719 2025 2776 Sire

2130 2724 2235 2788 τοὶ,
2285 2724 2381 2776 ἕνα
2420 2723 2624 2777 σκοπὸν
2668 2722 2828 2793 ἔχων,
2880 2720 2978 2791 τὴν
3019 2719 3176 2785 δόξαν
3215 2718 3377 2772 Θεοῦ.
3429 2717 3574 2770 Ehe
3614 2716 3722 2786 τὰρ

445 2814 585 2867 enim
615 2810 971 2872 manducatis,
1003 2811 1109 2864 sive
1140 2810 1340 2874 bibitis,
1360 2810 1602 2880 sivequid
1624 2812 1825 2881 facitis,
1847 2815 2025 2867 omnia

2130 2816 2379 2878 ἐσθίετε,
2410 2816 2529 2869 εἴτε
2574 2815 2800 2877 πίνετε,
2840 2813 2959 2867 εἴτε
2995 2829 3051 2865 τι
3087 2809 3308 2864 ποιεῖτε
3330 2850 3347 2874 ,
3388 2809 3595 2863 πάντα
3637 2811 3720 2875 είς

448 2904 505 2956 in
528 2902 751 2973 gloriam
808 2900 906 2955 Dei
953 2901 1132 2971 facite,
1170 2902 1245 2956 ait
1273 2901 1477 2958 Paulus
1509 2902 1553 2935 “
1585 2904 1679 2973 qui
1714 2904 1769 2958 in
1805 2903 2025 2960 Christo

2130 2911 2320 2987 δόξαγ
2367 2910 2514 2965 Θεοῦ
2578 2909 2818 2974 ποιεῖτε,
2875 2909 3040 2979 φησὶν
3093 2908 3123 2958 ὁ
3167 2906 3226 2958 ἐν
3280 2904 3515 2977 Χριστῷ
3546 2904 3720 2957 λαλῶν

450 2995 773 3064 loquebatur
805 2993 870 3049 δ’.
904 2993 974 3047 At
1000 3008 1130 3048 vero
1164 2995 1518 3050 multiformis
1554 3002 1609 3050 et
1640 2995 1790 3049 varia
1819 3005 1903 3051 est
1937 2995 2025 3051 ho«

2130 3003 2364 3067 Παῦλος.
2401 3002 2746 3074 Πολύτροπος
2774 3002 2832 3056 δὲ
2884 3003 2979 3055 καὶ
3029 2998 3274 3062 ποικίλος
3313 3000 3345 3051 ὁ
3384 2999 3501 3050 τῶν
3526 2996 3721 3061 ἔξωθεν

449 3087 662 3141 minum
724 3085 1125 3140 mundanorum
1188 3086 1406 3141 vivendi
1441 3087 1603 3150 ratio,
1649 3101 1770 3158 qua:
1822 3088 2025 3143 scilicet

2131 3097 2265 3169 βίος,
2298 3096 2485 3150 ἄλλοτε
2511 3096 2685 3159 ἄλλως
2716 3096 2852 3166 πρὸς
2887 3094 2983 3165 τὴν
3009 3093 3299 3163 ἀρέσκειαν
3322 3090 3436 3144 τῶν
3460 3092 3721 3159 ἐντυγχαο

450 3177 573 3231 aliis
603 3184 767 3246 atque
792 3177 914 3232 aliis
930 3177 1108 3231 modis
1130 3177 1197 3231 ad
1222 3178 1621 3233 conciliandam
1643 3180 2046 3234 accedentium.

449 3270 680 3341 gratiam
712 3268 1153 3324 transformetur.
1189 3271 1267 3341 (3)
1308 3270 1463 3336 Quod
1495 3272 1541 3326 si
1573 3272 1738 3327 etiam
1778 3272 2023 3326 futurum

450 3367 556 3424 est,
582 3368 641 3414 ut
668 3359 771 3429 ipsi
800 3375 1017 3430 quoque
1073 3359 1247 3415 simus
1284 3362 1602 3417 eorumdem
1640 3363 1743 3427 rei,
1768 3371 1822 3417 et
1844 3362 2025 3433 quoad

450 3452 579 3507 licet
607 3454 787 3518 nobis,
823 3453 1165 3522 inquiramus
1215 3454 1382 3509 etiam
1425 3470 1487 3509 ea
1515 3470 1635 3525 quae
1657 3456 1933 3525 pertinent
1956 3455 2023 3510 ad

450 3544 805 3613 voluptatem,
848 3552 903 3599 et
947 3545 1065 3615 ipsa
1099 3545 1168 3600 ad
1211 3546 1634 3601 ostentationem
1673 3562 2022 3617 apparemus,

451 3650 645 3690 vereor
669 3651 738 3690 ne
763 3650 884 3704 quae
922 3636 1278 3703 destruimus,
1314 3651 1378 3692 ea
1424 3636 1692 3692 aediﬁcare
1719 3638 2022 3702 videamur,

450 3735 505 3782 et
535 3726 666 3782 dum
695 3736 921 3782 caeteros
966 3728 1301 3797 judicamus,
1347 3729 1718 3798 nosmetipsos
1764 3728 2025 3783 condem-

451 3834 667 3885 nemus,
714 3819 808 3889 qui
869 3819 1123 3874 simulate
1163 3820 1273 3872 vita
1308 3826 1547 3884 utamur,
1583 3818 1748 3874 modo
1782 3819 1837 3873 in
1861 3819 2023 3883 hanc,

453 3910 615 3966 modo
638 3912 692 3966 in
725 3912 868 3965 illam
900 3911 1127 3966 formam
1153 3910 1494 3975 mutati,nisi
1510 3910 1650 3966 forte
1676 3911 2026 3968 immutemus

453 4004 619 4059 etiam
674 4005 1000 4059 vestimenta
1030 4010 1217 4058 nostra
1249 4010 1388 4067 tum,
1432 4018 1558 4057 cum
1604 4019 1659 4057 in
1682 4004 1828 4058 viros
1849 4004 2028 4060 claros

457 4106 511 4150 et
539 4095 805 4164 superbos
824 4094 1200 4149 inciderimus.
1223 4092 1380 4159 Quod
1399 4095 1445 4149 si
1478 4094 1532 4148 id
1566 4101 1726 4164 turpe
1746 4102 1850 4159 est,
1870 4096 2030 4166 longe

459 4185 677 4255 turpius
724 4198 965 4240 mensam
1021 4191 1264 4239 nostram
1296 4184 1366 4238 ob
1415 4184 1667 4240 homines
1689 4185 1902 4240 deliciis
1927 4185 2032 4240 dif-

459 4276 688 4331 ﬂuentes
714 4282 1072 4330 commutare.
1108 4275 1184 4346 (4)
1208 4272 1264 4329 Si
1294 4276 1439 4329 enim
1484 4276 1641 4346 copia
1675 4277 1922 4332 ciborum
1950 4282 2032 4330 at-

458 4385 565 4440 que
588 4368 793 4423 lautitia
812 4367 1313 4440 fratrivoluptatem
1340 4370 1530 4425 atl’erre
1546 4372 1754 4435 volens,
1787 4387 2028 4428 mensam

2127 3190 2325 3243 νόντων
2356 3188 2890 3259 μεταπλασσὸμενος.
2920 3188 2983 3239 Εἰ
3008 3182 3100 3239 οὖν
3132 3183 3427 3254 μέλλοιμεν
3452 3182 3555 3235 καὶ
3577 3182 3721 3234 αὐτοὶ

2123 3283 2238 3344 τοῖς
2260 3281 2443 3345 αὐτοῖς
2469 3279 2770 3344 ἐνέξεσθαι,
2804 3278 2899 3332 καὶ
2936 3276 3078 3330 κατά
3107 3276 3209 3345 τὴν
3242 3273 3608 3343 ὑπάρχουσαν
3635 3270 3717 3322 δύο

2122 3388 2286 3441 ναμιν
2310 3370 2379 3424 τά
2408 3371 2546 3441 πρὸς
2578 3370 2768 3441 ἡδονὴν
2801 3366 3101 3437 ἐπιζητεῖν,
3134 3365 3229 3418 καὶ
3272 3364 3416 3435 πρὸς
3468 3360 3719 3424 ἐπίδειξιν

2123 3463 2675 3535 παρασκευάζεσθαι,
2727 3460 3040 3532 φοϐοῦμαι,
3104 3459 3181 3530 μὴ
3219 3457 3257 3511 ἃ.
3325 3456 3715 3526 καταλύομεν,

2123 3556 2299 3609 ταῦτα
2333 3555 2591 3626 φανῶμεν
2625 3552 3067 3623 οἰκοδομοῦντες,
3109 3551 3205 3604 καλ⁵
3245 3549 3310 3602 δι’
3363 3542 3442 3602 ὧν
3504 3547 3715 3618 ἑτέρους

2123 3648 2414 3719 κρίνομεν,
2473 3646 2699 3709 ἑαυτοὺς
2738 3644 3179 3715 κατακρίνωμεν,
3217 3641 3716 3712 ἐσχηματισμένος

2122 3738 2202 3809 τῷ
2237 3739 2336 3809 βίῳ
2365 3737 2719 3810 κεχρημένοι,
2761 3736 2857 3791 καὶ
2897 3735 3081 3791 ἄλλοτε
3123 3733 3299 3795 ἄλλως
3330 3730 3714 3802 μεταμορφού-

2130 3847 2301 3901 μενοι,
2352 3831 2402 3882 εί
2450 3830 2523 3901 μὴ
2554 3830 2664 3900 ἄρα
2695 3827 2916 3891 καὶτὰς
2956 3825 3189 3894 ἐσθῆτας
3225 3823 3392 3894 ἡμῶν
3420 3822 3714 3893 διαμείψαν-

2132 3938 2252 3990 μεν,
2285 3922 2411 3974 ὅταν
2441 3923 2554 3984 τοῖς
2594 3919 2963 3989 ὑπερηφάνοις
2997 3914 3519 3988 περιτυγχάνωμεν.
3552 3914 3616 3967 Et
3661 3912 3713 3965 δὲ

2128 4010 2352 4083 αἰσχρὸν
2398 4011 2574 4075 τοῦτο,
2611 4009 2792 4081 πολλῷ
2836 4011 3043 4079 αἴσχιον
3081 4008 3171 4063 διὰ
3217 4008 3348 4070 τοὺς
3394 4006 3713 4077 τρυφῶντας

2131 4104 2231 4174 τὴν
2271 4102 2551 4174 τράπεζαν
2601 4101 2759 4173 ἡμῶν
2794 4100 3316 4172 μετα-σκευάζεσθαι.
3369 4098 3582 4169 Πλήθει
3611 4095 3710 4166 γὰρ

2134 4192 2437 4265 βρωμάτων
2468 4193 2563 4246 καὶ
2603 4194 2923 4264 περιεργείᾳ
2967 4191 3105 4262 πρὸς
3147 4190 3345 4262 ⁴ἢδονὴν
3378 4189 3710 4259 μετασκευά-

2134 4285 2240 4351 ζων
2265 4283 2358 4337 τοῦ
2395 4282 2622 4352 ἀδελφοῦ
2669 4300 2760 4336 σου
2794 4282 2891 4353 τὴν
2922 4279 3220 4354 τράπεζαν,
3256 4281 3594 4350 κατηγορεῖς
3619 4277 3710 4328 αὐ-

2135 4374 2229 4428 τοῦ
2257 4374 2588 4446 φιληδονίαν,
2629 4375 2721 4428 καὶ
2756 4374 3044 4444 καταχέεις
3071 4371 3235 4426 αὑτοῦ
3271 4368 3711 4441 γαστριμαργίας

460 4472 610 4517 tuam
657 4462 933 4525 immutas,
966 4462 1113 4516 illius
1152 4478 1382 4518 accusas
1429 4478 1669 4518 amorem
1712 4464 2025 4532 voluptatis,

2134 4464 2307 4536 ὀνείδη
2334 4465 2401 4518 δι’
2423 4458 2496 4519 ὧν
2532 4462 2949 4535 παρασκευάζῃ,
2980 4462 3217 4531 ἐλέγχων
3255 4458 3425 4513 αὑτοῦ
3458 4460 3563 4530 τὴν
3592 4458 3711 4528 περὶ

461 4560 517 4607 et
570 4552 636 4605 iis
673 4567 793 4621 qual
839 4565 1135 4621 prarparas,
1167 4552 1306 4622 gulae
1349 4552 1550 4621 probro
1578 4552 1729 4605 illum
1765 4553 2032 4622 aspergis,

465 4640 550 4695 his
606 4656 728 4694 eum
769 4640 932 4695 rebus
969 4655 1204 4710 arguens
1235 4640 1520 4697 obiectari.
1555 4642 1633 4713 (5)
1679 4640 1819 4708 Quid
1869 4643 2036 4712 igitur

463 4731 622 4786 nobis
641 4745 764 4784 cum
789 4732 1144 4800 apparatibus
1158 4732 1532 4802 sumptuosis?
1560 4732 1805 4787 Accessit
1832 4732 2033 4801 hospes

461 4821 708 4890 aliquis?
745 4821 792 4875 si
848 4822 1014 4876 frater
1048 4822 1148 4887 sit,
1182 4830 1236 4876 et
1266 4822 1409 4877 idem
1440 4822 1566 4876 vitae
1610 4821 1917 4877 institutum
1942 4836 2032 4876 se-

461 4922 681 4983 quatur,
737 4929 892 4968 suam
927 4914 1101 4983 ipsius
1136 4929 1376 4969 mensam
1419 4921 1707 4985 agnoscet;
1734 4928 1855 4984 quae
1881 4913 2028 4968 enim

460 5004 684 5075 reliquit
709 5003 877 5071 domi,
900 5021 965 5061 ea
1005 5004 1332 5061 inventurus
1359 5014 1445 5062 est
1471 5005 1614 5075 apud
1642 5021 1765 5060 nos.
1797 5005 1866 5058 At
1905 5004 2030 5059 fati-

461 5105 620 5168 gatus
664 5106 748 5153 est
774 5112 839 5152 ex
868 5097 1098 5154 itinere?
1133 5104 1346 5152 tantum
1386 5097 1664 5152 aﬂ‘erimus
1712 5097 2025 5163 lavamenti,

461 5194 725 5258 quantum
758 5188 1056 5258 requiritur
1084 5188 1151 5243 ad
1190 5189 1566 5244 lassitudinem
1610 5187 2023 5244 sublevandam.

460 5280 693 5335 Advenit
721 5278 861 5335 alius
884 5281 1084 5335 sacculo
1097 5280 1227 5336 huic
1255 5279 1538 5336 addictus?
1566 5296 1634 5336 ex
1670 5280 1829 5337 factis
1852 5280 2026 5337 discat

569 5391 612 5424 *ί
642 5390 662 5445 Ι
690 5391 817 5446 Cor.
851 5408 908 5457 x,
937 5392 1026 5447 51.
1125 5393 1170 5424 δ’
1205 5390 1246 5445 ΙΙ
1275 5390 1403 5447 Cor.
1429 5408 1491 5457 it,
1527 5392 1616 5445 17.

562 5524 612 5588 1)
651 5524 731 5579 Ex
766 5525 958 5581 homil.
988 5542 1041 5579 vr
1072 5528 1127 5580 in
1148 5526 1427 5588 Ηεεαειη..
1468 5528 1558 5582 50.

656 5594 733 5666 Ex
755 5595 979 5666 Regalis
1005 5597 1173 5666 fusius
1209 5598 1470 5666 tractatis,
1503 5597 1629 5655 365.

542 5664 599 5733 (ὅ
657 5664 814 5730 una,
853 5665 976 5719 564.

542 5667 619 5803 (ti
657 5732 812 5797 lbid.,
845 5735 968 5789 εδδ.

539 5732 617 5803 (4)
657 5732 812 5797 lbid.,
845 5735 968 5789 εδδ.

2132 4556 2302 4610 ταῦτα
2334 4558 2684 4628 ἡδυπάθειαν.
2716 4558 2782 4611 Τί
2837 4554 2930 4611 οὖν
2990 4558 3119 4628 ἡμῖν
3176 4555 3273 4608 καὶ
3315 4557 3440 4616 ταῖς
3491 4553 3711 4607 πολυτε-

2131 4646 2331 4714 λείαις;
2374 4649 2715 4721 Ἐπεδήμησέ
2740 4666 2824 4713 τις
2860 4648 2969 4701 τῶν
2996 4647 3190 4712 ξένων;
3227 4648 3277 4699 εἰ
3323 4646 3424 4714 μὲν
3466 4645 3707 4713 ἀδελφὸς.

2132 4739 2225 4792 καὶ
2260 4739 2352 4792 τὸν
2396 4741 2558 4794 αὑτὸν
2609 4740 2749 4812 ἔχων
2791 4740 2992 4794 σκοπὸν
3035 4737 3128 4792 τοῦ
3162 4737 3314 4808 βίου,
3353 4736 3455 4806 τὴν
3512 4738 3710 4790 οἰκείαν

2132 4829 2409 4900 τράπεζαν
2435 4831 2829 4900 ἐπιγνώσεται·
2862 4831 2899 4886 ἃ
2924 4830 3033 4901 γὰρ
3062 4829 3355 4884 κατέλιπεν
3385 4829 3554 4896 οἶκοι,
3585 4828 3709 4882 ταῦ-

2134 4937 2203 4973 τα
2236 4922 2365 4991 παρ’
2390 4923 2521 4993 ἡμῖν
2544 4924 2785 4994 εὑρήσει.
2825 4920 2985 4975 Ἀλλά
3018 4919 3298 4990 κέκμηκεν
3330 4920 3400 4971 ἐκ
3437 4918 3547 4988 τῆς
3585 4917 3710 4971 ὁδοι-

2135 5012 2360 5083 πορίας;
2393 5012 2649 5067 τοσοῦτον
2682 5012 2831 5083 αὐτῷ
2854 5012 3237 5083 προστίθεμεν,
3271 5012 3398 5064 ὅσον
3426 5011 3525 5062 τὸν
3551 5009 3708 5063 κόπον

2134 5103 2649 5176 παραμυθήσασθαι.
2705 5104 2897 5168 Ἄλλος
2944 5103 3198 5175 ἐλήλυθεν
3246 5103 3312 5155 ὲκ
3368 5101 3468 5154 τοῦ
3520 5099 3707 5165 ἔξωθεν

2135 5192 2278 5263 βίους
2326 5195 2540 5266 μαθέτω
2564 5196 2652 5251 διά
2677 5196 2784 5250 τῶν
2806 5195 3003 5268 έργων,
3036 5196 3159 5247 ὅσον
3185 5194 3214 5245 ό
3241 5194 3402 5261 λόγος
3425 5193 3591 5246 αὐτὸν
3614 5191 3706 5243 οὐκ

2132 5284 2338 5352 ἔπεισε,
2380 5289 2473 5342 καὶ
2523 5288 2731 5343 λαϐέτω
2756 5287 2924 5341 τύπον
2967 5286 3063 5341 καὶ
3103 5284 3479 5356 ὑπογραμμὸν
3517 5285 3617 5354 τῆς
3654 5284 3705 5334 ἓν

2205 5530 2284 5599 (5)
2324 5530 2481 5595 lbid..
2516 5533 2639 5589 564.

2210 5602 2283 5672 (6)
2318 5604 2412 5670 Τίς
2440 5604 2570 5672 ἄρα.
2599 5602 2781 5657 Codex
2813 5600 3015 5672 Regius
3043 5601 3127 5665 τίς
3159 5602 3271 5671 ἄρα
3300 5600 3452 5667 νοῦς.

2234 5675 2284 5742 7)
2308 5671 2912 5743 Τοῦτονμὴβλέπεινζ
2925 5672 3066 5728 Idem
3085 5676 3255 5728 codex
3269 5672 3351 5740 τὸ,
3372 5673 3447 5743 μὴ
3469 5671 3697 5742 gnam.
