3874 6224
133 360 279 414 1517

963 357 1192 415 SERMO
1220 358 1358 414 XVI.
1397 388 1466 398 --
1506 357 1594 413 DE
1632 356 1958 414 INGLUVIE
1996 357 2084 412 ET
2123 357 2533 416 EBRIETATE.

3248 369 3388 424 i3i8

126 475 257 536 ταῖς
278 473 505 544 τροφαῖς
532 470 883 542 αὐταρκείας.
925 473 1362 544 Ἐναπομεινάτω
1390 472 1539 543 αὐτῷ
1579 472 1711 526 ὑπο-

1813 487 1932 540 qna:
1957 473 2005 527 ei
2038 488 2218 528 sermo
2245 490 2353 529 non
2387 472 2685 545 persuasit,
2713 483 2769 530 et
2799 475 3128 548 frugalitatis
3158 477 3214 534 in
3241 483 3386 540 escis

132 565 400 636 μνήματα
422 562 766 634 Χριστιανῶν
796 562 1096 635 τραπέζης,
1145 565 1238 617 καὶ
1281 563 1709 634 ἀνεπαισγύντου

125 654 221 709 διὰ
248 654 485 724 Χριστὸν
505 654 801 724 πτωχείας.
839 653 903 707 Εί
943 655 1001 708 δὲ
1036 657 1098 708 οὐ
1136 655 1416 728 προσέξει,
1445 655 1581 710 ἀλλὰ
1611 672 1711 710 κα-

122 747 443 816 ταγελάσει,
473 746 725 819 δεύτερον
753 749 884 819 ἡμῖν
916 748 1017 801 οὐκ
1045 747 1285 819 ὀχλήσει.
1314 749 1387 801 Τὸ
1415 747 1523 820 γὰρ
1552 765 1708 818 περι-

123 839 348 910 τρέχειν
396 841 542 910 ἠμᾶς
591 839 1047 911 διερευνωμένους
1080 839 1151 893 τὰ
1189 840 1265 912 μὴ
1294 841 1430 910 πρὸς
1451 840 1512 894 τὸ
1537 840 1707 908 ἀναγ-

127 934 289 986 καῖον
316 935 435 994 ταῖς
458 930 668 1002 χρείαις
685 929 1107 1001 ἐπιζητούμενα,
1131 931 1264 985 ἀλλὰ
1296 931 1431 1003 πρὸς
1457 932 1558 1003 τὴν
1593 931 1711 984 ὀλε-

127 1022 296 1093 θρίαν
339 1022 529 1093 ἡδονὴν
579 1021 675 1076 καὶ
718 1021 987 1093 βλαϐερὰν
1043 1022 1346 1090 κενοδοξίαν
1397 1039 1709 1094 περινενση-

132 1114 296 1184 μένα,
329 1115 388 1167 ού
442 1113 601 1185 μόνον
637 1113 860 1184 αίσχρὸν
888 1116 1020 1186 ἡμῖν
1044 1116 1138 1170 καὶ
1183 1115 1530 1187 ἀσύμφωνον,
1571 1115 1707 1169 ἀλλὰ

125 1205 231 1260 καὶ
259 1204 463 1276 βλάϐην
491 1205 615 1277 ἔχον
646 1205 706 1258 οὐ
732 1204 831 1277 τὴν
856 1204 1145 1276 τυχοῦσαν,
1168 1207 1296 1261 ὅταν
1320 1209 1369 1260 oi
1392 1207 1707 1279 τρυφῶντες

123 1297 230 1351 καὶ
258 1299 379 1359 ταῖς
405 1296 621 1367 ἡδοναῖς
643 1297 742 1367 τῆς
770 1298 1007 1369 γαστρὸς
1046 1296 1144 1368 τὴν
1187 1298 1566 1370 μακαριότητα
1591 1299 1707 1370 ὁρι-

124 1388 372 1459 ζόμενοι,
414 1388 544 1459 περὶ
590 1387 690 1451 τὰς
719 1387 890 1452 αὐτὰς
918 1390 1327 1460 φροντίδαςνκαὶ
1370 1391 1519 1461 ἡμᾶς
1540 1390 1706 1461 ὁρῶσι

125 1479 554 1550 στρεφομένους,
589 1481 718 1550 περὶ
743 1480 810 1544 ἃς
835 1482 1030 1534 ἐκεῖνοι
1057 1482 1368 1553 ἐπτόηνται.
1409 1482 1707 1544 Ἐσθίοντες

121 1569 210 1633 δὲ,
238 1570 312 1641 μὴ
346 1570 514 1642 ἀργὸν
546 1570 638 1623 τὸν
668 1570 793 1626 νοῦν
828 1573 886 1624 ἐν
917 1573 982 1642 τῇ
1018 1572 1145 1642 περ),
1182 1570 1318 1625 Θεοῦ
1351 1571 1527 1643 ἐννοίᾳ
1566 1571 1706 1643 ἐχω-

125 1677 257 1731 μεν,
285 1659 419 1714 ἀλλὰ
452 1660 620 1733 αὐτὴν
651 1661 759 1715 τῶν
802 1661 1107 1734 βρωμάτων
1132 1663 1232 1733 τὴν
1257 1663 1438 1734 φύσιν,
1486 1664 1580 1716 καὶ
1606 1663 1706 1735 τὴν

121 1748 227 1803 τοῦ
297 1751 692 1821 ὑποδεχομένου
737 1749 989 1822 σώματος
1036 1751 1410 1824 κατασκευὴν,
1449 1750 1703 1822 ἀφορμὴν

1820 563 2105 619 servanda:
2134 564 2366 620 formam
2389 574 2445 621 et
2472 567 2753 637 exemplar
2775 570 3027 640 accipiat.
3057 569 3307 626 Maneant
3331 574 3388 629 in

1813 655 1934 724 ipso
1992 665 2345 712 monumenta
2393 674 2597 715 mensae
2637 661 3108 728 Christianorum,
3162 672 3218 720 et
3266 668 3388 735 ejus

1812 750 2169 819 paupertatis,
2220 764 2342 819 quae
2385 748 2594 805 Christi
2638 766 2805 807 causa
2832 753 2969 806 citra
2993 754 3384 810 verecundiam

1808 838 2126 907 perferenda
2160 846 2264 895 est.
2287 838 2445 905 Quod
2476 839 2520 894 si
2561 839 2648 895 his
2684 840 2775 895 ille
2825 841 3048 897 minime
3077 857 3386 899 commove-

1808 932 1975 997 bitur,
2004 947 2069 986 ac
2108 933 2293 1003 potius
2350 932 2639 995 deridelnit,
2672 948 2866 990 rursus
2894 935 3053 990 nobis
3082 950 3192 991 non
3217 937 3375 992 exhi-

1806 1025 2021 1079 biturus
2042 1031 2126 1079 est
2160 1024 2484 1079 molestiam.
2524 1024 2600 1094 (2)
2627 1022 2763 1078 Nam
2794 1026 3230 1082 circumcursare
3256 1042 3380 1094 nos,

1807 1131 1872 1171 ac
1917 1115 2252 1186 investigare
2302 1131 2367 1171 ea
2398 1131 2521 1185 quae
2578 1130 2685 1170 non
2720 1116 2787 1169 ad
2815 1124 3186 1174 necessarium
3221 1134 3382 1174 usum

1805 1208 2180 1278 requiruntur,
2224 1207 2320 1263 sed
2366 1222 2488 1277 quae
2533 1207 2601 1261 ad
2649 1208 3011 1277 perniciosam
3047 1210 3383 1280 voluptatem

1803 1306 1858 1354 et
1889 1298 1958 1352 ad
2004 1301 2222 1353 inanem
2254 1298 2653 1368 cxitinsamque
2686 1299 2914 1371 gloriam
2941 1302 3233 1356 adtnventa
3259 1302 3379 1358 fue-

1804 1400 1954 1453 runt,
1984 1405 2095 1444 non
2126 1390 2302 1445 solum
2336 1392 2494 1447 nobis
2521 1400 2678 1461 turpe
2723 1400 2887 1462 atque
2922 1392 3235 1448 indecorum
3272 1403 3377 1460 est,

1804 1482 1901 1538 sed
1929 1482 2314 1538 detrimentum
2343 1484 2508 1536 etiam
2534 1482 2691 1538 affert
2717 1498 2824 1537 non
2855 1484 2991 1550 leve,
3016 1500 3141 1539 cum
3171 1485 3381 1542 scilicet

1804 1573 1898 1642 qui
1954 1573 2008 1626 in
2039 1573 2253 1628 deliciis
2277 1572 2493 1638 vivunt,
2519 1581 2573 1628 et
2601 1574 2807 1629 ventris
2842 1576 3212 1645 voluptatibus
3262 1592 3377 1631 me-

1804 1662 2014 1717 tiuntur
2063 1663 2480 1727 beatitudinem,
2535 1678 2636 1719 nos
2679 1680 2899 1735 quoque
2948 1666 3153 1721 eisdem
3204 1668 3377 1731 curis,

1806 1754 2006 1823 quibus
2032 1754 2134 1823 ipsi
2165 1769 2288 1807 cum
2313 1753 2673 1810 admiratione
2701 1764 2754 1809 et
2775 1761 3000 1825 stupore
3028 1755 3378 1822 incumbunt,

123 1841 405 1894 ποιεῖσθαι
452 1842 791 1912 δοξολογίαςο
828 1843 946 1907 πῶς
978 1843 1197 1897 ποικίλα
1234 1842 1349 1914 εἴδη
1397 1843 1612 1914 τροφῶν
1637 1847 1703 1916 τῇ

1806 1843 2074 1900 distentos
2106 1844 2311 1900 vident.
2343 1846 2421 1915 (5)
2478 1843 2623 1899 Inter
2644 1847 2974 1916 epulandum
3004 1864 3073 1903 ne
3108 1855 3222 1902 tum
3256 1849 3383 1919 qui-

126 1934 357 2005 ἐδιότητι
404 1934 510 1988 τῶν
552 1936 822 2007 σωμάτων
859 1934 1186 2008 ἁρμόζοντα,
1222 1935 1373 2007 παρὰ
1410 1935 1503 1989 τοῦ
1529 1936 1706 1991 πάντα

122 2024 543 2095 οίκονομοῦντος
566 2026 928 2096 ἐπινενόηται.
965 2026 1184 2097 Τροφῆς
1207 2026 1264 2079 δὲ
1298 2025 1415 2097 ὥρα
1444 2026 1543 2096 μία
1571 2027 1706 2080 ἀπο-

122 2120 436 2193 τεταγμένη
464 2121 611 2193 ἧτω’
654 2121 688 2193 ἡ
738 2121 879 2186 αὐτὴ
917 2120 1059 2176 κατὰ
1105 2121 1348 2192 περίοδον
1379 2117 1701 2183 ἀπαντῶσα,

120 2212 206 2276 ὡς
233 2215 299 2266 ὲκ
342 2212 452 2268 τῶν
480 2215 937 2285 εἰκοσιτεσσάρων
980 2213 1138 2285 ὡρῶν
1179 2212 1273 2267 τοῦ
1309 2213 1702 2285 ήμερονυκτίου

125 2302 266 2371 μίαν
294 2298 432 2358 εἶναι
471 2303 624 2374 μόλις
647 2303 849 2374 ταύτην
885 2304 985 2374 τὴν
1024 2301 1595 2374 προσαναλισκομένην
1624 2302 1704 2371 τῷ

124 2393 367 2465 σώματι,
415 2395 514 2461 τὰς
545 2396 602 2450 δὲ
653 2395 843 2460 λοιπὰς
879 2396 939 2451 ἐν
987 2398 1054 2467 τῇ
1088 2394 1230 2448 κατὰ
1276 2395 1401 2449 νοῦν
1454 2394 1703 2466 ἐνεργείᾳ

121 2486 476 2557 ἁπασχολεῖν.

1808 1935 1930 1990 dem
1961 1934 2198 1990 animam
2246 1949 2278 1989 a
2313 1933 2407 1990 Dei
2442 1936 2769 2006 cogitatione
2800 1937 3096 1995 habeamus
3124 1941 3379 2006 otiosam,

1808 2027 1905 2082 sed
1964 2042 2030 2082 ex
2092 2027 2210 2096 ipsa
2255 2027 2640 2083 alimentorum
2689 2036 2906 2094 natura,
2955 2038 3010 2085 et
3042 2034 3286 2100 corporis
3315 2049 3381 2089 ea

1808 2119 2160 2189 suscipientis
2193 2126 2471 2174 structura
2508 2120 2817 2175 divinarum
2844 2121 3062 2176 laudum
3095 2127 3378 2180 materiam

1809 2210 2099 2276 ducamus,
2159 2210 2308 2280 quod
2355 2210 2510 2264 varia
2567 2211 2814 2265 ciborum
2864 2228 3084 2283 genera,
3125 2215 3378 2284 qualitati

1809 2316 2097 2372 corporum
2122 2300 2553 2364 accommodata,
2585 2302 2654 2357 ab
2684 2319 2750 2358 eo
2775 2305 2870 2374 qui
2899 2306 3082 2360 omnia
3127 2307 3380 2362 modera-
3466 2302 3471 2307 ”

1809 2401 1920 2458 tur,
1969 2394 2191 2447 inventa
2251 2391 2382 2446 sint.
2423 2389 2567 2446 Hora
2597 2408 2704 2446 una
2740 2394 3004 2464 capiendo
3056 2397 3180 2451 cibo
3211 2397 3381 2452 desti-

1811 2495 1959 2550 nata,
2009 2485 2310 2555 eademque
2356 2499 2454 2553 per
2485 2485 2775 2540 circuitum
2812 2498 3113 2552 revertens,
3152 2490 3290 2545 adeo
3318 2498 3379 2544 ut

120 2594 196 2634 ex
225 2578 416 2650 viginti
438 2588 676 2651 quatuor
706 2581 858 2638 horis
892 2580 1001 2637 diei
1036 2596 1100 2637 ac
1133 2581 1315 2652 noctis
1348 2579 1437 2637 vix
1465 2579 1557 2637 illa
1588 2594 1699 2636 una
1737 2581 1806 2636 ad
1840 2580 2147 2635 curandum
2213 2595 2416 2651 corpus
2464 2582 2793 2649 insumatur,
2835 2584 3059 2653 reliquae
3090 2586 3147 2640 in
3207 2585 3378 2641 animi

120 2677 538 2733 exercitatione.

196 2794 253 2847 2.
294 2794 352 2847 Ὀ
388 2794 487 2866 μὲν
540 2794 649 2867 γὰρ
689 2795 886 2867 ἄριστα
931 2795 1341 2867 βουλευόμενος,
1387 2795 1488 2866 τῆς
1522 2792 1702 2865 ψυχῆς

122 2887 211 2940 ὅτι
249 2885 481 2956 μάλιστα
507 2886 800 2959 φροντίσει,
834 2888 930 2941 καὶ
960 2887 1119 2941 τοῦτο
1150 2887 1238 2941 διὰ
1263 2887 1479 2941 πάντων
1510 2885 1703 2959 πειρά-

127 2993 286 3030 σεται
316 2975 507 3041 σώζειν
539 2977 824 3050 είλικρινές
861 2995 922 3031 τε
967 2978 1061 3032 καὶ
1087 2979 1340 3049 γνήσιον’
1375 2977 1474 3048 τῆς
1502 2976 1703 3048 σαρκὸς

124 3067 186 3121 δὲ
238 3067 271 3138 ἢ
319 3064 462 3137 λιμῷ
503 3068 894 3139 τηκομένης,ἢ
938 3068 1134 3140 κρυμῷ
1166 3068 1261 3122 καὶ
1296 3068 1489 3122 θάλπει
1536 3082 1705 3137 προσ-

125 3159 498 3231 παλαιούσης,
550 3160 583 3232 ἢ
638 3161 812 3224 νόσοις
862 3160 1263 3233 ἀλγυνομένης,
1309 3160 1342 3232 ἢ
1391 3159 1702 3230 πασχούσης

1868 2787 1922 2841 ‘2.
1965 2784 2043 2858 (4)
2083 2784 2186 2852 Qui
2230 2787 2376 2842 enim
2427 2786 2530 2841 sibi
2586 2787 2790 2858 optime
2839 2789 3118 2855 consulit,
3164 2794 3381 2849 curabit

1802 2877 2208 2949 559animam
2232 2894 2395 2948 quam
2418 2878 2673 2944 maxime,
2699 2879 2910 2950 hocque
2931 2880 3107 2936 modis
3121 2882 3378 2941 omnibus

1800 2979 1854 3025 et
1902 2972 2176 3025 sincerum
2209 2982 2263 3024 et
2320 2970 2615 3041 genuinum
2656 2985 2875 3025 servare
2902 2973 3219 3027 conabitur:
3254 2989 3380 3029 car—

1804 3065 1889 3117 nis
1916 3076 2080 3125 vero,
2117 3062 2231 3116 sive
2278 3059 2421 3115 fame
2448 3060 2771 3115 conﬁciatur
2794 3101 2808 3126 ,
2844 3063 2960 3116 sive
2998 3078 3121 3117 cum
3175 3063 3378 3135 frigore

1804 3165 1898 3209 aut
1936 3155 2119 3209 calore
2144 3155 2398 3217 luctetur,
2435 3151 2550 3208 sive
2576 3166 2607 3206 a
2631 3153 2837 3207 morbis
2868 3155 3233 3218 excrucietur,
3263 3157 3379 3213 sive

122 3270 182 3305 τι
234 3252 386 3323 παρά
420 3269 581 3306 τινων
610 3252 804 3323 βίαιον,
849 3253 1027 3323 ὀλίγον
1065 3255 1344 3326 ποιήσεται
1385 3253 1476 3306 τὸν
1521 3252 1699 3321 λόγον,

1811 3246 2105 3300 violentum
2138 3243 2269 3314 quid
2307 3244 2375 3297 ab
2405 3243 2679 3315 aliquibus
2704 3244 3037 3313 perpetialur
3060 3282 3076 3308 ,
3110 3246 3379 3301 rationem

126 3344 229 3398 καὶ
263 3344 383 3397 οὐδέ
424 3346 551 3409 τοὺς
581 3345 720 3416 ὑπὲρ
758 3344 850 3398 τοῦ
889 3345 988 3416 ζῇν
1016 3345 1289 3410 κινδύνους
1313 3345 1601 3417 προϊόντας
1630 3344 1704 3415 (1)

124 3436 293 3507 ὁρῶν,
325 3437 620 3508 φανήσεται
655 3436 858 3501 δεδιώς.
900 3438 964 3491 Εἰ
1010 3437 1066 3491 δέ
1099 3454 1184 3501 τις
1221 3436 1394 3490 ἐθέλοι
1431 3435 1706 3505 φείδεσθαι

126 3524 230 3577 καὶ
259 3522 351 3577 τοῦ
385 3523 665 3595 σώματος,
699 3524 774 3589 ὡς
824 3526 985 3597 μόνου
1034 3527 1308 3597 κτήματος
1352 3524 1502 3596 αὐτῷ
1540 3525 1707 3592 ἀναγ-

128 3615 290 3669 καίου
337 3615 506 3689 ψυχῇ,
564 3618 656 3670 καὶ
696 3616 1079 3689 συνεργοῦντος
1135 3618 1269 3688 αὐτῇ
1319 3616 1455 3689 πρὸς
1498 3615 1559 3668 τὸ
1607 3614 1706 3686 ζῇν

125 3709 226 3761 ἐπὶ
264 3708 383 3779 γῆς,
437 3708 611 3781 μικρὰ
655 3709 792 3780 πρὸς
840 3709 940 3773 τὰς
979 3708 1168 3763 τούτου
1217 3708 1404 3780 χρείας
1451 3710 1707 3779 ἐπιστρα-

128 3802 399 3872 φήσεται,
448 3802 539 3855 καὶ
600 3801 741 3855 ὥστε
790 3801 1031 3871 συνέχειν
1077 3800 1235 3871 μόνον
1287 3798 1444 3863 αὐτὸ,
1496 3798 1591 3852 καὶ
1636 3800 1704 3870 τῇ

124 3893 235 3962 τῆς
274 3892 451 3965 ψυχῆς
496 3893 768 3965 ὑπηρεσίᾳ
794 3891 884 3945 διὰ
924 3892 1151 3963 μετρίας
1183 3890 1497 3962 ἐπιμελείας
1528 3892 1699 3963 ἐῤῥωο

130 3983 296 4053 μένον
337 3985 543 4054 τηρεῖν,
586 3984 660 4055 μὴ
721 3981 967 4052 μέντοιγε
1015 3981 1329 4051 ἐπιτρέπειν
1377 3981 1481 4035 ὑπὸ
1542 3981 1704 4054 κόρου

129 4076 380 4144 σκιρτᾷν.
417 4073 639 4137 Τούτοις
671 4073 769 4145 μὲν
796 4073 905 4145 γὰρ
937 4072 1146 4145 εύήνιόν
1183 4089 1243 4127 τε
1285 4073 1415 4126 αὐτὸ
1460 4073 1555 4127 καὶ
1582 4074 1707 4128 κοῦ-

126 4181 235 4235 φον
274 4163 363 4217 ἀεὶ
404 4164 539 4236 πρὸς
593 4164 689 4235 τὴν
729 4164 976 4235 οὐράνιον
1024 4163 1329 4235 ὁδοιπορίαν
1374 4164 1663 4236 ἐργάσεται
1686 4205 1702 4230 ,

126 4255 226 4309 καὶ
270 4253 467 4325 μᾶλλον
505 4256 584 4317 εἰς
627 4254 697 4308 τὰ
739 4253 1072 4324 προκείμενα
1119 4256 1374 4325 κτήσεται
1423 4253 1701 4324 συνεργόν.

125 4348 196 4401 Et
238 4347 296 4400 δὲ
339 4346 579 4419 ὑϐρίζειν
623 4346 754 4401 αὐτὸ
797 4347 1169 4419 συγχωρήσω,
1215 4346 1310 4400 καὶ
1356 4346 1572 4401 πάντων
1618 4346 1702 4415 ἐφ’

122 4438 345 4510 ἡμέραν
376 4438 766 4509 ἐμπίπλασθαι,
802 4437 1051 4509 καθάπερ
1105 4455 1146 4490 τι
1178 4436 1363 4508 θηρίον
1394 4437 1664 4507 ἀνήμερον
1686 4448 1701 4464 ⁶

126 4528 362 4600 ὕστερον
385 4530 505 4592 ταῖς
538 4528 732 4599 βιαίοις
761 4526 922 4582 αὑτοῦ
957 4528 1094 4600 πρὸς
1120 4528 1225 4602 γῆν
1255 4527 1539 4591 ἁνθολκαίς
1575 4542 1700 4580 συν-

125 4618 508 4684 επισπασθεὶς,
540 4619 778 4673 κείσεται
806 4620 1008 4673 στένων
1036 4620 1283 4691 ἀνόνητα.
1310 4621 1421 4673 Καὶ⁴
1452 4620 1589 4690 πρὸς
1611 4619 1702 4673 τὸν

123 4708 407 4780 Δεσπότην
430 4707 633 4778 ἀχθεὶς,
665 4708 760 4761 καὶ
788 4708 887 4778 τῆς
915 4707 1007 4760 ἐπὶ
1034 4708 1136 4776 γῆς
1166 4707 1389 4777 πορείας
1425 4708 1523 4779 τῆς
1553 4709 1700 4762 ἐνδο-

122 4799 317 4869 θείσης
366 4797 513 4869 αὐτῷ
560 4799 652 4851 τὸν
704 4799 915 4869 καρπὸν
973 4797 1384 4875 ἀπαιτούμενος,
1434 4794 1551 4852 εἶτα
1602 4798 1702 4853 οὐκ

120 4891 268 4962 ἔχων
311 4890 527 4954 δοῦναι,
572 4891 831 4962 θρηνήσει
871 4889 1078 4961 μακρὰ,
1123 4891 1217 4944 καὶ
1263 4890 1452 4953 σκότος
1491 4890 1700 4961 οίκήσει

120 4983 395 5054 διηνεκὲς,
449 4981 619 5035 πολλὰ
660 4984 727 5053 τῇ
782 4984 959 5052 τρυφῇ
1019 4981 1114 5036 καὶ
1158 4984 1224 5053 τῇ
1271 4981 1471 5052 ταύτης
1522 4980 1700 5054 πλάνῃ

124 5073 498 5147 μεμφόμενος,
532 5075 620 5142 ὑφ’
646 5069 714 5146 ἧς
744 5072 836 5127 τὸν
877 5075 975 5144 τῆς
1015 5072 1285 5143 σωτηρίας
1310 5071 1541 5144 ἐσυλήθη
1578 5089 1697 5126 και-

121 5167 255 5239 ρόνο
309 5165 459 5219 οὐδὲν
504 5165 562 5218 δὲ
600 5167 665 5218 ἐκ
717 5163 824 5218 τῶν
867 5161 1118 5236 δακρύων
1165 5163 1317 5216 ἔσται
1367 5162 1694 5234 κερδαίνων·

132 5259 243 5311 Ἐν
273 5256 383 5328 γὰρ
426 5255 509 5321 τῷ
537 5255 652 5325 ᾅδῃ
684 5255 776 5321 τίς
814 5253 1321 5326 ἐξομολογήσεται
1350 5269 1493 5319 σοι;
1532 5256 1696 5326 φησὶν

115 5352 148 5404 ό
193 5346 378 5403 Δαϐίδ.
434 5347 649 5419 Γαστὴρ
697 5347 1064 5419 συναλλάκτης
1114 5347 1261 5400 ἐστὶν
1319 5346 1694 5413 ἀπιστότατος,

223 5612 273 5683 Ι)
310 5613 650 5683 Πρᾳτόντας.
666 5608 835 5683 Forte
869 5612 1211 5683 προσιόντας.
1227 5608 1401 5683 βυιτ.

223 5613 243 5666 Ι
312 5613 650 5679 Προϊόντας.
673 5612 835 5666 Forte
869 5612 1211 5683 προσιόντας.
1248 5612 1269 5663 1

190 5612 273 5823 ξιξ
306 5682 380 5735 Ex
406 5680 616 5763 Regalis
650 5681 820 5750 fusius
856 5682 1116 5747 tractatis,
1142 5679 1269 5736 564.

192 5754 251 5823 (5
316 5751 388 5806 Ex
409 5759 570 5823 epist.
612 5766 672 5819 ιι,
717 5750 807 5804 74.

192 5750 273 5826 (5)
316 5751 388 5806 Ex
409 5750 570 5823 epist.
612 5766 672 5819 ιι,
717 5750 807 5804 74.

1807 3351 2030 3407 parvam
2065 3334 2301 3399 habebit,
2326 3343 2381 3389 et
2409 3335 2501 3389 ubi
2540 3335 2725 3389 venire
2749 3350 2808 3389 se
2837 3335 2891 3388 in
2920 3335 3043 3389 vitae
3074 3335 3375 3404 periculum

1806 3427 2489 3498 viderit,haudquaquam
2544 3426 2827 3497 apparebit
2857 3426 3099 3481 timidus.
3151 3427 3206 3481 Si
3255 3428 3379 3497 quis

1808 3532 1984 3574 tamen
2012 3520 2246 3574 voluerit
2277 3534 2477 3587 corpus
2499 3517 2659 3572 etiam
2687 3517 3081 3581 commiserari,
3109 3524 3371 3589 tanquam

1807 3609 1951 3678 quod
1974 3624 2080 3663 una
2113 3610 2390 3679 possessio
2425 3609 2530 3672 sit,
2567 3623 2689 3678 quae
2716 3608 2912 3663 anima:
2931 3610 3244 3665 necessario
3270 3619 3377 3675 est,

1805 3704 1964 3772 eique
2005 3701 2073 3756 ad
2118 3704 2282 3756 vitam
2330 3702 2386 3755 in
2418 3709 2562 3756 terra
2591 3701 2888 3771 degendam
2928 3704 3206 3773 suppetias
3252 3703 3375 3765 fert,

1805 3799 2053 3868 exiguam
2076 3799 2464 3853 necessitatum
2491 3799 2612 3867 ejus
2633 3813 2817 3853 curam
2842 3800 3124 3870 suscipiet,
3156 3809 3216 3855 ut
3242 3801 3377 3856 illud

1806 3898 1859 3944 ct
1899 3896 2170 3946 sustentet
2206 3896 2416 3944 tantum
2439 3930 2456 3953 ,
2484 3900 2539 3947 et
2585 3906 2682 3961 per
2710 3890 3036 3945 mediocrem
3064 3904 3254 3947 curam
3287 3908 3379 3948 sa-

1805 3997 1935 4036 num
1993 3991 2279 4038 conservet
2314 3981 2382 4036 ad
2436 3981 2631 4036 anima;
2682 3980 3075 4046 ministerium,
3137 3998 3246 4038 non
3301 3984 3377 4039 ita

1805 4083 1983 4125 autem
2016 4080 2076 4125 ut
2115 4073 2293 4141 ipsum
2329 4071 2580 4127 satietate
2614 4071 2868 4125 lascivire
2904 4070 3066 4125 sinat.
3101 4069 3200 4125 His
3228 4073 3375 4127 enim

1805 4163 1937 4217 illud
1969 4163 2073 4218 sibi
2114 4163 2455 4234 comparabit
2481 4170 2535 4218 et
2563 4163 2784 4216 minime
2813 4161 3045 4227 rebelle,
3081 4169 3135 4217 et
3163 4162 3231 4217 ad
3260 4177 3377 4218 coe—

1804 4254 1938 4309 leste
1971 4254 2080 4308 iter
2107 4251 2505 4308 conﬁciendum
2554 4251 2705 4305 nullo
2742 4266 2852 4306 non
2883 4258 3128 4322 tempore
3153 4253 3377 4321 expedi-

1805 4355 1917 4398 tum
1943 4386 1958 4410 ,
2007 4345 2221 4415 eritque
2255 4343 2460 4398 auxilio
2493 4342 2686 4412 majori
2722 4342 2789 4398 ad
2835 4358 2900 4398 ea
2950 4358 3071 4413 quae
3098 4343 3374 4414 proposita

1805 4447 1932 4492 sunt
1965 4436 2214 4492 obeunda
2245 4436 2451 4491 munia.
2491 4434 2590 4490 Sin
2639 4442 2819 4490 autem
2862 4434 3107 4490 insolens
3132 4448 3198 4488 ac
3245 4449 3374 4503 pro-

1804 4537 2015 4583 tervum
2044 4521 2167 4585 eSse
2199 4528 2509 4600 permiserit
2528 4568 2543 4591 ,
2577 4535 2631 4582 et
2657 4526 2941 4597 quibusvis
2970 4525 3212 4597 quotidie
3254 4533 3377 4582 tan-

1807 4634 1970 4688 quam
2008 4620 2296 4675 immanem
2346 4618 2635 4690 quamdam
2683 4617 2915 4674 bestiam
2959 4616 3204 4687 oppleri,
3257 4625 3373 4671 tum

1807 4712 2022 4768 demum
2077 4712 2250 4784 ipsius
2303 4712 2542 4782 pondere
2595 4710 2663 4765 ad
2719 4718 2920 4765 terram
2957 4709 3221 4764 violenter
3251 4726 3374 4765 ver-

1807 4813 1967 4875 gente
2004 4812 2291 4868 attractus,
2319 4804 2522 4874 jacebit
2548 4802 2784 4858 inaniter
2811 4801 3193 4871 ingemiscens.
3230 4800 3373 4867 Quin

1805 4901 1861 4949 et
1887 4894 1955 4949 ad
1989 4894 2273 4949 Dominum
2307 4894 2575 4949 adductus
2604 4933 2620 4958 ,
2662 4902 2717 4948 et
2747 4893 2951 4948 terreni
2979 4892 3127 4948 illius
3158 4893 3373 4950 itineris

1801 4987 1905 5041 sibi
1928 4986 2208 5043 commissi
2236 4985 2472 5041 fructum
2502 4995 2746 5058 rogatus,
2795 4999 2895 5039 nec
2917 4983 3142 5040 reddere
3161 4985 3369 5048 valens,

1799 5077 2091 5147 plurimum
2120 5078 2509 5133 lamentabitur
2535 5116 2551 5141 ,
2614 5087 2669 5131 et
2715 5077 2771 5130 in
2809 5077 3087 5147 perpetuis
3133 5077 3371 5133 tenebris

1798 5168 2085 5232 habitabit,
2120 5169 2364 5232 delicias,
2394 5182 2694 5238 eorumque
2723 5166 2993 5221 fallaciam
3034 5182 3144 5222 non
3171 5181 3367 5237 parum

1796 5258 2076 5325 incusans,
2105 5260 2304 5330 quibus
2334 5259 2527 5314 salutis
2555 5265 2769 5327 tempus
2797 5257 2898 5313 sibi
2921 5256 3227 5327 ademptum
3247 5266 3367 5325 est;

1797 5349 1892 5404 sed
1918 5350 2054 5405 nihil
2089 5360 2219 5406 tunc
2252 5350 2505 5406 utilitatis
2534 5366 2602 5405 ex
2649 5348 2902 5422 lacrymis
2953 5350 3149 5419 capiet.
3192 5345 3259 5402 In
3292 5349 3369 5403 in-
3438 5344 3443 5350 ’

1796 5609 2060 5737 δί’(ηϐιξκ
2100 5610 2247 5668 hom.
2283 5611 2436 5680 Quod
2487 5609 2774 5666 mundanis
2837 5607 3208 5667 adharendum
3260 5625 3367 5667 non
