3874 6224
460 340 597 395 1519

1404 330 1767 388 APPENDIX.
1800 362 1868 371 —
1906 330 2255 387 SYMEONIS
2293 322 2833 385 METAPHRAS'NE

3588 316 3723 373 I030

460 458 609 528 farno
664 453 808 510 enim
869 454 984 525 quis
1018 451 1350 522 conﬁtebitur
1398 452 1493 505 tibi
1516 451 1601 505 “‘t
1642 450 1818 520 inquit
1842 448 2032 504 David.

2156 451 2361 521 ταμεῖον
2392 447 2746 516 ¹ἀφύλακτον,
2800 442 3007 497 πολλῶν
3059 440 3536 510 ὲναποτιθεμένων
3558 478 3575 502 ,
3628 442 3726 510 τὴν

462 549 542 618 (1)
574 547 769 603 Venter
804 553 887 601 est
939 547 1174 616 pessima
1213 543 1316 600 ﬁde
1364 545 1418 597 in
1454 544 1738 598 conventis
1764 584 1780 607 ,
1836 558 2032 612 penum

460 636 878 697 incustoditum,
910 635 965 689 in
998 634 1143 704 quod
1174 647 1298 686 cum
1333 631 1503 684 multa
1541 627 1851 699 reposueris
1881 667 1895 689 ,
1934 643 2034 682 no-

463 744 588 782 xam
612 726 830 797 quidem
857 727 1071 787 retinet,
1102 733 1157 777 at
1180 739 1288 778 non
1315 733 1497 778 servat
1517 721 1781 791 deposita.
1809 720 2039 791 (2)0113!

462 820 631 889 igitur
661 819 819 874 nobis
857 817 924 871 ad
958 816 1139 871 cibum
1201 829 1267 869 ac
1308 823 1493 884 potum
1529 814 1833 882 excogitata
1885 823 2034 875 sunt,

464 916 520 964 et
552 907 814 977 quidquid
869 905 1182 976 petulantes
1231 903 1435 958 divitiae
1485 904 1625 956 ultra
1659 903 2037 958 necessitatem

466 998 535 1051 ad
566 997 760 1067 ingrati
814 996 1060 1065 nihilque
1108 993 1443 1047 continentis
1482 992 1685 1047 ventris
1718 991 2037 1060 obsequium

466 1086 828 1146 adinvenere,
860 1083 1078 1154 quando
1109 1090 1297 1136 nostra
1337 1088 1499 1144 sunt,
1531 1081 1747 1135 etiamsi
1780 1090 2039 1151 perpetuo

468 1176 874 1231 infunduntur?
896 1191 1018 1246 qute
1046 1174 1139 1229 ubi
1173 1181 1392 1245 gustum
1425 1174 1482 1227 in
1509 1173 1747 1227 transitu
1773 1173 2042 1228 duntaxat

469 1269 681 1323 modica
718 1266 950 1337 quadam
984 1267 1261 1335 voluptate
1291 1263 1592 1326 aﬂecerint,
1629 1279 1753 1317 mox
1783 1274 2041 1332 tanquam

469 1361 695 1414 molesta
722 1374 785 1413 ac
815 1356 1084 1427 superﬂua
1121 1371 1262 1427 aegre
1289 1355 1549 1417 ferimus,
1580 1361 1641 1408 ut
1676 1355 1731 1408 in
1767 1367 2039 1408 sununum

467 1451 592 1503 vita:
620 1449 911 1503 discrimen
937 1446 1173 1507 venturi,
1206 1449 1252 1499 si
1282 1445 1338 1499 in
1371 1444 1673 1500 visceribus
1702 1444 1795 1498 diu
1826 1457 2042 1512 perma-

470 1548 658 1593 neant.
689 1537 916 1591 Mortem
965 1536 1110 1590 enim
1140 1550 1249 1588 non
1308 1533 1499 1602 paucis
1559 1533 1743 1586 intulit
1791 1532 2040 1600 satietas,

472 1629 682 1699 fuitque
734 1628 789 1682 in
839 1642 1041 1693 causa,
1080 1640 1181 1680 cur
1222 1625 1356 1679 nihil
1404 1625 1637 1691 amplius
1670 1625 2039 1694 degustarent.

471 1718 605 1772 Nam
637 1719 720 1773 vis
762 1718 854 1771 illa
885 1732 993 1787 qua
1032 1716 1249 1770 animali
1286 1717 1602 1786 providetur
1630 1755 1645 1779 ,
1680 1723 2040 1787 temperatum

471 1825 536 1863 ac
574 1823 799 1878 parcum
845 1808 1048 1862 victum
1095 1807 1247 1861 nullo
1276 1807 1494 1876 negotio
1525 1807 1856 1877 concoquit,
1893 1816 1948 1863 et
1986 1809 2042 1862 in
2074 1801 2116 1854 Β

472 1902 719 1970 corporis
757 1900 903 1970 quod
943 1900 1108 1953 alitur
1151 1899 1514 1954 substantiam
1542 1900 1740 1964 vertit;
1773 1907 1827 1952 at
1855 1902 2041 1956 eadem

472 1993 566 2046 ubi
612 1993 869 2061 opiparos
921 1990 1213 2061 variosque
1266 1989 1417 2045 cibos
1447 1992 1728 2060 complexa
1769 1998 1893 2056 est,
1946 2007 2046 2047 nec

474 2083 671 2139 deinde
712 2098 810 2152 par
849 2090 934 2137 est
971 2081 1058 2137 his
1088 2081 1311 2134 omnino
1339 2079 1674 2150 coquendis,
1706 2088 1822 2134 tum
1865 2082 2045 2136 diver-

473 2192 535 2230 sa
581 2175 752 2247 gignit
788 2174 1101 2228 morborum
1134 2187 1354 2244 genera.
1408 2172 1644 2228 Satietas
1677 2172 1915 2228 lascivia:
1943 2172 2048 2227 ini-

474 2270 611 2322 tium
639 2274 743 2322 est.
768 2267 843 2337 (ὅ)
876 2264 1068 2319 Statim
1096 2265 1242 2319 enim
1270 2279 1378 2318 una
1410 2278 1536 2319 cum
1575 2262 1786 2319 deliciis
1812 2302 1828 2328 ,
1876 2265 2050 2319 ebrie-

477 2367 604 2418 tate,
633 2363 688 2410 et
716 2355 895 2410 omnis
924 2355 1137 2425 generis
1161 2353 1524 2408 condimentis
1549 2391 1564 2416 ,
1594 2352 1774 2422 prodit
1807 2353 2048 2408 libidinis

476 2450 730 2504 helluinaa
769 2462 941 2518 genus
969 2461 1150 2500 omne.
1178 2444 1317 2499 Hinc
1360 2445 1485 2515 equi
1515 2444 1851 2498 insanientes
1883 2443 1939 2497 in
1970 2443 2048 2498 l'e-

476 2540 655 2593 minas
687 2538 819 2592 iiunt
848 2537 1121 2601 homines,
1151 2537 1220 2591 ob
1249 2543 1482 2592 oestrum
1520 2550 1584 2590 ac
1614 2533 1853 2590 furorem
1888 2550 2048 2605 quem

480 2625 533 2679 in
567 2626 748 2679 animo
798 2625 1029 2696 gignunt
1058 2624 1287 2680 deliciae.
1333 2626 1379 2678 A
1428 2624 1745 2679 temulentis
1802 2635 1921 2679 orta
1965 2633 2050 2680 est

478 2726 685 2772 naturae
732 2717 1006 2782 inversio,
1055 2716 1184 2771 dum
1229 2717 1286 2769 in
1329 2715 1636 2770 masculino
1673 2731 1806 2772 sexu
1840 2717 2051 2772 femini-

479 2824 642 2873 num,
674 2808 731 2862 in
772 2806 1033 2862 feminino
1067 2807 1429 2863 masculinum
1456 2814 1727 2877 quaerunt.
1770 2806 2050 2879 Siquidem

479 2901 766 2972 pinguiore
799 2910 956 2970 pastu
997 2914 1098 2954 ceu
1138 2898 1337 2954 fumosi
1371 2899 1592 2968 quidam
1624 2915 1856 2971 vapores
1887 2900 2053 2956 exha-

481 2994 683 3056 lantur,
714 2993 808 3063 qui
835 2993 1009 3047 lucem
1040 2991 1217 3047 sancti
1252 2990 1492 3053 Spiritus
1527 2993 1583 3045 in
1609 2991 1846 3047 hominis
1872 3000 2054 3047 mente

482 3084 836 3138 irradiantem
862 3122 878 3147 ,
909 3082 1083 3153 quasi-
1108 3082 1279 3137 densa
1325 3083 1499 3137 nubes
1530 3082 1938 3147 interveniens,
1970 3084 2054 3137 in-

485 3173 795 3244 tercipiunt.
854 3174 927 3244 (4)
991 3172 1071 3228 Ne
1132 3173 1300 3243 igitur
1358 3174 1510 3227 carni
1566 3181 1674 3227 tuae
1729 3173 2053 3242 obsequare,

484 3281 698 3330 somno,
741 3265 959 3327 balneo,
990 3279 1055 3318 ac
1085 3265 1341 3320 mollibus
1405 3264 1643 3327 culcitis,
1676 3280 1891 3335 semper
1918 3265 2059 3319 hanc

485 3363 736 3425 repetens
767 3355 1092 3411 sententiam
1116 3375 1129 3410 :
1157 3355 1290 3421 Quae
1313 3355 1520 3409 utilitas
1542 3358 1595 3408 in
1619 3357 1873 3425 sanguine
1897 3356 2060 3429 560

485 3465 599 3502 meo
618 3486 633 3512 ,
661 3447 787 3501 dum
827 3446 1084 3501 descendo
1113 3447 1166 3500 in
1192 3448 1579 3517 corruptionem
1604 3447 1697 3500 δεῖ
1736 3447 1878 3514 Quid
1909 3448 2059 3505 foves

486 3538 632 3609 quod
694 3540 854 3609 paulo
900 3546 1026 3609 post
1076 3539 1423 3594 interiturum
1482 3539 1605 3595 est?
1650 3540 1783 3610 quid
1843 3541 2060 3612 saginas

487 3631 725 3699 teipsum
767 3637 823 3685 et
870 3628 1252 3700 pinguefacis?
1284 3629 1369 3684 An
1407 3630 1628 3701 ignoras
1658 3632 1804 3701 quod
1855 3639 2060 3701 quanto

487 3718 747 3790 pinguius
775 3719 873 3773 tibi
901 3734 1103 3790 corpus
1133 3719 1361 3776 conﬁcis
1381 3759 1396 3784 ,
1432 3729 1583 3775 tanto
1605 3723 1909 3792 graviorem
1940 3738 2061 3776 car-

489 3825 668 3865 cerem
726 3810 922 3864 animae
973 3810 1186 3865 struis?
1228 3811 1626 3881 Corporearum
1677 3814 1824 3868 enim
1863 3814 2060 3869 virium

488 3900 821 3956 abundantia
854 3940 870 3963 ,
947 3901 1174 3971 spiritus
1246 3903 1408 3957 saluti
1494 3903 1880 3974 impedimento
1953 3914 2056 3961 est.

491 3990 567 4063 (5)
594 3990 819 4062 Oportet
852 3993 1036 4061 itaque
1070 4007 1192 4062 quae
1218 3993 1532 4048 necessaria
1567 4003 1696 4048 sunt
1724 3994 1897 4048 ventri
1927 3996 2061 4050 sub-

492 4083 837 4143 ministrare.
895 4098 1004 4137 non
1043 4098 1165 4153 quae
1215 4091 1343 4137 sunt
1398 4099 1657 4154 perquam
1682 4084 1967 4153 jucunda,
2004 4093 2063 4140 ut

492 4175 671 4230 solent
732 4174 828 4244 qui
896 4175 1164 4245 quosdam
1232 4189 1543 4229 mensarum
1603 4183 1906 4233 structores
1964 4191 2062 4232 co-

492 4280 739 4335 quosque
766 4265 1098 4334 exquirunt,
1132 4273 1410 4335 totamque
1457 4274 1655 4320 terram
1688 4281 1753 4320 ac
1788 4282 1939 4322 mare
1970 4282 2064 4322 ve-

494 4353 719 4421 stigant,
743 4352 887 4407 velut
909 4367 1128 4407 moroso
1151 4353 1286 4406 hero
1320 4352 1524 4408 tributa
1554 4351 1849 4421 pendentes
1870 4392 1887 4419 ,
1914 4351 2062 4423 digni

2139 542 2238 612 μὲν
2269 538 2471 609 βλάϐην
2499 535 2987 608 παρακατέχουσα,
3020 531 3091 585 τὰ
3129 532 3312 602 μέντοι
3342 529 3726 601 παρατεθέντα

2134 632 2196 685 οὐ
2228 628 2587 693 διασώζουσα.
2614 626 2697 679 Τὰ
2727 625 2904 678 τοίνυν
2941 625 3022 686 είς
3050 621 3249 693 βρῶσιν
3282 622 3419 691 ἡμῖν
3446 622 3728 689 ἐπινενση.

2141 722 2276 792 μένα
2304 720 2399 773 καὶ
2427 720 2605 781 πόσιν,
2635 717 2728 770 καὶ
2765 716 2961 777 πάντα,
3003 714 3104 767 ὅσα
3146 712 3292 782 πέρα
3329 711 3434 779 τῆς
3474 710 3668 781 χρείας
3698 712 3726 763 ὁ

2138 813 2365 874 πλοῦτος
2415 809 2650 882 ὑϐρίζων
2681 808 3064 879 ἐμηχανήσατο
3109 802 3245 875 πρὸς
3289 799 3598 872 θεραπείαν
3628 799 3724 867 τῆς

2138 905 2433 977 ἀχαρίστου
2485 902 2581 955 καὶ
2629 900 2792 971 μηδὲν
2842 895 3138 966 στεγούσης
3185 892 3449 964 γαστρὸς,
3504 890 3624 942 πότ’
3663 890 3726 942 iv

2138 996 2380 1067 ἡμετέρα
2407 993 2635 1062 γένοιτο,
2669 990 2770 1044 κᾶν
2798 988 3123 1058 ὲπαντλῆται
3154 985 3229 1055 (7)
3259 982 3571 1054 διηνεκῶςς
3606 982 3643 1034 ἆ
3663 998 3729 1047 γε

2143 1088 2343 1160 μικράν
2385 1101 2507 1139 τινα
2552 1083 2738 1150 γεύσει
2790 1082 2948 1152 μόνον
3006 1077 3383 1147 ὲναποθέμενα
3432 1073 3581 1127 κατὰ
3629 1073 3729 1141 τὴν

2140 1175 2371 1247 πάροδον
2398 1172 2609 1244 ἡδονὴν,
2644 1171 2805 1233 εὐθὺς
2845 1169 2921 1233 ὡς
2951 1167 3158 1239 ὀχληρὰ
3200 1165 3296 1219 καὶ
3328 1161 3576 1234 περιττά
3604 1163 3731 1215 δυσ-

2141 1267 2482 1338 χεραίνομεν,
2533 1264 2608 1327 ὡς
2654 1264 2702 1315 εί
2742 1265 2855 1325 τοῖς
2908 1260 3235 1329 σπλάγχνοις
3283 1257 3625 1328 ἐγχρονίσοι,
3664 1255 3732 1307 τὰ

2144 1357 2376 1427 μέγιστα
2422 1354 2551 1425 περὶ
2591 1353 2654 1406 τὸ
2698 1350 2796 1423 ζῇν
2838 1350 3271 1410 κινδυνεύσοντες
3333 1345 3569 1407 Πολλοῖς
3601 1343 3730 1413 γοῦν

2140 1449 2168 1500 ό
2197 1448 2355 1518 κόρος
2393 1446 2565 1518 ἤγαγε
2600 1443 2847 1508 θάνατον,
2883 1441 2977 1495 καὶ
3007 1440 3100 1494 τοῦ
3157 1438 3390 1514 μηδενὸς
3432 1436 3729 1490 ἀπολαύειν

2141 1538 2221 1591 ἔτι
2266 1538 2555 1608 γεγένηται
2614 1534 2890 1607 πρόξενος.
2948 1533 3013 1586 Ἠ
3073 1533 3183 1602 γὰρ
3240 1528 3619 1600 οίκονομοῦσα
3674 1528 3730 1580 τὸ

2143 1629 2278 1694 ζῶον
2306 1628 2533 1700 δύναμις
2576 1627 2905 1698 αὐτάρκειαν
2942 1625 3040 1696 μὲν
3078 1625 3172 1677 καὶ
3219 1623 3482 1693 λειότητα
3529 1622 3607 1692 (8)
3638 1622 3731 1691 ῥα-

2141 1723 2268 1786 δίως
2318 1720 2713 1791 κατειργάσατο
2732 1759 2746 1783 ,
2804 1718 2897 1772 καὶ
2941 1717 3183 1788 ᾠκείωσε
3234 1714 3313 1785 τῷ
3369 1712 3727 1785 τρεφομένῳ·

2144 1810 2491 1865 πολυτέλειαν
2541 1810 2599 1863 δὲ
2649 1811 2745 1863 καὶ
2792 1807 3065 1861 ποικιλίαν
3118 1805 3431 1876 βρωμάτων
3478 1802 3729 1874 παραλα-

2146 1903 2333 1969 ϐοῦσα,
2357 1897 2476 1956 εἶτα
2503 1902 2775 1972 ἀντισχεῖν
2800 1900 2935 1972 πρὸς
2965 1898 3029 1953 τὸ
3052 1897 3222 1968 πέρας
3252 1895 3327 1966 μὴ
3354 1895 3731 1966 ἐξαρκέσασα,

2144 1993 2213 2047 τὰ
2245 1993 2464 2047 ποικίλα
2491 1992 2620 2063 γένη
2655 1991 2762 2044 τῶν
2802 1991 3119 2061 νοσημάτων
3154 1987 3437 2057 ἐποίησεν.
3481 1987 3545 2038 Ὀ
3578 1984 3733 2057 κόρος

2147 2082 2357 2156 ὕϐρεώς
2409 2085 2555 2136 ἐστιν
2611 2082 2780 2152 ἀρχή.
2830 2080 3007 2143 Εὐθὺς
3048 2079 3156 2148 γὰρ
3218 2077 3614 2129 συνεισπίπτει
3666 2078 3730 2145 τῇ

2146 2177 2322 2246 τρυφῇ
2352 2175 2446 2227 καὶ
2471 2176 2537 2245 τῇ
2572 2171 2709 2243 μέθῃ
2736 2172 2829 2225 καὶ
2847 2173 2964 2233 ταῖς
3002 2167 3372 2230 παντοδαπαῖς
3404 2166 3733 2237 καρυκείαις

2148 2269 2256 2321 πᾶν
2300 2262 2438 2329 εἶδος
2486 2265 2778 2327 ἀκολασίας
2826 2261 3312 2333 βοσκηματώδους’
3363 2259 3527 2313 ἔνθεν
3583 2259 3733 2312 ἵπποι

2149 2356 2473 2430 θηλυμανεῖς
2502 2357 2551 2410 οἱ
2578 2355 2873 2426 ἄνθρωποι,
2912 2353 2999 2406 διὰ
3038 2352 3128 2405 τὸν
3170 2353 3236 2404 ἐκ
3276 2351 3380 2421 τῆς
3410 2351 3633 2421 τρυφῆς
3664 2351 3734 2417 (9)

2149 2446 2361 2520 οἶστρον
2389 2448 2762 2519 ὲπιγινὸμενον
2789 2448 2854 2516 τῇ
2884 2445 3051 2515 ψυχῇ.
3080 2442 3238 2512 Παρά
3274 2442 3389 2494 τῶν
3423 2442 3735 2511 μεθυόντων

2150 2542 2206 2594 αί
2237 2540 2338 2609 τῆς
2367 2539 2581 2609 φύσεως
2609 2537 2917 2604 ὲναλλαγαὶ,
2951 2537 3008 2588 ὲν
3046 2535 3235 2605 ἄρρενι
3269 2534 3372 2605 μὲν
3399 2534 3464 2586 τὸ
3491 2533 3655 2603 θῆλυ,
3683 2535 3737 2585 ἐν

2150 2632 2209 2686 δὲ
2246 2631 2326 2702 τῷ
2366 2631 2518 2692 θήλει
2558 2630 2620 2684 τὸ
2667 2631 2833 2701 ἄρρεν
2865 2628 3283 2698 ἐπιζητούντων.
3334 2628 3434 2680 Ἐκ
3490 2626 3604 2697 γὰρ
3640 2629 3737 2695 τῆς

2152 2722 2379 2792 παχείας
2414 2722 2640 2794 τροφῆς,
2666 2720 2776 2774 οἷον
2822 2720 3136 2783 αἰθαλώδεις
3174 2719 3581 2789 ἀναθυμιάσεις
3607 2720 3735 2771 ἀνα-

2152 2813 2522 2883 πεμπόμεναι,
2568 2811 2797 2883 νεφέλης
2842 2811 2997 2882 δίκην
3052 2809 3282 2880 πυκνῆς,
3332 2810 3435 2873 τὰς
3482 2809 3596 2863 ἀπὸ
3645 2808 3735 2861 τοῦ

2154 2904 2308 2972 ἁγίου
2355 2904 2670 2975 Πνεύματος
2736 2903 3088 2974 ἐγγινομένας
3146 2901 3447 2972 ἐλλάμψεις
3512 2902 3609 2954 ἐπὶ
3653 2903 3739 2954 τὶν

2153 2996 2276 3048 νοῦν
2303 2995 2677 3052 διακόπτουσι.
2694 2995 2786 3067 Μὴ
2812 2996 2987 3050 τοίνυν
3012 2994 3275 3049 κολάκευέ
3301 3011 3399 3048 σου
3423 2995 3532 3067 τὴν
3566 2994 3738 3066 σάρκα

2157 3084 2343 3149 ὕπνοις
2389 3087 2483 3140 καὶ
2525 3087 2788 3158 λουτροῖς,
2828 3087 2924 3140 καὶ
2975 3086 3238 3156 μαλακοῖς
3272 3084 3623 3157 στρώμασιν,
3656 3087 3737 3138 ἀεὶ

2158 3175 2422 3244 ἐπιλέγων
2453 3175 2512 3229 τὸ
2545 3177 2695 3246 ῥῆμα
2728 3175 2910 3228 τοῦτο’
2953 3175 3049 3241 Τίς
3099 3173 3361 3243 ὠφέλεια
3400 3174 3476 3226 ὲν
3526 3173 3608 3237 τῷ
3648 3174 3734 3226 αἶ-

2152 3265 2297 3334 ματί
2332 3283 2472 3334 μου,
2503 3265 2574 3318 έν
2620 3264 2701 3331 τῷ
2743 3266 3120 3319 καταϐαίνειν
3144 3282 3221 3335 με
3250 3267 3340 3329 εις
3371 3262 3734 3331 διαφθορὰνς

2160 3356 2225 3408 Τί
2257 3356 2537 3427 περιέπεις
2566 3356 2627 3409 τὸ
2662 3356 2856 3427 μικρὸν
2905 3354 3128 3426 ὕστερον
3176 3355 3646 3426 φθαρησόμενον;

2159 3444 2542 3508 καταπιαίνεις
2570 3445 2794 3498 σεαυτὸν
2838 3445 2931 3498 καὶ
2973 3446 3327 3517 περισαρκοῖς
3352 3460 3368 3509 ;
3397 3446 3471 3497 ’Ἠ
3507 3446 3730 3512 armis,

2160 3535 2241 3588 ὅτι
2269 3536 2379 3606 ὅσῳ
2405 3534 2713 3605 παχυτέραν
2743 3535 2842 3606 τὴν
2873 3534 3050 3605 σάρκα
3072 3533 3251 3605 ἑαυτῷ
3276 3537 3477 3599 ποιεῖς,
3506 3535 3732 3602 τοσούτῳ

2163 3624 2456 3698 βαρύτερον
2482 3629 2549 3697 τῇ
2582 3626 2725 3697 ψυχῇ
2768 3623 3198 3689 κατασκευάζεις
3237 3625 3299 3678 τὺ
3331 3625 3728 3696 δεσμωτήρισν;

2162 3717 2223 3770 τὸ
2246 3717 2353 3785 γὰρ
2394 3716 2595 3788 πλῆθος
2638 3719 2735 3786 τῆς
2783 3717 3098 3787 σωματικῆς
3141 3716 3449 3786 δυνάμεως,
3490 3718 3731 3787 ἐμπόδιόν

2162 3812 2276 3861 ἐστι
2305 3809 2442 3880 πρὸς
2462 3808 2562 3879 τὴν
2592 3809 2861 3879 σωτηρίαν
2908 3808 3003 3862 τοῦ
3044 3808 3375 3877 πνεύματος.
3412 3812 3507 3862 Δεῖ
3549 3813 3619 3881 τῇ
3643 3828 3730 3877 7a-

2164 3898 2285 3969 στρὶ
2333 3898 2401 3952 τὰ
2445 3899 2719 3966 ἀναγκαῖα
2766 3900 3079 3971 ὑπηρετεῖν,
3124 3900 3245 3969 οὐχὶ
3283 3900 3356 3954 τὰ
3396 3900 3616 3970 ἣδιστα,
3664 3900 3729 3962 ὡς

2160 3990 2276 4057 οἵγε
2301 3987 2724 4060 τραπεζοποιούς
2760 4007 2912 4052 τινας
2959 3992 3051 4044 καὶ
3093 3992 3390 4063 μαγείρους
3428 3990 3730 4063 περινοοῦν-

2160 4098 2273 4143 τες,
2302 4081 2394 4133 καὶ
2430 4080 2609 4133 πᾶσαν
2639 4079 3047 4152 διερευνώμενοι
3084 4084 3189 4152 γῆν
3225 4099 3286 4134 τε
3320 4082 3419 4135 καὶ
3452 4083 3730 4145 θάλατταν,

2161 4168 2271 4226 οἷόν
2293 4190 2396 4226 τινι
2420 4171 2641 4243 χαλεπῷ
2666 4171 2897 4243 δεσπότῃ
2922 4173 3120 4242 φόρους
3151 4174 3459 4242 ἀπάγοντες
3480 4192 3495 4205 ο
3524 4175 3732 4228 ἐλεεινοὶ

2161 4266 2260 4337 τῆς
2305 4265 2579 4336 ἀσχολίας,
2614 4264 2723 4318 τῶν
2762 4267 2820 4318 ὲν
2858 4267 2984 4338 ᾅδου
3030 4267 3405 4339 κολαζομένων
3445 4271 3603 4323 οὐδὲν
3642 4270 3734 4323 πά-

2164 4371 2380 4424 σχοντες
2434 4356 2782 4428 ἀνεκτότερον
2806 4398 2821 4422 ,
2874 4358 3117 4429 ἀτεχνῶς
3170 4360 3252 4422 εἰς
3274 4359 3388 4431 πῦρ
3447 4360 3730 4425 ξαίνοντες,

494 4444 845 4499 miseratione
882 4444 951 4499 ob
978 4443 1248 4516 ejusmodi
1295 4444 1712 4515 occupationem
1734 4483 1749 4506 ,
1785 4444 1930 4498 haud
1975 4458 2050 4499 re-

2165 4445 2259 4498 καὶ
2285 4445 2519 4516 κοσκίνῳ
2551 4446 2805 4518 φέροντες
2834 4446 2998 4519 ὕδωρ,
3034 4448 3128 4501 καὶ
3167 4451 3248 4512 είς
3284 4452 3625 4521 τετρημένον
3654 4454 3734 4506 ἀν·

493 4535 719 4591 missius
747 4550 909 4605 quam
940 4536 1031 4605 qui
1063 4538 1120 4590 in
1149 4535 1361 4591 inferno
1392 4541 1702 4600 versantur,
1733 4535 2055 4599 excruciati,

494 4626 659 4696 plane
691 4625 1029 4682 dissecantes
1075 4626 1254 4697 ignem
1278 4666 1294 4688 ,
1342 4626 1524 4680 cribro
1557 4625 1792 4682 ferentes
1838 4642 2057 4697 aquam,

494 4724 551 4769 et
574 4716 628 4769 in
659 4724 939 4786 pertusum
975 4716 1180 4771 dolium
1213 4714 1598 4778 infundentes,
1624 4715 1871 4769 laborum
1899 4714 2061 4771 ﬁnem

496 4805 705 4859 nullum
732 4805 1011 4862 habentes.
1045 4804 1121 4877 (6)
1151 4803 1616 4871 Quemadmodum
1645 4804 1810 4875 igitur
1835 4806 1955 4862 sitis
1984 4805 2065 4861 ef-

497 4895 644 4962 ﬁcit,
674 4904 735 4950 ut
761 4896 1041 4965 jucundus
1072 4896 1144 4951 sit
1173 4902 1334 4967 potus
1355 4936 1370 4961 ,
1414 4902 1470 4949 et
1516 4894 1659 4950 sicut
1695 4911 1816 4966 quae
1853 4890 2064 4967 prazivit

497 4987 691 5056 fames,
723 4988 912 5059 epulas
954 5003 1151 5045 suaves
1185 4987 1397 5042 reddit:
1434 4988 1509 5043 ita
1535 5003 1752 5060 quoque
1794 5006 1915 5061 quae
1963 5007 2062 5047 su-

568 5142 614 5174 “
643 5141 787 5197 Psal.
815 5157 889 5208 γι,
925 5139 976 5194 6.
1054 5141 1098 5172 ⁵⁸
1128 5138 1274 5196 Psal.
1305 5156 1459 5250 XXIX:
1499 5121 1605 5197 10..

572 5299 651 5364 (1)
690 5296 771 5352 Ex
788 5297 937 5351 hom.
974 5296 1047 5351 De
1070 5295 1300 5365 jejunio,
1328 5296 1416 5350 15.

573 5367 763 5491 (2)(ξέ
817 5368 965 5422 hom.
993 5367 1144 5432 Quod
1195 5366 1475 5420 mundanis
1533 5365 1906 5421 adltwrendum
1965 5383 2069 5422 non

504 5438 595 5496 sit.
633 5438 750 5491 166.

576 5507 652 5577 (ὅ)
695 5508 771 5560 Ex
814 5507 961 5562 hom.
999 5505 1074 5559 De
1108 5504 1335 5577 jejunio,
1376 5503 1429 5559 9.

577 5574 654 5645 (4)
692 5578 768 5630 Ex
798 5577 942 5631 hom.
975 5576 1029 5629 in
1057 5575 1193 5642 psal.
1239 5590 1391 5645 xxix,
1421 5574 1543 5645 150.

578 5643 654 5713 (5)
694 5646 771 5700 Ex
807 5661 967 5701 serm.
1013 5645 1088 5698 De
1126 5643 1351 5712 legendis
1377 5644 1467 5698 lib.
1500 5643 1796 5712 gentilium,
1832 5645 1955 5702 181.

580 5714 655 5785 (Β)
697 5716 767 5768 Ex
797 5716 938 5770 hom.
969 5713 1043 5768 De
1073 5714 1289 5780 ieiunio,
1314 5716 1367 5769 6.

2126 4548 2143 4569 ‘
2163 4537 2410 4601 τλοῦντες
2452 4538 2627 4600 πίθον,
2654 4539 2803 4593 οὐδὲν
2850 4539 2907 4592 δὲ
2954 4540 3127 4611 πέρας
3152 4540 3261 4595 τῶν
3293 4543 3480 4595 πόνων
3509 4545 3729 4614 ἔχοντες.

2167 4629 2377 4700 Ὠσπερ
2400 4626 2493 4684 οὖν
2518 4632 2552 4703 ἡ
2583 4632 2710 4701 δίψα
2740 4631 2836 4703 ἡδὺ
2880 4632 2942 4685 τὸ
2981 4632 3143 4686 ποτὸν
3179 4634 3516 4706 εὐτρεπίζει,
3543 4638 3639 4690 ml.
3667 4638 3735 4689 λι-

2170 4720 2269 4791 μὸς
2297 4722 2643 4793 ἡγησάμενος
2664 4723 2846 4793 ἡδεῖαν
2873 4724 3279 4795 παρασκευάζει
3304 4725 3404 4797 τὴν
3431 4727 3730 4798 τράπεζαν

2166 4812 2307 4865 οὕτω
2337 4812 2431 4866 καὶ
2457 4815 2554 4883 τὴν
2580 4813 2688 4867 τῶν
2712 4815 3015 4886 βρωμάτων
3046 4816 3350 4869 ἀπόλαυσιν
3379 4820 3413 4888 ή
3450 4819 3735 4889 ἐγκράτεια

2169 4905 2466 4976 φαιδρύνει.
2514 4906 2701 4979 Μέσην
2747 4908 2855 4981 γὰρ
2898 4908 3094 4980 ἑαυτὴν
3139 4909 3497 4981 παρενθεῖσα,
3550 4915 3643 4965 καί
3684 4912 3737 4963 τὺ

2171 4996 2389 5065 συνεχὲς
2435 4998 2533 5068 τῆς
2583 5001 2793 5071 τρυφῆς
2840 5001 3169 5071 διακόψασα,
3204 5001 3466 5074 ποθεινὴν
3518 5022 3602 5057 σοι
3650 5005 3735 5074 τὴν

2253 5298 2329 5371 (7)
2344 5300 2681 5368 Ἠμετέρα...
2700 5300 3087 5371 estur-avitae
3125 5302 3218 5359 Sic
3250 5313 3550 5364 contextus
3570 5317 3624 5363 et
3642 5306 3734 5363 Re-

2170 5370 2486 5446 giuscoder
2514 5371 2668 5424 1992.
2696 5370 2845 5446 ᾓᾶὶιί
2873 5373 3119 5446 ἡμέρα...
3150 5376 3515 5446 ἐπαντλῆσαι.

2242 5389 2292 5425 .IS
2314 5389 2484 5424 COIIC!
2514 5389 2668 5424 1332.
2699 5389 2840 5426 Μιιιι
2873 5389 3119 5496 Ἦιερα...
3150 5389 3515 5455 επαντλησαι.
3699 5448 3710 5457 _

2242 5442 2318 5517 (β)
2348 5441 2649 5517 Λειό-ςητα.
2694 5440 2848 5497 Haud
2934 5444 3117 5497 ubmm
3149 5460 3284 5515 qum
3335 5448 3625 5517 legendum
3671 5457 3733 5502 sit

2168 5508 2439 5580 λιτότητα.
2468 5509 2626 5565 Eot'r.

2240 5580 2596 5661 (9)_Tpvsaﬁq.
2629 5580 2719 5641 Sic
2742 5592 3029 5641 contextus
3051 5592 3104 5641 et
3125 5593 3363 5658 uterque
3385 5588 3584 5646 codex.
3600 5586 3730 5644 Editl

2168 5666 2393 5721 τροφης.
