3874 6224
218 307 348 364 1521

1071 295 1303 354 SERMO
1337 293 1478 352 XVI.
1514 322 1585 334 -—-
1623 287 1714 345 DE
1750 284 2080 344 INGLUYIE
2119 285 2203 341 ET
2241 283 2651 340 EBRIETATE.

3316 279 3460 338 1523

218 399 518 478 μετάληψιν
543 416 775 471 φανηναι
805 398 1040 469 ποιήσει,
1070 396 1258 468 ὥσπερ
1294 393 1592 463 ἀπόδημον.
1627 389 1789 442 Ὠστε
1819 394 1839 448 1

1922 392 2121 440 nuntur
2158 384 2338 440 edulia
2381 381 2569 438 condit
2630 378 2961 437 abstinentia
3021 387 3184 450 atque
3218 375 3457 436 edulcat.

216 497 266 550 εί
293 493 471 565 βούλει
502 490 685 561 σαυτῷ
719 487 1057 560 ἐπιθυμητὴν
1092 484 1500 542 κατασκευάσαι
1527 482 1628 553 τὴν
1653 480 1788 551 τρά-

217 582 412 647 πέζαν,
442 580 589 645 δέξαι
630 580 730 651 τὴν
762 581 827 632 ὲκ
867 578 965 648 τῆς
997 575 1323 647 ἐγκρατείας
1362 570 1688 644 μεταϐολήν.
1718 568 1791 622 Σὺ

214 676 276 729 δὲ
305 672 410 728 ὑπὸ
455 671 550 726 τοῦ
582 671 787 742 σφόδρα
821 669 922 740 τῆς
960 668 1173 741 τρυφῆς
1216 662 1589 736 περιέχεσθαι,
1637 660 1795 731 λέλη-

216 765 319 829 θας
365 761 575 833 σεαυτῷ
622 759 886 833 ἀμαυρῶν
935 759 1035 830 τὴν
1113 757 1346 829 τρυφὴν,
1413 752 1508 806 καὶ
1559 749 1665 805 ὑπὸ
1705 766 1792 819 φι-

216 855 464 928 ληδονίας
484 854 582 926 τὴν
616 852 808 925 ἡδονὴν
827 849 1121 921 ἀφανίζων.
1140 847 1305 901 Οὐδὲν
1330 845 1439 917 γὰρ
1474 842 1647 907 οὓτως
1676 844 1798 896 ἐπι-

220 948 489 1020 θυμητὸν,
518 946 547 997 ὃ
583 946 657 1018 μὴ
687 947 754 1017 τῇ
786 942 1035 1014 συνεχείᾳ
1064 945 1163 1014 τῆς
1194 939 1543 1002 ἀπολαύσεως
1568 937 1798 992 εὐκατα-

218 1039 488 1111 φρόνητον
519 1036 761 1107 γίνεσθαι
812 1035 1086 1106 πέφυκεν’
1135 1025 1211 1088 ὧν
1258 1033 1315 1086 δὲ
1366 1029 1565 1085 σπανία
1598 1029 1632 1099 ἡ
1662 1027 1797 1099 κτῆι

225 1147 335 1196 σις,
359 1132 563 1184 τούτων
589 1127 1048 1200 περισπούδαστος
1080 1127 1114 1197 ή
1143 1123 1458 1187 ἀπόλαυσις.

297 1386 350 1441 5.
401 1386 463 1439 Οί
512 1383 642 1454 γοῦν
691 1381 998 1456 ἀρχομένης
1053 1380 1265 1452 ἡμέρας
1317 1375 1799 1451 περισκοποῦντες,

223 1477 330 1532 ποῦ
356 1477 506 1531 πότοι
538 1477 796 1545 γίνονται,
828 1474 920 1528 καὶ
945 1471 1234 1528 οίνοπώλια
1246 1470 1339 1525 καὶ
1354 1470 1624 1543 καπηλεῖα
1648 1487 1805 1542 περι-

222 1568 538 1641 αθροῦντες,
597 1567 690 1621 καὶ
728 1564 991 1637 ἀλλήλους
1035 1565 1128 1617 ἐπὶ
1168 1563 1230 1616 τὸ
1266 1562 1445 1616 πίνειν
1514 1560 1804 1634 παραλαμ-

132 1695 139 1703 σ
224 1662 502 1726 ϐάνοντες,
544 1661 641 1712 καὶ
690 1660 869 1713 πᾶσαν
902 1657 999 1728 τῆς
1039 1655 1219 1727 ψυχῆς
1259 1654 1358 1727 τὴν
1410 1653 1679 1726 μέριμναν
1712 1652 1809 1707 ἐπὶ

1892 475 2032 532 Dum
2086 476 2232 532 enim
2273 473 2517 530 mediam.
2551 487 2622 529 se.
2666 470 3007 543 interponit,
3037 484 3101 526 ac
3142 469 3462 525 deliciarum

1892 566 2210 622 continuum
2240 581 2401 622 usum
2431 565 2802 635 interrumpit,
2845 561 3208 633 sumptionem
3230 602 3246 625 ,
3272 567 3462 630 utpote

1893 658 2299 726 intermissam,
2334 658 2436 715 tibi
2462 655 2763 728 jucundam
2802 653 3098 711 exhibebit.
3148 651 3385 708 Proinde
3414 652 3475 708 si‘

1893 752 1977 807 vis
2006 751 2104 806 tibi
2134 764 2385 807 mensam
2419 763 2684 820 apparare
2710 761 2932 803 suavem
2953 783 2969 810 ,
2997 744 3224 801 admitte
3251 759 3320 800 ex
3338 746 3465 801 abs-

1893 844 2121 899 tinentia
2197 842 2655 899 vicissitudinem.
2716 839 2800 895 Tu
2857 853 3020 902 vero,
3069 838 3216 909 quod
3252 837 3466 894 deliciis

1895 935 2126 991 nimium
2167 934 2420 991 addictus
2450 949 2532 998 es,
2569 931 2838 1003 insipidas
2882 930 3066 987 reddis
3100 930 3198 985 tibi
3240 928 3465 986 delicias

1896 1029 2248 1101 imprudens,
2302 1043 2369 1084 ac
2417 1042 2531 1099 prae
2573 1025 2871 1097 voluptatis
2917 1039 3103 1081 amore
3132 1022 3465 1093 voluptatem

1898 1119 2078 1192 fugas.
2129 1117 2277 1174 Nihil
2327 1118 2472 1174 enim
2521 1127 2632 1173 tam
2680 1116 2928 1187 cupitum
2977 1125 3099 1180 est,
3155 1114 3302 1185 quod
3351 1128 3466 1169 non

1899 1214 2060 1269 abeat
2117 1211 2172 1267 in
2221 1210 2502 1266 fastidium
2529 1250 2544 1276 ,
2580 1209 2631 1265 si
2676 1218 2941 1279 perpetuo
2976 1205 3179 1263 fruare.
3226 1206 3299 1261 At
3347 1220 3467 1278 qua:

1900 1318 2030 1359 raro
2062 1302 2367 1367 habentur,
2400 1301 2488 1357 his
2537 1299 2695 1356 avide
2747 1298 2999 1354 fruimur.

1972 1395 2027 1451 ὅ.
2056 1393 2135 1465 (5)
2164 1393 2269 1461 Qui
2292 1392 2460 1464 igitur
2495 1390 2717 1446 ineunte
2744 1388 2835 1445 die
2859 1389 3145 1459 explorant
3181 1385 3276 1442 ubi
3313 1400 3470 1442 com-

1903 1486 2212 1558 putationes
2252 1484 2423 1549 fiant,
2480 1490 2537 1540 et
2577 1481 2849 1551 oenopolia
2886 1494 2954 1537 ac
2998 1494 3275 1551 caupones
3300 1479 3471 1535 collu-

1904 1586 2100 1646 strant,
2128 1592 2300 1649 seque
2328 1584 2521 1632 mutuo
2549 1575 2615 1631 ad
2652 1571 3074 1645 compotandum
3110 1572 3467 1644 coniungunt,

1906 1677 1963 1725 et
1986 1682 2200 1724 omnem
2228 1665 2400 1721 animi
2428 1677 2618 1719 curam
2650 1661 2707 1717 in
2735 1662 2851 1716 haec
2880 1660 3183 1725 insumunt,
3215 1658 3315 1715 hos
3342 1672 3473 1729 pro-

224 1755 329 1824 τήν
369 1751 481 1806 τῶν
522 1749 778 1804 τοιούτων
818 1746 1074 1820 φροντίδα
1122 1745 1628 1812 καταναλίσκοντες,
1659 1736 1839 1799 οὗτοιῖ

1922 1759 2068 1831 pheta
2096 1757 2363 1829 deplorat.
2386 1754 2507 1811 Non
2526 1754 2673 1811 enim
2696 1751 2874 1808 oculis
2898 1765 3089 1807 eorum
3112 1756 3272 1806 vacat
3294 1749 3479 1820 suspi-

230 1843 340 1896 ὑπὸ
374 1840 469 1894 τοῦ
498 1841 776 1913 προφήτου
806 1835 1292 1909 καταθρηνοῦνται.
1344 1838 1420 1891 Οὐ
1466 1836 1576 1908 γὰρ
1613 1835 1819 1906 ἄγουσιν

233 1933 428 2006 σχολὴν
460 1934 509 1987 οί
541 1931 806 2002 ὀφθαλμοὶ
837 1928 1016 1983 αὐτῶν
1045 1928 1336 1985 ἀνανεῦσαι
1365 1928 1500 2002 πρὸς
1527 1929 1617 1983 τὸν
1646 1930 1810 2001 ούρα-

232 2025 348 2090 νδν,
376 2026 472 2079 καὶ
513 2023 583 2078 τὰ
622 2024 681 2077 ἐν
708 2022 856 2094 αὐτῷ
887 2022 1057 2094 κάλλη
1106 2021 1442 2093 καταμαθεῖν
1462 2035 1476 2048 ⁸
1502 2021 1618 2077 ἀλλ’
1650 2023 1811 2087 εὐθὺς

232 2116 546 2189 ἀρχομένης
573 2114 807 2187 ἡμέρας,
837 2112 1133 2185 κοσμοῦσιν
1160 2112 1370 2167 ἑαυτῶν
1408 2112 1479 2167 τά
1515 2114 1809 2186 συμπόσια,

237 2209 471 2280 σπουδήν
510 2224 571 2261 τε
616 2208 709 2260 καὶ
740 2205 1054 2277 ἐπιμέλειαν
1083 2206 1162 2269 είς
1191 2206 1289 2278 τὴν
1317 2205 1425 2259 τῶν
1470 2206 1837 2275 ἐκπωμάτων-

236 2300 593 2371 παρασκευήν
622 2298 1037 2364 ἐπιδείκνυνται,
1066 2298 1352 2370 ψυκτῆρας
1395 2298 1490 2351 καὶ
1530 2298 1815 2370 κρατῆρας

235 2391 335 2443 καὶ
366 2389 561 2458 φιάλας
635 2388 824 2462 ὥσπερ
870 2391 928 2445 ὲν
980 2393 1170 2462 πομπῇ
1214 2407 1320 2443 τινι
1368 2389 1460 2444 καὶ
1508 2390 1816 2463 πανηγύρει

236 2478 595 2544 διατιθέντες,
620 2479 694 2547 ὼς
719 2479 785 2535 ἂν
818 2480 878 2534 τὸ
919 2480 1026 2535 τῶν
1048 2481 1284 2550 ἀγγείων
1303 2480 1558 2553 διάφορον
1596 2481 1687 2536 τὸν
1719 2481 1814 2536 κύ-

242 2587 336 2640 ρον
363 2572 543 2636 αὐτοῖς
568 2571 901 2645 ύποκλέπτῃ,
930 2574 1025 2627 καὶ
1055 2576 1090 2645 ή
1130 2573 1235 2628 τῶν
1268 2573 1612 2647 ἐκπωμάτων
1647 2573 1819 2628 ὑπαλ-

238 2662 385 2733 λαγή
435 2663 530 2716 καὶ
591 2664 889 2735 μετάϐασις
939 2666 1126 2738 ἱκανὴν
1173 2667 1359 2732 αὐτοῖς
1407 2668 1487 2731 είς
1530 2669 1599 2722 τὸ
1643 2667 1821 2722 πίνειν

238 2753 525 2826 διατριϐὴν
558 2756 759 2828 ἐμποιῇ
779 2773 792 2786 ⁸
827 2756 976 2822 τάξις
1018 2760 1077 2811 ὲν
1120 2758 1335 2832 ἀταξίᾳ,
1369 2759 1465 2813 καὶ
1497 2759 1735 2825 διάθεσις
1762 2761 1836 2815 ὲνη

1908 1867 2032 1908 cere
2100 1850 2161 1906 in
2222 1850 2466 1917 coelum,
2533 1846 2764 1917 ejusque
2830 1844 3289 1917 pulchritudinem
3341 1858 3476 1899 con—

1908 1943 2153 1998 discere:
2182 1940 2276 1997 sed
2316 1940 2541 1995 ineunte
2563 1937 2749 1995 statim
2776 1936 2886 2001 die,
2917 1951 3017 1992 sua
3044 1942 3311 1992 exornant
3346 1951 3478 1991 con-

1909 2035 2053 2092 vivia
2079 2076 2093 2101 ,
2130 2041 2293 2104 atque
2326 2031 2569 2089 studium
2598 2045 2661 2086 ac
2680 2029 3014 2101 diligentiam
3056 2029 3109 2084 in
3144 2029 3355 2101 poculis
3384 2043 3479 2100 ap-

1909 2123 2171 2195 parandis
2195 2122 2514 2186 ostendunt,
2540 2136 2673 2176 vasa
2703 2121 2772 2176 ad
2805 2118 3237 2192 refrigerandum
3267 2121 3477 2183 vinum.

1912 2221 2267 2286 craterasque
2318 2222 2374 2271 et
2427 2214 2641 2286 phialas
2673 2213 2822 2268 velut
2858 2214 2913 2267 in
2952 2227 3152 2284 pompa
3186 2213 3369 2284 aliqua
3416 2227 3482 2269 ac

1914 2316 2187 2364 conventu
2213 2307 2436 2379 publico
2458 2307 2836 2378 disponentes,
2867 2311 2930 2360 ut
2958 2319 3214 2361 vasorum
3250 2305 3484 2362 diversi-

1913 2407 1999 2455 tas
2039 2400 2173 2471 ipsis
2220 2400 2523 2456 satietatem
2557 2397 2890 2465 suﬁ‘uretur,
2922 2407 2978 2456 et
3008 2399 3291 2455 alternatio
3317 2413 3484 2470 pocu-

1915 2493 2090 2546 lorum
2121 2506 2187 2547 ac
2223 2491 2555 2562 permutatio
2594 2504 2689 2546 eos
2732 2489 2825 2544 diu
2858 2489 2914 2545 in
2959 2490 3195 2548 bibendo
3223 2491 3481 2547 detineat.

1917 2582 2065 2639 Ordo
2093 2583 2151 2639 in
2176 2582 2519 2649 confusione,
2553 2596 2617 2638 ac
2644 2581 2934 2653 dispositio
2961 2582 3017 2637 in
3049 2598 3108 2638 re
3129 2584 3483 2654 incomposita

1917 2673 2275 2747 excogitatur.
2303 2672 2387 2728 Ad
2416 2673 2534 2728 haec
2556 2673 2812 2729 oriuntur
2839 2672 2906 2729 de
2928 2674 3190 2744 ampliore
3214 2684 3342 2745 potu
3369 2690 3491 2732 cer-

1918 2767 2131 2821 tamina
2177 2765 2666 2836 contentionesque
2705 2773 2762 2820 et
2814 2764 2937 2822 lites
2965 2805 2980 2830 ,
3025 2765 3154 2820 dum
3197 2781 3257 2822 se
3297 2779 3489 2822 mutuo

242 2846 475 2917 ἀκόσμῳ
528 2847 940 2920 ἐπινενοημένη.
993 2850 1137 2920 Πρὸς
1176 2849 1384 2916 τούτοις
1424 2851 1655 2923 ἅμιλλαι
1691 2852 1823 2924 περὶ

1922 2857 2184 2913 ebrietate
2235 2869 2495 2925 superare
2546 2861 2835 2909 conantur.
2895 2854 3074 2924 Atque
3131 2855 3491 2911 certaminum
3536 2854 3541 2857 ’

242 2936 341 2990 τοῦ
374 2938 637 3003 πλείονος,
678 2940 1001 3009 φιλονεικίαι
1027 2942 1120 2995 καὶ
1152 2942 1531 3012 ἀγωνίσματα,
1560 2941 1821 3013 ἀλλήλους

1924 2946 2117 3002 borum
2144 2944 2433 3016 praefectus
2461 2941 2713 2998 diabolus
2734 2951 2841 3005 est,
2869 2947 2924 2996 et
2952 2942 3194 2997 victoriae
3210 2942 3491 3013 praemium

244 3028 680 3100 ὑπερϐάλλεσθαι
738 3032 1200 3105 φιλοτιμουμένων
1262 3034 1405 3088 κατά
1465 3033 1566 3104 τὴν
1629 3033 1819 3104 μέθην.

1925 3045 2230 3110 peccatum.
2262 3034 2398 3090 Nam
2429 3034 2524 3106 qui
2550 3036 2674 3106 plus
2701 3032 2963 3091 infuderit
2987 3031 3123 3089 meri
3148 3073 3163 3099 ,
3191 3033 3239 3088 is
3274 3049 3340 3089 ex
3371 3034 3495 3089 aliis

244 3125 360 3178 Καὶ
394 3127 424 3179 ὁ
466 3124 819 3192 ἀγωνοθετῶν
858 3128 1059 3192 αὐτοῖς,
1099 3127 1364 3193 διάϐολος,
1411 3127 1505 3182 καὶ
1535 3124 1696 3181 ἆθλον
1725 3127 1825 3200 τῆς

246 3217 426 3286 νίκης,
460 3216 493 3288 ή
524 3216 791 3287 ἁμαρτία.
835 3218 891 3271 Ὁ
929 3217 1033 3290 γὰρ
1068 3219 1290 3272 πλείονα
1334 3219 1425 3274 τὸν
1464 3219 1702 3291 ἄκρατον
1731 3222 1825 3288 ὲγ-

245 3308 514 3379 χεάμενος
542 3308 645 3377 (1),
664 3303 816 3373 οὗτος
842 3310 1064 3382 φέρεται
1089 3310 1231 3365 κατά
1254 3312 1363 3366 τῶν
1389 3312 1563 3366 ἄλλων
1588 3312 1657 3367 τὰ
1681 3330 1830 3384 νικη-

246 3398 448 3469 τήριαο
493 3396 856 3466 φιλονεικοῦσι
910 3401 1009 3471 μὲν
1052 3402 1161 3473 γάρ
1206 3402 1488 3473 ἀλλήλους,
1529 3403 1827 3473 ἀμύνονται

248 3486 308 3540 δὲ
339 3487 583 3552 ἑαυτούς.
613 3489 798 3543 Πάντα
821 3488 1043 3559 ἀλογίας
1071 3493 1252 3563 γέμει,
1281 3493 1457 3546 πάντα
1480 3494 1825 3564 συγχύσεως’

249 3582 300 3633 οί
323 3581 647 3652 ἡττηθέντες
673 3581 981 3652 μεθύουσιν,
1004 3585 1052 3637 οί
1073 3584 1393 3654 νικήσαντες
1416 3584 1704 3680 μεςρύουσιν
1728 3585 1826 3656 (2),

249 3674 302 3726 οἱ
361 3672 626 3745 ὑπηρέται
684 3673 1077 3744 καταγελῶσιν.
1123 3676 1186 3727 Ἡ
1238 3675 1357 3748 χεὶρ
1411 3672 1721 3747 ἀπείρηκε,
1768 3674 1839 3728 τὸ·

252 3762 428 3832 στόμα
472 3764 571 3834 οὐχ
614 3763 950 3835 ὑποδέχεται,
978 3766 1012 3835 ή
1041 3764 1253 3836 γαστήρ
1289 3764 1695 3837 διαρῤήγνυται,
1735 3765 1831 3819 καὶΙ

252 3856 314 3908 τὸ
346 3854 514 3909 κακὸν
546 3857 644 3928 οὐχ
679 3856 989 3926 ὑφίσταται.
1025 3857 1098 3909 Τὸ
1141 3855 1323 3910 ἄθλιον
1353 3856 1515 3928 σῶμα
1539 3856 1634 3911 τοῦ
1668 3874 1829 3927 φυσι-

254 3948 353 4004 κοῦ
395 3949 555 4002 τόνου
597 3948 903 4020 παραλυθὲν
929 3950 1030 4021 (5),
1056 3950 1362 4021 ἀπόρρυτόν
1404 3952 1543 4003 ἐστι’
1561 3951 1833 4023 πανταχό-

254 4038 369 4104 θεν,
408 4037 507 4109 τὴν
551 4039 616 4091 ὲκ
670 4038 769 4108 τῆς
819 4037 1087 4108 ἀμετρίας
1138 4037 1258 4108 βίαν
1313 4038 1388 4110 μὴ
1435 4038 1704 4108 ὑπομένον
1730 4039 1828 4110 (4).

267 4129 529 4184 Ἐλεεινὺν
588 4128 808 4199 θέαμαι
845 4130 1008 4201 Ἀνὴρ
1072 4128 1335 4200 ἀκμάζων
1397 4131 1521 4184 καθ’
1577 4130 1833 4203 ἡλικίαν,

259 4223 667 4294 στρατιωτικοῖς
696 4221 1011 4290 καταλόγοις
1039 4221 1360 4292 ἐμπρέπων,
1386 4223 1624 4296 φοράδην
1649 4222 1832 4278 οἴκαδε

258 4312 639 4383 κομιζόμενος,
690 4313 763 4384 μὴ
809 4313 1105 4384 δυνάμενος
1145 4313 1473 4383 ὀρθοῦσθαι,
1530 4314 1666 4386 μηδὲ
1718 4318 1831 4379 τοῖς

1926 3132 2165 3198 reportat
2195 3124 2502 3180 victoriam.
2543 3122 2893 3179 Contendunt
2919 3123 3062 3179 enim
3090 3123 3233 3180 inter
3269 3140 3329 3180 se
3357 3139 3421 3179 ac
3437 3139 3497 3180 se

1926 3219 2029 3290 ipsi
2087 3217 2445 3272 ulciscuntur.
2492 3213 2688 3271 Omnia
2734 3203 2867 3269 sunt
2914 3215 3224 3285 insipientia
3273 3213 3494 3283 referta,

1927 3310 2111 3367 omnia
2164 3308 2515 3375 confusione;
2569 3308 2704 3363 victi
2758 3310 3103 3378 victoresque
3149 3307 3285 3365 ebrii
3345 3317 3496 3375 sunt,

1927 3400 2177 3457 derident
2208 3399 2466 3454 ministri.
2500 3396 2671 3454 Labat
2702 3414 2898 3456 manus
2922 3438 2938 3463 ,
2984 3414 3046 3455 os
3096 3414 3205 3453 non
3247 3400 3497 3471 suscipit,

1927 3500 2119 3547 venter
2151 3489 2541 3560 disrumpitur,
2587 3505 2691 3546 nec
2722 3490 2926 3545 malum
2954 3490 3206 3545 sustinet.
3243 3489 3499 3546 Miserum

1930 3595 2132 3650 corpus
2162 3581 2399 3635 naturali
2421 3581 2605 3651 vigore
2641 3582 2947 3637 exsolutum
2979 3582 3255 3638 undelibet
3283 3582 3497 3648 diﬂluit,

1931 3672 2078 3727 haud
2118 3673 2400 3728 sustinens
2438 3671 2714 3727 immodici
2763 3671 2919 3743 561
2966 3683 3128 3742 potus
3161 3673 3497 3729 violentiam.

1932 3763 2240 3820 Miserabile
2292 3765 2663 3834 spectaculum
2696 3765 2711 3819 l
2744 3763 2842 3818 Vir
2873 3773 3030 3821 astate
3074 3762 3274 3820 ﬂorens
3296 3807 3313 3832 ,
3359 3767 3502 3821 inter

1932 3856 2198 3911 militares
2231 3855 2454 3912 ordines
2486 3855 2668 3912 clarus
2687 3895 2703 3920 ,
2732 3856 2964 3911 aliorum
2999 3856 3253 3911 manibus
3280 3855 3503 3913 domum

1933 3948 2270 4017 deportatur,
2303 3947 2448 4018 quod
2476 3962 2536 4003 se
2565 3948 2774 4018 erigere
2804 3962 2913 4002 non
2954 3955 3144 4018 queat,
3179 3964 3353 4020 neque
3376 3964 3505 4019 pro-

1933 4038 2070 4109 priis
2111 4037 2365 4095 incedere
2413 4038 2661 4110 pedibus.
2707 4037 2804 4093 Vir
2852 4038 2945 4110 qui
2999 4039 3198 4095 terrori
3253 4040 3503 4098 hostibus

1935 4145 2059 4188 esse
2094 4130 2399 4196 debuerat,
2432 4132 2612 4201 pueris
2667 4131 2722 4187 in
2750 4131 2872 4187 foro
2909 4131 3122 4188 ridendi
3164 4135 3505 4190 occasionem

1935 4220 2166 4290 praebet:
2220 4220 2340 4276 sine
2383 4218 2531 4275 ferro
2581 4226 2892 4291 prostratus
2934 4230 3046 4289 est,
3086 4221 3205 4277 sine
3255 4222 3509 4278 hostibus

1936 4317 2181 4366 enectus.
2223 4309 2322 4365 Vir
2357 4311 2594 4383 armiger
2629 4311 2686 4366 in
2739 4313 2859 4382 ipso
2896 4312 3074 4368 aetatis
3122 4311 3256 4374 ﬂore
3298 4329 3329 4368 a
3376 4314 3509 4369 vino

261 4403 414 4466 ίδίοις
448 4402 605 4455 ποσὶν
631 4402 881 4473 ἐπιϐῆναι
905 4443 920 4458 .
961 4402 1123 4475 Ἀνήρ
1166 4403 1396 4476 φοϐερὸς
1427 4401 1566 4460 εἶναι
1604 4405 1833 4475 ὀφείλων

1936 4412 2294 4473 consumptus
2338 4402 2489 4458 nullo
2532 4403 2749 4473 negotio
2783 4411 2839 4458 et
2886 4403 3202 4468 confectus,
3243 4403 3508 4476 quidquid

259 4497 372 4558 τοῖς
410 4492 706 4564 πολεμίοις,
732 4494 965 4562 γέλωτάς
995 4495 1139 4548 ἐστιν
1170 4496 1393 4568 ἀφορμή
1414 4499 1524 4561 τοῖς
1553 4499 1675 4552 κατ’
1706 4499 1839 4568 ἀγο-
1863 4524 1869 4531 ·

263 4586 366 4658 βὰν
395 4586 657 4646 παιδίοις·
697 4585 825 4638 ἄνευ
868 4584 1084 4655 σιδήρου
1130 4587 1552 4660 καταϐέϐληται,
1583 4589 1713 4644 ἄνευ
1739 4608 1837 4645 πο-

260 4673 463 4745 λεμίων
485 4674 828 4742 πεφόνευται.
864 4674 1027 4746 ’Λνὴρ
1055 4675 1298 4746 ὁπλίτης,
1330 4677 1460 4730 αὐτὸ
1487 4678 1589 4748 τῆς
1619 4677 1836 4750 ἡλικίας

262 4764 410 4832 ἄγων
439 4762 501 4816 τὸ
539 4763 716 4830 ἄνθος,
756 4764 898 4818 οίνου
935 4765 1127 4833 γέγονε
1178 4767 1576 4838 παρανάλωμα,
1620 4768 1837 4839 ἕτοιμος

262 4852 454 4908 παθεῖν
494 4857 605 4918 τοῖς
644 4855 855 4926 ἐχθροῖς
904 4856 1004 4909 ὅσα
1050 4855 1147 4909 κοιλ⁸
1189 4856 1479 4927 βούλοιντο.
1522 4858 1619 4921 Τίς
1660 4861 1689 4913 ὁ
1728 4860 1838 4913 τῶν

262 4945 448 4999 κακῶν
485 4946 687 5000 τούτων
734 4947 935 5013 αἴτιος;
982 4948 1071 5010 τίς
1111 4948 1139 5002 ὁ
1187 4947 1360 5001 ταῦτα
1407 4948 1835 5017 ὲπιϐουλεύσας;

263 5036 574 5110 Παράταξιν
612 5038 869 5108 ἐποίησας
917 5039 979 5092 τὸ
1027 5040 1346 5110 συμπόσιον,
1380 5039 1691 5113 ὲνέκρωσας
1737 5043 1836 5112 τὴν

264 5125 449 5196 ἀκμὴν
486 5126 585 5196 τῆς
626 5125 874 5196 νεότητος
914 5125 1022 5179 ἀπὸ
1061 5128 1203 5180 οἴνου
1223 5141 1235 5155 ·
1267 5128 1362 5180 καὶ
1407 5126 1590 5189 καλεῖς
1632 5127 1730 5196 μὲν
1761 5128 1837 5191 ὼς

264 5215 419 5286 φίλον
451 5216 543 5269 ἐπὶ
570 5216 631 5268 τὸ
666 5214 901 5282 δεῖπνον,
932 5216 1211 5281 ἐκϐάλλεις
1251 5217 1309 5271 δὲ
1345 5218 1558 5288 νεκρὸν,
1585 5218 1713 5289 οἴνῳ
1740 5220 1839 5290 τήν

258 5412 259 5415 η
336 5369 414 5443 (il
457 5368 865 5443 Ἐγχεᾴμενος.
895 5369 1196 5443 Contextus
1224 5370 1569 5443 ἐκχεόμενος.

338 5388 414 5440 υ)
461 5388 865 5440 -ιιγχεαμενοᾳ
895 5388 1196 5427 uomexuts
1224 5388 1251 5423 ε
1326 5388 1569 5443 εομενος.

338 5440 414 5511 (2)
448 5443 511 5493 Ol
533 5439 892 5511 νικήσαντες
912 5388 1418 5509 μεθύουσινηιιιεο
1441 5443 1750 5498 addidimus
1768 5457 1838 5497 ex

264 5510 439 5581 Regio
477 5511 666 5565 codice
700 5510 873 5581 d992,
922 5510 1200 5579 Leguntur
1245 5513 1409 5567 etiam
1458 5515 1514 5566 in
1555 5522 1834 5568 contextu.

266 5579 437 5704 gaglo
465 5586 589 5652 post
642 5579 824 5636 minus
850 5580 990 5636 belle
1035 5582 1092 5636 in
1125 5590 1385 5638 contextu
1432 5583 1492 5635 τὸ
1528 5584 1694 5637 κακὸν
1739 5585 1839 5654 οὐχ

307 5670 341 5704 Ὢ
369 5666 479 5704 ησι.

267 5653 818 5794 ὑρὶἒῖἳῖαραλυθέν.
870 5719 960 5775 Sic
1003 5720 1147 5776 idem
1202 5719 1375 5777 codex
1423 5729 1479 5780 et
1524 5729 1836 5781 contextus.

589 5815 862 5878 ΡΑτιιοι..
903 5814 1021 5878 Gn.
1067 5814 1332 5880 XXXII.

1938 4492 2124 4549 hostes
2159 4492 2427 4548 voluerint
2464 4493 2670 4564 perpeti
2721 4499 2964 4564 paratus.
3010 4492 3147 4560 Quis
3199 4502 3391 4549 auctor
3424 4502 3509 4551 est

1937 4581 2134 4637 horum
2160 4583 2467 4638 malorum?
2483 4584 2607 4653 quis
2632 4583 2748 4638 haec
2769 4584 3112 4639 machinatus
3133 4585 3254 4640 est?
3273 4584 3348 4656 (ϐ)
3371 4585 3511 4641 Con-

1935 4675 2139 4730 vivium
2162 4676 2333 4732 aciem
2362 4674 2587 4732 eﬂ'ecisti
2616 4692 2632 4730 :
2669 4674 2975 4746 iuventutis
3002 4674 3190 4732 florem
3217 4677 3347 4732 vino
3372 4692 3512 4737 eue1

1936 4763 2119 4830 casti;
2146 4778 2212 4820 ac
2241 4779 2405 4820 vocas
2447 4762 2666 4835 quidem
2696 4764 2862 4820 veluti
2900 4763 3134 4818 amicum
3165 4765 3234 4820 ad
3270 4778 3506 4833 caenam,

1941 4857 2095 4926 ejicis
2124 4862 2306 4910 autem
2333 4863 2630 4923 mortuum,
2666 4855 2938 4911 exstincta
2965 4868 2996 4909 a
3040 4856 3169 4911 vino
3200 4855 3348 4912 illius
3375 4859 3507 4914 vita.

1942 4946 2021 5017 (7)
2051 4950 2169 5013 Qua
2200 4960 2260 5000 re
2286 4943 2505 5009 diﬂ‘ers.
2529 4961 2563 5001 ο
2594 4945 2756 5000 homo
2776 4986 2793 5012 ,
2823 4962 2856 5001 a
2892 4945 3071 5002 brutis
3100 4949 3512 5019 animantibus}

1943 5051 2126 5094 nonne
2163 5035 2390 5092 rationis
2425 5037 2598 5102 dono,
2635 5052 2741 5108 qua
2767 5052 2799 5091 a
2830 5046 2925 5092 tuo
2957 5039 3239 5095 conditore
3265 5051 3508 5113 accepta,

1942 5139 2206 5185 creaturae
2228 5128 2521 5198 cujuslibet
2540 5129 2793 5199 princeps
2814 5129 3040 5186 effectus
3067 5146 3127 5188 es
3147 5141 3199 5187 et
3228 5132 3514 5190 dominus?

1945 5219 2203 5291 Quisquis
2255 5220 2424 5292 igitur
2470 5235 2531 5276 se
2569 5220 2684 5292 ipse
2730 5221 3085 5293 intelligentia
3115 5237 3179 5279 ac
3208 5224 3516 5295 cognitione

1941 5370 2086 5445 Editi
2114 5372 2445 5445 παραχυθέν,

2013 5444 2091 5512 (4)
2116 5441 2212 5511 Μῆ
2246 5441 2568 5512 ὑπομένον.
2602 5441 2826 5516 Negatio
2863 5443 3047 5499 addita
3088 5459 3155 5502 ex
3182 5445 3372 5504 eodem
3421 5463 3516 5503 co-

1943 5512 2063 5569 dice
2093 5522 2146 5567 et
2174 5522 2458 5568 contextu.

2017 5558 2519 5658 ἰέῖὲξξῖἱὶὀῌῖιζέῃ
2548 5582 2804 5651 ebriosos,
2839 5584 2962 5640 127.
3340 5558 3379 5605 δ’

2040 5651 2091 5719 6)
2129 5651 2288 5719 lbid.,
2330 5653 2452 5707 tes.

2040 5657 2091 5719 6)
2129 5657 2288 5719 lbid.,
2330 5657 2452 5707 ινδ.
2490 5657 2495 5658 ⁷

2015 5657 2095 5794 ξῖ)
2135 5724 2293 5792 Ibid.,
2330 5723 2451 5779 tat.
2546 5750 2553 5759 -
