3874 6224
361 362 501 420 1⁸525

1269 344 1632 402 ἉΡΡΕΝΒΙΧ.
1674 373 1741 386 —-
1784 338 2130 398 SYMEONIS
2169 331 2707 403 ΜΕΤΑΡΗΒΑΞΤᾸΕ

3453 320 3591 377 1321

362 477 536 547 privat
566 486 662 542 per
708 468 1023 526 ebrietatem
1043 504 1058 531 ,
1087 470 1421 533 contparatus
1454 469 1530 515 est
1551 459 1804 529 jumentis
1849 458 1924 511 in-

2052 455 2169 525 ’ωὴν
2216 450 2380 507 αὑτοῦ
2428 446 2788 508 κατασϐέσας.
2833 442 2949 496 Τίνι
2998 439 3308 509 διενήνοχας
3339 433 3444 487 τῶν
3470 431 3597 486 ἀλό-

2193 537 2221 547 -
2260 541 2282 547 —
2326 541 2343 547 -
2608 538 2621 547 -
2692 538 2719 547 .-
2764 534 2789 547 μ
2905 534 2932 547 ..
3043 528 3071 540 ~
3105 528 3263 547 κρυ--.
3324 520 3597 547 me“,

360 560 669 631 sipientibus
694 603 710 627 ,
746 568 794 613 et
828 557 1017 613 similis
1053 554 1226 624 factus
1258 561 1336 606 est
1378 552 1485 605 illis
1502 550 1569 606 “.
1617 551 1733 603 lmo
1759 547 1921 603 etiam

361 653 589 708 dixerim
617 665 739 723 ego,
770 649 1098 703 temulentos
1127 643 1357 698 rationis
1385 641 1557 711 magis
1583 652 1705 695 esse
1733 652 1926 706 exper-

364 751 448 800 tes
475 758 636 814 quam
671 744 788 812 ipsa
822 754 1052 810 pecora:
1085 732 1519 807 quandoquidem
1552 727 1926 802 quadrupedia

365 835 548 889 omnia
580 842 636 889 et
684 823 872 887 bestiae
925 838 1104 885 certos
1151 842 1217 883 ac
1260 832 1573 882 constantes
1626 823 1694 878 ad
1723 822 1925 878 coitum

366 929 550 975 motus
595 921 934 990 impetusque
982 916 1215 971 habent:
1249 929 1480 986 quorum
1532 920 1714 968 autem
1748 912 1928 965 anima

368 1012 632 1068 ebrietate
665 1011 939 1073 detinetur
962 1048 977 1071 ,
1016 1017 1069 1062 et
1098 1021 1297 1076 corpus
1331 1007 1511 1061 calore
1538 1012 1735 1076 praeter
1767 1010 1928 1057 natu-

367 1120 486 1160 ram
514 1103 805 1159 accedente
849 1102 1102 1171 impletur
1124 1140 1138 1166 ,
1165 1102 1221 1156 hi
1245 1101 1392 1156 omni
1423 1108 1666 1168 tempore
1701 1103 1755 1152 et
1783 1096 1929 1150 omni

306 1212 313 1215 ‘
368 1193 502 1248 hora
535 1191 602 1246 ad
629 1192 872 1262 impuros
903 1198 1196 1258 turpesque
1224 1186 1536 1256 complexus
1566 1182 1928 1237 concitantur.

370 1282 447 1355 (1)
481 1281 941 1353 Quemadmodum
974 1281 1117 1337 enim
1148 1292 1286 1350 aqua
1322 1277 1435 1346 igni
1461 1282 1544 1331 est
1580 1274 1830 1336 adversa,
1852 1270 1933 1326 sic

372 1370 721 1429 immodicum
752 1362 937 1429 vinum
988 1372 1253 1426 rationem
1283 1366 1599 1438 exstinguit.
1638 1363 1715 1434 (2)
1748 1362 1935 1416 Enim-

371 1480 501 1521 vero
522 1463 794 1536 quodnam
828 1463 1047 1518 brutum
1076 1460 1278 1517 animal
1307 1457 1523 1512 vivendi
1572 1452 1935 1522 audiendique

374 1567 537 1609 sensu
577 1549 880 1622 languescit
906 1551 981 1603 ita
1012 1558 1071 1603 ut
1098 1545 1471 1604 temulentus?
1503 1542 1696 1598 Nonne
1722 1542 1936 1612 ignorat

374 1641 868 1706 familiarissimos,
922 1648 977 1695 et
1025 1638 1094 1693 ad
1122 1639 1329 1693 alienos
1368 1635 1515 1690 velut
1542 1632 1610 1686 ad
1641 1630 1937 1686 familiares

377 1748 440 1787 ac
465 1733 802 1788 necessarios
829 1730 1101 1788 accurrit?
1121 1743 1303 1785 nonne
1325 1726 1695 1798 saepenumero
1715 1723 1936 1778 umbras

2024 520 2159 615 γων,
2187 537 2233 597 ὦ
2254 541 2540 612 άνθρωπε;
2570 538 2631 590 οὑ
2658 538 2725 606 τῇ
2760 534 2936 604 δωρεᾷ
2978 528 3074 584 τοῦ
3105 528 3290 596 λόγου,
3324 524 3390 595 ἥν

2027 611 2174 706 παρὰ
2222 632 2317 687 τοῦ
2356 611 2637 692 κτίσαντος
2678 643 2770 690 σε,
2811 622 2993 694 ἄρχων
3030 619 3126 673 καὶ
3183 616 3370 687 κύριος
3411 611 3599 706 ἐγένου

2027 700 2208 798 πάσης
2257 725 2356 795 τῆς
2399 726 2657 784 κτίσεως;
2692 719 2751 771 Ὀ
2801 715 2979 768 τοίνυν
3029 708 3362 798 ἀφελόμενος
3404 700 3599 798 ἑαυτοῦ

2028 818 2126 887 τὴν
2155 791 2415 885 ερρόνησιν
2442 809 2528 864 διὰ
2570 807 2669 878 τῆς
2700 804 2889 877 μέθης,
2939 794 3448 870 παρασυνεϐλήθη
3474 791 3603 887 τοῖς

2028 883 2274 974 accurrth
2339 902 2465 968 τοῖς
2515 900 2828 967 ἀνοήτοις,
2885 894 2983 948 καὶ
3046 887 3315 961 ὡμοιώθη
3374 883 3601 949 αὐτοῖς.

2029 999 2243 1055 Μᾶλλον
2283 996 2341 1049 δὲ
2389 994 2482 1048 καὶ
2525 991 2632 1044 τῶν
2686 986 3044 1060 βοσκημάτων
3095 983 3262 1053 φαίην
3311 978 3379 1033 ἀν
3428 975 3606 1045 ἔγωγε

2030 1086 2396 1158 άλογωτέρους
2442 1079 2578 1137 εἶναι
2626 1074 2752 1144 τοὺς
2791 1082 2847 1133 ὲν
2888 1079 2954 1147 τῇ
3011 1073 3180 1147 μέθῃο
3208 1070 3343 1124 διότι
3395 1067 3467 1120 τά
3507 1066 3609 1158 μέν

2031 1156 2332 1252 τετράποδα
2359 1175 2537 1229 πάντα
2566 1173 2658 1227 καὶ
2693 1171 2763 1224 τὰ
2787 1167 2949 1240 θηρία
2996 1162 3335 1234 τεταγμένας
3367 1157 3484 1252 ἔχει
3509 1156 3611 1252 τὰς

2032 1245 2169 1343 πρός
2192 1268 2289 1341 τὴν
2318 1266 2463 1339 μίξιν
2492 1264 2699 1337 ὁρμάςο
2728 1264 2780 1315 οἱ
2812 1261 2869 1343 δὲ
2898 1258 3002 1313 ὑπὸ
3033 1256 3131 1326 τῆς
3165 1245 3608 1343 μέθηςτὴνᾼψυη

2033 1338 2135 1434 xliv
2162 1338 2535 1431 κατεχόμενοι,
2559 1358 2655 1411 καὶ
2693 1354 2754 1407 τὸ
2796 1342 2956 1423 σῶμα
2989 1350 3088 1421 τῆς
3115 1344 3268 1418 παρὰ
3292 1342 3457 1413 φύσιν
3481 1338 3615 1434 θερ-

2039 1432 2266 1525 μότητος
2294 1448 2807 1520 ἀναπληρώσαντες,
2837 1444 3015 1497 πάντα
3060 1437 3251 1509 καιρὸν
3285 1434 3384 1487 καὶ
3427 1432 3614 1525 πᾶσαν

2036 1522 2184 1619 ὥραν
2209 1544 2343 1615 πρὸς
2366 1543 2465 1606 τὰς
2495 1540 2833 1610 ἀκαθάρτους
2873 1536 2968 1589 καὶ
3006 1533 3321 1603 ἀσχήμονας
3368 1522 3614 1619 συμπλο-

2037 1615 2139 1701 κάς
2165 1633 2593 1689 συνελαύνονται.
2630 1632 2836 1699 Ὥσπερ
2873 1625 2982 1698 γὰρ
3017 1623 3161 1695 ὕδωρ
3196 1617 3459 1689 πολέμιόν
3496 1615 3616 1667 ἐστι

2030 1708 2194 1799 ἶπυρὶ,
2240 1724 2411 1787 οὕτως
2447 1720 2681 1793 ἀμετρία
2724 1720 2866 1772 οῐνου
2909 1712 3165 1784 λογισμὸν
3214 1706 3617 1799 κατασὸέιηυσι

377 1835 636 1897 tanquam
665 1826 890 1890 rivulos,
920 1834 1015 1879 aut
1044 1824 1317 1880 convalles
1345 1820 1696 1877 transiliunt?
1720 1817 1935 1873 Rursus

2052 1792 2307 1889 ςὼξρρονα.
2341 1792 2498 1867 [Ιοῖον
2543 1792 2651 1883 γάρ
2686 1811 2934 1880 βόσκημα
2971 1805 3114 1860 οὕτω
3147 1799 3497 1897 παραϐλέπει
3521 1792 3617 1897 καὶ

377 1934 566 1976 eorum
619 1933 780 1973 aures
830 1917 1012 1972 sonitu
1069 1930 1133 1969 ac
1198 1913 1430 1983 strepitu
1497 1911 1732 1981 quodam
1782 1910 1939 1980 quasi

378 2010 660 2067 aestuantis
689 2008 854 2065 maris
879 2008 1209 2078 implentur;
1236 2015 1381 2061 terra
1411 2018 1538 2059 vero
1565 2017 1783 2059 sursum
1805 2001 1941 2072 erigi

379 2098 629 2163 videtur,
688 2104 743 2153 et
789 2107 1003 2153 montes
1060 2098 1117 2151 in
1179 2095 1367 2151 orbem
1422 2092 1792 2148 circumverti.
1844 2090 1941 2146 His

382 2190 559 2246 somni
600 2188 819 2260 quidem
846 2204 1036 2260 graves
1085 2195 1253 2255 sunt,
1307 2195 1361 2242 et
1389 2200 1623 2242 excussu
1672 2182 1936 2247 diﬂiciles,

382 2298 549 2352 prope
595 2280 957 2349 suffocantes,
998 2282 1262 2353 planeque
1297 2278 1460 2335 morti
1488 2277 1694 2343 vicini,
1747 2276 1943 2347 vigiliae

384 2389 512 2429 vero
533 2376 740 2429 somnis
768 2373 1117 2443 stupidiores.
1144 2370 1279 2426 Nam
1304 2370 1634 2426 insomnium
1668 2367 1940 2439 quoddam

384 2474 468 2521 est
515 2467 623 2520 vita
676 2466 919 2537 ipsorum
944 2505 960 2530 ,
1001 2466 1095 2535 qui
1139 2479 1264 2519 cum
1312 2476 1414 2518 nec
1444 2468 1651 2517 vestem
1684 2460 1941 2523 habeant,

384 2571 562 2626 neque
592 2555 735 2626 quod
778 2559 835 2611 in
874 2555 1172 2610 crastinum
1212 2553 1394 2617 edant,
1444 2557 1674 2623 regnant
1701 2559 1755 2605 et
1791 2564 1945 2605 exer-

384 2647 585 2703 citibus
604 2648 661 2702 in
688 2647 947 2703 ebrietate
974 2647 1260 2717 imperant,
1295 2649 1622 2700 construunt
1654 2641 1851 2704 urbes,
1882 2655 1947 2695 ac

384 2741 644 2810 pecunias
666 2741 1022 2811 elargiuntur.
1055 2738 1128 2809 (5)
1158 2736 1300 2805 Quid
1335 2736 1470 2792 facis
1494 2775 1509 2801 ,
1539 2750 1573 2790 o
1606 2734 1811 2789 homo?
1843 2732 1948 2787 Fa-

387 2826 569 2883 mulus
594 2826 832 2898 profugit
882 2827 950 2882 ab
994 2827 1127 2882 hero
1168 2826 1527 2881 verberante:
1572 2831 1631 2878 tu
1680 2838 1808 2879 vero
1838 2839 1947 2878 non

388 2917 598 2975 recedis
625 2933 656 2972 a
685 2919 833 2982 vino,
868 2917 1013 3005 quod
1042 2927 1192 2972 tuum
1220 2916 1463 2987 quotidie
1489 2926 1653 2986 caput
1678 2915 1949 2985 percutit?

2044 1882 2343 1979 παρακούει
2371 1903 2445 1966 ὡς
2478 1905 2506 1956 ὁ
2533 1900 2784 1972 μεθύων;
2830 1893 2963 1964 Οὐχὶ
3010 1892 3192 1959 ἀγνοεῖ
3225 1887 3322 1959 μὲν
3365 1884 3497 1979 τοὺς
3540 1882 3616 1979 οξ-

2043 1972 2385 2061 κειοτάτους,
2429 1992 2751 2066 προστρέχει
2782 1989 2838 2042 δὲ
2881 1988 2994 2050 τοῖς
3028 1981 3323 2052 ἀλλοτρίοις
3381 1976 3461 2038 ὡς
3505 1972 3618 2066 τοῖς

2046 2089 2364 2161 συνήθεσιν;
2391 2087 2450 2139 οὐ
2480 2085 2578 2148 τὰς
2611 2081 2768 2143 σκιὰς
2793 2075 3119 2145 δια-πηδῶσιν
3150 2073 3199 2125 οἱ
3230 2066 3465 2123 τοιοῦτοι
3490 2062 3618 2116 ¹ηολ-

2045 2154 2221 2246 λάκις,
2255 2181 2330 2245 ὡς
2352 2180 2568 2251 ὀχετοὺς
2599 2176 2632 2246 ἢ
2660 2175 2980 2247 φάραγγαςς
3014 2168 3198 2236 Ἤχων
3227 2162 3285 2215 δὲ
3312 2159 3501 2220 αὐτοῖς
3528 2154 3618 2208 κει»ὶ

2044 2273 2230 2344 ψόφων
2257 2272 2325 2326 τὰ
2353 2264 2466 2324 ὦτα
2498 2268 2849 2339 πεπλήρωται
2892 2259 3057 2316 οἱονεὶ
3105 2255 3382 2344 θαλάσσης

2048 2339 2275 2435 νούσης·
2305 2366 2339 2435 ἡ
2371 2363 2427 2418 δὲ
2450 2362 2521 2433 γῆ
2549 2359 2684 2433 πρὸς
2727 2357 2788 2411 τὸ
2825 2353 3006 2427 ὄρθιον
3051 2343 3428 2435 διανίστασθαι
3452 2339 3623 2435 δοκξί

2048 2457 2144 2511 καὶ
2170 2427 2241 2509 τά
2285 2427 2389 2525 ὅρη
2430 2427 2771 2525 περιτρέχειν
2818 2444 3019 2516 κύκλῳ.
3060 2439 3283 2498 Τούτοις
3325 2432 3493 2525 ὕπνοι
3515 2427 3625 2525 ἠμὲν

2050 2548 2257 2620 βαρεῖς,
2283 2519 2779 2613 κᾷιδυσάνάφὸροι,
2805 2539 2899 2593 καὶ
2934 2532 3241 2603 πνιγώδεις,
3266 2525 3363 2620 xc}
3397 2522 3477 2620 In?
3514 2519 3625 2571 ὄντι

2051 2614 2279 2695 θανάτου
2324 2638 2587 2707 γείτονες·
2640 2637 2696 2689 αἱ
2742 2634 2799 2686 δὲ
2845 2628 3232 2702 γρηγορήσεις,
3281 2617 3394 2672 τῶν
3441 2614 3626 2707 ὕπνων

2054 2704 2515 2801 ἀναισθητάτεραι.
2554 2725 2829 2779 Ἐνύπνιον
2865 2722 2972 2791 γὰρ
3011 2717 3192 2777 αὐτοῖς
3220 2714 3370 2765 ἐστιν
3415 2708 3457 2801 δ
3493 2704 3628 2801 βίος.

2051 2821 2104 2875 οῖ
2122 2838 2186 2890 γε
2214 2795 2428 2892 ἱμάτιον
2454 2819 2555 2871 οὐκ
2579 2817 2811 2889 ἔχοντες,
2837 2811 2945 2866 οὐδ’
2974 2811 3002 2865 ὅ
3039 2827 3093 2863 τι
3122 2806 3370 2875 φάγωσιν
3414 2800 3500 2860 εἰς
3532 2795 3633 2892 τὴν

2053 2887 2261 2986 αὔριον,
2318 2887 2659 2984 βασιλεύουσι
2702 2906 2795 2960 καὶ
2837 2900 3210 2974 στρατοπέδων
3261 2894 3527 2967 ἄρχουσιν
3565 2887 3633 2986 μὲν

387 3012 456 3081 τῇ
517 3011 685 3082 μέθῃ,
738 3010 832 3065 καὶ
879 2983 1067 3073 πόλεις
1106 2983 1482 3080 οἰκοδομοῦσι,
1526 2983 1620 3062 καὶ
1663 2983 1915 3080 χρήματα
1967 2983 2296 3077 διανέμουσι.
2323 2983 2404 3058 νΤί
2456 3006 2647 3067 ποιεῖς,
2692 2999 2981 3070 ἅνθρωπε;
3038 2994 3270 3061 Οίκέτ-ης
3310 2983 3633 3082 δραπετεύει

387 3078 653 3174 δεσπότην
702 3102 969 3157 τύπτοντα
992 3121 1005 3134 ·
1065 3104 1129 3156 σὺ
1184 3102 1240 3155 δὲ
1288 3078 1388 3156 καὶ
1453 3078 1788 3172 παραμένεις
1836 3100 1915 3154 τῶ
1970 3099 2098 3171 οϊνῳ
2121 3144 2134 3168 ,
2189 3100 2308 3154 καθ’
2364 3099 2598 3170 ἑκάστην
2646 3096 2855 3168 ἡμέραν
2924 3092 3022 3161 τὴν
3075 3086 3317 3157 κεφαλήν
3380 3100 3476 3136 σου
3538 3078 3634 3131 τὺο

388 3213 575 3251 πτοντι
602 3212 616 3258 ;

458 3288 514 3343 4.
540 3286 729 3342 Modus
759 3287 942 3341 utendi
975 3287 1098 3340 vino
1130 3286 1368 3356 optimus
1423 3294 1507 3340 est
1573 3285 1819 3357 corporis
1858 3300 1947 3340 ne-

2123 3281 2178 3334 4.
2205 3279 2416 3351 Μέτρον
2438 3277 2657 3349 ἄριστον
2678 3275 2775 3346 τῆς
2805 3270 2900 3326 τοῦ
2924 3269 3069 3324 οἴνου
3099 3268 3375 3340 χρήσεως,
3408 3268 3442 3337 ἡ
3477 3267 3636 3337 χρεία

384 3378 644 3434 cessitas.
697 3376 853 3444 Quod
899 3377 946 3432 si
978 3376 1114 3432 ﬁnes
1147 3376 1641 3447 preetergredieris,
1689 3376 1954 3447 postridie

393 3471 577 3526 venies
613 3469 809 3540 capitis
850 3468 1140 3540 gravedine
1188 3466 1444 3533 allectus,
1499 3469 1775 3533 oscitans,
1831 3483 1955 3523 ver-

393 3562 560 3632 tigine
580 3561 855 3624 laborans,
885 3559 1243 3628 putrefactum
1268 3560 1493 3615 obolens
1516 3562 1704 3614 vinum
1728 3577 1744 3625 ;
1772 3560 1955 3614 omnia

392 3653 493 3707 tibi
538 3652 920 3718 circumferri,
975 3653 1157 3707 omnia
1213 3652 1568 3707 circumvolvi
1605 3651 1952 3708 videbuntur.

397 3745 473 3816 (4)
513 3743 808 3815 Postquam
835 3744 982 3800 enim
1020 3743 1263 3815 fuligine,
1295 3759 1455 3814 quam
1484 3745 1668 3798 vinum
1697 3744 1958 3799 exhalans

397 3850 617 3892 sursum
664 3837 889 3900 emittit,
923 3836 1141 3905 repletae
1187 3843 1314 3891 sunt
1356 3835 1565 3890 cerebri
1606 3834 1955 3898 membranae,

397 3935 560 3996 caput
612 3933 672 3979 ut
706 3925 1139 3981 intolerabilibus
1186 3923 1466 3979 doloribus
1506 3924 1833 3993 corripitur,
1884 3923 1961 3977 ita

399 4032 563 4087 super
615 4017 871 4073 humeros
917 4023 1124 4071 rectum
1156 4029 1376 4069 manere
1424 4030 1533 4069 non
1586 4015 1812 4081 valens,
1854 4014 1961 4068 huc

400 4108 528 4162 illuc
578 4123 742 4177 super
790 4106 1069 4163 vertebras
1127 4105 1649 4175 nutans,jactatur.
1688 4104 1763 4177 (5)
1799 4103 1964 4172 Quin-

399 4197 565 4254 etiam
611 4197 727 4267 ipsa
765 4197 818 4250 in
859 4194 1103 4251 fruendis
1151 4195 1521 4265 voluptatibus
1567 4195 1963 4250 incontinentia

400 4304 466 4344 ex
498 4288 626 4342 vino
657 4286 814 4358 quasi
849 4301 915 4341 ex
947 4285 1095 4342 fonte
1120 4285 1403 4341 manifeste
1432 4287 1768 4355 prorumpit,
1801 4293 1965 4355 atque

402 4394 512 4434 una
558 4393 681 4433 cuin
709 4392 858 4433 mero
886 4378 1073 4447 irrepit
1100 4377 1451 4447 impudicitiae
1482 4377 1628 4433 labes
1647 4417 1662 4439 ,
1696 4392 1816 4448 quae
1847 4393 1965 4432 om-

403 4485 526 4525 nem
564 4483 818 4539 pecorum
864 4468 920 4522 in
962 4467 1191 4523 feminas
1244 4468 1511 4523 insaniam
1552 4467 1711 4539 562
1740 4469 1965 4529 demon-

403 4568 542 4616 strat
598 4559 928 4630 procacitate
984 4573 1046 4612 ac
1101 4557 1319 4613 lascivia
1368 4557 1642 4612 ebriorum
1698 4559 1963 4611 minorem

2053 3373 2148 3426 τοῦ
2188 3371 2454 3444 σώματος.
2499 3369 2625 3423 Ἐὰν
2663 3368 2720 3420 δὲ
2764 3366 2868 3430 ἔξω
2912 3364 3018 3417 τῶν
3059 3363 3201 3435 ὅρων
3244 3362 3404 3431 γένῃ,
3448 3359 3636 3432 αὔριον

2054 3464 2203 3537 ἣξεις
2233 3462 2582 3535 καρηϐαρῶν,
2629 3457 2986 3532 χασμὼμενος
3006 3497 3020 3519 ,
3068 3452 3312 3523 ἰλιγγιῶν
3339 3452 3445 3523 (6),
3478 3467 3635 3520 σεση-

2056 3557 2218 3621 πότος
2248 3557 2389 3609 οἴνου
2423 3552 2668 3619 ἀπόζων·
2701 3550 2876 3604 πάντα
2904 3565 2987 3601 σοι
3011 3544 3427 3617 περιφέρεσθαι,
3462 3542 3635 3596 πάντα

2056 3646 2319 3701 δονείσθαι
2376 3645 2536 3711 δόξει.
2575 3644 2741 3696 Ὅταν
2805 3641 2912 3711 γὰρ
2970 3638 3193 3709 πλήρεις
3253 3637 3311 3688 αἱ
3373 3636 3636 3705 μήνιγγες

2059 3740 2320 3807 γένωνται
2364 3735 2464 3805 τῆς
2512 3732 2777 3803 αἱθάλης,
2825 3729 2893 3801 ἢν
2943 3731 2971 3782 ὁ
3015 3723 3155 3790 οἶνος
3211 3722 3636 3795 ὲξατμιζόμενος

2058 3828 2336 3898 ἀναφέρει,
2380 3824 2626 3896 βάλλεται
2665 3822 2764 3893 μὲν
2805 3819 3016 3882 ὀδύναις
3059 3816 3359 3887 άφορήτοις
3397 3814 3432 3883 ἠ
3480 3829 3636 3880 κεφα-

2059 3921 2125 3993 λή
2148 3939 2161 3952 -
2196 3920 2377 3992 μένειν
2404 3917 2459 3970 δὲ
2491 3916 2623 3987 ὀρθὴ
2661 3914 2754 3967 ἐπὶ
2790 3912 2899 3966 τῶν
2920 3910 3083 3981 ὤμων
3108 3908 3182 3979 μὴ
3210 3906 3513 3977 δυναμένη,
3547 3904 3637 3959 άλ-

2058 4015 2178 4067 λοτε
2211 4014 2296 4064 ἐπ’
2326 4010 2459 4065 ἄλλα
2491 4009 2567 4077 I7)
2610 4005 2973 4068 καταπίπτει,
3019 4005 3128 4065 τοῖς
3171 3998 3490 4060 σπονδύλοις
3561 3998 3638 4049 ὲν-

2062 4103 2455 4159 ολισθαίνουσα.
2501 4101 2565 4154 Ἡ
2601 4099 2656 4152 δὲ
2698 4096 2834 4169 πρὸς
2862 4094 2961 4158 τὰς
2986 4091 3174 4164 ἡδονὰς
3200 4088 3462 4162 ἀκρασία,
3494 4088 3637 4141 ἄντι-

2063 4212 2219 4264 κρυς,
2243 4192 2430 4263 ὥσπερ
2469 4192 2534 4243 ἐκ
2572 4188 2755 4258 πηγῆς
2797 4184 2889 4238 τοῦ
2922 4185 3064 4236 οἴνου
3098 4181 3346 4253 φέρεται,
3382 4179 3479 4232 καὶ
3526 4194 3637 4230 συν-

2064 4285 2335 4339 εισπίπτει
2364 4282 2443 4353 τῷ
2472 4282 2696 4352 ἀκράτῳ
2729 4278 2827 4348 τῆς
2859 4275 3143 4344 ἀσελγείας
3166 4275 3200 4345 ἡ
3247 4273 3425 4334 νόσος,
3459 4273 3637 4324 πᾶσαν

2067 4377 2422 4449 βοσκημάτων
2467 4373 2662 4446 μανίαν
2708 4373 2800 4424 ἐπὶ
2840 4370 2900 4423 τὸ
2951 4368 3083 4437 θῆλυ
3122 4368 3196 4437 (8)
3232 4364 3495 4435 δευτέραν
3543 4363 3637 4432 τῆς

2064 4468 2172 4522 τῶν
2219 4466 2522 4537 μεθυόντων
2570 4463 2778 4535 ὕϐρεως
2813 4459 3206 4529 ἀποφαίνουσα.
3240 4456 3386 4509 Διότι
3428 4453 3502 4508 τά
3544 4454 3637 4524 μὲν

2067 4558 2234 4626 ἄλογα
2277 4555 2534 4628 γνωρίζει
2598 4555 2725 4617 τοὺς
2781 4554 2938 4622 ὄρους
3001 4552 3099 4621 τῆς
3160 4549 3408 4618 φύσεως·
3481 4550 3530 4600 οί
3585 4546 3639 4599 δὲ

402 4666 543 4708 esse.
597 4649 663 4705 Et
693 4650 909 4721 quidem
946 4650 1105 4704 bruta
1153 4648 1405 4702 animalia
1443 4656 1651 4702 naturae
1699 4648 1947 4703 terminos

2066 4648 2351 4719 μεθύοντες
2385 4649 2443 4700 ὲν
2478 4647 2663 4717 ἀρῤενι
2695 4645 2791 4715 μὲν
2830 4643 2891 4697 τὸ
2919 4641 3072 4713 θῆλυ,
3121 4641 3178 4694 ὲν
3199 4639 3256 4693 δὲ
3281 4639 3361 4711 τῷ
3387 4639 3541 4710 θήλει
3581 4638 3641 4690 τὺ

401 4757 512 4797 non
545 4742 797 4811 ignorant
827 4757 841 4793 :
874 4738 1010 4794 ebrii
1045 4753 1172 4793 vero
1202 4739 1259 4792 in
1292 4737 1536 4792 masculo
1570 4735 1821 4791 feminam
1842 4774 1858 4800 ,
1906 4736 1964 4789 in

403 4833 605 4889 femina
640 4833 941 4888 masculum
974 4831 1278 4900 requirunt.
1331 4827 1622 4898 Postquam
1670 4828 1815 4883 enim
1847 4828 1964 4882 ani-

404 4942 547 4983 mam
599 4927 678 4980 ita
742 4925 1064 4997 perdidere,
1110 4931 1171 4978 ut
1226 4924 1336 4979 sint
1390 4923 1694 4993 omnigenis
1735 4922 1966 4977 maculis

404 5016 713 5089 compuncti
740 5056 756 5083 ,
778 5024 1037 5088 praeterea
1070 5016 1243 5086 ipsam
1271 5028 1486 5085 quoque
1523 5014 1769 5083 corporis
1807 5013 1964 5066 habi-

403 5110 648 5166 tudinem
675 5114 1049 5178 corrumpunt.
1104 5105 1316 5162 Etenim
1363 5119 1473 5161 non
1522 5105 1607 5162 ob“
1647 5104 1966 5160 immodicas

476 5296 519 5329 "
552 5293 695 5349 Psal.
718 5306 908 5356 ιινιιι,
937 5290 1020 5345 15.

499 5517 555 5581 2)
593 5517 752 5581 lbid.,
795 5517 920 5571 124.

504 5583 558 5654 5)
597 5586 676 5640 Ex
695 5587 841 5641 hom.
878 5602 895 5640 I
927 5583 990 5640 de
1007 5585 1231 5654 jejunio,
1251 5585 1305 5640 9.

507 5656 559 5723 4)
596 5656 670 5710 Ex
703 5656 849 5710 hom.
900 5656 955 5709 in
974 5656 1226 5723 ebriosos,
1255 5656 1375 5710 126.

504 5450 554 5510 1)
592 5447 670 5505 Ex
700 5448 845 5503 hom.
876 5447 934 5501 in
960 5446 1211 5510 ebriosos,
1249 5445 1371 5502 125.

504 5450 527 5502 1
592 5450 670 5505 Ex
700 5450 845 5503 hom.
876 5450 914 5501 iv

499 5521 535 5575 2
593 5517 752 5581 lbid.,
795 5517 914 5571 124.

504 5591 538 5644 5
597 5586 676 5640 Ex
695 5587 895 5641 hom.I

507 5660 538 5710 4
596 5656 670 5710 Ex
703 5656 849 5710 hom.
900 5656 914 5707 i

510 5728 563 5796 5)
599 5724 754 5787 lbid.,
794 5725 914 5780 125.

2066 4742 2233 4813 ipsa:
2265 4738 2629 4810 ἐπιζητοῦσιν.
2676 4734 2831 4789 Οὕτω
2865 4733 2974 4805 γὰρ
3006 4733 3103 4804 τὴν
3144 4731 3325 4802 ψυχὴν
3372 4729 3643 4783 ἀπολωλό-

2066 4850 2177 4895 τες,
2213 4832 2289 4895 ὡς
2311 4831 2415 4883 ὑπὸ
2455 4829 2634 4898 πάσης
2673 4827 2886 4898 κηλῖδος
2932 4823 3368 4894 κατεστιγμένοι,
3417 4821 3501 4874 ἔτι
3550 4821 3640 4874 καὶ

2066 4924 2236 4993 αὐτὴν
2273 4921 2362 4974 τοῦ
2412 4920 2660 4990 σώματος
2686 4919 2785 4989 τὴν
2831 4917 2944 4984 ἕξιν
2969 4914 3545 4985 προσδιαφθείρονται·
3581 4914 3640 4965 ού

2069 5014 2228 5081 μόνον
2267 5013 2332 5081 τῇ
2381 5008 2649 5081 ὑπερϐολῇ
2697 5006 2808 5060 τῶν
2855 5005 3055 5076 ¹ἡδονῶν
3100 5004 3494 5073 ἐξοιστρουσῶν
3554 5004 3644 5056 ἐπὶ

2068 5103 2319 5172 λαγνείας
2344 5100 2695 5170 ὲκτετηκότες
2727 5097 2822 5152 καὶ
2852 5096 3210 5169 διαρρέοντες,
3248 5094 3386 5149 ἀλλὰ
3429 5095 3530 5147 καὶ
3556 5095 3644 5148 αύ-

2143 5435 2226 5517 ςϐ)
2277 5430 2583 5501 Ἰλιγγοιῶν.
2618 5416 2770 5483 lianc
2801 5443 2988 5485 vocem
3015 5444 3082 5483 ex
3108 5434 3374 5483 contextu
3418 5427 3639 5483 desum—

2074 5519 2389 5645 Ρεῗῧυῗὲπξ
2411 5566 3019 5645 ἀμιξηιὴεῖιιεσιοοάθι
3051 5566 3140 5645 tu:
3168 5566 3373 5645 ἄλλοις.

2251 5637 2672 5725 rga-#3637311).
2702 5634 2793 5695 Sic
2819 5634 3018 5710 Regius
3041 5635 3214 5693 codex
3246 5643 3299 5694 et
3326 5644 3635 5695 contextus.

2078 5709 2220 5772 Editi
2247 5713 2339 5766 ἐπὶ
2369 5709 2445 5781 τῷ
2478 5709 2649 5780 θήλει.
2669 5783 2672 5788 _
