3874 6224
258 343 397 400 1325
456 314 457 317 γ

1094 338 1327 396 SERMO
1365 336 1509 392 XVI.
1554 368 1615 379 —
1662 336 1750 392 DE
1790 334 2117 394 INGLUVIE
2149 337 2236 394 ET
2278 338 2686 395 EBRIETATE.

3365 336 3504 400 1396

256 461 336 531 τῷ
377 457 454 530 τῷ
488 458 635 528 δγκῳ
673 448 1017 526 πεπλαδηκός
1062 456 1157 511 καὶ
1199 455 1435 527 βρυῶδες
1471 455 1563 509 καὶ
1607 454 1700 509 τοῦ
1731 455 1828 519 ζω-

1942 456 2106 512 solum
2137 459 2444 529 voluptates
2467 500 2483 525 ,
2510 459 2711 530 quibus
2762 457 2908 514 velut
2942 456 3127 514 furore
3170 457 3405 529 quodam
3434 462 3505 516 ad

256 550 410 606 τικοῦ
458 550 611 604 τόνου
663 547 949 619 λελυμένον
987 547 1050 601 τὸ
1089 547 1248 619 σῶμα
1295 547 1568 618 φέροντες.
1613 546 1830 601 Τούτων

258 642 497 698 πελιδνοὶ
523 642 622 713 μὲν
653 641 702 695 οί
730 639 1017 711 ὀφθαλμοὶ,
1050 638 1300 712 ὖπωχρος
1342 640 1400 695 δέ
1442 641 1475 710 ἡ
1519 639 1827 708 ἐπιφάνεια,

258 734 474 805 πνεῦμα
506 732 892 806 προστετηκὺς,
926 730 1146 800 γλῶσσα
1177 730 1502 803 παρειμένη,
1541 732 1633 785 καὶ
1671 747 1835 801 κραυ-

258 828 330 899 γὴ
371 814 612 898 ἄσημος,
644 825 1004 898 ἀκροσφαλεῖς
1044 826 1094 878 οἱ
1132 825 1289 889 πόδες
1331 824 1581 895 καθάπερ
1627 825 1677 877 οἱ
1723 824 1832 878 τῶν

258 918 484 981 παίδων,
517 917 792 987 ἐκκρίσεις
830 916 888 970 δὲ
932 915 1040 969 τῶν
1081 916 1509 989 περιττωμάτων
1536 917 1831 989 αὐτόματοι

257 1009 446 1081 ὥσπερ
475 1008 580 1063 ἀπὸ
609 1008 829 1079 ἀψύχων
880 1008 1119 1078 ῥέουσαι.
1169 1008 1422 1062 Ἐλεεινοὶ
1458 1009 1558 1079 τῆς
1600 1009 1830 1081 τρυφῆς,

256 1101 605 1173 ἐλεεινότεροι
644 1100 750 1154 τῶν
778 1101 837 1153 ἐν
869 1098 1092 1168 πελάγει
1118 1098 1548 1175 χειμαζομένων,
1578 1098 1671 1163 οὒς
1699 1100 1833 1155 ἄλλα

257 1193 319 1258 ἐξ
379 1192 553 1247 ἄλλων
598 1192 956 1263 διαδεχόμενα
999 1192 1093 1246 καὶ
1143 1191 1566 1256 ἐπιϐαπτίζοντα
1615 1190 1833 1262 κύματα

255 1266 549 1356 ἀναφέρειν
581 1284 679 1337 οὐκ
718 1281 1015 1354 ἐπιτρέπει
1040 1282 1133 1335 τοῦ
1167 1281 1454 1345 κλύδωνος.
1481 1282 1691 1354 Ὠσπερ
1724 1283 1834 1353 γὰρ

255 1373 326 1428 τὰ
368 1372 738 1444 χειμαζόμενα
780 1372 939 1426 πλοῖα
983 1371 1201 1427 ἐπειδὰν
1244 1372 1549 1444 ὑπέραντλα
1587 1373 1831 1443 γένηται,

257 1465 570 1533 ἀναγκαίως
610 1466 674 1536 τῇ
716 1463 910 1534 ἐκϐολῇ
952 1463 1045 1517 τοῦ
1081 1464 1277 1535 φόρτου
1319 1462 1833 1533 κουφίζεταιιοΰτω

255 1555 355 1608 καὶ
387 1553 595 1616 τούτοις
620 1555 912 1622 ἀναγκαῖαι
942 1555 1049 1608 τῶν
1079 1554 1417 1625 βαρυνόντων
1441 1556 1495 1607 αἱ
1522 1554 1831 1619 ἀποθέσεις.

269 1641 555 1714 Ἐμοῦντες
579 1643 686 1715 γάρ
720 1643 794 1714 (ί)
828 1646 923 1698 καὶ
960 1643 1387 1709 ἀποϐλύζοντες,
1425 1644 1578 1716 μόλις
1622 1645 1835 1700 ἐλευθε-

259 1734 477 1807 ροῦνται
530 1734 624 1787 τοῦ
688 1734 921 1807 βάρους,
970 1735 1209 1807 τοσούτῳ
1263 1735 1371 1788 τῶν
1430 1736 1834 1792 δυσπλοούντων

256 1827 628 1899 ἐλεεινότεροι,
658 1827 778 1880 ὅσον
816 1828 864 1880 oi
910 1826 1010 1897 μὲν
1043 1827 1275 1898 ἀνέμους
1312 1828 1408 1881 καὶ
1439 1827 1710 1884 θάλασσαν
1743 1831 1836 1883 καὶ

256 1918 357 1984 τὰς
384 1919 579 1984 ἔξωθεν
626 1919 869 1989 ἀνάγκας
910 1919 1294 1975 ἐπαιτιῶνταιο
1330 1922 1379 1973 οί
1423 1922 1479 1975 δὲ
1518 1921 1836 1995 αὐθαίρετον

255 2010 595 2064 ἐπισπῶνται
630 2010 723 2063 τὸν
768 2011 833 2064 ἐκ
873 2011 973 2083 τῆς
1012 2009 1181 2082 μέθης
1224 2011 1488 2083 χειμῶνα.
1516 2014 1624 2067 Καὶ
1656 2015 1704 2067 οἱ
1740 2014 1837 2085 μὲν

254 2103 634 2175 δαιμονῶντες,
669 2102 889 2156 ἐλεεινοί
912 2120 927 2136 ο
962 2105 1011 2157 οί
1043 2102 1101 2156 δὲ
1151 2103 1442 2174 μεθύοντες
1469 2105 1539 2160 τὰ
1559 2107 1700 2161 αὐτὰ
1730 2108 1837 2161 πά-

258 2213 501 2268 σχοντες,
528 2195 647 2249 οὐδὲ
672 2197 766 2249 τοῦ
795 2194 1061 2251 ἐλεεῖσθαι
1088 2195 1247 2263 ἄξιοι,
1289 2197 1596 2271 αὐθαιρέτῳ
1625 2199 1838 2270 δαίμονι

258 2286 744 2359 προσπαλαίοντες.
777 2285 841 2340 Οἳ
873 2286 967 2340 καὶ
1007 2286 1178 2358 μέθης
1216 2287 1523 2342 συντιθέασι
1548 2288 1834 2360 φάρμακα,

257 2379 379 2450 οὐχὶ
401 2376 496 2431 τοῦ
526 2378 599 2449 μὴ
629 2376 821 2431 παθεῖν
844 2394 895 2431 τι
927 2376 1100 2431 δεινὸν
1126 2377 1235 2431 ἀπὸ
1259 2377 1353 2432 τοῦ
1386 2379 1551 2445 οἴνου,
1582 2379 1717 2434 ἀλλὰ
1744 2381 1836 2435 τοῦ

262 2470 338 2540 μὴ
371 2468 635 2523 διαλιπεῖν
663 2468 952 2540 μεθύοντες
983 2468 1382 2541 μηχανώμενοι.
1420 2471 1530 2526 Καὶ
1556 2470 1709 2536 τέλος
1740 2473 1842 2527 οὐκ

258 2559 375 2614 ἔστι
423 2559 518 2614 τοῦ
554 2560 760 2614 κακοῦο
806 2561 968 2625 αὐτὸς
1003 2561 1112 2633 γὰρ
1161 2561 1351 2616 ἐαυτὸν
1396 2561 1426 2614 ὁ
1465 2557 1607 2627 οἶνος
1648 2565 1740 2617 ἐπὶ
1778 2565 1840 2619 τὸ

260 2653 443 2706 πλεῖον
475 2653 704 2725 προάγει
730 2653 828 2725 (‘2).
863 2655 938 2707 Οὐ
976 2651 1084 2725 γὰρ
1133 2650 1232 2724 τὴν
1269 2653 1459 2725 χρείαν
1503 2655 1841 2727 παραμυθεῖ-

260 2760 372 2809 ται,
400 2743 514 2797 ἀλλ’
543 2744 730 2816 ἐτέρου
762 2744 928 2798 ποτοῦ
972 2744 1158 2816 χρείαν
1201 2746 1576 2818 ἀπαραίτητον
1602 2750 1837 2818 ἐμποιεῖ,

261 2836 498 2889 ἐκκαίων
525 2837 649 2898 τοὺς
678 2836 993 2907 μεθύοντας,
1022 2836 1117 2890 καὶ
1145 2836 1232 2890 ἀεὶ
1257 2838 1394 2910 πρὸς
1416 2837 1512 2909 τὴν
1539 2836 1633 2892 τοῦ
1660 2838 1836 2894 πλείο-

261 2941 350 2989 νος
377 2924 559 2994 ἔφεσιν
587 2926 1077 2998 προσκαλούμενος.
1108 2928 1217 2981 Καὶ
1247 2927 1436 3002 ὥσπερ
1464 2930 1521 2983 αί
1547 2931 1837 3003 χαράδραι,

261 3016 367 3080 ἕως
391 3017 490 3088 μὲν
522 3017 586 3071 ἂν
617 3018 807 3082 αὑταῖς
830 3019 1157 3091 ἐπιρῤέωσιν
1188 3018 1239 3072 οἱ
1269 3018 1584 3092 χείμαρροι,
1614 3020 1842 3093 πλήρεις

262 3104 399 3163 εἶναι
437 3109 671 3172 δοκοῦσι,
694 3111 1068 3184 παρελθούσης
1105 3113 1163 3166 δὲ
1208 3115 1307 3183 τῆς
1348 3112 1706 3184 πλημμύρας.
1741 3114 1832 3181 ξη-

264 3202 359 3273 ραὶ
389 3202 839 3258 καταλείπονται·
869 3205 1010 3259 οὕτω
1042 3205 1136 3259 καὶ
1171 3207 1284 3269 τοῖς
1311 3204 1582 3275 οἰνόφλυξι
1623 3206 1684 3260 τὸ
1715 3207 1840 3260 στό-

1866 3163 1913 3226 C

1932 548 2267 604 salacitatem
2301 552 2667 614 concitantur,
2699 549 3091 605 contabescunt
3125 566 3190 607 ac
3218 551 3502 610 diﬂluunt:

1932 637 2028 693 sed
2059 640 2129 693 ob
2174 640 2344 710 ipsam
2378 641 2540 695 etiam
2595 640 2792 695 molem
2841 655 2906 695 ac
2954 650 3220 699 tumorem
3246 684 3260 708 ,
3304 658 3506 714 corpus

1934 729 2106 783 nimio
2138 728 2367 785 humore
2394 730 2691 802 repletum,
2722 730 3013 801 laxumque
3051 739 3107 787 et.
3142 732 3290 787 vitali
3322 733 3507 803 vigore

1934 821 2170 875 solutum
2225 823 2641 877 circumferunt.
2694 819 2899 876 Horum
2958 821 3109 876 lividi
3166 831 3292 879 sunt
3338 824 3506 890 oculi,

1934 909 2238 980 subpallida
2284 911 2600 980 superﬁcies
2650 910 2826 975 cutis,
2869 911 3095 982 spiritus
3128 912 3419 982 impeditus
3445 927 3508 970 ac

1933 1009 2383 1071 coagmentatus,
2436 1003 2618 1074 lingua
2662 1002 2939 1068 resoluta,
3001 1003 3207 1059 clamor
3254 1004 3500 1060 indistin-

1935 1097 2091 1154 ctus,
2124 1091 2422 1149 titubantes
2454 1093 2620 1163 pedes
2656 1095 2803 1149 velut
2832 1108 3159 1165 puerorum,
3197 1101 3507 1165 spontanee!

1934 1180 2364 1251 superﬂuitatum
2437 1185 2744 1252 egestiones
2831 1185 2987 1256 quasi
3060 1183 3128 1238 ab
3198 1183 3510 1240 inanimatis

1934 1271 2306 1343 proﬂuentes:
2357 1274 2427 1328 ob
2454 1274 2639 1328 luxum
2672 1275 3041 1340 miserabiles,
3085 1273 3510 1335 miserabiliores

1935 1379 2097 1435 quam
2130 1364 2222 1434 qui
2259 1365 2315 1418 in
2358 1365 2492 1419 mari
2525 1373 2845 1436 tempestate
2889 1369 3206 1439 jactantur,
3237 1382 3377 1439 quos
3406 1365 3511 1421 ﬂu-

1935 1463 2057 1511 ctus
2089 1456 2179 1509 alii
2205 1456 2326 1510 aliis
2372 1456 2756 1533 succedentes,
2788 1474 2851 1513 ac
2880 1459 3291 1530 demergentes,
3318 1457 3383 1515 ex
3416 1475 3510 1511 un-

1934 1550 2022 1604 dis
2074 1563 2350 1620 emergere
2409 1564 2519 1603 non
2578 1550 2786 1606 sinunt.
2844 1551 3315 1618 Quemadmodum
3365 1552 3510 1606 enim

1931 1643 2138 1713 jactata
2167 1650 2488 1714 tempestate
2512 1644 2724 1716 navigia
2771 1662 2895 1702 cum
2927 1648 3049 1719 plus
3086 1662 3242 1718 aequo
3279 1663 3511 1704 oneran-

1937 1743 2047 1798 tur,
2083 1750 2248 1790 onere
2273 1736 2447 1805 ejecto
2475 1751 2701 1792 necesse
2739 1747 2824 1794 est
2849 1739 3074 1794 allevari
3100 1781 3117 1795 .
3155 1740 3233 1795 ita
3266 1748 3320 1796 et
3357 1740 3413 1795 hi
3446 1754 3510 1795 ea

1868 1814 1909 1868 Β
1936 1840 2057 1895 qua.
2082 1824 2232 1896 ipsos
2274 1833 2539 1896 gravant,
2576 1828 2893 1883 necessario
2931 1836 3178 1900 egerunt.
3226 1826 3326 1884 Vix
3365 1829 3510 1883 enim

1938 1919 2146 1973 vomitu
2194 1926 2249 1974 et
2281 1918 2583 1989 dejectione
2642 1919 2709 1976 ab
2760 1936 2925 1977 onere
2964 1922 3306 1985 liberantur,
3361 1929 3511 1977 tanto

1938 2008 2364 2066 miserabiliores
2397 2010 2687 2068 infeliciter
2720 2012 3102 2084 navigantibus
3123 2055 3138 2080 ,
3166 2024 3428 2085 quantum
3459 2013 3511 2068 hi

1938 2102 2157 2171 quidem
2205 2112 2396 2158 ventos
2448 2110 2502 2157 et
2547 2117 2698 2158 mare
2742 2110 2797 2159 et
2849 2111 3073 2160 externa
3124 2104 3511 2175 impedimenta

1939 2201 2272 2252 causantur:
2342 2195 2419 2250 illi
2472 2210 2601 2251 vero
2653 2196 2938 2252 ebrietatis
2998 2204 3376 2267 tempestatem
3439 2197 3511 2252 si-

1938 2286 1994 2341 bi
2021 2286 2157 2356 ipsis
2189 2294 2383 2358 sponte
2413 2285 2711 2342 asciscunt.
2739 2288 2927 2358 Itaque
2973 2287 3065 2359 qui
3114 2302 3145 2342 a
3177 2287 3512 2343 daemonibus

1938 2376 2255 2432 obsidentur
2278 2417 2294 2443 ,
2325 2377 2677 2434 miseratione
2726 2377 2945 2448 quidem
2980 2377 3130 2449 digni
3172 2387 3329 2433 sunt:
3376 2378 3513 2434 ebrii

1940 2482 2067 2524 vero
2106 2468 2291 2524 eadem
2330 2468 2732 2539 perpetientes,
2788 2483 2858 2524 ne
2909 2466 3056 2539 digni
3096 2468 3315 2540 quidem
3359 2478 3515 2535 sunt,

1939 2574 2171 2629 quorum
2197 2560 2555 2616 misereamur
2580 2599 2595 2625 ,
2630 2560 3068 2631 quandoquidem
3102 2576 3226 2616 cum
3264 2561 3513 2617 voluntao

1940 2650 2023 2706 rio
2075 2650 2319 2707 dmmone
2366 2652 2749 2707 colluctantur.
2812 2653 2880 2708 Hi
2946 2663 3207 2725 prmterea
3267 2654 3515 2726 quaedam

1939 2742 2218 2799 ebrietatis
2280 2744 2575 2815 pharmaca
2630 2754 3012 2817 componunt,
3072 2761 3293 2816 operam
3357 2748 3517 2801 indu-

1941 2836 2240 2905 striamque
2289 2836 2346 2890 in
2381 2850 2446 2892 eo
2490 2848 2757 2906 ponentes
2780 2877 2795 2902 ,
2828 2853 2939 2893 non
2972 2845 3032 2893 ut
3075 2853 3144 2893 ne
3175 2837 3305 2907 quid
3336 2838 3463 2892 mali
3489 2854 3519 2892 ε

1940 2928 2070 2982 vino
2106 2930 2409 2999 patiantur,
2437 2929 2534 2985 sed
2568 2937 2628 2984 ut
2653 2930 2897 3001 ipsorum
2920 2931 3157 2988 ebrietas
3185 2930 3332 3002 jugis
3366 2930 3438 2987 sit
3466 2940 3522 2987 et

1942 3020 2188 3076 assidua.
2214 3022 2291 3076 Ac
2317 3020 2481 3091 hujus
2513 3022 2639 3075 mali
2669 3022 2795 3078 linis
2825 3022 3010 3078 nullus
3040 3030 3144 3079 est.
3176 3021 3313 3077 Nam
3342 3038 3521 3094 Ipsum

1944 3128 2004 3169 se
2040 3129 2249 3168 merum
2302 3124 2584 3183 promovet
2639 3113 2706 3168 ad
2756 3116 3007 3186 amplius.
3039 3112 3157 3169 Non
3205 3113 3350 3170 enim
3381 3121 3522 3168 levat

1947 3205 2375 3261 necessitatem:
2443 3204 2538 3260 sed
2610 3205 2854 3262 alterius
2903 3212 3066 3275 potus
3135 3205 3521 3262 necessitatem

265 3307 363 3360 μα,
393 3290 801 3369 ἐλλιμνάζοντος
842 3293 939 3364 μὲν
970 3293 1066 3347 τοῦ
1101 3294 1266 3362 οἴνου,
1311 3292 1517 3366 πλῆρές
1562 3293 1679 3347 ἐστί
1723 3312 1841 3360 πως

1949 3297 2317 3353 inevitabilem
2367 3295 2609 3361 inducit,
2641 3313 2876 3354 exurens
2916 3297 3215 3354 inebriatos
3239 3336 3255 3361 ,
3288 3311 3522 3366 semper-

263 3383 359 3435 καὶ
405 3383 644 3457 δίυγρον,
696 3387 889 3458 μικρὸν
933 3386 989 3440 δὲ
1029 3386 1498 3457 παραδραμόντος,
1532 3386 1698 3458 ξηρὸν
1744 3389 1841 3442 καὶ

1946 3404 2054 3461 que
2106 3387 2435 3443 desiderium
2494 3387 2618 3458 plus
2668 3388 2892 3444 bibendi
2952 3403 3280 3459 provocans.
3332 3386 3409 3458 (ι)
3456 3384 3523 3441 Ει

263 3473 385 3527 ἀνικ
392 3493 490 3546 μον
519 3477 901 3549 ἀπελέγχεται.

1942 3477 2398 3550 quemadmodum
2420 3492 2575 3542 cava,
2600 3476 2732 3532 dum
2766 3479 2819 3532 in
2843 3493 2902 3534 se
2923 3485 3193 3534 torrentes
3216 3475 3522 3541 conﬂuunt,

263 3568 423 3638 plena
468 3584 590 3625 esse
616 3571 905 3639 videntur;
942 3570 1037 3626 sed
1084 3569 1178 3625 ubi
1222 3570 1520 3626 exundatio
1557 3569 1841 3640 praeteriit,
1879 3572 2027 3627 sicca
2059 3570 2319 3639 aridaque
2352 3570 2740 3638 relinquuntur
2789 3590 2803 3626 :
2852 3571 2927 3626 ita
2957 3580 3011 3627 et
3063 3573 3403 3628 ebriosorum
3434 3583 3521 3624 os'

263 3667 615 3728 restagnante
644 3660 805 3726 vino,
844 3661 1064 3730 plenum
1118 3659 1355 3730 quodam
1408 3659 1572 3716 modo
1633 3667 1754 3717 est.
1803 3670 1859 3717 et
1883 3659 2198 3727 madidum,
2233 3657 2329 3714 sed
2378 3659 2539 3715 simul
2586 3669 2646 3714 ut
2697 3660 2975 3730 paululum
3007 3663 3253 3728 eﬂluxit,
3310 3662 3521 3718 siccum

262 3767 319 3813 et
360 3753 607 3812 luunoris
631 3769 824 3825 expers
863 3753 1310 3823 deprehenditur.

335 3850 386 3905 5.
424 3850 608 3920 Πάντη
636 3844 728 3903 οὖν
755 3847 1056 3918 ἀπέχεσθαι
1086 3847 1166 3900 δεῖ
1206 3845 1315 3900 τῶν
1346 3845 1712 3917 ἐμποιούντων
1748 3845 1833 3899 θό-

262 3942 428 3996 λωσιν
470 3941 548 4011 τῷ
579 3938 911 4013 ἡγεμονικῷ.
955 3939 1201 3993 Ἐπειδὰν
1249 3936 1358 4009 γὰρ
1400 3936 1564 4000 πολὺς
1611 3937 1840 4010 εῖσπέσῃ

260 4038 290 4090 ὁ
309 4035 574 4106 ἄκρατος,
606 4028 713 4086 οἷόν
744 4049 826 4095 τις
854 4031 1112 4103 τύραννος
1136 4030 1230 4085 ἐπ)⁵
1260 4031 1359 4102 τὴν
1387 4027 1679 4103 ἀκρόπολιν
1712 4029 1841 4082 ἁνα-

260 4124 507 4198 δραμὼν.
559 4125 666 4177 ἀπὸ
705 4123 807 4193 τῆς
843 4122 1017 4194 ἄκρας
1063 4121 1305 4193 κορυφῆς
1351 4121 1641 4192 ἀσιγήτους
1684 4118 1840 4190 θορύ-

263 4218 392 4280 ϐους
423 4217 642 4287 ἐμποιεῖ
677 4218 744 4285 τῇ
788 4215 956 4285 ψυχῇ,
986 4213 1198 4277 οὐδενὸς
1236 4211 1554 4284 παρανόμου
1588 4210 1838 4281 φειδόμε-

261 4326 353 4372 νος
382 4308 769 4378 ἐπιτάγματος.
820 4304 956 4358 Ἀλλ’
989 4303 1150 4356 αὐτὸν
1191 4300 1596 4372 δουλωσάμενος
1624 4298 1839 4371 πρῶτον

259 4399 356 4453 τὸν
380 4397 657 4467 λογισμὸν,
687 4398 865 4449 πᾶσαν
899 4394 998 4465 τήν
1023 4410 1080 4446 τε
1120 4394 1183 4445 ἐκ
1229 4390 1559 4453 παιδεύσεως
1600 4387 1838 4460 ἐνυπάρ-

2019 3842 2071 3897 5.
2100 3839 2176 3911 (5)
2206 3838 2440 3895 Omnino
2480 3838 2644 3910 igitur
2667 3837 2738 3893 ab
2767 3838 2835 3894 iis
2882 3854 3004 3909 quae
3038 3849 3273 3898 mentem
3313 3852 3520 3914 pertur-

1939 3933 2102 3996 bant,
2134 3931 2407 3987 abstinere
2435 3938 2667 4000 oportet.
2702 3932 3068 4003 Posteaquam
3100 3934 3245 3988 enim
3288 3936 3519 3993 multum

1940 4022 2213 4078 introierit
2238 4022 2396 4086 meri,
2433 4022 2592 4093 quasi
2642 4029 2908 4093 tyrannus
2954 4023 3178 4095 quidam
3226 4025 3293 4080 ad
3336 4041 3519 4084 arcem

1942 4116 2218 4183 ascendit,
2271 4124 2433 4186 atque
2492 4114 2630 4170 nihil
2678 4131 2788 4170 non
2845 4117 3093 4188 iniquum
3127 4117 3434 4189 imperans,
3488 4136 3520 4175 a

1941 4222 2156 4264 summo
2221 4208 2424 4263 vertice
2496 4207 2825 4277 irrequietos
2888 4208 2943 4262 in
3009 4210 3187 4263 anima
3251 4211 3521 4267 tumultus

1941 4298 2163 4355 excitat.
2209 4298 2320 4353 lmo
2376 4299 2589 4354 ratione
2638 4301 2755 4368 ipsa
2807 4300 2863 4354 in
2909 4302 3227 4356 servitutem
3283 4303 3520 4374 primum

1942 4392 2161 4447 redacta
2185 4431 2200 4455 ,
2242 4406 2456 4447 omnem
2495 4406 2563 4445 ex
2608 4391 2896 4461 disciplina
2928 4394 3349 4451 concinnitatem
3382 4411 3520 4451 con-

262 4504 466 4559 χουσαν
498 4485 852 4556 διακόσμησιν
887 4485 1076 4553 συγχεῖ
1126 4483 1218 4535 καὶ
1259 4479 1519 4551 ταράσσει
1547 4478 1646 4547 (5),
1672 4475 1839 4546 γέλω·

1947 4482 2122 4538 t'undit
2163 4490 2218 4538 et
2276 4482 2595 4559 perturbat,
2638 4483 2786 4538 risus
2816 4483 3139 4550 indecoros,
3178 4500 3360 4540 vocem
3402 4495 3518 4542 tur-

261 4597 363 4643 τας
406 4579 570 4633 κινῶν
612 4579 899 4650 ἀπρεπεῖς,
937 4576 1119 4645 φωνὴν
1158 4572 1458 4645 θορυϐώδη,
1502 4570 1669 4642 ὀργὰς
1707 4587 1842 4642 προ-

263 4672 470 4735 πετεῖς,
508 4669 799 4739 ἐπιθυμίας
835 4666 1218 4739 ἀχαλινώτους,
1253 4658 1465 4733 οἶστρον
1507 4661 1600 4714 καὶ
1649 4658 1845 4730 μανίαν

264 4764 362 4816 ἐπὶ
405 4764 584 4816 πᾶσαν
628 4761 938 4832 παράνομον
987 4757 1198 4829 ἡδονήν.
1248 4753 1348 4807 Διά
1392 4752 1550 4806 τοῦτο
1580 4750 1654 4823 μὴ
1696 4749 1845 4804 πινέ-

264 4869 469 4917 τωσαν,
494 4853 676 4923 φησὶν,
704 4854 751 4904 οἱ
775 4849 1030 4904 δυνάσται
1070 4843 1231 4913 οἶνον,
1262 4847 1372 4898 εἴτε
1417 4845 1465 4897 οἱ
1509 4842 1683 4914 ἀρχήν
1723 4856 1846 4894 τινα

265 4945 729 5015 πεπιστευμένοι,
776 4942 870 4997 καὶ
920 4939 1194 5012 δημοσίων
1242 4933 1580 5008 πραγμάτων
1642 4935 1845 4987 οίκονο⁴

269 5035 431 5105 μίαν*
468 5037 577 5088 εἴτε
622 5035 672 5088 οἱ
717 5033 804 5086 διὰ
846 5031 942 5103 τὴν
991 5029 1174 5101 ἀκμὴν
1207 5029 1306 5098 τῆς
1349 5025 1563 5097 ἡλικίας
1600 5026 1659 5078 ἐν
1686 5023 1843 5077 δυνά-

272 5141 365 5195 μει
406 5124 557 5188 ὄντες
597 5127 905 5196 σωμτικῇ.
939 5125 1001 5177 Οἱ
1030 5121 1138 5192 γὰρ
1174 5117 1401 5172 τοιοῦτοι
1439 5115 1598 5186 φύσει
1645 5113 1843 5185 τυγχά-

268 5234 452 5282 νοντες
494 5217 632 5289 πρὸς
666 5217 764 5281 τὰς
804 5215 979 5289 ὁρμὰς
1007 5214 1356 5287 εὑερέθιστοι,
1404 5208 1627 5263 ἐπειδὰν
1666 5209 1759 5262 καὶ
1784 5207 1844 5260 τὸ

266 5305 365 5360 τοῦ
416 5304 560 5359 οἴνου
608 5304 984 5377 προσλάϐωσιν
1036 5303 1275 5373 ἔξαλμα,
1334 5296 1444 5353 οἷόν
1500 5314 1622 5351 τινα
1669 5296 1842 5366 φλόγα

268 5396 488 5468 ἀφθόνῳ
524 5396 757 5468 χορηγίᾳ.
797 5396 892 5467 τῆς
934 5394 1227 5467 καιομένης
1264 5392 1416 5461 ὕλης,
1456 5388 1548 5442 ἐπὶ
1585 5386 1651 5441 τὸ
1699 5386 1844 5458 μέγα

346 5550 421 5630 (1)
448 5549 762 5620 Ἑμοῦντες
784 5548 912 5619 γάρ.
940 5547 1198 5605 Voculam
1228 5544 1534 5601 addidimus
1577 5558 1644 5598 ex
1675 5539 1844 5612 Regio

273 5621 724 5758 οοῗὲξθὴροάτει.
750 5689 1168 5745 Emendavimus
1189 5703 1291 5759 ope
1313 5684 1519 5742 codicis
1549 5681 1703 5754 Regii
1723 5681 1843 5738 vul-

273 5769 456 5830 gatam
489 5761 774 5816 lectionem
803 5762 1082 5832 προσάγει.

1946 4575 2220 4630 bulentam
2250 4616 2265 4642 ,
2316 4587 2575 4643 procaces
2626 4574 2777 4638 iras,
2835 4575 3164 4645 cupiditates
3201 4576 3519 4647 eﬂ‘renatas,

1947 4666 2227 4720 stimulum
2268 4678 2333 4719 ac
2359 4663 2596 4720 furorem
2633 4665 2701 4719 ad
2739 4680 2954 4720 omnem
2996 4665 3237 4736 iniquam
3273 4668 3519 4737 volupta-

1945 4763 2054 4807 tem
2088 4758 2474 4822 provocantem
2501 4753 2866 4808 exsuscitans.
2903 4750 3265 4819 Quamobrem
3296 4770 3404 4810 non
3435 4757 3520 4812 bi-

1945 4845 2078 4898 bant
2109 4843 2296 4897 vinum
2328 4849 2577 4913 potentes
2598 4882 2615 4907 ,
2646 4845 2824 4915 inquit
2842 4874 2863 4909 ,-
2891 4845 3005 4901 sive
3033 4846 3069 4899 ii
3101 4845 3302 4916 quibus
3334 4847 3517 4917 aliqua
3588 4858 3601 4875 ‘

1947 4935 2305 5006 praefectura,
2342 4942 2435 4989 aut
2490 4935 2828 5006 publicarum
2891 4952 3071 4991 rerum
3115 4936 3518 4994 administratio

1945 5025 2272 5092 commissa;
2308 5025 2423 5081 sive
2456 5025 2493 5079 ii
2522 5026 2615 5096 qui
2647 5026 2717 5081 ob
2766 5028 2938 5082 aetatis
2970 5027 3208 5098 vigorem
3240 5030 3517 5099 corporeis

1946 5114 2105 5185 563
2143 5104 2351 5169 viribus
2375 5114 2596 5183 pollent.
2632 5113 2919 5171 Enimvero
2947 5114 3041 5186 qui
3070 5123 3200 5171 sunt
3223 5117 3514 5184 ejusmodi,

1946 5215 2132 5275 utpote
2171 5211 2364 5274 suapte
2401 5211 2596 5258 natura
2629 5205 2694 5259 ad
2741 5205 2909 5260 animi
2948 5213 3129 5262 motus
3155 5207 3342 5277 proni,
3369 5219 3515 5277 post-

1944 5311 2108 5367 quam
2154 5294 2325 5351 l‘omes
2367 5296 2531 5351 etiam
2568 5296 2682 5352 vini
2725 5305 2779 5352 et
2820 5297 3228 5354 incitamentum
3260 5301 3514 5365 accessit,

1946 5385 2288 5455 suppeditata
2332 5384 2548 5441 abunde
2578 5386 2808 5442 materia
2834 5427 2849 5453 ,
2879 5404 3001 5459 qua:
3044 5396 3170 5460 apta
3198 5398 3282 5446 est
3312 5392 3513 5447 ustioni

2015 5536 2091 5607 (3)
2125 5535 2440 5604 Ταράσσει.
2477 5537 2571 5594 Sic
2615 5540 2755 5595 idem
2804 5542 2999 5599 codex.
3046 5544 3189 5601 Editi
3254 5555 3308 5604 et
3377 5563 3514 5606 con-

1946 5609 2552 5680 textus_xaftappdccst.

2012 5678 2087 5746 (ι)
2124 5677 2201 5736 Ex
2233 5677 2379 5733 hom.
2402 5680 2456 5731 in
2478 5680 2725 5747 ebriosos,
2756 5683 2872 5738 126.

2015 5749 2093 5820 (5)
2125 5749 2200 5806 Ex
2230 5756 2522 5804 comment.
2551 5750 2604 5803 in
2640 5749 2778 5820 Isa.,
2810 5754 2932 5810 508.
