3900 6230
365 385 500 442 13Ξ7

1273 385 1642 446 APPENDIX.
1680 418 1752 430 —
1789 378 2133 444 SYMEONIS
2175 386 2720 443 METAPIIRASTAZ

3485 385 3621 441 1528

361 515 413 560 et
453 504 668 570 idonea,
703 503 846 560 velut
879 505 1148 560 ﬂammam
1186 505 1476 575 quamdam
1508 506 1563 560 in
1593 507 1825 562 sublime
1858 514 1936 562 at-

2045 505 2373 577 ἐξαίρουσιν.
2404 507 2618 575 Ὥσπερ
2668 503 2777 575 γὰρ
2818 501 2885 554 τὰ
2928 501 3084 554 πλοῖα
3136 499 3620 570 καταϐαρυνόμενα

363 597 579 652 tollunt.
612 603 628 620 '
653 595 784 652 Nam
815 597 1267 668 quemadmodum
1297 612 1462 654 onere
1479 601 1649 658 nimio
1681 599 1938 668 depressa

363 692 517 744 navis
542 729 557 754 ,
601 705 740 760 aagre
769 705 877 760 quo
906 691 1040 746 velis
1070 691 1365 762 impellitur
1394 730 1410 755 ,
1457 700 1620 763 alque
1652 691 1938 763 naufragio

365 777 611 833 faciendo
650 780 848 833 mirum
898 782 955 834 in
999 781 1220 835 modum
1274 797 1443 852 prona
1490 791 1610 837 est:
1645 782 1724 836 sic
1773 781 1936 837 etiam

351 884 634 938 corpora,
676 886 1016 942 quaecunque
1064 873 1360 944 voluptatis
1409 873 1634 928 libidine
1690 874 1940 944 pluribus

364 969 525 1032 atque
549 962 949 1032 profusioribus
981 963 1193 1020 deliciis
1221 1004 1236 1028 ,
1268 965 1411 1021 cutis
1457 964 1711 1018 curanda:
1739 965 1934 1035 gratia,

363 1069 484 1110 sese
516 1063 765 1117 onerant,
803 1053 1076 1124 profundo
1119 1054 1437 1125 perditionis
1471 1054 1658 1124 pelago
1685 1054 1937 1106 innatan-

362 1145 439 1198 tia
477 1143 747 1197 feruntur.
782 1144 857 1214 (1)
894 1143 1035 1209 Quid
1065 1143 1148 1197 vis
1185 1143 1337 1198 Caini
1376 1143 1808 1199 maledictionem
1841 1139 1937 1194 tibi

362 1235 480 1307 ipse
517 1236 818 1299 asciscere,
866 1236 1119 1290 ebriosus
1155 1235 1333 1289 factus
1362 1275 1375 1299 ,
1406 1243 1647 1290 tremens
1679 1248 1743 1287 ac
1776 1248 1939 1302 vaga-

362 1328 581 1382 bundus
610 1342 706 1396 per
736 1335 903 1381 totam
935 1326 1145 1380 vitam?
1173 1326 1386 1397 Corpus
1409 1327 1555 1381 enim
1591 1323 1736 1395 quod
1777 1332 1938 1378 natu-

361 1419 463 1474 rali
519 1418 692 1474 fulcro
736 1418 1088 1479 destituitur,
1151 1416 1451 1486 circumagi
1503 1429 1729 1471 necesse
1774 1420 1938 1469 estet

345 1512 803 1565 ~contremiscere.
861 1507 1156 1578 Usquequo
1189 1508 1474 1564 ebrietas?
1510 1507 1816 1563 Periculum
1853 1517 1938 1562 est

365 1616 431 1654 ne
454 1600 668 1655 tandem
700 1615 918 1656 ctenum
951 1603 1229 1671 lutumque
1263 1617 1360 1672 pro
1399 1600 1620 1654 homine
1666 1601 1798 1661 tias;
1861 1598 1938 1652 ita

364 1699 511 1745 totus
536 1689 804 1746 admistus
854 1691 981 1745 vino
1021 1707 1117 1752 es.
1157 1707 1374 1762 unaque
1413 1690 1618 1762 pariter
1657 1690 1934 1760 putruisti,

364 1780 550 1833 vinum
588 1797 652 1835 ex
687 1780 1004 1850 quotidiana
1059 1782 1281 1850 crapula
1311 1780 1566 1845 obolens,
1597 1788 1650 1834 et
1689 1779 1790 1833 hoc
1813 1793 1936 1832 cor-

2037 596 2116 666 τῷ
2192 597 2373 667 φόρτῳ
2421 595 2717 664 δυσάγωγά
2762 596 2876 646 ἐστι
2922 594 3016 646 καὶ
3068 590 3264 645 εὔκολα
3309 590 3447 660 πρὸς
3494 609 3622 642 ναυ-

2039 687 2191 755 ἀγιον
2212 703 2224 716 ·
2255 685 2398 740 οὕτω
2426 685 2519 738 καὶ
2551 685 2619 738 τά
2648 683 2895 754 σώματα,
2931 683 3030 736 ὅσα
3065 681 3232 751 πολλῇ
3260 680 3335 750 (6)
3348 681 3444 732 καὶ
3463 681 3622 749 δαψι-

2039 779 2118 830 λεῖ
2169 771 2234 849 τῇ
2284 779 2462 848 τρυφῇ
2540 778 2621 840 είς
2676 775 3044 845 πολυσαρκίαν
3118 775 3623 842 καταπεςόρτισται

2037 869 2123 922 διά
2152 869 2457 940 φιληδονίαν
2482 869 2578 937 (7),
2603 867 2681 938 τῷ
2734 865 2879 936 βυθῷ
2923 866 3022 936 τῆς
3057 865 3335 927 ἀπωλείας
3367 865 3622 933 ἐπι-νηχό-

2042 981 2179 1034 μενα
2206 963 2449 1033 φέρεται.
2485 962 2549 1014 Τί
2577 961 2674 1029 τὴν
2705 961 2950 1030 κατάραν
2985 957 3080 1010 τοῦ
3129 959 3268 1011 Κάῖν
3307 959 3393 1026 ἐφ’
3434 957 3624 1008 ἑαυτὸν

2040 1053 2363 1116 ἐπισπᾶσαι,
2401 1049 2636 1121 μεθύων,
2677 1047 2890 1118 τρέμων
2927 1047 3021 1100 καὶ
3063 1045 3497 1116 περιφερόμενος
3534 1043 3625 1096 διὰ

2040 1143 2240 1206 παντὸς
2267 1143 2360 1196 τοῦ
2393 1141 2546 1208 βίους
2593 1141 2653 1194 οὐ
2697 1139 2805 1211 γάρ
2848 1137 2969 1208 ἕχον
3007 1138 3067 1190 τὸ
3106 1137 3263 1206 σῶμα
3307 1135 3398 1187 τὸν
3427 1137 3492 1187 ὲκ
3521 1135 3622 1203 τῆς

2039 1236 2253 1307 φύσεως
2281 1233 2602 1306 στηριγμὸν,
2635 1231 2951 1310 ἀναγκαίοις
2983 1228 3341 1300 περιδονεῖται
3390 1227 3488 1279 καὶ
3524 1245 3625 1278 κα-

2037 1328 2326 1382 τασείεται.
2363 1325 2540 1396 Μέχρι
2569 1324 2769 1394 τίνοςὴ
2799 1322 2968 1392 μέθη,
3011 1319 3362 1382 Κινδυνεύεις
3404 1320 3482 1388 (3)
3526 1319 3629 1372 λοι-

2038 1419 2136 1472 πὸν
2165 1417 2420 1490 βόρϐορος
2458 1413 2593 1470 εἶναι
2633 1416 2751 1468 ἀντὶ
2784 1413 3070 1485 ἀνθρώπου
3093 1429 3106 1442 ·
3140 1412 3314 1473 οὕτως
3354 1411 3497 1472 ὅλως
3542 1411 3629 1461 ἀν-

2038 1510 2268 1580 εμίχθης
2294 1508 2370 1578 τῷ
2411 1509 2557 1578 οἴνῳ,
2596 1509 2689 1560 καὶ
2734 1506 3149 1575 συγκατεσάπης
3196 1503 3365 1573 αὐτῷ,
3421 1505 3486 1554 ἐκ
3530 1497 3629 1570 τῆς

2038 1602 2412 1672 καθημερινῆς
2462 1599 2770 1670 κραιπάλης
2816 1599 2958 1650 οἴνου
3006 1597 3242 1661 ἀπόζων,
3293 1594 3392 1647 καὶ
3433 1592 3626 1646 τούτου

2036 1691 2450 1762 διεφθαρμένου,
2478 1691 2665 1763 ὥσπερ
2703 1689 2811 1743 τῶν
2843 1690 3079 1758 ἀγγείων
3107 1688 3174 1742 τὰ
3214 1687 3624 1760 ἀχρηστότατα.

2039 1782 2101 1835 Ei
2125 1781 2385 1852 μέθυσοι
2415 1781 2745 1844 ,βασιλείαν
2778 1779 2926 1833 Θεοῦ
2961 1781 3033 1832 οὐ
3063 1777 3624 1848 κληρονομήσουσι,

363 1882 605 1942 ruptum,
653 1873 877 1942 perinde
905 1880 962 1926 ut
991 1888 1120 1928 vasa
1153 1873 1284 1926 nulli
1311 1873 1534 1927 omnino
1566 1872 1689 1926 usui
1716 1871 1927 1926 idonea.

2045 1876 2099 1928 rb
2127 1874 2183 1928 δὲ
2201 1873 2411 1945 μεθύων
2439 1872 2572 1945 ἔρχῃ
2595 1873 2685 1924 ἐπὶ
2703 1872 2800 1944 τὴν
2815 1871 3090 1943 νηστείαν,
3120 1871 3171 1924 τί
3204 1887 3285 1922 σοι
3304 1871 3368 1923 τὸ
3394 1870 3625 1938 ὕφελοςς

366 1967 440 2038 (2)
492 1964 550 2020 Si
602 1965 793 2019 ebriosi
843 1981 1057 2034 regnum
1099 1964 1198 2019 Dei
1248 1982 1350 2019 non
1395 1963 1732 2033 possidebunt
1764 1963 1830 2025 “,
1873 1972 1931 2017 tu

363 2065 541 2111 autem
571 2057 899 2112 temulentus
921 2055 1137 2110 accedis
1175 2055 1242 2108 ad
1273 2054 1576 2125 jejunium:
1626 2053 1754 2124 quid
1786 2054 1934 2114 utili-

361 2147 491 2202 tatis
523 2147 742 2202 aufers?
773 2146 907 2200 Nam
945 2146 990 2202 si
1038 2153 1092 2200 te
1142 2147 1379 2200 ebrietas
1415 2143 1656 2199 excludit
1707 2159 1737 2196 a
1767 2158 1934 2213 regno

364 2241 648 2304 caelorum,
681 2238 930 2309 quisnam
965 2237 1182 2292 tandem
1228 2253 1259 2291 e
1301 2236 1510 2306 jejunio
1559 2234 1817 2290 fructus?
1850 2235 1934 2288 An

366 2348 475 2387 non
511 2332 662 2387 vides
689 2330 964 2402 quomodo
994 2332 1086 2402 qui
1116 2330 1171 2384 in
1213 2327 1501 2383 domandis
1530 2327 1706 2398 equis,
1742 2327 1834 2396 qui
1866 2326 1932 2380 ad

365 2422 662 2476 certamina
708 2421 960 2487 aluntur,
1019 2419 1334 2491 peritissimi
1394 2425 1561 2482 sunt,
1613 2433 1736 2473 cum
1769 2418 1936 2474 instat

363 2511 680 2568 certaminis
718 2511 856 2576 dies,
886 2527 980 2568 eos
1013 2512 1191 2566 inedia
1219 2510 1568 2580 praeparant?
1606 2509 1686 2564 Tu
1718 2521 1932 2573 contra,

365 2604 492 2658 data
518 2618 683 2674 opera
717 2604 1059 2673 temetipsum
1093 2602 1357 2673 dcprimis
1395 2601 1700 2657 saturitate.
1731 2599 1937 2656 Venter

367 2697 509 2750 enim
537 2701 802 2757 onustus,
852 2711 960 2749 non
992 2696 1166 2750 solum
1220 2692 1285 2748 ad
1318 2709 1539 2749 cursum
1563 2734 1578 2759 ,
1610 2695 1704 2749 sed
1751 2710 1818 2749 ne
1868 2694 1934 2749 ad

369 2798 617 2837 somnum
644 2782 862 2854 quidem
910 2784 1296 2839 accommodus
1328 2789 1448 2848 est;
1498 2784 1934 2852 quandoquidem

367 2877 604 2946 pondere
631 2892 923 2948 Oppressus
949 2891 1056 2930 non
1108 2884 1283 2947 potest
1310 2878 1609 2946 quiescere,
1650 2876 1745 2932 sed
1789 2877 1938 2946 cogi-

366 2975 457 3021 tur
498 2969 729 3023 subinde
769 2977 940 3023 semet
972 2983 1118 3021 nunc
1151 2968 1204 3022 in
1244 2968 1492 3023 dextrum
1527 3009 1540 3032 ,
1578 2983 1724 3023 nunc
1757 2968 1810 3022 in
1845 2970 1936 3022 lae-

365 3074 493 3112 vum
520 3059 662 3114 latus
693 3068 920 3114 vertere.
953 3059 1031 3131 (5)
1065 3057 1144 3114 Ne
1178 3059 1339 3128 igitur
1367 3059 1432 3112 ad
1455 3059 1646 3130 jejunii
1680 3060 1936 3130 mysteria

367 3160 422 3204 te
474 3148 784 3202 introducat
834 3149 1089 3204 ebrietas.
1137 3148 1255 3203 Non
1307 3159 1390 3204 est
1429 3165 1526 3218 per
1569 3150 1936 3204 temulenliam

370 3240 550 3295 aditus
589 3239 655 3293 ad
703 3240 996 3309 jejunium,
1025 3239 1479 3310 quemadmodum
1517 3254 1617 3295 nec
1669 3241 1733 3294 ad
1770 3240 1936 3315 justi-

370 3329 501 3381 tiam
544 3344 799 3385 accessus
827 3337 910 3384 est
938 3344 1034 3398 per
1076 3327 1470 3384 fraudationem
1492 3369 1506 3394 ,
1540 3345 1638 3384 nec
1674 3331 1742 3384 ad
1773 3331 1936 3385 casti.

369 3419 606 3473 moniam
645 3435 740 3490 per
769 3420 1044 3476 lasciviam
1070 3462 1085 3485 ,
1128 3435 1228 3476 nec
1248 3461 1262 3484 ,
1299 3429 1358 3474 ut
1386 3423 1700 3476 summatim
1731 3422 1932 3488 dicam,

368 3526 465 3580 per
497 3512 792 3582 nequitiam
839 3511 907 3566 ad
953 3513 1234 3568 virtutem.
1266 3511 1515 3569 Ebrietas
1541 3513 1608 3567 ad
1655 3514 1934 3569 lasciviam

369 3603 607 3668 inducit,
649 3604 717 3657 ad
764 3603 1030 3672 jejunium
1060 3603 1363 3674 frugalitas.
1401 3606 1616 3659 Atlileta
1658 3614 1783 3661 ante
1815 3623 1938 3661 cer-

359 3706 548 3750 tamen
600 3703 917 3751 exercetur:
967 3695 1057 3766 qui
1104 3695 1452 3765 jejunaturus
1499 3703 1622 3759 est,
1671 3705 1940 3767 praeparat

368 3802 429 3841 se
484 3801 580 3856 per
621 3787 1024 3842 abstinentiam.
1062 3785 1138 3842 Ne
1171 3787 1316 3843 velut
1353 3788 1620 3844 ulciscens
1667 3788 1770 3845 bos
1798 3789 1934 3853 dies,

365 3894 476 3932 neu
532 3879 698 3933 veluti
749 3877 934 3934 fucum
991 3877 1234 3934 facturus
1282 3879 1611 3950 lcgislatori,
1665 3888 1792 3936 ante
1837 3881 1940 3938 hos

368 3971 608 4040 quinque
656 3971 772 4026 dies
823 3971 1029 4025 colloca
1065 3961 1364 4041 crapulam.
1395 3971 1530 4026 Nam
1570 3973 1788 4030 laboras
1824 3973 1939 4028 fru-

371 4070 520 4126 stra,
557 4062 603 4116 si
651 4076 850 4132 corpus
882 4061 1101 4132 quidem
1131 4061 1390 4126 conficis,
1430 4077 1532 4117 nec
1577 4074 1755 4119 tamen
1797 4066 1940 4121 sola-

369 4153 506 4206 tium
536 4153 819 4207 esuritioni
861 4153 1136 4208 admoves.
1173 4152 1249 4224 (4)
1280 4138 1568 4208 Dominum
1601 4170 1711 4210 non
1743 4157 1939 4226 recipit

369 4243 604 4298 ebrietas
628 4284 643 4308 ,
687 4243 948 4314 Spiritum
982 4252 1228 4300 sanctum
1259 4246 1530 4315 propellit.
1559 4245 1766 4303 Fumus
1815 4249 1941 4319 qui-

371 4331 494 4387 dem
541 4332 708 4404 abigit
757 4347 918 4403 apes,
959 4333 1101 4388 dona
1129 4348 1259 4389 vero
1304 4335 1610 4404 Spiritualia
1636 4335 1787 4408 fugat
1813 4353 1940 4392 cra-

371 4424 518 4496 pula.
564 4422 632 4478 Ut
684 4432 861 4480 autem
901 4425 954 4478 id
1001 4424 1221 4478 minime
1273 4426 1585 4495 patiamur,
1639 4443 1932 4486 caveamus

2033 1969 2082 2020 εί
2119 1968 2227 2040 γάρ
2255 1966 2532 2020 ἀποκλείει
2561 1983 2619 2018 σε
2660 1966 2758 2037 τῆς
2787 1965 3062 2036 βασιλείας
3105 1967 3137 2035 ή
3185 1964 3346 2036 μέθη,
3386 1963 3492 2016 πού
3543 1980 3626 2015 σοι

2033 2059 2214 2112 λοιπὸν
2257 2060 2523 2130 χρήσιμον
2567 2058 2630 2110 τὸ
2678 2055 2958 2127 νηστεύειν
2997 2073 3010 2121 ;
3048 2057 3159 2125 υύχ
3204 2057 3338 2126 ὁρᾷς
3374 2055 3473 2107 καὶ
3518 2054 3626 2104 τῶν

2033 2151 2215 2204 ἵππων
2242 2151 2369 2214 τοὺς
2402 2149 2729 2217 ἀγωνιστὰς,
2777 2148 2895 2211 πῶς
2937 2148 2987 2199 οἱ
3034 2147 3424 2218 ἐμπειρότατοι
3459 2146 3626 2198 πωλο-

2033 2243 2249 2314 δάμναι,
2275 2243 2374 2312 τῆς
2397 2243 2634 2310 ἀγωνίας
2657 2240 3132 2312 προσδοκωμένης,
3163 2239 3250 2292 διά
3276 2240 3376 2309 τῆς
3414 2238 3626 2300 ἐνδείας

2035 2329 2553 2403 προευτρεπίζουσι;
2587 2331 2650 2383 σὺ
2702 2329 2759 2381 δὲ
2812 2329 3123 2398 ἐξεπίτηδες
3172 2327 3402 2380 σεαυτὸν
3453 2343 3625 2378 κατα-

2036 2422 2243 2487 πιέζεις
2269 2423 2345 2493 (9)
2390 2420 2468 2492 τῷ
2514 2421 2681 2492 κόρῳ.
2726 2419 3045 2490 Βαρουμένη
3067 2419 3174 2490 γάρ
3199 2421 3231 2488 ἡ
3256 2418 3497 2488 γαστὴρ,
3530 2419 3626 2486 οὐχ

2034 2517 2181 2579 ὅπως
2213 2513 2348 2586 πρὸς
2376 2514 2598 2585 δρόμον,
2631 2513 2744 2566 ἀλλ’
2769 2513 2890 2566 οὐδὲ
2924 2512 3059 2583 πρὸς
3090 2511 3256 2564 ὖπνον
3300 2511 3623 2579 ἐπιτηδεία·

2034 2608 2166 2661 διότι
2193 2606 2625 2676 καταθλιδομένη
2650 2606 2727 2676 τῷ
2751 2605 2926 2676 ἀχθει,
2969 2605 3090 2657 οὐδὲ
3136 2606 3371 2675 ἠρεμεῖν
3410 2621 3626 2671 συγχω-

2038 2701 2248 2768 ρεῖται,
2297 2695 2432 2749 ἀλλὰ
2481 2694 2853 2764 ἀναγκάζεται
2918 2695 3116 2758 πολλὰς
3184 2695 3458 2746 ποιεῖσθαι
3528 2698 3626 2757 τὰς

2037 2787 2407 2859 περιστροφάς
2439 2789 2524 2856 ἐφ’
2549 2788 2805 2859 ἑκάτερα.
2858 2787 2948 2854 Μὴ
2976 2787 3154 2839 τοίνυν
3193 2788 3626 2856 μυσταγωγείτω

2039 2895 2100 2930 σε
2130 2878 2223 2931 ἐπὶ
2251 2877 2504 2949 νηστείαν
2536 2881 2568 2948 ἡ
2605 2880 2764 2949 μέθη.
2811 2879 2926 2932 Οὐκ
2963 2878 3077 2931 ἔστι
3109 2878 3197 2932 διὰ
3226 2878 3398 2948 μέθης
3423 2879 3625 2940 εἴσοδος

2039 2971 2117 3033 είς
2151 2969 2438 3040 νηστείαν,
2478 2970 2597 3022 οὐδὲ
2637 2970 2726 3024 διὰ
2764 2969 3079 3034 πλεονεξίας
3119 2972 3199 3033 είς
3239 2969 3620 3039 δικαιοσύνην,

2039 3061 2159 3117 οὐδὲ
2189 3061 2256 3114 δι’
2280 3061 2576 3124 ἀκολασίας
2598 3064 2678 3125 είς
2716 3064 3070 3135 σωφροσύνην
3100 3065 3234 3132 (10),
3261 3065 3406 3129 οὐδὲ,
3432 3065 3624 3135 συλλή-

2042 3151 2170 3223 ϐδην
2218 3153 2410 3217 εἰπεῖν,
2453 3152 2544 3206 διά
2584 3153 2682 3223 τῆς
2728 3155 2927 3216 κακίας
2970 3157 3049 3218 εἰς
3093 3156 3313 3226 ἀρετήν.
3358 3155 3517 3225 Μέθη
3547 3157 3626 3217 εἰς

2043 3242 2335 3296 ἀκολασίαν
2363 3244 2508 3312 ἄγει,
2537 3243 2631 3296 ἐπὶ
2661 3246 2966 3316 νηστείανή
2999 3246 3321 3316 αὐτάρκεια.
3360 3248 3419 3300 Ὀ
3447 3247 3624 3299 ἀθλῶν

2038 3339 2523 3412 προγυμνάζεται,
2564 3342 2592 3393 ό
2641 3339 2916 3410 νηστεύων
2959 3341 3479 3411 προεγκρατεύεται.
3533 3342 3621 3411 Μὴ

2037 3433 2112 3496 ὡς
2133 3433 2470 3503 ἀμυνόμενος
2497 3432 2594 3496 τάς
2619 3431 2850 3503 ἡμέρας,
2899 3433 2973 3503 μὴ
3015 3434 3091 3496 ὡς
3125 3434 3624 3504 κατασοςιζόμενος

2037 3524 2127 3576 τὸν
2172 3523 2487 3595 νομοθέτην,
2529 3524 2639 3576 τῶν
2683 3523 2841 3576 πέντε
2887 3524 3111 3595 ἡμερῶν
3166 3525 3266 3594 τὴν
3310 3526 3624 3595 κραιπάλην

2039 3614 2452 3686 πρωποτίθεσο.
2480 3616 2590 3668 Καὶ
2615 3614 2722 3686 γὰρ
2749 3615 2987 3684 ἀνόνητα
3017 3618 3217 3680 πονεῖς,
3246 3617 3307 3668 τὸ
3334 3618 3436 3686 μὲν
3467 3618 3624 3686 σῶμα

2041 3706 2377 3778 συντρίϐων,
2442 3707 2516 3778 μὴ
2585 3706 3073 3778 παραμυθούμενος
3124 3707 3180 3760 δὲ
3228 3708 3329 3778 τὴν
3394 3707 3618 3760 ἔνδειαν.

2038 3795 2195 3865 Μέθη
2249 3797 2453 3868 Κύριον
2494 3796 2592 3866 οὐχ
2639 3796 2978 3868 ὑποδέχεται,
3028 3797 3252 3868 Πνεῦμα
3290 3798 3446 3866 ἅγιον
3489 3800 3622 3852 ἁπο-

2038 3887 2240 3941 διὼκει.
2279 3887 2502 3951 Καπνὸς
2540 3888 2640 3960 μὲν
2672 3889 2781 3960 γὰρ
2822 3887 3111 3957 φυγαδεύει
3160 3888 3442 3959 μελίσσας,
3476 3889 3623 3960 χαρί-

2041 3997 2224 4050 σματα
2270 3980 2326 4033 δὲ
2359 3979 2699 4050 πνευματικά
2741 3979 3037 4033 ἀποδιώκει
3081 3979 3384 4050 κραιπάλη.
3420 3981 3539 4034 Ἱνα
3567 3981 3622 4032 δὲ

2042 4071 2116 4142 μὴ
2146 4071 2301 4133 τοῦτο
2324 4071 2612 4142 πάθοιμεν,
2647 4069 2907 4142 φύγωμεν
2936 4072 2996 4124 τὸ
3023 4071 3121 4142 τὴν
3148 4072 3443 4142 ἀχάριστον
3473 4071 3622 4142 θερα-

2040 4163 2226 4216 πεύειν
2286 4164 2564 4235 γαστέρα,
2618 4164 2765 4227 ὅπως
2820 4164 2925 4217 τῶν
2985 4163 3216 4216 αίωνίων
3270 4163 3624 4232 ὲπιτύχωμεν

2039 4253 2276 4322 ἀγαθῶν,
2312 4255 2370 4306 ἐν
2398 4252 2619 4325 Χριστῷ
2662 4253 2836 4324 Ἰησοῦ
2868 4253 2944 4325 τῷ
2974 4253 3163 4322 Κυρίῳ
3198 4252 3378 4323 ἡμῶν,
3416 4253 3536 4323 μεθ’
3563 4248 3623 4306 οὗ

2038 4343 2118 4415 τῷ
2141 4343 2335 4414 Πατρὶ,
2379 4341 2494 4413 ἅμα
2520 4342 2599 4413 τῷ
2635 4343 2772 4413 ἀγίῳ
2800 4344 3094 4412 Πνεύματι,
3115 4340 3260 4404 δόξα,
3299 4341 3457 4411 τιμὴ,
3498 4342 3624 4412 κρά-

2040 4454 2151 4501 τος,
2184 4435 2279 4490 καὶ
2317 4435 2777 4506 μεγαλοπρέπεια,
2825 4434 2919 4488 νῦν
2956 4434 3049 4486 καὶ
3092 4433 3199 4498 ἀεὶ,
3244 4434 3340 4486 καὶ
3382 4436 3465 4497 εἰς
3499 4437 3623 4496 τοὺς

371 4530 440 4569 ne
482 4515 557 4568 illi
601 4515 813 4586 ingrato
857 4515 1031 4570 ventri
1067 4515 1432 4585 obsequamur
1458 4556 1474 4581 ,
1526 4526 1584 4571 ut
1615 4525 1817 4575 aeterna
1841 4523 1931 4578 illa

2045 4527 2236 4590 αἰῶνας
2258 4524 2365 4578 τῶν
2397 4523 2630 4579 αίὼνων.
2675 4524 2871 4595 Ἀμήν.

370 4606 514 4660 bona
544 4607 926 4676 adipiscamur,
979 4607 1031 4660 in
1061 4605 1277 4662 Christo
1311 4605 1439 4664 Jesu
1470 4608 1696 4666 Domino
1728 4625 1940 4684 nostro,
1972 4623 2082 4686 cui,
2118 4632 2334 4688 unaque
2395 4616 2514 4686 ejus
2549 4615 2735 4679 Patri,
2787 4613 2950 4669 simul
2995 4623 3049 4668 et
3112 4621 3305 4667 sancto
3366 4611 3623 4683 Spiritui.

371 4699 564 4768 gloria,
588 4699 762 4753 honor
786 4708 840 4753 et
873 4707 1134 4769 potestas,
1162 4714 1541 4771 summumque
1564 4702 1756 4773 decus,
1781 4722 1927 4766 nunc
1959 4721 2015 4769 et
2048 4725 2261 4782 semper
2281 4749 2297 4775 ,
2339 4716 2393 4762 et
2423 4709 2478 4762 in
2509 4707 2706 4763 saecula
2733 4707 3079 4762 saeculorum.
3109 4704 3306 4758 Amen.

733 4818 896 4892 534
934 4819 1030 4873 DE
1085 4819 1206 4874 ma
1253 4819 1343 4874 ET
1385 4820 1586 4878 omo.

939 4931 1169 4989 SERMO
1214 4933 1377 4990 XVII.

445 5049 496 5102 1.
529 5048 604 5117 (5)
668 5046 897 5102 Maxima
948 5050 1004 5102 in
1053 5047 1427 5104 Christianum
1499 5052 1776 5108 accusatio
1833 5063 1939 5123 est,

444 5179 491 5212 "
520 5180 688 5234 ICor.
726 5196 802 5246 VI,
845 5179 932 5232 10.

448 5310 523 5379 (1)
565 5310 638 5364 Ex
665 5311 809 5366 hom.
835 5311 890 5364 iu
913 5309 1165 5372 ebriosos.
1196 5313 1320 5366 127.

444 5383 522 5450 (2)
560 5381 637 5434 Et
668 5382 814 5435 hom.
846 5380 995 5450 "De
1012 5382 1236 5449 jejunio,
1272 5384 1359 5438 15.

447 5449 524 5520 (5)
564 5450 641 5520 Et
671 5451 815 5505 bom.
844 5467 861 5503 ι
886 5449 964 5503 De
980 5451 1202 5519 jejunio,
1236 5453 1285 5506 9.

448 5519 524 5590 (4)
564 5519 640 5590 Ex
675 5521 822 5576 hom.
852 5537 866 5574 ι
901 5520 976 5574 De
996 5522 1222 5588 jejunio,
1254 5523 1341 5578 10.

451 5589 527 5658 (5)
569 5589 640 5642 lix
672 5600 960 5644 comment.
996 5593 1049 5642 in
1083 5590 1218 5655 lsa.,
1253 5592 1340 5647 19.

451 5659 525 5736 (υ)
561 5659 716 5736 ξςΟσίι
746 5659 985 5736 rgo._t.lgj_._
1009 5660 1100 5714 Sic
1141 5662 1280 5736 idem
1319 5661 1508 5736 codex,
1543 5664 1737 5720 melius
1773 5679 1935 5734 quam

380 5727 510 5800 editi
557 5727 664 5791 ὅσῳ
700 5728 887 5800 πολλῇ.
940 5729 1059 5800 Dion
1086 5733 1372 5800 __rcpcritur
1404 5734 1458 5787 in
1490 5727 1745 5790 cenlextu
1790 5727 1937 5790 totus

381 5796 469 5848 hic
493 5796 642 5850 locus
669 5797 734 5859 ab
761 5796 846 5852 bis
857 5796 1048 5854 verbis
1074 5796 1260 5871 ὥσπερ
1281 5800 1386 5874 γάρ
1412 5819 1586 5874 usque
1605 5805 1672 5861 ad
1695 5805 1932 5876 φέρεται.

2327 4831 2506 4884 ΠΕΡΙ
2553 4829 2800 4882 ΟΡΓΗΣ
2845 4825 2980 4880 ΚΑΙ
3025 4827 3336 4878 ΕΧΘΡΑΣ.

2657 4943 2875 4996 ΛΟΓΟΣ
2915 4942 3014 4994 IZ'.

2120 5058 2170 5111 Ι.
2212 5056 2483 5124 Μέγιστον
2515 5056 2878 5126 κατηγόρημα
2916 5053 3246 5124 Χριστιανοῦ
3269 5092 3284 5117 ,
3331 5053 3628 5126 πρόχειρον

2228 5321 2331 5376 Διὰ
2355 5323 2733 5390 φιληδονίαν.
2755 5321 2958 5390 Regius
2978 5320 3145 5375 codex
3173 5319 3262 5374 διά
3288 5321 3624 5390 φιληδονίας.

2223 5391 2628 5472 Κιιίδυνεςύεις.
2670 5393 2759 5448 Sic
2804 5393 2946 5446 idem
2992 5391 3164 5446 codex
3213 5399 3267 5446 et
3303 5401 3623 5448 contextus.

2141 5391 2198 5458 8)
2223 5391 2628 5458 Κινδυνεύεις.
2670 5393 2759 5448 Sic
2804 5393 2946 5446 idem
2992 5391 3164 5446 codex
3213 5399 3267 5446 et
3303 5401 3623 5448 contextus.

2046 5455 2190 5514 Editi
2222 5461 2539 5516 κινδυνεύει.

2116 5530 2618 5603 (θλιίαταπιέζέις.
2649 5531 3048 5603 Regiusicodex
3076 5530 3484 5603 xaramaivstg.

2114 5598 2227 5671 (10)
2263 5602 2368 5666 Εις
2397 5598 2818 5670 σωφροσύνῆν.
2859 5600 3224 5671 Nesciounde
3245 5602 3379 5654 editi
3414 5602 3624 5671 habue-

2039 5668 2171 5744 rint,
2202 5668 2282 5744 είς
2322 5668 2649 5741 προσευχήν,
2691 5668 2833 5740 md
2887 5669 3300 5738 emendavimus
3328 5685 3434 5741 ope
3468 5669 3622 5744 Regii

2041 5739 2246 5796 codicis
2277 5749 2330 5797 et
2359 5739 2666 5800 coritea’tus.
