3900 6230
313 370 454 428 1529

1350 373 1582 430 SERMO
1618 373 1863 430 XVll.—
1901 373 1988 430 DE
2027 373 2142 430 lRA
2183 373 2270 432 ET
2307 371 2480 432 ODIO.

3412 374 3563 433 l3'50

312 483 450 540 εἶναι
483 487 618 559 πρὸς
650 488 857 559 ἄμυναν
879 529 892 550 ,
940 488 1034 542 καὶ
1066 489 1228 544 παντὶ
1261 490 1446 562 τρόπῳ
1477 493 1712 545 ἐπινοεῖν
1737 491 1877 546 κατά

1982 490 2292 562 expeditum
2339 474 2466 548 esse
2521 497 2579 546 et
2623 495 2874 560 paratum
2922 489 2990 544 ad
3035 488 3348 556 vindictam,
3392 499 3556 563 atque

311 579 420 632 τῶν
468 579 846 650 λελυπηκότων
892 579 989 650 τὴν
1027 581 1133 634 τῶν
1187 581 1391 652 ὁμοίων
1429 583 1717 636 ἀντίδοσιν.
1756 583 1881 646 Πῶς

310 672 419 741 γὰρ
452 671 648 736 διδάξει
669 672 886 744 ἕτερον,
915 672 1105 744 μηδενὶ
1131 674 1300 727 κακὸν
1333 676 1454 728 ἀντὶ
1492 676 1665 730 κακοῦ
1693 675 1880 729 ἀποδι-

313 761 457 814 δόναι
478 801 494 825 ,
534 763 562 813 ό
595 761 772 816 πάντα
797 762 966 816 ποιῶν
997 764 1076 826 είς
1104 763 1164 816 τὸ
1197 762 1508 834 ἀμύνασθαι
1541 766 1637 819 καὶ
1665 765 1880 820 ἀντιλυ-

312 853 482 924 πῆσαι
527 853 617 907 τὸν
647 853 959 924 bidui/avra;
1009 855 1084 926 μὴ
1116 855 1446 928 μιμούμενος
1472 857 1573 926 τὴν
1601 857 1880 929 πραότητα

311 943 403 996 τοῦ
435 943 598 996 Δαϐὶδ
627 944 873 1015 λέγοντος
899 963 910 974 ·
949 947 1017 999 Εί
1047 947 1438 1004 ἀπαπὲδωκα
1474 948 1597 1016 τοῖς
1624 951 1882 1004 ἀνταπο-

303 1033 546 1090 διδοῦσί
608 1055 712 1106 μοι
778 1039 933 1092 κακὰ
958 1079 974 1103 ,
1032 1038 1390 1110 ἀποπέσοιμι
1446 1041 1560 1110 ἄρα
1607 1042 1726 1095 ἀπὸ
1761 1041 1880 1095 τῶν

309 1127 535 1196 ἐχθρῶν
565 1146 684 1198 μου
712 1130 906 1194 κενός.
946 1130 1038 1183 Διὸ
1065 1130 1146 1184 δεῖ
1180 1132 1240 1184 τὸ
1276 1131 1503 1202 μανικὸν
1532 1133 1627 1186 κα)¹
1672 1132 1881 1204 ἔμπλη-

308 1236 436 1272 κτον
467 1219 669 1290 κίνημα
702 1221 801 1291 τῆς
829 1221 1006 1290 ψυχῆς
1040 1221 1422 1298 καταστέλλειν
1453 1225 1519 1293 τῇ
1553 1223 1740 1294 μνήμῃ
1771 1222 1878 1276 τῶν

311 1311 595 1381 μακαρίων
632 1311 822 1365 τούτου
863 1309 1276 1380 ὑποδειγμάτων
1300 1329 1313 1342 ·
1356 1310 1475 1374 πῶς
1511 1311 1704 1382 πράως
1733 1311 1879 1383 ἠνεί-

308 1416 432 1468 χετο
467 1399 540 1469 (1)
570 1399 669 1468 τῆς
705 1401 986 1472 παροινίας
1016 1399 1108 1454 τοῦ
1163 1400 1377 1471 Σεμεεί.
1423 1401 1499 1453 Οὐ
1555 1400 1663 1473 γὰρ
1710 1401 1876 1455 ἐδίδου

307 1489 496 1561 καιρὸν
526 1493 590 1561 τῇ
632 1493 768 1562 ὀργιῇ
811 1491 1134 1562 κινηθῆναι,
1168 1491 1304 1562 πρὸς
1340 1491 1433 1545 τὸν
1475 1491 1608 1545 Θεὸν
1648 1490 1879 1561 μεταφέ-

309 1599 416 1652 ρων
448 1583 546 1653 τὴν
569 1582 797 1636 ἔννοιαν.
829 1585 951 1636 Ὅτι
986 1585 1201 1651 Κύριος
1225 1621 1241 1649 ,
1277 1583 1442 1654 φησὶν
1462 1623 1477 1649 ,
1505 1578 1634 1638 εἶπε
1659 1582 1739 1649 τῷ
1776 1586 1877 1637 Σε-

299 1673 425 1740 μεεὶ
444 1674 892 1742 καταράσασθαι
912 1673 1020 1727 τὸν
1040 1673 1238 1730 Δαϐίδ.
1262 1675 1459 1745 Διόπερ
1480 1674 1712 1738 ἀκούων,
1739 1673 1876 1744 ἀνὴρ

1987 584 2241 639 omnibus
2279 583 2456 638 modis
2492 599 2615 639 esse
2651 584 2939 648 intentum,
2980 589 3038 636 ut
3077 581 3146 638 iis
3177 583 3269 653 qui
3304 583 3404 652 ipsi
3438 598 3557 638 mo-

1987 672 2198 727 lestiam
2226 673 2541 738 exhibuere,
2568 688 2665 744 par
2688 672 2807 743 pari
2839 671 3062 727 referat.
3094 670 3382 739 Quomodo
3408 672 3554 727 enim

1986 764 2151 818 alium
2197 763 2444 820 edocebit
2488 772 2548 819 ut
2592 765 2794 821 nemini
2829 765 3029 818 malum
3059 781 3156 836 pro
3195 763 3338 817 malo
3361 778 3558 833 repen-

1985 855 2098 919 dat,
2133 856 2260 910 dum
2294 857 2410 926 ipse
2440 858 2576 912 nihil
2619 873 2734 912 non
2769 858 3013 921 molitur,
3048 864 3108 910 ut
3134 853 3425 910 vindictam
3458 870 3555 909 su-

1987 954 2120 1007 mat,
2155 960 2218 999 ac
2247 961 2346 1002 sua
2379 948 2496 1004 vice
2529 948 2811 1004 ledentem
2857 947 3053 1002 alliciat
3096 948 3385 1003 molestia?
3411 947 3556 1001 haud

1987 1037 2208 1092 imitans
2241 1037 2462 1094 Davidis
2495 1039 2965 1100 mansuetudinem
2987 1079 3002 1104 ,
3031 1040 3127 1111 qui
3170 1040 3246 1094 ait
3275 1058 3289 1094 :
3329 1038 3390 1094 Si
3439 1038 3559 1092 red-

1985 1127 2099 1182 didi
2141 1128 2546 1184 retribuentibus
2590 1129 2718 1184 mihi
2746 1129 2910 1184 ‘mala
2941 1168 2956 1195 ,
2999 1129 3240 1184 decidam
3271 1129 3457 1182 merito
3490 1125 3554 1182 ab

1985 1219 2212 1273 inimici:
2248 1220 2374 1274 meis
2397 1219 2571 1274 inanis
2591 1220 2656 1276 ⁸⁷.
2682 1221 2759 1291 (6)
2783 1219 3125 1293 Quapropter
3153 1226 3366 1291 oportet
3407 1232 3558 1273 com-

1983 1322 2209 1377 pescere
2257 1307 2510 1361 insanum
2547 1323 2610 1362 ac
2633 1312 2916 1366 vecordem
2956 1311 3123 1366 animi
3161 1317 3390 1370 motum,
3425 1308 3556 1362 bea-

1985 1409 2164 1456 torum
2206 1401 2353 1455 illius
2396 1401 2766 1472 exemplorum
2815 1401 3120 1456 memoria:
3159 1399 3433 1472 quomodo
3465 1399 3558 1455 ille

1982 1489 2337 1560 petulantiam
2384 1487 2563 1545 Semei
2601 1496 2883 1544 mansuete
2920 1489 3221 1558 pertulerit.
3257 1488 3375 1542 Non
3409 1487 3555 1542 enim

1985 1586 2198 1649 tempus
2227 1578 2395 1633 dabat
2429 1577 2781 1632 commotioni
2815 1577 2913 1630 ira:
2939 1591 2951 1628 :
2981 1575 3248 1645 siquidem
3279 1573 3558 1643 cogitatio-

1983 1688 2106 1728 nem
2155 1687 2310 1726 suam
2360 1670 2724 1727 transferebat
2775 1673 2831 1724 in
2879 1669 3070 1724 Deum.
3120 1669 3212 1724 Ait
3247 1668 3550 1723 nimirum:

303 1766 547 1835 αἱμάτων
599 1767 692 1820 καὶ
743 1766 882 1837 ἀνὴρ
915 1767 1266 1838 παράνομος,
1315 1766 1416 1820 οὑκ
1465 1765 1656 1836 ἐκείνῳ
1690 1765 1877 1836 ἐχαλέ-

1985 1764 2242 1820 Dominus
2275 1763 2411 1817 dixit
2434 1762 2626 1830 Semei,
2657 1772 2713 1840 ut
2739 1762 3068 1817 malediceret
3091 1761 3281 1817 Davidi
3307 1760 3372 1816 ⁸⁸.
3406 1761 3556 1826 Qua-

302 1874 472 1926 πηνεν
494 1897 508 1920 ,
540 1857 654 1910 ἀλλ’
697 1857 886 1911 ἑαυτὸν
921 1856 1305 1921 ἐταπείνωσεν,
1333 1858 1409 1921 ὡς
1436 1856 1575 1910 κιατά
1601 1856 1696 1927 τὴν
1721 1856 1876 1921 ἀξίαν

1982 1862 2204 1927 propter
2236 1869 2360 1910 cum
2391 1863 2680 1911 vocaretur
2715 1855 2800 1908 vir
2843 1855 3190 1926 sanguinum,
3225 1862 3277 1908 et
3319 1853 3404 1907 vir
3451 1853 3556 1907 ini-

301 1947 449 2016 αύτῷ
482 1948 579 2016 τῆς
609 1946 816 2019 ὖὸρεως
861 1945 1186 2017 ἀπαντώσης
1225 1946 1322 2017 (2).
1353 1947 1468 2009 Πᾶς
1502 1947 1612 2016 γὰρ
1659 1944 1877 2016 ἔλεγχος

1982 1963 2141 2018 quus.
2174 1945 2596 2018 haudquaquam
2629 1947 2678 2002 ei
2711 1948 3062 2013 succensuit;
3091 1946 3185 2001 sed
3213 1960 3271 2001 se
3305 1945 3421 2014 ipse
3453 1942 3556 1996 hu-

299 2036 545 2107 ἐναργῶς
588 2038 1000 2108 καθαπτόμενος
1051 2037 1145 2091 τοῦ
1194 2036 1589 2108 ἐλεγχομένου,
1641 2034 1876 2107 ἰσχυρῶς

1982 2037 2250 2104 miliabat,
2279 2038 2437 2108 quasi
2466 2037 2590 2107 jure
2620 2053 2684 2092 ac
2713 2039 2907 2094 merito
2935 2037 3236 2092 maledictis
3273 2043 3556 2090 contume-

299 2125 462 2179 αὑτὸν
499 2125 808 2196 βασανίζει,
856 2127 1125 2200 παριστὰς
1159 2126 1220 2180 τὸ
1267 2123 1457 2200 αἶσχος
1487 2123 1583 2178 τοῦ
1627 2125 1876 2196 ἁμαρτή-

1982 2127 2179 2197 liisque
2231 2129 2542 2184 lacessitus.
2572 2128 2648 2201 (7)
2681 2131 2867 2184 Omnis
2904 2131 3047 2185 enim
3078 2127 3426 2198 reprehensio
3451 2141 3550 2196 pa-

301 2234 470 2286 ματος
493 2234 506 2248 ·
544 2216 685 2270 ὥστε
732 2219 942 2288 μεγάλα
987 2219 1296 2287 εὐεργετεῖν
1332 2218 1424 2271 τὸν
1449 2215 1877 2288 ἀναισθητοῦντα

1982 2219 2085 2273 lam
2137 2231 2263 2293 eum
2319 2221 2413 2290 qui
2470 2219 2884 2291 reprehenditur
2931 2220 3321 2290 perstringens,
3373 2218 3551 2287 ipsum

296 2308 405 2362 τῶν
447 2310 590 2364 ἰδίων
625 2311 1016 2381 πταισμάτων,
1053 2312 1134 2374 είς
1183 2309 1534 2380 συναίσθησιν
1587 2308 1736 2377 ἄγων
1783 2307 1877 2361 κα)¹

1982 2309 2335 2364 vehementer
2362 2316 2604 2380 torquet,
2634 2321 2758 2364 cum
2791 2309 2994 2379 peccati
3021 2312 3228 2378 detegat
3257 2305 3552 2377 turpitudi-

301 2400 664 2472 μεταμέλειαν
694 2400 970 2472 ἀληθινήν.
1005 2403 1162 2455 Ποῖον
1187 2401 1295 2472 γὰρ
1316 2399 1533 2473 τραῦμα
1562 2397 1870 2471 σωματικὸν

1982 2415 2134 2467 nem;
2197 2401 2273 2455 ita
2326 2407 2389 2455 ut
2444 2403 2570 2456 eum
2613 2401 2706 2471 qui
2749 2401 2899 2454 nullo
2959 2401 3276 2455 delictorum
3329 2411 3552 2454 suorum

296 2489 441 2543 οὑτω
468 2490 714 2562 δριμεῖαν
749 2493 967 2561 ἐμποιεῖ
990 2490 1086 2562 τὴν
1132 2489 1323 2560 ὀδύνην
1346 2529 1362 2554 ,
1414 2488 1604 2544 ὁποίαν
1641 2488 1871 2560 βάσανον

1982 2507 2134 2547 sensu
2165 2492 2518 2564 tangebatur,
2555 2509 2664 2548 non
2706 2492 2964 2546 mediocri
3007 2492 3208 2547 alliciat
3250 2489 3549 2555 beneﬁcio;

297 2581 517 2650 ἐμποιεῖ
543 2585 608 2653 τῇ
642 2581 786 2652 ψυχῇ
813 2581 970 2651 λόγος
1001 2582 1442 2652 καταπληκτικός
1461 2620 1476 2645 ,
1505 2579 1868 2650 καθικνούμε-

1982 2583 2181 2653 quippe
2215 2582 2283 2638 ad
2311 2598 2502 2639 eorum
2528 2584 2918 2639 conscientiam
2954 2593 3008 2639 et
3053 2583 3123 2638 ad
3161 2597 3346 2637 veram
3378 2580 3554 2651 poeni-

296 2689 387 2736 νος
411 2673 505 2728 τοῦ
541 2675 842 2738 συνειδότος
885 2674 992 2727 τῶν
1018 2675 1354 2746 ἐνεχομένων
1389 2677 1456 2745 τῇ
1495 2673 1723 2745 αἰσχύνῃ
1762 2672 1868 2726 τῶν

1982 2675 2198 2728 ιειιιίιιιιι
2231 2674 2412 2746 ipsum
2449 2675 2704 2731 deducat.
2738 2676 2909 2742 Quale
2955 2675 3100 2731 enim
3144 2675 3393 2744 corporis
3433 2673 3552 2726 vul-

296 2767 483 2831 κακῶς
520 2767 924 2839 πεπραγμένων
950 2786 962 2798 ·

1982 2781 2074 2821 nus
2098 2775 2247 2822 creat
2275 2784 2456 2824 acrem
2486 2770 2728 2824 dolorem
2767 2769 3060 2839 ejusmodi,
3087 2766 3398 2838 cujusmodi
3420 2781 3550 2820 cru-

296 2857 498 2912 ciatum
555 2857 750 2912 animae
808 2859 951 2928 parit
993 2872 1176 2914 sermo
1239 2856 1668 2928 objurgatorius,
1731 2869 1854 2909 cum
1900 2869 2088 2910 eorum
2157 2859 2250 2929 qui
2332 2859 2667 2930 turpitudine
2718 2871 2772 2915 et
2819 2858 3114 2930 opprobrio
3170 2873 3352 2912 rerum
3412 2855 3552 2910 male

295 2959 570 3024 gestarum
639 2959 1002 3020 premuntur,
1061 2951 1452 3007 conscientiam
1524 2949 1876 3022 perstringit?

365 3048 419 3101 2.
462 3049 576 3117 Ούχ
605 3046 746 3100 οὕτω
781 3046 1036 3118 σώματος
1068 3047 1358 3120 χαρακτὴρ
1399 3046 1527 3110 ἴδιός
1565 3063 1708 3110 τινος
1754 3047 1872 3099 ἐνο-

298 3139 464 3209 μίσθη
485 3179 500 3203 ,
535 3140 610 3203 ὡς
644 3137 743 3208 τῆς
769 3138 1019 3208 φιλοθέου
1065 3138 1243 3207 ψυχῆς
1274 3137 1334 3190 τὸ
1374 3138 1646 3209 εἰρηνικόν
1684 3155 1743 3190 τε
1779 3136 1874 3189 xai.

295 3231 520 3302 ἥμερον.
572 3231 778 3303 Πρέποι
807 3228 849 3282 δ’
880 3229 946 3282 ἆν
974 3229 1052 3299 τῷ
1097 3229 1322 3300 τοιούτῳ
1346 3269 1361 3292 ,
1389 3231 1515 3293 τοὺς
1559 3229 1750 3293 ἄλλους
1789 3228 1876 3281 ἐλ-

297 3337 411 3373 κειν
438 3322 572 3392 πρὸς
599 3320 810 3384 ἑαυτὸν,
839 3320 932 3374 καὶ
958 3320 1217 3390 παρέχειν
1248 3321 1381 3373 πᾶσι
1403 3323 1517 3382 τοῖς
1544 3318 1872 3389 ἐγγίζουσιν,

296 3409 485 3482 ὥσπερ
521 3410 690 3482 μύρου
737 3411 882 3473 τινὸς
930 3411 1155 3472 εὐωδίας
1178 3449 1193 3473 ,
1223 3410 1324 3479 τῆς
1369 3411 1463 3463 τοῦ
1502 3411 1704 3481 τρόπου
1731 3426 1874 3480 χρη-

298 3501 552 3570 στότητος
607 3500 1096 3571 ἀναπίμπλασθαι,
1149 3500 1310 3553 αὑτὸν
1341 3503 1455 3563 τοῖς
1487 3500 1667 3563 ἄλλοις
1741 3500 1875 3553 καθ-

295 3592 548 3664 ηγεῖσθαι
579 3594 672 3645 ἐπὶ
704 3595 771 3647 τά
801 3593 1049 3662 βέλτιστα
1074 3633 1089 3657 ,
1125 3592 1239 3646 ἀλλ’
1264 3593 1386 3664 οὐχὶ
1422 3593 1734 3646 ἀκολουθεῖν
1763 3594 1876 3645 ἐτέ-

298 3704 434 3758 ροις,
474 3688 560 3756 ἐφ’
593 3686 628 3740 ἃ.
659 3686 733 3757 μὴ
763 3687 842 3739 δεῖ
869 3688 941 3757 (⁸5)
964 3703 977 3716 '
1014 3687 1108 3740 καὶ
1137 3687 1196 3740 τὸ
1225 3687 1321 3757 μὲν
1345 3686 1643 3756 φιλόνεικον
1672 3685 1876 3757 ἑτέροις

297 3781 674 3850 παραχωρεῖν·
718 3777 916 3848 μᾶλλον
969 3778 1027 3831 δὲ
1080 3778 1346 3831 κάκείνων
1395 3778 1596 3845 ἐξελεῖν
1642 3777 1740 3846 τῆς
1777 3775 1878 3846 ψυ-

297 3871 399 3941 χῆς
419 3910 432 3934 ,
463 3871 620 3942 είπερ
659 3865 769 3923 οἷόν
803 3889 860 3925 τε
885 3888 898 3901 ⁸
936 3871 1098 3923 αὑτὸν
1143 3870 1200 3922 δὲ
1251 3870 1318 3922 δι’
1349 3869 1704 3935 ἀνεξικακίας
1730 3869 1877 3922 λύειν

296 3960 366 4012 τὰ
394 3959 632 4030 λυπηρά.
665 3960 737 4012 Τὸ
769 3960 867 4030 μὲν
897 3960 1005 4029 γὰρ
1029 3959 1365 4030 ἀμύνεσθαι,
1394 3961 1595 4022 παντός
1622 3960 1739 4011 ἐστι
1780 3956 1875 4011 τοῦ

297 4050 650 4121 ὀργιζομένου
674 4067 688 4081 ·
728 4051 788 4104 τὸ
813 4051 868 4104 δὲ
897 4052 990 4105 καὶ
1018 4053 1186 4122 αὐτῆς
1212 4053 1310 4123 τῆς
1346 4052 1514 4122 ὀργῆς
1551 4050 1876 4122 ὑψηλότερον

298 4138 436 4195 εἶναι
471 4143 542 4212 (4)
565 4182 580 4207 ,
609 4142 765 4196 τοῦτο
815 4143 933 4206 ἑνός
968 4160 1070 4195 που
1109 4142 1270 4213 μόνου
1297 4183 1310 4207 ,
1367 4142 1462 4196 καὶ
1511 4142 1563 4196 εἷ
1601 4159 1685 4207 τις
1728 4139 1878 4212 αὑτῷ

296 4235 398 4302 τὴν
428 4235 629 4306 ἀρετὴν
671 4234 1070 4306 παραπλήσιος.
1104 4228 1229 4287 υἲον
1254 4235 1362 4306 γὰρ
1391 4235 1601 4306 Θέαμαί
1639 4233 1757 4297 πῶς
1787 4251 1877 4285 σε-

303 4325 434 4397 μνὸν
457 4326 551 4378 καὶ
586 4324 895 4396 θαυμαστὸν
927 4327 1021 4378 καὶ
1057 4325 1253 4396 μικροῦ
1295 4327 1394 4398 τὴν
1434 4325 1594 4394 φύσιν
1628 4326 1876 4379 ἐκϐαῖνον

301 4417 400 4486 τὴν
430 4415 773 4487 ἀνθρωπίνην
793 4457 807 4483 ,
834 4417 1118 4489 ἄνθρωπον
1152 4417 1320 4472 πολλά
1358 4417 1755 4488 λοιδορηθέντα,
1783 4417 1877 4469 καί

303 4523 407 4559 που
441 4508 535 4560 καὶ
583 4507 794 4578 πληγὴν
825 4508 1116 4578 δεξάμενον
1167 4510 1258 4562 ἐπὶ
1305 4509 1542 4581 κόρρης,
1590 4509 1683 4561 καὶ
1740 4507 1873 4561 ἀλλα
1907 4540 1952 4596 D

308 4599 480 4670 μυρία
516 4599 758 4654 παθόντα
793 4599 901 4653 τῶν
950 4600 1092 4671 λόγῳ
1135 4601 1229 4654 καὶ
1282 4601 1427 4672 ἔργῳ
1461 4599 1538 4669 (5)
1585 4599 1721 4670 πρὸς
1776 4597 1874 4669 τὴν

303 4690 537 4760 ἐσχάτην
594 4689 817 4759 ἀτιμίαν
867 4690 1176 4761 φερόντων,
1216 4691 1291 4762 μὴ
1347 4690 1643 4760 ὑπερζέσαι
1698 4689 1874 4761 θυμῷ,

310 4782 447 4851 μηδὲ
480 4781 830 4852 διαναστῆναι
869 4784 1004 4854 πρὸς
1053 4781 1262 4851 ἄμυναν
1289 4822 1303 4846 ,
1338 4782 1473 4835 ἀλλὰ
1541 4781 1731 4852 πράως
1785 4783 1878 4834 καὶ

306 4871 591 4942 ἀοργήτως
645 4871 1046 4944 προσεύξασθαι
1084 4874 1223 4942 ὑπὲρ
1274 4873 1366 4925 τοῦ
1409 4871 1661 4943 ὑϐριστοῦ
1689 4912 1703 4937 ,
1737 4871 1878 4927 ὥστε

307 4964 402 5019 καὶ
435 4965 533 5034 τὴν
571 4965 663 5016 ἐπὶ
698 4967 812 5028 τοῖς
863 4964 1131 5034 φθάσασιν
1167 4963 1313 5034 αὑτῴ
1351 4963 1625 5035 ἁμαρτίαν
1669 4981 1880 5034 συγχω-

314 5054 580 5126 ρηθῆναι,
615 5054 878 5128 καὶπρὸς
928 5054 990 5108 τὸ
1039 5054 1166 5126 tas;
1213 5055 1313 5125 τῆς
1360 5055 1674 5126 πρεπούσης
1731 5054 1882 5126 παρά

375 5211 419 5242 ⁸⁷
451 5210 597 5265 Psal.
649 5224 747 5274 vn,
775 5210 828 5264 5.
903 5210 951 5242 “
987 5209 1032 5264 ll
1057 5209 1192 5280 Reg.
1225 5224 1338 5276 XVI,
1369 5209 1457 5266 10.

385 5365 461 5438 (l)
513 5366 833 5438 ἸΙνείχετα
876 5367 968 5423 Sic
1003 5365 1208 5438 Regius
1255 5366 1426 5421 codex
1471 5376 1525 5422 et
1575 5375 1878 5426 contextus.

314 5434 480 5500 Editi,
517 5437 806 5506 συνείχετο.

387 5507 464 5578 (2)
514 5504 1119 5578 lAzrqié‘tdianc.‘C‘odex
1145 5505 1368 5577 Regius,
1397 5505 1739 5578 ὑπαντῲσης.

387 5570 464 5650 (ᾗ)
515 5576 633 5650 Ἐφ’
680 5570 1011 5650 ᾰ--μῆδεί
1053 5570 1422 5650 Ιιιθιιι-ξοόει,
1449 5570 1624 5650 seu};
1782 5575 1878 5650 δεῖ.

389 5643 467 5713 (4)
508 5643 696 5718 Εἶναι.
727 5643 879 5701 Hanc
903 5661 1091 5702 vocem
1121 5646 1426 5703 addidimus
1451 5643 1518 5701 ei:
1545 5643 1714 5718 Regio
1737 5643 1886 5704 codi-

317 5730 386 5773 ce
416 5731 478 5768 ac
510 5717 629 5782 ipso
658 5724 934 5772 contextu.

389 5784 466 5860 (5)
509 5785 632 5841 Τῶν
655 5787 814 5856 λόγῳ
835 5785 934 5842 καὶ
958 5785 1126 5856 ἔργῳ.
1150 5785 1256 5844 Pro
1283 5786 1382 5843 his.
1403 5787 1628 5847 vocibus
1673 5788 1883 5863 legeba-

2050 3045 2106 3098 2.
2142 3044 2218 3115 (8)
2251 3041 2438 3113 Neque
2483 3044 2629 3099 enim
2673 3058 2970 3114 corporeus
3007 3044 3293 3100 character
3320 3043 3393 3096 ita
3423 3057 3552 3112 pro-

1981 3134 2134 3205 prius
2179 3135 2504 3203 cujusquam
2547 3134 2840 3206 deputatus
2889 3141 3003 3201 est,
3059 3143 3121 3188 ut
3173 3133 3341 3188 animi
3382 3131 3562 3185 Deum.

1902 3205 1944 3263 (ἶ
1978 3227 2213 3281 amantis
2243 3243 2344 3296 pax
2375 3237 2430 3281 et
2463 3205 2848 3283 mansuetudo.
2883 3226 2998 3281 Tali
3034 3227 3199 3296 igitur
3241 3224 3550 3287 conveniat,

1975 3316 2112 3370 alios
2145 3315 2211 3368 ad
2244 3331 2303 3371 se
2327 3316 2563 3381 trahere,
2596 3331 2660 3371 ac
2693 3316 2946 3370 omnibus
2978 3315 3045 3368 ad
3085 3332 3145 3371 se
3173 3313 3568 3368 accedentibus.

1975 3410 2259 3477 praestare,
2304 3417 2365 3462 ut
2401 3399 2886 3477 veluti‘cujusdam
2925 3407 3184 3478 unguenti
3231 3405 3548 3476 fragrantia,

1976 3511 2186 3550 morum
2217 3511 2442 3550 suorum
2474 3497 2698 3551 lenitate
2726 3497 3071 3567 impleantur,
3107 3495 3298 3549 ducem
3339 3508 3397 3548 se
3429 3491 3553 3547 aliis

1979 3587 2227 3657 praebens
2259 3585 2326 3640 ad
2352 3587 2577 3656 optima,
2599 3587 2823 3654 minime
2856 3593 3036 3641 autem
3072 3585 3238 3640 alium
3268 3585 3334 3638 ad
3362 3582 3553 3637 illicita

1976 3694 2246 3748 sequens:
2277 3679 2354 3748 (9)
2386 3693 2451 3732 ac
2481 3679 2851 3735 contentionis
2891 3677 3108 3749 quidem
3158 3677 3395 3733 studium
3430 3675 3559 3730 aliis

1977 3771 2265 3839 relinquat,
2290 3771 2401 3824 imo
2443 3784 2510 3825 ex
2537 3770 2752 3825 illorum
2783 3767 2948 3826 etiam
2981 3769 3177 3824 animis
3206 3769 3474 3833 extrahat,
3504 3769 3551 3824 si

1978 3861 2094 3916 fieri
2121 3869 2300 3930 potest
2324 3879 2338 3915 :
2373 3861 2492 3931 ipse
2517 3869 2696 3916 autem
2720 3861 2981 3933 patientia
3005 3861 3284 3916 molestias
3307 3867 3547 3929 superet.

1976 3948 2110 4004 Nam
2142 3950 2330 4004 ulcisci
2371 3965 2451 4016 se,
2491 3949 2741 4021 cujusvis
2785 3951 2912 4005 irati
2946 3959 3072 4016 est;
3111 3949 3206 4004 sed
3239 3951 3356 4020 ipsa
3387 3950 3551 4004 etiam

1977 4045 2059 4099 ira
2083 4044 2418 4113 superiorem
2448 4059 2590 4111 esse,
2619 4043 2722 4099 hoc
2755 4043 2918 4114 hujus
2943 4052 3029 4101 est
3055 4044 3246 4106 solius,
3271 4049 3324 4097 et
3351 4044 3398 4098 si
3427 4042 3552 4112 quis

1977 4135 2051 4190 illi
2077 4135 2276 4190 virtute
2290 4135 2614 4194 consimilis.
2646 4134 2757 4207 (lO)
2770 4135 2939 4202 Quale
2963 4136 3109 4192 enim
3138 4135 3548 4205 Spectaculuml

1977 4242 2138 4297 quam
2169 4227 2428 4297 praeclara
2463 4242 2551 4283 res
2578 4235 2662 4283 cst
2699 4236 2753 4282 et
2784 4225 3143 4281 admiratione
3171 4226 3332 4294 digna
3353 4265 3368 4289 ,
3397 4239 3550 4294 quaa-

1978 4334 2082 4389 que
2132 4317 2521 4388 propemodum
2569 4324 2821 4372 naturam
2867 4324 3130 4387 superat,
3165 4316 3209 4372 si
3258 4315 3418 4370 homo
3456 4316 3559 4384 qui

1978 4408 2164 4464 multis
2201 4409 2480 4480 impetitus
2517 4417 2602 4465 est
2643 4409 2928 4473 conviciis,
2961 4417 3055 4463 aut
3103 4406 3242 4462 forte
3286 4407 3448 4463 etiam
3495 4407 3552 4461 in

1981 4500 2200 4556 maxilla
2237 4501 2449 4570 plagam
2481 4501 2712 4571 accepit,
2762 4509 2816 4556 et
2858 4501 3142 4555 innumera
3187 4500 3290 4553 alia
3327 4515 3552 4570 perpes-

1980 4609 2075 4650 sus
2099 4602 2213 4658 est,
2243 4601 2300 4649 ct
2325 4593 2558 4649 dictiset
2582 4594 2742 4651 factis
2776 4593 2844 4649 ad
2871 4602 3169 4649 extremam
3198 4593 3562 4663 ignominiam-

1979 4686 2279 4753 tendentia,
2311 4686 2534 4742 minime
2580 4695 2760 4741 tamen
2800 4693 2994 4756 praeter
3026 4685 3245 4740 modum
3278 4685 3356 4737 ira
3395 4681 3556 4739 effer-

1977 4787 2181 4843 vescat,
2207 4794 2382 4848 neque
2408 4777 2678 4833 excitetur
2704 4777 2772 4830 ad
2798 4775 3113 4841 vindictam,
3148 4774 3242 4830 sed
3271 4780 3554 4828 mansuete

1979 4875 2034 4924 et
2064 4870 2270 4940 absque
2314 4870 2597 4924 iracundia
2625 4877 2878 4940 precetur
2911 4883 3016 4939 pro
3043 4867 3411 4923 conviciatore
3434 4904 3448 4930 ,
3491 4873 3552 4920 ut

1977 4969 2033 5016 et
2067 4960 2398 5030 praeteritum
2432 4961 2479 5016 ei
2510 4969 2792 5031 peccatum
2836 4959 3195 5023 condonetur,
3225 4972 3290 5012 ac
3340 4958 3396 5011 in
3449 4971 3550 5026 po-

1981 5058 2187 5106 sterum
2248 5051 2594 5108 convenienti
2650 5049 2746 5106 Dei
2798 5063 2930 5105 cura
2997 5050 3194 5120 dignus
3253 5049 3513 5103 habeatur
3533 5048 3564 5103 !-_

1983 5381 2074 5449 tur
2124 5372 2404 5449 in_._e_ditis
2453 5387 2518 5427 ac
2568 5373 2625 5449 in
2661 5374 2781 5443 ipso
2820 5381 3096 5449 contextu,
3142 5376 3245 5449 xui.
3275 5376 3418 5449 λόγῳ
3457 5376 3554 5433 καὶ

1984 5444 2150 5515 ἔργῳ.
2173 5440 2384 5515 _Viti_um
2421 5440 2736 5515 sanavimus
2758 5459 2859 5514 ope
2889 5444 3046 5515 Regii
3073 5448 3301 5502 codicis.

2079 5511 2134 5575 6)
2171 5511 2253 5565 Ex
2283 5513 2431 5566 hom.
2463 5513 2708 5567 adversus
2735 5511 2918 5578 iriuos,
2952 5511 3038 5572 87.

2079 5519 2134 5575 6)
2171 5519 2253 5565 Bx
2283 5519 2431 5566 hom.
2463 5519 2708 5567 adversus
2735 5519 2918 5578 iratos,
2952 5519 2980 5570 8

2055 5519 2135 5652 £7)
2173 5582 2250 5637 Ex
2284 5593 2576 5637 comment.
2606 5583 2662 5636 in
2683 5583 2821 5651 Isa.,
2854 5585 2980 5641 451.

2057 5654 2135 5722 (8)
2172 5652 2256 5722 Ex
2291 5652 2452 5722 epist.
2479 5654 2736 5719 ux,153.

2055 5721 2132 5790 (9)
2167 5721 2470 5790 Ibid.,’154.
2669 5761 2673 5765 .

2057 5791 2172 5869 (10)
2213 5791 2292 5849 Ex
2317 5801 2609 5857 comment.
2747 5792 2882 5865 lam,
2914 5795 3040 5854 419.
