3900 6230
364 361 495 419 1351

1275 368 1636 425 ΑρΡΕΝοιΧ.
1678 401 1747 410 -
1787 368 2135 425 SYMEONIS
2172 368 2717 425 METAPHRASTE

3468 370 3609 432 13⁸52

359 478 515 535 Nunc
539 494 671 538 vero
692 498 792 540 nos
822 482 962 540 inter
981 488 1174 539 caetera
1204 490 1427 553 peccata
1452 491 1506 539 et
1536 484 1669 538 illud
1696 484 1929 539 maxime

2062 483 2163 538 νεοῦ
2197 484 2512 555 ἐπιμελείας
2543 483 2872 555 ἀξιωθῆναιί
2908 481 3024 538 Νῦν
3057 482 3114 537 δὲ
3136 484 3302 555 ἡμεῖς
3329 485 3468 554 μετὰ
3496 487 3607 540 τῶν

359 586 668 642 peccamus,
688 573 846 646 565
865 573 1238 645 persequimur
1262 589 1454 644 nempe
1484 575 1926 631 retributionem:

359 679 537 735 neque
573 667 690 736 pari
731 682 986 723 mensura
1029 668 1179 722 vices
1230 668 1616 738 rependimus:
1649 669 1743 724 sed
1780 668 1931 722 ultra

359 756 582 810 modum
621 773 721 813 nos
751 758 898 828 ipsos
931 759 1281 825 ulciscimur,
1330 775 1431 815 nec
1466 760 1813 830 indignamur
1843 775 1933 815 so-

362 845 496 907 lum,
530 847 577 902 si
606 850 857 918 quapiam
903 850 1231 905 contumelia
1283 849 1548 906 fuerimus
1595 852 1807 918 vexati;
1837 851 1933 907 sed

363 936 413 992 si
444 937 649 994 honore
673 953 781 994 non
814 938 1104 1004 afﬁcimur,
1136 956 1230 996 eos
1260 955 1477 1011 quoque
1516 942 1609 1011 qui
1643 942 1800 997 nobis
1832 943 1935 996 mi-

362 1042 469 1083 nus
501 1027 725 1085 honoris
752 1029 1062 1096 tribuerint,
1087 1046 1250 1100 quam
1294 1047 1402 1101 quo
1436 1046 1537 1086 nos
1567 1033 1715 1096 ipsos
1741 1031 1933 1103 dignos

360 1132 486 1174 esse
513 1119 912 1184 existimamus,
940 1136 1039 1191 pro
1070 1122 1307 1176 inimicis
1345 1122 1626 1177 habemus.

434 1209 487 1264 ὃ.
546 1208 625 1281 (1)
680 1209 1021 1267 Contumelia
1070 1219 1123 1267 te
1172 1210 1353 1267 affecit
1406 1211 1580 1267 iratus
1626 1211 1936 1281 quispiam?

363 1301 498 1359 siste
540 1301 755 1356 silentio
786 1302 1009 1366 malum,
1039 1319 1215 1373 neque
1244 1304 1379 1358 iram
1428 1303 1572 1357 illius
1597 1303 1740 1357 velut
1763 1303 1935 1373 quod-

364 1392 489 1447 dam
513 1391 776 1449 ﬂuentum
822 1393 877 1447 in
920 1395 1163 1449 animum
1191 1402 1343 1449 tuum
1392 1395 1716 1465 suscipiens,
1746 1402 1937 1451 ventos

365 1480 617 1546 imiteris,
652 1483 768 1552 qui,
819 1483 962 1552 quod
1003 1484 1211 1538 illatum
1258 1491 1362 1548 est,
1416 1484 1468 1539 id
1527 1484 1718 1539 rellatu
1766 1486 1940 1555 repel-

366 1572 506 1627 lunt.
547 1572 825 1628 Maledixit
863 1574 984 1631 ille?
1023 1585 1078 1629 tu
1145 1576 1456 1631 benedicas.
1502 1574 1821 1634 Percussit?
1880 1587 1937 1633 tu

368 1665 598 1720 sustine.
652 1664 930 1737 Despicit,
985 1673 1145 1736 teque
1193 1665 1320 1721 facit
1373 1666 1568 1721 nihili?
1639 1677 1696 1722 tu
1758 1676 1938 1723 tecum

367 1754 546 1826 cogita
568 1764 746 1810 ortum
778 1764 831 1811 te
853 1771 975 1812 esse
1002 1772 1068 1812 ex
1107 1764 1274 1821 terra,
1314 1773 1377 1813 ac
1410 1773 1603 1814 rursus
1655 1758 1712 1813 in
1741 1767 1939 1815 terram

2037 575 2211 630 ἄλλων
2236 575 2420 629 κακῶν
2451 577 2553 629 κὰν
2575 575 2750 645 τούτῳ
2777 573 3008 644 μάλιστα
3033 574 3443 647 ἁμαρτάνομεν,
3479 576 3606 629 διώ-

2037 682 2225 729 κοντες
2254 665 2601 736 ἀνταπόδομα
2623 704 2638 729 ,
2674 664 2794 717 οὐδὲ
2844 662 2944 735 ίσῳ
2985 662 3065 734 τῷ
3101 664 3285 735 μέτρῳ
3319 664 3612 721 ἀντιδιδόν-

2037 774 2160 821 τες,
2211 756 2349 810 ἀλλά
2411 756 2526 827 μεθ’
2584 754 2886 827 ὑπερϐολῆς
2936 755 3303 826 ἀμυνόμενοι,
3356 757 3460 809 οὐκ
3516 757 3610 811 ἐὰν

2040 847 2381 921 ὑϐρισθῶμεν
2416 849 2603 918 μόνον,
2643 848 2755 901 ἀλλ’
2778 846 2875 900 ἑὰν
2909 847 2982 919 μὴ
3016 847 3108 900 καὶ
3122 846 3444 918 τιμηθῶμεν
3468 863 3610 916 παρ-

2037 941 2346 1013 οξυνόμενοι
2369 958 2383 971 ·
2450 942 2543 994 καὶ
2588 941 2716 1004 τοὺς
2744 939 2964 994 ἔλαττον
3011 941 3162 1010 ἡμᾶς
3197 940 3511 1010 τιμῶντας,
3538 933 3615 992 ὧν

2039 1033 2223 1098 ἀξίους
2259 1032 2456 1097 αὑτοὺς
2504 1032 2881 1104 ὑπειλήφαμεν
2906 1071 2922 1096 ,
2980 1030 3057 1096 ὡς
3109 1030 3340 1103 ἐχθροὺς
3398 1030 3614 1100 λογιζό-

2044 1142 2215 1195 μενοι.
3398 1142 3405 1147 ·

2110 1217 2163 1270 5.
2194 1215 2423 1289 Ὕϐρισέ
2454 1233 2514 1269 σε
2541 1216 2816 1288 ὀργισθεὶς
2846 1217 2875 1269 ὁ
2901 1214 3043 1268 δεῖνα
3071 1231 3087 1282 ;
3125 1214 3321 1285 στῆσον
3346 1215 3416 1284 τῇ
3437 1215 3617 1283 σιωῖῇ

2042 1307 2101 1360 τὺ
2124 1307 2292 1361 κακὸν
2316 1347 2331 1371 ,
2362 1309 2458 1362 καὶ
2508 1307 2582 1379 μὴ
2622 1307 2812 1379 ὥσπερ
2856 1305 3034 1378 ῥεῦμα
3055 1305 3167 1378 »τὴν
3204 1305 3419 1358 ἐκείνου
3448 1304 3623 1375 ὁρτὴν

2044 1401 2123 1462 εἰς
2150 1399 2248 1471 τὴν
2291 1399 2423 1453 ίδίαν
2460 1400 2686 1471 καρδίαν
2738 1398 3166 1470 ὑποδεξάμενος,
3213 1398 3342 1461 τοὺς
3383 1395 3623 1466 ἀνέμους

2049 1494 2188 1562 μιμῇ
2208 1491 2304 1562 (ε),
2324 1491 2413 1546 διὰ
2441 1492 2542 1561 τῆς
2574 1492 2885 1553 ἀντιπνοίας
2911 1488 3271 1551 ἀντιδιδόντας
3291 1488 3354 1539 τὸ
3380 1485 3621 1556 ἐνεχθὲν.

2058 1584 2294 1648 Ἐκεῖνος
2324 1583 2629 1656 ἐλοιδόρησε
2652 1600 2668 1649 ;
2701 1584 2766 1636 σὺ
2791 1581 3103 1653 εὑλόγησον.
3126 1579 3466 1648 Ἐτύπτησεν
3488 1578 3631 1629 ἐκεῖ·

2044 1691 2168 1739 νος;
2203 1675 2266 1728 σὺ
2298 1669 2610 1745 ὑπόμεινον.
2645 1672 2905 1727 Διαπτύει
2930 1715 2945 1739 ,
2977 1672 3072 1726 καὶ
3113 1671 3176 1724 τὸ
3214 1669 3381 1741 μηδὲν
3411 1667 3629 1739 ἡγεῖταί

2049 1781 2144 1830 σε;
2180 1764 2245 1818 σὺ
2285 1762 2493 1817 ἔννοιαν
2524 1761 2653 1817 λάϐε
2687 1761 2942 1827 σεαυτοῦ,
2981 1762 3064 1814 ὅτι
3109 1760 3175 1813 ὲκ
3220 1758 3325 1828 γῆς
3361 1758 3629 1826 ὑπέστης,

368 1860 738 1902 reversurum.
789 1848 1090 1903 Obscurum
1140 1856 1195 1904 te
1243 1848 1412 1918 dixit,
1459 1851 1857 1923 ingloriumque
1890 1863 1944 1909 et

2062 1855 2141 1908 cal.
2164 1855 2245 1917 είς
2277 1854 2380 1925 γῆν
2413 1854 2574 1907 πάλιν
2607 1852 2940 1924 ἀναλυθήσῃ.
2980 1850 3187 1921 Ἀφανῆ
3240 1865 3301 1901 σε
3344 1842 3505 1909 εἷπε,
3535 1848 3633 1900 καὶ

368 1938 523 1995 nihili
555 1938 852 2004 hominem,
881 1941 975 2011 qui
1022 1941 1209 1997 infimo
1251 1942 1371 1997 loco
1423 1953 1585 2001 natus
1615 1946 1723 2001 sit?
1775 1953 1830 2000 tu
1867 1957 1945 2001 te-

369 2032 547 2102 ipsum
585 2040 788 2088 terram
834 2048 899 2087 ac
941 2035 1180 2089 cinerem
1223 2034 1409 2090 dicito.
1444 2035 1714 2092 lllustrior
1745 2052 1854 2092 non
1885 2053 1946 2094 es

370 2130 524 2193 patre
565 2132 756 2179 nostro
807 2124 1103 2190 Abraham,
1138 2126 1231 2197 qui
1283 2142 1342 2183 se
1380 2128 1497 2198 ipse
1527 2129 1603 2182 ita
1636 2130 1944 2200 appellavit.

371 2216 653 2272 lndoctum
690 2225 745 2272 et
782 2231 1072 2288 pauperem
1111 2226 1165 2274 te
1210 2219 1380 2274 dixit?
1413 2228 1470 2274 tu
1523 2228 1576 2276 te
1642 2221 1795 2277 dicas
1830 2237 1948 2277 ver-

370 2321 536 2373 mem,
567 2316 729 2377 teque
778 2323 841 2363 ex
892 2318 1136 2366 stercore
1175 2309 1376 2366 habere
1416 2310 1701 2382 originem,
1731 2310 1950 2366 Davidis

373 2397 536 2452 verba
567 2413 859 2470 usurpans.
899 2399 994 2455 His
1025 2399 1187 2455 etiam
1220 2400 1537 2469 praeclarum
1576 2401 1782 2471 Moysis
1813 2400 1949 2455 faci-

372 2504 479 2544 nus
508 2487 707 2560 adjice.
754 2491 848 2545 Ille
887 2493 955 2546 ab
1005 2490 1186 2545 Aaron
1215 2500 1269 2546 et
1312 2489 1480 2546 Maria
1527 2491 1829 2547 maledictis
1872 2492 1951 2545 la-

373 2582 628 2648 cessitus,
662 2596 773 2639 non
813 2583 977 2638 Deum
1025 2583 1287 2640 adversus
1312 2599 1409 2640 eos
1439 2584 1820 2654 interpellavit,
1855 2584 1951 2639 sed

374 2690 472 2743 pro
522 2675 604 2731 eis
644 2675 841 2731 oravit.
875 2676 950 2748 (2)
983 2674 1064 2731 Tu
1110 2677 1296 2748 igitur,
1332 2678 1378 2731 si
1435 2685 1490 2733 te
1538 2692 1827 2747 pauperem
1859 2692 1952 2747 ap-

375 2768 674 2837 pellaverit,
702 2767 748 2823 si
780 2783 962 2823 verum
1001 2769 1273 2840 loquatur,
1299 2767 1478 2839 perfer
1507 2768 1789 2823 veritatem
1816 2786 1832 2822 -.
1867 2769 1954 2823 sin

375 2859 656 2923 mentitur,
685 2859 811 2929 quid
840 2860 906 2914 ad
938 2871 989 2915 te
1022 2862 1166 2931 quod
1196 2861 1374 2917 dixit?
1398 2858 1583 2930 Neque
1611 2859 1855 2915 etleraris
1886 2859 1955 2914 ob

375 2967 469 3007 eas
499 2966 619 3021 quae
654 2966 838 3006 verum
873 2950 1145 3007 excedunt
1179 2953 1402 3021 laudes;
1439 2968 1617 3023 neque
1660 2952 1730 3008 ob
1761 2958 1956 3008 contu-

375 3043 588 3107 melias,
620 3057 739 3112 qua
762 3051 816 3098 te
854 3058 963 3097 non
1008 3045 1303 3115 attingunt,
1333 3044 1696 3115 exaspereris.
1731 3046 1812 3098 An
1845 3060 1956 3098 non

376 3135 528 3192 vides
550 3136 824 3206 quomodo
858 3138 1070 3208 sagittas
1098 3137 1345 3201 duriora,
1378 3144 1433 3191 et
1462 3152 1583 3207 quae
1625 3138 1953 3203 renituntur,

378 3227 592 3284 soleant
623 3234 925 3297 penetrare.
962 3228 1017 3281 in
1050 3228 1306 3283 mollibus
1341 3243 1469 3283 vero
1500 3240 1554 3284 et
1579 3244 1700 3299 quae
1736 3228 1954 3294 cedant,

378 3312 641 3381 impetum
683 3328 841 3367 suum
885 3313 1174 3384 frangere?
1201 3315 1342 3380 Quid
1384 3324 1563 3371 autem
1599 3327 1650 3371 te
1678 3316 1959 3386 perturbat

380 3403 637 3473 pauperis
659 3404 996 3473 cognomen?
1018 3402 1074 3458 in
1115 3413 1351 3460 mentem
1383 3406 1565 3460 veniat
1591 3413 1697 3460 tuae
1727 3414 1956 3469 naturae,

380 3494 528 3565 quod
579 3495 759 3549 nudus
804 3495 1083 3565 ingressus
1106 3500 1188 3551 ‘es
1235 3496 1288 3550 in
1343 3495 1627 3561 mundum,
1674 3495 1962 3567 nudusque

382 3599 443 3642 es
491 3599 834 3655 egressurus.
882 3584 1026 3651 Quid
1080 3594 1261 3641 autem
1311 3586 1460 3641 nudo
1512 3587 1806 3657 pauperius
1842 3587 1962 3643 est?

380 3675 530 3731 Nihil
557 3691 721 3747 grave
754 3675 1031 3733 audivisti.
1078 3676 1213 3742 Quis
1263 3692 1502 3748 unquam
1553 3678 1623 3733 ob
1672 3686 1962 3749 pauperta-

384 3774 494 3821 tem
524 3765 791 3822 abductus
821 3773 906 3822 est
938 3767 993 3821 in
1025 3768 1338 3823 carcerem?
1367 3767 1668 3837 Pauperem
1699 3785 1820 3825 esse
1852 3785 1960 3825 non

384 3857 711 3927 probrosum
766 3866 893 3923 est,
947 3858 1042 3915 sed
1107 3868 1480 3929 paupertatem
1539 3877 1800 3931 generose
1852 3876 1964 3917 non

384 3949 550 4005 ferre.
595 3950 803 4021 Ecquid
849 3952 1074 4006 stultius
1109 3959 1191 4007 est
1232 3953 1350 4008 ira?
1400 3952 1494 4008 Sin
1547 3955 1872 4024 tranquillus
1908 3964 1965 4010 et

387 4040 512 4096 sine
541 4040 625 4094 ira
645 4042 1018 4111 prmanseris,
1052 4043 1255 4101 incutis
1284 4045 1549 4114 pudorem
1583 4049 1961 4114 conviciatori,

387 4146 513 4187 cum
563 4131 904 4202 prudentiam
951 4148 1010 4188 re
1056 4133 1171 4203 ipsa
1220 4135 1526 4191 ostenderis
1574 4144 1734 4207 atque
1780 4138 1966 4193 mode-

389 4222 571 4280 stiam.
603 4221 678 4293 (5)
708 4220 780 4277 Ut
823 4222 969 4277 enim
1015 4223 1109 4292 qui
1159 4224 1409 4279 verberat
1460 4241 1624 4281 sensu
1665 4235 1961 4293 carentem,

391 4312 495 4368 sibi
519 4312 635 4381 ipse
662 4322 862 4383 irrogat
886 4328 1101 4383 poenam
1121 4316 1265 4384 (nam
1291 4330 1392 4370 nec
1422 4314 1632 4371 hostem
1661 4317 1963 4382 ulciscitur,

390 4419 493 4460 nec
519 4404 655 4458 iram
686 4404 861 4476 sedat)
897 4425 909 4459 :
942 4407 1017 4461 ita
1064 4406 1314 4478 quisquis
1352 4407 1646 4471 hominem,
1678 4409 1772 4474 qui
1818 4409 1966 4479 inju-

2044 1946 2230 2012 ἄδοξον
2248 1986 2261 2011 ,
2291 1947 2385 2000 καὶ
2423 1945 2626 2017 μηδένα
2660 1942 3006 2015 μηδαμόθεν;
3038 1942 3102 1994 σὺ
3127 1942 3219 1994 καὶ
3246 1940 3352 2010 γῆν
3382 1939 3510 1992 είπὲ
3537 1938 3633 1990 καὶ

2048 2037 2241 2092 σποδὸν
2268 2036 2514 2091 σεαυτόν.
2544 2036 2657 2090 Οὐκ
2683 2030 2735 2088 εἴ
2764 2033 3085 2106 σεμνότερος
3106 2031 3200 2085 τοῦ
3227 2032 3438 2102 πατρὸς
3470 2031 3633 2100 ἡμῶν

2059 2126 2349 2197 Ἀϐραὰμ,
2393 2127 2452 2190 ὃς
2502 2124 2675 2179 ταῦτα
2713 2120 3226 2178 ἐαυτὸν“ἀπεκάλει.
3272 2119 3491 2191 Ἀμαθῆ
3541 2120 3637 2172 καὶ

2048 2218 2298 2288 πτωχόνς
2358 2217 2424 2270 σὺ
2478 2216 2534 2271 δὲ
2588 2214 2846 2285 σκώληκα
2890 2214 3115 2267 σεαυτὸν
3160 2211 3283 2265 εἰπὲ
3308 2252 3325 2274 ,
3380 2211 3481 2264 καὶ
3527 2208 3638 2263 ἀπὸ

2049 2310 2284 2382 κοπρίας
2338 2309 2483 2380 ἔχειν
2520 2308 2620 2380 τὴν
2658 2308 2911 2379 γέννησιν
2941 2346 2957 2371 ,
2990 2306 3062 2359 τὰ
3091 2304 3186 2358 τοῦ
3237 2303 3406 2357 Δαῦὶδ
3458 2303 3637 2370 λέγων

2052 2401 2290 2471 ῥήματα.
2334 2398 2557 2462 Τούτοις
2606 2396 2839 2469 πρόσθες
2873 2396 2967 2450 καὶ
3002 2396 3064 2448 τὸ
3089 2393 3185 2448 τοῦ
3213 2393 3501 2456 Μωῦσέως
3537 2409 3639 2445 κα-

2050 2491 2159 2545 λόν.
2204 2492 2442 2554 Ἐκεῖνος
2486 2491 2591 2544 ὑπὸ
2627 2489 2835 2561 Ἀαρὼν
2879 2487 2973 2542 καὶ
3013 2487 3234 2557 Μαρίας
3272 2484 3637 2556 λοιδορηθεὶς,

2051 2584 2110 2637 οὐ
2145 2585 2263 2637 κατ’
2310 2582 2488 2636 αὐτῶν
2535 2582 2752 2652 ἐνέτυχε
2782 2580 2860 2652 τῷ
2911 2577 3063 2651 Θεῷ,
3094 2578 3231 2633 ἀλλὰ
3292 2577 3642 2649 προσηύχετο

2053 2674 2195 2750 ὑπὲρ
2221 2673 2419 2727 αὐτῶν.
2453 2672 2565 2727 Καὶ
2610 2674 2673 2727 σὺ
2702 2673 2908 2737 τοίνυν,
2945 2670 3038 2724 ἐὰν
3068 2670 3279 2741 πένητά
3316 2686 3379 2721 σε
3413 2666 3642 2738 προσεί-

2053 2782 2132 2839 πῃ
2156 2810 2170 2831 ,
2199 2768 2249 2820 εί
2287 2765 2387 2837 μὲν
2424 2764 2596 2837 ἀληθῆ
2637 2765 2814 2834 λέγει,
2865 2762 3154 2830 κατάδεξαι
3191 2761 3291 2833 τὴν
3332 2760 3638 2832 ἀλήθειαν·

2055 2858 2104 2910 εἰ
2130 2856 2188 2909 δὲ
2212 2856 2464 2927 ψεύδεται
2484 2896 2499 2921 ,
2533 2858 2586 2909 τί
2615 2856 2751 2928 πρὸς
2784 2855 2844 2910 σὲ
2874 2854 2934 2908 τὸ
2959 2854 3280 2925 λεγόμενον;
3312 2853 3476 2922 Μήτε
3504 2849 3645 2923 πρὸς

2055 2946 2311 3011 ἐπαίνους
2340 2947 2650 3019 χαυεθωθῇς,
2686 2947 2813 3009 τοὺς
2852 2945 2991 3016 ὑπὲρ
3029 2945 3126 3015 τὴν
3158 2944 3421 3015 ἀλήθειαν
3447 2958 3463 2971 ⁸
3500 2944 3641 3014 μήτε

2057 3040 2194 3112 πρὸς
2227 3038 2410 3111 ὓδρεις
2443 3038 2711 3112 ἀγέιάνῐὶς
2730 3078 2745 3104 ν
2771 3036 2871 3103 τὰς
2895 3039 2994 3109 οὐχ
3018 3035 3331 3107 ἁπτομένας
3370 3052 3491 3088 σου.
3527 3037 3643 3105 Οὐχ

2057 3132 2190 3203 ὁρᾷς
2218 3129 2288 3183 τὰ
2324 3129 2634 3200 τοξεύματα
2652 3168 2667 3192 ,
2697 3127 2815 3192 πῶς
2837 3128 2945 3181 τῶν
2979 3127 3074 3198 μὲν
3099 3126 3345 3197 στερῤὦν
3371 3126 3468 3178 καὶ
3496 3126 3644 3177 ἀντι-

2057 3221 2241 3276 τύπων
2279 3221 2487 3289 πέφυκε
2524 3219 2865 3283 διαπίπτειν,
2921 3219 2979 3272 ἐν
3028 3217 3083 3271 δὲ
3134 3220 3249 3280 τοῖς
3281 3215 3513 3279 ἁπαλοῖς
3546 3216 3645 3269 καὶ

2057 3311 2340 3365 ὑπείκουσι
2375 3309 2472 3381 τὴν
2512 3308 2688 3381 ὁρμὴν
2724 3306 3056 3371 ὑπεκλύειν;
3088 3307 3154 3360 Τί
3180 3306 3238 3358 δέ
3274 3323 3336 3359 σε
3373 3306 3645 3377 ταράσσει

2058 3403 2093 3474 ἡ
2120 3399 2458 3473 προσηγορία
2502 3398 2598 3452 τοῦ
2644 3399 2912 3469 πένητος;
2956 3396 3242 3468 Μνήσθητι
3289 3397 3392 3467 τῆς
3423 3395 3647 3464 (ptisana;

2061 3491 2322 3547 σεαυτοῦ*
2360 3493 2444 3545 ὅτι.
2490 3490 2693 3561 γυμνὸς
2727 3492 2807 3553 είς
2852 3487 2942 3542 τὸν
2974 3488 3175 3559 κόσμον
3212 3486 3495 3556 εἰσῆλθες,
3543 3503 3646 3554 γυ-

2064 3585 2194 3657 μνὸς
2216 3584 2291 3655 (6)
2326 3584 2419 3636 καὶ
2453 3582 2751 3653 ἀπελεύσῃ.
2784 3581 2851 3634 Τί
2885 3580 2944 3634 δὲ
2976 3581 3185 3651 γυμνοῦ
3218 3581 3644 3651 πενιχρότερον;

2061 3677 2227 3730 Οὐδὲν
2258 3677 2497 3746 ἤκουσας
2537 3672 2728 3728 δεινόν.
2763 3672 2859 3735 Τίς
2901 3689 3031 3725 ποτε
3063 3672 3282 3744 ἀπήχθη
3330 3672 3421 3725 διὰ
3452 3670 3644 3724 πενίαν

2060 3767 2140 3830 εἰς
2172 3765 2580 3837 δεσμωτήριον;
2612 3765 2687 3818 Οὐ
2716 3762 2778 3816 τὸ
2805 3761 3062 3816 πένεσθαι
3091 3761 3476 3822 ἐπονείδιστον,
3508 3760 3643 3815 ἀλλά

2060 3856 2121 3910 τὸ
2148 3855 2223 3928 μὴ
2239 3855 2425 3925 φέρειν
2459 3854 2690 3924 εὐγενῶς
2723 3855 2821 3925 τὴν
2860 3852 3068 3907 πενίαν.
3102 3853 3167 3906 Τί
3205 3853 3377 3925 ὀργῆς
3408 3851 3644 3921 ἀφρονέο

2064 3962 2286 4018 στερον;
2355 3944 2480 3999 Ἐὰν
2536 3946 2726 4016 μείνῃς
2778 3944 3078 4016 ἁὸργητος,
3104 3943 3346 4015 ᾔσχυνας
3378 3942 3464 3995 τὸν
3492 3942 3645 4013 ὑϐρί-

2066 4053 2275 4101 σαντα,
2331 4034 2477 4107 εργῳ
2510 4033 2609 4106 τὴν
2664 4033 3020 4105 σωφροσύνην
3074 4032 3505 4104 ἐπιδειξάμενος.
3555 4033 3643 4094 Ὦς

2064 4128 2172 4197 γὰρ
2201 4128 2230 4182 ό
2262 4126 2480 4181 τύπτων
2510 4127 2600 4179 τὸν
2642 4126 2716 4199 μὴ
2747 4126 3049 4195 ἀλγοῦντα,
3091 4124 3281 4179 ἑαυτὸν
3322 4125 3643 4195 τιμωρεῖται

2067 4218 2232 4290 (οὔτε
2258 4220 2367 4290 γὰρ
2390 4219 2482 4272 τὸν
2510 4218 2704 4290 ἐχθρὸν
2733 4217 2983 4289 ἠμύνατο
3001 4257 3015 4282 ,
3065 4218 3159 4272 καὶ
3203 4216 3294 4269 τὸν
3343 4215 3517 4285 θυμὸν
3544 4215 3647 4266 οὐκ

2067 4311 2369 4364 ἀνέπαυσεν
2404 4309 2541 4382 [7])·
2583 4309 2754 4374 οὕτως
2787 4310 2815 4363 ὁ
2853 4311 2944 4363 τὸν
2978 4309 3321 4379 ἀλοιδόρητον
3345 4306 3643 4371 ὀνειδίζων,

2068 4400 2418 4474 παραμυθίαν
2457 4402 2636 4473 εὑρεῖν
2670 4401 2763 4455 τοῦ
2801 4401 3007 4463 πάθους
3035 4402 3094 4454 ού
3126 4399 3368 4454 δύναται.
3419 4397 3648 4468 Ἀμυνό-

390 4496 491 4551 riis
528 4509 638 4550 non
683 4503 950 4561 movetur,
990 4499 1206 4567 probris
1262 4513 1327 4553 ac
1378 4499 1680 4556 maledictis
1724 4501 1952 4566 lacessit,

2074 4510 2232 4564 μενος
2251 4493 2328 4555 δὲ,
2359 4494 2450 4548 καὶ
2482 4496 2564 4558 είς
2606 4495 2717 4547 ἴσον
2747 4492 3266 4563 ἀντικαθιστάμενος
3290 4490 3372 4562 τῷ
3397 4490 3646 4561 λοιδόρῳ,

392 4587 442 4644 is
470 4586 822 4657 cupiditatem
864 4604 1020 4645 suam
1065 4590 1231 4646 solari
1276 4605 1341 4645 ac
1384 4592 1597 4647 mollire
1624 4607 1733 4647 non
1761 4601 1960 4663 potest.

394 4678 470 4751 (4)
499 4677 655 4746 Quod
686 4679 732 4734 si
756 4694 856 4750 par
886 4681 1005 4750 pari
1046 4679 1271 4745 referas,
1301 4688 1354 4736 et
1400 4696 1468 4735 ex
1507 4697 1664 4752 aequo
1711 4680 1966 4752 insurgas

395 4766 660 4822 adversus
704 4767 1148 4833 conviciatorem,
1184 4783 1346 4838 quam
1399 4769 1616 4825 tandem
1663 4770 1966 4840 praetendes

394 4856 836 4912 excusationem?
869 4855 1022 4923 Quod
1064 4865 1117 4913 te
1156 4858 1304 4929 prior
1336 4857 1405 4912 ad
1451 4858 1585 4913 iram
1618 4860 1969 4929 provocavit?

398 4942 505 5001 Sed
537 4944 640 4999 hoc
666 4959 774 5014 qua
820 4945 979 4999 venia
1002 4944 1260 5016 dignum?
1302 4943 1489 5018 Neque
1526 4947 1670 5001 enim
1701 4957 1969 5004 scortator

394 5037 490 5108 qui
521 5036 734 5106 culpam
773 5037 829 5095 in
868 5038 1208 5097 meretricem
1254 5040 1532 5104 transfert,
1564 5046 1818 5110 tanquam
1849 5056 1971 5112 quae

398 5130 469 5186 ad
510 5136 789 5200 peccatum
846 5129 1149 5199 impulerit,
1211 5131 1497 5186 remissius
1554 5118 1969 5203 condemnatur.

397 5220 591 5282 Nonne
617 5220 820 5275 malum
850 5220 1213 5276 contumelia?
1255 5220 1399 5277 Cave
1429 5220 1675 5278 imiteris.
1717 5221 1851 5277 Nam
1887 5225 1973 5278 in—

400 5314 614 5387 cepisse
655 5313 821 5370 alium
867 5326 975 5368 non
1025 5312 1222 5369 sutﬁcit
1273 5312 1343 5369 ad
1377 5314 1804 5377 excusationem.
1858 5314 1973 5373 imo

475 5469 553 5540 (i)
591 5469 670 5524 Ex
703 5469 850 5540 hom.
883 5467 1132 5524 adversus
1164 5469 1352 5535 iratos,
1374 5468 1459 5524 85.

496 5539 555 5605 2)
587 5541 753 5605 Ihid.,
795 5539 885 5593 87.

499 5608 555 5670 5)
595 5609 731 5664 Ibid.
744 5649 760 5670 ,
796 5608 885 5663 86.

500 5677 556 5734 4)
593 5677 708 5734 Ibid

504 5744 558 5818 5)
595 5746 781 5817 Μιμῇ.
811 5744 1012 5822 Regius
1039 5747 1235 5819 codex,
1284 5750 1515 5824 μιμήσῃ.

474 5545 501 5818 ξ

2070 4587 2125 4638 τί
2174 4587 2266 4639 καὶ
2300 4586 2649 4657 ἀπολογήσῃ;
2685 4585 2808 4639 Ὅτι
2856 4583 3139 4656 παρώξυνε
3178 4581 3493 4653 κατάρξας;
3538 4581 3649 4635 Καὶ

2073 4678 2230 4741 ποίας
2259 4678 2414 4731 τοῦτο
2460 4675 2789 4747 συγγνώμης
2824 4677 3015 4742 ἅξιον;
3069 4675 3205 4729 Οὐδὲ
3237 4675 3348 4745 γὰρ
3387 4676 3415 4728 ὁ
3450 4673 3651 4744 πόρνος

2073 4769 2165 4822 ἐπὶ
2216 4769 2314 4838 τὴν
2355 4769 2577 4839 ἑταίραν
2631 4768 2730 4838 τὴν
2782 4766 2960 4820 αἰτίαν
3002 4766 3308 4837 μετατιθεὶς
3333 4806 3349 4831 ,
3381 4765 3461 4830 ὡς
3515 4764 3653 4835 πρὸς

2071 4859 2168 4931 τὴν
2198 4859 2470 4930 ἁμαρτίαν
2505 4856 2905 4929 διερεθίσασαν,
2934 4850 3104 4926 ἧττον
3142 4856 3240 4925 τῆς
3265 4853 3652 4923 κατακρίσεως

2074 4949 2336 5016 ἀξιοῦται.
2367 4950 2607 5022 Πονηρὸν
2643 4951 2677 5021 ἡ
2709 4948 2865 5020 ’ὑδρις
2890 4965 2905 5014 ;
2935 4947 3101 5018 φεῦγε
3137 4948 3236 5018 τὴν
3278 4946 3537 5018 μίμησιν.
3576 4947 3650 5001 Οὐ

2077 5039 2185 5112 γὰρ
2212 5039 2275 5111 δὴ
2306 5039 2368 5092 τὸ
2404 5039 2587 5108 ἕτερον
2624 5036 2921 5111 κατάρξαι,
2970 5037 3151 5091 ἱκανὸν
3180 5038 3260 5101 εἰς
3291 5036 3645 5108 παραίτησιν.

2077 5131 2422 5204 Δικαιότερον
2457 5131 2556 5201 μὲν
2582 5126 2711 5195 οὖν,
2748 5131 2824 5195 ώς
2857 5128 3091 5200 ἐμαυτὸν
3129 5128 3302 5181 πείθω
3327 5167 3341 5191 ,
3391 5128 3494 5182 καὶ
3536 5130 3629 5181 ἐπι

2077 5227 2249 5278 τεῖναι
2280 5224 2375 5295 τὴν
2402 5224 2773 5294 ἀγανάκτησιν
2791 5239 2806 5254 ο
2838 5223 2972 5277 διότι
3002 5222 3032 5274 ὁ
3062 5221 3161 5291 μὲν
3185 5220 3285 5273 οὐκ
3322 5207 3531 5289 εἷχέτὸ
3560 5236 3637 5272 σω

2080 5316 2332 5395 φρονίζον
2377 5315 2707 5393 ὑπόδειγμα·
2760 5315 2824 5368 σὺ
2875 5314 2935 5368 δὲ
2986 5312 3197 5384 βλέπων
3236 5310 3659 5382 ἀσχημονοῦν-ες

2172 5471 2225 5543 6)
2260 5472 2522 5543 Γυμιςός.
2576 5467 2698 5525 dem
2729 5466 2922 5543 θρόει,
2945 5466 3159 5543 πέντως
3187 5467 3269 5520 ὅτι
3295 5465 3651 5543 και-γυμνός.

2172 5471 2225 5543 6)
2260 5472 2522 5540 Γυμνός.
2576 5471 2698 5525 dem
2729 5471 2922 5531 codex,
2945 5471 3159 5529 πάντως
3187 5471 3269 5520 ὅτι
3295 5481 3392 5519 και
3421 5471 3651 5537 γυμνός.

2149 5471 2226 5613 ΣἹ)
2295 5539 2687 5613 Ἀνέᾳιᾳυσεν.
2742 5537 2923 5613 Codex
2981 5534 3181 5613 Regius
3205 5576 3223 5598 ,
3284 5534 3651 5613 κατέπαυσεν.

2077 5606 2247 5738 ξιιίιιό
2278 5621 2404 5682 post
2434 5608 2574 5666 idem
2594 5649 2610 5669 .
2664 5608 2780 5663 ἴσον
2832 5606 3369 5679 ἀντικαθιστάμενος.
3419 5622 3532 5665 non
3577 5607 3657 5672 είς

2102 5700 2212 5740 σον.
