3900 6230
254 387 394 444 1335

1317 391 1547 450 SERMO
1586 394 1748 452 XVII.
1781 396 1952 450 —-DE
1989 395 2104 450 IRA
2143 396 2229 450 ET
2271 396 2452 452 ODIO.

3354 405 3490 462 1354

253 509 344 562 τὸν
375 510 720 581 ὀργιζόμενον
740 553 752 575 ,
787 511 885 565 οὑκ
926 512 1172 581 ἐφυλάξω
1202 514 1367 568 αὑτοῦ
1408 517 1506 588 τὴν
1539 517 1816 586 ὁμοίωσιν,

1931 535 2050 574 vero
2075 519 2282 589 mquius
2311 525 2416 582 est,
2441 525 2501 572 ut
2552 516 2683 572 mibi
2725 516 3046 587 persuadeo,
3083 517 3284 573 intendi
3327 521 3486 576 etiam

255 601 371 654 ἀλλ’
425 604 750 670 ἀγανακτεῖς
801 605 892 656 κει)⁸
949 604 1292 676 χαλεπαίνεις
1315 648 1330 672 ,
1389 608 1482 660 καὶ
1529 609 1825 676 ἀνταγωνί-

255 691 326 764 ζῃ
358 691 432 762 (1)
453 708 467 721 ·
499 693 592 746 καὶ
628 693 836 761 γίνεταί
865 711 958 748 σου
989 695 1048 747 τὸ
1072 696 1242 760 πάθος
1273 699 1536 766 ἀπολογία
1566 697 1660 750 τοῦ
1694 715 1825 768 προ-

253 782 526 848 λαϐόντος.
558 785 620 837 Ei
652 785 750 854 μὲν
780 787 1008 858 πονηρὸν
1039 788 1111 859 (2)
1149 790 1176 840 ὁ
1219 789 1416 860 θυμὸς,
1473 790 1525 842 τί
1591 790 1691 842 οὑκ
1739 789 1824 854 ἐξ·

255 875 470 938 ἐκλινας
507 875 568 928 τὸ
589 877 792 943 κακόν;
824 879 886 932 Ei
919 879 974 932 δὲ
1009 879 1336 951 συγγνώμης
1367 881 1514 945 ἄξιον
1534 921 1548 945 ,
1580 883 1632 934 τί
1665 882 1823 951 χαλε-

257 965 467 1030 παίνεις
493 967 572 1038 τῷ
597 967 952 1040 θυμουμένῳ;
985 969 1129 1023 ἔοικε
1153 971 1262 1041 γάρ
1296 988 1412 1031 πως
1446 971 1824 1042 συνεξομοιοῦ-

259 1055 381 1108 σθαι
405 1056 481 1128 τῷ
507 1059 946 1128 ματαιολογοῖωτι
975 1061 1003 1112 ὁ
1031 1060 1344 1130 ἀντιλέγων.
1385 1062 1580 1133 Διόπερ
1599 1103 1614 1128 ,
1649 1059 1819 1132 οἶμαι,

255 1147 288 1198 ὁ
327 1148 486 1217 σοφὸς
512 1155 800 1223 παρεγγυᾷ
828 1153 1078 1224 Σολομὼν
1101 1195 1115 1219 ,
1146 1154 1233 1223 μὴ
1272 1155 1703 1222 ἀποκρίνασθαι
1745 1152 1825 1218 τῷ

256 1237 470 1307 ἄφρονι
507 1243 655 1296 κατὰ
673 1244 788 1312 τὴν
821 1246 1054 1301 ἐκείνου
1080 1247 1452 1316 ἀφροσύνην.
1485 1248 1692 1318 Ὥσπερ
1716 1247 1823 1318 γὰρ

253 1331 288 1383 ὁ
317 1329 596 1403 βασιλικὴν
633 1336 815 1390 εἰκόνα
868 1337 1231 1410 καθυϐρίσας,
1272 1340 1346 1400 ὼς
1378 1341 1456 1402 είς
1507 1339 1668 1391 αὑτὸν
1732 1337 1824 1404 ὲξ-

256 1428 580 1497 αμαρτήσας
607 1429 696 1481 τὸν
723 1429 944 1498 βασιλέα
971 1431 1230 1502 κρίνεταιο
1255 1430 1394 1484 οὕτω
1427 1431 1667 1502 δηλονότι
1695 1432 1825 1483 ὑπό-

255 1513 403 1580 δικός
431 1520 544 1572 ἐστι
573 1522 637 1590 τῇ
673 1521 914 1593 ἁμαρτίᾳ
944 1525 972 1575 ὁ
1008 1523 1098 1576 τὸν
1135 1523 1254 1575 κατ’
1281 1521 1464 1576 εἰκόνα
1501 1522 1636 1575 Θεοῦ
1665 1539 1823 1590 γεγε-

255 1624 321 1677 νη
331 1609 488 1678 μένον
523 1611 885 1682 καθυϐρίζων.

1927 609 2211 664 adversum
2269 616 2321 664 te
2377 608 2673 678 querelam,
2710 607 2854 678 quod
2896 609 2985 664 ille
3027 611 3328 681 exemplum
3381 629 3490 682 quo

1927 701 2324 765 emendaretur,
2367 716 2705 771 nequaquam
2761 703 3028 758 habuerit.
3065 701 3145 756 Tu
3193 711 3368 757 tamen
3409 705 3489 756 vi-

1927 791 2060 846 dens
2089 791 2286 845 iratum
2324 791 2578 846 indecore
2624 807 2682 847 se
2711 802 3006 862 gerentem,
3038 808 3144 846 non
3179 793 3322 846 illius
3357 795 3490 846 vitae

1926 883 1996 938 sti
2039 883 2470 944 similitudinem.
2503 883 2597 938 sed
2645 882 2966 953 indignaris,
3016 883 3264 938 acerbius
3300 883 3490 952 objur-

1927 990 2044 1045 gas,
2071 975 2400 1041 obluctaris;
2442 975 2670 1045 ideoque
2705 983 2798 1030 tua
2827 978 2995 1046 ipsius
3027 978 3356 1046 perturbatio
3395 991 3487 1046 ag-

1928 1067 2226 1136 gredientis
2250 1067 2693 1137 exordientisque
2735 1067 2979 1122 defensio
3013 1069 3069 1122 fit
3105 1075 3159 1122 et
3187 1067 3486 1122 excusatio.

1928 1157 2137 1214 Etenim
2170 1159 2215 1214 si
2244 1159 2444 1213 malum
2479 1159 2558 1214 ira
2583 1169 2684 1226 est,
2708 1175 2808 1214 cur
2837 1161 3036 1217 malum
3067 1176 3172 1214 non
3209 1159 3371 1232 566
3399 1159 3492 1214 de-

1927 1249 2185 1304 clinasti?
2214 1247 2308 1304 Sin
2334 1257 2512 1304 autem
2535 1250 2810 1320 quidpiam
2835 1257 2920 1306 est
2945 1251 3102 1306 venia
3132 1250 3375 1320 dignum,
3393 1266 3492 1303 cur

1926 1339 2172 1396 infensus
2197 1354 2256 1394 es
2291 1341 2586 1395 irascenti?
2614 1341 2688 1412 (4)
2718 1340 2851 1394 Nam
2895 1342 2988 1412 qui
3030 1343 3319 1412 vaniloquo
3361 1357 3492 1396 con-

1930 1432 2167 1495 tradicit,
2195 1433 2242 1487 is
2266 1432 2665 1500 quodammodo
2703 1433 2778 1486 illi
2807 1433 3062 1489 assimilis
3090 1433 3229 1488 efﬁci
3257 1435 3488 1489 videtur.

1929 1520 2220 1592 Propterea
2251 1511 2548 1592 sapientem
2579 1523 2817 1578 arbitror
2851 1522 3192 1580 Salomonem
3228 1525 3486 1587 edixisse,

1935 1629 1998 1665 ne
2050 1614 2166 1678 quis
2227 1611 2392 1666 stulto
2460 1611 2742 1666 secundum
2792 1614 2956 1680 ipsius
3007 1615 3360 1683 insipientiam
3406 1629 3490 1666 re-

255 1701 507 1770 spondeat
554 1703 620 1760 ".
665 1703 1126 1770 Quemadmodum
1169 1709 1313 1764 enim
1359 1708 1449 1779 qui
1478 1704 1818 1775 imperatoris
1846 1701 2075 1774 efﬁgiem
2105 1703 2369 1758 dedecore
2413 1703 2613 1768 affecit,
2668 1719 2778 1758 non
2821 1705 2977 1760 aliter
3020 1707 3262 1776 punitur,
3321 1719 3482 1773 quam

256 1795 304 1848 si
345 1793 399 1848 in
443 1794 618 1864 ipsum
659 1796 1036 1867 imperatorem
1079 1809 1390 1870 peccasset:
1427 1801 1504 1857 sic
1559 1797 1720 1853 etiam
1763 1803 1986 1866 peccato
2015 1795 2280 1850 obnoxius
2304 1795 2350 1849 is
2372 1803 2476 1859 est,
2523 1796 2614 1864 qui
2664 1796 2712 1850 ei
2741 1811 2902 1866 quem
2962 1799 3027 1851 ad
3076 1799 3160 1852 sui
3206 1797 3493 1867 imaginem

255 1886 402 1943 Deus
426 1890 650 1955 creavit,
677 1890 935 1960 iniuriam
971 1893 1233 1950 intulerit.

327 1983 382 2037 4.
428 1984 612 2053 Ἄνδρὶ
642 1986 891 2055 θυμώδει
915 1988 1002 2057 μὴ
1029 1987 1392 2047 συναυλίζου
1412 2028 1426 2052 ,
1460 1987 1610 2057 φησί.
1639 1985 1822 2040 Κακὸν

1994 1979 2048 2032 4.
2101 1976 2178 2047 (5)
2224 1975 2306 2029 Ne
2356 1976 2555 2031 habites
2608 1992 2750 2042 una,
2799 1974 3004 2045 inquit,
3062 1993 3179 2029 cum
3228 1977 3335 2029 viro
3382 1979 3494 2032 ira-

255 2074 366 2145 γὰρ
391 2076 620 2145 πρᾶγμα
650 2078 770 2130 κυνὶ
803 2077 1170 2140 συνδεδέσθαι,
1203 2079 1295 2131 καὶ
1316 2077 1592 2148 διηνεκοῦς
1620 2077 1820 2147 ὑλακῆς

255 2165 567 2219 ἀπολαύειν.
617 2168 789 2238 Φεῦγε
818 2168 994 2222 τοίνυν
1034 2170 1132 2232 τὰς
1163 2173 1279 2240 μετ’
1311 2169 1475 2223 αὑτοῦ
1511 2170 1818 2242 διατριϐάςο

257 2255 468 2328 ἀνάγκη
503 2257 610 2328 γάρ
668 2275 727 2311 σε
763 2259 952 2329 μαθεῖν
991 2278 1044 2312 τι
1087 2260 1196 2314 τῶν
1238 2263 1444 2316 ἐκείνου
1495 2261 1646 2316 ὁδῶν,
1687 2257 1823 2314 Εἷπέ

256 2363 309 2398 τι
337 2345 645 2416 ὑϐριστικὸν
664 2387 680 2410 ,
709 2349 927 2419 ἐκίνησε
960 2352 1053 2404 καὶ
1089 2351 1178 2404 τὸν
1212 2352 1266 2404 ὲν
1294 2352 1374 2405 σοὶ
1400 2351 1587 2421 θυμόν.
1615 2353 1824 2422 Ὠσπερ

257 2437 416 2500 κυνὸς
449 2438 621 2510 ὑλακὴ
660 2440 1013 2511 προκαλεῖται
1047 2442 1230 2512 ἐτέρου
1261 2443 1418 2506 κυνὸς
1456 2443 1700 2514 θόρυϐον,
1733 2445 1824 2498 καὶ

257 2529 348 2581 τὸν
396 2530 452 2580 ὲν
497 2529 579 2582 σοὶ
624 2529 793 2601 θυμὸν
823 2531 960 2594 τέως
989 2534 1330 2603 κοιμώμενον
1358 2535 1451 2586 καὶ
1489 2534 1825 2604 ἡσυχάζοντα

256 2621 290 2689 ἠ
321 2619 525 2673 ἐκείνου
560 2622 709 2692 φωνὴ
742 2622 1112 2694 διήγειρε,καὶ
1139 2624 1398 2691 γεγόνατε
1427 2625 1674 2695 ἀλλήλοις
1701 2625 1828 2679 ἀνθ-

259 2709 612 2773 υλακτοῦντες
636 2728 650 2741 ·
721 2707 840 2763 εἶτα
873 2713 1362 2775 ἀντικαταστάντες
1401 2713 1682 2784 ἀλλήλοις,
1715 2713 1825 2767 ῶσ-

259 2819 366 2874 περ
421 2801 704 2872 σφενδόνας
757 2802 946 2871 ἀφίετε
991 2803 1098 2857 τῶν
1135 2806 1390 2874 ῥημάτων
1444 2805 1542 2867 τὰς
1585 2805 1827 2876 ἁσχήμο⁴

261 2890 445 2953 σύνας.
498 2886 632 2944 Εἷπέ
680 2909 731 2944 τι
781 2892 1092 2963 ὑϐριστικὸν
1129 2894 1364 2959 ἐκεῖνος,
1419 2895 1726 2958 άντέδωκας
1762 2897 1826 2948 σὺ

261 2981 468 3052 μείζονι
499 2981 768 3053 ὑπερϐολῇ
791 3021 804 3044 ,
839 2983 928 3035 τὸν
962 2982 1297 3053 προλαϐόντα
1333 2983 1682 3053 μιμούμενος.
1717 2987 1826 3038 Λα-

261 3071 372 3124 ϐὼν
399 3073 604 3135 ἐκεῖνος
628 3071 725 3144 τὴν
761 3076 825 3126 ἐκ
849 3073 941 3127 τοῦ
969 3073 1129 3141 λόγου
1167 3073 1260 3126 τοῦ
1291 3073 1604 3145 ὑϐριστικοῢ
1636 3076 1711 3147 (5)
1744 3077 1829 3130 ἁν-

259 3162 458 3217 τίδοσιν
483 3203 498 3226 ,
544 3165 642 3216 οὑκ
690 3165 817 3236 ἔστη
871 3165 971 3234 τῆς
1009 3166 1219 3237 ὁρμῆς,
1262 3165 1374 3217 ἀλλ’
1403 3167 1682 3237 ἐστράφη,
1735 3167 1827 3220 καὶ

260 3254 576 3325 ἐκορύφωσε
603 3255 701 3325 τὴν
743 3255 934 3310 ἑαυτοῦ
967 3257 1242 3326 ἁμαρτίαν
1267 3273 1279 3286 ·
1331 3256 1528 3326 μείζων
1556 3257 1827 3329 ἠϐουλήθη

1925 2071 2093 2124 eundo
2127 2070 2194 2125 '°.
2237 2069 2371 2123 Mala
2418 2069 2560 2124 enim
2613 2084 2702 2123 res
2752 2083 2876 2122 cum
2945 2084 3078 2124 cane
3123 2069 3386 2140 colligari,
3428 2087 3494 2127 ac

1925 2168 2243 2232 perpetuum
2282 2160 2536 2214 latratum
2575 2159 2737 2216 ferre.
2770 2159 2916 2229 Fuge
2951 2160 3113 2230 igitur
3140 2175 3494 2230 congressum

1925 2252 2043 2320 ejus
2074 2259 2234 2320 atque
2275 2249 2721 2304 consuetudinem
2743 2291 2757 2313 ,
2788 2249 2986 2319 alioqui
3021 2265 3245 2306 necesse
3279 2251 3379 2306 tibi
3411 2260 3494 2308 est

1926 2343 2130 2411 aliquid
2159 2343 2369 2396 viarum
2399 2341 2568 2411 ipsius
2616 2341 2916 2396 addiscere.
2967 2340 3110 2396 Dixit
3145 2359 3256 2397 rem
3307 2353 3495 2424 contu-

1926 2434 2228 2497 meliosam,
2263 2433 2554 2488 commovit
2578 2440 2632 2487 et
2659 2432 2902 2486 animum
2938 2439 3111 2487 tuum.
3141 2432 3496 2500 Quemadmo-

1925 2523 2053 2578 dum
2096 2523 2249 2578 canis
2289 2524 2515 2577 latratus
2557 2531 2814 2593 provocat
2857 2523 3010 2579 canis
3044 2525 3267 2582 alterius
3294 2527 3497 2580 tumul-

1927 2623 2041 2668 tum
2075 2635 2086 2669 :
2127 2615 2201 2668 ita
2231 2630 2449 2684 quoque
2499 2615 2740 2668 animum
2787 2623 2940 2670 tuum
2976 2619 3126 2687 prius
3155 2618 3389 2686 sopitum
3432 2632 3496 2671 ac

1927 2705 2292 2776 quiescentem
2342 2719 2443 2759 vox
2493 2705 2612 2774 ejus
2655 2705 2723 2759 ad
2754 2706 2889 2760 iram
2920 2708 3231 2771 concitavit,
3268 2718 3322 2762 et
3359 2709 3496 2763 alter

1927 2798 2154 2852 alterum
2186 2796 2535 2862 adlatrastis;
2572 2803 2628 2851 et
2675 2798 2748 2850 ita
2783 2796 3001 2853 demum
3032 2799 3166 2852 alter
3208 2799 3362 2853 alteri
3397 2800 3496 2854 ad-

1930 2895 2244 2951 versantes,
2294 2887 2652 2956 ignominiosa
2698 2890 2861 2944 verba
2898 2891 3042 2945 velut
3089 2890 3286 2946 fundas
3329 2891 3496 2946 intor-

1929 2977 2130 3048 quetis.
2157 2975 2301 3030 Dixit
2326 2977 2416 3031 ille
2445 2977 2646 3047 aliquid
2680 2978 3004 3047 injuriosum
3035 2998 3048 3034 :
3085 2988 3140 3034 tu
3176 2981 3330 3050 longe
3353 2981 3496 3050 inju-

1929 3068 2130 3123 riosius
2164 3069 2527 3138 respondisti,
2566 3071 2936 3139 auspicantem
2981 3080 3142 3141 atque
3183 3072 3497 3143 aggredien-

1929 3166 2038 3212 tem
2102 3159 2365 3213 imitatus.
2448 3158 2540 3215 Ille
2600 3161 2980 3217 contumeliosi
3043 3161 3190 3216 verbi
3269 3164 3497 3232 receptis

1930 3250 2160 3314 vicibus,
2195 3251 2521 3305 commoveri
2539 3266 2644 3305 non
2666 3251 2872 3307 destitit
2901 3270 2913 3304 :
2947 3253 3040 3308 sed
3063 3242 3358 3309 conversus
3375 3267 3498 3323 pec-

260 3344 510 3413 γενέσθαι
538 3347 604 3399 ὲκ
649 3346 744 3398 τοῦ
786 3348 959 3399 εἰπεῖν
990 3364 1041 3399 τι
1072 3346 1464 3417 χαλεπώτερον.
1508 3347 1579 3400 Σὺ
1601 3347 1829 3419 δεξάμε-

1932 3349 2113 3396 catum
2148 3357 2305 3397 suum
2337 3342 2578 3396 adauxit.
2614 3341 2871 3414 Superior
2902 3344 3130 3400 evadere
3171 3346 3340 3399 voluit
3380 3361 3502 3399 ver-

259 3453 350 3500 νος
379 3437 536 3490 πάλιν
557 3477 571 3500 ,
617 3437 977 3508 ὑπερυψώθης
1001 3478 1017 3503 ,
1045 3438 1139 3491 καὶ
1162 3438 1351 3507 γέγονε
1383 3438 1567 3491 κακῶν
1599 3439 1830 3508 φιλονει-

262 3529 375 3582 κία.
421 3531 478 3582 '0
506 3529 562 3582 δὲ
596 3531 653 3582 ὲν
680 3530 865 3584 κακῶν
889 3531 1140 3602 ἁμίλλαις
1166 3530 1360 3596 νικῶν,
1387 3524 1540 3594 οὗτος
1573 3530 1831 3585 ἀθλιώτε-

264 3621 359 3692 ρός
411 3623 577 3675 ἐστιν.
628 3622 875 3676 Ἐπειδὰν
923 3623 1029 3694 γὰρ
1077 3621 1224 3687 ἆπαξ
1270 3621 1668 3692 παρωσάμενον
1709 3623 1834 3684 τοὺς

261 3716 554 3784 λογισμοὺς
580 3715 640 3768 τὸ
677 3714 771 3768 τοῦ
805 3715 975 3786 θυμοῦ
1006 3715 1178 3778 πάθος
1203 3756 1218 3779 ,
1253 3715 1346 3768 καὶ
1375 3716 1478 3784 τὴν
1518 3714 1833 3767 δυναστείαν

259 3805 361 3873 τῆς
392 3805 566 3877 ψυχῆς
607 3807 894 3878 παραλάϐῃ
921 3846 936 3868 ,
973 3805 1264 3876 ἀποθηριοῖ
1307 3805 1581 3868 παντελῶς
1608 3805 1698 3858 τὸν
1740 3805 1834 3859 ἄν-

264 3897 508 3967 θρωπον,
557 3898 650 3951 κα)⁵
693 3898 813 3951 οὑδὲ
840 3898 1144 3969 ,ἄνθρωπον
1185 3895 1322 3952 εἶναι
1363 3900 1670 3968 συγχωρεῖ·
1700 3898 1834 3967 ὅπερ

261 3985 374 4058 γὰρ
403 3991 513 4051 τοῖς
543 3987 764 4051 ίοϐόλοις
793 3989 938 4041 ἐστὶν
970 3988 1044 4052 ἰὸς
1065 4030 1078 4054 ,
1102 3987 1261 4042 τοῦτο
1283 3991 1394 4051 τοῖς
1421 3985 1834 4059 παροξυνθεῖσιν

262 4081 293 4130 ὁ
325 4077 512 4149 θυμός.
545 4079 826 4133 Λυσσῶσιν
852 4078 1037 4152 ὥσπερ
1069 4081 1117 4132 οἱ
1149 4079 1341 4142 κύνες,
1372 4078 1620 4150 ᾄττουσιν
1647 4079 1833 4149 ὥσπερ

263 4169 315 4219 oi.
353 4168 635 4238 σκορπίοι,
675 4168 959 4223 δάκνουσιν
1007 4169 1194 4240 ὥσπερ
1248 4171 1298 4222 oi
1335 4169 1506 4238 ϐφεις.
1559 4167 1834 4236 Ἀγνοοῦσι

269 4259 370 4329 μὲν
399 4259 507 4330 γὰρ
535 4260 726 4323 αὑτοὺς
765 4259 980 4330 πρῶτον
1019 4260 1069 4312 οἱ
1107 4259 1488 4330 ὀργιζόμενοι,
1523 4257 1708 4310 ἔπειτα
1742 4258 1835 4310 καὶ

266 4348 478 4411 πάντας
503 4349 702 4419 ὁμοίως
727 4351 851 4412 τοὺς
884 4350 1238 4420 ἐπιτηδείους.
1281 4347 1378 4401 Διὰ
1407 4347 1578 4418 θυμὸν
1619 4349 1713 4400 καὶ
1758 4347 1836 4412 ξί-

267 4455 368 4507 φος
414 4439 692 4505 άκονᾶται,
730 4440 824 4493 καὶ
861 4440 1086 4502 θάνατος
1122 4438 1408 4510 ἀνθρώπου
1441 4440 1506 4492 ὲκ
1534 4437 1712 4509 χειρὸς
1745 4439 1838 4491 ἀν-

269 4531 545 4600 θρωπείας
568 4530 849 4601 τολμᾶται.
875 4531 974 4584 Διὰ
995 4531 1184 4584 τοῦτον
1205 4530 1423 4600 ἀδελφοὶ
1453 4530 1549 4600 μὲν
1579 4530 1838 4600 ἀλλήλους

267 4621 576 4692 ἠγνόησαν·
615 4625 790 4690 γονεῖς
828 4622 885 4675 δὲ
911 4624 1005 4676 καὶ
1045 4601 1208 4675 τέκνα
1241 4623 1342 4692 τῆς
1389 4622 1601 4692 φύσεως
1639 4622 1836 4676 ἐπελά-

1931 3431 2126 3486 borum
2175 3432 2492 3486 acerbitate.
2536 3431 2619 3486 Tu
2669 3449 2881 3498 rursus,
2935 3435 3019 3490 his
3068 3436 3286 3502 auditis,
3335 3449 3500 3506 supra

1931 3523 2154 3576 modum
2209 3523 2504 3587 attollet-is,
2546 3525 2734 3595 sicque
2776 3527 3046 3579 malorum
3095 3525 3156 3580 fit
3203 3527 3495 3581 contentio.

1933 3613 2032 3678 Qui
2073 3621 2250 3666 autem
2294 3616 2349 3666 in
2390 3614 2655 3667 malorum
2701 3615 2996 3670 certamine
3025 3617 3212 3680 vincit,
3247 3616 3294 3670 is
3328 3617 3498 3686 magis

1933 3705 2100 3759 miser
2129 3710 2231 3759 est.
2265 3703 2340 3773 (6)
2375 3702 2475 3757 Ubi
2515 3703 2658 3758 enim
2691 3705 2951 3759 rationem
2984 3708 3149 3762 semel
3178 3708 3499 3762 exturbave-

1932 3795 2003 3847 rit
2040 3793 2334 3847 iracundiae
2358 3793 2571 3857 vitium,
2603 3799 2766 3862 atque
2796 3795 3095 3848 dominium
3127 3796 3320 3849 anima
3345 3812 3502 3851 usur-

1933 3887 2162 3957 paverit,
2193 3885 2462 3940 hominem
2496 3901 2723 3955 prorsus
2770 3888 3036 3942 convertit
3066 3888 3119 3940 in
3157 3889 3410 3954 belluam,
3446 3897 3500 3942 et

1934 3994 2002 4033 ne
2031 3977 2300 4032 hominem
2331 3977 2548 4047 quidem
2593 3993 2715 4032 esse
2758 3978 2905 4032 sinit.
2954 3977 3109 4044 Quod
3155 3981 3298 4034 enim
3339 3997 3500 4036 vene-

1933 4071 2078 4126 natis
2120 4085 2387 4125 venenum
2432 4079 2533 4134 est,
2581 4070 2686 4124 hoc
2723 4069 2864 4126 idem
2901 4071 2981 4124 ira
3013 4078 3096 4127 est
3144 4074 3496 4143 exasperatis.

1934 4160 2096 4216 Fiunt
2127 4161 2302 4215 rabidi
2335 4175 2529 4215 canum
2561 4161 2615 4214 in
2644 4175 2870 4226 morem,
2902 4161 3146 4217 insiliunt
3178 4170 3236 4216 ut
3277 4164 3498 4233 scorpii,

1934 4251 2184 4307 mordent
2225 4261 2285 4305 ut
2326 4257 2624 4320 serpentes.
2656 4249 2791 4304 Nam
2835 4251 2960 4305 irati
2988 4251 3222 4320 primum
3250 4253 3501 4322 ignorant

1935 4359 2077 4407 sese,
2106 4342 2298 4400 deinde
2338 4357 2526 4398 omnes
2568 4343 2818 4398 similiter
2875 4343 3170 4399 familiares
3211 4351 3373 4415 atque
3407 4361 3503 4399 ne-

1935 4435 2252 4492 cesssarios.
2310 4434 2414 4490 Per
2464 4435 2600 4488 iram
2637 4436 2786 4492 ensis
2828 4437 3041 4490 acuitur
3077 4445 3236 4506 atque
3261 4444 3503 4505 patratur

1936 4526 2287 4581 homicidium
2340 4526 2578 4580 humana
2618 4543 2802 4582 manu.
2843 4527 2946 4582 Per
2989 4529 3126 4582 lianc
3174 4526 3367 4583 fratres
3412 4527 3504 4583 alii

1938 4618 2074 4673 alios
2101 4619 2456 4689 ignoravere:
2487 4633 2740 4688 parentes
2777 4635 2992 4690 quoque
3029 4626 3084 4674 et
3106 4619 3258 4675 liberi
3298 4628 3504 4674 natura:

269 4715 456 4767 θοντο⁹
493 4715 586 4767 καὶ
626 4713 812 4785 ὥσπερ
845 4715 902 4766 αῖ
941 4714 1209 4785 χαράδραι
1239 4713 1375 4784 πρὸς
1411 4713 1477 4766 τὰ
1505 4713 1660 4768 κοῖλα
1705 4719 1829 4785 συρ-

1939 4710 2094 4766 obliti
2145 4718 2306 4776 sunt;
2351 4717 2405 4764 et
2453 4712 2909 4780 quemadmodum
2965 4720 3234 4768 torrentes
3271 4713 3338 4768 ad
3387 4713 3510 4768 loca

271 4803 491 4874 ῥέουσαι
538 4804 599 4858 τὸ
641 4803 942 4875 προστυχὸν
986 4804 1431 4876 παρασύρουσινο
1475 4805 1618 4859 οὕτω
1647 4807 1739 4858 καὶ
1775 4807 1831 4858 αἱ

267 4896 380 4947 τῶν
424 4895 792 4966 ὀργιζομένων
839 4896 1007 4966 ὁρμαὶ
1043 4895 1206 4965 βίαιοι
1257 4895 1352 4948 καὶ
1404 4895 1696 4949 ἀκάθεκτοι
1746 4894 1834 4948 διὰ

270 4986 488 5040 πάντων
509 4987 708 5058 ὁμοίως
741 4986 1026 5058 χωροῦσιν.
1056 4986 1230 5038 υἱονεὶ
1256 4985 1362 5058 γὰρ
1381 4985 1580 5055 οἴστρῳ
1607 4986 1672 5055 τῇ
1705 4985 1837 5054 μνή-

275 5092 356 5150 μῃ
381 5077 489 5130 τῶν
516 5077 894 5148 λελυπηκὸτων
927 5075 1397 5147 περικεντούμενοι
1420 5113 1434 5138 ,
1479 5073 1838 5142 σφαδάζοντος

274 5168 439 5224 αὑτοῦ
475 5169 568 5222 τοῦ
601 5169 772 5240 θυμοῦ
823 5169 916 5224 καὶ
953 5169 1228 5240 πηδῶντος
1253 5207 1268 5232 ,
1301 5167 1360 5220 οὑ
1406 5166 1669 5240 πρότερον
1703 5168 1837 5220 ἀπο-

346 5370 391 5403 “
418 5368 580 5426 Prov.
615 5386 765 5434 xxvr,
792 5371 845 5424 4.
923 5371 970 5403 ⁸⁸
994 5370 1154 5426 Prov.
1199 5385 1335 5434 χχιι,
1361 5369 1452 5424 24.

379 5568 427 5640 l)
482 5565 884 5640 Ἀνταγψνίζῃ.
913 5567 1232 5630 Contextus.
1262 5568 1572 5640 ἀντοργίζῃτ

379 5570 427 5638 l)
482 5570 884 5636 ‘Artamrifn.
913 5570 1232 5630 Contextus.
1262 5570 1572 5640 ἀντοργίζῃ.

349 5570 430 5707 ίλὶ)
470 5639 761 5706 Πονηρόν.
795 5638 885 5692 Sic
913 5646 1200 5694 contextus
1227 5644 1281 5693 et
1311 5639 1449 5694 idem
1478 5637 1666 5692 codex.
1697 5635 1839 5692 Editi

280 5708 874 5850 τοῖἒ)ρ‹ἱςί“ϐριστικοῦ.
928 5776 1019 5834 Sic
1047 5786 1329 5835 contextus
1370 5784 1426 5833 et
1468 5777 1609 5835 idem
1650 5778 1839 5836 codex.

1939 4815 2072 4855 cava
2095 4800 2450 4864 conﬂuentes,
2481 4801 2746 4872 quidquid
2778 4802 2995 4856 obvium
3020 4810 3104 4859 est
3133 4812 3504 4860 transversum

1940 4894 2204 4959 trahunt;
2257 4893 2330 4946 ita
2363 4894 2587 4950 violenti
2642 4909 2706 4949 ac
2781 4895 3102 4964 impotentes
3153 4896 3504 4952 irascentium

1941 4985 2172 5054 impetus
2195 4991 2422 5040 cunctos
2444 4985 2690 5042 similiter
2713 4985 2994 5041 invadunt.
3019 4985 3148 5040 Nam
3174 5002 3360 5042 eorum
3387 5004 3506 5058 quae

1943 5076 2172 5131 molesta
2219 5075 2354 5146 ipsis
2399 5075 2652 5141 fuerunt,
2703 5077 3080 5133 recordatione
3126 5080 3281 5148 quasi
3338 5087 3506 5135 oestro

1945 5166 2300 5234 exstimulati,
2335 5165 2720 5224 eﬂ'ervescente
2765 5169 2820 5224 in
2860 5170 2941 5226 eis
2986 5170 3068 5224 ira
3114 5178 3277 5242 atque
3328 5173 3506 5228 subsi-

1947 5566 2090 5623 Editi
2105 5609 2120 5632 ,
2134 5562 2427 5638 ⁸ιῖρϐριστοῦ.

2040 5639 2092 5706 4)
2133 5633 2371 5706 Uterque
2395 5634 2564 5706 codex
2601 5633 2811 5706 indicat,
2827 5643 3118 5706 comment.
3167 5637 3220 5691 in
3248 5636 3363 5694 Ira.

2040 5639 2092 5706 4)
2133 5639 2371 5705 Uterque
2395 5639 2564 5689 codex
2601 5639 2804 5688 indicat
2827 5651 2878 5689 cc

2044 5707 2076 5760 5
2136 5706 2214 5760 Ex
2237 5705 2381 5760 hom.
2405 5705 2459 5758 in
2493 5703 2720 5768 Lacizis,
2755 5705 2878 5760 590.

2017 5639 2097 5850 is)
2135 5775 2214 5831 Ex
2235 5776 2380 5831 hom.
2409 5774 2654 5830 adversus
2691 5777 2876 5841 iratos,

2044 5774 2097 5841 6)
2135 5775 2214 5831 Ex
2235 5776 2380 5831 hom.
2409 5774 2654 5830 adversus
2691 5777 2882 5841 iratos,
2904 5778 2990 5832 85'.
