3900 6230
421 353 560 410 1535

1345 347 1706 409 APPENDIX.
1748 382 1818 396 —
1857 349 2205 408 SYMEONIS
2243 347 2787 407 METAPHRASTE

3533 352 3672 413 1536

418 470 605 538 liente,
651 484 761 527 non
786 462 939 542 prius
996 480 1219 530 cessant
1266 487 1433 544 quam
1476 472 1734 529 damnum
1770 472 1989 544 aliquod

2097 474 2355 545 λήγουσι,
2391 472 2520 546 πρὶν
2563 472 2597 547 ἢ
2646 472 2817 527 κακόν
2860 489 2913 525 τι
2944 471 3128 527 δοῦναι
3166 470 3245 544 τῷ
3286 473 3669 547 παροξύνειν-τι.
3736 464 3745 471 ’

416 562 655 619 inferant
693 562 951 621 irritanti.
982 562 1119 619 Nam
1158 577 1284 619 cum
1317 563 1401 618 ira
1448 563 1612 619 rebus
1645 564 1991 621 irritantibus

418 642 651 711 accensa
679 665 783 722 est,
813 662 874 710 ut
919 655 1125 727 ingenti
1158 655 1430 727 lignorum
1466 657 1722 726 congerie
1750 654 1991 723 ﬂamma,

348 736 365 807 έ
415 753 533 801 tum
564 745 784 802 demum
813 761 992 817 neque
1023 744 1207 802 verbis
1239 746 1606 817 explicabilia,
1633 761 1811 817 neque
1839 745 1992 801 factu

416 835 720 891 tolerabilia
771 837 1085 907 spectacula
1128 835 1317 892 videre
1367 836 1539 892 licet:
1572 851 1769 893 manus
1819 837 1992 892 attolli

415 927 681 982 adversus
715 926 966 991 tribules,
1002 927 1167 997 pedes
1205 934 1414 982 temere
1455 927 1806 993 insultantes,
1836 926 1993 983 deni-

413 1035 521 1090 que
549 1019 813 1089 quidquid
845 1019 902 1073 in
929 1027 1283 1091 conspectum
1318 1018 1488 1085 venit,
1519 1017 1572 1073 id
1603 1017 1775 1074 furori
1803 1034 1866 1074 ac
1906 1020 1994 1075 in-

414 1108 583 1164 sania:
611 1124 713 1181 pro
737 1109 907 1164 armis
944 1123 1085 1165 esse.
1119 1107 1277 1175 Quod
1321 1108 1368 1164 si
1415 1124 1481 1164 ex
1530 1109 1759 1164 adverso
1785 1109 1993 1179 aequale

411 1203 619 1256 malum
670 1201 915 1256 renitens
969 1200 1293 1271 repererint,
1333 1200 1496 1254 aliam
1552 1199 1808 1256 videlicet
1852 1201 1990 1255 iram

412 1298 468 1346 et
495 1306 680 1361 parem
727 1291 1037 1352 insaniam;
1084 1294 1156 1346 ita
1191 1290 1412 1346 demum
1457 1290 1601 1345 inter
1628 1305 1687 1347 se
1726 1291 1989 1356 conserti,

412 1391 604 1439 mutuo
652 1383 861 1439 faciunt
906 1399 972 1439 ac
1030 1383 1410 1456 perpetiuntur
1463 1398 1583 1454 quae
1638 1398 1853 1453 aequum
1906 1392 1993 1440 est

412 1475 621 1546 perpeti
675 1490 791 1540 eos,
832 1478 924 1547 qui
977 1476 1079 1532 sub
1129 1475 1396 1545 ejusmodi
1447 1476 1692 1532 daemone
1733 1476 1989 1530 militant.

411 1565 487 1638 (1)
519 1564 718 1621 Mutua:
740 1565 1015 1637 siquidem
1045 1567 1152 1621 illae
1178 1565 1528 1630 oﬂensiones,
1556 1565 1835 1637 animique
1866 1565 1985 1620 irri-

412 1657 649 1714 tationes
696 1656 914 1727 abjecti.
956 1656 1195 1728 primum
1228 1657 1448 1727 quidem
1495 1656 1709 1726 exigua:
1756 1665 1887 1712 sunt
1938 1666 1994 1712 et

410 1756 604 1804 curatu
639 1747 971 1819 perfaciles;
1024 1749 1287 1818 temporis
1320 1761 1452 1803 vero
1499 1761 1793 1818 progressu
1830 1746 1991 1819 567

2095 565 2263 619 Ὅταν
2292 564 2402 636 γὰρ
2452 563 2644 636 ὥσπερ
2678 563 2809 634 φλὸξ
2859 561 2992 634 ὕλης
3023 562 3254 635 ἀφθονίᾳ
3280 567 3392 628 τοῖς
3432 567 3671 637 παροξύ-

2091 675 2275 712 νουσιν
2304 659 2333 712 ό
2364 656 2536 727 θυμὸς
2564 656 2770 728 ἐξαφθῇ
2790 696 2808 721 ,
2842 656 2965 711 τότε
3005 656 3106 728 δὴ,
3151 656 3307 723 τότε,
3328 657 3401 711 τά
3432 658 3559 711 οὔτε
3586 659 3672 713 λό-

2090 766 2173 820 γῳ
2201 748 2339 821 ρητά
2359 790 2374 812 ,
2420 746 2548 802 οὔτε
2584 748 2731 820 ἔργῳ
2765 748 3011 821 φορητὰ,
3051 748 3254 801 ἐπιδεῖν
3284 748 3362 820 (8)
3392 749 3514 803 ἐστι
3551 750 3670 806 θεά.

2095 860 2241 914 ματα
2263 857 2277 871 ·
2322 843 2511 913 χεῖρας
2545 840 2644 911 μὲν
2694 840 2992 911 διηρμένας
3030 838 3175 902 κατὰ
3208 839 3319 893 τῶν
3360 840 3668 909 ὁμοφύλων,

2092 934 2260 997 πόδας
2290 932 2348 986 δὲ
2398 930 2633 1002 ἀφειδῶς
2673 931 3094 1002 ἐναλλομένους,
3145 934 3253 985 πᾶν
3293 931 3356 985 δὲ
3410 933 3475 986 τὸ
3513 935 3673 1000 φανὲν

2091 1023 2253 1078 ὅπλον
2282 1025 2349 1094 τῇ
2381 1023 2549 1095 μανίᾳ
2578 1022 2891 1093 γενόμενον.
2930 1021 3057 1075 Ἐὰν
3084 1022 3140 1075 δὲ
3166 1023 3265 1075 καὶ
3294 1024 3366 1075 ὲκ
3392 1022 3489 1075 τοῦ
3520 1024 3673 1077 ἐναν-

2080 1112 2206 1165 τίου
2255 1111 2316 1165 τὸ
2349 1111 2462 1165 ἴσον
2497 1111 2665 1165 κακὸν
2713 1111 3264 1183 ἀντιστρατευόμενον
3303 1111 3381 1182 (9)
3410 1112 3674 1183 εὕρωσιν,

2090 1206 2260 1278 ὀργὴν
2287 1204 2452 1276 ἀλλην
2492 1205 2586 1258 καὶ
2635 1204 2834 1275 μανίαν
2866 1203 3122 1274 ὁμότιμον
3143 1220 3157 1234 ⁸
3188 1203 3333 1257 οὕτω
3363 1203 3430 1275 δὴ
3462 1221 3674 1275 συμπε-

2093 1299 2275 1362 σόντες
2304 1298 2537 1370 ἔδρασαν
2568 1296 2822 1368 ἀλλήλοις
2858 1295 2953 1349 καὶ
2974 1294 3173 1349 ἔπαθον
3198 1335 3214 1361 ,
3246 1296 3349 1348 ὅσα
3377 1295 3529 1359 εἰκὸς
3553 1298 3677 1360 τοὺς

2093 1391 2200 1443 ὑπὸ
2246 1389 2473 1460 τοιούτῳ
2529 1388 2744 1459 δαίμονι
2778 1386 3291 1457 στρατηγουμένους
3347 1386 3569 1440 παθεῖν.
3611 1389 3678 1439 Δί

2091 1481 2200 1553 γὰρ
2245 1480 2382 1553 πρὸς
2420 1479 2681 1550 ἀλλήλους
2714 1479 2916 1544 λύπαι,
2974 1479 3068 1532 καὶ
3094 1478 3496 1550 μικροψυχίαι,
3528 1478 3680 1550 παρὰ

2096 1573 2196 1644 μὲν
2246 1573 2349 1644 τὴν
2401 1571 2625 1644 πρώτην
2684 1570 2878 1643 μικραί
2926 1571 3032 1624 εἰσι
3091 1569 3188 1623 καὶ
3241 1571 3675 1642 εὐθεράπευτοι·

2093 1662 2374 1736 προϊόντος
2417 1661 2474 1715 δὲ
2511 1660 2607 1715 τοῦ
2651 1660 2846 1733 χρόνον
2872 1698 2887 1721 ,
2932 1659 3037 1712 ὑπὸ
3077 1658 3412 1729 φιλονεικίας
3443 1659 3680 1729 αὐξόμε-

2091 1770 2220 1820 ναι,
2278 1754 2358 1817 είς
2407 1752 2628 1806 ἀνίατον
2681 1749 2956 1813 παντελῶς
3001 1749 3291 1803 ἐκπίπτειν
3342 1750 3677 1818 πεφύκασιν.

411 1854 509 1910 per
552 1839 962 1895 contentionem
1016 1845 1227 1903 auctae,
1284 1837 1712 1895 immedicabiles
1763 1853 1989 1910 prorsus

2097 1844 2236 1907 Ἕως
2283 1841 2393 1913 γὰρ
2441 1844 2507 1895 ὲκ
2559 1839 2662 1910 τῆς
2706 1839 3043 1902 διαστάσεως
3094 1839 3151 1892 αἰ
3196 1836 3442 1891 διαϐολαὶ
3497 1836 3680 1908 χώραν

410 1931 643 1988 evadere
691 1939 1118 1989 consueverunt.
1150 1930 1227 1998 (2)
1256 1928 1510 1996 Quandiu
1563 1930 1709 1986 enim
1752 1945 1876 2001 quae
1920 1945 1988 1986 ex

411 2022 644 2079 dissidio
686 2024 1010 2079 oboriuntur
1072 2022 1398 2087 calumnia,
1446 2022 1624 2076 locum
1673 2022 1985 2090 habuerint,

412 2112 602 2169 tandiu
628 2114 972 2184 suspiciones
1010 2115 1067 2170 in
1100 2112 1259 2187 pejus
1294 2113 1483 2185 augeri
1519 2127 1746 2170 necesse
1775 2121 1880 2169 est.

481 2205 535 2261 5.
565 2206 660 2276 (ὅ)
675 2203 734 2260 Si
771 2206 937 2277 igitur
970 2204 1172 2261 videris
1215 2205 1416 2259 iratum
1446 2205 1637 2261 dentes
1682 2214 1989 2271 acuentem,

411 2301 590 2370 cogita
632 2299 907 2355 hominem
957 2297 1230 2369 ejusmodi
1268 2297 1501 2354 similem
1547 2313 1671 2353 esse
1718 2312 1883 2369 apro,
1933 2306 1993 2352 ut

410 2392 504 2461 qui
534 2390 874 2447 iracundiam
927 2391 1197 2447 internam
1231 2390 1475 2446 dentium
1505 2388 1719 2445 aﬂrictu
1764 2390 1988 2445 indicet.

409 2476 490 2549 (4)
520 2475 655 2531 Nam
703 2478 760 2532 in
798 2478 959 2535 malis
1009 2478 1208 2550 pugnis
1264 2476 1517 2533 miserior
1571 2485 1657 2534 est
1701 2478 1795 2548 qui
1840 2479 1989 2545 vicit,

409 2571 612 2642 quippe
642 2572 770 2642 quia
799 2587 926 2628 cum
960 2573 1156 2642 majori
1200 2580 1427 2643 peccato
1467 2572 1602 2628 abit.
1642 2571 1847 2627 Contra
1876 2587 1991 2627 ser-

408 2669 628 2732 pentem
655 2662 808 2717 illum
851 2662 1118 2716 duntaxat
1151 2661 1451 2717 iracundiae
1490 2671 1611 2723 ture,
1636 2660 1746 2717 vim
1778 2676 1987 2717 exsere.

413 2749 488 2821 (5)
519 2748 661 2816 Quid
692 2751 840 2807 enim
873 2750 1114 2809 Phineen
1141 2752 1503 2824 justiﬁcavit?
1531 2767 1714 2808 nonne
1736 2752 1886 2822 justa
1912 2753 1992 2806 ira

411 2842 677 2900 adversus
724 2846 1092 2901 scortatores?
1128 2845 1221 2916 qui
1272 2846 1477 2916 alioqui
1532 2860 1793 2918 perquam
1844 2845 1993 2901 mitis

412 2948 477 2988 ac
502 2944 843 3003 mansuetus,
872 2944 1230 3008 posteaquam
1259 2936 1478 2993 Zambri
1507 2953 1631 2995 cum
1665 2945 1846 2994 scorto
1879 2936 1995 2992 lla-

409 3025 673 3082 dianitide
699 3028 875 3098 palam
904 3036 958 3085 et
985 3029 1106 3085 sine
1138 3029 1472 3111 verecundia
1494 3039 1789 3086 coeuntem
1824 3029 1995 3085 vidis-

411 3127 516 3182 set,
565 3120 702 3176 adeo
757 3131 816 3177 ut
858 3137 928 3178 ne
973 3130 1327 3195 contegerent
1375 3123 1594 3195 quidem
1641 3123 1993 3193 turpitudinis

2089 1936 2286 2007 ἔχωσιν
2315 1932 2425 2007 (10)
2453 1972 2468 1998 ,
2496 1933 2708 2004 ἀνάγκη
2737 1932 2823 1986 ἀεὶ
2869 1930 2969 1996 τάς
2988 1930 3224 2000 ὑποψίας
3262 1930 3359 1983 ἐπὶ
3397 1930 3462 1984 τὸ
3498 1933 3683 2001 χεῖρον

2089 2026 2372 2092 αὔξεσθαι.

2159 2204 2212 2259 5.
2246 2205 2355 2259 "Av
2400 2203 2579 2258 τοίνυν
2624 2204 2740 2277 ἴδῃς
2771 2203 2862 2257 τὸν
2908 2200 3249 2273 θυμούμενον
3294 2201 3426 2262 τοὺς
3464 2199 3684 2265 ὀδόντας

2090 2298 2513 2370 παραθήγοντα,
2549 2295 2884 2368 ἐνθυμήθητι
2910 2295 2991 2348 ὅτι
3014 2292 3103 2346 συῒ
3139 2292 3314 2346 ἔοικεν
3346 2293 3377 2345 ό
3412 2290 3683 2356 τοιοῦτος,

2088 2390 2180 2443 τόν
2213 2389 2423 2443 ἔνδοθεν
2453 2388 2624 2459 θυμὸν
2656 2386 2744 2440 διὰ
2766 2386 2866 2456 τῆς
2887 2384 2995 2438 τῶν
3023 2383 3249 2437 ὀδόντων
3283 2382 3684 2453 παρατρίψειικ

2091 2481 2463 2551 ὑπεκφαίνων.
2507 2481 2597 2534 Ἐν
2641 2479 2751 2551 γὰρ
2789 2476 3045 2549 ἁμίλλαις
3106 2477 3374 2545 πονηραῖς
3417 2473 3681 2527 ἀθλιώτε-

2093 2591 2184 2647 ρος
2228 2574 2258 2626 ό
2298 2574 2558 2644 νικήσας,
2593 2572 2726 2626 διότι
2762 2571 3063 2643 ἀπέρχεται
3100 2569 3161 2622 τὸ
3201 2568 3372 2621 πλέον
3402 2567 3550 2638 ἔχων
3586 2566 3684 2636 τῆς

2089 2664 2384 2737 ἁμαρτίας.
2415 2666 2472 2719 '0
2501 2664 2670 2735 θυμὸς
2699 2663 2840 2717 ἔστω
2870 2680 2950 2716 σοι
2991 2659 3134 2716 κατά
3152 2661 3323 2732 μόνου
3351 2659 3450 2714 τοῦ
3484 2659 3683 2728 ὄφεως.

2090 2754 2155 2807 Τί
2202 2753 2311 2826 γὰρ
2349 2754 2441 2807 τὸν
2472 2754 2659 2817 Φινεὲς
2691 2753 3049 2817 ὲδικαίωσεν;
3096 2754 3193 2822 οὐχ
3235 2755 3269 2824 ἡ
3322 2751 3517 2806 δικαία
3546 2751 3685 2822 ὀργὴ

2091 2847 2234 2901 κατά
2280 2848 2388 2901 τῶν
2432 2847 2882 2919 πορνευσάντων;
2914 2846 2973 2910 ὃς
3001 2846 3070 2900 τὰ
3101 2846 3274 2899 πολλὰ
3318 2846 3576 2916 ἐπιεικὴς
3610 2844 3686 2899 ὢν

2091 2941 2186 2996 καὶ
2232 2940 2448 3011 πραῢς,
2481 2939 2670 3011 ἐπειδὴ
2709 2934 2816 2993 εἶδε
2857 2939 2958 3011 τὴν
3007 2938 3262 3010 πορνείαν
3302 2937 3401 2991 τοῦ
3447 2936 3685 3011 Ζαμίρῆ

2091 3033 2186 3087 καὶ
2241 3032 2343 3102 τῆς
2398 3029 2779 3093 Μαδιανίτιδος
2831 3029 3135 3100 ἀναφανδὸν
3195 3029 3291 3083 καὶ
3328 3029 3683 3101 ἀπηρυθρια-

2093 3122 2308 3193 σμένως
2350 3122 2674 3192 γινομένην,
2714 3121 2776 3174 οὐ
2813 3121 3303 3189 συγκαλυπτόντων
3352 3120 3539 3175 αὐτῶν
3586 3119 3684 3189 τὴν

412 3226 527 3266 sua:
572 3212 776 3266 infame
829 3214 1227 3283 spectaculum,
1266 3214 1373 3269 hoc
1419 3229 1529 3269 non
1569 3214 1872 3285 perferens,
1910 3214 1989 3268 ira

2097 3213 2379 3284 ἀσχήμονα
2412 3211 2540 3265 θέαν
2576 3214 2674 3283 τῆς
2719 3210 3012 3282 αἰσχύνης,
3056 3213 3156 3264 οὐκ
3186 3210 3685 3281 ἀνασχόμενος,εἰς

412 3311 721 3373 opportune
780 3320 915 3360 usus
965 3314 1070 3373 est,
1122 3315 1356 3378 utroque
1394 3308 1560 3365 hasta
1605 3310 1871 3365 transﬁxo
1922 3310 1990 3362 δι.

410 3391 626 3450 Rursus
685 3395 889 3450 zelotes
946 3396 1035 3451 ille
1063 3395 1209 3453 Elias
1244 3398 1673 3471 quadringentos
1726 3400 1995 3471 quinqua-

412 3482 563 3553 ginta
589 3483 738 3541 viros
765 3484 1092 3554 confusionis
1116 3488 1457 3553 sacerdotes,
1481 3496 1536 3544 et
1560 3488 1994 3561 quadringentos

413 3576 560 3632 viros
607 3578 924 3635 sacerdotes
971 3578 1240 3646 lucorum,
1283 3596 1529 3637 mensam
1593 3580 1810 3639 Jezabel
1845 3599 1995 3639 com-

417 3668 667 3734 edentes,
722 3670 1133 3732 consultissima
1188 3687 1251 3728 ac
1303 3673 1536 3744 sapienti
1570 3663 1653 3729 ira
1688 3675 1749 3729 in
1815 3677 1986 3731 totius

411 3761 630 3818 lsraelis
655 3763 1001 3818 commodum
1026 3763 1300 3820 interfecit
1332 3765 1401 3821 ⁵³.
1439 3764 1530 3821 Sic
1562 3766 1650 3821 ira
1676 3767 1995 3838 plerumque

413 3853 689 3908 actionum
719 3856 988 3912 bonarum
1021 3864 1105 3911 est
1132 3856 1407 3912 ministra.
1441 3855 1516 3929 (6)
1551 3856 1834 3914 Libentius
1862 3873 1996 3915 sane

413 3945 614 4001 viderit
657 3948 783 4019 quis
824 3949 1062 4005 amicum
1110 3951 1459 4017 irascentem,
1494 3965 1656 4021 quam
1700 3951 1865 4005 alium
1896 3966 1996 4007 co-

415 4035 637 4095 lentem.
707 4040 897 4111 Itaque
979 4041 1080 4099 hos
1156 4041 1356 4098 imitari
1409 4041 1762 4110 studeamus,
1816 4057 1995 4109 neque

415 4136 610 4184 contra
660 4145 785 4194 nos,
839 4132 935 4188 sed
982 4134 1248 4200 adversus
1274 4134 1564 4203 diabolum
1596 4141 1839 4198 tantum,
1880 4134 1992 4191 ira-

416 4221 671 4276 cundiam
707 4237 1001 4290 armemus,
1031 4225 1080 4281 si
1108 4211 1331 4282 οωιοξὶο
1375 4241 1603 4296 regnum
1652 4226 1872 4296 assequi
1902 4242 1997 4283 ve-

416 4311 602 4376 limus,
657 4312 711 4366 in
757 4311 978 4371 Christo
1007 4314 1137 4371 Jesu
1188 4315 1418 4372 Domino
1449 4325 1661 4384 nostro,
1696 4318 1783 4374 oui
1817 4317 1994 4389 gloria

415 4407 472 4455 et
499 4408 763 4470 potestas,
789 4416 913 4457 cum
949 4412 1155 4460 :nterno
1184 4404 1305 4475 ejus
1340 4403 1521 4468 Patre,
1544 4420 1612 4461 ac
1643 4405 1994 4464 sanctissimo

416 4482 836 4563 viviﬁtanteque
874 4492 1104 4565 Spiritu,
1149 4512 1297 4553 nunc
1334 4504 1390 4554 et
1431 4512 1665 4568 semper,
1699 4505 1755 4553 et
1789 4498 1846 4552 in
1890 4512 1996 4554 Sae-

416 4581 540 4637 cuia
564 4582 911 4639 saeculorum.
942 4584 1117 4640 Amen

590 4796 696 4853 ΒΕ
721 4796 1033 4854 ΙΝΥΙΒΙΑ
1066 4797 1163 4855 ΕΤ
1199 4796 1813 4857 ΜΑΙιΕῘίΟιΕΝΤῙΑ.

974 4909 1211 4968 SEBMO
1242 4909 1433 4967 XVIII.

488 5022 541 5075 1.
571 5020 647 5093 (7)
674 5020 899 5078 Multum
944 5024 1105 5081 nobis
1134 5024 1518 5085 sollicitudinis
1555 5026 1733 5101 injicit
1761 5042 1992 5099 praeson-

486 5201 532 5233 ⁸¹
558 5198 721 5255 Num.
746 5214 874 5267 xxv,
912 5199 965 5255 8.
1044 5201 1089 5234 "
1118 5199 1195 5258 Ill
1227 5200 1363 5275 Reg.
1397 5218 1548 5271 xvm,
1575 5202 1668 5273 22,
1693 5203 1786 5263 ιο.

510 5378 564 5444 1)
601 5374 681 5431 Ex
707 5379 865 5447 epist.
899 5378 1224 5444 δοκεῖῶδε.

511 5448 567 5520 2)
597 5447 678 5520 ξι
718 5448 879 5520 epist.
901 5463 1021 5520 με,
1054 5449 1176 5520 154.

512 5516 565 5582 5)
597 5516 676 5572 Ex
716 5516 865 5572 hom.
898 5518 953 5572 in
979 5517 1212 5583 Lacizis,
1248 5516 1370 5573 589.

511 5588 566 5659 4)
597 5586 679 5659 Ex
703 5587 852 5659 liom.
872 5590 1119 5643 adversus
1152 5588 1340 5657 iratos,
1368 5586 1454 5645 85.

516 5655 568 5725 δ)
607 5655 766 5721 lbid.,
791 5657 878 5712 89.

491 5724 567 5795 (6)
598 5725 676 5779 Ex
705 5725 866 5795 epist.
901 5743 1016 5793 xxr,
1059 5724 1150 5781 98.

492 5793 571 5866 (7)
598 5795 675 5849 Ex
708 5793 869 5865 epist.
892 5810 1106 5865 ccxxvr,
1129 5796 1254 5853 546.

2093 3303 2210 3358 δέον
2241 3304 2511 3375 ἐχρήσατο
2537 3301 2615 3373 τῷ
2643 3301 2799 3373 θυμῷ
2818 3342 2834 3366 ,
2874 3302 2939 3356 δι’
2978 3304 3180 3373 ἀμφοῖν
3208 3302 3411 3365 ἐλάσας
3450 3302 3545 3354 τὸν
3580 3318 3686 3353 σειν

2095 3394 2395 3467 ρομάστην.
2446 3392 2631 3456 Ἠλίας
2672 3392 2735 3447 δὲ
2790 3394 2819 3445 ὁ
2873 3392 3160 3464 ζηλωτὴς,
3198 3394 3548 3463 πεντήκοντα
3590 3391 3685 3444 καὶ

2091 3483 2473 3557 τετρακοσίους
2518 3483 2719 3555 ἄνδρας
2779 3485 2946 3555 ἰερεῖς
3011 3482 3123 3552 τῆς
3177 3485 3492 3551 αἰσχύνης
3515 3524 3532 3547 ,
3590 3482 3688 3535 καὶ

2092 3576 2480 3648 τετρακοσίους
2516 3575 2716 3647 ἄνδρας
2760 3575 2926 3645 ἱερεῖς
2970 3575 3079 3629 τῶν
3126 3574 3367 3641 ἀλσεων,
3398 3575 3685 3638 ἐσθίοντας

2091 3662 2373 3737 τράπεζαν
2418 3663 2686 3727 Ἰεζάϐελ,
2723 3664 3089 3735 λελογισμένῳ
3122 3663 3279 3734 θυμῷ
3302 3664 3400 3717 καὶ
3444 3662 3686 3734 σώφρονι

2093 3758 2173 3821 εἰς
2221 3756 2413 3826 ὄφελος
2462 3756 2662 3821 παντὸς
2710 3755 2805 3810 τοῦ
2850 3755 3066 3827 Ἰσραήλ
3116 3755 3485 3810 ἐθανάτωσεν.
3525 3755 3686 3808 Οὖτω

2093 3849 2301 3919 γίνεται
2325 3848 2585 3914 πολλάκις
2608 3851 2636 3903 ό
2659 3849 2831 3921 θυμὸς
2857 3848 3074 3918 ἀγαθῶν
3098 3846 3352 3919 πράξεων
3373 3847 3681 3918 ὑπηρέτης.

2095 3940 2282 3994 Ἥδιον
2308 3939 2439 4010 γοῦν
2472 3941 2538 3995 ἄν
2563 3959 2649 4006 τις
2669 3940 2768 3995 ἴδοι
2800 3941 3148 4013 ὀργιζόμενον
3174 3940 3265 3993 τὸν
3290 3939 3681 4009 ἀγαπώμενον,

2092 4032 2126 4103 ἢ
2161 4030 2530 4104 θεραπεύοντα
2582 4032 2788 4105 ἕτερον.
2827 4031 3064 4094 Τούτους
3109 4031 3202 4085 καὶ
3241 4032 3405 4101 ἡμεῖς
3437 4031 3685 4100 ζηλῶσαι

2095 4124 2520 4196 σπουδάσωμεν,
2559 4126 2654 4179 καὶ
2699 4125 2775 4197 μὴ
2812 4123 2935 4178 καθ’
2970 4124 3162 4196 ἡμῶν,
3200 4123 3341 4177 ἀλλὰ
3384 4122 3535 4177 κατά
3586 4123 3684 4176 τοῦ

2092 4212 2340 4268 διαϐόλου
2372 4214 2483 4285 (11)
2515 4215 2607 4269 τὸν
2646 4214 2819 4285 θυμὸν
2849 4213 3159 4284 ὁπλίζωμεν
3193 4212 3378 4282 μόνον,
3403 4212 3546 4279 εἴγε
3580 4211 3684 4281 τῆς

2089 4306 2201 4360 τῶν
2255 4306 2502 4379 οὐρανῶν
2554 4304 2831 4378 βασιλείας
2882 4307 3158 4374 ἐπιτυχεῖν
3209 4302 3585 4373 βουλοίμεθα,
3623 4304 3684 4355 ἐν

2092 4395 2314 4468 Χριστῷ
2359 4395 2531 4466 Ἰησοῦ
2580 4394 2656 4466 τῷ
2711 4394 2899 4466 Κυρίῳ
2932 4392 3124 4465 ἡμῶν,
3167 4385 3213 4460 ᾧ
3245 4394 3278 4461 ή
3317 4390 3450 4456 δόξα
3495 4391 3595 4442 καὶ
3622 4389 3684 4441 τὸ

2092 4488 2296 4563 κράτος
2319 4528 2337 4554 ,
2392 4489 2491 4541 σὺν
2523 4486 2602 4558 τῷ
2635 4487 2853 4559 ἀνάρχῳ
2910 4484 3083 4552 Πατρὶ
3109 4522 3123 4545 ,
3167 4484 3263 4536 καὶ
3296 4482 3377 4553 τῷ
3423 4481 3683 4550 παναγὶῳ

2022 4574 2065 4630 ι)
2091 4579 2186 4634 καὶ
2214 4577 2463 4650 ζωοποιῷ
2508 4577 2785 4650 Πνεύματι
2806 4617 2821 4640 ,
2858 4576 2953 4630 νῦν
2994 4574 3089 4629 καὶ
3123 4574 3252 4640 ἀεὶ,
3300 4575 3397 4628 ml
3438 4575 3522 4638 εἰς
3554 4574 3683 4636 τοὺς

2095 4669 2301 4734 αἰῶνας
2333 4668 2443 4724 τῶν
2460 4666 2699 4724 αἰώνων.
2744 4666 2931 4740 Ἀμήν.

2294 4807 2472 4860 ΠΕΡΙ
2500 4805 2789 4859 ΦΘΟΝΟΥ
2834 4807 2967 4859 ΚΑΙ
3010 4806 3473 4861 ΒΑΣΚΑΝῙΑΣ.

2693 4914 2912 4969 ΛΟΓΟΣ
2953 4916 3047 4967 PH'

2168 5028 2222 5084 1.
2242 5028 2457 5099 nouum:
2480 5028 2611 5100 ἡμῖν
2637 5029 2856 5100 ἐμποιεῖ
2879 5027 2979 5098 τὴν
3005 5025 3159 5084 ἀνίαν
3185 5023 3280 5079 τοῦ
3309 5024 3683 5097 κατασχόντος

2163 5376 2242 5448 (8)
2296 5374 2570 5429 Ἐπιδεῖν.
2607 5372 2789 5448 Codex
2818 5372 3057 5448 Regius,
3084 5372 3357 5448 κατιδεῖν.

2164 5443 2243 5518 (9)
2286 5443 2931 5518 Ἀντιστρατευόμενον,
2985 5443 3127 5497 Idem
3187 5444 3387 5511 codex,
3416 5445 3677 5518 ἀντιπρα-

2088 5516 2511 5606 γματευόμενον.

2169 5588 2182 5606 l
2198 5589 2213 5606 Ι
2227 5585 2278 5606 nt
2362 5588 2399 5606 η
2410 5603 2439 5606 --
2450 5603 2458 5606 .
2477 5603 2483 5606 .
2496 5601 2511 5606 _

2162 5585 2282 5657 (10)
2325 5582 2778 5657 ἜχωσινᾹᾲΘη]
2808 5584 2981 5657 codex
3012 5582 3245 5657 ἔχουσιν.

2159 5652 2271 5728 (li)
2311 5652 2618 5728 Διαϐόλῳ.
2659 5652 2846 5728 Codex
2901 5652 3120 5728 Regius
3154 5652 3351 5728 addit,_
3380 5653 3573 5728 μόνου,
3617 5668 3675 5708 ac

2086 5721 2282 5797 postea
2306 5724 2507 5780 omittit
2527 5725 2704 5795 μόνον.
2724 5721 2841 5778 Non
2868 5721 3078 5795 reperta
3107 5723 3222 5780 haec
3237 5721 3433 5795 verba,
3456 5725 3674 5789 τούτους

2096 5797 2188 5854 καὶ
2225 5797 2410 5869 ήμοῖς,
2436 5802 2488 5851 et
2516 5809 2636 5868 quae
2665 5802 2987 5865 sequuntur.
