3900 6230
413 341 551 399 1559

1332 344 1699 400 APPENDIX.
1734 378 1803 388 —
1843 346 2192 404 SYMEONIS
2232 350 2779 408 METAPHRASTAE

3514 359 3655 415 13w

410 475 624 519 ammna
693 469 748 517 et
798 458 1024 516 odorata
1076 464 1543 532 praetervolantes,
1598 464 1852 520 feruntur
1910 467 1978 522 ad

2098 471 2205 533 ιοὺς
2237 470 2336 540 μὲν
2373 469 2659 540 λειμῶνας,
2693 469 2918 533 πολλοὺς
2940 469 2994 523 δὲ
3024 471 3168 541 ἡδεῖς
3198 473 3292 526 καὶ
3317 474 3533 539 εὐώδεις
3563 479 3657 531 τό-

412 556 799 625 graveolentia,
850 561 904 609 et
937 554 1399 622 quemadmodum
1447 571 1648 611 muscae
1697 559 1843 628 quod
1890 574 1981 613 sa-

408 662 542 702 num
588 654 670 701 est
718 653 1130 715 praetereuntes,
1179 646 1249 700 ad
1302 647 1488 701 ulcera
1532 657 1876 718 properant:
1911 651 1983 703 ita

414 739 583 792 invidi
609 740 731 794 vitae
758 738 1102 807 splendorem
1143 746 1199 793 et
1230 746 1378 793 recte
1405 739 1674 794 factorum
1715 743 1985 811 magnitu-

412 831 593 885 dinem
635 846 703 884 ne
737 829 1010 900 aspiciunt
1042 829 1285 899 quidem,
1312 830 1407 885 sed
1439 830 1495 884 in
1532 830 1777 884 marcida
1807 840 1857 886 et
1889 848 1986 902 pu-

410 922 556 975 trida
589 922 825 977 irruunt.
858 920 954 977 Est
988 922 1153 993 igitur
1176 936 1356 992 operae
1386 923 1623 992 pretium
1666 930 1727 977 ut
1765 924 1859 996 qui
1900 940 1984 979 re-

411 1020 500 1067 cte
568 1015 820 1082 sapiunt,
882 1014 1024 1068 idem
1089 1014 1237 1082 quod
1295 1013 1606 1068 Alexander
1679 1013 1981 1070 factitent:

413 1105 494 1175 (1)
522 1105 614 1175 qui
646 1119 769 1159 cum
795 1106 1080 1176 epistolam
1110 1113 1302 1161 contra
1346 1106 1619 1161 medicum
1652 1115 1713 1161 ut
1756 1109 1983 1164 insidia-

411 1206 584 1251 torem
614 1197 936 1266 accepisset,
969 1205 1132 1267 atque
1171 1197 1275 1250 hoc
1317 1196 1438 1266 ipso
1471 1204 1719 1267 tempore
1746 1198 1985 1253 medica-

412 1296 657 1343 mentum
703 1287 771 1341 ad
802 1288 1096 1342 bibendum
1145 1294 1407 1352 sumeret,
1449 1294 1660 1341 tantum
1705 1288 1879 1343 abfuit
1925 1297 1985 1344 ut

413 1379 574 1435 fidem
605 1379 885 1434 adhiberet
916 1379 1301 1442 calumnianti,
1348 1385 1410 1432 ut
1448 1378 1608 1432 simul
1640 1379 1843 1449 legeret
1867 1382 1984 1451 epi-

414 1473 631 1538 stolam,
682 1481 737 1529 et
777 1473 1052 1543 potionem
1085 1471 1314 1525 biberet.
1350 1470 1430 1541 (2)
1470 1470 1536 1524 Et
1566 1472 1660 1540 qui
1706 1473 1761 1525 in
1801 1473 1985 1541 proxi-

413 1579 562 1619 mum
604 1565 905 1620 calumnias
937 1564 1245 1630 effundunt,
1280 1581 1471 1621 eorum
1505 1581 1627 1636 quae
1666 1566 1863 1620 dicunt
1893 1582 1987 1621 ar-

413 1665 669 1726 gumenta
699 1672 808 1710 non
859 1656 1219 1726 profcrentes,
1279 1658 1690 1727 comperientur
1738 1659 1843 1714 sibi
1879 1661 1984 1730 ipsi

412 1764 612 1803 nomen
668 1763 893 1818 pravum
939 1750 1209 1804 asciscere
1248 1765 1315 1805 ex
1366 1751 1651 1821 illegitimo
1690 1753 1983 1808 verborum

413 1855 541 1895 usu.
575 1839 1007 1895 Calumniantem
1042 1841 1185 1895 enim
1228 1842 1502 1912 quomodo
1548 1858 1746 1900 vocare
1785 1860 1985 1899 conve-
2016 1821 2059 1876 Β

413 1932 518 1995 nit,
563 1931 670 1987 nisi
701 1931 751 1986 ei
785 1947 1108 2002 cognomen,
1143 1934 1287 2003 quod
1325 1949 1391 1989 ex
1427 1934 1545 2005 ipsa
1588 1949 1647 1989 re
1677 1934 1982 2005 profitetur,

413 2024 780 2094 imponendo?
806 2022 991 2093 Neque
1018 2024 1182 2094 igitur
1208 2025 1256 2080 is
1287 2025 1381 2095 qui
1426 2026 1586 2080 nobis
1621 2027 1981 2093 conviciatur,

413 2114 664 2170 diabolus
702 2115 795 2182 sit,
851 2115 947 2170 sed
996 2115 1166 2171 frater
1217 2117 1309 2184 sit,
1357 2116 1659 2173 admonens
1700 2118 1757 2171 in
1796 2118 1984 2173 chari-

412 2212 543 2273 tate,
590 2213 645 2262 et
692 2206 761 2261 ad
814 2207 1250 2263 emendationem
1316 2223 1591 2279 arguens;
1660 2225 1837 2280 neque
1888 2225 1986 2266 vos

412 2299 783 2353 conviciorum
842 2298 1119 2354 auditores
1181 2300 1325 2365 sitis,
1386 2301 1483 2355 sed
1540 2311 1986 2371 argumentorum

409 2386 623 2456 judices
655 2405 670 2443 :
704 2403 879 2458 neque
918 2388 977 2454 ii,
1011 2389 1213 2459 quibus
1245 2389 1613 2455 maledicitur,
1646 2391 1880 2445 incurati
1911 2407 1990 2446 re-

413 2479 753 2548 linquantur,
784 2493 886 2533 suo
926 2479 1038 2535 illis
1072 2495 1183 2533 non
1210 2480 1455 2535 indicato
1494 2479 1714 2534 delicto.
1744 2481 1821 2551 (3)
1852 2479 1986 2534 Nam

412 2577 469 2624 et
493 2568 730 2623 convicti
772 2576 1055 2640 peccatum
1106 2587 1269 2626 suum
1313 2583 1610 2643 agnoscent
1652 2586 1668 2625 :
1709 2581 1764 2627 et
1805 2574 1986 2638 vobis,

417 2667 712 2730 postquam
761 2661 999 2715 convicti
1041 2661 1266 2727 fuerint,
1304 2664 1462 2717 venia
1489 2664 1595 2718 erit
1635 2662 1777 2732 apud
1807 2661 1992 2717 Domi-

412 2766 568 2817 num,
605 2750 751 2821 quod
777 2767 876 2807 vos
924 2767 989 2807 ex
1029 2760 1382 2822 peccatorum
1433 2754 1818 2808 communione
1860 2754 1992 2809 sub-

412 2844 690 2900 traxeritis
720 2864 733 2899 :
767 2853 821 2898 et
845 2846 938 2916 qui
965 2846 1324 2911 convicerint,
1357 2846 1666 2901 mercedem
1688 2846 1989 2909 habebunt,

412 2942 475 2988 ut
502 2939 592 3005 qui
617 2935 889 2989 occultam
918 2935 1083 3007 569
1106 2936 1370 2990 malitiam
1399 2935 1775 3006 patefecerint.
1810 2934 1915 2990 Sed
1944 2935 1991 2990 si

415 3034 709 3097 antequam
770 3029 1191 3093 convincantur,
1259 3043 1357 3083 eos
1410 3028 1818 3094 condemnetis;
1888 3026 1990 3096 ipsi

414 3120 635 3189 quidem
664 3118 801 3172 nihil
834 3119 1120 3184 laedentur,
1156 3118 1264 3175 nisi
1296 3119 1444 3189 quod
1483 3120 1566 3174 rei
1618 3120 1861 3173 omnium
1893 3133 1992 3171 no-

416 3210 502 3265 bis
530 3210 968 3280 pretiosissimae,
997 3211 1288 3265 charitatis
1323 3211 1610 3266 vobiscum
1646 3210 1990 3265 interceden-

416 3303 510 3369 tis,
544 3302 820 3371 jacturam
858 3301 1098 3367 facient;
1140 3318 1239 3358 vos
1280 3318 1411 3357 vero
1455 3313 1511 3357 et
1547 3302 1651 3356 hoc
1682 3302 1825 3357 idem
1856 3304 1989 3372 pati,

416 3394 465 3449 si
490 3408 585 3449 eos
612 3408 725 3453 non
765 3394 1039 3458 habeatis,
1079 3400 1134 3448 et
1178 3408 1304 3447 cum
1337 3392 1635 3464 Evangelio
1676 3392 1992 3448 videbimini

416 3501 662 3557 pugnare
708 3484 961 3541 dicenti:
994 3484 1252 3556 Nunquid
1298 3485 1382 3539 lea:
1427 3496 1612 3540 nostra
1651 3486 1860 3555 judicat
1899 3486 1994 3539 ho-

417 3577 634 3639 minem,
690 3576 795 3630 nisi
835 3577 985 3646 prius
1019 3574 1250 3630 audierit
1295 3584 1345 3630 et
1403 3578 1703 3645 cognoverit
1746 3576 1873 3647 quid
1910 3577 1993 3645 {a-

417 3666 628 3720 ciat”?
679 3664 757 3737 (1)
796 3664 998 3729 Nolite,
1049 3664 1248 3721 fratres
1306 3665 1775 3731 reverendissimi,
1826 3665 1995 3719 nolite

417 3758 525 3814 hoc
553 3757 718 3825 ferre,
754 3758 832 3830 (5)
866 3758 1008 3813 hanc
1042 3766 1287 3813 nostram
1318 3757 1744 3813 obtestationem
1780 3771 1849 3812 ne
1877 3757 1994 3812 elu-

418 3852 585 3917 datis,
621 3850 700 3923 (6)
735 3866 805 3907 ne
830 3851 899 3906 ad
928 3865 1032 3905 nos
1072 3850 1356 3919 perveniat
1385 3848 1730 3904 formidanda
1759 3849 1992 3920 prophe-

419 3946 491 3998 tia
522 3942 738 3998 Domini
788 3942 988 4007 nostri,
1034 3941 1129 4012 qui
1170 3942 1312 3996 dixit
1345 3959 1357 3994 :
1391 3940 1658 4006 Quoniam
1706 3939 1995 3994 abundavit

417 4038 701 4108 iniquitas,
732 4035 1034 4106 refrigescet
1055 4034 1294 4093 charitas
1316 4036 1607 4089 multorum
1626 4034 1692 4089 ³⁸.

488 4301 544 4355 '5.
589 4298 668 4371 (7)
704 4297 840 4354 Nam
882 4298 1027 4353 sicut
1068 4298 1263 4369 rubigo
1296 4297 1415 4352 lues
1447 4304 1531 4352 est
1578 4296 1837 4351 frumenti
1870 4312 1994 4366 pro-

422 4394 564 4465 pria,
614 4392 695 4448 sic
727 4391 930 4445 invidia
980 4392 1237 4445 amicitiae
1284 4399 1370 4446 est
1403 4390 1649 4446 morbus.
1700 4390 1767 4443 Et
1813 4406 1996 4461 quem-

2086 577 2219 623 πους
2264 561 2716 631 ὑπεριπτάμενοι·
2762 560 2857 613 καὶ
2893 562 2949 614 αἱ
2986 564 3139 633 μυῖαι
3178 562 3241 615 τὸ
3284 564 3381 633 μὲν
3421 566 3659 634 ὑγιαῖνον

2084 650 2521 721 παρατρέχουσι,
2572 651 2710 721 πρὸς
2744 651 2801 704 δὲ
2840 650 2900 704 τὸ
2943 651 3101 715 ἕλκος
3140 652 3470 721 ἐπείγονταιο
3520 658 3663 711 οὕτω
3708 650 3715 655 “

2084 743 2179 794 καὶ
2211 743 2260 795 oi
2291 741 2571 810 βάσκανοι,
2597 743 2696 805 τὰς
2722 742 2819 813 μὲν
2854 743 2947 796 τοῦ
2978 743 3093 813 βίου
3136 744 3524 818 λαμπρότητας
3569 751 3664 803 καὶ

2082 834 2154 888 τὰ
2194 833 2401 904 μεγέθη
2445 833 2553 885 τῶν
2602 834 3050 906 κατορθουμένων
3090 838 3210 892 οὐδὲ
3238 840 3666 911 προσϐλέπουσι,

2083 927 2196 988 τοῖς
2239 924 2297 977 δέ
2349 924 2565 996 σαθροῖς
2609 926 2960 982 ἐπιτίθενται.
3019 928 3158 992 Τοὺς
3202 925 3297 983 οὖν
3345 930 3485 1002 ὀρθὰ
3531 949 3665 1003 φρο-

2085 1014 2311 1078 νοῦντας
2371 1015 2432 1066 τὸ
2486 1013 2579 1067 τοῦ
2635 1014 2981 1087 Ἀλεξάνδρου
3042 1020 3215 1071 ποιεῖν
3263 1021 3556 1092 προσήκειν
3611 1021 3671 1084 ὃς

2086 1104 2373 1174 ἐπιστολὴν
2414 1104 2557 1157 κατὰ
2608 1104 2706 1158 τοῦ
2757 1106 2942 1177 ίατροῦ
2986 1107 3274 1179 δεξάμενος
3318 1110 3396 1173 ὡς
3445 1111 3671 1165 ἐπιϐου-

2086 1195 2352 1259 λεύοντος,
2405 1195 2592 1267 ἐπειδὴ
2625 1195 2813 1267 ἐτυχεν
2845 1199 2904 1251 ἐν
2933 1198 3081 1269 αὑτῷ
3120 1199 3198 1270 τῷ
3231 1200 3410 1272 καιρῷ
3448 1203 3674 1273 φάρμα-

2086 1306 2180 1342 κον
2217 1287 2399 1340 λαϐὼν
2431 1286 2571 1340 ὥστε
2614 1291 2778 1355 πιεῖν,
2822 1288 3073 1343 τοσοῦτον
3120 1291 3326 1363 ἀπέσχε
3378 1293 3673 1347 πιστεῦσαι

2084 1378 2163 1449 τῷ
2200 1378 2556 1444 διαόάλλοντι,
2600 1379 2675 1443 ὠς
2716 1379 2854 1451 ὁμοῦ
2904 1398 2965 1434 τε
3004 1381 3102 1453 τὴν
3150 1384 3441 1454 ἐπιστολὴν
3497 1386 3677 1453 ἀνεγί-

2086 1488 2285 1536 νωσκε,
2327 1471 2420 1524 καὶ
2449 1472 2509 1525 τὸ
2538 1471 2825 1543 φάρμακον
2856 1472 3055 1526 ἔπινεν.
3085 1475 3149 1527 0i
3178 1475 3356 1529 τοίνυν
3406 1476 3495 1546 τῷ
3534 1476 3675 1545 πλη-

2088 1564 2203 1616 σίον
2247 1563 2605 1633 καταχέοντες
2650 1564 2946 1637 λοιδορίας,
2986 1568 3077 1618 τὸν
3113 1566 3171 1620 δέ
3209 1567 3316 1621 τῶν
3358 1568 3676 1638 λεγομένων

2087 1655 2306 1726 ἔλεγχον
2343 1654 2417 1726 μὴ
2453 1656 2775 1725 ἐπάγοντες,
2814 1657 3143 1726 φανήσονται
3174 1659 3396 1721 πάντως
3423 1659 3677 1729 πονηρὰν

2090 1748 2300 1809 ἑαυτοῖς
2345 1746 2715 1818 προσηγορίαν
2767 1748 3151 1816 ἐπενεγκόντες
3194 1749 3260 1801 ἐκ
3306 1749 3411 1820 τῆς
3469 1750 3676 1803 ἀτόπου

2084 1837 2190 1890 τῶν
2233 1838 2406 1906 λόγων
2442 1840 2712 1909 χρήσεως.
2745 1838 2849 1892 Τὸν
2906 1839 3017 1910 γὰρ
3046 1838 3401 1893 διαϐάλλοντα
3431 1840 3556 1904 πῶς
3590 1842 3680 1895 ἄλ-

2083 1928 2191 1989 λως
2238 1928 2512 1999 προσῆκεν
2553 1928 2868 1999 ὀνομάζειν,
2913 1930 2947 1999 ἢ
2991 1932 3114 2001 οὐχ).
3149 1931 3217 2001 ἢν
3262 1931 3322 1997 ἐξ
3365 1930 3542 1985 αὐτοῦ
3583 1931 3676 1985 τοῦ

2086 2017 2409 2090 πράγματος
2461 2018 2769 2089 ἐπιτηδεύει
2815 2022 3184 2092 προσηγορίαν
3234 2023 3416 2093 ἐαυτῷ
3458 2022 3681 2094 τιθεμέ-

2085 2124 2238 2173 νους;
2295 2109 2450 2179 Μήτε
2496 2105 2589 2163 οὖν
2639 2111 2669 2162 6
2718 2109 2970 2180 λοιδορῶν
3023 2110 3267 2175 διάϐολος
3318 2112 3502 2179 ἐστιν,
3562 2113 3680 2166 ἀλλ’

2086 2197 2312 2267 ἁδελφὸς
2340 2199 2448 2270 (9),
2485 2200 2542 2254 ἐν
2575 2200 2764 2272 ἀγάπῃ
2794 2200 3090 2265 νουθετῶν,
3126 2203 3221 2256 καὶ
3255 2203 3351 2255 ἐπὶ
3388 2203 3681 2269 διορθώσει

2087 2290 2306 2359 ἐπάγων
2341 2292 2429 2344 τὸν
2472 2290 2710 2362 ἔλεγχον·
2753 2294 2892 2363 μήτε
2925 2294 3083 2364 ὑμεῖς
3126 2293 3406 2366 λοιδοριῶν
3445 2295 3684 2366 γένησθε

2088 2378 2372 2449 ἀκροαταὶ,
2413 2378 2526 2432 ἀλλ’
2561 2379 2796 2451 ἐλέγχων
2836 2381 3181 2452 δοκιμασταίο
3226 2385 3369 2455 μήτε
3416 2386 3471 2438 ot
3508 2385 3679 2439 λοιδο-

2093 2469 2343 2539 ρούμενοι
2395 2470 2735 2542 ἀνιάτρευτοι
2787 2472 3218 2542 καταλειφθῶσι,
3280 2476 3360 2547 μὴ
3421 2493 3686 2546 φανερω-

2093 2562 2261 2633 μένης
2295 2563 2396 2632 τῆς
2438 2564 2713 2635 ἁμαρτίας
2752 2564 2952 2619 αὐτῶν.
2990 2565 3373 2636 Ἐλεγχθέντες
3407 2569 3516 2638 μὲν
3545 2567 3684 2639 γὰρ,

2089 2650 2184 2703 καὶ
2238 2652 2389 2705 αὐτοὶ
2429 2655 2527 2724 τὴν
2565 2655 2834 2726 ἁμαρτίαν
2888 2656 3068 2711 αὐτῶν
3113 2657 3544 2726 ἐπιγνώσονται·
3592 2662 3687 2714 καὶ

2092 2746 2251 2814 ὑμεῖς
2299 2746 2437 2815 μετὰ
2477 2748 2602 2809 τοὺς
2653 2749 2905 2820 ἐλέγχους
2951 2756 3277 2823 συγγνώμην
3320 2751 3481 2819 ἕξετε
3534 2755 3687 2825 παρᾶ

2089 2832 2167 2903 τῷ
2183 2834 2372 2905 Κυρίῳ
2417 2834 2559 2903 (10),
2602 2838 2667 2890 ἐκ
2710 2839 2808 2909 τῆς
2841 2838 2950 2891 τῶν
3000 2838 3345 2909 ἁμαρτωλῶν
3392 2840 3687 2902 κοινωνίας

2092 2925 2316 2988 ἑαυτοὺς
2371 2926 2782 2992 ὑποστέλλοντες
2803 2946 2817 2961 ο
2863 2930 2959 2983 καὶ
3010 2932 3060 2983 oi
3112 2930 3436 2999 ἐλέγξαντες
3494 2931 3685 3002 μισθδν

2092 3017 2326 3084 ἕξουσιν,
2347 3018 2424 3083 ὡς
2438 3018 2536 3089 τὴν
2562 3021 2950 3093 κεκρυμμένην
2971 3022 3170 3077 κακίαν
3197 3022 3681 3094 δημοσιεύοαντες.

2108 3108 2232 3163 Ἐὰν
2264 3110 2322 3163 δὲ
2351 3111 2457 3179 πρὸ
2494 3111 2602 3165 τῶν
2635 3112 2874 3183 ἐλέγχων
2915 3114 3342 3186 καταδικάζητε,
3382 3118 3547 3170 αὐτοὶ
3588 3117 3685 3188 μὲν

2092 3200 2243 3253 οὐδὲν
2277 3201 2489 3256 ἔσονται
2527 3203 2867 3275 ἠδικημένοι,
2909 3206 3065 3270 ἐκτὸς
3095 3206 3189 3259 τοῦ
3232 3206 3590 3278 ζημιωθῆναι
3628 3211 3686 3261 τὸ

2092 3290 2309 3344 πάντων
2363 3294 2494 3363 ἡμῖν
2546 3293 2877 3365 τιμιώτατον
2922 3297 3138 3366 κτῆμα,
3183 3297 3283 3369 τὴν
3337 3300 3483 3370 πρὸς
3538 3302 3686 3368 ὑμᾶς

2092 3384 2331 3454 ἀγάπην·
2368 3385 2524 3455 ὑμεῖς
2557 3386 2725 3440 δὲκαὶ
2752 3388 2907 3442 τοῦτο
2938 3389 3070 3443 αὐτὸ
3084 3390 3195 3459 (11)
3225 3390 3517 3445 πείσεσθαι
3550 3392 3683 3461 (12),

2092 3474 2287 3537 αὐτοὺς
2319 3475 2419 3528 οὐκ
2449 3475 2681 3547 ἔχοντες,
2713 3479 2807 3532 καὶ
2838 3478 2915 3549 τῷ
2941 3478 3260 3552 Εὑαγγελιῳ
3287 3480 3476 3546 δόξετε
3515 3483 3685 3553 μάχε-

2095 3562 2219 3618 σθαι
2249 3563 2328 3635 τῷ
2361 3566 2587 3620 εἰπόντι·
2609 3566 2707 3635 Μὴ
2742 3571 2775 3621 ό
2811 3570 2996 3638 νόμος
3024 3569 3191 3640 ὑμῶν
3222 3573 3415 3640 κρίνει
3448 3572 3560 3627 τὸν
3587 3576 3690 3627 ἇν-

2093 3659 2346 3724 θρωπον,
2375 3658 2485 3711 ἐὰν
2510 3658 2597 3727 μὴ
2636 3660 2875 3729 ἀκούσῃ
2910 3661 3046 3730 παρ’
3085 3662 3272 3717 αὑτοῦ
3314 3663 3559 3732 πρῶτον
3592 3666 3689 3718 καὶ

2092 3746 2214 3817 γνῷ
2235 3748 2292 3801 τί
2310 3748 2496 3812 aciei;
2518 3748 2609 3820 Μὴ
2633 3749 2825 3813 ταῦτα,
2850 3750 3069 3821 ἀδελφοὶ
3092 3752 3433 3823 τιμιώτατοι,
3463 3753 3540 3824 μὴ
3559 3755 3690 3808 ἀνά-

2096 3838 2298 3909 σχησθε
2333 3839 2571 3905 τούτων,
2614 3840 2747 3912 μηδὲ
2790 3842 3231 3914 παραλογίσασθε
3258 3844 3420 3914 ἡμῶν
3452 3845 3552 3915 τὴν
3588 3863 3690 3900 πα-

2095 3931 2359 4003 ράκλησιν
2393 3932 2627 4003 ταύτην,
2668 3933 2754 3986 ἵνα
2791 3935 2865 4006 μὴ
2896 3934 3077 4009 φθάσῃ
3114 3938 3196 3999 είς
3231 3938 3382 4007 ἡμᾶς
3409 3939 3447 4007 ἡ
3479 3938 3691 4008 φοεερὰ

2092 4023 2186 4075 τοῦ
2226 4023 2431 4096 Κυρίου
2470 4026 2629 4097 ήμῶν
2667 4027 3002 4098 προφητεία,
3035 4029 3299 4092 εἰπόντος·
3334 4030 3467 4082 Ὀτι
3501 4029 3603 4082 διὰ
3626 4031 3693 4084 t6

2094 4116 2515 4186 πληθυνθῆναι
2550 4118 2665 4187 τὴν
2701 4120 2988 4189 ἀνομίαν,
3025 4119 3371 4190 ψυγήσεται
3410 4122 3453 4188 ἡ
3484 4121 3692 4191 dﬂigi;

2093 4204 2214 4259 τῶν
2237 4208 2503 4265 πολλῶν.

2164 4300 2217 4355 5.
2270 4302 2480 4372 Ὠσπερ
2528 4301 2637 4373 γὰρ
2686 4305 2720 4373 ἡ
2770 4302 2995 4374 ἐρυσίὸη
3041 4302 3171 4356 ῐδιόν
3221 4304 3339 4356 ἐστι
3386 4302 3485 4357 τοῦ
3539 4306 3693 4357 σίτου

2095 4392 2325 4464 νόσημα⁶
2364 4393 2534 4458 οὕτως
2591 4396 2620 4447 6
2664 4394 2855 4464 φθόνος
2893 4394 3074 4463 φιλίας
3117 4394 3266 4448 ἐστὶν
3311 4394 3688 4466 ἀρρώστημα.

421 4483 714 4540 admodum
755 4499 821 4537 ex
849 4483 991 4537 bono
1018 4496 1368 4551 consequens
1411 4488 1516 4547 est,
1547 4487 1607 4534 ut
1655 4480 1862 4535 invidia
1901 4496 1988 4535 ca-

2101 4485 2211 4538 Καὶ
2240 4483 2429 4555 ὥσπερ
2463 4485 2654 4539 ἐπεται
2683 4485 2763 4557 τῷ
2795 4484 2986 4556 ἀγαθῷ
3020 4485 3081 4538 τὸ
3125 4484 3201 4556 μὴ
3242 4485 3489 4554 φθονεῖν,
3516 4486 3694 4549 οὕτως

423 4585 558 4637 reat.
618 4576 698 4631 sic
741 4573 948 4629 invidia
994 4573 1272 4628 diabolum
1323 4572 1591 4642 sequitur.
1635 4570 1711 4644 (8)
1745 4570 1809 4624 Et
1852 4572 1996 4628 sicut

423 4668 615 4739 rubigo
658 4666 887 4734 ferrum,
932 4668 1014 4722 sic
1058 4666 1267 4721 invidia
1311 4663 1569 4719 infectam
1598 4664 1716 4734 ipsa
1755 4665 1990 4718 animam

423 4759 678 4816 absumit.
712 4756 825 4814 lmo
865 4773 995 4814 vero
1033 4756 1495 4829 quemadmodum
1522 4757 1739 4828 viperas
1769 4757 1991 4811 tradunt

496 4915 544 4947 “
570 4913 728 4969 Joan.
761 4929 862 4981 vn,
892 4913 979 4968 51.
1079 4913 1125 4944 ⁸⁵
1154 4910 1346 4966 Matth.
1386 4925 1537 4975 ulv,
1579 4909 1669 4966 12.

517 5069 568 5139 1)
605 5069 686 5124 Ex
711 5068 869 5139 epist.
889 5081 1128 5139 ccum,
1156 5066 1279 5139 M9.

515 5137 571 5209 2)
611 5140 686 5194 Ex
712 5137 1047 5209 epist._ccul,
1072 5137 1197 5193 30L

516 5207 570 5277 δ)
615 5207 773 5277 Ibid.)
796 5207 924 5263 διο.

514 5279 569 5344 4)
608 5279 769 5344 lbid.,
808 5279 936 5334 501.

494 5349 573 5421 (5)
612 5350 772 5421 ibid.,
807 5349 940 5421 502.

493 5419 572 5486 f6)
608 5420 768 5486 lbid.,
806 5419 931 5474 501.

494 5495 513 5558 (
525 5487 574 5558 7)
614 5490 694 5544 Ex
725 5490 873 5543 hom.
905 5487 984 5543 De
1010 5488 1228 5554 invidia,
1259 5487 1349 5546 94.

497 5558 574 5631 (8)
604 5558 772 5627 ,lbid.,
812 5558 902 5631 οι.

498 5625 578 5712 (it)
604 5625 968 5712 "Arselgpdc."
992 5629 1084 5712 Sic
1123 5634 1413 5712 contextus
1457 5635 1769 5712 cultorque
1807 5625 1997 5706 codex;

433 5695 595 5771 Editi
627 5695 891 5771 ιιιδελφόν.Δ
928 5698 1096 5754 Paulo
1140 5711 1265 5756 ante
1306 5699 1590 5771 legendum
1633 5695 1863 5768 videtur,
1906 5695 1998 5750 τοῦ

440 5768 655 5845 πλησίον
691 5768 1065 5837 καταχέοντες.

554 5356 574 5625 ἕ

2100 4575 2381 4629 ἀκολουθεῖ
2406 4576 2483 4647 τῷ
2511 4577 2738 4647 διαϐόλῳ
2762 4578 2796 4649 ἡ
2824 4576 3110 4648 βασκανία.
3138 4577 3248 4630 Καὶ
3270 4576 3468 4647 ὥσπερ
3494 4577 3571 4640 to;
3599 4577 3693 4629 τὸν

2102 4665 2514 4738 σίδηρον,οὔτως
2533 4669 2561 4719 6
2594 4666 2787 4736 φθόνος
2811 4666 2908 4735 τὴν
2934 4665 3160 4736 ἔχουσαν
3186 4664 3352 4717 αὐτὸν
3375 4663 3558 4735 ψυχὴν
3576 4664 3691 4735 (ιδ)

2097 4756 2687 4824 ἐξαναλίσκει.Μᾶλλον
2722 4757 2801 4826 δέ,
2837 4755 3026 4827 ὥσπερ
3056 4755 3157 4820 τὰς
3185 4755 3403 4826 ἐχίδνας
3432 4757 3570 4825 φασὶ
3596 4754 3693 4825 τὴν

2172 5063 2283 5136 (10)
2323 5066 2487 5136 [χαρᾷ
2525 5061 2605 5127 τῷ
2636 5062 2866 5136 Κυρίῳ.
2899 5059 2991 5136 Sic
3023 5058 3229 5131 Regius
3249 5058 3427 5113 codex
3453 5066 3511 5114 et
3556 5072 3693 5113 con-

2101 5131 2303 5212 tentus.
2332 5131 2499 5212 Editi,
2526 5133 2798 5212 παρατοῇ
2827 5131 3055 5212 Κυρίου..
3246 5197 3281 5212 ν

2176 5204 2289 5276 (11)
2335 5197 2517 5276 Τοῦτο
2547 5197 2718 5276 αὐτό.
2743 5202 2858 5272 Ope
2885 5197 3130 5276 ejusdem
3161 5197 3374 5276 codicis
3394 5206 3452 5251 et
3466 5205 3693 5276 contem

2103 5266 2195 5331 tus
2242 5266 2544 5329 emendatae
2596 5266 2857 5326 lectiones
2907 5266 3158 5340 vulgatae,
3199 5266 3381 5340 τούτῳ
3415 5267 3605 5340 αὐτῷ,
3639 5274 3693 5340 et

2105 5345 2270 5468 paulo
2299 5354 2423 5417 post
2447 5343 2610 5415 κρίνῃ
2638 5341 2730 5395 τδν
2759 5336 3082 5413 ἄνθρωπῶν,
3107 5347 3163 5395 et
3192 5339 3331 5408 ἡμῖν
3354 5336 3481 5408 τὴν
3514 5337 3691 5407 παρὰ-

2105 5433 2138 5468 κ
2172 5432 2314 5468 now.

2104 5432 2204 5470 κΑη
2211 5432 2314 5470 σιν.

2201 5474 2288 5557 12)
2328 5486 2670 5542 Πεὶσεσθαι.
2689 5479 3001 5553 Legendum
3032 5477 3245 5533 videtur
3268 5490 3397 5533 esse
3414 5474 3688 5529 πείσεσθε.

2104 5556 2291 5696 Ε”ἰῖὼ
2338 5624 2575 5696 Ψυχὴν.
2604 5622 2758 5696 Hanc
2776 5635 2960 5696 vocem
2981 5633 3057 5696 _ex
3072 5622 3333 5696 contentu
3353 5615 3687 5671 addidimus.

2106 5687 2328 5769 Legitur
2360 5698 2414 5751 in
2435 5687 2613 5767 'Regio
2643 5693 2831 5750 codice
2852 5691 2944 5746 τὸν
2980 5688 3171 5760 ἔχοντα
3201 5687 3367 5741 αὐτόν
