3994 6352
283 270 3550 341 m

1375 484 2422 649 MONITUM

833 760 940 831 DE
982 760 1146 839 HAG
1188 747 1749 839 BENEDICTINIE
1791 756 2195 829 EDITIONIS
2236 760 2410 824 NOV.

1383 757 1749 823 EDICTINIE
1791 756 2195 829 EDITIONIS
2236 760 2401 823 NOV
2404 762 2457 825 A
2500 762 2960 827 RECUSIONE.

1686 950 2171 983 W—

350 1125 786 1188 Immortalem
825 1125 1090 1187 Patrum
1122 1123 1683 1187 Benedictinorum
1703 1125 1976 1205 gloriam
2007 1124 2421 1188 temerarium
2458 1125 2742 1205 profecto
2786 1125 2945 1188 foret
2980 1122 3413 1204 praetendere;
3443 1120 3558 1182 mi—

273 1228 449 1288 nimc
488 1244 649 1287 vero
678 1227 1081 1305 impossibile
1112 1230 1211 1289 est
1232 1226 1718 1288 lucubrationes
1777 1246 2002 1289 eorum
2057 1227 2400 1289 meliorare
2431 1271 2447 1301 ,
2498 1227 2878 1288 introductis
2927 1224 3394 1288 mutationibus
3424 1223 3560 1283 ali-

272 1329 611 1408 quantulis
657 1346 823 1409 quas
850 1328 1130 1408 ipsimet,
1160 1328 1214 1391 si
1270 1332 1490 1392 nostra
1534 1330 1825 1392 viverent
1853 1334 2061 1405 tetate,
2090 1328 2490 1409 judicassent
2538 1330 2962 1392 necessarias.
3000 1327 3315 1390 Cancrum
3366 1325 3558 1387 hodie

270 1431 575 1493 convenit
610 1418 781 1510 apud
817 1431 1288 1494 eruditissimos
1318 1431 1518 1505 viros,
1552 1432 1868 1511 imprimis
1905 1438 2092 1496 extra
2119 1432 2395 1494 Galliam
2420 1476 2437 1506 ,
2478 1433 2959 1500 Benedictinam
2994 1431 3362 1505 editionem,
3410 1431 3561 1492 licet

277 1533 455 1595 omni
486 1534 748 1615 dignam
800 1535 1260 1609 aestimatione,
1322 1534 1699 1613 ueterisque
1751 1534 2276 1598 antecedentibus
2335 1534 2538 1595 multo
2600 1535 3111 1612 praestantiorem
3146 1578 3162 1606 ,
3205 1531 3557 1597 nonnullas

273 1636 491 1696 tamen
544 1636 951 1721 negligentiae
1004 1641 1189 1699 notas
1222 1654 1354 1716 praa
1378 1655 1446 1698 se
1479 1637 1645 1713 ferre
1667 1682 1683 1713 ,
1718 1637 1854 1699 sive
1884 1638 2056 1716 quod
2089 1636 2365 1700 editores
2401 1638 2691 1699 laborem
2721 1655 2836 1716 per
2863 1637 3093 1716 viginti
3124 1637 3410 1716 integros
3441 1652 3559 1695 an-

272 1752 387 1797 nos
415 1743 820 1814 protractum
848 1738 1129 1817 impares
1161 1737 1402 1800 fuerint
1424 1737 1743 1800 indefessa
1768 1739 2123 1799 attentione
2153 1738 2538 1813 sustinendi,
2564 1737 2701 1801 sive
2731 1738 2903 1817 quod
2923 1756 3196 1817 pensum
3222 1740 3317 1799 tot
3343 1737 3559 1799 colla—
3600 1792 3607 1797 .

272 1837 687 1900 boratoribus
717 1838 1091 1901 devolutum
1136 1840 1452 1902 unitatem
1479 1857 1611 1901 non
1636 1839 2021 1902 admitteret.
2074 1840 2175 1903 Sic
2206 1839 2525 1902 interdum
2557 1840 2854 1902 videntur
2889 1842 3176 1903 veterum
3206 1839 3558 1902 editionum

270 1939 688 2001 collationem
718 1940 1119 2021 neglexisse;
1151 1940 1244 2003 sic
1270 1940 1488 2015 etiam,
1523 1940 1717 2003 variis
1746 1940 2130 2003 lectionibus
2172 1958 2347 2003 nunc
2372 1940 2439 2001 in
2470 1943 2748 2018 utraque
2777 1939 3068 2019 margine
3105 1939 3356 2018 positis,
3383 1954 3559 1999 nunc

272 2040 350 2104 ad
367 2044 610 2105 calcem
630 2044 787 2105 tomi
815 2043 1094 2125 rejectis,
1123 2047 1491 2106 accuratam
1511 2047 1805 2107 textuum
1825 2044 2294 2119 recensionem,
2314 2042 2579 2106 unitatis
2605 2042 3009 2116 detrimento,
3033 2043 3554 2120 prosequuntur;

271 2142 363 2205 sic
385 2143 689 2225 denique,
713 2149 785 2206 ut
816 2145 1055 2209 omissa
1083 2148 1486 2225 repararent,
1514 2148 1629 2208 aut
1643 2144 1951 2207 lectiones
1974 2143 2394 2206 citationesve
2416 2143 2757 2205 mendosas
2782 2143 3144 2222 complures
3174 2138 3559 2219 impruden-
3584 2196 3587 2207 .

266 2249 369 2307 iter
413 2245 818 2309 introductas
867 2265 1278 2327 quocumque
1331 2247 1520 2310 modo
1566 2245 2006 2319 emendarent,
2047 2244 2349 2307 addendis
2401 2247 2466 2307 et
2509 2242 2903 2324 corrigendis
2936 2243 3197 2324 singula
3227 2240 3557 2304 volumina

277 2360 739 2408 ΕῙΟΠΘΙἨΥΘῙὌ.

349 2449 617 2511 Duobus
650 2449 848 2530 igitur
893 2451 1301 2531 potissimum
1337 2450 1841 2531 invigilavimus,
1877 2448 2121 2513 scilicet
2178 2466 2261 2515 ne
2307 2448 2462 2527 quid
2533 2452 2726 2511 antea
2754 2448 3087 2529 vulgatum
3146 2447 3215 2511 in
3274 2447 3555 2512 editione

275 2558 491 2616 nostra
525 2553 955 2630 omitteretur,
1004 2560 1204 2634 utque
1235 2555 1846 2618 convenientissimo
1888 2553 2113 2616 ordine
2153 2570 2256 2614 res
2287 2551 2589 2631 quaelibet
2618 2551 3086 2613 institueretur.
3142 2552 3378 2614 Praeter
3410 2567 3557 2614 ma-

275 2656 640 2734 nuscriptos
688 2654 965 2734 codices,
1024 2658 1337 2722 editiones
1389 2658 1777 2738 plerasque,
1829 2659 1967 2715 tum
1999 2659 2292 2730 veteres,
2354 2658 2491 2716 tum
2550 2652 2941 2716 recentiores
2995 2656 3175 2717 tanta
3225 2654 3557 2735 diligentia

276 2761 818 2837 comparavimus,
850 2767 925 2824 ut
952 2772 1173 2825 nostra
1195 2760 1581 2840 locupletior
1609 2756 1975 2821 necessario
1999 2756 2292 2818 debuerit
2320 2774 2672 2836 emergere,
2701 2754 2980 2836 jureque
3005 2772 3372 2819 asseremus
3404 2772 3558 2817 om-

277 2860 427 2921 nino
484 2862 649 2924 nihil
690 2846 1005 2928 hactenus
1047 2865 1365 2944 prodiisse
1393 2909 1409 2936 ,
1459 2861 1629 2941 quod
1663 2861 1730 2921 in
1785 2876 1863 2922 ea
1889 2878 2022 2922 non
2084 2859 2389 2922 abundet.
2425 2858 3194 2938 Attamenneqnicquam
3240 2862 3558 2938 suppete-

278 2966 376 3023 ret
398 2969 487 3024 tot
517 2967 809 3046 coegisse
853 2968 1131 3042 divitias,
1166 2967 1291 3028 nisi
1326 2970 1501 3028 recte
1531 2964 2026 3037 ordinarentur;
2059 2979 2271 3041 neque
2300 2977 2457 3023 vero
2487 2958 2676 3023 nobis
2717 2958 2975 3023 animus
3005 2964 3103 3022 est
3146 2960 3459 3040 quidquid
3488 2961 3557 3023 in

278 3062 398 3126 hoc
424 3067 915 3144 prestiterimus
945 3068 1312 3131 minutatim
1343 3066 1731 3146 exponendi.
1763 3066 1975 3127 Pauca
2005 3063 2217 3125 solum
2247 3060 2545 3140 exempla
2583 3059 2960 3124 referemus.

356 3166 414 3225 1°
459 3166 635 3227 Nihil
674 3168 866 3231 nobis
912 3169 1242 3248 antiquius
1282 3168 1424 3242 fuit,
1460 3184 1658 3246 quam
1690 3169 1763 3228 ut
1790 3166 1859 3226 in
1886 3164 2047 3228 locis
2078 3179 2116 3228 a
2144 3162 2517 3227 reverendis
2547 3161 2704 3241 ipsis
2748 3162 3045 3226 Patribus
3073 3162 3368 3227 indicatis
3395 3182 3558 3229 suus

279 3268 480 3330 textui
516 3269 693 3331 nitor
721 3270 1194 3334 restitueretur.
1243 3270 1507 3346 Quoties
1539 3269 1606 3329 in
1634 3268 1919 3347 aliquem
1948 3283 2239 3329 errorem
2268 3265 2443 3327 ultro
2472 3264 2817 3345 impegisse
2844 3265 2968 3328 visi
2998 3269 3173 3341 sunt,
3205 3271 3399 3346 atque
3433 3267 3546 3331 de~

278 3368 537 3431 fuerunt
575 3387 805 3433 eorum
831 3372 1124 3449 consilia,
1158 3372 1509 3452 genuinam
1539 3370 1881 3433 lectionem
1908 3366 2335 3431 stabilivimus
2378 3367 2516 3427 tum
2541 3365 3156 3447 manuscriptorum,
3188 3370 3323 3431 tum
3351 3370 3557 3434 libro—

277 3488 417 3533 rum
442 3477 852 3539 auctoritate.
2088 3484 2097 3498 '

355 3571 414 3630 2⁸
450 3574 693 3637 Praeter
716 3581 930 3639 textus
975 3578 1250 3640 nitorem
1275 3594 1431 3657 quo,
1468 3575 1964 3656 qualiscumque
1992 3573 2110 3648 sit,
2138 3571 2332 3634 editio
2359 3569 2775 3634 Benedictina
2819 3575 3083 3635 caeteras
3109 3588 3334 3637 omnes
3364 3574 3559 3658 longe

275 3680 564 3753 superat,
604 3677 729 3739 hoc
768 3683 1031 3758 praestat
1072 3679 1484 3763 potissimum
1509 3722 1525 3751 ,
1561 3677 1735 3758 quod
1776 3674 2262 3756 praefationibus
2302 3672 2557 3735 eximiis
2586 3689 2953 3754 magnaque
2980 3674 3472 3741 adnotationum
3499 3684 3565 3742 et

275 3777 675 3839 variantium
726 3780 1077 3843 lectionum
1113 3782 1300 3860 copia
1344 3780 1735 3861 locupletata
1765 3779 1869 3841 sit.
1911 3776 2070 3854 Quae
2096 3778 2317 3841 omnia
2345 3775 2569 3839 sedulo
2603 3775 3005 3839 servavimus
3029 3820 3048 3853 ,
3076 3776 3207 3840 imo
3236 3780 3561 3845 variantes

276 3878 665 3943 adauximus
688 3878 1029 3958 lectiones;
1049 3901 1182 3945 non
1211 3901 1434 3947 omnes
1458 3902 1611 3949 vero
1635 3883 2011 3945 admisimus
2042 3898 2187 3959 quas
2207 3880 2391 3942 nobis
2412 3880 2847 3959 undeqnaque
2866 3881 3315 3945 occurrebant.
3333 3882 3568 3947 Liben-

272 3985 378 4044 ter
409 3984 775 4061 fatebimur,
801 4003 932 4047 non
965 3988 1088 4049 isto
1110 3987 1518 4051 incendimur
1553 3985 1922 4068 philologia
1965 3984 2177 4047 studio
2198 3981 2372 4061 quod
2400 3981 2697 4045 editionis
2730 3981 3182 4046 excellentiam
3214 3984 3567 4052 lectionum

272 4083 670 4146 variantium
701 4105 973 4149 numero
1002 4090 1285 4150 metitur.
1318 4090 1367 4150 E
1396 4078 1646 4163 contra,
1666 4087 1875 4149 dubiae
1902 4086 2287 4165 plerumque
2317 4088 2511 4147 erunt
2536 4084 2856 4158 utilitatis,
2886 4082 2939 4145 si
2971 4085 3342 4149 attendatur
3366 4106 3567 4169 quam
3669 4165 3675 4169 _

274 4184 505 4246 tenuis
530 4186 646 4247 sint
668 4189 999 4265 momenti,
1024 4195 1342 4268 quantum
1369 4190 1686 4253 sermonis
1715 4188 1949 4251 seriem
1978 4186 2351 4267 impediant,
2371 4190 2819 4265 quantumque
2843 4186 3013 4265 apud
3035 4188 3271 4253 multos
3294 4189 3566 4258 lectores

274 4288 632 4352 auctoritas
652 4289 967 4352 librorum
1002 4291 1129 4354 illis
1153 4291 1607 4366 labefactetur;
1645 4290 1965 4370 duplicem
1990 4288 2161 4349 enim
2194 4286 2537 4349 lectionem
2566 4288 2801 4350 veritas
2826 4304 2956 4349 non
2990 4290 3255 4368 patitur.
3292 4289 3569 4372 Expedit

275 4389 478 4469 igitur
497 4437 514 4466 ,
545 4395 768 4455 nostra
798 4394 1140 4472 sententia,
1182 4400 1275 4458 tot
1298 4397 1467 4459 inter
1487 4393 2080 4471 manuscriptorum
2108 4394 2171 4453 et
2192 4392 2509 4453 librorum
2538 4390 2904 4465 varietates,
2930 4408 3061 4452 non
3087 4392 3265 4455 molli
3302 4394 3569 4459 brachio

274 4496 545 4555 cunctas
605 4499 951 4571 excutere,
1008 4499 1223 4577 sagaci
1279 4497 1669 4578 negligentia
1717 4495 2029 4575 quasdam
2071 4492 2589 4573 praetermittere,
2640 4510 2882 4572 easque
2930 4496 3183 4558 tantum
3232 4495 3569 4563 admittere

274 4609 425 4673 quae
454 4594 536 4657 ad
567 4599 811 4659 rectam
851 4598 1133 4661 auctoris
1179 4597 1671 4681 intelligentiam
1716 4599 1819 4661 vel
1863 4598 2092 4660 leviter
2126 4592 2513 4657 inserviunt.

356 4696 545 4770 Quod
573 4698 651 4761 de
684 4699 1036 4762 lectionum
1065 4701 1513 4775 varietatibus,
1559 4701 1621 4761 id
1647 4701 1723 4764 de
1759 4700 2185 4780 supposititiis
2213 4698 2519 4777 Operibus
2540 4696 2779 4759 dictum
2801 4701 2961 4759 esto.

359 4796 574 4877 Vulgo
604 4798 874 4879 contigit
899 4800 1275 4864 clarissimis
1297 4800 1703 4879 antiquitatis
1737 4801 2188 4880 scriptoribus,
2221 4803 2315 4873 ut,
2346 4803 2710 4877 temporum
2733 4799 3215 4877 obscuratione,
3252 4804 3571 4887 bibliopo-

272 4898 500 4961 larum
535 4901 834 4974 avaritia,
872 4901 1153 4981 aliisque
1182 4901 1260 4967 de
1289 4900 1505 4965 causis
1528 4948 1544 4977 ,
1578 4900 1765 4964 festus
1802 4919 2028 4963 eorum
2059 4901 2325 4981 genuini
2356 4900 2621 4981 indigna
2649 4898 3022 4979 spnriorum
3056 4905 3315 4967 caterva
3353 4905 3572 4987 stipa-

274 4994 533 5066 rent'nr.
582 5004 771 5067 Haud
817 5004 1075 5069 difﬁcile
1121 5010 1292 5070 certe
1322 5006 1551 5070 fuisset
1582 5004 2072 5086 Augustiniante
2127 5003 2424 5066 editionis
2488 5004 2724 5065 molem
2776 5002 3107 5083 duplicare
3158 5005 3569 5086 triplicareve

276 5106 366 5168 ad
393 5106 673 5183 libitum,
730 5109 1049 5190 adiunctis
1102 5110 1527 5191 supposititiis
1576 5110 1882 5190 operibus
1936 5128 2082 5189 quas
2130 5110 2253 5171 sub
2307 5109 2525 5189 magni
2568 5109 2862 5173 Doctoris
2916 5109 3179 5175 nomine
3222 5113 3572 5181 circumfe—

277 5211 542 5271 runtur.
602 5209 794 5277 anla
816 5228 1020 5292 prope
1077 5216 1176 5275 est
1220 5211 1608 5277 bibliotheca
1657 5229 1805 5291 quae
1836 5227 1966 5275 non
2000 5211 2362 5275 istiusmodi
2416 5211 2740 5274 thesauris
2779 5228 2852 5274 se
2899 5211 3122 5292 jactet.
3150 5211 3320 5290 Quid
3372 5220 3572 5283 vero?

280 5327 507 5372 nonne
560 5310 766 5397 liquet
813 5313 1067 5378 zizania
1108 5313 1430 5379 debilitari
1481 5315 1761 5379 triticum
1791 5362 1808 5392 ,
1860 5330 2291 5395 verarumque
2338 5331 2739 5398 gemmarum
2782 5314 3153 5395 decrescere
3193 5316 3433 5383 famam
3457 5368 3474 5398 ,
3515 5325 3571 5387 si

280 5431 434 5475 cum
468 5413 847 5487 adulterinis
876 5416 1313 5478 misceantur?
1358 5418 1655 5480 Attamen
1685 5436 1766 5480 ne
1800 5416 1956 5497 quid
1996 5417 2062 5478 in
2100 5417 2376 5480 editione
2404 5422 2628 5480 nostra
2652 5417 3164 5497 desideraretur,
3202 5423 3457 5486 nullum
3488 5444 3572 5488 ex

278 5514 525 5593 spuriis
576 5515 679 5577 vel
722 5514 935 5578 dubiis
968 5516 1273 5594 operibus
1303 5533 1450 5595 quis
1490 5518 1605 5583 PP.
1632 5518 2023 5581 Benedictini
2082 5520 2321 5598 publici
2373 5518 2539 5601 juris
2594 5518 2910 5596 fecerunt,
2960 5523 3574 5600 praetermittendum

278 5616 633 5692 duximus;
677 5618 1039 5698 quinetiam
1062 5635 1288 5691 eorum
1340 5624 1701 5685 recensioni
1732 5626 2046 5689 nonnnlia
2072 5623 2430 5688 addidimus
2483 5641 2709 5686 recens
2738 5622 3041 5701 inventa,
3079 5642 3225 5705 quae
3254 5630 3472 5693 omnia
3504 5632 3573 5694 in

281 5720 671 5782 Sermonnm
701 5720 1143 5789 collectionem
1172 5722 1486 5787 incidunt.
1510 5725 1753 5788 Verum
1788 5728 1909 5801 hac
1935 5727 2216 5809 augendi
2258 5726 2521 5791 licentia
2545 5743 2740 5806 parce
2767 5726 2869 5791 usi
2909 5744 3137 5793 sumus
3161 5773 3180 5805 ,
3225 5747 3357 5794 non
3387 5735 3570 5797 obliti

280 5825 1086 5985 PatribusSBenediXtinis,
1147 5833 1341 5982 prout
1366 5831 1651 5894 consiliis
1689 5834 2050 5915 Opibusque
2081 5841 2265 5941 erant
2291 5836 2694 5915 circumdati,
2732 5844 3137 5999 compertam;
3162 5860 3318 5909 sane
3352 5842 3555 5909 fuisse

632 5934 813 5979 mer.
921 5935 1141 5982 ususr.
1219 5963 1235 5985 .
3144 5928 3165 5953 ¹

632 5934 813 5979 mer.
861 5928 1141 5982 Aususr.
1188 5928 1235 5985 Ι.
2180 5928 2207 5941 “
3102 5928 3165 5985 1¹
