3994 6352
1989 335 2313 398 MONlTUM.

487 459 837 525 maximam
874 464 1122 541 partem
1148 457 1470 524 fallacium
1520 457 1791 521 istarum
1831 450 2222 529 divitiarum,
2272 469 2437 533 quas
2467 470 2538 516 se
2568 449 2863 514 etl‘odisse
2896 449 3197 513 nonnulli
3221 444 3529 513 cozetanei
3573 460 3737 508 asse-

487 568 739 635 verant,
782 565 1141 642 meritoque
1172 563 1606 641 suspicionem
1633 566 1694 624 et
1715 560 1986 624 dedecus
2016 559 2350 622 incurrere
2400 555 2714 636 quidquid
2762 554 2890 615 viri
2939 557 3122 617 tanta
3174 551 3467 616 doctrina
3519 552 3749 631 pariter

487 680 564 727 ac
596 664 836 743 judicio
872 665 1357 727 commendandi
1390 666 1795 745 repulerunt.

563 767 626 828 3°
672 769 794 831 Res
851 772 949 831 est
988 769 1212 847 utique
1244 770 1605 851 gravissimi
1638 768 1943 831 momenti
1973 772 2036 830 et
2082 764 2163 828 ad
2191 764 2443 828 facilem
2472 766 2771 825 textuum
2801 758 3351 840 comparationem
3400 756 3745 836 aptissima,

481 875 555 931 ut
593 871 900 934 lectiones
937 874 1262 935 variantes
1296 890 1459 952 quas
1489 875 1603 934 PP.
1648 872 1931 934 Maurini
1972 870 2146 933 haud
2177 867 2481 931 unimode
2517 867 2929 940 distribuere,
2966 880 3248 944 semper,
3271 864 3573 925 notarum
3607 878 3748 922 mo-

483 974 587 1047 (ιο,
643 975 844 1035 textui
878 976 1191 1052 proximas
1235 975 1507 1038 subsint.
1553 975 1952 1055 Nuperrimaa
1988 975 2247 1035 exstant
2299 970 2610 1031 editiones
2658 968 3086 1041 Parisienses,
3131 981 3278 1044 qum
3305 981 3517 1043 neque
3551 965 3746 1037 hanc,

480 1095 696 1154 neque
758 1080 870 1140 PP.
926 1080 1376 1141 Maurinorum
1429 1078 1657 1161 agendi
1712 1077 2031 1139 rationem
2090 1078 2324 1137 secutae
2357 1118 2372 1146 ,
2425 1090 2649 1133 omnes
2701 1070 3054 1132 lectionum
3083 1069 3431 1132 varietates
3466 1067 3751 1146 procula

481 1184 663 1239 textu
691 1179 770 1240 ad
798 1179 990 1241 tinem
1017 1179 1531 1260 uniuscujusque
1567 1177 1911 1241 voluminis
1944 1174 2413 1255 agglomerant,
2447 1174 2585 1243 aut,
2623 1186 2856 1249 parum
2887 1168 3201 1240 sollicitae,
3233 1167 3745 1247 praetermittunt.

478 1281 803 1354 Quantum
858 1282 1004 1343 inde
1053 1286 1430 1345 nasceretur
1483 1280 1893 1351 incommodi,
1954 1281 2330 1355 quantaque
2360 1276 2669 1354 temporis
2710 1276 2990 1355 jactura,
3042 1290 3175 1335 non
3229 1272 3429 1335 semel
3480 1271 3745 1350 experti,

481 1401 819 1461 speramus
851 1384 987 1446 fore
1012 1387 1085 1446 ut
1135 1382 1474 1446 methodus
1515 1389 1763 1456 nostra,
1797 1382 1920 1444 sub
1961 1384 2261 1458 respectu
2313 1377 2783 1440 commoditatis
2813 1394 2999 1457 mque
3051 1394 3129 1440 ac
3157 1376 3455 1439 utilitatis
3480 1419 3498 1450 ,
3545 1374 3751 1453 potior

477 1484 789 1545 videatur.

553 1584 615 1643 [ιο
640 1586 821 1659 Quod
853 1585 929 1647 ad
963 1586 1484 1665 chronologicam
1510 1583 2135 1664 Augustinianorum
2164 1599 2431 1660 eperum
2465 1580 2701 1643 seriem
2740 1581 3004 1655 attinet,
3036 1578 3378 1658 paululum
3418 1580 3500 1638 ab
3529 1578 3749 1639 ordine

471 1690 585 1750 PP.
623 1688 1067 1751 Maurinorum
1090 1687 1464 1749 deﬂeximus
1487 1733 1502 1759 ,
1539 1692 1611 1748 ut
1641 1706 1789 1748 eum
1820 1703 2240 1763 sequeremur
2273 1702 2463 1761 quem
2493 1700 2714 1743 rerum
2744 1681 3047 1761 analogia
3071 1726 3088 1752 ,
3136 1678 3541 1759 proindeque
3584 1678 3748 1739 ratio

471 1791 1032 1871 ipsasuggerebat.
1048 1792 1120 1852 In
1138 1792 1347 1870 primo
1369 1793 1585 1868 itaque
1602 1793 1775 1849 tomo
1796 1789 1922 1848 duo
1939 1787 2440 1865 Soliloquiorum
2462 1786 2634 1859 libri,
2652 1786 2762 1861 qui
2784 1784 2953 1861 apud
2974 1785 3088 1844 PP.
3104 1781 3550 1844 Benedictinos
3568 1782 3747 1842 libris

467 1892 546 1954 de
567 1893 804 1955 Ordine
822 1894 1115 1973 proxime
1142 1893 1514 1967 succedunt,
1531 1893 1743 1953 statim
1766 1896 1907 1969 post
1934 1888 2409 1957 Confessiones,
2429 1886 2820 1962 quibuscum
2848 1885 2931 1943 ob
2953 1882 3359 1944 manifestam
3385 1883 3746 1963 argumenti

467 1995 948 2058 similitudinem
972 1996 1259 2074 apprime
1287 1994 1706 2065 conveniunt,
1750 2009 1787 2053 a
1817 1990 2003 2051 nobis
2048 1988 2343 2049 collocati
2374 1990 2546 2047 sunt.
2585 1986 2728 2045 Duo
2775 1984 2967 2046 etiam
3007 1984 3155 2044 libri
3204 1984 3281 2045 de
3313 1984 3543 2046 Genesi
3580 2002 3748 2047 con—

465 2102 566 2160 tra
595 2096 983 2158 Manichaaos
1014 2115 1049 2157 e
1074 2096 1283 2173 primo
1307 2100 1477 2154 tome
1511 2093 1573 2151 in
1606 2091 1865 2152 tertium
1895 2087 2109 2165 rejecti
2130 2131 2146 2158 ,
2174 2103 2251 2147 eo
2282 2086 2525 2146 scilicet
2552 2086 2696 2146 loco
2717 2101 2848 2162 quo
2879 2083 3121 2161 duplex
3156 2083 3326 2144 aliud
3361 2084 3424 2143 in
3450 2084 3746 2146 Genesim

464 2214 629 2276 opus
672 2197 824 2258 item
872 2195 1251 2256 instituitur.
1300 2196 1613 2255 Praeterea
1662 2191 1899 2250 librum
1937 2188 2012 2248 de
2056 2206 2209 2251 vera
2241 2187 2606 2265 Religione,
2640 2187 2751 2263 qui
2792 2186 2860 2245 in
2897 2184 3172 2245 editione
3207 2186 3620 2249 Benedictina
3661 2188 3747 2247 li—

464 2302 651 2361 brum
684 2298 762 2360 de
788 2298 1076 2359 Moribus
1112 2297 1609 2359 Manichaeorum
1644 2289 1917 2367 excipit,
1958 2290 2037 2350 ad
2077 2290 2333 2350 tertium
2376 2289 2671 2349 similiter
2709 2291 2956 2347 tomum
2985 2288 3431 2349 revocavimus
3453 2333 3469 2360 ,
3517 2307 3747 2366 nempe

458 2404 607 2477 post
631 2416 794 2476 opus
825 2397 899 2457 de
927 2397 1230 2457 Doctrina
1264 2392 1628 2454 Christiana
1649 2436 1664 2463 ,
1700 2390 1882 2468 cujus
1921 2388 2166 2463 absque
2214 2384 2408 2448 dubio
2451 2389 2995 2467 complementum
3018 2389 3255 2468 cuique
3282 2390 3516 2469 legenti
3548 2407 3746 2469 appa-

458 2496 855 2561 rebit.Varia
875 2495 1132 2558 tandem
1149 2493 1484 2573 opuscula,
1509 2495 1729 2573 qualia
1758 2491 2059 2570 Epistolas
2078 2534 2094 2563 ,
2127 2490 2467 2551 Sermones
2491 2536 2506 2564 ,
2535 2498 2683 2564 etc.,
2720 2509 2864 2569 quae
2904 2493 3018 2552 PP.
3050 2491 3333 2553 Maurini
3365 2496 3427 2552 et
3452 2496 3595 2570 post
3633 2509 3741 2552 eos

460 2597 668 2659 caeteri
711 2596 860 2658 editi
904 2596 1062 2675 ipsis
1094 2594 1363 2655 nimium
1399 2596 1764 2657 insistentes
1807 2593 2050 2671 passim
2082 2590 2505 2653 disseminant
2530 2638 2544 2665 ,
2597 2592 2676 2654 ad
2717 2592 2993 2655 classem
3031 2610 3217 2656 suam
3254 2594 3699 2673 primigeniam
3722 2639 3739 2669 ,

459 2703 653 2778 prout
680 2717 782 2761 res
808 2699 1221 2777 postulabat,
1254 2696 1553 2757 accurate
1580 2690 1843 2754 reducta
1872 2696 2045 2751 sunt.
3274 2766 3277 2767 ν

536 2797 598 2859 5⁰
643 2801 863 2860 Ambae
892 2797 1297 2877 praefationes
1328 2815 1470 2875 quae
1527 2796 1724 2874 paulo
1752 2796 2020 2856 inferius
2055 2796 2415 2858 Mabillonii
2447 2796 2907 2858 dedicatoriam
2942 2796 3298 2875 Epistolam
3325 2804 3692 2876 sequuntur
3722 2844 3739 2872 ,

459 2901 865 2963 undecimum
912 2902 1340 2979 ultimumque
1366 2901 1659 2962 editionis
1682 2899 2106 2960 Benedictina;
2139 2903 2380 2959 tomum
2412 2900 2720 2962 inchoant
2748 2923 2763 2974 ;
2800 2919 2919 2962 nec
2956 2901 3225 2974 mirum,
3259 2900 3573 2979 siquidem
3618 2919 3746 2964 ve:-

457 3004 724 3065 nerandi
761 3004 1062 3074 editores,
1096 3004 1489 3065 curriculum
1517 3003 1678 3063 adeo
1708 3003 1975 3080 longum
2022 3002 2405 3081 ingressuri,
2440 3001 2749 3080 quidquid
2797 3002 2863 3063 in
2904 3003 3039 3063 t'oto
3074 3004 3349 3065 decursu
3381 3009 3552 3065 esset
3586 3022 3745 3082 per-

455 3105 773 3185 agendum
805 3124 887 3167 ex
918 3107 1057 3183 ipso
1109 3105 1328 3165 limine
1359 3104 1713 3183 praevidere
1746 3122 1877 3163 non
1927 3102 2277 3180 potuerint.
2321 3103 2516 3164 Nobis
2567 3107 2784 3164 autem
2835 3120 3035 3182 opera
3084 3122 3311 3166 eorum
3368 3105 3748 3168 recudenti-

453 3208 576 3271 bus
607 3226 753 3269 cum
787 3210 970 3270 nulla
1001 3210 1083 3269 sit
1130 3223 1328 3269 causa
1362 3224 1480 3267 cur
1532 3208 1727 3268 talem
1759 3206 2107 3267 toleremus
2139 3204 2557 3279 anomaliam,
2601 3209 2947 3284 utramque
2976 3205 3419 3285 praefationem
3450 3224 3570 3268 suo
3594 3208 3745 3270 loco

455 3310 773 3383 naturali,
831 3309 890 3369 id
952 3314 1068 3383 est,
1121 3310 1306 3369 initio
1336 3310 1548 3386 operis
1579 3354 1595 3381 ,
1643 3311 1829 3386 primi
1885 3308 2244 3388 posuimus.
2302 3309 2540 3369 Eadem
2591 3326 2793 3387 prepe
2845 3310 3014 3371 ratio
3073 3326 3191 3369 nos
3250 3310 3505 3388 impulit
3555 3315 3625 3371 ut
3672 3311 3747 3387 in

453 3417 698 3473 tomum
746 3414 1026 3492 primum
1076 3412 1569 3472 transterremus
1602 3412 1762 3474 duas
1804 3414 1876 3472 D.
1912 3414 2256 3493 Augustini
2282 3412 2490 3485 Vitas,
2524 3429 2805 3488 quarum
2852 3411 3033 3489 prior
3064 3429 3102 3472 a
3136 3412 3249 3472 PP.
3307 3411 3744 3473 Benedictinis

452 3510 527 3573 ad
554 3512 791 3573 calcem
828 3512 979 3571 tomi
1014 3511 1262 3583 decimi,
1300 3512 1620 3589 posterior
1645 3530 1795 3575 vero
1828 3531 2038 3591 usque
2071 3513 2149 3574 ad
2184 3517 2426 3572 tomum
2457 3510 2866 3571 undecimum
2895 3511 3180 3589 relegata
3211 3515 3328 3572 est.
3358 3512 3555 3573 Nemo
3577 3512 3749 3573 inﬁ—

451 3616 728 3677 ciabitur
756 3614 946 3677 hasce
990 3617 1317 3692 gestorum
1365 3614 1696 3692 scriptoris
1754 3615 2161 3676 narrationes
2206 3632 2350 3675 esse
2394 3611 2716 3690 quoddam
2758 3610 3151 3688 praefationis
3184 3630 3389 3691 genus
3420 3630 3495 3675 ea
3520 3618 3748 3675 mente

449 3721 824 3777 contextum
851 3760 867 3787 ,
920 3718 994 3776 ut
1022 3714 1370 3792 anticipata
1396 3716 1724 3777 variarum
1754 3717 2392 3778 circumstantiarum
2429 3714 2844 3785 revelatione,
2897 3712 3169 3776 lectores
3217 3714 3295 3775 ad
3351 3715 3611 3776 intimos
3672 3721 3743 3777 et

449 3816 636 3895 quasi
690 3822 1103 3896 generatores
1166 3816 1379 3893 operis
1434 3833 1663 3878 sensus
1731 3818 1862 3897 jam
1918 3823 2053 3881 tum
2098 3818 2458 3879 initientur.
2508 3816 2693 3877 Haud
2748 3816 2938 3877 alit'er
2997 3817 3365 3879 sentiebant
3430 3819 3551 3897 ipsi
3614 3820 3745 3880 PP.

450 3917 865 3991 Benedictini,
892 3920 963 3977 ut
995 3921 1315 3979 testantur
1344 3917 1554 3996 prima
1582 3920 1777 3980 verba
1808 3918 2273 3980 Admonitionis
2317 3915 2812 3976 Confessionum
2861 3916 3043 3977 libris
3081 3919 3441 3995 praeposita;
3474 3938 3487 3976 :
3521 3942 3549 3975 «
3578 3920 3751 3994 Quas

452 4040 481 4073 α
512 4034 732 4090 causa,
766 4017 1100 4095 inquiunt,
1127 4017 1272 4079 fecit
1302 4024 1373 4079 ut
1405 4018 1736 4095 scriptoris
1768 4019 2086 4098 cujusque
2102 4019 2253 4079 Vita
2279 4016 2637 4077 emittendis
2665 4016 2731 4076 in
2751 4017 3083 4094 publicum
3105 4018 3244 4098 ejus
3280 4020 3461 4081 libris
3492 4022 3755 4083 solem-

450 4138 480 4173 α
518 4118 583 4176 ni
607 4134 784 4178 more
833 4117 1293 4198 praefigeretur,
1324 4117 1547 4179 eadem
1578 4119 1768 4179 etiam
1798 4120 2039 4196 primos
2071 4118 2133 4179 S.
2183 4117 2528 4196 Augustini
2570 4134 2840 4194 operum
2871 4119 3146 4180 editores
3172 4119 3341 4181 haud
3377 4121 3567 4183 dubie
3598 4139 3755 4184 m0-

449 4237 482 4275 κ
519 4216 649 4290 vit,
704 4221 775 4278 ut
802 4215 1253 4281 Confessiones
1306 4219 1508 4297 ipsius
1569 4219 1784 4281 statim
1815 4225 1961 4298 post
2005 4219 2558 4281 Retractationum
2596 4219 2873 4280 libros...
2905 4221 2971 4281 in
2997 4225 3170 4282 tomo
3201 4224 3412 4299 primo
3442 4225 3758 4288 colloca—

448 4341 480 4376 α
510 4325 677 4381 rent.
715 4320 943 4400 Nempe
973 4322 1228 4382 interest
1244 4320 1591 4399 plurimum
1635 4329 1706 4381 ut
1736 4322 2018 4382 auctoris
2051 4320 2321 4400 genium,
2355 4319 2585 4389 studia,
2618 4338 2838 4388 mores,
2873 4319 3271 4400 probitatem,
3298 4323 3496 4403 ﬁdem,
3530 4326 3761 4388 alias—

448 4447 479 4481 α
512 4441 628 4505 que
675 4423 846 4484 dotes
892 4432 1252 4503 perspectas
1308 4422 1521 4484 habeat
1568 4424 1678 4503 qui
1724 4423 1856 4503 ejus
1906 4423 2147 4503 scripta
2206 4440 2344 4483 cum
2399 4424 2742 4501 voluptate,
2793 4432 2921 4483 tum
2962 4426 3261 4505 profectu
3303 4427 3623 4506 perlegere
3671 4432 3763 4491 in

448 4550 479 4585 α
511 4526 782 4587 animum
820 4524 1088 4586 inducit.
1120 4548 1146 4580 »
1186 4526 1334 4586 Post
1372 4525 1562 4585 talem
1592 4524 2092 4586 declarationem
2128 4571 2144 4600 ,
2197 4523 2453 4583 difﬁcile
2512 4523 2931 4601 intelligimus
2976 4527 3398 4602 quamobrem
3456 4533 3764 4607 preprias

444 4628 703 4691 editioni
736 4628 947 4690 Vitam
979 4629 1040 4689 S.
1084 4628 1373 4689 Doctoris
1405 4629 1518 4688 PP.
1543 4627 1934 4688 Benedictini
1966 4645 2095 4688 non
2122 4626 2542 4705 praeﬁxerint,
2577 4627 2932 4703 praesertim
2958 4645 3040 4687 ex
3066 4627 3366 4688 omnibus
3399 4630 3537 4709 ejus
3570 4635 3763 4693 scri-

444 4729 569 4809 ptis
601 4730 1075 4792 concinnatam.
1100 4730 1267 4790 Nulli
1317 4729 1514 4806 igitur
1542 4729 1885 4790 molestum
1920 4729 2056 4790 fore
2090 4733 2393 4808 putamus
2424 4729 2475 4789 si
2527 4728 2593 4787 in
2626 4727 2724 4788 his
2755 4733 2816 4788 et
2844 4728 2911 4788 in
2947 4730 3335 4807 quibusdam
3376 4733 3520 4794 aliis
3554 4734 3773 4813 ejus-

442 4831 583 4892 dem
613 4836 860 4893 naturae
887 4875 901 4903 ,
936 4831 1042 4890 sed
1069 4831 1592 4908 perpaucissimis
1618 4875 1633 4901 ,
1666 4835 1727 4892 et
1756 4831 1832 4891 de
1868 4832 2104 4909 quibus
2135 4832 2342 4893 obiter
2373 4830 2800 4906 monebimus,
2828 4831 3312 4896 discesserimus
3364 4838 3447 4899 ab
3475 4837 3765 4919 inclytis

442 4932 736 4999 ducibus.
770 4952 1047 5012 quorum
1079 4933 1368 5009 alioquin
1400 4931 1665 5011 vestigia
1698 4949 1816 4994 nos
1865 4932 2165 5011 religiose
2203 4933 2461 4995 trivisse
2505 4932 2880 5013 gloriamur.
3544 4958 3549 4961 >

522 5071 596 5131 Ν.
629 5072 699 5130 Β.
736 5072 793 5130 1ο
822 5073 1185 5133 Lectionum
1232 5072 1559 5133 varietates
1596 5090 1731 5152 qua:
1779 5073 1911 5133 PP.
1963 5074 2405 5135 Benedictinos
2446 5075 2725 5153 primum
2778 5075 3129 5157 e/fugcrant
3156 5126 3172 5148 ,
3213 5088 3437 5150 textui,
3488 5091 3561 5144 ut
3592 5084 3757 5164 ipsa

444 5171 727 5240 suadent,
757 5172 1088 5251 aliquoties
1119 5173 1618 5241 intertexuimus,
1636 5174 1855 5252 priori
1881 5193 2093 5237 eorum
2120 5176 2385 5237 lectione
2413 5175 2579 5237 hisce
2601 5176 2852 5239 uncinis
2878 5182 2897 5255 [
3008 5182 3324 5259 ]signata.

520 5323 597 5384 N.
642 5324 713 5384 Β.
751 5320 814 5382 2°
871 5319 1134 5396 Quodsi
1175 5319 1423 5400 quando
1476 5330 1713 5384 textum
1764 5324 2001 5405 qualem
2057 5323 2341 5386 habemus
2371 5345 2410 5386 a
2448 5324 2584 5385 PP.
2621 5325 3050 5389 Benedictinis
3094 5331 3539 5395 concinnatum
3588 5345 3785 5401 tan-

447 5428 643 5506 tisper
682 5425 1004 5487 immutare
1032 5422 1232 5484 visum
1261 5432 1371 5492 est,
1398 5425 1727 5506 propriam
1757 5444 1967 5488 eorum
1996 5426 2317 5489 lectionem
2355 5428 2572 5507 ferunt
2621 5427 3060 5489 adnotationes
3089 5428 3256 5492 hisce
3278 5432 3503 5513 signis,
3532 5435 3613 5498 In
3649 5438 3782 5518 B.,

445 5527 774 5590 distinctae.
1017 5525 1102 5586 Μ.
1140 5525 1225 5607 (1)

511 5692 589 5757 (t)
613 5698 936 5755 Quaecumque
967 5698 1047 5742 PP.
1082 5693 1498 5745 Benedictinorum
1518 5694 1721 5746 editioni
1741 5696 2087 5762 addiderimus,
2109 5697 2261 5750 hocce
2282 5699 2440 5763 signo,
2468 5706 2547 5757 Μ..
2566 5697 2945 5763 distinguentur.
