3994 6352
313 392 888 422 Ἦ

1037 552 1403 658 REGI
1501 552 2867 665 CHRISTIANISSIMO

332 762 2087 1011 LUDOVICO
2232 790 3421 1060 MAGNO,

860 1142 1386 1251 VICTORI,
1444 1141 2386 1233 TRIUMPHATOBI,
2438 1143 3003 1230 PACIFICO.

1760 1320 2237 1400 Ngo...

338 1506 711 1569 inuisum]:
741 1554 761 1579 ,
826 1515 1087 1570 Ecclesia:
1117 1516 1294 1569 lumen
1320 1522 1375 1568 et
1402 1512 1700 1576 oraculum,
1730 1510 1903 1566 Caroli
1948 1511 2118 1581 Magni
2160 1511 2425 1581 quondam
2467 1510 2717 1579 delicias,
2766 1514 2877 1569 Rex
2923 1516 3406 1586 Christianissime,
3448 1538 3594 1579 novo

296 1600 447 1665 cultu,
478 1603 784 1675 novisque
815 1606 960 1676 typis
987 1605 1300 1659 adornatum
1336 1604 1428 1659 tibi
1457 1604 1693 1657 sistimus
1712 1643 1728 1669 ,
1760 1603 1858 1656 sub
1886 1602 2198 1657 immortalis
2239 1602 2468 1657 nominis
2493 1603 2568 1657 tui
2598 1605 2842 1673 praesidio
2877 1607 3277 1665 immortalitate’
3296 1613 3460 1667 altera
3488 1615 3588 1669 do-

310 1694 550 1749 nandum.
580 1697 757 1753 llunc
787 1698 1077 1768 aliquando
1104 1698 1322 1751 Basileze
1349 1696 1513 1751 veluti
1540 1702 1905 1750 renascentem
1929 1694 2209 1749 Germania
2229 1694 2465 1763 excepit;
2489 1695 2706 1750 Lovanii
2731 1697 3054 1766 recognitum
3076 1739 3091 1764 ,
3118 1710 3431 1773 auctumque
3459 1704 3589 1761 fovit

321 1786 580 1857 Belgium;
616 1789 991 1859 eumdemque
1011 1789 1249 1858 genuina:
1272 1788 1292 1857 (
1316 1794 1570 1857 quantum
1597 1786 1650 1840 in
1679 1785 1834 1839 nobis
1858 1782 1988 1856 fuit)
2014 1784 2300 1854 integritati
2323 1785 2620 1839 restitutum
2662 1802 2801 1841 nunc
2831 1787 3043 1843 tandem
3074 1789 3383 1846 exhibemus
3412 1811 3424 1846 :
3456 1794 3589 1849 adeo

335 1892 383 1935 ut
401 1882 605 1936 collatis
626 1884 787 1951 quasi
810 1882 1048 1937 dexteris
1068 1892 1123 1936 et
1152 1880 1374 1946 ofﬁciis,
1400 1880 1576 1948 Belgae
1599 1893 1719 1932 cum
1744 1877 2024 1932 Germanis
2046 1918 2061 1943 ,
2092 1891 2215 1931 cum
2256 1876 2495 1945 utrisque
2527 1877 2663 1932 Galli
2695 1878 2759 1931 ad
2789 1879 3165 1947 perﬁciendum
3190 1896 3383 1938 munus
3411 1885 3590 1940 Ludo-

338 1975 441 2028 vico
466 1974 661 2045 Magno
687 1976 913 2045 dignum
941 1974 1274 2042 conspirasse
1296 1972 1591 2026 videantur.
1619 1970 1878 2025 Nimirum
1908 1970 2094 2025 victori
2118 1984 2179 2024 ac
2217 1971 2587 2041 triumphatori
2613 1974 2955 2029 conveniebat
2980 1984 3057 2029 tot
3086 1984 3398 2046 pacatorum
3426 1994 3590 2048 pepu-

337 2067 498 2121 lorum
524 2082 813 2121 commune
842 2067 945 2121 hoc
978 2073 1414 2130 monumentum;
1463 2064 1725 2134 planeque
1766 2062 2016 2127 decebat,
2067 2072 2122 2117 ut
2170 2064 2517 2133 Augustinum
2570 2066 2864 2135 integrum,
2912 2086 3100 2139 purum
3145 2081 3305 2143 atque
3346 2081 3547 2129 tersum
3572 2118 3587 2139 ,

338 2160 582 2214 Ecclesia:
605 2159 880 2215 doctorem
909 2159 1229 2223 maximum,
1257 2165 1569 2227 perpetuum
1596 2155 1962 2210 hmreticorum
1989 2153 2275 2226 flagellum,
2298 2156 2498 2226 Regum
2520 2160 2912 2227 augustissimo,
2946 2163 3198 2229 maximo,
3217 2163 3589 2229 invictissimo,

334 2267 394 2307 ac
419 2251 823 2320 religiosissima
843 2265 1299 2306 consecraremus.

407 2344 593 2414 Neque
623 2360 755 2400 vero
773 2344 842 2399 de
871 2344 1161 2413 Majestatis
1188 2353 1292 2398 tuae
1313 2342 1492 2397 favore
1514 2384 1527 2406 ,
1560 2342 1672 2397 Rex
1704 2340 2109 2409 Augustissime,
2130 2340 2370 2397 dubitare
2391 2344 2543 2398 nobis
2566 2344 2707 2410 licet,
2741 2346 3167 2417 quandoquidem
3196 2351 3585 2421 amplissimum

337 2436 465 2490 illud
495 2436 829 2505 privilegium
854 2453 883 2491 a
914 2436 1085 2505 teipso
1124 2436 1277 2490 nobis
1303 2448 1615 2489 concessum
1638 2474 1654 2500 ,
1685 2433 2015 2502 obsignatum
2044 2442 2097 2486 et
2120 2441 2414 2499 assertum;
2446 2432 2625 2503 scripti
2666 2436 2879 2490 codices
2918 2454 2947 2492 e
2977 2439 3133 2508 Regia
3179 2443 3507 2499 Bibliotheca
3538 2454 3590 2499 te

329 2526 551 2596 iubente
572 2526 771 2580 ati‘atim
802 2527 1119 2597 suppeditati
1145 2542 1160 2592 ;
1194 2526 1379 2580 littera:
1399 2524 1465 2580 ad
1482 2532 1698 2579 exteros
1722 2524 1934 2578 nomine
1964 2532 2053 2577 tuo
2079 2525 2129 2578 in
2148 2540 2259 2579 rem
2282 2534 2515 2580 nostram
2546 2527 2720 2581 missa:
2741 2544 2754 2591 ;
2783 2529 2849 2583 ad
2873 2530 2984 2584 hz‘ec
3006 2534 3279 2601 Augustini
3304 2533 3554 2589 meritum
3576 2578 3589 2599 .

330 2620 477 2673 fama
497 2630 554 2674 et
578 2621 868 2674 auctoritas
894 2618 1245 2674 certissimam
1272 2632 1419 2688 spem
1445 2618 1599 2671 nobis
1625 2617 1872 2686 ingerunt
1890 2657 1904 2682 ,
1935 2625 1986 2670 te
2015 2614 2233 2685 hujusce
2258 2617 2506 2672 editionis
2534 2617 2791 2673 fautorem
2810 2659 2826 2687 ,
2873 2630 3149 2690 patronum
3171 2664 3187 2689 ,
3235 2639 3297 2679 ae
3327 2625 3591 2681 vindicem

324 2709 465 2764 fore.
499 2710 787 2765 Enimvero
813 2709 930 2779 quis
955 2708 1215 2778 Principis
1249 2706 1685 2762 Christianissimi
1711 2705 1887 2761 studio
1906 2712 1959 2759 et
1987 2706 2377 2762 existimatione
2410 2708 2619 2777 dignior
2645 2710 2939 2779 Augustino
2965 2753 2979 2778 ,
3010 2728 3167 2781 quem
3198 2714 3554 2788 Hieronymus
3572 2755 3590 2784 ,

321 2810 379 2856 et
403 2802 491 2855 sui
521 2800 780 2869 temporis
800 2815 921 2853 cum
949 2814 1015 2854 eo
1041 2798 1330 2863 Catholici,
1362 2798 1507 2852 velut
1526 2798 1744 2866 antiqua:
1768 2810 1967 2848 rursum
1986 2792 2105 2865 ﬁdei
2124 2796 2428 2850 conditorem
2449 2800 2779 2865 suspexere?
2806 2799 2923 2869 ipse
2949 2810 3032 2854 est
3062 2801 3343 2857 Doctorum
3372 2804 3550 2860 lumen
3577 2847 3589 2864 .

319 2894 689 2964 antiquiorum
737 2891 955 2950 Patrum
987 2890 1284 2945 humilitate
1310 2904 1372 2944 ac
1400 2888 1653 2957 religione
1690 2886 2011 2955 discipulus.
2050 2885 2330 2955 mqualium
2372 2886 2609 2942 doctrina
2644 2888 2794 2944 facile
2825 2892 3104 2961 princeps,
3155 2893 3590 2963 subsequentiuiu

317 2986 439 3040 dux
489 2995 541 3039 et
587 2984 880 3054 magister:
911 2998 1071 3052 quem
1112 2982 1381 3036 viventem
1410 2978 1641 3034 Africani
1674 2979 1857 3032 Patres
1899 2977 1977 3031 uti
2022 2976 2250 3046 Spiritus
2274 2980 2439 3033 sancti
2482 2980 2827 3049 interpretem
2853 2983 3023 3037 secuti
3065 2993 3188 3037 sunt
3225 2984 3277 3037 in
3303 2984 3593 3039 condendis

314 3076 690 3133 sanctioribus
720 3074 975 3128 Ecclesiae
999 3072 1194 3142 regulis
1214 3113 1226 3132 ,
1254 3078 1537 3125 veneratus
1570 3078 1651 3123 est
1679 3069 1814 3122 inter
1836 3068 2119 3121 Pontiﬁces
2148 3069 2409 3123 maximos
2436 3069 2769 3125 Innocentius
2794 3070 2815 3125 ἰ
2836 3113 2849 3137 ,
2879 3072 3066 3127 litteris
3087 3073 3285 3143 dignati
3327 3074 3592 3131 llouorius

315 3177 375 3221 et
422 3165 766 3222 Theodosius
812 3165 1171 3233 imperatores
1216 3161 1439 3231 Augusti
1474 3178 1486 3214 :
1518 3160 1669 3229 cujus
1713 3159 1906 3213 mortui
1944 3157 2239 3212 doctrinam
2292 3160 2514 3214 concilia
2542 3201 2557 3225 ,
2603 3163 2919 3216 sanctissimi
2967 3165 3165 3234 quique
3207 3165 3483 3236 pontiﬁces
3528 3169 3586 3223 et

313 3259 605 3328 episcopi,
635 3258 960 3313 Caelestinus
986 3269 1119 3325 papa
1138 3269 1258 3308 cum
1288 3254 1473 3322 primis
1500 3260 1553 3307 et
1574 3251 1863 3321 Gregorius
1890 3250 2106 3319 Magnus
2132 3250 2666 3307 honoriﬁcentissime
2686 3254 3060 3324 praedicarunt.

391 3350 561 3405 Nefas
587 3350 660 3402 sit
701 3349 804 3402 hoc
843 3348 959 3401 loco
999 3346 1268 3416 praeterire
1310 3342 1790 3399 Cbristianissimos
1821 3341 2146 3396 Francorum
2192 3343 2393 3412 Reges,
2440 3353 2806 3400 antecessores
2854 3355 3006 3412 tuos,
3046 3348 3270 3404 Maxime
3300 3350 3584 3418 Princeps,

308 3457 555 3511 quorum
584 3456 692 3494 non
722 3440 892 3507 impar
910 3437 1111 3493 exstitit
1144 3436 1202 3489 in
1229 3444 1431 3489 tantum
1473 3434 1646 3488 virum
1678 3432 2036 3488 observantia.
2083 3433 2210 3489 inde
2249 3442 2332 3487 est
2352 3475 2365 3498 ,
2405 3435 2546 3504 quod
2574 3451 2692 3489 eum
2719 3453 2908 3491 munus
2938 3440 3081 3509 regia
3120 3440 3395 3509 majestate
3440 3440 3577 3494 haud

310 3536 611 3604 indignum
642 3533 948 3602 exquireret
972 3529 1320 3599 Engelbertus
1342 3526 1679 3583 Corbeiensis
1699 3526 1876 3581 Abbas
1896 3566 1909 3591 ,
1942 3540 2048 3580 non
2070 3525 2211 3580 aliud
2241 3525 2509 3580 Ludovico
2526 3526 2652 3595 Regi
2679 3530 2846 3597 magis
2875 3542 3146 3599 acceptum
3168 3573 3184 3599 ,
3211 3547 3368 3601 quam
3398 3533 3587 3602 Augu-

308 3627 457 3682 stini
490 3627 558 3681 de
603 3624 855 3679 Doctrina
900 3622 1197 3678 Christiana
1229 3620 1392 3674 libros
1417 3619 1737 3673 existimavit
1767 3634 1779 3670 :
1812 3627 1864 3672 et
1892 3615 2111 3673 Carolus
2139 3618 2205 3685 V,
2233 3627 2585 3687 cognomento
2626 3619 2883 3689 Sapiens,
2918 3622 3079 3677 libros
3126 3624 3191 3678 de
3227 3624 3449 3679 Civilate
3494 3626 3586 3683 Dei

308 3717 522 3790 gallice
552 3714 795 3770 redditos
824 3712 1031 3781 sibique
1060 3717 1420 3778 nuncupatos,
1460 3708 1711 3777 singulari
1742 3706 2045 3777 dignatione
2072 3708 2380 3776 complexus
2406 3717 2505 3763 est.
2538 3708 2640 3765 Sed
2669 3711 2796 3765 illud
2838 3712 2889 3766 in
2928 3714 3113 3783 primis
3150 3715 3589 3783 memorandum,

310 3807 475 3878 quod
502 3806 676 3860 sancti
730 3803 972 3857 Doctoris
1016 3801 1297 3856 lectionem
1327 3815 1431 3853 non
1478 3798 1636 3853 modo
1683 3798 1941 3852 Rotberto
1983 3798 2094 3867 regi
2136 3798 2398 3853 Adalbero
2442 3799 2809 3856 Laudunensis
2852 3804 3129 3873 episcopus
3172 3805 3592 3869 commendavit;

308 3915 515 3954 verum
554 3898 720 3951 etiam
750 3896 804 3949 in
835 3893 1041 3948 deliciis
1064 3892 1247 3947 habuit
1268 3892 1359 3961 qui
1390 3905 1527 3945 unus
1556 3890 1904 3960 plurimorum
1934 3890 2101 3944 instar
2141 3905 2259 3945 esse
2288 3890 2473 3957 debet,
2501 3893 2723 3948 Carolus
2744 3910 2870 3949 vere
2898 3894 3131 3965 Magnus.
3160 3897 3208 3950 ls
3246 3897 3386 3952 enim
3411 3938 3426 3963 ,
3459 3908 3594 3955 teste.

310 3988 660 4059 Eginhardo,
689 3984 1027 4039 delectabatur
1080 3983 1221 4036 libris
1263 3982 1423 4037 sancti
1451 3981 1756 4052 Augustini,
1790 3981 2135 4050 praecipueque
2150 3982 2226 4035 his
2249 3982 2332 4050 qui
2353 3981 2417 4035 de
2439 3982 2645 4036 Civitate
2664 3982 2761 4037 Dei
2789 3986 3079 4053 prauitulati
3101 3997 3235 4040 sunt.
3268 3988 3594 4057 lutelligcbat

307 4082 532 4152 quippe
556 4076 978 4147 sapientissimus
1016 4075 1271 4142 Princeps
1294 4114 1309 4138 ,
1336 4072 1619 4142 Imperium
1659 4087 1778 4125 cum
1821 4070 2159 4135 Sacerdolio,
2189 4072 2511 4141 Majestatem
2554 4088 2675 4127 cum
2706 4074 3011 4144 Religione,
3053 4091 3174 4129 cum
3202 4092 3333 4147 pace
3358 4078 3589 4145 bellum,

312 4168 823 4239 magnanimitatem
862 4180 986 4219 eum
1027 4164 1420 4229 moderatione,
1452 4162 1597 4216 nullo
1636 4162 1823 4215 melius
1849 4169 1967 4230 post
1992 4161 2219 4215 Litteras
2256 4176 2433 4216 sacras
2460 4175 2678 4218 auctore
2703 4164 2969 4218 conciliari
3010 4180 3192 4233 posse,
3222 4182 3379 4234 quam
3410 4167 3590 4236 Augu-

316 4264 522 4317 stino:
554 4260 701 4329 cujus
729 4260 961 4314 lectione
1002 4266 1158 4327 atque
1188 4271 1314 4322 usu,
1356 4270 1475 4308 cum
1515 4254 1778 4323 privatas,
1812 4263 1922 4307 tum
1952 4254 2122 4324 regias
2147 4253 2396 4316 virtutes,
2437 4253 2775 4323 religionem,
2821 4254 3214 4321 fortitudinem,
3263 4256 3588 4325 prudentiam

319 4370 460 4408 cum
483 4352 601 4406 aliis
621 4352 853 4420 acquiri,
886 4358 978 4403 aut
1000 4358 1143 4403 certe
1167 4347 1346 4417 perﬁci
1371 4387 1386 4412 ,
1415 4346 1695 4414 ornarique
1723 4358 2032 4413 persuasum
2062 4344 2305 4399 habebat.

400 4444 514 4497 llas
532 4442 685 4496 dotes
706 4484 719 4503 ,
741 4441 972 4510 Regibus
1003 4448 1277 4506 tantopere
1301 4434 1646 4504 expetendas,
1673 4434 1765 4490 sed
1788 4444 1892 4488 tam
1921 4450 2042 4489 raro
2064 4435 2119 4491 in
2148 4451 2309 4489 unum
2326 4445 2599 4503 coeuntes,
2631 4436 2881 4507 singulari
2910 4437 3165 4493 beneﬁcio
3191 4439 3327 4493 Deus
3352 4439 3407 4493 in
3444 4449 3495 4494 te
3521 4440 3595 4493 sic

324 4534 603 4605 profudit,
638 4534 843 4603 Regum
865 4531 1091 4586 Maxime
1108 4570 1124 4595 ,
1154 4538 1212 4583 ut
1240 4544 1345 4583 non
1366 4528 1470 4581 alio
1499 4542 1655 4596 quam
1677 4527 1793 4596 ipso
1813 4526 1948 4581 duce
1968 4542 2031 4581 ac
2058 4536 2383 4597 praeceptore
2405 4527 2469 4581 ad
2494 4524 2758 4599 fastigium
2788 4528 3096 4601 perveneris
3123 4545 3303 4585 earum
3321 4530 3593 4594 virtutum,

335 4645 461 4699 quae
491 4629 705 4682 illustre
734 4624 908 4695 Magni
939 4630 1345 4693 cognomentum
1369 4619 1625 4689 Majestati
1655 4629 1755 4673 tute
1782 4629 2174 4688 compararunt.
2204 4619 2335 4673 Aliis
2360 4619 2606 4689 regibus,
2652 4620 2811 4675 etiam
2855 4622 2950 4685 iis,
2978 4636 3110 4689 quos
3139 4621 3336 4690 passim
3375 4622 3596 4691 prmccl-

326 4722 502 4775 lentes
530 4721 860 4783 existimaut,
886 4717 1014 4771 satis
1044 4715 1202 4770 fuerit
1229 4714 1463 4770 eminere
1493 4714 1543 4767 in
1569 4711 1807 4781 singulis,
1843 4710 2089 4765 nimirum
2114 4726 2233 4767 esse
2260 4719 2351 4766 aut
2371 4712 2667 4781 religiosos,
2697 4721 2788 4766 aut
2808 4711 3105 4779 bellicosos,
3137 4714 3595 4783 tranquillitatisve

330 4813 564 4883 publica:
590 4819 881 4865 amatores.
915 4808 971 4861 ln
1000 4815 1052 4861 te
1078 4821 1265 4860 omnes
1289 4806 1404 4858 ista:
1428 4804 1651 4857 virtutes
1691 4816 1810 4857 cum
1840 4803 1955 4856 aliis
1984 4803 2055 4857 ita
2080 4803 2433 4870 conveniunt,
2462 4812 2521 4857 ut
2546 4812 2596 4858 te
2625 4804 2908 4874 religione,
2934 4804 3134 4874 justitia
3154 4846 3170 4871 ,
3197 4805 3558 4861 moderatione
3580 4846 3596 4872 ,

330 4902 597 4969 sapientia
622 4941 637 4966 ,
667 4909 776 4954 tam
802 4899 959 4961 bello,
990 4912 1147 4966 quam
1180 4910 1305 4965 pace
1327 4892 1817 4964 praistantissimum
1844 4891 2091 4946 efﬁciant.
2118 4892 2263 4946 Multi
2291 4894 2585 4963 principum
2602 4892 2729 4947 dum
2756 4908 2945 4948 nomen
2976 4910 3133 4948 suum
3152 4896 3312 4949 armis
3326 4895 3599 4951 celebrare

331 4993 618 5057 ambiunt,
642 4990 999 5047 constituendi
1026 4988 1172 5058 regni
1216 4987 1470 5055 abjieiunt
1507 5000 1687 5039 curam
1708 5026 1722 5050 ,
1753 4986 1975 5053 aliisque
1997 4985 2331 5040 committunt
2354 5004 2367 5041 :
2397 4986 2632 5041 nonnulli
2660 4986 2815 5041 unius
2839 4988 2983 5058 pacis
3009 4989 3197 5043 studiis
3218 4988 3401 5042 intenti
3422 5028 3438 5055 ,
3468 5004 3583 5044 rem

330 5084 586 5139 bellicam
618 5085 837 5151 insuper
864 5082 1080 5135 habent.
1105 5080 1183 5134 Tu
1212 5079 1348 5131 inter
1368 5078 1511 5147 pacis
1531 5076 1703 5131 studia
1733 5075 1947 5131 bellicas
1966 5086 2106 5130 artes
2130 5077 2307 5131 animo
2331 5078 2515 5147 agitas,
2542 5086 2596 5133 et
2623 5078 2757 5133 inter
2775 5080 3070 5135 arridentes
3090 5080 3347 5134 bellorum
3372 5090 3594 5136 eventus

330 5191 525 5245 pacem
555 5175 857 5231 meditaris.
888 5173 990 5228 Sed
1011 5215 1026 5239 ,
1058 5172 1197 5241 quod
1232 5170 1557 5240 paucissimis
1582 5168 1813 5238 Regibus
1837 5169 2118 5237 contingit,
2142 5184 2261 5223 cum
2299 5170 2373 5224 sis
2403 5185 2531 5239 pace
2552 5185 2613 5225 ac
2642 5170 2779 5224 bello
2807 5172 3122 5225 exercitatus
3144 5213 3160 5237 ,
3183 5171 3324 5226 nulla
3355 5188 3587 5242 unquam

329 5269 487 5339 regni
520 5270 594 5323 tui
623 5268 929 5322 felicitatem
974 5264 1351 5319 interturbavit
1392 5261 1681 5317 adversitas
1710 5277 1722 5314 :
1754 5267 1813 5316 ut
1853 5274 2040 5315 omnes
2064 5260 2203 5316 ultro
2230 5270 2549 5331 agnoscant,
2594 5270 2645 5317 te
2672 5265 2893 5317 summis
2919 5262 3197 5318 virtutibus
3232 5264 3553 5319 cumulatum
3573 5303 3593 5333 ,

326 5360 671 5435 providentia
700 5360 908 5415 felicem
929 5373 1047 5413 esse
1064 5400 1078 5424 ,
1111 5358 1301 5427 ubique
1327 5356 1586 5425 Magnum.

405 5448 588 5515 Quam
632 5453 861 5519 primum
904 5448 1055 5519 regni
1081 5447 1304 5501 habenis
1327 5460 1540 5499 manum
1567 5443 1801 5499 admovit
1827 5442 2073 5513 Maiestas
2116 5452 2238 5511 tua,
2270 5443 2382 5499 Rex
2407 5444 2607 5515 optime
2630 5485 2645 5510 ,
2690 5442 2959 5513 religionis
2981 5452 3141 5513 caput
3167 5444 3507 5512 existimasti,
3540 5456 3599 5501 ut

325 5541 573 5610 teipsum
589 5547 813 5611 tuosque
835 5557 1073 5611 regeres,
1097 5553 1151 5597 et
1174 5541 1240 5596 de
1256 5537 1633 5608 componendis
1652 5537 1979 5592 subditorum
2003 5537 2259 5604 moribus,
2285 5552 2346 5592 ac
2361 5537 2634 5607 disciplina
2658 5535 2841 5591 sedulo
2856 5536 3137 5606 cogitares.
3159 5535 3293 5589 Hinc
3311 5550 3601 5606 Oppressus

328 5630 405 5683 ab
448 5629 826 5685 infensissimis
855 5632 1097 5686 hostibus
1116 5631 1444 5685 Christianos
1470 5627 1746 5682 submissis
1773 5627 1979 5682 auxiliis
2024 5629 2261 5683 relevare
2302 5642 2366 5681 ac
2390 5627 2543 5680 tutari
2584 5627 2819 5696 cmpisti;
2862 5635 2970 5680 tum
2997 5625 3062 5679 ad
3107 5625 3355 5680 Ecclesia:
3395 5626 3596 5682 exstiu~

325 5720 561 5790 guenda
592 5720 842 5787 discidia,
886 5721 1125 5791 ﬁnesque
1154 5720 1520 5797 propagandos
1547 5718 1831 5802 intendere-
1855 5720 2085 5774 animum
2113 5734 2126 5783 ;
2154 5718 2433 5791 abrogatas
2460 5734 2708 5775 revocare
2736 5719 2913 5787 leges,
2948 5732 3111 5771 novas
3149 5717 3381 5784 sancire;
3409 5717 3593 5779 faciles

593 5810 823 5875 Sum.
862 5814 1133 5873 AUGUST.
1180 5815 1218 5872 l.

1932 5902 1937 5903 ε
3010 5808 3229 5887 (ωτι)
