3994 6352
496 290 555 346 ες
1702 281 2030 339 EPISTULA
2070 276 2550 334 DEDICATORIA.
3711 283 3780 339 η

502 395 962 467 interpellantibus
991 394 1229 465 przcbcre
1260 392 1466 457 aditus,
1508 393 1595 463 jus
1626 407 1720 447 ore
1749 392 1970 462 proprio
1996 390 2209 455 dicere;
2259 403 2517 449 renovare
2542 397 2683 443 artes
2708 403 2770 444 ac
2797 390 3076 457 scientias;
3128 390 3284 447 bonis
3323 394 3573 463 prmmia,
3624 393 3777 454 malis

495 490 751 563 supplicia
776 504 1090 560 proponere.
1116 487 1227 543 Nec
1252 486 1541 554 iustabilia,
1561 486 1713 553 utfit,
1736 495 1827 539 aut
1842 484 1991 555 quasi
2011 492 2379 551 momentanea
2407 482 2616 537 fuerunt
2636 482 2806 536 edicta
2829 482 3005 553 legum
3027 493 3257 549 tuarum,
3275 486 3327 540 in
3348 486 3541 557 quibus
3561 488 3775 557 eadem,

497 602 619 657 quae
648 586 700 639 in
727 584 884 639 dictis
917 582 1301 653 promissisque
1332 580 1435 635 tuis
1455 623 1470 647 ,
1502 579 1797 635 constantia
1830 580 1971 647 viget
2010 590 2075 630 ac
2104 575 2308 646 religio.
2340 575 2564 643 Quantis
2589 575 2853 629 minarum
2884 577 3178 633 terroribus
3202 579 3329 633 olim
3359 588 3576 635 cautum
3604 589 3687 636 est
3721 582 3775 636 in

496 676 729 735 furiosos
757 691 821 733 ac
844 675 1230 747 perditissimos
1258 672 1501 727 homines
1524 713 1540 738 ,
1568 671 1657 742 qui
1688 669 1942 740 singulari
1967 666 2211 724 condicto
2235 668 2554 733 certamine,
2582 675 2818 721 mutuam
2842 666 2892 721 in
2920 668 3119 723 caedem
3146 670 3343 739 passim
3366 672 3631 728 ruebant?
3656 673 3765 728 Nec

497 787 674 830 tamen
702 780 1033 844 grassantem
1063 770 1238 825 labem
1264 767 1579 837 compressit
1604 767 1703 820 ista
1728 764 1905 835 legum
1934 762 2191 829 varietas,
2219 775 2353 831 quas
2380 758 2550 815 facilis
2577 761 2630 814 in
2657 774 2777 815 reos
2802 759 3129 832 indulgentia
3158 770 3215 817 et
3238 763 3503 834 pudendae
3524 766 3768 836 gloriola:

494 882 690 923 nomen
716 866 893 923 irritas
920 862 1229 919 reddebant.
1260 861 1316 915 ld
1343 866 1610 915 servatum
1642 866 1758 913 erat
1799 854 2111 911 constantia:
2148 859 2283 920 tute,
2310 852 2613 908 Justissime
2642 852 2933 924 Princeps,
2972 854 3061 924 qui
3089 852 3353 923 ejusmodi
3396 855 3773 927 gladiatoribus

496 955 970 1029 condignissimum
998 953 1311 1024 supplicium
1333 966 1453 1005 cum
1473 959 1672 1005 aeterna
1696 945 1927 1002 infamiae
1956 953 2083 1000 nota
2107 942 2452 999 inexorabilis
2478 942 2645 1014 inlligi
2669 943 2847 1013 jubes.
2880 944 2971 1000 Sic
3008 944 3279 1001 efﬁcacius
3297 962 3457 1018 quam
3482 948 3610 1004 olim
3634 949 3771 1005 Tra-

489 1052 650 1122 ianus
667 1092 681 1114 ,
711 1064 822 1119 qua:
840 1048 975 1102 mala
998 1046 1179 1100 adimis
1197 1088 1209 1109 ,
1232 1043 1477 1115 prospicis
1520 1057 1580 1094 ne
1618 1040 1810 1110 possint
1832 1054 1936 1093 esse
1963 1036 2213 1102 recidiva;
2234 1035 2310 1090 uti
2340 1042 2453 1106 (iure
2472 1037 2600 1091 bona
2626 1045 2866 1106 prwstas,
2893 1037 3043 1108 cﬂicis
3062 1054 3125 1092 ne
3151 1038 3344 1092 caduca
3373 1039 3492 1094 sint.
3524 1042 3593 1096 At
3612 1057 3772 1112 quam

492 1143 628 1197 scite
659 1141 711 1195 in
731 1139 945 1211 judiciis
973 1138 1076 1191 tuis
1105 1134 1398 1192 observasti
1425 1145 1638 1200 semper
1664 1128 1791 1185 illud
1814 1128 2259 1200 Augustinianum
2292 1141 2304 1181 :
2338 1125 2489 1180 Nihil
2510 1127 2600 1197 ﬁat
2624 1127 2941 1197 immaniter,
2971 1128 3102 1183 nihil
3128 1129 3506 1186 inhumaniter!
3532 1132 3771 1200 Namque

492 1235 567 1288 ita
596 1232 672 1288 rei
694 1231 933 1287 sentiunt
950 1227 1169 1299 justitia:
1196 1234 1298 1280 tua:
1323 1222 1639 1295 gravitatem
1658 1262 1674 1287 ,
1697 1228 1753 1274 ut
1782 1220 2122 1275 severitatem
2149 1218 2358 1273 causari
2390 1232 2498 1272 non
2528 1218 2733 1288 possint
2755 1258 2771 1279 .
2795 1230 2849 1274 et
2877 1218 2929 1274 in
2958 1219 3089 1289 ipsis
3116 1221 3275 1275 etiam
3304 1223 3578 1292 suppliciis
3602 1224 3772 1294 tequi-

493 1333 658 1380 tatem
684 1321 1129 1389 clementiamque
1169 1326 1312 1372 tuam
1339 1321 1645 1385 agnoscant.
1690 1312 1747 1366 In
1775 1310 1859 1366 his
1888 1309 2034 1380 pacis
2062 1310 2286 1377 studiis,
2334 1309 2449 1365 Rex
2478 1309 2932 1379 Prudentissime,
2972 1312 3110 1368 bella
3153 1315 3513 1383 prteveniebas
3552 1317 3771 1385 animo,

489 1416 787 1485 tacitusque
821 1427 932 1467 rem
959 1407 1214 1481 grandem
1241 1405 1435 1477 agebas
1453 1445 1469 1471 ,
1500 1411 1556 1457 ut
1584 1418 1651 1457 ne
1679 1402 1785 1456 alio
1805 1442 1822 1469 ,
1853 1416 2009 1471 quam
2041 1409 2092 1455 te
2120 1401 2440 1470 imperatore
2468 1409 2612 1455 esset
2637 1414 2801 1470 opus,
2828 1416 2950 1457 cum
2976 1402 3101 1458 belli
3131 1404 3425 1460 necessitas
3454 1405 3697 1463 instaret.

561 1507 678 1564 Jam
700 1504 1004 1562 accedimus
1027 1498 1236 1555 attoniti
1260 1496 1327 1552 ad
1357 1496 1447 1551 illa
1470 1493 1837 1560 memoranda,
1868 1492 2135 1562 inquibus
2152 1501 2310 1561 caput
2332 1491 2459 1546 illud
2485 1491 2579 1547 toti
2603 1490 2720 1547 orbi
2748 1493 3108 1548 venerandum
3130 1501 3211 1550 tot
3232 1495 3475 1566 objecisti
3497 1499 3769 1567 periculis,

489 1611 568 1657 tot
596 1599 739 1655 euris
764 1594 1058 1653 distraxisti
1087 1591 1320 1647 animum
1340 1629 1358 1658 ,
1395 1595 1473 1643 tot
1498 1586 1755 1657 prodigiis
1784 1593 2091 1655 stupentem
2130 1583 2418 1639 distiuuisti
2465 1583 2758 1653 Europam.
2803 1585 2872 1640 Et
2904 1584 2994 1640 illa
3021 1586 3136 1641 sola
3163 1588 3487 1659 cogitatione
3514 1588 3767 1660 assequi,

486 1692 686 1749 nedum
711 1688 950 1745 oratione
979 1684 1243 1755 explicare
1270 1681 1390 1751 quis
1431 1679 1707 1736 sufﬁciat?
1735 1677 1903 1734 Simul
1930 1686 1986 1732 ut
2007 1684 2130 1731 nata
2160 1686 2241 1731 est
2268 1676 2394 1733 belli
2419 1676 2631 1732 occasio
2652 1691 2716 1732 ac
2752 1678 2977 1734 materia
2996 1720 3011 1745 ,
3051 1688 3161 1734 tum
3198 1681 3428 1750 primum
3455 1682 3628 1737 amice
3654 1697 3767 1737 rem

489 1786 602 1855 agis
623 1826 638 1850 ,
668 1798 736 1838 ne
765 1781 957 1846 ferias;
986 1775 1227 1842 minaris,
1255 1781 1312 1827 ut
1335 1780 1573 1839 terrens;
1600 1780 1773 1828 terres
1794 1786 1858 1827 ac
1881 1784 2087 1837 mones,
2115 1784 2182 1825 ne
2202 1768 2386 1824 hostes
2407 1770 2695 1839 imparatos
2718 1769 2977 1827 invenias.
3011 1772 3145 1827 llinc
3167 1773 3410 1843 procedis
3434 1789 3554 1829 cum
3574 1775 3771 1846 insigni

485 1876 713 1931 militum
742 1873 953 1929 delectu
986 1889 999 1924 :
1029 1883 1151 1924 mox
1191 1864 1402 1923 decedit
1428 1863 1649 1919 Rhenus
1681 1861 1943 1931 Majestati
1971 1870 2105 1927 tum,
2132 1861 2243 1916 Rex
2273 1860 2622 1915 lnvictissime
2642 1901 2658 1925 ,
2687 1876 2841 1917 arces
2866 1871 3025 1933 atque
3050 1863 3210 1918 urbes
3230 1866 3601 1922 munitissimzc
3621 1884 3765 1938 prte-

483 1968 655 2022 sentia
680 1968 921 2033 famaque
952 1970 1037 2016 tua
1059 1958 1375 2015 exanimatae
1404 1955 1674 2012 turmatim
1702 1954 1921 2009 veniunt
1944 1954 1997 2008 in
2023 1951 2387 2013 deditionem;
2415 1965 2479 2006 ac
2499 1951 2714 2007 demum
2734 1952 3010 2023 coniurata
3035 1953 3088 2008 in
3120 1961 3174 2009 te
3202 1956 3408 2026 Europa
3439 1956 3552 2013 fere
3567 1962 3768 2026 omnis,

483 2057 661 2112 virtuti
690 2065 797 2111 tute
820 2050 1031 2110 nonnisi
1053 2049 1304 2105 victorias
1324 2047 1632 2119 palmasque
1655 2044 1969 2099 accumulat.
2002 2041 2146 2095 Inter
2180 2039 2318 2106 haec,
2345 2040 2741 2097 adversantium
2770 2042 2927 2109 dolis,
2957 2044 3239 2113 machinis,
3264 2048 3571 2119 viribmque
3597 2066 3768 2121 supc-

487 2151 653 2213 ratis,
680 2148 806 2203 dum
831 2144 924 2201 tibi
954 2144 1020 2200 ad
1055 2153 1236 2199 votum
1280 2139 1573 2197 succedunt
1601 2136 1779 2192 omnia
1801 2176 1814 2199 ,
1844 2135 1970 2189 dum
2003 2141 2200 2204 parata:
2247 2142 2369 2189 sunt
2393 2133 2463 2189 ad
2499 2134 2826 2191 deditionem
2868 2136 3087 2208 integra:
3126 2140 3448 2208 provincire;
3496 2150 3641 2197 tanta
3687 2153 3771 2197 est

487 2240 782 2297 moderatio
816 2247 905 2292 tua
925 2281 938 2300 ,
986 2245 1044 2291 ut
1081 2251 1145 2291 ex
1174 2231 1451 2303 Augustini
1482 2226 1770 2293 sententia,
1798 2225 2032 2297 glorioso
2060 2224 2201 2280 bello
2227 2239 2411 2294 pacem
2437 2225 2733 2281 modestam
2756 2226 3028 2296 praeferas.
3056 2228 3457 2285 Coufmderatos
3489 2231 3678 2289 hostes
3701 2234 3774 2289 de

488 2330 882 2388 conditionibus
911 2328 1270 2395 disceptantes
1297 2322 1364 2379 ad
1391 2318 1733 2377 concordiam
1758 2317 2015 2383 adducis;
2038 2326 2096 2373 et
2118 2318 2209 2390 qui
2231 2318 2356 2373 belli
2385 2316 2611 2373 dederas
2637 2318 2813 2389 leges,
2844 2319 2939 2375 das
2963 2320 3125 2375 etiam
3153 2323 3313 2391 pacis.

556 2425 686 2492 Quis
714 2424 768 2476 in
793 2419 983 2477 mediis
1025 2426 1104 2474 tot
1134 2425 1505 2484 tantarumque
1526 2410 1871 2467 victoriarum
1897 2410 2111 2479 tropmis
2136 2409 2283 2465 mille
2305 2409 2601 2479 triumphos
2627 2408 2897 2466 Ludovico
2931 2411 3120 2483 Magno
3149 2429 3404 2483 repensos
3440 2430 3546 2470 non
3572 2418 3770 2472 existi.

485 2517 635 2571 met?
664 2513 864 2569 Verum
890 2510 1045 2580 longe
1072 2508 1172 2563 alia
1202 2515 1283 2561 est
1304 2520 1456 2560 mens
1479 2511 1592 2569 tua,
1622 2503 1735 2558 Rex
1756 2501 1950 2572 ubique
1973 2501 2179 2570 Victor,
2207 2516 2368 2572 quam
2388 2500 2683 2571 priscorum
2712 2501 3091 2573 imperatorum
3110 2545 3125 2571 ,
3148 2506 3239 2576 qui
3270 2516 3550 2577 postquam
3576 2508 3773 2566 hostes

481 2609 647 2662 armis
670 2605 858 2661 leviter
884 2602 1205 2672 attigerant,
1248 2597 1535 2667 triumphis
1557 2638 1571 2663 ,
1605 2595 2104 2666 triumphorumque
2130 2595 2413 2665 impendiis
2435 2595 2675 2651 subditos
2704 2610 2829 2653 suos
2854 2596 3163 2669 fatigabant.
3211 2598 3499 2668 Majestatis
3526 2608 3635 2656 tua:
3662 2602 3769 2657 iter

479 2716 509 2754 a
549 2698 691 2755 bello
710 2738 727 2764 ,
774 2697 882 2751 imo
912 2710 943 2749 a
967 2692 1235 2758 victoriis,
1260 2690 1523 2761 placidum
1553 2704 1618 2744 ac
1642 2688 1972 2753 modestum,
2004 2686 2157 2757 quasi
2187 2687 2342 2757 plane
2369 2702 2398 2740 a
2425 2702 2559 2757 pace
2585 2688 2859 2745 redeuntis
2885 2707 2899 2744 :
2926 2698 2986 2745 ut
3023 2690 3091 2746 de
3118 2690 3349 2745 hostium
3398 2692 3674 2748 τετοοίωιε
3699 2709 3766 2750 ac

479 2789 727 2861 superbia
748 2828 763 2854 ,
795 2787 863 2842 de
889 2786 999 2857 ipsa
1028 2782 1419 2854 triumphorum
1445 2795 1661 2851 pompa,
1689 2794 1792 2836 non
1811 2778 1879 2835 de
1901 2779 2153 2849 patientia
2183 2778 2517 2834 subditorum
2545 2780 2873 2851 triumphare
2896 2781 3142 2837 videaris.
3168 2783 3278 2838 Hoc
3303 2784 3416 2838 solo
3433 2784 3767 2841 advertimus

478 2893 532 2939 te
561 2883 816 2937 victorem
836 2894 957 2935 esse
976 2919 992 2944 ,
1021 2877 1132 2933 Rex
1160 2874 1645 2937 Christianissime,
1688 2872 1830 2943 quod
1857 2872 1996 2926 inter
2036 2871 2243 2927 medios
2271 2872 2533 2929 bellorum
2578 2873 2932 2946 undequaque
2959 2874 3298 2930 frementium
3345 2876 3574 2946 impetus
3604 2890 3763 2934 tran-

479 2975 632 3046 quilli
657 2988 723 3030 ac
739 2971 913 3029 securi
936 2984 1157 3034 sumus;
1186 2978 1239 3023 et
1253 2966 1394 3038 quod
1410 2966 1646 3020 omnium
1671 2964 2029 3019 Ecclesiarum
2052 2962 2270 3019 festivos
2292 2971 2605 3029 concentus,
2637 2964 2845 3035 linguas
2864 2981 2928 3021 ac
2950 2980 3111 3022 voces
3126 2966 3471 3023 Saccrdotum
3499 2983 3767 3039 provocas

402 3114 405 3117 .
482 3070 551 3126 ad
578 3066 954 3126 celebrandum
980 3063 1074 3120 Dei
1104 3076 1303 3118 numen
1324 3101 1340 3127 ,
1364 3061 1450 3116 cui
1480 3057 1821 3121 victoriarum
1854 3068 2062 3113 tuarum
2090 3057 2313 3129 gloriam
2342 3066 2614 3128 acceptam
2642 3057 2831 3113 referri
2861 3059 3037 3129 iubes.

550 3161 873 3219 Mirabuntur
900 3156 1018 3213 sine
1042 3155 1213 3213 dubio.
1234 3153 1466 3224 posteri,
1506 3152 1619 3206 Rex
1650 3151 1902 3215 maxime,
1934 3159 2132 3205 tantam
2162 3149 2463 3206 felicitatem
2495 3166 2617 3207 cum
2643 3167 2705 3207 ea
2737 3152 3101 3208 moderatione
3125 3154 3460 3224 coniunctam
3479 3197 3492 3219 ,
3525 3164 3585 3212 ut
3614 3157 3765 3213 nulla

478 3269 711 3327 unquam
740 3251 1055 3321 cujusquam
1082 3244 1346 3302 incondita
1368 3242 1569 3315 locutio
1596 3251 1687 3296 aut
1709 3241 1871 3303 actio,
1900 3241 2225 3311 impatientis
2251 3241 2414 3295 animi
2440 3250 2645 3296 motum
2664 3254 2695 3296 a
2722 3251 2776 3297 te
2803 3246 3118 3299 excusserit.
3145 3244 3474 3301 Mirabuntur
3498 3248 3771 3317 profecto,

477 3357 532 3411 et
562 3354 718 3400 tanta:
747 3339 1114 3413 prosperitatis
1138 3336 1374 3392 rationes
1401 3350 1433 3389 a
1474 3333 1629 3389 nobis
1658 3332 1893 3402 exigent.
1922 3332 2013 3398 At,
2045 3331 2091 3386 si
2122 3332 2363 3387 Ausonio
2387 3332 2680 3398 credimus,
2709 3334 2955 3388 rationem
2992 3336 3245 3404 felicitatis
3273 3354 3419 3392 nemo
3443 3338 3625 3391 reddit.
3657 3339 3773 3394 lmo

477 3452 606 3492 vero
632 3432 784 3489 facile
812 3438 897 3488 est
930 3428 1175 3492 reddere,
1203 3426 1250 3481 si
1276 3441 1382 3480 non
1412 3424 1479 3479 de
1503 3424 1729 3479 aliorum
1758 3421 2081 3492 principum,
2110 3430 2258 3477 certe
2284 3422 2352 3477 de
2382 3430 2491 3488 tua,
2522 3422 2964 3479 Fortunatissime
3000 3425 3275 3495 Princeps,
3304 3426 3573 3491 felicitate,
3606 3444 3771 3498 quam

479 3545 583 3583 non
615 3525 798 3581 incerti
828 3535 986 3578 casus
1010 3532 1295 3588 rerumque
1319 3523 1564 3581 eventus,
1588 3529 1694 3570 non
1721 3529 1862 3570 cteca
1896 3514 2104 3569 fortuna
2127 3514 2298 3585 regit;
2326 3513 2421 3569 sed
2445 3514 2741 3570 certissima
2770 3524 2827 3570 et
2854 3515 3165 3572 inconcussa
3189 3518 3342 3571 ratio.
3368 3517 3422 3574 Si
3449 3519 3774 3589 religionem

481 3630 623 3677 tuam
655 3613 1013 3678 consulimus,
1044 3610 1184 3666 hanc
1225 3608 1529 3675 felicitatem
1561 3614 1726 3661 totam
1763 3605 2015 3665 refundcs
2050 3609 2107 3660 in
2155 3605 2478 3676 singularem
2517 3606 2612 3663 Dei
2648 3608 3064 3677 providentiam,
3106 3624 3137 3664 e
3172 3609 3325 3678 cujus
3363 3619 3493 3664 nutu
3533 3612 3774 3681 pendent

482 3713 698 3783 imperia
720 3752 735 3775 ,
784 3706 1268 3778 impcrantiumque
1306 3702 1560 3759 conditio.
1590 3700 1647 3757 Si
1678 3700 2064 3771 Augustinum,
2102 3713 2222 3754 eam
2261 3698 2457 3754 tribuet
2497 3698 2659 3754 etiam
2684 3699 2905 3770 justitite
2948 3710 3086 3755 tum:
3114 3701 3308 3772 quippe
3333 3702 3420 3771 qui
3445 3702 3775 3763 christianos

478 3809 827 3878 imperatores
857 3804 957 3858 hoc
986 3800 1201 3856 nomine
1235 3798 1413 3854 felices
1438 3796 1602 3862 dicit,
1632 3796 1677 3850 si
1704 3796 1842 3866 juste
1873 3794 2149 3862 imperant,
2180 3793 2223 3847 si
2246 3807 2392 3846 suam
2416 3800 2712 3862 potestatem
2738 3792 2807 3845 ad
2840 3791 2934 3847 Dei
2970 3794 3164 3847 cultum
3200 3794 3419 3847 niaxime
3441 3794 3774 3852 dilatandam

478 3898 729 3973 majestati
749 3898 858 3967 ejus
886 3894 1129 3964 fantulam
1151 3890 1362 3961 faciunt.
1395 3888 1634 3957 Denique
1655 3887 1698 3941 si
1728 3901 1827 3942 nos
1853 3886 1999 3957 ipsos
2024 3885 2435 3955 interrogamus,
2468 3883 2606 3939 hanc
2629 3884 2933 3941 felicitatem
2966 3886 3184 3955 insuper
3212 3887 3538 3941 ascribemus
3563 3889 3773 3944 incom-

481 3990 709 4064 parabili
734 3988 891 4060 geuio
918 3986 1129 4042 cmlitus
1154 3983 1246 4038 tibi
1273 3995 1531 4037 concesso
1555 3998 1567 4034 :
1600 3979 1753 4049 cujus
1787 3993 1848 4033 ea
1882 3978 1965 4033 vis
1991 3986 2073 4032 est
2104 3990 2168 4031 ac
2196 3975 2523 4046 magnitudo,
2554 3987 2611 4031 ut
2642 3977 2924 4033 dubiorum
2953 3988 3234 4033 eventuum
3262 3995 3451 4035 causas
3472 3980 3673 4053 dirigas
3703 3983 3775 4038 ad

480 4084 802 4140 destinatum
833 4080 991 4139 finem
1014 4116 1031 4141 ,
1065 4077 1312 4145 ipsosque
1337 4078 1558 4127 eventus
1589 4084 1929 4141 prreoccupes
1948 4112 1963 4136 ,
1991 4077 2047 4123 et
2088 4068 2381 4123 incursuris
2405 4068 2645 4124 obicibus
2673 4068 2874 4123 aditum
2913 4070 3228 4140 prmeludas.
3267 4072 3390 4127 llaec
3415 4082 3498 4128 est
3518 4075 3631 4141 vis,
3664 4092 3771 4145 qua

480 4194 568 4233 res
586 4190 721 4246 pene
746 4171 1000 4237 infinitas,
1030 4168 1186 4238 longe
1211 4164 1497 4221 dissimiles
1524 4178 1588 4219 ac
1614 4162 1908 4227 intricatas,
1938 4161 2057 4216 sine
2076 4159 2342 4225 molestia,
2375 4160 2524 4230 quasi
2552 4160 2778 4227 otiosus,
2805 4162 2988 4217 animo
3015 4164 3407 4233 complecteris.
3442 4166 3550 4220 Hac
3575 4171 3771 4223 merita

478 4266 738 4326 discernis
765 4262 1129 4336 prmstantium
1156 4261 1409 4324 virorum,
1433 4273 1568 4328 quos
1593 4257 1819 4328 publicis
1838 4256 2000 4312 rebus
2021 4265 2167 4311 tanto
2189 4271 2310 4311 cum
2335 4256 2544 4312 delectu
2568 4260 2815 4328 praeficis.
2850 4260 2959 4315 Hac
2985 4261 3112 4317 ades
3136 4263 3293 4317 etiam
3324 4263 3455 4317 locis
3489 4263 3769 4329 omnibus,

478 4375 531 4419 et
560 4360 711 4416 factis
736 4359 991 4414 omnium.
1022 4355 1098 4408 Tu
1123 4354 1277 4409 simul
1303 4352 1474 4406 omnia
1499 4351 1797 4423 perfundis;
1826 4358 1879 4403 ut
1913 4348 2028 4417 Sol,
2060 4365 2161 4403 non
2195 4358 2338 4419 parte
2365 4350 2564 4421 aliqua,
2594 4352 2682 4405 sed
2706 4354 2875 4406 statim
2908 4363 3070 4421 totus,
3104 4371 3194 4409 nec
3218 4356 3308 4409 uni
3337 4366 3423 4409 aut
3457 4356 3606 4409 alteri
3624 4398 3639 4423 ,
3680 4360 3773 4411 sed

480 4452 714 4508 omnibus
746 4450 800 4503 in
834 4462 1097 4503 commune
1133 4444 1409 4517 profertur.
1442 4440 1570 4497 inde
1608 4440 1905 4513 procedunt
1929 4440 2226 4494 rectissima
2254 4439 2323 4494 de
2360 4439 2521 4495 rebus
2550 4443 2799 4496 omnibus
2827 4444 2989 4497 animi
3018 4446 3090 4498 tui
3126 4445 3353 4515 judicia,
3388 4446 3474 4501 illa
3508 4447 3623 4501 oris
3649 4463 3769 4501 ma-

472 4546 664 4615 jestas,
691 4553 880 4614 graves
908 4538 1012 4593 illm
1040 4535 1337 4602 sententim,
1369 4532 1509 4587 dicta
1532 4531 1623 4586 illa
1654 4545 1925 4601 nunquam
1957 4544 2063 4585 non
2090 4530 2156 4586 ad
2187 4536 2350 4585 rectae
2374 4532 2596 4585 rationis
2626 4532 2805 4586 limam
2834 4548 2897 4588 ex
2925 4543 3165 4605 tempore
3204 4537 3440 4606 prolata,
3468 4537 3650 4607 qualia
3681 4538 3772 4593 vix

475 4643 794 4706 assequatur
812 4631 1107 4702 sapientum
1133 4626 1383 4682 meditata
1414 4622 1604 4679 oratio.

553 4728 753 4786 Verum
785 4725 911 4782 illud
936 4723 1204 4780 cumulum
1234 4719 1381 4773 addit
1405 4715 1640 4771 felicitati
1674 4723 1777 4768 ture
1805 4728 1869 4767 ac
1903 4720 2121 4781 nostrai,
2152 4713 2265 4769 Rex
2291 4714 2707 4783 Augustissime,
2737 4714 2877 4785 quod
2907 4716 3096 4772 Natum
3139 4719 3383 4773 instituas
3403 4720 3637 4775 similem
3671 4722 3769 4776 tui.

477 4822 635 4890 Quod
662 4821 821 4876 talem
849 4815 1130 4889 geuueris,
1171 4823 1372 4867 naturae
1400 4818 1518 4865 est:
1549 4806 1697 4877 quod
1720 4804 1949 4859 similem
1985 4804 2062 4857 tui
2089 4803 2322 4871 efficias,
2361 4806 2636 4875 sapientire
2665 4814 2785 4861 tuae.
2822 4806 2952 4861 Nam
2995 4808 3405 4865 Serenissimum
3444 4810 3775 4881 Delphinum

480 4930 582 4969 non
616 4923 819 4969 tantum
853 4908 1079 4965 assiduis
1104 4905 1574 4961 selectissimorum
1602 4897 1851 4951 Virorum
1880 4895 2189 4966 prccceptis,
2224 4896 2317 4951 sed
2362 4896 2591 4950 maxime
2627 4899 2859 4967 palemis
2897 4899 3112 4955 monitis
3138 4902 3504 4972 exemplisque
3529 4902 3599 4957 ad
3629 4902 3774 4959 bene

481 5005 807 5076 regnandum
840 5002 1129 5066 informas;
1161 5009 1217 5054 et
1240 4991 1675 5054 reviviscentibus
1702 4991 1755 5044 in
1792 4999 1844 5045 te
1877 5004 1984 5044 uno
2025 4988 2263 5044 omnium
2304 4988 2522 5044 heroum
2558 4991 2814 5058 praeclare
2842 4990 2992 5046 factis
3018 4992 3193 5062 palam
3230 4992 3602 5059 demonstras,
3636 4994 3773 5049 nihil

483 5098 651 5169 magis
676 5097 966 5167 gloriosum
994 5093 1301 5162 contingere
1324 5101 1479 5158 posse
1506 5081 1756 5139 Ludovici
1782 5082 1953 5154 Magni
1979 5081 2111 5148 filio,
2134 5095 2295 5152 quam
2318 5082 2521 5152 parenti
2542 5097 2746 5138 morem
2765 5098 2971 5154 gerere,
2993 5092 3047 5141 et
3067 5099 3223 5155 quam
3246 5084 3486 5155 proxime
3506 5087 3776 5143 accedere

479 5189 752 5246 imitando.

551 5282 828 5337 Postremo
856 5276 1061 5346 imperii
1090 5274 1164 5329 tui
1197 5271 1449 5334 felicitati,
1480 5269 1591 5323 Rex
1618 5267 1865 5333 Pacifico,
1892 5265 2229 5329 ascribimus,
2259 5264 2400 5335 quod
2428 5266 2594 5319 sancti
2627 5267 2901 5335 Augustini
2932 5268 3182 5337 cperibus
3208 5267 3582 5338 emendandis,
3613 5272 3773 5327 resti-

480 5371 712 5437 tuendis,
741 5366 1065 5425 illustrandis
1091 5364 1393 5419 incumbere
1423 5360 1574 5415 nobis
1604 5362 1744 5415 licet.
1772 5359 1979 5426 Quietis
2010 5359 2124 5413 haec
2148 5374 2243 5428 per
2269 5367 2321 5411 te
2350 5357 2536 5411 mediis
2563 5358 2616 5411 in
2645 5358 2799 5413 bellis
2823 5368 2987 5428 parta:
3015 5362 3121 5414 otia
3149 5376 3212 5414 ac
3239 5365 3450 5432 negotia
3480 5372 3628 5418 sunt.
3659 5362 3769 5421 Ne-

482 5481 587 5536 que
617 5464 758 5520 enim
790 5464 928 5516 inter
973 5471 1242 5512 armorum
1280 5454 1533 5524 strepitus
1566 5467 1793 5523 operosa
1831 5452 1947 5506 hme
1977 5450 2151 5504 studia
2182 5459 2354 5507 terere
2392 5459 2634 5516 vacaret,
2666 5460 2757 5505 aut
2782 5467 2907 5505 vero
2933 5452 3337 5509 reflorescereut
3379 5462 3523 5509 artes
3551 5470 3769 5523 omnes,

486 5555 589 5611 nisi
614 5554 714 5609 sub
744 5562 832 5608 tuo
860 5550 1159 5621 principatu
1188 5561 1306 5602 esse
1335 5546 1463 5601 tutis
1498 5544 1702 5599 liceret.
1733 5543 1882 5598 Nunc
1909 5552 2084 5596 autem
2112 5542 2239 5612 quid
2268 5559 2371 5596 non
2401 5543 2714 5613 Augustino,
2746 5543 2869 5613 quid
2900 5558 3005 5598 non
3032 5544 3183 5599 bonis
3218 5545 3406 5601 litteris
3427 5588 3439 5610 ,
3489 5548 3618 5615 quid
3660 5564 3768 5601 non

484 5644 734 5700 omnibus
757 5643 825 5698 de
860 5639 1129 5697 communi
1160 5653 1289 5708 pace
1315 5636 1676 5708 sperandum?
1704 5634 1869 5690 Nobis
1907 5649 2069 5688 unum
2108 5644 2351 5703 superest
2386 5634 2713 5702 simplexque
2740 5643 2951 5698 votum;
2990 5636 3236 5689 nimirum
3268 5646 3325 5689 ut
3354 5638 3492 5691 Deus
3520 5635 3770 5707 Optimus

487 5734 1035 5793 Maximusieootiuuis
1061 5746 1239 5787 rerum
1268 5729 1615 5787 secundarum
1642 5726 1996 5792 successibus,
2026 5738 2157 5796 quos
2182 5725 2332 5781 beata
2360 5724 2573 5782 demum
2604 5722 2813 5781 clauda
2844 5725 3235 5795 immortalitas,
3264 5728 3591 5797 Majcstatem
3624 5739 3771 5783 tuam
