3994 6352
224 302 288 359 ,3
1478 286 1844 346 ranarum
1880 287 2280 352 GENERALIS.
3449 298 3514 353 ιι

223 394 533 471 diutissime
555 412 828 469 fortunam
855 417 1059 482 pergat.
1089 407 1306 465 Interim
1338 416 1423 463 tua
1452 382 1690 463 bonitate
1712 407 1921 475 conﬁsi,
1952 406 2130 479 Regia:
2159 408 2335 463 tutelae
2361 408 2685 478 praesidium,
2716 410 2857 481 quod
2880 408 2989 481 jam
3016 408 3138 465 inde
3157 409 3225 466 ab
3250 410 3401 467 initio
3423 427 3511 469 rc-

221 507 303 583 gni
332 508 413 563 tui
438 507 611 563 toties
641 505 847 577 experti
873 519 1081 571 sumus,
1110 503 1163 557 in
1191 511 1465 574 posterum
1486 501 1651 558 etiam
1682 500 1834 557 nobis
1872 500 2104 572 impendi
2129 501 2323 557 obnixe
2350 502 2700 572 postulamus,
2733 504 2845 559 Rex
2875 503 3320 572 Clementissimo,
3351 506 3507 578 quid-

223 600 339 674 quid
363 590 599 675 perinde
627 600 998 667 habuerimus,
1020 596 1273 669 quidquid
1300 596 1400 666 ipsi
1428 595 1703 663 fuerimus,
1732 603 1882 651 tuum
1908 596 1960 653 id
1982 610 2143 654 omne
2168 598 2483 669 reputaturi.

860 734 1051 792 Sacra:
1076 732 1340 804 Majestati
1370 741 1475 789 tua:

2388 830 2726 887 Devotissimi
2745 848 2809 888 ac
2840 833 3131 891 ﬁdelissimi

2503 923 2727 979 clientes
2752 933 2807 980 et
2831 925 3052 994 subditi,

645 1024 676 1083 ᾳ
701 1009 987 1083 pomerio
1001 1008 1288 1083 μίξει-εωθιή
1311 1020 1339 1058 a
1366 1008 1532 1070 Pratis,
3292 1070 3295 1075 ⁴

590 1069 683 1124 cal.
700 1072 925 1135 januarii,
950 1069 1186 1121 an.1679.
1520 1069 1523 1070 ’
3292 1070 3295 1075 ⁴

1981 1131 2285 1189 MONACHI
2320 1134 2745 1194 BENEDIC'I‘lNl
2783 1140 3032 1196 CONGR.
3072 1141 3131 1198 S.
3170 1142 3404 1200 MAUlll.

679 1273 2374 1290 m—'
1740 1273 2539 1290 -'——w
2546 1278 2647 1286 ἢ
2660 1279 3176 1290 -———-———————_
3195 1282 3328 1290 ——

2177 1274 2537 1286 C———-—————

679 1273 1043 1282 ______

1046 1282 3484 1335 mauu—qna

1043 1308 1083 1326 κ

1415 1410 1533 1483 ΙΝ
1584 1411 2315 1487 NOVISSIMAM

752 1581 913 1728 s.
984 1538 2084 1730 AUGUSTINI
2156 1583 3009 1734 ()PERUM

1545 1794 2208 1909 EDITIONEM

1176 1973 1814 2153 aﬂmfatio
1881 1977 2551 2144 generalis.

292 2331 425 2387 Cum
467 2332 703 2403 primum
729 2333 1166 2407 Congregatiouis
1190 2342 1388 2390 nostra:
1412 2334 1685 2406 Przrpositi
1711 2333 1903 2388 fratres
1928 2340 2141 2388 nostros
2164 2334 2232 2389 ad
2255 2335 2429 2389 studia
2458 2336 2755 2393 litterarum
2776 2339 3051 2410 applicare
3077 2356 3417 2416 censuerunt,
3444 2364 3508 2404 ea

226 2422 559 2491 potissimum
588 2425 658 2479 ab
693 2426 771 2481 eis
797 2425 1005 2481 delecta
1048 2434 1172 2480 sunt
1197 2425 1405 2492 studia,
1437 2440 1556 2495 qum
1597 2424 1713 2495 plus
1742 2422 1986 2478 utilitatis
2016 2439 2125 2493 pra:
2157 2438 2216 2479 se
2249 2423 2483 2491 ferrent,
2525 2443 2683 2496 quam
2719 2431 3116 2499 ostentationis;
3145 2443 3201 2489 et
3232 2451 3352 2506 quat
3376 2440 3508 2495 reli-

221 2513 375 2580 giosa:
396 2514 680 2570 solitudini
709 2524 765 2571 ct
786 2516 1179 2599 conversationi
1212 2517 1381 2586 magis
1404 2514 1772 2571 convenirent.
1806 2515 1866 2570 ln
1893 2530 1959 2569 eo
1983 2529 2183 2585 genere
2218 2516 2351 2571 nihil
2390 2518 2564 2588 aptius
2592 2526 2684 2572 aut
2714 2523 3062 2590 opportunius
3086 2525 3164 2580 eis
3192 2528 3365 2583 visum
3395 2543 3508 2599 est,

225 2621 368 2671 quam
397 2607 701 2678 recognitio
727 2618 786 2664 et
810 2592 972 2664 editio
1001 2623 1142 2663 nova
1168 2615 1477 2663 sanctorum
1500 2608 1737 2674 Patrum,
1768 2622 1890 2662 cum
1913 2607 2251 2673 Latinorum,
2280 2615 2395 2663 tum
2425 2608 2733 2666 Grmcorum
2759 2630 2771 2666 :
2806 2623 3086 2684 prepterea
3116 2618 3256 2688 quod
3282 2630 3336 2675 ct
3356 2592 3511 2677 exeo;

224 2698 393 2751 citatio
418 2698 539 2768 ipsa
569 2714 667 2769 per
699 2714 821 2756 sese
849 2699 1081 2756 maxime
1103 2700 1429 2755 conduceret
1452 2699 1521 2754 ad
1560 2698 1845 2755 lectitanda
1869 2706 1927 2755 et
1964 2698 2268 2755 meditanda
2296 2715 2483 2756 eorum
2508 2702 2725 2771 scripta,
2768 2704 2819 2758 in
2848 2705 3040 2775 quibus
3068 2723 3193 2764 vera
3228 2710 3510 2769 et-sineera

224 2789 472 2846 Ecclesiae
499 2790 749 2847 doctrina
772 2807 836 2849 ac
865 2792 1340 2863 pietasconsistit;
1366 2801 1424 2847 et
1450 2807 1554 2847 non
1576 2806 1748 2863 pauca
1774 2791 1933 2847 nobis
1958 2790 2263 2860 adjumenta
2294 2801 2640 2862 suppeterent
2658 2794 2725 2849 ad
2754 2794 2805 2850 id
2833 2799 3009 2866 operis
3036 2800 3432 2870 suscipiendum
3454 2816 3510 2859 et

223 2882 646 2951 exsequendum.
677 2884 854 2954 Atque
885 2892 946 2939 ut
967 2884 1281 2954 quibusdam
1308 2882 1471 2939 veluti
1497 2882 1745 2953 gradibus
1768 2882 1836 2939 ad
1866 2882 2007 2939 hunc
2034 2882 2292 2945 laborem.
2323 2884 2490 2954 magis
2513 2885 2741 2941 arduum
2767 2898 2913 2945 certe
2943 2904 3008 2947 ac
3031 2891 3321 2959 difﬁcilem,
3347 2908 3517 2965 quam

226 2973 577 3043 splendidum,
612 2976 807 3033 fratres
826 2976 996 3033 nostri
1023 2976 1196 3032 idonei
1225 2987 1279 3032 et
1304 2976 1478 3047 parati
1507 2975 1704 3031 sensim
1729 2975 2099 3041 redderentur,
2127 2991 2157 3030 a
2186 2975 2502 3046 quibusdam
2529 2977 2690 3034 veluti
2718 2980 3033 3039 rudimentis
3062 2984 3267 3043 initium
3286 2986 3510 3043 ductum

226 3075 318 3131 est,
354 3067 565 3123 scilicet
589 3068 660 3123 ab
682 3068 917 3125 editione
941 3069 1262 3125 selectorum
1288 3068 1675 3138 Opusculorum
1701 3078 2004 3124 sanctorum
2036 3067 2284 3132 Patrum;
2314 3066 2438 3124 dein
2462 3068 2532 3124 ah
2561 3068 2779 3141 integris
2815 3074 3027 3144 scriptis
3051 3075 3301 3145 aliorum,
3333 3079 3508 3137 donec

229 3157 433 3213 tandem
456 3159 528 3214 ad
556 3175 723 3231 Opera
751 3160 1073 3216 sanctissimi
1093 3160 1334 3216 doctoris
1358 3160 1637 3231 Augustini
1666 3168 1879 3215 ventum
1906 3167 2027 3215 est:
2060 3158 2255 3230 quibus
2282 3159 2632 3218 emendandis
2660 3172 2715 3218 et
2739 3168 3181 3235 recognoscendis
3210 3178 3267 3233 ut
3290 3186 3509 3242 operam

228 3247 676 3319 impendercmus,
702 3250 853 3305 multi
881 3250 1130 3305 Ecclesia:
1158 3250 1501 3305 illustrissimi
1520 3250 1796 3320 praesules,
1829 3264 2039 3305 necnon
2062 3250 2225 3304 etiam
2251 3258 2392 3320 togae
2420 3250 2685 3322 principes
2711 3254 2811 3309 viri
2832 3267 3079 3314 auctores
3102 3260 3258 3318 nobis
3278 3264 3511 3320 etiusti-

226 3353 426 3413 gatores
446 3344 629 3402 fuere.
660 3346 703 3400 Ε
732 3345 916 3415 primis
946 3343 1042 3399 fuit
1063 3344 1454 3399 illustrissimus
1480 3342 1789 3397 liranciscus
1817 3341 2057 3397 llarlzeus
2088 3342 2414 3398 Parisiorum
2441 3361 2609 3415 nuper
2634 3347 3003 3418 arehiprmsul,
3034 3353 3123 3423 qui
3152 3352 3305 3424 hujus
3331 3357 3511 3427 operis

229 3446 501 3508 patronum
529 3447 586 3495 ct
625 3437 887 3493 fautorem
928 3452 1143 3506 semper
1176 3450 1235 3491 se
1273 3435 1557 3505 prmstilit:
1590 3450 1622 3489 e
1648 3434 1895 3490 secundis
1934 3434 2250 3492 Guillelmus
2280 3435 2571 3493 Lamonius
2617 3438 2844 3496 Senatus
2884 3442 3203 3503 Parisiensis
3243 3447 3509 3518 quondam

227 3530 492 3601 princeps,
521 3530 638 3601 qui.
672 3544 769 3600 pro
796 3544 890 3585 sua
911 3528 964 3583 in
994 3528 1196 3584 litteras
1219 3527 1585 3596 litteratosque
1615 3526 2003 3585 benevolentia.
2024 3527 2453 3598 typographieam
2478 3530 2631 3586 nobis
2646 3530 2991 3588 domesticam
3014 3535 3282 3592 ofﬁcinam
3301 3554 3335 3592 a
3366 3540 3512 3612 Rege

224 3623 510 3692 impetrare
537 3634 593 3677 et
617 3636 904 3693 procurare
928 3620 1114 3683 voluit,
1146 3630 1204 3675 ιιι
1229 3620 1344 3675 hare
1371 3618 1535 3674 editio
1556 3618 1610 3673 in
1633 3617 1847 3688 privatis
1872 3617 2075 3673 aedibus
2096 3618 2428 3674 commodius
2452 3629 2507 3674 et
2527 3619 2734 3676 facilius
2761 3634 3149 3692 procuraretur.
3179 3626 3376 3683 Verum
3403 3633 3502 3686 hac

228 3713 556 3779 conditione,
598 3712 937 3782 quantumvis
961 3711 1012 3766 in
1042 3710 1278 3780 speciem
1300 3718 1625 3779 opportuna,
1654 3708 1723 3764 ob
1754 3708 1923 3763 varias
1950 3722 2158 3774 causas,
2187 3724 2319 3778 quas
2352 3724 2776 3769 commemorare
2803 3714 2932 3769 nihil
2969 3716 3138 3783 juvat,
3166 3719 3506 3778 miuimead-

227 3808 402 3874 missa,
431 3807 627 3862 institit
650 3805 994 3861 nihilominus
1023 3804 1232 3859 l‘rmscs
1263 3802 1684 3866 illustrissimus,
1720 3801 1959 3857 institere
1983 3810 2036 3856 et
2063 3801 2152 3856 alii
2191 3818 2350 3873 quam
2387 3803 2563 3873 plures
2586 3805 2917 3863 diversorum
2945 3808 3201 3867 Ordinum
3228 3816 3479 3884 spectatis

231 3900 346 3954 simi
364 3900 487 3965 viri,
518 3908 578 3953 ut
599 3908 759 3953 tanta:
784 3897 940 3954 mohs
970 3910 1104 3966 opus
1133 3895 1312 3951 subire
1334 3909 1401 3950 uc
1424 3893 1805 3963 refugeremus.
3034 3960 3038 3965 '

309 3993 403 4048 llis
426 3992 786 4065 incitamentis
812 3990 1065 4047 commoti
1105 3988 1423 4058 Superiores
1454 3988 1662 4053 nostri,
1691 3988 1776 4041 vix
1817 3996 1993 4043 tamen
2028 3989 2095 4043 ad
2133 3997 2341 4043 vastum
2386 3990 2533 4044 illum
2574 3991 2812 4048 laborem
2845 3994 3177 4051 subeundum
3199 4041 3213 4065 ,
3261 4008 3318 4054 ut
3360 4014 3513 4058 erant

244 4087 593 4155 perspimees,
622 4084 813 4140 adduci
852 4093 1108 4154 potuere;
1139 4092 1237 4135 rati
1258 4122 1272 4143 ,
1316 4080 1365 4135 id
1397 4078 1535 4150 quod
1573 4079 1752 4133 docuit
1790 4088 2041 4146 eventus,
2068 4095 2182 4134 rem
2213 4096 2332 4135 esse
2360 4081 2489 4136 alea:
2514 4098 2577 4136 ac
2611 4082 2939 4140 difficultatis
2965 4086 3208 4156 plenam,
3248 4092 3432 4161 cujus,
3465 4097 3510 4149 si

234 4180 417 4233 minus
444 4194 505 4233 ea
531 4177 858 4243 succederet,
892 4176 1100 4231 incauta
1124 4184 1177 4229 et
1204 4172 1513 4244 unpradens
1540 4172 1744 4227 molitio
1770 4171 1921 4226 nobis
1948 4172 2142 4241 probro
2169 4181 2433 4238 verteret;
2464 4174 2509 4227 si
2536 4174 2695 4240 bene,
2727 4176 2921 4231 invidia
2944 4176 3083 4235 forte
3104 4180 3159 4235 in
3189 4198 3286 4236 nos
3310 4184 3513 4240 redun-
3588 4248 3595 4251 μ

234 4271 403 4326 daret.
434 4269 633 4326 Deinde
664 4268 1003 4325 temerarium
1048 4264 1347 4333 videbatur,
1388 4262 1681 4331 secundum
1722 4262 2082 4317 Lovauienses
2116 4261 2415 4334 Theologos
2440 4263 2808 4333 doctissimos,
2840 4267 2909 4322 de
2944 4270 3256 4340 Augustino,
3299 4283 3515 4345 totaque

242 4362 508 4433 republica
528 4361 821 4416 christiana
840 4358 1042 4429 optime
1062 4356 1303 4420 meritos,
1330 4370 1520 4412 novam
1542 4354 1710 4409 sancti
1735 4354 1975 4409 Doctoris
1994 4353 2227 4423 Operam
2249 4355 2534 4412 editionem
2557 4356 2803 4413 meditari
2828 4376 2841 4413 :
2871 4361 3065 4432 quippe
3084 4363 3171 4419 vix
3193 4364 3308 4420 ﬁeri
3332 4382 3511 4436 posse,

239 4462 292 4509 ut
316 4470 345 4507 a
377 4454 530 4509 nobis
557 4467 744 4509 eorum
768 4450 1041 4522 diligentia
1068 4458 1388 4520 aequaretur,
1416 4447 1610 4503 nedum
1639 4455 1998 4515 superaretur.

301 4545 384 4601 Ad
412 4546 527 4601 lucc
554 4543 903 4601 recurrebant
925 4541 1107 4598 animo
1130 4552 1340 4597 veteres
1358 4538 1735 4595 controversia:
1762 4552 1825 4592 ac
1849 4538 1998 4605 ήκω,
2029 4555 2147 4609 quae
2179 4555 2245 4594 ex
2269 4540 2441 4595 sancti
2470 4542 2711 4599 Doctoris
2733 4546 2947 4615 scriptis
2970 4556 3025 4603 et
3051 4547 3292 4606 doctrina
3318 4553 3514 4609 identi-

232 4638 353 4694 dem
383 4639 437 4692 in
463 4637 703 4692 Ecclesia
728 4635 975 4692 excitata:
1002 4633 1245 4699 fuerant;
1277 4632 1699 4700 vcrebanturque
1728 4631 1823 4697 illi,
1853 4645 1939 4693 ne,
1972 4629 2101 4685 dum
2125 4632 2376 4688 Ecclesia:
2404 4633 2506 4705 hoc
2529 4634 2753 4692 fratrum
2782 4653 3000 4694 suorum
3027 4641 3207 4698 labore
3236 4647 3512 4703 consulere

234 4738 494 4799 optarent,
523 4742 781 4783 novarum
805 4727 1214 4783 altercationum
1237 4726 1441 4782 semina
1469 4724 1592 4779 inde
1613 4724 1901 4791 orirentur,
1924 4725 2000 4778 uti
2024 4726 2351 4795 experientia
2378 4742 2485 4782 non
2511 4731 2675 4786 semel
2698 4733 2976 4801 probatum
2998 4745 3081 4790 est
3107 4754 3119 4789 :
3150 4752 3343 4808 nempe
3370 4746 3512 4809 quod

236 4823 369 4875 tanti
403 4821 505 4875 viri
534 4819 776 4876 doctrina
801 4828 856 4875 et
878 4818 1114 4874 humano
1150 4817 1367 4888 ingenio
1407 4825 1565 4887 captu
1600 4816 1670 4870 sit
1701 4812 1963 4881 difficilis,
2007 4824 2062 4871 et
2095 4817 2397 4874 mortalium
2427 4821 2699 4892 cupiditati
2736 4839 2800 4880 ac
2822 4826 3083 4896 superbia:
3108 4844 3294 4899 parum
3322 4829 3510 4889 favens

231 4924 283 4968 ct
302 4923 537 4983 accepta.

298 5009 498 5064 Verum
527 5007 623 5060 has
645 5005 883 5076 aliasque
907 5003 1253 5060 difﬁcultates
1287 5016 1504 5073 prorsus
1545 5000 1797 5056 discussit
1821 5014 1885 5055 ac
1921 5001 2152 5057 removit
2185 5016 2394 5059 summa
2422 5005 2656 5077 dignatio
2685 5008 2936 5066 Ludovici
2962 5012 3166 5083 Magni,
3196 5014 3288 5085 qui
3317 5029 3512 5077 novant

230 5102 365 5157 hanc
381 5100 676 5157 editionem
710 5098 1082 5169 augustissimo
1108 5112 1205 5152 suo
1234 5096 1449 5151 nomine
1473 5094 1746 5160 illustrari,
1777 5108 1842 5149 ac
1865 5094 2160 5165 patrocinio
2186 5097 2332 5169 regio
2359 5099 2551 5154 muniri
2577 5104 2834 5169 permisit.

296 5193 542 5249 Accessit
570 5191 788 5260 insuper
812 5189 1203 5259 amplissimum
1232 5187 1390 5258 Regis
1418 5186 1745 5256 privilegium
1776 5187 1828 5241 in
1855 5188 2081 5255 gratiam
2113 5204 2264 5243 nova:
2288 5188 2557 5257 editionis,
2584 5193 2921 5249 illustrissimi
2948 5193 3186 5254 Francia:
3210 5202 3513 5260 cancellarii

232 5285 500 5341 Michaelis
519 5282 733 5337 Tellerii
760 5282 1095 5345 auctoritate,
1131 5281 1381 5351 regioque
1403 5280 1578 5335 edicto
1603 5290 1886 5348 assertum,
1918 5283 2329 5339 reclamantibus
2349 5294 2403 5339 et
2435 5286 2817 5343 obsistentibus
2846 5290 3111 5350 incassum
3132 5270 3399 5350 nonnullis
3428 5295 3513 5350 bi-

228 5377 507 5449 ldiOpolis,
544 5387 681 5444 quos
722 5372 913 5427 occulti
954 5370 1167 5441 quidam
1202 5369 1494 5425 adversarii
1544 5369 1612 5425 ad
1657 5371 2008 5429 avertendum
2058 5388 2208 5429 nova:
2263 5374 2512 5431 editionis
2571 5379 2898 5447 propositum
2946 5382 3244 5441 clanculum
3297 5386 3515 5455 instiga-

228 5474 372 5527 bant.
405 5469 591 5525 Tantis
629 5467 746 5522 fulti
785 5466 1074 5537 praesidiis,
1116 5464 1321 5520 nullum
1352 5464 1556 5520 obicem
1578 5464 2027 5535 iusuperabilem,
2067 5467 2261 5522 nullam
2292 5466 2548 5523 invidiam
2576 5470 2729 5528 nobis
2755 5471 3141 5532 formidandam
3178 5492 3297 5533 esse
3331 5478 3515 5534 existi-

229 5565 511 5622 mavimus.
1632 5618 1635 5621 ,

294 5658 415 5712 Jam
445 5666 574 5709 vero
599 5666 669 5706 ne
692 5650 799 5705 hoc
820 5648 1100 5705 consilium
1134 5648 1294 5704 nimis
1333 5647 1503 5703 audax
1528 5662 1590 5703 ac
1618 5650 1958 5704 temerarium
1989 5649 2289 5715 videretur,
2325 5652 2603 5719 pririverat
2648 5660 2945 5729 exemplum
2986 5661 3128 5717 Petri
3151 5661 3339 5717 Morini
3368 5663 3514 5720 Vati-

230 5765 376 5806 cana:
392 5742 761 5815 typograpbiae
788 5741 1045 5813 praefecti,
1068 5741 1398 5813 aliorumque
1415 5740 1567 5796 almae
1593 5740 1744 5798 Urbis
1766 5742 2095 5798 eruditorum
2140 5745 2398 5825 virorum,
2428 5745 2643 5803 Adriani
2670 5751 2892 5820 abbatis,
2921 5762 3080 5825 atque
3102 5757 3247 5813 Obrii
3276 5744 3510 5815 doctoris
