3994 6352
542 250 607 307 εἴ
1772 260 2119 317 ΡΒΛΕἘΑΤΙ(

2247 262 2579 322 mensus.
3280 226 3295 241 ’
3757 289 3824 351 ,θ

541 369 873 437 Parisiensis,
893 379 947 425 et
972 370 1215 435 aliorum,
1236 371 1322 441 qui
1352 371 1578 440 primum
1610 372 1759 427 Sixto
1782 374 1843 441 V,
1872 374 1995 429 dein
2021 374 2296 431 Clemente
2324 375 2454 441 VIII,
2484 378 2707 433 summis
2735 380 3097 454 Pontilieibus,
3128 402 3319 445 novam
3337 393 3507 449 sancti
3535 394 3821 469 Augustin-

538 465 1046 521 commentatiomtm
1070 467 1358 523 editionem
1386 476 1506 536 post
1546 469 1685 524 illam
1719 470 2107 525 Lovanienscm
2138 473 2373 542 aggressi
2404 473 2633 541 fuerant,
2664 476 2762 529 rati
2798 477 3001 534 scilicet
3019 485 3262 556 egregios
3290 502 3412 544 esse
3444 465 3727 550 Vaticanus
3756 497 3813 553 lii

534 558 683 621 bros,
715 574 847 629 quos
878 559 1237 616 Lovanienses
1258 561 1475 616 minime
1504 563 1901 625 consuluerant,
1936 578 2292 634 magnumque
2318 579 2504 619 eorum
2533 581 2653 622 esse
2676 583 2979 639 numerum,
3002 575 3145 631 unde
3173 578 3333 635 varia:
3362 580 3615 640 lectiones
3631 602 3821 645 execr»

536 663 814 722 percntur;
842 655 1078 726 pleraque
1096 656 1231 720 item,
1255 671 1367 725 qua:
1384 657 1437 710 in
1453 654 1847 712 Lovauiensibus
1876 658 2034 724 libris,
2056 661 2374 727 quantumvis
2391 664 2658 728 accuratis,
2687 665 3055 735 desiderantur,
3076 672 3211 727 unde
3225 673 3333 727 hrrc
3353 677 3506 732 editio
3533 681 3820 737 εΙινίσιξαηα

536 745 777 843 doctrina:
802 746 965 843 lucem
979 747 1199 843 alterum
1210 746 1294 813 sit,
1311 755 1368 801 ut
1382 747 1816 843 Petrus-Marinus
1832 749 2017 804 scribit
2036 749 2088 803 in
2107 749 2329 843 epistola
2343 751 2548 807 decima
2566 755 2751 823 quinta
2767 757 2833 811 ad
2863 758 3188 816 eardinalem
3219 764 3395 835 Cajcta
3404 784 3548 835 num,
3568 774 3655 842 qui
3678 789 3816 843 pm-

536 839 679 893 dicto
721 838 946 894 consilio
997 838 1287 909 plurimum
1331 838 1737 910 sulfragabatur.
1772 838 1985 895 Factum
2016 849 2099 897 est
2124 814 2345 898 z-collati
2390 854 2514 899 sunt
2543 814 2907 904 Levanienses
2938 814 3057 906 libri

532 946 787 1001 perquam
817 931 1244 999 accuratissime,
1279 940 1334 987 et
1368 933 1433 985 ad
1453 933 1743 1002 marginem
1770 933 2027 1002 apposita:
2060 934 2326 990 variantes
2351 936 2610 992 lectiones
2654 939 2720 993 ad
2747 940 3035 997 editionem
3058 944 3444 1015 adornandam,
3464 952 3551 1007 cui
3572 953 3816 1009 cardina-

535 1022 598 1076 lis
622 1021 847 1077 Veronae
884 1022 1021 1077 sacri
1051 1021 1269 1093 Collegii
1299 1023 1545 1093 princeps
1572 1022 1849 1092 praefectus
1900 1026 2012 1077 fuit.
2062 1024 2258 1080 Verum
2286 1042 2406 1081 cum
2439 1042 2524 1083 res
2552 1028 2744 1085 eﬂ‘ectn
2792 1033 3085 1100 caruisset,
3139 1052 3326 1093 omnes
3354 1040 3459 1096 illic
3496 1044 3815 1102 variationcs

524 1116 677 1185 jussu
702 1116 994 1173 Clementis
1020 1117 1068 1172 Χ
1098 1116 1371 1173 Pontificis
1392 1131 1418 1169 a
1439 1117 1540 1187 pia:
1557 1117 1827 1173 memoria:
1849 1119 2117 1175 cardinalc
2144 1120 2286 1175 Bona
2310 1120 2583 1177 nobiscum
2605 1125 3008 1181 communicata:
3035 1136 3180 1196 sunt,
3212 1139 3267 1185 ut
3297 1132 3360 1187 iis
3380 1132 3433 1188 in
3466 1150 3601 1190 nova
3627 1146 3810 1192 nostra

529 1213 763 1270 editione
786 1224 1071 1269 uteremur.

599 1308 929 1378 Comparatis
975 1308 1150 1377 itaque
1185 1322 1302 1361 eam
1334 1305 1384 1359 in
1413 1318 1523 1359 rem
1554 1304 1635 1359 his
1661 1314 1714 1360 et
1751 1304 1868 1359 aliis
1897 1306 2246 1375 undequaque
2286 1308 2523 1362 veterum
2548 1308 2790 1363 codicum
2826 1309 3094 1378 subsidiis,
3127 1327 3248 1369 cum
3285 1331 3315 1370 e
3356 1319 3572 1383 nostris,
3605 1328 3715 1375 tum
3742 1337 3810 1378 ex

532 1401 718 1456 alienis
748 1400 1102 1466 bibliothecis,
1136 1399 1388 1453 cootinuo
1418 1412 1605 1454 manus
1628 1399 1787 1466 operi
1805 1398 2160 1475 admovimus,
2188 1398 2435 1454 adhibitis
2461 1399 2528 1454 ad
2556 1399 2908 1456 conferendos
2929 1403 3141 1459 codices
3166 1406 3403 1475 pluribus
3418 1410 3687 1468 sodalibus
3712 1430 3810 1469 no-

528 1494 674 1560 stris,
703 1508 807 1548 non
836 1494 1005 1547 solum
1034 1494 1083 1546 in
1112 1494 1277 1547 sancti
1308 1492 1556 1548 Germani
1586 1492 1889 1554 Parisiensi,
1910 1490 2003 1545 sed
2024 1499 2077 1545 et
2103 1490 2155 1544 in
2184 1492 2303 1545 aliis
2330 1492 2550 1547 aliarum
2581 1492 2977 1562 provinciarum
3005 1494 3442 1567 Congregationis
3471 1510 3666 1557 nostra:
3690 1520 3811 1560 mo-

523 1587 801 1653 nasteriis;
825 1601 888 1641 ac
913 1586 1126 1641 demum
1159 1586 1293 1640 intra
1317 1586 1498 1657 viginti
1526 1586 1739 1642 circiter
1767 1600 2028 1640 annorum
2064 1585 2315 1654 spatium,
2351 1602 2454 1643 non
2488 1589 2603 1644 sine
2648 1590 2831 1645 multis
2852 1594 3105 1664 espensis
3130 1600 3185 1649 et
3204 1596 3369 1659 curis,
3393 1607 3537 1652 certe
3573 1600 3808 1655 maximo

528 1695 650 1734 cum
680 1679 880 1744 labore,
911 1687 1019 1733 tota
1075 1677 1189 1732 haec
1212 1677 1394 1741 editio,
1453 1678 1562 1732 Deo
1602 1678 1833 1742 favente,
1864 1680 2083 1733 omnino
2135 1678 2374 1733 absoluta
2408 1690 2585 1747 est,et
2607 1681 2675 1736 ab
2703 1683 2949 1740 omnibus
2974 1685 3120 1738 nullo
3143 1686 3449 1756 prrcjudicio
3487 1688 3715 1755 allectis,
3735 1707 3805 1747 eo

518 1772 707 1841 plausu
729 1787 791 1827 ac
817 1785 1065 1826 successu
1093 1781 1330 1841 accepta,
1354 1770 1564 1841 qualem
1592 1786 1689 1825 nec
1710 1785 1926 1840 Sperare
1956 1779 2281 1840 poteramus.

593 1864 661 1919 Ut
684 1878 811 1918 vero
836 1878 1033 1918 munus
1062 1872 1298 1916 nostrum
1327 1861 1691 1929 impleremus,
1720 1871 1773 1915 et
1805 1862 2027 1931 publica:
2048 1862 2113 1917 de
2139 1865 2291 1918 nobis
2310 1866 2691 1932 exspectationi
2715 1881 2809 1934 pro
2836 1868 3050 1921 modqu
3071 1870 3535 1938 responderentus,
3567 1883 3799 1943 quatuor

514 1956 781 2026 praecipua
808 1956 860 2010 in
890 1963 1069 2009 nostra
1100 1953 1334 2009 editione
1358 1963 1611 2023 pra-stare
1630 1954 1807 2009 conati
1833 1969 2050 2008 sumus:
2078 1954 2325 2008 videlicet
2351 1962 2405 2007 ut
2430 1954 2544 2009 haec
2593 1965 2838 2011 accurata
2868 1967 3033 2024 esset,
3060 1960 3360 2026 commoda,
3384 1962 3483 2017 rite
3512 1964 3799 2029 illustrata,

514 2050 781 2119 nullisque
811 2049 1039 2119 partium
1068 2048 1258 2102 studiis
1287 2046 1516 2101 addicta.
1552 2110 1555 2113 Α
2806 2106 2811 2111 _

585 2142 654 2197 Ut
683 2152 827 2199 esset
849 2156 1006 2213 quam
1034 2142 1263 2195 maxime
1293 2149 1558 2205 accurata,
1593 2150 1701 2194 tres
1731 2139 2063 2194 conditiones
2093 2139 2247 2193 nobis
2278 2142 2591 2195 necessaria:
2619 2143 2746 2199 visa:
2773 2154 2931 2199 sunt:
2960 2160 3153 2215 nempe
3179 2155 3236 2200 ut
3266 2149 3537 2203 contextui
3562 2150 3798 2217 genuina

510 2240 787 2311 integritas
812 2238 877 2293 ad
903 2247 1112 2293 veteres
1137 2236 1350 2290 codices
1380 2244 1433 2289 et
1462 2234 1782 2289 sineeriores
1812 2234 2071 2289 editiones
2110 2233 2513 2301 restitueretur;
2544 2246 2601 2290 ut
2625 2246 2769 2291 certa
2796 2245 2848 2292 et
2870 2252 3121 2308 germana
3151 2240 3318 2294 sancti
3345 2240 3587 2297 Doctoris
3628 2257 3797 2311 opera

507 2342 916 2390 secernerentur
940 2345 971 2383 a
1002 2329 1174 2384 dubiis
1202 2338 1257 2383 et
1299 2326 1523 2396 spnriis;
1559 2335 1609 2381 et
1649 2335 1706 2380 ut
1735 2326 1897 2380 editio
1935 2327 2047 2397 ipsa
2078 2340 2105 2379 a
2143 2326 2534 2397 typograpliicis
2574 2329 2810 2396 mendis,
2840 2338 3093 2399 quantum
3135 2330 3186 2385 in
3226 2331 3379 2387 nobis
3404 2344 3567 2401 esset,
3600 2350 3797 2405 repur-

505 2434 624 2496 gata
651 2424 903 2494 prodiret.

576 2517 645 2574 Ut
670 2532 798 2573 vero
820 2530 1073 2587 perquam
1098 2513 1378 2569 commoda
1410 2514 1746 2579 redderetur,
1778 2521 2006 2582 quatuor
2033 2514 2364 2583 potissimum
2391 2528 2421 2567 a
2449 2514 2601 2569 nobis
2626 2523 2808 2569 curata
2830 2525 2986 2571 sunt:
3014 2518 3259 2572 nimirum
3281 2517 3502 2588 operum
3528 2519 3681 2584 ordo,
3708 2538 3798 2576 se-

498 2613 731 2677 ctioues,
758 2607 1067 2673 summaria,
1097 2615 1150 2661 et
1180 2605 1402 2661 indices.
1434 2605 1599 2671 Ordo,
1631 2614 1687 2659 ut
1715 2605 2005 2660 secundum
2036 2615 2244 2676 tempus
2274 2621 2379 2675 quo
2407 2608 2611 2676 singula
2640 2624 2802 2677 opera
2828 2609 2896 2663 ab
2924 2611 3218 2680 Augustino
3243 2612 3439 2682 scripta
3472 2612 3639 2679 fuere,
3677 2615 3795 2668 dis-

502 2712 827 2776 ponerentur
865 2722 878 2758 :
910 2718 1016 2773 quo
1044 2703 1121 2769 fit,
1148 2710 1207 2756 ut
1234 2701 1402 2755 lector
1436 2714 1554 2754 cum
1590 2699 1883 2769 Augustino
1920 2698 2037 2768 ipso
2065 2700 2261 2754 sensim
2300 2699 2669 2770 progrediatur
2688 2711 2743 2756 et
2768 2702 3028 2773 proﬁciat,
3073 2712 3127 2758 et
3166 2704 3402 2773 priorum
3446 2706 3682 2775 cognitio
3722 2708 3794 2761 ad

498 2799 793 2870 posteriora
823 2794 1161 2866 intelligenda
1206 2794 1378 2847 lucem
1418 2792 1698 2862 praeferat;
1726 2805 1832 2861 quo
1858 2790 1927 2845 de
1956 2791 2146 2847 ordine
2190 2792 2339 2861 plura
2372 2792 2590 2848 inferius
2626 2794 2819 2849 dicturi
2847 2811 3054 2851 sumus.
3084 2795 3381 2863 Sectiones,
3409 2805 3466 2852 ut
3491 2812 3594 2852 non
3623 2799 3795 2855 modo

498 2893 743 2965 capitulis
765 2901 1005 2948 veterum
1031 2890 1345 2955 editionum,
1376 2902 1496 2957 qua:
1525 2886 1750 2941 subinde
1780 2885 2067 2956 prolixiora
2093 2894 2265 2949 erant,
2288 2885 2573 2955 cujuslibet
2591 2888 2769 2956 operis
2794 2896 3080 2944 contextus
3107 2897 3367 2959 eteorpus
3388 2890 3790 2961 distinguatur;

494 2987 587 3043 sed
618 2986 776 3042 etiam
800 2984 911 3054 ipsa
936 2982 1106 3051 capita
1131 2980 1184 3035 in
1218 2978 1528 3034 minutiores
1556 2978 1861 3033 dividantur
1886 2977 2173 3041 sectiones,
2204 2977 2491 3032 numerieis
2515 2978 2790 3034 distinctas
2818 2982 2989 3035 notis:
3024 2990 3133 3035 tum
3161 2990 3217 3035 ut
3247 2982 3477 3037 indicata
3497 2984 3795 3053 cujuslibet

494 3079 671 3150 operis
695 3078 935 3134 sectione
963 3074 1169 3130 facilius
1196 3072 1499 3129 inveniatur
1524 3070 1785 3125 indicatus
1810 3069 1956 3124 locus
1984 3087 1995 3122 :
2022 3077 2134 3125 tum
2161 3070 2320 3125 etiam
2348 3080 2403 3124 ut
2432 3071 2487 3125 in
2514 3071 2734 3140 legendo
2762 3072 2844 3126 bis
2868 3074 3027 3128 veluti
3057 3074 3346 3129 intervallis
3374 3085 3430 3130 et
3456 3078 3683 3131 merulis
3706 3078 3792 3132 le-

489 3173 657 3227 ctoris
688 3172 891 3227 levetur
919 3170 1069 3224 labor
1110 3175 1166 3223 et
1209 3165 1453 3221 attentio.
1485 3163 1568 3219 Ad
1614 3163 1729 3217 haec
1755 3163 1913 3217 etiam
1939 3162 2127 3232 juvant
2155 3163 2443 3219 suntmaria
2473 3178 2577 3218 non
2606 3163 2766 3219 modo
2793 3174 3095 3231 contextus,
3134 3166 3199 3221 ad
3231 3167 3525 3238 marginem
3555 3169 3794 3238 singulis

491 3265 690 3334 passim
718 3262 1045 3319 sectionibus
1074 3260 1336 3331 apposita,
1362 3274 1485 3329 qua:
1510 3272 1773 3313 summam
1804 3257 1901 3320 rei,
1932 3271 2034 3327 qua
2065 3255 2133 3311 de
2162 3258 2355 3326 agitur,
2397 3258 2580 3327 paucis
2607 3256 2922 3323 exhibeant;
2953 3259 3045 3314 sed
3074 3260 3232 3315 etiam
3263 3261 3511 3315 omnibus
3540 3262 3701 3317 libris
3731 3273 3791 3320 et

491 3357 758 3428 plerisque
776 3356 1023 3427 capitulis
1052 3353 1346 3424 praemissa,
1376 3367 1493 3421 qua:
1518 3358 1889 3421 argumentum
1919 3348 2179 3419 cujusque
2209 3349 2328 3403 libri
2357 3358 2411 3403 et
2438 3350 2650 3418 capituli
2682 3349 2917 3404 breviter
2943 3351 3229 3420 explicant.
3262 3351 3354 3405 Illa
3382 3367 3507 3407 vero
3534 3368 3789 3409 summa-

488 3453 567 3507 ria
598 3450 905 3521 marginalia
934 3463 1000 3503 ex
1032 3447 1157 3516 ipsis
1183 3452 1469 3500 contextus
1493 3443 1693 3509 verbis,
1726 3440 1905 3512 quoad
1935 3441 2050 3511 ejus
2079 3440 2193 3495 fieri
2222 3442 2411 3512 potuit,
2441 3441 2820 3511 expressimus,
2849 3442 2931 3497 vel
2960 3443 3071 3513 ipsa
3100 3443 3508 3500 Lovanicnsium
3531 3460 3784 3501 summa.

486 3545 564 3598 ria
595 3543 927 3597 retinuitnus.

556 3635 635 3689 Ad
663 3632 868 3688 Indices
888 3631 1027 3702 quod
1049 3630 1256 3695 attinet,
1280 3642 1503 3699 quorum
1529 3626 1804 3683 commoda
1831 3635 1886 3681 et
1913 3626 2165 3681 utilitates
2190 3640 2347 3680 nemo
2370 3640 2475 3680 non
2498 3626 2664 3693 novit,
2695 3640 2799 3681 non
2835 3635 3035 3680 tantum
3062 3628 3301 3698 singulos
3330 3629 3552 3699 singulis
3589 3632 3778 3698 tomis,

483 3738 537 3785 ct
562 3728 775 3799 quidem
806 3725 1125 3788 uberrimos,
1154 3721 1419 3791 subjicere
1455 3721 1787 3787 curavimus;
1820 3736 1999 3775 verum
2030 3719 2191 3774 etiam
2222 3720 2498 3791 generales
2526 3736 2620 3776 seu
2647 3721 2973 3776 universales
3002 3723 3055 3777 in
3095 3725 3374 3793 posteriori
3404 3724 3570 3779 hocce
3615 3727 3781 3780 volu-

484 3823 627 3876 mine
646 3818 1035 3883 contexuimus,
1068 3826 1126 3872 ut
1152 3831 1259 3871 uno
1282 3824 1569 3886 conspectu
1601 3823 1708 3870 tota
1740 3815 2019 3886 Augustini
2044 3814 2284 3869 doctrina
2310 3814 2377 3869 de
2406 3816 2596 3885 quovis
2621 3826 2933 3886 argumento
2959 3815 3166 3871 facilius
3197 3818 3429 3887 indagari
3459 3820 3650 3888 possit.

552 3911 705 3979 Quod
729 3910 918 3965 attinet
945 3908 1012 3963 ad
1036 3907 1279 3963 ordinem
1306 3922 1336 3961 a
1367 3906 1520 3960 nobis
1545 3906 1597 3960 in
1628 3905 1725 3960 hac
1751 3906 1985 3960 editione
2011 3904 2329 3969 institutum,
2359 3904 2475 3974 ejus
2504 3906 2763 3961 rationem
2786 3906 3012 3961 reddere
3033 3922 3138 3960 non
3164 3906 3447 3960 admodum
3476 3921 3779 3976 Operosum

483 4006 661 4061 fuerit.
685 4003 816 4059 Nam
845 4002 1004 4057 totius
1030 4000 1176 4055 illius
1197 3999 1400 4055 ordinis
1421 4007 1576 4054 tenor
1602 3997 1735 4054 adeo
1761 3997 2012 4052 naturalis
2040 4005 2093 4053 et
2116 3998 2379 4068 genuinus
2401 3998 2635 4066 videtur,
2660 4006 2718 4053 ut
2750 3999 2977 4055 sufﬁciat
3008 3999 3073 4054 ad
3100 4014 3219 4054 eum
3260 3998 3593 4069 probandum
3625 4007 3779 4060 nuda

480 4102 595 4171 ejus
623 4096 904 4168 expositio.
1196 4080 1199 4083 ἢ

552 4193 605 4247 In
640 4191 818 4262 primo
844 4198 1009 4255 tomo,
1038 4187 1326 4258 praemissis
1352 4186 1557 4241 duobus
1580 4185 2032 4242 Retractationum
2058 4185 2206 4241 libris
2227 4194 2279 4241 et
2302 4185 2553 4241 tredecim
2574 4186 2724 4241 libris
2741 4186 3167 4252 Confessionum,
3185 4200 3303 4255 qua:
3321 4188 3776 4257 subsequentinm

476 4299 701 4357 operum
728 4282 890 4339 veluti
926 4280 1184 4353 prmludia
1212 4289 1355 4343 sunt.
1391 4280 1785 4350 subsequuntur
1814 4295 1875 4333 ea
1902 4278 2186 4349 Opuscula,
2214 4293 2332 4349 qua:
2366 4279 2735 4341 sanctissimus
2761 4280 2955 4335 Doctor
2993 4278 3166 4333 adhuc
3203 4280 3647 4349 catcchumenus,
3679 4294 3779 4340 aut

478 4378 712 4435 nondum
743 4375 1018 4446 presbyter
1042 4371 1387 4427 eiucubravit.

553 4469 856 4527 Succedunt
878 4468 931 4521 in
958 4464 1193 4520 secundo
1235 4473 1378 4519 torno
1399 4463 1671 4534 Epistolze,
1697 4478 1921 4520 numero
1946 4464 2188 4518 ducenta:
2226 4464 2574 4534 septuaginta,
2616 4463 2903 4519 secundum
2945 4463 3184 4519 ordinem
3228 4474 3547 4535 temporum,
3579 4472 3777 4537 quoad

485 4565 600 4620 fieri
630 4564 797 4625 licuit,
826 4560 1116 4631 dispositas.
1149 4567 1206 4615 et
1236 4558 1287 4612 in
1331 4566 1560 4628 quatuor
1599 4557 1895 4612 distributa:
1934 4557 2153 4612 classes.
2187 4556 2244 4610 In
2272 4557 2439 4626 prima
2470 4566 2799 4627 reponuntur
2825 4557 2926 4611 illm
2954 4558 3213 4628 epistolae,
3258 4573 3391 4629 quas
3434 4560 3779 4629 Augustinus

478 4656 712 4713 nondum
739 4654 1024 4724 cpiscopus
1052 4651 1295 4720 scripsit:
1328 4650 1379 4704 in
1410 4648 1664 4714 secanda,
1696 4663 1827 4718 quas
1848 4648 1959 4718 jam
1984 4648 2285 4720 episc0pus,
2313 4656 2435 4702 ante
2462 4647 2811 4702 Collationem
2833 4648 3305 4721 Carthaginensem
3344 4662 3400 4706 et
3440 4663 3564 4706 ante
3610 4653 3779 4710 deteo

476 4758 617 4805 ctam
648 4748 701 4802 in
728 4745 904 4801 Africa
926 4743 1125 4814 Pelagii
1144 4742 1389 4797 hzeresim
1417 4741 1633 4796 dictavit
1655 4759 1666 4794 :
1688 4739 1739 4794 in
1767 4741 1943 4807 tertia,
1975 4755 2091 4809 qua:
2116 4740 2183 4794 ab
2212 4754 2277 4794 eo
2307 4750 2543 4808 tempore
2572 4739 2637 4792 ad
2663 4740 2826 4808 ipsius
2845 4740 3048 4795 obitum
3070 4742 3282 4811 scriptae
3307 4752 3463 4797 sunt:
3488 4744 3538 4797 in
3566 4756 3779 4815 quarta

475 4842 723 4912 denique,
753 4855 972 4910 quarum
995 4846 1204 4908 tempus
1225 4837 1397 4891 minus
1419 4842 1748 4905 compertum
1771 4842 1870 4889 est.
1894 4832 1999 4889 Cur
2013 4844 2186 4889 autem
2208 4841 2481 4903 receptum
2504 4832 2856 4902 Epistolarum
2880 4834 3120 4889 ordinem
3138 4836 3540 4903 mutaverimus,
3565 4840 3781 4908 quidve

476 4937 527 4990 in
556 4934 894 4991 commodum
924 4934 1184 4989 lectorum
1211 4931 1241 4986 ὲ
1268 4930 1421 4986 nobis
1451 4930 1552 4983 huc
1581 4928 1875 4998 prmstitum
1905 4928 1993 4997 sit,
2021 4929 2178 4984 docet
2204 4928 2367 4998 ipsius
2389 4928 2515 4983 tomi
2545 4928 2825 4998 peculiaris
2849 4930 3118 4985 Pr.efatio.

549 5029 606 5083 In
643 5028 804 5083 tertio
846 5036 992 5081 tomo
1033 5026 1371 5081 continentur
1410 5022 1675 5092 Opuscula
1715 5021 2007 5092 exegetica,
2053 5022 2345 5078 secundum
2389 5022 2781 5092 Scripturarum
2822 5023 3063 5078 ordinem
3104 5024 3381 5095 diSposita,
3426 5029 3673 5097 prmﬁxis
3722 5032 3780 5089 in

474 5124 593 5193 ipso
618 5121 748 5176 tomi
774 5120 957 5175 limine
986 5128 1213 5191 quatuor
1242 5118 1392 5172 libris
1420 5116 1486 5172 de
1516 5116 1764 5170 Doctrina
1791 5112 2111 5182 Christiana,
2142 5129 2275 5185 quos
2304 5115 2737 5185 subsequentinm
2781 5115 3167 5185 Opusculorum
3205 5117 3616 5176 fundamentum
3647 5137 3780 5178 esse

476 5230 632 5271 nemo
664 5214 851 5271 nescit.

550 5310 783 5380 Rejectze
808 5317 931 5365 sunt
958 5309 1009 5363 in
1041 5317 1241 5363 tomum
1269 5312 1513 5377 quartum
1538 5303 1915 5359 Enarrationes
1941 5303 1993 5356 in
2022 5300 2280 5357 Psalmos.

546 5400 607 5456 In
637 5410 781 5456 tome
809 5400 995 5472 quinto
1024 5398 1290 5454 habentur
1317 5397 1605 5453 Sermones
1629 5393 1695 5449 ad
1722 5395 1993 5464 populum,
2026 5394 2077 5448 in
2108 5403 2333 5465 quatuor
2372 5393 2551 5449 tributi
2590 5394 2812 5461 classes,
2852 5394 3099 5449 nimirum
3130 5395 3180 5449 in
3208 5394 3493 5450 Sermones
3517 5392 3590 5449 de
3618 5396 3780 5454 Scri-

475 5496 646 5564 pturis
676 5494 881 5549 Veteris
909 5502 962 5547 et
989 5492 1121 5546 Novi
1149 5488 1495 5557 Testamenti,
1530 5487 1581 5542 in
1610 5485 1897 5543 Sermones
1918 5486 1984 5542 de
2004 5486 2287 5557 Tempore,
2312 5486 2377 5542 de
2402 5486 2611 5542 Sanctis
2637 5496 2691 5540 ct
2720 5486 2786 5542 de
2809 5488 3072 5545 Diversis:
3096 5488 3284 5558 quibus
3308 5487 3359 5542 in
3380 5486 3561 5558 quinta
3586 5486 3778 5549 classe

470 5588 756 5643 Sermones
785 5587 933 5641 dubii
961 5585 1237 5641 accedunt.

541 5680 741 5737 'I'omus
763 5679 959 5736 Sextus
980 5678 1153 5748 Opera
1182 5676 1397 5733 moralia
1429 5674 1829 5748 comprehendit
1859 5691 1979 5731 cum
2011 5675 2209 5746 aliquot
2238 5676 2596 5742 Quaestionum
2630 5675 2794 5731 libris.
