3994 6352
187 339 242 402 l7
694 399 696 401 _
901 377 908 384 .
1404 323 1770 387 PRAEFATIO
1807 324 2207 386 GENERALIS.
3068 376 3073 381 .
3385 325 3450 383 18

244 457 319 511 Ab
342 454 473 508 hinc
502 451 766 521 incipiunt
790 445 967 518 Opera
1000 443 1282 516 polentiea,
1307 459 1533 515 quorum
1565 446 1762 516 primas
1785 454 1966 501 tenent
1987 444 2040 498 in
2063 452 2205 498 temo
2231 442 2456 512 septimo
2486 440 2605 495 libri
2646 441 2826 512 viginti
2855 439 2960 495 duo
2985 440 3052 496 de
3084 439 3306 497 Civitate
3333 440 3444 504 Dei.

189 560 357 608 eorum
390 548 658 608 Pagauos.

241 643 437 698 Tomus
463 588 707 701 :ctavus,
744 632 1022 703 praemisso
1061 630 1116 685 in
1152 630 1327 684 fronte
1381 629 1515 684 libro
1535 629 1602 684 de
1625 629 1948 694 llaeresibus,
1982 628 2196 684 exhibet
2227 643 2385 698 opera
2417 627 2676 698 polemiea
2715 627 2969 683 adversus
2997 625 3227 690 Judzeos.
3279 624 3448 680 Mani-

184 739 362 800 clues,
388 730 845 796 Priscillianistas,
877 736 933 783 et
957 726 1214 782 Arianos:
1237 725 1429 795 quibus
1454 725 1736 794 Opusculis
1755 723 1992 797 adjuncti
2017 731 2144 780 sunt
2169 724 2288 781 libri
2315 724 2614 796 quindecim
2636 724 2704 782 de
2732 725 3010 780 Trinitate.

244 830 438 884 Tomes
469 839 650 880 nonus
674 821 916 878 continet
943 819 1114 889 Opera
1141 817 1404 888 polemica
1431 824 1616 872 contra
1648 817 1967 873 Donatistas.

241 919 479 988 Denique
505 926 681 971 tomus
709 912 952 969 decimus
977 911 1150 981 Opera
1177 909 1358 965 itidem
1383 908 1638 979 polemica
1660 916 1844 964 contra
1868 909 2212 980 Pelagianos:
2233 909 2424 980 quibus
2449 909 2662 979 scriptis
2683 909 3075 982 subjunguntur
3094 909 3239 968 varia
3265 921 3423 966 mon'i

186 1021 366 1077 merita,
394 1024 521 1079 quae
546 1008 616 1063 ad
648 1023 710 1063 ea
737 1004 1048 1061 illustranda
1077 1011 1302 1074 possunt
1324 1003 1642 1059 conducere.
1669 1003 1933 1058 Hactenus
1953 1003 2019 1059 de
2044 1003 2250 1059 ordine.
3447 1049 3449 1052 .

241 1103 350 1158 Jam
377 1115 515 1154 vero
541 1097 872 1153 illustrandis
906 1095 1230 1152 sanctissimi
1267 1094 1442 1149 Patris
1480 1094 1729 1164 operibus
1753 1094 2101 1150 Prwfationes
2130 1095 2350 1166 singulis
2375 1095 2534 1150 tomis
2560 1096 2882 1165 praemittere
2913 1094 3271 1151 necessarium
3292 1093 3448 1150 duxi~

186 1211 302 1256 tuus,
331 1194 383 1247 in
403 1193 605 1262 quibus
629 1205 714 1246 res
737 1189 914 1260 potius
934 1187 1235 1252 historicas,
1258 1201 1416 1257 quam
1438 1185 1762 1257 dogmaticas
1787 1186 2055 1255 explicare
2079 1185 2396 1251 studuimus,
2420 1187 2483 1240 ad
2505 1186 2789 1256 juvandam
2818 1187 3078 1243 lectorum
3106 1186 3418 1242 industriam
3443 1228 3451 1239 .

187 1289 253 1344 Ad
278 1288 389 1341 haec
416 1286 694 1356 plerisque
723 1281 994 1353 opusculis
1019 1279 1422 1335 Admonitiones
1449 1278 1776 1350 praefiximus
1803 1278 1868 1333 ad
1895 1276 2267 1348 explicandum
2298 1292 2484 1331 eorum
2515 1286 2902 1348 argumentum.
2934 1277 3156 1349 Insuper
3179 1277 3450 1333 breviores

185 1379 386 1437 subinde
413 1376 622 1432 uetula:
653 1377 705 1430 in
736 1374 976 1444 margine
1003 1372 1240 1428 inferiori
1265 1389 1293 1425 a
1320 1371 1474 1427 nobis
1497 1373 1773 1443 appositae,
1801 1371 1992 1442 quibus
2031 1373 2112 1426 vel
2143 1373 2408 1427 variantes
2450 1374 2704 1431 lectiones
2747 1374 3073 1445 iudicentur,
3105 1371 3188 1432 vel
3219 1376 3446 1432 obscura

187 1475 298 1535 loca,
322 1470 561 1524 maxime
589 1467 817 1522 aliorum
845 1465 1085 1521 locorum
1110 1463 1527 1533 comparatione,
1555 1464 1926 1534 explantentur.
2213 1452 2216 1455 ’

240 1564 291 1618 ln
319 1564 404 1617 his
428 1561 686 1616 omnibus
705 1560 759 1614 id
784 1558 891 1614 alte
912 1556 1067 1613 nobis
1087 1556 1266 1611 animo
1297 1555 1514 1610 infixum
1544 1554 1659 1622 fuit,
1688 1565 1741 1611 et
1766 1571 1794 1610 a
1824 1557 2129 1627 Praepositis
2159 1557 2356 1613 nostris
2381 1558 2722 1624 inculcatum,
2750 1569 2809 1615 ut
2829 1563 3056 1631 partium
3084 1561 3257 1617 studia
3285 1561 3336 1616 in
3356 1575 3446 1616 ex-

187 1656 404 1729 plicanda
426 1653 715 1726 Augustini
743 1651 984 1707 doctrina
1005 1648 1190 1705 sedulo
1213 1663 1543 1704 caveremus.
1563 1648 1690 1716 Quae
1716 1663 1805 1703 res
1830 1648 1882 1702 in
1910 1663 2068 1704 causa
2090 1648 2211 1716 fuit,
2237 1659 2293 1703 ut
2314 1665 2343 1703 a
2374 1650 2744 1720 prolixioribus
2765 1653 3161 1708 commentariis
3187 1662 3242 1708 et
3261 1653 3452 1707 obser-

187 1748 472 1803 vationibus
503 1743 942 1808 abstinuerimus,
973 1751 1031 1796 ut
1058 1755 1127 1796 ne
1150 1739 1396 1810 cuiquam
1429 1739 1510 1794 vel
1540 1739 1814 1794 minimum
1845 1738 2145 1795 oll‘endieuli
2178 1741 2559 1810 praeberemus,
2589 1741 2748 1798 ullivc
2767 1742 3146 1800 catholicorum
3174 1743 3452 1813 theologo-

188 1859 286 1896 rum
314 1839 606 1896 sententiae
637 1835 1127 1908 praejudicaremus.

244 1936 438 1991 Verum
490 1931 828 2004 quantumvis
853 1930 903 1984 id
928 1927 1286 1984 curaverimus
1304 1969 1321 1996 ,
1348 1927 1750 1997 curandumque
1768 1927 2135 1982 mandaverint
2163 1927 2438 1998 Praepositi
2465 1907 2672 1996 nostri;
2700 1929 2914 1986 difficile
2953 1939 3128 1985 tamen
3157 1927 3274 1995 fuit,
3302 1937 3358 1983 ut
3387 1945 3453 1985 ne

191 2029 301 2099 quid
328 2029 380 2082 in
417 2037 531 2080 tam
555 2032 705 2079 vasto
730 2037 893 2093 opere
922 2020 1075 2076 nobis
1098 2020 1310 2075 incaute
1335 2035 1440 2076 non
1465 2019 1798 2090 subreperet,
1819 2019 1932 2086 vel,
1957 2029 2014 2075 ut
2036 2030 2160 2077 sum
2181 2022 2480 2076 mortalium
2507 2023 2670 2078 animi
2689 2024 2834 2079 varie
2859 2023 3048 2088 allecti,
3071 2039 3136 2078 ne
3155 2020 3278 2092 quid
3299 2035 3455 2078 secus

187 2137 324 2192 quant
353 2117 784 2181 intenderemus,
814 2115 867 2168 in
895 2114 1194 2184 sequiorem
1225 2123 1428 2182 partem
1456 2128 1564 2168 non
1591 2113 1898 2183 acciperent
1925 2113 2186 2192 nonnulli.
2215 2113 2282 2168 Et
2307 2129 2366 2170 re
2392 2115 2608 2184 quidem
2631 2116 2744 2186 ipsa
2769 2115 2848 2171 sic
2869 2115 3081 2170 accidit.

241 2211 367 2268 Nam
392 2211 502 2266 etsi
527 2209 770 2278 plerique
794 2220 984 2261 omnes
1011 2214 1249 2260 nostram
1279 2203 1566 2260 editionem
1593 2213 1908 2260 accuratam
1928 2245 1943 2269 ,
1975 2205 2308 2261 commodam
2326 2246 2342 2271 ,
2373 2206 2607 2276 satisque
2631 2207 2947 2263 illustratam
2967 2249 2981 2274 ,
3009 2207 3239 2278 denique
3274 2209 3454 2278 Augu-

183 2307 409 2361 stinianae
454 2302 720 2358 doctrina:
763 2300 984 2356 omnino
1021 2306 1435 2360 consentaneum
1463 2311 1583 2352 esse
1607 2298 1940 2366 censuerint,
1973 2313 2196 2368 eamque
2223 2297 2309 2352 his
2335 2299 2638 2355 nominibus
2671 2300 2921 2370 suffragio
2949 2313 3048 2354 suo
3071 2300 3453 2369 comprobave-

183 2401 302 2460 rint;
323 2398 674 2452 insurrexere
698 2403 878 2449 tamen
899 2400 1086 2449 contra
1109 2405 1130 2458 ,'
1154 2399 1277 2463 post
1309 2389 1494 2447 decem
1520 2392 1630 2446 fere
1657 2405 1825 2447 annos
1849 2391 1917 2446 ab
1938 2389 2083 2446 edito
2109 2390 2295 2446 ultimo
2325 2398 2468 2447 tomo
2489 2432 2505 2457 ,
2534 2393 2784 2464 anonymi
2813 2393 3026 2463 quidam
3050 2406 3302 2449 censores
3320 2434 3335 2460 ,
3361 2395 3452 2463 qui

184 2492 368 2546 furtivis
393 2488 621 2558 scriptis
646 2487 784 2542 hanc
805 2485 1113 2551 editionem,
1147 2493 1199 2538 et
1226 2490 1568 2538 tantum-non
1598 2482 1756 2536 fidem
1784 2491 2022 2539 nostram
2046 2491 2347 2552 suspectam
2377 2483 2600 2538 reddere
2630 2484 2798 2540 moliti
2825 2493 2967 2538 sunt.

242 2580 518 2651 Ejusmodi
548 2578 945 2648 scriptinnculis
975 2577 1028 2630 in
1056 2576 1245 2646 vulgus
1271 2575 1487 2645 sparsis,
1515 2588 1800 2631 commune
1831 2575 2170 2646 prudentium
2206 2573 2318 2630 fere
2351 2575 2590 2630 omnium
2614 2577 2892 2632 consilium
2925 2576 3129 2642 fuit,ut
3153 2576 3382 2632 leviores
3401 2575 3454 2632 id
3523 2605 3530 2612 -

183 2689 324 2744 geuus
347 2671 573 2727 libellos
599 2683 1012 2742 aspernaremur
1034 2682 1048 2719 :
1074 2667 1271 2738 quippe
1296 2681 1400 2720 non
1428 2665 1639 2729 decere,
1669 2675 1726 2721 ut
1752 2681 1872 2722 cum
1897 2666 2055 2720 larvis
2081 2673 2136 2720 et
2161 2665 2363 2721 umbris
2393 2665 2732 2732 luetaremur,
2760 2682 2828 2720 ne
2855 2666 3225 2736 respondendo
3250 2666 3457 2735 pondus

188 2771 235 2818 et
253 2763 630 2819 auctoritatem
660 2759 874 2814 furtivis
898 2757 1004 2812 illis
1039 2757 1230 2812 libellis
1259 2755 1655 2828 praeberemus:
1681 2772 1785 2812 neu
1813 2756 2064 2811 Ecclesiae
2089 2771 2273 2826 pacem
2298 2755 2456 2812 editis
2486 2757 2625 2812 ultro
2652 2757 2914 2827 citroque,
2943 2766 3000 2812 ut
3037 2757 3095 2811 fit
3113 2798 3127 2820 ,
3153 2757 3458 2827 scriptioni-

193 2857 276 2912 bus
294 2855 762 2927 perturba-remus.
793 2851 906 2906 l-loc
928 2848 1209 2906 consilium
1236 2849 1713 2904 unanimi-assensu
1737 2849 2154 2919 comprobavere
2177 2848 2456 2918 Praepositi
2481 2850 2648 2904 nostri
2674 2868 2687 2906 :
2711 2849 2852 2919 quod
2883 2857 3057 2904 tamen
3087 2850 3307 2904 minimc
3345 2849 3450 2903 im-

188 2949 378 3020 pedivit.
401 2947 698 3018 quominus
719 2986 736 3012 ,
764 2945 870 3000 illis
901 2943 1234 3010 inconsultis,
1266 2941 1481 3012 quidam
1517 2958 1550 2996 e
1583 2943 1779 2998 nostris
1803 2957 1995 2998 novam
2036 2943 2206 2999 sancti
2246 2943 2526 3014 Augustini
2565 2943 2856 3000 editionem
2885 2943 3271 3000 defendendam
3301 2954 3455 2999 tuen-

189 3044 398 3113 damque
423 3056 526 3111 pro
555 3038 700 3094 virili
732 3036 1102 3106 susceperint:
1127 3051 1192 3090 ex
1223 3035 1413 3105 quibus
1439 3049 1603 3098 unus,
1633 3034 1724 3104 qui
1761 3043 1872 3089 tum
1901 3035 2086 3090 Romae
2116 3035 2447 3102 versabatur,
2481 3036 2637 3106 hujus
2665 3035 2914 3092 editionis
2942 3036 3210 3092 Vindicias
3237 3039 3289 3092 in
3321 3037 3456 3092 alma

193 3136 336 3201 Urbe,
361 3135 465 3190 sub
496 3131 820 3187 auctoritate
843 3130 979 3184 sacri
1003 3126 1189 3182 Palatii
1213 3127 1481 3198 Magistri,
1517 3127 1770 3182 Romanis
1791 3128 2209 3197 approbantibus
2235 3127 2485 3198 vulgavit.

248 3227 354 3283 lam
377 3242 446 3283 eo
473 3241 570 3282 res
595 3225 903 3288 devenerat,
928 3230 986 3278 ut
1011 3221 1216 3276 furtivae
1244 3221 1345 3274 illa:
1366 3228 1709 3290 utrarumque
1730 3219 1955 3289 partium
1979 3221 2309 3277 velitationes
2337 3221 2388 3275 in
2415 3230 2655 3290 apertum
2679 3221 2788 3278 fere
2814 3222 3009 3277 bellum
3038 3232 3458 3293 prorumperent,

189 3337 292 3375 cum
321 3319 607 3391 Praepositi
639 3319 809 3373 nostri
829 3358 844 3382 ,
875 3325 1080 3371 mutato
1101 3314 1317 3370 demum
1355 3329 1450 3384 pro
1479 3313 1554 3369 rei
1581 3321 1722 3367 statu
1747 3311 1994 3379 consilio,
2017 3315 2259 3370 eamdem
2288 3314 2574 3370 editionem
2599 3316 2887 3385 approbata
2917 3317 2985 3372 ab
3011 3332 3070 3372 se
3092 3317 3298 3387 publica
3324 3319 3459 3371 scri-

191 3414 374 3482 ptione,
400 3410 852 3482 Congregationis
879 3417 1078 3464 nostrae
1105 3406 1340 3472 nomine,
1367 3405 1878 3461 adversus-latentes
1906 3403 2241 3461 adversarios
2267 3405 2440 3476 palam
2471 3407 2906 3477 propugnandam
2935 3415 3281 3461 censuerunt.
3313 3407 3462 3462 Jam-

192 3522 282 3576 que
307 3504 698 3576 propemodum
721 3503 913 3558 affecta
934 3542 948 3565 ,
989 3501 1230 3572 Iypisque
1267 3509 1452 3570 parata
1495 3507 1610 3553 erat
1648 3497 1764 3554 haec
1803 3500 2042 3570 scriptio,
2067 3516 2186 3570 qua:
2209 3510 2265 3556 et
2287 3500 2573 3556 editionem
2593 3542 2610 3568 ,
2633 3511 2688 3556 et
2715 3501 2872 3557 fidem
2902 3512 3138 3557 nostram
3182 3502 3249 3556 ab
3286 3501 3466 3570 iniqua

192 3597 482 3667 suspicione
512 3605 568 3650 et
593 3594 989 3660 criminatione,
1019 3591 1226 3647 tametsi
1257 3592 1441 3660 privati
1469 3589 1686 3661 quidam
1711 3606 1743 3646 e
1769 3593 1965 3648 nostris
1994 3593 2045 3648 id
2071 3593 2182 3663 jam
2211 3595 2340 3649 satis
2363 3593 2742 3665 praestiterant,
2770 3595 2990 3651 omnino
3011 3595 3321 3650 vindicaret.

252 3691 447 3745 Verum
477 3688 606 3745 dum
639 3687 692 3743 id
714 3686 1116 3750 meditaremur,
1150 3683 1234 3739 his
1254 3683 1442 3754 jurgiis
1469 3683 1769 3739 intercessit
1796 3685 2044 3742 Ludovici
2084 3687 2256 3758 Magni
2295 3687 2614 3752 auctoritas,
2642 3688 2733 3757 qui
2754 3729 2768 3753 ,
2799 3696 2856 3742 ut
2889 3687 3144 3744 Ecclesia:
3173 3688 3286 3757 paci
3314 3686 3382 3741 ab
3407 3701 3468 3742 se

187 3783 473 3839 conciliata:
497 3779 770 3836 indefessa
797 3777 1149 3832 sollicitudine
1181 3790 1393 3844 semper
1422 3775 1690 3846 invigilat,
1721 3777 1962 3846 gliscenti
2007 3778 2060 3833 in
2101 3780 2213 3835 dies
2255 3779 2602 3846 dissensioni,
2647 3779 2906 3849 imperato
2949 3781 3186 3850 utrisque
3225 3778 3464 3848 partibus

190 3876 414 3939 silentio,
439 3871 663 3928 modum
689 3869 941 3941 imposuit
965 3886 978 3922 :
1002 3867 1183 3936 sicque
1210 3865 1338 3920 tanti
1368 3865 1628 3936 Principis
1664 3868 1976 3924 auctoritate
2015 3884 2262 3939 repressa
2307 3879 2390 3925 est
2429 3870 2622 3926 ardens
2661 3870 2750 3925 illa
2793 3870 3082 3941 contentio,
3105 3886 3223 3940 quae
3261 3871 3464 3940 sopitos

185 3965 491 4037 jamdudum
521 3965 672 4035 ignes
696 3962 988 4018 excitatura
1011 3959 1306 4014 videbatur.
1334 3958 1481 4014 Hanc
1510 3966 1684 4013 autem
1711 3961 2096 4032 redintegrare,
2125 3977 2246 4017 cum
2265 3963 2419 4032 longe
2445 3962 2598 4018 abest
2625 3977 2654 4016 a
2683 3963 2918 4019 moribus
2944 3963 3160 4027 nostris,
3185 3972 3295 4016 tum
3326 3969 3468 4018 vetat

187 4063 244 4115 in
273 4059 462 4128 primis
479 4072 682 4113 summa
712 4063 895 4114 nostra
942 4069 1066 4124 erga
1111 4052 1310 4123 Regem
1328 4091 1343 4118 ,
1370 4052 1620 4122 regiaque
1653 4051 1800 4122 jussa
1843 4054 2228 4122 obtemperatio
2248 4072 2263 4108 :
2287 4055 2408 4110 dein
2441 4055 2695 4111 Ecclesiae
2722 4056 2866 4125 pacis
2891 4055 3122 4111 studium
3149 4056 3254 4111 alte
3278 4056 3469 4111 animis

195 4151 420 4206 insitum
440 4148 664 4204 nostris:
689 4147 922 4218 denique
943 4145 1176 4200 cbaritas
1195 4143 1451 4200 adversus
1475 4158 1661 4200 omnes
1679 4181 1696 4211 ,
1723 4159 1858 4214 quos
1877 4145 2193 4202 turbulentis
2219 4146 2482 4217 ejusmodi
2518 4145 3002 4203 concertationibus
3028 4147 3298 4203 offendere
3317 4148 3469 4204 nobis

195 4246 374 4316 religio
390 4245 570 4301 fuerit.

261 4336 573 4407 Suppressis
601 4337 798 4407 itaque,
823 4351 943 4406 quae
965 4335 1031 4390 ad
1055 4343 1290 4390 nostram
1317 4342 1616 4405 nostraeque
1636 4332 1884 4392 editionis
1912 4332 2276 4391 defensionem
2305 4333 2577 4391 adornatae
2602 4343 2786 4401 erant,
2812 4334 3368 4400 commentationibus,
3400 4336 3467 4390 ad

197 4435 392 4504 objecta
419 4433 850 4489 adversariorum
879 4430 1207 4503 respondere
1239 4428 1636 4500 supersedimus
1653 4471 1669 4496 ,
1695 4445 1764 4486 ne
1787 4427 2160 4500 respondendo
2183 4443 2349 4484 novas
2375 4438 2559 4485 contra
2594 4428 2841 4484 mandata
2872 4428 3016 4498 regia
3041 4428 3161 4484 lites
3189 4443 3368 4484 serere
3395 4430 3469 4482 vi-

197 4528 455 4583 deremur.

265 4621 458 4678 Verum
476 4635 549 4676 ne
573 4619 710 4675 forte
730 4617 1158 4674 adversariorum
1175 4615 1369 4686 iniquae
1380 4615 1774 4672 criminationes
1787 4615 1993 4686 piorum
2013 4614 2362 4686 quorumdam
2377 4623 2432 4671 et
2451 4615 2827 4672 benevolorum
2849 4615 3010 4671 etiam
3022 4614 3255 4671 virorum
3278 4615 3470 4671 animis

197 4714 451 4785 quosdam
491 4712 776 4783 scrupulos
814 4711 1278 4782 ingeneraverint;
1318 4710 1415 4765 hos
1454 4708 1636 4780 paucis
1665 4710 1842 4765 verbis
1879 4723 2070 4764 curare
2113 4707 2167 4762 in
2207 4708 2442 4763 animum
2487 4707 2826 4775 induximus,
2859 4708 2996 4774 rati,
3029 4707 3080 4761 id
3110 4722 3281 4778 neque
3309 4707 3470 4778 regia:

190 4807 441 4876 jussioni,
484 4820 661 4877 neque
697 4804 954 4860 Ecclesiae
990 4802 1107 4874 paci
1144 4802 1470 4858 contrarium
1490 4843 1505 4868 ,
1535 4801 1642 4856 imo
1667 4802 1877 4872 utrique
1909 4800 2129 4857 omnino
2168 4811 2587 4857 consentaneum
2618 4800 2749 4856 fore.
2774 4800 2888 4856 Etsi
2917 4800 3060 4856 enim
3089 4801 3218 4855 nihil
3249 4815 3354 4855 non
3379 4815 3470 4855 ca-

192 4901 383 4956 tbolice
401 4941 417 4967 ,
445 4907 599 4956 certe
637 4897 770 4952 nihil
809 4912 914 4953 non
945 4895 1210 4953 catholico
1238 4894 1417 4950 animo
1439 4911 1469 4949 a
1490 4895 1641 4950 nobis
1668 4895 1868 4950 dictum
1905 4895 2008 4962 sit;
2050 4897 2311 4954 malumus
2337 4895 2514 4951 tamen
2541 4895 2672 4951 dare
2697 4895 2894 4967 aliquid
2922 4904 3119 4952 tenerae
3145 4911 3208 4950 ac
3234 4897 3333 4966 piae
3355 4895 3465 4951 illo-

191 5010 300 5049 rum
318 4993 469 5050 circa
497 4991 660 5047 ﬁdem
693 4990 994 5057 alfectioni,
1021 5005 1179 5061 quam
1207 4989 1440 5058 superbo
1474 4988 1683 5045 fastidio
1724 5003 1911 5044 eorum
1948 4988 2229 5059 scrupulos
2269 4988 2626 5044 dissimulare.
2658 4989 2900 5045 Aliorum
2925 5004 3072 5055 vero,
3105 4989 3150 5043 si
3177 4987 3264 5058 qui
3289 4997 3451 5043 erunt

189 5089 271 5158 qni
296 5085 642 5144 eontentioso
667 5086 849 5140 animo
873 5084 1022 5142 rixas
1057 5083 1231 5138 denuo
1271 5081 1635 5153 redintegrare
1663 5088 1918 5152 pergant,
1940 5081 2089 5138 dicas
2125 5089 2181 5136 et
2215 5082 2578 5138 cavillationes
2617 5080 2868 5152 deinceps
2903 5081 3386 5151 praetermittemus,
3415 5088 3468 5140 c‘

197 5197 289 5250 pro
309 5177 843 5235 nihilohabebimus.
3099 5237 3104 5240 ι

253 5271 309 5326 ln
343 5271 538 5342 primis
578 5269 735 5325 toties
761 5268 990 5338 repetita
1014 5282 1046 5322 a
1073 5266 1229 5324 nobis
1253 5268 1500 5323 omnibus
1525 5275 1578 5324 et
1601 5267 1822 5341 singulis
1847 5267 2136 5339 professio,
2161 5280 2262 5338 qua
2286 5265 2765 5322 Constitutionibus
2792 5279 3120 5320 summorum
3157 5265 3469 5324 Pontificum

189 5364 486 5421 lnnoeentii
515 5362 565 5418 Χ
583 5371 639 5419 et
666 5361 958 5418 Alexandri
987 5360 1078 5417 VII
1115 5375 1216 5418 nos
1242 5361 1450 5417 sincere
1476 5370 1532 5418 et
1559 5376 1625 5416 ex
1653 5363 1832 5418 animo
1860 5363 2134 5418 adhaerere
2164 5361 2374 5432 publice
2402 5359 2683 5417 contestati
2714 5374 2919 5426 sumus,
2943 5369 3178 5416 nostram
3215 5361 3356 5417 circa
3397 5367 3468 5420 fa-

188 5475 368 5516 mosas
389 5459 629 5530 quinque
666 5458 1068 5528 Propositiones
1107 5458 1266 5515 fidem
1303 5459 1373 5515 ab
1412 5461 1559 5515 omni
1592 5476 1812 5532 prorsus
1837 5463 2138 5533 suspicione
2162 5462 2321 5519 debet
2349 5454 2604 5520 eximere.
2632 5464 2688 5521 Si
2715 5455 2864 5521 enim
2894 5474 2971 5523 tot
2995 5454 3320 5538 argumentis
3346 5467 3468 5522 fulta

191 5554 317 5608 ﬁdes
347 5553 404 5607 in
437 5561 554 5608 tuto
572 5567 682 5607 non
711 5559 794 5606 est
813 5591 829 5617 ,
862 5551 1006 5606 nulla
1028 5551 1128 5606 erit
1155 5566 1184 5606 a
1205 5551 1508 5622 suspicione
1535 5552 1823 5620 immunis;
1845 5563 1899 5610 et
1925 5555 1971 5610 si
1995 5555 2080 5610 cui
2110 5571 2217 5609 non
2241 5554 2476 5611 sufficiat
2507 5566 2612 5612 tam
2639 5558 2847 5615 sincera
2875 5559 3171 5629 professio,
3197 5559 3339 5614 nulla
3367 5558 3469 5613 alia

192 5643 538 5716 quantumvis
561 5643 764 5714 jurata,
795 5642 1132 5714 quantumvis
1160 5643 1470 5713 explicatior
1493 5643 1781 5706 sufﬁceret.
1813 5647 1919 5701 llas
1945 5649 2137 5719 quippe
2165 5648 2584 5707 Constitutiones
2620 5660 2674 5706 et
2699 5666 2765 5706 ex
2793 5650 2977 5720 primis
3011 5665 3131 5707 cum
3169 5650 3348 5707 debita
3381 5665 3465 5706 re-

193 5738 434 5793 verentia
459 5744 516 5792 et
540 5735 898 5792 submissione
923 5743 1252 5805 exceperunt
1278 5735 1330 5790 in
1357 5737 1586 5793 comitiis
1614 5739 1724 5792 suis
1748 5739 2080 5808 generalibus
2119 5739 2394 5811 Praepositi
2439 5745 2606 5800 nostri
2627 5785 2641 5813 ,
2674 5757 2872 5812 easque
2908 5743 2974 5798 ab
3011 5743 3259 5800 omnibus
3280 5751 3333 5800 et
3362 5743 3478 5798 sint

189 5833 352 5904 culis,
374 5831 470 5905 qui
495 5830 548 5889 in
573 5839 777 5887 emtum
801 5837 1043 5887 nostrum
1067 5826 1379 5888 admittendi
1408 5839 1611 5904 essent,
1640 5829 1898 5892 subscribi
1926 5843 2312 5903 praeceperunt.

3479 5921 3489 5960 i
