3994 6352
488 287 558 342 19
1716 281 2065 340 PREFATIC

2179 277 2523 336 ENERALIS.
3694 294 3756 353 20

562 402 635 457 De
658 407 850 458 stetere
879 398 1017 453 ultro
1049 396 1377 467 proﬁtemur,
1408 411 1506 451 nos
1532 396 1740 453 sincere
1765 398 2040 453 adhaerere
2064 396 2435 450 ecclesiasticis
2460 396 2525 451 de
2554 394 2733 450 Gratia
2758 394 3203 467 Institutionibus,
3232 413 3364 470 quas
3383 416 3555 474 nuper
3577 404 3755 463 edide-

486 501 609 548 runt
646 491 992 547 illustrissimi
1033 489 1452 559 Archipraesules
1496 489 1721 546 Carolus
1765 487 2035 543 Mauritins
2081 487 2131 543 Ie
2168 487 2367 543 Tellier
2404 487 2716 553 Remensis,
2746 495 2800 543 et
2825 486 3124 547 Ludovicus
3150 491 3413 550 Antonius
3435 494 3504 550 de
3532 494 3754 557 Noailles

484 584 835 649 Parisiensis;
860 598 1084 654 quorum
1117 592 1177 637 ut
1215 581 1521 653 dignitatem
1548 591 1606 637 et
1630 581 1995 637 auctoritatem
2024 594 2364 648 veneramur,
2394 578 2467 635 ita
2491 580 2650 636 etiam
2679 580 2973 636 doctrinam
3003 596 3101 638 nos
3139 585 3291 655 sequi
3316 586 3491 657 palam
3520 593 3753 661 agnosci-

485 687 686 822 Μιξυὲ
702 676 1068 821 ξέἓΐέἑηηῖἔιλὶε
1100 764 1472 833 Pontiﬁcibus,
1500 764 1725 835 aliisque
1751 762 2004 820 Ecclesizn
2042 762 2390 833 praesulibus,
2420 776 2553 834 quos
2578 760 2820 820 Christus
2846 763 3105 821 Dominus
3145 765 3399 825 doctrinae
3436 771 3665 829 arbitros
3706 784 3754 830 et

477 855 684 929 iudices
726 856 1031 923 constituit,
1074 856 1321 912 demissis
1363 856 1558 911 animis
1591 855 1970 925 obsequimur;
1998 854 2199 909 nemini
2224 853 2507 909 obscurum
2534 867 2656 909 esse
2680 853 2870 922 debet,
2905 870 3004 911 nos
3034 856 3247 926 penitus
3270 859 3560 917 abhorrere
3584 876 3615 917 a
3638 863 3753 933 qui-

479 953 665 1011 busvis
693 950 919 1020 partium
949 950 1171 1017 studiis,
1199 958 1254 1005 et
1284 950 1337 1004 in
1363 949 1573 1007 edendo
1599 947 1896 1020 Augustino
1922 948 2000 1004 sic
2026 949 2079 1003 in
2104 947 2218 1019 ejus
2242 948 2539 1003 doctrinam
2582 947 2874 1005 intendisse
2919 951 3154 1008 animum
3175 994 3192 1021 ,
3239 962 3299 1009 ut
3339 954 3457 1026 eius
3498 956 3661 1014 verba
3702 967 3753 1014 et

479 1045 781 1100 sententias
806 1043 1011 1098 sincere
1034 1058 1097 1097 ac
1124 1043 1352 1113 genuine
1378 1049 1901 1113 reprmsentaremus.

552 1138 730 1206 Atque
754 1146 811 1191 ut
835 1136 902 1191 ad
930 1136 1135 1207 singula
1160 1134 1434 1191 veniamus
1458 1151 1471 1188 :
1498 1134 1554 1187 in
1582 1133 1929 1189 contexendis
1962 1133 2340 1206 marginalibus
2382 1135 2686 1191 summariis
2732 1135 2994 1207 ipsissima
3017 1139 3219 1210 passim
3246 1142 3408 1197 verba
3437 1144 3749 1215 Augustini,

480 1238 535 1284 et
557 1228 773 1299 quidem
797 1229 1180 1299 Angustiniano
1207 1242 1393 1295 sensu,
1418 1226 1671 1282 adhibere
1695 1228 2023 1283 curavimus.

548 1322 681 1377 IIinc
706 1331 788 1378 est
819 1322 960 1393 quod
983 1322 1070 1377 ubi
1094 1322 1289 1377 Gratia:
1315 1322 1527 1376 nomine
1555 1319 1610 1375 in.
1638 1320 1741 1375 illis
1768 1320 2072 1376 summariis
2096 1322 2179 1377 usi
2206 1336 2388 1379 sumus
2408 1364 2424 1390 ,
2450 1324 2503 1379 id
2530 1324 2856 1380 intellectum
2880 1323 3127 1380 volumus
3152 1327 3267 1396 ipso
3296 1336 3575 1386 contextus
3594 1347 3749 1389 sensu

478 1425 534 1471 et
564 1416 877 1486 Augustini,
907 1417 997 1487 qui
1020 1416 1221 1472 Gratiae
1239 1412 1437 1471 ChriSti
1459 1421 1514 1469 et
1542 1414 1738 1470 Gratia:
1759 1414 1971 1484 proprie
1998 1415 2156 1471 dicta:
2185 1416 2429 1485 nomine,
2455 1418 2685 1473 maxime
2711 1426 2833 1489 post
2852 1426 3095 1474 exortum
3118 1419 3312 1492 Pelagii
3343 1438 3600 1492 errorem,
3626 1439 3749 1496 gra-

476 1509 607 1562 tiam
641 1525 819 1563 veram
850 1518 903 1563 et
931 1509 1235 1563 interiorem
1257 1549 1277 1576 ,
1300 1507 1512 1577 qualem
1543 1507 1642 1561 iste
1672 1507 1927 1577 negabat,
1959 1507 2012 1561 in
2042 1509 2224 1577 primis
2253 1523 2382 1565 vero
2410 1510 2553 1565 illam
2587 1526 2706 1581 qua:
2733 1510 2922 1566 victrix
2951 1520 3035 1567 est
3068 1521 3122 1567 et
3156 1511 3397 1569 efﬁciens
3418 1556 3435 1576 ,
3463 1514 3747 1587 designare

475 1599 648 1654 solet:
675 1600 815 1670 quod
846 1600 1155 1670 intelligitur
1181 1614 1244 1654 ex
1273 1598 1520 1653 omnibus
1543 1596 1657 1653 fere
1684 1596 1834 1650 libris
1861 1611 1999 1667 quos
2024 1607 2212 1653 contra
2239 1599 2550 1671 Pelagianos
2574 1601 2917 1671 conscripsit;
2945 1602 3129 1672 quales
3158 1612 3282 1659 sunt
3308 1604 3432 1660 libri
3466 1604 3534 1661 de
3562 1605 3744 1663 Gratia

472 1687 705 1759 Christi,
729 1691 796 1747 de
820 1692 1167 1761 Correptione
1198 1698 1253 1745 et
1282 1689 1461 1745 Gratia
1479 1730 1496 1756 ,
1530 1696 1584 1744 et
1600 1729 1614 1754 ,
1642 1696 1696 1743 ut
1726 1688 1869 1745 alios
1889 1688 2215 1757 omittamus,
2235 1690 2356 1745 libri
2382 1700 2609 1761 quatuor
2631 1699 2817 1747 contra
2843 1692 2984 1747 Duas
3005 1691 3271 1763 Epistolas
3297 1694 3703 1766 Pelagianorum
3731 1741 3744 1761 ,

473 1784 527 1837 in
555 1796 782 1853 quorum
812 1784 1064 1854 postremi
1093 1783 1266 1853 capite
1290 1781 1493 1852 quinto,
1523 1782 1730 1852 gratiae,
1769 1797 1882 1854 quae
1909 1783 2113 1853 proprie
2134 1783 2299 1854 gratia
2329 1792 2433 1850 est,
2469 1783 2685 1839 nomine
2710 1783 3091 1854 interpretatur
3118 1794 3334 1841 sanctus
3362 1788 3557 1844 Doctor
3581 1790 3746 1861 inspi-

472 1876 717 1928 rationem
742 1874 1050 1941 dilectionis,
1065 1883 1118 1927 ut
1146 1875 1345 1945 cognita
1369 1882 1543 1966 saan
1571 1890 1743 1928 amore
1771 1874 2040 1944 faciamus.
2072 1873 2173 1929 Ubi
2200 1874 2402 1928 clarum
2430 1882 2515 1927 est
2537 1874 2808 1929 vocabulis
2835 1876 3013 1946 gratia:
3037 1891 3150 1945 quia
3178 1878 3378 1947 praprie
3426 1880 3593 1949 gratia
3628 1892 3703 1936 est
3726 1926 3744 1951 ,

472 1967 556 2020 vel
581 1981 695 2037 qua:
719 1967 927 2038 propria
949 1968 1114 2037 gratia
1141 1976 1212 2021 est
1239 1964 1334 2039 (ita
1361 1964 1738 2021 enim'variant
1763 1965 2105 2036 manuscripti
2131 1964 2388 2038 codices),
2408 1966 2713 2022 interiorem
2739 1968 2961 2038 gratiam
3003 1970 3355 2039 propugnari,
3396 1986 3556 2041 quam
3596 1973 3743 2029 malo

470 2055 598 2112 dolo
620 2066 676 2112 et
700 2057 998 2113 clanculum
1042 2057 1358 2113 subvertere
1396 2056 1700 2111 nitebantur
1728 2057 1848 2111 novi
1879 2055 2058 2110 hostes
2081 2055 2288 2127 gratiae,
2310 2055 2437 2111 dum
2465 2056 2548 2112 vel
2582 2057 2648 2111 ad
2681 2056 2882 2128 legem,
2911 2059 2994 2114 vel
3019 2059 3087 2113 ad
3121 2059 3366 2115 dilutiora
3394 2070 3450 2116 et
3474 2064 3743 2119 exteriora

470 2148 707 2206 subsidia
734 2150 901 2219 ipsam
932 2158 1261 2205 revocarent.
1295 2150 1525 2204 Mentem
1552 2147 1689 2202 hanc
1716 2147 1878 2203 fuisse
1902 2147 2257 2218 Ilipponensis
2285 2147 2553 2216 Praesulis,
2584 2148 2784 2220 liquido
2818 2148 2975 2205 docet
3010 2150 3156 2206 locus
3194 2150 3308 2221 ipse
3335 2167 3492 2222 quem
3522 2154 3745 2225 attingi-

464 2256 587 2297 mus
621 2256 636 2295 :
673 2242 862 2298 eodem
903 2242 1153 2297 nimirum
1191 2241 1365 2311 capite
1392 2247 1574 2307 notat,
1603 2238 1873 2310 Nusquam
1909 2241 2031 2295 istos
2063 2239 2241 2312 gratim
2264 2240 2491 2295 inimicos
2514 2241 2583 2294 ad
2608 2241 2823 2312 gratiam
2857 2242 3189 2297 vehementius
3225 2245 3622 2314 oppugnandam
3650 2262 3740 2300 oc-

462 2330 699 2386 cultiores
741 2332 913 2386 moliri
937 2331 1355 2401 insidias,quam
1382 2330 1466 2384 ubi
1494 2330 1653 2402 legem
1681 2330 1925 2394 laudant,
1960 2369 1975 2384 .
2020 2369 2035 2384 .
2079 2368 2095 2384 .
2139 2368 2155 2383 .
2198 2370 2214 2385 .
2257 2370 2272 2385 .
2316 2368 2332 2383 .
2377 2368 2393 2383 .
2440 2368 2456 2383 .
2498 2368 2514 2383 .
2558 2369 2572 2383 .
2616 2368 2631 2381 .
2676 2370 2690 2384 .
2733 2370 2748 2384 .
2793 2370 2809 2385 .
2852 2369 2868 2385 .
2911 2332 3131 2403 .Legem
3151 2335 3338 2404 quippe
3362 2334 3570 2389 diversis
3592 2336 3740 2392 locu-

470 2422 671 2483 tionum
694 2422 859 2477 modis
886 2431 933 2476 et
959 2423 1195 2476 uarietate
1220 2422 1481 2476 verborum
1499 2460 1517 2488 ,
1562 2421 1617 2475 in
1656 2421 1886 2476 omnibus
1924 2420 2347 2491 disputationibus
2372 2422 2477 2475 suis
2504 2421 2629 2475 velle
2659 2421 2873 2493 intelligi
2899 2424 3135 2492 gratiam,
3163 2432 3219 2478 ut
3243 2425 3430 2479 scilicet
3459 2441 3491 2478 a
3510 2425 3739 2482 Domino

465 2515 578 2572 Deo
601 2514 916 2585 adjutorium
941 2515 1239 2586 cognitionis
1258 2514 1551 2569 habeamus.
1582 2513 1707 2568 Ilaec
1728 2514 2006 2568 retulimus
2035 2514 2193 2584 paulo
2213 2512 2488 2585 prolixius,
2516 2520 2575 2567 ut
2597 2512 2662 2569 de
2686 2522 2864 2569 mente
2885 2515 3055 2570 sancti
3075 2515 3317 2571 Doctoris
3344 2516 3581 2586 apertius
3604 2532 3740 2574 con-

459 2614 659 2672 staret,
688 2604 755 2661 ad
782 2606 1011 2677 eamque
1034 2607 1273 2677 regulam
1297 2606 1637 2676 exigerentur
1655 2606 1771 2662 loca
1794 2606 2063 2675 complura
2083 2647 2104 2674 ,
2128 2622 2247 2676 qua:
2272 2606 2339 2660 ad
2366 2606 2657 2677 marginem
2686 2604 2944 2662 adnotare
2968 2606 3139 2661 visum
3169 2616 3249 2661 est
3277 2607 3592 2664 editoribus.

536 2699 700 2771 Igitur
726 2709 784 2755 ut
814 2708 924 2754 tota
963 2700 1060 2753 ista
1086 2715 1173 2756 res
1197 2698 1401 2754 facilius
1425 2698 1719 2767 explicetur
1736 2740 1751 2763 ,
1790 2697 1898 2753 duo
1927 2698 2156 2755 breviter
2176 2698 2602 2755 animadvertere
2626 2699 2837 2770 placet,
2876 2712 2995 2770 quae
3020 2700 3195 2768 magni
3220 2707 3344 2756 sunt
3370 2690 3625 2757 momenti
3660 2707 3738 2761 ad

460 2788 620 2845 ﬁdem
651 2800 887 2845 nostram
913 2790 980 2846 ab
1007 2790 1151 2845 omni
1180 2789 1481 2859 suspicione
1508 2788 1905 2844 exsolvendam.

532 2883 765 2937 Primum
801 2890 918 2947 est,
959 2881 1097 2952 quod
1124 2881 1231 2952 jam
1259 2896 1323 2935 ex
1347 2880 1643 2950 Augustino
1685 2879 2127 2947 insinuabamus,
2172 2878 2346 2949 ipsum
2393 2879 2534 2934 inter
2556 2878 2656 2935 alia
2703 2879 3011 2935 cltristiante
3047 2879 3259 2949 pietatis
3284 2880 3459 2952 capita
3483 2897 3603 2952 quae
3631 2884 3743 2940 sibi

461 2974 797 3037 defendenda
822 2974 1082 3045 sumpsit,
1116 2974 1201 3029 isti
1229 2973 1501 3043 probando
1527 2973 1806 3045 diligenter
1835 2973 2164 3040 incubuisse,
2187 2974 2409 3043 gratiam
2434 2989 2613 3029 veram
2629 3016 2644 3042 ,
2672 2974 2977 3031 interiorem
2994 3017 3009 3043 ,
3032 2976 3407 3046 propriamque
3429 2977 3744 3034 christiana:

456 3068 590 3138 legis
613 3108 626 3132 ,
666 3077 720 3123 ct
760 3067 1021 3123 diversam
1063 3067 1131 3122 ab
1171 3067 1317 3138 lege,
1362 3066 1632 3131 doctrina,
1670 3064 2093 3133 illuminatione,
2132 3080 2240 3136 quo
2273 3066 2387 3120 solo
2426 3080 2622 3137 genere
2656 3066 2837 3137 gratiae
2874 3075 3152 3123 contentos
3188 3061 3287 3123 nos
3328 3069 3540 3126 volebat
3569 3071 3737 3127 Pela-

455 3162 607 3231 gius,
634 3160 948 3216 Christianis
971 3160 1217 3216 omnibus
1239 3158 1649 3230 agnoscendam.
1678 3158 1737 3214 Id
1763 3158 1890 3215 vero
1919 3159 2015 3228 ipsi
2044 3158 2373 3230 propositum
2404 3159 2566 3215 fuisse
2595 3160 2647 3214 in
2679 3159 2929 3214 diuturna
2961 3168 3145 3216 contra
3172 3160 3483 3233 Pelagianos
3510 3178 3742 3221 concers

454 3253 658 3309 tatione
674 3294 690 3320 ,
716 3253 836 3309 libri
862 3252 973 3308 fere
994 3253 1255 3319 universi,
1288 3260 1347 3307 ut
1370 3260 1495 3307 ante
1518 3258 1759 3306 notatum
1783 3259 1895 3317 est,
1925 3251 2180 3306 adversus
2208 3251 2352 3315 ipsos
2374 3251 2501 3306 editi
2533 3252 2853 3322 loquuntur;
2879 3252 2973 3308 sed
3001 3252 3056 3307 in
3084 3254 3272 3324 primis
3299 3255 3434 3311 liber
3460 3255 3528 3311 de
3547 3256 3741 3313 Gratia

453 3344 686 3411 Christi,
717 3353 825 3399 tum
851 3352 1027 3400 textus
1047 3358 1205 3414 supra
1230 3343 1429 3399 relatus
1451 3357 1518 3398 ex
1542 3342 1716 3413 capite
1742 3343 1928 3413 quinto
1953 3342 2073 3397 libri
2101 3343 2273 3411 quarti
2300 3350 2486 3398 contra
2517 3342 2656 3397 Duas
2683 3342 3084 3414 Pelagianorum
3116 3345 3399 3415 Epistolas.

532 3437 627 3493 Isti
668 3446 849 3492 autem
892 3437 1079 3507 prima:
1127 3436 1484 3491 observationi
1527 3434 1858 3508 adjungenda
1896 3443 1979 3490 est
2016 3435 2118 3489 alia
2143 3452 2157 3489 :
2187 3450 2382 3505 nempe
2418 3441 2657 3489 sanctum
2696 3436 2985 3491 Prtesulem
3010 3437 3088 3491 sic
3113 3436 3327 3493 dedisse
3354 3453 3569 3508 operam
3600 3454 3739 3508 pro-

454 3530 641 3585 banda:
664 3529 849 3601 gratia:
876 3528 1115 3584 interiori
1142 3528 1439 3599 generatim
1464 3534 1723 3597 sumptae,
1766 3534 1824 3580 ut
1861 3535 2036 3581 tamen
2074 3525 2398 3583 creberrime
2425 3527 2733 3581 memorarit
2757 3527 2988 3596 speciem
3016 3528 3160 3582 illam
3192 3530 3409 3599 gratite,
3448 3546 3569 3600 quce
3598 3547 3735 3599 per-

453 3624 641 3682 fectior
682 3623 1023 3693 vegetiorque
1056 3622 1302 3687 habetur,
1347 3628 1401 3676 et
1437 3635 1557 3690 qua:
1585 3618 1653 3675 ab
1680 3618 1869 3688 potiori
1900 3619 2094 3674 virtute
2117 3627 2175 3674 et
2198 3620 2264 3673 ab
2285 3618 2476 3674 effectu
2497 3660 2513 3686 ,
2544 3634 2706 3690 quem
2731 3634 2799 3674 ex
2824 3631 3013 3675 natura
3040 3634 3137 3676 sua
3165 3628 3319 3677 certo
3343 3623 3731 3694 consequitur,

454 3717 637 3773 efﬁcax
666 3715 986 3786 appellatur.
1014 3713 1071 3769 Id
1090 3728 1217 3769 vero
1241 3728 1337 3769 cur
1357 3712 1561 3768 faceret
1587 3720 1800 3767 sanctus
1826 3711 2127 3767 divinorum
2156 3712 2472 3767 auxiliorum
2502 3728 2679 3783 prmco
2698 3754 2714 3780 ,
2746 3728 2937 3770 causas
2966 3713 3152 3771 habuit
3181 3731 3333 3771 veras
3360 3726 3414 3771 et
3440 3731 3653 3786 graves.

526 3809 704 3864 Primo
722 3850 743 3876 ,
764 3808 1064 3879 disputabat
1083 3807 1338 3863 adversus
1362 3805 1606 3861 homines
1625 3848 1639 3873 ,
1667 3806 1758 3876 qui
1785 3820 1908 3861 cum
1939 3805 2346 3876 possibilitatem
2370 3806 2541 3861 solam
2568 3806 2806 3876 adjuvari
2837 3808 2867 3862 ὸ
2895 3810 3004 3865 Deo
3032 3809 3273 3865 dicerent
3291 3852 3307 3878 ,
3338 3812 3600 3881 negabant
3629 3828 3741 3867 vo-

450 3905 706 3958 luntatem
744 3910 801 3956 et
830 3900 1092 3956 actionem
1121 3900 1189 3955 ab
1217 3900 1331 3969 ipso
1351 3897 1572 3970 perinde
1604 3898 1797 3969 juvari.
1832 3898 2011 3953 Errori
2042 3905 2219 3953 autem
2249 3898 2334 3953 isti
2363 3898 2686 3954 confutando
2715 3901 2839 3970 quid
2878 3902 3047 3973 magis
3085 3910 3265 3972 aptum
3289 3942 3303 3967 ,
3335 3918 3492 3973 quam
3530 3904 3745 3965 aﬁ‘erre

450 3998 579 4053 illud
609 3996 788 4051 auxilii
816 4011 984 4066 genus
1008 4035 1023 4061 ,
1056 4009 1162 4065 quo
1190 3994 1303 4063 ipsa
1332 3993 1559 4049 efﬁcitur
1583 3993 1761 4047 actio?
1796 3991 2063 4057 Secundo,
2093 4006 2215 4047 cum
2245 3992 2539 4064 disputatio
2566 3994 2901 4062 potissimum
2939 3994 3167 4050 ferveret
3193 3994 3259 4049 de
3288 3994 3589 4052 christiana:
3610 4000 3741 4067 pie-

451 4092 576 4146 tatis
602 4090 855 4161 operibus
878 4130 894 4157 ,
927 4088 1099 4159 iisque
1121 4086 1187 4141 ad
1213 4086 1437 4141 salutem
1464 4085 1814 4149 necessariis;
1840 4098 2019 4139 annon
2042 4098 2252 4154 aequum
2284 4085 2380 4139 fuit
2408 4083 2583 4140 aﬁ‘erri
2608 4086 2804 4155 gratias
2834 4085 2949 4139 illas
2967 4127 2981 4149 ,
3016 4086 3206 4156 quibus
3229 4085 3520 4141 christiana
3545 4090 3738 4158 pietas

448 4192 506 4239 et
526 4184 784 4267 ὴομοτυηι
805 4196 1027 4253 operum
1054 4180 1254 4235 fructus
1277 4194 1342 4234 ex
1371 4179 1481 4248 ipsa
1507 4177 1883 4235 efﬂorescunt?
1908 4178 2150 4245 Demum,
2179 4179 2252 4233 uti
2277 4180 2388 4248 jam
2418 4179 2509 4235 diu
2530 4188 2768 4235 notatum
2795 4188 2877 4234 est
2905 4181 2973 4234 ab
2999 4180 3304 4236 doctissimo
3330 4182 3575 4252 Petavio,
3610 4185 3743 4242 viro
3840 4172 3847 4177 ’

448 4277 849 4346 Augustinianm
870 4274 1125 4330 doctrina:
1148 4272 1313 4342 magis
1341 4272 1514 4342 perito
1543 4287 1701 4341 quam
1731 4281 1915 4327 tenace
1934 4312 1950 4336 ,
1979 4286 2083 4325 non
2113 4286 2235 4325 raro
2264 4279 2474 4326 veteres
2492 4312 2509 4337 ,
2542 4270 2635 4327 sed
2668 4287 2775 4342 pra:
2800 4272 3007 4326 caneris
3035 4272 3091 4325 S.
3123 4273 3445 4343 Augustinus
3465 4318 3478 4339 ,
3510 4290 3631 4330 eum
3662 4279 3746 4334 de

451 4368 618 4439 gratia
644 4367 804 4422 verba
828 4366 1045 4431 iaciunt,
1069 4365 1135 4419 de
1163 4379 1227 4419 ea
1254 4364 1559 4433 loquuntur,
1574 4378 1687 4433 qua:
1715 4364 1864 4433 plena
1907 4372 1999 4428 est,
2017 4365 2255 4433 perfecta,
2273 4373 2319 4417 et
2348 4365 2401 4416 in
2428 4378 2520 4417 suo
2550 4379 2729 4433 genere
2767 4363 3128 4434 perfectissima
3148 4364 3359 4436 (Dogm.
3390 4367 3565 4422 Theol.
3594 4377 3634 4422 t.
3674 4372 3700 4425 1
3720 4412 3741 4438 ,

453 4482 511 4533 ρ.
539 4460 806 4532 749).(εῑε.;
825 4458 967 4530 quod
991 4457 1214 4513 subinde
1239 4457 1320 4511 vir
1345 4457 1585 4512 eruditus
1604 4457 1929 4528 argumentis
1955 4455 2157 4525 aliquot
2170 4464 2225 4511 et
2241 4457 2721 4527 comparationibus
2740 4457 3017 4526 approbat.
3035 4460 3243 4525 Quanto
3260 4461 3425 4531 magis
3446 4462 3604 4532 igitur
3631 4469 3746 4535 qui

453 4555 523 4610 de
546 4554 736 4609 divinae
765 4553 947 4622 gratiae
969 4549 1216 4605 subsidiis
1244 4549 1363 4603 data
1393 4563 1552 4618 opera
1577 4548 1813 4619 disputat
1838 4557 2021 4603 contra
2049 4561 2143 4602 eos
2167 4546 2255 4617 qui
2283 4549 2529 4604 virtutem
2560 4548 2768 4603 illortun
2796 4550 3039 4617 elevant,
3068 4552 3264 4620 gratias
3289 4554 3466 4623 operis
3493 4554 3577 4610 sui
3602 4556 3748 4612 elli-

451 4660 614 4701 caccs
637 4645 689 4697 in
717 4642 946 4698 medium
977 4641 1270 4711 producere
1292 4639 1517 4694 debuit?

529 4738 611 4792 Ad
640 4738 754 4791 hmo
791 4736 836 4790 si
877 4748 1059 4804 aequus
1088 4734 1257 4790 lector
1284 4732 1521 4787 intendat
1548 4732 1781 4786 animum
1804 4776 1817 4797 ,
1850 4747 1933 4786 na:
1963 4731 2100 4785 haud
2124 4730 2408 4786 difﬁculter
2435 4732 2521 4786 ille
2546 4731 2789 4801 probabit
2816 4732 2973 4787 Iidem
2998 4742 3055 4789 et
3077 4734 3411 4790 sedulitatem
3436 4746 3695 4794 nostram
3727 4784 3748 4810 ,

454 4838 566 4883 tum
598 4828 649 4880 in
682 4826 935 4897 prmdicto
976 4827 1267 4881 summario
1301 4824 1367 4879 ad
1406 4824 1598 4879 librum
1637 4832 1881 4892 quartum
1912 4830 2097 4877 contra
2137 4822 2399 4889 Epistolas
2421 4822 2554 4876 duas
2580 4823 3013 4893 Pelagianorum,
3055 4835 3164 4880 tum
3198 4827 3251 4879 in
3286 4827 3407 4883 aliis
3448 4830 3752 4902 plerisque

453 4918 841 4988 marginalihus
864 4918 1022 4973 notis.
1054 4918 1119 4971 Et
1145 4927 1205 4972 ut
1222 4917 1290 4973 de
1315 4917 1490 4987 priore
1510 4914 1707 4983 aliquid
1734 4913 1973 4968 dicamus
1992 4952 2008 4978 ,
2051 4912 2347 4966 notavimus
2369 4914 2438 4968 ab
2469 4914 2763 4982 Augustino
2795 4916 3018 4986 gratiam
3047 4917 3150 4972 dici
3178 4918 3555 4988 inspirationem
3584 4924 3747 4978 dile-

451 5011 650 5066 ctionis.
690 5011 821 5078 Quis
856 5028 983 5067 vero
1011 5012 1083 5066 ita
1109 5025 1230 5067 esse
1255 5003 1584 5080 neget,éum
1613 5007 1789 5061 omnis
1810 5005 1975 5076 gratia
2006 5003 2189 5058 tendat
2213 5004 2279 5058 ad
2303 5004 2685 5061 dilectionem?
2724 5008 2851 5062 Dein
2892 5008 3167 5079 inspiratio
3205 5010 3306 5065 alia
3348 5012 3533 5067 efﬁcax
3554 5054 3567 5075 ,
3611 5016 3755 5072 alia

454 5108 722 5164 inefﬁcax.
758 5108 888 5174 Nos,
916 5107 1208 5178 generatim
1234 5106 1346 5174 ipsa
1374 5104 1534 5159 verba
1560 5102 1728 5158 sancti
1754 5098 1996 5155 Doctoris
2018 5094 2325 5166 usurpando
2342 5138 2358 5163 ,
2383 5097 2618 5154 diximus
2641 5100 2864 5169 gratiam
2893 5116 3014 5157 esse
3039 5103 3440 5172 inspirationem
3465 5104 3749 5164 dilectio~

451 5202 557 5255 nis.
586 5201 685 5257 Ubi
709 5202 946 5257 crimen?
967 5200 1053 5255 ubi
1076 5199 1247 5253 malus
1264 5196 1506 5251 animus?
1533 5195 1589 5251 Si
1608 5194 1676 5250 de
1696 5192 2040 5262 inSpiratione
2063 5191 2358 5262 generatim
2386 5199 2595 5261 sumpta
2626 5201 2807 5248 noster
2827 5203 3031 5259 auctor,
3062 5212 3159 5251 nos
3186 5196 3372 5251 itidem
3398 5196 3466 5252 de
3493 5198 3607 5267 ipsa
3643 5218 3661 5254 :
3695 5202 3755 5255 si

446 5295 515 5349 de
556 5292 771 5349 ellicaee
793 5335 809 5359 ,
848 5293 988 5363 quod
1027 5292 1201 5347 multo
1236 5289 1541 5346 credibilius
1562 5328 1579 5354 ,
1625 5286 1846 5358 perinde
1891 5300 1989 5341 nos
2030 5298 2241 5355 quoque
2267 5285 2337 5341 de
2364 5284 2484 5341 ista.
2515 5286 2969 5353 Quemadmodum
2999 5290 3155 5359 igitur
3178 5290 3399 5360 gratiam
3427 5290 3519 5345 Dei
3541 5291 3756 5361 legem

452 5389 622 5458 ipsam
648 5386 925 5457 intelligi?!
948 5384 1241 5455 Pelagianis
1267 5380 1591 5438 advertimus
1622 5378 1690 5434 ad
1728 5378 1856 5434 illud
1894 5379 2067 5449 ipsum
2091 5385 2283 5448 caput,
2312 5379 2392 5435 sic
2413 5388 2468 5435 et
2489 5379 2713 5449 gratiam
2740 5379 2808 5435 ab
2836 5390 3020 5435 saneto
3040 5381 3155 5450 ejus
3177 5381 3462 5438 defensore
3488 5383 3758 5453 inspira-

456 5480 655 5533 tionem
684 5476 983 5533 dilectionis
1005 5494 1020 5530 :
1042 5490 1148 5546 quo
1176 5474 1379 5529 scilicet
1404 5471 1626 5527 interius
1648 5471 1899 5527 auxilium
1928 5479 2285 5541 opponeretur
2317 5479 2541 5528 externo
2558 5512 2573 5539 ,
2614 5470 2754 5542 quod
2780 5488 2942 5528 unum
2969 5473 3236 5544 Pelagiani
3259 5474 3542 5531 admittere
3567 5475 3757 5531 vidc-

454 5574 668 5625 bantur.
698 5571 871 5637 Atque
901 5569 999 5622 hac
1025 5569 1135 5637 ipsa
1160 5565 1227 5621 de
1250 5580 1410 5621 causa
1432 5563 1653 5637 gratiam
1686 5564 1886 5635 praprie
1914 5572 2006 5619 aut
2025 5564 2283 5634 propriam
2312 5576 2464 5619 vocat
2486 5565 2810 5636 Augustinus
2832 5608 2847 5633 ,
2877 5566 3126 5635 quoniam
3154 5583 3253 5623 nec
3281 5585 3403 5623 vera
3429 5609 3445 5634 ,
3470 5581 3566 5622 nec
3588 5583 3756 5635 prn-

447 5664 561 5732 pria
592 5670 708 5716 erat
739 5661 928 5715 Christi
956 5662 1119 5730 gratia
1141 5704 1153 5723 ,
1188 5674 1345 5728 quam
1372 5659 1487 5728 lege
1511 5657 1591 5711 vel
1617 5657 1879 5713 exteriore
1907 5655 2209 5726 adjumento
2231 5656 2615 5713 concludebant
2637 5657 2777 5712 liberi
2794 5657 2987 5711 arbitrii
3012 5659 3272 5728 inﬂalorcs
3299 5700 3311 5725 ,
3342 5667 3399 5715 ut
3422 5659 3755 5730 aliquando

448 5752 592 5824 ipsos
622 5763 777 5811 vocat
800 5756 985 5812 ductus
1011 5754 1273 5824 Magister.
