3994 6352
222 314 277 373 ει
1458 305 1826 363 PBEFATIO
1862 305 2266 366 usususus.
3394 346 3397 351 -
3443 318 3513 373 se

285 425 558 483 Cancrum
586 431 647 480 ut
666 420 835 479 solam
852 419 1086 493 gratiam
1113 418 1385 477 victricem
1420 427 1477 477 et
1514 430 1785 477 actuosam
1810 422 2081 478 vocabulis
2105 421 2219 476 istis
2239 463 2253 487 ,
2281 437 2394 493 qum
2422 423 2621 495 proprie
2644 425 2807 496 gratia
2832 435 2903 479 est
2924 468 2939 492 ,
2972 426 3072 482 hoc
3095 427 3213 485 loco
3242 439 3296 485 et
3320 431 3510 488 simili-

226 520 316 578 bus
345 518 644 589 designarit
666 515 1015 587 Augustinus,
1044 513 1177 571 falso
1201 514 1321 585 quis
1346 514 1469 571 inde
1493 514 1768 586 colligeret
1796 516 1970 571 locum
2000 531 2104 569 non
2131 515 2355 586 relinqui
2383 516 2503 571 ullis
2525 516 2641 571 aliis
2659 516 2937 588 adiutoriis
2956 559 2972 586 ,
2999 521 3172 590 qualia
3193 532 3318 578 sunt
3335 525 3507 579 inciti-

226 618 360 676 cacia
381 625 439 671 et
452 630 626 671 sensu
655 612 1052 669 Thomistarum
1079 610 1414 668 sufficientia.
1445 610 1611 681 liujus
1637 610 1848 680 generis
1875 611 2073 682 gratias
2112 609 2251 664 haud
2294 610 2454 665 dubie
2497 612 2735 682 agnoscit
2772 621 2987 669 sanctus
3026 614 3263 683 Prtesul,
3304 632 3507 688 nosque

227 723 335 764 cum
360 706 484 776 ipso
508 720 667 761 veras
693 713 747 760 et
771 703 986 774 proprie
1013 702 1184 759 dictas
1214 701 1541 772 proﬁtemur.
1564 700 1675 757 Nec
1698 701 1862 757 refert
1884 702 2026 772 quod
2057 702 2227 756 rarior
2257 701 2334 756 illi
2359 699 2428 757 de
2454 702 2569 759 istis
2598 706 2977 773 posterioribus
2998 707 3216 773 mentio,
3245 717 3337 762 aut
3364 710 3506 778 quod

229 796 676 865 nominibusaliis
702 794 848 867 ipsas
877 795 1188 865 plerumque
1213 793 1481 864 appellet,
1521 792 1724 849 scilicet
1761 792 2077 863 quandoque
2115 793 2419 848 voluntatem
2444 810 2649 865 parvam
2668 836 2682 860 ,
2713 796 3031 867 quandoque
3052 800 3503 869 parvam‘cltm'ita-

234 899 343 955 tan,
368 889 649 953 minos-em,
679 886 995 953 invalidam,
1034 887 1399 958 imperfectam.
1437 884 1703 941 Vocabula
1730 885 1861 940 nihil
1895 884 1963 941 de
1995 901 2054 941 re
2082 885 2196 955 ipsa
2231 885 2531 941 detrahunt.
2561 887 2719 943 Certe
2747 888 3056 946 charitatem
3086 904 3300 961 parvam
3323 903 3382 949 et
3404 895 3506 948 int-

232 980 514 1054 perfectam
540 981 593 1036 iu
614 981 777 1036 Petro
802 979 870 1035 de
899 994 959 1034 se
986 986 1344 1050 praesumente
1372 977 1569 1032 donum
1602 976 1696 1033 Dei
1722 985 2031 1033 constanter
2056 986 2228 1043 vocat,
2259 977 2395 1033 libro
2414 978 2481 1035 de
2503 978 2685 1035 Gratia
2713 987 2771 1036 et
2796 980 2990 1037 Libero
3026 982 3265 1038 Arbitrio
3284 1024 3300 1051 ,
3324 986 3505 1055 capite

233 1074 426 1130 decimo
451 1073 705 1144 septimo.
742 1071 810 1129 Ut
838 1070 1081 1126 omittam
1109 1069 1319 1125 interim
1343 1110 1360 1136 ,
1388 1068 1529 1140 quod
1554 1068 1731 1123 omnis
1756 1068 1896 1124 bona
1916 1069 2157 1123 voluntas
2178 1075 2362 1125 sancto
2385 1070 2597 1126 Doctori
2623 1086 2728 1127 non
2750 1072 2917 1143 possit
2940 1087 3060 1130 esse
3080 1072 3277 1145 absque
3300 1075 3500 1145 gratia:

230 1164 360 1237 quod
380 1173 435 1221 et
460 1165 535 1220 ad
559 1179 713 1222 oram
742 1163 944 1219 codicis
964 1205 980 1229 ,
1007 1163 1094 1219 ubi
1122 1177 1183 1218 se
1208 1161 1327 1217 tulit
1352 1161 1563 1217 occasio
1580 1202 1595 1228 ,
1629 1167 1814 1215 notare
1842 1175 1949 1215 non
1979 1161 2435 1231 praetermisimus.

292 1257 477 1329 Neque
516 1273 649 1313 vero
684 1256 907 1327 arquiori
936 1255 1003 1310 de
1043 1253 1292 1311 causalis
1329 1253 1611 1309 adversum
1646 1268 1744 1308 nos
1781 1261 2059 1319 movetur,
2082 1251 2222 1321 quod
2259 1253 2541 1308 universam
2565 1254 2748 1311 divinae
2772 1258 2951 1327 gratias
2972 1257 3301 1313 oeconomiam
3323 1257 3501 1315 oculis

226 1350 404 1421 subjici
439 1351 597 1425 libro
622 1351 690 1407 de
714 1349 1063 1419 Correptionc
1104 1356 1157 1403 et
1189 1346 1371 1403 Gratia
1400 1346 1853 1402 admonuerimus.
1885 1346 2066 1401 Primo
2094 1346 2145 1400 id
2174 1347 2401 1402 mutuati
2428 1362 2612 1403 sumus
2638 1349 2706 1405 ab
2733 1349 3031 1405 clarissimo
3056 1360 3114 1406 et
3135 1350 3498 1407 eruditissimo

226 1445 619 1516 Angustiniana:
656 1443 912 1499 doctrina:
950 1440 1161 1496 vindice
1188 1450 1243 1496 et
1268 1439 1557 1510 interprete
1592 1438 1698 1510 (a),
1727 1438 1882 1508 cujus
1921 1438 2083 1494 verba
2110 1446 2165 1493 et
2188 1452 2401 1493 sensum
2431 1438 2779 1496 reddidimus.
2811 1440 3081 1509 Secundo,
3129 1442 3278 1499 nullo
3303 1442 3409 1499 alio
3447 1443 3501 1499 in

229 1554 384 1609 opere
407 1539 609 1609 majori
634 1553 755 1593 cum
782 1537 900 1593 luce
916 1534 1171 1606 explicuit
1200 1532 1555 1604 Hipponensis
1576 1531 1779 1587 Pracsul
1803 1531 2109 1587 discrimina
2132 1529 2363 1587 hominis
2390 1531 2580 1588 stantis
2605 1540 2661 1589 et
2686 1532 3005 1595 innocentis.
3030 1543 3087 1591 et
3116 1535 3347 1592 hominis
3371 1535 3505 1607 lapsi

228 1644 278 1687 et
310 1633 481 1688 noxii.
509 1631 697 1688 Tertio
718 1672 734 1697 ,
772 1643 963 1686 causas
993 1624 1371 1699 perseverandi
1398 1624 1482 1681 vel
1516 1639 1621 1681 non
1652 1623 2031 1695 perseverandi
2061 1623 2115 1678 in
2153 1630 2382 1695 utroque
2415 1631 2557 1679 statu
2596 1638 2854 1695 nusquam
2894 1625 3195 1698 diligentius
3221 1627 3503 1699 expressit.

227 1724 456 1795 Denique
483 1719 970 1795 pnedestinationis
989 1728 1207 1775 mtcrnte
1233 1716 1373 1774 circa
1399 1717 1599 1773 electos
1628 1717 1997 1771 inconcussam
2018 1714 2315 1771 doctrinam
2336 1714 2638 1773 admirabili
2657 1717 2975 1787 compendio
2998 1718 3261 1789 pertexuit
3280 1719 3335 1773 in
3360 1718 3503 1775 dicto

229 1818 375 1873 libro.
401 1816 515 1872 Cur
542 1817 704 1888 igitur
729 1814 854 1869 vitio
889 1812 972 1868 vel
1016 1811 1227 1868 crimini
1265 1809 1422 1867 datur
1448 1808 1552 1865 dici
1574 1851 1590 1877 ,
1619 1808 1765 1864 hunc
1789 1808 1982 1863 librum
2021 1807 2325 1865 universam
2358 1809 2543 1878 gratia:
2580 1811 2934 1865 teconomism
2962 1810 3285 1881 complecti?
3322 1810 3419 1867 Ubi
3447 1820 3504 1867 et

226 1909 389 1965 obiter
414 1908 549 1963 illud
578 1908 911 1977 profitemur,
951 1902 1202 1975 Opuseuli
1228 1901 1469 1973 ejusdem
1495 1900 1811 1972 analytieam
1837 1899 2110 1971 synopsim
2139 1898 2320 1955 insciis
2349 1899 2656 1970 Praepositis
2681 1900 2879 1956 nostris
2921 1900 3243 1970 publicatam
3274 1917 3288 1955 :
3318 1900 3374 1956 in
3399 1915 3507 1971 quo

225 1998 562 2071 ﬂagitantium
589 1999 736 2053 illam
766 1995 1117 2067 quorumdam
1146 1994 1403 2051 voluntati
1432 2007 1637 2049 morem
1666 2007 1852 2064 gerere
1879 2006 1939 2046 se
1966 2006 2122 2061 posse
2158 1990 2446 2048 arbitratus
2470 2000 2552 2048 est
2577 2006 2713 2046 unus
2736 2006 2769 2048 e
2798 1992 3017 2057 nostris,
3047 2002 3167 2047 cum
3198 2000 3373 2049 tamen
3404 2007 3504 2047 nec

226 2092 294 2146 illi
320 2106 417 2147 nec
442 2091 600 2146 nobis
625 2090 907 2146 consilium
936 2088 1123 2143 fuisset
1150 2086 1459 2157 particulam
1487 2086 1641 2141 istam
1670 2084 1919 2140 universo
1942 2084 2089 2154 operi
2126 2083 2467 2154 prtemittere,
2496 2098 2527 2138 a
2552 2083 2704 2153 cujus
2729 2084 3002 2154 proposito
3022 2084 3249 2139 alienam
3276 2097 3414 2149 esse,
3448 2093 3506 2140 et

224 2182 284 2237 ad
310 2182 359 2237 id
383 2182 528 2252 quod
553 2180 815 2252 agebatur
838 2179 1057 2234 minime
1080 2178 1434 2249 pertinentem
1456 2191 1559 2231 non
1584 2174 1733 2229 inviti
1754 2174 2107 2244 agnoscimus.
2132 2172 2312 2242 Neque
2331 2173 2474 2229 enim
2498 2174 2913 2231 commentarios
2935 2182 3028 2230 aut
3042 2173 3335 2244 analyticas
3361 2188 3507 2229 sum.

224 2289 330 2330 mas
356 2274 522 2329 edere
550 2275 769 2327 animus
800 2270 896 2325 fuit
923 2271 975 2325 in
1011 2284 1173 2339 Opera
1205 2268 1375 2325 sancti
1404 2266 1665 2323 Doctoris.
1697 2263 1961 2321 Craterum
1997 2264 2066 2320 de
2102 2264 2368 2335 praedicta:
2395 2265 2699 2337 analyseos,
2729 2282 2849 2336 qum
2889 2281 3011 2322 cum
3036 2266 3355 2322 auctoritate
3378 2266 3504 2321 olim

223 2366 502 2438 prodierat,
537 2365 785 2430 utilitate,
808 2362 1003 2433 pretio,
1032 2361 1155 2427 iide,
1177 2360 1243 2415 ad
1276 2373 1375 2415 nos
1401 2358 1579 2413 dicere
1612 2373 1717 2411 non
1744 2357 1972 2423 attinet;
1998 2370 2118 2410 eum
2146 2355 2396 2413 harumce
2424 2372 2602 2413 rerum
2640 2357 2927 2428 prtesultsm
2957 2358 3234 2414 arbitrium
3259 2372 3379 2415 esse
3408 2357 3504 2415 de-

223 2461 353 2524 beat,
382 2474 495 2514 non
526 2458 881 2528 privatorum,
910 2454 1095 2526 quales
1120 2468 1327 2509 sumus.

284 2552 407 2606 Post
428 2566 500 2606 ea
524 2566 658 2605 vero
678 2565 799 2620 quae
823 2548 1079 2612 diximus,
1106 2546 1304 2601 morari
1329 2558 1651 2615 quemquam
1684 2560 1786 2597 non
1815 2542 1997 2606 debet,
2028 2543 2142 2600 sive
2167 2542 2308 2613 quod
2332 2544 2469 2600 libro
2496 2544 2565 2599 de
2593 2545 2938 2615 Correptionc
2961 2554 3017 2602 et
3044 2547 3243 2611 Gratia,
3268 2547 3334 2601 ad
3360 2562 3503 2602 mar-

222 2645 383 2713 ginem
400 2642 605 2713 capitis
630 2639 871 2706 secundi,
906 2639 1090 2710 gratia:
1109 2636 1314 2694 efﬁcaci
1342 2651 1535 2692 nomen
1562 2636 1741 2708 gratiae
1766 2632 1956 2691 Christi
1982 2635 2245 2706 praecipua
2269 2635 2496 2707 quadam
2527 2637 2733 2691 ratione
2760 2637 3007 2694 tribuisse
3026 2639 3123 2693 visi
3148 2654 3366 2695 sumus:
3394 2639 3507 2696 sive

221 2734 349 2805 quod
372 2734 429 2789 in
458 2734 605 2789 libro
633 2732 700 2788 de
720 2732 899 2787 Gratia
928 2730 1124 2785 Christi
1154 2729 1601 2785 insinuaverimus
1625 2742 1745 2783 eam
1772 2742 1891 2784 esse
1916 2727 2258 2797 deﬁnitionem
2287 2730 2462 2799 gratia:
2486 2727 2707 2795 Christi,
2744 2745 2905 2801 quam
2930 2730 3037 2787 illic
3061 2730 3213 2787 atiert
3238 2731 3297 2787 S.
3323 2732 3504 2803 Augu-

221 2826 397 2893 stinus,
431 2826 668 2893 scilicet,
719 2822 1113 2894 lnspirationem
1139 2820 1545 2876 luminosissima:
1568 2828 1613 2874 et
1638 2820 2007 2875 ardentissima:
2035 2820 2297 2876 charitatis
2319 2837 2338 2876 :
2370 2821 2483 2876 sive
2522 2820 2737 2877 demum
2766 2822 2909 2893 quod
2943 2824 3011 2878 ad
3039 2832 3199 2893 caput
3238 2823 3504 2880 decimum

221 2922 426 2977 tertium
452 2918 704 2990 ejusdem
732 2917 852 2974 libri
888 2924 1129 2972 notatum
1155 2916 1245 2984 sit,
1279 2914 1429 2981 Quod
1446 2916 1533 2988 qui
1564 2932 1655 2985 per
1682 2916 1898 2986 gratiam
1922 2914 2122 2982 didicit,
2150 2925 2268 2987 agat
2298 2917 2501 2970 omnino
2524 2917 2769 2986 quidquid
2796 2918 3045 2989 agendum
3074 2917 3283 2984 didicit;
3310 2929 3384 2985 et,
3408 2920 3508 2986 Qui

221 3029 304 3084 per
328 3013 548 3084 gratiam
575 3011 790 3077 didicit,
818 3009 987 3075 venit;
1010 3008 1097 3080 qui
1123 3024 1226 3062 non
1258 3008 1411 3075 venit,
1440 3024 1539 3062 non
1578 3007 1775 3062 didicit.
1808 3007 1934 3063 Haec
1959 3007 2103 3063 enim
2130 3017 2186 3063 et
2208 3008 2311 3063 alia
2341 3007 2669 3078 hujusmodi,
2689 3025 2807 3077 qua:
2834 3010 3017 3080 gratia:
3040 3009 3242 3066 efficaci
3272 3011 3502 3067 maxime

220 3107 573 3175 conveniunt,
605 3106 750 3162 dicta
777 3114 901 3160 sunt
929 3104 1129 3175 absque
1167 3103 1487 3159 detrimento
1514 3104 1734 3157 alterius
1761 3118 1904 3158 vera:
1928 3110 1983 3158 et
2011 3102 2278 3157 interioris
2316 3102 2522 3173 gratim,
2550 3101 2645 3157 sed
2675 3102 2867 3159 eilectu
2896 3118 2995 3158 suo
3016 3102 3270 3171 carentis,
3297 3104 3504 3175 qualem

222 3208 331 3270 post
352 3209 615 3256 sanetum
644 3198 995 3269 Augustinum
1019 3194 1203 3253 schola
1230 3194 1623 3250 Thomistarum
1646 3204 1962 3266 prepugnat.
1994 3195 2128 3250 llinc
2151 3194 2317 3249 solius
2343 3194 2527 3264 gratia:
2547 3194 2782 3250 victricis
2806 3204 2861 3250 et
2884 3195 3128 3250 maxima:
3156 3195 3389 3266 inopiam
3415 3205 3506 3252 aut

220 3295 640 3352 subtractionem
676 3293 976 3363 significare
1002 3290 1270 3346 voluimus
1296 3288 1363 3344 ad
1392 3288 1587 3343 librum
1615 3288 1906 3344 secundum
1950 3288 2018 3343 de
2054 3288 2398 3343 Peccatorum
2428 3286 2626 3343 Meritis
2653 3297 2706 3341 et
2736 3287 3085 3353 “emissione,
3120 3287 3207 3344 ubi
3236 3302 3358 3343 cum
3379 3302 3505 3344 san-

219 3396 325 3442 ctus
348 3386 557 3445 Doctor
587 3384 837 3455 inquirit,
868 3399 959 3437 cur
992 3381 1241 3437 victricem
1278 3378 1657 3434 delectationem
1693 3394 1794 3433 non
1823 3377 2053 3433 omnibus
2072 3418 2086 3443 ,
2126 3377 2203 3432 vel
2228 3394 2330 3431 non
2354 3392 2551 3447 semper
2576 3378 2762 3432 sanctis
2788 3378 2870 3432 det
2907 3378 3078 3444 Deus;
3104 3378 3334 3435 breviori
3366 3379 3501 3435 forte

220 3476 539 3548 compendio
560 3476 881 3532 sententiam
910 3476 968 3531 in
1009 3473 1248 3545 margine
1273 3472 1352 3527 sic
1386 3471 1745 3538 expressimus
1769 3488 1783 3525 :
1813 3470 1991 3527 Gratia
2022 3486 2115 3525 cur
2138 3486 2236 3524 non
2266 3468 2525 3535 omnibus,
2547 3470 2624 3524 vel
2657 3485 2757 3524 non
2780 3486 2974 3541 semper
2998 3472 3185 3526 sanctis
3209 3472 3373 3527 detur.
3402 3470 3499 3527 Ubi

217 3570 387 3625 addita
413 3569 617 3625 vocula
642 3569 841 3634 victrix,
872 3566 1183 3623 offensionis
1202 3578 1389 3619 ausam
1412 3578 1626 3619 omnem
1652 3563 1883 3619 ablatam
1906 3576 2260 3633 caperemus:
2291 3560 2416 3616 licet
2440 3560 2715 3631 Augustini
2738 3574 2917 3625 sensu,
2946 3576 3115 3631 eoque
3139 3562 3357 3618 minime
3380 3576 3498 3619 am-

216 3664 365 3732 biguo
388 3705 407 3731 ,
438 3677 647 3718 nomen
677 3661 862 3732 gratia:
887 3659 1204 3730 simpliciter
1236 3672 1334 3727 pro
1369 3658 1571 3713 efiicaci
1600 3656 1770 3727 gratia
1801 3656 2207 3727 sumpserimus,
2249 3669 2372 3710 cum
2407 3663 2463 3709 et
2486 3655 2536 3708 iu
2564 3654 2764 3709 sanctis
2796 3662 2851 3709 et
2894 3654 2945 3707 in
2982 3653 3348 3723 peccatoribus
3376 3668 3498 3710 eum

215 3764 393 3811 sancto
424 3755 691 3811 Antistite
718 3754 951 3809 minores
976 3751 1196 3824 gratias,
1220 3765 1417 3823 easque
1440 3750 1770 3806 Thomistico
1798 3765 1957 3807 sensu
1982 3749 2326 3817 sufficientes,
2353 3747 2712 3803 admittamus.

282 3852 493 3905 Revera
513 3848 633 3919 ejus
660 3849 873 3919 generis
899 3848 1097 3918 gratias
1139 3846 1336 3918 passim
1376 3847 1723 3917 experiuntur
1762 3848 1921 3904 etiam
1960 3858 2298 3919 peccatores,
2345 3848 2575 3904 maxime
2609 3849 2659 3903 iu
2694 3865 2790 3903 sua
2835 3849 3070 3920 ipsorum
3096 3850 3446 3906 conversione
3484 3867 3499 3903 :

214 3941 381 3996 multo
406 3942 593 3996 minus
608 3940 767 4009 justis
793 3955 884 3996 eas
913 3940 1140 4009 denegat
1167 3940 1333 4006 Deus;
1362 3940 1555 4011 quippe
1580 3941 1671 4010 qui
1692 3940 1867 4011 justos
1903 3957 2006 3996 non
2036 3940 2238 4005 deserit,
2267 3941 2365 3995 nisi
2391 3942 2531 4012 prius
2558 3940 2620 3994 ab
2650 3942 2720 3996 eis
2750 3941 3026 3997 deseratur.
3062 3942 3173 3998 lloc
3208 3942 3351 3998 enim
3389 3941 3492 3997 dis'

215 4033 420 4089 aimen
451 4033 784 4103 Augustinus
810 4032 951 4088 inter
979 4032 1145 4087 Deum
1188 4032 1567 4103 justiiicantem
1601 4042 1657 4089 et
1684 4034 1950 4089 medicum
1982 4043 2257 4089 saltantem
2285 4034 2487 4098 statuit,
2515 4036 2649 4104 quod
2679 4035 2899 4090 medicus
2927 4037 3076 4091 homo
3101 4051 3213 4091 cum
3252 4037 3506 4091 sanaverit

215 4125 497 4193 hominem,
517 4128 628 4196 jam
652 4125 717 4180 de
741 4136 920 4181 cetera
958 4124 1341 4180 sustentandum
1376 4125 1630 4180 elementis
1656 4135 1703 4180 et
1740 4127 1989 4182 alimentis
2025 4126 2393 4196 corporalibus,
2420 4135 2477 4180 ut
2501 4126 2673 4181 eadem
2701 4128 2890 4181 sanitas
2918 4138 3037 4199 apto
3068 4128 3289 4184 subsidio
3317 4144 3505 4183 conva-

215 4216 390 4282 lescat,
424 4215 537 4272 Deo
558 4218 791 4273 dimittit.
816 4217 885 4273 At
904 4217 1045 4273 Deus
1071 4224 1354 4287 postquam
1380 4216 1601 4287 impium
1623 4217 2012 4287 justiﬁeaverit,
2044 4234 2158 4272 eum
2183 4234 2283 4272 non
2308 4218 2490 4273 deserit
2513 4219 2557 4272 si
2585 4236 2685 4274 non
2710 4220 2989 4289 deseratur,
3011 4231 3067 4276 ut
3098 4222 3180 4293 pie
3200 4238 3393 4293 semper
3423 4222 3501 4293 ju-

210 4319 385 4373 steque
411 4310 634 4376 vivatur,
665 4309 836 4378 inquit
863 4317 1078 4363 sanctus
1100 4307 1297 4363 Doctor
1315 4306 1369 4362 in
1395 4306 1533 4363 libro
1558 4307 1624 4363 de
1643 4307 1836 4363 Natura
1863 4320 1917 4365 et
1936 4307 2139 4373 Gratia,
2165 4308 2336 4377 capite
2365 4308 2621 4379 vigesimo
2646 4320 2818 4364 sexto.

278 4400 418 4457 Cum
454 4402 540 4457 bis
567 4401 746 4471 itaque
784 4399 1037 4455 subsidiis
1064 4398 1241 4470 justus
1265 4400 1679 4469 'perseveraret,
1719 4400 1763 4454 si
1791 4400 1952 4456 vellet
1977 4417 1990 4454 :
2020 4399 2162 4469 quod
2201 4413 2328 4454 vero
2356 4400 2507 4464 nolit,
2536 4399 2651 4470 ejus
2679 4401 2831 4472 culpa
2860 4411 2961 4468 cst,
2995 4404 3201 4458 tametsi
3231 4419 3502 4475 nunquam

209 4491 365 4561 plene
389 4500 450 4549 et
477 4490 771 4547 efficaciter
798 4490 960 4555 volet,
990 4490 1093 4545 nisi
1118 4490 1363 4559 ampliori
1387 4496 1445 4545 et
1468 4490 1674 4545 fortiori
1698 4491 1880 4561 gratim
1906 4489 2169 4560 adjutorio
2191 4489 2453 4544 fulciatur.

276 4578 360 4637 Ex
382 4582 477 4638 his
503 4580 664 4637 facile
700 4581 1026 4650 intelligitur,
1052 4579 1315 4636 sinceram
1350 4580 1403 4635 in
1428 4580 1538 4635 Deo
1562 4596 1682 4635 esse
1707 4596 1894 4636 omnes
1923 4580 2161 4635 salvaudi
2190 4581 2431 4637 homines
2466 4582 2793 4638 voluntatem
2821 4602 2831 4637 :
2861 4598 3018 4654 quam
3048 4585 3369 4643 voluntatem
3399 4588 3503 4645 etsi

205 4674 501 4746 aliquando
521 4674 592 4730 ad
611 4675 831 4742 electos,
855 4682 944 4729 aut
958 4673 1023 4729 ad
1038 4689 1234 4745 genera
1260 4673 1586 4744 singulorum
1613 4674 1933 4745 restringere
1958 4674 2198 4728 videatur
2224 4674 2567 4744 Augustinus,
2591 4684 2649 4729 ut
2670 4675 3067 4746 Pelagianorum
3095 4678 3269 4747 pravis
3289 4681 3499 4751 quibus-

203 4766 327 4822 dam
350 4769 408 4823 in
431 4767 538 4822 hoc
558 4767 731 4836 capite
756 4767 1003 4823 sensibus
1032 4776 1307 4835 occurrat:
1326 4781 1435 4820 non
1465 4774 1641 4821 tamen
1667 4768 1931 4838 improbat
1958 4768 2061 4822 alio
2088 4768 2323 4838 quolibet
2350 4782 2511 4824 sensu
2540 4770 2867 4827 voluntatem
2898 4772 3051 4828 istam
3081 4774 3352 4843 eXplicari,
3383 4774 3502 4827 dum

204 4868 373 4915 tamen
395 4860 607 4917 credere
624 4876 727 4913 non
747 4876 1002 4930 cogamur,
1024 4859 1214 4929 inquit,
1231 4858 1423 4928 aliquid
1438 4858 1824 4929 omnipotentem
1846 4859 2007 4913 Deum
2029 4860 2141 4930 ﬁeri
2165 4859 2397 4924 voluisse,
2421 4861 2690 4916 voluntate
2716 4863 2964 4919 nimirum
2990 4865 3251 4930 absoluta,
3279 4865 3500 4933 factum-

203 4974 298 5027 que
315 4975 423 5012 non
449 4974 560 5012 esse
580 4956 768 5026 (Ench.
786 4974 834 5011 c.
858 4956 1006 5026 l03).
1029 4955 1179 5011 Unde
1196 4954 1301 5009 alio
1318 4955 1435 5009 loco
1455 4955 1756 5024 generalem
1783 4956 2066 5025 quamdam
2093 4956 2183 5010 Dei
2205 4955 2272 5010 de
2294 4955 2531 5010 omnium
2557 4956 2829 5012 hominum
2853 4959 3025 5013 salute
3048 4958 3374 5013 voluntatem
3398 4973 3502 5012 non

202 5050 445 5105 obscure
475 5049 668 5117 innuit,
697 5064 819 5104 cum
854 5047 1028 5113 docet,
1053 5046 1144 5101 Sic
1172 5045 1298 5100 velle
1333 5046 1490 5100 Deum
1530 5062 1704 5100 omnes
1730 5046 1957 5101 homines
1982 5046 2147 5101 salvos
2188 5047 2299 5115 fieri
2320 5057 2369 5100 et
2393 5046 2447 5100 in
2459 5043 2779 5118 'agnilionem
2801 5048 3021 5103 veritatis
3042 5049 3232 5116 venire,
3260 5055 3315 5101 ut
3338 5057 3504 5103 tamen

205 5158 305 5195 non
328 5142 534 5195 adimat
555 5141 630 5196 eis
656 5140 868 5195 liberum
893 5138 1181 5205 arbitrium,
1209 5153 1310 5209 quo
1334 5137 1456 5190 bene
1486 5137 1563 5190 vel
1589 5137 1720 5191 male
1745 5145 1936 5191 utentes
1958 5138 2241 5209 justissima
2260 5138 2557 5207 judicentur
2585 5153 2603 5192 :
2635 5140 2771 5211 quod
2804 5155 2916 5193 cum
2947 5139 3023 5207 ﬁt,
3052 5138 3281 5207 infideles
3301 5140 3502 5209 quidem

203 5243 391 5287 contra
419 5232 734 5288 voluntatem
755 5232 851 5287 Dei
869 5232 1082 5302 faciunt,
1111 5247 1226 5283 cum
1254 5230 1363 5300 ejus
1387 5228 1660 5298 Evangelia
1698 5245 1799 5281 non
1824 5229 2072 5293 credunt;
2096 5245 2185 5282 nec
2209 5228 2321 5283 ideo
2348 5238 2513 5283 tanton
2538 5246 2646 5283 eam
2668 5230 2892 5296 vincunt,
2923 5244 3095 5284 verum
3119 5240 3172 5285 se
3195 5231 3332 5299 ipsos
3358 5236 3503 5301 frau-

208 5326 337 5379 dant
363 5342 560 5397 magno
582 5336 629 5379 et
659 5341 859 5380 summa
884 5323 1033 5388 bono,
1070 5323 1316 5392 malisque
1347 5321 1628 5391 poenalibus
1653 5319 1948 5389 implicant,
1973 5320 2228 5391 expcrturi
2257 5322 2308 5374 in
2334 5320 2597 5391 suppliciis
2628 5331 2919 5391 potestatem
2941 5324 3070 5393 eius,
3101 5324 3248 5395 cujus
3285 5325 3333 5376 in
3356 5323 3503 5379 donis

204 5416 621 5471 misericordiam
641 5424 1043 5487 contempserunt
1062 5412 1166 5486 (De
1191 5412 1335 5483 Spir.
1356 5420 1401 5465 et
1427 5410 1575 5478 Litt.,
1598 5426 1714 5481 cap.
1744 5411 1857 5481 55).

283 5508 367 5562 De
396 5516 788 5578 praceptorum
819 5505 1168 5577 possibilitate
1211 5509 1289 5557 tot
1315 5508 1370 5557 et
1394 5512 1501 5556 tam
1527 5511 1709 5572 aperta
1739 5509 1862 5557 sunt
1900 5503 2067 5558 sancti
2110 5504 2385 5573 Augustini
2409 5504 2725 5573 testimonia,
2756 5512 2811 5560 ut
2836 5522 2897 5559 ea
2932 5506 3033 5560 huc
3053 5504 3243 5561 afferre
3271 5507 3500 5562 otiosum

205 5596 383 5655 fuerit
414 5617 431 5654 :
460 5611 617 5669 negat
642 5607 819 5653 tamen
839 5612 901 5653 ea
928 5595 1199 5666 possibilia
1229 5607 1351 5650 esse
1371 5592 1438 5648 ad
1465 5601 1697 5647 mentem
1722 5593 2147 5665 Pelagianorum,
2170 5595 2257 5665 qui
2286 5610 2347 5648 ea
2381 5594 2509 5649 SiliiS
2537 5604 2737 5651 naturae
2768 5596 2986 5663 viribus,
3016 5598 3212 5667 absque
3236 5598 3503 5655 interioris

273 5755 359 5823 (α)
392 5755 809 5807 Eniineutisslmus
826 5752 1077 5807 cardiaalis
1097 5754 1322 5817 Norisius,
1346 5754 1561 5805 Historia:
1582 5753 1849 5817 Pelagiana;
1874 5752 1997 5805 libro
2030 5754 2072 5815 i,
2098 5766 2207 5816 pag.
2237 5753 2341 5817 illi,
2367 5755 2588 5806 editionis
2610 5756 2839 5807 Patavium
2861 5756 2974 5806 anni
3000 5756 3131 5806 1673.
