3994 6352
427 228 498 285 23
1650 224 2004 299 nummo

2096 220 2458 278 ENERALIS.
3606 226 3671 283 ει

425 344 610 414 gratia:
629 340 850 407 auxilio,
875 339 1146 410 possibilia
1172 352 1289 393 esse
1314 337 1719 394 contendebant.
1748 339 1879 394 Hinc
1900 337 2234 392 manifestum
2264 345 2344 392 est
2363 334 2529 392 cuivis
2558 334 2767 391 sincero
2792 343 2846 390 et
2870 350 3022 405 mque
3048 336 3257 403 lectori,
3277 351 3383 407 quo
3404 351 3565 393 sensu
3590 339 3670 394 di-

424 434 660 489 xerimus
684 433 738 487 in
758 432 994 487 sectione
1017 432 1237 502 septima
1270 431 1597 486 Prtefationis
1620 432 1685 486 ad
1713 440 1911 485 tomum
1941 430 2244 498 septimum,
2273 430 2464 485 Bedam
2487 430 2541 483 in
2568 427 2973 484 Commentariis
3000 444 3163 499 super
3189 429 3404 485 Cantica
3431 430 3666 485 cantico-

424 541 543 582 rum
566 532 1012 581 commonstrasso
1052 522 1377 579 reconditum
1405 523 1552 578 virus
1572 523 1627 578 in
1665 523 1793 576 locis
1820 521 2112 590 Pelagianae
2144 521 2208 575 ad
2234 519 2619 575 Demetriadem
2644 519 2901 588 epistolae,
2932 534 3055 573 cum
3099 520 3151 573 in
3174 520 3311 585 aliis,
3341 527 3452 573 tum
3499 518 3552 574 in
3585 520 3669 575 bis

425 621 543 690 ejus
563 619 761 687 verbis,
790 618 925 689 quod
946 616 1088 671 Deus
1105 632 1196 671 nec
1210 615 1515 687 impossibile
1534 614 1724 685 aliquid
1744 614 1898 683 potuit
1927 615 2191 682 imperare,
2211 614 2295 683 qui
2307 615 2477 684 justus
2499 620 2609 676 est;
2647 628 2738 665 nec
2765 612 3100 666 damnaturus
3130 622 3203 666 est
3228 612 3479 666 hominem
3496 629 3587 682 pro
3614 629 3673 667 eo

424 711 561 782 quod
583 710 740 773 vitare
766 725 867 764 non
890 715 1069 780 potest,
1102 707 1189 779 qui
1215 706 1328 777 pius
1350 714 1439 761 est.
1468 706 1585 772 Quo
1611 706 1663 758 in
1692 704 1829 770 loco,
1857 703 2007 773 cujus
2039 719 2226 759 sensus
2257 704 2365 773 jam
2392 703 2605 757 aliunde
2630 702 2758 756 satis
2783 702 3090 771 exploratus
3105 711 3239 769 erat,
3268 701 3557 757 antidotum
3580 704 3676 758 ad-

426 803 609 859 hibere
633 801 991 858 necessarium
1027 815 1132 855 non
1154 800 1423 864 duximus,
1447 797 1511 852 ad
1546 796 1944 867 praecavendum
1984 795 2205 851 abusum
2230 796 2368 852 illius
2388 794 2551 859 etfati,
2582 793 2721 863 quod
2740 794 2854 849 sine
2884 792 3046 848 dubio
3073 809 3254 848 verum
3274 802 3328 849 et
3352 793 3671 849 catholicum

426 904 510 950 est
538 903 649 949 tum
670 893 809 963 apud
833 893 1043 947 beatum
1070 892 1437 962 Augustinum,
1467 897 1576 943 tum
1604 887 1741 958 apud
1763 889 2038 943 universos
2054 888 2175 943 ﬁdei
2201 888 2473 941 catholica:
2498 887 2748 941 cultores.
2780 887 2914 953 Quin
2946 888 3103 943 etiam
3124 887 3178 942 in
3202 888 3507 958 Appendice
3527 887 3675 957 ejus-

430 986 551 1040 dem
581 984 712 1039 tomi
732 985 991 1053 integrum
1022 982 1178 1037 Bedze
1198 982 1368 1037 locum
1398 979 1694 1044 retulimus,
1709 981 1795 1051 qui
1814 980 2076 1050 duplicem
2098 980 2212 1050 ejus
2227 979 2366 1034 eﬂ‘ati
2388 992 2600 1033 sensum
2624 977 2820 1032 diserte
2836 970 3086 1048 exprimii
3118 998 3131 1033 :
3163 994 3464 1049 quanquam
3485 986 3540 1034 et
3566 979 3678 1033 vel-

423 1078 602 1133 lemus
638 1077 782 1132 illum
813 1086 1093 1146 utrumque
1132 1076 1181 1129 in
1213 1073 1520 1144 prmfatione
1570 1073 1681 1143 ipsa
1714 1079 2171 1143 reprtesentatum,
2198 1080 2255 1126 ut
2303 1071 2386 1126 vel
2438 1070 2756 1125 levissimam
2808 1070 3111 1127 oﬂ'endiculi
3153 1071 3486 1127 occasionem
3529 1086 3678 1125 amo-

431 1181 696 1222 vetemus.

492 1257 601 1313 Nos
624 1273 836 1328 quoque
857 1298 872 1323 ,
914 1266 971 1311 ut
994 1255 1291 1313 Catholicos
1330 1250 1508 1318 decet,
1538 1255 1760 1310 liberum
1804 1255 1856 1309 in
1900 1254 2113 1310 homine
2154 1255 2315 1309 etiam
2355 1254 2502 1324 lapso
2535 1253 2808 1309 arbitrium
2848 1254 3213 1309 incunctanter
3238 1254 3596 1322 agnoscimus,
3621 1262 3680 1309 et

426 1353 582 1422 hujus
607 1353 883 1408 catholica:
912 1352 1146 1405 veritatis
1180 1357 1496 1402 assertorem
1528 1350 1875 1418 Augustinum
1903 1349 2098 1415 secuti,
2129 1363 2249 1402 cum
2276 1347 2389 1417 ipso
2416 1355 2467 1401 et
2495 1346 2739 1401 omnibus
2771 1344 3060 1400 Catholicis
3089 1348 3349 1400 sentimus
3369 1387 3385 1412 ,
3427 1347 3676 1402 volunta-

426 1457 531 1499 tem
562 1445 791 1499 hominis
817 1442 1059 1498 sufficere
1084 1440 1184 1495 sibi
1214 1439 1280 1494 ad
1319 1439 1514 1493 malum
1536 1482 1550 1506 ,
1579 1454 1683 1493 non
1713 1454 1837 1493 vero
1861 1440 1927 1494 ad
1956 1442 2149 1495 bonum
2180 1440 2377 1510 absque
2400 1439 2566 1509 gratia
2601 1457 2613 1492 :
2642 1453 2763 1493 cum
2793 1454 2823 1493 e
2860 1440 3127 1494 contrario
3162 1440 3426 1511 Pelagiani
3464 1454 3675 1495 asserc-

424 1545 578 1602 rent,
606 1536 863 1605 integram
895 1546 992 1586 nec
1021 1539 1235 1599 peccato
1263 1530 1675 1599 primihominis
1700 1530 1933 1583 vitiatam
1969 1530 2266 1585 libertatem
2302 1544 2447 1599 aequa
2491 1529 2640 1583 lance
2670 1528 2797 1582 ferri
2827 1528 2939 1582 sive
2971 1528 3038 1582 ad
3067 1530 3263 1585 bonum
3287 1571 3302 1597 ,
3330 1530 3441 1583 sive
3469 1528 3536 1584 ad
3562 1545 3679 1583 ma-

427 1627 557 1679 lum.
586 1625 720 1679 Hinc
738 1638 858 1678 cum
884 1630 1067 1676 sancto
1099 1620 1346 1675 Antistite
1372 1628 1557 1674 notare
1584 1628 1637 1675 et
1658 1620 1879 1689 rejicere
1906 1620 2058 1675 libuit
2085 1620 2341 1675 libertatis
2366 1620 2699 1675 deﬁnitiones
2725 1635 2755 1674 a
2782 1619 2995 1675 Juliano
3024 1619 3076 1674 in
3098 1620 3279 1691 gratia:
3309 1620 3676 1690 prazjudicium

423 1714 706 1782 adductas,
732 1714 923 1784 quibus
952 1712 1237 1782 :equilibris
1265 1711 1331 1767 ad
1359 1713 1556 1767 bonum
1582 1721 1637 1767 et
1661 1712 1855 1766 malum
1886 1712 2108 1768 facilitas
2131 1714 2396 1768 statuitur.
2430 1712 2533 1768 Ubi
2568 1721 2742 1768 tamen
2786 1713 3011 1783 ingenue
3038 1714 3371 1783 proﬁtemur,
3403 1714 3469 1769 de
3504 1713 3677 1769 libero

336 1816 339 1821 '
423 1808 642 1863 arbitrio
668 1806 959 1863 secundum
995 1820 1054 1861 se
1092 1812 1328 1875 spectato
1362 1805 1497 1859 forte
1540 1819 1753 1874 parvam
1794 1814 1884 1859 aut
1927 1806 2125 1860 nullam
2166 1806 2302 1860 inter
2327 1804 2630 1860 Catholicos
2655 1816 2708 1860 et
2745 1804 3055 1877 Pelagianos
3083 1814 3324 1861 exortam
3364 1820 3488 1863 esse
3526 1821 3681 1877 quae-

423 1904 676 1957 stionem.

492 1993 610 2048 Non
640 1990 874 2047 absimili
887 1991 1130 2046 cautione
1151 2004 1271 2045 cum
1295 1991 1450 2045 beato
1473 1989 1721 2045 Antistite
1740 1987 2133 2059 repudiavimus
2156 1987 2422 2044 Julianeas
2447 1989 2647 2060 peccati
2669 1986 3005 2045 definitiones
3023 2030 3039 2057 ,
3063 1990 3308 2061 quoniam
3336 1990 3471 2045 mala
3499 1999 3686 2045 mente

423 2089 845 2156 proferebantur,
875 2088 1077 2143 scilicet
1106 2087 1156 2141 in
1183 2087 1433 2141 dammtm
1462 2085 1643 2155 gratiae
1671 2084 1737 2138 ad
1763 2082 1970 2137 vitanda
2011 2090 2223 2150 peccata
2266 2083 2579 2137 necessaria:
2600 2122 2613 2148 ,
2645 2092 2697 2137 et
2735 2082 2786 2136 in
2834 2083 3215 2137 incrementum
3259 2082 3409 2141 liberi
3451 2081 3683 2135 arbitrii.

423 2178 667 2235 Julianus
694 2195 886 2249 nempe
926 2187 1198 2248 peccatum
1225 2178 1432 2242 aiebat,
1466 2193 1496 2228 a
1522 2192 1619 2245 quo
1645 2175 1892 2228 abstinere
1935 2173 2141 2227 liberum
2172 2183 2270 2237 est,
2303 2189 2362 2229 ea
2395 2174 2639 2228 videlicet
2668 2174 2909 2228 libertate
2928 2216 2941 2237 ,
2969 2174 3052 2228 cui
3093 2174 3224 2227 nihil
3254 2189 3317 2228 ex
3349 2188 3408 2229 se
3436 2172 3577 2228 desit
3614 2173 3685 2227 ad

422 2271 694 2324 vitandum
724 2280 1015 2340 peccatum.
1049 2270 1177 2334 Qua:
1210 2279 1385 2322 tamen
1420 2266 1659 2322 deﬁnitio
1705 2266 1749 2319 si
1798 2265 1865 2319 ab
1893 2264 1998 2318 alio
2032 2263 2375 2333 proferretur,
2407 2279 2563 2334 quam
2592 2264 2661 2318 ab
2684 2263 2868 2319 doloso
2894 2262 3242 2319 hmresiarcha
3264 2304 3276 2328 ,
3305 2277 3410 2318 non
3442 2272 3589 2318 esset
3616 2262 3692 2317 de

425 2360 539 2431 ipsa
565 2370 836 2429 tantopere
866 2358 1192 2428 litigandum.

494 2449 599 2505 Sed
628 2460 910 2519 utcumque
931 2449 1210 2516 disputarit
1234 2447 1587 2517 Hipponensis
1614 2447 1848 2502 Antistes
1874 2460 1994 2500 cum
2021 2439 2230 2499 Juliano
2257 2443 2324 2499 de
2350 2444 2606 2499 libertatis
2630 2454 2684 2499 et
2713 2443 2914 2513 peccati
2942 2442 3361 2513 deﬁnitionibus,
3381 2445 3510 2500 illud
3531 2445 3690 2500 nobis

422 2542 642 2595 omnino
655 2549 881 2607 certum,
896 2539 1296 2594 iuditl‘erentiam
1308 2540 1551 2604 activam,
1567 2538 1680 2593 sive
1697 2539 2013 2604 libertatem,
2033 2546 2091 2592 ut
2110 2546 2317 2601 vocant,
2336 2534 2764 2589 contradictionis
2780 2536 2843 2588 ad
2866 2536 3125 2605 agendum
3147 2536 3231 2590 vel
3253 2552 3356 2590 non
3378 2536 3676 2606 agendum,

410 2632 534 2687 sive
548 2631 705 2686 etiam
729 2629 796 2685 ad
814 2630 1121 2685 merendum
1139 2638 1193 2685 et
1210 2630 1587 2685 demerendum
1606 2631 1657 2684 in
1674 2628 1888 2685 homine
1901 2630 2068 2699 lapso,
2087 2637 2391 2683 constanter
2405 2628 2635 2699 agnitam
2651 2636 2702 2681 et
2719 2627 2992 2697 probatam
3010 2642 3037 2679 a
3066 2636 3249 2681 sancto
3262 2628 3513 2683 Antistite
3534 2644 3549 2693 ;
3571 2627 3690 2682 sive

424 2724 477 2777 in
496 2723 692 2778 bonum
708 2737 772 2777 ex
796 2722 961 2791 gratia
986 2721 1185 2776 victrici
1207 2722 1446 2777 voluntas
1466 2721 1680 2785 feratur,
1695 2722 1813 2777 sive
1841 2720 1906 2775 ad
1937 2722 2130 2775 malum
2147 2736 2213 2775 ex
2229 2736 2288 2775 se
2314 2721 2426 2790 ipsa
2452 2730 2504 2774 et
2530 2719 2742 2789 proprio
2770 2718 3000 2773 defectu.
3016 2719 3185 2789 Atque
3202 2719 3341 2774 istud
3362 2719 3487 2776 fidet
3505 2719 3694 2775 catho-

425 2816 541 2870 lica:
564 2815 754 2885 dogma
775 2824 886 2869 tum
906 2820 1048 2880 ante,
1071 2822 1179 2867 tum
1210 2823 1327 2884 post
1350 2806 1586 2868 exortam
1608 2814 1801 2883 Pelagii
1830 2814 2072 2869 haeresim
2102 2829 2168 2870 ex
2197 2828 2349 2883 aequo
2377 2813 2640 2882 professus
2666 2822 2747 2867 est
2770 2813 2944 2865 clarus
2971 2814 3153 2883 gratim
3177 2812 3445 2869 defensor.
3470 2814 3544 2869 Et
3570 2816 3695 2884 qui-

423 2905 544 2962 dem
566 2906 635 2961 de
662 2918 877 2977 peccato
896 2920 1057 2976 agens
1076 2947 1090 2970 ,
1121 2906 1257 2961 libro
1280 2906 1438 2961 tertio
1456 2905 1526 2961 de
1544 2906 1734 2960 Libero
1764 2905 1997 2960 Arbitrio
2016 2945 2032 2972 ,
2060 2905 2232 2974 capite
2260 2904 2467 2959 decimo
2486 2912 2677 2959 octavo
2702 2921 2715 2957 :
2749 2904 3091 2973 (laterumque
3112 2905 3208 2958 ista
3230 2921 3381 2959 causa
3409 2914 3485 2960 est
3514 2906 3698 2960 volun-

428 3000 544 3052 tatis
564 3038 579 3063 ,
610 2996 812 3067 inquit,
836 2998 1036 3052 scilicet
1061 2997 1212 3051 malae
1230 3037 1245 3060 ,
1274 2996 1319 3050 si
1337 3013 1437 3050 non
1462 3005 1620 3066 potest
1645 2996 1689 3051 ei
1718 2996 1905 3062 resisti,
1919 2996 2024 3050 sine
2048 3005 2247 3066 peccato
2273 2994 2315 3047 ei
2334 2995 2565 3048 ceditur:
2588 2995 2632 3047 si
2650 3003 2814 3047 autem
2847 3002 3037 3063 potest,
3064 3010 3164 3048 non
3190 2996 3233 3051 ei
3254 2995 3482 3062 cedatur,
3516 3004 3565 3049 et
3593 3013 3699 3050 non

425 3089 728 3158 peccabitur.
752 3089 831 3142 An
856 3091 982 3158 {orte
1003 3088 1135 3157 fallit
1163 3088 1458 3141 incautum?
1489 3086 1626 3158 Ergo
1655 3097 1825 3141 caveat
1850 3104 1911 3141 ne
1939 3085 2168 3155 fallatur.
2198 3088 2275 3139 An
2317 3095 2455 3139 tanta
2475 3086 2683 3156 fallacia
2717 3095 2825 3151 est,
2856 3095 2909 3139 ut
2936 3087 3097 3141 caveri
3123 3088 3328 3141 omnino
3362 3104 3461 3141 non
3492 3089 3704 3158 possit?

427 3181 490 3235 Si
523 3182 593 3233 ita
620 3190 727 3248 est,
760 3181 904 3237 nulla
935 3191 1137 3251 peccata
1175 3190 1311 3234 sunt.
1347 3180 1471 3245 Quis
1508 3181 1637 3233 enim
1663 3189 1831 3250 peccat
1859 3180 1911 3233 in
1939 3195 1996 3233 eo
2024 3178 2160 3248 quod
2184 3179 2323 3232 nullo
2351 3179 2497 3231 modo
2536 3178 2696 3231 caveri
2740 3180 2944 3248 potest?
2987 3177 3193 3233 Scimus
3234 3179 3447 3249 quidem
3492 3180 3700 3236 librum

428 3270 571 3331 hunc
597 3286 626 3324 a
651 3280 837 3326 sancto
866 3271 1090 3325 Doctore
1119 3272 1372 3340 scriptum
1400 3269 1563 3324 fuisse
1588 3280 1709 3325 ante
1728 3269 2034 3325 ventilatam
2060 3267 2126 3322 de
2146 3268 2313 3337 gratia
2337 3268 2757 3322 controversiam
2787 3277 2971 3322 contra
2987 3268 3314 3338 Pelagianos.
3339 3270 3547 3325 Verum
3573 3286 3701 3327 cum

430 3359 519 3416 hic
545 3363 693 3417 locus
727 3378 754 3416 a
777 3362 987 3432 Pelagio
1010 3363 1108 3432 ipsi
1135 3362 1374 3431 objectus
1399 3362 1581 3416 luisset
1601 3400 1617 3427 ,
1639 3362 1877 3431 agnoscit
1900 3360 2062 3415 verba
2090 3375 2186 3414 sua
2206 3401 2220 3424 ,
2252 3374 2352 3414 nec
2376 3374 2437 3413 ea
2466 3359 2763 3429 improbat,
2789 3359 2949 3415 modo
2977 3361 3296 3431 intelligatur
3322 3375 3480 3430 posse
3513 3364 3703 3418 caveri

428 3458 704 3521 peccatum
731 3469 850 3508 cum
879 3454 1043 3522 gratia
1063 3453 1191 3517 Dei;
1220 3466 1319 3507 nec
1344 3466 1560 3521 prorsus
1586 3451 1770 3506 eadem
1799 3450 2104 3505 conditione
2123 3459 2440 3504 censeantur
2462 3465 2579 3518 qua:
2609 3451 2679 3504 ita
2706 3459 2922 3520 peccata
2946 3461 3089 3519 sunt,
3113 3462 3170 3505 ut
3189 3452 3294 3505 sint
3321 3452 3482 3506 etiam
3520 3468 3704 3523 pinna:

428 3546 628 3614 peccati
657 3544 759 3614 (De
788 3543 914 3598 Nat.
944 3553 986 3601 et
1017 3544 1187 3611 Grut,
1208 3562 1261 3598 η.
1286 3544 1396 3616 80).
1429 3545 1553 3599 Haec
1576 3545 1716 3599 enim
1738 3560 2036 3614 quanquam
2076 3543 2238 3598 libere
2259 3543 2676 3609 committantur,
2699 3554 2930 3599 attamen
2962 3559 3065 3599 non
3092 3558 3154 3598 ea
3182 3545 3424 3599 libertate
3450 3560 3564 3613 qua
3590 3560 3704 3600 cae-

429 3644 578 3703 tera,
624 3651 742 3706 qua:
793 3646 917 3692 ante
966 3646 1395 3707 omnepeccatum
1425 3636 1685 3690 committi
1710 3645 2013 3706 potuerunt.
2059 3635 2168 3690 Hac
2207 3636 2364 3705 igitur
2400 3636 2634 3690 adhibita
2660 3638 2905 3692 cautione
2930 3636 3160 3692 admittit
3190 3637 3247 3692 S.
3281 3638 3617 3707 Augustinus
3649 3640 3705 3693 in

428 3728 543 3795 ipso
561 3737 681 3781 actu
709 3727 911 3797 peccati
942 3743 1119 3781 veram
1145 3727 1209 3781 ad
1236 3744 1341 3783 non
1368 3727 1689 3798 peccandum
1712 3728 1999 3798 potentiam
2019 3767 2035 3793 ,
2066 3726 2117 3781 id
2148 3736 2231 3783 cst
2253 3729 2473 3784 activam
2501 3728 2927 3797 indifferentiam,
2968 3731 3173 3801 qualem
3214 3731 3267 3785 in
3303 3731 3455 3787 bonis
3483 3732 3707 3787 actibus

428 3833 493 3873 ex
521 3819 687 3887 gratia
715 3817 868 3875 faelis
892 3818 1126 3874 admisit.

499 3908 613 3967 Non
640 3910 862 3964 recessit
890 3909 957 3963 ab
986 3910 1085 3965 ista
1112 3908 1351 3966 doctrina
1380 3921 1592 3967 sanctus
1615 3911 1936 3982 Episcopus.
1964 3911 2076 3967 sive
2110 3913 2295 3982 primis
2316 3955 2330 3978 ,
2373 3914 2482 3969 sive
2523 3915 2806 3984 postremis
2840 3922 3022 3969 contra
3052 3912 3361 3984 Pelagianos
3396 3894 3665 3983 operibus
3684 3954 3701 3979 ,

430 4016 589 4068 quam
624 4014 744 4055 cum
782 4000 997 4071 Pelagio
1025 4011 1079 4059 et
1108 4002 1317 4059 Juliano
1345 4004 1622 4059 decertans
1651 4006 1983 4073 apertissime
2012 4014 2323 4075 propugnat.
2347 4006 2530 4076 Neque
2560 4021 2688 4061 vero
2714 4022 2931 4062 necesse
2959 4014 3041 4061 est
3067 4022 3225 4076 super
3249 4021 3311 4061 ea
3339 4021 3399 4061 re
3437 4006 3697 4063 locorum

432 4090 660 4151 indicem
688 4101 1003 4160 contexere,
1030 4094 1118 4164 qui
1141 4095 1250 4163 jam
1277 4094 1343 4149 ab
1372 4096 1489 4149 aliis
1514 4103 1595 4149 est
1616 4095 1905 4150 confectus.
1938 4095 1990 4150 Id
2012 4096 2181 4150 solum
2211 4097 2641 4163 observabimus,
2671 4098 2896 4153 liberum
2926 4113 3302 4167 nonnunquam
3324 4098 3501 4153 latiori
3528 4108 3585 4154 et
3605 4114 3707 4169 ge-

431 4183 683 4241 neraliori
718 4184 1011 4255 signiﬁcatu
1035 4185 1103 4241 ab
1128 4187 1423 4256 Augustino
1448 4190 1688 4256 usurpari
1721 4202 1815 4256 pro
1843 4188 2140 4242 voluntario
2182 4189 2340 4243 etiam
2381 4190 2682 4245 necessario
2714 4207 2727 4242 :
2759 4205 2864 4259 quo
2908 4204 3065 4245 sensu
3104 4204 3342 4243 amorem
3382 4188 3611 4258 justitia:
3643 4189 3705 4243 in

432 4274 575 4340 Deo,
603 4283 657 4328 et
684 4274 919 4329 innatum
964 4275 1016 4329 in
1064 4276 1281 4331 homine
1306 4277 1643 4333 beatitudinis
1684 4276 1972 4346 generatim
2016 4285 2238 4346 sumptae
2266 4278 2618 4346 desiderium,
2654 4280 2882 4334 liberum
2908 4293 3027 4335 esse
3053 4279 3216 4345 dixit,
3248 4278 3300 4332 id
3328 4284 3411 4333 est
3445 4278 3708 4334 volunta-

435 4368 596 4427 rium.
624 4366 958 4436 Quapropter
984 4368 1037 4422 in
1066 4368 1209 4427 libro.
1230 4368 1296 4423 de
1337 4368 1531 4425 Natura
1560 4377 1613 4423 et
1653 4368 1858 4432 Gratia,
1897 4368 2056 4422 allato
2084 4367 2279 4437 Pelagii
2330 4368 2433 4424 hoc
2476 4370 2648 4437 dicto,
2695 4370 2977 4425 Voluntatis
3004 4369 3210 4423 arbitrio
3237 4386 3297 4422 ac
3334 4368 3707 4429 deliberatione

435 4456 623 4526 privari
647 4458 889 4527 quidquid
914 4460 1137 4511 naturali
1163 4460 1452 4513 necessitate
1476 4460 1846 4528 constringitur,
1871 4458 1922 4512 id
1950 4474 2053 4512 non
2079 4461 2295 4514 omnino
2324 4462 2512 4529 probat
2530 4462 2588 4515 S.
2614 4462 2954 4531 Augustinus,
2977 4461 3103 4516 dum
3132 4461 3345 4528 subdit,
3371 4461 3437 4514 Et
3463 4462 3549 4516 hic
3573 4480 3708 4518 non-

377 4616 384 4631 ‘
442 4546 585 4601 nulla
613 4549 819 4616 quwstio
846 4557 938 4606 est.
961 4549 1077 4614 Quo
1098 4549 1217 4603 loco
1242 4548 1503 4618 significat
1532 4550 1689 4603 nimis
1722 4549 1911 4603 ditl'use
1935 4561 1987 4603 et
2019 4550 2352 4617 indistincte,
2376 4551 2482 4604 imo
2506 4552 2661 4607 etiam
2687 4553 3089 4616 inconsiderate,
3120 4555 3354 4607 locutum
3390 4568 3511 4608 esse
3537 4554 3707 4610 Pela-

435 4643 579 4712 gium
600 4681 615 4705 ,
645 4649 799 4710 atque
822 4643 874 4700 in
902 4642 1016 4710 ejus
1040 4642 1180 4696 dicto
1201 4644 1440 4701 nonnihil
1467 4643 1640 4697 adhuc
1663 4658 1937 4711 superesse
1960 4644 2296 4712 qumstionis,
2329 4658 2394 4697 eo
2420 4644 2560 4712 quod
2584 4660 2689 4698 non
2732 4644 2783 4698 id
2810 4660 2968 4700 omne
2994 4646 3134 4715 quod
3160 4646 3449 4701 voluntatis
3470 4647 3711 4705 arbitrio

436 4748 501 4787 ac
523 4731 905 4791 deliberatione
932 4734 1197 4801 privatur,
1219 4734 1440 4786 naturali
1474 4734 1773 4791 necessitati
1804 4734 2087 4788 obnoxium
2115 4734 2184 4786 sit
2209 4751 2223 4788 :
2244 4736 2436 4802 quippe
2461 4734 2511 4787 id
2540 4734 2825 4789 absurdum
2847 4775 2863 4799 ,
2895 4750 2993 4790 nec
3034 4736 3164 4790 satis
3188 4745 3432 4790 accurate
3452 4746 3549 4791 aut
3571 4754 3710 4807 pro.

442 4823 788 4899 vide'dictum
810 4837 930 4877 esse
955 4862 976 4889 ,
1017 4823 1201 4893 probat
1229 4824 1473 4893 exemplo
1500 4824 1662 4877 innati
1690 4824 1743 4877 in
1771 4824 1922 4876 nobis
1948 4823 2285 4877 beatitudinis
2304 4825 2569 4891 appetitus
2589 4864 2603 4889 ,
2635 4832 2689 4878 et
2719 4825 3006 4879 voluntatis
3027 4827 3244 4894 justitia:
3268 4827 3323 4881 in
3362 4829 3511 4893 Deo;
3556 4833 3718 4900 quod

435 4924 718 4983 utrumque
744 4915 1097 4969 necessarium
1116 4924 1197 4969 est
1214 4957 1228 4981 ,
1261 4915 1339 4969 sic
1360 4925 1539 4971 tamen
1563 4924 1619 4968 ut
1640 4930 1734 4968 suo
1759 4914 1985 4989 quodam
2013 4914 2171 4969 modo
2191 4915 2256 4968 ad
2284 4915 2571 4968 voluntatis
2598 4915 2876 4970 arbitrium
2894 4958 2908 4981 ,
2936 4918 3124 4973 saltem
3152 4920 3326 4987 quoad
3356 4919 3517 4988 hujus
3540 4938 3679 4978 exer
3696 4954 3722 4964 -

435 5002 590 5063 tendi
619 5002 833 5058 modum
854 5046 867 5069 ,
896 5005 1161 5073 pertinere
1187 5019 1343 5074 posse
1367 5003 1623 5059 videatur.
1662 5004 1807 5058 Unde
1834 5005 2005 5059 verbis
2041 5005 2205 5073 ipsius
2230 5013 2509 5060 contextus
2541 5004 2876 5061 adhaerentes
2895 5045 2911 5074 ,
2940 5023 3006 5063 eo
3039 5010 3155 5065 loco
3183 5010 3249 5064 ad
3277 5012 3575 5081 marginem
3604 5028 3706 5083 ap.

434 5093 709 5163 posuimus
739 5093 838 5148 hoc
862 5096 1203 5151 summarium
1238 5113 1250 5148 :
1285 5094 1567 5153 Necessitas
1594 5111 1693 5147 non
1722 5104 1909 5166 pugnat
1947 5111 2062 5147 cum
2086 5096 2290 5150 arbitrio
2315 5094 2604 5149 voluntatis.
2644 5095 2834 5151 Durius
2859 5099 3074 5166 quidem
3113 5100 3165 5154 id
3203 5102 3465 5170 aliquibus
3495 5102 3714 5159 dictum

442 5183 611 5239 videri
648 5196 856 5255 posset,
888 5188 989 5246 nisi
1015 5204 1076 5241 ex
1107 5187 1222 5256 ipso
1256 5194 1504 5242 contextu
1532 5187 1661 5239 satis
1686 5187 2082 5255 intelligeretur,
2115 5188 2218 5242 illic
2248 5188 2532 5241 voluntatis
2567 5188 2840 5244 arbitrium
2860 5231 2875 5255 ,
2903 5191 2947 5244 si
2980 5191 3045 5246 ad
3075 5207 3187 5246 rem
3216 5194 3381 5260 ipsam
3411 5194 3670 5250 attendas
3691 5236 3709 5262 ,

439 5278 582 5332 sumi
607 5292 703 5346 pro
733 5279 841 5348 ipsa
870 5279 1169 5343 voluntate,
1199 5280 1309 5333 sive
1338 5294 1434 5349 pro
1460 5279 1776 5337 voluntario.
1810 5281 2121 5349 Quanquam
2149 5290 2203 5335 et
2222 5281 2323 5335 dici
2347 5291 2523 5350 posset
2547 5325 2562 5349 ,
2590 5299 2709 5337 cum
2735 5284 2820 5339 hic
2845 5286 3169 5353 Augustinus
3192 5284 3323 5339 nolit
3345 5292 3553 5338 tantum
3578 5303 3711 5356 qna-

437 5368 520 5421 vis
547 5368 857 5422 necessitate
883 5367 1069 5436 perimi
1105 5368 1157 5420 in
1198 5368 1413 5422 homine
1455 5369 1675 5423 liberum
1701 5368 2009 5435 arbitrium,
2050 5379 2233 5425 contra
2271 5372 2412 5441 quod
2442 5373 2652 5428 volebat
2679 5374 2955 5444 Pelagius;
2978 5374 3183 5429 cautius
3206 5373 3431 5429 fortasse
3454 5374 3713 5433 futurum

439 5456 607 5521 fuisse
632 5459 976 5512 summarium
1005 5457 1301 5525 adiectione
1326 5460 1482 5519 unius
1503 5460 1675 5525 vocis,
1704 5461 1758 5513 in
1785 5461 1926 5514 hunc
1952 5461 2199 5530 modum,
2228 5461 2351 5518 Non
2377 5464 2563 5535 quavis
2591 5465 2856 5521 necessitas
2885 5473 3075 5535 pugnat
3095 5480 3208 5518 cum
3229 5465 3435 5519 arbitrio
3456 5467 3711 5522 volunta-

444 5553 527 5606 εἰς.
558 5550 760 5611 Revera
788 5552 928 5606 enim
972 5550 1259 5605 necessitas
1290 5550 1672 5609 infallibilitatis
1701 5568 1805 5607 non
1835 5552 2140 5610 adversatur
2162 5571 2299 5613 verae
2331 5556 2560 5618 libertati
2579 5597 2594 5622 ,
2625 5567 2683 5612 ut
2711 5557 2975 5627 plerisque
3014 5557 3068 5610 in
3104 5558 3236 5612 locis
3278 5560 3335 5613 S.
3369 5558 3713 5627 Augustinus

436 5645 689 5711 explicuit
710 5686 726 5712 ,
752 5648 839 5712 qui
868 5654 919 5699 ct
939 5641 1250 5700 vocabulum
1281 5643 1609 5702 necessitatis
1630 5660 1735 5700 non
1756 5662 1881 5716 raro
1904 5647 2173 5720 usurpavit
2197 5664 2292 5721 pro
2314 5648 2611 5707 vehementi
2640 5649 2863 5719 quadam
2894 5650 3244 5719 propensione
3259 5666 3321 5707 ex
3340 5659 3549 5706 natura:
3572 5653 3711 5715 vitio,
