3994 6352
207 314 265 373 ts
1314 305 1676 365 ramulo
1703 307 2101 367 cenemus.
3380 304 3450 373 ,η

206 440 306 483 orta
333 449 347 483 :
371 444 479 498 quo
509 445 675 486 sensu
705 430 756 483 in
786 429 1001 483 homine
1033 437 1149 497 post
1169 427 1369 495 lapsum
1393 442 1497 479 non
1523 435 1734 480 veretur
1760 441 2045 496 agnoscere
2071 427 2249 480 duram
2277 426 2514 493 peccandi
2542 428 2905 493 necessitatem;
2933 427 3023 484 sed
3052 446 3167 499 quze
3197 430 3262 484 sit
3292 446 3445 500 gene-

206 521 317 573 ralis
339 520 605 573 duntaxat
623 538 638 573 :
656 520 903 589 quoniam
928 519 980 571 in
1003 516 1245 586 praesenti
1265 515 1567 571 conditione
1581 516 1757 569 omnia
1782 524 1835 568 et
1860 515 2081 585 singula,
2099 516 2253 570 etiam
2272 518 2426 582 levia,
2444 528 2650 585 peccata
2670 518 2834 574 vitare
2864 520 3021 573 homo
3047 535 3151 573 non
3185 530 3356 588 potest
3378 518 3447 575 ob

207 620 394 664 natura:
414 610 821 674 inﬁrmitatem;
851 609 934 663 vel
960 624 1079 677 qua:
1106 607 1175 661 sit
1193 607 1409 661 moralis
1437 613 1636 660 tantum
1657 647 1673 671 ,
1695 613 1747 659 et
1773 604 1881 659 fere
1901 605 2088 659 similis
2115 606 2201 659 isti
2224 606 2522 661 necessitati
2546 650 2559 669 ,
2584 624 2738 677 quam
2760 608 2909 663 alfert
2938 624 3094 678 prava
3121 609 3446 663 consuetudo

202 701 391 754 crebris
416 702 629 755 actibus
656 700 951 769 progenita.
969 699 1040 752 Ea
1057 713 1182 752 vero
1209 696 1587 750 consuetudine
1613 695 1903 763 simplicem
1924 703 1980 749 et
2004 696 2296 749 absolutam
2325 696 2504 751 inferri
2534 700 2899 753 necessitatem
2931 713 3036 753 non
3064 700 3432 754 existimarunt

204 794 253 845 S.
280 792 611 860 Augustinus
633 799 723 845 aut
749 791 1016 854 Julianus,
1047 788 1186 857 quod
1211 803 1277 841 ex
1308 788 1581 856 utriusque
1606 785 2047 853 disputationibus
2073 797 2371 855 promptum
2402 787 2537 842 foret
2561 789 2862 843 ostendere.

263 883 556 939 Occasione
586 892 769 940 autem
799 885 902 941 loci
929 884 1171 953 superius
1198 882 1426 946 adducti,
1454 896 1558 934 non
1596 881 1663 934 ab
1705 895 1761 934 re
1800 879 1954 933 fuerit
1987 880 2289 945 observare,
2317 879 2580 949 vulgatum
2612 880 2886 949 Augustini
2911 896 2975 934 ex
3000 880 3136 935 libro
3160 880 3226 935 de
3251 880 3448 936 Corre-

206 973 372 1040 ptione
400 984 457 1028 et
485 974 687 1039 Gratia,
712 976 885 1045 capite
905 975 1206 1038 undecimo,
1231 972 1444 1027 cﬁ'atum
1473 971 1537 1024 ad
1560 970 1945 1039 manuscriptos
1965 969 2171 1022 codices
2192 984 2220 1021 a
2242 970 2392 1025 nobis
2412 970 2746 1024 emendatum
2772 970 2931 1025 fuisse
2952 972 3003 1024 in
3028 971 3168 1026 hunc
3190 972 3401 1026 modum
3428 988 3442 1025 :

201 1062 426 1117 [iterum
462 1065 731 1118 arbitrium
753 1066 820 1118 ad
839 1065 1030 1118 malum
1055 1064 1252 1134 suﬂicit,
1281 1063 1349 1115 ad
1382 1063 1564 1115 bonum
1596 1070 1762 1113 autem
1797 1077 1974 1130 parum
2003 1059 2208 1125 est,nisi
2234 1060 2495 1126 adjuvetur
2518 1062 2579 1114 ab
2608 1061 2932 1131 omnipotenti
2960 1060 3099 1115 Bono
3119 1077 3137 1115 :
3161 1062 3247 1115 ubi
3275 1076 3437 1131 supe-

204 1154 363 1207 riores
382 1156 549 1209 etiam
581 1156 990 1210 Lovaniensium
1018 1155 1277 1211 editiones
1307 1152 1502 1207 habent
1530 1152 1656 1205 nihil
1682 1152 1932 1218 est.Qnod
1960 1151 2056 1205 etsi
2085 1151 2403 1220 Augustinus
2423 1153 2581 1206 habet
2605 1152 2656 1206 in
2682 1152 2917 1221 Epistula
2934 1154 3215 1207 centesima
3228 1162 3443 1224 octoge-

202 1245 323 1296 sima
352 1254 528 1311 sexta,
558 1245 627 1299 ad
654 1246 954 1311 Paulinum,
980 1260 1202 1299 numero
1233 1243 1506 1313 trigesimo
1532 1252 1739 1311 quarto,
1768 1241 1855 1295 ubi
1880 1242 1971 1305 ait,
2003 1242 2109 1295 sine
2130 1243 2291 1312 gratia
2319 1241 2384 1294 ad
2404 1259 2502 1295 non
2532 1242 2837 1312 peccandum
2859 1242 2984 1295 nihil
3012 1243 3279 1297 voluntatis
3306 1245 3442 1297 arbi-

200 1334 337 1384 trium
362 1332 563 1397 solere;
590 1336 755 1404 priori
795 1345 971 1388 tamen
994 1322 1138 1398 loco,
1167 1333 1255 1401 qui
1284 1348 1351 1386 ex
1376 1331 1512 1385 libro
1535 1330 1601 1384 de
1629 1332 1973 1400 Correptione
2000 1341 2053 1384 ct
2077 1331 2254 1385 Gratia
2274 1330 2586 1397 desumitur,
2615 1332 2804 1386 melius
2829 1332 3051 1400 quadrat
3080 1349 3259 1402 parum
3281 1348 3440 1402 quam

201 1424 315 1476 nihil
345 1440 367 1477 :
396 1425 665 1494 siquidem
691 1425 798 1478 illic
822 1426 993 1495 agitur
1016 1425 1081 1478 de
1108 1425 1279 1494 primo
1308 1423 1525 1477 homine
1553 1422 1830 1475 innocente
1851 1463 1865 1488 ,
1894 1435 2051 1489 quem
2081 1422 2220 1475 Deus
2238 1422 2406 1475 noluit
2430 1420 2547 1476 esse
2574 1424 2687 1477 sine
2712 1424 2900 1493 gratia,
2931 1439 3087 1492 quam
3119 1424 3286 1478 libero
3313 1424 3429 1492 ejus

196 1516 433 1583 permisit
456 1517 714 1579 arbitrio;
744 1518 995 1586 quoniam
1022 1518 1230 1570 liberum
1254 1517 1544 1581 arbitrium,
1576 1515 1651 1568 ait
1680 1523 1894 1568 sanctus
1920 1514 2135 1580 Doctor,
2166 1516 2235 1568 ad
2270 1514 2461 1567 malum
2499 1516 2703 1583 sumcit,
2741 1516 2807 1568 ad
2843 1517 3025 1569 bonum
3056 1526 3222 1569 autem
3263 1532 3442 1586 parum

195 1616 277 1671 est,
301 1608 399 1660 nisi
418 1608 695 1677 adjuvetur
721 1608 782 1661 ab
811 1610 1139 1679 omnipotenti
1166 1608 1329 1662 Bono.
1361 1609 1515 1663 Certe
1544 1617 1601 1662 ut
1628 1607 1730 1661 dici
1762 1607 1924 1676 possit
1953 1605 2019 1660 de
2048 1606 2274 1660 hominis
2302 1607 2432 1675 lapsi
2457 1606 2622 1660 libero
2646 1606 2884 1672 arbitrio,
2909 1607 3047 1676 quod
3067 1623 3131 1662 ex
3160 1624 3221 1663 se
3243 1609 3443 1677 absque

195 1698 345 1766 gratia
378 1699 521 1752 nihil
547 1701 619 1753 sit
642 1699 706 1754 ad
736 1701 932 1754 bonum
960 1699 1316 1769 operandam;
1344 1700 1518 1752 ntinus
1554 1713 1787 1767 congrue
1821 1696 1922 1751 dici
1965 1711 2119 1765 posse
2146 1697 2349 1752 videtur
2369 1697 2435 1752 de
2466 1698 2677 1751 homine
2708 1697 3011 1762 innocente,
3042 1698 3193 1767 cujus
3220 1698 3441 1753 liberum

192 1791 485 1857 arbitrium,
514 1800 698 1860 utpote
724 1808 930 1856 sanum,
962 1791 1031 1847 ad
1056 1792 1248 1845 bonum
1280 1791 1395 1843 sine
1425 1789 1530 1843 ullo
1556 1788 1705 1842 obice
1729 1788 1853 1842 ferri
1883 1795 2112 1857 poterat.

252 1880 375 1935 "me
386 1881 676 1935 minutiora
698 1882 957 1951 persecuti
969 1898 1171 1947 sumus,
1189 1890 1245 1935 ut
1259 1879 1517 1933 uerborum
1537 1878 1895 1934 controversias
1910 1882 2199 1947 auferamus
2216 1877 2313 1951 (De
2326 1878 2456 1933 dono
2472 1878 2670 1933 Perseu.
2692 1895 2744 1933 n.
2765 1879 2874 1950 ti).
2898 1880 3208 1949 Quanquam
3229 1893 3433 1947 eorum,

192 1970 266 2037 qui
294 1979 543 2024 veterum
567 1971 781 2024 Patrum
826 1987 987 2041 opera
1028 1985 1306 2026 recensere
1353 1969 1601 2036 student,
1625 1969 1818 2022 misera
1844 1975 1985 2022 esset
2014 1966 2265 2034 conditio,
2295 1968 2413 2022 siin
2438 1969 2580 2038 ipsas
2603 1968 2762 2023 etiam
2789 1979 2943 2024 notas
2968 1983 3151 2024 eorum
3174 1969 3439 2037 margina-

193 2059 260 2113 les
279 2101 293 2121 ,
321 2070 378 2114 ut
410 2070 599 2114 contra
632 2076 729 2115 nos
765 2063 815 2114 in
854 2063 953 2116 hac
978 2061 1207 2116 editione
1233 2070 1408 2115 aetum
1450 2070 1527 2114 est
1549 2099 1565 2125 ,
1590 2060 1802 2128 impune
1846 2057 2290 2122 animadvertere,
2317 2066 2371 2113 et
2396 2059 2628 2128 singulas
2654 2075 2835 2114 earum
2861 2061 3091 2132 syllabas
3114 2060 3179 2115 ad
3204 2075 3443 2114 severam

194 2149 399 2202 immitis
424 2164 672 2203 censura:
701 2152 948 2204 trutinam
978 2151 1240 2205 discutere
1270 2149 1542 2219 quibusvis
1572 2147 1765 2217 iniquis
1792 2147 2102 2202 censoribus
2142 2148 2344 2203 liceret.
2388 2149 2588 2215 Quotus
2625 2150 2767 2204 enim
2796 2151 3021 2221 quisque
3047 2159 3161 2217 est,
3187 2150 3276 2220 qui
3302 2150 3354 2202 in
3386 2166 3447 2204 re

194 2248 289 2290 tam
328 2238 534 2293 lubrica
573 2249 628 2293 et
666 2240 864 2295 diliicili
903 2255 1008 2295 non
1050 2239 1331 2309 aliquando
1368 2239 1451 2294 vel
1493 2238 1680 2293 leviter
1716 2238 1967 2307 cespitet;
2013 2238 2101 2307 qui
2131 2239 2439 2293 sententiam
2470 2241 2699 2295 auctoris
2728 2256 2938 2311 semper
2964 2241 3261 2313 adppicem
3291 2256 3441 2296 asse-

190 2342 389 2398 qaatur,
419 2340 517 2384 aut
547 2332 780 2401 perfecte
805 2332 1024 2399 reddat;
1053 2332 1143 2403 qui
1173 2330 1400 2402 denique
1439 2339 1544 2385 tam
1584 2330 1731 2385 brevi
1756 2329 2039 2385 verborum
2076 2329 2388 2400 compendio
2431 2332 2687 2401 pagellam
2726 2332 3038 2402 quandoque
3080 2334 3337 2402 integram
3378 2331 3446 2386 ad

191 2422 433 2473 aniussim
466 2422 738 2492 explicare
777 2424 975 2493 possit?

256 2510 448 2566 Verum
476 2514 820 2581 quantumvis
847 2511 1038 2584 injusta
1059 2515 1231 2571 futura
1253 2514 1317 2570 sit
1345 2512 1691 2585 quorumdam
1723 2512 1773 2567 in
1804 2527 1902 2568 nos
1929 2511 2200 2567 hominum
2216 2526 2459 2578 censura,
2485 2513 2783 2567 institutum
2815 2511 3155 2567 nihilominus
3173 2521 3435 2576 nostrum,

194 2600 295 2654 Deo
332 2600 572 2669 favente,
606 2612 914 2659 constanter
949 2620 1356 2675 persequemur:
1380 2614 1432 2659 et
1457 2605 1501 2659 si
1529 2604 1740 2675 quidem
1770 2604 1925 2658 nobis
1954 2619 2073 2658 esse
2103 2604 2310 2658 molesti
2337 2613 2575 2674 pergent,
2606 2603 2732 2657 illud
2761 2604 2914 2658 nobis
2934 2605 3123 2661 solatio
3151 2605 3269 2669 erit,
3297 2602 3443 2673 quod

195 2692 369 2745 eadem
398 2708 523 2749 sors
550 2694 677 2748 olim
707 2696 988 2765 contigerit
1013 2698 1148 2751 veris
1176 2697 1450 2766 Augustini
1487 2696 1779 2765 discipulis,
1808 2696 1858 2749 in
1900 2696 2083 2765 primis
2110 2694 2341 2749 Ca'sario
2378 2696 2673 2750 Arelatensi
2712 2696 2980 2765 episcopo,
3009 2696 3160 2767 cujus
3200 2696 3332 2751 ﬁdes
3375 2694 3445 2749 ob

199 2783 534 2850 prrdicatam
564 2784 887 2839 sanctissimi
922 2785 1028 2838 Viri
1054 2785 1346 2841 doctrinam
1374 2801 1402 2839 a
1433 2786 1745 2855 quibusdam
1771 2786 2211 2840 obtrectatoribus
2237 2782 2485 2839 infamata
2502 2794 2603 2839 est.

258 2874 385 2927 [line
413 2875 647 2929 collecta
680 2877 935 2931 Valentia:
961 2877 1193 2947 synodus
1223 2879 1611 2947 episcoporum,
1643 2876 1833 2946 quibus
1859 2875 2119 2930 Cmsarius
2159 2876 2315 2930 fidem
2346 2890 2493 2930 suam
2525 2878 2851 2946 approbavit.
2880 2878 3013 2944 Quin
3049 2879 3207 2933 etiam
3237 2876 3450 2931 Bonifa-

194 2967 300 3020 cius
322 2966 571 3021 Pontifex
597 2968 886 3033 Romanus,
914 2970 1104 3022 calcata
1124 2969 1439 3040 jurgantium
1482 2968 1727 3022 malevola
1752 2968 2053 3033 intentione,
2086 2967 2477 3038 prosecutionem
2497 2970 2657 3021 sancti
2682 2966 2891 3023 Ctesarii
2918 2968 3195 3039 apostolica
3222 2968 3445 3022 auctori—

194 3064 283 3106 tate
307 3057 543 3123 ﬁrmauit,
573 3068 635 3110 ut
660 3055 950 3128 Cyprianus
971 3058 1281 3113 Tolouensis
1304 3059 1524 3113 antistes
1546 3058 1596 3111 in
1623 3058 1736 3127 ejus
1759 3057 1875 3112 Vita
1906 3056 2085 3111 tradit.

259 3148 568 3217 Quanquam
600 3149 790 3202 melius
822 3147 1044 3203 fortasse
1074 3148 1227 3202 nobis
1249 3148 1315 3203 de
1343 3148 1615 3201 hominum
1646 3150 1890 3217 :equitate
1914 3146 2227 3216 sperandum
2254 3148 2340 3201 sit.
2371 3146 2531 3203 Forte
2558 3149 2718 3212 enim,
2751 3158 2805 3204 ut
2829 3150 3003 3204 verbis
3029 3151 3305 3219 Augustini
3327 3160 3446 3206 uta-

206 3250 332 3302 mur,
352 3238 397 3291 si
427 3238 523 3306 qui
544 3237 701 3291 aliter
720 3238 1001 3305 senserint,
1028 3239 1227 3309 quando
1244 3255 1409 3292 secum
1436 3240 1533 3309 ipsi
1558 3239 1819 3308 paululum
1844 3238 1950 3290 sine
1978 3237 2200 3290 certandi
2229 3240 2393 3292 studio
2414 3240 2758 3309 cogitaverim,
2784 3257 2934 3310 quam
2975 3243 3038 3295 sit
3070 3242 3341 3296 absurdum
3365 3258 3450 3296 nec

206 3330 395 3398 dignum
411 3329 759 3398 disputatione
787 3329 920 3399 quod
942 3330 1133 3395 dicunt,
1158 3330 1392 3383 continuo
1414 3330 1707 3383 sententiam
1735 3328 2125 3382 commutabant.
2159 3327 2305 3391 Quod
2328 3330 2370 3381 si
2397 3330 2665 3397 noluerint,
2690 3346 2789 3383 non
2817 3349 2968 3401 usque
2994 3333 3118 3385 adeo
3140 3333 3201 3387 de
3222 3334 3452 3387 humanis

200 3420 404 3471 senatus
442 3420 820 3489 desperandum
847 3429 937 3487 est,
968 3430 1023 3473 ut
1049 3430 1327 3475 metuamus
1357 3438 1418 3474 ne
1444 3421 1536 3473 Itoc
1557 3421 1774 3489 cuipiam
1797 3418 2125 3490 persuadeant
2156 3418 2255 3491 (De
2271 3418 2601 3473 Peccatorum
2628 3420 2823 3475 Meritis
2849 3424 2934 3475 lib.
2956 3425 3004 3488 l,
3021 3441 3071 3478 η.
3089 3425 3203 3494 2‘2).

275 3510 406 3574 Quid
429 3510 543 3579 jam
567 3509 721 3563 nobis
750 3511 889 3564 aliud
919 3519 1083 3565 restat
1110 3520 1228 3580 post
1254 3510 1492 3564 diuturni
1520 3525 1583 3563 ac
1602 3510 1850 3563 laboriosi
1877 3508 2051 3578 operis
2077 3516 2311 3578 optatum
2338 3509 2515 3573 linem,
2546 3525 2704 3579 quam
2729 3519 2787 3564 ut
2816 3513 3028 3566 tutelam
3058 3528 3122 3569 ac
3148 3515 3452 3583 pnesidium

204 3603 676 3655 illustrissimorum
707 3601 888 3656 Gallia:
915 3602 1205 3656 antistitum
1236 3602 1489 3664 demisso,
1517 3599 1609 3654 sed
1637 3600 1796 3654 alacri
1829 3608 2025 3664 tamen,
2055 3600 2232 3653 animo
2264 3599 2648 3669 dcposcamus?

263 3692 472 3745 Scilicet
499 3706 623 3744 cum
652 3675 948 3745 admirabili
984 3692 1174 3746 divina:
1213 3690 1567 3745 Providentiae
1606 3689 1829 3744 consilio
1869 3691 2059 3743 factum
2091 3689 2179 3755 sit,
2211 3696 2267 3741 ut
2293 3689 2613 3743 sanetissimi
2641 3690 2893 3745 Ecclesia:
2913 3691 3143 3746 doctoris
3160 3692 3447 3762 'Augustini

199 3797 342 3836 nova:
370 3798 597 3851 cperum
621 3781 841 3837 editioni
868 3796 1115 3850 suprema
1146 3791 1255 3836 tum
1279 3798 1307 3835 a
1337 3780 1491 3835 nobis
1512 3781 1874 3848 imponeretur
1899 3795 2108 3837 manus.
2140 3794 2259 3834 cum
2285 3779 2350 3834 ad
2379 3781 2647 3850 generalia
2672 3781 2892 3836 Comitia
2915 3799 2981 3838 ex
3010 3785 3253 3840 omnibus
3280 3787 3447 3856 Regni

202 3873 429 3940 partibus
459 3887 562 3926 una
594 3872 938 3927 convenirent
962 3872 1026 3925 ad
1053 3870 1237 3927 fanum
1270 3872 1439 3926 sancti
1463 3871 1710 3926 Germani
1739 3888 1753 3924 :
1783 3871 1915 3926 nihil
1943 3870 2096 3925 nobis
2121 3872 2490 3939 opportunius,
2524 3874 2907 3930 l'ortunatiusve
2930 3876 3235 3946 contingere
3261 3877 3449 3947 potuit,

197 3978 351 4031 quam
375 3972 429 4015 ut
456 3978 552 4018 eos
582 3964 973 4033 appellaremus
1001 3964 1401 4033 qualiscumque
1430 3963 1624 4017 laboris
1653 3962 1820 4017 nostri
1853 3961 2063 4032 jutlices
2093 3971 2147 4015 et
2171 3963 2417 4028 arbitros,
2445 3964 2534 4033 qui
2561 3971 2616 4018 et
2639 3965 2892 4035 dignitate
2914 3983 3007 4021 sua
3029 3969 3303 4024 constituti
3330 3978 3454 4024 sunt

199 4069 225 4103 a
254 4054 363 4107 Deo
389 4064 634 4124 pastores
660 4054 728 4107 ad
754 4053 1034 4122 regendam
1066 4055 1376 4121 Ecelesiam,
1408 4062 1461 4109 et
1489 4053 1556 4108 ad
1580 4053 1855 4108 catholica:
1883 4052 2138 4107 doctrina:
2165 4062 2557 4109 sacrosanctum
2585 4054 2882 4126 depositum
2908 4058 3050 4128 vigili
3079 4074 3203 4115 cura
3234 4068 3450 4131 aposto—
3530 4110 3535 4113 ,

199 4144 411 4212 licaque
435 4145 744 4198 auctoritate
771 4143 1064 4197 tutandum.

263 4236 443 4304 Atque
483 4235 579 4290 hoc
618 4236 884 4306 prtecipue
928 4235 1162 4299 nomine,
1191 4234 1538 4290 lllustrissimi
1582 4235 1836 4290 Ecclesiae
1866 4235 2158 4303 Principes,
2193 4235 2541 4305 Augustinum
2586 4236 2897 4294 adducimus
2934 4240 3001 4295 ad
3041 4255 3156 4307 vos,
3188 4242 3277 4312 qui
3310 4249 3449 4297 totus

200 4336 425 4385 quantus
451 4335 553 4391 est,
583 4325 685 4379 sub
708 4327 864 4380 unius
898 4324 1057 4379 veluti
1100 4326 1303 4380 tabella:
1332 4335 1616 4395 conspectu
1645 4326 1812 4380 oculis
1838 4326 2030 4380 vestris
2059 4326 2494 4395 contemplandus
2521 4328 2790 4398 objicitur.
2833 4330 3014 4401 Neque
3059 4347 3182 4387 vero
3219 4348 3444 4403 conspe-

204 4425 339 4468 ctum
365 4424 600 4469 vestrum
628 4415 973 4470 reformidare
1001 4424 1172 4485 potest
1202 4417 1396 4471 veteris
1429 4425 1482 4470 et
1514 4415 1669 4470 avitae
1697 4414 1820 4471 ﬁdei
1856 4424 2215 4486 propugnator
2237 4416 2552 4486 acerrimus,
2577 4420 2666 4489 qui
2699 4435 2911 4475 causam
2941 4422 3193 4478 Ecclesia:
3234 4425 3389 4481 toties
3418 4441 3448 4479 a

206 4523 259 4562 se
282 4510 577 4575 defensam,
606 4511 864 4579 majorum
894 4525 1103 4580 quoque
1133 4518 1428 4565 vestrorum
1454 4508 1712 4579 prtesidiis
1740 4508 1895 4564 toties
1921 4509 2185 4563 suﬁ‘ultam
2216 4508 2354 4562 hand
2382 4510 2608 4578 ignorat,
2636 4526 2792 4582 quam
2828 4522 2882 4568 et
2918 4529 2948 4567 a
2986 4516 3157 4584 vobis,
3186 4518 3275 4588 qui
3301 4518 3447 4587 ipso-
3532 4569 3539 4575 .

206 4614 312 4652 rum
338 4602 578 4670 vestigiis
605 4601 846 4656 lubenter
874 4601 1134 4667 insistitis,
1165 4616 1268 4656 non
1299 4601 1544 4657 dissimili
1568 4601 1744 4655 animo
1768 4610 1925 4670 atque
1949 4600 2124 4655 studio
2153 4611 2331 4670 sperat
2361 4600 2519 4656 hodie
2544 4606 3002 4674 prepugnandam.

270 4689 403 4742 llinc
428 4691 485 4743 in
514 4690 665 4744 nobis
693 4690 859 4744 oritur
887 4706 993 4745 non
1021 4690 1177 4745 dubia
1209 4706 1350 4760 spes,
1382 4706 1478 4747 vos
1503 4707 1671 4769 nuper
1693 4691 1976 4745 elaborata:
2006 4692 2509 4760 Augustinianorum
2532 4708 2752 4762 operum
2774 4696 2989 4753 editioni
3016 4702 3271 4769 propitios
3300 4701 3445 4769 fore;
3518 4718 3521 4723 ί

204 4796 361 4849 neque
386 4790 625 4834 vestrum
642 4782 779 4836 illius
805 4783 903 4836 viri
919 4782 1368 4837 lucubrationibus
1386 4782 1682 4837 defuturum
1711 4781 2077 4851 patrocinium,
2097 4798 2251 4852 quem
2273 4784 2539 4851 specialem
2554 4785 2671 4851 ﬁdei
2698 4797 2962 4855 patronum
2981 4790 3063 4861 (S.
3092 4791 3274 4864 I’rosp.
3297 4796 3446 4865 epist.

201 4873 275 4923 ad.
306 4873 527 4942 August.
557 4890 610 4925 η.
632 4872 684 4940 1)
713 4887 807 4926 vos
850 4874 1079 4928 universi
1107 4889 1226 4927 cum
1249 4873 1404 4927 beato
1435 4873 1696 4943 Prospero
1727 4873 2089 4927 incunctanter
2126 4874 2429 4942 agnoscitis.

255 4964 397 5019 Nihil
425 4965 517 5019 hic
540 4981 757 5020 necesse
777 4975 858 5020 est
884 4981 914 5020 a
940 4966 1092 5021 nobis
1113 4968 1539 5031 commemorari,
1558 4976 1750 5037 quanta
1778 4965 1937 5020 fuerit
1971 4967 2098 5021 olim
2131 4966 2521 5022 Gallicanorum
2543 4983 2664 5023 cum
2692 4969 2944 5028 Romanis
2970 4978 3283 5045 prtesulibus
3311 4994 3444 5035 con-

199 5058 364 5112 sensit)
392 5059 447 5111 in
476 5060 648 5112 sancti
676 5059 784 5113 Viri
807 5060 1239 5115 eommendandis
1268 5062 1538 5130 operibus.
1573 5062 1796 5116 Exstant
1838 5072 1945 5116 tum
1984 5064 2134 5118 Sedis
2159 5064 2463 5134 apostolica:
2493 5064 2808 5121 Pontiﬁcum
2839 5066 3152 5136 Innocentii,
3175 5070 3447 5127 C(elestini

196 5157 242 5200 et
262 5149 524 5211 aliorum;
557 5158 670 5203 tum
693 5148 1076 5203 Gallicanarum
1103 5151 1427 5222 synodorum
1456 5152 1813 5216 Arausieanae,
1846 5151 2135 5207 Valentina:
2169 5163 2222 5207 et
2256 5154 2478 5209 aliarum
2510 5156 2816 5226 consignata
2856 5156 3046 5213 litteris
3084 5172 3445 5227 monumenta,

194 5240 381 5307 quibus
406 5239 768 5308 Hipponensis
801 5240 1032 5294 Antistes
1057 5248 1111 5296 et
1145 5241 1282 5294 inter
1299 5241 1528 5309 optimos
1559 5240 1810 5297 Ecclesiae
1836 5244 2113 5313 magistros
2140 5253 2535 5312 annumeratur,
2563 5254 2617 5301 et
2653 5254 2901 5315 tanquam
2926 5247 3156 5320 antiqua:
3187 5252 3306 5307 ﬁdei
3350 5269 3446 5309 cu-
3534 5316 3537 5319 γ

193 5340 296 5383 stos
326 5330 707 5400 integerrimus
737 5344 801 5384 ex
831 5330 1065 5386 omnium
1104 5331 1371 5385 communi
1400 5346 1528 5385 voce
1555 5341 1607 5385 et
1628 5346 1785 5386 sensu
1810 5332 2125 5388 declaratur.

254 5426 447 5480 lstbmc
483 5426 783 5495 :equissima
811 5426 1000 5481 veteris
1022 5425 1273 5481 Ecclesiae
1294 5424 1490 5494 judicia
1517 5424 1583 5478 de
1610 5426 1773 5479 sancti
1804 5425 2050 5481 Prtesulis
2072 5426 2310 5482 doctrina
2354 5436 2407 5482 et
2447 5427 2549 5482 lide
2588 5435 2646 5481 ut
2686 5428 2893 5488 animos
2921 5432 3172 5488 addidere
3198 5436 3350 5489 nobis
3376 5438 3444 5491 ad

192 5516 434 5571 immensi
466 5518 664 5571 laboris
694 5533 827 5572 onus
853 5518 1179 5573 subeundum
1201 5560 1216 5586 ,
1246 5517 1315 5580 ita
1348 5516 1569 5572 ellecerc
1598 5524 1655 5570 ut
1693 5532 1756 5572 ea
1786 5533 1889 5588 qua
1929 5534 2023 5588 par
2056 5529 2169 5574 erat
2207 5520 2461 5590 religione
2504 5519 2797 5577 doctissimi
2838 5526 3103 5580 Antistitis
3142 5527 3338 5596 scripta
3363 5537 3448 5582 at-

191 5612 550 5681 tingeremus;
581 5610 667 5678 pia
694 5610 937 5663 nimirum
964 5610 1239 5664 sedulitate
1263 5608 1609 5677 religiosaque
1646 5606 1888 5663 cautione
1918 5623 2049 5679 opus
2079 5624 2196 5664 esse
2224 5612 2345 5676 rati,
2380 5619 2438 5665 ut
2460 5628 2561 5682 qua
2589 5626 2783 5683 mente,
2814 5632 2918 5687 quo
2946 5617 3186 5682 consilio,
3212 5632 3313 5686 qua
3344 5617 3448 5673 fido

190 5702 415 5769 primum
449 5701 682 5772 profecta
710 5713 887 5770 essent
910 5717 972 5756 ex
1000 5700 1312 5765 sanctissimi
1342 5698 1580 5766 Doctoris
1602 5714 1695 5765 ore
1720 5710 1774 5760 et
1800 5716 1958 5765 manu
1983 5700 2259 5756 utilissima
2287 5716 2467 5773 opera,
2496 5721 2707 5764 rursum
2736 5707 3018 5765 ederentur
3058 5726 3085 5763 a
3129 5708 3280 5766 nobis
3327 5707 3443 5779 pari
