3994 6352
471 281 543 340 21
1760 286 2006 345 annus
2044 288 2431 348 purum.
3690 312 3761 373 αθ

478 394 608 459 ﬁde,
636 393 816 452 animo
840 401 998 467 atque
1023 396 1316 469 proposito,
1342 395 1395 453 in
1417 398 1732 456 universalis
1762 400 2021 459 Ecclesia:
2050 401 2234 473 decus,
2256 405 2557 473 commoda,
2590 416 2751 479 atque
2776 409 3104 480 prmsidium.

550 483 684 552 Quis
730 496 1017 542 conatuum
1064 495 1369 543 nostrorum
1408 488 1461 544 in
1493 499 1599 545 tam
1641 492 1808 547 arduo
1837 493 2069 564 incmpto
2095 493 2258 551 fuerit
2282 511 2563 553 successus
2586 538 2601 563 ,
2634 499 2806 568 palam
2850 499 3062 558 edicere
3096 518 3219 559 cum
3250 514 3395 563 vetat
3424 508 3619 579 pudor,
3652 520 3755 569 tum

473 588 612 675 pene
636 577 1009 635 universorum
1040 579 1093 634 in
1122 579 1363 637 Ecclesia
1387 581 1634 637 ordinum
1660 624 1674 649 ,
1707 584 1760 638 in
1805 584 1992 654 primis
2032 597 2268 643 vestrum
2295 589 2533 644 omnium
2560 589 2937 661 benignissima
2959 592 3027 650 de
3054 594 3144 651 illo
3165 595 3387 667 judicia.
3420 577 3514 657 llis
3541 606 3752 675 amplis-

473 668 670 765 simum
698 669 866 726 labori
896 678 1081 728 nostro
1106 673 1386 743 praamium
1404 715 1420 741 ,
1451 683 1598 730 certe
1626 677 2023 745 eXSpectatione
2067 687 2252 736 nostra
2299 689 2355 736 et
2396 681 2590 736 merito
2616 694 2802 739 nostro
2830 684 2987 756 longe
3013 687 3187 757 majus
3206 730 3223 757 ,
3255 706 3361 747 non
3394 692 3512 750 sine
3538 668 3674 765 grati
3703 713 3760 755 ac

473 758 693 816 demissi
718 761 881 816 animi
914 763 1069 818 tacita
1099 764 1483 837 signiﬁcatione
1502 767 1706 836 experti
1735 782 1940 823 sumus.

549 851 671 909 lstis
703 863 883 911 autem
908 856 1167 912 bonarum
1192 867 1491 914 vestrarum
1515 858 1844 914 voluntatum
1875 863 2334 920 testificationibus
2362 862 2490 919 freti
2527 874 2688 937 atque
2716 868 2940 936 conﬁsi,
2970 872 3334 941 querimonias
3358 876 3758 936 obtrectantium

477 945 862 1041 nonnullorum
906 946 1060 1002 facile
1098 947 1315 1018 insuper
1342 948 1641 1004 habuimus.
1673 948 1733 1003 ld
1762 951 1903 1005 enim
1934 953 2089 1007 nobis
2113 962 2263 1010 certo
2300 969 2614 1024 persuasum
2642 957 2771 1026 fuit,
2805 970 3053 1017 navatam
3089 978 3119 1016 a
3160 966 3361 1022 nostris
3388 968 3443 1022 in
3460 970 3759 1041 Augustino

479 1035 795 1091 illustrando
818 1052 1034 1108 operam
1055 1038 1271 1093 calculis
1291 1038 1657 1093 universorum
1688 1042 2138 1111 comprobandam
2156 1085 2174 1113 ,
2201 1059 2322 1100 eum
2343 1045 2408 1101 iis
2432 1046 2722 1117 placuerit,
2753 1064 2917 1119 penes
2942 1067 3077 1123 quos
3100 1052 3322 1112 istarum
3346 1074 3525 1115 rerum
3553 1035 3606 1117 et
3619 1064 3756 1133 judi-

474 1135 618 1191 cium
648 1144 705 1193 et
726 1136 1004 1192 arbitrium
1030 1152 1150 1193 esse
1168 1136 1401 1191 universi
1428 1135 1774 1192 conﬁtentur.

545 1229 729 1301 Neque
767 1244 896 1285 vero
923 1229 1251 1299 exspectatio
1281 1228 1381 1282 ista
1408 1242 1508 1283 nos
1552 1227 1759 1285 fefellit.
1786 1229 1993 1286 Novum
2018 1245 2148 1289 ecce
2185 1240 2240 1289 et
2279 1233 2467 1305 ingens
2492 1235 2643 1305 operi
2669 1245 2854 1292 nostro
2877 1238 3181 1323 praesidium
3226 1243 3431 1299 accedit
3466 1262 3533 1303 ex
3563 1262 3759 1318 nupera

477 1335 579 1393 per
612 1321 957 1393 apostolicam
984 1321 1194 1392 [Sedem
1223 1321 1564 1379 damnatione
1592 1323 1892 1381 libellorum
1916 1326 2109 1397 quibus
2136 1326 2333 1384 invidia
2356 1344 2581 1399 gravare
2606 1346 2705 1387 nos
2730 1321 3087 1389 moliebantur
3111 1335 3250 1392 haud
3271 1341 3409 1410 arqui
3436 1342 3680 1398 laborum
3699 1358 3761 1399 ac

471 1418 602 1474 fidei
636 1426 835 1474 nostra:
858 1418 1227 1473 aestimatores.
1256 1417 1581 1473 Palmarium
1609 1419 1865 1476 adversus
1888 1420 2020 1476 istos
2040 1420 2368 1477 defensionis
2399 1432 2595 1479 nostra:
2621 1425 3008 1481 incrementum
3037 1428 3227 1485 afferet
3252 1434 3608 1502 augustissimi
3637 1436 3759 1493 Cte-

480 1520 569 1567 tus
597 1511 761 1567 vestri
801 1508 1092 1565 auctoritas
1138 1516 1195 1563 et
1237 1508 1548 1581 suffragium
1576 1528 1590 1565 :
1619 1520 1779 1583 atque
1805 1511 1943 1568 hanc
1970 1515 2271 1569 communis
2298 1522 2491 1571 vestra:
2516 1517 2794 1573 sententia:
2830 1527 2989 1590 atque
3012 1519 3196 1589 judicii
3224 1523 3662 1594 signiﬁcationem
3699 1547 3762 1588 eo

481 1603 781 1674 impensius
806 1604 1147 1676 liberiusque.
1158 1605 1499 1676 deposcimus
1522 1648 1539 1675 ,
1582 1621 1690 1678 quo
1734 1616 1903 1664 totum
1944 1607 2047 1664 hoc
2072 1608 2369 1681 vigiliarum
2395 1619 2699 1666 nostrarum
2724 1625 2859 1684 opus
2878 1612 2977 1668 sub
2998 1612 3253 1671 Ludovici
3284 1616 3456 1690 Magni
3481 1624 3726 1693 auspiciis
3743 1667 3763 1694 ,

480 1696 736 1767 regioque
764 1697 1070 1768 insignitum
1099 1700 1316 1756 nomine
1345 1699 1608 1770 publicam
1636 1702 1690 1755 in
1717 1702 1890 1758 lucem
1921 1703 2217 1760 emisimus.

544 1787 699 1853 Quod
726 1788 773 1842 si
793 1788 1176 1860 religiosissimi
1197 1792 1457 1863 Principis
1484 1793 1537 1848 in
1560 1795 1995 1864 recognoscendo
2024 1796 2129 1851 isto
2148 1811 2371 1854 munere
2396 1797 2709 1870 benignitati
2731 1809 2786 1856 et
2811 1801 3129 1859 humanitati
3152 1805 3463 1864 addideritis
3487 1825 3761 1870 commen—

482 1879 714 1937 dationis
736 1891 928 1937 vestrae
960 1883 1169 1952 pondus
1190 1925 1207 1952 ,
1236 1884 1340 1939 erit
1359 1886 1505 1940 omni
1545 1886 1780 1955 prmsidii
1805 1902 2002 1958 genere
2022 1887 2272 1943 vallatum
2299 1904 2433 1960 opus
2454 1932 2470 1958 ,
2493 1892 2635 1960 quod
2660 1907 2759 1948 nec
2786 1893 2889 1947 ulla
2920 1894 3118 1951 delebit
3146 1906 3295 1963 retas,
3327 1901 3468 1955 nulla
3498 1903 3762 1963 lacessere

474 1968 539 2029 in
566 1980 840 2045 posterum
866 1974 1080 2030 audebit
1106 1992 1296 2031 manus
1322 1985 1483 2048 atque
1509 1979 1776 2047 protervia
1810 1996 1824 2033 :
1856 1994 1955 2048 pro
1992 1994 2097 2049 quo
2120 1980 2315 2051 insigni
2344 1981 2525 2039 favore
2548 1992 2708 2054 atque
2731 1984 3010 2043 benefacto
3034 2030 3049 2054 ,
3080 1988 3375 2047 Clarissimi
3403 2002 3597 2049 sancta:
3624 1994 3764 2051 Reli-

479 2066 658 2137 gionis
704 2067 1018 2134 Antistites,
1072 2077 1128 2123 et
1166 2069 1317 2125 vobis
1366 2070 1624 2141 singulis,
1663 2080 1717 2126 et
1764 2071 2015 2126 universo
2062 2070 2416 2129 Sacrosancto
2453 2074 2639 2132 Ordini
2679 2086 2857 2134 vestro
2899 2081 3069 2136 acturi
3114 2090 3273 2153 atque
3317 2082 3547 2140 habituri
3584 2101 3767 2143 sumus

475 2160 807 2217 immortales
831 2162 1048 2232 gratias.

3053 2320 3750 2363 Ἦ

3064 2307 3741 2323 5—..—

3072 2354 3613 2579 ᾗῇᾸὲ

496 2336 825 2565 TN
895 2433 2061 2566 APPENDICES
2137 2436 3053 2569 AUGUSTIN

1278 2644 1387 2705 ET
1426 2644 1612 2705 ALlA
1654 2644 1817 2707 HOC
1858 2646 1945 2707 IN
1983 2647 2403 2710 VOLUMINE
2445 2647 2874 2713 CONTENTA

1520 2779 1975 2924 Breuis
2071 2781 2690 2960 ptufatio.

1775 3023 2415 3078 ιεκ-ο-ἓκτιοοεκῶαὶῶ

539 3144 982 3217 Quandoquidem
1027 3157 1271 3200 seorsum
1315 3148 1371 3197 et
1413 3140 1469 3195 in
1495 3140 1749 3211 angulum
1776 3140 1973 3211 rejecta
2000 3148 2123 3195 sunt
2147 3142 2323 3211 Spuria
2353 3142 2439 3196 illa
2468 3144 2736 3213 Opuscula
2757 3187 2771 3211 ,
2805 3161 2925 3216 quae
2951 3148 3112 3204 variis
3143 3151 3470 3221 temporibus
3494 3152 3552 3209 S.
3580 3153 3763 3225 Augu-

472 3238 616 3294 stino
635 3236 906 3308 supposita
933 3235 1115 3298 fuere;
1164 3232 1411 3290 eumdem
1439 3247 1649 3303 quoque
1690 3231 1908 3287 modum
1934 3239 1989 3287 et
2016 3232 2260 3287 ordinem
2299 3232 2402 3288 hoc
2444 3234 2563 3289 loco
2602 3244 2788 3292 tenere
2815 3238 2987 3294 visum
3018 3249 3133 3305 est,
3172 3241 3412 3314 adeoque
3435 3247 3759 3315 peculiarem

472 3330 743 3401 ejusmodi
763 3328 975 3399 scriptis
996 3326 1369 3383 Pnefationem
1390 3324 1664 3395 assignare
1684 3339 1715 3379 a
1743 3324 1975 3394 generali
2006 3325 2300 3394 sejunctam
2319 3367 2333 3391 ,
2361 3342 2481 3396 qua:
2509 3342 2687 3397 operae
2708 3328 2762 3383 in
2793 3331 2892 3385 hac
2916 3331 3073 3385 etiam
3104 3343 3254 3403 parte
3279 3349 3307 3388 a
3331 3336 3482 3391 nobis
3510 3338 3767 3408 impensa:

471 3423 739 3478 rationem
762 3421 1069 3479 contineat:
1105 3427 1218 3473 tum
1250 3426 1396 3472 utne
1417 3416 1537 3487 quis
1562 3431 1626 3472 ea
1646 3432 1679 3471 a
1705 3416 1860 3472 nobis
1884 3416 2126 3486 neglecta
2159 3416 2322 3473 fuisse
2347 3417 2485 3473 forte
2504 3419 2838 3488 suspicetur;
2868 3431 2977 3476 tum
3008 3431 3065 3477 ut
3086 3423 3253 3479 lector
3279 3425 3345 3480 ad
3366 3440 3552 3482 eorum
3579 3429 3767 3485 lectio-

469 3530 593 3569 nem
624 3514 963 3579 informetur,
996 3518 1381 3580 moneaturque
1403 3508 1472 3564 de
1499 3507 1617 3562 aliis
1644 3507 1807 3563 rebus
1827 3547 1844 3572 ,
1877 3522 1995 3577 qua:
2016 3508 2068 3561 in
2098 3506 2203 3561 hoc
2230 3517 2500 3576 postremo
2522 3509 2791 3564 volumine
2818 3511 3181 3583 continentur.

542 3607 612 3662 Ut
660 3606 727 3661 ad
755 3621 869 3661 rem
895 3604 1203 3669 veniamus,
1234 3601 1457 3672 singula:
1482 3599 1703 3669 singulis
1729 3599 2011 3669 Augustini
2054 3598 2214 3654 tomis
2244 3600 2595 3669 subjiciuntur
2623 3602 2957 3672 Appendices
2977 3644 2993 3671 ,
3026 3620 3117 3661 eas
3155 3607 3581 3677 complectentes
3624 3612 3764 3667 scri-

471 3701 773 3770 ptiunculas
793 3742 808 3766 ,
836 3715 969 3770 quas
998 3699 1085 3754 vel
1108 3698 1219 3753 stili
1243 3696 1488 3767 quaedam
1518 3693 1764 3759 imitatio,
1812 3693 1895 3748 vel
1923 3694 2223 3763 argumenti
2245 3692 2475 3750 affinitas
2493 3736 2507 3759 ,
2537 3695 2620 3750 vel
2647 3710 2825 3764 casus,
2856 3698 2941 3752 vel
2968 3706 3266 3768 temporum
3294 3701 3589 3772 ignorantia
3612 3745 3628 3770 ,
3682 3697 3767 3760 vel

466 3794 699 3864 denique
730 3792 875 3847 fraus
900 3799 1182 3846 auctorum
1213 3788 1692 3859 bibliopolarumve
1718 3786 2015 3857 Augustino
2051 3783 2276 3840 affinxit.
2310 3786 2392 3840 Ex
2418 3786 2524 3841 stili
2546 3787 2799 3842 nonnulla
2821 3789 3116 3846 imitatione
3145 3790 3341 3846 factum
3376 3803 3653 3864 putamus,
3708 3806 3770 3852 ut

468 3889 692 3944 Caesarii
720 3891 1048 3947 Arelatensis
1068 3889 1303 3961 episcopi
1328 3886 1541 3958 plurimi
1569 3899 1847 3941 sermones
1861 3882 2258 3954 Augustinianis
2281 3892 2712 3939 aceenserentur.
2739 3885 2890 3953 Quod
2912 3901 3038 3941 vero
3065 3886 3261 3957 Pelagii
3283 3887 3350 3942 ad
3372 3888 3765 3945 Demetriadem

465 3979 692 4049 cpistola
716 4023 731 4049 ,
762 3992 818 4037 et
856 3982 1077 4038 Fastidii
1108 3981 1177 4036 ad
1206 3979 1445 4035 Fatalem
1472 3977 1683 4033 viduam
1704 3975 1773 4033 de
1805 3975 1971 4031 Vidua
1996 3974 2291 4030 christiana
2319 3974 2454 4029 liber
2481 3983 2666 4032 sancto
2690 3977 2902 4033 Doctori
2930 3979 3229 4049 adscriptus
3255 3979 3357 4045 sit,
3388 3980 3531 4036 haud
3554 3981 3667 4037 seio
3693 3997 3763 4037 an

467 4074 767 4142 argumenti
819 4073 1080 4129 afﬁnitate
1100 4114 1113 4137 ,
1154 4087 1223 4126 an
1249 4071 1373 4127 dolo
1400 4070 1681 4141 contigerit
1710 4075 1987 4124 auctorum
2005 4108 2020 4132 ,
2051 4067 2140 4137 qui
2165 4067 2246 4122 vel
2273 4074 2335 4121 ut
2360 4067 2634 4138 scriptioni
2662 4085 2773 4125 suae
2797 4071 3166 4126 auctoritatem
3193 4073 3492 4143 pretiumve
3516 4089 3763 4131 accerse—

472 4174 625 4232 rent,
660 4166 742 4220 vel
763 4166 902 4236 quod
932 4164 1133 4219 nomini
1156 4163 1464 4218 difﬁderent
1488 4176 1605 4227 suo,
1638 4160 1770 4215 tanti
1790 4158 2023 4215 nominis
2048 4158 2257 4213 titulum
2291 4160 2689 4229 supposuerint.
2719 4160 2835 4216 Non
2857 4162 3000 4217 aliud
3030 4172 3174 4218 certe
3201 4162 3253 4217 in
3279 4179 3437 4220 causa
3485 4166 3612 4231 fuit,
3666 4179 3769 4222 cur

466 4256 700 4313 editores
740 4267 798 4312 et
836 4257 1137 4327 bibliopola:
1164 4256 1453 4312 subdititiis
1488 4256 1591 4312 illis
1624 4254 1837 4326 scriptis
1863 4254 2003 4309 idem
2028 4268 2225 4309 nomen
2251 4256 2611 4326 prmﬁxerint,
2642 4258 2895 4314 nimirum
2916 4268 2973 4314 ut
2991 4260 3213 4329 majoris
3237 4260 3390 4329 pretii
3417 4260 3758 4323 haberentur,

464 4359 522 4405 et
563 4350 739 4406 carius
759 4352 999 4406 venirent
1023 4349 1219 4421 spuria:
1249 4349 1353 4404 illae
1380 4362 1607 4404 merces.
1636 4348 1703 4402 At
1728 4345 1998 4402 fatendum
2028 4354 2111 4401 est
2136 4359 2265 4401 casu
2291 4347 2370 4402 vel
2396 4350 2693 4406 temeritate
2721 4351 3128 4406 amanuensium
3152 4359 3207 4405 et
3231 4351 3493 4406 editorum
3520 4351 3766 4420 plerum-

465 4458 573 4513 quc
620 4434 813 4498 factum
862 4443 1065 4508 fuisse,
1122 4450 1181 4497 ut
1233 4442 1333 4497 hoc
1381 4440 1624 4511 specioso
1678 4440 1833 4494 titulo
1893 4436 2157 4509 ejusmodi
2208 4438 2509 4496 adulterina
2570 4443 2823 4513 opuscula
2876 4442 3307 4497 honestarentur.
3365 4442 3496 4497 Nam
3561 4443 3764 4515 smpius

466 4535 727 4606 contigit,
792 4544 849 4590 ut
893 4550 1015 4590 cum
1053 4534 1254 4590 librarii
1313 4533 1522 4604 aliquos
1572 4530 1853 4603 Augustini
1899 4530 2064 4585 libros
2125 4532 2561 4602 exscripsissent,
2600 4548 2699 4589 nec
2727 4535 2805 4589 eis
2852 4549 2921 4590 ex
2964 4542 3150 4590 sancto
3181 4534 3409 4591 Doctore
3453 4545 3765 4606 suppeteret

470 4627 613 4682 unde
637 4643 849 4697 mquum
876 4628 1121 4683 volumen
1151 4626 1511 4691 conﬁcerent;
1555 4639 1622 4691 ex
1651 4625 1837 4695 quovis
1871 4636 2139 4693 anonymo
2168 4612 2360 4693 Opere,
2410 4623 2552 4694 quod
2596 4622 2812 4679 fortuito
2850 4633 2994 4679 esset
3039 4624 3107 4679 ad
3147 4640 3361 4679 manum
3383 4667 3398 4691 ,
3444 4628 3765 4698 supplerent

469 4720 610 4791 quod
634 4720 779 4790 justo
803 4720 1058 4775 volumini
1085 4720 1317 4776 deesset.
1342 4718 1507 4790 quue
1544 4717 1768 4774 subinde
1795 4733 1979 4772 ansam
2020 4718 2243 4788 praebuit
2275 4728 2387 4774 tum
2428 4720 2879 4791 exscriptoribus,
2929 4728 3043 4776 tum
3070 4721 3298 4777 incautis
3346 4720 3673 4789 editoribus,
3704 4730 3765 4775 ut

468 4813 765 4883 posteriora
810 4814 927 4869 hmc
947 4828 1110 4884 opera
1138 4812 1309 4869 eidem
1349 4811 1551 4867 auctori
1600 4810 2003 4876 adscriberent,
2035 4810 2190 4880 cujus
2219 4827 2412 4866 nomen
2446 4813 2623 4883 priora
2656 4812 3029 4884 prmfercbant.
3056 4813 3187 4881 Quae
3226 4828 3313 4869 res
3334 4830 3398 4870 eo
3429 4829 3597 4885 usque
3628 4830 3763 4885 pro-

468 4921 652 4977 gressa
693 4915 777 4961 est
800 4948 815 4972 ,
860 4915 918 4960 ut
965 4906 1169 4960 nullum
1198 4905 1308 4961 fere
1335 4905 1587 4961 saeculum
1614 4904 1712 4969 sit,
1742 4919 1804 4959 ex
1834 4918 1940 4975 quo
1966 4903 2280 4959 adulterina:
2308 4904 2575 4975 ejusmodi
2604 4906 2795 4977 aliqum
2840 4907 3161 4977 scriptiones
3206 4908 3451 4979 genuinis
3479 4907 3762 4979 Augustini

472 4997 730 5067 operibus
753 5011 857 5051 non
880 4997 1221 5052 accesserint.

549 5090 688 5147 Binc
716 5099 895 5145 natum
921 5098 1003 5145 est
1030 5090 1223 5161 triplex
1249 5088 1643 5145 incommodum
1675 5103 1690 5141 :
1718 5103 1884 5143 unum
1905 5086 2045 5158 quod
2088 5086 2440 5158 genuinorum
2482 5088 2598 5159 ejus
2624 5103 2844 5159 operum
2875 5088 3105 5161 dignitas
3128 5098 3183 5146 et
3207 5090 3453 5147 lectionis
3477 5090 3648 5162 gratia
3690 5108 3763 5149 cx

474 5182 577 5239 hac
606 5182 869 5253 farragine
896 5180 1138 5237 nonnihil
1159 5181 1522 5246 minueretur;
1550 5180 1773 5235 alterum
1795 5222 1811 5247 ,
1838 5178 1980 5248 quod
2008 5176 2132 5233 inde
2161 5178 2459 5235 traditionis
2480 5180 2674 5235 veritas
2708 5179 3103 5251 quodammodo
3149 5182 3313 5237 etiam
3356 5181 3761 5249 obscuraretur,

472 5276 602 5333 dum
633 5276 983 5347 posteriorum
1028 5284 1327 5345 temporum
1377 5273 1573 5341 scripta
1620 5270 1688 5326 ad
1728 5271 2057 5341 superiorem
2085 5278 2298 5326 aetatem
2326 5271 2591 5341 pertinere
2618 5281 2902 5342 putantur;
2926 5272 3139 5328 tertium
3168 5272 3432 5343 denique,
3463 5273 3601 5345 quod
3630 5290 3766 5347 sup-

473 5373 635 5445 positi
658 5374 731 5429 illi
764 5373 903 5431 fetus
928 5374 1169 5428 incautos
1197 5370 1425 5425 lectores
1451 5367 1702 5423 inducant
1725 5366 1792 5421 ad
1821 5364 2102 5421 sectandas
2138 5364 2383 5420 sinistras
2428 5365 2738 5437 opiniones,
2771 5382 2901 5437 quas
2926 5364 3209 5437 splendido
3230 5366 3511 5438 Augustini
3540 5368 3765 5423 nomine

474 5467 716 5523 obtectas
741 5463 1211 5537 deprehenderint.
1239 5462 1573 5533 Quapropter
1600 5467 1657 5515 ut
1683 5458 1766 5516 his
1793 5457 2142 5514 incommodis
2161 5467 2555 5529 occurreretur,
2603 5458 2865 5529 ejusmodi
2892 5458 3102 5529 spurias
3122 5458 3439 5529 scriptiones
3459 5475 3491 5515 a
3512 5459 3765 5533 genuinis

475 5568 531 5616 et
554 5559 775 5614 sinceris
801 5556 1078 5629 Augustini
1102 5554 1364 5626 Operibus
1380 5567 1678 5625 segregare,
1705 5560 1761 5609 et
1786 5551 1839 5607 in
1868 5550 2117 5622 angulum
2138 5550 2423 5623 quemdam
2451 5551 2673 5623 rejicere
2700 5551 2983 5621 plurimum
3006 5549 3279 5605 intererat.

557 5651 671 5706 lloc
696 5651 963 5720 negotium
985 5649 1053 5704 ab
1076 5644 1298 5703 eruditis
1325 5646 1588 5701 nonnullis
1608 5644 1836 5715 primum
1866 5642 2169 5697 inchoatum
2188 5685 2203 5711 ,
2231 5657 2261 5697 a
2284 5641 2703 5698 Lovaniensibus
2721 5639 2915 5696 deinde
2932 5681 2949 5707 ,
2974 5648 3084 5695 tum
3110 5655 3138 5694 a
3168 5639 3371 5696 Joanne
3393 5641 3611 5698 Verlino
3644 5655 3699 5699 et
3734 5659 3769 5701 a

476 5746 754 5805 Bcrnardo
780 5744 1063 5816 Vindingo,
1096 5741 1512 5815 Augustinianis,
1545 5741 1767 5796 multum
1797 5746 2099 5812 promotum
2120 5776 2136 5806 ,
2165 5744 2219 5795 ct
2242 5751 2430 5810 magna
2456 5750 2519 5793 ex
2549 5745 2698 5807 parte
2724 5734 3055 5805 confectum,
3086 5735 3312 5792 necdum
3341 5746 3515 5792 tamen
3547 5737 3767 5807 penitus
