3994 6352
219 312 282 372 εθ
1536 299 1783 358 ensvrs
1818 298 2202 357 ramulo.
3424 318 3505 381 ω

222 432 521 490 absolutum
548 472 564 499 ,
587 443 806 500 operam
830 425 990 481 etiam
1023 436 1163 479 nunc
1182 421 1412 493 aliquam
1433 421 1646 492 exigere
1664 421 1961 480 videbatur.
1987 421 2133 479 Nihil
2151 435 2280 479 vero
2301 434 2332 477 a
2353 421 2507 481 nobis
2535 423 2978 495 praetermissum,
3007 435 3069 485 ut
3088 428 3138 484 ei
3167 429 3318 487 ﬁeret
3340 435 3496 493 satis.

225 529 343 597 Ejus
372 525 453 581 rei
475 538 638 579 causa
665 529 877 576 veteres
899 517 1292 587 manuscriptos
1315 514 1528 573 codices
1551 556 1566 580 ,
1594 514 1647 569 in
1672 516 1864 586 quibus
1889 531 1985 572 sua
2012 517 2201 587 cuique
2228 517 2429 572 auctori
2450 517 2841 587 adscribuntur,
2862 535 3020 591 quam
3050 522 3307 592 plurimos
3342 526 3497 582 adhi-

226 619 431 673 buimus
459 634 475 670 :
510 616 659 669 viros
685 612 897 677 doctos,
923 609 1019 680 qui
1042 625 1106 663 ex
1140 607 1385 663 familiari
1409 606 1578 665 sancti
1610 607 1853 662 Doctoris
1873 607 2102 664 lectione
2119 616 2173 663 et
2191 607 2458 679 frequenti
2485 625 2587 666 usu
2612 612 2793 667 stilum
2818 612 2937 684 ejus
2960 628 3023 669 ac
3045 616 3258 685 genium
3274 631 3493 686 persen-

227 711 319 765 tire
343 707 640 763 assuefacti
671 713 830 771 sunt,
857 701 1258 766 consuluimus;
1286 715 1489 771 nosque
1518 700 1616 770 ipsi
1646 715 1766 755 cum
1798 700 2105 757 indubitatis
2130 702 2410 774 Augustini
2437 702 2699 775 Operibus
2741 720 2806 762 ea
2847 723 2969 778 qua:
3002 708 3164 764 dubia
3195 720 3249 765 et
3279 727 3389 767 non
3426 712 3496 766 ita

225 808 361 855 certa
397 806 592 865 erant,
629 796 917 867 diligenter
945 791 1297 857 contulimus;
1328 800 1383 847 et
1424 792 1577 859 stilo,
1616 792 1929 862 sententiis,
1973 792 2247 858 doctrina,
2294 794 2689 864 Scripturarum
2724 796 3061 856 citationibus
3094 808 3152 857 et
3195 802 3497 872 explicandi

231 892 432 945 ratione
476 889 708 944 invicem
756 884 1112 957 comparatis,
1162 898 1274 939 rem
1306 899 1372 940 eo
1422 897 1453 937 a
1498 883 1652 939 nobis
1684 883 1993 954 perductam
2033 885 2428 953 existimamus,
2469 894 2526 941 ut
2564 887 2796 955 nullum,
2826 897 2919 945 aut
2955 889 3307 948 ferernullum
3354 892 3496 950 inter

237 982 462 1053 genuina
489 978 772 1050 Augustini
803 991 969 1047 opera
1009 975 1356 1047 rejiciendum
1398 974 1662 1046 supersit,
1702 975 1843 1047 quod
1872 990 1978 1031 non
2020 976 2273 1047 rejectum
2302 978 2399 1044 sit;
2440 979 2669 1045 nullum,
2701 989 2793 1035 aut
2826 980 2938 1037 fere
2975 983 3176 1039 nullum
3208 983 3462 1055 rejectum
3482 1028 3497 1054 ,

238 1072 378 1144 quod
403 1088 511 1127 non
542 1072 710 1141 aquis
737 1069 1054 1126 censoribus
1069 1068 1417 1138 rejiciendum
1446 1068 1707 1124 videatur.

294 1163 491 1219 Verum
524 1162 651 1233 quia
680 1160 845 1217 notha
874 1160 990 1215 hmo
1013 1174 1175 1231 opera
1200 1159 1509 1216 discernere
1541 1157 1680 1213 haud
1701 1157 2029 1224 sufﬁciebat,
2061 1158 2164 1214 nisi
2192 1159 2350 1215 etiam
2379 1160 2489 1216 veri
2517 1176 2703 1218 eorum
2739 1171 2983 1220 auctores
3020 1166 3414 1235 iudicarentur;
3447 1170 3502 1224 id

226 1269 465 1325 quoque,
491 1262 753 1323 quantum
780 1252 935 1307 nobis
960 1251 1141 1317 licuit,
1180 1259 1437 1321 przestare
1462 1250 1636 1306 conati
1661 1264 1879 1317 sumus,
1907 1251 2009 1305 rati
2042 1251 2237 1307 nullius
2264 1250 2379 1309 fere
2406 1255 2557 1323 pensi
2581 1267 2612 1309 a
2639 1254 2925 1312 lectoribus
2952 1256 3134 1313 haberi
3163 1272 3226 1313 ea
3264 1259 3463 1329 scripta
3484 1302 3500 1326 ,

231 1358 449 1413 quorum
472 1345 768 1414 scriptores
794 1343 1126 1414 ignorantur.
1154 1343 1337 1413 Neque
1352 1352 1497 1397 certe
1518 1356 1618 1397 nos
1631 1356 1809 1411 opera:
1829 1350 2026 1398 nostra:
2048 1343 2312 1412 pmnituit.
2335 1345 2523 1399 Datum
2542 1347 2736 1417 quippe
2754 1355 2838 1402 est
2853 1346 3101 1418 detegere
3120 1349 3261 1405 bene
3280 1351 3501 1417 multos,

227 1450 444 1513 quorum
477 1436 678 1490 seriem
704 1432 927 1490 inferius
955 1433 1241 1491 exhibituri
1264 1448 1468 1488 sumus.
1499 1434 1554 1486 In
1584 1434 1703 1488 aliis
1732 1431 1872 1487 haud
1901 1434 2239 1503 paucioribus
2262 1443 2539 1491 auctorum
2566 1438 2900 1507 superiorum
2926 1437 3224 1509 fragmenta
3248 1441 3501 1497 observa-

226 1530 421 1598 vimus,
442 1544 570 1599 qua:
593 1528 681 1584 vel
705 1528 977 1583 asteriscis
995 1569 1011 1591 ,
1038 1527 1121 1582 vel
1156 1527 1318 1591 etiam
1360 1526 1624 1591 uncinulis
1651 1524 2021 1591 distinximus,
2049 1526 2245 1583 notatis
2272 1528 2425 1593 locis,
2453 1543 2519 1582 ex
2549 1528 2742 1597 quibus
2776 1529 2890 1585 hmo
2922 1532 3177 1586 translata
3209 1543 3265 1588 et
3288 1542 3503 1605 accepta
3546 1568 3547 1571 η

226 1629 390 1697 erant.
414 1618 577 1695 Unde
599 1618 661 1673 ﬁt
679 1629 737 1673 ut
755 1619 893 1674 facili
950 1619 1161 1688 negotio
1189 1616 1618 1687 deprehendatur
1656 1624 1871 1688 tempus,
1891 1632 1998 1687 quo
2025 1633 2355 1689 unaquaque
2375 1619 2489 1674 lucc
2507 1634 2674 1689 opera
2696 1621 2995 1691 conscripta
3021 1623 3147 1678 sint.
3174 1624 3310 1680 Hinc
3334 1625 3505 1680 tradi-

230 1714 376 1766 tionis
395 1712 782 1767 ecclesiastica:
802 1711 1048 1767 curiosus
1074 1710 1350 1781 indagator
1377 1709 1683 1780 perspiciet,
1711 1709 1911 1765 srcculo
1930 1708 2246 1765 duodecimo
2270 1710 2571 1780 superiores
2600 1726 2706 1767 non
2730 1726 2869 1777 esse,
2902 1712 3096 1769 nedum
3124 1714 3191 1769 ad
3218 1711 3504 1787 Augustini

229 1814 429 1874 tempus
457 1802 797 1859 revocandos
816 1844 830 1867 ,
861 1803 1027 1857 libros
1050 1802 1116 1857 de
1140 1803 1339 1872 Spiritu
1359 1811 1414 1856 et
1435 1800 1655 1871 Anima,
1684 1801 1751 1856 de
1778 1801 2051 1872 Diligendo
2084 1802 2227 1867 Deo,
2260 1802 2530 1869 Manuale,
2568 1804 2658 1858 ubi
2697 1804 2750 1859 in
2777 1804 2857 1861 eis
2893 1804 3503 1881 adverteritfragmenta

228 1911 287 1950 ex
324 1896 617 1958 Anselmo,
646 1893 954 1961 Bernardo,
990 1903 1045 1949 et
1082 1894 1305 1965 Hugone
1336 1894 1625 1949 Victorino.
1670 1892 1934 1949 Caeterum
1964 1908 2031 1949 ne
2066 1893 2327 1964 ejusmodi
2374 1894 2570 1964 spuriis
2615 1896 2883 1965 opusculis
2926 1896 3211 1966 Augustini
3262 1899 3505 1956 doctrina

226 1987 624 2056 quodammodo
663 1986 1138 2051 contaminaretur,
1181 1986 1227 2040 si
1254 2000 1341 2040 res
1366 1983 1433 2039 de
1467 1985 1658 2056 quibus
1696 1984 1751 2040 in
1791 1984 1871 2039 eis
1910 1984 2103 2055 agitur,
2132 1986 2182 2040 in
2210 1985 2456 2041 eumdem
2487 1986 2714 2043 indicem
2752 1986 3056 2057 permixtim
3083 1988 3505 2059 conjiceremns;

227 2080 551 2150 pectdiarem
578 2077 981 2148 Appendicibus
1012 2076 1236 2132 indicem
1263 2076 1569 2146 generalem
1600 2076 1882 2146 rejecimus
1910 2077 1966 2131 in
2000 2077 2244 2132 ultimum
2268 2076 2475 2133 huncce
2504 2086 2738 2144 tomum,
2759 2077 2829 2135 de
2853 2094 2960 2151 quo
2980 2078 3050 2135 in
3089 2094 3327 2150 prmaens
3347 2096 3506 2154 agen-

227 2169 346 2226 dum
376 2183 483 2227 est.

291 2263 348 2317 In
375 2272 661 2333 postremo
688 2263 853 2319 hocce
885 2274 1028 2318 temo
1055 2273 1177 2337 post
1200 2264 1337 2319 hanc
1363 2262 1737 2333 Praefationem
1761 2261 2003 2332 sequitur
2042 2260 2157 2315 Vita
2182 2260 2354 2319 sancti
2392 2259 2711 2331 Augustini,
2749 2276 2816 2316 ex
2856 2260 3025 2331 ipsius
3051 2262 3269 2333 scriptis
3296 2278 3329 2318 a
3353 2264 3509 2320 nobis

230 2356 548 2411 concinnata
581 2374 596 2409 :
650 2373 751 2428 qua
780 2357 835 2411 in
858 2372 917 2412 re
934 2372 1126 2427 magno
1146 2355 1300 2410 nobis
1330 2355 1447 2411 usui
1473 2353 1619 2408 fuere
1638 2352 2007 2408 commentarii
2032 2352 2132 2421 pia:
2162 2352 2433 2406 memoria:
2460 2352 2758 2409 Sebastiani
2782 2352 2856 2408 Le
2874 2352 3010 2409 Nain
3034 2354 3356 2411 Tillemontii
3373 2398 3390 2423 ,
3409 2356 3499 2426 qui

226 2448 504 2503 nobiscum
530 2464 662 2504 suos
689 2450 743 2503 in
788 2448 925 2504 hanc
955 2450 1125 2504 Vitam
1164 2446 1576 2504 commentarios
1615 2445 1907 2500 liberaliter
1936 2442 2377 2508 communicavit,
2414 2442 2561 2497 nullo
2588 2442 2694 2497 alio
2738 2443 2949 2511 animo,
2976 2458 3138 2514 quam
3162 2454 3224 2498 ut
3250 2446 3505 2501 Ecclesia:

227 2539 314 2594 Dei
351 2539 699 2605 consuleret,
728 2540 814 2596 cui
859 2540 1137 2594 universos
1169 2538 1381 2593 labores
1410 2551 1568 2603 suos,
1614 2536 1877 2590 maximos
1902 2548 2034 2589 sane
2074 2540 2129 2588 et
2154 2532 2487 2600 utilissimos,
2518 2532 2672 2587 unice
2704 2534 3065 2599 consecravit,
3094 2534 3165 2589 ab
3204 2535 3348 2591 inani
3383 2539 3505 2593 vani

226 2634 449 2688 nominis
488 2634 720 2704 gloriola
764 2649 921 2704 supra
951 2647 1288 2688 communem
1333 2630 1549 2685 modum
1592 2629 1818 2683 alienus.
1846 2626 1972 2691 llzec
2000 2627 2120 2683 Vita
2155 2627 2260 2683 crit
2287 2627 2454 2681 instar
2476 2626 3148 2697 Augustinianorum,imo
3182 2630 3507 2688 ecclesiasti-

226 2739 399 2778 carum
430 2725 554 2795 ejus
585 2727 865 2795 temporis,
890 2725 1174 2779 Annalium
1194 2738 1419 2796 quorum
1442 2721 1811 2777 sanctissimus
1830 2721 2027 2777 Doctor
2055 2734 2178 2791 pars
2211 2735 2401 2791 magna
2426 2719 2558 2786 fuit;
2588 2721 2913 2792 singulisque
2941 2724 3096 2777 annis
3118 2722 3187 2777 ad
3214 2724 3505 2794 marginem

226 2814 522 2882 adnotatis,
552 2831 650 2870 sua
682 2816 851 2883 facta,
882 2824 1137 2886 quantum
1164 2823 1406 2869 veterum
1440 2828 1620 2868 rerum
1658 2812 2016 2891 longinquitas
2045 2812 2261 2883 patitur,
2291 2810 2719 2883 assignabuntur.
2755 2812 2931 2868 Aliam
2959 2814 3262 2869 breviorem
3287 2814 3449 2869 vitam
3472 2831 3505 2871 a

226 2906 460 2961 Possidio
488 2908 845 2977 compositam
874 2908 1039 2962 habes
1066 2908 1118 2961 in
1150 2908 1253 2961 ﬁuc
1281 2907 1409 2961 tomi
1440 2906 1655 2962 decimi.

291 2998 575 3052 Prolixiori
608 2999 689 3052 illi
717 3000 848 3052 Vita:
879 2998 1166 3053 succedent
1189 3007 1297 3052 tres
1331 2997 1532 3053 indices
1560 2997 1790 3067 Operum
1818 2996 1877 3053 S.
1900 2996 2203 3066 Augustini.
2226 2996 2287 3053 In
2312 2996 2485 3066 primo
2511 2995 2791 3053 exhibetur
2825 2998 2993 3055 series
3015 3007 3071 3055 et
3093 3000 3226 3056 ordo
3244 3000 3504 3071 cujusque

227 3090 353 3143 torni
382 3089 617 3161 Operum
639 3132 655 3156 ,
686 3106 806 3146 cum
832 3090 1147 3146 Lovaniensi
1168 3132 1184 3158 ,
1209 3090 1293 3144 cui
1318 3090 1659 3145 Erasmianus
1684 3088 1795 3143 fere
1814 3088 2132 3154 concordat,
2166 3098 2505 3158 comparatus
2533 3107 2546 3143 :
2571 3089 2625 3145 in
2648 3091 2913 3158 secundo,
2948 3092 3080 3147 ordo
3100 3094 3350 3163 antiquus
3376 3109 3499 3150 cum

228 3196 356 3235 novo
378 3181 614 3236 collatus
641 3199 653 3233 :
678 3183 731 3236 in
755 3182 913 3236 tertio
939 3181 1169 3251 denique
1187 3223 1204 3247 ,
1236 3181 1441 3255 singula
1464 3180 1730 3249 Opuscula
1760 3180 1947 3236 ordine
1974 3178 2308 3248 alphabetico
2335 3179 2658 3236 referuntur.
2692 3181 2891 3236 Horum
2918 3182 3156 3238 Indicum
3182 3184 3379 3239 auxilio
3413 3185 3505 3255 qui

230 3273 455 3343 antiquis
487 3272 816 3328 editionibus
840 3272 1118 3327 assuefacti
1148 3281 1307 3339 sunt,
1339 3272 1479 3326 facili
1509 3270 1722 3341 negotio
1758 3270 2169 3342 unumquodque
2191 3269 2516 3339 Opusculum
2543 3272 2804 3341 repertori
2824 3281 2947 3328 sunt
2976 3271 3075 3345 (α).

287 3365 578 3435 Triplicem
607 3369 748 3420 hunc
776 3365 1010 3420 Iudicem
1036 3364 1266 3434 excipiet
1290 3364 1450 3419 Index
1483 3363 1793 3418 universalis
1811 3403 1827 3430 ,
1850 3370 1906 3418 et
1928 3362 2141 3432 quidem
2167 3361 2569 3431 copiosissimus
2595 3364 2834 3419 omnium
2861 3379 3040 3419 rerum
3060 3406 3077 3433 ,
3102 3379 3220 3435 qua:
3244 3365 3297 3419 in
3317 3364 3503 3421 decem

230 3458 501 3527 Augustini
526 3457 765 3528 Operum
790 3458 946 3512 tomis
967 3458 1341 3522 continentur;
1372 3465 1483 3511 tum
1514 3454 1675 3509 lndex
1698 3453 1881 3509 itidem
1908 3453 2173 3524 generalis
2204 3453 2445 3509 omnium
2471 3452 2758 3524 Scripturze
2800 3471 2969 3511 sacra:
3000 3456 3240 3511 locorum
3260 3498 3275 3522 ,
3296 3472 3417 3526 qua:
3448 3456 3508 3512 in

230 3548 330 3601 illis
354 3549 614 3617 operibus
638 3548 866 3618 sparsim
895 3548 1246 3618 explicantur.
1275 3545 1330 3599 lu
1367 3546 1529 3616 priori
1557 3545 1645 3598 illo
1674 3543 1851 3598 Iudice
1877 3542 2247 3598 concinnando
2275 3558 2382 3598 non
2410 3552 2613 3599 tantum
2638 3546 2966 3615 singulorum
2998 3554 3263 3600 tomorum
3294 3546 3509 3604 Iudices

226 3655 254 3693 a
285 3643 434 3695 nobis
460 3642 698 3697 consulti
725 3649 850 3695 sunt
873 3683 889 3708 ,
925 3640 1019 3695 sed
1062 3654 1197 3695 nova
1234 3638 1453 3709 insuper
1489 3637 1760 3708 diligentia
1789 3636 2027 3692 adhibita
2070 3636 2137 3692 ad
2162 3637 2452 3707 supplenda
2483 3652 2545 3692 ea
2565 3680 2581 3705 ,
2621 3654 2740 3708 qua:
2768 3637 2906 3694 forte
2938 3639 2991 3693 in
3022 3638 3375 3709 peculiaribus
3402 3640 3509 3694 illis

230 3733 494 3787 Iudicibus
528 3732 989 3787 desiderabantur.
1031 3731 1128 3786 Diu
1169 3745 1365 3800 anceps
1405 3728 1504 3783 fuit
1529 3729 1770 3793 animus,
1803 3741 2086 3796 quemnam
2128 3726 2441 3801 Vmetliodum
2484 3727 2537 3782 in
2577 3727 2887 3784 adornanda
2914 3728 3018 3784 hoc
3062 3728 3298 3799 generali
3326 3728 3509 3784 Indice

227 3838 595 3891 mitteremur.
626 3821 890 3891 Principio
915 3828 1135 3876 venerat
1160 3822 1212 3878 in
1240 3830 1475 3876 mentem
1496 3862 1513 3887 ,
1535 3818 1815 3890 quamdam
1837 3816 2234 3888 Augustinianm
2251 3819 2508 3875 doctrina:
2532 3820 2805 3875 Summam
2828 3861 2843 3887 ,
2865 3820 2977 3875 sive
2990 3819 3256 3890 quoddam
3276 3819 3509 3875 Theolo-.

226 3917 399 3985 gicum
427 3931 627 3986 corpus
651 3916 717 3970 ad
745 3925 975 3971 mentem
997 3915 1163 3971 sancti
1186 3915 1429 3970 Doctoris
1456 3929 1523 3969 ex
1551 3914 1762 3969 selectis
1788 3910 2179 3983 fusioribusque
2207 3912 2324 3983 ejus
2347 3913 2624 3970 sententiis
2664 3922 2949 3970 contexere
2975 3913 3268 3969 secundum
3298 3914 3505 3969 metho-

227 4010 351 4062 dum
376 4010 547 4064 sancti
571 4008 795 4063 Thema:
820 4009 901 4063 vel
943 4007 1177 4077 Magistri
1208 4006 1610 4062 sententiarum.
1640 4005 1836 4059 Verum
1863 4004 2155 4059 consultius
2181 4005 2394 4059 demum
2422 4005 2593 4061 visum
2623 4018 2705 4061 est
2731 4007 3031 4077 generalem
3069 4023 3245 4062 rerum
3272 4007 3505 4063 Iudicem

225 4103 419 4157 ordine
445 4105 778 4174 alphabetico
800 4104 867 4159 de
895 4117 1047 4158 more
1073 4101 1336 4157 adornare
1355 4142 1371 4168 ,
1394 4117 1458 4156 ex
1486 4116 1593 4171 quo
1619 4098 1759 4153 haud
1785 4112 2069 4167 operosum
2096 4096 2260 4153 fuerit
2279 4098 2583 4169 praedictam
2605 4099 2868 4155 coniicere
2894 4099 3167 4155 Summam
3187 4142 3202 4166 ,
3228 4117 3348 4171 qua:
3372 4100 3506 4156 alias

225 4196 271 4247 si
300 4210 334 4249 e
356 4211 417 4250 re
439 4196 643 4265 publica
663 4212 785 4251 esse
808 4194 1092 4262 videbitur,
1120 4193 1241 4248 ﬁeri
1274 4193 1506 4263 poterit,
1537 4201 1591 4246 et
1614 4191 1838 4247 seorsim
1860 4191 1913 4245 in
1946 4191 2118 4246 lucem
2149 4192 2340 4246 emitti.

299 4286 613 4343 Extremum
638 4288 867 4357 denique
895 4287 1069 4341 locum
1100 4284 1304 4340 tenebit
1326 4283 1486 4353 Index
1511 4283 1649 4338 alius
1674 4282 1937 4352 generalis
1963 4282 2200 4336 omnium
2231 4282 2533 4351 spuriorum
2559 4282 2945 4353 Opusculorum
2965 4325 2981 4349 ,
3010 4302 3129 4354 qua:
3154 4286 3207 4339 in
3238 4285 3506 4357 Appendi—

233 4378 381 4433 cibus
400 4379 594 4449 cuique
626 4388 771 4434 tomo
801 4376 1100 4448 subjunctis
1124 4376 1487 4441 continentur.
1519 4374 1617 4430 Hic
1645 4373 1806 4428 Index
1834 4373 2051 4429 omnino
2077 4373 2413 4429 necessarius
2442 4375 2587 4432 visus
2629 4382 2713 4435 est
2742 4375 2811 4431 ad
2839 4376 3119 4431 levandum
3146 4378 3401 4433 lectorum
3431 4381 3507 4434 lac

234 4474 411 4530 berem
432 4515 449 4540 ,
488 4475 577 4545 qui
605 4474 883 4545 Augustini
910 4470 1123 4542 scriptis
1146 4469 1449 4525 lectitandis
1486 4468 1717 4533 assueti,
1746 4467 1830 4520 vix
1868 4481 1932 4521 ac
1952 4482 2019 4520 ne
2046 4466 2132 4520 vix
2170 4466 2381 4536 quidem
2410 4467 2600 4522 alienis
2628 4467 2886 4537 ejusmodi
2913 4469 3305 4539 scriptiunculis
3326 4513 3339 4537 ,
3371 4488 3507 4543 quas

231 4566 365 4621 inter
386 4568 569 4622 multa:
592 4567 892 4637 quisquilia:
911 4574 1065 4631 sunt,
1094 4574 1302 4635 tempus
1322 4572 1377 4618 et
1406 4562 1574 4617 otium
1605 4569 1782 4616 terere
1800 4560 2146 4615 sustinerent.
2178 4560 2410 4616 Tametsi
2428 4577 2531 4616 non
2560 4578 2723 4632 pauca
2747 4563 2799 4617 in
2831 4562 2915 4617 his
2941 4563 3279 4634 reperiuntur
3307 4564 3503 4635 scripta

231 4671 468 4717 veterum
489 4661 843 4732 quorumdam
874 4660 1157 4731 insignium
1186 4669 1459 4714 auctorum
1475 4701 1489 4725 ,
1514 4659 1773 4715 lectorum
1803 4658 1978 4715 studio
1998 4659 2404 4730 haudquaquam
2429 4661 2669 4733 indigna:
2695 4665 2867 4735 qualia
2884 4675 3008 4721 sunt
3031 4666 3248 4723 Joannis
3273 4666 3504 4738 Cbryso~

226 4755 417 4818 stomi,
447 4753 753 4817 Ambrosii,
785 4752 1002 4808 Maximi
1028 4750 1411 4817 Taurinensis,
1456 4748 1719 4820 Fulgentii
1746 4749 2067 4820 Ruspensis,
2097 4759 2150 4805 et
2183 4751 2409 4806 aliorum
2439 4753 2699 4823 ejusmodi
2725 4758 3009 4825 opuscula,
3046 4759 3120 4812 uti
3150 4767 3203 4814 et
3227 4772 3505 4814 sermones

225 4846 441 4901 Cmsarii
462 4844 703 4915 episcopi
728 4845 1086 4908 Arelatensis;
1108 4844 1203 4899 sed
1229 4859 1349 4914 qua:
1375 4842 1458 4897 vel
1487 4841 1602 4897 solo
1630 4851 1908 4898 auctorum
1937 4843 2151 4899 nomine
2174 4844 2426 4898 lectorem
2448 4845 2701 4901 alliciant.
2739 4848 2938 4903 Horum
2966 4852 3202 4906 omnium
3225 4861 3499 4907 auctorum

224 4948 275 4992 ct
294 4938 550 5005 aliorum,
568 4937 904 5007 quantumvis
925 4936 1235 5007 ignobilium
1262 4937 1347 4990 vel
1379 4936 1704 5005 ignotorum,
1734 4935 1963 4991 Iudicem
1997 4938 2328 5007 generalem,
2358 4938 2426 4993 ab
2463 4939 2847 5011 Augustiniano
2875 4945 3170 5016 sejunctum
3193 4988 3208 5013 ,
3234 4946 3499 5002 conﬁcere

223 5029 490 5101 quoddam
524 5044 704 5099 opera:
743 5030 970 5099 pretium
1011 5029 1260 5083 duximus
1284 5046 1297 5081 :
1326 5037 1387 5084 ut
1413 5028 1514 5084 hoc
1533 5028 1877 5099 compendio,
1898 5028 2109 5099 absque
2134 5045 2325 5099 magno
2349 5031 2627 5103 dispendio
2667 5039 2919 5107 temporis
2939 5080 2953 5103 ,
2981 5039 3208 5094 lectores
3232 5038 3498 5108 dispicere

226 5124 469 5193 possint,
492 5123 745 5194 quidquid
768 5124 822 5177 in
844 5123 954 5177 illis
973 5123 1239 5193 opusculis
1260 5122 1403 5177 lectu
1431 5131 1525 5177 aut
1561 5125 1697 5179 scitu
1721 5121 1938 5191 dignum
1967 5123 2283 5192 reperiatur.
2312 5124 2367 5178 In
2396 5134 2538 5180 tanta
2569 5144 2696 5183 vero
2720 5171 2733 5195 ,
2760 5137 2972 5199 tamque
3000 5131 3141 5185 varia
3167 5131 3498 5188 diversorum

223 5228 505 5272 auctorum
539 5224 596 5273 et
622 5218 997 5287 Opusculorum
1032 5215 1281 5286 congerie
1314 5214 1429 5271 ﬁeri
1467 5230 1572 5270 non
1604 5216 1807 5285 potuit,
1840 5215 1965 5285 quin
1996 5215 2220 5271 diversa:
2250 5216 2472 5273 subinde
2499 5230 2893 5291 pugnantesque
2913 5222 2979 5277 de
3003 5202 3419 5295 unaeademrjuc
3440 5242 3501 5279 re

223 5317 513 5365 occurrant
548 5307 855 5375 sententiae,
896 5308 1003 5362 imo
1028 5307 1189 5363 etiam
1216 5322 1426 5362 errores
1470 5315 1524 5362 ct
1564 5307 1788 5362 exotica:
1826 5307 2123 5375 opiniones.
2169 5308 2320 5375 Quod
2361 5311 2449 5379 qui
2495 5310 2546 5363 in
2578 5312 2767 5365 malam
2807 5314 2975 5382 rapiat
3024 5325 3257 5384 partem,
3301 5333 3382 5371 me
3415 5318 3500 5373 ille

223 5410 411 5456 contra
439 5410 604 5456 recta:
631 5401 851 5457 rationis
884 5403 1029 5471 leges
1056 5401 1388 5473 pugnaverit.
1426 5401 1589 5455 Paulo
1623 5401 1798 5454 minus
1821 5401 1890 5455 ab
1922 5401 2170 5471 tequitate
2198 5400 2558 5468 aberraverit,
2598 5404 2684 5474 qui
2713 5420 2809 5459 nos
2846 5408 3213 5478 marginalium
3249 5417 3497 5465 notarum

225 5495 414 5548 fecerit
446 5493 832 5563 approbatores
854 5503 947 5546 aut
973 5492 1331 5563 fidejussores.
1363 5492 1420 5546 In
1444 5492 1525 5546 bis
1552 5492 1696 5547 enim
1724 5492 1890 5547 nostri
1912 5500 2114 5547 tantum
2141 5494 2377 5548 muneris
2405 5503 2487 5549 est
2506 5536 2521 5561 ,
2553 5511 2655 5549 non
2692 5508 2870 5553 nostra
2888 5540 2906 5566 ,
2930 5500 3025 5555 sed
3058 5501 3231 5556 aliena
3264 5501 3501 5558 indicare

220 5595 273 5641 et
303 5585 575 5655 proferre;
604 5601 778 5655 neque
801 5591 1108 5640 contextum
1138 5584 1205 5639 ad
1232 5584 1485 5639 amussim
1520 5590 1938 5654 rcprmsentare,
1978 5584 2071 5638 sed
2106 5592 2261 5638 notas
2296 5585 2550 5654 quasdam
2587 5596 2642 5643 et
2678 5588 2829 5660 signa
2867 5599 3016 5647 extra
3054 5589 3222 5648 iincas
3258 5609 3494 5664 ponere,

280 5748 359 5807 (α)
386 5755 406 5790 ‘-
421 5744 630 5795 rauslata
655 5745 747 5794 huc
771 5753 978 5807 utraque
1005 5745 1181 5795 Dcucd.
1212 5742 1509 5807 pra-iulium,
1535 5750 1637 5793 tres
1660 5749 1825 5793 taqu
1848 5741 2047 5803 Indices,
2069 5741 2131 5792 de
2155 5742 2332 5807 quibus
2354 5744 2528 5807 agitur,
2557 5747 2604 5796 iu
2625 5746 2794 5799 ultimo
2818 5756 2947 5801 tonio
2972 5750 3138 5802 vidcrc
3159 5760 3252 5804 cst.
3382 5759 3434 5801 Μ-
