3994 6352
408 302 479 369 8r
3608 268 3689 341 δαί

409 435 528 495 quae
548 423 798 479 lectorem
822 426 1192 491 properantem
1214 458 1229 484 ,
1250 423 1303 470 et
1330 414 1411 469 cui
1448 426 1541 484 per
1559 412 1725 467 otium
1745 410 1945 477 integra
1972 406 2059 461 illa
2079 403 2346 475 Opuscula
2369 402 2650 495 perlegere;
2669 413 2773 454 non
2790 404 2954 495 vacet
2973 440 2987 465 ,
3020 396 3341 452 admoneant
3378 396 3676 467 argumenti

409 491 478 572 de
506 530 612 585 quo
632 515 824 585 agitur,
858 513 1184 580 invitentque
1202 509 1266 563 ad
1297 523 1359 563 ea
1384 506 1613 579 peuitius
1641 498 1967 558 discutienda
1988 514 2106 568 qua:
2131 512 2163 553 e
2180 512 2241 553 re
2260 511 2354 551 sua
2371 510 2490 552 esse
2510 491 2848 548 intellexerit.

484 578 579 661 llis
622 578 912 671 absolutis,
942 603 1040 657 tria
1068 578 1325 656 duntaxat
1364 578 1394 652 a
1424 597 1576 652 nobis
1602 597 1817 663 insuper
1852 589 2143 645 desiderari
2171 601 2326 657 posse
2351 586 2597 641 videntur
2626 600 2638 635 :
2682 596 2874 651 nempe
2917 580 3166 635 iudicatio
3207 578 3470 633 variarum
3515 582 3681 635 sancti

409 698 689 769 Augustini
716 697 1035 759 editionum,
1061 708 1181 750 quae
1206 692 1272 747 ab
1316 691 1528 745 inventa
1573 695 1687 740 arte
1714 682 2085 755 typograpbica
2130 680 2281 735 facta:
2328 687 2451 733 sunt
2478 694 2491 730 :
2522 675 2714 769 deinde
2739 674 3175 729 commemoratio
3220 673 3457 726 virorum
3507 673 3681 727 omnis

411 744 616 845 ordinis
639 788 1057 845 clarissimorum
1077 827 1092 852 ,
1115 784 1205 854 qui
1228 782 1382 837 nobis
1409 790 1645 835 veterum
1668 776 1910 830 codicum
1936 774 2207 844 suppetias
2234 771 2573 827 contulerunt
2598 768 2663 823 ad
2693 744 2829 823 l‘tanc
2848 766 3135 823 editionem
3156 763 3515 819 adornandam
3546 783 3560 820 :
3588 765 3681 819 de-

411 882 572 951 nique
596 880 842 936 collectio
863 878 1285 935 testimoniorum
1308 890 1376 930 ex
1403 870 1625 928 vetustis
1653 868 1839 924 saltem
1857 866 2182 931 auctoribus,
2209 864 2301 935 qui
2322 862 2712 917 sanctissimum
2738 860 3024 915 Doctorem
3043 856 3264 927 ejusque
3283 855 3478 927 scripta
3497 856 3684 926 elogiis

409 980 759 1026 exornarunt.

478 1063 563 1117 Ad
589 1064 818 1132 primum
846 1060 988 1132 quod
1013 1061 1233 1125 attinet,
1265 1073 1353 1113 res
1382 1052 1763 1125 propemodum
1796 1050 2001 1106 inﬁnita
2042 1057 2183 1105 esset
2208 1062 2394 1102 omnes
2420 1058 2841 1100 commemorare
2878 1040 3381 1112 Augustinianorum
3407 1040 3643 1132 Operum
3664 1081 3677 1105 ,

407 1154 521 1208 sive
546 1131 803 1217 omnium,
823 1131 935 1207 sive
960 1151 1308 1221 singulorum,
1330 1146 1613 1202 editiones.
1642 1144 1768 1199 Post
1796 1143 1963 1197 libros
1988 1141 2055 1196 de
2078 1139 2300 1195 Civitate
2327 1138 2456 1203 Dei,
2488 1137 2576 1207 qui
2603 1150 2754 1189 norm
2778 1132 3172 1205 typographicm
3193 1132 3322 1185 artis
3350 1132 3550 1200 primos
3570 1131 3684 1185 fere

408 1246 641 1300 honores
665 1246 945 1314 lucemque
969 1248 1304 1306 meruerunt,
1336 1239 1436 1292 alia
1461 1236 1781 1292 sanctissimi
1803 1235 2044 1289 Doctoris
2078 1233 2251 1304 Opera
2281 1230 2504 1287 subinde
2531 1228 2760 1299 vulgavit
2786 1227 3018 1281 Joannes
3044 1225 3433 1280 Amorbacbius
3454 1266 3467 1290 ,
3514 1237 3684 1292 eaque

412 1337 592 1391 omnia
616 1338 667 1392 in
697 1354 855 1393 unum
885 1337 1096 1392 tandem
1127 1346 1321 1403 corpus
1348 1332 1589 1402 redigere
1618 1331 1779 1400 cmpit
1805 1346 1945 1384 anno
1968 1330 2126 1399 1504,
2160 1328 2300 1399 quod
2324 1328 2570 1383 undecim
2601 1327 2653 1380 in
2690 1334 2869 1395 partes
2896 1325 3207 1380 distinctum
3247 1324 3383 1377 intra
3410 1322 3679 1377 biennium

409 1428 635 1484 absolvit
664 1447 678 1484 :
708 1428 834 1483 dum
861 1428 1070 1482 interim
1095 1424 1326 1480 Jodocus
1351 1423 1543 1478 Badius
1563 1422 1851 1477 Ascensius
1877 1421 2118 1491 quaedam
2148 1421 2316 1475 sancti
2344 1420 2586 1475 Doctoris
2610 1417 2874 1489 Opuscula
2903 1418 3064 1473 variis
3087 1418 3241 1472 annis
3281 1425 3390 1469 tum
3420 1415 3669 1482 Parisiis,
3709 1484 3721 1500 υ

417 1527 528 1573 tum
574 1518 833 1589 Lugduni,
857 1518 995 1588 typis
1033 1515 1263 1585 imprimi
1291 1514 1513 1569 curavit.
1546 1512 1797 1582 Majorem
1819 1512 2189 1567 collectionem
2212 1510 2396 1565 decem
2431 1510 2611 1575 tumis,
2633 1525 2775 1564 anno
2798 1508 2959 1575 l529,
2985 1508 3206 1562 Basileaz
3235 1506 3286 1560 in
3317 1508 3487 1561 lucem
3510 1507 3685 1562 emisit

409 1608 719 1665 Desiderius
763 1610 1017 1663 Erasmus
1046 1624 1060 1660 :
1086 1607 1236 1676 cujus
1290 1606 1577 1661 editionem
1618 1604 1802 1658 multa:
1840 1603 1960 1657 aliae
1998 1603 2161 1659 variis
2202 1602 2255 1656 in
2293 1601 2427 1656 locis
2453 1602 2751 1657 subsecuta:
2791 1609 2916 1656 sunt
2951 1615 3123 1670 usque
3162 1598 3230 1653 ad
3275 1614 3474 1653 annum
3522 1599 3681 1667 1577,

407 1716 517 1771 quo
560 1703 817 1757 Doctores
855 1700 1219 1756 Lovanienses
1259 1700 1547 1754 auctiorem
1569 1706 1623 1752 et
1639 1698 1797 1767 longe
1826 1697 2209 1752 accuratiorem
2235 1696 2559 1765 Antwerpiae
2584 1695 2777 1765 publici
2803 1693 2938 1764 juris
2967 1692 3224 1748 fecerunt.

475 1795 594 1849 Jam
620 1809 748 1850 vero
773 1794 980 1865 quoties
1012 1794 1127 1849 hzee
1174 1792 1519 1847 Lovaniensis
1544 1773 1711 1846 editio
1738 1804 1924 1846 recusa
1953 1790 2057 1855 sit,
2086 1789 2130 1843 si
2157 1788 2277 1857 quis
2313 1803 2629 1857 percensere
2668 1787 2861 1850 vellet,
2892 1799 2983 1839 res
3007 1784 3183 1838 abiret
3224 1784 3275 1838 in
3302 1783 3515 1855 longum
3537 1827 3551 1852 ,
3584 1800 3684 1841 nec

405 1885 543 1942 forte
565 1887 696 1942 tanti
720 1896 880 1942 esset.
913 1886 1043 1954 Quis
1069 1900 1229 1955 porro
1257 1886 1584 1955 singulorum
1612 1884 1997 1954 Opusculorum
2020 1880 2253 1950 singulas
2271 1880 2535 1935 editiones
2563 1878 2885 1934 enumeret?
2908 1876 2965 1931 ln
2983 1876 3067 1931 bis
3086 1876 3317 1933 Joannes
3343 1878 3685 1934 Ulimmerius

404 1991 601 2032 novum
652 1978 934 2043 volumen,
987 1977 1074 2031 cui
1130 1976 1335 2030 titulum
1376 1975 1646 2045 inscripsit
1702 1975 1767 2028 de
1807 1973 2063 2037 Diversis,
2136 1978 2388 2024 constans
2463 1968 2811 2025 Sermonibus
2887 1976 3102 2023 centum
3168 1969 3378 2039 triginta
3449 1969 3684 2037 duobus,

404 2070 597 2139 partim
627 2079 782 2125 antea
826 2069 1068 2137 ineditis,
1093 2070 1282 2140 partim
1313 2069 1381 2124 ab
1430 2069 1549 2138 ipso
1589 2068 1859 2138 castigatis
1879 2106 1893 2132 ,
1933 2079 2074 2119 anno
2098 2064 2258 2130 1564,
2289 2079 2411 2119 cum
2438 2063 2558 2118 Vita
2589 2062 2868 2135 Augustini
2904 2079 2933 2117 a
2979 2063 3220 2118 Possidio
3244 2064 3439 2133 scripta
3475 2072 3530 2117 et
3571 2064 3686 2133 ejus

408 2161 641 2232 Operum
672 2162 906 2218 lndiculo
930 2164 983 2217 in
1005 2164 1193 2233 vulgus
1216 2161 1411 2217 emisit.
1442 2161 1589 2216 Alios
1614 2173 1890 2215 sermones
1919 2167 2103 2212 nostro
2130 2166 2368 2227 tempore
2400 2172 2432 2213 e
2461 2156 2693 2212 tenebris
2726 2166 2979 2212 eruerunt
3002 2156 3228 2212 Jacobus
3256 2154 3599 2220 Sirmondus,
3632 2163 3687 2209 et

407 2252 768 2325 Hieronymus
792 2254 1098 2324 Vignerius,
1130 2268 1355 2323 quorum
1385 2251 1648 2321 posterior
1664 2250 1809 2320 Opus
1845 2249 2211 2319 imperfectum
2239 2257 2426 2303 contra
2453 2248 2719 2303 Julianum
2747 2250 2950 2318 primus
2978 2247 3228 2318 vulgavit.

486 2344 593 2399 llas
619 2345 671 2399 in
714 2345 898 2414 primis
923 2345 1195 2415 suppetias
1223 2344 1503 2399 habuimus
1531 2342 1597 2397 ad
1624 2348 1859 2397 nostram
1888 2340 2176 2396 editionem
2201 2339 2584 2395 conﬁciendam
2618 2358 2632 2395 :
2661 2340 2851 2410 quibus
2875 2354 3149 2395 accessere
3188 2336 3376 2392 inﬁniti
3402 2351 3688 2406 propemo-

407 2436 535 2491 dum
560 2446 768 2491 vcteres
805 2436 1048 2503 codices,
1079 2451 1110 2491 e
1134 2436 1379 2506 plurimis
1419 2435 1721 2504 deprompti
1755 2432 2124 2498 bibliothecis,
2152 2447 2284 2503 quas
2322 2433 2856 2488 commemoravimus
2898 2432 3010 2488 suis
3037 2431 3170 2487 locis
3190 2472 3206 2496 ,
3233 2430 3324 2485 ubi
3352 2429 3682 2499 singulorum

407 2525 639 2595 Operum
664 2528 986 2584 collationes
1011 2528 1079 2582 ad
1107 2536 1318 2583 veteres
1341 2527 1554 2583 codices
1580 2528 1744 2583 factas
1773 2527 2088 2583 notavimus.
2112 2525 2450 2597 Singulorum
2481 2526 2721 2581 virorum
2760 2526 3007 2589 nomina,
3038 2529 3127 2594 qui
3158 2522 3421 2594 ejusmodi
3450 2521 3683 2577 subsidia

408 2617 567 2673 nobis
594 2619 965 2685 contulerunt,
992 2633 1279 2675 recensere
1303 2634 1622 2689 euperemus
1653 2635 1872 2675 :verum
1898 2619 1966 2674 ab
1991 2618 2092 2673 hac
2112 2618 2513 2674 enumeratione
2535 2616 2637 2673 hoc
2665 2617 2784 2673 loco
2809 2617 3075 2672 abstinere
3101 2617 3275 2671 visum
3298 2624 3416 2682 est,
3445 2631 3511 2671 ne
3532 2630 3690 2685 quem

408 2718 504 2766 aut
521 2710 832 2765 illaudatum
855 2711 1249 2780 praeteriremus
1272 2752 1289 2778 ,
1321 2721 1415 2766 aut
1441 2726 1539 2766 suo
1560 2727 1667 2767 non
1687 2725 2228 2768 commemoraremus
2247 2710 2435 2766 ordine
2454 2750 2469 2775 ,
2512 2718 2603 2764 aut
2635 2709 2814 2765 debito
2835 2708 3063 2779 denique
3090 2709 3262 2777 elogio
3295 2707 3677 2763 fraudaremus.

408 2802 668 2857 Omnibus
694 2811 752 2859 et
777 2803 999 2874 singulis
1035 2805 1258 2875 gratiam
1290 2804 1594 2875 habebunt,
1636 2814 1694 2861 ut
1731 2820 2042 2877 speramus,
2084 2806 2311 2862 lectores
2344 2805 2621 2872 benevoli,
2660 2820 2783 2861 cum
2808 2819 2992 2860 eorum
3023 2803 3370 2859 bibliothecas
3418 2802 3529 2859 suis
3554 2802 3684 2858 locis

409 2905 856 2952 commemoratas
897 2896 1143 2953 viderint.

481 2989 555 3043 At
581 2989 698 3044 sine
726 2989 916 3060 ingrati
960 2990 1121 3045 animi
1147 2992 1277 3046 vitio
1300 2990 1460 3048 silere
1489 3008 1595 3048 non
1626 3007 1940 3063 possumus,
1972 3002 2226 3065 quantam
2252 2991 2542 3049 habeamus
2568 2992 2790 3064 gratiam
2835 3001 2946 3048 tum
2988 2992 3409 3049 eminentissimo
3436 2990 3693 3047 Ecclesire
3752 3055 3759 3061 ,

411 3078 636 3149 principi
666 3080 901 3135 Antonio
948 3079 1217 3137 Ludovico
1242 3081 1309 3137 de
1336 3083 1568 3138 Noailles
1592 3083 1992 3155 archiepiscopo
2022 3084 2337 3150 Parisiensi,
2366 3099 2525 3154 quem
2552 3084 2918 3139 sanctissimus
2943 3083 3185 3139 Pontifex
3228 3082 3561 3137 Innocentius
3590 3079 3693 3137 XII

412 3168 484 3223 ob
509 3168 760 3238 pietatem
786 3179 841 3225 et
867 3170 1167 3226 doctrinam
1197 3172 1297 3227 sibi
1335 3182 1515 3227 notam
1548 3182 1604 3229 et
1644 3174 1919 3243 probatam
1940 3213 1955 3239 ,
1983 3189 2131 3230 sacra
2153 3189 2383 3244 purpura
2402 3215 2416 3239 ,
2454 3172 2580 3227 dum
2610 3173 2725 3228 hmo
2751 3173 3149 3229 absolveremus
3169 3216 3184 3239 ,
3208 3171 3438 3241 gratanti
3464 3171 3643 3225 animo
3673 3211 3688 3236 ,

413 3261 677 3316 universis
698 3262 1137 3331 applaudentibus
1160 3264 1461 3331 decoravit;
1492 3274 1602 3320 tum
1628 3265 1987 3320 illustrissimo
2013 3266 2209 3321 Carolo
2236 3266 2479 3320 Mauritio
2503 3266 2550 3319 le
2576 3265 2775 3321 Tellier
2801 3264 3201 3335 archiepiscopo
3226 3264 3347 3320 duci
3388 3264 3637 3320 Remensi
3667 3281 3679 3317 :

413 3352 504 3421 qui
532 3352 723 3419 ambo,
754 3370 851 3424 pro
877 3354 1072 3409 eximio
1096 3370 1194 3411 suo
1219 3355 1271 3409 in
1294 3356 1644 3427 Augustinum
1675 3356 1852 3412 studio
1871 3398 1886 3422 ,
1928 3372 2120 3412 novam
2144 3356 2281 3412 hanc
2303 3356 2597 3412 editionem
2625 3371 2721 3412 suo
2751 3357 3045 3426 patrocinio
3073 3356 3271 3426 dignati
3300 3364 3456 3422 sunt,
3495 3370 3697 3425 suaque

414 3440 733 3500 auctoritate
760 3445 1080 3500 roborarunt
1108 3464 1121 3499 :
1149 3446 1340 3515 quibus
1368 3446 1752 3501 illustrissimus
1772 3446 2065 3503 Meldarum
2099 3448 2321 3503 antistes
2342 3489 2356 3513 ,
2383 3446 2610 3501 Jacobus
2643 3448 2907 3519 Bcnignus
2942 3448 3164 3503 Bossuet
3187 3488 3203 3514 ,
3238 3462 3343 3501 non
3365 3446 3539 3501 minus
3564 3461 3692 3517 pro-

418 3550 587 3605 penso
609 3537 660 3590 in
688 3545 931 3592 sanctum
964 3539 1243 3594 Doctorem
1265 3541 1444 3593 animo
1472 3540 1614 3594 ultro
1643 3540 1889 3595 accessit.

486 3628 765 3684 Postremo
793 3638 1035 3685 veterum
1063 3629 1133 3685 de
1176 3631 1473 3700 Augustino
1528 3631 1828 3686 testimonia
1861 3647 2154 3704 congerere
2191 3630 2332 3687 haud
2369 3646 2547 3701 opera:
2596 3633 2823 3702 pretium
2858 3632 3018 3688 fuerit
3046 3652 3059 3688 :
3086 3647 3207 3687 cum
3249 3632 3535 3686 illustriora
3578 3630 3694 3701 ejus

414 3719 585 3790 elogia
615 3718 784 3774 cuivis
826 3720 1036 3775 erudito
1060 3721 1248 3777 lectori
1294 3722 1506 3777 aliunde
1542 3722 1697 3777 obvia
1741 3723 1877 3789 sint;
1911 3738 2011 3779 nec
2052 3723 2154 3778 alia
2204 3726 2504 3779 necessaria
2546 3724 2825 3779 videantur
2872 3725 2939 3779 ad
2985 3736 3185 3779 tantum
3217 3724 3386 3778 virum
3427 3738 3698 3778 commen-

421 3809 652 3864 dandum
672 3850 689 3876 ,
718 3825 876 3879 quem
908 3811 958 3864 in
981 3812 1312 3882 exponendis
1357 3813 1476 3867 ﬁdei
1515 3812 1850 3883 dogmatibus
1873 3858 1887 3883 ,
1919 3823 1973 3870 et
2001 3816 2188 3870 morali
2217 3815 2457 3871 doctrina
2483 3815 2768 3871 christiana
2796 3815 3105 3885 explicanda
3128 3856 3141 3879 ,
3193 3815 3471 3870 Doctorem
3515 3812 3687 3868 maxi-

414 3918 583 3972 mum,
612 3904 1103 3974 integerrimum,et
1120 3906 1319 3976 puriori
1347 3906 1545 3962 Christi
1569 3907 1822 3965 doctrinm
1849 3908 2079 3963 maxime
2105 3908 2455 3964 inluerentcm
2480 3909 2730 3964 universa
2758 3909 2999 3979 agnoscit
3029 3908 3286 3963 Ecclesia.

1322 4093 1617 4102 ——-——-.

426 4086 3702 4141 Ἢ

1837 4133 3699 4141 -______.___._—__—__.—____.__.

1837 4133 2147 4142 -——.——.—-
2170 4134 2468 4143 ——.——-—

1270 4274 1745 4423 VITA
1869 4273 2800 4423 POSSIDII.

1822 4540 2298 4600 0mm

495 4704 789 4771 Possidius,
824 4706 971 4761 urbis
993 4705 1318 4764 Calamensis
1354 4708 1405 4762 in
1441 4708 1685 4764 Numidia
1710 4708 1995 4778 episcopus
2033 4708 2239 4764 electus
2270 4722 2413 4763 anno
2452 4707 2575 4776 597,
2606 4709 2895 4780 discipulus
2922 4709 3021 4764 fuit
3046 4710 3109 4763 D.
3146 4710 3446 4779 Augustini,
3474 4726 3701 4781 quocum

420 4798 770 4871 quadraginta
804 4815 969 4869 prope
995 4800 1165 4865 anuis,
1200 4812 1256 4855 ut
1282 4801 1395 4870 ipse
1421 4810 1624 4866 narrat,
1651 4800 1783 4856 vixit
1810 4800 2163 4856 familiariter.
2201 4800 2437 4870 Magistri
2463 4800 2546 4855 sui
2569 4810 2867 4857 extremum
2891 4801 3103 4871 excepit
3126 4801 3395 4872 spiritum,
3425 4801 3704 4873 Vitamque

420 4892 633 4962 scripsit
656 4907 814 4961 quam
841 4890 973 4945 infra
1004 4891 1305 4958 referimus,
1336 4908 1440 4947 non
1468 4892 1576 4947 stili
1596 4891 1812 4962 quidem
1834 4892 2143 4963 splendore,
2174 4889 2272 4947 sed
2291 4892 2441 4948 suavi
2462 4892 2691 4963 quadam
2717 4892 3056 4964 simplicitate
3082 4907 3290 4949 necnon
3311 4893 3567 4949 factorum
3606 4909 3698 4949 ve-

420 4984 578 5040 ritate
608 4984 914 5053 pretiosam.
945 4984 1041 5038 Cui
1069 4984 1360 5040 ludiculum
1382 4984 1618 5055 adjunxit
1636 4984 1913 5050 librorum,
1936 4992 2255 5041 tractatuum
2276 4993 2331 5041 et
2350 4984 2693 5055 epistolarum
2713 4986 2777 5041 D.
2804 4985 3084 5057 Augustini
3106 4986 3207 5059 (1).
3231 4985 3375 5042 Inter
3393 4988 3568 5042 varias
3586 5002 3704 5056 qua:

421 5074 731 5145 prodierunt
755 5074 909 5144 hujus
931 5074 1062 5129 Vitae
1091 5077 1369 5143 editiones,
1402 5076 1630 5146 primum
1656 5075 1832 5132 locum
1853 5075 1902 5131 fa
1913 5076 2014 5133 cile
2041 5084 2242 5147 tenent,
2270 5085 2487 5149 propter
2505 5077 2904 5133 annotationum
2923 5078 3313 5142 excellentiam,
3330 5078 3436 5134 duo
3448 5092 3581 5148 quas
3594 5078 3704 5134 vul-

418 5184 613 5240 gavere
624 5168 728 5224 PP.
744 5169 1071 5225 Benedictini
1093 5171 1143 5225 in
1170 5171 1486 5226 collectione
1510 5185 1729 5241 operum
1757 5173 1927 5227 sancti
1954 5171 2210 5241 doctoris,
2234 5182 2291 5229 et
2308 5172 2531 5229 seorsim
2550 5172 2783 5230 Joannes
2800 5172 3008 5229 Salinas
3028 5172 3424 5244 Neapolitanus,
3448 5172 3706 5245 regularis

422 5264 712 5320 canonicus
737 5263 1128 5321 Lateranensis.
1153 5263 1339 5321 Haecce
1366 5265 1633 5335 posterior
1657 5263 1820 5321 editio
1844 5266 2029 5322 Romae
2059 5264 2183 5322 data
2210 5275 2292 5323 est
2318 5281 2459 5324 anno
2486 5267 2641 5323 l751.
2667 5266 2958 5339 Utramque
2978 5266 3359 5324 consuluimus.
3542 5265 3611 5321 Μ.

482 5418 558 5488 (1)
590 5418 827 5473 lndiculus
846 5420 911 5471 de
930 5433 1028 5483 quo
1046 5421 1223 5483 agitur,
1248 5422 1296 5472 in
1316 5428 1446 5473 torno
1467 5420 1637 5473 ultimo
1662 5429 1931 5485 opportune
1953 5421 2133 5474 veniet.
