3994 6352
498 276 572 340 δε
1644 269 1804 328 vm
1843 268 1903 328 s.
1945 270 2060 330 AU(

2173 270 2310 329 mn
2348 271 2670 336 EPISCOPI.
3721 297 3789 359 ω

497 393 666 454 stensi
683 433 701 461 ,
741 391 812 449 de
839 402 1063 448 numero
1088 386 1367 445 curialium
1401 385 1708 458 parentibus
1751 387 1988 443 honestis
2033 396 2088 443 ct

495 487 802 548 cbristianis
862 484 1169 559 progenitus
1223 491 1379 549 erat;
1428 483 1690 553 alitusque
1733 497 1798 538 ac
1854 481 2086 536 nutritus

493 595 683 638 eorum
703 593 851 644 cura,
878 584 934 632 et
951 574 1220 646 diligentia
1244 573 1620 644 impensisque,
1647 572 1975 628 secularibus
1999 569 2088 627 lit-

495 675 622 730 teris
648 670 887 728 eruditus
913 669 1171 740 apprime,
1211 665 1459 723 omnibus
1499 665 1750 721 videlicet
1791 663 2085 734 disciplinis

492 764 747 830 imbutus,
793 775 923 831 quas
963 757 1208 814 liberales
1245 765 1442 812 vocant
1470 758 1511 812 ⁸.
1546 756 1676 812 Nam
1704 765 1760 812 et
1780 755 2086 826 grammati-

489 871 608 912 cam
636 856 780 926 prius
805 854 859 909 in
882 867 978 907 sua
997 851 1229 915 civitate.
1259 861 1315 907 et
1343 851 1663 907 rhetoricam
1694 849 1968 906 in‘Africze
1994 865 2084 906 ca-

489 947 598 1018 pite
623 944 936 1016 Carthagine
953 951 1135 1015 postea
1159 941 1358 998 docuit.
1386 940 1744 1013 Consequenti
1765 942 2083 998 etiam‘tcm-

487 1051 618 1108 pore
647 1046 790 1092 trans
809 1050 958 1090 mare
987 1034 1040 1088 in
1063 1032 1196 1088 urbe
1231 1033 1416 1098 Roma,
1443 1042 1500 1087 et
1521 1031 1662 1102 apud
1699 1031 2076 1099 Mediolanum,

484 1127 576 1183 tibi
599 1136 723 1182 tunc
748 1123 1084 1196 imperatoris
1122 1122 1478 1178 Valentiniani
1525 1121 1748 1178 minoris
1797 1121 2080 1178 comitatus

483 1218 657 1275 fuerat
693 1217 1032 1274 constitutus.
1061 1216 1117 1271 lu
1155 1230 1259 1286 qua
1286 1215 1414 1271 urbe
1447 1224 1572 1271 tunc
1593 1213 1955 1286 episcopatum
1983 1215 2079 1271 ad—

483 1309 817 1365 ministrabat
833 1307 1234 1379 acceptissimus
1257 1306 1387 1374 Deo,
1415 1313 1470 1361 et
1489 1307 1542 1362 in
1559 1306 1775 1376 optimis
1799 1306 1928 1362 viris
1949 1314 2081 1376 pra!

479 1399 808 1456 clarissimus
830 1397 1081 1453 sacerdos
1116 1395 1446 1451 Ambrosius.
1493 1395 1661 1465 Hujus
1681 1395 1882 1451 interea
1924 1394 2076 1452 verbi

480 1489 576 1546 Dei
615 1488 975 1562 praedicatoris
1023 1487 1466 1559 frequentissimis
1491 1487 1544 1542 in
1571 1487 1798 1543 ecclesia
1837 1486 2075 1558 disputa-

481 1582 712 1639 tionibus
734 1592 914 1636 astans
941 1580 994 1635 in
1025 1580 1241 1651 populo,
1272 1580 1887 1650 intendebatsuspeusns
1911 1589 2072 1652 atque

478 1672 691 1729 afﬁxus.
720 1671 918 1727 Verum
947 1669 1228 1742 aliquando
1251 1670 1663 1726 Manichmorum
1686 1672 1824 1741 apud
1852 1669 2075 1727 Cartha-

472 1765 652 1836 ginem
675 1765 986 1821 adolescens
1006 1763 1175 1819 fuerat
1195 1779 1377 1818 errore
1398 1761 1648 1820 seductus
1665 1781 1678 1818 :
1693 1771 1749 1819 et
1773 1763 1891 1818 ideo
1912 1771 2072 1820 επιε-

473 1857 550 1914 ris
564 1857 872 1928 suspensior
885 1855 1092 1924 aderat,
1128 1870 1197 1911 ne
1224 1855 1350 1926 quid
1371 1854 1455 1911 vel
1485 1870 1582 1925 pro
1611 1853 1746 1926 ipsa,
1775 1854 1863 1911 vel
1886 1864 2069 1911 contra

470 1947 642 2021 ipsam
670 1949 914 2005 haeresim
944 1947 1226 2004 diceretur.
1269 1947 1339 2002 Et
1378 1947 1638 2018 prmvenit
1664 1948 1686 1980 ³
1716 1947 1808 2003 Dei
1829 1947 2072 2004 liberato-

470 2040 549 2098 ris
574 2040 854 2097 clementia
887 2039 972 2096 sui
996 2039 1288 2095 sacerdotis
1313 2054 1407 2094 cor
1433 2040 1832 2110 pertractantis,
1861 2049 1920 2095 nt
1942 2055 2070 2096 eon-

469 2139 552 2187 tra
572 2131 717 2186 illum
745 2144 984 2188 errorem
1005 2129 1300 2185 incidentes
1322 2129 1456 2200 legis
1475 2130 1807 2186 solverentur
1826 2131 2068 2202 qutestio-

471 2236 569 2278 nes
597 2239 612 2276 :
639 2231 800 2294 atque
830 2221 904 2276 ita
929 2219 1171 2286 edoctus,
1201 2219 1402 2274 sensim
1427 2228 1588 2290 atque
1616 2219 1870 2290 paulatim
1898 2220 2071 2277 luere—

468 2315 546 2370 sis
585 2315 672 2370 illa
703 2313 1045 2369 miseratione
1073 2311 1248 2367 divina
1275 2312 1392 2382 ejus
1424 2327 1491 2368 ex
1531 2313 1711 2368 animo
1752 2314 1902 2385 pulsa
1947 2324 2064 2383 est;

471 2406 816 2476 protinusque
859 2406 972 2476 ipse
997 2404 1051 2459 in
1086 2403 1191 2460 fide
1217 2403 1478 2460 catholica
1503 2403 1869 2474 confirmatus,
1906 2406 2068 2477 proli-

467 2495 642 2552 ciendi
686 2497 738 2551 in
777 2496 1036 2566 religione
1081 2494 1258 2550 eidem
1304 2495 1503 2550 amoris
1539 2495 1700 2552 ardor
1726 2497 1935 2553 innatus
1959 2507 2061 2564 est,

467 2603 574 2657 quo
620 2584 1100 2658 propinquantibus
1145 2584 1334 2641 diebus
1377 2585 1578 2642 sanctis
1627 2585 1848 2642 Pascha
1877 2587 2064 2644 salutis

463 2693 652 2749 aquam
684 2677 996 2750 perciperet.
1019 2677 1085 2731 Et
1107 2675 1301 2732 factum
1331 2685 1412 2732 est
1438 2676 1614 2733 divina
1642 2686 1932 2749 praestante
1953 2681 2064 2752 opi-

462 2769 758 2834 tulatione,
803 2777 863 2824 ut
902 2783 998 2839 per
1028 2767 1174 2824 illum
1217 2767 1378 2823 talem
1419 2781 1484 2822 ac
1523 2775 1727 2824 tantum
1769 2769 2060 2827 antistitem

464 2859 823 2924 Ambrosium,
856 2868 911 2914 et
936 2857 1234 2914 doctrinam
1262 2858 1548 2914 salutarem
1591 2859 1846 2918 Ecclesia:
1875 2860 2060 2918 catho-

460 2949 602 3017 liere,
629 2959 683 3004 et
709 2947 885 3004 divina
910 2948 1208 3020 perciperet
1225 2947 1572 3004 Sacramenta
1597 2948 1642 3005 ³.

465 3040 692 3099 CAPUT
733 3040 798 3096 11.
839 3070 911 3081 —
953 3040 1162 3095 Relicti:
1213 3040 1444 3095 omnibus
1483 3041 1692 3112 suscipit
1731 3042 2049 3114 propositum

678 3132 925 3189 serviendi
951 3130 1084 3199 Deo,
1100 3131 1215 3204 jam
1243 3133 1390 3186 annis
1419 3132 1585 3200 major
1610 3131 1834 3204 triginta.

537 3227 768 3298 Moxque
808 3241 873 3282 ex
919 3224 1122 3282 intimis
1163 3223 1338 3281 cordis
1369 3223 1618 3280 medullis
1656 3238 1807 3296 spem
1843 3239 2057 3281 omnem

458 3334 619 3393 quam
662 3315 892 3374 habebat
932 3315 986 3372 in
1024 3315 1251 3383 sarculo,
1275 3314 1584 3385 dereliquit;
1622 3314 1734 3386 jam
1774 3330 1880 3370 non
1927 3330 2060 3372 uxo-

462 3427 596 3478 rem,
617 3424 722 3474 nou
743 3409 882 3465 filios
904 3409 1102 3472 carnis,
1127 3421 1232 3464 non
1257 3407 1489 3473 divitias,
1510 3421 1613 3462 non
1634 3405 1863 3462 honores
1878 3405 2057 3463 saeculi

462 3517 709 3575 qurerens
727 3519 741 3567 ;
755 3499 849 3556 sed
866 3501 976 3556 Deo
989 3501 1009 3530 ⁸
1028 3513 1150 3555 cum
1166 3497 1276 3555 suis
1291 3497 1494 3554 servire
1509 3496 1712 3566 statuit,
1733 3505 1787 3553 et
1802 3497 1854 3551 iu
1876 3496 1989 3566 illo,
2003 3507 2058 3554 et

457 3612 528 3652 ex
550 3596 640 3651 illo
664 3594 855 3668 pusillo
879 3609 1038 3665 grege
1061 3607 1181 3649 esse
1199 3591 1442 3660 studens,
1465 3607 1623 3663 quem
1649 3591 1908 3647 Dominus
1927 3593 2056 3648 allo-

460 3687 658 3759 quitur,
687 3684 909 3740 dicens:
942 3682 1117 3738 Nolite
1136 3685 1325 3750 timere,
1363 3683 1579 3752 pusillus
1627 3698 1768 3754 grex,
1815 3683 2053 3752 quoniam

457 3778 764 3845 complacuit
790 3775 938 3831 Patri
958 3784 1116 3831 vestro
1145 3775 1268 3830 dare
1292 3774 1428 3830 vobis
1454 3790 1681 3846 regnum.
1713 3772 1924 3828 Vendite
1943 3791 2055 3844 quae

463 3869 746 3940 possidetis,
777 3877 825 3924 et
869 3867 986 3924 date
1022 3867 1386 3938 elemosynam
1417 3866 1606 3937 :facite
1652 3864 1786 3919 vobis
1826 3868 2052 3923 sacculos

461 3977 562 4016 non
591 3968 964 4026 ueterasccntcs,
1008 3959 1298 4014 thesaurum
1342 3974 1444 4011 non
1471 3956 1783 4027 deﬁcientem
1819 3958 1872 4012 in
1914 3958 2051 4014 caelis

463 4051 615 4126 (Luc.
650 4067 745 4113 xu,
775 4051 890 4121 59.),
917 4060 971 4105 ct
999 4059 1210 4104 caetera.
1243 4049 1309 4102 Et
1354 4045 1479 4102 illud
1521 4047 1658 4118 quod
1689 4047 1815 4104 dicit
1859 4049 2048 4105 iterum

457 4165 702 4228 provincia
721 4171 878 4228 ortus,
902 4163 990 4212 sed
1014 4164 1064 4212 in
1086 4161 1318 4222 Numidia,
1341 4161 1483 4228 cujus
1501 4161 1784 4228 opulentum
1806 4175 1862 4212 ac
1885 4163 2049 4216 nobile

459 4224 569 4278 erat
591 4226 816 4289 Oppidum
838 4231 1058 4288 ’l‘agaste,
1085 4229 1348 4289 propterea
1365 4224 1564 4289 rectius
1578 4225 1825 4289 diceretur
1848 4238 1911 4274 ex
1937 4238 2050 4287 pro-

458 4286 803 4348 vinoia'litrica:
825 4286 966 4348 natus
989 4299 1002 4335 :
1028 4293 1222 4348 accepta
1237 4286 1462 4348 nimirum
1476 4286 1648 4348 Ali-ica,
1658 4292 1714 4335 ut
1725 4287 1839 4335 olim
1862 4299 1890 4335 a
1914 4286 2049 4336 Pom-

557 4352 602 4400 io
624 4347 759 4412 Mela,
773 4347 1057 4412 ,Ptolomteo,
1072 4345 1525 4412 antiquitusqueex
1550 4345 1879 4412 ecclesiastico
1892 4361 2046 4412 more,

456 4408 510 4481 in
535 4419 638 4462 tres
659 4408 962 4481 dividebatur
985 4417 1167 4481 partes,
1192 4408 1415 4481 nimirum
1443 4408 1492 4457 in
1525 4410 1864 4481 Mauritaniam,
1887 4408 2047 4481 διμηξξ

450 4473 582 4523 diam
604 4485 662 4523 ac
681 4473 884 4526 Africam
914 4471 1080 4522 stricte
1113 4477 1382 4533 smnpm,
1413 4481 1525 4532 quae
1559 4475 1665 4533 erat
1699 4471 2049 4533 [nfoconwlaris

455 4536 718 4597 provincia.
744 4542 800 4597 at
823 4533 982 4583 tsidori
1007 4531 1302 4597 Hispalensis
1321 4531 1601 4580 reverentia
1626 4531 1869 4597 prohibuit
1899 4547 1964 4582 ne
2000 4535 2047 4597 in

455 4594 647 4647 textum
670 4596 1039 4645 immitteremus
1075 4594 1399 4656 conjecturam
1435 4601 1674 4656 nostram,
1711 4595 1822 4655 quia
1859 4595 1964 4656 ij-se
1998 4596 2046 4646 in

451 4656 578 4707 libro
600 4658 666 4707 de
687 4658 1002 4719 Scriptoribus
1025 4653 1390 4719 eecleSiasticis,
1415 4668 1520 4719 (sip.
1547 4654 1595 4714 8,
1621 4653 1758 4719 vocat
1786 4653 2046 4719 PosSidium

452 4719 681 4770 At‘rieanze
705 4715 959 4781 provinciae
983 4719 1279 4781 episetiputn,
1303 4715 1419 4766 licet
1450 4717 1499 4765 in
1530 4717 1741 4766 numidia
1776 4719 1892 4766 urbs
1912 4717 2046 4768 Cala-

452 4783 635 4831 mensis
656 4783 745 4830 sita
769 4789 920 4831 esset.
1008 4788 1062 4828 M.

519 4845 533 4874 ¹
572 4841 768 4904 Salinas,
803 4841 989 4904 exrcdd.
1007 4840 1196 4904 duobus
1215 4840 1363 4904 Vatic.
1391 4852 1404 4888 :
1434 4837 1671 4904 Alitusqtte
1685 4845 1826 4904 atque
1839 4841 2046 4904 nutritus

451 4917 619 4966 eorum
635 4898 765 4955 cura
775 4911 821 4966 et
846 4900 1109 4966 diligentia,
1137 4899 1397 4966 impensius
1419 4898 1732 4966 sweuldribus
1749 4898 1918 4966 litteris
1931 4917 2044 4966 eru-

451 4965 583 5017 ditus
599 5005 612 5025 ,
639 4965 858 5032 apprime
883 4960 1108 5036 omnibus
1131 4960 1399 5036 disciplinis
1419 4960 1626 5036 imbutus
1639 5001 1652 5023 ,
1679 4975 1799 5036 quas
1824 4961 2045 5036 liberales

451 5037 634 5078 meant.
669 5027 780 5078 sum
803 5028 895 5078 etsi
925 5033 1154 5088 parentes
1191 5038 1304 5074 eum
1340 5027 1581 5088 impensis
1609 5027 1786 5088 quibus
1821 5033 2045 5082 poterant

446 5089 680 5152 juverint,
705 5103 768 5139 ex
793 5091 898 5152 ipso
923 5087 1150 5152 tumens.
1175 5087 1544 5152 Doctore,librog
1559 5087 1592 5136 2
1612 5094 1778 5136 contra
1801 5089 2045 5138 Academi-

449 5163 553 5210 cos,
574 5164 621 5199 n.
646 5150 695 5209 ὅ,
719 5150 905 5202 conStat
927 5151 1204 5212 sumptibus
1221 5151 1508 5212 nontaniani,
1534 5150 1582 5198 in
1607 5163 1693 5198 sua
1717 5152 1842 5198 urbe
1866 5152 2042 5212 prima-

447 5185 914 5275 ι’ἱέῖᾟῖ-ὸῖἑεῖξὲἴῖἶι
927 5185 1582 5275 ⁰ἰῖἶέἕιῖἒέ’ζ”ιι’ίζεῇἰὶἵῖὲἑί›ίξ
1603 5185 2043 5275 ἒξιίῖὶιῖνιὲἒίέὶῖἲιῖ

449 5272 700 5335 animum:
733 5290 758 5319 ι
779 5282 848 5321 't‘u
871 5288 950 5322 me
975 5272 1391 5335 adolescentulum
1437 5272 1729 5335 imperem,
1773 5273 1956 5334 inquit,
1981 5275 2042 5324 ad

451 5333 712 5398 peregrina
733 5335 888 5384 studia
915 5344 1234 5398 pergentem,
1261 5341 1312 5384 et
1333 5333 1476 5383 domu
1506 5333 1558 5385 et
1579 5341 1792 5397 sumptu,
1818 5333 1888 5395 et,
1912 5336 2040 5398 quod

449 5397 558 5460 ilus
579 5405 675 5456 est,
699 5398 857 5447 animo
883 5397 1136 5458 excepisti.
1157 5411 1183 5460 ρ
1277 5403 1333 5444 st.

513 5463 534 5490 ³
567 5460 734 5523 Plures
756 5467 882 5517 Mss,
905 5465 950 5523 et
973 5456 1202 5523 provenit.

511 5523 533 5553 ³
564 5520 758 5581 Salinas,
779 5520 938 5570 exul.
956 5517 1072 5584 tieg.
1100 5517 1220 5570 l0£5
1235 5532 1248 5568 :
1265 5525 1322 5570 Et
1344 5517 1556 5571 divinum
1578 5517 1843 5584 perciperet
1865 5526 2038 5570 Sacra-

443 5592 671 5634 amatum.
755 5592 810 5633 Μ.

511 5647 532 5677 δ
565 5645 700 5707 ωιιη
725 5645 814 5697 soli
843 5653 954 5695 Deo.
981 5643 1126 5707 Abest
1156 5640 1244 5693 soli
1267 5653 1295 5707 _a
1319 5651 1423 5691 vss.
1441 5669 1504 5707 -—_
1516 5641 1709 5707 Salinas,
1728 5655 1792 5692 ex
1818 5642 1906 5707 ω.
1940 5655 2037 5707 uno

447 5708 594 5757 \‘atic.
623 5721 636 5757 :
663 5704 752 5757 Sed
781 5716 880 5757 Deo
915 5705 1092 5757 seruire
1129 5704 1431 5756 comtt'tnms.
1457 5705 1590 5756 alter
1615 5706 1695 5755 ω.
1730 5706 1876 5755 \‘atic.
1903 5719 1916 5754 :
1943 5704 2036 5756 sed

445 5776 616 5832 Delon,
647 5768 725 5820 cui
746 5783 907 5822 servus
930 5781 1031 5820 esse
1053 5765 1306 5820 constituit.
1455 5774 1512 5818 At.

2197 393 2475 463 Dominus,
2505 399 2646 455 idem
2666 399 2750 456 vir
2765 411 2979 458 sanctus
3004 402 3177 461 facere
3205 406 3425 478 cupiens
3457 425 3471 462 :
3504 407 3569 466 Si
3586 412 3786 472 eisesse

2197 489 2466 558 perfectus,
2503 489 2661 546 vende
2693 492 2864 548 omnia
2889 509 3003 565 quae
3024 495 3196 565 habes,
3226 507 3274 553 et
3293 497 3361 552 da
3390 509 3712 570 pauperibus.
3737 517 3783 561 et

2195 578 2397 634 habebis
2416 581 2708 636 thesaurum
2731 583 2785 638 in
2803 585 2976 650 caelis;
3003 596 3048 640 et
3072 588 3201 655 ueni,
3228 605 3433 660 sequere
3459 607 3540 646 me
3560 591 3780 663 (Matth.

2161 683 2305 736 τα,
2325 669 2448 742 21).
2473 671 2544 727 Ει
2570 687 2734 744 super
2758 673 2882 731 fidei
2906 675 3308 734 fundamentum
3333 681 3601 739 ardilicare
3644 684 3783 742 desi-

2191 761 2386 819 derans
2415 764 2456 833 ¹,
2488 779 2595 821 non
2620 766 2781 840 ligna,
2812 767 3014 834 fenum,
3045 779 3100 826 et
3133 771 3414 842 stipulam;
3446 775 3545 864 sed
3573 791 3778 846 aurum,

2189 863 2489 924 argentum,
2529 864 2584 913 et
2626 857 2830 930 lapides
2869 862 3152 932 pretiosos.
3195 861 3266 918 Et
3299 863 3416 920 erat
3457 853 3586 924 inde
3631 871 3780 941 annis

2153 961 2158 966 ί
2178 945 2360 1016 major
2386 948 2761 1018 triginta,'sola
2783 953 3069 1023 superstite
3097 955 3268 1010 matre
3295 956 3356 1023 ',‘
3372 951 3580 1028 sibique
3603 959 3780 1016 adita:-

2187 1047 2357 1104 rente,
2399 1049 2454 1096 et
2493 1040 2563 1097 de
2607 1055 2854 1114 suscepto
2895 1044 3011 1116 ejus
3046 1047 3320 1117 pr0posito
3363 1050 3631 1106 serviendi
3667 1052 3778 1108 Deo

2185 1130 2415 1201 amplius
2459 1147 2618 1203 quam
2647 1133 2716 1190 de
2737 1135 2914 1191 carnis
2953 1137 3236 1207 nepotibus
3275 1140 3594 1196 exsultante.
3646 1141 3778 1198 Nam

2183 1220 2300 1292 ejus
2348 1232 2500 1293 pater
2541 1235 2696 1282 antea
2736 1225 3019 1284 defunctus
3055 1236 3192 1284 erat.
3231 1229 3572 1288 Renuntiavit
3617 1234 3775 1290 etiam

2182 1313 2531 1381 scholasticis,
2561 1331 2696 1388 quos
2723 1317 3045 1375 rhetoricam
3088 1319 3333 1391 docebat,
3377 1331 3435 1378 ut
3474 1324 3575 1379 sibi
3613 1326 3776 1397 magi-

2181 1416 2350 1462 strum
2379 1408 2542 1464 alium
2587 1411 2949 1481 providerent,
2979 1428 3045 1470 eo
3083 1416 3225 1486 quod
3267 1416 3470 1472 servire
3515 1416 3626 1473 Deo
3659 1418 3774 1488 ipse

2179 1496 2525 1556 decrevisset.

2296 1609 2523 1668 CAPUT
2551 1610 2640 1668 Ill.
2662 1642 2732 1653 —
2761 1613 2998 1669 Secessus
3021 1615 3312 1686 Augustini.
3340 1615 3561 1684 Quidam
3590 1621 3656 1676 ab

2673 1703 2953 1775 Augustino
2979 1721 3266 1764 conversus.

2247 1791 2326 1848 Ac
2371 1792 2567 1864 placuit
2601 1795 2652 1852 ei
2695 1805 2947 1868 percepta
2991 1799 3158 1868 gratia
3188 1798 3211 1830 ³
3238 1813 3362 1855 cum
3405 1801 3522 1858 aliis
3562 1802 3767 1862 civibus

2175 1891 2232 1938 et
2283 1885 2471 1940 amicis
2525 1885 2638 1940 suis
2701 1887 2813 1942 Deo
2868 1888 3068 1958 pariter
3123 1890 3474 1948 servientibus
3519 1893 3587 1949 ad
3619 1895 3764 1952 Afri-

2174 1987 2292 2028 cam
2317 1983 2374 2030 et
2399 1976 2667 2048 propriam
2698 1977 2916 2034 domum
2944 1993 3210 2051 agrosque
3231 1995 3491 2039 remeare.
3523 1983 3606 2038 Ad
3634 2000 3768 2056 quos

2174 2065 2415 2134 veniens,
2439 2076 2492 2122 et
2519 2068 2570 2122 in
2596 2068 2788 2138 quibus
2815 2069 3155 2132 constitutus,
3184 2072 3354 2128 ferme
3379 2073 3626 2140 triennio,
3657 2084 3710 2130 et
3735 2075 3766 2129 ἐι

2172 2172 2232 2212 so
2251 2157 2360 2226 jam
2388 2158 2632 2215 alienatis
2647 2161 2791 2217 euris
2815 2161 3160 2218 saecularibus
3184 2161 3226 2226 ⁸,
3254 2178 3374 2218 cum
3401 2164 3466 2218 iis
3485 2164 3575 2236 qui
3590 2165 3764 2222 cidem

2171 2247 2534 2315 adbzerebant,
2566 2250 2677 2306 Deo
2701 2251 2930 2316 vivebat,
2958 2251 3193 2323 jejunits,
3211 2253 3559 2322 orationibus,
3578 2256 3762 2313 bonis-

2170 2354 2277 2408 que
2303 2341 2575 2410 operibus,
2605 2342 2657 2398 in
2684 2343 2802 2413 lege
2823 2331 3031 2398 Domini
3058 2344 3322 2400 meditans
3359 2345 3446 2402 die
3486 2361 3550 2402 ac
3582 2359 3759 2404 nocte.

2171 2429 2239 2485 Et
2259 2430 2327 2486 de
2351 2433 2416 2488 iis
2434 2447 2552 2503 qua:
2571 2434 2672 2490 sibi
2701 2435 2841 2491 Deus
2863 2435 3117 2506 cogitanti
3140 2445 3301 2506 atque
3336 2437 3508 2492 oranti
3547 2437 3761 2496 intelle-

2169 2529 2254 2577 cta
2284 2525 2585 2592 revelabat;
2625 2535 2679 2582 et
2721 2535 3016 2596 praesentes
3042 2535 3097 2582 et
3129 2526 3378 2583 absentes
3425 2530 3762 2586 sermonibus

2167 2628 2231 2669 ac
2251 2613 2398 2671 libris
2443 2615 2686 2672 docebat.
2736 2615 2970 2688 Contigit
3015 2618 3150 2672 forte
3193 2615 3383 2672 eodem
3420 2625 3681 2688 tempore,
3702 2629 3761 2676 ut

2167 2705 2381 2775 quidam
2413 2721 2483 2762 ex
2533 2707 2598 2762 iis
2636 2723 2771 2779 quos
2811 2709 2996 2763 dicunt
3048 2711 3280 2780 Agentes
3315 2709 3371 2764 in
3408 2709 3589 2777 rebus,
3620 2712 3758 2782 apud

2166 2795 2714 2870 Hipponem-Regium
2772 2799 3127 2864 constitutus,
3192 2800 3331 2857 bene
3396 2800 3757 2872 christianus,

2165 2888 2437 2960 Deumque
2457 2890 2674 2956 timens,
2703 2899 2973 2961 comperta
3000 2890 3116 2960 ejus
3149 2890 3287 2946 bona
3314 2891 3452 2947 fama
3479 2900 3642 2964 atque
3663 2893 3762 2950 do-

2163 2978 2354 3046 ctrina,
2378 2979 2709 3037 desideraret
2735 2993 2894 3050 atque
2919 2991 3130 3052 optaret
3154 2997 3277 3038 eum
3303 2983 3506 3054 videre,
3535 2987 3759 3058 promit-

2164 3078 2282 3125 lens
2309 3085 2368 3128 se
2397 3085 2552 3142 posse
2567 3071 2750 3128 mundi
2779 3072 2936 3142 hujus
2959 3087 3148 3128 omnes
3172 3067 3517 3132 Contemnere
3549 3075 3759 3147 cupidi-

2163 3169 2298 3218 tates
2323 3170 2484 3234 atqne
2523 3162 2823 3230 illecebras,
2868 3163 2916 3218 si
2955 3163 3242 3234 aliquando
3267 3179 3334 3220 ex
3379 3165 3496 3236 ejus
3541 3182 3639 3236 ore
3663 3166 3758 3224 Dei

2162 3252 2387 3309 verbum
2407 3251 2598 3309 audire
2617 3254 2920 3310 meruisset.
2947 3253 3101 3324 Quod
3128 3269 3252 3310 cum
3276 3255 3342 3310 ad
3369 3271 3429 3312 se
3453 3256 3601 3313 fideli
3637 3256 3760 3314 fuis-

2162 3353 2246 3400 set
2271 3343 2528 3400 relatione
2565 3343 2822 3412 delatum,
2854 3345 3084 3401 liberare
3105 3345 3126 3377 '
3154 3345 3388 3402 animam
3438 3349 3662 3419 cupiens
3689 3349 3756 3405 ab

2163 3437 2323 3508 hujus
2346 3425 2468 3492 vita:
2493 3437 2742 3508 periculis
2767 3446 3045 3508 morteque
3070 3448 3291 3506 aeterna,
3314 3439 3383 3496 ad
3403 3449 3756 3497 memoratam

2163 3527 2302 3582 ultro
2333 3537 2494 3598 atque
2535 3526 2816 3584 confestim
2861 3528 3008 3584 venit
3053 3529 3342 3597 civitatem,
3385 3539 3440 3586 et
3482 3530 3756 3588 hominem

2160 3618 2332 3674 visum
2382 3619 2644 3674 allocutus
2694 3619 3023 3690 frequentius
3071 3632 3232 3691 atque
3284 3621 3602 3679 exhortatus
3652 3632 3755 3688 est,

2158 3719 2412 3781 quantum
2445 3711 2582 3766 Deus
2607 3709 2856 3777 donabat,
2883 3719 2944 3766 ut
2987 3711 3130 3782 quod
3158 3713 3268 3768 Deo
3309 3725 3532 3770 voverat
3581 3714 3760 3792 reddi-

2159 3802 2342 3857 disset.
2379 3801 2457 3858 Ac
2480 3801 2502 3832 '
2529 3815 2588 3856 se
2612 3800 2702 3856 ille
2729 3799 2798 3856 de
2825 3800 2913 3858 die
2928 3802 2981 3858 in
3001 3801 3142 3857 diem
3165 3802 3424 3858 facturum
3465 3804 3756 3875 polliceba-

2159 3904 2262 3963 tur,
2295 3909 2395 3950 ucc
2424 3905 2599 3949 tamen
2643 3893 2698 3949 in
2745 3893 2860 3964 ejus
2881 3900 3007 3949 tunc
3031 3894 3132 3950 hoc
3156 3894 3390 3965 implevit
3419 3897 3711 3966 praesentia
3738 3913 3753 3950 :

2155 3986 2252 4043 sed
2277 4002 2465 4042 vacare
2493 3987 2677 4057 utique
2703 3989 2724 4021 "
2755 3994 2812 4042 et
2857 3985 3012 4042 inane
3056 4000 3176 4042 esse
3215 4001 3320 4042 non
3362 3989 3559 4058 potuit,
3613 3988 3756 4061 quod

2156 4093 2251 4148 per
2276 4077 2381 4134 tale
2402 4092 2496 4133 vas
2518 4077 2773 4133 mundum
2803 4077 2934 4133 etin
2974 4077 3195 4144 honore,
3245 4077 3374 4132 utile
3411 4078 3668 4148 Domino,
3703 4089 3758 4134 et

2153 4171 2221 4226 ad
2261 4186 2422 4227 omne
2469 4184 2605 4240 opus
2649 4170 2847 4226 bonum
2891 4178 3130 4239 paratum
3165 4168 3238 4241 (ll
3267 4168 3402 4224 Tim.
3448 4185 3516 4239 ιι,
3540 4169 3670 4242 21),
3702 4173 3757 4225 in

2154 4263 2301 4320 omni
2327 4263 2445 4319 loco
2471 4262 2648 4318 divina
2661 4262 2880 4333 gerebat
2898 4259 3247 4331 providentia.

2257 4376 2484 4434 CAPUT
2514 4377 2602 4433 Ν.
2623 4407 2697 4418 --
2718 4375 2930 4448 Capitur
2957 4377 3024 4430 ad
3064 4375 3364 4447 presbyterii
3387 4377 3633 4448 gradum.

2236 4478 2438 4535 Eodem
2482 4477 2660 4548 itaque
2711 4485 2949 4548 tempore
3003 4477 3057 4532 in
3125 4476 3362 4532 Ecclesia
3418 4477 3752 4549 ilipponensi

2151 4571 2413 4628 catholica
2443 4570 2686 4626 Valerius
2719 4578 2934 4625 sanctus
2967 4569 3332 4640 episcopatum
3371 4571 3614 4640 gerebat.
3647 4570 3751 4637 Qui

2151 4681 2271 4720 cum
2293 4707 2307 4730 ,
2341 4663 2606 4734 flagitante
2639 4663 2998 4718 ecclesiastica
3043 4662 3356 4718 necessitate
3377 4663 3421 4730 ⁸,
3465 4663 3535 4719 de
3574 4663 3754 4732 provi-

2215 4780 2232 4811 ί
2258 4777 2462 4848 Salinas,
2474 4791 2536 4828 ex
2559 4778 2640 4828 Cd.
2660 4780 2861 4848 segnia;
2877 4791 2890 4827 :
2908 4783 2964 4848 Et
2981 4791 3125 4848 super
3145 4775 3601 4848 [idqifzmdrmzenta
3624 4780 3746 4831 tedi-

2149 4838 2300 4906 ﬁcare
2323 4839 2620 4906 desiderans.
2645 4838 2776 4906 Mter
2795 4841 2878 4889 Cd.
2905 4838 3115 4906 (tegitur,
3142 4838 3466 4891 desiderabat.
3536 4904 3544 4906 _
3614 4851 3670 4891 at.

2213 4905 2235 4935 ²
2269 4911 2410 4954 Juxta
2433 4901 2630 4964 salinas,
2653 4901 2848 4964 quidam
3003 4902 3184 4952 addunt
3205 4916 3381 4952 nomen
3403 4904 3592 4964 matris,
3618 4914 3748 4956 alon-

2149 4961 2286 5034 ttica;
2312 4971 2365 5034 et
2387 4963 2528 5027 paulo
2552 4961 3049 5034 post—patrisnomen,
3068 4964 3199 5034 quod
3225 4972 3301 5034 est
3326 4961 3587 5034 Patricius;
3623 4974 3691 5034 at.

2213 5028 2234 5060 ³
2265 5023 2419 5090 Εὐάῖε
2447 5023 2943 5088 Ρενὸεφιιιᾟαῃιὶδηιὶ
2971 5023 3161 5089 gratia;
3190 5026 3279 5077 sed
3312 5039 3485 5077 vocem
3523 5027 3742 5090 Βαραεωί

2148 5102 2247 5138 non
2270 5089 2452 5138 habent
2476 5095 2580 5137 Mss.

2212 5151 2234 5181 δ
2265 5159 2442 5198 Omnes
2463 5157 2567 5197 MSS.
2594 5148 2819 5210 omittunt
2842 5146 2972 5198 curis
2997 5147 3332 5210 sa’cnlaribns,
3357 5156 3409 5200 et
3433 5161 3498 5198 ex
3515 5149 3594 5199 his
3615 5162 3743 5198 unus

2147 5208 2458 5260 Floriacensis
2481 5223 2567 5270 pro
2588 5207 2804 5261 alienatis
2843 5211 3038 5272 praefert
3072 5207 3325 5272 alienatus.
3347 5236 3410 5246 —
3431 5211 3641 5271 salinas,
3675 5225 3738 5260 ex

2145 5273 2335 5341 duobus
2369 5272 2628 5341 codicibus,
2665 5271 2990 5341 servatpcuris
3023 5271 3370 5341 sa’cnlaribus;
3408 5284 3472 5321 ex
3508 5273 3594 5341 Cd._
3622 5281 3738 5336 neg.

2148 5334 2268 5406 £0375
2293 5349 2305 5381 :
2333 5339 2440 5406 _1-_;t__a
2461 5345 2512 5382 se
2523 5333 2634 5402 jam
2655 5331 2872 5406 alienatis
3130 5332 3285 5406 giliis;
3303 5331 3366 5382 ex
3382 5346 3480 5406 uno
3499 5331 3738 5395 vaticano,

2144 5397 2228 5458 qui
2252 5397 2427 5446 omittit
2448 5393 2580 5444 curis
2601 5393 2930 5455 scrcularibus,
2955 5394 3078 5457 legit
3099 5394 3351 5445 alienatus.
3437 5403 3497 5447 tu.

2211 5460 2232 5491 ⁸
2265 5457 2462 5517 salinas,
2489 5469 2552 5505 ex
2577 5457 2690 5506 Cdd.
2707 5457 2894 5506 duobus
2919 5458 3083 5517 Vatic.,
3109 5454 3325 5508 liberari.
3391 5464 3448 5506 Μ.

2209 5519 2230 5550 ⁸
2264 5519 2413 5568 Editio
2443 5518 2788 5578 Lugdunensis,
2813 5517 2936 5566 Iuec.
3025 5525 3080 5568 st.

2206 5582 2227 5614 τ
2261 5556 2416 5630 ἔᾶίιῗέ
2443 5556 2936 5640 ἓὲἃῖἷὲἱιῖιῖῶἶιῖιὲῖ
2952 5556 3168 5629 -ἶὶὶριη
3202 5577 3380 5630 Salinas
3418 5591 3482 5628 ex
3522 5589 3620 5628 uno
3651 5576 3733 5628 ad.

2147 5649 2451 5765 Manlii-ihs,
2468 5716 2532 5755 ex
2545 5702 2624 5754 ω.
2644 5709 2758 5766 Reg.
2778 5702 2862 5753 5H
2886 5715 2898 5753 :
2919 5699 3181 5766 I‘lagitante
3197 5699 3427 5754 Ecclesia
3443 5705 3737 5810 accessam.
