3994 6352
202 267 256 324 5,
1568 228 1888 290 auersus
1926 225 2246 285 rossrmo.
3342 252 3345 253 γ
3411 230 3485 291 ae

213 384 369 442 tendo
400 391 457 438 et
488 380 791 436 ordinando
822 370 1137 443 presbytero
1166 362 1427 431 civitati‘,
1463 358 1673 432 plebem
1698 352 1791 409 Dei
1902 347 2141 443 nonnulli
2154 360 2348 443 coram
2393 345 2658 417 episcopis
2702 344 2910 415 populis
2948 351 3174 401 tractare
3206 356 3486 415 crept-runt

206 439 581 547 atloqneretur,
609 480 667 526 et
692 439 1100 527 exhortaretur;
1144 459 1253 530 jam
1282 456 1509 511 scientes
1547 442 1795 507 catholici
1900 440 2123 497 verbum
2154 439 2268 494 Dei.

408 559 696 634 Augustini
726 556 1057 628 prepositum
1084 561 1141 607 et
1164 548 1484 611 doctrinam,
1512 556 1675 599 manu
1708 538 1796 594 in-

1949 553 2129 611 APNI
2138 552 2504 621 .--Conﬂictus
2517 552 2723 623 August.
2743 569 2857 606 cum
2875 551 3158 607 Fortunato
3176 552 3230 607 Μ
3235 554 3482 610 anichwo.

203 662 332 732 jecta
369 658 389 729 (
418 654 676 727 quoniam
703 660 758 707 et
786 649 933 705 idem
961 646 1013 701 in
1052 644 1249 716 pepulo
1270 652 1490 697 securus
1507 645 1562 692 et
1583 636 1799 705 ignarus

1978 647 2120 702 Sane
2172 647 2225 701 in
2275 646 2362 700 illa
2414 654 2540 700 tune
2596 646 2921 715 Hipponensi
2981 646 3115 702 urbe
3172 646 3489 702 Manichaeo-

208 727 322 821 quid
354 727 591 802 futurum
618 750 765 799 esset
785 739 997 796 astabat
1025 752 1040 790 :
1071 735 1279 791 solebat
1300 740 1480 787 autem
1522 727 1711 791 laicus,
1740 731 1802 779 ut

212 816 356 897 nobis
378 838 596 894 dicebat
613 877 629 900 ,
658 834 729 889 ab
765 833 845 888 eis
871 838 1071 886 tantum
1092 824 1334 884 ecclesiis
1358 837 1478 893 quae
1502 834 1607 875 non
1633 816 1800 872 babe-

212 944 321 989 rent
343 926 822 1001 episcopos,’suam
846 921 1117 976 abstinere
1142 911 1501 988 prresentiam)
1528 925 1651 966 eum
1674 921 1803 979 ergo

216 1000 516 1086 tenuerunt,
545 1027 626 1085 et,
653 1026 713 1070 ut
740 1016 793 1069 in
822 1013 1018 1069 talibus
1036 1015 1353 1065 consuetum
1378 1013 1459 1060 est
1479 1004 1522 1069 ',
1550 1000 1804 1072 episcopo

217 1110 568 1169 ordinandum
617 1105 934 1167 intulerunt,
975 1100 1226 1156 omnibus
1255 1097 1307 1152 id
1333 1110 1438 1150 uno
1467 1106 1729 1148 consensu
1753 1097 1809 1144 et

218 1204 479 1260 desiderio
502 1201 621 1255 fieri
644 1198 933 1270 perﬁcique
958 1193 1280 1266 petentibus.
1310 1201 1605 1259 magnoque
1633 1182 1809 1239 studio

215 1307 266 1353 et
286 1298 524 1352 clamore
552 1290 932 1363 flagitantibus,
960 1287 1185 1343 ubertim
1211 1299 1279 1340 eo
1306 1282 1466 1337 flente
1496 1298 1509 1334 :
1544 1275 1810 1333 nonnullis

217 1386 421 1458 quidem
449 1384 722 1455 lacrymas
749 1381 888 1451 ejus,
926 1388 984 1433 ut
1025 1376 1179 1431 nobis
1205 1375 1319 1445 ipse
1340 1371 1540 1436 retulit,
1568 1377 1696 1423 tunc
1719 1381 1812 1421 su-

220 1457 372 1547 perbe
404 1472 910 1544 interpretantibus,
928 1478 983 1525 et
1010 1477 1257 1537 tanquam
1280 1479 1400 1519 eum
1418 1457 1815 1517 consolantibus

221 1584 278 1623 ac
315 1565 646 1631 dicentibus,
682 1563 807 1633 quia
848 1571 902 1616 et
941 1560 1090 1615 locus
1128 1552 1480 1628 presbyterii,
1530 1550 1657 1606 licet
1702 1548 1816 1617 ipse

225 1658 415 1727 majore
440 1657 641 1726 dignus
665 1662 828 1719 esset,
860 1650 1312 1721 appmpinquaret
1334 1653 1509 1698 tamen
1536 1641 1815 1712 episcopa-

226 1752 321 1815 tui;
347 1765 476 1803 cum
501 1748 593 1802 ille
619 1746 779 1800 homo
809 1743 925 1808 Dci,
964 1751 1022 1797 nt
1047 1740 1201 1795 nobis
1227 1736 1428 1802 retulit,
1455 1732 1643 1802 majori
1685 1746 1817 1785 con-

222 1840 549 1895 sideratione
574 1835 897 1904 intelligeret
923 1840 975 1886 et
992 1836 1249 1899 gemeret,
1272 1840 1431 1896 quam
1452 1823 1617 1877 multa
1634 1828 1689 1875 et
1704 1832 1818 1873 ma-

223 1949 321 2004 gna
350 1948 473 1987 sua:
500 1931 622 1983 vita:
650 1926 885 1999 pericula
931 1924 998 1979 de
1049 1920 1308 1992 regimine
1351 1927 1405 1972 et
1440 1912 1823 1986 gubernatione

228 2025 486 2081 Ecclesia:
512 2020 816 2091 impendere
835 2018 946 2088 jam
975 2030 1039 2070 ac
1070 2012 1351 2085 provenire
1379 2014 1645 2079 spectaret
1669 2004 1711 2069 ³,
1739 2010 1820 2056 at-

228 2133 325 2187 que
354 2115 482 2169 ideo
503 2113 675 2168 ﬂeret.
729 2110 796 2164 Et
825 2123 1033 2175 eorum,
1072 2114 1129 2161 ut
1155 2104 1459 2167 voluerunt,
1501 2097 1824 2167 completum

228 2218 306 2262 est
332 2206 682 2261 desiderium.

230 2300 452 2357 CAPUT
482 2294 1008 2355 V.-—~ﬂonasterium
1037 2291 1273 2348 instituit.
1303 2287 1538 2343 Valerius
1558 2284 1828 2355 episcopus

302 2392 591 2464 Augustino
620 2388 908 2460 presbytero
934 2384 1022 2439 dat
1047 2391 1341 2455 potestatem
1366 2394 1537 2433 coram
1562 2394 1616 2432 se
1642 2374 1833 2447 prtedi-

302 2486 454 2540 eundi
479 2484 686 2537 verbum
714 2480 834 2535 Dei.

304 2576 504 2631 Factus
544 2588 678 2643 ergo
716 2571 999 2642 presbyter
1036 2566 1420 2622 monasterium
1460 2563 1611 2633 Eintra
1658 2560 1832 2617 cccle-

239 2670 370 2723 siam
408 2682 536 2721 mox
576 2663 836 2729 instituit;
875 2670 930 2717 et
968 2676 1091 2715 cum
1140 2658 1234 2714 Dei
1264 2656 1434 2712 servis
1465 2653 1649 2709 vivere
1674 2652 1836 2721 carpit

240 2758 531 2815 secundum
578 2754 796 2809 modum
821 2761 876 2808 et
909 2751 1147 2822 regulam
1195 2748 1295 2804 sub
1332 2747 1529 2801 sanctis
1561 2744 1833 2815 Apostolis

246 2849 585 2904 constitutam
614 2847 635 2877 ⁸
663 2845 806 2915 (Act.
828 2860 903 2909 ιν,
932 2842 1030 2913 5‘2)
1061 2859 1075 2896 :
1105 2840 1335 2895 maxime
1373 2844 1433 2892 ut
1476 2850 1636 2890 nemo
1679 2833 1835 2905 quid-

244 2957 405 3013 quam
448 2939 728 3011 proprium
771 2937 826 2991 in
873 2934 964 2989 illa
1012 2932 1269 2988 societate
1315 2928 1570 2990 haberet,
1616 2924 1710 2980 sed
1760 2924 1839 2978 eis

245 3043 432 3089 essent
455 3032 631 3086 omnia
654 3025 990 3092 communia,
1027 3031 1082 3079 et
1115 3021 1526 3078 distribueretur
1554 3016 1840 3085 unicuique

245 3127 385 3181 sicut
408 3140 542 3195 opus
569 3130 723 3189 erat;
755 3119 896 3192 quod
921 3118 1030 3189 jam
1066 3117 1180 3187 ipse
1213 3113 1358 3184 prior
1396 3111 1596 3167 fecerat
1622 3110 1642 3140 ⁸
1667 3150 1681 3173 ,
1712 3107 1840 3162 dum

244 3217 313 3273 de
339 3213 711 3271 transmarinis
746 3210 811 3266 ad
850 3224 945 3266 sua
981 3213 1293 3264 remeasset.
1321 3202 1549 3258 Sanctus
1575 3214 1703 3255 vero
1731 3198 1841 3254 Va-

246 3308 409 3365 lerius
435 3307 718 3362 ordinator
743 3303 878 3372 ejus,
901 3307 957 3355 ut
975 3305 1089 3354 erat
1109 3296 1190 3350 vir
1215 3296 1332 3366 pius
1356 3301 1410 3348 et
1432 3292 1596 3346 Deum
1624 3290 1840 3355 timens,

252 3398 588 3461 exsultabat,
624 3404 680 3450 et
716 3394 827 3449 Deo
851 3390 1046 3463 gratias
1076 3386 1298 3457 agebat,
1330 3397 1453 3438 suas
1496 3380 1772 3437 exauditus
1813 3392 1844 3431 a

252 3490 481 3544 Domino
510 3487 675 3541 fuisse
701 3497 910 3556 preces,
939 3493 1071 3551 quas
1100 3492 1159 3532 se
1188 3470 1618 3545 frequentissime
1646 3468 1846 3524 fudisse

254 3582 534 3645 narrabat,
567 3587 630 3631 ut
663 3575 764 3631 sibi
804 3572 1059 3628 divinitus
1087 3569 1251 3623 homo
1280 3561 1664 3621 concederetur
1689 3559 1842 3623 talis,

253 3673 345 3743 qui
385 3680 569 3741 posset
602 3668 766 3723 verbo
799 3665 893 3721 Dei
922 3672 979 3720 et
1024 3659 1266 3718 doctrina
1306 3655 1507 3712 salubri
1554 3652 1845 3741 Ecclesium

254 3762 470 3818 Domini
509 3759 777 3815 mdiﬁcare
808 3775 821 3811 :
850 3755 935 3811 cui
964 3754 1043 3809 rei
1071 3766 1132 3808 se
1171 3751 1334 3805 homo
1379 3754 1565 3802 natura
1592 3738 1809 3799 Grincus
1828 3782 1846 3809 ,

256 3853 544 3922 minusque
584 3850 747 3903 latina
788 3846 966 3916 lingua
1007 3852 1062 3898 et
1096 3839 1290 3896 litteris
1319 3838 1638 3899 instructus,
1672 3833 1850 3887 minus

258 3943 447 3995 utilem
496 3938 824 4009 pervidebat.
857 3936 927 3991 Et
966 3933 1137 3989 eidem
1181 3929 1494 4000 presbytero
1535 3933 1848 3995 potestatem

256 4031 413 4087 dedit
447 4045 626 4086 coram
658 4044 716 4083 se
755 4028 810 4094 in
853 4024 1078 4081 ecclesia
1106 4019 1458 4090 Evangelium
1491 4013 1849 4086 prmdicaudi,

258 4138 331 4177 ac
360 4119 783 4190 frequentissime
812 4113 1107 4178 tractandi;
1141 4118 1328 4166 contra
1363 4123 1516 4163 usum
1546 4105 1761 4176 quidem
1799 4110 1854 4159 ct

259 4212 706 4271 consuetudinem
727 4209 1095 4265 Africanarum
1117 4202 1475 4259 Ecclesiarum
1499 4219 1510 4254 :
1532 4198 1673 4254 unde
1692 4196 1851 4251 etiam

263 4308 312 4362 ei
338 4304 580 4360 nonnulli
610 4300 843 4372 cpiscOpi
869 4297 1237 4354 detrahebant.
1270 4291 1377 4349 Sed
1406 4291 1498 4346 ille
1525 4291 1606 4345 vir
1634 4301 1856 4343 venera-

262 4396 391 4450 bilis
414 4409 479 4449 ac
506 4391 761 4464 providus
790 4391 843 4444 in
869 4386 1226 4443 Orientalibus
1251 4381 1503 4438 Ecclesiis
1529 4379 1579 4433 id
1607 4394 1670 4433 ex
1704 4392 1855 4432 more

264 4486 382 4542 fieri
425 4487 606 4540 sciens
641 4491 696 4537 et
737 4489 915 4536 certus
941 4479 998 4545 ⁶,
1029 4485 1083 4532 et
1118 4474 1329 4530 utilitati
1374 4470 1626 4526 Ecclesiae
1665 4483 1858 4524 consu-

266 4579 414 4642 lens,
446 4573 858 4630 obtrectantium
896 4585 1001 4625 non
1043 4566 1264 4622 curabat
1290 4565 1528 4634 linguas,
1570 4559 1857 4615 dummodo

264 4668 602 4723 factitaretur
638 4680 668 4718 a
714 4662 1026 4734 presbytero
1056 4702 1072 4728 ,
1115 4656 1259 4729 quod
1301 4671 1332 4710 a
1369 4671 1429 4710 se
1465 4654 1715 4723 episc0po
1756 4653 1857 4705 im-

266 4762 402 4830 pleri
429 4759 652 4814 minime
679 4771 833 4827 posse
858 4755 1129 4810 cernebat.
1158 4749 1310 4807 Unde
1334 4762 1556 4804 accensa
1583 4756 1638 4802 et
1666 4746 1861 4801 ardens

264 4855 476 4909 elevata
505 4868 666 4923 super
694 4849 1072 4905 candelabrum
1112 4844 1358 4907 lucerna,
1390 4840 1636 4896 omnibus
1675 4840 1763 4909 qui
1805 4840 1858 4893 in

262 4947 432 5001 domo
461 4952 618 4999 erant
656 4940 869 4996 lucebat
899 4936 1105 5011 (Matth.
1150 4950 1217 5001 v,
1242 4932 1361 5005 15).
1403 4931 1471 4986 Et
1513 4938 1693 5001 postea
1737 4945 1861 4984 cur-

263 5049 424 5093 rente
462 5044 519 5090 et
546 5034 760 5088 volante
788 5027 1088 5099 hujusmodi
1128 5025 1304 5090 fama,
1349 5024 1489 5079 bono
1528 5022 1863 5092 praecedente

262 5128 551 5198 exemplo,
593 5133 807 5192 accepta
840 5121 909 5175 ab
946 5117 1208 5189 episcopis
1235 5122 1531 5186 potestate,
1568 5112 1861 5184 presbyteri

334 5248 354 5276 ι
388 5243 511 5292 Edit.
536 5240 707 5303 Lugd,
729 5235 947 5303 civitatis.
973 5241 1061 5303 an.

336 5309 360 5336 ³
389 5287 781 5361 ξειῖἷόείὲζῖξὶὶᾱ.
801 5300 946 5348 vatic.
966 5295 1087 5345 1190
1111 5307 1124 5343 :
1152 5298 1206 5343 Et
1232 5297 1283 5343 ut
1312 5288 1364 5340 in
1386 5287 1558 5340 talibus
1581 5289 1855 5339 consuetum

264 5374 365 5416 est.
455 5374 512 5413 51.

337 5431 361 5459 ³
391 5426 507 5475 cdd.
533 5433 661 5483 Mss,
684 5424 916 5487 speraret.

264 5470 783 5603 *ἐωξθ-ἧὶιὰὲζξῖὃδ.
802 5484 949 5533 vatio.
968 5478 1086 5528 1188
1101 5493 1114 5528 :
1132 5483 1189 5529 Et
1210 5472 1429 5541 regulam
1442 5472 1502 5523 ab
1519 5470 1742 5536 apostolis
1757 5484 1864 5520 con-

408 5563 508 5598 am.
639 5584 652 5596 .

337 5594 605 5669 313mm,
620 5594 682 5660 ex
695 5609 786 5657 ‘Cd.
816 5606 961 5655 vatis.
990 5602 1144 5653 119οε
1172 5600 1303 5664 Quod
1316 5600 1427 5663 jam
1457 5598 1558 5663 ipse
1588 5594 1723 5662 prius
1745 5596 1870 5658 ﬁere—

268 5682 374 5767 "ut;
404 5683 679 5785 addidimus
702 5744 766 5782 ex
793 5737 922 5785 Mss.
944 5733 990 5777 ct
1012 5732 1182 5777 certus.

1909 753 2029 792 rum
2060 736 2358 807 pestilentia
2382 752 2541 806 quam
2570 737 2826 807 plurimos
2856 736 2936 792 vel
2971 738 3115 793 cives
3137 739 3222 793 vel
3252 739 3492 809 peregri-

1909 845 2009 885 nos
2046 839 2099 885 et
2128 829 2417 885 infecerat‘
2450 837 2504 885 et
2534 840 2921 900 penetraverat,
2950 832 3237 887 seducente
3265 840 3320 888 et
3347 833 3493 888 deci-

1912 922 2089 991 piente
2128 920 2367 990 ejusdem
2412 922 2631 976 haeresis
2668 923 2897 993 quodam
2946 925 3262 997 presbytero
3316 927 3493 982 nomi-

1914 1030 1982 1069 ne
2024 1013 2350 1079 Fortunato,
2392 1013 2590 1070 ibidem
2631 1024 2981 1070 convcrsante
3025 1025 3183 1087 atque
3224 1028 3494 1073 manente.

1916 1109 2121 1163 Interea
2166 1108 2535 1177 Hipponenses
2583 1108 2727 1163 cives
2774 1117 2827 1163 et
2854 1111 2873 1140 ¹
2904 1110 3161 1179 peregrini
3209 1107 3495 1165 Christiani

1916 1208 2024 1255 tam
2067 1199 2313 1255 catholici
2349 1214 2507 1269 quam
2537 1200 2697 1255 etiam
2740 1200 3026 1255 Donatistm
3054 1200 3250 1257 adeunt
3276 1200 3501 1273 presby-

1916 1301 2089 1349 terum
2121 1292 2163 1360 ⁸,
2191 1308 2255 1347 ac
2279 1292 2592 1362 deposcunt,
2625 1300 2681 1347 ut
2707 1291 2854 1346 illum
2884 1293 3149 1347 hominem
3181 1290 3500 1348 Manichaeo-

1921 1401 2039 1438 rum
2067 1384 2473 1455 presbyterum,
2504 1399 2659 1454 quem
2682 1384 2894 1438 doctum
2916 1385 3239 1449 credebant,
3272 1385 3499 1446 videret,

1922 1484 1977 1529 et
2029 1490 2150 1529 cum
2195 1474 2381 1529 eodem
2424 1474 2492 1529 de
2542 1474 2683 1544 Lege
2725 1482 2992 1529 tractaret.
3040 1474 3191 1541 Quod
3237 1458 3505 1541 idem,gut

1923 1567 2178 1637 scriptum
2204 1576 2303 1632 est,
2334 1575 2549 1637 paratus
2572 1565 2637 1619 ad
2666 1565 3065 1635 responsionem
3091 1565 3235 1619 omni
3262 1555 3545 1635 poscenti‘

1923 1673 1982 1713 se
2004 1659 2262 1712 rationem
2291 1658 2357 1711 de
2398 1656 2502 1711 ﬁde
2527 1665 2582 1711 et
2625 1671 2719 1726 spe
2745 1673 2863 1725 quae
2892 1658 2943 1709 in
2973 1657 3135 1709 [leum
3162 1664 3246 1710 est
3286 1655 3327 1724 (1
3354 1654 3499 1707 Petr.

1924 1767 2003 1817 Ill,
2022 1751 2138 1824 15),
2168 1760 2463 1821 potensque
2488 1747 2757 1805 exhortari
2783 1749 2835 1804 in
2863 1748 3101 1803 doctrina
3130 1763 3278 1813 sana,
3309 1756 3363 1802 et
3380 1761 3509 1802 con-

1927 1845 2248 1900 tradicentes
2294 1844 2613 1914 redarguere
2663 1843 2799 1915 (Tit.
2834 1860 2885 1911 ι,
2912 1840 3006 1915 9),
3051 1843 3269 1897 minime
3311 1840 3507 1896 renuit.

1927 1935 2032 1990 Sed
2058 1942 2233 1991 utrum
2264 1936 2423 1990 etiam
2465 1935 2553 1990 ille
2578 1934 2679 1989 hoc
2710 1935 2823 1987 ﬁeri
2853 1934 3044 1995 vellet,
3083 1932 3380 1987 sciscitatus
3405 1940 3509 1985 est.

1931 2029 1999 2081 At
2020 2027 2093 2082 illi
2118 2027 2398 2082 confestim
2427 2028 2494 2081 ad
2521 2030 2691 2096 ipsum
2716 2025 3067 2080 Fortunatum
3104 2023 3155 2079 id
3187 2023 3510 2086 detulerunt,

1933 2128 2175 2191 petentes
2198 2128 2253 2176 et
2279 2119 2624 2175 exhortantes
2650 2134 2713 2173 ac
2741 2118 3040 2189 flagitantes
3057 2158 3074 2185 ,
3102 2116 3242 2186 quod
3272 2115 3325 2169 id
3357 2114 3515 2169 mini-

1933 2227 2020 2266 me
2062 2219 2355 2266 recusaret.
2403 2209 2545 2265 Sane
2585 2210 2833 2279 quoniam
2878 2208 3017 2263 idem
3060 2207 3384 2262 Fortunatus
3404 2205 3516 2275 jam

1934 2303 2072 2375 apud
2087 2304 2459 2375 Carthaginem
2481 2312 2720 2357 sanctum
2740 2308 2959 2355 noverat
2979 2300 3327 2368 Augustinum
3344 2297 3521 2351 adlmc

1937 2398 1991 2452 in
2032 2397 2222 2452 eodem
2269 2411 2448 2451 secum
2502 2408 2685 2448 errore
2730 2391 3118 2454 constitutum;
3164 2404 3285 2443 cum
3324 2386 3517 2443 eodem

1936 2488 2190 2559 congredi
2245 2486 2530 2557 pavitabat.
2586 2484 2966 2540 Verumtamen
3022 2496 3241 2538 suorum
3288 2479 3520 2534 maxime

1938 2579 2187 2633 instantia
2213 2585 2431 2633 coactus
2458 2590 2523 2630 ac
2558 2574 2975 2640 verecundatus,
3001 2570 3245 2643 promisit
3274 2569 3329 2626 in
3354 2567 3524 2625 comi-

1941 2686 2042 2727 nus
2080 2687 2137 2726 se
2162 2685 2283 2725 esse
2309 2679 2589 2723 venturum
2610 2708 2626 2733 ,
2657 2674 3034 2734 certamenque
3059 2659 3361 2732 disputandi
3398 2656 3528 2714 sub—

1945 2763 2161 2816 iturum.
2202 2760 2356 2816 Unde
2396 2759 2644 2814 condicto
2691 2758 2779 2812 die
2825 2764 2880 2811 et
2921 2755 3040 2809 loco
3069 2759 3435 2807 convenerunt
3473 2751 3528 2803 in

1946 2869 2109 2908 unum
2129 2895 2144 2920 ,
2176 2851 2619 2907 concurrentibus
2646 2865 2807 2921 quam
2846 2847 3089 2916 plurimis
3131 2843 3384 2901 studiosis
3406 2851 3529 2897 tur-

1946 2947 2131 3015 bisque
2155 2945 2400 3011 curiosis,
2427 2952 2481 2998 et
2501 2943 2699 3013 apertis
2725 2941 3052 2995 notariorum
3076 2920 3531 3007 tabulis‘,dispu-

1947 3038 2074 3092 tatio
2106 3044 2280 3105 empta
2310 3037 2481 3104 primo
2500 3076 2514 3099 ,
2546 3044 2601 3089 et
2638 3031 2875 3089 secundo
2906 3031 3050 3085 finita
3077 3038 3161 3086 est
3188 3028 3295 3084 die.
3338 3026 3397 3081 In
3422 3040 3533 3099 qua

1948 3130 2036 3184 ille
2058 3128 2377 3183 Manichacus
2398 3135 2718 3197 praeceptor,
2744 3133 2802 3179 ut
2823 3131 3093 3194 gestorum
3114 3120 3351 3176 continet
3373 3117 3533 3185 fides,

1949 3238 2045 3276 nec
2074 3220 2389 3276 catholicam
2416 3219 2764 3272 assertionem
2796 3214 2968 3286 potuit
2996 3227 3225 3268 vacuare
3248 3253 3263 3276 ,
3296 3225 3397 3266 nec
3425 3209 3536 3269 Ma-

1952 3312 2279 3368 nichaeorum
2323 3319 2523 3365 sectam
2550 3309 2773 3362 veritate
2800 3305 3080 3360 subnixam
3105 3303 3267 3359 valuit
3290 3315 3536 3371 compro-

1951 3407 2077 3461 bare
2107 3423 2120 3458 ε
2150 3404 2242 3458 sed
2270 3401 2616 3471 responsione
2646 3398 2897 3453 deﬁciens
2922 3397 2976 3463 ⁸,
3004 3396 3190 3450 ultimo
3217 3393 3536 3449 collaturum

1952 3516 2009 3556 se
2033 3515 2153 3554 cum
2184 3498 2293 3552 suis
2332 3494 2622 3566 majoribus
2645 3508 2708 3547 ea
2732 3533 2748 3560 ,
2772 3506 2891 3562 quce
2932 3487 3176 3544 refellere
3200 3501 3305 3541 non
3334 3486 3538 3556 potuit,

1956 3600 2266 3662 prosecutus
2291 3597 2411 3652 est;
2439 3595 2493 3642 et
2524 3586 2569 3641 si
2613 3585 2712 3639 sibi
2748 3582 2884 3638 forte
2914 3580 2982 3636 de
3026 3578 3109 3634 his
3152 3576 3284 3632 satis
3321 3575 3542 3631 minime

1955 3684 2248 3750 fecissent,
2306 3695 2421 3737 sua:
2474 3677 2667 3733 animm
2715 3674 3080 3731 consulturum
3112 3690 3127 3726 :
3156 3679 3316 3741 atque
3361 3669 3433 3723 ita
3472 3667 3546 3723 ab

1956 3778 2203 3833 omnibus
2226 3774 2364 3845 apud
2386 3787 2522 3845 quos
2544 3785 2768 3842 magnus
2788 3777 2842 3823 et
2860 3767 3050 3823 doctus
3075 3763 3370 3828 videbatur,
3411 3760 3544 3816 nihil

1961 3870 2185 3924 valuisse
2215 3869 2266 3921 in
2304 3881 2417 3923 suae
2459 3876 2618 3919 secue
2656 3861 2955 3917 assertione
2987 3857 3255 3929 judicatus
3295 3866 3397 3910 est.
3428 3855 3543 3921 Qua

1961 3963 2047 4017 ille
2075 3960 2387 4017 confusione
2415 3956 2663 4021 allectus,
2709 3962 2761 4009 et
2786 3931 3027 4021 sequenti
3056 3960 3295 4019 tempore
3328 3947 3395 4005 de
3419 3946 3546 4015 llip-

1962 4053 2179 4125 ponensi
2210 4051 2428 4106 civitate
2452 4048 2721 4118 profectus
2744 4085 2758 4109 ,
2794 4043 2861 4097 ad
2898 4057 3015 4097 eam
3058 4040 3285 4109 amplius
3318 4052 3423 4093 non
3461 4051 3544 4091 re-

1964 4145 2158 4201 meavit
2181 4161 2193 4196 :
2221 4157 2284 4196 ac
2303 4140 2381 4195 sic
2401 4154 2497 4210 per
2517 4146 2871 4191 memoratum
2897 4133 2988 4187 Dei
3014 4131 3284 4197 hominem
3306 4128 3545 4184 omnium

1964 4236 2211 4291 cordibus
2231 4274 2247 4295 ,
2284 4232 2367 4287 vel
2393 4230 2482 4301 qui
2508 4228 2759 4293 aderant,
2791 4226 2872 4280 vel
2901 4224 2990 4294 qui
3017 4223 3264 4279 absentes
3303 4220 3390 4274 illa
3428 4234 3547 4289 qua:

1962 4336 2109 4399 gesta
2141 4334 2265 4380 sunt
2292 4330 2673 4394 cognoverant,
2714 4333 2865 4372 error
2889 4317 2979 4370 ille
3002 4315 3243 4381 ablatus,
3286 4312 3548 4368 catholica

1962 4431 2043 4478 est
2081 4420 2319 4475 intimata
2347 4431 2411 4471 ac
2437 4421 2642 4469 retenta
2667 4411 2873 4467 sincera
2900 4409 3106 4480 religio.

1963 4531 2188 4589 CAPUT
2212 4530 2322 4585 VII.
2349 4560 2420 4569 -—
2439 4527 2580 4582 Libri
2602 4536 2648 4580 et
2675 4534 2913 4580 tractatus
2940 4523 3207 4594 Augustini
3230 4529 3403 4576 contra
3430 4520 3549 4588 ﬁdei

2019 4627 2184 4679 hostes
2210 4622 2272 4676 ab
2297 4621 2419 4692 ipsis
2440 4621 2593 4674 etiam
2614 4618 2859 4672 litereticis
2883 4616 3072 4687 ingenti
3092 4613 3273 4667 ardore
3298 4612 3507 4681 excepti.

2054 4729 2123 4785 Et
2169 4727 2395 4783 docebat
2440 4740 2502 4779 ac
2546 4721 2864 4794 prmdicabat
2927 4721 3014 4775 ille
3055 4717 3298 4787 privatim
3350 4724 3406 4769 et
3457 4729 3549 4782 ρυ-

1968 4898 1989 4947 ί
2025 4835 2049 4947 ‘3
2073 4834 2154 4882 Sic
2177 4830 2289 4941 2:155.
2317 4830 2445 4880 Esti
2471 4842 2614 4880 vero:
2639 4831 2791 4890 Quum
2812 4830 3044 4891 pturnuos
3067 4828 3193 4879 cives
3212 4832 3255 4874 et
3278 4820 3560 4886 peregrinos

1991 4912 2017 4945 η
2041 4906 2179 4944 ect-ru
2204 4929 2215 4940 .

1991 4894 2260 5005 Nrchta’l‘ilr‘ras
2282 4967 2344 5002 ex
2371 4953 2486 5003 Cdd.
2514 4953 2696 5014 Vatic.,
2724 4949 2815 5000 ιρι.
2836 4950 3281 5014 Adeptavittamen
3305 4959 3474 5014 vocem
3493 4953 3559 5008 rt,

1967 5019 2106 5076 cuius
2130 5019 2202 5067 rei
2227 5017 2309 5064 dat
2331 5019 2568 5066 rationem
2590 5010 2882 5071 sequentem
2906 5028 2918 5060 :
2943 5010 2969 5059 ὶ
2989 5011 3118 5061 Nihil
3150 5013 3197 5059 in
3222 5017 3367 5076 textu
3388 5010 3561 5076 inmm-

1968 5072 2192 5132 tavimus.
2221 5078 2550 5127 Parisiensem
2575 5079 2735 5125 secuti
2762 5078 3047 5128 editionem.
3087 5073 3305 5135 quamvis
3341 5084 3437 5120 non
3457 5072 3563 5135 ab-

1967 5140 2251 5250 ﬁgi-3:91:53
2292 5144 2461 5250 ξοδδῦῦ
2502 5147 2555 5189 ut
2577 5139 2738 5187 biduo
2777 5139 2973 5186 codices
3015 5132 3198 5196 ferunt,
3234 5133 3430 5183 favente
3457 5132 3563 5182 loco

2265 5240 2459 5314 idem}?
2471 5240 2513 5311 Ἀ
2524 5262 2795 5327 ugustinum
2815 5260 3165 5323 presbyterum.
3180 5260 3331 5309 Abest
3343 5256 3564 5322 Angusti-

2036 5344 2050 5373 ι
2109 5358 2120 5372 ι

1968 5341 2079 5377 unm
2109 5341 2131 5372 τι
2156 5339 2267 5373 mss.

2033 5389 2055 5420 ⁸
2076 5388 2191 5437 Cdd.
2222 5388 2335 5436 Mss.
2362 5401 2374 5434 :
2401 5390 2461 5436 Et
2485 5383 2672 5447 apertis
2695 5385 2869 5435 natarii
2888 5382 3076 5447 tabulis.

2030 5452 2051 5483 ⁸
2078 5451 2268 5500 Salinas
2294 5466 2307 5503 ς
2330 5449 2429 5498 Sed
2455 5443 2763 5509 responsione
2806 5446 3037 5510 deﬁciens
3062 5444 3258 5510 ultima,
3277 5443 3563 5493 collaturum

1970 5525 2034 5569 se,
2066 5519 2161 5561 etc.
2186 5512 2322 5560 Hane
2344 5507 2545 5571 subjicit
2569 5507 2903 5559 notationem:
2928 5510 2999 5560 Ita
3025 5509 3195 5569 legunt
3218 5507 3565 5571 Mss._quatuvr

1971 5572 2109 5642 Cod”
2130 5574 2397 5642 etquidem
2422 5568 2581 5642 recte.
2625 5573 2749 5642 Aliae
2792 5585 2908 5621 vero
2939 5568 3342 5642 editionesised
3369 5577 3540 5626 respon

1970 5633 2103 5703 sione
2125 5631 2369 5703 deﬁciens,
2421 5634 2587 5686 ultimo
2630 5635 2914 5703 collaturum
2960 5645 3034 5695 se,
3072 5640 3166 5683 etc.
3197 5631 3358 5681 Codex
3404 5641 3561 5678 unus:

1979 5695 2155 5747 Ultimo
2181 5695 2464 5747 bellaturum
2491 5710 2557 5757 se,
2591 5706 2686 5746 etc.
2787 5698 2847 5746 M.
