3994 6352
549 285 625 347 39
1662 283 1817 340 VITA
1857 283 1915 342 s.
1956 282 2316 342 AUGUSTINI
2359 284 2657 344 EPlSCOPl
3745 303 3805 362 ιο

554 400 721 469 blioe,
757 401 809 455 in
838 400 997 455 domo
1036 408 1089 454 et
1133 400 1183 453 iu
1224 398 1478 461 ecclesia,
1514 390 1703 454 Salutis
1739 400 1958 455 verbum
1999 414 2119 453 cum

551 490 698 546 omni
737 490 925 546 ﬁducia
962 490 1214 544 adversus
1244 489 1514 545 Africanas
1555 489 1819 553 hmrescs,
1863 490 2123 545 maxime-

549 600 653 655 que
679 592 861 639 contra
900 583 1231 647 Donatistas,
1270 582 1586 637 Manichaeos
1610 591 1665 637 et
1708 581 1946 652 Paganos
1975 582 1991 614 ί
2012 623 2028 648 ,
2060 581 2122 636 li-

548 674 655 729 bris
682 672 968 737 confectis,
1011 680 1065 727 et
1104 671 1393 741 repentinis
1421 675 1442 704 ²
1473 671 1841 734 sermonibus,
1884 670 2122 727 ineﬁ'abi-

545 762 666 816 liter
711 761 1096 816 admirantibus
1122 760 1434 816 Christianis
1478 760 1939 815 etcollaetantibus
1965 760 2016 822 ³,
2065 770 2122 816 et

546 852 650 907 hoc
694 852 865 921 ipsum
905 852 992 905 ubi
1031 860 1276 922 poterant
1320 868 1427 906 non
1470 851 1796 917 tacentibus,
1832 852 1927 907 sed
1967 852 2119 907 diffa-

546 942 833 995 mantibus.
880 941 1105 1011 Sicque,
1157 941 1437 1011 adjuvante
1484 941 1709 996 Domino
1738 941 1796 1006 λ,
1843 942 2020 997 levare
2065 944 2115 996 in

542 1031 719 1087 Africa
767 1030 1007 1086 Ecclesia
1045 1031 1301 1086 catholica
1346 1045 1534 1084 exorsa
1584 1039 1666 1085 est
1712 1032 1952 1099 caput',
1998 1047 2115 1103 qua:

537 1121 709 1176 multo
732 1130 966 1191 tempore
986 1122 1094 1177 illic
1118 1122 1138 1151 ⁸
1163 1120 1655 1176 eonvalesccntibus
1676 1120 1957 1187 hatreticis,
1983 1138 2117 1191 pra:-

537 1212 795 1280 cipucque
824 1210 1185 1281 rebaptizante
1224 1210 1409 1263 Donati
1455 1218 1603 1280 parte
1642 1211 1897 1278 majorem
1938 1211 2116 1265 multi-

535 1301 773 1358 tudinem
809 1302 1087 1367 Afrorum,
1130 1300 1343 1355 seducta
1378 1307 1433 1353 et
1466 1315 1716 1370 oppressa
1743 1300 1951 1370 iacebat
1978 1302 2019 1352 ⁷.
2051 1302 2115 1355 Et

535 1392 636 1447 hos
662 1392 779 1462 ejus
802 1392 967 1447 libros
996 1391 1107 1445 sive
1141 1398 1393 1443 traccitus
1430 1376 1653 1443 mirabili
1685 1390 1775 1443 Dei
1802 1391 1965 1459 gratia
1994 1405 2114 1459 pro-

534 1482 787 1538 cedentes
828 1496 891 1535 ac
932 1479 1273 1549 proﬂuentes,
1323 1479 1607 1534 instructos
1653 1478 1873 1534 rationis
1916 1481 2065 1549 capia
2090 1522 2105 1547 ,

532 1580 692 1642 atque
719 1571 1031 1625 auctoritate
1061 1579 1363 1623 sanctarum
1392 1569 1781 1639 Scripturarum
1802 1609 1818 1635 ,
1852 1571 1951 1640 ipsi
1979 1586 2111 1641 quo-

530 1678 635 1731 que
677 1662 911 1716 itmrclici
964 1668 1345 1715 concurrentes
1391 1676 1513 1715 cum
1566 1660 1853 1715 Catholicis
1912 1662 2107 1731 ingenti

529 1752 721 1808 ardore
748 1752 1033 1806 audiebant
1064 1774 1077 1803 :
1111 1760 1165 1805 et
1194 1752 1461 1821 quisquis,
1491 1760 1547 1804 ut
1585 1751 1778 1815 voluit,
1810 1760 1864 1806 et
1905 1751 2105 1822 potuit,

528 1844 764 1898 notarios
788 1844 1046 1898 adhibens
1064 1885 1079 1911 ,
1106 1844 1266 1898 etiam
1304 1859 1364 1897 ea
1394 1859 1510 1912 quae
1537 1843 1849 1898 dicebantur
1883 1854 2105 1915 excepta

526 1935 824 2005 descripsit.
850 1937 917 1990 Et
942 1936 1062 1989 inde
1083 1936 1191 2006 jam
1220 1951 1316 2005 per
1336 1944 1500 1989 totum
1531 1934 1723 1989 Africa:
1752 1952 1946 2005 corpus
1975 1952 2108 2005 pne-

525 2028 667 2083 clara
714 2028 952 2082 doctrina
996 2027 1234 2097 odorque
1275 2028 1620 2083 suavissimus
1662 2027 1856 2082 Christi
1885 2028 2107 2082 diﬁ‘usus

524 2126 580 2172 et
609 2118 974 2171 manifeSIatus
1008 2126 1122 2183 est,
1167 2117 1527 2187 congaudente
1561 2132 1803 2186 quoque,
1850 2132 1915 2171 eo
1956 2133 2106 2172 com-

526 2217 708 2275 perto,
737 2206 973 2260 Ecclesia
1000 2206 1092 2261 Dei
1136 2207 1504 2261 transmarina.
1533 2206 1792 2272 Quoniam
1819 2207 1957 2262 sicut
1982 2208 2105 2262 dum

527 2297 723 2364 patitur
761 2313 920 2349 unum
944 2297 1272 2363 membrum,
1299 2298 1691 2366 compatiuntur
1728 2300 1902 2352 omnia
1940 2316 2107 2354 mem-

527 2387 650 2453 bra;
699 2387 769 2440 ita
814 2388 972 2441 etiam
1019 2403 1138 2441 cum
1186 2388 1510 2457 gloriﬁcatur
1556 2406 1717 2443 unum
1771 2391 2101 2459 membrum,

523 2478 855 2547 congaudent
882 2480 1056 2533 omnia
1083 2480 1317 2533 membra
1349 2482 1371 2512 "
1403 2480 1420 2550 (
1445 2482 1460 2534 l
1482 2480 1598 2535 Cor.
1625 2498 1721 2547 xit,
1752 2483 1867 2553 26).

523 2567 748 2623 CAPUT
784 2568 989 2623 Vlli.—
1018 2570 1320 2641 Designatur
1344 2573 1624 2642 episcopus,
1654 2575 1762 2628 viro
1794 2573 2024 2643 Valerio,
2058 2588 2105 2632 et

904 2661 935 2712 ὰ
959 2658 1180 2730 Megalia
1207 2662 1418 2731 primale
1441 2663 1722 2719 ordinatur.

595 2747 689 2803 Ille
720 2763 848 2803 vero
885 2748 1071 2804 beatus
1109 2766 1273 2806 senex
1315 2752 1557 2809 Valerius
1597 2757 1804 2812 cancris
1869 2774 1933 2815 ex
2003 2760 2104 2817 hoc

522 2838 747 2907 amplius
772 2840 1073 2905 exsultans,
1102 2850 1155 2895 et
1199 2842 1308 2896 Deo
1339 2846 1537 2912 gratias
1563 2860 1724 2916 agens
1757 2848 1825 2903 de
1848 2864 2102 2906 concesso

522 2929 623 2985 sibi
668 2931 882 3000 speciali
926 2932 1217 2997 beneﬁcio,
1266 2942 1503 2990 metuere
1531 2942 1729 3006 empit,
1767 2949 1823 2993 ut
1872 2948 1956 2994 est
2002 2940 2102 2996 hu-

524 3036 712 3079 manus
758 3024 996 3090 animus,
1044 3039 1111 3079 ne
1152 3024 1221 3080 ab
1256 3026 1355 3079 alia
1393 3027 1629 3083 Ecclesia
1679 3032 1954 3087 sacerdote
1995 3034 2101 3102 pri-

522 3119 675 3181 vata,
706 3113 772 3168 ad
814 3115 1175 3184 episcopatum
1222 3128 1581 3185 quaereretur,
1625 3127 1679 3174 et
1723 3120 1823 3175 sibi
1866 3120 2101 3177 auferre-

521 3211 608 3258 tur
640 3218 802 3259 :nam
844 3215 897 3259 et
936 3204 987 3258 id
1016 3206 1378 3274 provenisset,
1425 3208 1525 3262 nisi
1563 3217 1617 3263 et
1656 3208 1759 3264 hoc
1801 3210 1940 3265 idem
1981 3212 2096 3281 epi-

520 3309 715 3365 scopus
741 3296 951 3365 cognito
974 3337 988 3359 ,
1021 3295 1087 3350 ad
1112 3297 1289 3352 locum
1320 3309 1582 3354 secretum
1610 3315 1732 3355 eum
1762 3302 1989 3358 transire
2014 3319 2097 3358 cu-

519 3391 776 3455 rasset’,
823 3396 982 3457 atque
1030 3390 1344 3444 occultatum
1398 3406 1429 3445 a
1476 3394 1835 3462 quaarentibus
1880 3395 2097 3451 minime

518 3475 743 3532 inveniri
776 3477 1002 3532 fecisset.
1039 3477 1186 3533 Unde
1208 3481 1433 3548 amplius
1458 3481 1745 3537 formidans
1770 3483 1907 3538 idem
1932 3500 2094 3540 vene-

518 3569 700 3623 rabilis
727 3583 886 3623 senex
908 3610 922 3635 ,
966 3576 1020 3623 et
1052 3569 1225 3623 sciens
1254 3585 1312 3624 se
1338 3586 1561 3640 corpore
1587 3582 1641 3627 et
1665 3583 1820 3629 actate
1844 3575 2094 3630 inﬁrmis-

517 3660 707 3715 simum
727 3702 742 3725 ,
773 3660 880 3728 egit
907 3658 1124 3713 secretis
1143 3660 1334 3715 litteris
1359 3662 1494 3730 apud
1522 3664 1797 3732 primatem
1822 3666 2095 3735 episcopo-

516 3764 634 3803 rum
645 3747 1417 3819 Carthaginensem“,allegans
1431 3751 1839 3808 imbecillitatem
1855 3756 2093 3825 corporis

516 3839 598 3891 sui
625 3838 898 3907 mtatisque
924 3839 1234 3907 gravitatem
1257 3881 1271 3905 ,
1301 3849 1353 3893 et
1378 3840 1665 3895 obsecrans
1687 3851 1743 3896 ut
1768 3842 2093 3913 Hipponiensi

518 3926 772 3984 Ecclesia:
812 3927 1145 3983 ordinaretur
1181 3930 1492 3999 episcopus,
1534 3946 1640 4001 quo
1678 3946 1786 3985 suae
1828 3933 2093 3987 cathedrae

518 4032 625 4072 non
653 4026 759 4073 tam
781 4017 1122 4085 succederet,
1164 4019 1261 4074 sed
1301 4021 1652 4076 consacerdos
1679 4022 1953 4077 accederet
1980 4024 2090 4077 Au-

516 4108 780 4177 gustinus.
830 4109 896 4162 Et
936 4124 1053 4177 qua:
1095 4112 1295 4179 optavit
1336 4118 1389 4165 et
1432 4111 1633 4180 rogavit
1674 4122 1954 4182 satagens,
2004 4130 2090 4169 rc-

516 4198 717 4267 scripto
745 4199 1061 4269 impetravit.
1089 4202 1155 4256 Et
1189 4210 1369 4271 postea
1400 4203 1564 4270 petito
1602 4202 1667 4256 ad
1695 4203 2011 4258 visitandum
2038 4216 2090 4260 et

514 4288 826 4345 adveniente
856 4293 895 4323 “
942 4292 1008 4347 ad
1052 4293 1340 4348 Ecclesiam
1376 4293 1765 4362 llipponensem
1800 4302 1923 4350 tunc
1978 4297 2088 4367 pri-

542 4400 594 4471 ."
629 4400 766 4471 Editi,
791 4406 836 4451 et
861 4402 1165 4471 Pelagianos;
1189 4403 1534 4471 reluctantibus
1554 4408 1900 4471 manuscriplis,
1918 4415 1970 4457 et
1983 4422 2088 4458 me-

513 4462 841 4583 ;tpaggigiem;
866 4462 1125 4527 Augustino
1147 4462 1276 4515 enim
1301 4468 1584 4530 presbytero
1606 4462 1814 4517 nondum
1836 4462 1928 4518 orti
1952 4478 2090 4521 erant

517 4560 532 4567 ’
552 4560 773 4644 vin-Edim
798 4590 851 4656 _et
885 4586 1110 4650 repetitis.
1137 4596 1193 4638 At
1220 4597 1325 4637 Mss.
1353 4601 1366 4638 :
1394 4593 1447 4638 Et
1485 4587 1774 4652 repentinis;
1804 4590 1851 4638 id
1884 4598 2089 4652 est,ex-

514 4648 853 4691 temporaneis.

536 4655 1245 4766 eTmsgf'caMuamuibus.

537 4764 823 4876 erectgdices
858 4776 983 4829 Mss.,
1025 4769 1396 4833 diffanutntibus.
1440 4777 1588 4835 Atque
1629 4771 1720 4822 Dei
1759 4772 1908 4837 dono,
1959 4772 2087 4824 leva-

511 4838 597 4920 re,’
608 4838 825 4961 Θειὲῖίιξτιςε
844 4903 905 4939 ex
930 4892 1181 4961 md-nes.
1197 4893 1283 4961 5.“
1306 4907 1318 4942 ε
1338 4893 1649 4961 είίσπιε,άοηο
1676 4894 1763 4946 Dei
1784 4910 1883 4959 1"“c
1898 4896 1948 4947 ίη
1964 4897 2087 4959 λίνί·

509 4950 974 5041 εαςαριέςιξιιξὶδοὲαιςρέια
987 4950 1228 5041 εξελαῖηιά
1252 4968 1395 5018 quant
1417 4950 1563 5007 inulto
1582 4950 1809 5020 tempore,
1836 4966 1930 5009 etc.
1978 4950 2016 5008 si

626 5013 821 5073 Codices
848 5021 971 5073 smn,
994 5012 1107 5065 illis.

570 5073 592 5142 ζ
624 5070 816 5142 salinas,
1036 5080 1177 5126 \‘atic.
1207 5077 1325 5142 H88
1350 5092 1361 5125 :
1392 5084 1443 5127 l-il
1464 5092 1688 5142 oppressa
1708 5079 1908 5142 tacebat.
1952 5088 2022 5142 Μ.

614 5138 683 5207 'lnl
700 5134 843 5207 edit-is
864 5137 1049 5207 additur
1067 5149 1192 5207 ire!“
1215 5138 1341 5207 idem
1364 5132 1731 5207 tc_ntpiis_coram
1752 5141 1982 5207 episcopis
1996 5142 2085 5207 [ioc

509 5192 585 5241 illi
596 5192 886 5256 jubentibus,
926 5196 1008 5259 qui
1026 5197 1307 5307 flaminia
1331 5192 1471 5249 totius
1694 5192 1943 5252 conciliarit
1964 5203 2083 5267 uip-

509 5266 627 5311 poue
649 5255 864 5311 agebant.
893 5258 953 5307 de
976 5258 1028 5311 fu
1045 5273 1072 5309 e
1106 5266 1150 5310 et
1181 5261 1393 5311 sumbolo
1419 5276 1527 5311 pres
1560 5270 1662 5311 uter
1686 5262 1843 5311 adhuc
1868 5264 2083 5311 .mausti-

508 5255 872 5331 potie‘agebant,
893 5255 953 5331 de
975 5255 1072 5331 [uie
1106 5266 1150 5310 et
1181 5255 1662 5331 sumbolapresbyter
1686 5262 1843 5331 adhuc
1868 5255 2084 5325 .mgusii—

507 5329 595 5387 ζιμε
918 5316 1069 5369 verba
1094 5335 1155 5387 ex
1193 5316 1315 5370 libro
1344 5316 1495 5387 primo
1530 5316 2080 5387 Retractationum:cap.

510 5378 594 5449 l7,
625 5378 813 5451 temere
851 5382 942 5430 huc
978 5382 1229 5443 translata;
1268 5378 1377 5432 nam
1411 5386 1584 5433 absum
1622 5386 1815 5433 omnino
1849 5398 1878 5434 a
1912 5378 2081 5434 malit-

512 5455 613 5573 ἀξιῖ
622 5447 817 5573 έῇῖηες,
835 5516 895 5552 ex
917 5517 1012 5573 uno
1028 5505 1221 5573 codice:
1242 5512 1359 5573 ﬁunt
1372 5504 1690 5573 transmittere
1708 5511 1937 5555 curasset.
1958 5566 1968 5573 ι
1990 5514 2046 5555 Μ.

571 5564 612 5634 'fl
646 5569 745 5613 nuo
768 5567 1102 5628 inanuseripti:
1124 5566 1253 5629 apud
1277 5564 1526 5629 primatem
1545 5566 1816 5631 episcopatu
1836 5566 2082 5632 Carthagi-

504 5635 709 5671 uenam

528 5751 540 5754 Α
571 5686 610 5715 ιι
646 5686 716 5754 sic
753 5694 853 5754 Mss.
881 5686 996 5737 mliti
1031 5700 1187 5738 vero:
1221 5694 1467 5751 I‘oslquam
1502 5687 1767 5750 petitiom’m
1790 5689 1854 5740 ad
1887 5688 2077 5741 visitan-

507 5751 623 5793 dum
649 5748 832 5798 adveni.
846 5755 935 5798 nte.

2229 408 2370 456 male
2394 401 2653 456 Numidia:
2676 400 2899 472 Megalia
2925 400 3223 461 Calamensi
3247 405 3528 479 episcopo,
3557 421 3608 466 e'
3656 419 3804 471 tmte-

2225 491 2336 545 rius
2363 493 2584 547 antistes
2611 494 2875 563 episcOpis
2902 495 2990 563 qui
3021 496 3157 551 forte
3194 506 3321 552 tunc
3344 498 3582 567 aderant,
3613 513 3669 558 et
3694 506 3803 561 ele-

2223 581 2349 636 ricis
2373 582 2617 636 omnibus
2654 582 3074 652 Hipponensibus
3095 624 3112 651 ,
3137 594 3193 640 et
3234 588 3496 644 universa:
3531 591 3672 659 plebi
3716 595 3799 648 in-

2222 671 2495 742 epiuatam
2542 674 2744 728 cunctis
2782 688 2930 728 suam
2977 674 3209 729 insinuat
3257 687 3382 732 tunc
3430 680 3751 737 voluntatem
3787 704 3800 740 :

2222 761 2573 830 omnibusque
2596 761 2929 816 audientibus
2955 764 3369 832 gratulantibus,
3406 777 3566 837 atque
3606 769 3657 823 id
3689 772 3799 826 ﬁeri

2222 851 2508 921 perﬁcique
2533 853 2728 922 ingenti
2752 852 3014 908 desiderio
3038 853 3410 922 clamantibus,
3440 858 3797 928 episcopatum

2220 942 2488 1009 suscipere
2512 950 2693 995 contra
2714 957 2914 996 morem
2938 942 3188 997 Ecclesia:
3206 958 3304 997 suo
3319 945 3527 1001 vivente
3550 949 3799 1018 episcopo

2220 1029 2498 1100 presbyter
2540 1031 2886 1084 recusabat‘.
2935 1031 3174 1100 Dumque
3220 1032 3293 1086 illi
3338 1033 3451 1088 ﬁeri
3490 1037 3690 1103 solere,
3730 1040 3799 1093 ab

2218 1122 2463 1177 omnibus
2488 1122 2832 1189 suaderetur,
2864 1130 3021 1193 atque
3060 1123 3112 1177 id
3142 1127 3323 1193 ignaro
3354 1128 3715 1183 transmarinis
3743 1139 3797 1183 et

2217 1209 2480 1265 Africanis
2520 1210 2774 1265 Ecclesiae
2816 1212 3074 1281 exemplis
3103 1213 3452 1282 probaretur,
3493 1217 3795 1285 compulsus

2216 1307 2375 1369 atque
2415 1309 2631 1355 coactus
2670 1301 2978 1364 succubuit,
3022 1310 3076 1355 et
3120 1304 3451 1373 episcopatus
3490 1321 3670 1361 curam
3693 1309 3713 1338 ³
3739 1318 3795 1362 et

2216 1392 2434 1459 majoris
2459 1392 2559 1447 loci
2579 1391 2964 1446 ordinationem
2991 1396 3241 1463 suscepit.
3273 1396 3424 1464 Quod
3446 1396 3497 1451 in
3527 1412 3586 1452 se
3611 1408 3792 1467 postea

2215 1480 2330 1535 ﬁeri
2356 1497 2459 1535 non
2485 1481 2765 1548 debuisse,
2796 1491 2855 1536 ut
2878 1482 2996 1537 vivo
3020 1498 3117 1539 suo
3146 1486 3394 1555 episcopo
3422 1487 3787 1554 ordinaretur,

2214 1584 2268 1627 et
2292 1574 2459 1640 dixit,
2482 1582 2535 1628 et
2554 1575 2765 1643 scripsit
2786 1574 2977 1645 (Epist.
3006 1575 3112 1630 2l5
3131 1619 3146 1643 ,
3180 1595 3233 1631 η.
3265 1580 3343 1649 4),
3372 1590 3586 1650 propter
3612 1584 3792 1637 conci-

2214 1664 2268 1718 lii
2300 1664 2611 1718 universalis
2658 1666 2869 1719 vetitum
2902 1664 2974 1737 (a)
2996 1706 3013 1732 ,
3044 1667 3180 1737 quod
3207 1667 3317 1736 jam
3354 1670 3622 1726 ordinatus
3645 1672 3791 1726 didi-

2212 1756 2285 1810 cit
2317 1773 2330 1808 :
2362 1771 2461 1810 nec
2481 1756 2621 1825 quod
2641 1756 2742 1810 sibi
2773 1756 2965 1811 factum
2983 1772 3099 1812 esse
3119 1758 3304 1824 doluit,
3322 1761 3441 1815 aliis
3467 1762 3578 1817 ﬁeri
3600 1765 3789 1818 voluit.

2213 1846 2367 1901 Unde
2404 1847 2564 1900 etiam
2603 1848 2787 1917 sategit
2840 1846 2947 1920 (ὁ),
2990 1858 3047 1901 ut
3102 1850 3340 1905 conciliis
3384 1853 3795 1908 constitueretur

2211 1937 2578 2006 episc0porum
2600 1980 2615 2004 ,
2645 1939 2714 1994 ab
2733 1940 3121 1995 ordinaturibus
3158 1942 3340 1998 deberi
3376 1944 3680 1999 ordiuandis
3706 1948 3791 1999 vel

2212 2024 2467 2079 ordinatis
2509 2028 2747 2081 omnium
2809 2037 3001 2083 statuta
3052 2030 3385 2086 sacerdotum
3436 2032 3489 2086 in
3546 2034 3791 2090 notitiam

2211 2130 2331 2171 esse
2372 2115 2676 2171 deferenda.

2427 2249 2652 2306 CAPUT
2684 2250 2772 2307 IX.
2796 2282 2867 2293 —
2892 2252 3094 2324 Pugnat
3122 2271 3236 2309 cum
3263 2254 3563 2313 Donatistis.

2281 2384 2451 2452 Atque
2493 2382 2562 2436 ita
2605 2382 2798 2438 factum
2837 2392 2949 2449 est,
2982 2394 3041 2439 ut
3075 2386 3355 2457 episc0pus
3384 2378 3549 2443 multo
3588 2390 3799 2445 instan-

2212 2473 2315 2526 tius
2362 2490 2424 2528 ac
2471 2476 2779 2542 ferventius,
2807 2477 3005 2546 majore
3056 2480 3403 2545 auctoritate,
3455 2496 3560 2535 non
3601 2482 3789 2538 adhuc

2209 2564 2261 2617 in
2294 2582 2394 2619 una
2435 2576 2635 2622 tantum
2666 2568 2880 2637 regione
2903 2609 2921 2637 ,
2956 2570 3050 2623 sed
3082 2570 3394 2640 ubicumque
3436 2584 3651 2641 rogatus
3695 2591 3796 2629 ve-

2208 2656 2405 2722 nisset,
2452 2657 2671 2712 verbum
2712 2658 2894 2713 salutis
2933 2668 3147 2715 interna:
3173 2661 3415 2715 alacriter
3449 2677 3511 2716 ac
3548 2665 3798 2732 gnaviter

2208 2747 2500 2815 pnllulante
2521 2747 2542 2779 ⁸
2567 2757 2723 2818 atque
2761 2759 3034 2804 crescente
3067 2750 3276 2804 Domini
3313 2750 3549 2805 Ecclesia
3591 2754 3795 2822 praedi-

2204 2846 2383 2901 caret,
2424 2848 2639 2907 paratus
2668 2852 2881 2908 semper
2909 2840 3247 2908 poscentibus
3274 2841 3497 2896 reddere
3524 2844 3793 2898 rationem

2204 2925 2272 2982 de
2299 2926 2399 2982 ﬁde
2429 2936 2482 2982 et
2507 2943 2601 2997 Spe
2624 2969 2639 2993 ,
2667 2945 2783 2999 qua:
2807 2930 2859 2984 in
2887 2931 3050 2984 Deum
3079 2938 3181 2985 est.
3215 2931 3279 2984 Et
3308 2931 3423 3000 ejus
3449 2932 3587 2987 dicta
3618 2942 3791 3003 atque

2202 3028 2453 3089 excepta,
2490 3021 2717 3075 maxime
2763 3022 3047 3076 Donatista:
3090 3022 3141 3075 in
3182 3022 3367 3077 eadem
3407 3023 3744 3093 Hipponensi
3773 3026 3795 3056 ⁸

2204 3110 2287 3164 vel
2315 3110 2483 3164 vicina
2514 3120 2791 3166 manentes
2827 3112 3067 3179 civitate,
3094 3112 3158 3167 ad
3186 3128 3311 3168 suos
3335 3114 3611 3183 episcopos
3636 3115 3798 3170 defe-

2201 3201 2406 3256 rebant.
2431 3202 2560 3269 Quae
2599 3216 2720 3257 cum
2750 3203 3057 3269 audissent,
3086 3215 3139 3259 et
3181 3213 3368 3259 contra
3411 3205 3545 3262 forte
3583 3207 3796 3278 aliquid

2200 3290 2458 3356 dicerent,
2484 3301 2575 3346 aut
2597 3308 2627 3346 a
2653 3293 2761 3347 suis
2778 3293 3170 3359 refellebantur,
3200 3304 3289 3348 aut
3308 3294 3493 3350 eadem
3525 3311 3794 3365 responsa

2200 3380 2268 3434 ad
2308 3389 2547 3435 sanctum
2591 3382 2938 3452 Augustinum
2978 3382 3381 3449 deferebantur,
3412 3383 3598 3454 eisque
3633 3399 3796 3439 com-

2200 3475 2366 3543 pertis
2384 3514 2399 3539 ,
2440 3474 2703 3544 patienter
2737 3490 2799 3529 ac
2830 3476 3036 3541 leniter,
3064 3484 3145 3541 et,
3172 3483 3229 3529 ut
3248 3475 3501 3544 scriptum
3530 3484 3631 3540 est,
3659 3491 3795 3530 cum

2202 3563 2394 3618 timore
2439 3570 2497 3618 et
2548 3574 2778 3619 tremore
2842 3564 3066 3618 salutem
3119 3566 3353 3620 omnium
3392 3564 3413 3596 ⁸
3461 3564 3796 3634 operabatur

2204 3654 2463 3727 (Philipp.
2506 3670 2575 3721 tt,
2610 3656 2743 3725 12):
2775 3655 3101 3721 ostendens,
3146 3671 3303 3724 quam
3343 3655 3472 3709 nihil
3512 3656 3583 3709 illi
3623 3656 3797 3711 refel-

2199 3747 2309 3802 lere
2337 3745 2601 3801 voluerint
2620 3760 2681 3799 ac
2707 3746 3001 3811 valuerint,
3042 3762 3304 3815 quamque
3330 3762 3512 3800 verum
3550 3745 3793 3802 manife-

2196 3845 2441 3906 stumque
2480 3837 2549 3891 sit
2588 3835 2727 3905 quod
2757 3836 3007 3890 Ecclesia:
3038 3836 3127 3889 Dei
3155 3835 3285 3889 ﬁdes
3323 3845 3466 3890 tenet
3507 3851 3569 3889 ac
3597 3836 3791 3891 docet.

2199 3925 2265 3979 Et
2292 3926 2404 3979 haec
2431 3925 2617 3979 diebus
2642 3940 2704 3979 ac
2750 3924 2991 3979 noctibus
3014 3924 3080 3978 ab
3105 3924 3293 3979 eodem
3318 3924 3511 3995 jugiter
3541 3926 3794 3995 ageban-

2199 4024 2303 4070 tur.
2331 4015 2459 4069 Nam
2506 4023 2559 4069 et
2586 4016 2838 4084 epistolas
2879 4016 3109 4085 privatas
3147 4014 3213 4069 ad
3253 4030 3490 4085 quosque
3533 4016 3792 4085 ejusdem

2195 4105 2391 4161 erroris
2415 4104 2712 4174 cpiscopus,
2747 4113 2799 4160 ct
2826 4106 3119 4160 eminentes
3147 4106 3347 4160 scilicet
3372 4106 3533 4159 laicos
3564 4104 3719 4160 dedit
3744 4109 3789 4174 ‘,

2193 4196 2395 4250 ratione
2421 4195 2626 4249 reddita
2650 4195 2947 4251 admonens
2980 4204 3139 4265 atque
3164 4197 3479 4261 exhortans,
3516 4204 3575 4249 ut
3599 4198 3686 4251 vel
3716 4200 3790 4252 ab

2193 4285 2278 4338 illa
2299 4300 2357 4339 se
2374 4286 2627 4354 pravitate
2647 4286 2990 4355 corrigerent,
3015 4286 3095 4339 \‘cl
3114 4295 3255 4339 certe
3275 4285 3340 4339 ad
3360 4286 3788 4355 disputationem

2192 4375 2451 4429 venirent.
2476 4374 2543 4429 At
2564 4375 2635 4428 illi
2655 4391 2830 4430 causcc
2850 4374 3140 4430 difﬁdentia
3160 4377 3179 4407 "
3211 4392 3275 4429 ne
3296 4375 3507 4445 quidem
3536 4392 3785 4445 unquam

2194 4567 2222 4617 ὁ
2253 4510 2271 4617 ἶ
2527 4520 2591 4557 ex
2613 4506 2695 4556 Cd.
2732 4514 2847 4571 Reg.
2871 4507 2957 4557 541
2988 4521 3000 4557 :
3023 4506 3199 4573 Religio
3224 4522 3279 4559 us
3301 4507 3547 4572 presbyter
3571 4522 3784 4561 recusa-

2223 4583 2250 4617 α
2277 4606 2287 4617 .
2425 4605 2432 4617 .

2223 4575 2287 4618 αι.
2382 4578 2432 4617 Μ.

2254 4632 2272 4693 ξ
2295 4638 2498 4693 veteres
2516 4629 2708 4693 codices
2727 4637 3041 4693 przetercunt,
3065 4636 3108 4678 et
3132 4629 3429 4693 episcopatus
3440 4643 3629 4693 curam.

2256 4692 2276 4754 ἓ
2310 4692 2523 4754 Εὐάηαε
2545 4690 2752 4741 “imiter
2776 4690 3118 4754 pullulmtte.—__
3136 4690 3199 4754 tta
3224 4690 3368 4739 etiam
3389 4692 3467 4738 ω.
3495 4704 3619 4739 unus
3643 4706 3695 4754 ιιι
3715 4694 3785 4742 ud

2189 4750 2392 4816 Salinas;
2417 4751 2541 4801 alter
2564 4754 2756 4811 omittit,
2778 4750 2991 4816 gnat-iter
3019 4751 3294 4816 imllulante.
3360 4761 3414 4800 M.

2188 4814 2273 4924 oe;
2306 4814 2483 4862 salinas
2501 4848 2514 4873 ,
2542 4827 2603 4861 ex
2632 4827 2726 4863 uno
2748 4811 2827 4862 Cll.
2864 4828 2876 4861 :
2907 4822 2961 4861 In
2996 4811 3163 4862 eadem
3200 4811 3487 4877 hipponensi
3523 4812 3749 4864 Ecclesia
3770 4850 3788 4876 ,

2261 4912 2275 4924 .
2303 4884 2398 4924 etc.
2462 4883 2517 4922 Μ.

2261 4912 2275 4934 ,
2303 4884 2398 4925 etc.
2462 4883 2517 4922 M.

2251 4932 2271 4967 ⁸
2307 4944 2434 4984 Unus
2465 4935 2773 4983 Floriaccnsis
2794 4933 2895 4994 Cd.,
2920 4932 3177 4984 hominum.
3202 4961 3263 4971 ~
3285 4935 3414 4984 idem
3449 4948 3576 4983 unus
3607 4948 3637 4984 c
3684 4944 3785 4984 Va-

2190 4996 2269 5045 tic.
2296 4998 2419 5058 apud
2448 4995 2641 5044 salinas.
2708 5003 2762 5043 Μ.

2250 5058 2272 5087 ⁸
2305 5053 2499 5127 salinas,
2527 5071 2589 5127 ex
2614 5065 2816 5126 quatuor
2839 5064 2943 5124 Mss.
2971 5069 2984 5104 :
3013 5065 3128 5104 itam
3151 5064 3196 5106 et
3218 5054 3443 5127 epistolas
3466 5053 3781 5127 privatasnagi

2337 5115 2825 5189 ueejusdem’erroris
2860 5115 3097 5180 episcopos
3132 5115 3385 5167 euadentes
3407 5115 3586 5167 scilicet
3608 5122 3653 5165 et
3681 5116 3781 5167 lai-

2186 5191 2267 5311 ιῖαξ
2674 5247 2904 5311 Joannem
2925 5237 3103 5311 Salinas
3124 5240 3225 5301 qui,
3248 5238 3404 5311 relata
3424 5236 3782 5311 lectionc_c_edi-

2186 5300 2328 5350 tionis
2351 5297 2643 5357 Parisiensis,
2668 5301 2850 5349 scilicet
2874 5314 2886 5348 :
2916 5298 3063 5363 και-ϋιὶ
3090 5297 3235 5349 causa
3269 5297 3563 5363 cii/ﬁdentior,
3591 5299 3734 5363 addit
3763 5314 3777 5349 :

2187 5363 2350 5412 verior
2376 5371 2535 5412 tamen
2560 5370 2717 5423 nostra
2742 5367 2939 5423 apparet
2969 5360 3140 5423 lectio,
3165 5375 3272 5409 cum
3298 5359 3437 5423 paulo
3461 5368 3567 5422 post.
3588 5359 3781 5409 subdat

2185 5424 2436 5484 Possidius,
2455 5424 2592 5484 juxta
2613 5422 2929 5484 tiarisiensem
2951 5422 3239 5484 editionem:
3268 5422 3322 5471 η
3345 5428 3395 5471 ut
3416 5434 3578 5470 eorum
3600 5432 3781 5484 causa;

2186 5480 2645 5551 difﬁdentia—cunctis
2657 5482 2961 5551 irmotesceret
2974 5480 3227 5551 elaborat-il
3242 5496 3259 5543 ;
3274 5485 3355 5531 ubi
3372 5489 3532 5531 Patres
3553 5489 3650 5551 shy
3657 5483 3779 5551 auri

2185 5536 2443 5606 eiiiemlant
2456 5546 2795 5593 Lovanicnsem
2811 5545 3069 5606 editionem
3085 5536 3331 5606 legentem
3348 5558 3360 5591 :
3375 5554 3527 5593 Causa
3543 5536 3778 5606 cli/ﬁden-

2184 5605 2280 5656 tice.
2300 5606 2615 5669 Adstipulatur
2639 5613 2813 5654 nostra:
2832 5605 3023 5653 lectioni
3040 5604 3194 5659 codex
3213 5607 3458 5655 Vaticanus
3476 5604 3607 5653 1190.
3672 5610 3741 5653 Μ.

2269 5691 2318 5745 a)
2338 5690 2524 5736 Ciuicilii
2556 5688 2741 5735 hican

2276 5748 2323 5812 b)
2345 5758 2390 5798 In
2419 5749 2618 5798 cont-ilio
2636 5748 2992 5811 (:u‘thagincusi
3015 5750 3177 5812 tertio,
3194 5761 3316 5800 anno
3338 5750 3447 5811 597,
3475 5761 3579 5799 can.
3598 5746 3647 5795 3.
