3994 6352
222 393 280 448 ιι
1521 386 1840 445 AUCTORE
1876 385 2194 444 POSSIDIO.
3408 396 3480 452 42

224 505 522 564 rescribere
547 503 830 559 voluerunt
859 517 873 555 :
906 499 1001 557 sed
1023 500 1140 556 irati
1163 500 1361 556 furiosa
1384 501 1736 573 loquebantur
1759 503 1800 567 ί,

224 608 381 668 atque
408 594 745 651 seductorem
771 602 826 648 et
851 591 1188 663 deceptorem
1217 593 1513 647 animarum
1553 593 1801 662 Augusti-

225 702 350 742 num
377 700 534 754 esse,
565 695 620 740 et
642 683 886 755 privatim
913 692 968 738 et
992 682 1618 753 publice'couclamabant
1641 699 1655 748 ;
1679 689 1733 736 et
1753 691 1808 736 ut

226 776 403 846 lupum
429 773 784 831 occidendum
825 790 946 830 esse
986 774 1055 854 in.
1084 771 1441 829 defensionem
1475 773 1652 844 gregis
1689 772 1772 827 sui
1791 813 1806 839 ,

226 867 473 923 dicebant
511 876 568 924 et
604 867 928 932 tractabant;
969 866 1249 936 omniaque
1274 875 1488 936 peccata
1531 881 1562 921 a
1590 865 1700 922 Deo
1725 865 1807 920 in—

227 959 673 1015 dubitanteresse
712 957 1034 1013 credendum
1073 973 1230 1028 posse
1253 959 1448 1014 dimitti
1478 958 1542 1014 iis
1583 957 1673 1029 qui
1709 958 1811 1013 hoc

229 1050 401 1106 facere
443 1065 513 1104 ac
537 1048 795 1120 perﬁcere
833 1051 1151 1119 potuissent,
1196 1064 1295 1105 nec
1323 1051 1491 1106 Deum
1533 1050 1808 1118 timentes,

229 1157 326 1198 nec
352 1141 604 1196 homines
631 1141 1004 1196 erubescentes
1025 1142 1066 1194 ³.
1095 1141 1161 1196 Et
1185 1150 1244 1195 ut
1267 1155 1449 1196 eorum
1475 1155 1646 1197 causae
1669 1141 1810 1196 difﬁ-

231 1233 414 1288 dentia
434 1232 455 1263 ³
485 1233 694 1289 cunctis
729 1233 1112 1298 innotesceret,
1141 1233 1432 1290 elaboravit
1460 1251 1473 1288 :
1504 1243 1559 1290 et
1591 1235 1813 1305 publicis

229 1326 390 1396 gestis
413 1325 671 1380 conventi
687 1366 704 1390 ,
733 1341 837 1381 non
861 1333 984 1381 sunt
1011 1326 1126 1381 ausi
1159 1325 1420 1382 conferre.

484 1437 712 1494 CAPUT
738 1437 806 1493 Χ.
821 1469 894 1480 -
907 1437 1380 1494 Circumcellionum
1402 1443 1567 1512 furor.

298 1527 586 1583 Habebam
636 1528 796 1583 etiam
847 1527 1008 1583 iidem
1057 1529 1344 1584 Donatistae
1385 1545 1480 1600 per
1520 1543 1644 1585 suas
1681 1543 1814 1599 pene

233 1637 422 1677 omnes
457 1621 732 1676 Ecclesias
750 1620 1040 1676 inauditum
1075 1620 1343 1676 hominum
1391 1637 1557 1692 genus
1599 1636 1812 1690 perver-

231 1729 348 1770 sum
403 1729 470 1767 ac
491 1713 781 1767 violentum
802 1752 818 1779 ,
864 1712 1011 1766 velut
1051 1713 1149 1768 sub
1187 1712 1514 1782 professione
1539 1713 1815 1768 continen-

229 1806 360 1859 tium
390 1804 733 1859 ambulantes
755 1801 798 1870 ⁸,
823 1803 912 1873 qui
952 1801 1414 1858 Circumcelliones
1441 1802 1752 1859 dicebantur
1770 1802 1812 1855 ³.

228 1893 292 1949 Et
315 1903 478 1950 erant
507 1895 558 1948 in
581 1893 780 1963 ingenti
809 1907 1032 1948 numero
1059 1902 1112 1948 et
1138 1893 1304 1948 turbis
1331 1909 1426 1963 per
1462 1908 1648 1948 omnes
1680 1909 1816 1962 pene

227 1982 518 2038 Africanas
541 1983 780 2052 regiones
805 1983 1098 2038 constituti.
1127 1982 1224 2051 Qui
1245 1985 1398 2038 malis
1420 1983 1606 2038 imbuti
1636 1984 1816 2039 docto-

225 2074 418 2139 ribus,
469 2074 680 2129 audacia
733 2073 960 2142 superba
996 2083 1064 2129 -et
1103 2075 1402 2130 temeritate
1453 2075 1669 2140 illicita,
1716 2090 1817 2130 nec

229 2163 380 2230 suis,
435 2179 536 2218 nec
577 2163 764 2219 alienis
811 2163 1093 2232 aliquando
1134 2164 1456 2234 parcebant,
1501 2174 1686 2221 contra
1728 2165 1816 2235 jus

225 2251 416 2322 fasque
477 2254 703 2311 incautis
755 2255 1129 2310 interdicentes
1182 2257 1484 2312 hominibus
1511 2257 1532 2290 ⁸
1570 2276 1584 2312 :
1625 2265 1680 2314 et
1713 2258 1817 2315 nisi

228 2343 574 2408 obedissent,
621 2344 826 2399 damnis
865 2345 1189 2414 gravissimis
1231 2355 1284 2400 et
1333 2347 1567 2401 cmdibus
1609 2347 1810 2404 afficie-

227 2435 361 2492 bant
377 2438 398 2468 ⁷
414 2479 430 2500 ,
461 2437 654 2491 armati
673 2436 898 2492 diversis
926 2438 1064 2501 telis,
1092 2437 1408 2494 bacchantes
1436 2455 1527 2508 per
1549 2455 1705 2511 agros
1727 2442 1818 2497 vil-

229 2525 418 2597 hsque
440 2568 457 2593 ,
486 2543 659 2597 usque
696 2527 760 2581 ad
787 2529 1056 2597 sanguinis
1097 2528 1406 2585 effusionem
1433 2531 1686 2587 accedere
1709 2549 1816 2588 non

231 2625 536 2673 metuentes
555 2619 601 2672 ⁸.
632 2618 737 2672 Sed
766 2618 893 2673 dum
922 2619 1141 2675 verbum
1173 2621 1262 2674 Dei
1293 2621 1476 2676 sedulo
1499 2623 1814 2692 praedicare-

232 2718 320 2765 ωι-
338 2752 353 2775 ,
383 2721 436 2765 et
463 2726 587 2766 cum
620 2710 702 2764 bis
728 2711 816 2780 qui
846 2710 1071 2765 oderant
1089 2726 1293 2783 pacem,
1323 2713 1468 2782 pacis
1487 2715 1623 2768 ratio
1647 2713 1815 2770 habe-

232 2814 420 2868 retur;
474 2804 550 2857 illi
597 2804 944 2872 loquentem9
971 2803 1305 2858 debellahant
1350 2806 1530 2874 gratis.
1583 2807 1650 2861 Et
1695 2822 1817 2863 cum

233 2894 489 2950 adversus
516 2908 705 2948 eorum
734 2893 921 2962 dogma
953 2894 1143 2948 veritas
1184 2893 1538 2950 innotesceret
1556 2938 1571 2964 ,
1599 2897 1686 2966 qui
1718 2913 1813 2952 vo-

297 3135 323 3166 ι
353 3123 545 3190 salinis,
573 3141 640 3178 ex
664 3139 763 3190 uno
781 3127 861 3190 ω.
881 3139 895 3176 :
916 3133 1010 3190 Nec
1032 3123 1245 3176 homines
1271 3133 1554 3190 reuerentem
1605 3135 1662 3179 Μ.

295 3195 318 3262 .‘
347 3193 500 3262 ἕλιξί.σο
520 3187 1071 3262 ωνευὲἓηξὲεΡτπΡὲξὲ
1096 3187 1568 3262 σετὲιὲαβίῖἧάεηίίέε·

293 3255 316 3285 ι
347 3253 641 3315 εδιωβξ
662 3250 742 3298 0d.
767 3248 913 3300 Vatic.
943 3248 1062 3299 1190
1087 3263 1100 3298 :
1134 3248 1268 3299 Velut
1291 3248 1378 3300 sub
1399 3249 1688 3315 professione
1710 3263 1820 3305 σαι-

842 3319 897 3359 Μ.

289 3379 312 3412 ι
345 3376 538 3439 Aliquot
588 3383 726 3439 Mss:
767 3369 856 3432 oui
897 3369 1198 3439 Circelliones
1248 3371 1548 3439 dicebantur=

292 3442 313 3471 ⁸
331 3432 549 3505 veteres
570 3435 789 3505 ctzdices:
809 3438 983 3505 gonlra
995 3433 1080 3505 jus
1102 3434 1266 3505 fasque
1280 3432 1511 3505 in_causis
1526 3433 1821 3505 interdicen-

231 3507 299 3552 εει
320 3497 593 3550 [uiderim
616 3504 702 3558 :et
724 3510 786 3545 ex
812 3496 984 3558 iisdem
998 3494 1108 3558 ipss.
1120 3494 1313 3558 quidam
1339 3494 1444 3546 loco
1466 3496 1818 3558 interdicentes,

231 3562 415 3612 habent
447 3557 828 3617 intercedentes;
869 3556 975 3616 alii,
1000 3555 1358 3617 intercidentes.
1378 3583 1438 3592 —
1460 3556 1638 3608 salinas
1662 3573 1674 3607 :
1703 3555 1820 3611 ron;

231 3630 306 3673 ιτα
333 3625 419 3685 jus
440 3624 612 3685 fasque
641 3619 694 3685 in
716 3615 870 3669 causis
900 3615 1534 3685 nominibusinterdicentes,
1554 3619 1821 3685 hacoaddila

233 3680 482 3751 notatione
519 3680 542 3732 ε’
571 3682 778 3751 podices
818 3681 1008 3750 Reginae
1035 3693 1110 3751 .ac
1152 3680 1248 3751 duo
1296 3682 1512 3751 vaticani.
1549 3683 1768 3751 praebent
1803 3697 1816 3733 :

230 3753 406 3815 castra
432 3745 523 3815 jus
558 3746 725 3815 {usque
759 3741 810 3792 in
845 3739 1001 3815 otiosis
1027 3739 1360 3815 utterdicentes
1383 3739 1682 3815 honﬁnimts,‘
1704 3757 1820 3815 con-

232 3803 569 3856 sentientibus
600 3803 744 3874 etiam
777 3804 1030 3874 veteribus
1050 3803 1324 3874 codicibus,
1348 3804 1461 3874 qui,
1495 3811 1549 3853 ut
1585 3810 1821 3874 testantur

234 3875 396 3918 Patres
417 3877 461 3916 δ.
492 3869 653 3924 muri,
679 3866 855 3924 ferunt,
878 3862 929 3914 in
952 3862 1126 3923 causis,
1143 3863 1256 3912 licet
1279 3862 1536 3924 exiiisdem
1559 3867 1820 3914 manuscri-

233 3931 358 4000 vtis,
380 3930 576 4000 qvidem
601 3923 706 4000 1900
724 3923 1088 4000 euersum,
1111 3923 1716 4000 ιξειιξθεςιιβηξενεράεηξεες
1741 3927 1821 3977 alii

234 3988 588 4040 intercidente;
629 3989 892 4039 Doctissimi
929 3993 1090 4037 tamen
1127 3994 1291 4036 Patres
1325 3988 1372 4035 in
1401 3994 1590 4037 textum
1614 3988 1717 4037 haec
1739 4002 1822 4039 re-

234 4051 368 4100 ferre
405 4052 663 4102 voluerunt
687 4065 699 4099 :
731 4056 906 4100 contra
929 4050 1014 4110 jus
1048 4049 1215 4112 fasque
1250 4046 1452 4112 incautis
1486 4047 1824 4112 interdicemes

559 4120 614 4162 At
649 4112 821 4160 melior
857 4107 1255 4174 nostra_'al,paret
1290 4107 1461 4170 lectio,
1499 4111 1539 4160 si
1567 4114 1824 4174 sequentia

234 4176 398 4236 Optati
437 4174 681 4236 Milevitani
707 4174 853 4223 verba
876 4171 1258 4236 considerentur.
1284 4177 1538 4236 EXponens
1561 4171 1690 4236 enim
1713 4187 1823 4236 quae

235 4232 756 4297 afdratmcellionibus
787 4241 952 4284 contra
980 4233 1059 4294 jus
1087 4232 1263 4297 fasque
1299 4235 1584 4297 agebantur,
1619 4235 1692 4297 sic
1728 4232 1821 4297 ait,

237 4292 362 4344 libro
385 4298 530 4346 tertio
550 4297 616 4346 de
646 4296 904 4346 schismate
938 4292 1299 4351 Denatistarum,
1326 4292 1375 4342 ﬁ.
1401 4295 1432 4343 4
1457 4308 1468 4343 :
1504 4313 1527 4340 ι
1546 4292 1822 4345 Debitorum

243 4372 267 4402 ι
288 4356 608 4429 diirographa
909 4356 1038 4429 vires
1053 4369 1065 4403 :
1083 4353 1247 4429 nullus
1265 4355 1474 4429 creditor
1495 4355 1578 4406 illo
1601 4363 1822 4429 tempore

244 4433 267 4464 ι
289 4415 527 4480 exigendi
559 4419 726 4468 habuit
754 4419 1044 4480 libertatem.
1083 4418 1409 4480 Tenebantur
1443 4430 1615 4480 omnes
1650 4415 1825 4469 litteris

241 4495 267 4525 ι
290 4478 462 4528 eorum
485 4481 570 4542 qui
607 4492 663 4542 se
699 4485 970 4542 Sancton
990 4479 1140 4542 duces
1163 4478 1312 4526 fuisse
1331 4478 1585 4542 jaclabant
1598 4480 1752 4542 ;_et_si
1775 4481 1824 4529 in

243 4555 266 4586 ι
287 4538 876 4604 οὺιρωιιέτίψᾱοᾼθοηιω
908 4541 1204 4604 jpssionibus
1221 4538 1536 4604 tardaretur,
1575 4538 1826 4604 advolabat

243 4617 265 4648 ι
286 4604 451 4652 subito
460 4600 728 4651 multitudo
749 4600 946 4660 insana,
960 4609 1011 4651 et
1045 4601 1354 4662 precedente
1390 4607 1578 4651 terrore
1615 4602 1824 4652 credito-

244 4679 266 4706 ι
285 4677 371 4712 res
392 4662 627 4725 periculis
648 4663 973 4736 vallabantur;
997 4663 1155 4735 utqui
1170 4675 1267 4734 .pro
1299 4663 1524 4770 praestitis
1543 4663 1644 4734 suis
1665 4665 1825 4725 rogari

242 4739 265 4768 ι
285 4724 582 4784 debuerant,
598 4732 730 4773 metu
753 4732 919 4774 mortis
939 4722 1146 4772 humiles
1168 4736 1297 4785 tmpe
1319 4723 1536 4772 lerentur
1560 4737 1609 4771 tn
1633 4736 1822 4785 preces.

242 4801 264 4829 ι
286 4787 565 4850 festinabat
588 4787 918 4850 unusquisque
929 4786 1104 4850 debita
1127 4786 1272 4834 etiam
1296 4786 1511 4850 maxima
1528 4786 1757 4850 perdere,
1775 4791 1828 4836 et

243 4801 264 4829 ι
288 4799 565 4834 resnnaDat
588 4799 688 4833 unu
795 4799 918 4850 sque
940 4799 1104 4835 neutra
1127 4799 1272 4834 etiam
1296 4799 1502 4833 maxuna
1528 4799 1757 4845 [:eruere,
1775 4799 1826 4836 et

243 4843 477 4915 gina-um
499 4799 960 4915 compumturab
1199 4847 1411 4915 evasisse
1448 4846 1650 4907 injuriis.
1678 4853 1826 4915 »μορ

234 4906 383 4968 igitur
407 4906 670 4971 eratquod
691 4916 855 4958 contra
871 4909 952 4971 jus
973 4916 1026 4958 et
1040 4910 1108 4957 fas
1121 4906 1537 4971 Circumcelliones
1559 4907 1828 4971 operaban-

234 4967 334 5027 tur,
358 4983 424 5019 ne
448 4967 638 5018 scilicet
658 4982 814 5019 musa:
836 4967 1079 5019 hominum
1112 4970 1195 5032 qui
1229 4981 1314 5017 sua
1350 4967 1826 5032 dederant’discute-

232 5038 436 5092 rentur;
453 5039 506 5081 et
530 5037 788 5092 propterea
811 5032 1047 5080 Possidius
1072 5027 1240 5080 eo'rtun
1262 5037 1395 5080 notat
1415 5027 1751 5079 crudelitatem
1776 5037 1828 5080 et

573 5090 688 5139 dum
726 5093 774 5141 in
805 5093 962 5142 causis
982 5093 1333 5142 interdicebant
1356 5105 1419 5140 ne
1443 5092 1665 5152 homines
1686 5103 1827 5139 suum

233 5161 529 5219 repeterent
560 5153 677 5219 ius.__
693 5154 807 5204 Hinc
841 5156 1055 5204 suspicor
1092 5154 1151 5219 ad
1186 5154 1500 5219 hunc__0ptati
1546 5151 1701 5219 locum
1744 5165 1826 5219 re-

504 5210 926 5278 Possidium;_nam
1093 5211 1136 5254 ’ἴ
1207 5214 1357 5237 “”““⁴²⁶
1385 5210 1398 5236 ⁵
1428 5219 1480 5278 εἰ
1515 5210 1610 5262 nisi
1643 5210 1828 5264 obedis-

235 5272 591 5346 temde
609 5272 902 5346 θνρυεβέφιίε
925 5272 979 5346 5i
1015 5287 1227 5346 ςαξιι-δςιρ
1261 5317 1267 5323 -
1317 5293 1330 5301 η
1374 5273 1606 5346 unum.
1634 5287 1830 5346 prorsus

235 5334 414 5398 similia
437 5344 552 5385 sunt
575 5334 824 5398 hisOptati
845 5350 858 5385 ε
884 5354 907 5382 ιι
925 5343 980 5398 Et
1000 5337 1041 5398 si
1067 5336 1112 5384 in
1137 5334 1709 5398 obtenipcrandoeorum
1723 5337 1827 5396 jus-

243 5413 268 5442 ι
290 5397 513 5447 trionibus
555 5395 827 5449 tardaretur
843 5431 859 5458 ,
904 5397 1155 5448 advolabat
1197 5395 1357 5446 subito
1400 5395 1654 5447 multitudo
1699 5395 1829 5446 insa-

241 5473 270 5506 σ
289 5471 373 5514 na,
397 5475 422 5504 ι
455 5465 552 5514 etc.
679 5466 734 5507 Μ.

302 5493 571 5584 ῗὲιὶἷῖξῖ
595 5493 940 5584 afﬁgebant.
965 5518 1159 5584 Subjicit
1195 5517 1319 5584 hanc
1339 5516 1549 5584 notulam
1559 5532 1578 5584 _:
1604 5519 1677 5568 sic
1696 5524 1831 5584 uter-

235 5590 340 5643 que
359 5555 1825 5654 rem.:'t:3;;v:uas='z‘ssmeazaaa"ns“apesg

242 5657 268 5686 ι
288 5642 571 5704 greditur-es
589 5641 818 5704 periculis
836 5641 1151 5691 vallabantur.
1167 5656 1192 5686 ι
1281 5647 1338 5704 MA.
1505 5698 1517 5704 Α
1555 5698 1568 5704 _
1705 5699 1715 5704 Α

302 5701 327 5767 ξ
350 5702 552 5767 salinas,
569 5698 633 5753 e'x
655 5703 736 5752 ω.
763 5710 876 5767 Reg.
905 5704 1024 5754 1025
1045 5718 1060 5767 _:
1094 5713 1246 5767 usque
1261 5702 1324 5750 ad
1604 5699 1830 5753 Ecclesiae

235 5762 522 5827 ctissime»!
538 5762 637 5827 non
657 5762 930 5827 Materies.
955 5762 1487 5827 omittitur,_accedefe.
1555 5771 1611 5812 Μ.

301 5824 328 5860 ⁸
350 5827 486 5890 Apud
507 5825 690 5877 Salinas
711 5826 806 5876 fert
825 5827 904 5875 ω.
927 5839 1090 5876 unus:
1122 5823 1197 5876 Illi
1219 5824 1469 5888 loquentes.
1558 5831 1613 5874 Μ.

526 5909 754 5975 Sason.
797 5911 1076 5974 Ausum
1109 5909 1162 5969 ι.

1913 501 2093 557 lebant
2127 509 2181 556 et
2207 507 2492 570 poterant,
2523 515 2641 558 sese
2666 502 2788 558 inde
2811 505 2894 559 vel
2925 505 3216 576 eripiebant
3242 508 3324 564 vel
3349 509 3474 567 sub-

1911 591 2212 660 ducebant,
2251 600 2308 648 et
2342 593 2458 662 paci
2502 602 2658 664 atque
2704 595 2890 651 unitati
2930 597 3180 654 Ecclesiae
3208 615 3328 656 cum
3370 603 3480 658 suis

1911 685 2102 754 quibus
2121 693 2363 754 poterant
2381 686 2737 742 cohaerebant.
2760 688 2911 744 Unde
2928 689 3001 744 illi
3023 692 3101 745 sui
3129 693 3327 750 erroris
3349 707 3480 750 con-

1911 775 2242 845 gregationes
2269 777 2434 831 minui
2475 778 2744 846 videntes,
2785 790 2942 850 atque
2976 783 3272 852 augmentis
3297 785 3483 841 Eccle-

1913 865 2006 921 siae
2031 867 2346 936 invidentes,
2379 869 2589 923 accensi
2612 869 3024 925 exardescebant
3049 871 3125 926 ira
3151 873 3480 943 gravissima,

1913 965 1968 1012 et
1995 957 2349 1014 intolerabiles
2373 961 2389 991 ⁸
2414 960 2814 1031 persecutiones
2848 962 3036 1016 unitati
3062 963 3316 1020 Ecclesia:
3339 981 3487 1022 com-

1914 1048 2052 1118 pacti
2073 1050 2094 1080 ²
2118 1047 2416 1119 faciebant;
2468 1051 2702 1122 ipsisque
2744 1054 3106 1111 sacerdotibus
3164 1057 3437 1114 catholicis
3462 1059 3484 1092 ⁸

1915 1147 1971 1196 et
2010 1141 2266 1198 ministris
2289 1145 2654 1215 aggressiones
2692 1145 2907 1201 diurnas
2931 1146 2952 1179 ⁸
2974 1156 3132 1218 atque
3169 1159 3482 1219 nocturnas,

1915 1230 2341 1305 direptionesque
2381 1251 2558 1292 rerum
2603 1237 2838 1292 omnium
2888 1239 3202 1296 inferebant.
3251 1243 3382 1297 Nam
3433 1255 3486 1300 et

1916 1327 2112 1383 multos
2155 1329 2248 1385 Dei
2283 1345 2463 1386 servos
2494 1333 2724 1389 caedibus
2747 1334 3167 1393 debilitaverunt.
3211 1339 3488 1410 Aliquibus

1917 1417 2078 1473 etiam
2098 1419 2294 1475 calcem
2320 1435 2439 1475 cum
2469 1433 2619 1477 aceto
2645 1424 2698 1478 in
2721 1426 2905 1480 oculos
2928 1428 3218 1494 miserunt,
3249 1430 3488 1500 aliusque

1918 1507 2244 1562 occiderunt.
2285 1508 2437 1566 Unde
2467 1512 2625 1566 etiam
2663 1515 2772 1569 suis
2810 1515 2968 1571 iidem
3012 1517 3296 1574 Donatistae
3335 1521 3490 1576 reba-

1918 1599 2201 1668 ptizatores
2221 1600 2274 1654 in
2301 1600 2476 1656 odium
2499 1603 2794 1659 veniebant.

1919 1706 2144 1766 CAPUT
2184 1709 2272 1764 XI.
2298 1709 2659 1784 —Profeclus
2706 1713 2947 1770 Ecclesiae
2995 1735 3083 1788 per
3129 1719 3486 1790 Augustinum.

2163 1799 2474 1857 Honesta-ia
2503 1820 2591 1874 per
2614 1804 2722 1874 eius
2748 1804 2978 1861 alumnos
3001 1808 3247 1863 instituta.

1992 1910 2304 1968 Proficiente
2347 1929 2504 1984 porro
2544 1915 2780 1972 doctrina
2823 1917 3028 1984 divina,
3075 1920 3174 1974 sub
3210 1931 3392 1978 sancto
3436 1931 3489 1979 et

1919 2015 2040 2057 cum
2085 2014 2268 2060 sancto
2304 2007 2594 2076 Augustino
2621 2008 2672 2061 in
2702 2011 3024 2064 monasterio
3040 2012 3148 2066 Deo
3175 2015 3487 2084 servientes,

1921 2092 2173 2148 Ecclesiae
2227 2094 2548 2166 Hipponeusi
2595 2097 2773 2154 clerici
2837 2100 3069 2155 ordinari
3132 2115 3408 2174 coeperunt
3446 2108 3489 2160 ⁵.

1919 2181 1997 2236 Ac
2054 2182 2247 2238 deinde
2297 2184 2660 2242 innotescente
2713 2199 2766 2244 et
2808 2191 3134 2248 clarescente
3185 2195 3250 2248 de
3301 2196 3387 2251 die
3438 2197 3490 2252 in

1921 2272 2061 2328 diem
2101 2276 2354 2330 Ecclesia:
2398 2278 2667 2332 catholicae
2727 2281 3114 2350 praedicationis
3158 2287 3375 2341 veritate
3437 2287 3457 2319 °

1921 2375 2334 2436 sanctorumque
2360 2382 2632 2422 servorum
2659 2370 2752 2425 Dei
2796 2375 3066 2440 proposito
3086 2415 3100 2438 ,
3135 2377 3457 2432 continentia
3477 2420 3491 2444 ,

1919 2461 1976 2508 et
2020 2464 2328 2525 paupertate
2367 2457 2621 2527 profunda
2662 2461 2705 2527 ⁷,
2753 2475 2819 2516 ex
2858 2465 3176 2519 monasterio
3220 2469 3358 2534 quod
3402 2485 3495 2538 per

1919 2552 2069 2607 illum
2116 2555 2510 2610 memorabilem
2553 2559 2723 2612 virum
2779 2569 2970 2616 etesse
3012 2573 3064 2618 et
3113 2580 3353 2621 crescere
3382 2583 3490 2623 cne-

1919 2653 2090 2713 perat,
2114 2661 2307 2716 magno
2333 2647 2598 2703 desiderio
2618 2665 2838 2717 poscere
2862 2661 3018 2720 atque
3043 2656 3282 2725 accipere
3302 2659 3498 2734 episco-

1918 2748 2017 2804 pos
2055 2743 2108 2789 et
2148 2735 2368 2791 clericos
2412 2753 2514 2806 pax
2554 2739 2804 2794 Ecclesiae
2845 2752 3003 2812 atque
3041 2745 3213 2799 unitas
3249 2754 3303 2801 et
3338 2751 3499 2818 coepit

1920 2828 2121 2897 primo,
2151 2838 2206 2884 et
2248 2839 2430 2899 postea
2460 2841 2743 2888 consecuta
2771 2841 2870 2888 est.
2912 2834 3043 2889 Nam
3086 2837 3248 2892 ferme
3273 2839 3456 2896 decem
3480 2881 3496 2907 ,

1920 2935 2054 2990 quos
2074 2921 2186 2990 ipse
2214 2922 2357 2987 novi,
2390 2934 2604 2979 sanctos
2623 2940 2685 2980 ac
2702 2927 3032 2984 venerabiles
3060 2933 3202 2986 viros
3225 2934 3502 2989 continen-

1922 3018 2004 3066 tes
2031 3021 2085 3067 et
2109 3013 2442 3068 doctissimos
2463 3015 2506 3082 ⁸,
2540 3016 2724 3072 beatus
2747 3020 2768 3052 ⁹
2798 3021 3119 3090 Augustinus
3143 3024 3365 3082 diversis
3390 3027 3496 3085 Ec-

1921 3105 2097 3161 clesiis
2120 3148 2133 3171 ,
2178 3109 2445 3162 nonnullis
2481 3125 2690 3180 quoque
2715 3112 3150 3170 eminentioribus
3169 3159 3183 3184 ,
3215 3129 3430 3189 rogatus
3455 3122 3499 3153 ¹⁰

1920 3194 2084 3250 dedit.
2108 3195 2460 3268 Similiterque
2484 3208 2538 3253 et
2559 3199 2657 3268 ipsi
2680 3215 2746 3256 ex
2767 3201 2976 3257 illorum
2998 3203 3039 3236 “
3056 3215 3358 3262 sanctorum
3379 3225 3503 3280 pro-

1922 3292 2096 3361 posito
2121 3291 2412 3355 venientes,
2449 3292 2654 3346 Domini
2684 3294 2932 3349 Ecclesiis
2959 3300 3284 3368 propagatis,
3305 3310 3359 3356 et
3383 3285 3498 3358 mo-

1930 3381 2158 3435 nasteria
2185 3381 2552 3446 instituerunt;
2577 3392 2630 3436 et
2649 3384 2822 3437 studio
2847 3397 3118 3442 crescente
3137 3389 3502 3448 :rdilicationis

1923 3471 2071 3525 verbi
2097 3471 2209 3539 Dei,
2234 3473 2439 3526 czeteris
2462 3471 2717 3527 Ecclesiis
2742 3483 3012 3542 promotos
3040 3477 3229 3534 fratres
3248 3480 3312 3532 ad
3334 3483 3500 3536 susci-

1924 3564 2174 3633 piendum
2205 3564 2554 3619 sacerdotium
2587 3566 2961 3633 praestiterunt.
2998 3567 3144 3622 Unde
3176 3585 3269 3638 per
3307 3573 3500 3627 multos

1923 3665 1977 3710 et
2005 3657 2054 3709 in
2082 3656 2259 3710 multis
2285 3656 2512 3710 salubris
2538 3656 2678 3722 fidei,
2711 3657 2843 3725 spei,
2873 3665 2925 3710 et
2950 3657 3222 3712 charitatis
3244 3662 3494 3716 Ecclesia:

1925 3745 2288 3800 innotescente
2314 3745 2584 3810 doctrina,
2619 3761 2726 3800 non
2759 3747 2925 3800 solum
2970 3764 3061 3816 per
3086 3765 3271 3804 omnes
3312 3751 3502 3806 Africae

1926 3845 2134 3905 partes,
2166 3851 2350 3890 verum
2378 3836 2538 3891 etiam
2581 3837 2635 3890 in
2674 3838 3071 3914 transmarinis,
3112 3848 3163 3892 ct
3206 3855 3300 3908 per
3343 3841 3504 3895 libros

1926 3927 2096 3982 editos
2122 3938 2279 3997 atque
2305 3928 2356 3981 in
2383 3944 2612 3997 graecum
2642 3943 2938 3983 sermonem
2971 3929 3273 3995 translatos,
3308 3934 3374 3988 ab
3418 3933 3506 3987 illo

1931 4035 2036 4073 uno
2067 4017 2301 4083 homine,
2331 4029 2383 4072 et
2413 4035 2506 4088 per
2549 4018 2695 4073 illum
2722 4020 2915 4083 multis,
2947 4019 3154 4074 favente
3184 4021 3311 4083 Deo,
3345 4025 3505 4077 multa

1934 4111 2264 4165 innotescere
2305 4120 2633 4165 meruerunt.
2663 4111 2834 4180 Atque
2861 4112 3004 4179 hinc,
3033 4122 3087 4165 ut
3120 4115 3372 4182 scriptum
3402 4125 3502 4180 est,

1929 4213 2172 4273 peccator
2189 4203 2371 4257 videns
2393 4202 2732 4267 irascebatur,
2758 4204 3004 4258 dentibus
3023 4203 3420 4261 suisfrendebat
3440 4207 3504 4273 ’⁸,

1928 4304 1981 4348 et
2006 4294 2305 4348 tabescebat
2345 4293 2520 4366 (Psal.
2558 4310 2670 4359 cxr,
2702 4293 2797 4364 10)
2835 4312 2848 4347 :
2877 4293 3017 4348 servi
3045 4306 3218 4349 autem
3239 4297 3328 4350 Dei
3360 4297 3422 4363 ¹⁸,
3449 4305 3510 4352 ut

1992 4407 2008 4438 ί
2044 4405 2267 4469 Plerique
2290 4415 2436 4469 Mss;
2461 4403 2771 4469 Grauissimas
2791 4410 2838 4455 et
2860 4404 3198 4469 intolerabiles.

1990 4470 2010 4499 ³
2043 4467 2238 4530 Salinas,
2263 4481 2326 4517 ex
2349 4467 2428 4516 0d.
2455 4475 2580 4530 Reg.
2595 4467 2679 4530 511
2695 4481 2735 4530 7:,
2749 4475 2867 4516 Cum
2888 4467 3078 4530 poclis._
3130 4475 3198 4530 ΔΜ,

1930 4529 2240 4641 magnimagi,
2268 4543 2332 4578 ex
2357 4529 2502 4579 Vatic.
2527 4527 2607 4578 td.
2627 4529 2746 4578 1190
2772 4542 2785 4577 :
2811 4527 2960 4578 Justis
2984 4527 3328 4592 cutholicisque
3350 4543 3511 4582 sacer.

1965 4596 2132 4640 clivus.
2200 4599 2254 4640 hi.

1992 4651 2013 4682 ⁸
2045 4652 2237 4712 Salinas,
2264 4665 2327 4701 ex
2351 4663 2447 4700 uno
2469 4649 2570 4711 Cd.,
2595 4648 2822 4712 divorsas.
2906 4657 2965 4712 tu.

1991 4707 2250 4775 {Salinas}
2276 4727 2337 4762 ex
2361 4713 2440 4761 αι.
2468 4707 2582 4774 Reg.
2613 4711 2732 4760 1025
2756 4724 2768 4759 :
2800 4707 3099 4775 Proﬁcientes
3121 4724 3266 4775 porro
3287 4711 3511 4775 doctrina

1931 4771 2094 4824 divina
2127 4775 2216 4836 sub
2238 4771 2412 4825 sancto
2445 4781 2505 4836 et
2526 4771 2636 4836 cum
2671 4779 2831 4836 sancto
2870 4771 3139 4836 Augustino:
3156 4772 3205 4823 in
3228 4774 3512 4836 moiutsgterio

1930 4843 2031 4884 Deo
2053 4835 2303 4886 seruientes
2326 4842 2370 4884 et
2395 4832 2618 4884 Ecclesia:
2645 4843 2676 4881 11
2686 4831 2958 4891 ipponensi,’
2975 4833 3139 4884 clerici
3174 4834 3395 4885 ordinari
3417 4848 3506 4883 cae-

1930 4903 2117 4960 pcrunl.
2144 4899 2215 4960 sic
2251 4898 2395 4960 etiam
2417 4896 2667 4960 cd._\'atic.
2697 4896 2833 4955 1190,
2857 4897 2946 4945 nisi
2977 4896 3103 4959 quod
3135 4897 3284 4944 habet
3308 4910 3320 4944 :
3352 4906 3404 4944 In
3428 4896 3511 4944 do-

1930 4956 2085 5008 ctrina
2107 4958 2282 5018 divina,
2309 4958 2465 5008 addito
2487 4957 2554 5007 in.
2643 4964 2698 5004 M.

1993 5019 2015 5050 ⁸
2045 5015 2370 5071 Cisterciensis
2404 5020 2559 5069 codex
2598 5032 2609 5067 :
2644 5016 2861 5080 Ecclesia
2892 5016 3121 5068 catholica
3156 5015 3509 5080 praedicationis

1930 5080 2140 5145 peritae.
2174 5091 2272 5131 Vox
2308 5090 2470 5132 autem
2493 5079 2850 5145 praedicationis
2884 5081 2944 5145 ab
2981 5092 3076 5145 uno
3111 5078 3172 5128 ex
3193 5078 3509 5145 _Floriacei_isi-

1930 5141 2029 5213 bus
2057 5145 2334 5213 MSS__abest.
2367 5170 2429 5179 —
2459 5140 2698 5193 omittitur
2732 5143 2878 5192 etiam
2910 5141 2959 5188 in
2989 5140 3068 5188 cd.
3106 5140 3326 5189 Vaticano
3364 5141 3512 5202 1191,

1925 5206 2066 5266 juxta
2089 5206 2284 5256 Salinas.
2372 5213 2427 5253 M.
2778 5261 2790 5272 .
2905 5259 2916 5270 .

1945 5327 1962 5332 _
1995 5266 2015 5296 ⁷
2044 5274 2290 5332 ρυογδιδε.
2309 5281 2345 5332 _:
2388 5266 2630 5332 Proposito
2665 5267 2960 5332 continentia:
2994 5266 3039 5332 et
3075 5268 3351 5332 paupertate
3406 5276 3513 5326 pro-

1931 5327 2101 5389 funda.
2126 5329 2458 5379 Cisterciensis
2477 5327 2556 5375 ω.
2585 5339 2598 5374 :
2625 5327 2868 5387 Proposito
2903 5327 3165 5374 continente
3188 5331 3512 5389 paupertatem

1932 5388 2244 5516 Prgﬁgggggé;
2271 5464 2332 5499 ex
2357 5450 2546 5516 duom?
2566 5446 2676 5516 qm,
2694 5459 2723 5516 γε.
2746 5449 2801 5516 ερ
2823 5443 3014 5516 doctos.
3092 5454 3145 5496 Μ.

1995 5519 2016 5550 θ
2051 5507 2243 5572 Salinas,
2270 5526 2332 5561 cx
2356 5525 2452 5560 uno
2473 5510 2574 5572 Cd.,
2601 5507 2912 5572 beatissimus.
2979 5515 3034 5556 Μ.

1998 5575 2042 5610 ¹⁰
2075 5576 2206 5632 Apud
2229 5568 2422 5632 Salinas,
2437 5570 2515 5619 ω.
2545 5583 2672 5632 unus
2699 5569 2824 5632 haud
2839 5568 2990 5618 habet
3011 5580 3200 5628 vocem,
3225 5573 3434 5632 rogatus.
3454 5575 3508 5614 M.

1999 5636 2040 5671 ¹¹
2063 5628 2257 5695 Salinas,
2283 5647 2346 5683 ex
2369 5628 2557 5695 duobus
2581 5631 2746 5695 vatim,
2934 5637 2988 5678 Μ.

1999 5698 2043 5760 εξ
2067 5691 2262 5760 Salinas,
2288 5709 2349 5744 ex
2374 5693 2595 5760 uno_cd.,
2621 5691 2868 5760 fremebat.
2901 5698 2988 5760 _M.
3017 5758 3024 5760 Α
3133 5756 3141 5760 Δ
3185 5749 3195 5760 ⁸
3286 5754 3297 5760 Δ
3356 5746 3387 5760 η

1999 5758 2045 5792 ⁸³
2076 5749 2271 5819 Salinas,
2296 5770 2361 5808 ex
2384 5749 2713 5806 duobus'édd.
2743 5768 2756 5804 :
2782 5751 2912 5804 servi
2944 5758 3104 5801 mitem
3125 5749 3220 5812 tui,
3245 5754 3297 5802 ut
3331 5749 3515 5801 diction

1936 5827 2022 5885 est,
2049 5827 2146 5872 etc.
2231 5827 2288 5870 si.

2943 5896 3224 5964 (ΗΜ.)
