3994 6352
476 298 551 357 ιδ
1655 251 1814 353 VITA
1847 297 1902 355 s.
1944 290 2311 353 AUGUSTINI
2346 288 2665 362 EPlSCOPl,
2967 322 2973 330 ι
3670 284 3743 344 tt

477 412 681 466 dictum
719 417 821 479 est,
865 425 985 466 cum
1011 410 1093 465 his
1126 410 1215 480 qui
1248 410 1471 467 oderant
1504 425 1706 480 pacem,
1733 418 1885 467 erant
1911 409 2055 480 paci-

479 502 594 569 fici;
629 511 826 557 etcum
861 502 1220 572 loquerentur,
1265 500 1669 558 debellabantur
1696 501 1859 575 gratis
1888 500 1955 556 ab
1979 501 2055 557 eis

483 592 657 663 (Psal,
686 608 840 660 CXIX,
865 591 956 663 7).

482 706 707 762 CAPUT
745 704 1266 775 HIs—Augustinus
1294 714 1500 774 paratas
1528 704 1623 761 sibi
1654 705 1865 761 insidias
1887 721 2055 760 errore

592 797 816 851 ductoris
840 796 1041 850 devitat.
1065 795 1237 851 Multa
1258 798 1469 853 auraria
1484 798 1733 857 ‘Itwreticis
1754 798 1959 852 indicta.

548 888 849 958 Aliquoties
873 900 1000 943 vero
1024 888 1191 943 etiam.
1214 889 1327 943 vias
1363 888 1557 943 armati
1604 888 1763 945 iidem
1815 889 2051 951 Circum-

477 982 733 1037 celliones
777 989 962 1036 contra
1010 982 1259 1036 famulum
1309 981 1403 1038 Dei
1448 981 1799 1051 Augustinum
1831 981 2051 1039 obsede-

470 1082 599 1127 runt
626 1113 641 1138 ,
699 1072 823 1127 dum
890 1073 1025 1128 forte
1070 1074 1172 1129 iret
1215 1082 1430 1144 regatus
1472 1074 1538 1130 ad
1589 1074 1880 1137 visitandas
1904 1114 1919 1139 ,
1973 1074 2052 1127 iii-

468 1163 746 1219 struendas
779 1173 831 1219 et
848 1164 1204 1220 exhortandas
1219 1165 1505 1221 catholicas
1523 1165 1704 1235 plebes
1723 1183 1738 1231 ;
1766 1164 1915 1235 quod
1937 1164 2051 1233 ipse

469 1254 900 1326 frequentissime
925 1258 1170 1313 faciebat.
1214 1260 1283 1313 Et
1304 1259 1584 1329 aliquando
1611 1260 1850 1330 contigit,
1890 1268 1951 1315 ut
1978 1258 2050 1313 illi

466 1347 842 1403 succenturiati
902 1348 1158 1403 hactenus
1184 1350 1471 1419 perderent
1497 1352 1798 1420 captionem
1828 1368 1841 1405 :
1872 1350 2051 1407 evenit

468 1436 613 1490 enim
640 1436 733 1491 Dei
763 1436 974 1508 quidem
1006 1438 1335 1507 providentia
1353 1481 1368 1504 ,
1400 1440 1495 1495 sed
1523 1440 1794 1497 ducatoris
1820 1442 1837 1473 ³
1877 1440 2049 1496 homi-

463 1524 549 1579 nis
588 1541 797 1592 errore,
837 1536 893 1580 ut
920 1544 1017 1598 per
1041 1530 1198 1583 aliam
1224 1530 1361 1585 viam
1388 1546 1512 1585 cum
1545 1533 1657 1587 suis
1694 1532 1973 1588 comitibus
2001 1533 2043 1597 ⁸,

460 1618 710 1675 sacerdos
738 1634 844 1689 quo
868 1620 1119 1675 tendebat
1142 1622 1394 1689 venisset,
1422 1631 1579 1691 atque
1600 1639 1695 1692 per
1720 1623 1861 1689 hunc
1890 1638 2045 1694 quem

462 1720 647 1779 postea
676 1711 925 1784 cognovit
961 1727 1216 1779 errorem,
1250 1729 1435 1777 manus
1467 1715 1654 1783 impias
1677 1715 1950 1775 evasisset.
1980 1714 2048 1768 Et

461 1818 582 1857 cum
605 1804 659 1857 in
685 1804 931 1859 omnibus
949 1804 1215 1860 liberatori
1240 1806 1348 1859 Deo
1371 1807 1567 1877 gratias
1589 1808 1802 1875 egisset,
1829 1807 2045 1861 omnino

460 1909 562 1948 suo
590 1911 739 1949 more
778 1895 856 1951 illi
906 1895 927 1926 ³
966 1912 1063 1950 nec
1100 1896 1242 1950 Iaicis
1272 1912 1370 1951 nec
1408 1898 1615 1954 clericis
1654 1908 2041 1970 pepercerunt,

458 1984 595 2039 sicut
617 1980 825 2054 publica
850 1995 1214 2043 contestantur
1242 1986 1389 2059 gesta
1415 1985 1456 2041 ⁸.

536 2077 680 2131 Inter
723 2094 784 2131 ea
831 2078 1094 2145 silendum
1142 2096 1246 2133 non
1297 2088 1410 2145 est,
1445 2078 1584 2148 quod
1613 2079 1678 2133 ad
1716 2078 1921 2135 laudem
1949 2080 2044 2135 Dei

458 2180 557 2235 per
582 2166 721 2221 illius
750 2177 852 2220 tam
881 2167 1077 2237 egregii
1104 2169 1154 2221 in
1184 2169 1419 2223 Ecclesia
1448 2168 1544 2223 viri
1569 2170 1800 2224 studium
1830 2169 2045 2226 domus-

461 2272 565 2325 que
590 2257 684 2311 Dei
716 2258 886 2310 zelum
914 2259 1169 2311 adversus
1192 2258 1471 2326 praedictos
1498 2258 1911 2329 rebaptizatores
1940 2261 2045 2317 Do-

455 2348 679 2401 uatistas
706 2357 910 2417 gestum
947 2355 1000 2401 et
1026 2346 1314 2416 perfectum
1345 2360 1443 2403 est.
1483 2351 1613 2405 Cum
1657 2348 1789 2406 forte
1818 2369 1950 2405 unus
1976 2368 2042 2408 ex

450 2438 517 2491 iis
545 2454 676 2506 quos
703 2438 770 2493 de
810 2454 908 2492 suo
940 2441 1263 2494 monasterio
1297 2452 1350 2495 ct
1376 2444 1520 2497 clero
1545 2445 1822 2515 episcopos
1851 2445 2040 2501 Eccle-

450 2527 544 2580 siae
575 2536 973 2598 propagaverat,
1007 2530 1071 2581 ad
1110 2546 1259 2583 suam
1295 2545 1475 2585 curam
1507 2534 1860 2602 pertinentem
1887 2535 2040 2589 Cala-

456 2620 656 2674 mcnsis
686 2620 938 2674 Ecclesiae
964 2620 1236 2675 dioecesim
1264 2624 1521 2690 visitaret,
1547 2635 1601 2680 et
1629 2642 1745 2696 quae
1785 2627 2039 2682 didicerat

457 2725 557 2780 pro
585 2726 712 2780 pace
739 2709 989 2766 Ecclesia:
1018 2721 1200 2766 contra
1228 2712 1369 2766 illam
1411 2715 1652 2769 limresim
1692 2718 2000 2786 priedicaret
2019 2760 2034 2784 ,

450 2800 646 2855 factum
687 2808 769 2855 est
803 2810 860 2855 ut
898 2802 1074 2857 medio
1104 2803 1292 2857 itinere
1320 2819 1501 2857 eorum
1544 2806 1759 2861 insidias
1787 2808 2039 2861 incurris-

451 2903 552 2959 set,
582 2902 633 2947 et
678 2909 953 2962 pervasum
996 2910 1113 2949 cum
1142 2892 1384 2951 omnibus
1415 2897 1491 2950 illi
1527 2900 1917 2965 comitantibus,
1950 2914 2037 2953 su-

451 2983 608 3039 blatis
634 2985 948 3039 animalibus
975 2994 1027 3040 ct
1062 2987 1240 3049 rebus,
1272 2984 1477 3056 injuriis
1513 2995 1566 3042 ct
1592 2988 1736 3043 ca-de
1762 3006 1881 3043 cum
1911 3006 2035 3059 grae

447 3075 663 3131 vissima
689 3074 1005 3129 aﬂ‘ecissent.
1040 3077 1110 3130 De
1139 3092 1239 3146 qua
1269 3092 1349 3144 rc,
1386 3093 1453 3131 nc
1486 3079 1626 3147 pacis
1652 3078 1901 3133 Ecclesia}
1923 3096 2027 3133 am-

448 3162 589 3232 plius
628 3164 971 3234 impediretur
1002 3165 1299 3235 profectus,
1342 3167 1587 3223 defensor
1616 3169 1869 3224 Ecclesiae
1899 3171 2036 3226 inter

448 3254 593 3324 leges
627 3270 731 3309 non
758 3256 920 3309 siluit.
952 3256 1017 3309 Et
1044 3268 1338 3327 praeceptus
1368 3266 1450 3311 est
1474 3258 1746 3328 Crispinus
1768 3301 1782 3326 ,
1814 3261 1903 3330 qui
1930 3261 2036 3315 eis-

448 3345 571 3400 dem
620 3346 904 3401 Donatistis
938 3348 987 3400 in
1015 3346 1314 3402 Calamensi
1345 3349 1558 3403 civitate
1585 3358 1638 3404 et
1674 3352 1891 3421 regione
1916 3353 2034 3422 epi-

452 3455 648 3509 sc0pns
679 3440 796 3507 fuit,
828 3440 1142 3509 prcedicatus
1174 3442 1373 3495 scilicet
1401 3449 1452 3495 et
1485 3442 1633 3519 inulti
1665 3445 1939 3512 temporis,
1980 3452 2037 3500 et

445 3537 634 3584 doctus
670 3532 735 3584 ad
769 3531 1015 3585 mulctam
1062 3532 1227 3585 teneri
1266 3532 1526 3585 aurariani
1572 3532 1793 3599 publicis
1831 3532 2034 3602 legibus

447 3630 632 3676 contra
664 3622 942 3676 haereticos
981 3622 1342 3674 constitutam.
1384 3621 1482 3686 Qui
1526 3622 1791 3676 resultans
1828 3623 2033 3693 legibus

442 3723 798 3780 prmsentatus
828 3728 948 3767 cum
977 3712 1113 3782 apud
1137 3712 1514 3767 Proconsulem
1539 3728 1596 3768 se
1625 3726 1840 3785 negaret
1865 3716 2032 3773 hatre-

444 3804 605 3857 ticum
627 3844 641 3871 ,
671 3803 854 3857 oborta
885 3812 968 3858 est
1010 3804 1325 3869 necessitas,
1355 3812 1411 3856 ut
1437 3804 1506 3857 illi
1537 3805 1815 3861 recedente
1842 3808 2031 3863 Eccle-

446 3893 539 3947 sia)
581 3892 881 3960 defensore,
921 3908 950 3946 a
980 3893 1240 3948 catholico
1269 3895 1521 3963 episcopo
1561 3895 1895 3951 resisteretur
1927 3898 2024 3969 (τι),

443 3989 499 4037 et
516 3982 920 4039 convinceretur
940 3999 1059 4037 eum
1088 3998 1225 4046 esse,
1263 3983 1402 4052 quod
1432 3999 1488 4038 se
1508 3984 1671 4040 fuisse
1701 3999 1983 4058 negaverat
2011 4007 2025 4041 :

442 4072 694 4143 quoniam
718 4075 760 4127 si
788 4074 854 4128 ab
881 4074 1067 4128 eodem
1104 4072 1547 4142 dissimularetur,
1578 4076 1712 4133 forte
1738 4079 2029 4135 catholicus

442 4166 725 4235 cpisc0pus
765 4166 833 4221 ab
870 4167 1231 4237 ignorantibus
1278 4166 1557 4223 haereticus
1615 4169 1637 4202 ⁸
1680 4170 2024 4243 crederetur,

440 4256 536 4311 illo
562 4272 621 4311 se
646 4257 784 4327 quod
806 4268 920 4312 erat
949 4270 1194 4327 negante,
1226 4268 1384 4327 atque
1412 4261 1479 4313 ita
1510 4276 1576 4315 ex
1602 4260 1699 4316 hac
1719 4263 1917 4317 desidia
1948 4266 2027 4319 in-

439 4347 608 4403 ﬁrmis
651 4350 954 4405 scandalum
1005 4360 1327 4405 nasceretur.
1376 4351 1441 4404 Et
1471 4354 1798 4407 memorabili
1843 4355 2026 4425 Augu-

441 4440 583 4495 stino
608 4441 842 4495 antistite
868 4441 1189 4499 omnimodis
1220 4442 1448 4495 instante
1474 4483 1487 4505 ,
1514 4442 1577 4496 ad
1609 4447 2025 4499 controversiam

438 4529 599 4584 ambo
621 4531 693 4584 illi
713 4529 1051 4586 Calainenses
1076 4531 1309 4600 episcopi
1332 4541 1608 4595 venerunt,
1632 4543 1687 4587 et
1713 4534 1779 4588 de
1806 4536 1914 4603 ipsa
1944 4535 2027 4590 (Ii-

435 4636 591 4677 versa
618 4623 989 4681 communione
1017 4623 1174 4677 tertio
1205 4623 1508 4678 conﬂictum
1551 4639 1733 4679 secum
1778 4635 2018 4697 egerunt,

434 4726 625 4782 magna
668 4714 979 4782 populorqu
1024 4711 1433 4766 Christianorum
1472 4713 1808 4768 multitudine
1848 4730 2021 4770 causa:

433 4803 659 4873 exitum,
684 4813 741 4858 et
772 4803 911 4873 apud
945 4803 1315 4873 Carthaginem
1336 4846 1351 4871 ,
1380 4812 1434 4859 et
1468 4819 1563 4874 per
1596 4812 1754 4857 totam
1788 4807 2017 4859 Africam

496 4917 514 4947 ί
549 4916 635 4977 sic
657 4923 792 4977 Mss;
832 4916 951 4977 editi
986 4928 1105 4965 vero
1132 4928 1143 4963 :
1172 4913 1411 4965 Ductoris.
1449 4940 1512 4951 -
1545 4917 1860 4965 Posterioreni
1898 4916 2021 4967 hanc

433 4974 747 5046 voccuilcgit
768 4974 947 5046 Salinas
971 4991 1033 5027 ex
1068 4977 1181 5046 edd:
1202 4984 1339 5046 _l}gg.
1375 4977 1461 5026 541
1503 4979 1737 5046 θῐῇξιιίίς.
1779 4978 1913 5046 11⁸88.
1962 4988 2016 5046 ii.

495 5040 514 5069 ²
535 5038 741 5149 gallinas,
769 5053 831 5088 ex
870 5038 949 5087 ω.
992 5039 1134 5088 vatio.
1166 5038 1321 5087 “88':
1352 5048 1472 5089 cum
1507 5038 1607 5089 suis
1632 5038 1910 5089 ductoribus
1944 5039 2018 5090 vel

495 5113 534 5148 m
576 5113 591 5147 ι
626 5114 694 5149 ηδ.
786 5110 838 5149 Μ.

684 5138 694 5147 .
786 5110 803 5147 δ
827 5138 838 5148 .

747 5110 903 5235 addit,
937 5162 1182 5235 furentes,
1200 5161 1489 5235 subjicitque
1526 5161 1657 5234 hanc.
1682 5168 1859 5211 notam.
1889 5175 1902 5211 :
1929 5169 2017 5211 V0-

429 5221 585 5272 culam
608 5224 814 5285 [inuitus
849 5221 1127 5273 auctoritate
1151 5221 1231 5273 Cd.
1260 5221 1374 5285 Reg.
1399 5221 1485 5272 5H
1525 5226 1796 5285 posuimus,
1824 5238 1914 5273 nec
1937 5238 2016 5274 re-

427 5286 628 5395 οωὶὲτῖ
653 5287 843 5395 l’ossiltiii
882 5286 1057 5348 genio,
1092 5294 1148 5336 ut
1181 5286 1264 5348 qui
1288 5298 1392 5347 cap.
1417 5286 1447 5335 9
1471 5285 1538 5334 ait
1561 5299 1573 5333 :
1605 5284 1722 5335 [rati
1742 5285 1924 5348 limosa
1949 5286 2013 5335 lo-

427 5358 516 5395 aue
634 5360 706 5395 ιη’.
814 5383 827 5395 .

426 5358 706 5409 quevimtur.
772 5358 827 5396 Μ.

489 5408 513 5479 ξ
542 5407 740 5479 salinas,
764 5422 827 5457 ex
852 5421 948 5457 uno
961 5407 1042 5456 Cd.
1062 5406 1217 5479 :sicut
1254 5406 1442 5479 publica
1480 5406 1715 5457 continent
1736 5414 1915 5479 gesta,
1954 5416 2008 5457 M.

488 5470 510 5502 ⁵
542 5474 862 5521 Lovanicnses
898 5484 1065 5520 vocem
1114 5468 1367 5521 Iiwrct'icus
1411 5468 1769 5532 expuuxeraut'
1797 5471 2012 5520 reniten-

424 5531 558 5583 tibus
579 5532 927 5595 manuscripu's.

457 5674 465 5683 _
488 5616 566 5685 _(a)
587 5616 855 5665 Catholicus
871 5613 955 5663 ille
981 5616 1235 5685 eiiscopus
1255 5615 1360 5685 ipse
1378 5622 1454 5685 est
1485 5616 1566 5684 qui
1588 5628 1693 5663 rem
1712 5621 1869 5664 narrat
1900 5622 2009 5685 Pos-

428 5676 596 5735 sidius,
619 5691 795 5725 nomen
812 5688 952 5723 suum
989 5692 1084 5735 prie
1112 5677 1351 5739 modestia
1376 5678 1569 5727 silentio
1600 5686 1791 5739 tegens,
1825 5676 1911 5725 sed
1948 5676 2010 5724 ab

425 5740 685 5796 Augustino
704 5738 920 5799 proditus
936 5738 986 5785 in
1018 5737 1221 5797 iliistola
1244 5740 1345 5794 10.3.
1378 5755 1426 5789 ii.
1462 5739 1509 5799 .t,
1547 5737 1666 5789 etin
1703 5737 1825 5793 libro
1863 5738 2008 5787 tertio

426 5807 590 5850 axitia
607 5806 932 5863 Creswmum,
948 5813 1082 5863 ea”).
1105 5805 1181 5857 to,
1220 5805 1269 5852 57.

2165 436 2511 497 exspectante
2536 447 2551 483 :
2577 435 2732 497 atque
2769 424 2857 480 ille
2894 423 3167 495 Crispinus
3193 420 3557 494 proconsulari
3594 428 3646 476 et
3670 419 3738 474 li-

2160 521 2348 577 bellari
2372 520 2635 581 sententia
2664 529 2746 575 est
2776 504 3147 589 pronuntiatus
3178 517 3474 572 haereticus.
3502 516 3605 570 Pro
3632 530 3739 586 quo

2160 612 2249 668 ille
2273 612 2410 682 apud
2437 611 2775 683 Cognitorem
2803 609 3091 669 catholicus
3111 608 3390 692 episcopus
3415 607 3737 673 intercessit,

2160 717 2227 769 ne
2255 701 2467 767 auraria
2492 701 2689 758 mulcta
2705 700 3034 770 exigeretur;
3055 707 3109 754 et
3126 700 3174 752 ei
3195 709 3275 755 est
3305 698 3616 753 beneficium
3642 698 3738 752 im-

2158 802 2440 863 petratum.
2476 792 2630 853 Unde
2670 809 2790 859 cum
2834 793 3072 869 ingratus
3100 790 3167 846 ad
3200 792 3492 861 piissimum
3534 790 3732 846 Princi-

2158 900 2279 955 pem
2304 887 2322 917 ¹
2345 892 2703 954 provocasset,
2728 894 2782 939 et
2808 885 2874 951 ab
2900 884 3218 954 Imperalore
3243 882 3483 937 relationi
3506 881 3738 937 debitum

2157 984 2241 1039 est
2276 992 2591 1047 responsum
2633 976 2895 1042 solutum,
2945 984 2999 1029 et
3043 984 3383 1030 consecutum
3427 984 3508 1029 est
3540 992 3739 1044 prmcc-

2156 1076 2303 1135 ptum
2330 1069 2372 1134 ²,
2405 1067 2550 1122 nullo
2585 1082 2803 1137 prorsus
2832 1066 2948 1120 loco
2981 1066 3256 1120 haereticos
3283 1065 3581 1131 Donatistas
3620 1080 3738 1121 esse

2156 1156 2365 1223 debere,
2401 1165 2455 1210 et
2483 1172 2575 1211 eos
2604 1156 2669 1210 ad
2708 1156 2813 1209 vim
2855 1156 3028 1227 legum
3057 1156 3292 1208 omnium
3320 1163 3505 1209 contra
3528 1154 3737 1209 hmrcti-

2154 1263 2246 1304 cos
2270 1249 2495 1301 latarum
2527 1249 2720 1317 ubique
2751 1246 2770 1276 ³
2804 1247 2969 1300 teneri
2995 1246 3205 1300 debere.
3237 1247 3315 1299 Ex
3337 1261 3441 1319 quo
3465 1255 3517 1299 et
3541 1245 3732 1313 Judex,

2154 1349 2209 1396 et
2235 1339 2480 1395 Ofﬁcium
2508 1340 2552 1405 ³,
2581 1350 2637 1395 et
2666 1340 2804 1395 idem
2836 1340 3128 1408 Crispinus,
3160 1336 3298 1407 quod
3326 1338 3540 1392 minimc
3578 1338 3736 1392 fuerit

2154 1438 2391 1494 exactus,
2422 1428 2673 1501 praecepti
2702 1436 2825 1483 sunt
2862 1426 3026 1481 denas
3068 1427 3181 1480 auri
3210 1426 3367 1481 libras
3397 1427 3507 1481 fisci
3528 1428 3734 1495 juribus

2152 1519 2366 1574 inferre.
2410 1519 2512 1575 Sed
2555 1519 2797 1589 protinus
2835 1524 2994 1587 opera
3037 1516 3157 1570 data
3195 1520 3275 1570 est
3312 1531 3408 1586 per
3445 1516 3733 1572 catholicos

2151 1610 2462 1681 episcopos,
2498 1610 2758 1681 praecipue
2805 1622 2901 1679 per
2939 1616 3133 1662 sancta:
3172 1608 3441 1661 memoriae
3480 1608 3734 1677 AuguSti-

2150 1717 2299 1769 num,
2335 1710 2389 1755 ut
2413 1702 2499 1755 illa
2526 1702 2762 1755 omnium
2783 1697 3154 1754 condemnatio
3173 1698 3424 1768 principis
3442 1698 3735 1754 dimittere-

2151 1801 2238 1849 tur
2266 1794 2587 1863 indulgcntia
2620 1814 2631 1847 :
2665 1802 2719 1848 et
2745 1793 2969 1847 Domino
2998 1792 3275 1861 adjuvante
3304 1790 3590 1861 perfectum
3628 1798 3728 1846 est.

2150 1884 2261 1951 Qua
2283 1885 2552 1953 diligentia
2573 1892 2625 1938 et
2645 1892 2828 1938 sancto
2853 1881 3025 1937 studio
3048 1882 3266 1935 multum
3287 1882 3454 1935 crevit
3473 1882 3727 1937 Ecclesia.

2258 1962 2481 2031 CAPUT
2521 1974 2658 2029 XIII.
2676 2005 2747 2015 —
2763 1971 2881 2027 Pax
2906 1972 3145 2027 Ecclesia:
3168 1974 3257 2042 per
3276 1971 3630 2043 Augustinum.

2221 2067 2285 2122 Et
2318 2068 2383 2121 de
2414 2068 2497 2121 his
2537 2066 2780 2121 omnibus
2810 2081 2906 2136 pro
2939 2080 3067 2133 pace
3108 2062 3362 2118 Ecclesia:
3406 2066 3588 2134 gestis,
3622 2065 3730 2118 Au:

2152 2160 2362 2231 guStino
2388 2159 2641 2215 Dominus
2685 2168 2738 2213 et
2779 2142 2863 2211 hic
2899 2158 3126 2226 palmam
3169 2154 3348 2223 dedit,
3388 2165 3442 2211 et
3485 2156 3624 2226 apud
3674 2172 3732 2212 se

2146 2250 2364 2319 justitia:
2415 2265 2667 2303 coronam
2719 2247 3014 2303 reservavit
3057 2265 3071 2301 :
3110 2261 3172 2301 ac
3216 2246 3381 2325 magis
3426 2247 3720 2316 magisque,

2144 2344 2364 2412 juvante
2405 2334 2614 2397 Christo
2639 2382 2651 2405 ,
2699 2341 2766 2395 de
2806 2340 2892 2395 die
2935 2340 2987 2393 in
3014 2339 3153 2393 diem
3204 2336 3490 2407 augebatur
3516 2338 3732 2393 ctmul-

2147 2422 2479 2504 tiplicabatur
2517 2433 2660 2503 pacis
2692 2431 2887 2497 unitas,
2917 2438 2969 2485 et
2998 2428 3249 2484 Ecclesiae
3282 2428 3374 2482 Dei
3404 2428 3726 2483 fraternitas.

2146 2525 2215 2581 Et
2246 2526 2294 2581 id
2327 2527 2553 2581 maxime
2594 2526 2783 2579 factum
2827 2532 2907 2578 est
2933 2530 3052 2594 post
3084 2521 3420 2577 collationem
3448 2521 3490 2588 ⁵,
3520 2537 3637 2590 qua:
3664 2521 3731 2575 ab

2145 2618 2407 2675 universis
2449 2616 2709 2687 episc0pis
2737 2614 3009 2669 catholicis
3038 2613 3176 2683 apud
3206 2612 3575 2682 Carthaginem
3601 2628 3720 2667 cum

2143 2712 2343 2765 eisdem
2376 2704 2764 2764 Donatistarum
2796 2708 3057 2777 episcopis
3086 2698 3419 2775 postmodum
3450 2705 3583 2761 facta
3626 2713 3727 2773 est,

2144 2802 2435 2873 idjubente
2473 2802 2853 2873 gloriosissimo
2878 2809 2932 2855 ct
2972 2799 3370 2870 religiosissime
3409 2800 3729 2869 imperatore

2142 2896 2413 2961 Honorio;
2443 2904 2661 2965 propter
2688 2892 2827 2963 quod
2863 2889 3239 2961 perliciendum
3265 2889 3420 2944 etiam
3447 2906 3476 2943 a
3511 2902 3608 2945 suo
3645 2890 3727 2944 la-

2144 2986 2258 3045 tere
2293 2989 2560 3043 tribunum
2602 2995 2655 3041 ct
2701 2986 2963 3039 notarium
2994 2982 3354 3059 Marcellinum
3388 2981 3463 3036 ad
3495 2982 3727 3039 Africam

2136 3082 2371 3151 jndicom
2402 3080 2639 3145 miserat.
2682 3078 2739 3131 In
2766 3091 2869 3145 qua
2902 3073 3261 3133 controversia
3293 3072 3368 3127 illi
3408 3074 3727 3135 omnimodis

2140 3170 2422 3237 coniugati,
2456 3177 2614 3239 atque
2640 3166 2705 3222 de
2726 3182 2910 3221 errore
2935 3181 2967 3223 a
3003 3165 3289 3220 Catholicis
3314 3165 3558 3232 convicti,
3599 3180 3725 3220 scn-
3814 3220 3817 3221 ν

2142 3263 2306 3317 tentia
2341 3260 2640 3329 Cognitoris
2673 3258 2839 3313 notati
2870 3268 3024 3319 sunt;
3054 3268 3105 3313 et
3135 3266 3257 3326 post
3277 3273 3463 3315 eorum
3493 3256 3726 3326 appclIa-

2144 3356 2367 3420 tionem,
2389 3352 2612 3423 piissimi
2632 3352 2792 3421 Regis
2814 3364 3071 3421 reSponso
3088 3349 3229 3420 juste
3250 3351 3386 3405 inter
3407 3349 3685 3403 luereticos
3706 3349 3727 3381 ⁸

2142 3445 2478 3500 condemnati
2506 3451 2649 3497 sunt.
2692 3442 2772 3497 Ex
2799 3457 2901 3512 qua
2942 3442 3149 3497 ratione
3184 3440 3339 3496 solito
3368 3441 3593 3509 amplius
3631 3455 3726 3496 eo-

2141 3551 2257 3591 rum
2285 3534 2560 3605 episcopi"
2586 3548 2706 3588 cum
2742 3533 2852 3595 suis
2890 3531 3099 3587 clericis
3133 3539 3186 3585 et
3224 3530 3459 3601 plebibus
3487 3544 3726 3584 commu-

2139 3631 2468 3695 nicaverunt,
2495 3639 2551 3683 et
2574 3642 2759 3698 pacem
2789 3635 3034 3682 tenentes
3055 3624 3393 3691 catholicam,
3418 3624 3609 3678 multas
3635 3640 3725 3680 eo-

2138 3739 2255 3787 rum
2290 3723 2687 3792 persccutiones
2714 3734 2879 3790 usque
2915 3719 2980 3773 ad
3018 3718 3377 3773 membrorum
3405 3718 3725 3786 amputatio-

2138 3828 2261 3867 nem
2315 3822 2371 3868 et
2420 3813 2833 3867 internecionem
2878 3810 3226 3879 pertulerunt.
3273 3808 3341 3863 Et
3383 3816 3547 3862 totum
3596 3806 3724 3862 illud

2136 3905 2356 3970 bonum,
2382 3914 2439 3958 ut
2458 3904 2588 3970 dixi,
2618 3920 2711 3973 per
2736 3911 2973 3956 sanctum
3004 3900 3149 3954 illum
3182 3900 3468 3966 hominem,
3498 3916 3726 3955 consen-

2137 3997 2390 4051 tientibus
2420 3998 2615 4051 nostris
2641 3996 2904 4066 episcopis
2934 4004 2989 4051 et
3031 3994 3225 4064 pariter
3262 3996 3640 4064 satagcntibus,
3671 4003 3723 4051 et

2135 4099 2369 4160 coeptum
2394 4099 2450 4143 et
2478 4088 2766 4158 perfectum
2799 4092 2897 4139 est.
3580 4102 3583 4105 ι

2135 4182 2219 4235 CA
2230 4181 2311 4235 PU
2318 4180 2358 4233 T
2381 4179 2450 4233 XI
2461 4178 2645 4233 V.——lt'
2650 4177 2851 4230 meritus
2866 4176 3128 4247 episcopus
3145 4174 3417 4229 Donatista
3431 4185 3716 4245 superatus.

2205 4270 2373 4326 Porro
2429 4280 2603 4324 autem
2661 4268 2910 4338 quoniam
2969 4275 3085 4335 post
3128 4266 3290 4330 illam,
3321 4280 3437 4335 qua:
3467 4282 3586 4319 cum
3616 4266 3719 4318 Do-

2136 4365 2344 4420 natistis
2372 4364 2507 4418 facta
2536 4369 2635 4427 est,
2666 4360 3023 4426 collationem,
3053 4375 3157 4412 non
3186 4358 3471 4421 defuerunt
3515 4357 3604 4429 qui
3634 4355 3716 4414 di-

2196 4502 2213 4533 ι
2248 4498 2444 4559 Salinas,
2470 4508 2533 4546 ex
2555 4496 2635 4545 ω.
2662 4502 2779 4557 Reg.
2817 4494 2904 4544 541
2933 4507 2947 4543 :
2975 4493 3047 4543 Αά
3082 4490 3352 4556 piissinmm
3374 4489 3612 4555 judicent.
3660 4500 3716 4540 Μ.

2193 4563 2215 4594 ί
2247 4560 2449 4619 saliuas,
2476 4574 2538 4608 ex
2576 4559 2733 4607 tribus
2769 4566 2873 4607 om.
2900 4569 2913 4605 :
2939 4562 2995 4605 Et
3029 4562 3364 4619 comequenter
3388 4560 3717 4619 prrvceptwn;

2132 4637 2205 4687 ex,
2220 4622 2351 4687 alio:
2380 4628 2433 4672 ει
2456 4620 2598 4671 etiam
2619 4624 3015 4687 estronsecutuin
3036 4624 3347 4682 prwccptum.
3434 4625 3489 4667 Μ.

2192 4684 2506 4748 Psallussex
2530 4696 2627 4748 ιιιιρ
2648 4682 2728 4731 Cd-
2757 4687 2869 4748 lies-
2899 4694 2910 4728 =
2938 4678 3121 4748 1W:
3164 4678 3254 4748 ,ἀνι-
3328 4739 3337 4748 .
3435 4737 3447 4748 .
3503 4737 3511 4747 .
3554 4737 3561 4746 .
3598 4742 3606 4748 .
3645 4736 3653 4745 .

2190 4746 2463 4812 ι-(ὶπὶεἱιηη
2486 4747 2577 4793 hoc
2597 4744 2703 4793 loco
2727 4737 2920 4812 ponitur
2944 4737 3126 4812 rei
3160 4739 3369 4791 forensis
3391 4737 3710 4812 administris,

2127 4803 2318 4874 quales,
2335 4815 2449 4874 sunt
2469 4803 2761 4867 excepturos
2783 4804 2877 4874 qui.
2897 4803 3043 4863 iudici
3066 4815 3265 4874 Operam
3286 4814 3421 4874 suam
3456 4805 3712 4874 ιθιῖςιξδιῳης,
3801 4838 3805 4839 κ

2126 4856 2261 4919 litin
2276 4856 2398 4920 libro
2421 4856 2452 4918 5
2474 4856 2639 4918 contra
2658 4856 2992 4925 Cresconium,
3017 4856 3121 4925 cap'.
3149 4863 3235 4923 29,
3261 4869 3313 4912 et
3345 4856 3713 4925 Brev’iculg_i;ol-'-

2126 4932 2317 4995 lationis
2339 4932 2417 4981 die
2446 4933 2493 4995 i_,_
2513 4944 2617 4992 cap.
2642 4929 2691 4988 8,
2718 4935 2769 4976 et
2790 4927 2870 4975 die
2964 4920 3147 4995 capff,
3172 4920 3349 4995 ot'cap.
3380 4924 3454 4995 11,
3480 4920 3632 4995 nalis,
3662 4928 3713 4993 et

2126 4980 2248 5041 Iilit‘o
2264 4980 2379 5056 fluuit
2400 4980 2729 5056 (IOIIutiDtielil,
2754 5001 2858 5049 cap.
2988 4980 3070 5035 nil.
3097 4980 3176 5056 il,
3202 4986 3279 5056 4g,
3297 4980 3361 5056 ξι
3380 4980 3503 5056 ῌΒιτρ
3516 4980 3586 5056 ἀρ.
3605 4982 3715 5053 Lui-

2126 5062 2225 5104 tate
2252 5042 2496 5112 licclesiie,
2524 5068 2572 5101 n.
2599 5051 2690 5111 Μ,
2717 5042 2905 5117 necnon
2942 5042 2991 5098 in
3015 5049 3138 5097 Actis
3150 5042 3437 5117 _t;i,ill;itiouis
3453 5042 3715 5117 .Carti‘iagi-

2125 5096 2503 5178 ίῖξιῖεἷέίηῖδδίιῖἶ.
2530 5096 2690 5178 Quare
2708 5113 2833 5178 male
2857 5119 3131 5178 correctum
3149 5110 3272 5178 hicn
3296 5096 3670 5178 LOVCDiettSIbUE
3694 5118 3708 5153 :

2122 5185 2177 5226 1έι
2191 5170 2354 5240 11(ιίοῷ
2388 5170 2579 5240 pmph’r
2601 5174 2805 5221 ηθίνίιέθν·
2852 5180 2897 5197 ’⁷⁸
2934 5185 2944 5192 ·
3092 5173 3153 5219 ab
3192 5170 3463 5240 Llinnnerio
3592 5178 3603 5211 :
3631 5174 3710 5213 £1;

2122 5229 2214 5301 qua
2236 5247 2278 5311 et
2304 5229 2434 5311 iileiii
2458 5229 2549 5289 ι’τῖ-
2596 5259 2627 5265 τ·
2654 5261 2659 5265 ·
2692 5272 2717 5299 ν,
2738 5252 2775 5287 et
2833 5247 2965 5286 ζίζοοη
2988 5231 3080 5282 sibi
3094 5243 3338 5295 compares
3352 5229 3710 5289 hwrctt'ciprw-

2122 5300 2246 5364 capti
2268 5307 2373 5350 sunt
2400 5300 2562 5357 dentis,
2591 5311 2686 5349 etc.
3115 5355 3124 5364 _
3411 5348 3420 5359 .
3488 5348 3497 5357 .

2183 5364 2203 5395 ³
2239 5362 2386 5409 editio
2411 5368 2541 5424 l.ov.,
2567 5373 2651 5424 per
2688 5356 3000 5407 collationem.
3025 5360 3081 5405 Et
3113 5354 3250 5414 infra,
3283 5366 3371 5415 pro
3401 5352 3454 5401 ut
3468 5346 3701 5411 jubciue,

2118 5425 2366 5489 substituit
2390 5422 2670 5489 (ldjtlt‘ltillc_.-
2727 5480 2737 5489 .
2927 5477 2937 5487 η
3235 5474 3246 5485 ο
3288 5475 3297 5485 ,

2570 5498 2581 5532 :
2601 5469 2803 5533 {tissimi
2826 5477 2961 5543 Regis
2984 5489 3206 5541 responso
3225 5473 3528 5539 injustii'utcr
3551 5469 3711 5520 hisre-

2118 5554 2429 5671 δίθδὲωωαε,
2449 5621 2514 5658 ex
2548 5606 2626 5671 ω,
2669 5604 2812 5652 \‘atic.
2843 5601 2977 5671 1188,
3288 5600 3361 5671 sic
3381 5590 3700 5671 “85111164?!-

2119 5672 2238 5721 1529
2262 5686 2274 5720 :
2302 5681 2376 5733 15a:
2398 5659 2492 5733 ᾇτιὰ
2527 5667 2708 5733 ratione
2732 5663 2877 5733 notati
2898 5659 3006 5733 sunt
3185 5659 3388 5723 amplius
3409 5659 3705 5733 carnificem:-

2114 5733 2245 5798 860μὶ
2266 5731 2349 5796 qui
2385 5723 2493 5782 cum
2528 5728 2625 5779 suis
2649 5725 2846 5798 clericis.
2872 5732 2923 5798 et
2954 5723 3166 5798 plebibus
3200 5736 3294 5798 nou
3328 5723 3707 5775 cetth

2115 5787 2246 5856 nuit,
2270 5787 2314 5845 et
2336 5807 2502 5856 pacem
2525 5798 2728 5842 tenentes
2751 5787 3046 5849 catholicam,
3075 5794 3169 5837 etc.
3256 5791 3311 5837 lt.
