3994 6352
221 392 282 447 55
1522 383 1841 440 AUCTORE
1880 381 2199 441 POSSIDIO.
3426 384 3492 438 46

222 489 421 549 ceram,
453 482 743 552 permissos
772 494 877 534 non
914 479 1083 534 fuisse
1105 480 1318 533 eosdem
1360 479 1641 548 episcopos
1671 478 1809 547 apud

223 586 538 646 potestatem
573 615 591 641 ,
644 590 761 644 quae
820 588 1034 627 causam
1094 572 1346 639 audivit,
1403 571 1579 624 dicere
1636 572 1812 625 omnia

224 684 319 738 pro
360 669 477 723 εἰῶ
510 666 783 737 partibus,
822 664 1067 732 quoniam
1108 662 1384 717 catholicae
1425 662 1815 717 communionis

224 758 481 829 Cognita
518 772 628 811 sure
655 756 866 810 favebat
892 755 1139 809 Ecclesiae
1169 772 1183 809 :
1214 755 1336 809 licet
1378 754 1479 808 hoc
1513 754 1817 808 deﬁcientes

223 858 273 905 et
311 849 439 903 victi
479 848 547 902 ad
578 848 974 903 excusationem
1011 847 1291 916 jactarent,
1318 845 1738 917 quandoquidem
1764 854 1817 899 et

226 938 799 994 memmersiam
822 936 985 991 ﬁdem
1012 937 1248 990 btcretici
1271 936 1544 991 catholicas
1575 946 1815 989 co‘mmn-

230 1033 400 1085 nionis
422 1030 673 1084 emacient
698 1043 817 1085 esse
849 1036 1123 1094 noverant,
1154 1037 1211 1083 et
1230 1043 1349 1083 cum
1376 1028 1443 1083 ab
1481 1027 1667 1083 eodem
1693 1042 1820 1081 con-

229 1124 537 1177 venirentur
580 1121 803 1191 publicis
845 1121 1039 1191 gestis,
1072 1120 1217 1190 quod
1256 1120 1321 1175 ad
1363 1120 1694 1175 collationem
1725 1134 1817 1172 oc-

232 1222 531 1273 currerent.
565 1228 625 1267 se
656 1226 773 1267 esse
817 1211 1048 1266 facturos
1076 1216 1337 1282 prosecuti
1382 1220 1523 1267 sunt.
1571 1212 1820 1265 Poterant

229 1308 411 1376 utique
425 1312 737 1374 suspectum
751 1320 871 1358 eum
894 1304 1167 1370 habentes,
1191 1319 1436 1358 recusare
1456 1318 1815 1372 congressum.

232 1398 433 1452 Tamen
465 1396 843 1464 omnipotentis
874 1395 967 1448 mi
995 1394 1236 1464 prmstitit
1258 1394 1530 1459 auxilium,
1558 1399 1613 1445 ut
1642 1400 1820 1461 postea

228 1489 285 1551 in
308 1487 641 1541 Cxesareensi
670 1486 998 1539 Mauritania:
1020 1486 1231 1539 civitate
1260 1485 1578 1538 Constitntus
1598 1496 1824 1535 venera-

235 1581 353 1634 bilis
685 1577 1027 1646 Augustinus,
1053 1586 1158 1646 quo
1196 1592 1314 1630 eum
1344 1576 1527 1629 venire
1550 1590 1668 1628 cum
1705 1573 1821 1627 aliis

234 1675 347 1742 eius
373 1673 708 1743 coepiscopis
731 1671 884 1725 Sedis
905 1671 1209 1739 apostolicae
1244 1670 1434 1723 littera:
1458 1668 1533 1739 (α)
1549 1667 1824 1736 compule-

236 1776 373 1830 rant,
401 1767 474 1820 ob
500 1764 861 1821 terminandas
889 1764 1133 1817 videlicet
1157 1762 1287 1816 alias
1307 1760 1559 1815 Ecclesia:
1588 1759 1823 1813 necessi-

236 1867 371 1914 tates
416 1878 431 1913 :
474 1858 577 1911 hac
614 1871 742 1927 ergo
784 1856 1063 1910 occasione
1108 1855 1381 1923 provenit,
1429 1862 1486 1906 ut
1530 1852 1821 1905 Emeritam

235 1950 480 2019 ejusdem
525 1949 622 2003 loci
687 1948 1075 2001 Donatistarum
1121 1947 1460 2014 episcopum,
1506 1958 1660 2011 quem
1715 1956 1824 1995 sua:

238 2052 404 2097 secta:
434 2042 752 2110 pnrcipuum
782 2039 835 2092 in
881 2038 967 2091 illa
997 2034 1281 2091 collatione
1322 2034 1619 2087 habuerunt
1641 2031 1823 2085 defen-

241 2146 445 2196 sorem,
471 2130 692 2195 videret,
723 2138 776 2183 et
802 2143 920 2182 cum
958 2126 1141 2181 eodem
1172 2125 1376 2195 publice
1407 2125 1457 2177 in
1484 2124 1706 2178 ecclesia
1734 2138 1829 2191 po-

243 2220 365 2291 pulo
386 2230 601 2275 astante
619 2221 843 2274 diversae
864 2217 1270 2282 communionis,
1294 2232 1355 2269 ex
1380 2214 1482 2269 hoc
1508 2217 1621 2283 ipso
1645 2214 1827 2283 dispu-

242 2321 393 2372 taret.
418 2321 475 2367 et
495 2319 805 2381 provocaret
826 2310 989 2380 gestis
1009 2308 1402 2367 ecclosiasticis,
1430 2316 1485 2360 ut
1506 2305 1644 2375 quod
1670 2305 1823 2371 forte,

243 2405 372 2459 sicut
397 2403 666 2470 dicebant,
699 2402 943 2471 prosequi
971 2400 1137 2470 potuit
1164 2399 1219 2452 in
1241 2397 1544 2461 collatione,
1579 2395 1671 2450 sed
1702 2412 1823 2465 pcr-

246 2496 434 2552 missus
475 2510 583 2550 non
627 2502 769 2560 erat,
800 2495 852 2547 in
884 2492 1127 2562 praesenti
1162 2493 1279 2546 sine
1304 2489 1523 2559 alicujus
1554 2488 1827 2558 potestatis

246 2588 600 2659 prohibitione
639 2594 727 2639 aut
757 2585 990 2655 potentia
1032 2595 1248 2637 securus
1283 2582 1459 2635 dicere
1490 2578 1707 2633 minime
1731 2578 1828 2632 du-

246 2682 465 2745 bitaret,
512 2690 567 2734 et
606 2696 657 2733 m
689 2693 784 2735 sua
820 2678 1033 2731 civitate
1068 2676 1176 2729 suis
1203 2675 1448 2728 omnibus
1481 2673 1828 2742 praesentibus

249 2773 441 2829 civibus
467 2772 783 2825 ﬁducialitcr
804 2770 1068 2839 propriam
1090 2766 1375 2831 defendere
1400 2765 1827 2820 communionem

249 2881 343 2919 non
368 2864 674 2933 denegaret.
701 2861 792 2917 ille
816 2876 989 2930 neque
1013 2860 1112 2913 hac
1140 2858 1461 2923 hortatione,
1494 2872 1592 2910 nec
1612 2870 1827 2910 suorum

251 2968 513 3027 parentum
545 2964 604 3009 et
626 2955 818 3009 civium
845 2953 1061 3008 instanti
1091 2951 1345 3021 petitione
1366 2951 1413 3003 id
1444 2948 1619 3004 facere
1642 2948 1824 3015 voluit,

250 3049 334 3116 qui
371 3048 417 3099 ei
448 3045 848 3115 pollicebantur,
884 3058 941 3097 se
968 3042 1033 3095 ad
1063 3042 1175 3111 ejus
1205 3041 1471 3096 redituros
1497 3039 1827 3093 communio-

249 3152 383 3202 nem,
410 3138 573 3191 etiam
598 3151 718 3191 cum
741 3135 1047 3189 discrimine
1073 3132 1510 3203 patrimoniorum
1540 3129 1829 3199 salutisque

251 3244 349 3284 suae
376 3229 710 3299 temporalis,
742 3227 787 3299 si
816 3226 974 3281 modo
1001 3225 1315 3281 catholicam
1352 3231 1625 3293 superaret
1650 3236 1828 3276 asser-

249 3322 457 3375 tionem.
489 3296 559 3374 At
587 3320 677 3373 ille
703 3296 926 3387 amplius
953 3317 1129 3372 dicere
1163 3316 1266 3370 illis
1290 3316 1455 3385 gestis
1484 3311 1614 3367 nihil
1644 3313 1826 3377 voluit,

250 3428 338 3468 nee
362 3414 549 3478 valuit,
582 3412 685 3465 nisi
718 3418 916 3465 tantum
954 3408 1115 3464 :Jam
1142 3408 1252 3471 itla,
1285 3407 1471 3476 inquit,
1512 3413 1646 3476 gestu
1672 3405 1829 3457 conti-

248 3514 361 3559 nent
381 3504 523 3573 apud
548 3501 911 3573 Eanhaginent
939 3500 1069 3555 inter
1092 3500 1349 3571 episcopos
1378 3498 1622 3567 confecta,
1662 3506 1829 3549 utrum

249 3596 518 3660 vicerimus,
552 3594 771 3647 σηνώαι
789 3593 1051 3662 fuerimus.
1080 3590 1147 3644 Et
1173 3591 1278 3644 alio
1303 3591 1437 3654 loco,
1469 3589 1593 3643 dum
1625 3604 1653 3641 a
1681 3598 1829 3641 nota-

250 3688 343 3749 rio,
368 3698 423 3740 ut
454 3684 823 3756 responderet,
853 3682 1247 3749 admoneretur,
1284 3689 1338 3737 et
1361 3682 1613 3736 reticeret
1638 3683 1679 3748 ί,
1710 3681 1825 3750 ejhs

250 3780 449 3833 unctis
468 3776 806 3831 manifestata
826 3773 1140 3839 diﬂl‘d'entiu,
1166 3772 1414 3827 Ecclesiae
1437 3773 1528 3825 Dei
1550 3780 1829 3841 augmenta

253 3882 310 3923 ac
332 3870 664 3923 ﬁrmamenta
692 3874 1064 3938 provenerunt.
1088 3866 1334 3933 Quisquis
1359 3879 1484 3934 ergo
1506 3865 1830 3934 diligentiam

254 3967 303 4014 et
323 3974 537 4028 cperam
568 3958 888 4013 beatissima:
928 3957 1197 4011 memorias
1222 3955 1497 4025 Augustini
1530 3970 1623 4023 pro
1648 3954 1831 4009 Eccle.

254 4052 343 4106 size
372 4053 468 4106 Dei
496 4060 632 4105 statu
671 4064 995 4121 cegnoscere
1034 4049 1245 4118 plenius
1284 4048 1526 4112 mluerit,
1554 4048 1712 4101 etiam
1743 4047 1831 4102 illa

254 4153 525 4212 percurrat
548 4153 693 4213 gestu
736 4139 813 4211 (ὸ)
849 4158 862 4193 :
895 4150 950 4195 et
991 4140 1222 4195 inveniet
1252 4155 1365 4209 quae
1396 4141 1477 4193 Vel
1503 4140 1677 4209 qualia
1710 4154 1831 4207 prm

254 4238 447 4302 tulerit,
476 4237 663 4306 quibus
684 4235 831 4289 illum
854 4234 1087 4299 doctum,
1118 4233 1472 4302 eloquentem,
1505 4241 1557 4285 et
1580 4231 1832 4301 przedicas

257 4337 359 4382 tum
389 4328 661 4383 hominem
703 4327 1032 4397 provocarit,
1066 4324 1407 4392 hortatusque
1446 4324 1600 4377 tuerit
1638 4330 1694 4376 ut
1737 4336 1832 4391 pro

256 4435 357 4474 sua:
382 4420 697 4475 defensione
728 4421 893 4489 partis
936 4415 1078 4487 quod
1106 4416 1264 4471 vellet
1288 4416 1551 4481 ediceret;
1580 4414 1832 4484 illumque

255 4514 439 4567 victum
467 4518 769 4582 cognoscet.

287 4625 510 4683 CAPUT
551 4623 668 4679 XV.
695 4653 765 4664 -—
800 4621 1123 4692 Digressione
1156 4619 1501 4674 concionantis
1530 4634 1795 4673 conuersus

652 4715 948 4784 negotiator,
982 4713 1180 4765 nomine
1209 4710 1432 4764 Firmus.

316 4804 436 4860 Scio
472 4806 603 4860 item
630 4819 739 4859 non
769 4804 915 4860 solus
948 4803 1087 4873 ipse,
1136 4818 1318 4857 verum
1370 4802 1529 4855 etiam
1578 4800 1667 4856 alii
1721 4800 1829 4856 fra-

250 4908 357 4953 tres
400 4910 457 4953 et
508 4897 780 4961 conservi,
831 4897 917 4967 qui
964 4896 1236 4950 nobiscum
1285 4902 1411 4948 tunc
1451 4894 1587 4946 intra
1630 4893 1831 4962 Hippo-

248 5005 467 5045 nensem
513 4984 802 5045 Ecclesiam
845 4998 963 5044 eum
1004 4988 1191 5044 eodem
1231 4995 1413 5041 sancto
1436 4988 1548 5040 viro
1567 4986 1829 5055 vivebant,

245 5086 400 5140 nobis
428 5085 632 5153 pariter
655 5084 721 5137 ad
746 5098 983 5138 mensam
1011 5082 1309 5136 constitutis
1329 5097 1449 5135 eum
1472 5080 1703 5134 dixisse:
1729 5079 1833 5133 Ad-

246 5169 465 5222 rertislis
490 5168 639 5222 hodie
680 5167 735 5221 in
756 5167 965 5222 ecclesia
992 5182 1156 5220 meum
1182 5180 1461 5219 sermonem
1480 5202 1496 5230 ,
1524 5165 1727 5236 ejusque
1749 5166 1831 5217 in-

244 5259 394 5311 itium
435 5268 483 5312 et
504 5260 657 5328 ﬁnem
684 5268 859 5313 contra
897 5273 1058 5311 meam
1085 5257 1490 5311 consuetudinem
1519 5257 1829 5326 processisse,

311 5374 335 5443 ξ
366 5370 567 5443 salinas,
594 5384 657 5443 es
678 5369 764 5443 (ιιι.Δ
784 5378 900 5443 Reg.
924 5370 1013 5443 541
1041 5384 1055 5420 :
1083 5378 1263 5443 Diona
1282 5368 1484 5443 notario,
1502 5375 1555 5419 ut
1577 5370 1835 5443 responde-

242 5438 337 5493 ηι,
746 5431 894 5484 tacuit
922 5438 1011 5499 εει
1029 5444 1139 5483 cum
1161 5431 1404 5499 reticeret,
1435 5439 1563 5499 etc._;
1590 5431 1728 5482 et'ex
1750 5434 1832 5485 Od.

243 5500 368 5555 ﬂag.
396 5494 557 5563 19%:
588 5503 711 5545 Dum
734 5509 765 5545 a
794 5494 1006 5564 nam,
1030 5500 1083 5547 ut
1116 5494 1452 5557 responderet,
1476 5494 1830 5556 admoneretur,

240 5554 369 5606 dicit
392 5559 484 5605 ast.
510 5562 565 5606 Et
587 5570 699 5606 cum
718 5562 959 5618 rettceret,
985 5565 1079 5607 etc.
1144 5565 1199 5604 lu.

240 5640 396 5763 BI’(igt).
416 5640 773 5759 piper.
813 5642 931 5692 Vide
960 5642 1293 5706 Augustinum,
1314 5641 1458 5703 Epist.
1485 5641 1592 5703 190,
1620 5655 1670 5691 n.
1703 5644 1748 5703 l,
1784 5650 1835 5694 et

307 5762 385 5823 (τι)
428 5768 573 5833 Gesta
609 5776 719 5833 cum
748 5760 959 5815 Emerita
1014 5764 1311 5815 caesar-censi
1337 5766 1685 5815 Donatistarum
1734 5766 1834 5829 epi-

242 5835 421 5885 seopo,
440 5826 497 5875 in
529 5832 659 5875 toruo
680 5826 728 5877 9.

1915 478 2151 546 quoniam
2172 494 2270 531 non
2285 481 2396 533 eam
2411 494 2516 531 rem
2536 478 2849 532 terminatam
2870 476 3189 548 explicuerim
3210 493 3358 546 quam
3378 493 3469 546 pro
3529 484 3535 491 '

1917 587 2201 640 posuerant,
2224 571 2315 625 sed
2332 572 2621 639 pendentem
2644 571 2963 642 reliquerim?
2979 573 3072 623 Cui
3096 570 3464 640 respondimus
3480 588 3493 603 ·
3533 580 3537 588 “

1918 660 2003 713 Ιια
2033 678 2122 715 nos
2147 663 2198 715 in
2229 670 2449 731 tempore
2484 664 2689 715 miratos
2717 664 2869 733 fuisse
2897 664 3079 716 scimus
3110 672 3155 715 et
3184 662 3495 732 recognosci-
3538 666 3541 667 ⁷

1921 769 2049 805 mus.
2088 750 2154 806 At
2182 754 2265 807 ille
2295 772 2306 806 :
2338 752 2515 819 Credo,
2549 756 2641 820 ait,
2682 754 2814 823 quod
2842 754 2970 823 forte
2999 753 3213 823 aliquem
3251 762 3496 806 errantem

1918 843 1971 895 in
2002 846 2187 913 populo
2224 844 2468 899 Dominus
2497 862 2585 915 per
2614 854 2834 897 nostram
2874 845 3253 897 oblivionem'et
3283 860 3499 897 errorem

1921 935 2087 987 doceri
2123 945 2168 987 et
2205 937 2370 989 curari
2395 937 2628 1003 voluerit,
2665 936 2717 988 in
2747 936 2892 1005 cujus
2920 952 3071 988 manu
3107 944 3221 988 sunt
3260 945 3305 989 et
3337 952 3428 989 nos
3457 944 3501 987 et

1920 1043 2170 1081 sermones
2199 1031 2371 1081 nostri.
2422 1026 2559 1080 Nam
2600 1046 2711 1081 cum
2751 1028 3021 1099 proposita:
3057 1028 3344 1094 qua‘sliouis
3372 1028 3499 1080 late-

1924 1118 2036 1172 bras
2058 1117 2074 1150 ί
2103 1127 2473 1189 pertractarem,
2518 1120 2569 1171 in
2606 1116 2749 1171 aliud
2773 1119 3016 1172 sermonis
3044 1134 3252 1172 excursu
3276 1117 3496 1186 perrexi,

1924 1220 2069 1278 atque
2096 1211 2165 1262 ita
2189 1226 2289 1263 non
2312 1210 2546 1263 conclusa
2572 1210 2648 1263 vel
2671 1210 2921 1279 explicata
2947 1211 3235 1279 quazsn'one,
3271 1210 3500 1277 disputa-

1924 1301 2104 1377 tionem
2140 1301 2402 1354 terminari
2422 1343 2434 1367 ,
2468 1303 2625 1371 magis
2652 1302 2914 1355 adversum
2943 1301 3339 1356 Manichworum
3364 1320 3502 1356 erro-

1924 1411 2049 1459 rem,
2081 1395 2210 1447 unde
2240 1395 2366 1447 nihil
2392 1395 2553 1447 dicere
2583 1396 2914 1461 decreveram,
2945 1396 3238 1466 disputans,
3270 1413 3418 1464 quant
3444 1397 3505 1449 de

1924 1484 1986 1536 iis
2010 1500 2120 1553 qua:
2145 1500 2363 1537 asserere
2386 1500 2763 1556 preposrtcram.
2798 1486 2859 1539 Et
2887 1494 3007 1554 post
3034 1485 3166 1551 hazc,
3198 1486 3300 1539 nisi
3328 1486 3502 1553 fallor,

1885 1600 1888 1603 π
1926 1590 2052 1629 ecce
2091 1577 2186 1627 alia
2226 1576 2312 1629 die
2347 1576 2428 1629 vel
2472 1584 2590 1645 post
2627 1576 2843 1630 biduum
2874 1578 3016 1631 venit
3056 1577 3268 1647 quidam
3298 1576 3505 1632 Firmus

1926 1669 2171 1732 nomine,
2216 1669 2538 1738 negotiator,
2591 1678 2643 1723 et
2687 1670 2821 1723 intra
2869 1673 3247 1725 monasterium
3288 1670 3506 1727 Scdcnte

1927 1767 2111 1811 sancto
2131 1759 2444 1827 Augustino,
2470 1760 2623 1813 nobis
2648 1775 2847 1826 coram,
2877 1760 2943 1813 ad
2972 1762 3131 1830 pedes
3150 1762 3265 1829 ejus
3287 1763 3507 1831 genibus

1928 1848 2234 1916 provolutus
2262 1862 2379 1903 sese
2399 1850 2643 1917 jactavit,
2673 1851 2933 1920 Iacrymas
2962 1851 3201 1913 fundens,
3236 1860 3287 1903 et
3316 1867 3507 1920 rogans

1927 1948 1984 1991 ut
2008 1953 2103 2006 pro
2133 1938 2241 1992 suis
2264 1938 2468 1993 delictis
2498 1940 2744 1994 sacerdos
2785 1955 2904 1993 cum
2946 1941 3138 1993 sanctis
3164 1942 3185 1971 ³
3227 1941 3505 1995 Deminum

1929 2040 2231 2098 precaretur
2251 2073 2264 2097 ,
2298 2034 2556 2085 conﬁtens
2586 2030 2725 2100 quod
2758 2031 3163 2084 Manichaeorum
3192 2039 3390 2085 sectam
3420 2048 3506 2087 se~

1928 2132 2080 2177 cutus
2104 2124 2303 2187 fuisset,
2336 2131 2387 2176 ct
2414 2125 2464 2177 in
2488 2141 2544 2177 ea
2574 2140 2731 2194 quam
2761 2124 2998 2196 plur'unis
3020 2125 3171 2177 annis
3194 2125 3428 2191 vixisset,
3456 2136 3510 2178 et

1929 2226 2208 2286 propterea
2238 2220 2513 2284 pecuniam
2546 2220 2763 2272 multam
2798 2221 2919 2288 ipsis
2953 2218 3285 2281 Manichmis,
3319 2218 3399 2271 vel
3430 2219 3508 2271 eis

1930 2320 2061 2377 quos
2088 2308 2266 2361 dicunt
2292 2308 2507 2373 electos,
2541 2310 2803 2364 incassum
2830 2322 3098 2381 erogassct
3129 2331 3141 2365 :
3171 2328 3232 2366 ac
3258 2325 3315 2365 se
3346 2310 3397 2366 in
3423 2324 3506 2361 ec—

1930 2399 2114 2465 clesia,
2148 2401 2237 2454 Dei
2266 2401 2647 2468 misericordia,
2683 2403 2842 2457 fuisse
2870 2406 2983 2472 ejus
3011 2406 3313 2459 tractatibus
3344 2422 3510 2475 nuper

1931 2500 2225 2545 correctum
2252 2499 2410 2561 atque
2437 2493 2752 2548 catholicum
2784 2494 2993 2548 factum.
3027 2496 3175 2561 Quod
3204 2506 3255 2550 ct
3280 2498 3390 2565 ipse
3416 2513 3507 2551 vc-

1931 2584 2181 2638 nerabilis
2215 2585 2564 2655 Augustinus,
2606 2596 2659 2641 et
2692 2604 2785 2640 nos
2822 2588 2910 2656 qui
2944 2594 3066 2641 tunc
3103 2588 3413 2654 aderamus,
3445 2590 3512 2642 ab

1932 2676 2118 2730 eodem
2144 2676 2420 2746 diligenter
2448 2678 2791 2747 inquircntcs,
2820 2694 2883 2731 ex
2906 2694 3005 2746 qua
3029 2695 3083 2731 re
3108 2680 3431 2747 potissimum
3461 2681 3509 2731 in

1932 2767 2025 2821 illo
2056 2777 2278 2822 tractatu
2322 2768 2420 2822 sibi
2465 2769 2617 2821 fuerit
2659 2760 3015 2832 satisfwtum,
3060 2777 3111 2821 et
3140 2769 3402 2823 referente
3426 2787 3511 2833 eo,

1932 2861 2189 2928 nobisque
2211 2861 2455 2913 omnibus
2482 2860 2744 2913 sermonis
2771 2860 2959 2915 seriem
2989 2861 3509 2929 recognoscentibus,

1935 2951 2251 3022 profundum
2284 2952 2559 3005 consilium
2592 2953 2681 3006 Dci
2712 2968 2807 3022 pro
2832 2952 2998 3007 Salute
3024 2956 3315 3008 animarum
3348 2956 3516 3009 admi‘

1933 3057 2109 3099 rantes
2138 3054 2189 3099 et
2215 3055 2514 3114 stupentes,
2545 3046 2954 3116 gloriﬁcavimns
2994 3056 3230 3100 sanctum
3272 3046 3385 3116 ejus
3415 3064 3513 3101 no-

1933 3144 2077 3201 men,
2107 3146 2158 3191 ct
2184 3137 2582 3201 bcncdiximus;
2612 3139 2698 3207 qui
2729 3154 2847 3192 cum
2874 3139 3132 3204 voluerit,
3161 3147 3212 3192 ct
3242 3139 3378 3192 unde
3419 3154 3513 3192 vo-

1934 3229 2126 3297 luerit,
2159 3240 2211 3284 ct
2239 3231 2503 3300 quomodo
2532 3232 2791 3293 voluerit,
2838 3240 2890 3284 et
2928 3247 3022 3300 per
3064 3232 3288 3285 scientes
3327 3240 3378 3284 ct
3424 3246 3516 3300 per

1933 3321 2230 3375 nescientes
2258 3324 2479 3375 salutem
2511 3335 2760 3389 operatur
2792 3322 3105 3377 animarum.
3140 3323 3205 3376 Et
3233 3339 3299 3377 ex
3334 3338 3398 3377 eo
3427 3323 3515 3377 ille

1935 3412 2093 3465 homo
2126 3414 2392 3481 proposito
2418 3430 2689 3467 servorum
2724 3414 2813 3467 Dei
2841 3413 3135 3477 adhurrens,
3172 3415 3516 3482 negotiatoris

1933 3503 2132 3558 dimisit
2158 3505 2417 3557 actionem
2440 3547 2453 3569 ,
2486 3514 2537 3557 et
2571 3504 2848 3573 prolicieus
2876 3504 2926 3556 in
2958 3504 3210 3558 Ecclesia:
3241 3505 3511 3572 membris,

1934 3595 1985 3648 in
2027 3596 2125 3649 alia
2173 3596 2386 3665 regione
2430 3594 2493 3648 ad
2534 3594 2842 3664 presbyterii
2882 3610 3089 3664 (pioque
3118 3594 3212 3647 Dei
3248 3594 3515 3649 voluntate

1935 3690 2129 3757 petitus
2160 3698 2214 3743 et
2240 3698 2454 3743 coactus
2479 3688 2699 3741 accessit
2730 3688 2957 3740 ollicium
2977 3728 2989 3749 ,
3020 3697 3205 3741 tenens
3236 3696 3393 3755 atque
3418 3703 3507 3739 cu-

1935 3780 2169 3835 stodiens
2200 3780 2453 3849 prepositi
2492 3781 2825 3833 sanctitatem
2857 3795 2867 3827 :
2902 3788 2952 3832 et
2984 3779 3115 3831 forte
3144 3778 3314 3832 adhuc
3342 3792 3512 3847 usque

1935 3873 1987 3925 in
2026 3871 2183 3925 rebus
2220 3870 2462 3924 humanis
2489 3870 2613 3922 vivit
2640 3878 2785 3922 trans
2812 3884 2956 3922 mare
2984 3869 3318 3922 constitutus.

1934 3978 2157 4039 CAPUT
2184 3982 2323 4037 XVI.
2337 4013 2407 4021 —
2426 3981 2823 4034 illailia/urorum
2845 3980 3163 4035 exsecranda:
3182 3979 3514 4050 turpitudines

2205 4075 2426 4127 (ἰατρείας.
2452 4071 2603 4126 Felix
2630 4072 2941 4125 Manio/nens
2968 4088 3247 4125 Conversus.

2005 4178 2159 4247 Apud
2201 4176 2570 4245 Carthaginem
2633 4193 2839 4246 quoque
2874 4218 2888 4243 ,
2932 4177 3053 4229 dum
3096 4192 3188 4245 per
3233 4178 3511 4248 quemdam

1935 4270 2122 4323 domus
2168 4270 2327 4338 regiae
2368 4278 2801 4337 procuratorem,
2846 4267 3059 4321 nomine
3101 4267 3287 4323 Ursum
3321 4309 3334 4331 ,
3390 4268 3514 4323 ﬁdei

1935 4358 2207 4415 catholica:
2276 4359 2541 4412 hominem
2570 4399 2584 4424 ,
2637 4358 2704 4411 ad
2757 4358 3011 4427 quosdam
3061 4358 3509 4424 Manichaeorum,

1934 4468 2068 4522 qpos
2092 4451 2291 4505 electos
2317 4452 2399 4505 vel
2429 4450 2622 4504 electas
2648 4450 2861 4516 dicunt,
2898 4460 3183 4518 praesentes
3214 4452 3515 4519 pervenire-

1928 4552 2056 4615 tur,
2103 4555 2260 4615 atque
2304 4546 2369 4598 ad
2412 4544 2689 4599 ecclesiam
2732 4544 2797 4597 ab
2834 4543 3019 4598 eodem
3049 4543 3434 4598 deducerentur
3462 4553 3514 4597 et

1938 4638 2376 4708 perducerenlur,
2401 4636 2468 4690 ab
2489 4637 2750 4706 episcopis
2771 4636 2836 4690 ad
2858 4637 3061 4690 tabulas
3087 4635 3158 4708 (ιι)
3182 4638 3345 4691 auditi
3367 4648 3508 4691 sunt.

1936 4729 2078 4783 Inter
2095 4742 2229 4799 quos
2248 4729 2405 4783 etiam
2432 4739 2626 4783 sanetae
2650 4728 2919 4781 memorim
2945 4728 3267 4796 Augustinus
3288 4728 3402 4791 fuit,
3425 4728 3513 4797 qui

1936 4838 2046 4893 pne
2089 4823 2293 4878 caneris
2338 4823 2479 4877 illam
2521 4823 2897 4877 exsecrabilem
2940 4833 3136 4877 sectam
3178 4830 3427 4887 noverat,
3460 4830 3513 4875 et

1937 4929 2118 4970 eorum
2149 4913 2379 4983 prodens
2417 4914 2673 4981 ejusmodi
2705 4914 3030 4967 (hitunabiles
3060 4912 3413 4979 blasphemias
3446 4927 3512 4966 ex

1934 5006 2067 5062 locis
2091 5008 2364 5072 librorum,
2393 5022 2525 5076 quos
2550 5008 2623 5061 illi
2650 5008 2914 5075 accipiunt
2940 5004 3231 5069 Maniclnci,
3262 5022 3427 5073 usque
3447 5006 3511 5058 ad

1936 5099 2321 5154 confessionem
2343 5099 2647 5153 earumdem
2664 5098 3104 5169 blasphemiarum
3124 5112 3216 5151 eos
3235 5098 3477 5165 perduxit
3497 5116 3508 5148 :

1937 5196 1991 5245 et
2017 5206 2134 5259 quae
2162 5190 2299 5244 inter
2326 5205 2384 5245 se
2419 5188 2493 5244 illi
2523 5206 2618 5245 suo
2646 5206 2791 5243 more
2824 5189 2962 5241 malo
2999 5187 3207 5256 indigna
3248 5198 3299 5241 et
3344 5190 3547 5255 turpia-

1937 5280 2114 5336 facere
2139 5290 2541 5347 consueverant,
2571 5280 2885 5334 feminarum
2917 5280 3123 5333 illarum
3150 5280 3296 5334 velut
3320 5280 3511 5335 electa-

2002 5415 2019 5445 ί
2054 5421 2106 5463 ω
2142 5418 2269 5473 Mss,
2293 5410 2463 5465 tatem
2488 5411 2777 5475 -sallnas,
2816 5426 2881 5463 ex
2912 5412 2994 5464 Cd.
3034 5413 3177 5463 \‘atic.
3220 5411 3373 5473 1188,
3399 5411 3509 5463 tate-

1938 5474 2091 5524 bram.
2157 5484 2214 5524 at.

2001 5539 2020 5568 ³
2053 5538 2127 5585 sic
2149 5544 2255 5586 Mss.
2279 5542 2337 5585 At
2359 5535 2478 5585 editi
2502 5548 2516 5585 :
2543 5543 2662 5585 Cum
2684 5534 2803 5587 suis.

1998 5642 2070 5704 (α)
2098 5643 2161 5691 ,rd
2184 5642 2383 5701 tabidas,
2407 5642 2454 5691 id
2475 5648 2568 5702 est,
2589 5642 2787 5692 notariis
2802 5641 3157 5703 excipientihus
3174 5644 3226 5687 et
3254 5641 3301 5686 in
3324 5636 3511 5704 tabulas

1937 5702 2258 5754 intercutibus
2292 5705 2587 5767 interrogata
2613 5711 2663 5753 et
2691 5716 2924 5767 responsa
2950 5717 2989 5767 μιν
3011 5703 3179 5767 sicque
3218 5702 3509 5767 notariomni

1937 5780 2089 5828 opere
2122 5774 2349 5828 coniecta
2368 5761 2587 5816 suntvilla
2616 5761 2915 5828 gestafquae
2949 5761 3397 5828 medimnum
3439 5761 3507 5809 di-

1938 5823 2125 5888 cuntur,
2160 5828 2275 5875 etin
2310 5826 2429 5877 libro
2460 5828 2523 5876 de
2556 5823 2844 5885 HaTresilius',
2864 5826 2980 5873 hwr.
3003 5824 3081 5884 46,
3113 5823 3412 5886 episcopatu.
