3994 6352
489 413 557 468 47
1607 400 1761 457 VITA
1800 399 1858 456 S.
1898 396 2265 458 AUGUSTINI
2299 393 2622 459 EPISCUPI,
3676 386 3751 444 48

491 539 607 581 rum
635 522 962 594 proditione,
1003 521 1107 576 illis
1144 518 1512 576 ecclesiasticis
1550 516 1715 588 gestis
1740 514 2064 569 declaratum

489 626 591 673 est.
623 619 796 685 Atque
824 614 897 669 ita
924 622 1192 683 pastorum
1218 610 1485 680 diligentia
1502 650 1517 675 ,
1545 606 1809 661 dominico
1836 603 1982 675 gregi
2010 607 2067 656 et

489 715 826 779 augmentum
852 705 1093 769 accessit,
1123 711 1178 758 et
1199 702 1455 757 adversus
1482 698 1624 754 fures
1647 705 1806 767 atque
1830 696 2064 749 latrones

488 796 729 853 defensio
748 803 1057 865 competens
1076 800 1349 862 procurata
1371 797 1469 846 est.
1497 787 1628 843 Cum
1650 785 1878 856 quodam
1904 784 2063 838 etiam

489 887 697 954 Felice,
726 886 793 941 de
831 900 1053 940 numero
1081 898 1261 938 eorum
1292 895 1425 951 quos
1461 880 1660 933 electos
1690 876 1871 929 dicunt
1898 871 2064 927 Mani-

490 978 623 1034 «ξιιπί
654 979 673 1010 ⁸
696 1018 711 1044 ,
758 977 962 1048 publice
1003 976 1055 1029 in
1092 972 1412 1043 Hipponensi
1456 967 1675 1022 ecclesia
1718 964 1934 1019 notariis
1973 978 2068 1016 ex-

491 1069 807 1141 cipientibus
831 1069 1115 1137 diSputavit
1137 1064 1332 1135 populo
1354 1068 1560 1116 astante
1590 1077 1604 1113 :
1632 1066 1686 1113 et
1719 1064 1838 1126 post
1872 1070 2064 1109 secun-

492 1161 614 1216 dam
639 1158 723 1215 vel
754 1158 960 1213 tertiam
994 1154 1330 1211 collationem
1358 1151 1445 1204 ille
1472 1148 1790 1203 Manichazus
1819 1143 2067 1198 frustrata

495 1251 724 1306 vanitate
752 1258 807 1304 et
831 1262 1013 1304 errore
1042 1245 1204 1315 ipsius
1224 1251 1401 1305 sectae,
1430 1239 1495 1293 ad
1522 1247 1753 1293 nostram
1780 1247 2067 1289 conversus

494 1351 579 1400 est
600 1342 757 1396 ﬁdem
779 1349 935 1410 atque
956 1337 1267 1401 Ecelesiam,
1294 1334 1429 1387 sicut
1450 1329 1633 1388 eadem
1657 1327 1855 1382 relecta
1875 1324 2069 1378 docere

495 1433 689 1503 poterit
715 1432 970 1501 scriptura
1002 1427 1097 1500 (a).

496 1543 720 1600 CAPUT
746 1538 1280 1597 XVll.—Pascentius
1308 1551 1469 1589 comes
1489 1532 1707 1588 Arianae
1730 1530 1783 1583 in
1804 1526 2071 1581 collatione

565 1635 849 1689 revincitur.
873 1628 1086 1686 Collatio
1109 1646 1222 1681 cum
1245 1626 1524 1680 Maximino
1542 1623 1772 1693 episcOpo
1786 1618 1996 1671 Ariano.

566 1726 829 1780 Praeterea
879 1738 999 1777 cum
1049 1720 1273 1790 quodam
1324 1719 1481 1773 etiam
1546 1712 1822 1769 Pascentio
1879 1709 2071 1763 comite

494 1820 683 1874 domus
708 1819 865 1888 regiae
891 1816 1105 1879 Ariano,
1132 1813 1219 1883 qui
1262 1826 1356 1881 per
1392 1808 1756 1864 auctoritatem
1795 1820 1904 1858 suae
1954 1816 2074 1871 pcr-

496 1927 642 1967 sonae
697 1909 809 1965 ﬁsci
860 1904 1356 1963 vehementissimus
1408 1908 1641 1965 exactor,
1686 1896 1843 1951 ﬁdem
1892 1892 2074 1947 catho-

496 2006 652 2060 licam
680 2002 928 2058 atrociter
952 2016 1015 2055 ac
1034 1998 1228 2069 jugiter
1252 1993 1606 2065 oppugnabat,
1634 1998 1690 2046 et
1721 2004 1879 2059 quam
1908 1985 2073 2055 pluri-

498 2109 615 2149 mos
632 2092 934 2148 sacerdotes
950 2090 1041 2144 Dei
1062 2086 1366 2156 simpliciori
1394 2084 1495 2138 ﬁde
1516 2082 1772 2144 viventes,
1798 2077 2074 2132 dicacitate

498 2200 560 2241 ac
577 2192 841 2256 potestate
878 2180 1194 2251 exagitabat,
1239 2186 1291 2230 et
1326 2173 1681 2244 perturbabat,
1712 2165 2073 2235 interpositis’

498 2275 772 2331 honoratis
800 2283 853 2330 et
876 2272 1142 2327 nobilibus
1165 2268 1311 2333 viris,
1340 2264 1476 2333 apud
1501 2261 1869 2330 Carthaginem
1897 2256 2075 2311 abillo

499 2375 835 2438 provocatus,
864 2377 1044 2418 coram
1063 2358 1302 2415 contulit.
1331 2355 1437 2410 Sed
1460 2354 1599 2408 idem
1625 2352 1904 2405 haereticus
1923 2348 2077 2401 tabu-

498 2460 576 2514 las
628 2467 787 2528 atque
842 2454 1056 2517 stilum,
1113 2448 1251 2520 quod
1296 2446 1543 2515 magister
1586 2450 1766 2496 noster
1795 2440 1814 2469 ³
1863 2447 1916 2493 et
1954 2446 2077 2491 ante

498 2527 841 2619 eongreSsum
880 2552 933 2598 et
970 2542 1023 2597 in
1060 2553 1347 2609 congressu
1378 2533 1758 2589 instantissime
1788 2528 1901 2583 ﬁeri
1929 2527 2075 2581 vole-

498 2617 626 2703 bat,
661 2652 728 2691 ne
766 2634 1013 2689 adessent
1042 2628 1187 2685 omni
1216 2626 1374 2682 modo
1412 2623 1706 2679 recusabat.
1754 2621 1821 2674 Et
1858 2619 1982 2673 dum
2024 2617 2077 2672 id

500 2735 877 2801 pernegasset,
923 2725 1106 2779 dicens
1150 2720 1289 2791 quod
1338 2727 1484 2772 metu
1526 2717 1700 2785 legum
1747 2714 2077 2783 publicarum

503 2818 789 2891 periclitari
818 2816 1008 2870 tabulis
1034 2813 1244 2881 scriptis
1270 2809 1467 2873 nollet;
1498 2814 1656 2875 atque
1680 2803 2005 2873 interpositis
2026 2801 2079 2856 id

502 2911 713 2982 placere
741 2907 1067 2977 Augustinus
1096 2905 1374 2972 episcopus
1413 2913 1533 2952 cum
1576 2896 1686 2950 suis
1728 2895 1817 2965 qui
1858 2893 2081 2948 aderant

504 2997 966 3057 consacerdotibus
995 2993 1219 3057 videret,
1248 2998 1304 3044 ut
1326 2988 1526 3058 absque
1552 2985 1661 3039 ulla
1683 2984 1940 3054 scriptura
1970 2982 2079 3051 pri-

506 3090 665 3145 vatim
689 3089 1037 3159 disputarent,
1069 3082 1405 3138 collationem
1444 3078 1677 3146 suscepit
1714 3094 1728 3130 :
1763 3074 2077 3144 prmdicens,

506 3191 559 3238 ut
584 3180 929 3253 postmodum
941 3174 1159 3245 contigit
1174 3215 1188 3241 ,
1211 3172 1352 3243 quod
1378 3179 1496 3240 post
1514 3169 1741 3224 solutum
1763 3173 2081 3221 conventum

505 3288 626 3329 esse
671 3270 916 3341 cuiquam
964 3272 1144 3337 posset
1192 3262 1416 3317 liberum
1446 3258 1468 3291 ⁸
1512 3258 1645 3314 forte
1685 3257 1897 3321 dicere,
1938 3254 2083 3310 nullo

506 3364 781 3433 scripturce
809 3360 1129 3414 documento
1149 3396 1163 3419 ,
1204 3367 1264 3407 se
1295 3352 1491 3406 dixisse
1522 3348 1662 3419 quod
1699 3348 1833 3402 forte
1864 3361 1969 3401 non
1998 3345 2084 3400 di-

508 3452 676 3517 xerit,
708 3449 793 3506 vel
828 3464 934 3504 non
968 3446 1164 3501 dixisse
1193 3441 1333 3513 quod
1361 3439 1569 3495 dixerit.
1614 3440 1682 3493 Et
1720 3437 1932 3492 miscuit
1963 3452 2084 3489 cum

509 3543 697 3598 eodem
721 3554 1023 3598 sermonem
1045 3578 1060 3604 ,
1085 3546 1242 3607 atque
1266 3532 1491 3588 asseruit
1511 3531 1635 3600 quid
1655 3530 1915 3595 crederet,
1947 3537 1999 3583 et
2018 3528 2087 3583 ab

510 3636 599 3689 illo
623 3634 749 3705 quid
777 3640 983 3687 teneret
1011 3628 1228 3691 audivit,
1258 3636 1310 3680 et
1334 3640 1455 3679 vera
1487 3623 1691 3677 ratione
1717 3632 1875 3691 atque
1901 3629 2080 3675 aucto-

510 3728 668 3782 ritate
716 3724 1105 3794 Scripturarum
1159 3718 1377 3787 probata
1430 3713 1693 3779 docuit',
1752 3724 1804 3767 et
1859 3712 2089 3767 ostendit

515 3827 711 3872 nostrae
750 3815 871 3868 ﬁdei
911 3813 1239 3866 firmamenta
1272 3825 1283 3859 :
1318 3807 1460 3860 illius
1500 3813 1676 3858 autem
1716 3813 1918 3858 asserta
1948 3804 2090 3857 nulla

513 3907 769 3969 veritate,
816 3904 957 3957 nulla
1002 3902 1389 3968 Scripturarum
1435 3904 1737 3951 sanctarum
1781 3894 2092 3949 auctoritate

517 3998 728 4054 suffulta
754 3995 950 4057 docuit,
980 4003 1031 4046 et
1053 3990 1343 4046 frustravit.
1371 3987 1439 4042 Et
1465 3996 1571 4040 uta
1594 4004 1650 4042 se
1674 3988 1895 4041 invicem
1918 3993 2094 4054 partes

517 4090 767 4159 digressae
799 4094 952 4150 sunt,
991 4083 1080 4136 ille
1107 4084 1273 4149 magis
1304 4079 1576 4149 magisque
1616 4079 1781 4131 iratus
1810 4084 1863 4130 et
1890 4077 2091 4142 furens,

519 4178 793 4234 mendacia
815 4175 976 4229 multa
1000 4188 1095 4241 pro
1117 4170 1219 4224 ﬁde
1236 4185 1327 4223 sua
1350 4168 1477 4223 falsa
1494 4169 1745 4238 jactabat,
1765 4168 1955 4221 victum
1977 4180 2096 4220 esse

519 4286 550 4325 a
581 4284 639 4324 se
665 4269 779 4337 ipso
807 4264 1166 4335 proclamans,
1201 4260 1485 4316 multorum
1510 4274 1601 4313 ore
1626 4257 1890 4312 laudatum
1916 4258 2095 4325 Augu-

523 4364 739 4417 stinum.
770 4358 898 4425 Quae
924 4372 1042 4411 cum
1073 4354 1094 4384 ⁸
1122 4353 1337 4411 minime
1364 4354 1616 4417 laterent,
1657 4359 1870 4403 coactus
1912 4356 1996 4402 est
2032 4346 2097 4401 ad

524 4458 696 4526 ipsum
719 4450 952 4509 scribere
971 4448 1325 4511 Pascentium,
1348 4453 1560 4514 propter
1579 4442 1719 4495 illius
1736 4448 1933 4494 metum
1948 4439 2100 4492 omis-

526 4548 601 4602 sis
621 4546 924 4602 nominibus
943 4539 1358 4600 conferentium;
1386 4543 1439 4589 et
1464 4535 1515 4587 in
1539 4531 1617 4587 eis
1638 4531 1827 4585 litteris
1850 4527 2099 4602 quidquid

526 4639 668 4694 inter
689 4647 866 4707 partes
886 4635 1081 4689 dictum
1106 4631 1189 4685 vel
1210 4638 1415 4699 gestum
1437 4625 1628 4691 fuerat,
1655 4623 1875 4677 ﬁdeliter
1894 4600 2113 4675 intima:

529 4728 606 4784 vit
633 4746 647 4784 :
673 4727 740 4782 ad
765 4742 852 4791 ea,
885 4726 927 4779 si
958 4730 1292 4792 negarentur,
1326 4715 1593 4786 probanda
1622 4729 1861 4783 magnam
1893 4711 2101 4766 testium

531 4818 736 4877 habens
754 4816 982 4886 cepiam,
1003 4812 1327 4866 clarissimos
1348 4808 1549 4862 scilicet
1569 4814 1723 4874 atque
1745 4803 2099 4867 honorabiles,

529 4912 617 4985 qui
642 4919 767 4968 tunc
786 4900 1025 4972 aderant,
1053 4905 1213 4958 viros.
1242 4904 1415 4971 Atque
1444 4899 1530 4953 ille
1555 4899 1620 4952 ad
1647 4897 1752 4951 duo
1780 4896 1879 4951 sibi
1907 4896 2103 4950 directa

532 5003 751 5073 scripta,
777 5013 940 5055 unum
965 4998 1053 5050 vix
1077 4992 1306 5049 reddidit
1329 4990 1643 5059 rescriptum
1668 4989 1719 5055 ",
1762 4988 1813 5042 in
1849 5002 1955 5056 quo
1990 5001 2104 5039 ma-

533 5094 614 5164 gis
640 5091 886 5162 injuriam
911 5086 1086 5142 facere
1106 5126 1121 5152 ,
1148 5097 1306 5154 quam
1332 5096 1441 5135 suae
1469 5088 1628 5136 secta:
1656 5080 1916 5132 rationem
1946 5077 2107 5130 valuit

595 5224 613 5256 ¹
640 5225 733 5294 ,ιιίίξ
767 5221 885 5271 editi
920 5212 2109 5294 εάἀαηίν-9¹έέιῖρε.ζίένΡὲιέῖ’1ἓεΒεζ¹ἒνιίέἐ-ῗυὲιάθ⁷η

486 5308 513 5325 ο
533 5281 850 5336 seminaturus
872 5272 1285 5331 errorem.'verba
1306 5272 1430 5325 sunt
1440 5272 1686 5339 Augustini
1709 5273 1761 5322 in
1790 5272 1915 5321 libro
1936 5285 2110 5322 secun-

532 5347 595 5397 do
617 5343 1041 5403 Retractationum,
1054 5354 1160 5403 cap.
1184 5340 1232 5389 8.

595 5377 1129 5468 ²““ἕξῐίῗίζ“”ῥῖἰῖεε“ἓι“”ιιζωνιὲἷ

597 5470 621 5532 f
650 5454 973 5532 Floriacenses
994 5463 1089 5532 duo
1111 5460 1437 5532 manuscripti,
1460 5458 1586 5523 quod
1608 5454 1761 5520 magis
1782 5460 1956 5506 noster.

595 5528 619 5561 ⁸
648 5528 801 5577 Editio
823 5534 933 5576 Lov.
959 5525 1104 5584 addit,
1127 5521 1396 5584 arbitrimn.

598 5591 619 5651 ξ
653 5589 877 5651 Plerique
901 5596 1027 5651 Mss,
1050 5581 1237 5651 prolata
1260 5581 1436 5633 docuit.

595 5650 619 5684 ⁸
649 5637 871 5702 iiieediti
894 5637 1108 5698 addu'n't:
1139 5645 1281 5697 Illum
1300 5641 1615 5696 venerabilem
1634 5637 1806 5702 virum.

598 5714 618 5744 τ
960 5697 1039 5772 ca.
1064 5697 1179 5772 mg.
1205 5708 1293 5758 2m
1518 5700 2022 5772 mammam.
2046 5697 2112 5772 at

541 5776 636 5824 duo
649 5762 932 5837 κνῆ)ωᾶιή
948 5762 1313 5830 αἰνεεεαῖωιιηη
1328 5762 1502 5817 librum
1532 5762 1747 5815 reddidit
1776 5762 2024 5825 scriptum.
2054 5769 2107 5809 M.

599 5862 670 5921 (a)
693 5867 804 5909 Acta
834 5872 943 5909 cum
971 5857 1128 5908 Felice
1160 5854 1429 5909 Manichaee.
1452 5852 1500 5898 in
1532 5850 1722 5897 tomoB.

2170 508 2458 564 declarare.
2499 507 2653 577 Quod
2690 522 2721 562 a
2758 506 3054 562 volentibus
3092 513 3146 561 et
3170 520 3201 559 a
3230 504 3527 560 valentibus
3564 504 3744 575 legere

2170 603 2561 672 comprobatur.

2240 692 2371 748 Cum
2422 693 2658 761 ipsorum
2706 707 2916 763 quoque
2969 690 3280 744 Arianorum
3327 687 3578 758 episcopo
3620 700 3753 755 quo-

2171 784 2291 839 dam
2314 783 2597 838 Maximino
2621 799 2742 839 cum
2767 782 2956 839 Gothis
2981 782 3046 836 ad
3068 781 3299 835 Africam
3319 779 3585 844 veniente,
3610 776 3753 846 apud

2174 876 2473 945 Hipponem
2494 891 2652 945 quam
2674 875 2912 946 plurimis
2931 873 3228 929 volentibus
3249 879 3407 941 atque
3427 870 3750 939 petentibus,

2172 976 2227 1024 et
2246 969 2513 1038 praeclaris
2536 968 2858 1036 interpositis
2878 967 3006 1021 viris
3028 964 3254 1020 contulit
3275 981 3288 1016 :
3310 971 3365 1017 et
3383 961 3508 1031 quid
3528 961 3751 1031 Singula:

2172 1059 2495 1113 asseruerint
2519 1066 2724 1127 partes,
2764 1058 3015 1126 scriptum
3043 1063 3141 1109 est.
3180 1054 3309 1120 Qua:
3334 1051 3380 1106 si
3409 1051 3628 1106 studiosi
3662 1050 3750 1103 di-

2172 1152 2397 1223 ligenter
2422 1152 2597 1220 legere
2626 1148 2945 1213 curaverint,
2969 1146 3151 1217 procul
3180 1145 3340 1199 dubio
3371 1142 3750 1212 indagabunt‘,

2172 1243 2257 1299 vel
2295 1242 2420 1312 quid
2450 1240 2638 1295 callida
2667 1248 2721 1294 et
2746 1238 3117 1293 irrationabilis
3148 1235 3365 1290 haeresis
3393 1234 3458 1287 ad
3491 1233 3753 1287 seducen-

2173 1335 2299 1389 dum
2339 1342 2395 1389 et
2433 1330 2797 1400 decipiendum
2840 1328 3181 1398 proﬁteatur,
3230 1326 3312 1380 vel
3354 1323 3479 1394 quid
3518 1323 3752 1377 Ecclesia

2173 1426 2430 1481 catholica
2468 1425 2535 1478 de
2569 1423 2745 1477 divina
2772 1428 2947 1475 teneat
2972 1426 3026 1473 et
3059 1416 3310 1488 praedicet
3337 1415 3613 1470 Trinitate.
3646 1413 3753 1468 Sed

2174 1517 2422 1588 quoniam
2450 1515 2537 1569 ille
2568 1513 2849 1568 haereticus
2893 1511 2961 1565 de
2997 1510 3237 1579 Hippone
3272 1506 3484 1561 rediens
3521 1505 3585 1559 ad
3623 1503 3752 1560 Car-

2174 1610 2473 1680 thaginem,
2513 1608 2580 1662 de
2615 1622 2708 1661 sua
2737 1605 2901 1660 multa
2929 1604 2982 1657 in
3014 1600 3295 1657 collatione
3327 1600 3642 1670 loquacitate
3671 1600 3752 1652 vi-

2174 1711 2374 1757 ctorem
2431 1716 2491 1755 se
2538 1700 2605 1754 de
2658 1699 2769 1768 ipsa
2830 1696 3114 1752 collatione
3166 1693 3448 1748 recessisse
3497 1691 3752 1761 jactavit,

2174 1802 2231 1847 et
2256 1793 2506 1846 mentitus
2534 1799 2652 1854 est;
2685 1805 2803 1858 quae
2828 1788 3007 1856 utique
3045 1800 3150 1840 non
3176 1784 3330 1839 facile
3353 1799 3384 1838 a
3409 1783 3600 1837 divina:
3626 1781 3756 1850 legis

2176 1882 2373 1952 ignaris
2402 1880 2692 1935 examinari
2722 1887 2775 1933 et
2802 1876 3079 1945 dijudicari
3107 1884 3323 1946 possent
3361 1893 3373 1928 :
3411 1889 3439 1928 a
3469 1873 3756 1929 venerabili

2176 1972 2469 2041 Augustino
2490 1968 2759 2039 sequentis
2787 1968 3042 2036 temporis
3062 1967 3201 2031 stilo,
3233 1974 3287 2020 et
3308 1964 3446 2018 illius
3466 1965 3622 2017 totius
3642 1963 3756 2017 col-

2176 2062 2387 2116 lationis
2423 2061 2489 2115 de
2517 2056 2738 2130 singulis
2762 2058 2985 2127 objectis
3013 2066 3067 2113 et
3099 2056 3365 2126 responsis
3394 2055 3527 2109 facta
3554 2063 3641 2108 est
3666 2068 3757 2107 re-

2177 2154 2500 2222 capitulatio,
2530 2161 2585 2206 et
2606 2166 2761 2220 quam
2785 2150 2913 2204 nihil
2941 2150 3026 2203 ille
3046 2148 3267 2217 objectis
3286 2146 3484 2201 referre
3504 2146 3757 2216 potuerit,

2178 2245 2521 2298 nihilominus
2554 2243 2971 2298 demonstratum
3000 2248 3109 2302 est,
3138 2237 3329 2291 additis
3354 2235 3756 2307 supplementis,

2179 2351 2295 2405 quae
2333 2336 2383 2388 in
2423 2345 2660 2403 tempore
2688 2332 2983 2387 collationis
3011 2338 3232 2399 angusto
3267 2335 3452 2381 cuncta
3494 2325 3676 2379 inferri
3707 2332 3761 2378 et

2180 2425 2335 2479 scribi
2368 2426 2584 2478 minime
2612 2429 2915 2492 potuerunt.
2944 2419 3000 2473 Id
3028 2419 3168 2473 enim
3198 2426 3379 2485 egerat
3404 2415 3634 2484 nequitia
3663 2412 3759 2467 ho—

2180 2514 2338 2569 minis
2358 2557 2372 2581 ,
2401 2523 2459 2568 ut
2486 2528 2581 2568 sua
2605 2511 2888 2566 novissima
2924 2508 3293 2579 prosecutione
3320 2506 3486 2559 multo
3511 2503 3759 2574 longissi-

2180 2624 2296 2672 ma,
2328 2616 2497 2662 totum
2532 2606 2670 2677 quod
2699 2611 3027 2660 remanserat
3053 2601 3158 2655 diei
3186 2600 3413 2669 spatium
3453 2604 3760 2666 occuparet.

2182 2756 2406 2812 CAPUT
2433 2752 3056 2823 XVlll.—Pelagianista2
3082 2750 3195 2803 novi
3222 2747 3460 2813 heretici,
3484 2745 3757 2816 expugnati

2253 2860 2299 2905 et
2320 2848 2654 2903 condemnati.
2677 2845 2919 2901 Ecclesia:
2938 2842 3199 2897 catholica:
3217 2852 3458 2911 quantum
3478 2839 3759 2911 profuerint

2255 2942 2448 2995 labores
2471 2940 2756 3011 Augustini.
2788 2938 3023 2992 Hazretici
3048 2946 3093 2989 et
3127 2935 3326 3006 Pagani
3359 2934 3625 3003 deﬁciunt.
3655 2931 3760 2985 Au-

2256 3034 2441 3106 gustini
2467 3048 2675 3103 cperam
2704 3047 2852 3100 quam
2878 3030 3063 3100 ingens
3086 3027 3251 3097 c0pia.

2256 3167 2522 3222 Adversus
2577 3164 2952 3235 Pelagianistas
2990 3176 3199 3232 quoque
3243 3174 3407 3214 novos
3460 3166 3761 3213 nostrorum

2188 3268 2485 3329 temporum
2542 3256 2817 3311 haereticos
2868 3262 2922 3309 et
2955 3253 3307 3322 disputatores
3359 3250 3605 3313 callidos,
3649 3256 3765 3302 arte

2188 3352 2354 3420 magis
2390 3348 2565 3404 subtili
2612 3357 2666 3402 et
2709 3348 2729 3378 ³
2776 3346 2930 3401 noxia
2980 3345 3301 3406 scribentes,
3350 3351 3405 3396 et
3450 3341 3766 3409 ubicumque

2188 3448 2434 3511 poterant
2462 3438 2665 3508 publice
2716 3446 2769 3492 et
2820 3452 2912 3505 per
2961 3435 3146 3490 domos
3192 3433 3484 3502 loquentes,
3536 3446 3631 3501 per
3671 3446 3765 3483 ar.-

2189 3547 2284 3586 nos
2326 3530 2491 3584 ferme
2533 3528 2715 3583 decem
2752 3525 3008 3582 laboravit
3056 3523 3076 3555 ³
3129 3522 3242 3595 (a),
3293 3523 3545 3577 librorum
3603 3521 3766 3574 multa

2189 3624 2423 3679 condens
2448 3631 2503 3677 et
2525 3620 2712 3685 edens,
2743 3630 2795 3673 et
2823 3619 2877 3673 in
2902 3618 3122 3672 ecclesia
3153 3616 3356 3686 populis
3379 3631 3445 3670 ex
3472 3613 3656 3667 eodem
3680 3627 3767 3666 er-

2192 3732 2313 3770 rore
2338 3712 2760 3783 frequentissime
2784 3710 3075 3779 disputans.
3102 3708 3165 3761 Et
3186 3707 3433 3777 quoniam
3459 3705 3616 3761 iidem
3644 3720 3767 3773 per-

2192 3807 2331 3862 versi
2362 3805 2483 3858 Sedi
2514 3802 2817 3873 apostolicae
2848 3816 2940 3870 per
2967 3815 3116 3854 suam
3143 3799 3483 3852 ambitionem
3523 3796 3767 3850 eamdem

2196 3900 2466 3971 perfidiam
2494 3894 2809 3966 persuadere
2833 3894 3178 3955 conabantur,
3206 3890 3584 3944 instantissime
3605 3889 3769 3942 etiam

2195 3992 2432 4049 conciliis
2452 3989 2708 4043 Africanis
2728 3995 3027 4041 sanctorum
3053 3984 3416 4052 episcoporum
3439 3990 3642 4050 gestum
3664 3988 3768 4045 est,

2198 4096 2257 4143 ut
2294 4093 2475 4140 sancto
2514 4097 2662 4152 papa:
2692 4080 2847 4135 Urbis
2876 4077 2927 4144 δ,
2968 4086 3022 4131 et
3058 4076 3197 4146 prius
3235 4073 3520 4129 venerabili
3551 4073 3570 4103 ⁸
3610 4072 3773 4126 luno—

2198 4182 2371 4236 centio
2389 4221 2404 4245 ,
2432 4188 2485 4234 et
2510 4186 2692 4247 postea
2717 4182 2902 4228 sancto
2928 4171 3141 4227 Zosimo
3169 4170 3282 4239 ejus
3319 4167 3610 4223 successori
3646 4182 3773 4234 per-

2199 4273 2528 4335 suaderetur,
2559 4283 2715 4339 quam
2744 4266 2831 4320 illa
2859 4274 3001 4318 secta
3027 4278 3056 4316 a
3081 4261 3183 4316 ﬁde
3208 4260 3464 4314 catholica
3494 4264 3548 4311 et
3572 4255 3776 4309 abomi-

2201 4366 2373 4421 nanda
2400 4372 2452 4419 et
2476 4358 2773 4417 damnanda
2801 4356 3006 4411 fuisset.
3033 4355 3102 4409 At
3125 4354 3199 4407 illi
3229 4362 3384 4406 tantae
3409 4349 3549 4405 sedis
3568 4345 3777 4401 antisti-

2205 4468 2309 4521 tes,
2346 4456 2453 4510 suis
2480 4452 2703 4507 diversis
2727 4447 3049 4517 temporibus
3075 4444 3288 4499 eosdem
3316 4450 3557 4495 notantes
3576 4480 3590 4505 ,
3616 4446 3778 4506 atque

2202 4565 2231 4603 a
2266 4545 2516 4603 membris
2556 4541 2803 4597 Ecclesiae
2832 4537 3209 4608 prmcidentes,
3245 4532 3383 4587 datis
3412 4529 3600 4584 litteris
3626 4536 3681 4581 et
3707 4525 3778 4580 ad

2268 4702 2285 4732 ι
2320 4698 2532 4748 Salinas:
2559 4693 2860 4745 Servavimus
2895 4692 2944 4740 in
2965 4696 3109 4739 textu
3130 4687 3390 4737 lectionem
3426 4683 3781 4742 Parisiensem;

2204 4762 2361 4813 codex
2386 4767 2547 4809 tamen
2571 4764 2685 4817 Reg.
2714 4754 2868 4817 10257:
2894 4749 3198 4817 Judicabunt.
3265 4756 3320 4796 Μ.

2268 4824 2288 4855 ⁸
2322 4818 2619 4877 Particulam,
2642 4815 2707 4876 et,
2732 4815 3030 4877 restituimus
3053 4826 3116 4877 ex
3131 4819 3243 4877 imas.

2269 4884 2290 4915 ⁸
2321 4869 2517 4940 Salinas,
2543 4869 2709 4929 ex'Cd'.
2736 4884 2851 4938 Reg.
2880 4874 3023 4934 1025,
3047 4869 3336 4923 elaborabat.
3400 4874 3456 4916 Μ.

2268 4943 2291 4976 ⁸
2322 4950 2373 4992 In
2396 4943 2538 4992 editis
2558 4940 2746 4989 additur
2782 4946 2952 4986 nomen.

2268 5006 2290 5038 ⁵
2321 4985 2753 5066 ᾗιιῖἆδῖιὶῖιῇν
2776 5010 2873 5066 uno
2893 4996 2973 5045 cd.
3000 4996 3139 5066 abest
3168 4986 3594 5066 vox__uenerabili;
3624 4988 3678 5038 in
3717 4985 3791 5037 al-

2207 5074 2332 5126 tero,
2356 5054 2461 5115 voci
2486 5054 2742 5112 venerabili
2763 5058 2950 5107 additur
2967 5070 3062 5107 vox
3086 5054 3180 5120 pio.
3268 5062 3321 5102 M.
3750 5086 3755 5091 .

2271 5169 2343 5231 (a)
2377 5175 2532 5231 Annos
2560 5177 2588 5213 a
2619 5161 2859 5231 Pelagiani
2893 5160 3080 5231 erroris
3095 5164 3269 5231 erortu
3289 5154 3348 5231 ad
3377 5152 3505 5226 illius
3538 5163 3629 5231 per
3661 5150 3789 5231 Zosi-

2209 5215 2340 5279 mtini
2368 5215 2814 5277 condetlmauonEm
2847 5227 3105 5283 computat.
3138 5227 3249 5268 Nam
3282 5215 3457 5283 alioqui
3486 5220 3792 5283 contractura

2211 5272 3038 5349 errin'einwdisputavitAsaipsiWe
3146 5287 3323 5349 pastor
3463 5272 3791 5349 anno

2208 5338 2400 5403 circiter
2421 5349 2508 5397 411
2540 5338 2625 5397 'aut
2652 5346 2775 5407 419;
2814 5338 2913 5408 quo
2940 5338 3064 5408 anno
3083 5340 3173 5389 412
3210 5338 3360 5408 libros
3387 5338 3450 5386 de
3482 5341 3793 5408 Peccatorum

2211 5401 2387 5463 Meritis
2418 5418 2470 5460 et
2498 5401 2789 5459 Remissione
2802 5401 3022 5462 confecit,
3043 5416 3151 5452 cum
3176 5401 3401 5463 eumdem
3433 5409 3650 5463 errorem
3680 5407 3794 5444 ser-

2213 5457 2599 5534 prius
2622 5457 2893 5534 aggressus
2911 5457 3044 5516 esset
3058 5476 3267 5534 ilusque
3291 5462 3349 5511 ad
3685 5467 3796 5534 ego

2212 5517 2368 5584 136$
2377 5517 2755 5593 Mdiéhﬁ’é’st
2789 5517 3008 5577 Sarmens
3038 5517 3272 5593 nitimin
3296 5536 3419 5593 opus
3456 5517 3792 5593 in‘Ju‘lianu'm.

2213 5579 2336 5646 {{1in
2346 5579 2661 5655 'iids'pémli
2688 5592 2814 5655 libro
2844 5598 3151 5655 quetn__anno
3183 5585 3286 5655 453‘
3303 5579 3469 5655 contra
3503 5579 3796 5655 qollaterem

2216 5640 2653 5718 biiida‘,'i;gn.
2680 5652 2727 5711 2,
2747 5652 2795 5718 in
2821 5640 3088 5718 appendice
3118 5646 3236 5718 torni
3258 5644 3431 5718 decimi
3451 5640 3791 5718 nostrfeglllditgz

2223 5699 2663 5783 ampliiis
2681 5699 2993 5783 anni-suitur
3035 5710 3206 5783 inquit,
3244 5725 3266 5753 ι
3438 5711 3605 5783 contra

2214 5765 2484 5857 casia—atlas
2514 5765 2619 5840 ﬁci,
2653 5773 2883 5827 catholica
2917 5765 3047 5823 acies
3076 5765 3219 5832 h'ujus
3250 5765 3340 5818 viri
3360 5767 3507 5815 ductu
3528 5768 3710 5827 pugnat
3740 5765 3795 5811 et

2217 5854 2379 5898 vincit.
2399 5862 2419 5887 »
