3994 6352
265 292 328 349 is
1462 318 1467 319 ν
1513 275 1832 335 aucroan
1871 271 2195 330 POSSIDIO.
3464 278 3534 337 κο

266 425 535 483 Africanas
556 415 883 483 Occidentis,
912 421 969 470 et
991 412 1058 468 ad
1079 409 1309 468 Orientis
1331 406 1497 478 partis
1520 402 1784 460 Ecclesias
1806 402 1846 468 ¹,

266 534 350 574 eos
374 510 803 570 anathemandos
831 516 886 563 et
912 504 1226 562 devitandos
1251 502 1321 557 ab
1345 499 1593 554 omnibus
1618 494 1850 551 Catholi-

264 610 336 665 cis
358 611 709 661 censuerunt.
740 600 809 655 Et
837 599 943 653 tale
970 597 1035 651 de
1058 596 1162 649 illis
1182 593 1434 648 Ecclesia
1460 590 1552 645 Dei
1573 585 1850 642 catholica

264 698 519 769 prolatum
548 694 830 765 judicium,
864 689 1027 744 etiam
1056 686 1324 756 piissimus
1354 684 1642 750 imperator
1667 678 1848 731 Hono-

264 793 367 847 rius
395 788 625 843 audiens
654 800 718 840 ac
746 798 979 852 sequens
998 823 1012 845 ,
1044 779 1153 833 suis
1183 793 1274 832 eos
1312 774 1514 845 legibus
1550 772 1847 834 damnatos,

264 886 397 937 inter
413 880 703 935 bareticos
724 873 907 929 haberi
928 872 1122 927 debere
1136 869 1426 925 constituit.
1444 865 1596 921 Unde
1611 861 1850 917 nonnulli

265 990 325 1028 ex
351 973 430 1026 eis
456 970 522 1024 ad
556 976 757 1024 sancta
790 965 971 1018 matris
998 960 1249 1016 Ecclesia
1274 958 1534 1029 gremium
1554 997 1569 1021 ,
1599 954 1736 1008 unde
1761 967 1851 1006 re-

266 1064 532 1125 silierant,
583 1058 887 1117 redierunt,
936 1062 990 1108 et
1032 1052 1204 1105 adhuc
1240 1050 1327 1104 alii
1358 1048 1609 1111 redeunt,
1640 1046 1850 1099 innote-

269 1162 440 1207 seente
484 1158 537 1203 et
578 1148 992 1218 pravalescente
1032 1143 1285 1196 adversus
1314 1140 1459 1194 illum
1486 1135 1850 1192 detestabilem

267 1258 497 1299 errorem
529 1250 692 1294 recta
724 1237 842 1292 ﬁdei
870 1235 1115 1289 veritate.

335 1338 395 1390 Et
437 1344 555 1390 erat
613 1335 702 1388 ille
754 1330 1111 1386 memorabilis
1148 1328 1261 1391 vir,
1308 1325 1630 1394 pracipuum
1683 1322 1855 1379 domi-

267 1427 367 1481 nici
412 1426 658 1493 corporis
700 1424 1033 1487 membrum,
1075 1421 1213 1473 circa
1246 1416 1560 1473 universalis
1602 1414 1853 1471 Ecclesia

268 1520 543 1573 utilitatem
576 1516 836 1571 sollicitus
861 1529 1073 1583 semper
1100 1527 1163 1566 ac
1200 1510 1439 1581 pervigil.
1468 1509 1532 1563 Et
1562 1508 1638 1563 illi
1664 1508 1856 1563 divini—

267 1620 347 1663 tus
374 1610 630 1663 donatum
662 1616 766 1668 est,
791 1614 846 1658 ut
873 1604 940 1659 de
967 1619 1183 1657 suorum
1210 1602 1450 1656 laborum
1475 1600 1666 1665 fructu,
1692 1600 1852 1654 etiam

267 1702 315 1754 in
338 1701 435 1753 hac
462 1700 567 1752 vita
599 1698 829 1768 gaudere
858 1695 1211 1766 provenisset,
1244 1696 1388 1763 prius
1412 1692 1625 1762 quidem
1650 1693 1701 1745 in
1726 1692 1856 1761 Hip-

265 1794 485 1863 ponensi
510 1793 746 1847 Ecclesia
769 1799 821 1843 et
844 1789 1060 1858 regione
1078 1789 1098 1818 ²
1122 1829 1135 1853 ,
1157 1788 1239 1841 cui
1265 1787 1491 1838 maxime
1515 1784 1851 1853 praesidebat,

266 1887 467 1939 unitate
505 1900 567 1937 ac
600 1898 727 1951 pace
759 1880 990 1950 perfecta
1016 1898 1031 1945 ;
1063 1878 1255 1933 deinde
1284 1878 1335 1931 in
1364 1878 1481 1930 aliis
1506 1875 1698 1931 Africa
1727 1891 1852 1945 par-

265 1979 428 2038 tibus,
456 1978 565 2029 sive
597 1991 688 2043 per
718 1989 773 2026 se
804 1974 975 2041 ipsum
996 2015 1011 2039 ,
1040 1974 1150 2026 sive
1178 1986 1272 2041 per
1298 1971 1429 2023 alios
1450 2011 1464 2032 ,
1500 1979 1554 2023 et
1580 1984 1714 2039 quos
1741 1969 1855 2037 ipse

269 2067 495 2122 dederat
519 2066 838 2124 sacerdotes,
861 2064 1166 2132 pullulasse,
1190 2072 1243 2117 et
1265 2061 1661 2130 multiplicatam
1690 2059 1854 2114 fuisse

266 2156 479 2211 Domini
505 2157 793 2211 Ecclesiam
819 2155 1121 2224 pervidens,
1150 2155 1370 2223 illosque
1397 2154 1733 2215 Manichaos,
1752 2153 1856 2205 Do-

263 2249 517 2311 natistas,
566 2246 976 2315 Pelagianistas,
1017 2256 1070 2300 et
1108 2246 1348 2315 Paganos
1377 2261 1441 2298 ex
1483 2259 1670 2314 magna
1704 2252 1853 2313 parte

265 2338 545 2402 defecisse,
581 2347 635 2392 et
663 2337 919 2391 Ecclesia
950 2336 1044 2390 Dei
1074 2338 1304 2391 sociatos
1333 2351 1455 2391 esse
1479 2335 1849 2405 congaudens:

269 2431 596 2502 profectibus
624 2444 835 2499 quoque
861 2439 916 2484 et
938 2430 1125 2483 studiis
1152 2429 1332 2484 favens
1357 2437 1474 2484 erat
1501 2438 1556 2483 et
1581 2429 1855 2482 exsultans

264 2523 521 2577 bonorum
568 2522 840 2587 omnium;
892 2520 1399 2589 indisciplinationes
1441 2521 1526 2591 pie
1568 2534 1631 2573 ac
1670 2526 1853 2573 sancte

267 2613 496 2667 tolerans
548 2611 817 2675 fratrum,
872 2612 1329 2681 ingemiscensque
1380 2610 1448 2665 de
1492 2608 1853 2679 iniquitatibus

264 2706 545 2771 malorum,
575 2704 688 2758 sive
712 2720 897 2757 eorum
922 2704 1011 2773 qui
1039 2704 1175 2758 intra
1198 2704 1512 2765 Ecclesiam,
1535 2703 1647 2756 sive
1667 2716 1853 2757 eorum

264 2798 347 2865 qui
390 2805 543 2850 extra
599 2796 887 2849 Ecclesiam
938 2790 1081 2850 sunt'
1109 2795 1412 2859 constituti,
1455 2794 1764 2860 dominicis,
1796 2802 1855 2849 ut

265 2891 388 2956 dixi,
426 2890 595 2944 lucris
621 2905 834 2958 semper
860 2887 1118 2959 gaudens,
1140 2897 1196 2944 et
1218 2888 1422 2943 damnis
1453 2902 1707 2943 marens.

335 2983 501 3035 Tanta
527 2992 711 3035 autem
737 2982 805 3035 ab
830 2982 1017 3036 eodem
1055 2981 1249 3037 dictata
1292 2992 1346 3037 et
1393 2981 1533 3037 edita
1568 2990 1710 3049 sunt,
1737 2989 1854 3034 tan-

273 3083 422 3144 taque
474 3076 525 3128 in
572 3075 809 3130 Ecclesia
856 3074 1154 3143 disputata,
1207 3082 1426 3143 excepta
1466 3083 1622 3144 atque
1672 3089 1856 3129 emen-

263 3166 376 3220 data
404 3208 420 3228 ,
481 3167 566 3220 vel
617 3166 873 3220 adversus
930 3166 1209 3222 hareticos
1256 3166 1552 3235 conscripta
1583 3206 1598 3231 ,
1648 3165 1730 3219 vel
1786 3180 1850 3219 ex

262 3258 535 3312 canonicis
613 3258 782 3311 Libris
846 3260 1090 3326 exposita
1140 3258 1207 3313 ad
1259 3258 1662 3312 adiﬁcationem
1720 3272 1848 3312 san-

260 3356 463 3401 ctorum
514 3348 769 3402 Ecclesia
816 3348 1081 3415 ﬁliorum,
1134 3357 1191 3402 ut
1241 3364 1303 3403 ea
1350 3347 1525 3403 omnia
1578 3349 1664 3403 vix
1703 3350 1852 3417 quis-

260 3455 412 3508 quam
478 3438 841 3492 studiosorum
910 3441 1190 3510 perlegere
1260 3450 1315 3495 et
1379 3455 1537 3494 nosse
1604 3440 1847 3496 sufﬁciat.

262 3529 641 3584 Verumtamen
666 3546 733 3583 ne
754 3531 996 3585 veritatis
1020 3532 1168 3586 verbi
1194 3531 1215 3563 ³
1239 3531 1574 3586 avidissimus
1601 3534 1651 3586 in
1674 3534 1851 3601 aliquo

262 3620 509 3675 fraudare
559 3620 862 3687 videamur,
891 3624 1082 3687 statui,
1110 3623 1221 3678 Deo
1268 3632 1580 3693 praestante,
1616 3625 1665 3677 in
1697 3625 1851 3694 hujus

262 3713 500 3780 opusculi
528 3711 637 3766 ﬁne
676 3713 834 3766 etiam
863 3714 1175 3768 eorumdem
1204 3713 1476 3779 librorum,
1505 3724 1847 3782 tractatuum,

262 3812 313 3857 et
336 3804 689 3871 epistolarum
734 3804 1025 3862 indiculum
1072 3806 1360 3876 adjungere
1390 3825 1402 3860 :
1439 3822 1546 3875 quo
1580 3807 1718 3862 lecto
1760 3808 1850 3877 qui

262 3897 427 3964 magis
450 3895 547 3948 Dei
573 3896 857 3974 veritatem
881 3913 1038 3966 quam
1070 3898 1389 3966 temporales
1413 3906 1592 3952 amant
1619 3898 1848 3964 divitias,

264 3986 363 4039 sibi
383 3987 613 4056 quisque
633 3986 779 4057 quod
806 3989 1031 4043 voluerit
1054 3988 1122 4043 ad
1147 3990 1425 4059 legendum
1453 4000 1506 4044 et
1530 4005 1855 4060 cognoscen-

261 4077 390 4131 dum
414 4079 596 4147 eligat,
619 4088 677 4134 et
707 4081 757 4135 id
788 4080 853 4136 ad
883 4079 1309 4147 describendum,
1332 4082 1414 4135 vel
1438 4082 1505 4136 de
1534 4082 1852 4137 bibliotheca

266 4167 625 4239 Hipponensis
655 4171 907 4225 Ecclesia
947 4180 1125 4240 petat,
1160 4172 1251 4225 ubi
1280 4172 1639 4226 emendatiora
1668 4188 1853 4228 exem-

266 4263 433 4329 plaria
464 4262 596 4317 forte
623 4272 871 4333 poterunt
897 4264 1141 4330 inveniri,
1163 4264 1247 4318 vel
1270 4265 1409 4339 unde
1433 4266 1660 4320 valuerit
1683 4267 1856 4336 inqui-

264 4366 365 4420 rat,
398 4366 454 4411 et
491 4358 710 4411 inventa
737 4357 1003 4411 describat
1039 4366 1091 4411 et
1119 4358 1338 4421 habeat,
1367 4366 1421 4412 et
1448 4359 1643 4427 petenti
1668 4359 1734 4413 ad
1762 4358 1856 4414 de-

265 4446 632 4509 scribendum,
663 4448 779 4500 sine
804 4446 1001 4500 invidia
1031 4447 1188 4501 etiam
1219 4448 1333 4517 ipse
1356 4448 1568 4503 tribuat.

263 4559 497 4615 CAPUT
525 4559 742 4614 XlX.-—
757 4559 822 4613 In
842 4561 1005 4614 causis
1023 4560 1289 4614 audiendis
1306 4562 1553 4630 quomodo
1573 4578 1626 4615 se
1654 4564 1855 4632 gesserit

334 4652 677 4721 Augustinus.
703 4650 907 4714 Partes,
941 4654 1077 4722 facta
1116 4653 1522 4721 Opportunitate,
1565 4654 1706 4707 docet
1747 4670 1858 4724 qua:

334 4742 405 4794 ad
425 4750 671 4795 externam
693 4742 845 4794 vitam
868 4750 1112 4811 spectant.
1130 4740 1326 4795 Merces
1356 4759 1522 4813 opera:
1544 4745 1853 4814 judiciariat.

338 4830 653 4886 Secundum
712 4832 953 4901 Apostoli
1000 4846 1210 4901 quoque
1265 4833 1620 4898 sententiam,
1674 4835 1856 4889 dicen-

266 4921 365 4986 tis,
411 4920 579 4973 Audet
619 4922 880 4990 quisquam
924 4929 1137 4975 vestrum
1184 4920 1421 4976 adversus
1457 4924 1669 4977 alterum
1709 4942 1859 4995 nego-

264 5014 393 5066 tium
434 5013 626 5067 habens
656 5013 881 5082 judicari
920 5013 980 5066 ab
1014 5014 1225 5083 iniquis,
1256 5023 1300 5067 et
1331 5031 1430 5068 non
1459 5016 1596 5084 apud
1621 5018 1859 5071 sanctos?

266 5106 348 5160 An
378 5106 587 5159 nescitis
618 5106 736 5174 quia
772 5106 932 5159 sancti
969 5108 1215 5159 mundum
1247 5106 1597 5176 judicabant?
1623 5107 1690 5160 Et
1732 5110 1776 5161 si
1808 5108 1859 5162 in

332 5238 468 5299 {sic
496 5237 683 5299 habent
712 5244 850 5299 his;
885 5236 1003 5299 editi
1047 5249 1166 5299 vero
1198 5236 1399 5299 ferunt:
1428 5238 1565 5288 Datis
1597 5236 1766 5289 litteris
1797 5239 1863 5291 ad

264 5297 531 5362 Africtmas
554 5295 821 5362 Qrierttiset
837 5295 1115 5362 Occidentis
1137 5297 1390 5359 Ecclesias,
1415 5300 1863 5362 corrupte—Paulo

266 5360 625 5423 inferiusedit.
650 5360 795 5422 Lugd.
821 5361 1119 5423 Salinasque,
1144 5374 1209 5410 ex
1233 5362 1421 5423 duobus
1442 5360 1571 5410 Cdd.‘
1590 5375 1677 5423 pro
1701 5376 1714 5411 :
1742 5374 1864 5413 Ληα-

263 5420 572 5481 themandos,
601 5420 799 5471 lerunt:
827 5420 1314 5473 Anathentatizandos.
1365 5430 1419 5471 Μ.

335 5486 359 5549 ξ
390 5483 705 5549 Carnutensis
740 5484 895 5533 codex
922 5498 936 5549 ς
962 5494 1021 5549 ιη
1043 5481 1360 5547 Hipponensis
1394 5482 1621 5549 Ecclesia
1654 5485 1860 5549 regione.

336 5546 360 5576 s
391 5546 532 5610 Αιιιίι
570 5552 762 5610 nov._et
783 5552 898 5608 mg.
925 5546 1004 5595 hic
1039 5544 1265 5596 omissum
1291 5552 1384 5606 est,
1408 5544 1554 5610 verbi.
1581 5544 1865 5610 ᾼριιίῑυὶὶωτ

269 5608 511 5681 mei-ium
526 5620 648 5681 vero
684 5605 872 5681 legitur'
900 5622 931 5681 :_
949 5615 1279 5681 Verumtamen
1314 5605 1375 5658 ne
1410 5605 1633 5681 ueritatis"
1656 5614 1702 5660 et
1735 5608 1867 5681 verbi

267 5666 689 5779 aeria—ianuas,
715 5666 779 5718 e'x
799 5670 886 5721 αι.
907 5677 1024 5732 Reg.
1055 5670 1209 5721 1025:
1244 5676 1571 5721 Vertatttamen
1590 5684 1651 5722 ne
1673 5670 1867 5723 veritate

1954 396 2089 451 vobis
2108 396 2372 466 judicatur
2396 394 2614 450 mundus
2635 438 2647 461 ,
2680 394 2873 466 indigni
2897 395 3012 450 estis
3030 395 3344 467 judiciorum
3374 396 3531 450 mini-

1953 504 2150 542 marum
2176 489 2232 543 ‘2
2279 485 2495 541 Nescitis
2532 487 2647 555 quia
2692 488 2895 557 angelos
2923 486 3299 556 judicabimus,
3346 486 3529 540 nedum

1953 578 2259 636 sacularia?
2298 577 2582 634 chularia
2619 579 2772 649 igitur
2800 578 2998 647 judicia
3039 579 3082 632 si
3108 576 3375 631 habueritis
3404 576 3534 630 inter

1954 688 2059 738 vos,
2097 689 2177 726 eos
2208 673 2296 743 qui
2332 669 2721 742 contemptibiles
2744 680 2859 724 sunt
2882 672 2933 724 in
2964 669 3213 738 Ecclesia,
3257 670 3346 723 hos
3370 668 3528 723 collo-

1955 775 2062 819 cate
2086 766 2153 819 ad
2166 764 2501 836 judicandunt
2531 766 2572 818 ¹.
2601 764 2680 818 Ad
2710 766 3031 820 reverentiam
3055 765 3189 819 vobis
3215 766 3389 836 loquor
3415 782 3433 820 :
3461 770 3531 822 sic

1955 874 2055 911 non
2087 866 2156 911 est
2182 859 2311 911 inter
2334 875 2417 911 vos
2439 858 2701 929 quisquam
2720 860 2939 930 sapiens,
2975 860 3060 928 qui
3099 859 3255 929 possit
3281 860 3409 914 inter
3430 862 3534 930 fra-

1956 957 2081 1001 trem
2108 966 2254 1003 suum
2283 950 2602 1019 dijudicare?
2626 949 2715 1003 sed
2749 953 2905 1021 frater
2943 966 3057 1004 cum
3087 952 3243 1019 fratre
3283 952 3536 1021 dijudica—

1957 1048 2037 1091 tur
2062 1039 2111 1101 ³,
2146 1048 2189 1091 et
2215 1039 2307 1092 hoc
2332 1041 2469 1107 apud
2497 1040 2723 1108 inﬁdeles
2753 1041 2771 1111 (
2795 1041 2810 1093 I
2841 1038 2957 1095 Cor.
2988 1058 3057 1105 γι,
3086 1043 3209 1115 1-6)
3236 1061 3247 1095 :
3282 1044 3536 1113 interpel-

1955 1128 2091 1182 latus
2116 1144 2243 1198 ergo
2276 1145 2303 1181 a
2332 1130 2665 1197 Christianis,
2700 1132 2781 1185 vel
2809 1148 2837 1185 a
2867 1132 3122 1202 cujusque
3156 1144 3315 1188 secta
3358 1134 3535 1190 homi-

1956 1219 2147 1283 nibus,
2200 1234 2386 1273 causas
2430 1221 2674 1274 audiebat
2710 1222 2992 1292 diligenter
3034 1240 3095 1278 ae
3133 1224 3215 1292 pie
3259 1225 3533 1293 cujusdam

1956 1310 2271 1361 sententiam
2298 1318 2419 1361 ante
2439 1309 2622 1364 oculos
2648 1310 2870 1375 habens,
2894 1313 3116 1367 dicentis
3139 1328 3195 1367 se
3220 1315 3373 1368 malle
3394 1314 3535 1369 inter

1957 1399 2289 1468 incognitos,
2342 1415 2499 1468 quam
2548 1402 2684 1455 inter
2730 1403 2931 1457 amicos
2975 1419 3161 1457 causas
3203 1406 3384 1459 audire
3421 1424 3436 1461 :
3467 1420 3532 1460 eo

1956 1492 2097 1562 quod
2123 1492 2188 1546 de
2215 1491 2513 1561 incognitis,
2542 1508 2640 1561 pro
2664 1508 2767 1561 quo
2794 1494 2989 1548 arbitra
3010 1494 3031 1526 ‘
3058 1497 3303 1565 aequitate
3328 1497 3539 1565 judica-

1955 1592 2122 1647 retur,
2147 1584 2370 1637 amicum
2397 1592 2572 1651 posset
2596 1584 2897 1653 acquirere;
2921 1586 2989 1639 de
3009 1588 3193 1640 amicis
3216 1604 3340 1642 vero
3370 1604 3531 1644 unum

1957 1683 2120 1739 esset,
2150 1684 2335 1727 contra
2366 1688 2520 1743 quem
2551 1676 2809 1727 sententia
2839 1674 3179 1742 proferretur,
3209 1678 3531 1748 perditurus.

1957 1766 2025 1819 Et
2052 1782 2141 1820 eas
2170 1766 2452 1835 aliquando
2479 1765 2500 1797 ⁸
2528 1780 2697 1835 usque
2734 1765 2800 1819 ad
2844 1764 3027 1820 horam
3068 1769 3367 1822 refectionis
3388 1812 3402 1832 ,
3432 1770 3535 1823 ali-

1955 1858 2167 1928 quando
2187 1866 2361 1911 autem
2382 1866 2486 1911 tota
2514 1858 2598 1911 die
2620 1857 2888 1927 jejunans,
2913 1874 3129 1927 semper
3151 1871 3325 1915 tamen
3347 1878 3537 1917 nosce-

1956 1950 2047 2004 bat
2091 1957 2143 2001 et
2193 1948 2473 2003 dirimebat
2520 1965 2533 2002 :
2582 1948 2862 2003 intendens
2910 1950 2967 2004 in
3010 1952 3088 2005 eis
3129 1952 3532 2008 Christianorum

1957 2050 2223 2095 momenta
2272 2041 2602 2104 animorum,
2654 2049 2907 2107 quantum
2961 2042 3182 2111 quisque
3210 2044 3293 2095 vel
3338 2045 3389 2097 in
3432 2045 3536 2099 ﬁde

1956 2134 2217 2203 bonisque
2260 2133 2496 2187 moribus
2523 2133 2543 2165 °
2576 2133 2887 2202 proﬁceret,
2920 2134 3009 2190 vel
3034 2135 3100 2188 ab
3143 2137 3207 2190 iis
3245 2136 3533 2203 deﬁceret;

1956 2236 2114 2297 atque
2133 2227 2419 2294 compertis
2450 2241 2623 2280 rerum
2656 2228 3155 2296 opportunitatibus,
3189 2228 3381 2281 divina
3407 2228 3536 2299 legis

1956 2316 2232 2370 veritatem
2263 2317 2282 2347 "
2314 2326 2491 2385 partes
2530 2317 2786 2384 docebat,
2818 2332 3042 2387 eamque
3084 2319 3186 2371 illis
3220 2318 3534 2385 inculcabat,

1956 2417 2011 2461 et
2034 2422 2124 2462 eas
2147 2422 2252 2476 quo
2272 2408 2688 2477 adipiscerentur
2711 2409 2872 2462 vitam
2909 2421 3161 2461 aternam
3204 2408 3461 2464 edocebat
3485 2416 3538 2463 et

1956 2497 2319 2552 admonebat:
2352 2498 2484 2551 nihil
2532 2499 2675 2552 aliud
2722 2514 2971 2569 quarens
3014 2500 3081 2553 ab
3123 2500 3186 2553 iis
3234 2500 3425 2568 quibus
3470 2500 3535 2553 ad

1956 2587 2059 2643 hoc
2087 2588 2327 2652 vacabat,
2356 2590 2455 2642 nisi
2486 2598 2687 2642 tantum
2716 2589 3071 2644 obedientiam
3114 2599 3168 2643 et
3201 2590 3535 2645 devotionem

1955 2679 2326 2744 christianam,
2356 2694 2473 2747 qua
2499 2689 2553 2733 et
2582 2680 2692 2733 Deo
2723 2680 2945 2733 debetur
2973 2688 3027 2733 et
3052 2680 3384 2733 hominibus:
3409 2695 3535 2749 pec-

1956 2777 2137 2824 cantes
2181 2784 2359 2824 coram
2399 2770 2647 2823 omnibus
2695 2784 2954 2838 arguens,
2994 2778 3051 2823 ut
3088 2771 3264 2824 cateri
3292 2771 3537 2825 timorem

1956 2860 2215 2916 haberent
2255 2860 2310 2932 (l
2338 2859 2477 2914 Tim.
2515 2876 2569 2926 v,
2607 2859 2713 2931 20)
2745 2879 2756 2913 :
2788 2872 2843 2915 et
2882 2862 3105 2917 faciebat
3151 2861 3252 2917 hoc
3288 2872 3536 2933 tanquam

1954 2952 2254 3020 speculator
2280 2967 2311 3006 a
2338 2953 2562 3005 Domino
2586 2952 2907 3005 constitutus
2932 2952 3111 3005 domui
3133 2952 3315 3019 Israel,
3346 2952 3539 3021 pradi-

1955 3057 2085 3096 cans
2129 3044 2348 3097 verbum
2389 3053 2547 3113 atque
2592 3044 2796 3097 instans
2832 3052 3159 3112 opportune,
3214 3044 3535 3114 importune,

1954 3149 2202 3204 arguens,
2239 3134 2488 3199 hortans,
2518 3135 2833 3204 increpans,
2863 3134 2914 3187 in
2960 3135 3105 3188 onmi
3142 3135 3537 3204 longanimitate

1954 3234 2008 3280 et
2047 3225 2285 3279 doctrina
2334 3224 2354 3297 (
2398 3224 2440 3278 ll
2484 3223 2614 3277 Tim.
2656 3223 2858 3296 tv,2);
2911 3224 3275 3295 pracipueqne
3319 3240 3536 3295 Operam

1955 3316 2088 3371 dans
2114 3313 2375 3370 instruere
2416 3330 2508 3369 eos
2544 3317 2631 3385 qui
2661 3325 2842 3370 essent
2882 3314 3055 3367 idonei
3088 3323 3140 3368 et
3173 3314 3306 3368 alios
3343 3314 3538 3368 docere

1955 3408 2083 3483 (Id.
2101 3407 2143 3480 ).
2172 3409 2406 3478 Rogatus
2426 3423 2636 3478 quoque
2664 3422 2695 3460 a
2722 3406 2994 3461 nonnullis
3027 3408 3078 3461 in
3113 3422 3296 3460 eorum
3333 3416 3540 3475 tempo-

1954 3502 2156 3556 ralibus
2177 3502 2380 3565 causis,
2406 3500 2657 3569 epistolas
2686 3501 2750 3553 ad
2781 3499 3023 3553 diversos
3048 3500 3223 3554 dabat.
3258 3499 3361 3553 Sed
3399 3499 3536 3554 hanc

1956 3608 2104 3646 suam
2133 3607 2163 3645 a
2190 3591 2499 3645 melioribus
2538 3591 2700 3645 rebus
2725 3589 3129 3659 occupationem
3158 3597 3405 3659 tanquam
3438 3604 3537 3643 an-

1955 3683 2155 3754 gariam
2186 3683 2488 3753 deputabat,
2530 3696 2743 3737 suavem
2773 3696 2984 3750 semper
3013 3681 3211 3734 habens
3238 3680 3305 3734 de
3331 3681 3394 3733 iis
3416 3695 3537 3749 qua

1956 3774 2049 3829 Dei
2074 3784 2197 3827 sunt
2231 3772 2312 3827 vel
2348 3772 2721 3827 allocutionem
2748 3770 2834 3826 vel
2856 3772 3262 3827 collocutionem
3286 3769 3535 3824 fraterna

1955 3879 2018 3920 ac
2039 3864 2344 3919 domestica
2371 3862 2765 3917 familiaritatis.

2048 3977 2273 4033 CAPUT
2314 3976 2429 4030 ΧΧ.
2452 4005 2522 4016 -
2545 3975 2649 4029 Pro
2678 3976 2775 4030 reis
2801 3976 3049 4046 quomodo
3075 3976 3427 4029 intercesserit.

2026 4069 2277 4125 Novimus
2323 4083 2532 4137 quoque
2574 4083 2695 4121 eum
2731 4083 2760 4120 a
2800 4067 2912 4121 suis
2961 4067 3284 4120 charissimis
3338 4067 3538 4122 littera-

1956 4175 2075 4215 rum
2130 4160 2478 4213 intercessum
2535 4156 2674 4226 apud
2724 4156 2903 4210 saculi
2953 4164 3240 4225 potestates
3297 4157 3536 4225 postula-

1957 4259 2069 4304 tum
2096 4263 2201 4303 non
2229 4248 2467 4315 dedisse,
2500 4247 2765 4301 dicentem
2815 4246 3091 4315 cujusdam
3127 4246 3379 4315 sapientis
3426 4262 3541 4302 ser-

1957 4341 2184 4395 vandam
2210 4355 2329 4394 esse
2357 4338 2692 4401 sententiam,
2720 4338 2787 4392 de
2807 4352 2912 4407 quo
2937 4338 3191 4406 scriptum
3212 4345 3372 4402 esset,
3396 4336 3539 4407 quod

1959 4434 2125 4488 multa
2167 4448 2277 4486 sua
2304 4431 2457 4485 fama
2493 4431 2943 4499 contemplatione
2970 4431 3156 4485 amicis
3195 4446 3302 4485 non
3328 4431 3539 4501 prasti-

1958 4529 2110 4582 tisset
2138 4545 2149 4580 :
2178 4535 2231 4581 et
2270 4525 2398 4579 illud
2439 4524 2781 4579 nihilominus
2811 4540 2964 4579 suum
3006 4523 3243 4590 addens,
3287 4523 3542 4593 quoniam

1959 4619 2272 4690 plerumque
2300 4625 2532 4687 potestas
2560 4632 2679 4687 qua
2704 4626 2936 4686 prastat,
2963 4618 3161 4689 premit
3186 4619 3228 4670 ⁸.
3257 4617 3390 4673 Cum
3411 4632 3542 4673 vero

2025 4751 2043 4780 ³
2076 4744 3035 4834 νιίὲῗῗθιὲθεῖἕῇἕηδμῇἈάηίέΡωΨίζέοἱὲἒῗς
3042 4746 3336 4834 3.313.939?
3355 4747 3544 4834 335.33:

1964 4818 2079 4873 Reg.
2105 4808 2191 4859 541
2223 4822 2235 4857 :
2262 4806 2455 4858 Judicio
2470 4806 2807 4869 minimarum;
2832 4816 2883 4859 et
2897 4810 3000 4859 hac
3013 4817 3282 4871 sequuntur
3309 4806 3329 4858 :'
3349 4808 3549 4861 Nescitis

1962 4869 2187 4943 qugniam
2209 4869 2399 4943 angelos
2405 4868 2761 4943 Judicabinnls,
2774 4878 2949 4943 querito
3128 4869 3365 4943 secularia
3380 4868 3405 4919 ν
3489 4879 3546 4921 Μ.

2026 4937 2046 4965 ²
2078 4931 2417 5005 Germadensis
2440 4941 2519 5005 Ms.
2545 4946 2647 5005 non.
2663 4931 2874 5005 habebat
2911 4932 2975 4982 ad
2998 4931 3359 5005 iddicandum;
3381 4944 3549 5005 peque

2025 5008 2155 5067 acus
2159 5064 2166 5067 _
2183 4993 2579 5067 textulsaapostoli
2661 5054 2676 5067 ‘
2684 4994 2905 5067 pratert.
2923 5020 2987 5031 —
3000 4993 3196 5042 Eadem
3208 5005 3357 5043 voces
3368 4993 3549 5045 desunt

1963 5054 2015 5106 in
2035 5057 2115 5106 0d.
2143 5063 2259 5118 Reg.
2287 5054 2425 5114 1025,
2445 5058 2585 5118 juxta
2606 5054 2803 5105 salinas.
2869 5064 2925 5105 Μ.

2027 5120 2047 5150 ³
2081 5125 2209 5179 Lov.:
2237 5114 2431 5179 {udicio
2454 5116 2918 5178 contendit.salinas,
2939 5129 3002 5179 ex
3022 5114 3104 5164 Od.
3132 5121 3249 5179 Reg.
3275 5115 3415 5179 i025,
3438 5115 3548 5168 loco

1965 5151 3040 5251 vogig‘litjildwu'i‘ié'gii'é‘ii'iﬂﬁhciﬁq
3167 5151 3249 5251 ῘῨ

2028 5241 2051 5272 ι
2081 5237 2217 5300 Editi,
2246 5237 2528 5302 arbitrata,"
2544 5248 2741 5290 veteres
2763 5247 2929 5288 autem
2949 5238 3085 5297 Cdd.,
3108 5237 3311 5290 arbitra.

2028 5303 2050 5335 ⁸
2082 5302 2290 5364 Salinas,
2322 5315 2384 5350 ex
2420 5304 2499 5350 Cd.
2527 5309 2642 5363 Reg.
2669 5300 2792 5364 5η,
2830 5314 2926 5349 non
2972 5300 3100 5364 legit
3126 5298 3414 5364 aliquando,
3460 5301 3551 5353 sed

2028 5316 2050 5335 υ
2082 5316 2290 5363 Salinas,
2322 5316 2384 5350 ex
2420 5316 2499 5350 ca.
2527 5316 2642 5363 Reg.
2669 5316 2755 5349 ou
2777 5335 2792 5360 ,
2830 5316 2926 5349 non
2972 5316 3095 5363 tegit
3126 5316 3414 5365 attquanao,
3460 5316 3535 5353 sec

1966 5363 2251 5437 simpliciter
2277 5377 2304 5437 :_
2317 5369 2475 5433 Eleas
2498 5376 2645 5427 usque
2659 5360 2720 5437 in
2743 5360 2913 5437 horam
2934 5360 3219 5437 refectionis.
3246 5424 3259 5435 .
3309 5372 3365 5413 M.
3521 5423 3535 5436 .

1969 5424 2201 5537 (mg—Editi
2227 5438 2240 5473 :
2269 5424 2502 5486 Bmtisque
2800 5424 2912 5473 Cdd.
2950 5424 3055 5473 MSS.
3085 5438 3098 5473 :
3140 5424 3374 5489 Boniqu
3407 5424 3554 5477 mori-

2031 5523 2244 5597 ;"Editor
2267 5546 2413 5609 Lugd.
2441 5553 2493 5597 et
2514 5546 2711 5608 Salinas,
2739 5562 2802 5598 ex
2825 5548 2904 5596 0d.
2932 5554 3048 5609 Reg.
3074 5546 3184 5606 541,
3209 5546 3423 5598 veritate.
3463 5554 3519 5613 Μ,

2031 5610 2053 5641 8
2086 5607 2265 5641 culinae
2303 5622 2365 5641 ον
2384 5622 2481 5641 mm
2502 5611 2564 5641 ml
2612 5622 2624 5634 ο
2662 5616 2864 5641 lunae-tne
2887 5622 2996 5641 mmo
3019 5607 3133 5641 ωοὸι
3166 5608 3341 5641 magno?
3364 5622 3376 5635 ο
3400 5622 3462 5641 ον
3490 5622 3514 5641 ς

2031 5610 2053 5641 ³
2086 5607 2283 5669 Salinas,
2303 5607 2368 5657 ex
2384 5622 2481 5659 uno
2502 5611 2584 5659 0d.
2612 5622 2625 5658 :
2654 5607 2864 5661 Patestas
2886 5607 3149 5680 quae—petit,
3166 5608 3376 5683 premit;
3400 5622 3473 5682 ex.
3488 5607 3551 5658 al—

1968 5678 2079 5782 L«arvo.
2106 5669 2430 5793 ξιξ-ἓξὲξ
2467 5677 2677 5783 ιὲῗωδεαδ
2712 5685 2822 5735 qua:
2855 5675 3047 5736 petitur,
3088 5676 3275 5733 premet.
3301 5679 3374 5722 Sic
3408 5677 3557 5720 etiam
