3994 6352
265 261 334 320 5
1520 254 1842 346 AUGTOREE

1957 255 2198 320 lSSiDIO.
3460 264 3530 319 δι

271 380 564 440 sessionum
619 375 908 445 Ecclesiae,
954 373 1040 430 vel
1094 371 1251 444 etiam
1279 386 1346 434 ex
1373 371 1726 428 oblationibus
1785 370 1847 424 fi-

271 475 484 530 delium.
520 471 591 528 Et
617 471 742 525 dum
773 471 908 528 forte
945 468 1039 541 (ut
1066 457 1290 536 assolet)
1319 466 1386 532 de
1425 464 1849 537 possessionibus

270 568 392 640 ipsis
415 564 613 624 invidia
649 562 861 620 clericis
899 561 1066 626 ﬁeret,
1095 560 1460 632 alloquebatur
1487 559 1699 628 plebem
1734 557 1846 622 Dei,

270 658 424 714 malle
466 672 525 711 se
568 670 632 710 ex
678 654 1046 708 collationibus
1089 653 1255 724 magis
1291 652 1464 722 plebis
1510 651 1604 706 Dei
1646 651 1844 715 vivere,

267 766 417 822 quam
443 749 652 806 illarum
680 747 1076 817 possessionum
1103 759 1284 800 curam
1311 745 1387 802 vel
1412 743 1846 814 gubernationem

268 842 406 910 pati;
450 848 503 894 et
547 848 790 910 paratum
829 851 887 898 se
926 852 1045 890 esse
1089 835 1186 890 illis
1226 834 1434 897 cedere,
1477 841 1534 890 ut
1576 848 1642 888 eo
1689 831 1846 888 modo

267 946 448 985 omnes
483 930 576 984 Dei
619 927 757 984 servi
797 935 848 982 et
890 926 1113 982 ministri
1145 925 1402 992 viverent,
1429 941 1534 994 quo
1565 925 1616 978 in
1655 922 1846 980 Vetere

268 1024 605 1078 Testamento
648 1021 891 1090 leguntur
931 1017 1116 1090 (Deut.
1150 1034 1299 1082 xvm,
1341 1015 1430 1087 l),
1465 1016 1616 1071 altari
1661 1015 1848 1070 deser-

267 1117 462 1170 vieutes
489 1114 557 1170 de
597 1114 787 1170 eodem
820 1111 1242 1180 comparticipari
1273 1111 1310 1161 ⁸.
1351 1109 1453 1181 Sed
1493 1123 1758 1179 nunquam
1787 1106 1846 1180 _id

266 1208 378 1262 laici
407 1207 680 1274 suscipere
708 1204 999 1262 voluerunt.

267 1318 486 1374 CAPUT
516 1317 711 1372 XXIV.
737 1347 808 1356 —
829 1314 894 1368 In
924 1333 985 1368 τε
1023 1314 1295 1368 domestica
1335 1315 1520 1382 qualis.
1560 1312 1762 1367 Donata
1799 1321 1846 1367 et

334 1412 494 1478 legata
522 1408 770 1463 Ecclesia
797 1424 1029 1478 quamam
1055 1405 1351 1476 suscipiebat
1387 1415 1473 1460 aut
1495 1405 1779 1460 recusabat.
1801 1403 1846 1459 A

332 1519 496 1556 rerum
524 1501 877 1570 temporalium
905 1501 1038 1553 curis
1055 1499 1271 1554 liberum
1287 1515 1490 1569 semper
1508 1501 1737 1553 animum
1762 1499 1845 1551 fta-

332 1592 442 1647 bere
459 1593 675 1647 colebat.

330 1710 528 1763 Domus
583 1707 836 1764 Ecclesiae
891 1723 1074 1762 curam
1132 1715 1453 1777 omnemque
1495 1705 1843 1762 substantiam

264 1803 330 1857 ad
360 1803 507 1857 vices
562 1801 946 1856 valentioribus
985 1801 1192 1855 clericis
1243 1801 1524 1869 delegabat
1565 1808 1619 1855 et
1656 1801 1842 1854 crede-

264 1895 371 1947 bat.
395 1892 672 1962 Nuuquam
701 1892 904 1946 clavem
927 1935 942 1957 ,
977 1907 1241 1961 nunquam
1271 1893 1522 1945 annulum
1579 1893 1629 1945 in
1686 1893 1844 1946 manu

264 1985 520 2040 habens:
571 1983 661 2039 sed
708 1983 776 2038 ab
819 1984 1018 2038 eisdem
1069 1983 1256 2038 domus
1314 1983 1608 2054 przeposi-tis
1656 1987 1843 2038 cuneta

265 2087 324 2132 et
368 2085 580 2146 accepta
615 2086 664 2131 ct
706 2080 920 2147 erogata
966 2077 1318 2131 notabantur:
1347 2093 1464 2148 quae
1503 2079 1643 2131 anno
1693 2093 1843 2134 come

262 2170 407 2240 pleto
450 2169 619 2223 eidem
664 2171 687 2200 ³
732 2168 1124 2231 recitabantur,
1175 2184 1280 2237 quo
1322 2169 1545 2222 sciretur
1591 2173 1843 2238 quantum

261 2269 560 2329 acceptum,
590 2259 955 2330 quantumque
985 2258 1342 2329 dispensatum
1375 2259 1576 2324 fuisset,
1608 2259 1688 2313 vel
1721 2243 1843 2328 quid

261 2351 673 2420 dispensandum
715 2350 1057 2404 remansisset
1082 2351 1101 2381 ³
1128 2368 1139 2410 ;
1172 2357 1227 2404 et
1255 2350 1304 2403 in
1331 2350 1514 2405 multis
1541 2351 1704 2405 titulis
1731 2367 1844 2404 ma-

263 2444 342 2512 gis
367 2443 508 2496 illius
535 2441 807 2512 prtrpositi
840 2441 1028 2495 domus
1064 2440 1219 2496 fidem
1251 2455 1500 2512 sequens,
1533 2459 1686 2511 quam
1720 2457 1842 2511 pro-

265 2533 437 2588 batum
455 2533 964 2602 manifestatumque
981 2539 1304 2602 cognoscens
1317 2519 1356 2585 δ’.
1375 2527 1620 2599 Domum,
1636 2549 1839 2601 agrum,

264 2638 354 2679 seu
395 2625 578 2676 villam
624 2639 892 2693 nunquam
937 2635 1118 2678 emere
1153 2615 1338 2678 voluit.
1386 2619 1583 2678 Verum
1626 2626 1667 2679 si
1714 2626 1844 2679 forte

265 2715 512 2771 Ecclesiae
532 2731 562 2768 a
589 2725 857 2786 quoquam
880 2724 1068 2786 sponte
1089 2713 1191 2770 tale
1213 2714 1407 2784 aliquid
1429 2715 1509 2769 vel
1537 2716 1840 2781 donaretur,

263 2806 340 2860 vel
366 2808 522 2861 titulo
547 2807 711 2877 legati
732 2807 1112 2874 dimitteretur,
1141 2810 1244 2860 non
1268 2807 1571 2876 respuebat,
1599 2807 1691 2863 sed
1726 2824 1844 2861 sus-

268 2898 362 2967 cipi
386 2897 630 2966 iubebat.
657 2897 789 2952 Nam
829 2908 882 2952 et
909 2899 1112 2968 aliquas
1148 2905 1267 2952 eum
1310 2897 1648 2954 htereditates
1691 2913 1845 2952 recu-

272 3001 410 3042 sasse
453 2989 738 3052 novihms,
785 2991 894 3042 non
940 2990 1059 3059 quia
1109 2987 1427 3059 pauperibus
1471 2988 1681 3043 inutiles
1727 3005 1847 3044 esse

273 3089 506 3148 possent,
539 3080 640 3134 sed
666 3081 914 3150 quoniam
935 3080 1134 3150 j'uStum
1161 3091 1213 3134 et
1237 3095 1444 3151 aequum
1474 3095 1590 3136 esse
1616 3079 1843 3146 videbat,

268 3181 323 3227 ut
348 3189 375 3226 a
405 3181 745 3230 marmorum
773 3175 854 3228 vel
891 3175 1014 3228 liliis
1041 3177 1126 3230 vel
1153 3176 1461 3244 parentibus
1489 3177 1569 3230 vel
1601 3175 1848 3231 afﬁnibus

264 3266 425 3336 magis
470 3266 896 3337 possiderentur,
935 3266 1125 3336 quibus
1152 3282 1211 3320 ea
1245 3265 1551 3322 deﬁcientes
1581 3267 1848 3324 dimittere

263 3359 565 3413 noluerunt.
591 3358 820 3426 Quidam
851 3348 1009 3412 =etiam
1041 3371 1104 3411 ex
1132 3357 1403 3411 honoratis
1432 3353 1848 3427 ilipponensium

263 3447 393 3520 apud
437 3451 819 3521 Carthaginem
861 3449 1041 3504 vivens
1086 3447 1340 3502 Ecclesiae
1369 3448 1691 3518 Hipponensi
1723 3465 1848 3520 pos-

265 3544 556 3597 sessionem
597 3542 798 3597 donare
834 3539 1031 3606 voluit,
1067 3547 1120 3595 et
1158 3527 1444 3594 confectas.
1471 3539 1705 3603 tabulas,
1748 3539 1846 3596 sibi

266 3651 354 3689 usu
383 3635 560 3689 fructu
599 3641 827 3698 retento,
853 3632 994 3689 ultro
1018 3632 1189 3687 eidem
1215 3640 1410 3686 sanctae
1440 3633 1707 3686 memoriae
1738 3633 1846 3686 Λιι-

265 3726 473 3793 gustino
501 3725 651 3778 misit
675 3743 688 3777 :
717 3725 870 3794 cujus
899 3723 986 3779 ille
1026 3723 1346 3778 oblationem
1375 3722 1600 3777 libenter
1624 3725 1846 3796 accepit,

268 3813 637 3886 congratuiahs
659 3819 705 3870 ei
727 3816 865 3886 quod
889 3821 1100 3870 aeternet:
1123 3830 1230 3870 sua:
1255 3821 1459 3870 memor
1480 3823 1621 3871 esset
1642 3815 1845 3869 salutis.

271 3907 457 3961 Verum
486 3915 607 3978 pust
632 3908 830 3977 aliquot
856 3921 1023 3961 annos
1051 3908 1202 3962 nobis
1229 3906 1361 3962 forte
1389 3911 1510 3961 cum
1542 3905 1726 3960 eodem
1757 3921 1849 3960 co-

268 4000 441 4053 minus
467 3986 791 4062 constitutis,
830 4013 954 4053 ecce
983 3989 1072 4053 ille
1097 3998 1320 4052 donator
1346 4000 1545 4052 litteras
1575 4015 1666 4068 per
1695 4003 1849 4051 suum

270 4090 432 4144 ﬁlium
461 4092 696 4155 mittens,
726 4092 931 4161 rogavit
958 4100 1016 4144 ut
1043 4090 1144 4144 illae
1170 4089 1510 4144 donationum
1539 4089 1728 4142 tabula:
1754 4103 1850 4142 suo

272 4180 620 4234 redderentur
658 4181 803 4246 lilio;
837 4180 1156 4251 pauperibus
1185 4195 1310 4234 vero
1337 4180 1632 4250 erogaudos
1660 4178 1861 4234 direxit-

268 4271 467 4327 solidos
502 4282 753 4328 centum:
787 4287 893 4343 quo
925 4273 1010 4326 ille
1047 4279 1261 4325 sanctus
1287 4271 1532 4340 cognito,
1572 4270 1847 4340 ingemuit,

267 4364 538 4420 hominem
566 4367 647 4420 vel
693 4357 909 4420 tinxisse
936 4357 1293 4429 deuotionem,
1327 4363 1409 4417 vel
1449 4379 1569 4418 eum
1608 4361 1677 4417 de
1714 4362 1853 4416 bono

265 4470 426 4527 Opere
470 4457 815 4525 ptenituisse,
856 4465 910 4509 et
944 4464 1139 4525 quanta
1184 4455 1351 4524 potuit
1394 4455 1503 4508 Deo
1541 4464 1853 4524 suggerente

264 4546 410 4601 cordi
442 4546 561 4616 ejus
591 4557 708 4600 cum
739 4545 920 4601 dolore
950 4547 1109 4599 animi
1137 4537 1158 4577 ⁸
1185 4561 1250 4600 ex
1277 4545 1464 4601 eadem
1502 4543 1853 4616 refragatione

263 4640 478 4708 dixit‘,
515 4641 568 4696 in
602 4642 736 4696 illius
778 4637 982 4696 scilicet
1021 4642 1431 4712 increpationem
1475 4649 1527 4695 et
1565 4642 1852 4702 correctio-

264 4748 386 4787 nem
412 4749 428 4786 :
463 4741 519 4787 et
545 4733 747 4788 tabulas
769 4749 901 4804 quas
929 4734 1018 4788 ille
1045 4743 1232 4803 Sponte
1253 4734 1487 4798 miserat,
1512 4749 1610 4788 uec
1641 4731 1852 4789 deside-

259 4833 432 4891 ratas,
463 4837 568 4878 nec
609 4831 840 4890 exactas,
880 4823 1157 4880 confestim
1200 4823 1446 4890 reddidit,
1475 4825 1855 4895 pecuniamque

263 4917 407 4970 illam
452 4918 660 4996 respuit
684 4935 698 4979 ς
729 4914 886 4987 atque
920 4917 1194 4988 rescriptis
1221 4910 1464 4972 eumdem
1486 4958 1502 4988 ,
1531 4917 1666 4972 sicut
1695 4932 1854 4988 opor-

265 5009 382 5072 tuit,
417 5011 481 5062 et
505 5010 678 5078 arguit
701 5018 755 5064 et
775 5010 1049 5079 corripuit,
1075 5009 1366 5070 admonens
1394 5018 1452 5064 ut
1476 5008 1542 5064 de
1567 5025 1660 5064 sua
1687 5010 1855 5064 simu-

325 5145 342 5208 ξ
379 5152 438 5195 1³
450 5152 596 5208 ,ωδε-9
619 5143 922 5208 W15":
1052 5205 1060 5208 -
1601 5183 1610 5191 ο

325 5207 347 5275 ξ
617 5205 782 5275 erm.
810 5207 950 5266 1188,
970 5205 1138 5275 eodem
1159 5209 1407 5275 prasente.
1426 5211 1528 5275 "tu.

327 5268 469 5331 {Sic
507 5263 610 5326 uss,
645 5270 759 5318 ﬁditi
799 5281 916 5317 vero
930 5263 954 5331 ξε
989 5266 1068 5317 Vel
1091 5263 1757 5331 quidquidindispensamm,
1785 5263 1861 5314 vel

262 5328 710 5437 ἕξιάὶςρξηδαηάιαη
731 5328 1048 5380 remansisset.
1077 5326 1137 5366 -'-
1164 5326 1236 5378 sic
1272 5329 1419 5377 etiam
1454 5326 1650 5386 salinas,
1675 5340 1740 5376 ex
1763 5339 1860 5377 uno

327 5425 349 5515 ξ
383 5399 595 5515 salinas,
607 5467 672 5502 ex
683 5453 869 5502 duobus
879 5453 990 5502 ωιι.
1011 5471 1015 5498 ;
1039 5461 1182 5513 Quem
1203 5448 1452 5515 probatum
1471 5450 1862 5512 manifestumque

265 5509 501 5563 habebat.
567 5509 617 5562 tt.
1052 5509 1066 5513 ’
1205 5509 1214 5515 ’
1602 5509 1611 5512 ’

329 5576 352 5644 ξ
393 5575 519 5644 Βξὶιὶ
545 5577 724 5634 ferunt,
749 5573 1211 5644 cqttdOIenli_9_ltitlto.
1373 5634 1384 5644 .
1518 5635 1529 5644 l
1566 5634 1588 5644 Δ
1694 5632 1705 5644 Ι
1743 5632 1775 5644 _.

217 5634 598 5750 ιόὲᾱεειλῖβ,
635 5632 822 5688 ex‘Od.
864 5632 1862 5700 neg.5ﬂ:Dceademdefl‘audatione

1958 368 2153 424 latione
2188 370 2268 426 vel
2297 370 2572 442 iniquitate
2597 389 2717 430 cum
2747 377 3070 446 penitentize
3087 379 3390 439 humilitate
3422 383 3534 440 Deo

1955 460 2321 530 satisfaceret,
2365 477 2433 518 ne
2476 480 2595 520 cum
2645 475 2750 522 tam
2789 469 2937 538 gravi
2980 470 3178 526 delicto
3222 471 3291 527 de
3331 475 3530 529 saeculo

1954 550 2142 606 exiret.

2023 640 2372 711 Frequentius
2427 660 2633 716 quoque
2682 647 2918 715 dicebat,
2969 653 3138 723 magis
3187 655 3428 710 securius
3476 665 3532 711 et

1953 731 2115 788 tutius
2150 733 2440 788 Ecclesiam
2488 737 2653 807 legata
2685 756 2710 790 a
2743 739 3007 798 defunctis
3037 743 3053 773 ι
3083 743 3300 800 dimissa
3336 745 3532 802 debere

1952 825 2255 894 Suscipere,
2295 844 2452 897 quam
2501 830 2832 888 litereditates
2872 833 3007 890 forte
3051 837 3304 892 sollicitas
3346 846 3402 892 et
3437 838 3534 892 da'o

1950 931 2196 984 mnosas;
2232 920 2445 990 ipsaque
2485 922 2652 992 legata
2693 927 2856 995 magis
2893 928 3158 985 offerenda
3201 947 3340 997 esse,
3370 945 3529 1002 quam

1950 1009 2224 1077 exigenda.
2257 1011 2636 1070 Commendata
2666 1033 2792 1072 vero
2837 1037 3057 1090 quaeque
3083 1023 3196 1092 ipse
3226 1037 3332 1079 non
3358 1027 3525 1082 susci~

1949 1099 2142 1169 piebat,
2159 1101 2252 1160 sed
2276 1104 2507 1160 volentes
2527 1110 2797 1178 suscipere
2818 1111 3042 1167 clericos
3062 1129 3166 1168 non
3188 1117 3525 1185 prohibebat.

1949 1187 2005 1243 In
2051 1191 2114 1244 iis
2152 1208 2360 1262 quoque
2397 1212 2514 1266 qum
2558 1197 2794 1255 Ecclesia
2836 1200 3063 1257 habebat
3097 1214 3150 1259 et
3197 1206 3521 1275 possidebat,
3576 1193 3579 1247 ¹

1950 1282 2184 1338 intentus
2221 1300 2402 1341 amore
2444 1290 2524 1343 vel
2568 1279 2866 1360 implicatus
2895 1295 2915 1327 ⁸
2948 1310 3053 1348 non
3095 1304 3244 1350 erat:
3275 1299 3367 1353 sed
3413 1313 3530 1352 ma-

1944 1372 2148 1442 joribus
2174 1378 2340 1446 magis
2363 1393 2425 1432 ac
2450 1379 2470 1412 ⁸
2493 1382 2853 1450 spiritualibus
2877 1400 3168 1456 suspensus
3188 1396 3242 1442 et
3263 1389 3529 1447 inhaerens

1949 1467 2134 1534 rebus,
2164 1471 2250 1524 vix
2278 1471 2564 1540 aliquando
2604 1490 2662 1529 se
2691 1476 2860 1546 ipsum
2890 1478 2955 1532 ad
3000 1479 3086 1533 illa
3125 1481 3431 1551 temporalia
3459 1483 3530 1537 ab

1949 1569 2266 1616 tl:l0l‘ll0!‘lllll
2307 1563 2624 1631 cogitatione
2664 1567 2931 1623 relaxabat
2961 1579 3014 1623 et
3051 1570 3366 1638 deponebat.
3397 1571 3532 1640 Qui-

1949 1651 2047 1704 lius
2079 1653 2164 1708 ille
2193 1653 2464 1722 dispositis
2492 1664 2545 1710 et
2569 1657 2844 1724 ordinatis,
2875 1669 3121 1730 tanquam
3147 1677 3179 1716 a
3205 1664 3364 1718 rebus
3388 1674 3531 1717 mor-

1948 1739 2165 1798 dacibus
2211 1758 2272 1796 ac
2318 1746 2593 1812 molestis,
2640 1749 2802 1802 animi
2849 1765 3120 1806 recursum
3165 1753 3230 1807 ad
3277 1755 3532 1809 interiora

1950 1835 2142 1890 mentis
2168 1846 2220 1890 ct
2247 1839 2518 1905 superiora
2560 1839 2819 1906 faciebat;
2851 1857 2956 1911 quo
2983 1845 3064 1897 vel
3107 1845 3172 1899 de
3203 1846 3532 1900 inveniendis

1949 1924 2138 1980 divinis
2178 1928 2333 1982 rebus
2379 1931 2670 1998 cogitaret,
2704 1934 2781 1984 vel
2823 1933 2890 1987 de
2925 1934 3032 2002 jam
3077 1936 3303 1991 inventis
3333 1937 3531 2006 aliquid

1930 2015 2198 2088 dictaret,
2226 2028 2313 2072 aut
2353 2029 2496 2074 certe
2532 2037 2602 2074 ex
2639 2023 2746 2090 jam
2774 2023 2986 2078 dictatis
3012 2036 3168 2095 atque
3205 2027 3534 2096 transcripti!

1948 2109 2141 2177 aliquid
2167 2111 2493 2165 einendaret.
2524 2113 2588 2165 Et
2619 2113 2667 2167 id
2695 2115 2883 2183 agebat
2911 2115 2964 2169 in
2991 2116 3076 2170 die
3107 2116 3369 2181 laborans,
3399 2125 3451 2171 et
3475 2118 3532 2171 in

1952 2207 2104 2252 nocte
2141 2200 2443 2256 lucubratis.
2475 2203 2538 2256 Et
2572 2212 2685 2258 erat
2724 2215 2969 2275 tanquam
3011 2208 3097 2262 illa
3138 2209 3533 2278 religiosissima

1951 2291 2105 2345 Maria
2136 2301 2315 2363 typum
2341 2303 2555 2362 gestans
2583 2309 2827 2366 supernae
2868 2298 3150 2365 Ecclesiae,
3179 2299 3244 2352 de
3270 2313 3372 2369 qua
3398 2301 3532 2353 scri-

1950 2393 2096 2451 ptum
2125 2394 2225 2449 est,
2249 2384 2392 2454 quod
2421 2385 2628 2440 sederet
2653 2387 2717 2441 ad
2747 2388 2906 2456 pedes
2929 2389 3136 2443 Domini
3157 2399 3313 2458 atque
3333 2391 3535 2445 intenta

1949 2475 2062 2542 ejus
2103 2477 2322 2532 verbum
2352 2478 2590 2531 audiret:
2624 2479 2690 2532 de
2723 2495 2822 2548 qua
2855 2496 3006 2534 soror
3043 2493 3328 2550 conquesta
3350 2522 3362 2545 ,
3391 2482 3533 2552 quod

1949 2567 2016 2622 ab
2036 2569 2221 2624 eadem
2251 2570 2390 2624 circa
2418 2571 2639 2626 multum
2666 2572 3013 2627 ministerium
3035 2585 3285 2641 occupata
3307 2587 3412 2627 non
3437 2574 3531 2628 ad-

1945 2660 2238 2727 juvaretur,
2269 2661 2502 2715 audivit:
2535 2661 2760 2728 Mart/ia,
2800 2662 3028 2725 Martha,
3061 2666 3312 2718 meliorem
3337 2673 3531 2736 partem

1949 2751 2092 2820 elegit
2125 2750 2313 2814 Maria,
2342 2768 2454 2819 qua:
2477 2769 2577 2805 non
2607 2758 2863 2823 auferetur
2886 2755 2947 2819 ab
2976 2770 3032 2806 ea
3055 2754 3206 2824 (Luc.
3238 2771 3292 2816 ι,
3316 2755 3531 2825 59-41).

1948 2841 2080 2895 Nam
2114 2841 2430 2896 fabricarum
2461 2857 2718 2898 novarum
2757 2859 3023 2913 nunquam
3055 2845 3287 2899 studium
3329 2845 3533 2912 habuit,

1951 2931 2196 2998 devitans
2221 2932 2273 2988 in
2300 2935 2376 2986 eis
2403 2932 2812 3003 implicationem
2835 2935 2912 2987 sui
2938 2936 3120 3002 animi,
3143 2947 3298 3004 quem
3327 2947 3536 3006 Semper

1951 3022 2398 3078 liberum-habere
2432 3023 2640 3078 volebat
2663 3025 2730 3078 ab
2760 3025 2905 3078 omni
2934 3027 3174 3080 molestia
3217 3027 3492 3096 temporaii
3517 3043 3532 3080 :

1951 3131 2056 3170 non
2106 3125 2281 3169 tamen
2330 3116 2415 3172 illa
2464 3116 2703 3171 volentes
2738 3125 2793 3172 et
2831 3118 3151 3174 tedilicantes
3201 3121 3532 3189 prohibebat,

1951 3206 2052 3260 nisi
2095 3216 2294 3260 tantum
2337 3207 2732 3274 immoderatos.
2763 3208 2965 3264 interea
3006 3211 3130 3264 dum
3159 3212 3411 3265 Ecclesiae
3439 3226 3533 3280 pe-

1951 3298 2105 3352 cunia
2130 3298 2404 3362 deficeret,
2429 3299 2533 3352 hoc
2563 3300 2733 3369 ipsmn
2775 3303 2969 3369 populo
3007 3303 3295 3357 christiano
3333 3303 3538 3357 denun-

1953 3389 2142 3455 tiabat,
2188 3405 2294 3447 non
2341 3406 2400 3445 se
2447 3390 2646 3445 habere
2685 3392 2824 3460 quod
2872 3393 3230 3462 indigentibus
3271 3400 3533 3464 erogaret.

1953 3481 2079 3536 Nam
2110 3489 2164 3536 et
2190 3480 2256 3536 de
2283 3480 2422 3540 vasis
2446 3481 2754 3550 dominicis,
2787 3491 3003 3551 propter
3031 3483 3266 3552 captivos
3295 3494 3348 3538 et
3378 3497 3535 3554 quam

1955 3571 2207 3640 plurimos
2250 3572 2544 3641 indigentes
2585 3571 2627 3638 ⁸,
2663 3571 2832 3642 frangi
2873 3584 2925 3627 et
2962 3573 3180 3627 conﬂari
3214 3575 3453 3642 jubebat,
3481 3585 3538 3630 et

1953 3661 2308 3731 indigentibus
2346 3661 2662 3732 dispensari.
2693 3662 2845 3729 Quod
2872 3678 2977 3718 non
3009 3673 3535 3730 commemorasSem,

1955 3753 2053 3818 nisi
2081 3761 2263 3808 contra
2286 3754 2552 3808 carnalem
2583 3763 2800 3808 sensum
2826 3754 3174 3823 quorumdam
3214 3754 3326 3807 ﬁeri
3359 3753 3539 3822 pervi-

1953 3847 2156 3902 derem.
2206 3846 2272 3902 Et
2317 3845 2418 3898 hoc
2462 3845 2634 3913 ipsum
2682 3845 2839 3901 etiam
2889 3845 3206 3899 venerabilis
3268 3845 3538 3899 memoriae

1953 3937 2266 3996 Ambrosius
2296 3936 2346 3990 in
2383 3937 2571 3991 talibus
2601 3937 3003 3991 necessitatibus
3034 3935 3392 3990 indubitanter
3419 3950 3540 3991 esse

1954 4026 2274 4096 faciendum,
2304 4034 2358 4080 ct
2387 4025 2536 4086 dixit,
2570 4035 2624 4080 et
2647 4024 2859 4094 scripsit
2887 4025 3052 4097 (οδες.
3088 4025 3173 4080 lib.
3197 4025 3254 4092 Ξ,
3278 4035 3390 4096 cap.
3422 4024 3534 4096 18).

1955 4119 2058 4178 Sed
2089 4127 2142 4174 et
2167 4118 2233 4174 de
2260 4119 2500 4187 neglecto
2530 4134 2557 4171 a
2601 4118 2842 4174 fidelibus
2866 4117 3244 4188 gazophylacio
3283 4125 3334 4170 et
3361 4125 3538 4170 Secre—

1957 4214 2109 4278 tario,
2139 4210 2281 4266 unde
2310 4212 2461 4264 altari
2495 4211 2795 4265 necessaria
2825 4210 3137 4274 inferuntur,
3171 4207 3454 4278 aliquando
3482 4207 3534 4260 in

1956 4304 2178 4359 ecclesia
2199 4303 2420 4373 loquens
2448 4302 2764 4356 admonebat
2789 4319 2803 4356 :
2835 4301 2974 4371 quod
2997 4302 3155 4355 etiam
3177 4298 3535 4354 beatissimmn

1955 4395 2292 4451 Ambrosium
2325 4407 2382 4447 se
2412 4403 2672 4462 praesente
2696 4391 2750 4450 in
2775 4392 3000 4448 ecclesia
3029 4390 3358 4454 tractavisse,
3385 4387 3540 4442 nobis

1956 4483 2236 4552 aliquando
2265 4482 2544 4537 retulerat.

1956 4573 2179 4630 CAPUT
2209 4571 2374 4628 XXV.
2392 4603 2464 4612 —-
2483 4570 2767 4642 Disciplina
2795 4571 3084 4624 domestica.
3113 4568 3272 4622 Poena
3288 4568 3536 4639 juramis.

2042 4665 2172 4720 Cum
2217 4665 2330 4734 ipso
2391 4675 2601 4732 semper
2641 4662 2858 4728 clerici,
2907 4677 3007 4715 una
3050 4661 3207 4714 etiam
3264 4659 3424 4714 domo
3478 4669 3544 4712 ac

1960 4772 2139 4809 mensa
2180 4754 2581 4824 sumptibusque
2613 4754 2979 4808 communibus
3026 4753 3304 4807 alebantur
3347 4760 3400 4806 et
3441 4763 3541 4804 vo-

1959 4847 2270 4922 stiebantur.
2339 4848 2402 4902 lit
2444 4861 2509 4900 ne
2558 4847 2834 4916 quisquam
2883 4845 3022 4904 facili
3064 4844 3329 4914 iuratione
3379 4844 3537 4897 etiam

1958 4939 2024 4994 ad
2057 4939 2340 5009 perjurium
2366 4938 2668 5003 decidisset,
2711 4941 2764 4991 ct
2795 4935 2846 4990 in
2872 4936 3093 4992 ecclesia
3122 4935 3316 5005 populo
3343 4933 3537 5003 prtedi-

1959 5031 2130 5096 cabat,
2171 5036 2225 5084 et
2261 5044 2386 5084 suos
2430 5028 2748 5088 instituerat.
2781 5043 2844 5081 ne
2883 5028 3002 5096 quis
3037 5026 3240 5094 iuraret
3280 5021 3325 5092 ⁸,
3368 5039 3436 5082 ne
3472 5023 3542 5079 ad

2024 5141 2040 5171 ί
2076 5139 2255 5202 Salinas
2278 5146 2365 5202 :_ln
2391 5139 2554 5202 codice
2594 5138 2738 5187 vatio.
2769 5135 2887 5202 i190
2919 5137 3163 5202 deest,_a_
3183 5131 3436 5202 denotatis.
3459 5135 3540 5186 Od.

1962 5209 2077 5264 Reg.
2103 5199 2188 5268 sit
2216 5197 2430 5268 sic__legit
2454 5214 2480 5268 :_
2498 5203 2825 5268 legatofrater:
2849 5193 3063 5268 deftmcti
3078 5193 3258 5268 deberi?
3280 5195 3543 5268 suscipere,

1961 5258 2430 5328 qut'rmﬁtereditates
2452 5258 2575 5328 forte
2595 5258 2819 5328 sollicitqs
2843 5264 2886 5328 et
2911 5258 3248 5328 demittendus.
3316 5267 3372 5310 Μ.

2024 5325 2044 5356 ι
2080 5324 2232 5372 Hicin
2257 5323 2398 5372 cuius
2420 5317 2606 5372 additur
2629 5317 2921 5384 cupiditate;
2943 5319 3032 5370 sed
3055 5321 3199 5371 abest
3220 5332 3248 5370 a
3271 5327 3376 5370 MSS.

2028 5387 2047 5418 ³
2080 5385 2196 5433 Editi
2212 5385 2436 5433 omittunt
2459 5397 2533 5432 ac.
2902 5385 2908 5392 “

2027 5445 2049 5477 ι
2082 5449 2180 5494 Duo
2205 5454 2306 5494 Mss.
2337 5459 2348 5493 :
2387 5449 2439 5494 El
2464 5440 2723 5510 plurtmtnrt
2743 5440 3025 5510 indigentes.
3043 5449 3172 5510 Unus
3199 5455 3258 5510 ex
3284 5439 3548 5510 Floriacen-

1965 5509 2115 5570 sibus
2131 5521 2142 5555 :
2160 5569 2166 5570 γ
2185 5516 2302 5570 aiam
2324 5513 2369 5555 et
2394 5503 2501 5570 vasa
2527 5505 2764 5570 dominica
2789 5503 2931 5569 quam
2955 5504 3163 5570 plurima
3187 5503 3416 5570 frangiet
3441 5503 3548 5550 con-

2083 5642 2276 5695 sauuas,
2303 5642 2366 5678 ex
2389 5642 2470 5678 cu.
2498 5642 2612 5695 neg.
2652 5642 2738 5680 5M
2768 5642 2782 5680 :

1970 5688 2074 5754 quis
2085 5690 2296 5754 juraret.
2362 5698 2418 5740 tu.
