3994 6352
440 269 507 328 ss
1493 264 1653 321 VITA
1691 264 1748 320 s.
1789 261 2149 322 AUGUSTINI
2189 261 2509 332 EPISCOPI,
3641 266 3711 323 se

441 397 681 439 mensam
708 382 724 414 ¹
754 383 992 454 quidem.
1024 381 1173 451 Quod
1202 382 1247 435 si
1273 379 1550 450 prolapsus
1577 378 1761 434 fuisset
1786 381 1829 446 ’,
1857 393 2014 432 unam

439 475 507 530 de
550 475 759 530 statutis
801 475 1057 544 perdebat
1090 473 1399 545 potionem:
1428 485 1678 524 numerus
1721 469 1864 524 enim
1904 475 2019 522 erat

439 566 547 620 suis
581 579 758 620 secum
802 563 1252 620 commorantibus
1279 569 1332 616 et
1359 559 1763 616 convivantibus
1795 559 2017 628 poculo-

440 649 557 712 rium
583 660 850 728 praeﬁxus.
881 656 1396 727 lndisciplinationes
1419 668 1628 724 quoque
1654 660 1708 707 et
1727 659 2020 721 transgres-

439 750 615 806 siones
641 765 855 805 suorum
883 764 910 800 a
933 749 1111 818 regula
1132 755 1273 802 recta
1297 753 1350 801 et
1369 745 1644 799 honestate
1674 743 1716 810 ³,
1743 742 2016 813 arguebat,

435 849 492 895 et
513 842 769 896 tolerabat
794 851 1045 910 quantum
1071 839 1295 894 decebat
1317 847 1372 894 et
1397 837 1714 908 oportebat:
1745 835 1798 892 in
1831 835 2020 890 talibus

438 931 706 1002 pra-cipue
751 931 968 998 docens,
1001 947 1069 986 ne
1113 930 1420 1000 cujusquam
1462 943 1558 983 cor
1587 928 1938 982 declinaretur
1965 928 2017 980 in

437 1023 600 1075 verba
626 1023 855 1092 maligna
885 1022 948 1076 ad
976 1021 1304 1077 excusandas
1327 1021 1693 1074 excusationes
1715 1019 1764 1088 in
1795 1019 2020 1088 peccatis

441 1110 617 1184 (Psal.
651 1127 772 1179 cn,
804 1110 896 1183 4),
925 1122 977 1166 et
1000 1112 1126 1166 dum
1156 1111 1378 1181 quisque
1401 1109 1618 1164 oﬂ'erret
1645 1124 1838 1164 munus
1865 1122 2021 1163 suum

439 1204 505 1258 ad
531 1205 716 1269 altare,
745 1213 800 1260 et
835 1205 940 1258 illic
970 1203 1274 1259 recordatus
1304 1201 1488 1257 fuisset
1526 1201 1667 1271 quod
1705 1200 1869 1255 frater
1894 1215 2021 1254 suus

440 1294 658 1351 haberet
700 1296 894 1366 aliquid
944 1297 1198 1350 adversus
1241 1295 1408 1357 illum,
1454 1293 1856 1362 relinquendum
1902 1305 2021 1345 esse

439 1404 633 1444 munus
662 1399 784 1444 ante
809 1389 997 1454 altare,
1029 1397 1186 1458 atque
1210 1387 1441 1442 eundum
1473 1402 1576 1456 quo
1605 1387 1750 1440 fratri
1779 1384 2022 1440 reconci-

439 1480 594 1534 lietur
623 1479 664 1544 ⁸,
695 1492 748 1536 et
777 1491 897 1534 tunc
928 1479 1278 1546 veniendum,
1306 1486 1359 1532 et
1387 1493 1578 1532 munus
1603 1478 1668 1532 ad
1693 1477 1857 1530 altare
1887 1475 2022 1530 oil’e-

438 1572 663 1625 rendum
695 1571 900 1642 (Matth.
931 1587 983 1634 ν,
1007 1571 1097 1635 25,
1120 1568 1234 1640 24).
1263 1569 1320 1624 Si
1349 1586 1473 1623 vero
1503 1571 1614 1637 ipse
1640 1568 1892 1622 adversus
1921 1566 2024 1620 fra-

448 1671 584 1717 trem
610 1679 763 1718 suum
790 1663 986 1732 aliquid
1021 1663 1256 1728 haberet,
1292 1662 1563 1730 corripere
1591 1677 1710 1716 eum
1746 1660 1939 1714 debere
1968 1659 2021 1712 in

439 1763 627 1822 parte;
657 1763 712 1807 et
751 1754 792 1807 si
825 1769 942 1806 eum
973 1753 1239 1817 audisset,
1282 1753 1513 1806 lucratus
1550 1760 1691 1806 esset
1719 1766 1868 1805 suum
1914 1748 2021 1804 fra-

445 1851 577 1895 trem
605 1860 616 1895 :
651 1844 729 1896 sin
760 1843 931 1896 niimts
951 1885 966 1909 ,
993 1843 1349 1898 adhibendum
1388 1857 1506 1896 esse
1533 1857 1691 1895 unum
1729 1848 1820 1895 aut
1848 1841 1980 1894 duos
2006 1858 2018 1894 :

439 1932 577 2001 quod
601 1933 643 1986 si
664 1942 717 1987 et
739 1934 880 2003 ipsos
899 1942 1280 1996 contemneret,
1311 1933 1603 1986 Ecclesiam
1625 1931 1980 1986 adhibendam
2005 1947 2018 1983 ε

443 2024 522 2077 sin
555 2039 685 2081 vero
711 2036 765 2078 et
795 2026 915 2079 huic
945 2041 1046 2078 non
1075 2024 1334 2090 obediret,
1359 2033 1498 2077 esset
1523 2024 1596 2076 illi
1622 2032 1676 2076 ut
1705 2023 1948 2077 ethnicus
1970 2029 2025 2075 et

441 2111 774 2181 publicanus.
803 2115 868 2168 Et
898 2114 1024 2168 illud
1053 2114 1271 2180 addens,
1313 2123 1363 2168 ut
1405 2114 1547 2167 fratri
1590 2113 1827 2183 peccanti
1855 2120 1907 2166 et
1936 2126 2028 2166 ve-

442 2202 585 2258 niam
617 2203 850 2271 petenti,
882 2221 987 2259 non
1017 2206 1232 2285 scpties,
1260 2205 1351 2259 sed
1376 2206 1670 2274 septuagies
1696 2205 1896 2273 septies
1931 2202 2026 2256 de-

443 2294 628 2349 lictum
657 2297 925 2352 relaxetur
955 2296 1062 2369 (Id.
1086 2314 1234 2364 xvm,
1260 2298 1441 2364 15-17,
1465 2297 1556 2362 2|,
1580 2297 1689 2367 22),
1720 2297 1855 2351 sicut
1882 2296 2032 2366 quis-

441 2399 545 2454 que
574 2400 606 2440 a
635 2387 857 2440 Domino
883 2387 1116 2456 quotidie
1145 2388 1242 2442 sibi
1274 2388 1502 2455 postulat
1525 2386 1774 2441 relaxari.

621 2476 847 2533 CAPUT
875 2478 1064 2532 XXVI.
1084 2508 1153 2520 -—-
1170 2477 1245 2532 De
1271 2479 1496 2532 convictu
1526 2479 1848 2549 feminarum.

515 2566 856 2622 Feminarum
901 2570 1034 2621 intra
1077 2568 1291 2622 domum
1321 2568 1436 2638 ejus
1466 2569 1607 2621 nulla
1637 2583 1866 2637 unquam
1893 2583 2024 2621 con-

457 2668 665 2713 versata
742 2668 866 2726 est,
918 2660 1060 2713 nulla
1114 2661 1348 2726 mansit,
1410 2675 1477 2714 ne
1521 2659 1734 2729 quidem
1781 2675 2030 2730 germana

451 2762 646 2815 soror,
708 2765 825 2818 qum
887 2750 1041 2803 vidua
1095 2751 1205 2804 Deo
1255 2750 1492 2805 serviens
1556 2751 1721 2804 multo
1787 2759 2029 2820 tempore

449 2854 618 2909 usque
657 2841 708 2894 in
751 2841 891 2896 diem
930 2841 1105 2895 obitus
1147 2842 1227 2895 sui
1271 2840 1552 2911 praeposita
1594 2842 1901 2897 ancillarum
1933 2843 2028 2897 Dei

363 2996 371 3001 ‘
449 2929 602 2983 vixit.
645 2928 751 2985 Sed
793 2946 890 2986 nec
927 2933 1096 3000 patrui
1139 2933 1219 2985 sui
1257 2932 1395 2999 filiae,
1424 2943 1478 2988 et
1501 2933 1522 2964 '
1552 2933 1726 2987 fratris
1762 2934 1842 2987 sui
1883 2933 2023 3000 filize,

446 3034 565 3088 quae
588 3021 783 3089 pariter
805 3023 912 3076 Deo
931 3023 1233 3078 serviebant
1255 3040 1269 3077 :
1293 3039 1423 3092 quas
1443 3039 1701 3095 personas
1725 3036 2027 3081 sanctorum

447 3111 818 3182 episcoporum
857 3114 1077 3168 concilia
1119 3114 1170 3167 in
1213 3115 1446 3183 exceptis
1475 3125 1783 3184 posuerunt.
1810 3117 2028 3171 Dicebat

447 3217 596 3266 vero,
626 3205 749 3272 quia
775 3205 875 3259 etsi
903 3205 971 3260 de
1003 3220 1190 3260 sorore
1226 3215 1280 3259 et
1304 3207 1547 3275 neptibus
1573 3222 1756 3260 secum
1795 3222 2031 3261 commo-

446 3297 684 3350 rantibus
731 3297 872 3350 nulla
930 3299 1074 3353 nasci
1118 3307 1296 3368 posset
1350 3298 1487 3352 mala
1533 3300 1802 3368 suspicio;
1855 3307 2030 3355 tamen

448 3387 695 3453 quoniam
725 3387 826 3440 illze
857 3403 1096 3454 personae
1124 3388 1241 3443 sine
1264 3389 1381 3443 aliis
1405 3391 1721 3443 necessariis
1745 3405 2030 3460 secumque

449 3476 784 3531 manentibus
817 3476 1031 3532 feminis
1057 3493 1176 3533 esse
1201 3494 1305 3533 non
1334 3487 1579 3548 possent,
1602 3487 1654 3534 et
1679 3480 1818 3549 quod
1847 3480 1912 3534 ad
1937 3494 2030 3535 eas

449 3565 566 3621 alia:
593 3568 751 3639 etiam
773 3583 802 3622 a
825 3567 952 3622 foris
972 3569 1246 3634 intrarent,
1271 3570 1337 3624 de
1365 3570 1445 3623 his
1473 3585 1628 3638 posse
1653 3569 2030 3625 oﬂ‘endiculum

447 3666 540 3711 aut
563 3658 870 3713 scandalum
907 3659 1288 3714 infirmioribus
1326 3661 1511 3724 nasci;
1541 3668 1595 3714 et
1632 3659 1754 3714 illos
1782 3661 1871 3730 qui
1907 3677 2030 3715 cum

447 3749 697 3818 episcopo
721 3750 810 3804 vel
850 3751 1086 3819 quolibet
1112 3751 1306 3804 clerico
1331 3749 1467 3805 forte
1506 3761 1799 3817 manerent,
1833 3768 1900 3807 ex
1925 3753 2031 3808 illis

447 3838 694 3893 omnibus
721 3838 1034 3894 feminarum
1062 3842 1303 3910 personis
1331 3856 1485 3910 posse
1522 3858 1624 3896 una
1653 3845 2029 3898 commoranti-

448 3928 549 3982 bus
591 3928 677 3982 vel
720 3928 1165 3995 adventantibus,
1210 3939 1302 3984 aut
1347 3933 1724 3987 tentationibus
1785 3935 2030 3991 humanis

447 4017 656 4086 perire,
683 4028 772 4072 aut
811 4028 958 4074 certe
988 4019 1139 4074 malis
1179 4020 1448 4074 hominum
1489 4023 1876 4092 suspicionibus
1902 4039 2030 4095 pes-

447 4108 580 4162 sime
619 4108 878 4164 diﬂ‘amari
905 4110 944 4162 ³.
974 4109 1054 4164 Ob
1081 4110 1182 4165 hoc
1215 4125 1342 4181 ergo
1369 4111 1576 4166 dicebat
1593 4153 1608 4179 ,
1637 4129 1905 4184 nunquam
1929 4115 2028 4170 de-

446 4199 573 4254 bere
613 4199 838 4255 feminas
875 4216 994 4254 cum
1029 4201 1197 4256 servis
1240 4202 1349 4267 Dei,
1379 4204 1538 4256 etiam
1567 4204 1894 4270 castissimis,
1925 4221 2029 4260 una

450 4305 666 4344 manere
703 4290 882 4356 domo,
912 4307 998 4357 ne,
1034 4299 1090 4345 ut
1116 4291 1313 4345 dictum
1343 4302 1445 4358 est,
1482 4293 1695 4362 aliquod
1721 4295 2028 4349 scandalum

448 4388 541 4434 aut
580 4379 953 4436 oll'endiculum
985 4381 1074 4435 tali
1114 4382 1357 4451 exemplo
1399 4391 1687 4450 poneretur
1726 4385 2028 4439 infirmiori-

446 4474 546 4528 bus
573 4492 586 4529 :
615 4482 670 4528 et
696 4475 740 4529 si
768 4473 903 4529 forte
931 4474 998 4529 ab
1026 4475 1286 4545 aliquibus
1318 4474 1529 4530 feminis
1561 4485 1616 4531 ut
1643 4476 1912 4531 videretur
1943 4478 2029 4534 vel

446 4565 781 4630 salutaretur,
809 4565 1091 4634 rogabatur
1113 4579 1131 4630 ;
1158 4579 1424 4635 nunquam
1446 4567 1558 4620 sine
1580 4567 1786 4621 clericis
1808 4568 2030 4623 testibus

446 4655 515 4710 ad
548 4672 668 4710 eum
706 4656 973 4711 intrabant
998 4657 1040 4723 ",
1069 4657 1152 4710 vel
1191 4658 1334 4711 solus
1375 4673 1496 4710 cum
1527 4657 1654 4712 solis
1685 4673 1916 4728 unquam
1945 4668 2028 4716 est

446 4745 672 4814 loeutus,
703 4763 802 4804 nec
828 4749 873 4802 si
899 4758 1220 4804 secretorum
1248 4749 1445 4819 aliquid
1475 4749 1756 4804 interesset
1775 4752 1817 4802 ⁸.

513 4861 543 4934 ‘_
567 4861 704 4934 lgditi,
717 4861 783 4911 ad
1061 4873 1080 4922 ;
1095 4867 1148 4911 et
1164 4874 1336 4934 omnes
1479 4863 1778 4934 prtebentaa
1797 4875 2025 4914 mensam.

444 4921 715 4985 -Salinas,
740 4936 802 4973 ex
827 4923 908 4972 0d.
926 4921 1144 4973 Vaticano
1161 4922 1296 4985 1190,
1315 4921 1379 4973 ad
1726 4931 1782 4972 M.

510 4983 993 5048 ἕωμςε-,Γεείδσεεκ
1143 5045 1187 5048 __
1325 5044 1335 5048 _

511 5044 536 5078 ⁸
564 5044 767 5108 Salinas,
797 5061 863 5097 ex
886 5046 1077 5096 duobus
1095 5045 1229 5106 Cdd.,
1247 5049 1293 5095 et
1314 5044 1525 5096 hmesta.
1553 5052 1604 5094 In
1641 5059 1740 5096 uno
1778 5045 1923 5096 deest
1947 5045 2032 5098 ho-

511 5116 684 5218 :ws‘diti
700 5116 888 5231 :thth
909 5167 1132 5218 ewndem
1151 5167 1353 5232 fratrem
1374 5180 1476 5218 esse
1499 5166 1920 5219 remiliandum.
1943 5176 2029 5220 Ca-

447 5231 688 5325 ltigantur
710 5241 777 5279 ex
801 5238 906 5280 Mss.
1155 5231 1158 5232 '

565 5292 716 5342 nostri
739 5291 1045 5362 nonhabeut
1055 5304 1068 5340 :
1094 5290 1263 5362 patrui
1283 5289 1364 5362 sui?
1378 5289 1497 5356 tilia:
1517 5296 1580 5342 et.
1595 5316 1656 5328 —
1670 5298 1820 5341 Voces
1843 5293 2030 5344 easdem

447 5365 724 5446 suppressae
746 5359 861 5402 sunt
880 5353 933 5401 in
954 5351 1067 5400 Cdd.
1091 5351 1287 5403 salinas.
1355 5351 1409 5402 si.

560 5416 930 5486 ,γειυειίεεείωςιε
943 5412 1028 5486 od:
1049 5415 1339 5486 ῖφβεειιθηξίε
1397 5418 1484 5486 ad
1883 5414 2030 5479 ρεεει

445 5487 522 5526 me
538 5474 817 5586 dgﬂ'amari;
842 5483 894 5526 et
916 5477 1132 5538 praeterit
1148 5483 1269 5546 μαι
1282 5474 1630 5549 tentatiom'bus,
1655 5483 1750 5546 etc.

508 5537 530 5568 "
633 5544 715 5586 mo
736 5545 845 5586 Lov.
885 5551 897 5586 :
940 5538 1010 5586 Αά
1033 5551 1115 5586 eas
1148 5537 1374 5586 intrabat.
1413 5539 1750 5586 dissenuentth

508 5537 530 5568 ⁷
566 5537 715 5588 Editio
736 5537 845 5589 Lov.
885 5537 1010 5588 :I-td
1033 5551 1115 5588 eas
1148 5537 1374 5598 intrabat,
1413 5537 1812 5589 dissentientibus
1847 5545 1952 5587 mss.
1980 5545 2032 5590 et

447 5596 690 5670 Inimnieri
713 5599 1007 5670 ..—salinas,_
1022 5613 1085 5650 ex
1103 5600 1185 5649 Cd.
1205 5607 1319 5670 Reg.
1344 5596 1430 5649 541
1454 5615 1465 5649 :
1497 5600 1566 5650 Ad
1589 5597 1938 5670 emnluztrabat.
1973 5609 2026 5670 tu,

499 5661 528 5691 ·⁸
563 5659 741 5712 salinas
769 5676 782 5711 :
814 5661 920 5724 [et
938 5663 1065 5713 solus
1087 5675 1198 5713 cum
1219 5659 1333 5714 solis
1353 5674 1563 5724 unquam
1593 5667 1662 5712 est
1699 5660 1909 5724 loeutus,
1937 5661 2034 5712 nisi

446 5727 739 5774 secretorum
773 5723 957 5786 aliquid
993 5724 1238 5778 inteream
1252 5738 1272 5788 ;
1307 5723 1494 5785 adgesta
1527 5724 1617 5774 hac
1649 5723 1842 5776 uetula:
1867 5723 2030 5775 codex

2123 377 2349 455 CAPUT
2390 378 2601 434 XXVII.
2619 406 2691 420 —-
2715 376 2944 449 Oﬁcium
2967 395 3086 450 erga
3108 380 3372 444 destitutos
3395 389 3442 434 et
3465 393 3711 453 (egrotan-

2193 479 2284 524 tes.
2312 469 2562 524 Ambrosii
2595 470 2651 523 in
2689 470 2922 524 extremis
2961 471 3259 539 praclarum
3299 471 3505 525 dictum.
3536 472 3711 529 Altera

2191 563 2416 632 episcOpi
2452 563 2602 615 morti
2630 562 3012 634 propinquantis
3040 563 3226 616 eximia
3258 564 3503 617 sententia
3530 576 3710 620 contra

2192 656 2308 710 vita:
2329 657 2411 709 hic
2442 653 2733 725 prolixioris
2759 654 3100 726 cupiditatem.

2193 748 2248 803 ln
2275 748 2662 803 visitationibus
2700 762 2828 803 vero
2855 745 3070 800 modum
3123 747 3334 800 tenebat
3361 745 3429 799 ab
3469 748 3698 815 apostolo

2121 839 2418 904 definitum,
2460 845 2516 891 ut
2567 837 2775 892 nonnisi
2826 836 3051 906 pupillos
3079 842 3133 888 et
3173 834 3357 889 viduas
3405 835 3459 888 in
3485 835 3699 890 tribula‘

2122 931 2352 986 tionibus
2404 930 2714 983 constitutas
2740 929 2757 959 ¹
2785 927 3024 983 visitaret
3078 925 3279 998 (Jacobi
3324 942 3359 992 ι,
3400 927 3516 997 27).
3550 930 3612 981 Ει
3663 929 3705 982 si

2122 1020 2256 1075 forte
2305 1021 2373 1074 ab
2401 1020 2779 1090 aegrotantibus
2809 1019 2876 1073 ob
2904 1021 3002 1073 hoc
3031 1029 3297 1088 peteretur
3318 1061 3330 1083 ,
3377 1030 3432 1072 ut
3486 1036 3582 1088 pro
3629 1023 3706 1076 eis

2121 1113 2177 1167 in
2225 1112 2472 1182 prtesenti
2518 1111 2796 1165 Dominum
2819 1111 3276 1195 regaretueisque
3317 1126 3502 1165 manus
3529 1113 3702 1182 impo-

2121 1212 2310 1269 neret;
2338 1202 2454 1257 sine
2491 1217 2638 1256 mora
2665 1201 2918 1272 pergebat
2943 1203 2984 1254 '.
3018 1201 3352 1254 Feminarum
3384 1213 3558 1256 autem
3591 1219 3707 1257 mo-

2124 1293 2352 1350 nasteria
2383 1294 2591 1348 nonnisi
2615 1293 2919 1362 urgentibus
2942 1293 3344 1347 necessitatibus
3367 1293 3628 1347 visitabat.

2193 1386 2522 1443 Servandum
2575 1401 2787 1456 quoque
2839 1386 2892 1438 in
2935 1385 3038 1439 vita
3091 1393 3144 1439 et
3191 1386 3426 1441 moribus
3476 1385 3706 1442 hominis

2123 1479 2217 1534 Dei
2265 1478 2546 1542 referebat,
2575 1477 2716 1548 quod
2763 1479 2812 1530 in
2855 1476 3095 1530 instituto
3135 1476 3154 1507 ³
3191 1485 3386 1530 sanctae
3434 1479 3705 1531 memoria:

2124 1569 2390 1624 Ambrosii
2427 1575 2782 1638 compererat,
2813 1574 2870 1620 ut
2906 1581 3121 1619 uxorem
3163 1567 3405 1634 cuiquam
3438 1583 3703 1636 nunquam

2124 1670 2385 1731 posceret,
2428 1675 2600 1729 neque
2641 1659 2873 1714 militare
2900 1660 3164 1714 volentem
3195 1661 3259 1714 ad
3292 1659 3393 1714 hoc
3431 1675 3698 1716 commen-

2124 1750 2292 1816 daret,
2321 1766 2493 1820 neque
2525 1751 2574 1803 in
2603 1766 2695 1804 sua
2740 1752 2903 1818 patria
2937 1752 3132 1820 petitus
3163 1751 3263 1806 iret
3292 1752 3359 1805 ad
3386 1753 3702 1808 convivium.

2125 1840 2201 1894 De
2224 1841 2444 1909 singulis
2471 1841 2630 1895 rebus
2657 1840 2883 1894 reddens
2911 1855 3117 1905 causas,
3147 1842 3348 1896 scilicet
3373 1859 3439 1896 ne
3467 1843 3590 1896 dum
3622 1845 3704 1896 in-

2089 1966 2092 1969 -
2125 1939 2208 1987 ter
2236 1946 2294 1985 se
2333 1931 2598 2001 conjngati
2639 1946 2764 1986 casu
2794 1932 3085 2000 jurgarent,
3115 1933 3163 1986 ei
3205 1934 3576 1989 maledicerent
3613 1951 3708 2004 per

2125 2039 2283 2093 quem
2320 2022 2585 2092 conjuncti
2624 2031 2838 2078 essent:
2879 2022 2972 2077 sed
3019 2024 3172 2092 plane
3215 2025 3280 2078 ad
3323 2025 3424 2080 hoc
3465 2025 3564 2080 sibi
3595 2024 3705 2096 jam

2127 2114 2230 2167 illis
2268 2114 2714 2169 consentientibus
2746 2115 2968 2184 petitum
3001 2113 3259 2169 interesse
3287 2115 3483 2170 debere
3524 2133 3706 2172 sacer—

2127 2204 2326 2271 dotem,
2345 2213 2403 2258 ut
2422 2205 2508 2260 vel
2527 2220 2711 2259 eorum
2727 2203 2835 2274 jam
2860 2214 3008 2273 pacta
3029 2213 3082 2258 et
3103 2205 3289 2274 placita
3308 2206 3644 2261 firmarentur
3661 2208 3704 2275 ⁵,

2127 2297 2213 2351 vel
2252 2297 2711 2351 benedicerentur.
2753 2295 2822 2352 Et
2865 2312 2930 2349 ne
2969 2296 3170 2350 militiae
3207 2297 3607 2350 commendatus
3648 2314 3708 2351 ac

2128 2388 2265 2441 male
2294 2401 2458 2457 agens
2479 2430 2491 2451 ,
2535 2386 2649 2456 ejus
2684 2386 2836 2455 culpa
2868 2386 3197 2456 suffragatori
3225 2387 3544 2442 tribueretur
3572 2387 3613 2438 ⁸.
3645 2389 3710 2444 Et

2130 2493 2197 2533 ne
2243 2494 2336 2548 per
2383 2478 2728 2547 frequentiam
2773 2477 2827 2530 in
2870 2477 3055 2545 patria:
3099 2477 3353 2532 conviviis
3392 2479 3708 2533 constitutus

2131 2569 2491 2638 temperantia:
2517 2569 2847 2623 amitteretur
2867 2569 3074 2622 modus.

2201 2661 2525 2716 lndicaverat
2569 2676 2780 2731 quoque
2809 2660 2962 2714 nobis
3009 2675 3067 2714 se
3121 2659 3546 2728 prtedictibeataa
3589 2676 3703 2717 me—

2130 2755 2314 2808 moriae
2361 2754 2457 2807 viri
2497 2753 2547 2807 in
2585 2753 2770 2806 ultimo
2807 2753 2929 2805 vitae
2958 2751 3226 2806 constituti
3251 2752 3463 2808 audisse
3489 2752 3703 2822 sapien-

2131 2848 2391 2902 tissimum
2423 2854 2476 2899 cl.
2501 2846 2795 2915 piissimum
2825 2859 3167 2914 responsum,
3196 2852 3249 2898 et
3275 2845 3496 2898 multum
3526 2845 3710 2899 lauda-

2129 2939 2221 2993 bat
2262 2952 2325 2993 ac
2364 2937 2700 3007 praedicabat.
2728 2935 2859 2990 Nam
2898 2951 3016 2989 cum
3049 2935 3138 2990 ille
3165 2936 3483 2992 venerabilis
3523 2937 3708 2992 ultima

2126 3030 2328 3100 iaceret
2355 3031 2697 3100 aegritudine,
2726 3037 2780 3082 et
2804 3044 2834 3082 a
2863 3028 3105 3083 fidelibus
3131 3028 3403 3083 honoratis
3430 3031 3566 3084 lecto
3591 3029 3707 3098 ejus

2131 3123 2448 3188 astantibus,
2487 3131 2540 3177 et
2581 3121 2881 3176 videntibus
2925 3135 3046 3174 eum
3091 3120 3158 3175 de
3197 3121 3392 3175 saeculo
3433 3121 3498 3175 ad
3545 3123 3708 3176 Deum

2132 3215 2500 3283 migraturum,
2530 3221 2585 3268 et
2612 3211 2680 3266 ob
2712 3211 2814 3264 hoc
2850 3211 3198 3264 maerentibus
3227 3212 3354 3264 tanti
3379 3226 3441 3266 ac
3469 3212 3587 3280 talis
3612 3228 3710 3266 an-

2133 3305 2311 3358 tistitis
2351 3303 2639 3358 Ecclesiam
2678 3315 2835 3371 posse
2872 3301 3068 3369 privari
3106 3301 3255 3355 verbi
3297 3309 3352 3356 et
3393 3303 3711 3357 sacramenti

2133 3394 2226 3448 Dei
2254 3393 2670 3462 dispensatione,
2708 3401 2979 3460 rogaretur
3007 3406 3128 3445 cum
3165 3391 3441 3462 lacrymis,
3474 3400 3530 3446 ut
3553 3392 3653 3446 sibi
3681 3406 3711 3446 a

2134 3485 2359 3540 Domino
2387 3486 2509 3538 vitae
2533 3491 2778 3553 posceret
2803 3493 3176 3549 commeatum,
3198 3497 3318 3538 eum
3346 3483 3449 3538 illis
3473 3483 3671 3540 dixisse
3694 3500 3709 3538 :

2136 3576 2258 3630 Non
2293 3577 2364 3630 sic
2400 3575 2519 3640 vixi,
2557 3584 2613 3635 ut
2648 3591 2726 3627 me
2762 3573 2945 3645 pudeat
2982 3575 3110 3626 inter
3141 3588 3227 3627 vos
3263 3574 3460 3639 vivere;
3499 3573 3587 3628 sed
3623 3591 3712 3628 nec

2133 3668 2261 3722 mori
2289 3668 2434 3720 timeo
2453 3707 2469 3733 ,
2497 3667 2614 3736 quia
2639 3664 2822 3718 bonum
2852 3664 3124 3718 Dominum
3153 3664 3391 3718 habemus
3427 3661 3524 3736 (a).
3561 3664 3628 3719 Et
3657 3664 3710 3719 in

2134 3759 2218 3813 his
2243 3765 2426 3812 noster
2449 3756 2772 3826 Augustinus
2793 3770 2963 3810 senex
2994 3754 3205 3808 climata
3229 3769 3292 3808 ac
3319 3754 3504 3808 librata
3534 3753 3706 3808 admi-

2134 3850 2351 3905 rabatur
2371 3859 2425 3903 et
2449 3848 2696 3903 laudabat
2724 3847 2905 3902 verba.
2939 3845 3060 3900 Ideo
3086 3847 3228 3901 enim
3252 3861 3374 3900 eum
3404 3845 3603 3900 dixisse
3633 3846 3715 3900 in-

2134 3939 2477 4010 telligendum
2503 3951 2651 4003 esse,
2689 3935 2798 3991 Nec
2826 3936 2955 3990 mori
2978 3936 3154 4002 timeo,
3177 3936 3295 4005 quia
3327 3934 3510 3988 bonum
3538 3934 3714 3989 Domi-

2134 4048 2256 4085 num
2297 4031 2571 4096 habemus;
2601 4043 2667 4083 ne
2707 4027 3018 4083 crederetur
3047 4025 3327 4097 praefidens
3351 4025 3419 4081 de
3447 4025 3556 4081 suis
3584 4039 3711 4095 pnr-

2132 4121 2417 4192 galissimis
2457 4119 2696 4174 moribus
2737 4117 3137 4188 przesumpsisse
3164 4117 3209 4183 ⁸,
3240 4115 3362 4170 Νοη
3393 4117 3464 4171 sic
3494 4117 3621 4182 vixi,
3660 4125 3717 4170 ut

2134 4229 2212 4266 me
2242 4213 2425 4284 pudeat
2453 4213 2580 4264 inter
2603 4226 2689 4264 vos
2719 4210 2895 4263 vivere.
2924 4209 3036 4262 Hoc
3072 4208 3213 4262 enim
3254 4207 3461 4262 dixerat
3491 4208 3558 4261 ad
3585 4207 3714 4262 illud

2134 4303 2275 4373 quod
2304 4303 2546 4358 homines
2575 4300 2642 4356 de
2665 4302 2879 4355 homine
2907 4315 3065 4356 nosse
3094 4307 3355 4368 poterant.
3378 4299 3509 4354 Nam
3539 4299 3712 4354 sciens

2135 4409 2357 4449 examen
2384 4394 2403 4424 ⁷
2431 4392 2694 4463 aequitatis
2722 4391 2915 4445 divina:
2933 4432 2948 4458 ,
2975 4391 3041 4446 de
3069 4390 3208 4445 bono
3238 4406 3295 4444 se
3325 4390 3457 4444 dixit
3491 4389 3716 4444 Domino

2135 4486 2302 4555 magis
2331 4486 2351 4517 ³
2379 4484 2684 4539 confidere:
2727 4483 2811 4536 cui
2849 4483 3004 4538 etiam
3036 4484 3089 4536 in
3139 4484 3377 4538 oratione
3416 4483 3716 4550 quotidiana

2134 4577 2398 4632 dominica
2427 4575 2661 4640 dicebat,
2689 4573 2897 4629 Dimitte
2921 4575 3065 4630 nobis
3092 4575 3256 4629 debita
3285 4585 3457 4629 nostra
3487 4573 3712 4646 (Matth.

2134 4685 2207 4735 Vl,
2237 4669 2305 4723 η
2321 4667 2367 4740 ).

2204 4759 2491 4831 Cujusdam
2554 4775 2762 4829 quoque
2817 4757 3114 4827 coepiscopi
3147 4798 3162 4824 ,
3215 4766 3270 4812 et
3317 4755 3716 4812 familiarissimi

2133 4881 2249 4946 ueg.
2275 4873 2363 4924 541
2385 4869 3024 4946 τηικιςὶεεορςεεᾳνμζιιιαιὶᾳυίᾳ
3393 4871 3588 4946 vatim}
3597 4870 3713 4946 199:

2133 4932 2234 4986 Νῆ
2255 4942 2545 4996 secretorum
2567 4932 2749 4996 aliquid
2774 4932 3052 4993 interesset;
3077 4932 3209 4993 prius
3233 4939 3396 4982 tamen
3417 4932 3595 4983 habet:
3623 4941 3713 4983 Nec

2131 4996 2175 5049 si
2196 5004 2432 5065 secretum
2453 4995 2919 5065 aliquid'interesset.
2985 5001 3040 5042 Μ.

2199 5063 2215 5092 ι
2253 5059 2439 5108 Ulimm.
2469 5059 2668 5117 et’nss.,
2693 5059 2981 5106 constitutos.

2197 5123 2217 5154 ³
2249 5119 2444 5181 Salinas,
2471 5133 2535 5182 ex
2557 5119 2638 5167 Cd.
2656 5115 2780 5182 'neg.
2805 5118 2898 5182 541
2909 5132 2928 5182 γε
2953 5117 3058 5169 sine
3081 5129 3216 5167 mora
3239 5115 3510 5182 peragebat.
3577 5123 3631 5182 at.

2199 5184 2219 5215 ³
2253 5184 2387 5243 Editi,
2404 5175 2455 5233 in
2478 5175 2808 5232 institutis.'-—
2829 5178 3026 5241 Salinas,
3053 5193 3117 5229 ex
3139 5175 3444 5240 uno'eodfce,
3481 5175 3609 5244 quod
3629 5176 3706 5228 in-

2133 5244 2315 5295 stituto.
2383 5253 2435 5292 M.

2195 5308 2218 5338 δ
2252 5312 2452 5356 Veteres
2473 5305 2584 5354 Cdd.
2606 5312 2748 5354 :Jam
2768 5304 2896 5366 facta
2917 5301 3093 5366 placita
3113 5301 3436 5366 ﬁrmarentur.

2195 5368 2216 5399 ⁸
2249 5368 2320 5415 sic
2341 5371 2536 5416 omnino
2551 5375 2676 5428 Mss;
2701 5373 2751 5416 at
2768 5363 2890 5415 editi
2908 5363 2924 5414 ε’
2939 5375 3080 5413 suam
3101 5363 3290 5426 culpam
3312 5363 3436 5414 male
3464 5375 3608 5427 agens
3620 5363 3718 5426 suf-

2132 5428 2365 5522 fragatori
2386 5429 2630 5480 tribueret.
2701 5489 2712 5500 ι
2744 5488 2754 5500 ⁸

2252 5499 2272 5522 ⁷1
2285 5505 2364 5522 huc
2392 5499 2474 5522 Huc-
2540 5503 2752 5522 nor/1mm

2252 5499 2368 5554 Tres
2391 5499 2516 5551 Mss,
2540 5499 2843 5554 pramtsisse.

2197 5555 2215 5585 ἰ
2251 5553 2438 5615 Aliquot
2462 5552 2563 5602 uss.
2586 5589 2600 5614 ,
2624 5565 2737 5602 nam
2758 5552 2822 5600 ad
2845 5559 3064 5615 eagamen.

2195 5616 2216 5648 ⁸
2250 5608 2468 5665 ιϋοόὢιὶ
2490 5608 2669 5664 addunt
2683 5627 2695 5662 :
2714 5621 2860 5673 Quam
2875 5611 2935 5660 de
2948 5608 3128 5660 meritis
3141 5608 3262 5670 suis;
3283 5608 3369 5659 sed
3383 5609 3522 5656 abest
3542 5620 3571 5657 a
3585 5614 3690 5657 Ms.

2197 5723 2268 5786 (α)
2302 5722 2430 5773 Idem
2446 5722 2497 5771 in
2519 5717 2749 5772 Ambrosii
2766 5718 2865 5768 vita
2891 5722 3049 5767 narrat
3080 5715 3300 5767 Paulinus
3320 5713 3593 5778 presbyter.
