3994 6352
201 336 276 391 57
1463 324 1783 383 AUCTORE
1822 322 2141 380 POSSIDIO.
3405 323 3475 381 58

201 456 287 509 sui
316 451 497 516 amici,
528 452 581 506 in
609 448 860 504 extremis
877 447 1001 502 vita:
1027 445 1097 502 de
1134 445 1325 500 talibus
1367 439 1792 512 frequentissime

200 544 478 599 referebat
496 543 728 596 dictum:
756 539 821 592 ad
837 553 997 609 quem
1025 552 1148 592 cum
1170 534 1488 589 visitandum
1498 532 1607 602 jam
1634 529 1794 584 morti

202 638 655 708 propinquantem
682 632 1013 694 ventitasset,
1043 638 1095 683 et
1120 628 1206 682 ille
1234 640 1422 680 manus
1450 633 1600 693 gestu
1626 638 1683 676 se
1727 621 1795 677 de

199 729 408 783 saeculo
440 728 703 780 exiturum
724 722 1068 793 signiﬁcaret,
1101 728 1257 787 atque
1281 733 1311 771 a
1346 732 1403 770 se
1436 715 1507 769 illi
1540 724 1679 768 esset
1706 728 1792 766 re-

201 834 488 890 Sponsum,
520 817 695 872 adhuc
733 830 855 869 eum
900 812 1155 867 Ecdesiaa
1203 806 1560 862 necessariqu
1616 804 1794 857 vivere

203 927 400 981 posse;
431 911 577 963 illum
589 952 602 973 ,
619 924 684 962 ne
702 913 973 975 putaretur
994 902 1146 971 hujus
1162 901 1285 954 vitae
1297 899 1466 953 teneri
1484 896 1790 965 cupiditate,

198 1004 251 1057 ei
279 1001 660 1069 respondisse:
689 998 747 1052 Si
774 1010 1045 1063 nunquam,
1068 993 1221 1057 bene;
1250 989 1294 1043 si
1322 986 1612 1057 aliquando,
1641 1000 1795 1055 quare

200 1111 305 1146 non
335 1093 526 1145 modo?
552 1090 619 1144 Et
643 1090 802 1142 talem
829 1085 1140 1140 sententiam
1172 1080 1459 1135 mirabatur
1480 1088 1533 1131 et
1549 1076 1794 1130 laudabat

203 1185 482 1236 hominem
513 1180 818 1248 protulisse,
845 1178 1008 1230 Deum
1033 1172 1244 1243 quidem
1275 1172 1795 1231 timentem,verum-

203 1285 386 1327 tamen
412 1273 466 1326 in
508 1272 628 1323 villa
654 1278 835 1322 natum
881 1274 935 1320 et
973 1265 1247 1327 nutritum,
1273 1261 1365 1315 sed
1392 1276 1495 1313 non
1528 1257 1688 1311 multa
1716 1256 1791 1310 le-

204 1365 402 1419 ctionis
441 1363 709 1416 eruditum
742 1358 961 1414 scientia
996 1375 1008 1409 :
1041 1364 1221 1409 contra
1254 1352 1397 1406 illum
1436 1349 1637 1404 scilicet
1672 1361 1793 1401 sen-

200 1472 323 1509 sum
356 1453 666 1523 :rgrotantis
710 1448 967 1517 episcopi,
1013 1446 1079 1499 de
1118 1460 1223 1514 quo
1249 1451 1459 1497 sanctus
1488 1441 1538 1493 in
1571 1438 1792 1508 epistola

200 1562 294 1601 sua
325 1563 487 1616 quam
514 1546 580 1598 de
604 1542 917 1597 Mortalitate
940 1538 1151 1608 scripsit
1177 1545 1374 1607 martyr
1389 1534 1703 1606 Cyprianus,
1720 1531 1791 1585 ita

202 1638 409 1699 retulit,
440 1636 628 1689 dicens
656 1652 668 1687 :
696 1632 821 1685 Cum
847 1629 1053 1700 quidam
1083 1627 1143 1680 de
1162 1625 1365 1696 collegis
1392 1634 1437 1677 et
1458 1621 1790 1676 consacerdo-

199 1732 335 1786 ‘ibus
374 1729 562 1785 nostris
586 1725 880 1794 inﬁrmitate
907 1722 1152 1793 defessus,
1175 1728 1221 1773 et
1266 1718 1328 1771 de
1355 1716 1791 1786 appropinquante
1818 1772 1825 1779 ε

202 1834 366 1877 morte
401 1822 666 1885 sollicitus,
695 1825 1028 1872 commeatum
1059 1812 1151 1866 sibi
1180 1818 1485 1881 precaretur,
1514 1808 1667 1861 astitit
1696 1806 1788 1858 tle-

198 1916 434 1983 precanti
462 1926 505 1967 et
524 1914 635 1982 jam
656 1927 779 1980 pene
802 1907 1032 1962 morienti
1041 1904 1238 1975 juvenis
1260 1902 1447 1954 honore
1467 1910 1511 1952 et
1534 1899 1793 1968 majestate

194 2008 529 2070 venerabilis,
554 2013 745 2057 statura
769 2002 948 2064 celsus,
971 2008 1016 2052 et
1037 1998 1201 2050 clarus
1226 2003 1445 2064 aSpectu,
1482 2001 1525 2044 et
1551 2006 1693 2060 quem
1712 2006 1793 2040 as-

194 2110 402 2154 tantem
418 2102 515 2153 sibi
534 2100 612 2153 eis:
629 2105 790 2165 posset
813 2096 1065 2147 humanus
1080 2091 1306 2159 aspectus
1328 2086 1485 2140 oculis
1503 2082 1792 2137 carnalibus

196 2196 412 2255 intueri,
441 2193 539 2244 nisi
564 2191 696 2259 quod
724 2189 875 2241 talem
900 2185 1067 2238 videre
1083 2184 1192 2253 jam
1214 2189 1407 2251 poterat
1424 2178 1486 2232 de
1505 2175 1691 2230 sarculo
1718 2191 1790 2228 re-

198 2301 436 2339 cessurus
465 2300 483 2336 :
506 2292 654 2353 atque
676 2281 763 2333 ille
791 2295 893 2331 non
931 2277 1039 2330 sine
1057 2273 1275 2343 quadam
1305 2270 1521 2322 animiet
1542 2268 1675 2321 vocis
1705 2268 1791 2319 in-

200 2378 499 2448 dignatione
513 2373 789 2444 infremuit,
808 2380 856 2424 et
883 2368 1030 2434 dixit,
1051 2365 1170 2419 Pati
1186 2364 1387 2429 timetis,
1405 2361 1543 2414 exire
1556 2375 1658 2412 non
1684 2357 1794 2411 vul-

202 2470 300 2530 tis;
316 2467 441 2535 quid
463 2466 652 2536 faciant
678 2463 814 2515 vobis
829 2462 853 2513 ?

201 2577 428 2634 CAPUT
471 2574 709 2631 XXVIII.
733 2604 803 2612 —
826 2572 953 2636 Qute
978 2568 1202 2639 proxime
1232 2573 1348 2618 ante
1370 2571 1574 2616 mortem
1603 2561 1664 2615 ab
1687 2559 1793 2614 Au-

270 2672 477 2739 gustino
508 2668 661 2719 edita.
692 2663 1121 2719 Retractationum
1146 2656 1278 2711 libri.
1301 2654 1638 2709 Barbarorum
1657 2654 1792 2706 irru-

273 2763 401 2831 ptio.
428 2758 691 2828 Hipponis
718 2756 929 2810 obsidio.

283 2856 423 2905 Ante
483 2849 782 2918 proximum
832 2858 961 2899 vero
1008 2842 1149 2896 diem
1197 2839 1370 2893 obitus
1420 2836 1501 2891 sui
1540 2851 1569 2888 a
1608 2849 1667 2890 se
1709 2833 1792 2887 di-

210 2956 381 2999 ctatos
424 2952 481 2998 et
518 2942 693 2997 editos
734 2938 998 2993 recensuit
1032 2936 1228 3001 libros,
1261 2934 1371 2987 sive
1399 2946 1492 2986 eos
1520 2944 1653 3000 quos
1685 2928 1795 2998 pri-

212 3053 305 3091 mo
356 3046 593 3104 tempore
643 3031 1006 3087 conversionis
1055 3042 1165 3082 suae
1217 3026 1389 3079 adhuc
1425 3024 1629 3087 laicus,
1683 3022 1793 3075 sive

206 3144 344 3199 quos
376 3128 671 3196 presbyter,
705 3126 816 3178 sive
866 3135 998 3191 quos
1040 3120 1320 3188 episcOpus
1366 3116 1658 3170 dictaverat
1696 3130 1709 3165 :
1741 3118 1794 3164 et

209 3234 560 3289 qumcumque
587 3218 641 3270 in
668 3216 749 3269 his
790 3212 1097 3282 recognovit
1119 3210 1272 3263 aliter
1298 3223 1454 3277 quam
1487 3220 1603 3259 sese
1636 3203 1794 3257 habet

207 3312 567 3365 ecclesiastica
600 3308 780 3377 regula
799 3324 827 3361 a
856 3322 915 3361 se
946 3304 1106 3358 fuisse
1133 3302 1323 3356 dictata
1345 3312 1397 3353 et
1423 3299 1642 3366 scripta,
1670 3311 1790 3349 cum

208 3403 372 3457 adhuc
397 3399 820 3457 ecclesiasticum
838 3412 991 3451 usum
1014 3395 1189 3449 minus
1207 3393 1385 3453 sciret,
1402 3391 1682 3457 minusque
1709 3400 1793 3441 sa-

212 3496 404 3561 puisset
432 3496 477 3559 ί,
512 3508 541 3545 a
563 3491 853 3559 semetipso
880 3496 934 3542 et
959 3486 1278 3556 reprehensa
1304 3491 1357 3538 et
1381 3488 1620 3535 correcta
1646 3484 1788 3531 sunt.

211 3585 356 3640 L'nde
383 3584 545 3638 etiam
575 3583 683 3635 duo
713 3580 1027 3648 conscripsit
1052 3576 1337 3640 volumina,
1373 3588 1595 3643 quorum
1623 3579 1705 3625 est
1728 3570 1795 3625 ti-

212 3678 365 3741 tulus,
382 3675 459 3729 De
487 3675 776 3728 recensione
801 3673 1039 3725 librorum
1071 3668 1167 3742 (a).
1186 3668 1483 3734 Prmreptos
1506 3665 1665 3719 etiam
1691 3661 1791 3716 sibi

209 3767 461 3836 quosdam
495 3766 662 3819 libros
696 3763 767 3835 (ὁ)
801 3772 922 3816 ante
948 3759 1335 3830 diligentiorem
1366 3754 1790 3810 emendationem

209 3875 237 3913 a
271 3859 543 3913 nonnullis
591 3856 846 3911 fratribus
876 3852 1320 3922 conquerebatur,
1357 3848 1480 3902 licet
1521 3862 1612 3902 eos
1643 3854 1791 3915 post-

212 3951 425 4005 modum
454 3948 813 4004 emendasset.
854 3944 1162 4014 Imperfecta
1193 3942 1351 3996 etiam
1380 3938 1621 4009 quaedam
1665 3951 1791 3991 suo-

216 4059 329 4097 rum
365 4043 620 4096 librorum
669 4046 967 4108 pnevcntus
1014 4043 1184 4090 morte
1231 4030 1531 4101 dereliquit.
1589 4030 1793 4097 Quique

215 4134 470 4205 prodesse
493 4132 738 4187 omnibus
760 4130 966 4193 volens,
993 4135 1047 4181 et
1067 4123 1366 4179 valentibus
1395 4124 1415 4153 ¹
1448 4121 1609 4174 multa
1632 4120 1793 4173 libro-

216 4242 333 4278 rum
363 4226 550 4293 legere,
573 4232 629 4277 et
657 4238 761 4275 non
791 4218 1109 4278 valentibus,
1144 4232 1207 4270 ex
1240 4224 1463 4282 utroque
1489 4211 1667 4266 divino
1691 4209 1791 4264 Te-

216 4325 495 4379 stamento,
527 4314 719 4368 Vetere
758 4321 812 4365 et
836 4309 1001 4372 Novo,
1030 4305 1300 4376 prmmissa
1330 4302 1634 4373 praefatione
1661 4315 1794 4369 prte-

218 4415 365 4475 oepta
409 4406 587 4458 divina
628 4418 720 4455 seu
759 4399 915 4454 vetita
954 4398 1019 4451 ad
1042 4397 1163 4451 vitae
1210 4394 1449 4464 regulam
1479 4391 1795 4462 pertinentia

216 4498 497 4565 excerpsit,
530 4502 689 4563 atque
736 4507 798 4546 ex
841 4491 923 4543 his
952 4504 1111 4543 unum
1133 4486 1369 4541 codicem
1409 4483 1565 4549 fecit;
1603 4490 1660 4536 ut
1705 4481 1795 4551 qui

218 4589 376 4642 vellet
401 4588 622 4656 legeret,
648 4597 805 4654 atque
834 4584 886 4637 in
927 4596 992 4636 eo
1018 4581 1100 4635 vel
1122 4593 1279 4650 quam
1307 4576 1559 4631 obediens
1580 4576 1687 4629 Deo
1714 4575 1796 4627 in-

218 4678 535 4731 ohediensve
562 4687 727 4738 esset,
750 4680 1094 4746 agnosceret:
1126 4677 1183 4725 et
1200 4668 1302 4723 hoc
1326 4682 1457 4738 opus
1476 4665 1641 4721 voluit
1668 4666 1797 4735 Spe-

222 4772 395 4824 culum
422 4769 701 4840 appellari.

286 4859 485 4913 Verum
535 4857 678 4912 brevi
721 4852 1067 4923 consequenti
1110 4861 1350 4921 tempore
1400 4849 1580 4904 divina
1607 4848 1798 4903 volun-

223 4959 320 5005 tate
366 4961 421 5006 et
456 4957 715 5020 potestate
763 4946 1031 5017 provenit,
1080 4952 1138 4998 ut
1180 4956 1367 4997 manus
1416 4942 1601 5011 ingens
1625 4940 1801 4995 diver-

224 5042 293 5095 sis
313 5041 435 5095 telis
455 5048 658 5093 armata
675 5046 728 5091 et
744 5038 893 5091 bellis
914 5034 1218 5100 exercitata,
1237 5033 1541 5086 immanium
1563 5030 1796 5085 hostium

226 5130 583 5183 Vandalorum
616 5137 669 5183 et
693 5128 977 5181 Alanorum
1005 5124 1345 5178 commixtam
1391 5136 1569 5176 secum
1596 5121 1795 5174 habens

230 5219 523 5273 Gothorum
552 5227 783 5288 gentem,
814 5217 1139 5284 aliarumque
1165 5214 1491 5269 diversarum
1520 5226 1798 5280 personas,

234 5327 291 5366 ex
320 5312 589 5381 Hispania:
627 5311 863 5380 partibus
910 5306 1293 5372 transmarinis,
1348 5305 1567 5359 navibus
1610 5302 1801 5357 Africae

232 5405 525 5459 induxisset
574 5414 625 5458 et
657 5404 896 5456 irruisset
923 5420 936 5455 :
968 5401 1317 5468 universaque
1342 5412 1439 5468 per
1468 5398 1581 5451 loca
1608 5396 1801 5449 Mauri-

288 5519 305 5548 ι
329 5517 403 5581 είς
428 5523 553 5573 uss;
578 5521 630 5581 at
650 5512 782 5581 add,
805 5509 1102 5581 intelligeret.
1126 5535 1207 5581 -τι
1224 5506 1418 5577 Salinas,
1464 5506 1581 5555 item
1618 5516 1809 5581 ex‘uno

230 5568 582 5647 01:,
592 5568 893 5647 intelligeret;
911 5568 977 5647 ei?
986 5571 1139 5647 altero
1148 5570 1248 5647 ζ,
1262 5568 1504 5647 minusque
1514 5571 1716 5632 saperet.
1753 5574 1806 5615 Μ.

288 5629 462 5697 "aditi,
486 5629 532 5687 et
546 5629 802 5686 volentibus
821 5649 838 5696 ;
857 5629 1023 5684 contra
1047 5642 1172 5694 Mss,
1192 5638 1238 5684 et
1268 5629 1544 5682 valentibus.

286 5722 365 5841 ta
393 5718 791 5830 matr
808 5717 935 5813 “1’”:

310 5776 365 5830 ⁸)
393 5782 459 5829 De
490 5776 735 5830 Ίτίιιιιιιθι
915 5810 918 5813 τ

1897 438 2157 491 taniarum
2184 438 2343 492 etiam
2369 436 2434 492 ad
2476 436 2603 493 alias
2632 446 2837 494 nostras
2866 440 3126 495 transiens
3166 438 3464 510 provincias

1896 536 1951 583 et
1994 530 2256 598 regiones,
2292 530 2436 583 omni
2484 532 2710 585 steviens
2739 531 3048 586 crudelitate
3093 540 3148 587 et
3176 534 3468 598 atrocitate,

1898 628 2085 675 cuncta
2108 636 2224 690 qua:
2242 622 2428 690 potuit,
2452 623 2854 690 exspoliatione,
2876 622 3128 689 aedibus,
3148 622 3475 692 diversisque

1906 713 2201 773 tormentis,
2232 713 2512 779 incendiis,
2541 714 2760 783 aliisque
2814 714 3285 768 innumerabilibus
3311 722 3367 767 et
3394 714 3474 768 in-

1900 802 2074 858 fandis
2103 804 2254 859 malis
2280 805 2595 874 depopulata
2622 812 2735 869 est;
2763 805 2890 859 nulli
2917 806 3084 870 sexui,
3100 805 3227 859 nulli
3252 820 3475 873 parcens

1895 897 2065 959 aetati,
2103 912 2200 950 nec
2226 898 2353 963 ipsis
2387 898 2476 951 Dei
2515 898 2876 953 sacerdotibus
2915 899 2998 953 vel
3029 898 3316 963 ministris,
3368 912 3472 953 nec

1897 987 2022 1055 ipsis
2069 988 2411 1040 ecclesiarum
2460 990 2781 1043 ornamentis
2833 1004 2925 1042 seu
2971 988 3335 1043 instrumentis
3378 986 3468 1042 vel

1896 1079 2148 1134 adiﬁciis.
2180 1080 2243 1133 Et
2275 1080 2409 1134 hanc
2430 1082 2807 1135 ferocissimam
2831 1082 3061 1135 hostium
3086 1082 3471 1150 grassationem

1894 1178 1948 1225 et
1978 1172 2341 1234 vastationem,
2359 1171 2448 1226 ille
2472 1173 2560 1225 Dei
2594 1174 2769 1235 homo,
2791 1181 2843 1227 et
2863 1172 3051 1226 factam
3077 1171 3236 1225 fuisse
3257 1180 3310 1224 et
3331 1171 3468 1237 fieri,

1896 1278 2000 1317 non
2040 1274 2094 1317 ut
2124 1265 2297 1318 caateri
2348 1265 2621 1319 hominum
2668 1266 2927 1321 sentiebat
2951 1275 3004 1319 et
3035 1266 3302 1335 COgitabat
3333 1282 3346 1316 :
3379 1264 3473 1319 sed

1895 1356 2049 1409 altius
2071 1366 2126 1411 et
2172 1357 2480 1426 profundius
2509 1374 2567 1412 ea
2598 1359 2961 1424 considerans,
2986 1366 3040 1413 et
3068 1359 3120 1412 in
3150 1358 3231 1411 his
3267 1358 3474 1410 anima-

1894 1463 2011 1501 rum
2045 1449 2309 1517 praecipue
2328 1449 2408 1502 vel
2432 1449 2663 1518 pericula
2695 1450 2775 1502 vel
2807 1459 3003 1503 mortes
3031 1448 3349 1518 praevidens,
3382 1461 3475 1501 so-
3548 1480 3553 1485 -

1895 1537 1988 1591 lito
2021 1539 2245 1607 amplius
2273 1537 2564 1609 (quoniam,
2599 1549 2652 1592 ut
2689 1540 2945 1608 scriptum
2991 1548 3090 1604 est,
3127 1538 3228 1604 Qui
3257 1538 3472 1608 apponit

1893 1630 2173 1693 scientiam,
2202 1631 2411 1698 apponit
2456 1628 2679 1682 dolorem
2710 1628 2898 1697 (Eccle.
2928 1646 2966 1692 ι,
2992 1630 3117 1700 18);
3160 1638 3232 1694 et,
3266 1628 3364 1684 Cor
3390 1630 3474 1682 in-

1897 1720 2141 1788 telligens,
2167 1721 2297 1773 tinea
2318 1720 2530 1790 ossibus)
2554 1718 2767 1774 fuerunt
2787 1721 2833 1774 ei
2858 1721 3104 1791 lacrymze
3120 1736 3285 1790 panes
3311 1719 3395 1772 die
3410 1733 3475 1773 ac

1896 1820 2051 1867 nocte
2098 1810 2266 1882 (Psal.
2300 1826 2408 1873 xu,
2450 1811 2526 1879 4),
2572 1810 3059 1878 amarissimamque
3107 1820 3160 1864 et
3196 1809 3473 1878 lugubrem

1898 1916 2004 1969 prae
2030 1902 2237 1955 caeteris
2285 1917 2395 1955 suae
2434 1901 2722 1955 senectutis
2747 1901 2855 1969 jam
2893 1916 3027 1969 pene
3057 1909 3347 1953 extremam
3377 1899 3475 1952 du-

1895 1991 2049 2045 cebat
2076 2007 2139 2045 ac
2170 1993 2429 2046 tolerabat
2458 1993 2637 2045 vitam.
2670 1991 2891 2047 Videbat
2911 1992 3051 2045 enim
3079 1991 3167 2044 ille
3197 1990 3355 2043 homo
3382 1990 3477 2044 Dei

1895 2082 2132 2137 civitates
2178 2082 2384 2136 excidio
2438 2083 2688 2152 perditas,
2732 2082 3029 2151 pariterque
3077 2097 3196 2136 cum
3241 2080 3478 2134 aediﬁciis

1896 2174 2135 2227 villarum
2179 2173 2524 2237 habitatores,
2570 2174 2699 2226 alios
2742 2171 2919 2225 hostili
2962 2186 3095 2227 nece
3146 2170 3475 2236 exstinctos,

1894 2265 2023 2319 alios
2048 2265 2302 2335 effugatos
2320 2274 2476 2334 atque
2493 2264 2789 2333 dispersos;
2820 2262 3084 2317 Ecclesias
3109 2260 3474 2316 sacerdotibus

1894 2371 1956 2410 ac
1982 2356 2237 2409 ministris
2260 2355 2559 2421 destitutas,
2594 2353 2926 2423 virginesque
2963 2367 3139 2406 sacras
3165 2360 3218 2405 et
3238 2364 3477 2421 quosque

1894 2449 2225 2501 continentes
2246 2446 2441 2515 ubique
2464 2444 2783 2512 dissipatos;
2811 2451 2865 2497 et
2895 2443 2948 2496 in
2969 2441 3051 2497 his
3078 2441 3213 2495 alios
3242 2449 3477 2494 tormen-

1896 2538 1961 2592 tis
2010 2536 2309 2603 defeeisse,
2357 2536 2490 2590 alios
2533 2535 2706 2605 gladio
2758 2534 3119 2607 interemptos
3148 2546 3297 2597 esse,
3344 2530 3479 2585 alios

1896 2631 1947 2683 in
2004 2631 2326 2699 captivitate,
2358 2629 2563 2698 perdita
2600 2626 2767 2682 animi
2816 2634 2871 2680 et
2898 2625 3135 2694 corporis
3165 2624 3469 2694 integritate

1894 2735 1956 2774 ac
1988 2721 2131 2784 lidei,
2161 2721 2301 2774 malo
2330 2734 2479 2774 more
2505 2734 2568 2773 ac
2604 2718 2738 2772 duro
2765 2716 3006 2770 hostibus
3029 2714 3333 2777 deservire;
3372 2714 3473 2784 hy-

1894 2826 2047 2865 mnos
2070 2811 2160 2864 Dei
2188 2820 2242 2865 et
2262 2810 2444 2864 laudes
2470 2810 2536 2863 de
2564 2808 2803 2862 ecclesiis
2824 2806 3119 2875 deperisse,
3144 2803 3364 2858 aedilicia
3381 2818 3472 2857 ec-

1895 2902 2173 2955 clesiarum
2226 2915 2383 2969 quam
2417 2898 2655 2968 plurimis
2703 2898 2830 2950 locis
2858 2897 3064 2966 ignibus
3113 2904 3470 2959 concremata,

1894 2994 2149 3047 solemnia
2178 3009 2297 3062 qua)
2329 2993 2434 3046 Deo
2464 2990 2725 3044 debentur
2742 2989 2808 3043 de
2841 2988 3069 3057 propriis
3094 2987 3224 3040 locis
3249 2985 3472 3039 desiisse

1895 3083 2172 3147 sacrificia,
2223 3090 2555 3137 sacramenta
2608 3080 2783 3134 divina
2831 3079 2911 3132 vel
2960 3094 3066 3131 non
3106 3076 3344 3146 quaeri‘,
3385 3074 3469 3129 vel

1894 3177 2149 3246 quaerenti
2174 3177 2265 3245 qui
2294 3175 2465 3229 tradat
2492 3190 2597 3226 non
2617 3171 2772 3225 facile
2795 3169 3043 3239 reperiri;
3077 3169 3128 3221 in
3160 3168 3300 3237 ipsas
3325 3180 3478 3221 mon-

1896 3268 2025 3321 tium
2052 3267 2211 3321 silvas
2234 3276 2287 3321 et
2312 3280 2568 3319 cavernas
2598 3272 2867 3332 petrarum
2896 3268 2950 3315 et
2976 3259 3255 3330 speluncas
3289 3256 3475 3312 confu-

1893 3360 2116 3430 gientes,
2152 3359 2236 3413 vel
2262 3358 2329 3412 ad
2371 3371 2609 3427 quasque
2644 3354 2987 3416 munitiones,
3019 3352 3154 3406 alios
3184 3349 3345 3405 fuisse
3379 3364 3474 3403 ex-

1895 3458 2153 3520 pugnatos
2170 3456 2223 3502 et
2257 3447 2561 3502 interfectos
2604 3447 2647 3511 ²,
2676 3445 2810 3499 alios
2830 3446 2901 3498 ita
2927 3443 3239 3497 necessariis
3267 3449 3477 3495 susten-

1895 3544 2083 3599 taculis
2099 3543 2341 3597 evolutos
2354 3549 2513 3611 atque
2528 3541 2781 3610 privatos,
2797 3548 2852 3592 ut
2866 3536 3001 3592 fame
3017 3536 3472 3598 contabescerent;

1895 3637 2143 3706 ipsosque
2168 3634 2528 3688 Ecclesiarum
2554 3630 2866 3699 praepositos
2893 3626 3197 3690 etclericos,
3228 3624 3319 3695 qui
3338 3623 3476 3678 forte

1898 3728 1993 3783 Dei
2022 3726 2282 3783 beneficio
2309 3725 2392 3778 vel
2422 3739 2514 3777 eos
2562 3738 2666 3776 non
2695 3722 3043 3787 incurrerant,
3072 3717 3157 3773 vel
3196 3717 3474 3789 incurren-

1897 3829 1978 3877 tes
2006 3826 2305 3884 evaserant,
2334 3818 2496 3872 rebus
2517 3814 2762 3869 omnibus
2790 3812 3109 3882 exspoliatos
3128 3818 3285 3879 atque
3312 3804 3477 3860 nuda-

1895 3922 1979 3966 tos
1995 3909 2362 3981 egentissimos
2390 3906 2714 3972 mendicare,
2740 3919 2836 3958 nec
2856 3903 2934 3958 eis
2954 3900 3198 3956 omnibus
3217 3897 3281 3952 ad
3298 3896 3476 3952 omnia

1896 4003 2085 4071 quibus
2115 3998 2365 4054 fulciendi
2391 4004 2573 4052 essent
2598 3993 2872 4050 subveniri
2901 4005 3059 4062 posse
3093 4009 3106 4045 :
3136 3990 3224 4044 vix
3244 3997 3353 4043 tres
3383 4002 3476 4041 su-

1898 4092 2144 4161 perstites
2170 4105 2239 4145 ex
2266 4086 2739 4143 innumerabilibus
2774 4082 3064 4148 Ecclesias,
3096 4080 3196 4133 hoc
3220 4086 3322 4142 est,
3352 4076 3482 4130 Car-

1898 4183 2288 4253 thaginensem,
2335 4179 2759 4248 Hipponensem,
2797 4184 2851 4228 et
2878 4172 3194 4233 Cirtensem,
3237 4182 3353 4238 qua:
3380 4165 3477 4219 Dei

1898 4276 2156 4332 beneficio
2198 4274 2390 4330 excisa:
2418 4286 2522 4325 non
2554 4276 2698 4334 sunt,
2726 4275 2780 4322 et
2794 4279 2978 4319 earum
3007 4267 3316 4332 permanent
3343 4256 3476 4312 civi-

1899 4377 2055 4434 tates,
2087 4376 2141 4421 et
2172 4364 2351 4420 divino
2398 4371 2452 4418 et
2481 4361 2712 4415 humano
2733 4357 2882 4412 fultae
2905 4352 3187 4426 praesidio;
3214 4351 3339 4405 licet
3358 4355 3479 4418 post

1902 4462 2019 4531 ejus
2046 4460 2245 4514 obitum
2267 4457 2393 4511 urbs
2419 4451 2770 4525 Hipponensis
2800 4447 2989 4504 incolis
3013 4445 3261 4500 destituta
3288 4441 3353 4495 ab
3378 4440 3477 4493 ho-

1899 4554 2063 4608 stibus
2087 4550 2239 4605 fuerit
2263 4554 2617 4603 concremata.
2655 4544 2719 4599 Et
2743 4558 2801 4598 se
2828 4542 2969 4596 inter
2993 4539 3108 4593 haec
3142 4536 3280 4592 mala
3305 4534 3481 4603 cujus—

1900 4646 2021 4700 dam
2064 4643 2315 4713 sapientis
2362 4638 2623 4695 sententia
2650 4634 3045 4699 consolabatur,
3065 4628 3289 4686 dicentis
3320 4644 3332 4680 :
3365 4624 3481 4679 Non

1901 4737 1999 4792 erit
2017 4749 2237 4804 magnus
2253 4746 2499 4802 magnum
2525 4737 2733 4798 putans,
2753 4724 2894 4797 quod
2909 4724 3103 4779 eadunt
3117 4722 3253 4793 ligna
3276 4725 3330 4772 et
3344 4714 3482 4786 lapi-

1902 4829 2017 4895 des,
2044 4836 2098 4883 et
2122 4827 2419 4882 moriuntur
2448 4820 2701 4877 mortales
2724 4818 2765 4871 ³.

1974 4921 2099 4976 Ηωο
2146 4932 2273 4987 ergo
2328 4915 2504 4970 omnia
2553 4913 2675 4980 ille,
2703 4918 2761 4965 ut
2796 4916 2910 4964 erat
2950 4907 3058 4962 alte
3091 4906 3321 4975 sapiens,
3350 4916 3481 4973 quo-

1906 5014 2031 5067 tidie
2060 5010 2285 5066 ubertim
2328 5007 2625 5077 plangebat.
2672 5002 3021 5071 Accrevitque
3062 4996 3378 5054 mmroribus
3420 5003 3477 5051 et

1908 5100 2366 5159 lamentationibus
2383 5094 2518 5168 ejus',
2549 5105 2606 5151 ut
2633 5096 2792 5150 etiam
2804 5092 2975 5147 adhuc
2997 5092 3048 5144 in
3068 5102 3166 5143 suo
3185 5094 3327 5140 statu
3354 5101 3482 5141 con-

1972 5215 1988 5247 ι
2022 5214 2095 5261 sic
2129 5209 2318 5273 aliquod
2348 5209 2512 5271 probae
2534 5213 2660 5273 notae
2683 5213 2817 5273 1315s.;
2844 5209 2901 5273 at
2922 5200 3039 5250 editi
3071 5211 3085 5249 :
3376 5209 3486 5273 qute

1908 5284 2010 5325 Deo
2024 5258 2260 5334 ὶίὲοὲίίεῶι
2285 5258 2365 5334 def
2381 5266 2588 5334 propriis
2612 5264 2739 5334 eois,
2752 5258 3231 5334 désiissewcriw
3253 5267 3298 5310 ει
3320 5271 3485 5334 sacra:

1909 5300 2010 5325 UCU
2031 5300 2247 5323 (ισυιῖιιυιι
2285 5300 2345 5320 uo
2382 5300 2427 5334 Ἠ
2441 5300 2516 5333 UP!
2531 5300 2588 5318 uo
2612 5300 2726 5315 ουν-νυ
2752 5300 2944 5314 ιονυθινυν
2990 5300 3085 5312 υνσνπ
3102 5300 3231 5324 Ἴτυν..
3253 5300 3297 5310 ν.
3320 5300 3413 5309 ιη...
3429 5300 3459 5307 ..

1909 5342 2067 5400 menta
2091 5332 2253 5400 divina
2275 5330 2347 5400 vel
2371 5344 2463 5380 non
2485 5326 2638 5400 qiuari
2656 5365 2668 5386 ,
2685 5333 2791 5400 .etc.
2819 5351 2881 5396 τ
2901 5300 3077 5400 salinas
3094 5320 3486 5400 antemnarum

1911 5381 2262 5458 ﬁniebatur
2372 5381 2580 5457 propriis
2736 5385 2954 5458 desiisse,
2981 5381 3301 5458 sacri/letam;
3324 5381 3487 5458 sacra:

2279 5443 2350 5505 vel
2371 5443 2672 5516 'non'qumi,
2701 5456 2795 5516 etc.
2815 5443 3039 5516 ;__adjecta
3062 5443 3154 5516 hac
3172 5444 3335 5495 notula
3363 5457 3375 5493 :
3415 5443 3487 5493 sic

1912 5529 2023 5570 Lov.
2048 5519 2236 5583 legunt,
2264 5524 2315 5567 et
2335 5512 2929 5583 rec_te,'cons_entientihus
2953 5519 3055 5580 Mss.
3070 5515 3175 5583 vim.

1976 5584 2008 5653 ’ξιΔ
2028 5570 2147 5630 ἰτὲδ
2162 5570 2265 5653 uss.
2295 5585 2383 5649 {Et
2406 5570 2716 5644 intlerceptos;
2741 5580 2886 5653 atque
2924 5585 2988 5621 ex
3024 5570 3128 5619 istis
3159 5581 3287 5619 unus
3320 5577 3488 5630 prose-

1914 5644 2104 5707 quitur:
2134 5640 2257 5690 Alios
2279 5640 2347 5689 sic
2371 5651 2402 5686 a
2422 5640 2715 5693 necessariis,
2746 5642 2839 5683 etc.

1980 5705 2000 5735 ³
2031 5701 2135 5759 sola
2162 5702 2307 5750 editio
2330 5707 2438 5759 Lo_v.
2467 5712 2479 5746 :
2506 5706 2607 5748 Non
2628 5695 2964 5759 erit‘magnum
2984 5691 3110 5756 quod
3146 5689 3323 5742 cadunt
3357 5687 3488 5752 ligna

1918 5767 1962 5817 st
1986 5758 2185 5827 tcptdu,
2211 5764 2256 5813 et
2276 5754 2543 5813 ntorttrttur
2564 5752 2801 5809 ntortatu.
