3994 6352
218 351 267 406 6i
1489 332 1795 395 AUCTOR!

1901 330 2171 393 ossmro.
2712 340 2713 343 η
3160 339 3175 355 α
3395 330 3481 395 σε

217 464 496 533 cessitatem,
528 481 631 520 non
648 444 998 530 relinquantur
1026 457 1089 512 ab
1114 457 1184 512 eis
1209 473 1296 527 per
1317 471 1439 527 quos
1466 454 1670 509 illorum
1709 463 1781 509 est

217 558 527 613 ecclesiastica
555 551 839 623 supplenda
865 548 1151 613 necessitas,
1188 556 1241 599 ut
1269 554 1353 599 aut
1376 547 1563 615 pariter
1588 546 1776 610 vivant,

216 663 292 706 aut
317 654 505 721 pariter
530 647 775 715 sufferant
801 647 935 715 quod
969 660 1054 697 eos
1103 640 1481 713 Paterfamilias
1509 640 1638 692 volet
1664 656 1779 710 per—

152 753 189 805 Ἃ
218 745 319 814 peti.
361 740 511 806 Quod
554 741 598 794 si
626 738 888 807 contigerit
917 744 971 789 ut
1010 735 1109 789 sive
1136 734 1223 788 alii
1247 734 1431 800 minus,
1480 732 1568 785 alii
1597 731 1780 801 majus,

146 816 173 825 -
215 837 303 891 sire
327 851 499 888 omnes
545 830 804 902 (equaliter
824 829 1100 902 patiantur,
1138 826 1220 894 qui
1243 841 1413 879 eorum
1444 824 1541 878 sint
1568 824 1652 892 qui
1694 827 1784 893 pro

216 933 317 985 aliis
342 931 627 999 patiuntur,
652 932 899 997 apparet;
930 923 1007 976 illi
1032 921 1217 975 scilicet
1238 920 1322 990 qui
1367 936 1480 972 cum
1508 934 1560 972 se
1585 924 1784 987 possent
1812 914 1813 917 “

216 1023 386 1074 talibus
422 1018 571 1072 malis
598 1020 788 1087 eripere
812 1012 1071 1093 fugiendo,
1113 1028 1173 1065 ne
1196 1010 1412 1063 aliorum
1443 1008 1785 1062 necessitatem

216 1116 505 1170 desererent.
534 1126 734 1162 manere
778 1107 1079 1167 maluerunt.
1126 1102 1257 1156 Hinc
1286 1102 1503 1155 maxime
1548 1101 1787 1170 probatur

216 1204 294 1255 illa
329 1202 556 1253 charitas
595 1214 741 1269 quam
770 1195 995 1249 Joannes
1033 1194 1284 1266 apostolus
1321 1189 1653 1256 commendat,
1704 1188 1786 1241 di-

216 1312 319 1347 cens
346 1310 367 1346 :
396 1292 575 1347 (Sicut
602 1280 828 1342 Christus
864 1286 1085 1339 animam
1118 1300 1259 1337 suam
1308 1298 1397 1351 pro
1427 1280 1567 1333 nobis
1598 1279 1783 1350 posuit,

214 1386 275 1436 sic
291 1395 334 1436 et
365 1400 460 1435 nos
484 1382 713 1433 debemus
746 1379 937 1430 animas
960 1393 1049 1447 pro
1077 1374 1317 1444 fratribus
1334 1388 1541 1444 ponere)
1566 1370 1605 1441 (Ι
1630 1371 1785 1424 Joan.

215 1490 280 1535 III,
332 1472 465 1543 16).
514 1469 649 1524 Nam
704 1469 791 1535 qui
820 1468 1021 1539 fugiunt
1072 1466 1147 1519 vel
1196 1464 1298 1517 suis
1327 1462 1537 1515 devincti
1577 1460 1789 1514 necessi-

215 1565 385 1616 tatibus
418 1563 598 1633 fugere
625 1578 725 1614 non
763 1558 1071 1629 possunt;si
1111 1552 1457 1624 comprehensi
1495 1554 1785 1624 patiuntur,

216 1640 298 1724 pro
328 1676 379 1711 se
407 1658 558 1725 ipsis,
602 1673 699 1719 non
736 1671 827 1724 pro
860 1650 1122 1721 fratribus,
1171 1649 1336 1719 utique
1372 1644 1633 1717 patiuntur
1661 1660 1678 1697 :
1702 1643 1789 1714 qui

214 1767 317 1803 vero
348 1762 616 1823 prapterea
647 1749 925 1819 patiuntur,
958 1745 1075 1815 quia
1103 1744 1304 1814 fratres,
1346 1738 1431 1811 qui
1459 1741 1527 1793 eis
1568 1736 1635 1791 ad
1656 1737 1790 1791 chri-

214 1844 424 1895 stianum
451 1843 660 1905 salutpm
678 1838 985 1908 indigebant,
1007 1835 1227 1887 deserere
1248 1833 1531 1892 noluerunt,
1564 1829 1669 1884 sine
1697 1828 1792 1881 du-

122 1950 133 1973 τ
214 1934 287 1985 bio
315 1950 437 1986 suas
473 1911 666 1984 animus
696 1946 787 2001 pro
818 1928 1059 1999 fratribus
1086 1932 1294 1995 ponunt.
1334 1921 1477 1975 Unde
1508 1917 1636 1973 illud
1656 1917 1792 1989 quod

212 2016 505 2096 episeoyum
531 2023 789 2093 quemdam
812 2021 999 2074 dixisse
1022 2016 1326 2081 audivimus,
1355 2012 1415 2068 Si
1432 2010 1677 2066 Dominus
1700 2028 1793 2063 no-

211 2114 285 2166 bis
316 2115 575 2185 imperat‘it
614 2117 785 2182 fugam
815 2110 867 2162 in
909 2108 977 2161 eis
1012 2104 1452 2179 persecutionibus,
1502 2102 1583 2155 ubi
1636 2109 1792 2168 potest

213 2214 404 2278 fructus
432 2222 539 2260 esse
558 2204 789 2273 martyrii
810 2221 827 2267 ;
856 2210 1039 2272 quanto
1060 2199 1219 2269 magis
1247 2197 1481 2250 debemus
1502 2194 1674 2264 fugere
1694 2202 1789 2244 ste-

212 2302 323 2356 riles
351 2300 633 2369 passiones,
658 2296 859 2368 quando
885 2302 957 2348 est
987 2292 1276 2353 barbaricus
1304 2298 1350 2341 et
1376 2283 1571 2341 hostilis
1604 2285 1781 2337 incur-

211 2394 330 2447 sus?
348 2410 519 2446 verum
549 2400 621 2451 est
649 2391 665 2420 ¹
687 2387 888 2460 quidem
908 2395 954 2439 et
984 2381 1307 2453 acceptabile,
1341 2378 1429 2433 sed
1461 2379 1537 2432 Itis
1558 2392 1681 2447 quos
1707 2392 1788 2427 ec-

216 2483 481 2536 clesiastici
509 2480 655 2551 officii
678 2496 775 2531 non
799 2484 962 2530 tenent
989 2472 1206 2526 vincula.
1236 2468 1371 2523 Nam
1393 2469 1477 2545 qui
1499 2466 1665 2520 clades
1696 2466 1787 2517 ho-

210 2574 339 2628 stiles
360 2574 474 2626 ideo
501 2588 602 2625 non
629 2571 778 2643 fugit,
810 2583 921 2621 cum
942 2565 1094 2635 possit
1117 2560 1351 2633 effugere,
1393 2576 1453 2612 ne
1478 2556 1670 2610 deserat
1702 2557 1793 2607 mi-

212 2666 469 2721 nisterium
496 2660 743 2723 Christi’,
785 2660 891 2711 sine
938 2673 1034 2725 quo
1066 2670 1163 2707 non
1200 2658 1406 2723 possunt
1446 2649 1670 2702 homines
1717 2644 1795 2699 vel

1890 470 1948 519 ι,
1980 452 2046 509 12
2063 498 2077 522 ,
2112 453 2237 525 l5)?
2264 451 2366 509 Cur
2380 469 2478 508 non
2500 453 2619 507 istas
2639 453 2765 507 duas
2795 451 3069 507 dominicas
3085 464 3319 526 verastpte
3334 467 3446 511 sen-

1891 551 2087 613 tentias,
2110 566 2262 603 unam
2288 548 2473 602 scilicet
2504 548 2588 601 ubi
2628 550 2747 618 fuga
2788 544 2967 600 sinitur
2992 550 3078 599 aut
3089 546 3312 617 iubetur,
3334 550 3459 603 atte-

1890 660 1999 695 ram
2024 642 2106 695 ubi
2131 643 2358 712 arguitur
2387 650 2535 709 atque
2561 639 2811 710 culpatur,
2842 644 2913 695 sic
2941 638 3219 711 intelligere
3238 639 3455 706 student,

1889 742 1943 787 ut
1964 735 2089 786 inter
2101 750 2152 787 se
2176 732 2486 802 reperiantur
2506 750 2603 785 non
2626 749 2729 785 esse
2754 730 3036 797 contrarirc,
3055 730 3183 784 sicut
3198 747 3295 785 non
3310 732 3465 785 sunt?

1895 823 1958 877 Et
1984 825 2075 877 hoc
2100 824 2345 897 quomodo
2377 825 2643 891 reperitur,
2669 822 2765 875 nisi
2795 816 3231 892 attendat’urguOd
3250 824 3359 891 jam
3384 837 3470 875 stt-

1892 915 2055 985 perius
2074 913 2341 983 disputari,
2367 922 2482 966 tunc
2503 911 2562 965 de
2591 911 2711 966 locis
2733 913 2783 966 in
2800 913 2980 980 quibus
3004 928 3194 976 sumus,
3218 918 3469 981 prenieute

1892 1004 2229 1075 persecutione
2252 1004 2541 1076 fugiendum
2563 1020 2665 1056 esse
2684 1002 2867 1057 Christi
2893 1003 3151 1067 ministris,
3180 998 3381 1076 quando
3402 1005 3471 1057 ibi

1892 1104 1977 1147 aut
2008 1093 2144 1165 plebs
2177 1093 2359 1147 Christi
2403 1110 2501 1147 non
2530 1095 2677 1165 fuerit
2706 1095 2787 1146 cui
2830 1094 3174 1157 ministretur;
3203 1102 3289 1146 aut
3321 1095 3470 1146 etiam

1893 1188 2061 1258 fuerit,
2096 1197 2138 1239 et
2168 1195 2321 1254 potest
2354 1186 2553 1257 impleri
2583 1202 2671 1254 per
2699 1185 2826 1239 alios
2872 1185 3203 1238 necessarium
3238 1184 3462 1237 ministe-

1892 1276 2042 1337 rium,
2084 1276 2260 1345 quibus
2312 1278 2483 1329 eadem
2524 1294 2621 1329 non
2670 1287 2740 1328 est
2766 1291 2918 1329 causa
2957 1274 3373 1346 fttgiendi:si6ul
3413 1276 3465 1328 in

1892 1384 2063 1441 sporta
2080 1370 2371 1437 submissus,
2396 1369 2527 1437 quod
2546 1386 2698 1438 supra
2717 1370 3001 1433 memoravi,
3030 1364 3157 1439 fugit
3179 1368 3464 1437 Apostolus,

1894 1482 2006 1518 cum
2028 1482 2059 1517 a
2092 1471 2395 1534 persecutore
2441 1462 2639 1531 proprie
2667 1463 2772 1531 ipse
2797 1471 3116 1530 qumrcremr,
3155 1460 3268 1513 aliis
3305 1460 3472 1527 utique

1894 1554 2233 1621 neressitatem
2256 1554 2465 1607 similem
2495 1571 2593 1606 non
2612 1550 2925 1617 habentibus,
2950 1566 2981 1604 a
3006 1546 3183 1623 quibus
3202 1548 3307 1603 illic
3324 1550 3472 1601 mini-

1893 1648 2097 1703 sterium
2115 1645 2240 1700 absit
2269 1655 2321 1699 ut
2347 1646 2650 1698 desereretur
2670 1640 2937 1706 Ecclesiae;
2965 1643 3090 1695 sicut
3115 1641 3245 1712 fugit
3269 1648 3470 1694 sanctus

1895 1739 2201 1793 Athanasius
2242 1735 2612 1789 Alexandrinus
2638 1735 2919 1803 episcopus,
2948 1746 3061 1785 cum
3091 1747 3202 1785 eum
3232 1730 3469 1800 speciali-

1898 1842 1969 1886 ter
1996 1830 2369 1905 apprehendere
2393 1827 2712 1884 Constantius
2739 1834 2937 1896 cuperet
2972 1824 3256 1891 imperator,
3286 1836 3471 1889 nequa-

1895 1908 2043 1995 quam
2082 1940 2112 1974 a
2138 1921 2329 1976 cteteris
2356 1919 2595 1972 ministris
2621 1916 2817 1970 deserta
2849 1914 2988 1985 plebe
3015 1914 3260 1967 catholica
3282 1926 3393 1983 qum
3417 1912 3469 1964 in

1895 2012 2202 2069 Alexandria
2224 2010 2598 2066 commanebat.’
2619 2007 2741 2061 Cum
2763 2018 2929 2061 autem
2950 2004 3083 2075 plebs
3112 2012 3295 2069 manet,
3311 2012 3355 2055 et
3380 2004 3473 2055 mi-

1894 2104 2040 2171 nistri
2092 2103 2317 2175 fugiunt,
2365 2100 2786 2169 ministeriumque
2826 2096 3166 2161 subtrahitur;
3214 2094 3332 2163 quid
3383 2094 3473 2146 erit

1896 2192 1991 2249 nisi
2036 2193 2453 2261 mercenariorum
2486 2189 2574 2267 illa
2622 2193 2745 2262 fuga
2790 2186 3110 2251 damnabilis,
3139 2184 3316 2255 quibus
3368 2200 3469 2236 non

1896 2295 1965 2353 est
1996 2302 2115 2337 cura
2138 2284 2198 2336 de
2226 2282 2438 2341 ovibus?
2474 2278 2646 2335 Veniet
2671 2279 2804 2331 enim
2825 2279 2993 2345 lupus,
3030 2290 3130 2329 non
3175 2276 3344 2339 homo,
3387 2273 3476 2327 sed
3503 2274 3507 2277 ⁷

1897 2378 2145 2442 diabolus,
2178 2376 2263 2443 qui
2284 2375 2573 2444 plerumque
2594 2370 2766 2440 fideles
2803 2372 3056 2439 apostatas
3080 2382 3183 2421 esse
3210 2367 3471 2438 persuasit,

1896 2466 2070 2540 quibus
2087 2456 2430 2541 quotidianum
2450 2462 2777 2516 ministerium
2790 2459 3027 2513 dominici
3044 2459 3265 2527 corporis
3285 2458 3475 2526 defuit;

1898 2572 1941 2616 et
1963 2546 2140 2633 peribit
2166 2561 2396 2629 inﬁrmus
2416 2558 2467 2609 in
2484 2566 2568 2609 tua
2580 2571 2677 2607 non
2692 2553 2895 2607 scientia
2912 2546 2951 2615 ί,
2966 2549 3054 2605 sed
3066 2549 3356 2620 ignorantia
3370 2548 3477 2614 fra-

1898 2664 1990 2719 ter,
2022 2660 2226 2727 propter
2259 2665 2403 2720 quem
2430 2645 2656 2701 Christus
2682 2653 2906 2697 mortuus
2928 2654 2999 2695 est
3019 2639 3038 2713 (
3058 2638 3079 2695 ῐ
3099 2638 3216 2695 Cor.
3234 2655 3345 2702 vm,
3364 2636 3471 2709 il).

213 2758 317 2823 ﬁeri
346 2756 423 2810 vel
444 2756 609 2811 virere
628 2752 906 2815 christiani,
936 2750 1176 2817 majorem
1198 2746 1455 2799 charitatis
1480 2743 1664 2796 invenit
1678 2746 1790 2812 fru-
1816 2738 1825 2747 λ
1901 2742 2047 2808 Quod
2073 2752 2238 2794 autem
2277 2739 2343 2792 ad
2372 2756 2455 2792 eos
2483 2738 2676 2800 attinet,
2710 2736 2794 2808 qui
2814 2733 2866 2786 in
2895 2732 2988 2785 hac
3022 2747 3073 2785 re
3098 2746 3197 2783 non
3224 2728 3471 2799 falluntur

210 2858 362 2911 ctum,
381 2862 533 2915 quam
562 2844 647 2917 qui
664 2860 762 2905 non
776 2849 978 2911 propter
1003 2838 1305 2910 fratres,sed
1323 2845 1524 2907 propter
1550 2850 1600 2885 se
1626 2834 1793 2902 ipsum

214 2940 429 3009 fugiens,
463 2946 612 3006 atque
638 2934 1023 3003 comprehensus
1052 2946 1151 2983 non
1173 2938 1317 2997 negat
1348 2925 1621 2991 Christum,
1642 2924 1793 2978 susci-

212 3032 383 3101 pitque
419 3026 737 3097 martyrium.
782 3023 915 3090 Quid
959 3031 1029 3076 est
1060 3037 1175 3091 ergo
1205 3018 1338 3090 quod
1384 3020 1434 3071 in
1467 3017 1677 3087 epistola
1710 3027 1794 3069 tua

210 3123 385 3189 priore
405 3118 657 3191 posuisti?
682 3117 807 3170 dicis
833 3116 984 3180 enim,
1009 3114 1069 3168 Si
1098 3113 1149 3165 in
1171 3110 1402 3165 Ecclesiis
1434 3106 1796 3178 persistendum

209 3226 297 3279 est,
326 3215 457 3286 quid
506 3216 663 3268 simus
690 3210 830 3264 nobis
858 3208 932 3262 vel
963 3205 1151 3279 pOpulo
1196 3204 1448 3276 profuturi
1495 3219 1593 3254 non
1631 3201 1792 3269 video,

210 3308 304 3359 nisi
332 3317 384 3357 ut
413 3315 536 3358 ante
562 3302 736 3357 oculos
759 3310 952 3356 nostros
978 3299 1070 3353 viri
1093 3296 1277 3352 cadant
1295 3337 1310 3363 ,
1352 3295 1551 3365 femina:
1597 3301 1797 3345 constu-

211 3407 438 3464 prentnr,
473 3395 812 3451 incendantur
842 3390 1077 3455 ecclesiae,
1107 3406 1197 3443 nos
1215 3388 1313 3460 ipsi
1341 3387 1392 3439 in
1421 3384 1676 3438 tormentis
1704 3382 1790 3436 de-

210 3488 468 3554 ﬁcim,
513 3501 632 3539 cum
677 3484 736 3536 de
766 3483 907 3535 nobis
959 3480 1197 3550 quatitur
1230 3478 1364 3547 quod
1393 3492 1493 3531 non
1537 3475 1793 3531 habemus.

210 3576 402 3631 Potens
428 3586 505 3631 est
546 3577 746 3645 quidem
776 3575 911 3628 Deus
957 3574 1131 3625 audire
1161 3582 1329 3642 preces
1364 3569 1578 3641 familiae
1602 3583 1726 3635 «tm,
1750 3576 1799 3622 et

210 3671 336 3731 Iure,
357 3685 472 3739 qua
493 3665 851 3736 formidantur,
873 3673 1128 3726 avertere;
1154 3679 1243 3715 uec
1271 3662 1380 3714 ideo
1404 3670 1566 3714 tanien
1590 3668 1800 3730 propter

211 3760 331 3823 ista,
357 3774 471 3821 qua
500 3758 691 3810 incerta
716 3764 849 3818 sunt,
890 3754 1029 3808 debet
1064 3753 1220 3807 nostri
1249 3752 1395 3822 ofﬁcii
1418 3766 1522 3805 esse
1548 3759 1683 3802 certa
1713 3749 1800 3802 de-

208 3852 385 3912 sertis,
415 3852 528 3903 sine
577 3863 676 3918 quo
706 3855 777 3900 est
825 3844 955 3916 plebi
994 3854 1129 3897 certa
1158 3842 1418 3911 pernicies,
1456 3841 1632 3893 nonin
1655 3838 1801 3893 rebus

209 3941 327 3993 rite
349 3940 526 4008 hujus,
551 3938 641 3991 sed
670 3937 873 3989 alterius
901 3931 1361 4002 incomparabiliter
1382 3929 1671 4000 diligentius
1693 3928 1799 3981 sol-

213 4030 504 4098 ﬁtitiusque
524 4028 782 4082 curandae.
820 4026 956 4079 Nam
976 4027 1019 4079 si
1042 4033 1173 4077 certa
1196 4032 1353 4077 essent
1381 4024 1478 4075 ista
1504 4021 1661 4087 mala,
1690 4033 1804 4089 quat

207 4124 452 4176 timentur
476 4134 541 4173 ne
570 4122 623 4173 in
656 4119 776 4172 locis
802 4120 855 4171 iu
900 4118 1077 4186 quibus
1107 4132 1301 4181 sumus,
1336 4118 1462 4187 forte
1492 4115 1799 4182 contingant,

207 4216 361 4283 prius
390 4212 514 4265 inde
542 4216 773 4282 fugerent
819 4222 987 4262 omnes
1013 4218 1217 4277 propter
1244 4221 1367 4274 quos
1406 4204 1473 4257 ibi
1501 4203 1801 4257 manendum

206 4316 303 4371 est,
331 4316 379 4357 et
409 4320 504 4356 nos
530 4320 561 4355 a
592 4300 827 4353 manendi
858 4299 1147 4353 necessitate
1169 4297 1346 4350 liberos
1367 4294 1628 4348 redderent
1659 4308 1676 4347 :
1701 4306 1803 4346 non

204 4400 345 4462 eius
380 4397 650 4464 quisquam
676 4401 751 4446 est
776 4392 860 4460 qui
897 4392 1030 4443 dicat
1054 4390 1306 4443 ministros
1328 4402 1529 4441 manere
1556 4392 1801 4456 aportere,

207 4488 300 4540 ubi
339 4489 455 4557 jam
486 4498 588 4537 non
614 4484 819 4552 fuerint,
847 4482 1027 4552 quibus
1066 4496 1261 4535 necesse
1296 4482 1359 4533 sit
1382 4481 1687 4533 ministrare.
1722 4476 1807 4530 Ita

204 4582 429 4644 quidam
460 4578 625 4630 sancti
654 4577 870 4647 episcopi
905 4574 967 4627 de
1000 4572 1249 4643 Hispania
1277 4576 1627 4643 profugerunt,
1668 4571 1807 4639 prius

213 4670 456 4738 plebibus
505 4668 690 4737 partim
748 4670 867 4736 fuga
894 4662 1067 4734 lapsis,
1093 4664 1276 4733 partim
1298 4663 1583 4733 peremptis,
1612 4662 1797 4732 partim

200 4759 363 4811 obsid
370 4760 485 4812 ioue
518 4756 851 4826 consumptis,
881 4755 1066 4825 partim
1105 4753 1387 4825 captivitate
1412 4751 1649 4820 dispersis
1676 4766 1694 4805 :
1722 4750 1809 4803 sed

201 4852 381 4903 nullo
416 4850 611 4918 plures,
637 4846 745 4902 illic
787 4845 1099 4901 manentibus
1150 4853 1356 4916 propter
1382 4860 1505 4912 quos
1531 4852 1803 4908 manerent,

198 4945 298 4997 sub
343 4940 642 4999 earumdem
667 4938 1001 5012 periculorum
1028 4935 1271 4995 densitate
1314 4942 1617 4997 manserunt.
1669 4932 1733 4991 Et
1764 4936 1808 4987 si

198 5036 382 5103 aliqui
409 5037 735 5087 deseruerunt
755 5030 920 5101 plebes
947 5046 1085 5092 suas,
1105 5029 1198 5083 hoc
1212 5036 1284 5083 est
1310 5026 1443 5098 quod
1471 5027 1682 5083 dicimus
1699 5027 1809 5095 ﬁeri

200 5144 317 5182 non
359 5124 546 5181 debere
574 5141 591 5178 :
622 5138 775 5195 neque
815 5122 944 5176 enim
982 5118 1105 5179 tales
1142 5119 1275 5173 docti
1304 5120 1598 5173 auctoritate
1618 5119 1807 5184 divina,

203 5224 301 5273 sed
343 5220 574 5272 huiuano
590 5218 664 5269 vel
692 5233 861 5269 errore
877 5215 1087 5285 decepti,
1109 5210 1188 5267 vel
1215 5213 1390 5267 timore
1414 5223 1527 5267 sunt
1552 5213 1684 5266 victi.
1710 5209 1813 5266 Cur

208 5315 363 5365 enim
388 5311 480 5365 sibi
506 5317 680 5385 putant
708 5302 1049 5373 indifferenter
1074 5302 1516 5376 obtemperandum
1542 5318 1645 5357 esse
1674 5319 1809 5373 prae-

200 5413 392 5470 cepto,
419 5402 506 5455 ubi
531 5402 699 5471 tegunt
718 5400 779 5453 de
793 5400 988 5453 civitate
1011 5400 1065 5451 iu
1088 5398 1338 5451 civitatem
1362 5412 1467 5451 esse
1485 5399 1536 5466 fu
1547 5395 1776 5465 qiendum
1793 5409 1813 5458 ;

204 5504 254 5545 et
290 5494 669 5547 mercenarium
706 5507 804 5546 non
834 5489 1119 5557 exhorrent,
1152 5488 1235 5559 qui
1256 5487 1382 5541 videt
1410 5487 1582 5557 lupum
1608 5485 1812 5538 venien-

206 5596 323 5637 tem
382 5596 424 5637 et
457 5586 604 5655 fugit,
642 5585 875 5653 quoniam
902 5599 1003 5636 non
1034 5590 1105 5635 est
1133 5583 1177 5635 ei
1206 5597 1327 5634 cura
1362 5579 1423 5633 de
1448 5579 1614 5633 ovibus
1634 5576 1809 5651 (Joau.

273 5704 293 5734 ⁸
338 5701 545 5761 Salinas,
570 5702 857 5763 exCd.Beg.
883 5694 1125 5763 54),,7utile
1151 5703 1243 5763 est.
1310 5703 1364 5744 M.

204 5766 307 5881 eo”.
344 5750 547 5878 δέξοκῖ
563 5750 719 5821 ἀίων
737 5750 853 5828 δεξ-
873 5750 1022 5821 ιυεδς
1050 5770 1118 5815 Μ
1143 5758 1331 5821 deserat
1352 5750 1669 5815 vetustarum
1681 5751 1813 5806 Chri-

1898 2851 2082 2899 errore,
2114 2831 2201 2884 sed
2221 2830 2491 2904 formidine
2514 2835 2845 2899 superantur;
2866 2824 3019 2892 quare
3048 2837 3147 2875 non
3174 2820 3336 2891 potius
3361 2834 3480 2872 con-

1900 2936 1976 2979 tra
2006 2940 2149 2977 suum
2202 2923 2427 2975 timorem
2468 2917 2686 2972 Domino
2716 2917 2980 2969 miserante
3016 2920 3164 2985 atque
3211 2912 3480 2982 adjuvaute

1899 3017 2094 3089 fortiter
2124 3014 2385 3081 dimicant,
2431 3029 2493 3065 ne
2528 3008 2664 3063 mala
2692 3010 2798 3063 sine
2825 3007 3197 3075 comparatione
3222 3001 3471 3075 graviora,

1898 3128 2010 3181 qua:
2032 3110 2186 3163 multo
2212 3100 2431 3177 amplius
2456 3113 2571 3159 sunt
2595 3102 2870 3164 tremenda,
2912 3096 3246 3169 contingant?
3278 3096 3366 3150 Fit
3388 3096 3481 3150 hoc

1899 3205 1984 3257 ubi
2026 3203 2119 3255 Dei
2158 3202 2380 3255 charitas
2418 3199 2626 3268 ﬂagrat,
2663 3212 2761 3249 non
2808 3188 2982 3247 mundi
3009 3192 3255 3261 cupiditas
3299 3188 3476 3258 fumat.

1901 3293 2130 3349 Charitas
2155 3293 2286 3345 enim
2313 3290 2434 3342 dicit
2462 3305 2479 3343 :
2509 3288 2638 3355 Quis
2664 3286 2980 3349 inﬁrmatur,
3011 3291 3063 3337 et.
3084 3296 3187 3345 non
3206 3295 3304 3349 ego
3333 3278 3471 3341 inﬁr-

1901 3387 2054 3442 mor?
2079 3385 2196 3455 quis
2227 3382 2628 3444 scandalizatur,
2662 3387 2715 3433 et
2744 3390 2849 3432 non
2890 3388 2989 3445 agn
3021 3390 3147 3431 uror
3172 3373 3245 3445 (ll
3263 3370 3380 3427 Cor.
3398 3386 3478 3435 χι,

1899 3476 2027 3548 29)?
2067 3474 2171 3531 Sed
2194 3474 2415 3527 charitas
2445 3487 2507 3525 ea:
2540 3469 2649 3523 Deo
2678 3476 2771 3523 est.
2822 3466 3034 3520 Oremus
3059 3480 3177 3534 ergo
3225 3474 3277 3518 ut
3306 3462 3368 3516 ab
3394 3462 3482 3515 illo

1902 3573 2065 3634 detur,
2103 3587 2134 3623 a
2173 3585 2271 3640 quo
2288 3567 2497 3637 jubetur
2529 3580 2547 3621 :
2580 3574 2625 3616 et
2663 3579 2751 3633 per
2782 3562 2913 3625 hanc
2939 3560 3098 3630 magis
3137 3560 3394 3619 timeamus
3424 3572 3485 3609 ne

1903 3679 2014 3717 oves
2032 3660 2216 3714 Christi
2244 3656 2523 3727 spiritualis
2547 3653 2779 3723 nequitia:
2802 3650 2971 3722 gladio
2992 3650 3043 3705 in
3071 3648 3238 3709 corde,
3254 3662 3401 3717 quam
3423 3662 3482 3698 ne

1905 3760 2037 3827 ferro
2080 3754 2135 3808 in
2159 3766 2368 3820 corpore
2416 3747 2748 3811 trucidentur,
2786 3745 2872 3798 ubi
2899 3741 3333 3814 quandocumque,
3363 3756 3485 3810 quo-

1903 3858 2111 3915 cumque
2140 3844 2311 3897 mortis
2332 3856 2522 3912 genere,
2562 3836 2791 3901 morituri
2830 3844 2965 3901 sunt,
3012 3833 3179 3904 Magis
3220 3833 3480 3887 timeamus

1904 3956 1966 3993 ue
1993 3953 2140 3993 sensu
2170 3934 2393 3990 interiori
2416 3938 2670 4000 corrupto,
2719 3936 2884 3998 pereat
2939 3928 3143 3991 castitas
3172 3925 3309 3996 ﬁdei,
3336 3939 3487 3994 quam

1906 4048 1968 4084 ne
1996 4030 2195 4098 femina:
2233 4026 2470 4080 violenter
2498 4029 2882 4092 constttprentur
2920 4020 2974 4077 in
3015 4033 3166 4077 carne
3191 4031 3211 4070 :
3240 4016 3356 4083 quia
3382 4015 3488 4073 vio-

1907 4120 2059 4174 lentia
2088 4134 2185 4171 non
2217 4116 2431 4171 violatur
2474 4112 2740 4182 pudicitia,
2770 4111 2814 4165 si
2866 4117 3029 4171 mente
3055 4117 3314 4177 servatur,-
3360 4122 3486 4174 quo-

1908 4212 2041 4264 niam
2060 4224 2147 4261 neo
2171 4208 2223 4259 in
2238 4221 2389 4260 carne
2413 4201 2647 4268 violatur,
2679 4201 2878 4269 quando
2900 4199 3127 4253 voluntas
3142 4197 3375 4273 patientis
3398 4212 3490 4249 sua

1909 4300 2121 4369 turpiter
2142 4312 2291 4353 carne
2320 4311 2421 4350 non
2464 4294 2639 4358 utitur,
2683 4292 2771 4345 sed
2810 4291 2915 4344 sine
2944 4289 3266 4351 consensione
3315 4287 3490 4350 tolerat

1908 4364 2042 4465 quod
2060 4392 2190 4446 alius
2212 4397 2468 4459 operatur.
2511 4385 2676 4455 Magis
2704 4384 2965 4445 timeamus
2994 4398 3056 4436 ne
3081 4364 3275 4453 lapides
3292 4380 3387 4432 vivi
3407 4395 3493 4433 ex-

1908 4488 2228 4557 stinguuntur
2251 4477 2590 4536 deserentibus
2619 4476 2780 4539 nobis.
2809 4491 2959 4545 quam
2980 4490 3043 4527 ne
3069 4472 3263 4542 lapides
3285 4480 3331 4525 et
3356 4472 3493 4541 ligna

1910 4588 2213 4633 terrenarum
2235 4572 2567 4642 aediﬁciorum
2594 4566 2928 4625 incendantur
2957 4564 3283 4636 praesentibus
3328 4562 3486 4617 nobis.

1913 4671 2080 4740 Magis
2098 4669 2355 4721 timeamus
2371 4680 2432 4718 ne
2448 4661 2669 4717 membra
2684 4661 2907 4728 corporis
2929 4658 3112 4717 Christi
3140 4656 3372 4715 destituta
3398 4654 3496 4726 spi-

1912 4761 2083 4817 rituali
2112 4760 2240 4812 victu
2273 4764 2528 4819 necentur,
2550 4768 2699 4821 quam
2742 4766 2803 4805 ne
2829 4750 3046 4805 membra
3072 4748 3296 4816 corporis
3327 4746 3494 4799 nostri

1913 4868 2148 4924 Oppressa
2188 4849 2353 4905 hostili
2382 4839 2573 4915 impetit
2598 4853 2939 4913 torqueantur.
2974 4839 3095 4903 Non
3116 4844 3232 4909 quia
3259 4839 3356 4895 ista
3383 4851 3481 4889 non

1914 4955 2027 5001 sunt
2046 4941 2247 4999 vitanda
2275 4956 2386 5001 cum
2424 4946 2667 5010 possunt;
2692 4934 2780 4988 sed
2800 4934 2915 5001 quia
2948 4931 3111 5002 potius
3133 4927 3337 5001 ferenda
3354 4934 3490 4992 sunt,

1914 5036 2114 5108 quando
2138 5035 2284 5088 vitari
2300 5033 2407 5086 sine
2433 5030 2688 5097 impietate
2708 5043 2805 5079 non
2824 5030 3028 5091 possunt
3053 5039 3064 5074 :
3092 5011 3185 5075 nisi
3208 5018 3336 5089 ferte
3357 5018 3494 5087 quis-

1916 5146 2065 5201 quam
2094 5124 2397 5181 contenderit
2438 5136 2537 5175 non
2557 5130 2661 5173 esse
2690 5116 2969 5170 ministrum
2993 5112 3221 5181 impium,
3248 5109 3335 5183 qui
3371 5118 3487 5161 tunc

1916 5219 2160 5274 subtrahit
2183 5215 2507 5270 ministerium
2551 5210 2719 5280 pietati
2738 5204 3086 5265 necessarium,
3108 5194 3307 5272 quando
3337 5199 3495 5269 magis

1918 5319 1986 5365 est
2004 5307 2352 5364 necessarium.
2376 5306 2452 5359 An
2481 5319 2581 5357 non
2602 5301 2896 5371 cogitamus,
2916 5312 3025 5347 cum
3048 5294 3115 5347 ad
3156 5294 3366 5348 istorum
3396 5306 3485 5360 pe-

1915 5404 2190 5458 riculorum
2221 5398 2501 5469 pervenitur
2533 5403 2775 5456 extrema,
2820 5404 2909 5443 nec
2930 5396 3001 5445 est
3032 5394 3245 5457 potestas
3271 5379 3377 5439 ulla
3415 5385 3494 5453 fu-

1918 5494 2106 5570 giendi,
2139 5502 2352 5566 quantus
2379 5491 2431 5543 in
2461 5487 2683 5543 Ecclesia
2715 5485 2825 5554 fieri
2854 5482 3009 5537 soleat
3030 5482 3090 5534 ab
3118 5490 3321 5546 utroque
3344 5492 3486 5557 sexu,

1920 5598 2066 5657 atque
2098 5584 2159 5637 ab
2202 5583 2335 5635 onmi
2364 5588 2505 5633 (etate
2528 5592 2834 5641 concursus;
2865 5574 2979 5629 aliis
3006 5570 3321 5641 Baptismum
3341 5569 3491 5641 ﬂagi-

1919 5676 2135 5741 tantibus
2156 5718 2168 5740 ,
2202 5675 2313 5727 aliis
2343 5668 2812 5736 reconciliationem,
2866 5664 2981 5720 aliis
3006 5665 3158 5719 etiam
3190 5660 3491 5732 panitentiat

1987 5812 2007 5846 ι
2038 5792 3037 5870 salinas.excd.neg.5tt,consciaitia.
3098 5800 3156 5848 It.
