3994 6352
525 294 599 351 σε
1268 288 1424 344 γιτλ
1461 286 1518 343 S.
1557 284 1924 343 AUGUSTINI
1962 284 2283 349 EPISCOPI,
2334 286 2652 342 AUCTORE
2692 286 3007 345 POSSIDIO.
3698 298 3768 356 34

527 412 687 484 ipsius
719 409 988 476 actionem,
1015 406 1241 461 omnibus
1268 403 1654 459 consolationem
1668 412 1716 457 et
1745 403 2096 459 Sacramenta-

526 523 640 561 rum
658 503 1017 575 coniectionem
1032 509 1076 553 et
1102 498 1433 568 erogationem
1449 498 1475 551 ?
1503 494 1600 551 Ubi
1619 496 1662 549 si
1685 495 1898 549 ministri
1915 495 2094 557 desint,

527 606 771 666 quantum
791 595 995 649 uitium
1021 591 1246 661 sequitur
1264 604 1365 653 eos,
1384 588 1467 657 qui
1495 587 1556 639 dc
1571 587 1665 639 isto
1688 582 1871 637 saeculo
1897 585 1973 637 vel
1997 600 2096 637 non

528 688 804 760 regenerati
831 692 1009 741 exeunt
1033 680 1111 737 vel
1139 682 1279 751 ligati
1296 680 1542 749 lquantus
1562 686 1631 731 est
1657 676 1807 729 etiam
1832 676 1996 729 luctus
2023 677 2092 744 [i-

526 781 715 833 delium
738 792 962 839 suorum,
986 774 1071 844 qui
1088 789 1171 826 eos
1199 787 1365 825 secum
1380 771 1432 822 in
1452 769 1566 822 vita:
1590 776 1788 820 (eterna:
1805 767 1973 836 requie
1996 783 2097 819 non

528 868 810 924 habebunt!
833 875 1048 935 quantus
1081 862 1293 933 denique
1338 860 1549 931 gemitus
1587 858 1844 922 omnium,
1882 865 1927 909 et
1964 872 2095 926 quo-

529 960 761 1017 rumdam
781 968 969 1030 quanta
994 955 1304 1026 blasphemia
1318 954 1380 1006 de
1405 950 1626 1005 absentia
1643 949 2026 1002 ministeriorum
2049 957 2096 1001 et

526 1054 865 1107 ministrorum
888 1050 939 1103 ‘l
980 1047 1103 1101 Vide
1124 1046 1245 1116 quid
1275 1044 1429 1116 faciat
1468 1042 1713 1093 malorum
1749 1039 2095 1108 temporalium

527 1146 692 1207 timor,
723 1152 768 1197 et
786 1150 972 1211 quanta
994 1141 1047 1192 in
1066 1156 1123 1193 eo
1143 1139 1204 1191 sit
1228 1136 1484 1206 acquisitio
1510 1132 1757 1185 malorum
1770 1140 2091 1184 teternorum.

526 1235 587 1290 Si
626 1243 791 1287 autem
842 1231 1055 1285 ministri
1094 1228 1279 1290 adsint,
1308 1242 1398 1296 pro
1426 1220 1606 1277 viribus
1644 1237 1769 1293 quas
1795 1221 1865 1273 eis
1915 1219 2093 1272 Domi-

525 1343 617 1379 nus
646 1324 1011 1387 subministrat,
1044 1318 1267 1373 omnibus
1300 1315 1583 1371 subvenitur
1627 1328 1646 1366 .'
1692 1312 1781 1363 alii
1832 1311 2095 1378 baptizan-

525 1429 625 1482 tur,
658 1420 744 1471 alii
771 1414 1170 1477 reconciliantur,
1214 1408 1373 1462 nulli'
1403 1404 1641 1459 dominici
1688 1403 1910 1473 corporis
1955 1417 2094 1455 com-

524 1509 759 1561 munione
791 1504 1126 1575 fraudantur,
1167 1515 1335 1553 omnes
1370 1494 1709 1556 consolantur,
1751 1492 2090 1558 aediﬁcantur,

526 1600 879 1659 exhortantur,
922 1602 976 1647 ut
1020 1592 1182 1645 Deum
1220 1598 1427 1659 rogent,
1473 1586 1559 1655 qui
1609 1592 1780 1654 potens
1811 1590 1882 1635 est
1927 1582 2095 1633 omnia

524 1705 635 1760 qua:
655 1690 910 1749 timentur,
945 1693 1190 1744 avertere;
1217 1678 1379 1749 parati
1418 1675 1483 1727 ad
1514 1684 1802 1743 utrumque,
1828 1680 1881 1723 ut
1923 1672 1966 1725 si
1995 1687 2095 1724 non

526 1787 681 1849 potest
705 1777 764 1829 ab
790 1777 859 1829 eis
876 1774 1008 1827 calin:
1029 1774 1117 1825 iste
1142 1769 1370 1832 transire,
1396 1768 1483 1833 ﬁat
1505 1765 1731 1817 voluntas
1748 1763 1855 1830 ejus
1882 1760 2090 1833 (Matth.

394 1858 455 1903 '5’?
528 1886 675 1933 xxvr,
700 1867 787 1938 42)
807 1868 893 1937 qui
916 1866 1033 1918 ntali
1055 1862 1242 1933 aliquid
1270 1876 1367 1912 ηοη
1390 1866 1545 1927 Paw“
1571 1854 1712 1907 υθίίθ·
1743 1852 2091 1921 δί”¹⁸Ῐ⁰”²υἱ’

525 1962 609 2014 des
620 1961 753 2031 quod
766 1968 810 2011 te
825 1958 1092 2026 scripseras
1109 1971 1207 2007 non
1218 1951 1397 2015 videre,
1412 1957 1651 2020 quantum
1664 1947 1777 1999 boni
1789 1961 2094 2013 consequan-

526 2060 605 2104 tur
632 2050 801 2121 populi
830 2047 1119 2108 Christiani,
1138 2046 1180 2097 si
1207 2044 1259 2096 in
1289 2040 1612 2112 praesentibus
1629 2038 1773 2089 malis
1798 2052 1895 2087 non
1917 2035 1985 2087 eis
2006 2034 2093 2088 de-

523 2144 587 2195 sit
620 2140 883 2210 praesentia
926 2138 1265 2191 ministrorum
1294 2130 1478 2185 Christi
1502 2145 1519 2182 :
1540 2143 1749 2197 quorum
1780 2125 1913 2178 vides
1938 2125 2089 2177 etiam

523 2240 767 2301 quantum
790 2230 913 2282 obsit
938 2226 1187 2286 absentia,
1216 2224 1334 2275 dum
1363 2237 1453 2273 sua
1481 2217 1708 2285 quierunt
1735 2232 1833 2267 non
1861 2230 1977 2285 qute
2000 2214 2094 2267 Je-

527 2340 585 2377 su
611 2320 797 2377 Christi
826 2318 1080 2389 (Philipp.
1105 2331 1162 2381 ιι,
1184 2315 1307 2383 21);
1334 2327 1421 2364 nec
1445 2308 1621 2362 habent
1648 2307 1791 2361 illam
1810 2307 1871 2359 de
1890 2321 1989 2375 qua
2013 2304 2094 2357 di-

524 2423 660 2467 ctum
695 2422 809 2466 est:
839 2410 953 2464 Non
984 2407 1172 2478 quierit
1194 2419 1310 2475 quae
1351 2417 1443 2456 sua
1474 2409 1596 2454 sunt
1621 2400 1665 2471 (Ι
1699 2399 1815 2454 Cor.
1842 2413 1966 2463 xm,
1999 2397 2091 2465 5);

526 2520 616 2558 nec
645 2503 905 2556 imitantur
930 2516 1041 2553 eum
1070 2498 1156 2569 qui
1185 2495 1343 2549 dixit:
1372 2492 1484 2546 Non
1513 2506 1757 2560 qumrens
1779 2490 1917 2559 quod
1965 2488 2094 2543 mihi

526 2595 650 2649 utile
672 2594 716 2657 ³,
745 2591 838 2647 sed
867 2589 1006 2661 quod
1031 2587 1209 2642 multis
1238 2594 1295 2639 ut
1320 2583 1451 2637 salvi
1484 2570 1610 2635 liant
1629 2580 1737 2651 (Id.
1764 2596 1821 2647 ι,
1864 2581 1975 2649 55).
1999 2578 2097 2645 Qui

528 2686 676 2738 etiam
701 2680 1028 2752 persecutoris
1062 2676 1302 2749 principis
1330 2673 1467 2727 illius
1495 2672 1705 2726 insidias
1734 2688 1832 2724 non
1862 2671 2092 2742 fugisset,

524 2777 621 2831 nisi
645 2791 697 2828 se
728 2774 842 2827 aliis
878 2771 1054 2841 quibus
1096 2766 1403 2822 necessarius
1440 2773 1565 2829 erat,
1598 2779 1793 2816 servare
1827 2762 2055 2815 voluisset
2078 2776 2097 2814 :

527 2875 730 2939 propter
753 2863 886 2935 quod
913 2864 1003 2928 ait,
1046 2857 1345 2927 Compellor
1372 2865 1547 2909 autem
1594 2869 1659 2908 ex
1687 2853 1893 2907 duobus
1920 2867 1933 2904 :
1964 2866 2092 2906 con-

525 2956 899 3027 cupiscentiam
949 2951 1148 3005 habens
1179 2946 1395 3002 dissolvi
1445 2953 1499 2999 et
1545 2959 1663 2999 esse
1710 2958 1829 2997 cum
1858 2941 2094 3008 Christo,

527 3048 692 3103 multo
720 3044 885 3116 magis
905 3041 1192 3112 optimum;
1231 3052 1445 3093 manere
1497 3044 1670 3090 autem
1700 3035 1751 3088 in
1778 3050 1958 3100 carne,
2003 3048 2096 3087 ne-

526 3138 814 3194 cessarium
859 3141 1072 3206 propter
1106 3146 1199 3185 vos
1240 3128 1493 3202 (Philipp.
1516 3142 1564 3193 ι,
1593 3125 1684 3197 25)
1717 3122 1811 3197 (a).

526 3271 750 3329 CAPUT
787 3267 979 3325 XXXI.
999 3296 1071 3309 -—
1093 3264 1233 3319 Mors
1257 3272 1304 3316 et
1322 3262 1577 3333 sepultura
1597 3259 1881 3330 Augustini.
1902 3256 2099 3312 Psalmi

598 3360 975 3434 pcenitentiales.
1016 3355 1341 3425 Sacriﬁcium
1378 3369 1469 3423 pro
1509 3361 1703 3405 mortuo
1736 3350 1981 3404 oblatum.
2009 3348 2100 3401 Bi-

597 3454 858 3508 bliotheca.
884 3448 1212 3504 Monasteria.
1236 3444 1564 3515 Epitaphium
1585 3451 1743 3512 poette
1765 3441 2049 3511 cujusdam.

604 3566 743 3622 Sane
798 3564 886 3619 ille
935 3571 1149 3618 sanctus
1199 3561 1252 3615 in
1291 3558 1395 3613 vita
1433 3572 1527 3611 sua
1574 3555 1769 3625 prolixa
1809 3568 1907 3623 pro
1955 3554 2099 3608 utili-

530 3668 635 3713 tate
682 3671 744 3711 ac
790 3655 1039 3710 felicitate
1081 3661 1275 3706 saucue
1336 3646 1589 3703 Ecclesiae
1635 3646 1906 3699 catholicae
1963 3644 2100 3698 divi-

527 3750 665 3803 nitus
700 3746 1025 3809 condonata,
1055 3742 1185 3796 vixit
1225 3740 1377 3795 annis
1423 3737 1749 3807 septuaginta
1790 3745 1840 3790 et
1878 3750 2002 3801 sex,
2048 3736 2100 3790 in

532 3839 780 3894 clericatu
821 3844 996 3889 autem
1032 3832 1117 3887 vel
1148 3832 1450 3901 episcopatu
1491 3829 1644 3882 annis
1679 3828 1845 3882 ferme
1870 3826 2100 3897 quadra-

530 3932 695 4002 ginta.
728 3928 913 3982 Dicere
932 3933 1107 3980 autem
1134 3922 1285 3978 nobis
1314 3921 1336 3953 δ
1367 3922 1504 3975 inter
1531 3919 1805 3973 familiaria
1842 3918 2101 3987 colloquia

529 4025 892 4083 consueverat,
928 4025 1043 4085 post
1072 4019 1373 4083 perceptum
1412 4011 1759 4078 Baptismum,
1792 4008 1951 4061 etiam
1980 4007 2099 4060 lau-

529 4114 678 4170 datos
692 4111 1020 4167 Christianos
1045 4108 1065 4138 ⁸
1091 4115 1145 4161 et
1166 4102 1469 4159 sacerdotes
1488 4102 1684 4170 absque
1709 4100 1863 4169 digna
1884 4105 1938 4151 et
1956 4113 2103 4153 com-

528 4205 724 4276 petenti
750 4200 1054 4272 posuitentia
1074 4198 1219 4252 exire
1248 4194 1313 4249 de
1338 4206 1559 4261 corpore
1586 4206 1687 4245 non
1712 4190 1926 4243 debere.
1947 4188 2100 4255 Quod

527 4306 582 4352 et
620 4296 735 4365 ipse
773 4292 925 4359 fecit,
965 4290 1147 4344 ultima
1176 4302 1276 4357 qua
1307 4284 1585 4340 defunctus
1625 4290 1706 4338 est
1743 4279 2097 4350 aegritudine:

529 4402 650 4442 nam
679 4384 778 4439 sibi
817 4383 1045 4451 jusserat
1074 4378 1313 4433 Psalmos
1351 4374 1650 4436 Davidicos,
1681 4372 1769 4442 qui
1809 4379 1931 4425 sunt
1968 4384 2100 4440 pau-

530 4477 728 4535 cissimi
754 4475 820 4530 de
858 4471 1188 4544 pmnitentia,
1222 4466 1403 4527 scribi,
1450 4466 1698 4534 ipsosque
1723 4461 2099 4532 quaterniones

526 4570 710 4640 jacens
739 4567 790 4621 in
822 4565 956 4619 lecto
985 4569 1167 4617 contra
1193 4559 1444 4631 parietem
1477 4556 1675 4623 positos
1715 4552 1736 4584 °
1778 4552 1963 4606 diebus
1991 4566 2101 4605 suae

531 4657 848 4714 inﬁrmitatis
868 4653 1188 4716 intuebatur,
1212 4659 1263 4703 et
1286 4648 1512 4717 legebat,
1537 4655 1587 4701 el
1609 4645 1806 4714 jugiter
1836 4659 1899 4698 ac
1934 4643 2097 4698 uber-

532 4750 625 4804 tim
646 4748 835 4803 ﬂebat:
858 4756 911 4799 et
935 4759 1003 4799 ne
1028 4741 1248 4797 intentio
1268 4740 1382 4808 ejus
1402 4754 1429 4790 a
1448 4751 1708 4807 quoquam
1736 4734 2097 4804 impediretur,

532 4848 653 4895 ante
674 4838 791 4893 dies
817 4835 989 4890 ferme
1015 4833 1196 4888 decem
1221 4844 1377 4899 quam
1403 4828 1571 4882 exiret
1598 4824 1667 4880 de
1690 4839 1932 4893 corpore,
1958 4838 1989 4877 a
2016 4838 2103 4877 no-

594 4971 612 5003 ¹
645 4967 839 5028 salinas,
863 4979 925 5016 ex
949 4960 1315 5027 cd.aeg.1025
1343 4973 1356 5009 :
1385 4968 1455 5011 De
1478 4955 1689 5009 absentia
1708 4954 2038 5021 mysteriorum
2059 4959 2106 5007 et

534 5029 871 5083 ministrorum.
939 5035 992 5075 Μ.
1577 5079 1587 5089 .

597 5096 617 5125 ί
650 5092 845 5149 salinas,
872 5101 933 5139 ex
957 5086 1038 5137 0d.
1064 5094 1180 5148 Reg.
1205 5083 1316 5150 5H,
1338 5094 1431 5131 ηοη
1450 5079 1602 5130 πταίειν
1670 5087 1726 5150 M2
1798 5137 1828 5150 ..
1848 5137 1859 5148 .
1920 5138 1951 5150 _.

601 5155 622 5186 ³
875 5137 939 5200 ex
968 5137 1175 5211 utroque
1198 5146 1277 5195 Od.
1304 5137 1419 5207 iteg.
1448 5157 1460 5191 :
1489 5137 1860 5203 nonquodmihi
1881 5138 1995 5248 utile
2016 5145 2102 5190 est.

600 5275 625 5307 ⁵
655 5275 851 5325 Codices
872 5280 1008 5322 Msa
1035 5279 1155 5321 Nam
1176 5266 1297 5319 vixit
1540 5262 1700 5313 dicere
1721 5230 2106 5323 nobis;oif1isso,

599 5374 848 5457 Hamas,
867 5408 931 5445 ex
952 5394 1032 5444 0d.
1060 5401 1174 5455 Reg.
1198 5390 1285 5441 541
1314 5404 1328 5437 :
1354 5386 1505 5439 Etiam
1526 5383 1780 5437 laudabilis
1803 5382 2109 5435 conversatio-

532 5459 932 5511 nisChristianos.
998 5464 1053 5504 Μ.
1272 5512 1375 5515 μη
1552 5509 1563 5515 ,
1626 5513 1633 5515 Α
1779 5512 1788 5515 _
1979 5504 1990 5515 .

600 5522 620 5553 ⁸
654 5509 849 5580 salinas,
886 5533 951 5571 ex
972 5516 1053 5565 ω.
1080 5515 1226 5564 vatic.
1265 5512 1383 5562 1188
1410 5526 1423 5562 :
1466 5519 1523 5561 In
1546 5509 1663 5560 lecto
1683 5512 1847 5559 contra
1882 5509 2110 5571 parietem

537 5590 703 5647 ροεαο.
771 5592 826 5632 Μ.

601 5706 683 5769 (a)_
704 5713 897 5769 caeteri;
907 5703 1078 5769 videre
1101 5708 1180 5754 est
1199 5697 1248 5751 in
1269 5705 1399 5751 tomo
1430 5692 1661 5757 sectindo,
1696 5694 1839 5758 epist.
1872 5690 1991 5755 238,
2022 5699 2108 5741 nn.

538 5760 621 5831 ως
638 5760 814 5831 luti,
842 5760 900 5817 ιιι
922 5767 971 5814 et
995 5762 1068 5814 lt.

2203 401 2286 457 bis
2312 402 2596 470 postulavit
2624 404 2992 472 praesentibus,
3022 420 3090 460 ne
3128 404 3245 476 quis
3279 407 3345 461 ad
3368 422 3489 463 eum
3533 410 3774 481 ingrede-

2205 503 2369 559 retur,
2395 494 2494 549 nisi
2523 494 2586 548 iis
2618 502 2820 548 tantum
2867 494 3031 559 boris,
3059 498 3251 565 quibus
3278 498 3467 553 medici
3500 500 3567 554 ad
3607 503 3775 573 inspi-

2201 585 2444 639 ciendum
2476 586 2729 639 intrarent
2752 586 2790 651 ¹,
2820 586 2899 639 vel
2920 601 3039 639 cum
3060 587 3108 640 ei
3136 588 3357 642 refectio
3378 588 3682 646 inferretur.
3709 594 3775 649 Et

2201 675 2272 728 ita
2298 676 2629 729 observatum
2658 690 2719 729 ac
2746 676 2937 729 factum
2963 684 3044 730 est
3075 694 3089 729 :
3134 687 3187 731 et
3229 678 3375 732 omni
3416 680 3506 733 illo
3534 688 3775 751 tempore

2201 766 2425 820 orationi
2466 766 2702 821 vacabat.
2737 767 2962 821 Verbum
2995 768 3085 820 Dei
3130 782 3295 837 usque
3323 769 3389 823 ad
3431 770 3597 839 ipsam
3627 788 3777 829 suam

2201 865 2491 910 extremam
2537 857 2901 925 aegritudinem
2948 857 3400 925 itnprmtcrmisse,
3446 860 3690 915 alacriter
3722 873 3776 918 et

2201 944 2425 1011 fortiter,
2481 962 2607 999 sana
2657 956 2852 1008 mente,
2899 962 3133 1016 sanoque
3175 948 3397 1001 consilio
3447 950 3499 1003 in
3548 952 3772 1006 ecclesia

2200 1037 2519 1105 prmdicavit.
2553 1038 2799 1091 Membris
2822 1040 3065 1092 omnibus
3086 1041 3165 1092 sui
3195 1042 3434 1108 corporis
3465 1043 3763 1108 incolumis,

2201 1129 2403 1197 integro
2432 1139 2645 1197 aspectu
2671 1139 2826 1197 atque
2856 1129 3055 1194 auditu,
3086 1137 3159 1194 et,
3182 1140 3238 1184 ut
3268 1133 3519 1200 scriptum
3550 1148 3650 1200 esu,
3682 1150 3778 1189 no-

2199 1218 2280 1272 bis
2306 1218 2617 1283 astantibus,
2641 1228 2693 1273 et
2718 1219 3038 1285 videntibus,
3062 1228 3253 1274 etcum
3281 1238 3346 1276 eo
3369 1224 3561 1290 pariter
3580 1226 3600 1255 ³
3621 1211 3784 1279 οιτιιιέ

2199 1308 2339 1361 tibus
2365 1307 2681 1362 obdormivit
2712 1310 2731 1339 ³
2762 1325 2881 1364 cum
2929 1310 3164 1378 patribus
3207 1313 3336 1377 suis,
3377 1315 3637 1368 enutritus
3673 1314 3693 1346 "
3722 1316 3777 1370 in

2199 1398 2334 1451 bona
2372 1408 2680 1464 senectute;
2722 1408 2774 1454 et
2819 1400 2971 1453 nobis
2996 1416 3173 1453 coram
3208 1418 3301 1469 pro
3347 1403 3459 1472 ejus
3498 1420 3775 1459 commen-

2197 1489 2367 1543 danda
2394 1491 2631 1558 corporis
2677 1491 3004 1559 depositione
3051 1492 3363 1546 sacrificium
3401 1495 3507 1547 Deo
3537 1495 3777 1551 oblatum

2182 1589 2299 1647 est,
2327 1590 2380 1635 et
2408 1582 2643 1650 sepultus
2664 1592 2762 1635 est.
2797 1583 3193 1636 Testamentum
3242 1585 3444 1637 nullum
3480 1586 3617 1649 fecit,
3657 1588 3777 1655 quia

2201 1672 2337 1726 unde
2363 1671 2559 1726 faceret
2589 1687 2786 1742 pauper
2815 1674 2905 1726 Dei
2953 1689 3059 1726 non
3092 1673 3290 1727 habuit.
3320 1675 3567 1729 Ecclesia:
3594 1676 3779 1730 biblio-

2198 1764 2433 1828 thecam,
2465 1780 2756 1834 omnesque
2782 1764 2993 1820 codices
3028 1765 3307 1835 diligenter
3336 1768 3559 1835 posteris
3596 1777 3777 1822 custo-

2197 1855 2418 1909 diendos
2444 1871 2654 1925 semper
2679 1857 2914 1923 jubebat.
2954 1856 3008 1911 Si
3034 1858 3158 1926 quid
3185 1874 3311 1910 vero
3338 1851 3590 1949 Etycsia,
3620 1860 3701 1912 vel
3725 1860 3777 1913 in

2198 1947 2513 2014 sumptibus,
2534 1946 2613 1999 vel
2637 1946 2687 1999 in
2710 1949 3032 2000 ornamentis
3053 1947 3252 2010 habuit,
3278 1946 3710 2018 fidei—presbyteri
3732 1950 3774 2015 ⁸,

2196 2037 2283 2105 qui
2323 2036 2421 2089 sub
2448 2036 2632 2090 eodem
2662 2036 2852 2090 domus
2901 2037 3152 2091 Ecclesim
3182 2054 3361 2091 curam
3416 2039 3652 2107 gerebat,
3700 2039 3781 2092 di-

2198 2127 2359 2179 misit.
2402 2126 2509 2181 Nec
2541 2142 2666 2181 suos
2692 2128 3130 2197 consanguineos,
3169 2129 3250 2181 vel
3296 2130 3347 2181 in
3381 2130 3650 2197 proposito
3695 2131 3778 2184 vel

2197 2225 2352 2270 extra
2383 2218 2716 2280 constitutos,
2758 2217 2810 2270 in
2854 2233 2946 2270 sua
2976 2218 3080 2270 vita
3124 2226 3177 2271 et
3227 2229 3395 2273 morte
3430 2220 3574 2288 vulgi
3626 2236 3779 2275 more

2200 2309 2484 2362 tractavit:
2517 2308 2726 2377 quibus,
2756 2308 2880 2362 dum
2908 2308 3081 2363 adhuc
3119 2317 3442 2377 superesset,
3484 2310 3535 2362 id
3572 2310 3615 2363 si
3646 2325 3780 2380 opus

2199 2398 2317 2463 fuit,
2350 2398 2493 2468 quod
2530 2407 2583 2452 et
2624 2399 2853 2465 caeteris,
2879 2400 3131 2468 erogavit,
3163 2414 3265 2452 non
3295 2408 3353 2452 ut
3381 2398 3587 2453 divitias
3617 2400 3781 2455 habe-

2198 2500 2337 2555 rent,
2366 2492 2459 2546 sed
2484 2500 2653 2545 utaut
2680 2507 2805 2557 non,
2832 2500 2921 2545 aut
2952 2492 3129 2545 minus
3155 2501 3389 2561 egerent.
3419 2492 3625 2546 Clerum
3667 2492 3780 2547 suf-

2200 2581 2635 2645 ﬁeientissimum,
2658 2589 2711 2635 et
2734 2581 3051 2634 monasteria
3080 2581 3310 2635 virorum
3340 2596 3402 2635 ac
3425 2582 3737 2635 feminarum
3759 2622 3772 2646 ,

2205 2673 2601 2727 continentibus
2629 2673 2648 2703 θ
2679 2688 2799 2726 cum
2846 2673 2956 2726 suis
2986 2674 3283 2741 prmpositis
3326 2673 3494 2743 plena,
3535 2675 3782 2729 Ecclesia:

2201 2764 2415 2828 dimisit,
2446 2782 2547 2819 una
2573 2781 2691 2819 cum
2738 2764 3091 2829 bibliothecis,
3130 2764 3294 2818 libros
3322 2773 3375 2818 et
3401 2748 3651 2819 tractatus
3692 2766 3781 2820 vel

2200 2869 2324 2909 suos
2367 2856 2449 2909 vel
2492 2855 2714 2909 aliorum
2763 2865 3065 2909 sanctorum
3117 2855 3452 2917 habentibus,
3492 2857 3545 2909 in
3588 2856 3783 2925 quibus
3844 2920 3849 2923 ν

2199 2945 2339 2999 dono
2364 2946 2451 2999 Dei
2473 2946 2641 3015 qualis
2661 2954 2990 3015 quantusque
3012 2945 3066 2999 in
3087 2946 3321 2999 Ecclesia
3347 2946 3502 3002 fuerit
3518 2948 3778 3013 noscitur,

2200 3044 2253 3091 et
2301 3036 2353 3089 in
2382 3036 2462 3090 his
2506 3050 2717 3104 semper
2751 3036 2928 3089 vivere
2969 3050 2999 3089 a
3031 3036 3272 3091 fidelibus
3303 3037 3581 3090 invenitur.
3622 3036 3783 3092 Juxta

2200 3128 2339 3198 quod
2378 3128 2536 3182 etiam
2581 3128 2909 3181 saecularium
2937 3127 3148 3196 quidam
3192 3138 3483 3196 poetarum,
3541 3129 3651 3183 suis
3686 3128 3780 3198 ju-

2200 3220 2336 3274 hens
2362 3234 2467 3288 quo
2489 3218 2585 3271 sibi
2611 3218 2865 3271 tumulum
2892 3226 3100 3271 mortuo
3134 3218 3184 3271 in
3212 3234 3399 3288 aggere
3422 3220 3631 3289 publico
3667 3221 3783 3274 col-

2202 3310 2456 3374 locarent,
2478 3317 2863 3377 programmate
2888 3308 3058 3371 finxit,
3080 3308 3258 3361 dicens
3278 3310 3320 3372 ",

2353 3399 2525 3448 vivere
2555 3405 2661 3506 post
2679 3398 2860 3446 obitum
2885 3404 3045 3447 vatem
3066 3398 3139 3447 vis
3166 3410 3308 3447 nosse
3339 3400 3505 3459 viator,

2414 3460 2543 3506 ouod
2578 3460 2687 3506 esis
2714 3471 2830 3506 ecce
2849 3458 3035 3506 loauor.
3056 3473 3153 3506 vox
3171 3466 3252 3506 tua
3267 3472 3444 3506 nempe
3464 3474 3505 3506 ιιι

2414 3460 2543 3518 Quod
2556 3458 2687 3521 legis
2714 3471 2830 3507 ecce
2849 3458 3035 3521 loquor,
3056 3473 3153 3509 vox
3171 3466 3252 3508 tua
3267 3472 3444 3522 nempe
3464 3458 3575 3510 mea
3594 3467 3689 3512 est.

2204 3540 2269 3594 Et
2296 3539 2347 3593 in
2370 3540 2480 3594 suis
2508 3540 2721 3610 quidem
2750 3541 2959 3608 scriptis
2980 3540 3070 3595 ille
3093 3543 3199 3595 Deo
3219 3551 3465 3612 acceptus
3496 3553 3551 3597 et
3579 3544 3774 3599 Charus

2202 3629 2470 3695 sacerdos,
2501 3640 2754 3699 quantum
2777 3631 2982 3685 lucente
3009 3632 3225 3686 veritate
3247 3631 3428 3687 videre
3446 3633 3777 3700 conceditur,

2203 3730 2345 3775 recte
2365 3736 2427 3775 ac
2447 3736 2593 3786 sane,
2616 3720 2753 3784 ﬁdei,
2774 3721 2906 3790 spei,
2937 3721 3275 3776 etcharitatis
3300 3722 3575 3777 catholica:
3595 3724 3787 3778 Eccle-

2202 3812 2296 3867 siae
2323 3812 2517 3866 vixisse
2545 3811 2912 3865 manifestatur
2938 3831 2951 3866 :
2976 3813 3114 3881 quod
3136 3824 3426 3882 agnoscunt
3450 3814 3539 3882 qui
3566 3829 3690 3868 eum
3710 3813 3784 3870 de

2203 3901 2392 3956 divinis
2422 3902 2737 3956 scribentem
2766 3902 3003 3971 legentes
3036 3902 3335 3971 proﬁciunt.
3374 3903 3478 3958 Sed
3503 3918 3602 3973 ego
3630 3903 3776 3959 arbi-

2203 4002 2314 4048 tror
2337 3995 2455 4065 plus
2480 4009 2543 4049 ex
2569 4008 2635 4048 eo
2654 3993 2910 4063 proficere
2930 3995 3179 4064 potuisse,
3206 3995 3295 4064 qui
3318 4012 3436 4049 eum
3461 4005 3514 4050 et
3551 3996 3779 4066 loquen-

2204 4094 2309 4141 tem
2354 4086 2405 4139 in
2451 4086 2675 4140 ecclesia
2718 4094 3029 4155 prresentem
3059 4086 3239 4140 audire
3265 4095 3320 4141 et
3361 4086 3546 4143 videre
3593 4096 3783 4157 potue-

2202 4186 2325 4231 runt
2352 4179 2394 4243 ⁸,
2427 4185 2480 4229 et
2522 4176 2636 4245 ejus
2666 4178 2957 4244 prmsertim
2986 4178 3007 4210 ⁹
3038 4177 3175 4231 inter
3216 4176 3459 4231 homines
3483 4193 3767 4232 conversa-

2204 4268 2398 4322 tionem
2415 4282 2518 4321 non
2536 4268 2923 4335 ignoraverunt.
2941 4268 3061 4321 Erat
3073 4268 3213 4322 enim
3237 4282 3339 4321 non
3353 4270 3521 4322 solum
3535 4268 3775 4323 eruditus

2204 4360 2375 4415 scriba
2415 4359 2467 4413 in
2496 4374 2659 4429 regno
2695 4360 2970 4423 caelorum,
2999 4358 3065 4413 de
3091 4359 3339 4413 thesauro
3377 4375 3473 4414 suo
3504 4360 3785 4439 proferens

2204 4466 2339 4505 nova
2369 4458 2423 4505 et
2452 4460 2652 4518 vetera,
2684 4459 2737 4505 et
2782 4467 2915 4506 unus
2943 4452 3351 4519 negotiatorum,
3379 4452 3467 4522 qui
3512 4453 3783 4508 inventam

2206 4543 2489 4613 pretiosam
2531 4542 2888 4612 margaritam,
2934 4558 3050 4611 quae
3082 4542 3308 4597 habebat
3350 4544 3600 4610 venditis,
3632 4559 3787 4599 com-

2204 4633 2408 4701 paravit
2439 4631 2649 4705 (Matth.
2678 4648 2789 4696 xm,
2814 4633 2904 4698 52,
2932 4633 3022 4695 l5,
3053 4632 3145 4701 46)
3190 4652 3203 4687 :
3237 4649 3419 4688 verum
3444 4635 3603 4688 etiam
3618 4650 3680 4689 ex
3712 4636 3779 4690 iis

2204 4724 2268 4777 ad
2296 4739 2430 4793 quos
2474 4724 2725 4793 scriptum
2754 4732 2855 4789 est,
2889 4722 2977 4777 Sic
3003 4723 3281 4791 loquimini,
3309 4732 3355 4779 et
3382 4725 3452 4777 sic
3476 4725 3624 4795 facite
3660 4723 3792 4798 (Ja-

2268 4834 2286 4864 ι
2320 4832 2498 4903 salinas
2521 4840 2693 4903 :Jne‘s
2728 4841 2852 4903 Mss,
2878 4830 3119 4903 intrabant
3135 4844 3393 4897 ;unuspro
3414 4835 3671 4897 sequitur:
3698 4834 3788 4886 Vel

2206 4906 2317 4944 cum
2338 4894 2383 4944 ei
2408 4892 2599 4964 refectio
2617 4892 2917 4963 oﬁ‘erebatur.
2985 4902 3040 4941 Μ.
3136 4892 3141 4893 ⁷
3306 4892 3323 4897 ’
3370 4953 3383 4966 .

2267 4957 2289 5024 ξ
2321 4962 2471 5024 ιξρβιινι
2494 4963 2790 5024 omnes-uss.
2808 4959 3039 5024 ⁸οιιιιιιιιιιι
3064 4966 3175 5004 cum
3195 4967 3251 5005 eo
3272 4962 3469 5019 pariter.

2270 5017 2291 5086 ξ
2322 5016 2471 5086 ξάὶιὶο
2493 5014 2849 5086 ωιτηθόὸἰενὶη
2873 5028 3007 5086 βαεβο
3047 5077 3073 5086 ..
3208 5080 3219 5086 -
3254 5072 3266 5086 -

2268 5076 2291 5109 δ
2320 5078 2651 5138 Germanensis
2672 5075 2826 5138 codex
2868 5075 3082 5138 praeterit
3110 5075 3375 5138 enutritus;
3400 5084 3452 5128 et
3473 5078 3624 5138 infra,
3646 5079 3784 5131 loco:

2207 5144 2263 5188 Et
2285 5136 2417 5187 nobis
2440 5149 2602 5185 coram
2624 5148 2709 5198 pro
2731 5135 2853 5197 ejus,
2869 5135 3072 5248 Effert
3090 5153 3100 5187 :
3119 5144 3174 5186 El
3196 5152 3226 5186 a
3248 5135 3381 5189 nobis
3403 5152 3490 5204 pro
3511 5135 3692 5202 ejus.—-
3708 5150 3789 5191 sa-

2208 5199 2346 5248 linas.
2373 5212 2436 5247 ex
2459 5198 2538 5245 Cd.
2566 5205 2710 5248 Item:
2740 5204 2792 5247 El
2817 5211 2875 5247 no
2971 5210 3133 5248 coram
3154 5198 3333 5248 positis.
3400 5209 3455 5248 Μ.

2208 5199 2346 5259 linas,
2373 5212 2436 5247 ex
2459 5198 2538 5245 Cd.
2566 5205 2710 5259 neg.;
2740 5204 2792 5247 El
2817 5198 2949 5248 nobis
2971 5210 3133 5248 coram
3154 5198 3333 5259 positis.
3400 5198 3455 5249 iu.

2270 5261 2291 5332 ξ
2325 5260 2600 5332 signabent
2626 5268 2748 5332 uss;
2775 5260 2996 5332 at‘editi‘;
3024 5259 3188 5332 fideli
3198 5261 3495 5332 presbytero:

2272 5321 2292 5351 ⁸
2325 5319 2441 5369 Editi
2466 5321 2701 5381 przebent,
2740 5319 3155 5381 continentiwnre
3168 5319 3239 5369 sic
3264 5319 3409 5371 etiam
3431 5322 3626 5371 salinas.
3694 5330 3751 5372 Μ.

2272 5383 2292 5413 "
2327 5382 2443 5431 Editi
2467 5379 2489 5428 ἐ
2525 5390 2616 5430 Pro
2652 5379 3199 5445 epigraimnateiﬁnxit,
3227 5381 3407 5433 dicens.
3432 5392 3607 5445 omnes
3642 5393 3784 5434 513.:

2210 5448 2593 5507 programmate;
2630 5442 2689 5492 et
2714 5442 2777 5492 ex
2802 5444 2860 5491 iis
2912 5442 3115 5504 .leriQue
3150 5446 3399 5504 praebent,
3437 5442 3547 5509 ﬁIit
3601 5445 3785 5499 dicens.

2210 5502 2561 5565 —-salinas,ex
2598 5504 2676 5553 Cd.
2716 5512 2830 5566 Reg.
2868 5458 2955 5552 ἀει
2991 5513 3126 5552 :Pro
3160 5504 3498 5569 epigrammate
3534 5503 3676 5571 ﬁnxit
3712 5508 3790 5558 di-

2210 5575 2675 5700 c?cerhianenses
2697 5635 2831 5677 Mss:
2861 5635 2917 5675 In
2937 5623 3149 5677 Ecclesia
3170 5627 3342 5679 audire
3362 5628 3727 5694 prtrsentialiter
3740 5632 3790 5682 tt

2211 5690 2711 5809 ‘qemﬁré‘iuéd.
2737 5754 2852 5814 Reg.
2877 5748 2964 5801 5H
2984 5759 2998 5800 :
3024 5753 3080 5802 El
3100 5748 3206 5813 ejus
3226 5754 3521 5815 praesulem.
3616 5756 3673 5803 tt.
