3994 6352
240 416 306 473 65
1114 407 1271 465 VITA
1311 407 1367 464 Β.
1409 404 1771 465 AUGUSTINI
1809 401 2128 460 EPISCOPI.
2204 403 2408 460 LIBER
2447 403 2715 462 PRIMUS.
3444 401 3516 460 66

243 551 348 604 colu'
370 566 429 615 ιι,
464 549 553 617 l2)
583 565 599 615 ;
630 546 768 603 etde
797 546 990 618 quibus
1012 545 1253 600 Salvator
1271 543 1417 608 dicit,
1452 542 1553 608 Qui
1581 541 1754 613 fecerit
1788 548 1839 595 et

1944 536 2009 576 '.er
2032 534 2095 574 ac
2114 519 2339 575 dulciter
2364 520 2494 585 ViX],
2516 527 2570 575 et
2590 519 2642 573 in
2665 518 2769 574 hoc
2791 517 2988 573 saeculo
3015 516 3289 573 aemulator
3310 523 3366 571 et
3391 516 3511 572 imi-

239 643 471 694 docuerit
494 641 565 694 sic
587 641 836 707 hontines,
856 640 937 692 hic
967 654 1180 709 magnus
1208 636 1464 691 vocabitur
1484 636 1537 689 in
1562 651 1715 706 regno
1735 649 1835 687 ca:-

240 736 409 788 tmm
457 733 668 805 (Matth.
696 749 751 801 v,
786 732 896 804 19).

309 829 439 883 Peto
479 838 655 881 autem
696 824 968 895 impendio
997 832 1225 879 vestram
1247 821 1580 887 cbaritatem,
1610 820 1699 890 qui
1722 818 1838 873 haec

251 920 446 988 scripta
502 919 711 987 legitis,
754 924 811 970 ut
852 930 1059 970 mecum
1106 914 1456 983 omnipotenti
1491 913 1597 967 Deo
1642 910 1837 980 gratias

250 1012 439 1080 agatis,
476 1010 863 1077 Dominamque
890 1006 1232 1069 benedicatis,
1263 1004 1352 1073 qui
1387 1003 1569 1056 tribuit
1597 1000 1725 1055 mihi
1756 1000 1837 1054 in-

250 1102 542 1166 tellectum,
565 1109 623 1154 ut
650 1099 765 1153 haec
787 1099 839 1151 in
870 1099 1111 1153 notitiam
1134 1104 1187 1151 et
1210 1095 1552 1166 praesentium
1574 1101 1627 1148 et
1647 1093 1840 1147 absen-

241 1193 369 1247 tium
400 1192 680 1261 praesentis
716 1190 970 1258 temporis
986 1197 1039 1243 et
1058 1187 1220 1241 futuri
1250 1187 1544 1251 hominum,
1568 1194 1621 1240 et
1646 1185 1836 1239 vellem

240 1282 469 1348 deferre,
505 1291 560 1336 et
588 1283 906 1345 valuissem;
940 1288 995 1334 et
1020 1294 1227 1333 mecum
1249 1294 1311 1331 ac
1338 1292 1434 1347 pro
1456 1292 1541 1331 me
1573 1275 1756 1339 oretis,
1778 1282 1835 1327 ut

238 1375 378 1430 illius
397 1374 667 1445 quondam
698 1373 817 1439 viri,
846 1388 965 1427 cum
993 1387 1096 1442 quo
1118 1371 1285 1425 ferme
1313 1371 1466 1423 annis
1487 1367 1837 1438 quadraginta

241 1466 332 1521 Dei
378 1466 524 1520 dono
552 1466 569 1496 ⁸
602 1465 802 1535 absque
842 1479 1023 1517 amara
1053 1462 1158 1516 ulla
1188 1459 1524 1515 dissensione
1561 1457 1837 1512 familiari-

307 1578 327 1609 ι
361 1572 1122 1629 Βοςτιιειιεὶδδιεάυεὶάοηιο.

1156 1684 1485 1691 W

1926 618 2067 664 tatur
2090 611 2332 674 existam,
2355 617 2411 665 et
2436 609 2489 664 in
2512 609 2689 663 futuro
2711 607 3088 678 omnipotentis
3116 607 3207 661 Dei
3234 606 3509 676 promissis

1926 718 2048 758 cum
2073 702 2258 758 eodem
2290 702 2545 772 perfruar.
2578 702 2748 755 Amen
2774 701 2814 755 ¹.

1989 869 2007 900 ι
2042 866 2256 927 Salinas:
2284 872 2333 914 tn
2369 864 2533 914 wdice
2571 864 2765 927 Regina;
2799 861 2886 927 541
2925 862 3006 911 hic
3040 860 3226 927 additur
3262 859 3370 910 ﬁnis
3404 873 3515 927 cum

1927 926 2303 995 nonnullis‘aliis
2326 926 2489 976 verbis
2521 926 2579 975 ad
2614 923 2951 995 translationes
2970 925 3201 995 corporis
3235 931 3285 995 s._
3304 923 3517 995 Doctoris

1926 991 2288 1052 pertinentibus
2317 1003 2329 1037 :
2356 999 2443 1047 (nu
2465 999 2575 1036 cum
2601 996 2697 1035 Deo
2724 992 2864 1052 Patre
2886 991 2931 1035 et
2955 980 3133 1052 spiritu
3152 991 3314 1052 armato
3338 980 3448 1033 vivit
3469 990 3515 1033 et

1925 1045 2159 1117 'gloriatur
2175 1057 2223 1117 et
2235 1045 2399 1117 regnat
2420 1057 2542 1097 Deus
2554 1062 2639 1112 per
2653 1045 2812 1117 argutia
2826 1045 3004 1117 singula
3018 1045 3320 1117 smcutorurn.
3350 1057 3512 1117 Amen.

1927 1108 2158 1162 iusititius
2180 1112 2256 1160 hic
2279 1108 2386 1159 ﬁnis
2409 1117 2514 1169 est,
2542 1108 2634 1159 nec
2656 1109 2715 1157 ad
2740 1108 2929 1157 Possidii
2956 1109 3170 1169 pertinet
3201 1114 3406 1169 textum.
3434 1114 3518 1155 No-

1926 1182 2029 1225 tum
2053 1181 2128 1223 est
2152 1174 2282 1223 enim
2306 1167 2644 1221 ecclesiastica:
2667 1167 2969 1231 antiquitatis
2984 1169 3224 1228 studiosis,
3242 1170 3289 1216 in
3303 1167 3400 1216 ﬁne
3415 1176 3515 1231 tum

1927 1245 2226 1293 sermonum,
2250 1242 2353 1282 tum
2379 1235 2585 1282 vitarum
2603 1266 2618 1292 ,
2642 1245 2750 1293 qua:
2774 1227 2801 1279 ὁ
2825 1232 3081 1293 Veteribus
3104 1227 3244 1279 editae
3268 1238 3410 1288 sunt,
3435 1227 3517 1277 ali-

1961 1311 2023 1346 ua
2046 1298 2151 1345 addi
2179 1291 2229 1345 et
2254 1296 2428 1353 inseri,
2454 1296 2577 1343 sicut
2601 1291 2960 1354 et'l'requenter
2982 1291 3277 1354 detruncari,
3305 1298 3406 1339 tum
3430 1302 3516 1351 pro

1964 1361 2134 1408 icentis
2156 1352 2509 1418 scribentiSque
2533 1356 2748 1413 arbitrio,
2770 1352 2830 1402 ac
2844 1366 2929 1415 pro
2947 1352 3270 1418 solemnitatis
3292 1354 3480 1401 ratione
3495 1384 3511 1411 ,

1929 1428 2029 1470 tum
2054 1434 2139 1481 pro
2177 1416 2446 1481 temporum
2483 1418 2792 1466 necessitate.
2832 1416 3385 1481 Quodtcumuaccurate
3417 1425 3514 1460 non

1928 1474 2214 1543 advertitur,
2240 1474 2293 1529 iii
2314 1491 2491 1543 graves
2511 1491 2567 1527 ae
2591 1484 2759 1539 turpes
2782 1489 2977 1526 errores
2998 1474 3219 1537 impellit.
3287 1482 3343 1523 Μ.

2601 1672 3097 1680 __.-~._._._.__.

255 1667 3499 1739 ..πή-...ἑῇ

1592 1718 2193 1977 viil

454 2089 1163 2241 SANCTI
1272 2083 2089 2227 AURELII
2170 2078 3313 2247 AUGUSTINI,

1200 2300 1968 2378 HIPPONENSIS
2022 2301 2558 2389 EPISCOPI,

956 2443 1073 2505 EX
1111 2439 1296 2502 EJUS
1337 2434 1820 2499 POTISSIMUM
1866 2432 2139 2494 SCRIPT
2144 2432 2214 2493 IS
2255 2431 2786 2493 CONCINNATA.

1634 2557 2135 2637 mw

1267 2681 1745 2792 LIBER
1826 2679 2251 2784 PBLM
2268 2676 2482 2785 US.

650 2885 721 2929 De
749 2878 914 2940 primis
933 2874 1104 2936 viginti
1125 2884 1300 2923 novem
1330 2872 1467 2919 annis
1494 2867 1763 2931 Augustini,
1782 2865 1845 2915 ab
1878 2865 1987 2928 ejus
2014 2872 2123 2916 ortu
2141 2865 2202 2915 ad
2224 2865 2571 2927 profectionem
2599 2865 2819 2929 ejusdem
2840 2865 2890 2915 in
2908 2832 3119 2916 italiam.

1677 2971 2090 3027 rm-

765 3028 993 3119 CAPUT
1033 3056 1313 3116 PRIMUM.

244 3206 272 3260 1
307 3202 579 3275 Augustini
610 3200 795 3271 patria.
824 3196 861 3249 2
882 3195 1085 3249 Natalis
1113 3194 1237 3247 dies.
1258 3192 1290 3246 5
1324 3188 1545 3243 Nomen.
1575 3186 1609 3240 4
1636 3184 1833 3238 Parcit-

772 3302 842 3345 tes
868 3299 911 3345 et
936 3284 1310 3357 consanguinei.

314 3433 365 3485 Ι.
404 3429 657 3484 Aurelius
686 3424 1028 3496 Augustinus,
1053 3421 1132 3475 vir
1148 3418 1325 3473 divino
1345 3429 1564 3469 munere
1581 3410 1833 3466 Ecclesiae

244 3527 497 3587 donatus,
526 3522 808 3591 Tagastam
837 3518 1119 3572 obscurum
1152 3511 1342 3567 Africae
1373 3506 1622 3577 oppidum
1654 3505 1704 3557 in
1726 3501 1835 3556 Nu-

241 3616 419 3669 midia:
464 3613 856 3667 mediterranea
905 3620 1072 3678 parte,
1122 3603 1258 3657 haud
1286 3601 1465 3672 procul
1496 3597 1756 3652 Madauris
1781 3605 1833 3648 et

241 3705 697 3777 Hippone-Regio
738 3704 915 3766 silum,
958 3710 1074 3753 ortu
1105 3714 1202 3753 suo
1244 3693 1537 3749 nobilitavit
1562 3688 1834 3760 (Poss.,in

252 3797 369 3850 Vita
392 3801 637 3867 August.,
659 3812 705 3848 ε.
739 3796 761 3847 1
788 3811 802 3857 ;
827 3795 1062 3863 August.,
1082 3789 1247 3858 Epist.
1273 3788 1324 3849 7,
1350 3803 1400 3839 η.
1426 3784 1487 3847 6;
1510 3778 1829 3851 Confesslib.

242 3888 295 3951 2,
332 3905 445 3957 cap.
497 3888 564 3953 5,
614 3904 664 3938 η.
714 3885 805 3955 5).
835 3884 907 3937 Ea
952 3882 1137 3936 civitas
1176 3876 1380 3933 nefario
1440 3872 1832 3928 Donatistarum

242 3980 523 4034 schismati
556 3988 665 4032 tota
694 3979 819 4032 olim
846 3976 1142 4029 adhmserat
1172 3989 1184 4024 :
1214 3970 1306 4025 sed
1332 3983 1470 4023 anno
1495 3966 1704 4020 circiter
1730 3972 1836 4016 tre—

245 4076 546 4127 centesimo
572 4070 980 4141 quadragesimo
1001 4082 1140 4121 nono
1156 4066 1515 4121 Caesarearum
1536 4061 1711 4129 legum
1734 4067 1838 4111 ter-

242 4180 367 4219 rore
398 4163 679 4232 compulsa
726 4161 790 4215 ad
841 4158 1267 4214 communionem
1311 4152 1644 4215 catholicam,
1692 4157 1837 4203 tanto

243 4255 441 4310 deinde
472 4255 776 4307 animorum
807 4251 979 4305 studio
1002 4251 1051 4303 in
1080 4264 1196 4303 eam
1222 4247 1443 4312 coaluit,
1474 4251 1529 4298 ut
1553 4257 1693 4296 anno
1722 4247 1840 4309 post

243 4346 589 4415 sexagesimo
616 4344 758 4397 illius
788 4343 973 4396 incolae
998 4342 1061 4395 iis
1083 4339 1354 4395 erroribus
1382 4350 1647 4406 nunquam
1676 4332 1840 4402 impli-

243 4437 339 4493 citi
368 4437 535 4491 fuisse
559 4436 868 4489 viderentur
897 4434 1174 4504 (August.,
1209 4431 1374 4500 Epist.
1403 4430 1490 4493 93,
1523 4446 1575 4481 η.
1604 4428 1716 4497 17).

317 4531 374 4582 2.
400 4531 457 4583 ln
483 4530 657 4584 lucem
679 4528 852 4581 editus
867 4534 948 4581 est
976 4525 1302 4596 Augustinus
1324 4523 1493 4576 idibus
1517 4518 1835 4586 novembris,

244 4639 393 4678 anno
412 4623 618 4678 Christi
642 4624 926 4692 (quantum
942 4635 1006 4673 ex
1027 4620 1287 4687 Prospero
1305 4626 1356 4671 et
1378 4615 1621 4671 Possidio
1643 4612 1840 4666 intelli-

244 4715 425 4783 gimus
451 4712 697 4786 (Prosp.,
718 4713 767 4765 in
786 4710 1003 4774 Chron.,°
1024 4710 1194 4776 Poss.,
1214 4710 1266 4762 in
1291 4708 1403 4761 Vita
1427 4708 1662 4776 August.,
1685 4722 1730 4758 c.
1750 4702 1839 4770 '50)

254 4806 646 4860 trecentesimo
676 4802 1113 4873 quinquagesimo
1144 4809 1331 4869 quarto
1362 4818 1373 4852 :
1402 4799 1597 4869 quippe
1620 4797 1708 4866 qui
1736 4795 1841 4850 vita

246 4898 481 4951 cesserit
512 4897 698 4966 quinto
719 4894 973 4949 kalendas
996 4892 1327 4962 septembris,
1359 4907 1498 4944 anno
1518 4889 1699 4943 salutis
1723 4903 1845 4958 qua-

246 4988 683 5057 dringentesimo
735 4985 1023 5055 trigesimo,
1070 4983 1239 5037 aetatis
1296 4998 1406 5036 sum
1459 4979 1845 5049 septuagesimo

249 5089 414 5134 sexto
444 5094 614 5147 prope
651 5077 913 5131 absoluto.
947 5075 1097 5141 Quod
1125 5073 1339 5142 quidem
1366 5071 1603 5142 pluribus
1635 5084 1699 5124 co
1728 5069 1845 5122 loco

251 5168 657 5224 discutiendum
689 5167 809 5231 erit,
843 5166 930 5221 ubi
956 5166 1023 5220 de
1056 5174 1294 5233 tempore
1332 5160 1691 5217 conversionis
1734 5158 1847 5228 ejus

251 5261 433 5314 actiui
458 5273 664 5313 sumus.

334 5349 391 5403 3.
420 5348 556 5401 Cum
588 5345 844 5401 celebrari
871 5360 966 5414 per
990 5345 1171 5399 orbem
1201 5343 1379 5411 cmpit,
1406 5341 1514 5412 jam
1540 5349 1651 5394 tum
1676 5340 1847 5394 eidem

253 5449 385 5496 erat
416 5455 720 5509 praenomen
763 5437 982 5492 Aurelio
1012 5456 1025 5491 :
1052 5435 1191 5506 quod
1230 5434 1466 5504 profecto
1510 5434 1616 5498 ille,
1662 5433 1774 5487 sive
1799 5430 1851 5486 id

256 5530 447 5585 infans
477 5538 759 5599 acceperat
804 5528 932 5599 ipsis
976 5528 1043 5582 ab
1068 5526 1416 5590 incunabulis,
1449 5526 1559 5579 sive
1589 5534 1706 5595 post
1732 5523 1853 5578 vitae

255 5622 637 5692 doctrinaque
655 5620 848 5676 merito
873 5629 1085 5676 sanctus
1110 5619 1304 5672 Doctor
1322 5616 1543 5684 adeptus
1563 5624 1696 5681 erat,
1715 5628 1854 5668 sem-

254 5727 370 5784 per
396 5712 635 5766 retinuit.
666 5710 798 5765 Nam
820 5710 922 5765 hoc
947 5710 1120 5778 ipsum
1144 5708 1473 5778 prrenomine
1503 5706 1697 5761 Paulus
1723 5704 1855 5760 Oro-

256 5802 388 5859 Iius
414 5802 469 5858 iu
502 5817 613 5859 sum
641 5802 887 5858 Historia:
912 5800 992 5855 Ad
1016 5800 1277 5853 Aurelium
1307 5798 1641 5867 Augustinum
1669 5795 1885 5851 inscri-‘

1898 3096 1901 3097 ν
1943 3051 2125 3118 ptione
2149 3049 2434 3117 insignivit.
2475 3049 2674 3103 Eodem
2705 3050 2851 3104 illum
2898 3051 3172 3106 exornavit
3209 3050 3374 3119 ipsius
3400 3048 3511 3104 fere

1938 3139 2157 3209 aequalis
2175 3137 2497 3195 Claudianus
2530 3140 2812 3195 Mamertus
2834 3141 2851 3211 (
2870 3140 3083 3195 Mamer.
3109 3182 3124 3208 ,
3152 3142 3213 3195 de
3243 3142 3391 3197 Statu
3405 3141 3517 3194 ani-

1938 3246 2054 3296 maz,
2083 3231 2169 3284 lib.
2198 3230 2252 3294 2,
2287 3230 2528 3299 capJO);
2559 3230 2745 3286 eodem
2767 3232 3085 3287 venerabilis
3107 3232 3247 3287 Beda
3270 3233 3441 3302 (Beat,
3462 3232 3516 3285 in

1948 3320 2061 3374 Vita
2095 3322 2155 3376 S.
2188 3320 2431 3393 Cuthb.);
2460 3322 2645 3376 eodem
2678 3324 2924 3391 praeclara
2942 3339 3165 3393 qumque
3193 3332 3247 3378 et
3275 3323 3503 3393 antiqui-

1938 3427 2032 3467 ora
2062 3414 2435 3482 opusculorum
2461 3414 2631 3482 ipsius
2661 3414 2769 3467 visa
2799 3414 2949 3469 nobis
2970 3415 3236 3469 volumina
3258 3414 3515 3469 decorant

1940 3514 2237 3575 augentque
2265 3506 2635 3575 Augustinum.

2008 3598 2061 3651 4.
2094 3597 2339 3651 Honestis
2364 3612 2483 3650 eum
2514 3604 2828 3665 prOgnatum
2858 3594 3171 3664 parentibus
3199 3594 3357 3649 tradit
3381 3594 3514 3649 Pos-

1938 3689 2122 3755 sidius,
2153 3688 2218 3743 de
2246 3687 2532 3742 Curialium
2560 3702 2797 3749 numero,
2832 3685 2932 3739 hoc
2972 3694 3073 3749 est,
3122 3700 3304 3739 eorum
3347 3685 3435 3754 qui
3463 3684 3517 3738 in

1940 3782 2239 3850 municipiis
2277 3781 2436 3834 curiae
2482 3779 2713 3833 officium
2754 3778 3211 3843 administrabant,
3245 3787 3298 3832 et
3340 3776 3516 3831 munia

1940 3856 2291 3942 procurabant
2318 3871 2486 3925 civilia
2510 3869 2714 3943 (Poss.,
2738 3871 2791 3922 in
2821 3869 2934 3924 Vita
2951 3869 3186 3940 August.,
3220 3885 3265 3922 c.
3300 3870 3325 3922 1
3352 3869 3390 3939 ).
3422 3867 3520 3922 Pa-

1942 3974 2021 4019 ter
2044 3965 2089 4018 ei
2116 3963 2370 4017 Patricius
2402 3962 2515 4026 fuit,
2542 3962 2815 4029 municeps
2860 3960 3197 4029 Tagastensis
3230 3958 3514 4013 admodum

1943 4056 2133 4121 tenuis,
2164 4054 2348 4123 virque
2375 4054 2551 4106 animo
2587 4052 2753 4121 magis
2778 4067 2935 4120 quam
2982 4051 3172 4120 opibus
3212 4051 3438 4120 pollens,
3465 4059 3521 4103 ut

1941 4146 2054 4216 ipse
2080 4146 2402 4215 Augustinus
2444 4160 2647 4199 summa
2676 4145 2836 4197 animi
2880 4143 3203 4198 demissione
3248 4142 3521 4197 memoria:

1941 4237 2119 4307 prodit
2145 4238 2162 4306 (
2185 4234 2415 4306 Confess.
2446 4235 2573 4288 libro
2618 4234 2672 4298 2,
2703 4250 2815 4302 cap.
2864 4235 2915 4297 5,
2965 4250 3017 4286 η.
3072 4233 3138 4303 5)
3175 4252 3187 4286 :
3219 4233 3305 4301 qui
3333 4232 3521 4287 eadem

1942 4329 2199 4384 modestia
2230 4328 2504 4391 adductus,
2533 4326 2737 4394 publica
2766 4325 2815 4378 iu
2839 4326 3094 4379 concione
3121 4326 3291 4379 fassus
3318 4333 3402 4379 est
3420 4325 3522 4378 ali—

1942 4421 2173 4491 quando,
2226 4428 2422 4473 vestem
2456 4419 2739 4487 pretiosam
2790 4416 2926 4470 forte
2950 4416 3254 4486 episcopum
3307 4416 3519 4483 decere,

1944 4513 2161 4567 minime
2190 4526 2315 4565 vero
2363 4509 2733 4578 Augustinum,
2788 4507 3053 4560 hominem
3106 4522 3413 4575 pauperem,
3457 4505 3524 4561 de

1945 4601 2264 4674 pauperibus
2304 4608 2486 4656 natum
2535 4595 3065 4668 parentibus(Serm.
3110 4596 3232 4661 556,
3291 4613 3343 4649 n.
3396 4595 3521 4665 15).

1947 4695 2073 4749 Erat
2105 4693 2335 4748 Patricio
2356 4691 2588 4744 libi-ralis
2607 4699 2659 4743 et
2687 4703 2982 4758 propensus
3002 4687 3055 4740 in
3081 4702 3266 4741 omnes
3292 4687 3519 4753 animus,

1946 4794 2000 4839 at
2029 4784 2311 4839 iracundus
2341 4783 2563 4837 multum
2594 4790 2647 4836 et
2676 4780 2841 4834 ferox.
2871 4780 2913 4833 A
2947 4779 3228 4833 christiana
3273 4779 3373 4833 fide
3400 4779 3527 4831 alie-

1948 4892 2049 4930 nus
2072 4875 2162 4930 diu
2187 4890 2307 4929 cum
2334 4873 2540 4939 fuisset,
2574 4873 2673 4927 sub
2719 4878 2957 4926 extrema
2988 4871 3107 4923 vita:
3139 4879 3370 4939 tempora
3401 4883 3527 4921 con-

1950 4984 2155 5035 versus,
2186 4983 2286 5021 una
2326 4982 2446 5021 cuiu
2490 4966 2594 5019 fide
2622 4973 2797 5018 castos
2825 4972 2877 5017 et
2905 4962 3220 5017 christianos
3246 4975 3419 5013 mores
3449 4958 3528 5013 in-

1950 5059 2344 5131 duit(Confess.
2389 5058 2513 5113 libro
2560 5057 2615 5123 9,
2645 5073 2759 5125 cap.
2803 5057 2858 5122 9,
2908 5072 2995 5108 nn.
3026 5054 3115 5119 l9,
3156 5051 3281 5122 22).
3322 5051 3527 5106 Patricii

1951 5153 2142 5223 conjux
2173 5151 2387 5206 nomine
2413 5149 2652 5203 Monnica
2680 5149 2697 5217 (
2714 5149 2790 5201 sic
2816 5148 2953 5201 enim
2981 5146 3096 5213 ejus
3117 5159 3310 5198 nomen
3338 5144 3532 5213 ubique

1952 5248 2006 5301 in
2036 5245 2266 5315 antiquis
2292 5243 2562 5299 codicibus
2586 5240 2871 5311 pingebant
2915 5234 3149 5310 librarii)
3180 5237 3532 5306 Augustinum

1953 5341 2140 5410 spiritu
2176 5354 2279 5392 non
2323 5338 2497 5391 minus
2525 5348 2682 5404 quam
2722 5347 2882 5385 carne
2925 5330 3226 5400 parturivit.
3254 5329 3443 5383 Multos
3467 5343 3533 5383 ex

1956 5429 2184 5486 Patricio
2230 5426 2438 5497 peperit
2482 5423 2679 5477 liberos
2712 5440 2724 5476 :
2756 5436 2876 5475 nam
2904 5420 3232 5490 Augustinus
3278 5419 3433 5473 matri
3468 5416 3536 5472 ad

1957 5520 2099 5575 Ostia
2130 5519 2377 5573 Tiberina
2406 5515 2619 5570 obeunti
2640 5528 2780 5567 anno
2808 5517 3182 5577 trecentesimo
3211 5510 3537 5581 octogesimo

1957 5619 2146 5666 octavo
2174 5608 2389 5663 fratrem
2411 5621 2561 5660 suum
2588 5602 2818 5658 adfuisse
2841 5612 3065 5658 testatur
3087 5601 3280 5673 (lbid.,
3311 5618 3426 5670 cap.
3446 5596 3533 5666 11,

1958 5720 2013 5757 n.
2043 5701 2111 5755 27
2130 5700 2168 5770 ).
2204 5700 2252 5754 Is
2279 5711 2438 5768 porro
2464 5710 2570 5750 non
2597 5695 2732 5750 alius
2750 5694 2957 5750 videtur
2982 5709 3014 5748 a
3034 5692 3271 5764 Navigio,
3317 5691 3403 5762 qui
3434 5706 3535 5744 una

1962 5806 2082 5849 cum
2112 5789 2406 5861 Augustino
2424 5787 2587 5842 fratre
2612 5801 2710 5842 suo
2739 5786 2972 5841 nondum
3001 5794 3310 5858 regenerato
3336 5783 3389 5837 in
3414 5780 3534 5836 villa
