3994 6352
509 413 582 474 67

1636 401 1796 470 ῩΙΤΑ
1833 413 1893 470 S.
1935 397 2302 468 AUGUSTI!"
2340 401 2668 470 EPISGOPI.

509 505 804 589 Verecundi
841 527 1060 601 degens,
1109 525 1487 598 philosophias
1531 527 1646 598 ejus
1691 525 2082 582 dissertationi-
2189 523 2332 593 qued-
2357 539 2462 580 una
2487 541 2606 582 eum
2641 526 2778 582 lacte
2800 531 2984 584 male
3003 525 3303 593 unbiberat,
3331 524 3411 581 sic
3437 525 3541 581 alte
3574 535 3762 586 tenero

507 613 605 682 bus
625 615 903 690 Intererat,
922 621 1170 676 laborans
1199 619 1382 690 splene
1399 620 1590 675 vitioso
1619 619 1734 690 (De
1749 617 1906 674 Beata
1937 617 2072 684 Vita,

509 735 594 772 nn.
627 719 682 784 7,
705 717 808 787 14)
836 731 978 785 :quo
1005 715 1144 769 haud
1170 715 1328 770 dubie
1357 725 1508 784 patre
1537 717 1828 784 procreatae
1867 711 2078 768 fuerant

506 807 607 862 illa:
635 803 911 878 Augustini
937 822 1000 861 ex
1047 805 1205 861 fratre
1233 815 1438 874 neptes,
1466 820 1583 876 qua:
1607 803 1716 858 Deo
1744 803 1938 874 pariter
1956 817 2074 858 ser-

509 899 713 956 viebant
728 897 756 968 (-
772 897 946 964 Poss.,
962 897 1016 952 in
1045 893 1162 952 Vita
1185 896 1420 966 August,
1445 913 1490 950 c.
1513 893 1584 950 26
1601 893 1642 966 ),
1669 910 1790 950 cum
1811 892 2070 964 ejusdem,

501 1002 558 1048 ut
581 991 805 1058 videtur,
833 989 998 1046 sancti
1027 989 1290 1044 Antistitis
1319 1003 1570 1059 germana
1591 1001 1794 1052 sorore,
1827 1001 1946 1057 qm:
1989 984 2070 1040 vi-

503 1083 606 1138 dua
631 1083 814 1142 relicta
845 1082 1038 1138 multos
1072 1095 1240 1136 atinas
1285 1081 1340 1136 in
1368 1079 1507 1136 diem
1555 1093 1720 1148 usque
1761 1077 1940 1134 obitus
1989 1075 2071 1134 sui

499 1177 709 1232 Christo
735 1175 973 1230 serviens
994 1172 1420 1228 ancillarumDei
1441 1169 1684 1226 εαξηοῦἱο
1707 1169 1948 1240 prtefuit(
1969 1167 2072 1220 Au-

498 1279 656 1340 gust.,
678 1267 844 1338 Epist.
886 1268 1012 1332 211,
1041 1283 1095 1320 n.
1121 1265 1159 1320 4
1178 1266 1216 1334 ).
1241 1263 1478 1320 Meminit
1503 1277 1710 1332 quoque
1749 1260 2070 1331 Augustinus

499 1361 704 1420 Palricii
734 1361 936 1431 nepotis
981 1361 1084 1427 sui,
1115 1357 1466 1430 Hipponensis
1488 1355 1738 1410 Ecclesiae
1763 1352 2070 1409 subdiaconi

497 1453 699 1523 (Serm.
718 1453 842 1516 556,
873 1469 926 1506 n.
948 1453 982 1506 '5
1001 1449 1044 1519 ),
1071 1451 1156 1508 cui
1186 1459 1238 1506 et
1265 1463 1476 1504 sorores
1499 1453 1651 1503 erant
1677 1445 1994 1514 complures,
2017 1451 2069 1500 et

496 1553 664 1597 mater
703 1543 1076 1612 pertinentium
1119 1541 1184 1595 ad
1233 1539 1473 1594 eumdem
1514 1537 1906 1607 possessionum
1941 1549 2067 1590 usu-

495 1635 802 1690 fcuctuaria.
849 1635 908 1689 In
957 1649 1056 1688 suo
1093 1631 1232 1702 apud
1277 1629 1648 1688 Verecuudum
1675 1643 1892 1684 secessu
1933 1626 2068 1682 duos

494 1727 651 1780 etiam
676 1739 706 1780 e
733 1724 1062 1779 consobrinis
1109 1722 1218 1777 suis
1260 1735 1438 1775 secum
1471 1720 1671 1786 habuit,
1702 1718 2066 1772 Lastidianum

501 1824 556 1870 et
601 1816 889 1869 Rusticum.
941 1813 1140 1868 Eadem
1185 1810 1651 1881 consanguinitatis
1679 1808 2068 1864 necessitudine

492 1906 764 1961 devinctus
791 1915 922 1960 erat-
946 1905 1239 1972 Augustino
1277 1903 1558 1958 Severinus
1587 1899 1698 1964 ille,
1748 1913 1902 1970 quem
1955 1897 2070 1967 epiz-

493 1999 626 2053 stola
655 1997 814 2052 ofﬁcii
842 2007 896 2052 et
920 1995 1189 2050 cliaritatis
1212 1995 1386 2064 plena,
1429 1994 1493 2046 ad
1525 1993 1776 2047 Ecclesiae
1791 1991 2065 2046 catholicae

493 2092 768 2154 unitatem,
813 2106 879 2148 ex
907 2087 1294 2146 Donatistarum
1334 2087 1556 2144 factione
1587 2086 1859 2142 traducere
1900 2099 2066 2142 cona-

495 2177 869 2254 batur(lt‘pisl.
919 2179 1044 2252 '52).
1093 2179 1360 2233 Libentius
1419 2177 1646 2246 denique
1691 2175 1828 2230 lii-ius
1871 2175 2065 2230 Roma;

497 2273 642 2328 niani
667 2272 806 2326 illius
822 2271 949 2324 civis
972 2269 1307 2340 Tagastensis
1327 2284 1522 2339 genere
1543 2277 1700 2338 atque
1741 2269 1928 2338 opibus
1947 2267 2066 2323 insi-

495 2365 632 2434 gnis,
665 2379 723 2417 se
751 2362 956 2428 eadem,
989 2377 1145 2430 quam
1175 2361 1514 2429 Augustinus,
1563 2360 1726 2430 stirpe
1754 2368 2062 2430 prognatum

492 2455 698 2509 videtur
733 2455 950 2507 innuere
977 2452 1178 2523 (Epist.
1205 2449 1302 2516 26,
1345 2465 1395 2504 η.
1437 2451 1528 2523 3).
1553 2443 1620 2505 At
1664 2451 1912 2506 Paulinus
1960 2467 2064 2506 uno

491 2545 786 2614 eodemque
807 2544 926 2598 loco
954 2543 1157 2608 scribit,
1189 2543 1432 2613 Alypium
1459 2543 1680 2598 Licentii
1707 2545 1920 2597 fratrem
1947 2557 2066 2598 esse

491 2638 755 2692 consortio
771 2637 1056 2706 sanguinis,
1073 2637 1418 2705 Augustinum
1433 2651 1562 2690 vero
1575 2635 1812 2706 ejusdem
1835 2637 2064 2692 inscien-

498 2727 586 2780 tiis
617 2727 922 2796 magistrum
943 2735 994 2781 et
1025 2727 1216 2796 ingenii
1237 2735 1466 2780 satorem
1509 2725 1755 2782 eiistere.
1789 2727 2062 2794 Quaniob-

491 2833 603 2873 rem
633 2818 899 2872 Licentius
925 2817 1256 2882 adolescens,
1288 2833 1392 2890 quo
1439 2819 1726 2888 impensius
1757 2819 2064 2888 praeceptori

493 2907 906 2976 adblandiretur,
937 2909 1142 2976 poetica
1194 2907 1399 2962 licentia
1441 2909 1646 2962 locutus
1672 2909 1834 2962 videri
1866 2917 2062 2978 potest,

501 3015 602 3070 qua
625 3015 1000 3068 nonnunquam
1023 2998 1177 3053 unius
1193 2997 1338 3054 urbis
1359 2999 1502 3053 cives
1533 3015 1634 3054 uno
1656 3001 1906 3072 sanguine
1947 3015 2066 3070 pro-

493 3093 636 3170 gnati
652 3091 1045 3148 dicuntur-limo
1065 3100 1186 3150 sunt
1201 3107 1316 3162 quae
1337 3091 1403 3146 de
1422 3093 1693 3162 Augustini
1710 3109 1901 3166 genere
1921 3110 2067 3148 com-

493 3184 749 3254 perimus.
781 3181 932 3252 Quod
961 3182 1026 3237 ad
1055 3183 1220 3252 ipsius
1265 3190 1490 3238 matrem
1517 3183 1812 3240 Monnicam
1853 3183 2061 3250 attinet,

493 3276 636 3334 omni
667 3275 901 3346 profecto
921 3274 1132 3346 dignam
1161 3259 1312 3329 laude
1333 3275 1628 3340 mulierem,
1656 3275 1860 3346 longior
1880 3276 1947 3330 de
1973 3276 2065 3330 illa

491 3365 844 3422 instituendus
885 3376 966 3422 est
1019 3381 1233 3433 sermo,
1287 3381 1444 3436 quam
1488 3377 1546 3422 ut
1587 3366 1690 3422 hoc
1741 3368 1856 3422 loco
1901 3369 2066 3440 possit

491 3457 892 3528 comprehendi.

1118 3590 1344 3648 CAPUT
1381 3590 1446 3647 11.

492 3697 520 3758 1
573 3701 879 3774 Augustinus
921 3703 1091 3773 infans
1132 3705 1496 3760 catechumcnis
1553 3707 1868 3761 adscribitur.
1915 3707 1950 3762 2
1995 3707 2069 3762 1η

561 3795 774 3866 pueritia
791 3795 962 3850 morbo
978 3805 1234 3866 correptus
1254 3795 1564 3868 B'aptt'smum
1609 3799 1822 3870 flagitat.
1847 3801 1880 3854 5
1903 3797 2067 3854 Deum

564 3887 803 3957 puerulus
821 3888 1037 3953 invocat,
1075 3903 1135 3940 nc
1155 3887 1208 3940 in
1229 3887 1400 3941 scltola
1445 3889 1660 3960 vapulet.
1692 3889 1727 3943 4
1765 3887 1832 3943 1η
1869 3890 2067 3946 scholas

561 3976 708 4032 datus
734 3988 786 4032 ut
813 3979 998 4033 lium-as
1023 3979 1200 4046 discat,
1231 3979 1412 4034 latinas
1433 3993 1586 4034 autat.
1611 3980 1645 4036 5
1699 3979 1902 4038 Gratcas
1938 3983 2062 4037 odit.

561 4069 840 4125 6Pucritiat
865 4071 1022 4142 ipsius
1043 4079 1230 4124 errata.

563 4184 614 4236 1.
649 4181 990 4252 Sanctissima
1036 4191 1192 4251 atque
1221 4183 1418 4250 optima
1449 4179 1643 4236 femina
1689 4200 1808 4238 cum
1841 4185 2065 4254 primum

491 4273 744 4334 infantem
772 4273 925 4328 (mixa
954 4282 1054 4340 est,
1085 4273 1214 4326 nihil
1247 4275 1419 4343 potius
1447 4275 1644 4340 habuit,
1673 4293 1829 4346 quam
1862 4287 1916 4331 ut
1941 4295 2063 4334 eum

493 4366 628 4420 inter
648 4367 1058 4420 catechumenos
1085 4365 1354 4436 signaculo
1378 4365 1552 4444 crucis
1577 4366 1770 4424 Christi
1793 4371 2068 4440 obsignan-

493 4459 638 4524 dum,
670 4467 724 4514 et
767 4460 989 4532 mystico
1031 4459 1142 4514 sale
1188 4460 1538 4514 condiendum
1565 4473 1773 4518 curaret
1801 4461 2061 4536 (Confess.

492 4549 618 4606 libro
645 4553 696 4618 l,
719 4568 832 4622 cap.
863 4551 951 4617 11,
979 4568 1032 4606 n.
1057 4549 1158 4624 17)
1193 4570 1205 4605 :
1237 4552 1327 4622 qui
1353 4553 1484 4608 ritus
1505 4555 1940 4610 catechumenum
1967 4557 2070 4612 ini-

492 4641 654 4694 tiandi
699 4642 834 4696 inter
877 4641 1143 4702 solemnes
1191 4642 1442 4712 Baptismi
1471 4645 1818 4700 czeremonias
1855 4660 2067 4716 semper

491 4739 748 4796 retentus,
783 4743 996 4788 summa.
1015 4732 1306 4788 etiamnum
1333 4733 1587 4802 religione
1627 4745 1882 4792 servatur.
1931 4735 2066 4792 Hinc

495 4831 640 4882 certe
665 4824 992 4900 Augustinus.
1017 4823 1358 4884 Christianam
1381 4826 1692 4896 religionem
1745 4829 1844 4882 sibi
1876 4844 2068 4898 pueru-

492 4913 543 4968 lo
570 4929 598 4966 a
631 4915 934 4983 parentibus
965 4914 1202 4982 insitam,
1225 4924 1278 4970 et
1300 4929 1358 4972 se
1382 4915 1725 4972 christianum
1746 4917 2064 4974 catholicum

491 5013 612 5058 ante
643 4987 800 5058 luisse
831 5005 1122 5073 proﬁtetur,
1155 5022 1310 5074 quam
1339 5005 1390 5060 in
1419 5007 1826 5062 Manichzeorum
1854 5023 2065 5064 errores

491 5093 794 5165 incidisset(
801 5093 886 5148 De
907 5093 1070 5150 Utilit.
1098 5095 1352 5162 credendi,
1384 5113 1436 5150 n.
1476 5098 1512 5150 2
1535 5096 1575 5166 ).
1599 5095 1852 5152 Audierat
1893 5099 2066 5154 adhuc

493 5201 624 5254 puer
650 5184 718 5242 de
765 5186 872 5240 vita
913 5193 1110 5242 aaterna
1161 5188 1312 5242 nobis
1343 5189 1598 5258 promissa
1631 5205 1723 5260 per
1751 5191 2064 5262 mysterium

491 5273 872 5336 lncarnationis
901 5279 1105 5334 Domini
1148 5281 1242 5335 Dei
1272 5282 1458 5346 nostri,
1509 5282 1600 5352 qui
1629 5283 1928 5351 superbiam
1967 5301 2065 5341 no-

490 5375 655 5424 stram
685 5367 982 5430 humilitate
1009 5385 1102 5428 sua
1119 5383 1398 5430 sanaturus
1420 5372 1630 5428 advenit.
1657 5372 1914 5446 (Confess.
1939 5375 2066 5430 libro

491 5459 688 5532 1,,cap.
715 5461 803 5530 11,
825 5479 878 5518 n.
911 5463 1038 5536 17).
1066 5463 1244 5536 Itaque
1269 5465 1376 5535 jam
1423 5474 1532 5520 tum
1559 5465 1810 5522 credebat
1835 5467 1886 5521 in
1916 5467 2068 5525 Chri-

489 5562 652 5622 stum,
683 5564 743 5611 ut
767 5565 820 5612 et
853 5557 969 5627 ejus
997 5567 1186 5624 mater,
1214 5565 1270 5613 et
1293 5559 1466 5616 ominis
1479 5559 1690 5628 domus,
1717 5576 1822 5616 uno
1846 5571 2067 5632 excepto

491 5653 671 5716 patre;
698 5646 849 5718 cujus
879 5648 1258 5728 tameniniqua
1285 5649 1504 5704 consilia
1531 5659 1585 5706 et
1623 5651 1954 5708 hortamenta
1980 5652 2066 5722 jus

495 5748 750 5794 maternae
767 5741 974 5810 pietatis
1001 5740 1244 5800 evincere
1267 5741 1322 5796 in
1346 5741 1462 5812 ejus
1498 5743 1674 5800 animo
1687 5761 1956 5816 nunquam
1975 5760 2067 5800 va-

493 5827 725 5918 luerunt.
782 5831 948 5888 Porro
995 5832 1366 5888 suavissimum
1428 5833 1554 5890 Jesu
1601 5835 1800 5894 Christi
1849 5850 2066 5906 nomen,

1993 6015 1998 6020 ,
2067 5999 2140 6030 4:“-

2184 617 2299 684 ejus
2313 616 2472 672 cordi
2487 617 2714 680 inuasit,
2737 625 2792 672 ut
2819 617 2964 674 nulla
2989 617 3182 672 exinde
3205 619 3544 687 quantumvis
3568 619 3756 676 facun-

2183 707 2236 761 di
2265 717 2319 764 et
2345 709 2558 778 expoliti
2581 711 2840 765 sermonis
2857 709 3115 764 lenocinia
3137 727 3260 768 eum
3283 721 3452 766 totum
3477 723 3748 781 raperent,

2181 813 2300 871 quae
2327 816 2432 856 non
2475 801 2594 871 ejus
2609 803 2842 858 neminis
2863 802 3152 860 dulcedine
3185 802 3528 858 condirentur
3551 803 3750 874 (ΗΜ,

2181 891 2310 948 am
2334 893 2387 956 δ,
2418 908 2531 963 cap.
2553 893 2610 959 4,
2637 909 2692 948 η.
2715 894 2750 950 8
2775 891 2818 964 ).

2215 1033 2220 1038 .
2249 982 2305 1038 Ξ.
2327 983 2444 1038 Hoc
2483 984 2642 1053 igitur
2668 984 2773 1042 ﬁde
2815 997 2850 1040 a
2874 984 3070 1042 teneris
3093 984 3346 1052 imbutus,
3398 984 3584 1044 nobile.
3619 987 3756 1044 illius

2177 1071 2552 1130 documentum
2581 1089 2712 1143 puer
2733 1075 2984 1144 parvulus
3005 1075 3151 1132 dedit
3169 1085 3306 1142 tum,
3335 1092 3454 1130 eum
3491 1079 3755 1134 Maelii

2178 1179 2364 1236 pressu
2383 1175 2660 1237 correptus
2677 1168 2955 1237 repentino
2973 1177 3188 1238 araque
3207 1169 3530 1232 vehementi,
3555 1179 3610 1224 ut
3633 1186 3754 1240 pro-

2177 1273 2244 1328 pe
2271 1258 2502 1314 animam
2530 1268 2746 1316 actm-us
2763 1261 3052 1328 videretur,
3077 1261 3406 1330 Baptismum
3437 1270 3634 1331 quartato
3663 1277 3756 1330 po-

2177 1351 2279 1406 tuit
2307 1349 2426 1406 ﬁdei
2442 1361 2496 1406 et
2522 1352 2714 1406 mentis
2730 1353 2920 1408 ardore
2937 1369 2967 1408 a
2989 1353 3230 1425 piissimo
3267 1363 3438 1410 matre
3463 1353 3748 1424 ﬂagitavit:

2175 1457 2298 1512 quae
2329 1441 2696 1500 festinabundu
2723 1443 2870 1500 dedit
2894 1459 3136 1514 operam,
3163 1451 3224 1498 ut
3244 1458 3397 1498 sacro
3445 1458 3608 1512 quam
3646 1446 3754 1513 pri-

2175 1547 2320 1586 mum
2344 1533 2486 1587 fonte
2512 1533 2832 1590 ablueretur.
2863 1535 3066 1592 Verum
3083 1550 3204 1594 cum
3231 1535 3432 1590 interea
3467 1536 3546 1590 vis
3571 1537 3742 1592 morbi

2175 1625 2490 1694 remisisset,
2525 1627 2742 1696 provida
2787 1627 2840 1680 in
2869 1626 3102 1682 futurum
3145 1637 3315 1682 mater
3342 1626 3667 1696 Baptismum
3696 1629 3750 1683 in

2174 1715 2314 1769 aliud
2363 1726 2565 1786 tempus
2607 1715 2956 1774 differendum
2983 1718 3208 1787 putavit;
3243 1719 3408 1772 verita
3445 1719 3644 1773 scilicet
3681 1735 3750 1774 ne

2173 1819 2269 1878 per
2301 1808 2650 1876 impendentis
2669 1809 2836 1863 aetatis
2877 1808 3136 1862 lubricum
3163 1809 3314 1866 novis
3341 1825 3398 1865 se
3421 1811 3508 1864 ille
3535 1811 3740 1865 delictis

2173 1897 2489 1968 inquinaret,
2507 1911 2762 1972 reatuque
2777 1901 2844 1956 ob
2865 1901 3110 1956 violatam
3123 1903 3366 1957 salutaris
3387 1903 3578 1958 lavacri
3625 1919 3750 1957 san-

2173 1991 2409 2045 ctitatem
2435 1992 2636 2062 majore
2661 1993 2826 2048 multo
2843 1981 3181 2062 obligaretur.
3201 1994 3508 2063 Quanquam
3525 2009 3639 2048 eam
3665 1993 3749 2046 di-

2173 2081 2422 2138 lationem
2448 2082 2588 2138 haud
2613 2084 2740 2140 satis
2764 2083 3022 2153 approbat
3039 2084 3396 2154 Augustinus:
3423 2084 3624 2150 Quanto
3646 2099 3749 2137 me-

2175 2169 2292 2236 lius,
2321 2171 2512 2242 inquit,
2535 2183 2582 2227 et
2609 2173 2709 2226 cito
2733 2189 2960 2241 sanarer,
2982 2174 3102 2227 et'id
3121 2184 3349 2244 ageretur
3369 2179 3580 2241 mecum,
3609 2191 3749 2228 meo-

2172 2279 2285 2316 rum
2313 2279 2518 2330 meaque
2535 2264 2814 2334 diligentia,
2837 2273 2890 2316 ut
2939 2273 3136 2333 recepta
3164 2265 3304 2319 salus
3323 2266 3506 2319 animae
3523 2281 3648 2318 mea:
3665 2273 3750 2318 tu-

2175 2359 2227 2406 ta
2248 2363 2371 2407 esset
2399 2354 2552 2408 tutela
2579 2365 2684 2418 tua,
2713 2354 2797 2425 qui
2837 2354 3058 2409 dedisses
3077 2371 3187 2408 eam
3207 2355 3231 2409 ?
3253 2353 3505 2427 (Confess.
3549 2356 3674 2410 libro
3697 2357 3747 2422 1,

2172 2457 2287 2514 cap.
2311 2445 2399 2510 11,
2423 2445 2606 2510 nn.l'l,
2639 2443 2728 2500 18.
2755 2444 2780 2514 )'-

2243 2535 2298 2590 ὅ.
2328 2535 2526 2594 Praeter
2550 2536 2970 2604 institutionem,
2994 2553 3150 2608 quam
3181 2537 3407 2594 habebat
3439 2540 3692 2610 Optimam
3718 2557 3748 2595 a

2173 2633 2381 2692 matre,
2411 2627 2580 2684 etiam
2603 2629 2668 2682 ab
2699 2627 3000 2682 hominibus
3030 2629 3342 2699 quibusdam
3383 2630 3502 2700 piis,
3534 2633 3586 2685 in
3617 2649 3747 2700 quos

2173 2714 2288 2785 ipse
2315 2731 2448 2785 puer
2475 2717 2690 2782 incidit,
2717 2716 2900 2772 didicit
2927 2719 3112 2786 Deum,
3154 2728 3406 2788 quantum
3435 2719 3498 2774 de
3537 2721 3628 2774 illo
3655 2738 3751 2790 pro

2173 2809 2343 2862 aetatis
2381 2818 2536 2880 captu
2579 2809 2777 2866 sentire
2819 2817 3052 2880 poterat,
3089 2828 3192 2866 esse
3231 2829 3468 2884 magnum
3501 2815 3746 2884 aliquem,

2171 2897 2260 2968 qui
2289 2910 2470 2968 posset,
2501 2899 2650 2953 etiam
2680 2917 2780 2954 non
2813 2917 3066 2971 apparens
3095 2901 3320 2956 sensibus
3347 2904 3562 2972 nostris,
3591 2922 3750 2958 exau-

2172 2993 2282 3045 dire
2307 3007 2396 3045 nos
2435 3001 2480 3046 et
2515 2992 2772 3046 subvenire
2800 2993 2957 3047 nobis.
2987 2993 3139 3049 Unde
3178 2995 3274 3048 sub
3315 2995 3424 3049 lucc
3466 2995 3629 3049 Deum
3675 2997 3751 3052 sic

2171 3084 2455 3154 alloquitur
2481 3102 2494 3138 :
2523 3083 2662 3139 Puer
2681 3085 2810 3155 coepi
2847 3101 3026 3156 rogare
3049 3096 3094 3138 te
3133 3082 3376 3140 auxilium
3413 3097 3460 3140 et
3495 3093 3751 3159 refugium

2171 3191 2373 3241 meum;
2399 3187 2443 3231 et
2467 3178 2520 3230 in
2541 3187 2674 3230 tuam
2693 3177 3054 3232 invocationem
3076 3178 3368 3247 rumpebant
3385 3178 3542 3234 nodos
3561 3179 3750 3249 lingua:

2173 3285 2326 3334 meat;
2353 3279 2398 3323 et
2421 3269 2658 3340 rogabam
2683 3280 2730 3323 te
2758 3286 2974 3340 parvus,
3013 3286 3114 3324 non
3151 3285 3304 3340 parvo
3333 3269 3551 3338 affectu,
3597 3288 3660 3324 ne
3699 3271 3750 3324 in

2172 3360 2347 3416 schola
2372 3363 2662 3432 uapularem
2692 3377 2710 3416 :
2739 3362 3066 3434 peccabamus
3091 3372 3254 3416 tamen
3276 3403 3288 3427 ,
3325 3365 3490 3416 minus
3527 3363 3750 3416 scriben-

2173 3452 2269 3518 do,
2299 3463 2386 3506 aut
2414 3453 2620 3524 legendo
2639 3494 2655 3520 ,
2691 3461 2778 3506 aut
2803 3453 3065 3524 cogitando
3091 3453 3151 3506 de
3176 3452 3350 3506 litteris
3369 3495 3382 3520 ,
3409 3469 3558 3522 quam
3581 3453 3748 3523 exige-

2175 3543 2322 3596 batur
2340 3561 2372 3596 a
2391 3545 2550 3598 nobis.
2580 3543 2701 3598 Non
2715 3543 2846 3598 enim
2869 3543 3058 3610 deerat,
3097 3541 3313 3596 Domine
3335 3586 3349 3610 ,
3395 3544 3634 3598 memoria
3677 3541 3754 3598 vel

2173 3633 2429 3706 ingenium
2455 3675 2470 3702 ,
2499 3653 2614 3705 quce
2641 3653 2730 3690 nos
2756 3635 2935 3690 habere
2963 3633 3162 3688 voluisti
3196 3651 3286 3704 pro
3319 3635 3412 3688 illa
3433 3645 3576 3688 tetate
3595 3635 3751 3700 satis;

2172 3729 2262 3784 sed
2287 3729 2558 3784 delectabat
2583 3729 2754 3784 ludere
2781 3745 2800 3783 :
2829 3737 2876 3783 et
2899 3727 3244 3782 vindicabatur
3276 3728 3328 3781 in
3359 3744 3448 3781 nos
3476 3725 3536 3779 ab
3575 3727 3643 3781 eis
3667 3727 3752 3795 qui

2175 3823 2297 3876 talia
2320 3823 2491 3894 utique
2531 3824 2762 3894 agebant.
2805 3823 2910 3877 S‘ed
2953 3823 3204 3894 majorum
3247 3837 3394 3892 nugae
3429 3822 3624 3892 negotia
3664 3837 3750 3874 vo-

2173 3923 2383 3978 cantur;
2423 3901 2694 3982 puerorum
2721 3923 2886 3966 autem
2919 3913 3042 3966 (alia
3081 3929 3192 3966 cum
3237 3911 3364 3976 sint,
3409 3912 3684 3981 puniuntur
3721 3929 3752 3964 α

2173 4005 2468 4076 majoribus.
2511 4005 2787 4060 Peccabam
2816 4005 3046 4076 faciendo
3084 4013 3258 4057 contra
3285 4009 3533 4074 praecepta
3571 4019 3752 4072 paren-

2175 4107 2351 4152 tumet
2377 4098 2729 4168 magistrorum
2755 4095 2980 4151 illorum.
3023 4093 3264 4151 Poteram
3291 4096 3422 4157 enim
3445 4103 3612 4164 postea
3635 4093 3755 4148 bene

2175 4192 2248 4245 uti
2273 4191 2470 4256 litteris,
2497 4209 2622 4263 quas
2659 4191 2886 4244 volebant
2913 4199 2964 4242 ut
2985 4191 3224 4244 discerem
3248 4203 3554 4259 quocumque
3581 4189 3752 4240 animo

2173 4284 2250 4338 illi
2271 4285 2384 4337 mei.
2413 4281 2532 4338 Non
2557 4283 2688 4336 enim
2713 4281 2919 4336 meliora
2949 4281 3153 4352 eligens,
3177 4267 3464 4333 inobediens
3485 4295 3640 4344 eram,
3663 4278 3752 4332 sed

2172 4393 2345 4430 arnore
2370 4375 2572 4432 ludendi
2596 4373 2778 4450 (Ibid.,
2800 4391 2916 4444 cap.
2947 4373 3002 4438 9,
3045 4390 3134 4428 nn.
3161 4371 3247 4441 14,
3278 4371 3376 4438 15;
3405 4388 3519 4443 cap.
3559 4369 3625 4426 10
3645 4411 3660 4437 ,
3695 4387 3748 4425 n.

2175 4469 2300 4540 16).

2242 4562 2298 4616 4.
2329 4559 2564 4630 Uterque
2597 4573 2788 4630 parens
2817 4571 2938 4612 eum
2969 4555 3262 4611 litterarum
3289 4555 3513 4626 peritum
3543 4569 3662 4610 esse
3688 4569 3752 4610 ac

2173 4655 2413 4723 ingenuis
2459 4651 2745 4724 expolitum
2791 4653 3024 4714 artibus,
3065 4651 3408 4706 vehementer
3461 4649 3749 4718 Cupiebat:

2177 4755 2328 4816 pater
2352 4743 2597 4814 quidem,
2626 4741 2766 4814 quod
2795 4741 2887 4798 Dei
2910 4743 3288 4813 propemodum
3317 4743 3614 4806 immemor,
3640 4741 3756 4796 ina-

2173 4835 2259 4890 nia
2299 4837 2396 4891 sibi
2424 4836 2491 4892 dc
2519 4837 2624 4890 ﬁlio
2664 4837 3032 4906 polliceretur;
3069 4843 3238 4890 mater
3275 4850 3434 4898 vero,
3478 4833 3618 4903 quod
3657 4833 3754 4887 do-

2173 4929 2355 4984 ctrina:
2383 4939 2540 4998 atque
2565 4927 2883 4998 Optimarum
2921 4928 3112 4980 artium
3148 4923 3315 4980 studia
3347 4925 3624 4995 plurinnnn
3651 4924 3752 4992 ipsi

2173 5019 2238 5074 ad
2273 5021 2433 5074 Deum
2466 5017 2862 5086 adipiscendmn
2909 5017 3202 5088 adjmnenti
3249 5017 3491 5072 crederet
3527 5015 3752 5069 allatura

2174 5107 2371 5180 (Ibid.,
2399 5105 2484 5160 lib.
2513 5107 2575 5172 2,
2608 5123 2720 5176 cap.
2749 5107 2814 5172 '5,
2841 5123 2894 5160 η.
2927 5105 3014 5178 8).
3048 5107 3378 5176 Quapropter
3416 5119 3533 5166 cum
3557 5105 3752 5174 ingenii

2172 5199 2252 5252 sui
2280 5199 2545 5267 specimen
2576 5197 2682 5251 cito
2724 5197 3069 5266 praebuisset,
3121 5197 3482 5264 ludimagislro
3529 5193 3753 5250 traditus

2175 5296 2284 5354 est,
2333 5288 2516 5357 primis
2544 5287 2862 5342 imbuendus
2897 5287 3188 5342 litterarum
3228 5284 3534 5351 elementis,
3561 5285 3754 5355 quibus

2173 5381 2419 5436 videlicet
2437 5379 2616 5450 legere
2632 5389 2687 5436 et
2706 5381 2938 5436 scribere
2953 5394 3013 5432 ac
3031 5393 3308 5432 numerare
3324 5375 3544 5432 discitur
3564 5375 3749 5447 (Ibid.,

2175 5471 2262 5526 lib.
2295 5471 2348 5540 1,
2378 5487 2492 5541 cap.
2521 5471 2584 5538 9,
2632 5488 2685 5526 η.
2717 5467 2816 5544 14)
2848 5489 2859 5523 :
2892 5478 3051 5539 atque
3077 5467 3166 5522 ubi
3201 5484 3295 5538 per
3333 5477 3542 5522 salutem
3573 5465 3750 5535 licuit,

2172 5561 2449 5618 Madanras
2481 5562 2706 5616 vicinam
2737 5561 2950 5625 urbem,
2981 5559 3286 5613 litteraturae
3321 5567 3477 5628 atque
3505 5557 3748 5613 oratoriae

2173 5654 2303 5710 artis
2329 5653 2680 5724 percipienda:
2709 5653 2874 5722 gratia
2901 5651 3092 5704 missus
3121 5659 3202 5704 est
3233 5647 3416 5720 (Ibid,
3445 5649 3532 5702 lib.
3554 5647 3608 5712 2,
3633 5665 3750 5719 cap.

2173 5744 2241 5814 5,
2273 5763 2326 5799 n.
2357 5743 2442 5818 5).
2477 5743 2672 5800 Verum
2702 5741 3041 5798 deterrebant
3067 5739 3188 5796 inde
3213 5741 3446 5795 animum
3473 5739 3641 5808 pueri,
3673 5739 3751 5792 in-

2173 5836 2330 5908 genio
2370 5835 2494 5892 licet
2543 5850 2606 5890 ac
2651 5836 2908 5893 memoria
2947 5831 3312 5904 praevalentis,
3347 5829 3519 5887 insita:
3567 5829 3748 5901 primis
