3994 6352
209 332 271 393 σθ
694 340 698 345 ‘
734 378 737 382 .
1112 364 1115 367 »
1584 313 1785 373 LIBER
1823 311 1828 366 l

1941 305 2089 369 W5.

1887 422 2155 497 singulare
2204 428 2295 481 aut
2338 432 2375 473 a
2414 414 2638 486 vulgatis
2678 424 2959 483 [uteremur
3004 403 3238 468 erunibus
3275 405 3466 465 utiliori

1888 530 2012 579 rens
2033 553 2048 579 ,
2081 512 2227 585 quod
2248 526 2344 567 nos
2368 516 2680 564 remoretur.

212 452 499 509 litteram
522 442 837 510 mdimentis
854 438 1222 501 difﬁcilium;
1255 433 1349 491 sed
1382 432 1449 487 ab
1492 430 1599 485 illis
1640 443 1779 498 prae—

214 542 425 605 sertim,
458 541 519 601 in
548 537 741 609 quibus
780 531 1085 599 scribendi,
1126 527 1334 599 legendi
1378 534 1431 579 et
1472 519 1787 578 numerandi

213 642 473 705 pra:pr
500 630 798 693 traduntur,
831 627 945 695 ipse
981 622 1137 679 valde
1153 618 1508 682 abhorrebat;
1546 611 1793 683 quamvis

348 724 519 785 multo
544 721 666 790 plus
691 717 932 773 utilitatis
974 714 1198 769 aHerant
1223 751 1235 775 ,
1282 721 1586 778 quamquae
1617 704 1786 757 hone-

215 818 395 879 stiores
417 823 476 868 et
500 811 774 871 uberiores
800 809 988 863 litterae
1005 811 1251 875 putantur
1279 799 1435 873 (Ibid.
1449 839 1464 864 ,
1488 796 1576 851 lib.
1600 796 1650 860 l,
1671 810 1783 863 cap.

218 908 301 970 15,,
325 923 414 959 nn.
444 904 536 967 ΞΟ,
555 902 673 971 Ἥ.)
704 901 890 955 Postea
919 906 1092 951 tamen
1122 909 1241 949 cum
1268 907 1333 947 ex
1363 890 1444 947 bis
1467 884 1790 945 difficultati-

216 998 311 1055 bus
331 995 678 1057 emersisset,
706 992 970 1059 aliquanto
998 985 1343 1056 propensiore
1372 978 1547 1037 studio
1585 976 1652 1030 ad
1677 974 1793 1029 lati-

220 1106 307 1145 nas
328 1090 533 1143 litteras
562 1086 795 1140 animum
818 1081 1053 1151 appulit,
1085 1093 1181 1133 seu
1203 1075 1344 1145 quod
1371 1075 1487 1142 jam»
1507 1069 1629 1125 inde
1656 1083 1687 1122 a
1718 1075 1796 1121 te-

225 1183 363 1245 neris
387 1178 686 1250 unguiculis
710 1177 847 1229 inter
884 1171 1167 1227 arridentis
1194 1167 1413 1223 nutricis
1443 1161 1794 1219 blandimenta

304 1281 597 1340 utcumque
629 1267 861 1327 imbutus
904 1270 1081 1327 esset,
1112 1276 1209 1319 seu
1250 1256 1391 1327 quod
1432 1262 1709 1324 poetarum
1744 1250 1795 1302 in

226 1364 400 1434 primis
426 1362 784 1421 delectaretur
813 1355 1076 1425 ﬁgmentis
1096 1394 1109 1418 ,
1139 1350 1455 1417 fabulisque,
1485 1344 1675 1412 quibus
1703 1354 1799 1395 no-

224 1454 465 1511 bilissimi
493 1454 689 1522 quique
714 1451 968 1505 Bouiania:
994 1446 1185 1513 linguae
1212 1449 1456 1495 auctores
1484 1436 1646 1490 libros
1674 1446 1800 1491 suos

224 1554 546 1617 sparserunt.
580 1541 793 1597 Didonis
823 1547 1047 1593 mortem
1074 1549 1176 1588 non
1217 1535 1333 1591 sine
1361 1526 1610 1595 lacrymis
1648 1523 1801 1581 lecti-

226 1640 391 1698 tabat,
418 1646 471 1691 et
498 1636 598 1688 hac
636 1632 734 1691 sibi
785 1629 1009 1683 lectione
1036 1620 1279 1679 interdici
1305 1620 1511 1674 tulisset
1536 1612 1800 1669 molestis-

226 1730 374 1783 sime.
399 1726 501 1791 Qui
525 1733 702 1777 autem
730 1721 807 1775 eis
832 1719 991 1787 rebus
1012 1714 1392 1777 delectabatur,
1423 1709 1546 1762 licet
1571 1705 1668 1758 hoc
1691 1703 1804 1771 ipso

228 1820 415 1881 miser,
458 1816 526 1870 ob
572 1814 672 1867 hoc
715 1822 899 1865 tamen
937 1809 1089 1862 bonae
1118 1805 1229 1873 spei
1278 1816 1408 1871 puer
1443 1796 1807 1869 appellabatur

230 1909 411 1979 (ibim,
440 1923 553 1975 cap.
584 1903 665 1967 16,
696 1920 747 1955 η.
771 1901 885 1970 ‘26).
919 1897 1051 1963 Quid
1073 1897 1227 1959 enim,
1258 1894 1350 1959 ait,
1381 1890 1607 1945 miserius
1630 1888 1807 1941 misero

233 2017 338 2054 non
360 2000 617 2051 miserante
639 2009 693 2046 se
715 1993 902 2060 ipsum,
936 1999 980 2042 et
1006 1989 1155 2057 ﬂente
1182 1983 1398 2037 Didonis
1432 1989 1639 2035 mortem
1658 2018 1673 2044 ,
1699 1989 1811 2045 qua:

230 2090 384 2159 ﬁebat
404 2086 615 2139 ornando
648 2082 903 2144 zEneam;
936 2097 1033 2132 non
1054 2079 1201 2147 ﬂente
1226 2085 1390 2132 autem
1414 2080 1621 2127 mortem
1645 2083 1807 2133 suam,

232 2199 343 2251 quia
369 2181 513 2247 [iebat
536 2195 636 2231 non
664 2173 882 2230 amando
909 2183 973 2237 te,
998 2170 1135 2224 Deus
1176 2170 1342 2223 lumen
1380 2166 1546 2222 cordis
1588 2163 1721 2217 mei?
1746 2160 1815 2215 Et

236 2285 407 2328 tamen
461 2272 584 2333 inde
610 2270 682 2322 il.i
726 2265 1119 2325 acclaniabaulr
1168 2262 1223 2318 in
1262 2262 1442 2317 schola
1484 2274 1591 2329 prie
1632 2256 1815 2310 multis

237 2366 520 2425 coxnttieis
548 2371 602 2418 et
628 2357 1021 2427 condiscipulis.
1054 2354 1173 2410 Non
1204 2366 1249 2409 te
1270 2353 1499 2406 amabam
1524 2359 1569 2403 et
1594 2349 1815 2417 fornica-

233 2462 322 2513 bar
349 2459 437 2512 abs
466 2467 549 2522 te,
582 2464 623 2511 et
654 2451 924 2522 [ornicanti
950 2448 1157 2505 sonabat
1185 2448 1418 2516 undique,
1451 2443 1612 2513 Euge,
1654 2439 1814 2509 Euge.

237 2552 470 2607 Amicitia
517 2548 649 2605 enim
698 2545 879 2599 mundi,
916 2543 1069 2612 hujus
1114 2540 1377 2613 fornicatio
1418 2547 1484 2590 est
1525 2536 1612 2588 abs
1651 2542 1731 2597 te;
1776 2539 1820 2585 et

238 2644 396 2712 Euge,
430 2640 578 2711 Euge
606 2640 823 2702 dicitur,
868 2644 923 2695 ut
966 2634 1183 2702 pudeat,
1230 2633 1273 2685 si
1319 2647 1420 2684 non
1465 2631 1537 2683 ita
1574 2628 1720 2680 homo
1757 2624 1823 2677 sit

238 2734 561 2804 (Ibidqlcap.
588 2732 675 2795 15,
699 2746 749 2785 η,
773 2728 871 2790 ‘21;
899 2738 1013 2793 cap.
1042 2727 1133 2791 17,
1163 2741 1215 2777 η.
1241 2721 1355 2791 27).

308 2822 627 2887 ὃηίῖωηθιεὶ
674 2833 803 2875 vero
836 2816 1013 2873 Graeci.
1039 2816 1380 2872 texeudarum
1414 2810 1703 2865 fabularum
1735 2820 1824 2874 pe-

242 2919 485 2979 rilissiuti
508 2916 635 2975 sint.
660 2913 726 2966 ab
752 2912 815 2964 iis
840 2921 1019 2969 tamen
1046 2910 1235 2978 lingua:
1263 2906 1424 2975 ipsius
1451 2900 1825 2972 perrgririimte

242 3010 548 3079 longissime
572 3004 964 3061 abalieuuhatur
983 3046 997 3070 ,
1030 3013 1084 3058 et
1114 3004 1396 3057 Homerum
1424 3012 1630 3067 quoque
1649 3035 1662 3058 ,
1700 2993 1829 3062 lepi-

241 3103 326 3157 dis
353 3098 703 3155 licetdeliriis
732 3096 940 3155 animos
967 3096 1342 3156 oblectantem,
1377 3104 1591 3158 prorsus
1620 3099 1830 3152 respue-

244 3197 351 3249 bat.
384 3193 555 3247 vais
581 3189 872 3245 terroribus
907 3202 971 3243 ac
1009 3187 1176 3256 prunis
1227 3185 1510 3254 urgebatur
1555 3193 1687 3247 puer
1710 3218 1724 3242 ,
1772 3184 1832 3229 ut

245 3301 448 3358 gneus
473 3285 684 3339 litteras
708 3280 1040 3336 condisceret
1070 3294 1084 3332 :
1117 3277 1209 3334 sed
1239 3288 1357 3331 cum
1383 3275 1433 3326 in
1460 3288 1520 3326 ea
1550 3286 1606 3323 re
1626 3310 1639 3333 ,
1673 3282 1829 3337 quam

248 3382 365 3453 quis
392 3380 596 3433 invitus
625 3376 754 3445 agit,
800 3390 984 3442 parum
1015 3372 1272 3443 proficiat,
1309 3369 1450 3421 hisce
1483 3362 1673 3418 litteris
1702 3359 1832 3413 levi-

254 3484 336 3528 ter
362 3473 631 3527 imbutum
663 3484 719 3522 se
743 3467 904 3524 fuisse
924 3468 1117 3522 fatetur
1146 3462 1489 3534 Augustinus.
1519 3456 1681 3525 Hujus
1706 3467 1837 3523 quo-

250 3579 357 3635 que
377 3564 582 3629 lingtur.
605 3558 805 3634 inopia,
836 3575 897 3617 se
925 3574 1114 3614 suosve
1141 3554 1423 3626 pupillares
1453 3548 1731 3603 Africanos
1762 3544 1838 3598 le—

251 3665 443 3733 gendis
464 3664 620 3716 libris
638 3671 713 3713 ne.
730 3656 904 3710 divina
931 3650 1188 3705 Trinitate
1208 3660 1381 3716 gmccc
1418 3639 1626 3707 scriptis
1667 3637 1837 3704 impa-

255 3726 343 3809 res
375 3754 539 3807 fuisse
568 3765 673 3803 non
708 3742 1002 3800 dissimulat
1028 3739 1128 3810 (De
1154 3738 1357 3797 Trinit.,
1390 3732 1475 3787 lib.
1508 3732 1561 3794 5,
1589 3746 1636 3781 n
1668 3726 1741 3798 l).
1764 3726 1838 3779 Ea

259 3855 439 3899 tatuen
466 3840 946 3910 quantulacumque
975 3831 1130 3901 graeci
1163 3825 1423 3881 set-munis
1454 3822 1653 3881 notitia,
1681 3832 1838 3888 quam

261 3938 360 3991 sibi
388 3938 822 4003 comparaverat,
855 3939 1024 3994 usque
1062 3922 1191 3975 adeo
1219 3918 1440 3973 feliciter
1470 3928 1594 3968 usus
1621 3920 1700 3965 est
1725 3951 1738 3975 ,
1787 3917 1844 3962 ut

262 4028 367 4081 nisi
394 4027 505 4093 ipse
532 4040 633 4092 pro
650 4023 825 4074 innata
848 4015 1105 4070 modestia
1133 4012 1245 4081 ejus
1276 4026 1333 4063 se
1361 4007 1546 4061 rudem
1574 4002 1844 4072 professus

266 4127 421 4173 esset
442 4158 454 4179 ,
482 4116 663 4169 litteris
691 4112 879 4182 graecis
906 4109 1144 4178 apprime
1170 4104 1407 4159 eruditus
1442 4098 1604 4151 videri
1643 4095 1847 4165 potuis-

265 4223 370 4267 set.
403 4211 533 4266 Nam
561 4209 685 4278 legit
710 4202 989 4275 Epiphanii
1024 4194 1477 4255 Cotnmeutarium
1520 4190 1587 4242 de
1627 4186 1846 4241 haeresi-

266 4307 389 4369 bus,
430 4312 525 4359 aut
565 4277 708 4355 certe
746 4294 1063 4352 breviarium
1110 4292 1255 4357 ejus,
1309 4283 1539 4338 nondum
1592 4277 1851 4332 latinitate

269 4396 548 4449 donatum.
580 4389 774 4444 Deinde
820 4386 1043 4439 aliorum
1092 4369 1304 4433 Patrum
1351 4383 1644 4443 graecorum
1688 4367 1852 4420 libros

273 4486 558 4556 pervolvit,
582 4500 613 4536 e
665 4481 855 4551 quibus
882 4472 1181 4530 testimonia
1206 4484 1309 4523 non
1340 4480 1502 4535 pauca
1531 4458 1856 4531 deprompsit

271 4580 535 4632 adversus
558 4573 855 4627 hzereticos.
882 4568 1116 4635 Denique
1138 4562 1322 4616 crebra
1347 4569 1636 4628 gramarum
1666 4564 1854 4603 vocum

274 4670 667 4740 interpretatio,
699 4681 816 4735 qua:
849 4661 1039 4732 passim
1082 4656 1131 4709 iu
1160 4655 1275 4723 ejus
1308 4648 1575 4719 opusculis
1606 4643 1854 4704 occurrit,

275 4779 335 4817 ac
356 4759 712 4830 complurium
739 4754 1022 4821 Scriptura:
1052 4749 1291 4802 locorum
1321 4758 1385 4795 ex
1411 4738 1689 4793 collatione
1715 4732 1860 4788 codi-

274 4870 400 4909 cum
426 4863 725 4923 gmecorum
753 4860 871 4899 cum
894 4841 1069 4895 latinis
1089 4834 1369 4895 restitutio,
1398 4832 1715 4884 documento
1742 4837 1863 4878 esse

276 4954 529 5016 possunt,
562 4938 911 5008 Augustinum
939 4930 1077 4985 haud
1108 4930 1176 4982 ita
1204 4924 1538 4980 mediocriter
1562 4932 1735 4989 graece
1761 4913 1863 4968 sci-

278 5040 445 5093 visse.

354 5130 411 5182 6.
438 5125 617 5179 Vitam
644 5121 731 5174 illa
760 5124 917 5171 aetate
944 5128 1092 5168 suam
1126 5107 1361 5180 agnoscit
1399 5103 1539 5175 justa
1578 5098 1866 5169 reprehen-

280 5224 440 5277 sione
466 5233 574 5270 non
603 5214 838 5269 caruisse
864 5252 876 5274 ,
901 5206 1112 5278 quando
1141 5202 1388 5257 nimirum
1418 5199 1471 5252 in
1498 5195 1755 5250 vanitates
1793 5189 1869 5245 fe-

283 5321 509 5375 rebatur
538 5323 590 5369 et
626 5327 654 5365 a
690 5311 802 5364 Deo
830 5322 927 5361 suo
967 5305 1075 5359 ibat
1103 5301 1274 5365 iuras;
1319 5297 1406 5366 qui
1448 5293 1614 5361 magis
1655 5287 1871 5342 timebat

283 5406 681 5464 barbarismum
724 5400 930 5461 facere,
958 5410 1113 5464 quam
1158 5390 1375 5445 cavebat
1417 5400 1520 5438 non
1562 5378 1871 5435 facientibus

284 5500 573 5555 invidere:
602 5509 664 5547 ac
700 5488 1039 5545 nihilominus
1080 5485 1132 5537 in
1176 5475 1497 5551 ejuscemodi
1538 5471 1723 5527 studiis
1761 5468 1871 5521 lau-

283 5594 524 5649 dabatur
547 5589 614 5643 ab
642 5586 735 5652 iis,
764 5582 952 5653 quibus
982 5580 1191 5649 placere
1215 5617 1230 5640 ,
1260 5583 1383 5627 tunc
1412 5576 1525 5624 erat
1551 5566 1622 5619 illi
1654 5564 1874 5616 lumeste

285 5687 497 5741 vivere.
523 5679 638 5736 Non
660 5674 898 5747 praeterit
925 5670 1133 5726 silentio
1158 5665 1251 5722 Vir
1278 5674 1492 5719 sanctus
1530 5665 1719 5715 cetera
1748 5669 1877 5724 pue-

284 5780 434 5836 ridae
458 5790 573 5835 sua
594 5746 774 5831 errata
801 5786 818 5827 :
841 5780 1025 5825 verum
1048 5760 1182 5819 nihil
1209 5756 1369 5814 habet
1404 5756 1456 5809 in
1484 5752 1570 5807 his
1596 5746 1879 5803 admodum

3396 288 3470 351 ἠ

2520 598 2740 657 CAPUT
2782 595 2863 653 Ill.

1895 700 1923 753 ι
1957 697 2222 753 Madam'is
2250 695 2453 749 domum
2479 691 2745 760 remigret,
2776 688 2932 755 ibique
2957 701 3045 754 per
3074 697 3259 737 annum
3288 679 3471 739 abuti»

1968 790 2065 843 diis
2093 789 2319 858 feriatur.
2353 784 2389 839 2
2417 782 2501 838 Ea:
2535 783 2635 839 otio
2672 782 2725 835 in
2751 776 3013 837 luxuriam
3032 773 3225 833 ϋιιὶάὶι.
3258 772 3297 829 5
3320 768 3471 822 Furti

1970 895 2075 932 sese
2099 877 2345 945 astringit.

1974 973 2024 1025 lt.
2061 970 2183 1024 Haec
2212 968 2320 1023 fere
2347 974 2499 1029 sunt,
2542 962 2661 1032 qum‘
2687 961 2752 1016 de
2776 975 2834 1015 se
2869 959 2989 1028 ipso.
3022 956 3182 1011 refert
3218 950 3468 1021 Augusti-

1900 1078 1999 1117 nus
2039 1060 2104 1114 ad
2153 1074 2347 1113 annum
2388 1071 2553 1125 usque
2582 1053 2846 1107 decimum
2882 1050 3119 1118 quintum
3151 1052 3474 1109 exeuntem,

1904 1157 2004 1209 hoc
2027 1163 2129 1219 est,
2159 1166 2326 1220 usque
2354 1149 2420 1203 ad
2456 1147 2739 1202 litterarias
2768 1144 2954 1205 ferias,
2988 1150 3048 1196 ut
3081 1139 3297 1209 quidem
3335 1136 3479 1190 videc

1905 1256 2025 1309 tur,
2075 1246 2200 1299 anui
2246 1241 2598 1297 trecentesimi
2642 1236 2957 1307 sexagesimi
3000 1233 3146 1289 noui.
3187 1231 3333 1285 Tunc
3372 1228 3478 1281 Ma-

1911 1337 2090 1393 dauris
2118 1336 2393 1404 Tagasmm
2418 1346 2667 1389 reversus
2686 1330 2949 1391 decimum
2979 1335 3183 1381 sextum
3205 1321 3375 1377 aetatis
3395 1336 3483 1374 an-

1914 1445 2060 1494 num,
2086 1428 2171 1495 qui
2200 1433 2458 1494 reparatae
2487 1422 2670 1476 salutis
2696 1429 2815 1474 erat,
2839 1417 3238 1473 trecentesimus
3272 1420 3484 1480 septua-

1907 1520 2167 1588 gesimns,
2204 1518 2254 1570 in
2287 1526 2505 1584 paterna
2545 1513 2702 1567 domo
2734 1508 3019 1577 traiisegit,
3066 1504 3373 1560 intermisso.
3392 1514 3485 1571 per

1908 1613 1959 1666 id
1995 1621 2204 1679 tempus
2230 1609 2521 1664 studiorum
2552 1620 2736 1667 cursu,
2770 1602 2893 1657 dum
2926 1595 3305 1667 longinquioris
3333 1607 3484 1661 pene-

1912 1704 2221 1774 grinatioitis
2248 1710 2489 1769 sumptus
2508 1704 2837 1769 pararentur.
2866 1692 3122 1746 Patricius
3142 1690 3291 1747 enim.
3306 1687 3486 1756 glorim

1916 1798 2005 1850 lilii
2052 1796 2304 1865 cupidus,
2347 1803 2505 1862 atque
2528 1790 2707 1843 animo
2747 1786 2916 1855 magis
2958 1799 3112 1853 quam
3158 1780 3351 1835 divitiis
3376 1778 3489 1847 pol-

1914 1890 2029 1943 lens
2048 1930 2061 1953 ,
2091 1904 2212 1943 eum
2244 1885 2530 1941 academite
2553 1877 2954 1948 Carthaginensi
2982 1874 3293 1930 destinabat.
3324 1871 3489 1923 Nemo

1910 1992 2040 2037 tunc
2070 1980 2355 2036 Patricium
2380 1994 2482 2032 non
2513 1978 2751 2045 impense
2781 1970 3023 2027 laudabat
3048 2008 3061 2031 ,
3089 1965 3229 2037 quod
3254 1972 3492 2031 sumptus

1919 2076 2027 2129 lilio
2051 2072 2379 2128 necessarios
2407 2069 2474 2123 ad
2501 2064 2937 2138 prosequendum
2958 2060 3149 2115 tlissita.
3173 2057 3257 2109 illa
3286 2056 3336 2107 in
3364 2054 3494 2107 urbe

1918 2165 2210 2220 studiorum
2236 2158 2555 2215 curriculum
2584 2197 2597 2221 ,
2632 2169 2789 2223 supra
2820 2166 2976 2221 quam
3004 2147 3319 2202 domesticae
3345 2152 3492 2212 pate-

1918 2264 2106 2310 rentur
2130 2252 2440 2316 facultates,
2483 2248 2684 2317 prolixe
2720 2242 3096 2311 suppeditaret.
3137 2237 3316 2305 Neque
3355 2235 3495 2287 enim

1920 2348 2061 2401 ullus
2087 2361 2118 2399 e
2138 2340 2642 2409 communicipibus,
2667 2352 2731 2390 eo
2761 2335 2914 2402 longe
2948 2329 3396 2399 opulentioribus,
3431 2323 3497 2377 ad

1922 2438 2205 2491 liberorum
2232 2432 2401 2488 studia
2432 2426 2784 2499 promovenda
2807 2431 3006 2477 tantum
3028 2435 3171 2473 cura:
3193 2428 3352 2485 atque
3374 2430 3500 2483 ope—

1924 2544 1996 2581 ra:
2023 2525 2344 2580 conferebat.
2376 2521 2570 2576 Verum
2606 2533 2709 2573 non
2740 2513 2957 2583 perinde
2984 2510 3241 2563 sollicitus
3266 2516 3417 2570 erat,
3438 2514 3497 2558 ut

1927 2617 2063 2669 ﬁlius
2090 2631 2185 2685 pro
2210 2612 2378 2665 astatis
2414 2621 2697 2679 progressu
2722 2604 2774 2657 in
2818 2602 2911 2657 Dei
2952 2599 3141 2654 timore
3185 2596 3501 2665 proﬁceret,

1928 2709 2334 2773 castitatemque
2360 2702 2578 2755 coleret.
2610 2697 2663 2751 ld
2694 2712 2851 2749 unum
2875 2690 3180 2761 spectabat,
3213 2698 3273 2742 ut
3304 2687 3394 2741 ille
3426 2685 3505 2741 di-

1932 2809 2107 2857 sertus
2130 2799 2377 2853 evaderet
2398 2838 2411 2862 ,
2442 2804 2598 2864 atque
2627 2792 2690 2845 ad
2719 2787 3139 2861 persuadendum
3179 2782 3469 2837 concinnus
3487 2812 3503 2845 ,

1931 2894 2191 2962 perfectus
2219 2899 2273 2943 et
2312 2889 2500 2957 politus
2533 2884 2780 2957 (Confusa.
2820 2880 2909 2934 lib.
2944 2879 3012 2941 2,
3054 2894 3166 2946 cap.
3204 2876 3275 2940 ὃ,
3320 2884 3373 2925 u.
3404 2870 3497 2938 5.).

1932 2983 2098 3050 Quid,
2127 2980 2268 3049 quod
2301 2994 2419 3032 cum
2455 2977 2600 3029 illum
2641 2990 2703 3027 ex
2736 2969 3026 3041 prudentia:
3056 2976 3109 3020 et
3150 2958 3510 3019 inausumudi—

1934 3076 2016 3127 nis
2040 3072 2349 3141 praescripto
2386 3067 2657 3121 moderata
2691 3063 2969 3117 severitate
3011 3071 3257 3111 coercere
3301 3064 3510 3109 tenere-

1936 3178 2051 3233 tur,
2086 3168 2228 3219 laxas
2260 3164 2312 3215 in
2344 3161 2479 3215 ludis
2508 3168 2563 3213 et
2591 3153 2991 3211 oblectamentis
3017 3150 3250 3202 habenas
3278 3144 3353 3199 illi
3396 3158 3514 3210 per-

1938 3232 2198 3321 mittebat,
2229 3264 2283 3309 et
2305 3254 2547 3305 libertate
2570 3246 2887 3313 licentiaque
2916 3242 3051 3293 ultra
3080 3238 3291 3292 modum
3312 3232 3516 3291 indulta

1939 3352 2097 3407 variis
2123 3364 2244 3402 cum
2271 3343 2642 3409 ell'renatisque
2660 3336 3033 3406 cupiditatibus
3047 3333 3425 3399 obsequentem
3441 3324 3516 3378 si-

1940 3446 2099 3500 nebat
2128 3444 2181 3496 in
2206 3452 2444 3511 prmceps
2465 3433 2632 3502 abripi
2656 3429 2841 3503 (Ibid,
2864 3444 2916 3481 η.
2941 3426 3015 3496 8).

2014 3536 2068 3589 2.
2253 3532 2366 3584 ιιωο
2408 3528 2497 3581 ille
2523 3533 2790 3593 tempora,
2819 3518 3012 3589 quibus
3047 3514 3114 3569 ab
3155 3512 3300 3571 omni
3337 3507 3518 3563 schola

1942 3626 2163 3684 feriatus
2187 3624 2295 3678 otio
2321 3618 2595 3675 difﬂuebat
2614 3657 2626 3680 ,
2669 3613 2823 3668 foedae
2848 3606 3075 3664 libidinis
3110 3606 3325 3660 aculeos
3355 3616 3519 3668 expe-

1945 3721 2079 3784 riri,
2131 3725 2184 3772 et
2248 3707 2693 3783 quemadmodum
2764 3704 2876 3758 fere
2935 3699 3301 3753 adolescentes
3367 3690 3522 3745 otiosi

1944 3826 2168 3876 omnes,
2196 3805 2523 3878 tyrannicam
2569 3798 2850 3867 voluptatis
2893 3794 2999 3863 pati
3039 3791 3365 3846 servitutem.
3396 3785 3523 3850 Quae

1948 3903 2159 3975 quidem
2186 3900 2349 3968 spinae
2380 3894 2552 3949 subito
2580 3894 2950 3945 excrescenles
2991 3890 3149 3952 caput
3188 3881 3304 3948 eius
3344 3887 3526 3930 exces-

1951 4002 2135 4049 serunt
2168 4010 2182 4046 :
2213 4006 2311 4044 nec
2339 3995 2453 4042 erat
2478 3984 2683 4039 medica
2719 3995 2906 4035 manus
2947 3992 3059 4046 quas
3095 3975 3214 4028 illas
3254 3969 3524 4025 evelleret.

1952 4090 2063 4145 Imo
2091 4094 2239 4157 pater
2282 4083 2449 4136 filium
2484 4079 2617 4132 forte
2658 4077 2710 4129 in
2754 4072 2955 4127 balneis
2997 4067 3332 4135 compicatus
3368 4059 3531 4129 pube—

1954 4189 2187 4235 scentem
2210 4218 2224 4244 ,
2257 4173 2406 4244 quasi
2433 4186 2498 4225 ex
2542 4168 2656 4239 ejus
2685 4164 2929 4233 conjugio
2958 4168 3179 4229 nepotes
3222 4155 3367 4209 brevi
3412 4160 3531 4219 spe-

1956 4279 2098 4325 raret
2119 4311 2131 4335 ,
2172 4242 2222 4321 id
2251 4242 2504 4319 lllonnicae
2528 4259 2765 4329 gaudens
2790 4250 3059 4307 indicavit.
3088 4248 3200 4302 Non
3230 4247 3299 4299 ita
3331 4242 3531 4312 pridem

1958 4361 2373 4418 catechumenos
2414 4360 2529 4409 erat
2574 4349 2833 4406 Patricius
2869 4364 2881 4398 :
2930 4353 2983 4399 at
3018 4358 3156 4423 uxor
3188 4342 3302 4407 ejus
3341 4337 3534 4405 pietate

1957 4451 2295 4526 provectiOr,
2346 4447 2411 4501 ad
2457 4448 2569 4499 haec
2614 4439 2965 4510 trepidatione
3017 4450 3079 4488 ac
3119 4434 3310 4487 timore
3351 4435 3535 4481 sancto

1963 4560 2216 4603 concussa
2264 4540 2526 4603 exsilivit,
2572 4536 2736 4591 verita
2789 4532 2991 4589 scilicet
3030 4542 3096 4581 ne
3143 4531 3320 4579 rueret
3359 4519 3539 4574 adole—

1963 4653 2117 4693 scens
2142 4637 2190 4688 in
2221 4632 2435 4702 flagitia.
2464 4629 2595 4682 llinc
2622 4642 2741 4681 eum
2771 4629 3071 4677 scvocatum
3108 4614 3381 4669 admonuit
3420 4625 3538 4664 cum

1966 4727 2316 4785 sollicitudine
2339 4720 2558 4792 ingenti,
2585 4728 2640 4771 ut
2656 4717 2721 4770 ab
2741 4713 2984 4770 obscenis
3002 4706 3289 4772 amoribus,
3314 4702 3541 4757 maxime

1967 4831 2139 4875 autem
2166 4818 2234 4872 ab
2259 4791 2413 4869 alieni
2446 4810 2547 4866 tori
2568 4792 2849 4862 violatione
2877 4803 3206 4857 abhorreret.
3240 4798 3307 4849 At
3336 4795 3433 4846 hos
3454 4791 3543 4844 ille

1968 4912 2233 4977 monitus,
2271 4914 2415 4961 certe
2445 4919 2474 4956 a
2505 4902 2614 4956 Deo
2640 4899 2737 4968 ipsi
2768 4912 2861 4967 per
2885 4894 3159 4948 mulierem
3199 4887 3383 4947 datos,
3424 4897 3543 4935 mu-

1969 5003 2164 5058 llebres
2185 4997 2480 5067 reputabat,
2510 4991 2698 5062 quibus
2715 4988 3082 5054 obtemperare
3109 4978 3419 5049 probrosum
3447 4972 3545 5026 sibi

1972 5110 2089 5150 esse
2113 5094 2349 5146 duceret.
2377 5088 2540 5140 Tanta
2561 5081 2799 5136 caecitate
2830 5078 2935 5129 ibat
2960 5075 3013 5126 in
3042 5081 3297 5139 praeceps,
3325 5073 3381 5118 ut
3410 5064 3549 5117 inter

1973 5194 2269 5242 coaetaneos
2297 5178 2489 5248 flagitia
2520 5190 2611 5229 sua
2639 5172 2808 5242 palum
2832 5166 3153 5236 jactitantcs,
3188 5167 3243 5214 et
3266 5158 3337 5212 de
3360 5156 3462 5209 illis
3484 5166 3551 5207 eo

1977 5277 2281 5348 procacibs,
2328 5286 2431 5340 quo
2470 5264 2636 5334 magis
2676 5257 2993 5331 propudiosa
3034 5260 3185 5309 erant
3228 5250 3546 5320 gloriantes,

1976 5369 2199 5425 minoris
2236 5379 2356 5420 eum
2398 5355 2671 5414 dedecoris
2712 5366 2861 5406 reum
2912 5363 3029 5402 esse
3072 5344 3295 5416 puderet
3324 5357 3339 5394 :
3368 5345 3422 5394 ct
3460 5335 3552 5391 ubi

1979 5464 2192 5524 deerat,
2220 5471 2324 5527 quo
2360 5445 2813 5523 proﬂigatissimus
2842 5454 3081 5512 quosque
3118 5435 3454 5504 adaequaret,
3487 5442 3555 5482 ne

1980 5568 2086 5623 quo
2113 5519 2307 5603 casti-0r
2336 5519 2390 5597 et
2418 5536 2750 5594 innocentior
2768 5573 2785 5601 ,
2823 5548 2888 5588 eo
2925 5529 3179 5600 abiectior
3204 5534 3256 5579 et
3286 5522 3438 5577 vilior
3465 5519 3545 5572 ha.

1987 5613 2234 5706 beretur,
2281 5635 2411 5691 illud
2458 5632 2599 5689 idcm
2635 5641 2845 5698 quoque
2873 5639 2932 5680 se
2968 5619 3296 5677 commisisse
3333 5613 3561 5681 llugchat

1985 5734 2168 5811 (tum,
2193 5701 2278 5786 nn.
2310 5730 2363 5796 ’ῖς
2394 5727 2472 5798 8);
2516 5721 2727 5779 Murum
2761 5729 2977 5775 suorum
3020 5711 3237 5781 sordes,
3277 5705 3333 5764 in
3369 5701 3559 5777 quibus
