1997 3176
121 129 151 160 73
688 129 691 132 ”
822 128 915 161 LIBEli

972 128 1077 161 tutus.
1187 130 1189 132 '
1724 115 1773 170 74'-

123 200 146 225 iu
165 197 272 233 publica
295 198 539 229 conetone,'quam
562 190 718 227 Carthagine
738 191 842 221 habuit.
864 192 915 218 las-

122 250 164 271 sis
181 246 225 271 est
238 249 269 271 se
283 240 509 277 hacpotissimum
525 239 552 267 in
571 239 636 267 urbe
649 238 744 266 malam
759 238 865 265 duxisse
879 238 917 265 vi-

123 295 191 323 tam,
212 287 350 323 fuisseque
364 286 506 322 aliquando
519 286 599 314 exiis
625 293 692 320 quos
717 285 782 312 dicit
799 285 915 319 Aposto-

126 336 164 362 lus
185 335 283 363 stultos
306 339 333 362 et
356 333 517 364 incredulos,
533 337 561 360 et.
577 331 611 359 ad
633 339 712 359 omne
726 338 791 365 opus
815 331 914 358 bonum

123 381 251 416 mprobos
263 380 370 416 (Enarr.
385 379 412 407 in
425 379 498 406 Psal.
512 378 556 410 '56,
570 386 644 405 serm.
657 378 686 411 5,
698 386 724 403 tt.’
744 375 796 412 19).

155 429 180 456 5.
202 429 328 454 Attamen
340 427 371 452 iis
385 425 604 459 concupiscentite
618 424 739 450 sordibus
752 422 913 457 inquinatus,

123 475 229 509 elegans
245 478 324 508 atque
340 472 455 499 urbanus
471 471 624 497 adolescens
639 469 720 495 \idet'i
737 468 856 501 volebat,
871 467 914 494 itt—

122 523 167 548 sita
186 519 312 547 nimirum
326 517 415 544 virtuti
436 515 631 551 pulchritudine
648 518 728 545 tanta,
747 517 775 540 ut
793 513 838 548 qtti
855 520 914 540 cam

124 566 230 592 minime
246 564 354 595 colunt,
371 562 428 597 ejus
448 562 562 595 speciem
584 568 637 594 prze
656 568 684 586 se
709 559 777 586 ferre
796 558 913 585 omnium

124 612 235 638 maxime
250 609 376 636 ambiant.
395 607 487 634 Fwdtts
501 611 574 641 atque
587 606 738 635 inhonestus,
754 603 848 638 inquit,
863 603 914 629 elc-

123 667 181 684 aans
191 661 213 683 et
228 656 339 682 urbanus
351 662 402 680 esse
414 653 546 689 gestiebant
558 651 697 677 abundanti
709 649 817 675 t-anilate
828 648 912 683 (Conf.

123 688 163 730 lib.
173 704 199 735 3,
210 711 270 737 cap.
284 703 310 734 l,
323 710 348 727 n.
366 701 400 735 l).
412 688 474 726 litat
487 704 557 725 certe
570 697 601 724 ad
618 704 722 723 omnem
737 695 914 722 urbanitatem

123 749 214 776 natura
228 747 403 781 compositus.
417 745 535 779 adeoque
552 748 605 769 tmn
621 743 698 768 ctiam
712 748 771 767 cum
786 740 914 775 eloqueu-
927 743 930 746 ’

123 796 163 821 tim
183 792 310 822 studebat
333 791 502 824 Carthagine,
519 789 587 822 turpi
611 788 671 814 licet
697 794 788 813 amore
810 789 911 820 captus,

123 839 268 867 honestatis
284 838 370 865 cultor
387 837 558 864 nihilominus
578 835 735 861 habebatur.
749 833 830 867 Cujus
843 835 916 859 extat

122 886 223 912 illustre
241 883 424 911 testimonium
443 881 576 908 Viuecntil
597 880 665 914 apud
685 878 805 905 eamdem
819 877 914 905 civita-

123 938 174 958 tent
188 929 385 964 liogalistarum
400 927 526 962 episcopi,
543 927 567 952 in
584 926 615 952 iis
630 925 723 951 litteris
737 930 801 959 quas
814 923 846 950 ad
860 923 914 949 Att-

123 977 255 1012 gusliuum
265 975 318 1010 jam
335 974 432 1009 pariter
443 973 595 1007 episcopum
605 971 686 1001 dedit,
700 970 744 996 ubi
752 977 813 997 eum
827 968 915 996 laudat

124 1024 150 1049 iu
163 1023 222 1049 inec
233 1021 310 1048 verba
322 1029 328 1046 :
341 1019 403 1047 Cum
415 1019 506 1054 optime
517 1017 625 1044 noverim
636 1021 657 1043 te
669 1018 741 1051 longe
748 1015 830 1042 adhuc
840 1023 855 1041 α
865 1015 917 1049 ﬁde

123 1068 258 1094 christiana
271 1066 418 1101 sepositum,
433 1070 455 1091 et
469 1064 558 1091 studiis
571 1064 630 1090 olim
640 1063 752 1090 deditum
764 1062 914 1094 litterarum,

122 1114 209 1147 quietis
233 1117 255 1138 et
277 1111 417 1138 honestatis
440 1110 517 1144 fuisse
536 1110 656 1135 cultorth
680 1108 772 1142 (Inter
795 1107 914 1143 August.,

123 1158 203 1193 Epist.
219 1158 263 1190 93,
277 1166 305 1183 η.
317 1157 374 1191 Si).
391 1156 468 1182 Enim
482 1162 545 1182 vero
556 1161 608 1180 non
620 1154 654 1180 ita
670 1154 795 1188 pudorem
807 1156 917 1180 exuerat

122 1204 289 1235 adolescens,
306 1207 334 1228 ιιι
349 1209 414 1236 vago
428 1209 488 1228 cttnt
502 1208 532 1227 ac
547 1200 697 1234 promiscuo
712 1206 802 1226 amore
817 1198 914 1233 passim

122 1248 296 1276 cantatniuari
311 1248 422 1279 liberet;
434 1246 480 1273 sed
496 1245 612 1280 profecto
625 1246 650 1271 in
667 1244 839 1271 immoderata
854 1243 915 1270 libi-

122 1296 181 1323 dine
191 1295 335 1331 quemdam
346 1293 452 1321 modum
467 1293 559 1326 tenuit,
571 1300 602 1319 eo
613 1296 763 1323 contentus,
778 1290 848 1325 quod
860 1293 915 1316 tum

123 1342 147 1368 in
161 1336 272 1367 homine
293 1339 410 1367 nondum
433 1338 603 1365 Christianam
626 1337 780 1371 religionem
796 1334 916 1371 professo

123 1386 191 1413 haud
211 1385 367 1412 indecorum
383 1384 535 1411 videretur:
552 1383 596 1409 uni
617 1382 747 1417 siquidem
762 1380 916 1408 concubinae

122 1431 273 1464 adhmreus,
293 1431 342 1458 tori
358 1430 435 1457 [idem
452 1429 489 1456 illi
506 1436 557 1456 non
572 1429 698 1463 imparem
712 1427 841 1463 conjugaii
859 1433 916 1454 ser-

123 1478 211 1504 vabat.
231 1478 313 1511 Quam
335 1477 421 1511 printo
432 1484 500 1502 anno
512 1483 566 1501 suae
581 1474 649 1508 apttd
662 1473 846 1508 Carthaginem
861 1480 917 1507 pera

123 1523 295 1560 egrinationis
316 1527 497 1556 assumptam,
521 1521 626 1547 nonnisi
655 1520 795 1547 Mediolani
821 1526 915 1554 passus

121 1576 161 1596 e~t
175 1578 189 1596 λ
205 1578 235 1596 se
252 1569 360 1601 divelli,
376 1576 436 1594 cum
457 1567 489 1594 ad
505 1574 613 1593 uxorem
630 1566 777 1592 ducendam
798 1565 915 1591 animum

121 1615 273 1649 adjecisscl.
288 1613 336 1641 Illa
349 1621 409 1640 vero
423 1613 448 1639 in
461 1613 574 1638 Africam
587 1619 691 1638 reversa
705 1615 837 1645 perpetua:
852 1615 916 1636 con-

121 1661 239 1687 tinentia:
253 1664 316 1686 voto
330 1667 359 1686 se
368 1658 507 1685 obstrinxit
516 1657 598 1693 (Conf.
611 1657 652 1684 lib.
662 1657 688 1688 6,
699 1665 756 1692 cap.
767 1657 809 1689 l5,
821 1656 914 1692 71.25).

121 1708 170 1732 Sua
186 1705 364 1732 nihiiotnintts
388 1704 541 1731 infelicitate
555 1703 739 1738 expetit-batur
754 1703 915 1739 Augustinus

119 1751 182 1785 quid
195 1751 230 1777 sit
240 1750 402 1777 discriminis
413 1750 481 1776 inter
493 1757 596 1776 sacrum
608 1749 721 1783 coajugii
735 1749 830 1781 itedus,
845 1748 915 1783 quod

120 1797 221 1824 sobolis
235 1796 412 1831 suscipiendtc
427 1804 505 1823 causa
520 1796 616 1828 ittilttr,
632 1800 657 1822 ct
674 1794 805 1822 libidinosi
817 1795 915 1821 amoris

120 1849 238 1878 pactum,
254 1843 301 1870 ubi
317 1843 404 1878 proles
414 1843 493 1869 etiatn
505 1845 596 1869 contra
614 1846 752 1876 parentum
764 1845 853 1867 votum
867 1848 915 1867 tta—

119 1890 212 1922 scitur,
229 1888 416 1925 quamvisjam
431 1893 491 1915 nata
505 1888 544 1915 vel
558 1888 591 1914 ab
601 1888 688 1914 ittvilis
700 1890 816 1914 amorem
828 1889 916 1914 extor-

119 1940 210 1970 queat.

155 1979 184 2008 ὅ.
205 1982 283 2008 Anno
297 1989 352 2009 sua:
366 1979 392 2007 in
407 1980 476 2007 dicta
491 1980 554 2007 urbe
569 1979 785 2014 peregrinationis
797 1979 863 2006 forte
874 1986 917 2006 sc—

119 2027 211 2054 cundo
224 2027 327 2054 sustulit
340 2034 373 2053 cx
388 2034 417 2053 ca
434 2026 526 2058 lilium,
541 2026 582 2052 cui
596 2033 692 2051 nomen
707 2025 753 2051 luit
766 2023 914 2051 Adeodato.

118 2073 190 2098 Nam
204 2072 287 2107 ipsum
301 2080 371 2099 antto
383 2071 569 2098 trecentesimo
589 2070 785 2105 septuagesimo
800 2069 916 2096 secundo

121 2121 217 2143 natum
231 2125 290 2144 esse
301 2138 308 2148 ,
322 2117 453 2144 decimum
467 2120 587 2143 octavum
602 2116 686 2142 :t-tatis
707 2118 805 2141 almum
822 2118 917 2149 agente

121 2162 282 2196 Augustino,
295 2162 338 2189 vel
352 2169 385 2189 cx
396 2169 428 2189 eo
439 2165 552 2195 constat,
566 2161 634 2196 quod
647 2168 716 2187 anno
731 2160 917 2187 trecentesimo

119 2208 288 2243 octogesimo
304 2208 417 2242 septimo
433 2215 484 2241 qtto
499 2207 561 2242 ipsis
585 2206 755 2233 l‘aschalibus
776 2205 849 2233 feriis
869 2204 918 2232 fuit

118 2253 205 2280 sacris
221 2253 375 2281 eltrislianis
391 2253 517 2283 initiatus,
533 2259 661 2278 annorum
676 2257 731 2279 erat
745 2251 829 2278 fcrmc
842 2251 918 2285 quin-

117 2300 205 2327 decim
223 2298 316 2335 (Ibid,
332 2298 374 2324 lib.
386 2298 412 2329 9,
424 2307 480 2334 cap.
493 2298 519 2329 ϐ,
535 2307 560 2324 n.
580 2297 633 2332 li).

152 2343 179 2373 5.
190 2345 356 2381 Augustinus
367 2345 432 2371 nihil
441 2345 466 2371 itt
475 2352 534 2371 eum
546 2344 687 2370 contulisse
699 2351 737 2375 se,
748 2348 843 2378 prmter
853 2343 918 2370 deif-

116 2394 190 2419 rtum
203 2391 337 2427 agnoscit.
345 2390 444 2417 Verum
451 2390 584 2424 prmclaris
591 2397 649 2416 eum
656 2390 731 2416 donis
738 2389 918 2416 cumulaverat

115 2438 188 2466 Dens
198 2458 206 2471 ,
224 2443 250 2464 ct
267 2437 334 2463 adeo
350 2436 461 2471 pratcoci
477 2436 604 2463 ditaverat
617 2435 720 2470 ingenio
731 2455 737 2467 ,
749 2439 776 2461 ut
785 2434 916 2461 dccimtttn

115 2489 244 2518 quartum
253 2483 437 2510 autdecintum
445 2483 564 2517 quintum
574 2489 670 2508 annum
680 2485 768 2516 agetis,
779 2482 917 2516 permultis

114 2529 244 2563 gravibus
258 2531 286 2555 et
295 2525 381 2555 doctis
392 2528 455 2554 viris
463 2528 516 2562 jam
529 2533 581 2554 tttm
595 2528 774 2554 antecelleret.
786 2527 843 2554 Jatn
856 2527 917 2553 inde

115 2575 151 2601 ab
164 2582 240 2601 anno
260 2573 449 2601 trecentesimo
466 2573 629 2607 octogesimo
648 2578 722 2599 sexto
737 2572 843 2607 optima:
860 2572 916 2607 spei

116 2629 185 2655 puer
192 2619 263 2655 patri
273 2619 419 2647 videbatur.
430 2619 496 2645 Eum
503 2618 534 2645 ad
544 2618 645 2646 erudita
655 2619 696 2644 illa
708 2618 849 2652 colloquia,
858 2625 916 2653 qnze

115 2675 180 2693 cum
193 2665 290 2693 amicis
306 2665 402 2692 habere
416 2668 598 2696 consueverat,
612 2664 666 2698 jam
683 2670 737 2690 tum
751 2664 913 2691 admittebat.

115 2713 244 2747 Cumque
256 2710 399 2746 aliquando
411 2715 574 2746 qttrcreretur
586 2731 592 2742 ,
608 2710 728 2745 quisnam
750 2709 831 2736 Deum
846 2709 872 2737 itt
888 2717 916 2736 se

116 2757 284 2790 psmider'et,
300 2758 328 2784 et
342 2764 416 2783 suam
431 2757 543 2791 quisque
562 2763 642 2791 super
660 2763 689 2782 ea
711 2762 740 2783 re
758 2748 923 2782 scntentiatn‘

114 2803 295 2836 protulisset;
307 2801 487 2837 pronuntiavit
498 2801 649 2828 Adeodatus
659 2808 797 2834 cumesse,
807 2801 851 2836 qui
863 2802 915 2836 spi-

115 2849 202 2876 ritum
224 2847 391 2876 immundum
414 2855 466 2874 non
483 2848 599 2875 haberet.
623 2849 697 2883 Quod
717 2850 915 2884 pronuntiath

244 2893 359 2925 Sacr.
381 2895 520 2925 Aunus-1'.
537 2896 558 2926 i.

972 192 1090 221 Munnica
1100 196 1233 229 responsis
1243 196 1354 224 alierum
1364 198 1482 226 omnium
1493 192 1759 235 prietulit.‘Quaérenti
1773 199 1778 211 ³

970 238 1097 272 postridie
1114 240 1263 274 Augustino
1280 242 1493 276 explanationem
1510 244 1580 273 illius
1599 247 1737 274 sententia:
1749 268 1757 280 ,

969 292 1048 319 quam
1066 282 1180 314 fortasse
1202 288 1338 322 aliquanto
1356 290 1491 318 sereniore
1503 295 1530 318 et
1541 292 1692 327 purg‘atiorc
1704 293 1759 327 spi-

969 331 1021 358 ritu
1032 339 1097 366 puer
1109 333 1220 361 dixisset
1235 343 1241 360 :
1257 333 1285 362 lc
1298 335 1359 362 mihi
1371 336 1476 369 videtur,
1490 338 1636 372 respondit.
1648 338 1760 365 immun~

969 377 1028 403 dum
1044 378 1160 413 spiritum
1176 374 1225 406 nim
1238 380 1338 414 habere,
1347 382 1389 416 qui
1402 387 1469 409 caste
1483 383 1550 410 vivit.
1569 382 1635 411 Cum
1650 384 1760 413 instare!

969 428 1045 458 pater
1056 445 1062 455 ,
1079 430 1157 460 quem
1170 423 1270 453 castum
1284 432 1391 455 vocaret
1400 449 1406 460 ,
1421 432 1516 456 eumne
1530 429 1574 464 qui
1589 429 1652 457 nihil
1663 431 1759 465 pecca-
1771 432 1775 434 “

969 473 1019 501 ret,
1034 477 1066 496 an
1079 470 1123 504 qui
1142 470 1175 497 ab
1190 471 1281 499 illicito
1302 477 1403 500 tantum
1418 474 1559 502 concubitu
1574 479 1736 509 temperaret
1751 484 1758 503 :

969 515 1111 548 Quomodo,
1131 516 1222 551 inquit,
1237 523 1321 545 castus
1334 524 1413 554 potest
1426 526 1488 554 esse,
1504 521 1547 556 qui
1558 522 1589 548 ab
1599 521 1759 548 illicito‘tant-

968 565 1019 587 tum
1032 562 1163 588 concubitu
1174 563 1299 591 abstinens
1313 573 1382 597 sese,
1400 566 1497 593 caeteris
1511 567 1619 601 peccatis
1630 575 1680 593 non
1694 561 1761 594 deii-

968 606 1004 633 nit
1018 607 1146 643 inquinari
1151 609 1163 635 .’
1178 607 1228 636 Ille
1244 615 1280 637 est
1297 618 1352 638 vere
1366 617 1460 645 castus,
1478 612 1522 647 qui
1542 612 1624 639 Deu'm
1643 611 1759 646 attendit,

968 656 990 678 et
1002 652 1035 678 ad
1045 652 1127 686 ipsum
1137 654 1218 680 solum
1231 662 1258 681 se
1270 659 1343 682 tenet.
1356 656 1431 689 Quod
1443 657 1589 692 Augustino
1601 657 1639 685 sic
1650 658 1758 693 placuit,

968 701 996 723 ttt
1015 697 1145 732 ipsissima
1161 700 1236 733 pueri
1257 699 1335 728 verba
1350 702 1536 735 perscribenda
1557 704 1688 731 censuerit
1709 703 1760 738 (De

967 742 1047 769 Beata
1067 744 1127 777 vita,
1142 753 1185 771 mt.
1202 745 1245 778 η,
1260 745 1313 782 18).
1325 745 1450 774 Testatur
1470 748 1578 782 pariter,
1601 755 1632 775 ea
1653 752 1712 784 qua:
1732 749 1759 775 in

968 787 1037 814 libro
1056 788 1090 816 de
1109 788 1232 824 Magistro
1253 790 1405 819 inseruntur
1426 799 1458 819 ex
1483 793 1611 821 Adeodati
1635 799 1759 828 persona,

969 834 1039 862 illius
1049 841 1126 862 sensa
1138 843 1197 863 esse
1208 837 1307 869 omnia,
1316 838 1436 871 quamvis
1450 843 1503 865 tum
1512 839 1642 866 decimum
1654 844 1758 866 sextum

968 879 1136 907 solummodo
1158 888 1256 908 annum
1280 886 1379 917 ageret.
1402 883 1483 910 Addit
1504 884 1577 918 plura
1606 892 1635 912 se
1657 885 1683 911 in
1710 885 1760 912 hoc

970 932 1052 959 puero
1062 925 1237 954 admiratione
1245 926 1364 962 digniora
1377 932 1526 963 expertum,
1539 930 1642 964 sibique
1654 930 1759 957 ltorrorl

968 972 1049 999 fuisse
1064 971 1132 999 illius
1145 973 1279 1008 ingenium
1293 973 1301 1007 (
1313 973 1386 1010 Conf.
1399 974 1441 1001 lib.
1458 974 1484 1006 9.
1496 983 1553 1010 cap.
1566 974 1592 1007 ϐ,
1607 983 1633 1002 n.
1646 975 1700 1009 lt).
1713 975 1761 1002 Sa-

968 1022 1106 1044 cramento
1124 1019 1334 1053 regenerationis
1352 1019 1470 1047 initiatus
1492 1025 1533 1047 est
1555 1024 1609 1047 tlna
1628 1024 1687 1047 cum
1705 1022 1761 1048 Λιι-

968 1063 1074 1097 gustiuo
1085 1066 1170 1098 patre,
1182 1064 1226 1098 Qui
1238 1063 1321 1091 lilium
1336 1064 1385 1092 sibi
1401 1064 1426 1091 in
1439 1065 1522 1100 gratia
1533 1064 1632 1093 Christi
1643 1070 1760 1093 comvuht

968 1108 994 1135 itt
1008 1108 1161 1136 sacietatem
1170 1113 1301 1144 suscepta:
1314 1117 1328 1136 a
1344 1117 1373 1137 se
1383 1111 1443 1137 vitae
1453 1111 1592 1138 sanctioris
1609 1112 1761 1146 assumpsit,

968 1162 1021 1190 quo
1041 1163 1101 1183 eum
1119 1155 1270 1183 christiana:
1291 1155 1438 1190 disciplina:
1463 1157 1603 1191 praeceptis
1626 1157 1709 1192 magis
1731 1164 1763 1183 ac

968 1200 1052 1235 magis
1067 1199 1206 1227 imbueret.
1222 1200 1351 1228 Monuicze
1364 1201 1487 1229 morienti
1506 1201 1575 1236 apud
1594 1201 1667 1229 Ostia
1682 1201 1762 1229 Tibe-

968 1246 1025 1273 rina
1041 1245 1124 1273 adluit
1138 1246 1290 1274 Adeodatus
1303 1256 1309 1273 :
1325 1255 1441 1282 cumque
1458 1248 1501 1274 illa
1516 1255 1668 1283 supremum
1683 1248 1763 1283 spiri—

969 1296 1023 1318 tum
1044 1291 1202 1325 el‘liavissct,
1226 1293 1366 1327 repentino
1379 1292 1480 1321 doloris
1493 1293 1593 1329 impetu
1607 1294 1764 1322 etclamavlt

968 1337 996 1364 in
1009 1338 1158 1372 planctum;
1182 1339 1229 1367 sed
1247 1340 1389 1367 astantium
1411 1341 1499 1368 verbis
1519 1341 1608 1368 statim
1630 1341 1763 1368 coercitus

969 1384 1050 1410 tacuit
1063 1383 1156 1420 (Μαίη
1168 1389 1225 1420 cap.
1241 1385 1284 1418 l2,
1296 1394 1323 1412 η.
1336 1385 1393 1421 29).
1414 1386 1583 1422 Remigrante
1603 1387 1630 1414 in
1647 1386 1764 1414 Africam

969 1433 1043 1464 patre
1058 1428 1160 1464 trajecit
1176 1435 1282 1465 quoque
1296 1429 1364 1457 illius
1380 1439 1386 1457 :
1403 1430 1447 1458 ltic
1458 1431 1587 1466 siquidem
1604 1436 1692 1465 partes
1702 1439 1764 1458 suas

968 1475 1081 1503 sustinet
1095 1475 1122 1503 in
1145 1475 1212 1503 libro
1222 1475 1256 1503 de
1270 1476 1406 1511 Magistro,
1426 1485 1505 1512 quem
1525 1477 1551 1504 in
1574 1477 1662 1505 Africa
1682 1477 1765 1505 edidit

969 1521 1139 1555 Augustinus.
1152 1521 1228 1548 illum
1246 1522 1272 1549 in
1290 1522 1466 1550 adolescentia
1477 1522 1546 1550 ccelo
1554 1522 1608 1557 jam
1619 1525 1764 1555 maturam,

971 1567 1048 1594 terris
1063 1570 1222 1601 prmmature
1237 1567 1308 1594 Deus
1323 1561 1441 1594 abstulit.
1457 1567 1523 1595 iliuc
1538 1572 1630 1602 pater:
1646 1567 1766 1595 Securior

970 1620 1037 1645 eum,
1048 1613 1142 1647 inquit,
1151 1613 1278 1646 recordor,
1287 1617 1337 1640 non
1346 1613 1434 1640 timens
1443 1613 1580 1648 quidquam
1588 1614 1711 1648 pueritia,
1721 1619 1767 1640 nec

968 1657 1156 1689 adolescentim,
1181 1666 1227 1684 nec
1251 1658 1352 1684 omnino
1374 1658 1470 1685 homini
1493 1658 1532 1685 illi
1553 1658 1721 1694 (Ibid.,cap.
1735 1658 1764 1691 6,

969 1712 997 1730 η.
1010 1702 1071 1739 M);
1085 1703 1155 1738 quod
1168 1702 1270 1730 scilicet
1289 1703 1362 1730 illum
1383 1704 1498 1739 suscapti
1519 1704 1690 1739 Baptisnatis
1703 1712 1765 1732 san-

970 1748 1088 1776 ctitalcm
1102 1755 1237 1784 nunquam
1254 1748 1378 1781 violasse,
1394 1749 1483 1776 animo
1497 1753 1641 1783 reputaret.

1291 1816 1404 1846 CAPUT
1424 1816 1455 1845 V.

970 1874 982 1900 l
1000 1873 1154 1909 Augustinus
1170 1879 1241 1909 patre
1252 1873 1355 1901 orbatus
1368 1874 1446 1901 alitur
1460 1874 1612 1910 Carthagine
1623 1874 1764 1909 sumptibus

1003 1920 1102 1952 nutris,
1110 1925 1134 1946 et
1142 1928 1189 1955 ope
1196 1920 1359 1946 Romaniani.
1368 1920 1386 1946 2
1396 1920 1470 1947 Lecto
1477 1920 1604 1947 Ciceronis
1615 1920 1639 1947 Η
1642 1922 1761 1952 orantia,

1004 1966 1134 2001 sapientia!
1155 1966 1237 1993 studio
1256 1965 1407 1993 incenditur.
1429 1966 1447 1993 3
1461 1959 1609 2000 Scriptura:
1627 1974 1713 1993 sacra:
1731 1968 1763 1993 ob

1004 2010 1176 2038 demissiorem
1189 2010 1276 2038 stilum
1285 2012 1392 2047 fastidit.
1408 2011 1426 2039 4
1437 2012 1578 2039 Aristotelis
1588 2012 1726 2047 categorias
1739 2017 1762 2039 ct

1005 2065 1092 2084 omnes
1110 2062 1177 2084 artu
1192 2058 1306 2085 liberale:
1318 2063 1407 2093 tuopte
1424 2058 1526 2093 ingenia
1541 2059 1655 2094 percipit.

1012 2113 1036 2141 1.
1057 2114 1115 2142 Jam
1138 2113 1200 2141 inde
1212 2113 1246 2140 ab
1259 2121 1329 2140 anno
1341 2114 1427 2141 aetatis
1443 2121 1499 2141 suae
1511 2113 1616 2141 decimo
1630 2114 1743 2149 septimo
1755 2124 1772 2146 ε·

971 2162 1015 2197 qui
1030 2161 1136 2197 quidem
1150 2160 1363 2187 numerabatura
1378 2162 1500 2194 reparata
1514 2160 1599 2187 salute
1609 2160 1764 2187 trecentesi-

973 2214 1032 2234 ntus
1045 2206 1255 2242 septuagesimus
1268 2204 1379 2240 primus,
1395 2204 1557 2239 Augustinus
1568 2209 1641 2239 patre
1654 2205 1772 2232 orbatus'

973 2257 1030 2281 erat
1045 2261 1051 2279 :
1070 2258 1193 2286 magnum
1211 2250 1370 2277 adolescenti
1383 2250 1519 2283 damnum,
1538 2257 1590 2285 quo
1603 2250 1630 2277 in
1645 2255 1772 2286 apertatn'

972 2299 1132 2331 studiorum,
1147 2301 1227 2331 atque
1237 2296 1304 2323 adeo
1316 2295 1491 2329 fortunarum,
1499 2295 1628 2330 jacturam
1635 2295 1766 2324 adductus

971 2353 1032 2372 esse
1051 2343 1197 2371 videbatur.
1224 2341 1348 2369 Attamen
1366 2341 1439 2377 (qum
1459 2346 1517 2369 erat
1535 2342 1663 2370 Monuica:
1682 2343 1765 2371 animi

973 2389 1142 2426 magnitudo)
1162 2394 1248 2416 mater
1262 2389 1287 2416 in
1301 2388 1347 2416 ﬁlii
1362 2389 1495 2424 profectus
1515 2389 1629 2417 sollicite
1644 2389 1744 2417 intenta
1757 2411 1765 2422 ,

971 2437 1046 2464 illum
1068 2435 1163 2471 quibus
1183 2434 1268 2470 potuit
1280 2434 1366 2462 modis
1375 2434 1537 2470 Carthagine
1552 2435 1624 2462 alere
1637 2436 1772 2469 ρει-δεῦε-»

972 2483 1038 2509 ravit
1055 2490 1061 2509 :
1078 2481 1192 2516 indeque
1204 2481 1249 2508 ille
1263 2481 1390 2508 maternis
1405 2480 1573 2508 mercedibus
1587 2484 1704 2514 emptam
1715 2480 1769 2509 lilii-

971 2531 1031 2555 e‘sse
1044 2526 1225 2562 eloquentiam
1238 2526 1301 2553 dicit
1318 2526 1408 2561 (Conf.
1423 2526 1467 2553 tib.
1483 2526 1542 2559 5,13.
1555 2526 1581 2558 7,
1597 2534 1625 2552 ηε
1638 2526 1676 2561 7).
1693 2526 1770 2559 διψία

971 2573 1097 2608 peditavit
1108 2577 1172 2600 tunc
1179 2578 1285 2607 quoque
1295 2575 1445 2606 sumptuum
1455 2575 1556 2605 partem
1570 2571 1770 2606 Romaniauus,‘

970 2620 1015 2655 qui
1029 2620 1175 2647 luctuosam
1189 2618 1279 2646 eximii
1298 2617 1475 2644 adolescentis
1488 2617 1628 2644 orbitatem
1644 2617 1770 2645 beneVow

970 2668 1061 2698 lentia.
1074 2666 1202 2697 consiliis,
1216 2663 1385 2692 facultatibus
1400 2667 1549 2691 sustentare
1557 2664 1692 2699 solariqlw
1705 2665 1770 2692 noui

969 2712 1079 2741 destitit.
1093 2711 1133 2739 Tu
1142 2715 1212 2747 patre
1219 2710 1343 2742 orbatum,
1354 2710 1391 2736 ait
1403 2710 1574 2744 Augustinus,
1583 2710 1694 2737 auricilla
1701 2712 1762 2738 con-

969 2759 1064 2785 solatua
1089 2765 1125 2790 es,
1151 2757 1291 2784 hortatione
1303 2756 1429 2789 animum",
1443 2764 1491 2791 ope
1507 2756 1626 2792 adjut-istt'
1642 2747 1761 2791 (Contra

969 2803 1140 2835 Academicos,
1156 2802 1199 2829 lib.
1212 2801 1240 2834 2,
1254 2810 1279 2829 η.
1293 2798 1334 2836 ³5).
1764 2813 1767 2814 ν

1004 2850 1032 2876 Ξ.
1056 2849 1162 2877 Annum
1183 2848 1269 2876 tetatis
1288 2848 1515 2884 undevigesimum
1536 2845 1669 2881 "attigerat,
1688 2849 1761 2870 anno

1420 2894 1560 2933 prun.)
