1997 3176
236 149 271 177 75
823 142 899 170 \‘lTA
919 144 948 173 5.
969 143 1153 173 AUGUSTINI
1174 144 1341 174 EPISCOPI.
1627 158 1631 162 ·
1837 147 1875 178 Ἰο

235 205 334 238 Christi
351 204 538 238 trecentesimo
558 201 753 240 septuagesimo
774 201 862 235 tonio,
878 208 938 229 cum
949 200 1023 235 juxta

236 255 373 287 receptum
394 250 512 283 discendi
524 248 646 281 ordinem
660 248 687 276 in
699 246 837 276 Ciceronis
853 247 949 276 librum
963 253 1023 281 per-

235 298 317 331 vertit,
340 298 386 332 qui
401 296 535 326 Hortensii
555 295 662 326 nomine
676 294 828 329 inscriptus,
848 293 1026 325 hortationem

236 343 270 372 ad
283 343 440 378 sapientiam
454 341 607 371 continebat
623 339 715 376 (Cani.
730 339 810 372 tua,
828 346 885 373 cap.
901 338 929 370 4,
945 346 972 365 ιι.
986 338 1001 365 7
1016 346 1024 370 ;

235 389 280 422 lib.
307 389 335 423 6,
356 397 414 424 cap.
431 389 476 422 11,
499 396 526 415 rt.
555 388 605 421 i8;
621 387 729 423 Soliloq.
753 387 796 414 lib.
811 386 838 420 1,
852 395 877 413 ιι.
896 386 955 420 Π).
969 384 1024 412 Etsi

236 442 299 464 vero
321 434 348 465 in
369 441 403 465 eo
428 434 496 462 libro
524 440 629 463 summa
654 432 804 468 eloquentia
828 439 889 458 cum
910 430 1026 459 admira~

234 481 284 508 bili
295 479 446 513 eruditione
458 479 598 514 conjuncta
612 483 701 511 essat;
718 485 770 508 non
779 485 811 504 eo
826 481 913 504 tamen
920 476 1026 511 legeba-

234 531 277 553 tur
287 525 321 558 ab
330 524 487 560 Augustino,
501 528 531 552 ut
539 524 679 551 verborum
694 522 823 551 lenocinia
835 525 1023 556 ancuparetur,

233 571 283 599 sed
295 571 399 606 abjocta
420 570 553 598 sermonis
572 577 635 601 cura
651 569 677 597 in
697 576 741 598 res
758 567 926 596 solummodo
944 570 1024 600 atque

233 617 378 651 sententias
390 616 507 644 animum
519 614 680 643 intendebat.
694 614 760 649 Ejus
769 621 833 649 ergo
842 613 902 640 libri
912 611 1025 640 lectione

235 667 310 696 tanto
322 662 460 697 sapientiae
474 661 606 689 desiderio
627 659 740 695 ﬂagrare
754 658 846 693 erepit,
860 662 889 685 ut
911 665 966 692 pra:
979 656 1024 684 illa

232 707 358 743 cupidine
368 715 430 743 spes
440 713 533 734 omnes
544 705 669 738 mortales
681 704 819 739 abjiceret,
831 703 1022 737 lastidiretque:

233 760 343 787 surgere
352 752 409 787 jam
422 755 540 786 coeperat
553 755 582 778 ut
592 750 692 778 rediret
706 750 737 777 ad
752 749 846 776 Deum.
872 747 1003 785 Quomodo
1013 767 1022 781 ,

233 799 279 831 ait,
293 796 423 830 ardebant,
437 796 506 825 Deus
518 804 597 828 metu,
611 794 738 832 quomodo
751 794 870 821 ardebant
882 793 994 820 revolare
1007 793 1023 819 ὰ

233 843 336 869 terrenis
348 842 382 869 ad
395 842 439 869 te.’
455 841 511 869 lloc
529 848 583 869 uno
595 841 666 869 illius
678 839 784 867 ﬂamine
803 837 1002 866 deiervescebat
1014 858 1022 871 ,

232 887 302 923 quod
315 887 416 919 Christi
428 894 524 915 nomen
533 886 611 914 inilla
624 886 760 915 Ciceronis
771 883 955 912 exhortatione
969 891 1022 912 non

233 937 359 966 exstaret.
376 932 500 965 Quoniam
514 933 560 959 lioc
575 940 672 963 nomen,
691 931 784 964 inquit,
800 932 935 956 secundum
951 929 1025 957 mise-

231 978 369 1011 ricordiam
389 983 471 1012 tuam,
494 978 610 1010 Domine,
636 978 682 1003 hoc
703 985 791 1002 noincn
818 976 957 1003 Saluatoris
976 975 1023 1001 mei

233 1019 296 1047 Filii
308 1020 381 1047 tuiin
393 1020 449 1055 ipso
467 1019 550 1046 adhuc
564 1019 627 1046 lacte
641 1018 736 1049 matris.
754 1022 866 1047 tenerum
884 1025 927 1043 cor
941 1024 1024 1043 meum

232 1065 389 1100 probiberat,
399 1070 421 1092 et
434 1064 485 1092 alte
494 1064 612 1092 retinebat
619 1072 630 1095 ;
642 1068 666 1091 et
675 1063 796 1100 quidquid
804 1063 857 1091 sine
867 1063 913 1089 Iioc
924 1062 1023 1089 nomine

232 1111 331 1147 fuisset,
350 1111 462 1146 quamvis
485 1110 623 1140 litteratura
632 1115 656 1138 et
670 1109 805 1144 expolitum
826 1113 848 1135 ct
870 1108 1022 1141 veridicum,

232 1165 282 1185 non
296 1166 336 1185 me
346 1161 425 1188 totum
436 1156 549 1193 rapiebat
563 1155 656 1192 (Conf.
672 1155 715 1185 lib.
729 1155 757 1189 ὅ,
777 1163 799 1182 t'.
815 1155 842 1188 4,
857 1163 882 1182 n.
898 1154 942 1188 8).

266 1203 293 1235 5.
306 1202 483 1240 Quamobrem
503 1201 616 1229 instituit
637 1201 755 1228 animum
770 1201 884 1235 adjicere
898 1200 930 1230 ad
949 1199 1023 1228 Scri-

231 1252 323 1283 ptura;
336 1255 436 1279 sacras,
451 1252 479 1274 ut
498 1248 589 1281 quales
603 1247 666 1280 ips-.c
680 1250 778 1276 essent,
796 1245 955 1279 exploraret.
970 1244 1024 1271 Sed

231 1294 274 1322 hic
286 1293 360 1322 illum
374 1293 484 1321 oifcndit
500 1292 624 1327 impervia
639 1292 681 1318 illa
696 1291 797 1326 magnis
810 1296 835 1317 ct
849 1291 908 1316 altis
922 1289 1022 1324 spiriti-

231 1341 281 1368 bus
293 1340 459 1378 simplicitas,
481 1339 596 1374 indigna.
612 1346 640 1365 se
659 1337 758 1372 judice,
774 1345 831 1371 qua;
845 1337 972 1363 Tullianm
984 1336 1022 1363 di-

230 1386 323 1422 gnitati
337 1390 548 1421 compararetur.
566 1384 655 1418 Ncquc
667 1391 729 1410 vero
750 1384 771 1409 is
786 1388 839 1409 tum
850 1387 917 1414 erat,
932 1382 976 1417 qui
989 1381 1023 1409 ad

231 1440 290 1460 eam
302 1432 384 1464 animi
405 1432 571 1462 modestiam.
588 1431 637 1466 quit
654 1435 723 1465 patet
745 1429 777 1456 ad
793 1429 851 1456 illas
865 1429 961 1460 aditus,
976 1428 1023 1456 dc-

231 1477 299 1506 ntitti
314 1484 412 1515 posset.
429 1477 623 1511 Dedignabatur
640 1483 698 1502 esse
714 1475 847 1509 parvulus,
865 1479 890 1501 et
904 1473 1022 1509 turgidus

230 1523 298 1561 fastu
312 1523 362 1551 sibi
376 1523 432 1557 ipse
444 1522 551 1556 grandis
564 1520 700 1548 videbatur
712 1520 802 1556 (Ibid,
814 1528 835 1545 c.
849 1520 876 1552 5,
892 1518 967 1555 11.1)).

263 1569 292 1602 ι.
305 1568 409 1604 Quanto
420 1567 520 1602 majore
530 1567 626 1602 ingenii
637 1566 744 1593 solertia
753 1571 779 1592 cl
788 1566 927 1600 sagacitate
937 1564 1022 1592 scien-

230 1615 281 1642 tias
294 1621 388 1641 omnes
410 1613 571 1648 percipiebat
586 1612 650 1640 citra
667 1612 747 1639 ullam
763 1611 881 1646 magistri
901 1618 1020 1645 Operam,

229 1664 302 1688 tanto
316 1660 440 1695 proniore
456 1660 480 1686 in
501 1659 678 1695 arrogantiam
693 1659 792 1693 impetu
805 1658 948 1685 ferebatur.
963 1657 1020 1685 An-

229 1713 279 1733 nos
290 1704 375 1733 ferme
385 1704 476 1742 viginti
486 1709 565 1732 natus
586 1704 613 1731 in
627 1703 778 1732 Aristotelis
791 1703 938 1738 categorias
950 1703 1020 1731 inci-

227 1751 277 1785 dit,
289 1757 355 1786 quas
367 1750 383 1777 a
393 1750 499 1778 rhetore
509 1749 711 1786 Cartliagincnsi
737 1750 863 1786 magistro
876 1756 936 1783 suo,
947 1749 1020 1777 aliis-

228 1804 280 1831 que
301 1797 347 1832 qui
367 1796 439 1824 docti
460 1795 644 1828 habebantur,
667 1799 739 1822 tanta
761 1795 902 1822 verborum
922 1802 1019 1830 pompa

227 1841 409 1870 commendari
421 1842 550 1875 audierat,
564 1846 593 1869 ut
606 1849 653 1869 cas
675 1841 798 1876 tanquam
811 1841 875 1876 quid
894 1848 1019 1876 magnum

228 1893 256 1916 et
274 1887 394 1916 divinant
411 1887 500 1923 legere
519 1890 673 1922 peroptarct
691 1894 698 1913 :
714 1886 761 1914 sed
783 1885 832 1913 has
851 1891 938 1913 tamen
957 1893 1019 1914 cum

227 1933 300 1961 solus
311 1933 429 1968 legisset,
442 1932 510 1960 adeo
521 1933 599 1968 plene
610 1932 749 1964 intellexit,
763 1937 791 1959 ut
806 1936 945 1967 postquam
957 1939 1019 1959 cum

228 1978 281 2006 illis
293 1979 339 2014 qui
351 1978 459 2006 easdem
470 1985 486 2009 a
502 1977 672 2013 peritissimis
693 1976 839 2012 magistris.
859 1984 920 2006 cum
932 1984 998 2005 voce
1009 1996 1017 2011 ,

228 2030 284 2052 tum
297 2024 388 2059 ﬁguris
406 2024 433 2051 in
448 2023 558 2060 pulvere
571 2023 683 2059 depictis
701 2022 836 2058 expositas
854 2023 897 2050 vix
916 2021 1018 2052 didice«

228 2074 299 2104 rant,
314 2077 466 2102 sermonem
479 2069 646 2102 contulisset,
659 2068 732 2097 aliud
745 2068 811 2098 nihil
828 2068 862 2104 ab
880 2068 922 2097 eis
938 2075 1018 2103 quam

228 2116 301 2153 quod
314 2116 371 2152 ipse
383 2121 478 2151 suopte
497 2115 605 2152 ingenio
621 2114 801 2150 cognovisset,
821 2114 963 2152 acceperit.
979 2114 1019 2141 Ex

229 2162 279 2191 hac
289 2166 378 2191 tamen
389 2162 503 2192 lectione
516 2169 568 2189 non
588 2161 647 2189 leve
658 2161 825 2195 dispendium
838 2168 932 2195 passus
950 2164 1017 2195 erat,

228 2209 264 2237 ob
278 2208 370 2237 falsam
388 2209 435 2236 Dei
453 2208 569 2243 speciem
583 2214 662 2244 quam
678 2207 767 2234 animo
786 2206 898 2234 imbibit.
923 2206 1019 2235 Proce-

229 2253 309 2282 dente
320 2258 443 2288 tempore
455 2253 519 2289 legit
535 2253 636 2288 pariter
646 2259 740 2281 omnes
761 2253 858 2279 artium
870 2252 1018 2280 liberalium

228 2299 321 2333 libros,
344 2303 474 2335 quotquot
487 2299 514 2327 in
536 2299 608 2327 illius
628 2306 723 2326 atauus
737 2303 885 2332 venerunt;
900 2304 927 2327 et
939 2299 1018 2335 quid-

228 2345 292 2382 quid
313 2345 348 2373 de
367 2346 491 2374 heultate
503 2345 649 2381 dicendiet
662 2344 827 2378 disserendi,
844 2345 971 2381 quidquid
985 2345 1019 2374 de

228 2391 398 2432 geometricis
410 2392 501 2425 rebus,
513 2391 640 2427 quidquid
653 2390 687 2420 de
699 2391 809 2420 musicis
815 2396 843 2421 et
854 2391 888 2421 de
901 2393 1019 2422 numeris

228 2437 320 2474 legere
330 2437 430 2473 potuit,
450 2444 498 2472 per
510 2437 639 2473 seipsunt,
658 2436 729 2465 facili
743 2436 860 2474 negotio,
881 2437 955 2465 nullo
969 2437 1018 2466 ho-

228 2484 330 2518 minum
343 2483 465 2517 tradente
477 2483 617 2516 intellexit.
639 2482 807 2520 Quapropter
820 2491 874 2512 non
887 2484 1020 2513 sentiebat

229 2528 373 2563 illasartes
389 2528 439 2564 vel
454 2527 489 2563 ab
509 2528 635 2563 studiosis
654 2528 801 2564 quibusque
819 2536 851 2558 ac
875 2529 1020 2565 ingeniosis

228 2572 386 2609 tiiﬂlcillime
398 2574 510 2611 percipi,
528 2573 578 2607 nisi
599 2582 661 2603 cum
681 2574 791 2605 easdem
811 2574 863 2606 illis
874 2575 1020 2606 conabatur

228 2628 385 2658 expuere;
397 2626 477 2657 atque
490 2626 549 2655 erat
561 2620 610 2655 illa,
619 2620 858 2656 excellentissimus
871 2621 898 2650 in
911 2621 961 2655 eis,
974 2622 1019 2660 qui

230 2666 322 2702 town,
331 2670 515 2701 aperientem.
534 2674 585 2697 non
600 2666 701 2698 tardius
712 2671 882 2702 sequeretur.
898 2666 957 2695 scit
971 2671 998 2694 tu
1009 2687 1018 2700 ,

233 2712 328 2747 inquit,
341 2710 449 2742 Domine
457 2711 527 2739 Dm
538 2720 617 2746 meus,
626 2712 686 2748 quia
695 2717 718 2740 et
730 2712 845 2742 celeritas
853 2711 1018 2752 intelligendi,

230 2761 253 2783 cl
272 2756 420 2791 dirpiciendi
433 2764 548 2791 acutum,
563 2757 658 2784 donum
678 2763 750 2785 tuum
762 2761 798 2784 est
813 2765 823 2785 .'
835 2757 880 2785 sed
893 2765 943 2786 non
962 2757 1021 2785 inde

230 2803 404 2836 sacriﬁcabant
419 2801 472 2829 tibi.
489 2802 578 2838 Itaque
592 2803 655 2830 milii
667 2811 716 2831 non
727 2803 761 2834 ad
769 2811 853 2836 uuln.
865 2804 909 2835 scd
918 2803 952 2831 ad
964 2812 1020 2839 per-

232 2851 320 2877 niciem
334 2849 412 2884 nmgia
425 2849 521 2877 valebat
535 2849 626 2886 (Ibid.,
639 2850 681 2877 lib.
696 2850 723 2882 ὅ,
737 2858 794 2885 cap.
810 2849 854 2883 iii,
869 2858 895 2876 η.
910 2849 1018 2885 28-50).

1395 202 1507 233 CAPUT
1528 203 1571 232 \‘l.

1080 267 1092 294 l
1111 266 1143 294 1η
1158 267 1358 295 Manicha'orttm
1370 269 1485 296 heretim
1501 269 1635 297 delabitur.
1649 269 1670 297 Ξ
1681 269 1829 306 Complura
1841 278 1874 299 ca

1114 313 1283 348 familiarier
1293 313 1439 340 ruisineam
1448 314 1551 350 pellicit.
1562 316 1580 343 5
1593 315 1625 342 In
1637 315 1783 343 auditam
1791 318 1875 351 gradu

1114 367 1167 386 seu
1178 360 1249 395 apud
1261 359 1417 388 Manio/icon
1429 361 1547 388 continet.
1565 361 1584 389 ι
1596 361 1695 389 Noverit
1715 370 1797 388 annos
1809 366 1875 389 toto:

1111 406 1170 433 illos
1190 406 1271 433 audit.
1286 406 1304 434 5
1317 406 1381 433 Filii
1394 407 1435 434 uti
1444 415 1531 434 carlm
1548 407 1626 442 defiet
1647 407 1778 441 Mennim,
1802 412 1828 435 et
1843 407 1875 435 de

1113 452 1169 487 ejus
1182 452 1264 479 salute
1276 452 1339 479 bene
1353 460 1455 488 sperare
1469 453 1589 480 diuinitus
1602 454 1716 488 jttbelttr.

1114 519 1140 546 t.
1155 519 1330 554 Augustinum
1341 519 1397 554 jam
1412 519 1550 555 sapientia:
1564 519 1738 548 vehementer
1747 519 1873 555 cupidum

1078 569 1160 600 utque
1171 573 1229 593 eam
1243 565 1444 601 adipisceretur,
1457 573 1511 601 quo
1523 573 1553 594 se
1567 570 1683 594 verteret
1695 566 1871 596 nescientem,

1077 611 1274 646 interceperunt
1285 611 1433 645 Manichzei,
1446 619 1531 647 genus
1550 612 1686 640 hominum
1700 612 1814 647 superbe
1826 612 1874 639 do-

1076 656 1170 690 lit‘ans,
1185 657 1291 685 carnale
1303 664 1334 685 ac
1346 657 1453 691 loquax,
1467 661 1564 692 cetera
1578 665 1642 685 vero
1656 658 1775 693 speciem
1787 658 1871 693 pieta~

1077 700 1112 730 tis
1123 710 1178 737 pra:
1189 710 1219 730 se
1233 702 1321 730 ferens
1337 701 1422 738 (Cani.
1437 702 1481 730 lib.
1497 702 1525 736 5,
1537 710 1562 730 c.
1575 703 1600 736 6,
1617 711 1644 729 η.
1658 702 1714 737 10).
1731 702 1871 730 Portenta-

1076 754 1120 776 sas
1139 747 1234 776 horum
1250 748 1437 776 haereticorum
1456 755 1504 776 seu
1519 748 1602 783 magis
1618 747 1788 776 incredibiles
1800 748 1872 775 deli-

1076 793 1202 826 rationes,
1224 801 1284 828 quae
1299 794 1363 821 satis
1383 801 1417 821 ex
1437 793 1522 822 sancti
1537 793 1654 821 doctoris
1675 793 1803 821 adversus
1823 802 1872 822 eos

1077 837 1303 867 lucubrationibus
1324 843 1469 875 comperta:
1484 843 1557 873 sunt,
1574 838 1672 867 referre
1684 839 1728 867 hic
1749 839 1814 867 nihil
1828 839 1871 868 iii-

1076 887 1159 912 tcrest
1173 892 1181 910 :
1196 884 1243 911 scd
1265 884 1336 922 quod
1359 885 1394 913 ad
1418 890 1570 921 susceptura
1593 886 1729 921 negotium
1751 886 1869 919 attinet,

1075 928 1172 963 quibus
1193 929 1230 957 illi
1253 930 1355 957 artibus
1376 930 1573 961 adolescentem
1596 931 1736 959 excellenti
1763 931 1872 967 ingenio

1076 974 1216 1009 praeditum
1235 975 1407 1010 pellexerint,
1422 975 1651 1012 implicuerintque
1670 984 1717 1004 sua
1731 977 1826 1004 haaresi
1839 985 1872 1004 ac

1076 1021 1203 1050 societate
1212 1041 1224 1058 ,,
1240 1021 1344 1056 juvabit
1368 1021 1481 1056 ipsoniet
1506 1026 1630 1051 narrante
1651 1030 1825 1058 cognoscere.
1841 1022 1871 1050 In

1077 1065 1168 1100 primis
1180 1073 1244 1093 vero
1253 1066 1470 1096 lenocinabantur
1477 1066 1572 1095 animis
1583 1067 1664 1094 multa
1677 1067 1871 1103 pollicitatione

1076 1110 1204 1139 docenda
1220 1112 1348 1145 veritatis,
1369 1113 1528 1141 catholicam
1544 1113 1687 1141 Ecclesiam
1701 1121 1734 1141 eo
1755 1114 1871 1141 maxime

1076 1157 1184 1186 nomine
1205 1157 1388 1195 criminantes,
1402 1158 1473 1194 quod
1487 1158 1565 1188 (idem
1585 1159 1738 1194 imperaret,
1752 1168 1806 1187 non
1819 1160 1870 1188 do-

1075 1207 1160 1237 ceret.
1177 1203 1215 1233 Ea
1226 1203 1269 1232 vel
1290 1203 1347 1233 sola
1366 1212 1413 1239 spe
1427 1204 1548 1234 delusum
1563 1212 1591 1232 se
1611 1209 1723 1235 testatur
1742 1206 1869 1243 Augusti-

1076 1256 1137 1282 nus,
1152 1255 1185 1276 eo
1203 1249 1274 1287 quod
1287 1249 1342 1277 veri
1364 1249 1515 1279 inveniendi
1528 1250 1639 1286 cupidus
1652 1255 1732 1283 esset.
1748 1256 1776 1279 et
1796 1250 1868 1287 quod

1076 1293 1154 1323 insito
1175 1294 1258 1322 animi
1283 1299 1385 1323 utmore
1403 1302 1452 1324 ceu
1475 1295 1559 1323 aniles
1583 1295 1684 1323 fabulas
1704 1301 1870 1332 computarct

1075 1347 1248 1376 quatcumque
1263 1340 1366 1369 ratione
1385 1349 1438 1370 non
1454 1342 1643 1371 constitissent.
1662 1342 1729 1377 Quid
1750 1343 1815 1369 enim
1830 1351 1870 1370 me

1074 1386 1156 1419 aliud,
1168 1386 1265 1423 inquit,
1275 1386 1376 1424 cogebat
1386 1396 1466 1418 annos
1477 1390 1530 1423 fere
1541 1397 1640 1422 novent,
1654 1394 1738 1423 spreta
1747 1389 1870 1425 religione

1074 1439 1131 1467 quc
1144 1432 1206 1459 milii
1216 1432 1321 1468 puerulo
1335 1441 1351 1460 α
1366 1433 1511 1468 parentibus
1523 1434 1598 1461 inrita
1611 1440 1673 1467 erat,
1686 1434 1799 1464 homines
1811 1436 1870 1462 illo:

1074 1477 1144 1512 sequi
1156 1485 1187 1503 ac
1200 1477 1332 1512 diligenter
1351 1478 1459 1511 audire;
1473 1479 1522 1508 nisi
1542 1480 1609 1515 quod
1628 1488 1673 1510 nos
1693 1481 1870 1516 superstitione

1074 1523 1170 1556 terreri,
1185 1527 1209 1549 et
1221 1523 1299 1557 ﬁdem
1312 1523 1385 1550 nobis
1395 1529 1453 1552 ante
1467 1524 1589 1551 rationem
1607 1524 1731 1560 imperari
1745 1525 1867 1559 dicerent,

1072 1575 1101 1595 re
1113 1572 1197 1595 autent
1213 1568 1311 1595 nullum
1327 1577 1439 1603 premere
1451 1570 1484 1596 ad
1498 1569 1585 1604 ﬁderit,
1607 1570 1655 1596 nisi
1669 1571 1739 1605 prius
1753 1570 1868 1598 discussa

1073 1617 1097 1639 et
1108 1613 1216 1641 enodata
1230 1613 1350 1641 veritate?
1365 1614 1427 1647 Quis
1439 1622 1489 1641 non
1501 1614 1539 1641 Itis
1550 1615 1771 1650 pollicitationibus
1785 1615 1868 1642 illice-

1072 1662 1152 1691 relur,
1166 1657 1304 1693 praesertim
1315 1658 1479 1686 adolescentis
1489 1659 1587 1688 aninuts
1597 1659 1705 1695 cupidus
1718 1661 1780 1693 veri,
1791 1660 1867 1688 etiam

1073 1704 1251 1731 nonnullorum
1266 1704 1292 1732 in
1306 1703 1393 1733 schola
1414 1705 1545 1732 doctorum
1560 1707 1689 1733 hominum
1713 1707 1866 1742 disputatio-

1072 1749 1145 1776 nibus
1156 1749 1278 1785 superbus
1291 1754 1314 1776 et
1325 1749 1443 1786 garrulus
1457 1751 1575 1786 :qualcm
1589 1760 1628 1778 me
1641 1757 1700 1778 tunc
1714 1751 1752 1779 illi
1764 1752 1866 1780 invene-

1072 1798 1141 1827 runt,
1155 1799 1311 1829 spernentem
1332 1795 1426 1823 scilicet
1440 1797 1512 1831 quasi
1524 1796 1604 1825 aniles
1625 1797 1737 1833 fabulas,
1751 1802 1773 1825 et
1786 1797 1818 1825 ab
1830 1798 1868 1825 eis

1071 1841 1236 1877 promissum,
1259 1847 1375 1877 apertum
1395 1846 1418 1869 et
1438 1842 1564 1869 sincerum
1585 1851 1670 1870 verum
1692 1848 1775 1870 tenere
1793 1848 1868 1879 atque

1071 1886 1174 1914 haurire
1187 1886 1326 1921 cupientem
1339 1887 1352 1923 (
1355 1886 1392 1914 De
1412 1886 1525 1914 Utilitate
1538 1887 1665 1921 credendi,
1682 1897 1710 1916 η.
1723 1888 1777 1924 2)?
1791 1889 1866 1917 ﬂanti

1071 1931 1156 1960 levior
1176 1933 1278 1960 eratad
1301 1932 1425 1960 haresim
1439 1933 1562 1961 illecebra
1581 1934 1684 1969 species
1708 1935 1812 1970 pietatis
1834 1943 1866 1962 ac

1070 1977 1153 2006 decus
1171 1978 1274 2014 insigne
1294 1979 1473 2013 continentia},
1490 1979 1560 2015 quod
1584 1979 1650 2007 [also
1668 1988 1723 2015 pra:
1744 1988 1774 2008 se
1794 1982 1866 2009 fere-

1071 2023 1134 2054 bant
1146 2024 1293 2057 Manicbmi.
1304 2025 1329 2052 in
1342 2033 1448 2061 quorum
1461 2033 1505 2053 ore
1517 2025 1599 2061 laquei
1613 2025 1717 2058 diaboli,
1734 2031 1757 2053 et
1770 2026 1866 2054 viscum

1070 2071 1212 2107 confectum
1233 2070 1410 2099 commixtione
1429 2070 1583 2106 syllabarum
1602 2071 1710 2100 nominis
1725 2072 1761 2098 lui
1774 2077 1800 2099 et
1813 2071 1867 2099 Do—

1071 2117 1132 2144 mini
1139 2115 1201 2144 Jesu
1210 2115 1314 2149 Christi,
1327 2121 1350 2144 et
1358 2116 1485 2145 Paracleti
1491 2116 1655 2145 consalutari:
1666 2118 1744 2144 nostri
1752 2118 1866 2153 Spiritu:

1071 2162 1162 2190 sancti.
1184 2161 1247 2190 Hac
1263 2163 1365 2189 nomina
1380 2170 1430 2190 non
1449 2162 1593 2190 recedebant
1608 2163 1639 2190 de
1650 2171 1692 2190 ore
1704 2171 1800 2197 eorum,
1821 2164 1866 2191 sed

1073 2214 1144 2236 tenus
1153 2217 1218 2236 tono
1224 2213 1248 2236 et
1260 2209 1366 2245 strepitu
1376 2209 1486 2244 lingua;
1497 2213 1519 2235 et
1532 2214 1649 2236 caeterum
1661 2217 1705 2236 cor
1715 2210 1790 2236 inane
1803 2210 1866 2236 veri.

1074 2254 1108 2282 Et
1127 2254 1259 2290 dicebant,
1283 2253 1391 2287 Veritas,
1405 2259 1430 2281 et
1441 2255 1532 2283 ueritas
1548 2261 1557 2282 :
1570 2258 1593 2281 et
1608 2255 1712 2281 multum
1726 2262 1781 2281 eam
1795 2255 1867 2282 dice-

1073 2300 1133 2327 bant
1155 2299 1205 2335 ipsi
1220 2299 1377 2335 Augustino,
1397 2304 1422 2327 et
1441 2307 1564 2335 nusquam
1578 2299 1670 2326 eratin
1691 2299 1728 2326 eis
1747 2299 1866 2336 (Confes.

1074 2345 1119 2372 lib.
1132 2345 1161 2379 5,
1175 2352 1199 2373 c.
1213 2344 1241 2379 6,
1255 2353 1282 2372 rt.
1301 2344 1358 2380 l0).
1372 2344 1475 2381 Nempe
1487 2343 1544 2373 haec
1556 2344 1612 2373 fere
1623 2345 1701 2372 insita
1714 2350 1755 2373 est
1768 2346 1868 2374 nostris

1074 2390 1170 2419 animis
1183 2390 1282 2426 opinio,
1297 2391 1423 2418 virtutem
1437 2390 1628 2426 veritatemque
1647 2398 1741 2426 magna
1755 2391 1824 2418 inter
1836 2400 1868 2420 se

1074 2436 1270 2464 necessitudine
1282 2436 1422 2470 devinciri,
1439 2443 1525 2471 neque
1543 2435 1611 2463 hanc
1625 2436 1686 2468 inde
1701 2437 1806 2470 abesse,
1821 2437 1868 2464 ubi

1074 2483 1238 2510 castimonia:
1252 2483 1335 2510 virtus
1354 2483 1467 2510 eluceat.
1490 2482 1557 2510 llinc
1586 2483 1748 2518 Augustinus
1773 2482 1868 2511 scribit

1073 2527 1139 2558 duas
1159 2527 1274 2555 maxime
1293 2534 1354 2555 esse
1374 2526 1512 2558 illecebras
1534 2527 1749 2561 Manichmorum,
1769 2527 1867 2563 quibus

1073 2573 1242 2608 decipiuntur
1263 2572 1375 2608 incauti,
1386 2576 1416 2602 ut
1428 2580 1475 2601 eos
1499 2572 1581 2601 velint
1599 2572 1698 2601 habere
1715 2573 1841 2604 doctores
1860 2584 1866 2590 -

1071 2618 1166 2650 altera,
1190 2626 1250 2647 cum
1266 2618 1326 2645 vitm
1347 2623 1427 2646 casta:
1446 2626 1478 2646 ac
1497 2618 1677 2648 memorabilis
1696 2619 1866 2649 continentia:

1075 2664 1215 2700 imaginem
1231 2657 1393 2700 prteferunt;
1410 2665 1505 2698 altera,
1526 2673 1585 2692 cum
1601 2663 1754 2699 Scripturas
1773 2672 1868 2700 repre--

1074 2710 1202 2742 hendunt,
1216 2710 1257 2738 vel
1272 2718 1336 2745 quas
1349 2710 1418 2738 male
1431 2710 1591 2745 intelligunt,
1606 2710 1647 2738 vel
1662 2718 1727 2746 quas
1739 2710 1809 2738 male
1824 2710 1858 2737 in.

1075 2755 1155 2791 telligi
1177 2756 1267 2783 volunt
1289 2755 1344 2792 (De
1367 2755 1480 2783 Moribus
1503 2755 1574 2782 Eccl.
1590 2755 1657 2782 catlt.
1673 2755 1716 2782 lib.
1730 2756 1758 2789 l,
1777 2764 1804 2782 n.
1819 2755 1865 2791 2).

1076 2802 1284 2830 Commovcbant
1298 2809 1361 2830 sane
1371 2801 1429 2837 ejus
1438 2802 1555 2830 animum
1566 2801 1645 2829 etiam
1655 2809 1714 2836 qum
1724 2799 1865 2828 adversum

1074 2849 1170 2877 Christi
1192 2848 1296 2877 Domini
1317 2847 1497 2884 genealogiam
1513 2857 1526 2875 a
1541 2847 1664 2876 Mattiaco
1682 2851 1709 2874 et
1728 2846 1797 2874 Luca
1819 2846 1866 2877 ἀεὶ,
