3994 6352
394 322 483 382 ’79
1545 313 1701 370 VITA
1741 312 1797 369 S.
1840 305 2203 369 AUGUSTINI
2241 306 2562 364 EPISCOPI.
3624 314 3688 374 εο

417 434 697 491 indocilem
716 432 858 488 illum
881 432 1106 487 faciebat
1129 430 1447 502 arrogantia,
1480 444 1582 500 qua
1599 427 1816 483 haeresis
1836 427 1996 496 hujus

2110 444 2287 510 sidius,
2309 444 2362 499 in
2399 443 2512 498 Vita
2533 444 2767 516 August,
2795 462 2840 500 c.
2862 447 2936 519 1).
2966 450 3034 504 At
3060 465 3179 506 cum
3206 451 3431 523 ipsemet
3448 452 3692 524 Augusti-

421 527 627 581 novilas
656 541 776 580 eum
806 523 1038 578 inﬂabat
1085 522 1216 576 “illc
1244 531 1458 575 εθηοιυε
1477 519 1690 590 (Ιυίάδηι
1718 518 1998 587 episcopus
2109 550 2210 589 nus
2229 550 2288 591 se
2316 534 2369 590 in
2403 535 2505 589 illis
2530 537 2683 591 anuis
2710 518 3031 595 rhetoricam
3074 518 3371 614 professum
3417 558 3537 598 esse
3577 558 3690 598 me-

416 620 484 674 ab
509 634 571 674 ea
618 628 832 687 rogatus
867 612 922 669 ut
948 630 1071 670 cum
1118 613 1225 667 lilio
1252 612 1671 703 colloqueretur,
1714 609 1993 703 recusa-vit,
2106 636 2278 682 morat
2303 627 2531 698 (ςοηίεε,
2561 627 2649 682 ηδ,
2681 630 2734 696 ι,
2766 647 2880 702 cap.
2906 632 2959 697 2,
2993 649 3047 686 η.
3072 609 3153 703 ξ),
3176 636 3223 691 εί
3259 616 3362 689 hoc
3382 634 3583 689 diem",
3628 650 3688 689 ει
3722 682 3723 689 γ

417 724 645 779 eumque
695 707 941 777 perlectis
980 705 1389 760 Manichaeorum
1435 702 1583 756 libris
1620 716 1747 755 suos
1786 699 1997 754 tandem

2110 720 2243 774 serie
2268 720 2586 775 narrationis
2617 722 3005 793 interpreteris,
3031 725 3292 781 videbitur
3311 741 3429 782 eam
3457 725 3701 796 Tagastae

418 814 631 855 errores
660 798 1115 867 deprehensurum
1139 794 1439 849 afﬁrmavit.
1469 790 1706 861 Cumque
1724 790 1809 845 illa
1832 789 1999 885 magis
2105 810 2369 867 docuisse.
2394 810 2510 866 Non
2538 811 2731 867 desum
2763 822 2941 869 tamen
2966 815 3397 885 gravissimarum
3430 817 3696 871 rationum

418 911 481 949 "0
506 896 675 965 πιθεῑε
703 896 944 959 insumit,
982 892 1139 956 Vade:
1174 889 1362 960 ίηίιιιίι,
1393 904 1424 941 α
1444 901 1563 950 me;
1592 888 1659 939 ίία
1679 885 1813 938 vim”
1846 899 1865 938 ³
1889 883 1999 953 ﬁeri
2106 912 2397 969 momenta,
2429 919 2547 973 qua:
2568 904 2620 958 id
2642 904 2708 960 de
2722 883 3044 976 Carthagine
3060 907 3455 978 intelligendum
3475 923 3690 979 persua-

421 986 552 1039 euim
578 1002 679 1039 non
710 992 902 1054 potest,
946 992 999 1037 ut
1037 983 1174 1051 [ilius
1202 982 1413 1033 istarum
1440 980 1779 1047 lacrymarum
1808 982 1995 1045 pereat.

2110 996 2282 1059 deant,
2312 1004 2370 1049 ut
2410 996 2629 1052 inferius
2677 1000 3037 1055 ostendemus.
3090 1002 3324 1073 Tempus
3375 1015 3543 1069 certe,
3592 1017 3699 1073 quo

417 1074 571 1142 Quod
590 1075 678 1130 illa
694 1087 1008 1143 responsum
1027 1071 1185 1125 divini
1206 1070 1370 1123 instar
1388 1065 1585 1120 oraculi
1602 1062 1995 1134 accepit(lbid.,

2110 1086 2508 1155 grammaticam
2528 1086 2770 1153 docebat,
2801 1105 2906 1144 non
2923 1091 3149 1147 obscure
3176 1092 3393 1161 indicat,
3422 1094 3548 1148 dum
3569 1096 3702 1149 scri-

419 1168 664 1241 “FP-’13,
697 1186 750 1223 η·
781 1165 907 1239 21)·
952 1167 1081 1220 Eam
1123 1163 1296 1216 adhuc
1336 1174 1499 1252 sui)?"
1541 1159 1629 1212 ίίηί
1658 1157 1828 1252 “We
1863 1157 2000 1209 De“
2106 1177 2183 1231 bit
2210 1193 2289 1243 se,
2326 1178 2494 1232 instar
2520 1178 2874 1237 adolescentis
2904 1183 3130 1252 prodigi,
3171 1157 3446 1241 exclusum
3484 1186 3644 1241 fuisse
3668 1202 3699 1241 a

420 1275 539 1315 cum
565 1259 947 1328 aliispluribus
972 1255 1163 1319 modis,
1188 1263 1297 1308 tum
1326 1251 1552 1305 maxime
1575 1249 1783 1304 somnio
1809 1262 1997 1303 conso-
2107 1266 2310 1336 siliquis
2346 1282 2650 1337 porcorum,
2707 1287 2839 1340 quos
2894 1249 2965 1328 de
3003 1249 3207 1346 sil—idum
3242 1278 3490 1347 pascebat
3518 1278 3539 1349 (
3559 1277 3699 1332 “id.

420 1350 558 1406 latus
582 1360 682 1406 est.
707 1352 837 1405 Cum
868 1351 1008 1404 enim
1036 1354 1177 1402 esset
1202 1359 1434 1399 ωωΐοτθ
1459 1342 1721 1438 θίξῐιῗθεξθν
1747 1341 1998 1438 Ῑυνθξιειη
2108 1356 2195 1410 lib.
2235 1359 2288 1424 5,
2320 1375 2434 1429 cap.
2467 1359 2520 1424 6,
2562 1377 2616 1415 n.
2651 1362 2765 1434 il).
2799 1363 2894 1419 Ubi
2920 1380 3040 1421 mox
3067 1341 3134 1422 de
3158 1341 3622 1438 grammaticorum
3647 1383 3703 1427 et

382 1472 385 1473 ν
421 1442 775 1513 splendidum,
802 1441 1042 1504 hilarem,
1073 1447 1128 1493 et
1156 1435 1415 1492 renidenti
1435 1434 1578 1489 vultu
1606 1433 1672 1490 ad
1698 1448 1756 1488 se
1779 1432 1999 1535 venien-
2036 1480 2037 1483 η
2112 1458 2388 1519 poetarum
2439 1449 2632 1507 fabulis
2669 1432 2929 1524 ιοέιυίιυτς
2977 1474 3108 1527 quas
3136 1432 3296 1515 aliam
3345 1462 3701 1535 Hieronymus

428 1546 534 1589 tem
566 1534 714 1600 vidit,
745 1533 832 1603 qui
857 1547 976 1586 cum
999 1531 1067 1585 ab
1092 1545 1152 1584 ea
1178 1528 1445 1583 maestitia:
1464 1541 1654 1581 causas
1682 1524 1997 1596 quaesiissct.
2110 1553 2391 1607 porcorum
2422 1554 2515 1594 seu
2544 1539 2845 1597 daemonum
2876 1524 3049 1601 cibu'm
3081 1557 3354 1621 nuncupat
3394 1552 3415 1623 (
3438 1524 3601 1621 Eph},
3632 1554 3703 1605 ad

418 1626 578 1694 iussit
604 1626 745 1680 illam
771 1639 958 1679 securo
990 1637 1110 1678 esse
1129 1621 1333 1687 anima.
1377 1618 1638 1688 simulque
1672 1615 1895 1684 monuit.
1925 1616 2003 1669 vi—
2108 1627 2262 1681 Dam.
2289 1628 2354 1681 de
2393 1627 2530 1683 Filio
2557 1630 2811 1705 prodigo).
2841 1634 3042 1691 Eodem
3065 1615 3314 1707 pertinet,
3348 1615 3448 1693 nisi
3476 1615 3576 1694 nos
3602 1641 3702 1695 lal-

420 1717 572 1773 deret
608 1724 663 1770 Cl
698 1715 1031 1780 ιιιιθηάθτθιυ
1073 1727 1252 1767 secum
1300 1710 1466 1764 mium
1507 1707 1695 1763 ‘30de
1731 1707 1832 1763 Ῑοοί
1875 1722 2003 1800 (ξοη-
2108 1722 2286 1786 limur,
2338 1726 2482 1794 quod
2535 1726 2650 1796 ipse
2691 1730 3015 1800 Augustinus
3054 1732 3183 1788 dicit
3210 1749 3224 1786 :
3254 1734 3631 1790 Seducebamur
3654 1746 3705 1789 et

423 1809 633 1863 δίειθΐθο
661 1807 812 1876 Ουοά
838 1822 956 1861 Cum
976 1806 1063 1860 illa
1085 1804 1196 1859 ωίο
1218 1809 1505 1867 narrasset»
1525 1809 1581 1856 οι
1604 1800 1717 1869 ipse
1737 1798 2001 1895 δοηξηῖξιξη
2108 1813 2482 1882 seducebamus,
2501 1817 2621 1885 falsi
2648 1798 2795 1889 atque
2818 1822 3050 1890 fallentes
3074 1823 3128 1877 in
3149 1826 3300 1880 variis
3324 1827 3705 1895 cupiditatibus;

421 1898 487 1953 ad
512 1914 571 1955 se
601 1901 812 1953 trahere
849 1905 1148 1959 conaretur,
1193 1894 1501 1962 diceretque
1530 1892 1633 1947 hoc
1656 1891 1771 1945 viso
1799 1890 2000 1960 signiti-

2110 1913 2155 1956 et
2175 1904 2345 1974 palam
2363 1922 2451 1974 per
2470 1907 2741 1972 doctrinas,
2764 1926 2888 1980 quas
2913 1912 3145 1968 liberales
3168 1926 3365 1976 vocant.
3387 1890 3587 1972 occulte
3611 1890 3706 1973 au-

420 1990 532 2046 οπί
560 1999 783 2046 mairem
812 1989 864 2044 in
892 2004 1042 2043 suam
1079 1985 1363 2055 aliquando
1404 1993 1629 2038 tractum
1648 1982 1745 2080 _iri
1782 1990 2002 2037 εθηῑεη-
2110 2002 2205 2048 tem
2220 1996 2351 2067 falso
2368 2005 2567 2052 nomine
2580 2000 2854 2071 religionis.
2884 2003 2987 2058 Hic
3010 2007 3235 2076 superbi,
3258 2010 3327 2061 ibi
3351 2011 3704 2080 superstitiosi,

426 2082 587 2149 tiam;
611 2083 697 2138 illa
722 2081 975 2137 continuo
1003 2081 1135 2134 citra
1159 2078 1578 2141 ha-sitationem,
1617 2073 1733 2130 Non
1751 2117 1767 2142 ,
1800 2076 2000 2145 inquit;

2110 2085 2290 2157 ubique
2310 2089 2444 2141 vani.
2481 2088 2593 2143 Hac
2621 2093 2882 2162 popularis
2917 2073 3098 2166 gloria:
3120 2106 3362 2153 sectantes
3386 2073 3703 2165 inanitatem,

422 2189 526 2229 non
548 2174 683 2228 enim
711 2173 836 2225 mihi
859 2172 1047 2225 dictum
1073 2179 1144 2224 est
1162 2210 1178 2237 ,
1207 2168 1305 2224 Ubi
1336 2169 1444 2232 ille.
1472 2167 1541 2221 ibi
1566 2176 1613 2222 ει
1657 2177 1741 2231 tu;
1767 2166 2004 2230 3641.11“
2109 2192 2266 2247 usque
2289 2178 2358 2232 ad
2386 2182 2653 2236 tlteatricos
2699 2184 2935 2253 plausus,
2973 2196 3022 2240 et
3056 2189 3363 2243 contentiosa
3385 2190 3633 2255 carmina,
3660 2201 3709 2246 et

422 2275 511 2331 tu,
537 2265 607 2318 ibi
633 2275 679 2319 et
703 2264 791 2318 ille
805 2262 986 2335 (Ibid,
1016 2279 1129 2329 cap.
1154 2262 1214 2315 Η
1239 2300 1255 2327 ,
1283 2277 1335 2315 n.
1366 2260 1489 2330 20).
1523 2260 1635 2314 Hoc
1658 2259 2003 2328 extemporali
2110 2283 2322 2338 agonem
2350 2288 2655 2327 coronarum
2683 2279 2959 2346 fenearum,
2998 2288 3044 2332 et
3088 2281 3489 2349 spectaculorum
3518 2302 3704 2356 nugas,

424 2357 607 2413 matris
631 2371 911 2425 responso,
956 2370 1073 2425 qua:
1106 2352 1346 2423 Speciosa
1373 2354 1537 2423 ipsius
1566 2353 2002 2424 interpretatione
2110 2368 2157 2412 et
2186 2360 2619 2431 intemperantiam
2656 2366 2922 2421 libidinum
2955 2384 2974 2423 :
3002 2370 3124 2423 illac
3165 2383 3334 2426 autent
3369 2352 3710 2446 purgari'nos

425 2450 630 2505 turbata
654 2463 759 2503 non
785 2448 987 2511 fuerat,
1030 2444 1401 2500 vehementius
1443 2459 1601 2514 quam
1628 2444 1866 2514 eiusdem
1891 2444 2005 2498 viso
2110 2450 2172 2502 ab
2214 2450 2322 2504 istis
2352 2453 2589 2507 sordibus
2636 2466 2917 2526 expetentes
2966 2475 3080 2512 cum
3128 2461 3199 2516 eis
3224 2463 3309 2533 qui
3326 2444 3711 2534 appellarentur
3766 2498 3775 2505 -

427 2552 701 2612 permotus
723 2550 825 2596 est.
857 2540 1089 2609 Contigit
1108 2538 1245 2594 istud
1268 2553 1461 2593 novem
1481 2538 1861 2607 propemodum
1883 2548 2005 2593 ante
2116 2539 2275 2594 Electi
2302 2551 2351 2595 et
2374 2542 2574 2610 Sancti,
2598 2544 2678 2611 a/f
2682 2562 2904 2602 erremus
2929 2564 3087 2613 escas,
3108 2550 3173 2604 de
3193 2551 3372 2621 quibus
3392 2554 3532 2610 nobis
3549 2556 3601 2609 in
3623 2560 3709 2627 of.

423 2634 596 2700 armis,
618 2648 777 2703 quam
807 2634 1131 2702 Augustinus
1150 2646 1213 2684 ex
1244 2630 1372 2684 limo
1407 2629 1662 2701 profundi-
1683 2645 1745 2685 ac
1774 2631 2006 2686 tenebris
2112 2630 2264 2699 ﬁcina
2290 2634 2563 2701 aqualiculi
2583 2635 2663 2688 sui
2680 2636 2987 2705 fabricarent
3009 2641 3215 2711 angelos
3236 2651 3286 2695 et
3311 2642 3450 2711 deos,
3484 2661 3572 2714 per
3585 2662 3711 2716 quos

423 2724 667 2780 falsitatis
692 2726 743 2779 in
770 2724 961 2795 quibus
982 2722 1194 2793 jacebat
1212 2760 1227 2789 ,
1254 2730 1569 2793 emergeret.
1600 2723 1753 2792 Step0
1781 2725 2006 2778 tentavit
2061 2722 2065 2727 ’
2113 2723 2446 2779 liberaremur
2461 2743 2482 2791 ;
2508 2735 2555 2780 et
2586 2729 2811 2782 sectabar
2836 2730 2932 2783 ista
2959 2742 3106 2801 atque
3133 2734 3376 2802 faciebam
3395 2753 3508 2790 cum
3534 2738 3712 2795 amicis

425 2830 711 2886 exsurgere
736 2855 750 2879 ,
798 2813 892 2869 sed
926 2814 1086 2869 altius
1126 2828 1339 2883 semper
1377 2813 1808 2883 immergebatur.
1856 2812 2005 2868 Haud
2112 2816 2255 2883 meis,
2287 2833 2374 2886 per
2405 2834 2485 2872 me
2508 2836 2567 2872 ac
2594 2836 2787 2874 mecum
2806 2821 3025 2894 deceptis
3046 2824 3066 2897 (
3090 2826 3291 2897 Confes.
3316 2829 3402 2882 lib.
3430 2829 3484 2896 4,
3505 2846 3619 2901 cap.
3651 2833 3706 2896 1,

426 2908 622 2963 scimus
656 2922 725 2962 an
769 2905 825 2960 hi
871 2920 1062 2961 novem
1110 2905 1271 2972 anni,
1308 2913 1367 2960 ut
1409 2904 1499 2958 alii
1537 2920 1694 2975 supra
1717 2946 1733 2972 ,
1774 2906 2005 2961 adventu
2113 2923 2166 2962 n.
2201 2909 2277 2979 t).
2310 2910 2442 2964 Dum
2470 2911 2710 2981 Tagastae
2753 2913 2994 2982 doceret,
3029 2917 3322 2976 auditorem
3351 2920 3535 2977 habuit
3575 2923 3710 2993 Aly-

428 3000 609 3055 Fausti
642 3000 1000 3055 terminentur
1020 3041 1035 3065 ,
1066 3007 1190 3053 ante
1228 2998 1380 3068 cujus
1422 3012 1691 3054 accessum
1712 3040 1730 3065 ,
1776 2999 1918 3052 illius
1940 2998 2006 3052 ad
2114 2998 2278 3067 pium.
2308 3000 2576 3069 praeclara:
2598 3003 2789 3058 indolis
2816 3014 2871 3060 et
2907 3006 3123 3075 optima:
3148 3010 3259 3087 spei
3282 3010 3705 3081 adolescentem,

425 3090 803 3162 emergendum
831 3098 1054 3145 conatus
1074 3105 1186 3143 non
1226 3088 1450 3159 legimus
1482 3106 1495 3141 :
1524 3104 1591 3143 an
1624 3103 1751 3144 vero
1775 3102 1840 3144 eo
1869 3098 2004 3143 tem-
2112 3100 2176 3141 ex
2218 3088 2542 3158 primatibus
2604 3091 2845 3162 Tagastae
2912 3096 3319 3167 municipalibus
3378 3101 3661 3157 oriundum
3691 3120 3710 3158 :

430 3199 559 3253 pore
581 3224 595 3248 ,
632 3198 740 3255 quo
766 3199 795 3237 a
827 3182 1130 3238 Maniclueis
1169 3182 1414 3237 discessit
1453 3196 1592 3236 anno
1634 3181 2005 3236 trecentesimo
2112 3194 2269 3247 quem
2312 3189 2368 3234 ut
2393 3181 2508 3251 ipse
2536 3182 2731 3237 eximia
2762 3183 3021 3241 charitate
3045 3189 3516 3258 complectebatur,
3548 3194 3620 3255 ob
3644 3209 3709 3249 ea

426 3274 754 3344 octogesimo
780 3275 1000 3344 quinto;
1038 3289 1105 3327 an
1133 3272 1360 3343 denique
1388 3273 1478 3328 illo
1500 3313 1517 3341 ,
1552 3288 1656 3343 quo
1681 3272 1912 3343 perfecte
1939 3274 2005 3325 ad
2112 3272 2364 3326 virtutum
2382 3274 2695 3342 specimina,
2723 3292 2841 3345 qua:
2863 3277 2972 3346 jam
3002 3287 3114 3333 tum
3142 3282 3192 3335 in
3216 3296 3280 3335 eo
3300 3283 3608 3346 elucebant;
3631 3286 3710 3341 sic

430 3368 594 3422 Deum
613 3381 900 3422 conversus
918 3376 1019 3432 est,
1047 3381 1188 3422 anno
1207 3366 1455 3422 videlicet
1481 3367 1852 3423 trecentesimo
1868 3377 2005 3421 octo-
2111 3363 2289 3418 abillo
2314 3364 2552 3419 vicissim
2578 3366 2800 3420 multum
2818 3367 3077 3435 dilectum
3104 3386 3161 3425 se
3190 3372 3337 3439 dicit,
3368 3389 3433 3428 eo
3458 3375 3599 3445 quod
3634 3376 3708 3448 illi

425 3459 630 3529 gesimo
652 3467 822 3514 εεχιο,
852 3518 854 3521 ι
2110 3453 2282 3506 bonus
2306 3463 2359 3507 et
2375 3454 2561 3509 doctus
2593 3454 2882 3511 videretur.
3721 3482 3730 3524 ι

852 3518 854 3521 ’
1037 3570 1259 3626 CAPUT
1301 3568 1405 3624 νη.
2180 3541 2237 3595 2.
2265 3542 2473 3598 Mortuo
2501 3560 2595 3613 per
2621 3545 2673 3600 id
2698 3555 2906 3617 tempus
2929 3551 3122 3619 amico,
3171 3553 3323 3621 cujus
3360 3569 3551 3611 nomen
3582 3556 3708 3611 reti-

2110 3642 2215 3699 cet,
2241 3634 2395 3704 longe
2434 3634 2773 3705 eharissimo,
2805 3639 3029 3711 Tagasta
3069 3644 3297 3713 migrare
3333 3646 3708 3717 Carthaginem

2110 3721 2291 3777 dolore
2316 3725 2647 3793 opprimente
2664 3730 2978 3798 compulsus
2999 3742 3101 3786 est.
3142 3732 3210 3788 In
3236 3736 3361 3802 illis,
3390 3736 3579 3807 inquit,
3604 3755 3703 3791 an-

2111 3813 2209 3878 nis,
2235 3830 2331 3883 quo
2355 3816 2572 3884 primum
2594 3825 2814 3888 tempore
2845 3821 2897 3873 iu
2922 3822 3193 3892 municipio
3242 3841 3340 3894 quo
3380 3837 3531 3880 natus
3570 3844 3704 3892 sum,

2111 3903 2287 3957 docere
2326 3921 2595 3974 creperum,
2636 3923 3044 3983 coiitparaveram
3064 3914 3303 3981 amicum,
3332 3917 3568 3970 societate
3602 3927 3710 3971 stu-

2110 3996 2312 4050 diorum
2338 3999 2489 4054 nimis
2511 4000 2740 4067 charum,
2759 4018 2979 4057 meum
2997 4006 3123 4059 mihi
3141 4018 3189 4059 et
3204 4009 3561 4078 conﬂorentem
3580 4012 3710 4079 ﬂore

2110 4088 2478 4144 adolescentiae.
2522 4090 2722 4145 Mecum
2741 4110 2876 4163 puer
2901 4107 3142 4164 creuerat,
3171 4108 3217 4151 et
3245 4102 3433 4168 pariter
3468 4101 3522 4153 in
3560 4102 3708 4154 scho-

2111 4178 2214 4232 lam
2239 4178 2479 4247 ieramus,
2512 4182 2795 4252 pariterque
2836 4184 3134 4241 luseramus.
3189 4190 3293 4242 Sed
3334 4172 3557 4245 nondum
3598 4202 3709 4246 erat

427 4246 610 4321 scrib"
629 4245 728 4301 hoc
748 4248 861 4300 "150
887 4246 1020 4300 adeo
1062 4246 1226 4302 Ῑυίδδθ
1269 4260 1580 4318 recreatam.
1628 4263 1682 4307 υῑ
1708 4255 1877 4323 ipsum
1906 4258 2005 4311 θυι)
2109 4270 2181 4322 sic
2227 4271 2439 4337 amicus,
2462 4288 2749 4342 quanquam
2788 4291 2850 4327 ne
2890 4285 3006 4329 tunc
3049 4278 3270 4348 quidem,
3311 4281 3461 4335 sicuti
3486 4292 3556 4336 est
3590 4299 3707 4338 vera

425 4337 612 4393 θοάεηὶ
645 4347 782 4394 ῑεειο
807 4338 1018 4408 degere.
1039 4347 1091 4392 οι
1114 4339 1283 4394 cidem
1302 4356 1499 4397 melisa!
1525 4346 1838 4402 accumbere
1867 4348 2005 4402 δῖνα·
2110 4359 2367 4424 amicitia;
2395 4362 2513 4429 quia
2540 4380 2640 4416 non
2661 4373 2733 4417 est
2759 4380 2893 4433 uera,
2917 4368 3015 4422 nisi
3030 4385 3149 4423 cum
3178 4388 3288 4424 eam
3322 4383 3375 4425 tu
3419 4374 3708 4445 agglutinas

425 4433 525 4519 rit;
558 4432 697 4501 quod
718 4431 928 4502 quidem
957 4432 1197 4487 Monnica
1216 4434 1357 4489 nolle
1379 4435 1646 4507 aliquanto
1670 4449 1793 4495 ante
1822 4455 2003 4511 caepc-
2109 4448 2241 4501 inter
2264 4451 2560 4505 inhaerentes
2586 4453 2672 4506 tibi
2701 4431 2944 4509 charitate
2980 4457 3167 4525 diffusa
3191 4460 3242 4513 in
3269 4431 3508 4517 cordibus“
3522 4467 3709 4519 nostris

422 4516 525 4590 rat,
543 4531 742 4576 tantum
758 4522 1159 4577 illamhznresim
1177 4525 1582 4583 exhorrescebat
1604 4529 1998 4603 (Confes.lib.5,
2111 4557 2201 4609 per
2232 4539 2485 4611 Spiritum
2528 4554 2777 4611 sanctum,
2822 4548 2912 4617 qui
2944 4516 3094 4603 datus
3119 4561 3193 4605 est
3219 4553 3378 4606 nobis.
3410 4553 3515 4609 Sed
3539 4565 3708 4610 tamen

422 4632 538 4715 l‘f'P-
564 4615 651 4682 Η.
681 4632 734 4668 ην
759 4613 951 4715 εξ)·.Αά
978 4614 1265 4715 miniique
1294 4624 1528 4715 ιξξίηροηξ
1551 4624 1904 4706 revocanda!“
1928 4626 2006 4691 Vir
2111 4637 2278 4692 dulcis
2320 4648 2428 4692 erat
2473 4640 2642 4706 nimis,
2691 4613 2866 4696 coacta
2898 4649 3091 4715 fervore
3129 4649 3365 4715 pariltum
3402 4651 3729 4713 studiorum-

425 4707 603 4772 detur,
652 4703 793 4775 quod
838 4705 951 4775 ipse
993 4703 1175 4807 refert,
1192 4720 1272 4807 .58
1307 4707 1359 4807 ίξι
1389 4711 1609 4807 Palmm
1659 4703 1951 4782 reversum,
1975 4717 2005 4771 5|
2113 4724 2253 4781 Nam
2269 4738 2364 4781 eta
2382 4728 2483 4792 ﬁde
2508 4746 2645 4795 uera,
2670 4748 2824 4802 quam
2848 4703 2947 4788 non
2972 4738 3279 4805 germanitas
3296 4750 3340 4792 et
3362 4740 3556 4807 penitus
3579 4742 3702 4794 ado-

427 4796 758 4851 liomaniano
804 4804 1107 4865 susceptum
1132 4796 1295 4853 fuisse
1320 4798 1565 4869 ιιοεμίιίο,
1598 4812 1653 4858 et
1684 4820 1849 4874 usque
1872 4807 2003 4863 adeo

2112 4819 2299 4873 lescens
2327 4822 2545 4889 tenebat,
2574 4823 2877 4893 deflexerat):
2902 4842 2993 4896 ego
3018 4844 3128 4881 eum
3148 4828 3201 4881 in
3226 4832 3596 4900 superstitiosus
3625 4834 3696 4901 fa-

425 4889 541 4957 ejus
584 4886 815 4942 amicitia
848 4894 903 4941 et
932 4886 1173 4942 familiari
1219 4892 1601 4949 consuetudine
1646 4895 2003 4965 honestatum,
2113 4909 2270 4963 bellas
2292 4920 2340 4965 et
2366 4886 2691 4981 perniciosas,
2721 4886 3090 4984 proplcr’qttas
3114 4886 3380 4990 plangebat
3418 4938 3497 4976 me
3520 4886 3704 4977 mater.

426 4990 483 5033 ut
507 4979 650 5035 illius
700 4979 917 5033 honoris
960 4988 1015 5081 et
1057 4979 1325 5051 dignitatis
1368 4984 1554 5040 eadem
1590 4986 1642 5041 in
1682 4990 1812 5044 urbe
1840 4991 2008 5061 Taga-
2116 4999 2315 5055 Mecum
2348 4979 2460 5073 iam
2486 5003 2682 5057 errabat
2704 4979 2757 5057 in
2780 4979 2950 5060 animo
2976 4979 3143 5063 vltomo
3181 4979 3286 5075 ille,
3311 5021 3357 5065 et
3382 5028 3484 5066 non
3510 5023 3705 5082 poterat

429 5071 593 5125 stensi
610 5071 787 5126 socius
804 5086 866 5125 ac
884 5071 1146 5141 particeps
1162 5088 1281 5128 esse
1307 5074 1798 5148 videretur(Contra
1813 5081 2007 5137 Acade-
2113 5093 2284 5145 anima
2306 5071 2416 5147 mea
2441 5094 2547 5147 sine
2563 5094 2671 5147 illo.
2706 5093 2775 5147 Et
2799 5112 2911 5150 ecce
2937 5107 2991 5152 tu
3018 5099 3285 5156 imminens
3308 5103 3459 5157 dorso
3478 5071 3702 5175 fugitivo-

430 5162 603 5227 Μίδαι»
650 5161 736 5215 “b-
771 5161 823 5226 2,
857 5178 908 5214 ην
942 5162 1020 5232 5)·
1073 5162 1301 5220 suorum
1332 5165 1474 5220 haud
1518 5167 1675 5224 dubie
1711 5172 2005 5231 studiorum
2113 5198 2228 5236 rum
2242 5191 2467 5250 tuorum,
2497 5183 2633 5237 Deus
2655 5185 2901 5240 ultionum
2927 5197 2972 5242 et
2999 5190 3114 5258 fons
3139 5161 3613 5260 ntisericordiaruin,
3635 5198 3704 5251 si-

430 5264 628 5309 metam
652 5254 914 5323 attigerat,
938 5254 1062 5309 dum
1079 5254 1395 5327 Carthagine
1408 5257 1665 5327 discessit,
1682 5265 2009 5333 spectabant—
2114 5273 2241 5339 mut,
2269 5274 2354 5345 qui
2378 5275 2625 5328 convertis
2652 5292 2743 5330 nos
2772 5279 2841 5331 ad
2864 5288 2910 5331 te
2932 5254 3071 5334 miris
3099 5283 3297 5348 modis;
3321 5300 3435 5338 ecce
3458 5254 3709 5341 abstulisti

430 5364 532 5419 que
561 5347 735 5404 studia
764 5347 850 5402 illa
881 5348 1052 5403 forum
1082 5348 1384 5419 litigiosum.
1413 5351 1546 5406 Eum
1568 5361 1744 5410 tamen
1771 5366 1861 5411 aut
1879 5372 2006 5413 cau-
2116 5364 2367 5419 hominem
2385 5366 2448 5421 de
2472 5367 2567 5421 hac
2587 5369 2709 5435 vita,
2730 5386 2845 5423 cum
2870 5371 2954 5425 vix
2974 5347 3473 5441 explevissctannum
3496 5380 3550 5432 in
3570 5382 3704 5435 ami-

429 5454 516 5492 sas
537 5438 730 5508 egisse,
756 5450 846 5493 aut
873 5448 1039 5494 artem
1061 5454 1210 5494 suam
1252 5440 1305 5495 in
1348 5441 1449 5496 alia
1477 5458 1555 5509 re,
1585 5459 1744 5515 quam
1769 5448 1823 5503 in
1846 5448 2007 5506 disci-
2115 5454 2232 5508 cilia
2257 5471 2388 5520 mea,
2418 5458 2562 5511 suavi
2584 5458 2708 5512 mihi
2724 5477 2876 5529 super
2911 5438 3084 5516 omnes
3110 5466 3377 5521 suavitates
3411 5466 3551 5521 illius
3591 5469 3711 5524 uite

433 5528 567 5597 palis
621 5529 956 5595 erudiendis,
1016 5531 1307 5626 collocasse
1365 5548 1470 5587 non
1531 5535 1774 5606 legimus.
1836 5540 2011 5612 Cmpit
2116 5559 2255 5600 mese.
2287 5544 2413 5611 Quis
2434 5548 2609 5604 laudes
2637 5559 2749 5605 tuas
2774 5528 3030 5608 enumerat
3057 5572 3189 5611 unus
3213 5558 3264 5610 in
3280 5575 3335 5613 se
3362 5575 3710 5626 unoquasex-

436 5620 609 5718 itaque
630 5618 889 5718 docere-in
919 5620 1108 5718 patria“
1128 5618 1353 5718 lC-onIes.
1390 5624 1476 5678 lib.
1506 5626 1558 5693 4,
1591 5644 1704 5699 cap.
1739 5630 1793 5699 4,
1829 5648 1882 5687 n.
1914 5633 1966 5706 7)
1992 5654 2007 5691 :
2117 5638 2414 5708 pertusest?
2445 5640 2580 5707 Quid
2605 5650 2724 5696 tunc
2751 5642 2932 5713 fecisti,
2962 5642 3103 5699 Deus
3132 5663 3290 5716 meus,
3317 5657 3364 5702 et
3390 5618 3541 5718 quain
3564 5650 3706 5707 inue-

434 5707 617 5765 SC'W"
638 5708 907 5765 Ροεδίάίυε
926 5725 1046 5765 eum
1075 5710 1145 5765 ibi
1165 5710 1410 5770 docuisse
1435 5732 1827 5793 grammaticam
1849 5733 2005 5804 (Pos-
2125 5733 2370 5805 stigabilis
2395 5738 2601 5808 abyssus
2623 5707 2936 5808 judiciorum
2954 5742 3194 5793 tuorum?
3214 5707 3337 5801 Cum
3363 5707 3493 5795 enim
3522 5742 3705 5801 labora

422 3684 449 3737 1
486 3678 720 3752 Tagasta:
742 3681 1121 3751 grammaticam
1136 3681 1296 3746 docet,
1317 3682 1401 3734 ubi
1425 3681 1700 3735 auditorem
1718 3681 1861 3735 habet
1881 3683 2005 3753 Aly-

495 3772 654 3842 pium.
680 3773 717 3826 2
738 3772 898 3825 Amici
928 3782 1086 3825 morte
1108 3772 1279 3826 incidit
1321 3773 1375 3826 in
1413 3774 1686 3827 maximum
1720 3775 1926 3835 luctum,
1959 3786 2005 3829 et

492 3860 715 3932 Tagasta
740 3862 915 3915 dolore
944 3870 1195 3931 premente
1216 3861 1427 3915 excedit.
1451 3862 1484 3916 5
1501 3862 1772 3934 Regressus
1788 3862 2001 3919 Cartha-

494 3953 679 4022 ginem,
708 3952 777 4006 ibi
798 3952 1095 4006 rhetoricam
1122 3954 1400 4023 proﬁtetur.

495 4066 548 4119 1.
568 4064 701 4118 Tum
728 4064 1054 4134 Augustinus
1088 4063 1367 4135 Tagastam
1411 4065 1545 4124 forte
1568 4068 1836 4136 redierat,
1882 4086 2003 4125 cum

424 4155 690 4210 somnium
743 4171 901 4224 supra
941 4165 1286 4210 memoratum
1344 4139 1516 4213 mater
1571 4160 1751 4216 habuit
1791 4182 1803 4216 :
1844 4179 2003 4234 quam
